  <div class='ocr_page' id='page_1' title='image "/cluster/home/n/w/nwhite01/storage/ocr_20150623/24/hvd.32044073501801/026.png"; bbox 0 0 4036 6214; ppageno 0'>
   <div class='ocr_carea' id='block_1_1' title="bbox 356 283 3599 387">
    <p class='ocr_par' dir='ltr' id='par_1_1' title="bbox 356 283 3599 387">
     <span class='ocr_line' id='line_1_1' title="bbox 356 283 3599 387; baseline 0.014 -45"><span class='ocrx_word' id='word_1_1' title='bbox 356 283 425 342; x_wconf 75' lang='grc' dir='ltr'><strong>ἵἹ</strong></span> <span class='ocrx_word' id='word_1_2' title='bbox 1475 304 1977 363; x_wconf 75' lang='lat' dir='ltr'><strong>COMMENTABIA</strong></span> <span class='ocrx_word' id='word_1_3' title='bbox 2013 308 2082 364; x_wconf 87' lang='lat' dir='ltr'><strong>IN</strong></span> <span class='ocrx_word' id='word_1_4' title='bbox 2120 310 2458 373; x_wconf 74' lang='lat' dir='ltr'><strong>PSALMOS.</strong></span> <span class='ocrx_word' id='word_1_5' title='bbox 3529 331 3599 387; x_wconf 75' lang='lat'><strong>38</strong></span> 
     </span>
    </p>
   </div>
   <div class='ocr_carea' id='block_1_2' title="bbox 364 403 1898 517">
    <p class='ocr_par' dir='ltr' id='par_1_2' title="bbox 364 403 1898 497">
     <span class='ocr_line' id='line_1_2' title="bbox 364 403 1898 497; baseline 0.018 -42"><span class='ocrx_word' id='word_1_6' title='bbox 364 403 655 477; x_wconf 66' lang='grc' dir='ltr'>Ἑϐραίοις,</span> <span class='ocrx_word' id='word_1_7' title='bbox 703 410 796 463; x_wconf 68' lang='grc' dir='ltr'><strong>καὶ</strong></span> <span class='ocrx_word' id='word_1_8' title='bbox 839 411 959 466; x_wconf 71' lang='grc' dir='ltr'>οὔτε</span> <span class='ocrx_word' id='word_1_9' title='bbox 997 413 1138 481; x_wconf 86' lang='grc' dir='ltr'>τίνος</span> <span class='ocrx_word' id='word_1_10' title='bbox 1179 417 1295 473; x_wconf 79' lang='grc' dir='ltr'>ἐστῖ</span> <span class='ocrx_word' id='word_1_11' title='bbox 1324 424 1759 497; x_wconf 77' lang='grc' dir='ltr'>προγέγραπται,</span> <span class='ocrx_word' id='word_1_12' title='bbox 1808 427 1898 482; x_wconf 72' lang='grc' dir='ltr'><strong>οὔτ</strong></span> 
     </span>
    </p>
   </div>
   <div class='ocr_carea' id='block_1_3' title="bbox 1999 403 3595 517">
    <p class='ocr_par' dir='ltr' id='par_1_3' title="bbox 1999 432 3595 517">
     <span class='ocr_line' id='line_1_3' title="bbox 1999 432 3595 517; baseline 0.016 -37"><span class='ocrx_word' id='word_1_13' title='bbox 1999 472 2007 489; x_wconf 68' lang='grc'><strong>,</strong></span> <span class='ocrx_word' id='word_1_14' title='bbox 2039 444 2213 498; x_wconf 88' lang='lat' dir='ltr'><strong>neque</strong></span> <span class='ocrx_word' id='word_1_15' title='bbox 2242 432 2358 502; x_wconf 89' lang='lat' dir='ltr'><strong>cjus</strong></span> <span class='ocrx_word' id='word_1_16' title='bbox 2385 448 2575 491; x_wconf 87' lang='lat' dir='ltr'><strong>auctor</strong></span> <span class='ocrx_word' id='word_1_17' title='bbox 2619 439 2949 506; x_wconf 85' lang='lat' dir='ltr'><strong>inscribitur,</strong></span> <span class='ocrx_word' id='word_1_18' title='bbox 2991 458 3164 513; x_wconf 89' lang='lat' dir='ltr'><strong>neque</strong></span> <span class='ocrx_word' id='word_1_19' title='bbox 3192 446 3343 512; x_wconf 80' lang='lat' dir='ltr'><strong>cuius</strong></span> <span class='ocrx_word' id='word_1_20' title='bbox 3378 453 3595 517; x_wconf 80' lang='lat' dir='ltr'><strong>generis</strong></span> 
     </span>
    </p>
   </div>
   <div class='ocr_carea' id='block_1_4' title="bbox 355 496 1924 589">
    <p class='ocr_par' dir='ltr' id='par_1_4' title="bbox 355 496 1924 589">
     <span class='ocr_line' id='line_1_4' title="bbox 355 496 1924 589; baseline 0.019 -43"><span class='ocrx_word' id='word_1_21' title='bbox 355 496 511 549; x_wconf 84' lang='grc' dir='ltr'>ποίου</span> <span class='ocrx_word' id='word_1_22' title='bbox 540 500 789 569; x_wconf 85' lang='grc' dir='ltr'>τυγχάνει</span> <span class='ocrx_word' id='word_1_23' title='bbox 815 502 1019 567; x_wconf 79' lang='grc' dir='ltr'>εἴδους·</span> <span class='ocrx_word' id='word_1_24' title='bbox 1058 508 1173 561; x_wconf 83' lang='grc' dir='ltr'>ἀλλ’</span> <span class='ocrx_word' id='word_1_25' title='bbox 1203 510 1319 565; x_wconf 80' lang='grc' dir='ltr'>ἐστι</span> <span class='ocrx_word' id='word_1_26' title='bbox 1357 513 1485 586; x_wconf 76' lang='grc' dir='ltr'>ψιλὴ</span> <span class='ocrx_word' id='word_1_27' title='bbox 1519 496 1820 589; x_wconf 75' lang='grc' dir='ltr'>προφητεία</span> <span class='ocrx_word' id='word_1_28' title='bbox 1860 525 1924 576; x_wconf 83' lang='grc' dir='ltr'><strong>ἐκ</strong></span> 
     </span>
    </p>
   </div>
   <div class='ocr_carea' id='block_1_5' title="bbox 354 589 1918 686">
    <p class='ocr_par' dir='ltr' id='par_1_5' title="bbox 354 589 1918 686">
     <span class='ocr_line' id='line_1_5' title="bbox 354 589 1918 686; baseline 0.019 -47"><span class='ocrx_word' id='word_1_29' title='bbox 354 589 644 659; x_wconf 80' lang='grc' dir='ltr'><strong>προσώπου</strong></span> <span class='ocrx_word' id='word_1_30' title='bbox 688 593 795 648; x_wconf 86' lang='grc' dir='ltr'><strong>τῶν</strong></span> <span class='ocrx_word' id='word_1_31' title='bbox 841 597 897 649; x_wconf 88' lang='grc' dir='ltr'><strong>ἐν</strong></span> <span class='ocrx_word' id='word_1_32' title='bbox 942 598 1218 657; x_wconf 88' lang='grc' dir='ltr'>Βαϐυλῶνι</span> <span class='ocrx_word' id='word_1_33' title='bbox 1267 607 1573 678; x_wconf 80' lang='grc' dir='ltr'><strong>γενομένων</strong></span> <span class='ocrx_word' id='word_1_34' title='bbox 1620 610 1882 686; x_wconf 83' lang='grc' dir='ltr'><strong>λεγομένη</strong></span> <span class='ocrx_word' id='word_1_35' title='bbox 1906 633 1918 645; x_wconf 91' lang='grc'><strong>·</strong></span> 
     </span>
    </p>
   </div>
   <div class='ocr_carea' id='block_1_6' title="bbox 354 680 1919 776">
    <p class='ocr_par' dir='ltr' id='par_1_6' title="bbox 354 680 1919 776">
     <span class='ocr_line' id='line_1_6' title="bbox 354 680 1919 776; baseline 0.019 -46"><span class='ocrx_word' id='word_1_36' title='bbox 354 680 448 732; x_wconf 78' lang='grc' dir='ltr'><strong>καὶ</strong></span> <span class='ocrx_word' id='word_1_37' title='bbox 476 681 629 735; x_wconf 88' lang='grc' dir='ltr'>τοῦτο</span> <span class='ocrx_word' id='word_1_38' title='bbox 653 683 707 735; x_wconf 85' lang='grc' dir='ltr'><strong>δὲ</strong></span> <span class='ocrx_word' id='word_1_39' title='bbox 736 688 1031 757; x_wconf 75' lang='grc' dir='ltr'><strong>σημειώσει</strong></span> <span class='ocrx_word' id='word_1_40' title='bbox 1059 692 1135 758; x_wconf 81' lang='grc' dir='ltr'>ὡς</span> <span class='ocrx_word' id='word_1_41' title='bbox 1164 694 1219 748; x_wconf 74' lang='grc' dir='ltr'><strong>ἐν</strong></span> <span class='ocrx_word' id='word_1_42' title='bbox 1247 714 1385 750; x_wconf 85' lang='grc' dir='ltr'>τισιν</span> <span class='ocrx_word' id='word_1_43' title='bbox 1412 700 1519 753; x_wconf 91' lang='grc' dir='ltr'><strong>τῶν</strong></span> <span class='ocrx_word' id='word_1_44' title='bbox 1548 702 1919 776; x_wconf 78' lang='grc' dir='ltr'><strong>ἀντιγράφων,</strong></span> 
     </span>
    </p>
   </div>
   <div class='ocr_carea' id='block_1_7' title="bbox 309 771 1921 865">
    <p class='ocr_par' dir='ltr' id='par_1_7' title="bbox 309 771 1921 865">
     <span class='ocr_line' id='line_1_7' title="bbox 309 771 1921 865; baseline 0.02 -44"><span class='ocrx_word' id='word_1_45' title='bbox 309 810 314 814; x_wconf 91' lang='grc'><strong>.</strong></span> <span class='ocrx_word' id='word_1_46' title='bbox 355 771 495 865; x_wconf 51' lang='grc' dir='ltr'><strong>κατά</strong></span> <span class='ocrx_word' id='word_1_47' title='bbox 524 775 1076 853; x_wconf 81' lang='grc' dir='ltr'>τοὺςΈϐδομήκοντα,</span> <span class='ocrx_word' id='word_1_48' title='bbox 1108 789 1505 862; x_wconf 80' lang='grc' dir='ltr'>ἐπιγέγραπται</span> <span class='ocrx_word' id='word_1_49' title='bbox 1544 771 1805 865; x_wconf 35' lang='grc' dir='ltr'>Ἀγγαίου.</span> <span class='ocrx_word' id='word_1_50' title='bbox 1828 801 1921 855; x_wconf 77' lang='grc' dir='ltr'><strong>καὶ</strong></span> 
     </span>
    </p>
   </div>
   <div class='ocr_carea' id='block_1_8' title="bbox 354 862 831 935">
    <p class='ocr_par' dir='ltr' id='par_1_8' title="bbox 354 862 831 935">
     <span class='ocr_line' id='line_1_8' title="bbox 354 862 831 935; baseline 0.021 -21"><span class='ocrx_word' id='word_1_51' title='bbox 354 862 641 935; x_wconf 79' lang='grc' dir='ltr'>Ζαχαρίου.</span> <span class='ocrx_word' id='word_1_52' title='bbox 826 882 831 886; x_wconf 87' lang='grc'><em>’</em></span> 
     </span>
    </p>
   </div>
   <div class='ocr_carea' id='block_1_9' title="bbox 349 954 1918 1092">
    <p class='ocr_par' dir='ltr' id='par_1_9' title="bbox 349 954 1918 1092">
     <span class='ocr_line' id='line_1_9' title="bbox 349 954 1918 1091; baseline 0.021 -87"><span class='ocrx_word' id='word_1_53' title='bbox 349 954 653 1024; x_wconf 76' lang='grc' dir='ltr'>Μακάριος</span> <span class='ocrx_word' id='word_1_54' title='bbox 697 960 765 1028; x_wconf 85' lang='grc' dir='ltr'>ὃς</span> <span class='ocrx_word' id='word_1_55' title='bbox 814 963 1223 1091; x_wconf 52' lang='grc' dir='ltr'>ἀνταποδὲὸσεξ</span> <span class='ocrx_word' id='word_1_56' title='bbox 1269 988 1366 1025; x_wconf 78' lang='grc' dir='ltr'><strong>σοι</strong></span> <span class='ocrx_word' id='word_1_57' title='bbox 1423 973 1489 1028; x_wconf 80' lang='grc' dir='ltr'>τὸ</span> <span class='ocrx_word' id='word_1_58' title='bbox 1535 977 1918 1052; x_wconf 79' lang='grc' dir='ltr'>ἀνταπόδομά</span> 
     </span>
     <span class='ocr_line' id='line_1_10' title="bbox 1113 1057 1209 1092; baseline 0.01 -1"><span class='ocrx_word' id='word_1_59' title='bbox 1113 1057 1209 1092; x_wconf 83' lang='grc' dir='ltr'><strong>ου.</strong></span> 
     </span>
    </p>
   </div>
   <div class='ocr_carea' id='block_1_10' title="bbox 426 1114 1916 1209">
    <p class='ocr_par' dir='ltr' id='par_1_10' title="bbox 426 1114 1916 1209">
     <span class='ocr_line' id='line_1_11' title="bbox 426 1114 1916 1209; baseline 0.02 -42"><span class='ocrx_word' id='word_1_60' title='bbox 426 1114 484 1167; x_wconf 86' lang='lat'><strong>&#39;0</strong></span> <span class='ocrx_word' id='word_1_61' title='bbox 534 1124 879 1194; x_wconf 84' lang='grc' dir='ltr'>μακαρισμὸς</span> <span class='ocrx_word' id='word_1_62' title='bbox 925 1128 1004 1190; x_wconf 82' lang='grc' dir='ltr'>εἰς</span> <span class='ocrx_word' id='word_1_63' title='bbox 1061 1130 1299 1196; x_wconf 79' lang='grc' dir='ltr'><strong>ἐκείνους</strong></span> <span class='ocrx_word' id='word_1_64' title='bbox 1352 1139 1738 1209; x_wconf 82' lang='grc' dir='ltr'>περιστήσεται</span> <span class='ocrx_word' id='word_1_65' title='bbox 1790 1143 1916 1207; x_wconf 80' lang='grc' dir='ltr'>τοὺς</span> 
     </span>
    </p>
   </div>
   <div class='ocr_carea' id='block_1_11' title="bbox 342 1205 1914 1311">
    <p class='ocr_par' dir='ltr' id='par_1_11' title="bbox 342 1205 1914 1311">
     <span class='ocr_line' id='line_1_12' title="bbox 342 1205 1914 1311; baseline 0.022 -55"><span class='ocrx_word' id='word_1_66' title='bbox 342 1205 693 1276; x_wconf 71' lang='grc' dir='ltr'><strong>ἀποδιδόντας</strong></span> <span class='ocrx_word' id='word_1_67' title='bbox 738 1215 806 1268; x_wconf 82' lang='grc' dir='ltr'><strong>τά</strong></span> <span class='ocrx_word' id='word_1_68' title='bbox 838 1218 1097 1288; x_wconf 87' lang='grc' dir='ltr'>ἀμοιϐαῖα</span> <span class='ocrx_word' id='word_1_69' title='bbox 1140 1227 1204 1295; x_wconf 79' lang='grc' dir='ltr'><strong>τῇ</strong></span> <span class='ocrx_word' id='word_1_70' title='bbox 1250 1205 1548 1293; x_wconf 86' lang='grc' dir='ltr'>Βαϐυλῶνι,</span> <span class='ocrx_word' id='word_1_71' title='bbox 1570 1205 1673 1285; x_wconf 68' lang='grc' dir='ltr'><strong>⁷καὶ</strong></span> <span class='ocrx_word' id='word_1_72' title='bbox 1713 1233 1804 1311; x_wconf 84' lang='grc' dir='ltr'><strong>τὸν</strong></span> <span class='ocrx_word' id='word_1_73' title='bbox 1846 1205 1914 1291; x_wconf 79' lang='grc' dir='ltr'><strong>τά</strong></span> 
     </span>
    </p>
   </div>
   <div class='ocr_carea' id='block_1_12' title="bbox 2025 526 3597 610">
    <p class='ocr_par' dir='ltr' id='par_1_12' title="bbox 2025 526 3597 610">
     <span class='ocr_line' id='line_1_13' title="bbox 2025 526 3597 610; baseline 0.015 -38"><span class='ocrx_word' id='word_1_74' title='bbox 2025 536 2243 577; x_wconf 85' lang='lat' dir='ltr'><strong>carmen</strong></span> <span class='ocrx_word' id='word_1_75' title='bbox 2278 526 2387 593; x_wconf 91' lang='lat' dir='ltr'><strong>sit,</strong></span> <span class='ocrx_word' id='word_1_76' title='bbox 2419 528 2639 589; x_wconf 85' lang='lat' dir='ltr'><strong>dicitur.</strong></span> <span class='ocrx_word' id='word_1_77' title='bbox 2693 533 2867 590; x_wconf 85' lang='lat' dir='ltr'><strong>Porro</strong></span> <span class='ocrx_word' id='word_1_78' title='bbox 2893 546 2977 589; x_wconf 84' lang='lat' dir='ltr'><strong>est</strong></span> <span class='ocrx_word' id='word_1_79' title='bbox 3011 537 3237 604; x_wconf 82' lang='lat' dir='ltr'><strong>simplex</strong></span> <span class='ocrx_word' id='word_1_80' title='bbox 3271 542 3550 609; x_wconf 80' lang='lat' dir='ltr'><strong>prophetia</strong></span> <span class='ocrx_word' id='word_1_81' title='bbox 3578 582 3597 610; x_wconf 95' lang='lat'><strong>,</strong></span> 
     </span>
    </p>
   </div>
   <div class='ocr_carea' id='block_1_13' title="bbox 2023 619 3598 699">
    <p class='ocr_par' dir='ltr' id='par_1_13' title="bbox 2023 619 3598 699">
     <span class='ocr_line' id='line_1_14' title="bbox 2023 619 3598 699; baseline 0.013 -34"><span class='ocrx_word' id='word_1_82' title='bbox 2023 628 2143 675; x_wconf 80' lang='lat' dir='ltr'><strong>quae</strong></span> <span class='ocrx_word' id='word_1_83' title='bbox 2216 619 2474 674; x_wconf 84' lang='lat' dir='ltr'><strong>recitatur</strong></span> <span class='ocrx_word' id='word_1_84' title='bbox 2510 637 2574 676; x_wconf 84' lang='lat' dir='ltr'><strong>ex</strong></span> <span class='ocrx_word' id='word_1_85' title='bbox 2639 628 2973 694; x_wconf 87' lang='lat' dir='ltr'><strong>captivorum</strong></span> <span class='ocrx_word' id='word_1_86' title='bbox 3026 627 3297 699; x_wconf 74' lang='lat' dir='ltr'><strong>Babylone</strong></span> <span class='ocrx_word' id='word_1_87' title='bbox 3346 647 3598 698; x_wconf 83' lang='lat' dir='ltr'><strong>persona.</strong></span> 
     </span>
    </p>
   </div>
   <div class='ocr_carea' id='block_1_14' title="bbox 2025 706 3595 789">
    <p class='ocr_par' dir='ltr' id='par_1_14' title="bbox 2025 706 3595 789">
     <span class='ocr_line' id='line_1_15' title="bbox 2025 706 3595 789; baseline 0.011 -31"><span class='ocrx_word' id='word_1_88' title='bbox 2025 706 2154 772; x_wconf 76' lang='lat' dir='ltr'><strong>Ejus</strong></span> <span class='ocrx_word' id='word_1_89' title='bbox 2194 709 2272 760; x_wconf 88' lang='lat' dir='ltr'><strong>rei</strong></span> <span class='ocrx_word' id='word_1_90' title='bbox 2318 711 2574 765; x_wconf 80' lang='lat' dir='ltr'><strong>iudiciqu</strong></span> <span class='ocrx_word' id='word_1_91' title='bbox 2600 724 2701 778; x_wconf 77' lang='lat' dir='ltr'><strong>est,</strong></span> <span class='ocrx_word' id='word_1_92' title='bbox 2731 716 2875 785; x_wconf 91' lang='lat' dir='ltr'><strong>quod</strong></span> <span class='ocrx_word' id='word_1_93' title='bbox 2914 718 2966 769; x_wconf 93' lang='lat' dir='ltr'><strong>iu</strong></span> <span class='ocrx_word' id='word_1_94' title='bbox 3003 716 3209 786; x_wconf 82' lang='lat' dir='ltr'><strong>aliquot</strong></span> <span class='ocrx_word' id='word_1_95' title='bbox 3248 718 3595 789; x_wconf 78' lang='lat' dir='ltr'><strong>Septuaginta</strong></span> 
     </span>
    </p>
   </div>
   <div class='ocr_carea' id='block_1_15' title="bbox 2022 796 3596 882">
    <p class='ocr_par' dir='ltr' id='par_1_15' title="bbox 2022 796 3596 882">
     <span class='ocr_line' id='line_1_16' title="bbox 2022 796 3596 882; baseline 0.011 -33"><span class='ocrx_word' id='word_1_96' title='bbox 2022 796 2381 869; x_wconf 89' lang='lat' dir='ltr'><strong>interpretum</strong></span> <span class='ocrx_word' id='word_1_97' title='bbox 2444 807 2846 876; x_wconf 77' lang='lat' dir='ltr'><strong>exemplaribus</strong></span> <span class='ocrx_word' id='word_1_98' title='bbox 2901 808 3219 865; x_wconf 82' lang='lat' dir='ltr'><strong>inscribitur</strong></span> <span class='ocrx_word' id='word_1_99' title='bbox 3286 813 3487 882; x_wconf 75' lang='lat' dir='ltr'><strong>Agga-o</strong></span> <span class='ocrx_word' id='word_1_100' title='bbox 3540 824 3596 868; x_wconf 88' lang='lat' dir='ltr'><strong>et</strong></span> 
     </span>
    </p>
   </div>
   <div class='ocr_carea' id='block_1_16' title="bbox 2022 887 2317 945">
    <p class='ocr_par' dir='ltr' id='par_1_16' title="bbox 2022 887 2317 945">
     <span class='ocr_line' id='line_1_17' title="bbox 2022 887 2317 945; baseline 0.014 -4"><span class='ocrx_word' id='word_1_101' title='bbox 2022 887 2317 945; x_wconf 69' lang='lat' dir='ltr'><strong>Zacharim.</strong></span> 
     </span>
    </p>
   </div>
   <div class='ocr_carea' id='block_1_17' title="bbox 2054 982 3556 1099">
    <p class='ocr_par' dir='ltr' id='par_1_17' title="bbox 2054 982 3556 1099">
     <span class='ocr_line' id='line_1_18' title="bbox 2054 982 3556 1099; baseline 0.011 -63"><span class='ocrx_word' id='word_1_102' title='bbox 2054 982 2220 1039; x_wconf 71' lang='lat' dir='ltr'><strong>Vnus.</strong></span> <span class='ocrx_word' id='word_1_103' title='bbox 2257 985 2310 1041; x_wconf 89' lang='lat'><strong>8.</strong></span> <span class='ocrx_word' id='word_1_104' title='bbox 2360 984 2557 1041; x_wconf 74' lang='lat' dir='ltr'><strong>Beatus</strong></span> <span class='ocrx_word' id='word_1_105' title='bbox 2590 992 2680 1059; x_wconf 83' lang='lat' dir='ltr'><strong>qui</strong></span> <span class='ocrx_word' id='word_1_106' title='bbox 2729 992 2981 1099; x_wconf 41' lang='lat' dir='ltr'><strong>retribuet</strong></span> <span class='ocrx_word' id='word_1_107' title='bbox 3026 993 3122 1046; x_wconf 81' lang='lat' dir='ltr'><strong>tibi</strong></span> <span class='ocrx_word' id='word_1_108' title='bbox 3166 995 3556 1052; x_wconf 81' lang='lat' dir='ltr'><strong>retributionem</strong></span> 
     </span>
     <span class='ocr_line' id='line_1_19' title="bbox 2711 1072 2854 1099; baseline 0 0"><span class='ocrx_word' id='word_1_109' title='bbox 2711 1072 2854 1099; x_wconf 70' lang='grc' dir='ltr'>Ιηηηρ</span> 
     </span>
    </p>
   </div>
   <div class='ocr_carea' id='block_1_18' title="bbox 2710 1072 2895 1116">
    <p class='ocr_par' dir='ltr' id='par_1_18' title="bbox 2710 1072 2895 1116">
     <span class='ocr_line' id='line_1_20' title="bbox 2710 1072 2895 1116; baseline 0.022 -4"><span class='ocrx_word' id='word_1_110' title='bbox 2710 1072 2855 1114; x_wconf 86' lang='lat' dir='ltr'><strong>mam</strong></span> <span class='ocrx_word' id='word_1_111' title='bbox 2882 1072 2895 1116; x_wconf 82' lang='lat'><strong>.‘</strong></span> 
     </span>
    </p>
   </div>
   <div class='ocr_carea' id='block_1_19' title="bbox 2086 1144 3585 1231">
    <p class='ocr_par' dir='ltr' id='par_1_19' title="bbox 2086 1144 3585 1231">
     <span class='ocr_line' id='line_1_21' title="bbox 2086 1144 3585 1231; baseline 0.01 -31"><span class='ocrx_word' id='word_1_112' title='bbox 2086 1144 2370 1202; x_wconf 88' lang='lat' dir='ltr'><strong>Beatitudo</strong></span> <span class='ocrx_word' id='word_1_113' title='bbox 2416 1148 2522 1204; x_wconf 85' lang='lat' dir='ltr'><strong>illis</strong></span> <span class='ocrx_word' id='word_1_114' title='bbox 2554 1162 2851 1221; x_wconf 83' lang='lat' dir='ltr'><strong>reputatur,</strong></span> <span class='ocrx_word' id='word_1_115' title='bbox 2900 1155 2989 1225; x_wconf 90' lang='lat' dir='ltr'><strong>qui</strong></span> <span class='ocrx_word' id='word_1_116' title='bbox 3024 1157 3279 1212; x_wconf 89' lang='lat' dir='ltr'><strong>talionem</strong></span> <span class='ocrx_word' id='word_1_117' title='bbox 3331 1158 3585 1231; x_wconf 89' lang='lat' dir='ltr'><strong>Babyloni</strong></span> 
     </span>
    </p>
   </div>
   <div class='ocr_carea' id='block_1_20' title="bbox 2016 1237 3583 1315">
    <p class='ocr_par' dir='ltr' id='par_1_20' title="bbox 2016 1237 3583 1315">
     <span class='ocr_line' id='line_1_22' title="bbox 2016 1237 3583 1315; baseline 0.011 -24"><span class='ocrx_word' id='word_1_118' title='bbox 2016 1237 2259 1302; x_wconf 84' lang='lat' dir='ltr'><strong>reddent,</strong></span> <span class='ocrx_word' id='word_1_119' title='bbox 2286 1248 2337 1293; x_wconf 84' lang='lat' dir='ltr'><strong>et</strong></span> <span class='ocrx_word' id='word_1_120' title='bbox 2367 1242 2455 1309; x_wconf 91' lang='lat' dir='ltr'><strong>qui</strong></span> <span class='ocrx_word' id='word_1_121' title='bbox 2487 1244 2737 1311; x_wconf 90' lang='lat' dir='ltr'><strong>parvulos</strong></span> <span class='ocrx_word' id='word_1_122' title='bbox 2761 1244 2876 1313; x_wconf 83' lang='lat' dir='ltr'><strong>ejus</strong></span> <span class='ocrx_word' id='word_1_123' title='bbox 2906 1258 3068 1315; x_wconf 73' lang='lat' dir='ltr'><strong>petra:</strong></span> <span class='ocrx_word' id='word_1_124' title='bbox 3094 1248 3262 1305; x_wconf 86' lang='lat' dir='ltr'><strong>illisos</strong></span> <span class='ocrx_word' id='word_1_125' title='bbox 3290 1255 3583 1309; x_wconf 87' lang='lat' dir='ltr'><strong>uecabunt.</strong></span> 
     </span>
    </p>
   </div>
   <div class='ocr_carea' id='block_1_21' title="bbox 341 1300 1898 1413">
    <p class='ocr_par' dir='ltr' id='par_1_21' title="bbox 341 1300 1898 1413">
     <span class='ocr_line' id='line_1_23' title="bbox 341 1300 1898 1393; baseline 0.019 -42"><span class='ocrx_word' id='word_1_126' title='bbox 341 1300 510 1371; x_wconf 81' lang='grc' dir='ltr'>νήπια</span> <span class='ocrx_word' id='word_1_127' title='bbox 527 1304 706 1359; x_wconf 79' lang='grc' dir='ltr'>αὐτῶν</span> <span class='ocrx_word' id='word_1_128' title='bbox 722 1313 1173 1381; x_wconf 87' lang='grc' dir='ltr'>προσαράσσοντα</span> <span class='ocrx_word' id='word_1_129' title='bbox 1194 1320 1258 1388; x_wconf 79' lang='grc' dir='ltr'>τῇ</span> <span class='ocrx_word' id='word_1_130' title='bbox 1281 1318 1453 1391; x_wconf 79' lang='grc' dir='ltr'>πέτρᾳ</span> <span class='ocrx_word' id='word_1_131' title='bbox 1477 1323 1572 1375; x_wconf 73' lang='grc' dir='ltr'><strong>καὶ</strong></span> <span class='ocrx_word' id='word_1_132' title='bbox 1588 1324 1898 1393; x_wconf 73' lang='grc' dir='ltr'>ἀναιροῦντα</span> 
     </span>
     <span class='ocr_line' id='line_1_24' title="bbox 346 1390 1418 1413; baseline 0.014 0"><span class='ocrx_word' id='word_1_133' title='bbox 346 1390 480 1413; x_wconf 38' lang='grc' dir='ltr'><strong>..ιον-1.</strong></span> <span class='ocrx_word' id='word_1_134' title='bbox 501 1410 512 1413; x_wconf 73' lang='lat'><em>_</em></span> <span class='ocrx_word' id='word_1_135' title='bbox 554 1411 561 1413; x_wconf 35' lang='grc' dir='ltr'><strong>μ</strong></span> <span class='ocrx_word' id='word_1_136' title='bbox 623 1397 636 1413; x_wconf 69' lang='grc' dir='ltr'>ι</span> <span class='ocrx_word' id='word_1_137' title='bbox 722 1398 732 1413; x_wconf 69' lang='grc' dir='ltr'><strong>ι</strong></span> <span class='ocrx_word' id='word_1_138' title='bbox 851 1400 877 1412; x_wconf 69' lang='grc'><strong>’⁸</strong></span> <span class='ocrx_word' id='word_1_139' title='bbox 922 1402 944 1413; x_wconf 75' lang='grc' dir='ltr'><strong>ιο</strong></span> <span class='ocrx_word' id='word_1_140' title='bbox 1120 1406 1131 1413; x_wconf 87' lang='grc'><strong>·</strong></span> <span class='ocrx_word' id='word_1_141' title='bbox 1217 1408 1227 1413; x_wconf 83' lang='lat'><em>‘</em></span> <span class='ocrx_word' id='word_1_142' title='bbox 1395 1410 1418 1413; x_wconf 68' lang='grc'><strong>’-</strong></span> 
     </span>
    </p>
   </div>
   <div class='ocr_carea' id='block_1_22' title="bbox 1999 1300 3585 1413">
    <p class='ocr_par' dir='ltr' id='par_1_22' title="bbox 2018 1328 3585 1413">
     <span class='ocr_line' id='line_1_25' title="bbox 2018 1328 3585 1413; baseline 0.01 -31"><span class='ocrx_word' id='word_1_143' title='bbox 2018 1328 2224 1383; x_wconf 82' lang='lat' dir='ltr'><strong>Revera</strong></span> <span class='ocrx_word' id='word_1_144' title='bbox 2284 1334 2427 1386; x_wconf 88' lang='lat' dir='ltr'><strong>enim</strong></span> <span class='ocrx_word' id='word_1_145' title='bbox 2481 1334 2532 1386; x_wconf 93' lang='lat' dir='ltr'><strong>in</strong></span> <span class='ocrx_word' id='word_1_146' title='bbox 2570 1335 2757 1403; x_wconf 87' lang='lat' dir='ltr'><strong>primis</strong></span> <span class='ocrx_word' id='word_1_147' title='bbox 2812 1338 3025 1391; x_wconf 89' lang='lat' dir='ltr'><strong>beatum</strong></span> <span class='ocrx_word' id='word_1_148' title='bbox 3074 1339 3261 1395; x_wconf 83' lang='lat' dir='ltr'><strong>fuisset</strong></span> <span class='ocrx_word' id='word_1_149' title='bbox 3314 1359 3585 1413; x_wconf 85' lang='lat' dir='ltr'><strong>nunquam</strong></span> 
     </span>
    </p>
   </div>
   <div class='ocr_carea' id='block_1_23' title="bbox 341 1390 1898 1499">
    <p class='ocr_par' dir='ltr' id='par_1_23' title="bbox 341 1390 1898 1499">
     <span class='ocr_line' id='line_1_26' title="bbox 341 1390 1898 1499; baseline 0.019 -57"><span class='ocrx_word' id='word_1_150' title='bbox 341 1390 514 1499; x_wconf 58' lang='grc' dir='ltr'><strong>ιιιῖτά⁸</strong></span> <span class='ocrx_word' id='word_1_151' title='bbox 550 1397 645 1449; x_wconf 77' lang='grc' dir='ltr'><strong>καὶ</strong></span> <span class='ocrx_word' id='word_1_152' title='bbox 673 1398 781 1471; x_wconf 77' lang='grc' dir='ltr'><strong>γάρ</strong></span> <span class='ocrx_word' id='word_1_153' title='bbox 808 1400 887 1470; x_wconf 82' lang='grc' dir='ltr'><strong>τῷ</strong></span> <span class='ocrx_word' id='word_1_154' title='bbox 919 1402 1061 1469; x_wconf 76' lang='grc' dir='ltr'>ὄντι,</span> <span class='ocrx_word' id='word_1_155' title='bbox 1084 1406 1146 1459; x_wconf 87' lang='grc' dir='ltr'><strong>τὸ</strong></span> <span class='ocrx_word' id='word_1_156' title='bbox 1175 1408 1273 1478; x_wconf 84' lang='grc' dir='ltr'>μὲν</span> <span class='ocrx_word' id='word_1_157' title='bbox 1306 1390 1521 1482; x_wconf 78' lang='grc' dir='ltr'>πρῶτον</span> <span class='ocrx_word' id='word_1_158' title='bbox 1554 1390 1819 1488; x_wconf 86' lang='grc' dir='ltr'>μακάριον</span> <span class='ocrx_word' id='word_1_159' title='bbox 1843 1413 1898 1490; x_wconf 65' lang='grc' dir='ltr'>ἧι</span> 
     </span>
    </p>
   </div>
   <div class='ocr_carea' id='block_1_24' title="bbox 1999 1390 3657 1499">
    <p class='ocr_par' dir='ltr' id='par_1_24' title="bbox 2012 1390 3657 1499">
     <span class='ocr_line' id='line_1_27' title="bbox 2570 1390 3585 1413; baseline 0.008 -10"><span class='ocrx_word' id='word_1_160' title='bbox 2570 1390 2583 1403; x_wconf 94' lang='grc'><strong>.</strong></span> <span class='ocrx_word' id='word_1_161' title='bbox 2886 1390 2893 1391; x_wconf 44' lang='grc' dir='ltr'><em>κ</em></span> <span class='ocrx_word' id='word_1_162' title='bbox 3075 1390 3260 1395; x_wconf 38' lang='lat' dir='ltr'><strong>mu“</strong></span> <span class='ocrx_word' id='word_1_163' title='bbox 3314 1390 3585 1413; x_wconf 54' lang='grc' dir='ltr'><strong>πεντηκ-</strong></span> 
     </span>
     <span class='ocr_line' id='line_1_28' title="bbox 2012 1421 3657 1499; baseline 0.009 -26"><span class='ocrx_word' id='word_1_164' title='bbox 2012 1435 2236 1476; x_wconf 82' lang='lat' dir='ltr'><strong>cernere</strong></span> <span class='ocrx_word' id='word_1_165' title='bbox 2265 1421 2594 1494; x_wconf 80' lang='lat' dir='ltr'><strong>Babylonem</strong></span> <span class='ocrx_word' id='word_1_166' title='bbox 2624 1466 2639 1491; x_wconf 91' lang='lat'><strong>,</strong></span> <span class='ocrx_word' id='word_1_167' title='bbox 2675 1442 2850 1496; x_wconf 87' lang='lat' dir='ltr'><strong>neque</strong></span> <span class='ocrx_word' id='word_1_168' title='bbox 2881 1429 2934 1481; x_wconf 91' lang='lat' dir='ltr'><strong>in</strong></span> <span class='ocrx_word' id='word_1_169' title='bbox 2963 1429 3225 1485; x_wconf 90' lang='lat' dir='ltr'><strong>malorum</strong></span> <span class='ocrx_word' id='word_1_170' title='bbox 3259 1433 3377 1499; x_wconf 88' lang='lat' dir='ltr'><strong>ejus</strong></span> <span class='ocrx_word' id='word_1_171' title='bbox 3415 1435 3588 1487; x_wconf 89' lang='lat' dir='ltr'><strong>collu-</strong></span> <span class='ocrx_word' id='word_1_172' title='bbox 3652 1484 3657 1487; x_wconf 94' lang='lat'>_</span> 
     </span>
    </p>
   </div>
   <div class='ocr_carea' id='block_1_25' title="bbox 339 1482 1898 1591">
    <p class='ocr_par' dir='ltr' id='par_1_25' title="bbox 339 1482 1898 1581">
     <span class='ocr_line' id='line_1_29' title="bbox 339 1482 1898 1581; baseline 0.019 -47"><span class='ocrx_word' id='word_1_173' title='bbox 339 1482 400 1535; x_wconf 86' lang='grc' dir='ltr'><strong>τὸ</strong></span> <span class='ocrx_word' id='word_1_174' title='bbox 453 1486 526 1557; x_wconf 78' lang='grc' dir='ltr'><strong>μὴ</strong></span> <span class='ocrx_word' id='word_1_175' title='bbox 571 1488 865 1545; x_wconf 85' lang='grc' dir='ltr'>θεάσασθαί</span> <span class='ocrx_word' id='word_1_176' title='bbox 910 1512 1036 1549; x_wconf 88' lang='grc' dir='ltr'>ποτε</span> <span class='ocrx_word' id='word_1_177' title='bbox 1066 1499 1164 1568; x_wconf 83' lang='grc' dir='ltr'>τὴν</span> <span class='ocrx_word' id='word_1_178' title='bbox 1204 1500 1523 1570; x_wconf 88' lang='grc' dir='ltr'>Βαϐυλῶνα,</span> <span class='ocrx_word' id='word_1_179' title='bbox 1556 1482 1798 1577; x_wconf 15' lang='grc' dir='ltr'>ήμηδέτὲν</span> <span class='ocrx_word' id='word_1_180' title='bbox 1842 1482 1898 1581; x_wconf 69' lang='grc' dir='ltr'>τῇ</span> 
     </span>
    </p>
   </div>
   <div class='ocr_carea' id='block_1_26' title="bbox 1999 1482 3585 1591">
    <p class='ocr_par' dir='ltr' id='par_1_26' title="bbox 2011 1482 3585 1591">
     <span class='ocr_line' id='line_1_30' title="bbox 2011 1482 3585 1591; baseline 0.011 -28"><span class='ocrx_word' id='word_1_181' title='bbox 2011 1513 2097 1567; x_wconf 90' lang='lat' dir='ltr'><strong>vie</strong></span> <span class='ocrx_word' id='word_1_182' title='bbox 2128 1515 2356 1591; x_wconf 78' lang='lat' dir='ltr'><strong>versari.</strong></span> <span class='ocrx_word' id='word_1_183' title='bbox 2379 1482 2500 1570; x_wconf 46' lang='lat' dir='ltr'><strong>&#39;Sed</strong></span> <span class='ocrx_word' id='word_1_184' title='bbox 2540 1482 2825 1587; x_wconf 67' lang='lat' dir='ltr'><strong>postquam</strong></span> <span class='ocrx_word' id='word_1_185' title='bbox 2871 1482 3585 1591; x_wconf 31' lang='lat' dir='ltr'><strong>aliquisprosperitate};</strong></span> 
     </span>
    </p>
   </div>
   <div class='ocr_carea' id='block_1_27' title="bbox 340 1578 1898 1679">
    <p class='ocr_par' dir='ltr' id='par_1_27' title="bbox 340 1578 1898 1668">
     <span class='ocr_line' id='line_1_31' title="bbox 340 1578 1898 1668; baseline 0.02 -42"><span class='ocrx_word' id='word_1_186' title='bbox 340 1578 598 1647; x_wconf 81' lang='grc' dir='ltr'>συγχύσει</span> <span class='ocrx_word' id='word_1_187' title='bbox 640 1584 890 1650; x_wconf 80' lang='grc' dir='ltr'>γενέσθαι</span> <span class='ocrx_word' id='word_1_188' title='bbox 930 1588 1038 1642; x_wconf 89' lang='grc' dir='ltr'><strong>τῶν</strong></span> <span class='ocrx_word' id='word_1_189' title='bbox 1082 1592 1285 1663; x_wconf 79' lang='grc' dir='ltr'>ταύτης</span> <span class='ocrx_word' id='word_1_190' title='bbox 1318 1596 1538 1650; x_wconf 81' lang='grc' dir='ltr'>κακῶν·</span> <span class='ocrx_word' id='word_1_191' title='bbox 1586 1602 1633 1652; x_wconf 82' lang='grc' dir='ltr'><strong>εί</strong></span> <span class='ocrx_word' id='word_1_192' title='bbox 1669 1601 1724 1653; x_wconf 88' lang='grc' dir='ltr'>δὲ</span> <span class='ocrx_word' id='word_1_193' title='bbox 1764 1603 1898 1668; x_wconf 80' lang='grc' dir='ltr'>ἅπαξ</span> 
     </span>
    </p>
   </div>
   <div class='ocr_carea' id='block_1_28' title="bbox 1999 1578 3580 1679">
    <p class='ocr_par' dir='ltr' id='par_1_28' title="bbox 2004 1584 3580 1679">
     <span class='ocr_line' id='line_1_32' title="bbox 2004 1584 3580 1679; baseline 0.007 -22"><span class='ocrx_word' id='word_1_194' title='bbox 2004 1584 2221 1672; x_wconf 73' lang='lat' dir='ltr'><strong>jectus,</strong></span> <span class='ocrx_word' id='word_1_195' title='bbox 2250 1604 2356 1659; x_wconf 89' lang='lat' dir='ltr'><strong>illic</strong></span> <span class='ocrx_word' id='word_1_196' title='bbox 2381 1607 2715 1673; x_wconf 82' lang='lat' dir='ltr'><strong>exstitisset,</strong></span> <span class='ocrx_word' id='word_1_197' title='bbox 2753 1608 2940 1663; x_wconf 88' lang='lat' dir='ltr'><strong>beatus</strong></span> <span class='ocrx_word' id='word_1_198' title='bbox 2968 1626 3099 1665; x_wconf 86' lang='lat' dir='ltr'><strong>sane</strong></span> <span class='ocrx_word' id='word_1_199' title='bbox 3132 1621 3497 1679; x_wconf 85' lang='lat' dir='ltr'><strong>reputaretur.</strong></span> <span class='ocrx_word' id='word_1_200' title='bbox 3533 1613 3580 1668; x_wconf 88' lang='lat' dir='ltr'><strong>si</strong></span> 
     </span>
    </p>
   </div>
   <div class='ocr_carea' id='block_1_29' title="bbox 334 1667 1898 1775">
    <p class='ocr_par' dir='ltr' id='par_1_29' title="bbox 334 1667 1898 1775">
     <span class='ocr_line' id='line_1_33' title="bbox 334 1667 1898 1762; baseline 0.019 -46"><span class='ocrx_word' id='word_1_201' title='bbox 334 1681 423 1728; x_wconf 87' lang='grc' dir='ltr'><strong>τις</strong></span> <span class='ocrx_word' id='word_1_202' title='bbox 448 1667 658 1734; x_wconf 86' lang='grc' dir='ltr'>γένοιτο</span> <span class='ocrx_word' id='word_1_203' title='bbox 690 1674 747 1725; x_wconf 89' lang='grc' dir='ltr'>ἐν</span> <span class='ocrx_word' id='word_1_204' title='bbox 779 1675 916 1747; x_wconf 77' lang='grc' dir='ltr'>αὐτῇ</span> <span class='ocrx_word' id='word_1_205' title='bbox 948 1678 1239 1734; x_wconf 85' lang='grc' dir='ltr'>ἀποπεσὼν</span> <span class='ocrx_word' id='word_1_206' title='bbox 1267 1684 1375 1737; x_wconf 92' lang='grc' dir='ltr'><strong>τῶν</strong></span> <span class='ocrx_word' id='word_1_207' title='bbox 1410 1688 1749 1757; x_wconf 81' lang='grc' dir='ltr'>κρειττόνων,</span> <span class='ocrx_word' id='word_1_208' title='bbox 1800 1710 1898 1762; x_wconf 89' lang='grc' dir='ltr'>μα-</span> 
     </span>
     <span class='ocr_line' id='line_1_34' title="bbox 340 1757 1138 1775; baseline 0.019 -15"><span class='ocrx_word' id='word_1_209' title='bbox 340 1757 399 1775; x_wconf 18' lang='lat' dir='ltr'><strong>ﬂ,</strong></span> <span class='ocrx_word' id='word_1_210' title='bbox 556 1761 578 1775; x_wconf 83' lang='lat'><em>_</em></span> <span class='ocrx_word' id='word_1_211' title='bbox 696 1764 718 1775; x_wconf 83' lang='lat'><strong><em>_</em></strong></span> <span class='ocrx_word' id='word_1_212' title='bbox 815 1768 825 1775; x_wconf 90' lang='lat'><strong>_</strong></span> <span class='ocrx_word' id='word_1_213' title='bbox 869 1767 888 1775; x_wconf 34' lang='grc' dir='ltr'><strong><em>Δ</em></strong></span> <span class='ocrx_word' id='word_1_214' title='bbox 1000 1770 1009 1775; x_wconf 84' lang='grc'><em>,</em></span> <span class='ocrx_word' id='word_1_215' title='bbox 1126 1772 1138 1775; x_wconf 84' lang='lat'>_</span> 
     </span>
    </p>
   </div>
   <div class='ocr_carea' id='block_1_30' title="bbox 1999 1667 3581 1775">
    <p class='ocr_par' dir='ltr' id='par_1_30' title="bbox 2004 1667 3581 1775">
     <span class='ocr_line' id='line_1_35' title="bbox 2004 1667 3581 1775; baseline 0.009 -31"><span class='ocrx_word' id='word_1_216' title='bbox 2004 1667 2128 1761; x_wconf 70' lang='lat' dir='ltr'><strong>qua:</strong></span> <span class='ocrx_word' id='word_1_217' title='bbox 2152 1708 2344 1762; x_wconf 89' lang='lat' dir='ltr'><strong>passus</strong></span> <span class='ocrx_word' id='word_1_218' title='bbox 2375 1708 2519 1750; x_wconf 88' lang='lat' dir='ltr'><strong>esset</strong></span> <span class='ocrx_word' id='word_1_219' title='bbox 2545 1734 2560 1759; x_wconf 85' lang='lat'><strong>,</strong></span> <span class='ocrx_word' id='word_1_220' title='bbox 2599 1696 2827 1752; x_wconf 76' lang='lat' dir='ltr'><strong>invicem</strong></span> <span class='ocrx_word' id='word_1_221' title='bbox 2863 1700 3182 1755; x_wconf 90' lang='lat' dir='ltr'><strong>retribueret</strong></span> <span class='ocrx_word' id='word_1_222' title='bbox 3206 1740 3223 1765; x_wconf 90' lang='lat'><strong>,</strong></span> <span class='ocrx_word' id='word_1_223' title='bbox 3255 1712 3312 1756; x_wconf 88' lang='lat' dir='ltr'><strong>et</strong></span> <span class='ocrx_word' id='word_1_224' title='bbox 3343 1701 3581 1775; x_wconf 82' lang='lat' dir='ltr'><strong>Babylo-</strong></span> 
     </span>
    </p>
   </div>
   <div class='ocr_carea' id='block_1_31' title="bbox 337 1757 1898 1864">
    <p class='ocr_par' dir='ltr' id='par_1_31' title="bbox 337 1757 1898 1847">
     <span class='ocr_line' id='line_1_36' title="bbox 337 1757 1898 1847; baseline 0.019 -39"><span class='ocrx_word' id='word_1_225' title='bbox 337 1757 524 1829; x_wconf 87' lang='grc' dir='ltr'>κάριος</span> <span class='ocrx_word' id='word_1_226' title='bbox 552 1761 617 1814; x_wconf 84' lang='grc' dir='ltr'><strong>ἂν</strong></span> <span class='ocrx_word' id='word_1_227' title='bbox 662 1764 746 1835; x_wconf 77' lang='grc' dir='ltr'>εἴη</span> <span class='ocrx_word' id='word_1_228' title='bbox 781 1768 828 1818; x_wconf 83' lang='grc' dir='ltr'><strong>εί</strong></span> <span class='ocrx_word' id='word_1_229' title='bbox 866 1767 900 1820; x_wconf 78' lang='grc' dir='ltr'><strong>ἃ</strong></span> <span class='ocrx_word' id='word_1_230' title='bbox 945 1770 1207 1826; x_wconf 81' lang='grc' dir='ltr'>πέπονθεν</span> <span class='ocrx_word' id='word_1_231' title='bbox 1263 1777 1556 1847; x_wconf 81' lang='grc' dir='ltr'>ποιήσειεν,</span> <span class='ocrx_word' id='word_1_232' title='bbox 1598 1781 1690 1833; x_wconf 72' lang='grc' dir='ltr'><strong>καὶ</strong></span> <span class='ocrx_word' id='word_1_233' title='bbox 1734 1784 1898 1837; x_wconf 88' lang='grc' dir='ltr'>ἀνται-</span> 
     </span>
    </p>
   </div>
   <div class='ocr_carea' id='block_1_32' title="bbox 1999 1757 3578 1864">
    <p class='ocr_par' dir='ltr' id='par_1_32' title="bbox 2011 1757 3578 1864">
     <span class='ocr_line' id='line_1_37' title="bbox 2011 1757 3578 1864; baseline 0.008 -27"><span class='ocrx_word' id='word_1_234' title='bbox 2011 1757 2129 1838; x_wconf 87' lang='lat' dir='ltr'><strong>nios</strong></span> <span class='ocrx_word' id='word_1_235' title='bbox 2154 1757 2424 1841; x_wconf 37' lang='lat' dir='ltr'><strong>uicissim</strong></span> <span class='ocrx_word' id='word_1_236' title='bbox 2460 1791 2958 1859; x_wconf 86' lang='lat' dir='ltr'><strong>captivaret,atque</strong></span> <span class='ocrx_word' id='word_1_237' title='bbox 2993 1793 3136 1861; x_wconf 83' lang='lat' dir='ltr'><strong>ipsas</strong></span> <span class='ocrx_word' id='word_1_238' title='bbox 3160 1792 3578 1864; x_wconf 85' lang='lat' dir='ltr'><strong>Babyloniorqu</strong></span> 
     </span>
    </p>
   </div>
   <div class='ocr_carea' id='block_1_33' title="bbox 336 1850 1898 1952">
    <p class='ocr_par' dir='ltr' id='par_1_33' title="bbox 336 1850 1898 1937">
     <span class='ocr_line' id='line_1_38' title="bbox 336 1850 1898 1937; baseline 0.019 -38"><span class='ocrx_word' id='word_1_239' title='bbox 336 1850 741 1924; x_wconf 83' lang='grc' dir='ltr'>χμαλωτήσειεν</span> <span class='ocrx_word' id='word_1_240' title='bbox 766 1860 892 1922; x_wconf 78' lang='grc' dir='ltr'>τοὺς</span> <span class='ocrx_word' id='word_1_241' title='bbox 924 1861 1313 1929; x_wconf 84' lang='grc' dir='ltr'>Βαϐυλωνίους,</span> <span class='ocrx_word' id='word_1_242' title='bbox 1350 1869 1443 1920; x_wconf 74' lang='grc' dir='ltr'><strong>καὶ</strong></span> <span class='ocrx_word' id='word_1_243' title='bbox 1472 1871 1640 1934; x_wconf 85' lang='grc' dir='ltr'>αύτάς</span> <span class='ocrx_word' id='word_1_244' title='bbox 1668 1872 1766 1937; x_wconf 80' lang='grc' dir='ltr'><strong>τὰς</strong></span> <span class='ocrx_word' id='word_1_245' title='bbox 1799 1875 1898 1928; x_wconf 88' lang='grc' dir='ltr'><strong>τῶν</strong></span> 
     </span>
    </p>
   </div>
   <div class='ocr_carea' id='block_1_34' title="bbox 1999 1850 3581 1952">
    <p class='ocr_par' dir='ltr' id='par_1_34' title="bbox 2005 1880 3581 1952">
     <span class='ocr_line' id='line_1_39' title="bbox 2005 1880 3581 1952; baseline 0.005 -19"><span class='ocrx_word' id='word_1_246' title='bbox 2005 1880 2215 1934; x_wconf 86' lang='lat' dir='ltr'><strong>animas</strong></span> <span class='ocrx_word' id='word_1_247' title='bbox 2244 1880 2309 1933; x_wconf 88' lang='lat' dir='ltr'><strong>ad</strong></span> <span class='ocrx_word' id='word_1_248' title='bbox 2345 1880 2437 1936; x_wconf 91' lang='lat' dir='ltr'><strong>Dei</strong></span> <span class='ocrx_word' id='word_1_249' title='bbox 2474 1884 2720 1938; x_wconf 90' lang='lat' dir='ltr'><strong>timorem</strong></span> <span class='ocrx_word' id='word_1_250' title='bbox 2757 1882 3100 1939; x_wconf 79' lang='lat' dir='ltr'><strong>transferret.</strong></span> <span class='ocrx_word' id='word_1_251' title='bbox 3133 1884 3286 1952; x_wconf 82' lang='lat' dir='ltr'><strong>Quod</strong></span> <span class='ocrx_word' id='word_1_252' title='bbox 3312 1888 3356 1941; x_wconf 87' lang='lat' dir='ltr'><strong>si</strong></span> <span class='ocrx_word' id='word_1_253' title='bbox 3383 1898 3436 1941; x_wconf 91' lang='lat' dir='ltr'><strong>et</strong></span> <span class='ocrx_word' id='word_1_254' title='bbox 3461 1888 3581 1942; x_wconf 80' lang='lat' dir='ltr'><strong>illo-</strong></span> 
     </span>
    </p>
   </div>
   <div class='ocr_carea' id='block_1_35' title="bbox 336 1938 1898 2039">
    <p class='ocr_par' dir='ltr' id='par_1_35' title="bbox 336 1938 1898 2033">
     <span class='ocr_line' id='line_1_40' title="bbox 336 1938 1898 2033; baseline 0.017 -42"><span class='ocrx_word' id='word_1_255' title='bbox 336 1938 689 1999; x_wconf 85' lang='grc' dir='ltr'>Βαϐυλωνίων</span> <span class='ocrx_word' id='word_1_256' title='bbox 718 1946 895 2018; x_wconf 78' lang='grc' dir='ltr'>ψυχὰς</span> <span class='ocrx_word' id='word_1_257' title='bbox 931 1956 1229 2023; x_wconf 85' lang='grc' dir='ltr'>μεταγάγοι</span> <span class='ocrx_word' id='word_1_258' title='bbox 1262 1958 1353 2009; x_wconf 81' lang='grc' dir='ltr'>ἐπὶ</span> <span class='ocrx_word' id='word_1_259' title='bbox 1385 1959 1475 2011; x_wconf 85' lang='grc' dir='ltr'>τὸν</span> <span class='ocrx_word' id='word_1_260' title='bbox 1510 1963 1602 2015; x_wconf 82' lang='grc' dir='ltr'><strong>τοῦ</strong></span> <span class='ocrx_word' id='word_1_261' title='bbox 1646 1964 1778 2016; x_wconf 86' lang='grc' dir='ltr'>Θεοῦ</span> <span class='ocrx_word' id='word_1_262' title='bbox 1811 1966 1898 2033; x_wconf 74' lang='grc' dir='ltr'><strong>φό-</strong></span> 
     </span>
    </p>
   </div>
   <div class='ocr_carea' id='block_1_36' title="bbox 1999 1938 3576 2039">
    <p class='ocr_par' dir='ltr' id='par_1_36' title="bbox 2006 1955 3576 2039">
     <span class='ocr_line' id='line_1_41' title="bbox 2006 1955 3576 2039; baseline 0.008 -18"><span class='ocrx_word' id='word_1_263' title='bbox 2006 1986 2124 2022; x_wconf 89' lang='lat' dir='ltr'><strong>rum</strong></span> <span class='ocrx_word' id='word_1_264' title='bbox 2153 1972 2415 2039; x_wconf 88' lang='lat' dir='ltr'><strong>parvulos</strong></span> <span class='ocrx_word' id='word_1_265' title='bbox 2450 1974 2591 2027; x_wconf 88' lang='lat' dir='ltr'><strong>haud</strong></span> <span class='ocrx_word' id='word_1_266' title='bbox 2621 1975 2809 2028; x_wconf 82' lang='lat' dir='ltr'><strong>siverit</strong></span> <span class='ocrx_word' id='word_1_267' title='bbox 2834 1974 3146 2029; x_wconf 78' lang='lat' dir='ltr'><strong>adolescere</strong></span> <span class='ocrx_word' id='word_1_268' title='bbox 3176 2016 3189 2038; x_wconf 88' lang='lat'><strong>.</strong></span> <span class='ocrx_word' id='word_1_269' title='bbox 3228 1955 3576 2033; x_wconf 67' lang='lat' dir='ltr'><strong>sed&#39;illiserit</strong></span> 
     </span>
    </p>
   </div>
   <div class='ocr_carea' id='block_1_37' title="bbox 334 2030 1898 2141">
    <p class='ocr_par' dir='ltr' id='par_1_37' title="bbox 334 2030 1898 2125">
     <span class='ocr_line' id='line_1_42' title="bbox 334 2030 1898 2125; baseline 0.017 -42"><span class='ocrx_word' id='word_1_270' title='bbox 334 2030 448 2085; x_wconf 85' lang='grc' dir='ltr'>ϐον.</span> <span class='ocrx_word' id='word_1_271' title='bbox 492 2034 554 2087; x_wconf 68' lang='lat' dir='ltr'><strong>Et</strong></span> <span class='ocrx_word' id='word_1_272' title='bbox 594 2036 649 2089; x_wconf 84' lang='grc' dir='ltr'>δὲ</span> <span class='ocrx_word' id='word_1_273' title='bbox 697 2039 789 2091; x_wconf 75' lang='grc' dir='ltr'><strong>καὶ</strong></span> <span class='ocrx_word' id='word_1_274' title='bbox 834 2041 903 2093; x_wconf 74' lang='grc' dir='ltr'>τὰ</span> <span class='ocrx_word' id='word_1_275' title='bbox 955 2044 1122 2114; x_wconf 85' lang='grc' dir='ltr'>νήπια</span> <span class='ocrx_word' id='word_1_276' title='bbox 1168 2047 1347 2101; x_wconf 80' lang='grc' dir='ltr'>αὐτῶν</span> <span class='ocrx_word' id='word_1_277' title='bbox 1383 2049 1456 2121; x_wconf 86' lang='grc' dir='ltr'><strong>μὴ</strong></span> <span class='ocrx_word' id='word_1_278' title='bbox 1500 2030 1898 2125; x_wconf 74' lang='grc' dir='ltr'>συγχωρήσειεν</span> 
     </span>
    </p>
   </div>
   <div class='ocr_carea' id='block_1_38' title="bbox 1999 2030 3578 2141">
    <p class='ocr_par' dir='ltr' id='par_1_38' title="bbox 2005 2030 3578 2141">
     <span class='ocr_line' id='line_1_43' title="bbox 2005 2030 3578 2141; baseline 0.007 -26"><span class='ocrx_word' id='word_1_279' title='bbox 2005 2030 2193 2131; x_wconf 65' lang='lat' dir='ltr'><strong>pelue,</strong></span> <span class='ocrx_word' id='word_1_280' title='bbox 2231 2063 2402 2118; x_wconf 87' lang='lat' dir='ltr'><strong>multo</strong></span> <span class='ocrx_word' id='word_1_281' title='bbox 2444 2065 2550 2118; x_wconf 89' lang='lat' dir='ltr'><strong>erit</strong></span> <span class='ocrx_word' id='word_1_282' title='bbox 2582 2065 2809 2121; x_wconf 79' lang='lat' dir='ltr'><strong>felicior.</strong></span> <span class='ocrx_word' id='word_1_283' title='bbox 2835 2064 2951 2119; x_wconf 82' lang='lat' dir='ltr'><strong>Jam</strong></span> <span class='ocrx_word' id='word_1_284' title='bbox 2983 2081 3111 2122; x_wconf 88' lang='lat' dir='ltr'><strong>vero</strong></span> <span class='ocrx_word' id='word_1_285' title='bbox 3134 2068 3425 2141; x_wconf 83' lang='lat' dir='ltr'><strong>Babylonis</strong></span> <span class='ocrx_word' id='word_1_286' title='bbox 3452 2087 3578 2140; x_wconf 87' lang='lat' dir='ltr'><strong>par-</strong></span> 
     </span>
    </p>
   </div>
   <div class='ocr_carea' id='block_1_39' title="bbox 331 2122 1898 2229">
    <p class='ocr_par' dir='ltr' id='par_1_39' title="bbox 331 2122 1898 2214">
     <span class='ocr_line' id='line_1_44' title="bbox 331 2122 1898 2214; baseline 0.017 -40"><span class='ocrx_word' id='word_1_287' title='bbox 331 2122 584 2194; x_wconf 79' lang='grc' dir='ltr'>αὐξῆσαι,</span> <span class='ocrx_word' id='word_1_288' title='bbox 617 2128 752 2182; x_wconf 90' lang='grc' dir='ltr'><strong>ἀλλά</strong></span> <span class='ocrx_word' id='word_1_289' title='bbox 800 2134 1137 2203; x_wconf 74' lang='grc' dir='ltr'>συντρίψειεν</span> <span class='ocrx_word' id='word_1_290' title='bbox 1179 2138 1315 2208; x_wconf 81' lang='grc' dir='ltr'>πρὸς</span> <span class='ocrx_word' id='word_1_291' title='bbox 1349 2143 1415 2211; x_wconf 84' lang='grc' dir='ltr'>τῇ</span> <span class='ocrx_word' id='word_1_292' title='bbox 1458 2143 1654 2214; x_wconf 80' lang='grc' dir='ltr'>πέτρᾳ,</span> <span class='ocrx_word' id='word_1_293' title='bbox 1690 2122 1898 2202; x_wconf 42' lang='lat' dir='ltr'><strong>suae»</strong></span> 
     </span>
    </p>
   </div>
   <div class='ocr_carea' id='block_1_40' title="bbox 1999 2122 3573 2229">
    <p class='ocr_par' dir='ltr' id='par_1_40' title="bbox 2002 2122 3573 2229">
     <span class='ocr_line' id='line_1_45' title="bbox 2005 2122 3538 2141; baseline 0.008 -10"><span class='ocrx_word' id='word_1_294' title='bbox 2005 2122 2018 2131; x_wconf 91' lang='lat'><strong>.</strong></span> <span class='ocrx_word' id='word_1_295' title='bbox 2178 2122 2190 2129; x_wconf 86' lang='lat'><strong>.</strong></span> <span class='ocrx_word' id='word_1_296' title='bbox 3218 2122 3270 2141; x_wconf 43' lang='grc' dir='ltr'>κ.</span> <span class='ocrx_word' id='word_1_297' title='bbox 3313 2122 3421 2125; x_wconf 57' lang='grc' dir='ltr'><strong>νητ-</strong></span> <span class='ocrx_word' id='word_1_298' title='bbox 3453 2122 3538 2140; x_wconf 48' lang='grc' dir='ltr'><strong>τν-</strong></span> 
     </span>
     <span class='ocr_line' id='line_1_46' title="bbox 2002 2155 3573 2229; baseline 0.007 -22"><span class='ocrx_word' id='word_1_299' title='bbox 2002 2155 2180 2220; x_wconf 89' lang='lat' dir='ltr'><strong>vulos,</strong></span> <span class='ocrx_word' id='word_1_300' title='bbox 2211 2166 2357 2210; x_wconf 90' lang='lat' dir='ltr'><strong>recte</strong></span> <span class='ocrx_word' id='word_1_301' title='bbox 2386 2156 2652 2227; x_wconf 78' lang='lat' dir='ltr'><strong>intelliges</strong></span> <span class='ocrx_word' id='word_1_302' title='bbox 2681 2160 2937 2229; x_wconf 69' lang='lat' dir='ltr'><strong>nequitiae</strong></span> <span class='ocrx_word' id='word_1_303' title='bbox 2966 2161 3194 2226; x_wconf 86' lang='lat' dir='ltr'><strong>semina,</strong></span> <span class='ocrx_word' id='word_1_304' title='bbox 3221 2172 3275 2217; x_wconf 89' lang='lat' dir='ltr'><strong>et</strong></span> <span class='ocrx_word' id='word_1_305' title='bbox 3300 2165 3573 2218; x_wconf 85' lang='lat' dir='ltr'><strong>variorqu</strong></span> 
     </span>
    </p>
   </div>
   <div class='ocr_carea' id='block_1_41' title="bbox 328 2212 1900 2306">
    <p class='ocr_par' dir='ltr' id='par_1_41' title="bbox 328 2212 1900 2306">
     <span class='ocr_line' id='line_1_47' title="bbox 328 2212 1900 2306; baseline 0.017 -41"><span class='ocrx_word' id='word_1_306' title='bbox 328 2212 395 2265; x_wconf 83' lang='grc' dir='ltr'><strong>ἂν</strong></span> <span class='ocrx_word' id='word_1_307' title='bbox 431 2216 639 2283; x_wconf 82' lang='grc' dir='ltr'>γένοιτο</span> <span class='ocrx_word' id='word_1_308' title='bbox 678 2222 1109 2295; x_wconf 85' lang='grc' dir='ltr'>μακαριώτερος.</span> <span class='ocrx_word' id='word_1_309' title='bbox 1150 2228 1471 2293; x_wconf 78' lang='grc' dir='ltr'>Βαϐυλῶνος</span> <span class='ocrx_word' id='word_1_310' title='bbox 1512 2232 1570 2285; x_wconf 82' lang='grc' dir='ltr'>δὲ</span> <span class='ocrx_word' id='word_1_311' title='bbox 1618 2236 1785 2306; x_wconf 81' lang='grc' dir='ltr'>νήπια</span> <span class='ocrx_word' id='word_1_312' title='bbox 1833 2239 1900 2292; x_wconf 77' lang='grc' dir='ltr'>τὰ</span> 
     </span>
    </p>
   </div>
   <div class='ocr_carea' id='block_1_42' title="bbox 329 2301 1899 2396">
    <p class='ocr_par' dir='ltr' id='par_1_42' title="bbox 329 2301 1899 2396">
     <span class='ocr_line' id='line_1_48' title="bbox 329 2301 1899 2396; baseline 0.018 -44"><span class='ocrx_word' id='word_1_313' title='bbox 329 2301 618 2374; x_wconf 87' lang='grc' dir='ltr'>σπέρματα</span> <span class='ocrx_word' id='word_1_314' title='bbox 657 2308 758 2377; x_wconf 76' lang='grc' dir='ltr'><strong>τῆς</strong></span> <span class='ocrx_word' id='word_1_315' title='bbox 800 2312 1018 2378; x_wconf 84' lang='grc' dir='ltr'>κακίας,</span> <span class='ocrx_word' id='word_1_316' title='bbox 1055 2316 1149 2368; x_wconf 80' lang='grc' dir='ltr'><strong>καὶ</strong></span> <span class='ocrx_word' id='word_1_317' title='bbox 1178 2316 1274 2381; x_wconf 82' lang='grc' dir='ltr'>τὰς</span> <span class='ocrx_word' id='word_1_318' title='bbox 1300 2320 1474 2390; x_wconf 83' lang='grc' dir='ltr'>ἀρχάς</span> <span class='ocrx_word' id='word_1_319' title='bbox 1505 2321 1612 2375; x_wconf 86' lang='grc' dir='ltr'><strong>τῶν</strong></span> <span class='ocrx_word' id='word_1_320' title='bbox 1648 2301 1899 2396; x_wconf 81' lang='grc' dir='ltr'>συγχυτι-</span> 
     </span>
    </p>
   </div>
   <div class='ocr_carea' id='block_1_43' title="bbox 328 2394 1896 2491">
    <p class='ocr_par' dir='ltr' id='par_1_43' title="bbox 328 2394 1896 2491">
     <span class='ocr_line' id='line_1_49' title="bbox 328 2394 1896 2491; baseline 0.017 -45"><span class='ocrx_word' id='word_1_321' title='bbox 328 2394 438 2447; x_wconf 90' lang='grc' dir='ltr'><strong>κῶν</strong></span> <span class='ocrx_word' id='word_1_322' title='bbox 499 2399 930 2472; x_wconf 80' lang='grc' dir='ltr'>ἁμαρτημάτων,</span> <span class='ocrx_word' id='word_1_323' title='bbox 970 2407 1071 2460; x_wconf 85' lang='grc' dir='ltr'><strong>οὐκ</strong></span> <span class='ocrx_word' id='word_1_324' title='bbox 1130 2408 1196 2462; x_wconf 84' lang='grc' dir='ltr'><strong>ἂν</strong></span> <span class='ocrx_word' id='word_1_325' title='bbox 1234 2412 1503 2485; x_wconf 80' lang='grc' dir='ltr'>ἁμάρτοις</span> <span class='ocrx_word' id='word_1_326' title='bbox 1540 2394 1800 2471; x_wconf 43' lang='grc' dir='ltr'>εἰπών·γά</span> <span class='ocrx_word' id='word_1_327' title='bbox 1833 2419 1896 2491; x_wconf 81' lang='grc' dir='ltr'>δὴ</span> 
     </span>
    </p>
   </div>
   <div class='ocr_carea' id='block_1_44' title="bbox 325 2485 1896 2582">
    <p class='ocr_par' dir='ltr' id='par_1_44' title="bbox 325 2485 1896 2582">
     <span class='ocr_line' id='line_1_50' title="bbox 325 2485 1896 2582; baseline 0.018 -45"><span class='ocrx_word' id='word_1_328' title='bbox 325 2485 401 2557; x_wconf 83' lang='grc' dir='ltr'><strong>τῷ</strong></span> <span class='ocrx_word' id='word_1_329' title='bbox 437 2487 578 2561; x_wconf 85' lang='grc' dir='ltr'>λόγῳ</span> <span class='ocrx_word' id='word_1_330' title='bbox 607 2491 684 2563; x_wconf 79' lang='grc' dir='ltr'><strong>τῷ</strong></span> <span class='ocrx_word' id='word_1_331' title='bbox 724 2496 973 2567; x_wconf 79' lang='grc' dir='ltr'>σωτηρίῳ</span> <span class='ocrx_word' id='word_1_332' title='bbox 1012 2498 1065 2569; x_wconf 83' lang='grc' dir='ltr'><strong>(ἡ</strong></span> <span class='ocrx_word' id='word_1_333' title='bbox 1103 2501 1276 2572; x_wconf 85' lang='grc' dir='ltr'>πέτρα</span> <span class='ocrx_word' id='word_1_334' title='bbox 1321 2504 1429 2576; x_wconf 87' lang='grc' dir='ltr'><strong>γάρ</strong></span> <span class='ocrx_word' id='word_1_335' title='bbox 1469 2501 1536 2577; x_wconf 79' lang='grc' dir='ltr'>ἦν</span> <span class='ocrx_word' id='word_1_336' title='bbox 1574 2508 1601 2560; x_wconf 86' lang='grc' dir='ltr'><strong>ό</strong></span> <span class='ocrx_word' id='word_1_337' title='bbox 1646 2485 1896 2582; x_wconf 44' lang='grc' dir='ltr'>Χριστὸςῇ</span> 
     </span>
    </p>
   </div>
   <div class='ocr_carea' id='block_1_45' title="bbox 325 2580 1896 2676">
    <p class='ocr_par' dir='ltr' id='par_1_45' title="bbox 325 2580 1896 2676">
     <span class='ocr_line' id='line_1_51' title="bbox 325 2580 1896 2676; baseline 0.016 -45"><span class='ocrx_word' id='word_1_338' title='bbox 325 2580 569 2653; x_wconf 82' lang='grc' dir='ltr'>ἀναιρεῖν</span> <span class='ocrx_word' id='word_1_339' title='bbox 609 2584 744 2655; x_wconf 76' lang='grc' dir='ltr'>πρὸς</span> <span class='ocrx_word' id='word_1_340' title='bbox 777 2587 837 2639; x_wconf 86' lang='grc' dir='ltr'><strong>τὸ</strong></span> <span class='ocrx_word' id='word_1_341' title='bbox 884 2589 958 2661; x_wconf 79' lang='grc' dir='ltr'>μὴ</span> <span class='ocrx_word' id='word_1_342' title='bbox 984 2590 1169 2657; x_wconf 73' lang='grc' dir='ltr'>αὔξειν</span> <span class='ocrx_word' id='word_1_343' title='bbox 1191 2636 1206 2659; x_wconf 87' lang='grc'><strong>,</strong></span> <span class='ocrx_word' id='word_1_344' title='bbox 1237 2596 1373 2666; x_wconf 87' lang='grc' dir='ltr'><strong>μηδέ</strong></span> <span class='ocrx_word' id='word_1_345' title='bbox 1406 2599 1485 2661; x_wconf 85' lang='grc' dir='ltr'><strong>είς</strong></span> <span class='ocrx_word' id='word_1_346' title='bbox 1526 2598 1662 2670; x_wconf 77' lang='grc' dir='ltr'>ἔργα</span> <span class='ocrx_word' id='word_1_347' title='bbox 1696 2580 1896 2676; x_wconf 51' lang='grc' dir='ltr'>προέρέ</span> 
     </span>
    </p>
   </div>
   <div class='ocr_carea' id='block_1_46' title="bbox 323 2672 1717 2761">
    <p class='ocr_par' dir='ltr' id='par_1_46' title="bbox 323 2672 1717 2761">
     <span class='ocr_line' id='line_1_52' title="bbox 323 2672 1717 2761; baseline 0.015 -36"><span class='ocrx_word' id='word_1_348' title='bbox 323 2672 511 2744; x_wconf 81' lang='grc' dir='ltr'>χεσθαι</span> <span class='ocrx_word' id='word_1_349' title='bbox 546 2677 835 2732; x_wconf 83' lang='grc' dir='ltr'>σπουδάσει</span> <span class='ocrx_word' id='word_1_350' title='bbox 868 2683 896 2733; x_wconf 89' lang='grc' dir='ltr'><strong>ό</strong></span> <span class='ocrx_word' id='word_1_351' title='bbox 929 2684 984 2734; x_wconf 86' lang='grc' dir='ltr'><strong>ἐν</strong></span> <span class='ocrx_word' id='word_1_352' title='bbox 1015 2684 1225 2751; x_wconf 81' lang='grc' dir='ltr'>τούτοις</span> <span class='ocrx_word' id='word_1_353' title='bbox 1264 2688 1717 2761; x_wconf 73' lang='grc' dir='ltr'>μακαριζόμενος.</span> 
     </span>
    </p>
   </div>
   <div class='ocr_carea' id='block_1_47' title="bbox 867 2773 1350 2834">
    <p class='ocr_par' dir='ltr' id='par_1_47' title="bbox 867 2773 1350 2834">
     <span class='ocr_line' id='line_1_53' title="bbox 867 2773 1350 2834; baseline 0.019 -10"><span class='ocrx_word' id='word_1_354' title='bbox 867 2773 1155 2830; x_wconf 81' lang='grc' dir='ltr'><strong>ΨΑΛΜΟΣ</strong></span> <span class='ocrx_word' id='word_1_355' title='bbox 1186 2779 1350 2834; x_wconf 86' lang='grc' dir='ltr'><strong>ΡΛΖ’.</strong></span> 
     </span>
    </p>
   </div>
   <div class='ocr_carea' id='block_1_48' title="bbox 335 2856 1890 2945">
    <p class='ocr_par' dir='ltr' id='par_1_48' title="bbox 335 2856 1890 2945">
     <span class='ocr_line' id='line_1_54' title="bbox 335 2856 1890 2945; baseline 0.014 -36"><span class='ocrx_word' id='word_1_356' title='bbox 335 2856 883 2932; x_wconf 78' lang='grc' dir='ltr'>Ἐξομολογήσομαὶ</span> <span class='ocrx_word' id='word_1_357' title='bbox 907 2882 1024 2932; x_wconf 82' lang='grc' dir='ltr'>σοι,</span> <span class='ocrx_word' id='word_1_358' title='bbox 1056 2870 1251 2936; x_wconf 79' lang='grc' dir='ltr'>Κύριε,</span> <span class='ocrx_word' id='word_1_359' title='bbox 1277 2871 1346 2923; x_wconf 76' lang='grc' dir='ltr'>ἐν</span> <span class='ocrx_word' id='word_1_360' title='bbox 1373 2870 1485 2940; x_wconf 78' lang='grc' dir='ltr'><strong>ὅλῃ</strong></span> <span class='ocrx_word' id='word_1_361' title='bbox 1513 2873 1724 2941; x_wconf 77' lang='grc' dir='ltr'>καρδίᾳ</span> <span class='ocrx_word' id='word_1_362' title='bbox 1750 2894 1890 2945; x_wconf 84' lang='grc' dir='ltr'>μου.</span> 
     </span>
    </p>
   </div>
   <div class='ocr_carea' id='block_1_49' title="bbox 393 3012 1889 3099">
    <p class='ocr_par' dir='ltr' id='par_1_49' title="bbox 393 3012 1889 3099">
     <span class='ocr_line' id='line_1_55' title="bbox 393 3012 1889 3099; baseline 0.013 -34"><span class='ocrx_word' id='word_1_363' title='bbox 393 3012 601 3085; x_wconf 81' lang='grc' dir='ltr'>Ὠσπερ</span> <span class='ocrx_word' id='word_1_364' title='bbox 627 3018 655 3068; x_wconf 90' lang='grc' dir='ltr'><strong>ό</strong></span> <span class='ocrx_word' id='word_1_365' title='bbox 682 3016 885 3081; x_wconf 82' lang='grc' dir='ltr'>τέλειος</span> <span class='ocrx_word' id='word_1_366' title='bbox 917 3018 974 3083; x_wconf 83' lang='grc' dir='ltr'>ἐξ</span> <span class='ocrx_word' id='word_1_367' title='bbox 1005 3020 1131 3091; x_wconf 82' lang='grc' dir='ltr'>ὅλης</span> <span class='ocrx_word' id='word_1_368' title='bbox 1156 3021 1337 3093; x_wconf 69' lang='grc' dir='ltr'>ψυχῆς</span> <span class='ocrx_word' id='word_1_369' title='bbox 1368 3026 1463 3078; x_wconf 76' lang='grc' dir='ltr'><strong>καὶ</strong></span> <span class='ocrx_word' id='word_1_370' title='bbox 1488 3026 1767 3099; x_wconf 86' lang='grc' dir='ltr'>δυνάμεως</span> <span class='ocrx_word' id='word_1_371' title='bbox 1796 3031 1889 3084; x_wconf 79' lang='grc' dir='ltr'><strong>καὶ</strong></span> 
     </span>
    </p>
   </div>
   <div class='ocr_carea' id='block_1_50' title="bbox 2000 2241 3577 2315">
    <p class='ocr_par' dir='ltr' id='par_1_50' title="bbox 2000 2241 3577 2315">
     <span class='ocr_line' id='line_1_56' title="bbox 2000 2241 3577 2315; baseline 0.011 -24"><span class='ocrx_word' id='word_1_372' title='bbox 2000 2241 2361 2309; x_wconf 80' lang='lat' dir='ltr'><strong>scaturigines</strong></span> <span class='ocrx_word' id='word_1_373' title='bbox 2390 2255 2770 2312; x_wconf 87' lang='lat' dir='ltr'><strong>peccatorum,</strong></span> <span class='ocrx_word' id='word_1_374' title='bbox 2810 2263 2928 2315; x_wconf 67' lang='lat' dir='ltr'><strong>quae</strong></span> <span class='ocrx_word' id='word_1_375' title='bbox 2978 2248 3287 2306; x_wconf 85' lang='lat' dir='ltr'><strong>Servatoris</strong></span> <span class='ocrx_word' id='word_1_376' title='bbox 3311 2251 3577 2308; x_wconf 90' lang='lat' dir='ltr'><strong>doctrinis</strong></span> 
     </span>
    </p>
   </div>
   <div class='ocr_carea' id='block_1_51' title="bbox 1958 2326 3576 2404">
    <p class='ocr_par' dir='ltr' id='par_1_51' title="bbox 1958 2326 3576 2404">
     <span class='ocr_line' id='line_1_57' title="bbox 1958 2326 3576 2404; baseline 0.012 -27"><span class='ocrx_word' id='word_1_377' title='bbox 1958 2385 1967 2395; x_wconf 41' lang='grc' dir='ltr'><strong><em>ο</em></strong></span> <span class='ocrx_word' id='word_1_378' title='bbox 2001 2326 2147 2392; x_wconf 87' lang='lat' dir='ltr'><strong>(nam</strong></span> <span class='ocrx_word' id='word_1_379' title='bbox 2197 2340 2345 2398; x_wconf 88' lang='lat' dir='ltr'><strong>petra</strong></span> <span class='ocrx_word' id='word_1_380' title='bbox 2400 2340 2483 2384; x_wconf 85' lang='lat' dir='ltr'><strong>est</strong></span> <span class='ocrx_word' id='word_1_381' title='bbox 2511 2331 2786 2404; x_wconf 74' lang='lat' dir='ltr'><strong>Christus)</strong></span> <span class='ocrx_word' id='word_1_382' title='bbox 2825 2337 3075 2391; x_wconf 81' lang='lat' dir='ltr'><strong>occidere</strong></span> <span class='ocrx_word' id='word_1_383' title='bbox 3102 2378 3117 2401; x_wconf 89' lang='lat'><strong>,</strong></span> <span class='ocrx_word' id='word_1_384' title='bbox 3149 2354 3214 2393; x_wconf 88' lang='lat' dir='ltr'><strong>ne</strong></span> <span class='ocrx_word' id='word_1_385' title='bbox 3263 2342 3576 2397; x_wconf 81' lang='lat' dir='ltr'><strong>adolescant</strong></span> 
     </span>
    </p>
   </div>
   <div class='ocr_carea' id='block_1_52' title="bbox 1999 2415 3575 2498">
    <p class='ocr_par' dir='ltr' id='par_1_52' title="bbox 1999 2415 3575 2498">
     <span class='ocr_line' id='line_1_58' title="bbox 1999 2415 3575 2498; baseline 0.015 -33"><span class='ocrx_word' id='word_1_386' title='bbox 1999 2422 2161 2481; x_wconf 90' lang='lat' dir='ltr'><strong>atque</strong></span> <span class='ocrx_word' id='word_1_387' title='bbox 2193 2415 2244 2468; x_wconf 92' lang='lat' dir='ltr'><strong>in</strong></span> <span class='ocrx_word' id='word_1_388' title='bbox 2273 2428 2457 2472; x_wconf 88' lang='lat' dir='ltr'><strong>aetum</strong></span> <span class='ocrx_word' id='word_1_389' title='bbox 2506 2434 2836 2492; x_wconf 82' lang='lat' dir='ltr'><strong>erumpant,</strong></span> <span class='ocrx_word' id='word_1_390' title='bbox 2868 2427 3083 2481; x_wconf 86' lang='lat' dir='ltr'><strong>curabit</strong></span> <span class='ocrx_word' id='word_1_391' title='bbox 3113 2426 3159 2483; x_wconf 88' lang='lat' dir='ltr'><strong>is</strong></span> <span class='ocrx_word' id='word_1_392' title='bbox 3201 2432 3292 2498; x_wconf 88' lang='lat' dir='ltr'><strong>qui</strong></span> <span class='ocrx_word' id='word_1_393' title='bbox 3322 2431 3423 2486; x_wconf 87' lang='lat' dir='ltr'><strong>hoc</strong></span> <span class='ocrx_word' id='word_1_394' title='bbox 3453 2430 3575 2488; x_wconf 83' lang='lat' dir='ltr'><strong>loco</strong></span> 
     </span>
    </p>
   </div>
   <div class='ocr_carea' id='block_1_53' title="bbox 1999 2504 2561 2577">
    <p class='ocr_par' dir='ltr' id='par_1_53' title="bbox 1999 2504 2561 2577">
     <span class='ocr_line' id='line_1_59' title="bbox 1999 2504 2561 2577; baseline 0.012 -19"><span class='ocrx_word' id='word_1_395' title='bbox 1999 2504 2189 2560; x_wconf 86' lang='lat' dir='ltr'><strong>beatus</strong></span> <span class='ocrx_word' id='word_1_396' title='bbox 2215 2509 2561 2577; x_wconf 71' lang='lat' dir='ltr'><strong>prtedicatur.</strong></span> 
     </span>
    </p>
   </div>
   <div class='ocr_carea' id='block_1_54' title="bbox 2446 2773 3110 2834">
    <p class='ocr_par' dir='ltr' id='par_1_54' title="bbox 2446 2773 3110 2834">
     <span class='ocr_line' id='line_1_60' title="bbox 2446 2773 3110 2834; baseline 0.011 -7"><span class='ocrx_word' id='word_1_397' title='bbox 2446 2773 2766 2831; x_wconf 82' lang='lat' dir='ltr'><strong>PSALMUS</strong></span> <span class='ocrx_word' id='word_1_398' title='bbox 2804 2777 3110 2834; x_wconf 76' lang='lat' dir='ltr'><strong>CXXXVII.</strong></span> 
     </span>
    </p>
   </div>
   <div class='ocr_carea' id='block_1_55' title="bbox 2031 2860 3535 2936">
    <p class='ocr_par' dir='ltr' id='par_1_55' title="bbox 2031 2860 3535 2936">
     <span class='ocr_line' id='line_1_61' title="bbox 2031 2860 3535 2936; baseline 0.011 -22"><span class='ocrx_word' id='word_1_399' title='bbox 2031 2860 2195 2915; x_wconf 71' lang='lat' dir='ltr'><strong>Vens.</strong></span> <span class='ocrx_word' id='word_1_400' title='bbox 2243 2861 2294 2916; x_wconf 79' lang='grc'>1.</span> <span class='ocrx_word' id='word_1_401' title='bbox 2341 2862 2642 2931; x_wconf 82' lang='lat' dir='ltr'><strong>Conﬁtebor</strong></span> <span class='ocrx_word' id='word_1_402' title='bbox 2673 2868 2767 2919; x_wconf 82' lang='lat' dir='ltr'><strong>tibi</strong></span> <span class='ocrx_word' id='word_1_403' title='bbox 2782 2906 2797 2930; x_wconf 93' lang='lat'><strong>,</strong></span> <span class='ocrx_word' id='word_1_404' title='bbox 2837 2867 3098 2936; x_wconf 83' lang='lat' dir='ltr'><strong>Domine,</strong></span> <span class='ocrx_word' id='word_1_405' title='bbox 3139 2870 3190 2925; x_wconf 86' lang='lat' dir='ltr'><strong>in</strong></span> <span class='ocrx_word' id='word_1_406' title='bbox 3235 2880 3343 2927; x_wconf 86' lang='lat' dir='ltr'><strong>toto</strong></span> <span class='ocrx_word' id='word_1_407' title='bbox 3378 2876 3535 2930; x_wconf 77' lang='lat' dir='ltr'><strong>corde</strong></span> 
     </span>
    </p>
   </div>
   <div class='ocr_carea' id='block_1_56' title="bbox 2716 2954 2853 2990">
    <p class='ocr_par' dir='ltr' id='par_1_56' title="bbox 2716 2954 2853 2990">
     <span class='ocr_line' id='line_1_62' title="bbox 2716 2954 2853 2990; baseline 0.007 -1"><span class='ocrx_word' id='word_1_408' title='bbox 2716 2954 2853 2990; x_wconf 80' lang='lat' dir='ltr'><strong>meo.</strong></span> 
     </span>
    </p>
   </div>
   <div class='ocr_carea' id='block_1_57' title="bbox 2066 3019 3565 3102">
    <p class='ocr_par' dir='ltr' id='par_1_57' title="bbox 2066 3019 3565 3102">
     <span class='ocr_line' id='line_1_63' title="bbox 2066 3019 3565 3102; baseline 0.011 -28"><span class='ocrx_word' id='word_1_409' title='bbox 2066 3019 2242 3076; x_wconf 89' lang='lat' dir='ltr'><strong>Sicuti</strong></span> <span class='ocrx_word' id='word_1_410' title='bbox 2271 3022 2543 3092; x_wconf 83' lang='lat' dir='ltr'><strong>perfectus</strong></span> <span class='ocrx_word' id='word_1_411' title='bbox 2581 3025 2746 3080; x_wconf 89' lang='lat' dir='ltr'><strong>homo</strong></span> <span class='ocrx_word' id='word_1_412' title='bbox 2766 3067 2782 3093; x_wconf 92' lang='lat'><strong>,</strong></span> <span class='ocrx_word' id='word_1_413' title='bbox 2814 3024 2975 3081; x_wconf 87' lang='lat' dir='ltr'><strong>Deum</strong></span> <span class='ocrx_word' id='word_1_414' title='bbox 3004 3037 3111 3082; x_wconf 81' lang='lat' dir='ltr'><strong>tota</strong></span> <span class='ocrx_word' id='word_1_415' title='bbox 3138 3033 3340 3099; x_wconf 81' lang='lat' dir='ltr'><strong>anima,</strong></span> <span class='ocrx_word' id='word_1_416' title='bbox 3365 3035 3565 3102; x_wconf 85' lang='lat' dir='ltr'><strong>nervis,</strong></span> 
     </span>
    </p>
   </div>
   <div class='ocr_carea' id='block_1_58' title="bbox 324 3105 1898 3194">
    <p class='ocr_par' dir='ltr' id='par_1_58' title="bbox 324 3105 1892 3194">
     <span class='ocr_line' id='line_1_64' title="bbox 324 3105 1892 3194; baseline 0.013 -38"><span class='ocrx_word' id='word_1_417' title='bbox 324 3105 506 3176; x_wconf 72' lang='grc' dir='ltr'>ἰσχύος</span> <span class='ocrx_word' id='word_1_418' title='bbox 533 3109 721 3179; x_wconf 80' lang='grc' dir='ltr'>ἀγαπᾷ</span> <span class='ocrx_word' id='word_1_419' title='bbox 749 3108 841 3161; x_wconf 83' lang='grc' dir='ltr'><strong>τὸν</strong></span> <span class='ocrx_word' id='word_1_420' title='bbox 864 3110 1013 3175; x_wconf 85' lang='grc' dir='ltr'>Θεὸν,</span> <span class='ocrx_word' id='word_1_421' title='bbox 1045 3115 1105 3166; x_wconf 83' lang='grc' dir='ltr'><strong>οὐ</strong></span> <span class='ocrx_word' id='word_1_422' title='bbox 1134 3114 1373 3169; x_wconf 89' lang='grc' dir='ltr'>διασπῶν</span> <span class='ocrx_word' id='word_1_423' title='bbox 1398 3119 1496 3182; x_wconf 80' lang='grc' dir='ltr'><strong>τὰς</strong></span> <span class='ocrx_word' id='word_1_424' title='bbox 1518 3119 1774 3192; x_wconf 86' lang='grc' dir='ltr'>δυνάμεις</span> <span class='ocrx_word' id='word_1_425' title='bbox 1795 3124 1892 3194; x_wconf 81' lang='grc' dir='ltr'>τῆς</span> 
     </span>
    </p>
   </div>
   <div class='ocr_carea' id='block_1_59' title="bbox 1999 3105 3570 3194">
    <p class='ocr_par' dir='ltr' id='par_1_59' title="bbox 1999 3114 3570 3187">
     <span class='ocr_line' id='line_1_65' title="bbox 1999 3114 3570 3187; baseline 0.008 -22"><span class='ocrx_word' id='word_1_426' title='bbox 1999 3127 2057 3167; x_wconf 83' lang='lat' dir='ltr'><strong>ac</strong></span> <span class='ocrx_word' id='word_1_427' title='bbox 2088 3114 2293 3167; x_wconf 76' lang='lat' dir='ltr'><strong>viribus</strong></span> <span class='ocrx_word' id='word_1_428' title='bbox 2326 3125 2472 3170; x_wconf 89' lang='lat' dir='ltr'><strong>amat</strong></span> <span class='ocrx_word' id='word_1_429' title='bbox 2498 3155 2513 3181; x_wconf 91' lang='lat'><strong>,</strong></span> <span class='ocrx_word' id='word_1_430' title='bbox 2546 3116 2685 3171; x_wconf 86' lang='lat' dir='ltr'><strong>haud</strong></span> <span class='ocrx_word' id='word_1_431' title='bbox 2714 3119 2963 3187; x_wconf 89' lang='lat' dir='ltr'><strong>equidem</strong></span> <span class='ocrx_word' id='word_1_432' title='bbox 2994 3122 3198 3177; x_wconf 90' lang='lat' dir='ltr'><strong>amoris</strong></span> <span class='ocrx_word' id='word_1_433' title='bbox 3225 3125 3307 3178; x_wconf 90' lang='lat' dir='ltr'><strong>sui</strong></span> <span class='ocrx_word' id='word_1_434' title='bbox 3345 3125 3570 3183; x_wconf 83' lang='lat' dir='ltr'><strong>faculta-</strong></span> 
     </span>
    </p>
   </div>
   <div class='ocr_carea' id='block_1_60' title="bbox 322 3198 1890 3285">
    <p class='ocr_par' dir='ltr' id='par_1_60' title="bbox 322 3198 1890 3285">
     <span class='ocr_line' id='line_1_66' title="bbox 322 3198 1890 3285; baseline 0.01 -35"><span class='ocrx_word' id='word_1_435' title='bbox 322 3198 516 3251; x_wconf 78' lang='grc' dir='ltr'>ἑαυτοῦ</span> <span class='ocrx_word' id='word_1_436' title='bbox 564 3201 781 3272; x_wconf 86' lang='grc' dir='ltr'>ἀγάπης</span> <span class='ocrx_word' id='word_1_437' title='bbox 826 3204 953 3274; x_wconf 79' lang='grc' dir='ltr'>περὶ</span> <span class='ocrx_word' id='word_1_438' title='bbox 990 3204 1114 3259; x_wconf 80' lang='grc' dir='ltr'>ἀλλο</span> <span class='ocrx_word' id='word_1_439' title='bbox 1145 3223 1221 3271; x_wconf 88' lang='grc' dir='ltr'><strong>τι,</strong></span> <span class='ocrx_word' id='word_1_440' title='bbox 1260 3208 1373 3261; x_wconf 77' lang='grc' dir='ltr'>ἀλλ’</span> <span class='ocrx_word' id='word_1_441' title='bbox 1407 3207 1543 3274; x_wconf 79' lang='grc' dir='ltr'>ὅλως</span> <span class='ocrx_word' id='word_1_442' title='bbox 1580 3212 1890 3285; x_wconf 80' lang='grc' dir='ltr'>ἀνηρτημέ-</span> 
     </span>
    </p>
   </div>
   <div class='ocr_carea' id='block_1_61' title="bbox 319 3292 1890 3380">
    <p class='ocr_par' dir='ltr' id='par_1_61' title="bbox 319 3292 1890 3380">
     <span class='ocr_line' id='line_1_67' title="bbox 319 3292 1890 3380; baseline 0.013 -38"><span class='ocrx_word' id='word_1_443' title='bbox 319 3307 409 3354; x_wconf 85' lang='grc' dir='ltr'><strong>νος</strong></span> <span class='ocrx_word' id='word_1_444' title='bbox 444 3292 604 3362; x_wconf 85' lang='grc' dir='ltr'>μόνου</span> <span class='ocrx_word' id='word_1_445' title='bbox 641 3293 735 3346; x_wconf 85' lang='grc' dir='ltr'><strong>τοῦ</strong></span> <span class='ocrx_word' id='word_1_446' title='bbox 765 3293 920 3360; x_wconf 83' lang='grc' dir='ltr'>Θεοῦ,</span> <span class='ocrx_word' id='word_1_447' title='bbox 950 3296 1122 3362; x_wconf 77' lang='grc' dir='ltr'>οὕτως</span> <span class='ocrx_word' id='word_1_448' title='bbox 1160 3301 1253 3353; x_wconf 76' lang='grc' dir='ltr'><strong>καὶ</strong></span> <span class='ocrx_word' id='word_1_449' title='bbox 1280 3302 1441 3366; x_wconf 79' lang='grc' dir='ltr'>αὐτὸς</span> <span class='ocrx_word' id='word_1_450' title='bbox 1471 3304 1529 3356; x_wconf 84' lang='grc' dir='ltr'><strong>ἐν</strong></span> <span class='ocrx_word' id='word_1_451' title='bbox 1561 3305 1658 3377; x_wconf 81' lang='grc' dir='ltr'><strong>ὅλῃ</strong></span> <span class='ocrx_word' id='word_1_452' title='bbox 1695 3309 1890 3380; x_wconf 74' lang='grc' dir='ltr'>καρδίᾳ</span> 
     </span>
    </p>
   </div>
   <div class='ocr_carea' id='block_1_62' title="bbox 317 3385 1887 3472">
    <p class='ocr_par' dir='ltr' id='par_1_62' title="bbox 317 3385 1887 3472">
     <span class='ocr_line' id='line_1_68' title="bbox 317 3385 1887 3472; baseline 0.011 -34"><span class='ocrx_word' id='word_1_453' title='bbox 317 3385 711 3457; x_wconf 82' lang='grc' dir='ltr'>ὲξομολογεῖται</span> <span class='ocrx_word' id='word_1_454' title='bbox 764 3389 1099 3461; x_wconf 83' lang='grc' dir='ltr'>εὐχαριστῶν</span> <span class='ocrx_word' id='word_1_455' title='bbox 1146 3392 1225 3464; x_wconf 80' lang='grc' dir='ltr'>τῷ</span> <span class='ocrx_word' id='word_1_456' title='bbox 1271 3394 1410 3466; x_wconf 82' lang='grc' dir='ltr'>Θεῷ.</span> <span class='ocrx_word' id='word_1_457' title='bbox 1457 3396 1686 3468; x_wconf 87' lang='grc' dir='ltr'>Θαρσῶν</span> <span class='ocrx_word' id='word_1_458' title='bbox 1731 3400 1787 3453; x_wconf 85' lang='grc' dir='ltr'>δὲ</span> <span class='ocrx_word' id='word_1_459' title='bbox 1823 3404 1887 3472; x_wconf 83' lang='grc' dir='ltr'>τῇ</span> 
     </span>
    </p>
   </div>
   <div class='ocr_carea' id='block_1_63' title="bbox 314 3476 1889 3559">
    <p class='ocr_par' dir='ltr' id='par_1_63' title="bbox 314 3476 1889 3559">
     <span class='ocr_line' id='line_1_69' title="bbox 314 3476 1889 3559; baseline 0.008 -31"><span class='ocrx_word' id='word_1_460' title='bbox 314 3476 535 3547; x_wconf 83' lang='grc' dir='ltr'>τοιαύτῃ</span> <span class='ocrx_word' id='word_1_461' title='bbox 569 3476 734 3530; x_wconf 82' lang='grc' dir='ltr'>αὑτοῦ</span> <span class='ocrx_word' id='word_1_462' title='bbox 769 3480 1079 3551; x_wconf 76' lang='grc' dir='ltr'>παρρησίᾳ,</span> <span class='ocrx_word' id='word_1_463' title='bbox 1106 3481 1200 3535; x_wconf 67' lang='grc' dir='ltr'><strong>καὶ</strong></span> <span class='ocrx_word' id='word_1_464' title='bbox 1244 3482 1421 3547; x_wconf 82' lang='grc' dir='ltr'>εἰδὼς,</span> <span class='ocrx_word' id='word_1_465' title='bbox 1454 3485 1536 3538; x_wconf 84' lang='grc' dir='ltr'>ὅτι</span> <span class='ocrx_word' id='word_1_466' title='bbox 1566 3486 1623 3539; x_wconf 86' lang='grc' dir='ltr'><strong>ἐν</strong></span> <span class='ocrx_word' id='word_1_467' title='bbox 1670 3487 1889 3559; x_wconf 86' lang='grc' dir='ltr'>μεγάλῳ</span> 
     </span>
    </p>
   </div>
   <div class='ocr_carea' id='block_1_64' title="bbox 315 3568 1888 3647">
    <p class='ocr_par' dir='ltr' id='par_1_64' title="bbox 315 3568 1888 3647">
     <span class='ocr_line' id='line_1_70' title="bbox 315 3568 1888 3647; baseline 0.008 -26"><span class='ocrx_word' id='word_1_468' title='bbox 315 3568 526 3641; x_wconf 84' lang='grc' dir='ltr'>θεάτρῳ</span> <span class='ocrx_word' id='word_1_469' title='bbox 566 3570 644 3640; x_wconf 82' lang='grc' dir='ltr'><strong>τῷ</strong></span> <span class='ocrx_word' id='word_1_470' title='bbox 686 3570 795 3623; x_wconf 88' lang='grc' dir='ltr'><strong>τῶν</strong></span> <span class='ocrx_word' id='word_1_471' title='bbox 836 3572 1134 3644; x_wconf 86' lang='grc' dir='ltr'>ἀνθρώπων</span> <span class='ocrx_word' id='word_1_472' title='bbox 1167 3574 1287 3645; x_wconf 80' lang='grc' dir='ltr'>βίῳ,</span> <span class='ocrx_word' id='word_1_473' title='bbox 1325 3575 1483 3630; x_wconf 88' lang='grc' dir='ltr'>θείων</span> <span class='ocrx_word' id='word_1_474' title='bbox 1516 3578 1762 3647; x_wconf 86' lang='grc' dir='ltr'>ἀγγέλων</span> <span class='ocrx_word' id='word_1_475' title='bbox 1796 3581 1888 3634; x_wconf 79' lang='grc' dir='ltr'>καὶ</span> 
     </span>
    </p>
   </div>
   <div class='ocr_carea' id='block_1_65' title="bbox 314 3654 1887 3737">
    <p class='ocr_par' dir='ltr' id='par_1_65' title="bbox 314 3654 1887 3737">
     <span class='ocr_line' id='line_1_71' title="bbox 314 3654 1887 3737; baseline 0.011 -30"><span class='ocrx_word' id='word_1_476' title='bbox 314 3654 641 3727; x_wconf 81' lang='grc' dir='ltr'>λειτουργῶν</span> <span class='ocrx_word' id='word_1_477' title='bbox 683 3658 817 3712; x_wconf 85' lang='grc' dir='ltr'>Θεοῦ</span> <span class='ocrx_word' id='word_1_478' title='bbox 861 3659 1200 3732; x_wconf 76' lang='grc' dir='ltr'>ἐφορώντων,</span> <span class='ocrx_word' id='word_1_479' title='bbox 1244 3665 1338 3718; x_wconf 79' lang='grc' dir='ltr'>καὶ</span> <span class='ocrx_word' id='word_1_480' title='bbox 1378 3665 1664 3737; x_wconf 86' lang='grc' dir='ltr'>θεωμένων</span> <span class='ocrx_word' id='word_1_481' title='bbox 1696 3670 1791 3734; x_wconf 90' lang='grc' dir='ltr'><strong>τάς</strong></span> <span class='ocrx_word' id='word_1_482' title='bbox 1829 3673 1887 3724; x_wconf 89' lang='grc' dir='ltr'><strong>ἐν</strong></span> 
     </span>
    </p>
   </div>
   <div class='ocr_carea' id='block_1_66' title="bbox 314 3746 1885 3829">
    <p class='ocr_par' dir='ltr' id='par_1_66' title="bbox 314 3746 1885 3829">
     <span class='ocr_line' id='line_1_72' title="bbox 314 3746 1885 3829; baseline 0.012 -32"><span class='ocrx_word' id='word_1_483' title='bbox 314 3746 433 3817; x_wconf 83' lang='grc' dir='ltr'>Θεῷ</span> <span class='ocrx_word' id='word_1_484' title='bbox 480 3752 759 3819; x_wconf 78' lang='grc' dir='ltr'>προκοπὰς</span> <span class='ocrx_word' id='word_1_485' title='bbox 793 3753 987 3817; x_wconf 79' lang='grc' dir='ltr'>αὑτοῦ,</span> <span class='ocrx_word' id='word_1_486' title='bbox 1034 3756 1134 3828; x_wconf 83' lang='grc' dir='ltr'><strong>τὴν</strong></span> <span class='ocrx_word' id='word_1_487' title='bbox 1174 3759 1554 3829; x_wconf 71' lang='grc' dir='ltr'>προσήκουσαν</span> <span class='ocrx_word' id='word_1_488' title='bbox 1598 3761 1885 3818; x_wconf 83' lang='grc' dir='ltr'>ἀποδίδωσι</span> 
     </span>
    </p>
   </div>
   <div class='ocr_carea' id='block_1_67' title="bbox 312 3838 1886 3926">
    <p class='ocr_par' dir='ltr' id='par_1_67' title="bbox 312 3838 1886 3926">
     <span class='ocr_line' id='line_1_73' title="bbox 312 3838 1886 3926; baseline 0.011 -35"><span class='ocrx_word' id='word_1_489' title='bbox 312 3838 390 3909; x_wconf 78' lang='grc' dir='ltr'>τῷ</span> <span class='ocrx_word' id='word_1_490' title='bbox 424 3839 541 3909; x_wconf 84' lang='grc' dir='ltr'>Θεῷ</span> <span class='ocrx_word' id='word_1_491' title='bbox 578 3841 856 3911; x_wconf 86' lang='grc' dir='ltr'>λατρείαν,</span> <span class='ocrx_word' id='word_1_492' title='bbox 892 3848 985 3899; x_wconf 86' lang='grc' dir='ltr'><strong>καί</strong></span> <span class='ocrx_word' id='word_1_493' title='bbox 1032 3865 1219 3918; x_wconf 80' lang='grc' dir='ltr'>φησιν·</span> <span class='ocrx_word' id='word_1_494' title='bbox 1253 3850 1364 3903; x_wconf 78' lang='grc' dir='ltr'><strong>Καὶ</strong></span> <span class='ocrx_word' id='word_1_495' title='bbox 1397 3852 1674 3907; x_wconf 80' lang='grc' dir='ltr'>ἐναντίον</span> <span class='ocrx_word' id='word_1_496' title='bbox 1716 3854 1886 3926; x_wconf 71' lang='grc' dir='ltr'>ἀγγέ-</span> 
     </span>
    </p>
   </div>
   <div class='ocr_carea' id='block_1_68' title="bbox 1994 3207 3566 3280">
    <p class='ocr_par' dir='ltr' id='par_1_68' title="bbox 1994 3207 3566 3280">
     <span class='ocr_line' id='line_1_74' title="bbox 1994 3207 3566 3280; baseline 0.01 -21"><span class='ocrx_word' id='word_1_497' title='bbox 1994 3216 2072 3261; x_wconf 86' lang='lat' dir='ltr'><strong>tes</strong></span> <span class='ocrx_word' id='word_1_498' title='bbox 2104 3207 2418 3263; x_wconf 84' lang='lat' dir='ltr'><strong>distrabens</strong></span> <span class='ocrx_word' id='word_1_499' title='bbox 2445 3211 2512 3264; x_wconf 90' lang='lat' dir='ltr'><strong>ad</strong></span> <span class='ocrx_word' id='word_1_500' title='bbox 2547 3211 2692 3265; x_wconf 90' lang='lat' dir='ltr'><strong>aliud</strong></span> <span class='ocrx_word' id='word_1_501' title='bbox 2718 3213 2935 3280; x_wconf 86' lang='lat' dir='ltr'><strong>quidvis</strong></span> <span class='ocrx_word' id='word_1_502' title='bbox 2960 3252 2975 3278; x_wconf 89' lang='lat'><strong>,</strong></span> <span class='ocrx_word' id='word_1_503' title='bbox 3010 3214 3103 3268; x_wconf 87' lang='lat' dir='ltr'><strong>sed</strong></span> <span class='ocrx_word' id='word_1_504' title='bbox 3130 3230 3159 3267; x_wconf 92' lang='lat' dir='ltr'><strong>a</strong></span> <span class='ocrx_word' id='word_1_505' title='bbox 3188 3215 3301 3271; x_wconf 86' lang='lat' dir='ltr'><strong>solo</strong></span> <span class='ocrx_word' id='word_1_506' title='bbox 3335 3218 3444 3272; x_wconf 88' lang='lat' dir='ltr'><strong>Deo</strong></span> <span class='ocrx_word' id='word_1_507' title='bbox 3473 3220 3566 3274; x_wconf 86' lang='lat' dir='ltr'><strong>de-</strong></span> 
     </span>
    </p>
   </div>
   <div class='ocr_carea' id='block_1_69' title="bbox 1989 3299 3559 3376">
    <p class='ocr_par' dir='ltr' id='par_1_69' title="bbox 1989 3299 3559 3376">
     <span class='ocr_line' id='line_1_75' title="bbox 1989 3299 3559 3376; baseline 0.009 -26"><span class='ocrx_word' id='word_1_508' title='bbox 1989 3299 2260 3366; x_wconf 91' lang='lat' dir='ltr'><strong>pendens;</strong></span> <span class='ocrx_word' id='word_1_509' title='bbox 2311 3300 2393 3353; x_wconf 91' lang='lat' dir='ltr'><strong>sic</strong></span> <span class='ocrx_word' id='word_1_510' title='bbox 2444 3309 2500 3354; x_wconf 91' lang='lat' dir='ltr'><strong>et</strong></span> <span class='ocrx_word' id='word_1_511' title='bbox 2556 3300 2838 3357; x_wconf 80' lang='lat' dir='ltr'><strong>Psaltnista</strong></span> <span class='ocrx_word' id='word_1_512' title='bbox 2894 3314 3005 3358; x_wconf 90' lang='lat' dir='ltr'><strong>toto</strong></span> <span class='ocrx_word' id='word_1_513' title='bbox 3053 3305 3217 3361; x_wconf 88' lang='lat' dir='ltr'><strong>corde</strong></span> <span class='ocrx_word' id='word_1_514' title='bbox 3249 3312 3559 3376; x_wconf 79' lang='lat' dir='ltr'><strong>confitetur,</strong></span> 
     </span>
    </p>
   </div>
   <div class='ocr_carea' id='block_1_70' title="bbox 1988 3388 3560 3468">
    <p class='ocr_par' dir='ltr' id='par_1_70' title="bbox 1988 3388 3560 3468">
     <span class='ocr_line' id='line_1_76' title="bbox 1988 3388 3560 3468; baseline 0.01 -28"><span class='ocrx_word' id='word_1_515' title='bbox 1988 3388 2192 3457; x_wconf 85' lang='lat' dir='ltr'><strong>gratias</strong></span> <span class='ocrx_word' id='word_1_516' title='bbox 2222 3406 2387 3456; x_wconf 77' lang='lat' dir='ltr'><strong>agens</strong></span> <span class='ocrx_word' id='word_1_517' title='bbox 2428 3391 2555 3445; x_wconf 88' lang='lat' dir='ltr'><strong>Deo.</strong></span> <span class='ocrx_word' id='word_1_518' title='bbox 2582 3391 2717 3446; x_wconf 90' lang='lat' dir='ltr'><strong>Tum</strong></span> <span class='ocrx_word' id='word_1_519' title='bbox 2743 3394 2916 3448; x_wconf 81' lang='lat' dir='ltr'><strong>elatus</strong></span> <span class='ocrx_word' id='word_1_520' title='bbox 2950 3394 3050 3450; x_wconf 86' lang='lat' dir='ltr'><strong>hac</strong></span> <span class='ocrx_word' id='word_1_521' title='bbox 3080 3411 3175 3450; x_wconf 91' lang='lat' dir='ltr'><strong>sua</strong></span> <span class='ocrx_word' id='word_1_522' title='bbox 3211 3396 3403 3454; x_wconf 84' lang='lat' dir='ltr'><strong>fiducia</strong></span> <span class='ocrx_word' id='word_1_523' title='bbox 3428 3441 3445 3468; x_wconf 92' lang='lat'><strong>,</strong></span> <span class='ocrx_word' id='word_1_524' title='bbox 3480 3403 3560 3456; x_wconf 90' lang='lat' dir='ltr'><strong>vi-</strong></span> 
     </span>
    </p>
   </div>
   <div class='ocr_carea' id='block_1_71' title="bbox 1987 3478 3564 3551">
    <p class='ocr_par' dir='ltr' id='par_1_71' title="bbox 1987 3478 3564 3551">
     <span class='ocr_line' id='line_1_77' title="bbox 1987 3478 3564 3551; baseline 0.008 -20"><span class='ocrx_word' id='word_1_525' title='bbox 1987 3478 2224 3548; x_wconf 84' lang='lat' dir='ltr'><strong>densque</strong></span> <span class='ocrx_word' id='word_1_526' title='bbox 2271 3494 2330 3534; x_wconf 88' lang='lat' dir='ltr'><strong>se</strong></span> <span class='ocrx_word' id='word_1_527' title='bbox 2369 3480 2420 3533; x_wconf 91' lang='lat' dir='ltr'><strong>in</strong></span> <span class='ocrx_word' id='word_1_528' title='bbox 2470 3497 2662 3551; x_wconf 80' lang='lat' dir='ltr'><strong>magno</strong></span> <span class='ocrx_word' id='word_1_529' title='bbox 2698 3484 2945 3538; x_wconf 76' lang='lat' dir='ltr'><strong>humana:</strong></span> <span class='ocrx_word' id='word_1_530' title='bbox 2984 3484 3104 3538; x_wconf 67' lang='lat' dir='ltr'><strong>vitae</strong></span> <span class='ocrx_word' id='word_1_531' title='bbox 3159 3486 3394 3549; x_wconf 87' lang='lat' dir='ltr'><strong>theatro.</strong></span> <span class='ocrx_word' id='word_1_532' title='bbox 3442 3505 3564 3544; x_wconf 85' lang='lat' dir='ltr'><strong>nec-</strong></span> 
     </span>
    </p>
   </div>
   <div class='ocr_carea' id='block_1_72' title="bbox 1988 3570 3560 3647">
    <p class='ocr_par' dir='ltr' id='par_1_72' title="bbox 1988 3570 3560 3647">
     <span class='ocr_line' id='line_1_78' title="bbox 1988 3570 3560 3647; baseline 0.008 -24"><span class='ocrx_word' id='word_1_533' title='bbox 1988 3583 2092 3623; x_wconf 92' lang='lat' dir='ltr'><strong>non</strong></span> <span class='ocrx_word' id='word_1_534' title='bbox 2150 3570 2451 3626; x_wconf 69' lang='lat' dir='ltr'><strong>coelestium</strong></span> <span class='ocrx_word' id='word_1_535' title='bbox 2492 3574 2805 3642; x_wconf 77' lang='lat' dir='ltr'><strong>angelorum</strong></span> <span class='ocrx_word' id='word_1_536' title='bbox 2838 3613 2853 3638; x_wconf 91' lang='lat'><strong>,</strong></span> <span class='ocrx_word' id='word_1_537' title='bbox 2887 3576 2978 3643; x_wconf 88' lang='lat' dir='ltr'><strong>qui</strong></span> <span class='ocrx_word' id='word_1_538' title='bbox 3028 3574 3197 3645; x_wconf 89' lang='lat' dir='ltr'><strong>ipsius</strong></span> <span class='ocrx_word' id='word_1_539' title='bbox 3222 3580 3360 3647; x_wconf 87' lang='lat' dir='ltr'><strong>apud</strong></span> <span class='ocrx_word' id='word_1_540' title='bbox 3392 3578 3560 3635; x_wconf 87' lang='lat' dir='ltr'><strong>Deum</strong></span> 
     </span>
    </p>
   </div>
   <div class='ocr_carea' id='block_1_73' title="bbox 1987 3658 3560 3732">
    <p class='ocr_par' dir='ltr' id='par_1_73' title="bbox 1987 3658 3560 3732">
     <span class='ocr_line' id='line_1_79' title="bbox 1987 3658 3560 3732; baseline 0.01 -21"><span class='ocrx_word' id='word_1_541' title='bbox 1987 3658 2286 3730; x_wconf 65' lang='lat' dir='ltr'><strong>profectum</strong></span> <span class='ocrx_word' id='word_1_542' title='bbox 2321 3673 2567 3732; x_wconf 88' lang='lat' dir='ltr'><strong>spectant</strong></span> <span class='ocrx_word' id='word_1_543' title='bbox 2591 3704 2606 3728; x_wconf 93' lang='lat'><strong>,</strong></span> <span class='ocrx_word' id='word_1_544' title='bbox 2637 3667 3040 3720; x_wconf 81' lang='lat' dir='ltr'><strong>convenientem</strong></span> <span class='ocrx_word' id='word_1_545' title='bbox 3076 3667 3183 3719; x_wconf 90' lang='lat' dir='ltr'><strong>Deo</strong></span> <span class='ocrx_word' id='word_1_546' title='bbox 3214 3669 3404 3723; x_wconf 90' lang='lat' dir='ltr'><strong>tribuit</strong></span> <span class='ocrx_word' id='word_1_547' title='bbox 3443 3672 3560 3726; x_wconf 83' lang='lat' dir='ltr'><strong>cul-</strong></span> 
     </span>
    </p>
   </div>
   <div class='ocr_carea' id='block_1_74' title="bbox 1986 3756 3558 3831">
    <p class='ocr_par' dir='ltr' id='par_1_74' title="bbox 1986 3756 3558 3831">
     <span class='ocr_line' id='line_1_80' title="bbox 1986 3756 3558 3831; baseline 0.007 -25"><span class='ocrx_word' id='word_1_548' title='bbox 1986 3761 2138 3818; x_wconf 89' lang='lat' dir='ltr'><strong>tum,</strong></span> <span class='ocrx_word' id='word_1_549' title='bbox 2186 3756 2368 3825; x_wconf 86' lang='lat' dir='ltr'><strong>aitque</strong></span> <span class='ocrx_word' id='word_1_550' title='bbox 2402 3772 2417 3811; x_wconf 90' lang='lat'><strong>:</strong></span> <span class='ocrx_word' id='word_1_551' title='bbox 2457 3756 2522 3810; x_wconf 84' lang='lat' dir='ltr'><strong>Et</strong></span> <span class='ocrx_word' id='word_1_552' title='bbox 2564 3757 2619 3811; x_wconf 81' lang='lat' dir='ltr'><strong>t’n</strong></span> <span class='ocrx_word' id='word_1_553' title='bbox 2665 3773 2939 3826; x_wconf 75' lang='lat' dir='ltr'><strong>conspectu</strong></span> <span class='ocrx_word' id='word_1_554' title='bbox 2978 3760 3285 3831; x_wconf 81' lang='lat' dir='ltr'><strong>angelorum</strong></span> <span class='ocrx_word' id='word_1_555' title='bbox 3328 3762 3558 3831; x_wconf 73' lang='lat' dir='ltr'><strong>psallam</strong></span> 
     </span>
    </p>
   </div>
   <div class='ocr_carea' id='block_1_75' title="bbox 1982 3845 2098 3900">
    <p class='ocr_par' dir='ltr' id='par_1_75' title="bbox 1982 3845 2098 3900">
     <span class='ocr_line' id='line_1_81' title="bbox 1982 3845 2098 3900; baseline 0.017 -2"><span class='ocrx_word' id='word_1_556' title='bbox 1982 3845 2098 3900; x_wconf 75' lang='lat' dir='ltr'><strong>tibi.</strong></span> 
     </span>
    </p>
   </div>
   <div class='ocr_carea' id='block_1_76' title="bbox 311 3930 781 3986">
    <p class='ocr_par' dir='ltr' id='par_1_76' title="bbox 311 3930 781 3986">
     <span class='ocr_line' id='line_1_82' title="bbox 311 3930 781 3986; baseline 0.006 -3"><span class='ocrx_word' id='word_1_557' title='bbox 311 3933 436 3983; x_wconf 71' lang='grc' dir='ltr'><strong>λων</strong></span> <span class='ocrx_word' id='word_1_558' title='bbox 461 3930 638 3986; x_wconf 60' lang='grc' dir='ltr'>ψαλῶ</span> <span class='ocrx_word' id='word_1_559' title='bbox 663 3950 781 3986; x_wconf 62' lang='grc' dir='ltr'>σοι.</span> 
     </span>
    </p>
   </div>
   <div class='ocr_carea' id='block_1_77' title="bbox 460 3936 1898 4100">
    <p class='ocr_par' dir='ltr' id='par_1_77' title="bbox 460 3936 1725 4100">
     <span class='ocr_line' id='line_1_83' title="bbox 461 3936 781 3999; baseline 0.013 -17"><span class='ocrx_word' id='word_1_560' title='bbox 461 3936 638 3999; x_wconf 71' lang='grc' dir='ltr'>ψαλῶ</span> <span class='ocrx_word' id='word_1_561' title='bbox 663 3950 781 3986; x_wconf 62' lang='grc' dir='ltr'>σοι.</span> 
     </span>
     <span class='ocr_line' id='line_1_84' title="bbox 460 4023 1725 4100; baseline 0.013 -25"><span class='ocrx_word' id='word_1_562' title='bbox 460 4023 875 4091; x_wconf 72' lang='grc' dir='ltr'>Προσκυνήσω</span> <span class='ocrx_word' id='word_1_563' title='bbox 905 4029 1054 4095; x_wconf 83' lang='grc' dir='ltr'>πρὸς</span> <span class='ocrx_word' id='word_1_564' title='bbox 1081 4028 1188 4082; x_wconf 79' lang='grc' dir='ltr'>τόν</span> <span class='ocrx_word' id='word_1_565' title='bbox 1212 4031 1365 4084; x_wconf 75' lang='grc' dir='ltr'>ναόν</span> <span class='ocrx_word' id='word_1_566' title='bbox 1394 4032 1566 4100; x_wconf 76' lang='grc' dir='ltr'>ἅγιόν</span> <span class='ocrx_word' id='word_1_567' title='bbox 1589 4052 1725 4090; x_wconf 86' lang='grc' dir='ltr'>σου.</span> 
     </span>
    </p>
   </div>
   <div class='ocr_carea' id='block_1_78' title="bbox 1999 3936 3450 4100">
    <p class='ocr_par' dir='ltr' id='par_1_78' title="bbox 2078 4026 3450 4099">
     <span class='ocr_line' id='line_1_85' title="bbox 2078 4026 3450 4099; baseline 0.008 -18"><span class='ocrx_word' id='word_1_568' title='bbox 2078 4026 2243 4084; x_wconf 71' lang='lat' dir='ltr'><strong>Vens.</strong></span> <span class='ocrx_word' id='word_1_569' title='bbox 2271 4028 2324 4084; x_wconf 75' lang='lat'><strong>2.</strong></span> <span class='ocrx_word' id='word_1_570' title='bbox 2354 4028 2601 4085; x_wconf 83' lang='lat' dir='ltr'><strong>Adorabo</strong></span> <span class='ocrx_word' id='word_1_571' title='bbox 2633 4031 2702 4084; x_wconf 85' lang='lat' dir='ltr'><strong>ad</strong></span> <span class='ocrx_word' id='word_1_572' title='bbox 2728 4030 2976 4099; x_wconf 83' lang='lat' dir='ltr'><strong>templum</strong></span> <span class='ocrx_word' id='word_1_573' title='bbox 3008 4043 3250 4088; x_wconf 76' lang='lat' dir='ltr'><strong>sanctum</strong></span> <span class='ocrx_word' id='word_1_574' title='bbox 3283 4044 3450 4091; x_wconf 86' lang='lat' dir='ltr'><strong>tuum.</strong></span> 
     </span>
    </p>
   </div>
   <div class='ocr_carea' id='block_1_79' title="bbox 381 4115 1898 4203">
    <p class='ocr_par' dir='ltr' id='par_1_79' title="bbox 381 4115 1882 4203">
     <span class='ocr_line' id='line_1_86' title="bbox 381 4115 1882 4203; baseline 0.012 -36"><span class='ocrx_word' id='word_1_575' title='bbox 381 4115 714 4187; x_wconf 84' lang='grc' dir='ltr'>Προσκυνεῖν</span> <span class='ocrx_word' id='word_1_576' title='bbox 765 4119 1156 4188; x_wconf 82' lang='grc' dir='ltr'>ἐπαγγέλλεται</span> <span class='ocrx_word' id='word_1_577' title='bbox 1204 4124 1343 4195; x_wconf 83' lang='grc' dir='ltr'>πρὸς</span> <span class='ocrx_word' id='word_1_578' title='bbox 1385 4128 1511 4182; x_wconf 85' lang='grc' dir='ltr'>ναὸν</span> <span class='ocrx_word' id='word_1_579' title='bbox 1564 4128 1736 4197; x_wconf 76' lang='grc' dir='ltr'>ἅγιον,</span> <span class='ocrx_word' id='word_1_580' title='bbox 1784 4130 1882 4203; x_wconf 78' lang='grc' dir='ltr'>τὴν</span> 
     </span>
    </p>
   </div>
   <div class='ocr_carea' id='block_1_80' title="bbox 1999 4115 3557 4203">
    <p class='ocr_par' dir='ltr' id='par_1_80' title="bbox 2050 4122 3557 4193">
     <span class='ocr_line' id='line_1_87' title="bbox 2050 4122 3557 4193; baseline 0.006 -20"><span class='ocrx_word' id='word_1_581' title='bbox 2050 4122 2412 4176; x_wconf 81' lang='lat' dir='ltr'><strong>Adoraturum</strong></span> <span class='ocrx_word' id='word_1_582' title='bbox 2448 4137 2509 4177; x_wconf 85' lang='lat' dir='ltr'><strong>se</strong></span> <span class='ocrx_word' id='word_1_583' title='bbox 2544 4122 2770 4191; x_wconf 87' lang='lat' dir='ltr'><strong>spondet</strong></span> <span class='ocrx_word' id='word_1_584' title='bbox 2800 4122 2852 4175; x_wconf 90' lang='lat' dir='ltr'><strong>iu</strong></span> <span class='ocrx_word' id='word_1_585' title='bbox 2884 4134 3075 4178; x_wconf 85' lang='lat' dir='ltr'><strong>sancto</strong></span> <span class='ocrx_word' id='word_1_586' title='bbox 3106 4123 3336 4193; x_wconf 89' lang='lat' dir='ltr'><strong>templo,</strong></span> <span class='ocrx_word' id='word_1_587' title='bbox 3369 4126 3557 4182; x_wconf 80' lang='lat' dir='ltr'><strong>Eccle-</strong></span> 
     </span>
    </p>
   </div>
   <div class='ocr_carea' id='block_1_81' title="bbox 321 4203 1898 4291">
    <p class='ocr_par' dir='ltr' id='par_1_81' title="bbox 321 4203 1879 4291">
     <span class='ocr_line' id='line_1_88' title="bbox 321 4203 1879 4291; baseline 0.009 -32"><span class='ocrx_word' id='word_1_588' title='bbox 321 4203 646 4279; x_wconf 85' lang='grc' dir='ltr'>Ἐκκλησίαν</span> <span class='ocrx_word' id='word_1_589' title='bbox 669 4207 864 4279; x_wconf 86' lang='grc' dir='ltr'>δηλῶν,</span> <span class='ocrx_word' id='word_1_590' title='bbox 908 4210 941 4281; x_wconf 82' lang='grc' dir='ltr'>ἢ</span> <span class='ocrx_word' id='word_1_591' title='bbox 991 4211 1091 4283; x_wconf 86' lang='grc' dir='ltr'><strong>τὴν</strong></span> <span class='ocrx_word' id='word_1_592' title='bbox 1124 4213 1442 4283; x_wconf 80' lang='grc' dir='ltr'>ἐπουράνιον</span> <span class='ocrx_word' id='word_1_593' title='bbox 1508 4216 1879 4291; x_wconf 78' lang='grc' dir='ltr'>Ἰερουσαλὴμ,</span> 
     </span>
    </p>
   </div>
   <div class='ocr_carea' id='block_1_82' title="bbox 1999 4203 3552 4291">
    <p class='ocr_par' dir='ltr' id='par_1_82' title="bbox 1999 4211 3552 4288">
     <span class='ocr_line' id='line_1_89' title="bbox 1999 4211 3552 4288; baseline 0.007 -24"><span class='ocrx_word' id='word_1_594' title='bbox 1999 4211 2114 4266; x_wconf 71' lang='lat' dir='ltr'><strong>siam</strong></span> <span class='ocrx_word' id='word_1_595' title='bbox 2164 4214 2469 4281; x_wconf 85' lang='lat' dir='ltr'><strong>denotans,</strong></span> <span class='ocrx_word' id='word_1_596' title='bbox 2520 4214 2603 4269; x_wconf 90' lang='lat' dir='ltr'><strong>vel</strong></span> <span class='ocrx_word' id='word_1_597' title='bbox 2652 4214 2926 4269; x_wconf 76' lang='lat' dir='ltr'><strong>cmlestem</strong></span> <span class='ocrx_word' id='word_1_598' title='bbox 2985 4213 3322 4283; x_wconf 85' lang='lat' dir='ltr'><strong>Jerusalem,</strong></span> <span class='ocrx_word' id='word_1_599' title='bbox 3398 4220 3552 4288; x_wconf 86' lang='lat' dir='ltr'><strong>cujus</strong></span> 
     </span>
    </p>
   </div>
   <div class='ocr_carea' id='block_1_83' title="bbox 307 4292 1898 4380">
    <p class='ocr_par' dir='ltr' id='par_1_83' title="bbox 307 4292 1881 4380">
     <span class='ocr_line' id='line_1_90' title="bbox 307 4292 1881 4380; baseline 0.008 -29"><span class='ocrx_word' id='word_1_600' title='bbox 307 4292 376 4371; x_wconf 76' lang='grc' dir='ltr'>ἧς</span> <span class='ocrx_word' id='word_1_601' title='bbox 400 4300 573 4364; x_wconf 83' lang='grc' dir='ltr'>τύπος</span> <span class='ocrx_word' id='word_1_602' title='bbox 602 4301 630 4353; x_wconf 85' lang='grc' dir='ltr'><strong>ό</strong></span> <span class='ocrx_word' id='word_1_603' title='bbox 661 4301 753 4353; x_wconf 77' lang='grc' dir='ltr'><strong>ἐπὶ</strong></span> <span class='ocrx_word' id='word_1_604' title='bbox 779 4300 883 4370; x_wconf 82' lang='grc' dir='ltr'>γῆς</span> <span class='ocrx_word' id='word_1_605' title='bbox 915 4302 1126 4375; x_wconf 78' lang='grc' dir='ltr'>ὑπῆρχε</span> <span class='ocrx_word' id='word_1_606' title='bbox 1158 4304 1285 4367; x_wconf 90' lang='grc' dir='ltr'>ναός</span> <span class='ocrx_word' id='word_1_607' title='bbox 1306 4322 1319 4335; x_wconf 89' lang='grc'><strong>·</strong></span> <span class='ocrx_word' id='word_1_608' title='bbox 1357 4300 1476 4360; x_wconf 81' lang='grc' dir='ltr'>εἶτα</span> <span class='ocrx_word' id='word_1_609' title='bbox 1500 4307 1658 4380; x_wconf 88' lang='grc' dir='ltr'>χάριν</span> <span class='ocrx_word' id='word_1_610' title='bbox 1692 4311 1881 4380; x_wconf 85' lang='grc' dir='ltr'>ὁμολο-</span> 
     </span>
    </p>
   </div>
   <div class='ocr_carea' id='block_1_84' title="bbox 1999 4292 3550 4380">
    <p class='ocr_par' dir='ltr' id='par_1_84' title="bbox 1999 4306 3550 4379">
     <span class='ocr_line' id='line_1_91' title="bbox 1999 4306 3550 4379; baseline 0.003 -22"><span class='ocrx_word' id='word_1_611' title='bbox 1999 4314 2096 4357; x_wconf 64' lang='lat' dir='ltr'><strong>arat</strong></span> <span class='ocrx_word' id='word_1_612' title='bbox 2129 4313 2288 4375; x_wconf 89' lang='lat' dir='ltr'><strong>typus</strong></span> <span class='ocrx_word' id='word_1_613' title='bbox 2317 4314 2572 4362; x_wconf 77' lang='lat' dir='ltr'><strong>terrestre</strong></span> <span class='ocrx_word' id='word_1_614' title='bbox 2611 4306 2886 4375; x_wconf 89' lang='lat' dir='ltr'><strong>templum.</strong></span> <span class='ocrx_word' id='word_1_615' title='bbox 2923 4307 3124 4362; x_wconf 90' lang='lat' dir='ltr'><strong>Deinde</strong></span> <span class='ocrx_word' id='word_1_616' title='bbox 3156 4308 3380 4377; x_wconf 72' lang='lat' dir='ltr'><strong>gratiam</strong></span> <span class='ocrx_word' id='word_1_617' title='bbox 3427 4326 3550 4379; x_wconf 86' lang='lat' dir='ltr'><strong>pro-</strong></span> 
     </span>
    </p>
   </div>
   <div class='ocr_carea' id='block_1_85' title="bbox 307 4394 1898 4471">
    <p class='ocr_par' dir='ltr' id='par_1_85' title="bbox 307 4394 1878 4467">
     <span class='ocr_line' id='line_1_92' title="bbox 307 4394 1878 4467; baseline 0.006 -21"><span class='ocrx_word' id='word_1_618' title='bbox 307 4396 395 4461; x_wconf 86' lang='grc' dir='ltr'><strong>γεῖ</strong></span> <span class='ocrx_word' id='word_1_619' title='bbox 423 4395 778 4461; x_wconf 82' lang='grc' dir='ltr'>καταξιωθεὶς</span> <span class='ocrx_word' id='word_1_620' title='bbox 805 4394 954 4448; x_wconf 85' lang='grc' dir='ltr'>ἐλέου</span> <span class='ocrx_word' id='word_1_621' title='bbox 986 4398 1082 4451; x_wconf 77' lang='grc' dir='ltr'><strong>καὶ</strong></span> <span class='ocrx_word' id='word_1_622' title='bbox 1106 4397 1366 4467; x_wconf 85' lang='grc' dir='ltr'>ἀληθείας</span> <span class='ocrx_word' id='word_1_623' title='bbox 1399 4399 1554 4453; x_wconf 78' lang='grc' dir='ltr'>Θεοῦ.</span> <span class='ocrx_word' id='word_1_624' title='bbox 1598 4400 1738 4454; x_wconf 84' lang='grc' dir='ltr'>Ἀνθ’</span> <span class='ocrx_word' id='word_1_625' title='bbox 1761 4394 1821 4454; x_wconf 76' lang='grc' dir='ltr'>οὗ</span> <span class='ocrx_word' id='word_1_626' title='bbox 1849 4405 1878 4456; x_wconf 75' lang='grc' dir='ltr'>ὁ</span> 
     </span>
    </p>
   </div>
   <div class='ocr_carea' id='block_1_86' title="bbox 1999 4394 3546 4471">
    <p class='ocr_par' dir='ltr' id='par_1_86' title="bbox 1999 4399 3546 4471">
     <span class='ocr_line' id='line_1_93' title="bbox 1999 4399 3546 4471; baseline 0.003 -20"><span class='ocrx_word' id='word_1_627' title='bbox 1999 4399 2184 4460; x_wconf 90' lang='lat' dir='ltr'><strong>itctur,</strong></span> <span class='ocrx_word' id='word_1_628' title='bbox 2218 4400 2346 4468; x_wconf 89' lang='lat' dir='ltr'><strong>quia</strong></span> <span class='ocrx_word' id='word_1_629' title='bbox 2378 4401 2571 4471; x_wconf 75' lang='lat' dir='ltr'><strong>dignus</strong></span> <span class='ocrx_word' id='word_1_630' title='bbox 2601 4402 2672 4455; x_wconf 85' lang='lat' dir='ltr'><strong>sit</strong></span> <span class='ocrx_word' id='word_1_631' title='bbox 2715 4402 2934 4456; x_wconf 84' lang='lat' dir='ltr'><strong>habitus</strong></span> <span class='ocrx_word' id='word_1_632' title='bbox 2976 4404 3342 4457; x_wconf 86' lang='lat' dir='ltr'><strong>misericordia</strong></span> <span class='ocrx_word' id='word_1_633' title='bbox 3371 4412 3424 4456; x_wconf 87' lang='lat' dir='ltr'><strong>et</strong></span> <span class='ocrx_word' id='word_1_634' title='bbox 3453 4418 3546 4455; x_wconf 73' lang='lat' dir='ltr'><strong>Vc-</strong></span> 
     </span>
    </p>
   </div>
   <div class='ocr_carea' id='block_1_87' title="bbox 308 4469 1898 4565">
    <p class='ocr_par' dir='ltr' id='par_1_87' title="bbox 308 4483 1876 4560">
     <span class='ocr_line' id='line_1_94' title="bbox 308 4483 1876 4560; baseline 0.008 -25"><span class='ocrx_word' id='word_1_635' title='bbox 308 4483 621 4555; x_wconf 81' lang='grc' dir='ltr'>Σύμμαχος,</span> <span class='ocrx_word' id='word_1_636' title='bbox 655 4488 787 4555; x_wconf 77' lang='grc' dir='ltr'>περὶ</span> <span class='ocrx_word' id='word_1_637' title='bbox 817 4487 923 4542; x_wconf 86' lang='grc' dir='ltr'><strong>τοῦ</strong></span> <span class='ocrx_word' id='word_1_638' title='bbox 949 4487 1161 4555; x_wconf 80' lang='grc' dir='ltr'>ἐλέους</span> <span class='ocrx_word' id='word_1_639' title='bbox 1183 4506 1299 4544; x_wconf 87' lang='grc' dir='ltr'><strong>σου</strong></span> <span class='ocrx_word' id='word_1_640' title='bbox 1323 4491 1422 4545; x_wconf 82' lang='grc' dir='ltr'>καὶ</span> <span class='ocrx_word' id='word_1_641' title='bbox 1449 4490 1559 4559; x_wconf 83' lang='grc' dir='ltr'>τῆς</span> <span class='ocrx_word' id='word_1_642' title='bbox 1591 4493 1876 4560; x_wconf 74' lang='grc' dir='ltr'>ἀληθείας</span> 
     </span>
    </p>
   </div>
   <div class='ocr_carea' id='block_1_88' title="bbox 1999 4469 3549 4565">
    <p class='ocr_par' dir='ltr' id='par_1_88' title="bbox 1999 4469 3549 4565">
     <span class='ocr_line' id='line_1_95' title="bbox 1999 4469 3549 4565; baseline 0.003 -23"><span class='ocrx_word' id='word_1_643' title='bbox 1999 4490 2143 4543; x_wconf 79' lang='lat' dir='ltr'><strong>&#39;itate</strong></span> <span class='ocrx_word' id='word_1_644' title='bbox 2175 4491 2287 4546; x_wconf 87' lang='lat' dir='ltr'><strong>Dei.</strong></span> <span class='ocrx_word' id='word_1_645' title='bbox 2333 4469 2456 4546; x_wconf 46' lang='lat' dir='ltr'><strong>Pro—</strong></span> <span class='ocrx_word' id='word_1_646' title='bbox 2485 4494 2679 4562; x_wconf 87' lang='lat' dir='ltr'><strong>quibus</strong></span> <span class='ocrx_word' id='word_1_647' title='bbox 2722 4494 2904 4547; x_wconf 89' lang='lat' dir='ltr'><strong>verbis</strong></span> <span class='ocrx_word' id='word_1_648' title='bbox 2937 4493 3311 4565; x_wconf 81' lang='lat' dir='ltr'><strong>Symmachus,</strong></span> <span class='ocrx_word' id='word_1_649' title='bbox 3336 4504 3549 4563; x_wconf 63' lang='lat' dir='ltr'><strong>propter</strong></span> 
     </span>
    </p>
   </div>
   <div class='ocr_carea' id='block_1_89' title="bbox 308 4578 1898 4655">
    <p class='ocr_par' dir='ltr' id='par_1_89' title="bbox 308 4578 1876 4655">
     <span class='ocr_line' id='line_1_96' title="bbox 308 4578 1876 4655; baseline 0.009 -28"><span class='ocrx_word' id='word_1_650' title='bbox 308 4592 446 4639; x_wconf 87' lang='grc' dir='ltr'>σου,</span> <span class='ocrx_word' id='word_1_651' title='bbox 497 4578 679 4648; x_wconf 75' lang='grc' dir='ltr'>λέγει’</span> <span class='ocrx_word' id='word_1_652' title='bbox 740 4581 918 4652; x_wconf 84' lang='grc' dir='ltr'>τυχὼν</span> <span class='ocrx_word' id='word_1_653' title='bbox 970 4584 1078 4655; x_wconf 84' lang='grc' dir='ltr'>γὰρ</span> <span class='ocrx_word' id='word_1_654' title='bbox 1132 4584 1283 4637; x_wconf 85' lang='grc' dir='ltr'>ἐλέου</span> <span class='ocrx_word' id='word_1_655' title='bbox 1338 4585 1494 4650; x_wconf 89' lang='grc' dir='ltr'>Θεοῦ,</span> <span class='ocrx_word' id='word_1_656' title='bbox 1546 4586 1730 4639; x_wconf 86' lang='grc' dir='ltr'>τύπων</span> <span class='ocrx_word' id='word_1_657' title='bbox 1782 4588 1876 4641; x_wconf 78' lang='grc' dir='ltr'><strong>καὶ</strong></span> 
     </span>
    </p>
   </div>
   <div class='ocr_carea' id='block_1_90' title="bbox 1999 4578 3545 4655">
    <p class='ocr_par' dir='ltr' id='par_1_90' title="bbox 1999 4582 3545 4651">
     <span class='ocr_line' id='line_1_97' title="bbox 1999 4582 3545 4651; baseline 0.005 -19"><span class='ocrx_word' id='word_1_658' title='bbox 1999 4582 2398 4636; x_wconf 76' lang='lat' dir='ltr'><strong>uisericordiam</strong></span> <span class='ocrx_word' id='word_1_659' title='bbox 2430 4594 2571 4636; x_wconf 83' lang='lat' dir='ltr'><strong>tuam</strong></span> <span class='ocrx_word' id='word_1_660' title='bbox 2608 4595 2656 4637; x_wconf 80' lang='lat' dir='ltr'><strong>et</strong></span> <span class='ocrx_word' id='word_1_661' title='bbox 2697 4586 2969 4637; x_wconf 78' lang='lat' dir='ltr'><strong>ueritatem</strong></span> <span class='ocrx_word' id='word_1_662' title='bbox 3000 4594 3142 4639; x_wconf 82' lang='lat' dir='ltr'><strong>tuam</strong></span> <span class='ocrx_word' id='word_1_663' title='bbox 3172 4625 3187 4651; x_wconf 90' lang='lat'><strong>,</strong></span> <span class='ocrx_word' id='word_1_664' title='bbox 3224 4584 3374 4639; x_wconf 90' lang='lat' dir='ltr'><strong>dicit.</strong></span> <span class='ocrx_word' id='word_1_665' title='bbox 3408 4584 3545 4640; x_wconf 86' lang='lat' dir='ltr'><strong>Nam</strong></span> 
     </span>
    </p>
   </div>
   <div class='ocr_carea' id='block_1_91' title="bbox 311 4666 1898 4779">
    <p class='ocr_par' dir='ltr' id='par_1_91' title="bbox 311 4666 1876 4752">
     <span class='ocr_line' id='line_1_98' title="bbox 311 4666 1876 4752; baseline 0.009 -33"><span class='ocrx_word' id='word_1_666' title='bbox 311 4666 590 4737; x_wconf 70' lang='grc' dir='ltr'>συμϐόλων</span> <span class='ocrx_word' id='word_1_667' title='bbox 621 4672 962 4744; x_wconf 82' lang='grc' dir='ltr'>ἀπήλλακται</span> <span class='ocrx_word' id='word_1_668' title='bbox 984 4716 999 4740; x_wconf 93' lang='grc'><strong>,</strong></span> <span class='ocrx_word' id='word_1_669' title='bbox 1032 4676 1088 4729; x_wconf 85' lang='grc' dir='ltr'><strong>ἐν</strong></span> <span class='ocrx_word' id='word_1_670' title='bbox 1134 4675 1402 4749; x_wconf 70' lang='grc' dir='ltr'>πσεύματι</span> <span class='ocrx_word' id='word_1_671' title='bbox 1435 4677 1492 4731; x_wconf 84' lang='grc' dir='ltr'>δὲ</span> <span class='ocrx_word' id='word_1_672' title='bbox 1524 4679 1617 4731; x_wconf 79' lang='grc' dir='ltr'><strong>καὶ</strong></span> <span class='ocrx_word' id='word_1_673' title='bbox 1650 4677 1876 4752; x_wconf 74' lang='grc' dir='ltr'>ἀληθείᾳ</span> 
     </span>
    </p>
   </div>
   <div class='ocr_carea' id='block_1_92' title="bbox 1999 4666 3545 4779">
    <p class='ocr_par' dir='ltr' id='par_1_92' title="bbox 1999 4671 3545 4745">
     <span class='ocr_line' id='line_1_99' title="bbox 1999 4671 3545 4745; baseline 0 -22"><span class='ocrx_word' id='word_1_674' title='bbox 1999 4671 2074 4724; x_wconf 91' lang='lat' dir='ltr'><strong>)ei</strong></span> <span class='ocrx_word' id='word_1_675' title='bbox 2112 4672 2536 4727; x_wconf 85' lang='lat' dir='ltr'><strong>misericordiam</strong></span> <span class='ocrx_word' id='word_1_676' title='bbox 2572 4674 2799 4745; x_wconf 80' lang='lat' dir='ltr'><strong>adeptus</strong></span> <span class='ocrx_word' id='word_1_677' title='bbox 2822 4715 2838 4740; x_wconf 94' lang='lat'><strong>,</strong></span> <span class='ocrx_word' id='word_1_678' title='bbox 2874 4675 3018 4744; x_wconf 84' lang='lat' dir='ltr'><strong>typis</strong></span> <span class='ocrx_word' id='word_1_679' title='bbox 3063 4674 3429 4745; x_wconf 88' lang='lat' dir='ltr'><strong>symbolisque</strong></span> <span class='ocrx_word' id='word_1_680' title='bbox 3456 4690 3545 4731; x_wconf 74' lang='grc' dir='ltr'>ει.-</span> 
     </span>
    </p>
   </div>
   <div class='ocr_carea' id='block_1_93' title="bbox 308 4758 1898 4838">
    <p class='ocr_par' dir='ltr' id='par_1_93' title="bbox 308 4758 1108 4838">
     <span class='ocr_line' id='line_1_100' title="bbox 308 4758 1108 4838; baseline 0.015 -28"><span class='ocrx_word' id='word_1_681' title='bbox 308 4758 587 4830; x_wconf 86' lang='grc' dir='ltr'>λατρεύειν</span> <span class='ocrx_word' id='word_1_682' title='bbox 616 4762 731 4833; x_wconf 80' lang='grc' dir='ltr'><strong>Θεῷ</strong></span> <span class='ocrx_word' id='word_1_683' title='bbox 758 4766 1108 4838; x_wconf 79' lang='grc' dir='ltr'>κατηξίωται.</span> 
     </span>
    </p>
   </div>
   <div class='ocr_carea' id='block_1_94' title="bbox 1999 4758 3546 4838">
    <p class='ocr_par' dir='ltr' id='par_1_94' title="bbox 1999 4764 3546 4835">
     <span class='ocr_line' id='line_1_101' title="bbox 1999 4764 3546 4835; baseline 0.003 -21"><span class='ocrx_word' id='word_1_684' title='bbox 1999 4764 2168 4818; x_wconf 73' lang='lat' dir='ltr'><strong>insitis</strong></span> <span class='ocrx_word' id='word_1_685' title='bbox 2194 4803 2210 4828; x_wconf 88' lang='lat'><strong>,</strong></span> <span class='ocrx_word' id='word_1_686' title='bbox 2237 4766 2289 4818; x_wconf 91' lang='lat' dir='ltr'><strong>in</strong></span> <span class='ocrx_word' id='word_1_687' title='bbox 2318 4764 2513 4835; x_wconf 91' lang='lat' dir='ltr'><strong>spiritu</strong></span> <span class='ocrx_word' id='word_1_688' title='bbox 2543 4781 2608 4821; x_wconf 91' lang='lat' dir='ltr'><strong>ac</strong></span> <span class='ocrx_word' id='word_1_689' title='bbox 2647 4767 2875 4822; x_wconf 89' lang='lat' dir='ltr'><strong>veritate</strong></span> <span class='ocrx_word' id='word_1_690' title='bbox 2906 4768 3074 4822; x_wconf 86' lang='lat' dir='ltr'><strong>Deum</strong></span> <span class='ocrx_word' id='word_1_691' title='bbox 3110 4768 3337 4821; x_wconf 89' lang='lat' dir='ltr'><strong>adorare</strong></span> <span class='ocrx_word' id='word_1_692' title='bbox 3376 4766 3546 4835; x_wconf 79' lang='lat' dir='ltr'><strong>impc-</strong></span> 
     </span>
    </p>
   </div>
   <div class='ocr_carea' id='block_1_95' title="bbox 1981 4854 2164 4909">
    <p class='ocr_par' dir='ltr' id='par_1_95' title="bbox 1981 4854 2164 4909">
     <span class='ocr_line' id='line_1_102' title="bbox 1981 4854 2164 4909; baseline 0.022 -4"><span class='ocrx_word' id='word_1_693' title='bbox 1981 4854 2164 4909; x_wconf 84' lang='lat' dir='ltr'><strong>lravit.</strong></span> 
     </span>
    </p>
   </div>
   <div class='ocr_carea' id='block_1_96' title="bbox 2034 4944 3486 5016">
    <p class='ocr_par' dir='ltr' id='par_1_96' title="bbox 2034 4944 3486 5016">
     <span class='ocr_line' id='line_1_103' title="bbox 2034 4944 3486 5016; baseline -0.002 -13"><span class='ocrx_word' id='word_1_694' title='bbox 2034 4947 2200 5004; x_wconf 76' lang='lat' dir='ltr'><strong>Vsus.</strong></span> <span class='ocrx_word' id='word_1_695' title='bbox 2228 4944 2285 5001; x_wconf 67' lang='grc'>4.</span> <span class='ocrx_word' id='word_1_696' title='bbox 2304 4944 2668 5016; x_wconf 77' lang='lat' dir='ltr'><strong>Conﬁteantur</strong></span> <span class='ocrx_word' id='word_1_697' title='bbox 2700 4949 2828 5012; x_wconf 78' lang='lat' dir='ltr'><strong>tibi,</strong></span> <span class='ocrx_word' id='word_1_698' title='bbox 2858 4947 3078 5003; x_wconf 83' lang='lat' dir='ltr'><strong>Domine</strong></span> <span class='ocrx_word' id='word_1_699' title='bbox 3098 4986 3112 5012; x_wconf 90' lang='lat'><strong>,</strong></span> <span class='ocrx_word' id='word_1_700' title='bbox 3138 4962 3313 5000; x_wconf 78' lang='lat' dir='ltr'><strong>omnes</strong></span> <span class='ocrx_word' id='word_1_701' title='bbox 3344 4962 3486 5015; x_wconf 83' lang='lat' dir='ltr'><strong>reges</strong></span> 
     </span>
    </p>
   </div>
   <div class='ocr_carea' id='block_1_97' title="bbox 2675 5029 2851 5073">
    <p class='ocr_par' dir='ltr' id='par_1_97' title="bbox 2675 5029 2851 5073">
     <span class='ocr_line' id='line_1_104' title="bbox 2675 5029 2851 5073; baseline -0.006 -1"><span class='ocrx_word' id='word_1_702' title='bbox 2675 5029 2851 5073; x_wconf 67' lang='lat' dir='ltr'><strong>terra}.</strong></span> 
     </span>
    </p>
   </div>
   <div class='ocr_carea' id='block_1_98' title="bbox 316 4934 1872 5013">
    <p class='ocr_par' dir='ltr' id='par_1_98' title="bbox 316 4934 1872 5013">
     <span class='ocr_line' id='line_1_105' title="bbox 316 4934 1872 5013; baseline 0.004 -21"><span class='ocrx_word' id='word_1_703' title='bbox 316 4934 1011 5008; x_wconf 77' lang='grc' dir='ltr'>Ἐξομολοτησάσθωσάν</span> <span class='ocrx_word' id='word_1_704' title='bbox 1038 4960 1137 4999; x_wconf 83' lang='grc' dir='ltr'><strong>σοι</strong></span> <span class='ocrx_word' id='word_1_705' title='bbox 1156 4986 1171 5011; x_wconf 89' lang='grc'><strong>,</strong></span> <span class='ocrx_word' id='word_1_706' title='bbox 1202 4947 1397 5013; x_wconf 73' lang='grc' dir='ltr'>Κύριε,</span> <span class='ocrx_word' id='word_1_707' title='bbox 1429 4944 1650 5011; x_wconf 74' lang='grc' dir='ltr'>πάντες</span> <span class='ocrx_word' id='word_1_708' title='bbox 1678 4947 1731 4999; x_wconf 80' lang='grc' dir='ltr'>οἱ</span> <span class='ocrx_word' id='word_1_709' title='bbox 1756 4946 1872 5010; x_wconf 80' lang='grc' dir='ltr'>,βα-</span> 
     </span>
    </p>
   </div>
   <div class='ocr_carea' id='block_1_99' title="bbox 830 5014 1341 5085">
    <p class='ocr_par' dir='ltr' id='par_1_99' title="bbox 830 5014 1341 5085">
     <span class='ocr_line' id='line_1_106' title="bbox 830 5014 1341 5085; baseline 0.018 -23"><span class='ocrx_word' id='word_1_710' title='bbox 830 5014 1023 5079; x_wconf 72' lang='grc' dir='ltr'>σιλεῖς</span> <span class='ocrx_word' id='word_1_711' title='bbox 1058 5014 1170 5082; x_wconf 82' lang='grc' dir='ltr'>τῆς</span> <span class='ocrx_word' id='word_1_712' title='bbox 1211 5015 1285 5085; x_wconf 75' lang='grc' dir='ltr'>γῆ</span> <span class='ocrx_word' id='word_1_713' title='bbox 1293 5038 1341 5082; x_wconf 86' lang='grc' dir='ltr'><strong>ς.</strong></span> 
     </span>
    </p>
   </div>
   <div class='ocr_carea' id='block_1_100' title="bbox 374 5098 1898 5209">
    <p class='ocr_par' dir='ltr' id='par_1_100' title="bbox 374 5098 1869 5179">
     <span class='ocr_line' id='line_1_107' title="bbox 374 5098 1869 5179; baseline 0.006 -26"><span class='ocrx_word' id='word_1_714' title='bbox 374 5098 638 5164; x_wconf 85' lang='grc' dir='ltr'>Πολλάκις</span> <span class='ocrx_word' id='word_1_715' title='bbox 671 5118 874 5172; x_wconf 88' lang='grc' dir='ltr'>παρετη</span> <span class='ocrx_word' id='word_1_716' title='bbox 885 5104 1145 5175; x_wconf 83' lang='grc' dir='ltr'>ρήσαμεν,</span> <span class='ocrx_word' id='word_1_717' title='bbox 1172 5108 1252 5160; x_wconf 86' lang='grc' dir='ltr'>ὃτι</span> <span class='ocrx_word' id='word_1_718' title='bbox 1276 5107 1383 5161; x_wconf 90' lang='grc' dir='ltr'><strong>τῶν</strong></span> <span class='ocrx_word' id='word_1_719' title='bbox 1404 5107 1630 5179; x_wconf 78' lang='grc' dir='ltr'>ψαλμῶν</span> <span class='ocrx_word' id='word_1_720' title='bbox 1662 5109 1709 5161; x_wconf 88' lang='grc' dir='ltr'>οἱ</span> <span class='ocrx_word' id='word_1_721' title='bbox 1735 5109 1869 5179; x_wconf 76' lang='grc' dir='ltr'>μήτε</span> 
     </span>
    </p>
   </div>
   <div class='ocr_carea' id='block_1_101' title="bbox 1999 5098 3534 5209">
    <p class='ocr_par' dir='ltr' id='par_1_101' title="bbox 2042 5106 3534 5181">
     <span class='ocr_line' id='line_1_108' title="bbox 2042 5106 3534 5181; baseline -0.007 -16"><span class='ocrx_word' id='word_1_722' title='bbox 2042 5109 2197 5181; x_wconf 64' lang='lat' dir='ltr'><strong>Saepe</strong></span> <span class='ocrx_word' id='word_1_723' title='bbox 2225 5110 2631 5167; x_wconf 87' lang='lat' dir='ltr'><strong>observavimus</strong></span> <span class='ocrx_word' id='word_1_724' title='bbox 2659 5110 2893 5177; x_wconf 86' lang='lat' dir='ltr'><strong>psalmos</strong></span> <span class='ocrx_word' id='word_1_725' title='bbox 2924 5106 3041 5162; x_wconf 88' lang='lat' dir='ltr'><strong>illos</strong></span> <span class='ocrx_word' id='word_1_726' title='bbox 3072 5107 3165 5176; x_wconf 87' lang='lat' dir='ltr'><strong>qui</strong></span> <span class='ocrx_word' id='word_1_727' title='bbox 3196 5120 3375 5175; x_wconf 87' lang='lat' dir='ltr'><strong>neque</strong></span> <span class='ocrx_word' id='word_1_728' title='bbox 3400 5118 3534 5158; x_wconf 74' lang='lat' dir='ltr'><strong>can.</strong></span> 
     </span>
    </p>
   </div>
   <div class='ocr_carea' id='block_1_102' title="bbox 306 5183 1898 5275">
    <p class='ocr_par' dir='ltr' id='par_1_102' title="bbox 306 5183 1870 5269">
     <span class='ocr_line' id='line_1_109' title="bbox 306 5183 1870 5269; baseline 0.009 -31"><span class='ocrx_word' id='word_1_729' title='bbox 306 5183 493 5257; x_wconf 74' lang='grc' dir='ltr'>ὕμνον,</span> <span class='ocrx_word' id='word_1_730' title='bbox 533 5189 668 5259; x_wconf 84' lang='grc' dir='ltr'>μήτε</span> <span class='ocrx_word' id='word_1_731' title='bbox 696 5188 855 5259; x_wconf 78' lang='grc' dir='ltr'>ᾠδὴν,</span> <span class='ocrx_word' id='word_1_732' title='bbox 884 5193 1018 5261; x_wconf 78' lang='grc' dir='ltr'>μήτε</span> <span class='ocrx_word' id='word_1_733' title='bbox 1050 5192 1279 5263; x_wconf 77' lang='grc' dir='ltr'>ψαλμὸν,</span> <span class='ocrx_word' id='word_1_734' title='bbox 1304 5197 1337 5267; x_wconf 77' lang='grc' dir='ltr'>ἧ</span> <span class='ocrx_word' id='word_1_735' title='bbox 1364 5215 1415 5250; x_wconf 86' lang='grc' dir='ltr'><strong>τι</strong></span> <span class='ocrx_word' id='word_1_736' title='bbox 1444 5197 1627 5269; x_wconf 78' lang='grc' dir='ltr'>ἕτερον</span> <span class='ocrx_word' id='word_1_737' title='bbox 1658 5197 1870 5269; x_wconf 80' lang='grc' dir='ltr'>ἔχοντες</span> 
     </span>
    </p>
   </div>
   <div class='ocr_carea' id='block_1_103' title="bbox 1999 5183 3539 5275">
    <p class='ocr_par' dir='ltr' id='par_1_103' title="bbox 1999 5196 3539 5275">
     <span class='ocr_line' id='line_1_110' title="bbox 1999 5196 3539 5275; baseline -0.005 -17"><span class='ocrx_word' id='word_1_738' title='bbox 1999 5202 2062 5258; x_wconf 91' lang='lat' dir='ltr'><strong>ici</strong></span> <span class='ocrx_word' id='word_1_739' title='bbox 2089 5218 2264 5273; x_wconf 88' lang='lat' dir='ltr'><strong>neque</strong></span> <span class='ocrx_word' id='word_1_740' title='bbox 2294 5203 2529 5275; x_wconf 89' lang='lat' dir='ltr'><strong>psalmi,</strong></span> <span class='ocrx_word' id='word_1_741' title='bbox 2591 5216 2766 5271; x_wconf 88' lang='lat' dir='ltr'><strong>neque</strong></span> <span class='ocrx_word' id='word_1_742' title='bbox 2810 5199 3108 5271; x_wconf 89' lang='lat' dir='ltr'><strong>quamlibet</strong></span> <span class='ocrx_word' id='word_1_743' title='bbox 3151 5198 3312 5252; x_wconf 88' lang='lat' dir='ltr'><strong>aliam</strong></span> <span class='ocrx_word' id='word_1_744' title='bbox 3347 5196 3539 5251; x_wconf 83' lang='lat' dir='ltr'><strong>inscri-</strong></span> 
     </span>
    </p>
   </div>
   <div class='ocr_carea' id='block_1_104' title="bbox 302 5279 1898 5367">
    <p class='ocr_par' dir='ltr' id='par_1_104' title="bbox 302 5279 1870 5365">
     <span class='ocr_line' id='line_1_111' title="bbox 302 5279 1870 5365; baseline 0.01 -33"><span class='ocrx_word' id='word_1_745' title='bbox 302 5279 647 5353; x_wconf 80' lang='grc' dir='ltr'>προγραφὴν,</span> <span class='ocrx_word' id='word_1_746' title='bbox 676 5281 834 5335; x_wconf 80' lang='grc' dir='ltr'>ἄλλου</span> <span class='ocrx_word' id='word_1_747' title='bbox 868 5282 1017 5355; x_wconf 81' lang='grc' dir='ltr'>παρὰ</span> <span class='ocrx_word' id='word_1_748' title='bbox 1048 5285 1216 5339; x_wconf 83' lang='grc' dir='ltr'>ταῦτα</span> <span class='ocrx_word' id='word_1_749' title='bbox 1248 5291 1568 5359; x_wconf 89' lang='grc' dir='ltr'>τυχχάνουσι</span> <span class='ocrx_word' id='word_1_750' title='bbox 1600 5293 1870 5365; x_wconf 81' lang='grc' dir='ltr'>χαρακτῆ-</span> 
     </span>
    </p>
   </div>
   <div class='ocr_carea' id='block_1_105' title="bbox 1999 5279 3535 5367">
    <p class='ocr_par' dir='ltr' id='par_1_105' title="bbox 1999 5291 3535 5359">
     <span class='ocr_line' id='line_1_112' title="bbox 1999 5291 3535 5359; baseline -0.003 -11"><span class='ocrx_word' id='word_1_751' title='bbox 1999 5297 2206 5350; x_wconf 65' lang='lat' dir='ltr'><strong>itionem</strong></span> <span class='ocrx_word' id='word_1_752' title='bbox 2236 5295 2457 5359; x_wconf 90' lang='lat' dir='ltr'><strong>habent,</strong></span> <span class='ocrx_word' id='word_1_753' title='bbox 2486 5293 2755 5347; x_wconf 86' lang='lat' dir='ltr'><strong>diversum</strong></span> <span class='ocrx_word' id='word_1_754' title='bbox 2776 5291 2843 5345; x_wconf 89' lang='lat' dir='ltr'><strong>ab</strong></span> <span class='ocrx_word' id='word_1_755' title='bbox 2872 5291 2956 5345; x_wconf 89' lang='lat' dir='ltr'><strong>his</strong></span> <span class='ocrx_word' id='word_1_756' title='bbox 2985 5292 3350 5346; x_wconf 87' lang='lat' dir='ltr'><strong>characterem</strong></span> <span class='ocrx_word' id='word_1_757' title='bbox 3378 5302 3535 5356; x_wconf 81' lang='lat' dir='ltr'><strong>gere-</strong></span> 
     </span>
    </p>
   </div>
   <div class='ocr_carea' id='block_1_106' title="bbox 305 5370 1898 5455">
    <p class='ocr_par' dir='ltr' id='par_1_106' title="bbox 305 5370 1861 5449">
     <span class='ocr_line' id='line_1_113' title="bbox 305 5370 1861 5449; baseline 0.008 -29"><span class='ocrx_word' id='word_1_758' title='bbox 305 5384 415 5441; x_wconf 85' lang='grc' dir='ltr'>ρος,</span> <span class='ocrx_word' id='word_1_759' title='bbox 450 5370 629 5434; x_wconf 83' lang='grc' dir='ltr'>ὁποῖος</span> <span class='ocrx_word' id='word_1_760' title='bbox 651 5373 679 5423; x_wconf 81' lang='grc' dir='ltr'><strong>ὁ</strong></span> <span class='ocrx_word' id='word_1_761' title='bbox 705 5371 895 5442; x_wconf 84' lang='grc' dir='ltr'>παρὼν</span> <span class='ocrx_word' id='word_1_762' title='bbox 924 5374 1265 5445; x_wconf 60' lang='grc' dir='ltr'>πφφητικῆς</span> <span class='ocrx_word' id='word_1_763' title='bbox 1297 5378 1533 5447; x_wconf 86' lang='grc' dir='ltr'>μετέχων</span> <span class='ocrx_word' id='word_1_764' title='bbox 1563 5378 1861 5449; x_wconf 63' lang='grc' dir='ltr'>δυνάμεως</span> 
     </span>
    </p>
   </div>
   <div class='ocr_carea' id='block_1_107' title="bbox 1999 5370 3535 5455">
    <p class='ocr_par' dir='ltr' id='par_1_107' title="bbox 1999 5379 3535 5455">
     <span class='ocr_line' id='line_1_114' title="bbox 1999 5379 3535 5455; baseline -0.004 -14"><span class='ocrx_word' id='word_1_765' title='bbox 1999 5401 2027 5441; x_wconf 89' lang='lat' dir='ltr'><strong>e</strong></span> <span class='ocrx_word' id='word_1_766' title='bbox 2053 5427 2067 5449; x_wconf 92' lang='lat'><strong>,</strong></span> <span class='ocrx_word' id='word_1_767' title='bbox 2104 5385 2402 5455; x_wconf 90' lang='lat' dir='ltr'><strong>cujusmodi</strong></span> <span class='ocrx_word' id='word_1_768' title='bbox 2439 5393 2524 5439; x_wconf 89' lang='lat' dir='ltr'><strong>est</strong></span> <span class='ocrx_word' id='word_1_769' title='bbox 2560 5384 2648 5437; x_wconf 87' lang='lat' dir='ltr'><strong>hic</strong></span> <span class='ocrx_word' id='word_1_770' title='bbox 2686 5382 3004 5452; x_wconf 89' lang='lat' dir='ltr'><strong>prophetica</strong></span> <span class='ocrx_word' id='word_1_771' title='bbox 3030 5382 3237 5437; x_wconf 90' lang='lat' dir='ltr'><strong>virtute</strong></span> <span class='ocrx_word' id='word_1_772' title='bbox 3275 5379 3535 5435; x_wconf 83' lang='lat' dir='ltr'><strong>imbutus.</strong></span> 
     </span>
    </p>
   </div>
   <div class='ocr_carea' id='block_1_108' title="bbox 300 5456 1898 5544">
    <p class='ocr_par' dir='ltr' id='par_1_108' title="bbox 300 5456 1861 5539">
     <span class='ocr_line' id='line_1_115' title="bbox 300 5456 1861 5539; baseline 0.01 -30"><span class='ocrx_word' id='word_1_773' title='bbox 300 5456 388 5513; x_wconf 79' lang='grc' dir='ltr'>διὰ</span> <span class='ocrx_word' id='word_1_774' title='bbox 409 5459 515 5533; x_wconf 81' lang='grc' dir='ltr'><strong>γὰρ</strong></span> <span class='ocrx_word' id='word_1_775' title='bbox 547 5461 654 5515; x_wconf 88' lang='grc' dir='ltr'><strong>τῶν</strong></span> <span class='ocrx_word' id='word_1_776' title='bbox 690 5462 1064 5533; x_wconf 87' lang='grc' dir='ltr'>προλαϐόντων</span> <span class='ocrx_word' id='word_1_777' title='bbox 1089 5463 1613 5539; x_wconf 79' lang='grc' dir='ltr'>ἐξομολογησάμενος</span> <span class='ocrx_word' id='word_1_778' title='bbox 1630 5471 1658 5523; x_wconf 77' lang='grc' dir='ltr'>ὁ</span> <span class='ocrx_word' id='word_1_779' title='bbox 1681 5469 1861 5535; x_wconf 83' lang='grc' dir='ltr'>Δαυῖδ,</span> 
     </span>
    </p>
   </div>
   <div class='ocr_carea' id='block_1_109' title="bbox 1999 5456 3533 5544">
    <p class='ocr_par' dir='ltr' id='par_1_109' title="bbox 1999 5471 3533 5544">
     <span class='ocr_line' id='line_1_116' title="bbox 1999 5471 3533 5544; baseline -0.003 -17"><span class='ocrx_word' id='word_1_780' title='bbox 1999 5473 2417 5544; x_wconf 76' lang='lat' dir='ltr'><strong>lam,superiore</strong></span> <span class='ocrx_word' id='word_1_781' title='bbox 2444 5474 2783 5529; x_wconf 80' lang='lat' dir='ltr'><strong>confessione</strong></span> <span class='ocrx_word' id='word_1_782' title='bbox 2819 5472 2958 5528; x_wconf 85' lang='lat' dir='ltr'><strong>facta</strong></span> <span class='ocrx_word' id='word_1_783' title='bbox 2993 5473 3186 5538; x_wconf 84' lang='lat' dir='ltr'><strong>David,</strong></span> <span class='ocrx_word' id='word_1_784' title='bbox 3215 5471 3405 5540; x_wconf 82' lang='lat' dir='ltr'><strong>Atqui,</strong></span> <span class='ocrx_word' id='word_1_785' title='bbox 3433 5472 3533 5534; x_wconf 90' lang='lat' dir='ltr'><strong>ait,</strong></span> 
     </span>
    </p>
   </div>
   <div class='ocr_carea' id='block_1_110' title="bbox 313 5548 1898 5637">
    <p class='ocr_par' dir='ltr' id='par_1_110' title="bbox 313 5548 1861 5630">
     <span class='ocr_line' id='line_1_117' title="bbox 313 5548 1861 5630; baseline 0.01 -29"><span class='ocrx_word' id='word_1_786' title='bbox 313 5548 453 5602; x_wconf 83' lang='grc' dir='ltr'>Ἀλλ’</span> <span class='ocrx_word' id='word_1_787' title='bbox 506 5551 603 5604; x_wconf 75' lang='grc' dir='ltr'><strong>οὐκ</strong></span> <span class='ocrx_word' id='word_1_788' title='bbox 654 5552 784 5621; x_wconf 84' lang='grc' dir='ltr'>ἐγὼ,</span> <span class='ocrx_word' id='word_1_789' title='bbox 844 5557 995 5627; x_wconf 68' lang='grc' dir='ltr'>φησι,</span> <span class='ocrx_word' id='word_1_790' title='bbox 1043 5557 1100 5609; x_wconf 86' lang='grc' dir='ltr'><strong>ἐν</strong></span> <span class='ocrx_word' id='word_1_791' title='bbox 1152 5556 1426 5627; x_wconf 88' lang='grc' dir='ltr'>βασιλεῦσι</span> <span class='ocrx_word' id='word_1_792' title='bbox 1470 5560 1627 5630; x_wconf 81' lang='grc' dir='ltr'>μόνος</span> <span class='ocrx_word' id='word_1_793' title='bbox 1670 5562 1861 5616; x_wconf 87' lang='grc' dir='ltr'>τούτου</span> 
     </span>
    </p>
   </div>
   <div class='ocr_carea' id='block_1_111' title="bbox 1999 5548 3533 5637">
    <p class='ocr_par' dir='ltr' id='par_1_111' title="bbox 2005 5562 3533 5637">
     <span class='ocr_line' id='line_1_118' title="bbox 2005 5562 3533 5637; baseline -0.003 -19"><span class='ocrx_word' id='word_1_794' title='bbox 2005 5582 2071 5619; x_wconf 86' lang='lat' dir='ltr'><strong>on</strong></span> <span class='ocrx_word' id='word_1_795' title='bbox 2117 5580 2217 5636; x_wconf 78' lang='lat' dir='ltr'><strong>ego</strong></span> <span class='ocrx_word' id='word_1_796' title='bbox 2248 5565 2396 5621; x_wconf 88' lang='lat' dir='ltr'><strong>solus</strong></span> <span class='ocrx_word' id='word_1_797' title='bbox 2440 5565 2583 5619; x_wconf 89' lang='lat' dir='ltr'><strong>inter</strong></span> <span class='ocrx_word' id='word_1_798' title='bbox 2608 5577 2759 5635; x_wconf 77' lang='lat' dir='ltr'><strong>reges</strong></span> <span class='ocrx_word' id='word_1_799' title='bbox 2786 5564 2870 5621; x_wconf 88' lang='lat' dir='ltr'><strong>his</strong></span> <span class='ocrx_word' id='word_1_800' title='bbox 2898 5563 3266 5637; x_wconf 74' lang='lat' dir='ltr'><strong>przerogativis</strong></span> <span class='ocrx_word' id='word_1_801' title='bbox 3290 5578 3406 5617; x_wconf 92' lang='lat' dir='ltr'><strong>sum</strong></span> <span class='ocrx_word' id='word_1_802' title='bbox 3435 5562 3533 5614; x_wconf 84' lang='lat' dir='ltr'><strong>de—</strong></span> 
     </span>
    </p>
   </div>
   <div class='ocr_carea' id='block_1_112' title="bbox 300 5642 1898 5727">
    <p class='ocr_par' dir='ltr' id='par_1_112' title="bbox 300 5642 1865 5727">
     <span class='ocr_line' id='line_1_119' title="bbox 300 5642 1865 5727; baseline 0.008 -33"><span class='ocrx_word' id='word_1_803' title='bbox 300 5642 659 5715; x_wconf 81' lang='grc' dir='ltr'>κατηξιὼθην,</span> <span class='ocrx_word' id='word_1_804' title='bbox 689 5645 925 5702; x_wconf 86' lang='grc' dir='ltr'>πλεῖστοι</span> <span class='ocrx_word' id='word_1_805' title='bbox 953 5648 1008 5701; x_wconf 85' lang='grc' dir='ltr'>δὲ</span> <span class='ocrx_word' id='word_1_806' title='bbox 1042 5648 1269 5703; x_wconf 81' lang='grc' dir='ltr'>τοιοῦτοι</span> <span class='ocrx_word' id='word_1_807' title='bbox 1297 5651 1634 5722; x_wconf 81' lang='grc' dir='ltr'>γενήσονται,</span> <span class='ocrx_word' id='word_1_808' title='bbox 1666 5654 1865 5727; x_wconf 79' lang='grc' dir='ltr'>δηλαδὴ</span> 
     </span>
    </p>
   </div>
   <div class='ocr_carea' id='block_1_113' title="bbox 1999 5642 3531 5727">
    <p class='ocr_par' dir='ltr' id='par_1_113' title="bbox 1999 5656 3531 5726">
     <span class='ocr_line' id='line_1_120' title="bbox 1999 5656 3531 5726; baseline -0.001 -16"><span class='ocrx_word' id='word_1_809' title='bbox 1999 5667 2188 5710; x_wconf 89' lang='lat' dir='ltr'><strong>oratus</strong></span> <span class='ocrx_word' id='word_1_810' title='bbox 2216 5698 2230 5723; x_wconf 93' lang='lat'><strong>,</strong></span> <span class='ocrx_word' id='word_1_811' title='bbox 2266 5657 2359 5712; x_wconf 89' lang='lat' dir='ltr'><strong>sed</strong></span> <span class='ocrx_word' id='word_1_812' title='bbox 2407 5656 2624 5726; x_wconf 90' lang='lat' dir='ltr'><strong>plurimi</strong></span> <span class='ocrx_word' id='word_1_813' title='bbox 2667 5658 2889 5724; x_wconf 77' lang='lat' dir='ltr'><strong>posthac</strong></span> <span class='ocrx_word' id='word_1_814' title='bbox 2939 5665 3142 5723; x_wconf 88' lang='lat' dir='ltr'><strong>erunt,</strong></span> <span class='ocrx_word' id='word_1_815' title='bbox 3191 5669 3383 5723; x_wconf 83' lang='lat' dir='ltr'><strong>nempe</strong></span> <span class='ocrx_word' id='word_1_816' title='bbox 3412 5658 3531 5722; x_wconf 73' lang='lat' dir='ltr'><strong>post</strong></span> 
     </span>
    </p>
   </div>
   <div class='ocr_carea' id='block_1_114' title="bbox 301 5735 1898 5818">
    <p class='ocr_par' dir='ltr' id='par_1_114' title="bbox 301 5735 1867 5815">
     <span class='ocr_line' id='line_1_121' title="bbox 301 5735 1867 5815; baseline 0.008 -28"><span class='ocrx_word' id='word_1_817' title='bbox 301 5735 437 5804; x_wconf 88' lang='grc' dir='ltr'><strong>μετά</strong></span> <span class='ocrx_word' id='word_1_818' title='bbox 470 5738 527 5790; x_wconf 85' lang='grc' dir='ltr'><strong>τὸ</strong></span> <span class='ocrx_word' id='word_1_819' title='bbox 557 5741 815 5811; x_wconf 73' lang='grc' dir='ltr'>κήρυγμα</span> <span class='ocrx_word' id='word_1_820' title='bbox 847 5741 940 5797; x_wconf 85' lang='grc' dir='ltr'><strong>τοῦ</strong></span> <span class='ocrx_word' id='word_1_821' title='bbox 975 5743 1223 5815; x_wconf 75' lang='grc' dir='ltr'>Σωτῆρος</span> <span class='ocrx_word' id='word_1_822' title='bbox 1242 5761 1255 5775; x_wconf 75' lang='grc' dir='ltr'><strong>ο</strong></span> <span class='ocrx_word' id='word_1_823' title='bbox 1301 5744 1393 5798; x_wconf 73' lang='grc' dir='ltr'>καὶ</span> <span class='ocrx_word' id='word_1_824' title='bbox 1425 5743 1654 5814; x_wconf 83' lang='grc' dir='ltr'>μάλιστα</span> <span class='ocrx_word' id='word_1_825' title='bbox 1678 5746 1765 5799; x_wconf 83' lang='grc' dir='ltr'>ὅτε</span> <span class='ocrx_word' id='word_1_826' title='bbox 1806 5747 1867 5799; x_wconf 81' lang='grc' dir='ltr'>τὸ</span> 
     </span>
    </p>
   </div>
   <div class='ocr_carea' id='block_1_115' title="bbox 1999 5735 3530 5818">
    <p class='ocr_par' dir='ltr' id='par_1_115' title="bbox 1999 5746 3530 5818">
     <span class='ocr_line' id='line_1_122' title="bbox 1999 5746 3530 5818; baseline -0.001 -19"><span class='ocrx_word' id='word_1_827' title='bbox 1999 5747 2286 5802; x_wconf 67' lang='grc' dir='ltr'>ἱετνειοτίε</span> <span class='ocrx_word' id='word_1_828' title='bbox 2335 5746 2827 5816; x_wconf 85' lang='lat' dir='ltr'><strong>praedicationem;</strong></span> <span class='ocrx_word' id='word_1_829' title='bbox 2889 5749 3157 5818; x_wconf 63' lang='lat' dir='ltr'><strong>praecipue</strong></span> <span class='ocrx_word' id='word_1_830' title='bbox 3217 5761 3346 5801; x_wconf 85' lang='lat' dir='ltr'><strong>vero</strong></span> <span class='ocrx_word' id='word_1_831' title='bbox 3406 5759 3530 5799; x_wconf 75' lang='lat' dir='ltr'><strong>eum</strong></span> 
     </span>
    </p>
   </div>
  </div>
