4068 6198
481 260 551 316 39
1115 247 1383 305 EUSEBII
1420 240 1892 303 CIESARIENSIS
1925 240 2073 296 OPP.
2116 237 2297 294 PARS
2336 237 2423 293 Ill.
2466 267 2534 277 -
2574 232 2986 289 EXEGETICA.
3661 239 3749 292 40.

483 377 765 435 multitudo
814 370 1051 443 gentium
1101 368 1345 437 ingressa
1403 365 1605 427 fuerit,
1664 373 1720 417 et
1774 359 2040 415 secundus

2161 354 2414 424 πλήρωμα
2443 348 2549 402 τῶν
2579 348 2747 401 ὲθνῶν
2781 347 3016 419 εἰσέλθῃ,
3054 349 3146 401 καὶ
3176 351 3209 421 ὴ
3236 351 3466 423 δευτέρα
3496 350 3588 403 τοῦ
3611 352 3724 405 Σω-

482 468 680 525 Christi
708 465 969 518 adventus
1000 459 1278 515 acciderit.
1316 457 1467 511 Tunc
1491 456 1633 509 enim
1661 466 1855 520 magna
1885 464 2048 519 appa-

486 560 622 613 rebit
663 555 829 625 gloria
862 551 1097 607 Domini.
1144 550 1384 617 Namque
1431 546 1751 615 imperativo
1782 544 1936 599 modo
1965 540 2047 595 vel

482 649 739 719 optativo,
771 646 947 699 futura
979 643 1243 699 interdum
1273 643 1598 695 denotantur
1625 640 1918 694 secundum
1954 650 2057 705 pe-r

481 739 737 795 culiarem
765 736 1113 791 Hebraeorum
1159 730 1629 787 consuetudinem.
1664 758 1737 769 —
1769 727 2047 781 Vaticina-

484 837 572 879 tnr
621 825 870 879 (lill‘usum
922 826 986 877 iri
1038 838 1135 891 per
1165 837 1355 876 omnes
1388 831 1577 890 gentes
1623 820 1716 874 Dei
1766 818 2047 881 notitiam;

482 918 671 972 Cuncti
708 918 871 979 enim,
909 915 1103 983 inquit,
1138 928 1294 981 reges
1320 922 1479 966 terra:
1505 910 1901 965 conﬁtebuntur
1934 907 2046 969 tibi,

483 1012 808 1078 audientqne
837 1006 1017 1059 omnia
1050 1007 1211 1059 verba
1255 1004 1367 1057 oris
1398 1002 1491 1057 Dei
1518 1040 1534 1067 ,
1580 1010 1633 1055 et
1665 1002 1965 1065 cantabunt
1996 999 2048 1051 in

482 1104 585 1157 viis
633 1099 861 1154 Domini.
917 1097 1037 1150 Hmc
1087 1106 1267 1149 autem
1301 1094 1514 1147 nonnisi
1569 1100 1689 1162 post
1739 1091 2050 1145 Servatoris

486 1195 653 1249 nostri
699 1191 1134 1261 praedicationem
1170 1188 1374 1241 exitum
1411 1194 1565 1239 nacta
1609 1194 1755 1237 sunt.
1792 1182 1907 1238 Via”:
1952 1198 2049 1236 au-

488 1297 593 1339 tem
634 1283 860 1336 virtutes
910 1287 1076 1341 sunt,
1126 1290 1246 1345 quae
1294 1275 1360 1329 ad
1414 1275 1505 1328 Dei
1556 1275 1802 1329 notitiam
1850 1273 2049 1343 perdu-

485 1385 651 1445 cunt.g

552 1550 715 1605 Vens.
751 1549 801 1604 6.
840 1549 1090 1603 Excelsus
1122 1548 1377 1603 Dominus
1416 1560 1463 1601 et
1492 1547 1715 1600 humilia
1748 1548 1981 1615 respicit.

558 1641 689 1708 Quae
734 1644 1079 1710 propheticus
1132 1642 1356 1709 spiritus
1410 1639 1465 1692 in
1518 1640 1632 1708 ipso
1660 1647 1714 1692 et
1754 1652 1849 1707 per
1880 1637 2052 1706 ipsum

2148 446 2311 516 τῆρος
2340 443 2562 511 γένηται
2611 439 2899 509 παρουσίαο
2920 439 3043 490 τότε
3071 439 3179 509 γὰρ
3201 440 3499 512 ὀφθήσεται
3525 440 3726 512 μεγάλη

2148 536 2241 589 τοῦ
2276 533 2480 603 Κυρίου
2516 533 2549 602 ἡ
2593 530 2750 596 δόξα·
2785 530 3196 599 προστακτικῶς
3228 531 3283 584 δὲ
3324 534 3418 585 καὶ
3467 533 3729 595 εὐκτικῶς

2149 624 2259 677 ἐσθ’
2322 624 2410 676 ὅτε
2466 621 2534 674 τὰ
2588 619 2844 691 μέλλοντα
2904 619 3203 697 δηλοῦται,
3248 623 3392 675 κατά
3445 640 3568 675 τινα
3626 622 3731 675 τῶν

2162 715 2425 787 Ἐὄραίων
2471 712 2780 783 συνήθειαν.
2823 743 2891 751 —
2920 711 3256 782 Προφητεύει
3289 714 3415 785 περὶ
3448 714 3547 783 τῆς
3599 714 3728 784 μελ-

2149 807 2349 877 λούσης
2380 802 2744 869 ἐξαπλοῦσθαι
2784 805 2862 865 εἰς
2911 803 3086 855 πάντα
3125 802 3252 873 ἔθνη
3292 804 3385 856 τοῦ
3416 804 3548 856 Θεοῦ
3589 802 3730 872 γνώ-

2152 915 2306 961 σεως⁸
2336 899 2527 950 Ἔσται
2566 895 2696 967 γὰρ,
2728 896 2913 965 φησὶν,
2936 894 3025 947 ὅτε
3055 895 3251 958 πάντες
3282 897 3331 949 οἱ
3367 895 3600 965 βασιλεῖς
3629 895 3731 965 τῆς

2149 991 2252 1060 γῆς
2295 987 2776 1058 ὲξομολογήσονταί
2822 1002 2902 1037 σοι
2938 986 3031 1038 καὶ
3078 988 3397 1040 ἀκούσονται
3441 986 3616 1039 πάντα
3659 986 3729 1039 τὰ

2154 1083 2372 1152 ῥήματα
2410 1078 2504 1132 τοῦ
2539 1078 2804 1149 στόματος
2834 1077 2990 1142 Θεοῦ,
3025 1078 3119 1130 καὶ
3150 1079 3229 1131 ὅτι
3273 1079 3491 1150 ᾆσονται
3521 1080 3578 1132 ὲν
3604 1080 3726 1142 ταῖς

2152 1168 2289 1230 ὁδοῖς
2330 1167 2557 1238 Κυρίου.
2586 1165 2771 1219 Ταῦτα
2798 1165 2854 1218 δὲ
2886 1167 2985 1219 οὐκ
3026 1166 3212 1219 ἄλλοτε
3247 1170 3279 1237 ἢ
3323 1169 3457 1239 μετὰ
3481 1168 3541 1221 τὸ
3569 1169 3727 1236 εὐαγ-

2152 1258 2365 1327 γελικὺν
2394 1260 2655 1329 κήρυγμα
2687 1258 2779 1310 τοῦ
2810 1258 3063 1329 Σωτῆρος
3091 1258 3248 1329 ἡμῶν
3283 1260 3467 1322 τέλους
3501 1260 3727 1331 τετύχη-

2153 1368 2267 1405 κεν.
2310 1350 2449 1402 Ὀδοὶ
2496 1349 2552 1401 δέ
2584 1351 2721 1401 εἰσιν
2754 1350 2809 1401 αἱ
2856 1349 3076 1419 ἀρεταὶ,
3109 1351 3163 1402 αἱ
3196 1350 3456 1421 φέρουσαι
3497 1351 3590 1403 ἐπὶ
3630 1350 3726 1418 τὴν

2153 1445 2353 1511 γνῶσιν
2378 1440 2472 1493 τοῦ
2506 1438 2661 1491 Θεοῦ.

2307 1528 2576 1597 ’Υψηλός
2606 1530 2842 1595 Κύριος,
2876 1528 2973 1581 καὶ
3008 1528 3078 1581 τὰ
3112 1532 3361 1585 ταπεινὰ
3380 1528 3585 1600 ἐφορᾷ.

2226 1621 2307 1674 Τὰ
2338 1621 2442 1673 ὑπὸ
2467 1619 2560 1673 τοῦ
2590 1621 2926 1690 προφητικοῦ
2955 1622 3265 1693 πνεύματος
3290 1625 3349 1676 ἐν
3375 1624 3522 1693 αὐτῷ
3546 1624 3640 1679 καὶ
3661 1623 3728 1679 δι’

488 1732 699 1785 locutus
755 1731 972 1793 fuerat,
1022 1732 1184 1785 David
1239 1744 1606 1799 cognoscens,
1666 1728 1875 1782 laetatur
1925 1728 2047 1795 quia

2161 1710 2311 1762 κὺτοῦ
2339 1709 2636 1780 λαληθέντα
2668 1708 2853 1779 μαθὼν
2880 1710 2907 1761 ὁ
2938 1712 3116 1776 Δαυῖδ,
3151 1712 3342 1785 θαρρεῖ
3366 1715 3441 1777 ῶς
3475 1714 3717 1786 ἐφορῶν-

490 1823 629 1875 Deus
658 1821 878 1874 humilia
927 1821 1148 1891 respicit
1175 1860 1191 1886 ,
1227 1829 1280 1874 et
1310 1818 1580 1889 pressaris
1626 1817 1745 1887 ejus
1775 1828 2049 1886 protector

490 1916 662 1969 adest.
734 1898 786 1938 ⁸⁵

587 2033 745 2091 Vens.
780 2033 831 2087 7.
864 2032 923 2087 Si
944 2032 1277 2086 ambulavero
1306 2032 1361 2084 in
1388 2030 1555 2083 medio
1579 2026 1958 2089 tribulationis,

1004 2104 1280 2169 viviﬁcabis
1313 2117 1410 2165 me,
1442 2108 1545 2153 etc.

560 2194 771 2247 Clarius
805 2192 1161 2261 Symmachus
1190 2189 1329 2242 dixit
1359 2207 1372 2241 :
1404 2189 1467 2241 Si
1500 2186 1832 2239 ambulavero
1869 2185 1923 2238 in
1948 2201 2051 2237 mea

490 2283 577 2333 dio
610 2280 963 2332 tribulationis
987 2318 1001 2341 ,
1046 2276 1371 2331 conservabis
1414 2291 1494 2328 me
1520 2288 1538 2325 :
1568 2284 1753 2327 contra
1798 2274 2050 2327 anhelan-

494 2383 568 2425 tes
604 2372 839 2423 inimicos
876 2386 1016 2422 meos
1065 2384 1275 2421 manum
1323 2378 1466 2421 tuam
1499 2367 1767 2427 extendes,
1800 2367 2050 2418 servabit-

491 2477 589 2531 que
647 2476 725 2511 me
776 2461 987 2511 dextera
1028 2467 1140 2510 tua.
1181 2457 1434 2510 Dominus
1477 2472 1584 2509 rem
1624 2473 1718 2525 pro
1762 2473 1844 2509 me
1885 2455 2053 2523 conﬁ-

490 2554 608 2606 ciet.

931 2701 1248 2759 PSALMUS
1286 2702 1618 2758 CXXXVIII.

563 2793 726 2849 Vens.
754 2794 805 2847 l.
839 2793 1080 2859 Domine,
1111 2794 1341 2863 probasti
1363 2810 1463 2860 me,
1497 2804 1543 2847 et
1577 2794 1860 2863 cognovisti
1882 2810 1982 2847 me.

564 2888 824 2954 Quoniam
854 2886 1010 2954 igitur
1040 2897 1235 2939 nostrae
1258 2900 1472 2954 quoque
1499 2887 1619 2939 vita:
1651 2897 1862 2954 tempus
1894 2884 2057 2938 habet

494 2980 737 3034 dimensa
796 2994 824 3032 a
874 2980 983 3033 Deo
1036 2977 1357 3041 intervalla,
1407 2978 1716 3033 universum
1760 2978 1887 3031 vitae
1921 2992 2054 3032 mea:

2152 1818 2241 1863 τος
2266 1802 2335 1854 τὰ
2364 1800 2593 1853 ταπεινὰ
2627 1799 2717 1852 τοῦ
2746 1799 2913 1867 Θεοῦ,
2954 1803 3029 1865 ὡς
3055 1805 3112 1855 ὲν
3150 1808 3271 1868 ταῖς
3301 1805 3543 1875 θλίψεσιν
3581 1807 3729 1878 αὐτῷ

2160 1894 2644 1963 συνασπιζομένου.

2164 2006 2297 2059 Ἐὰν
2317 2004 2584 2073 πορευθῶ
2610 2006 2679 2060 ἐν
2695 2010 2865 2078 μέσῳ
2893 2011 3172 2079 θλίψεως,
3201 2008 3387 2078 (lianc
3406 2027 3504 2079 με,
3526 2028 3581 2063 κ.
3601 2029 3652 2064 τ.
3678 2010 3726 2066 λ.

2224 2154 2559 2225 Σαφέστερον
2602 2156 2657 2208 δὲ
2690 2157 2718 2208 ὁ
2757 2158 3049 2229 Σύμμαχος
3093 2159 3196 2229 ἔφη
3219 2176 3231 2188 ·
3287 2160 3426 2213 Ἐὰν
3459 2158 3727 2227 πορευθῶ

2151 2242 2247 2296 διὰ
2287 2244 2485 2312 μέσης
2538 2248 2831 2314 θλίψεως,
2877 2251 3230 2315 περισώσετς
3271 2266 3379 2317 με’
3436 2248 3582 2301 κατὰ
3616 2247 3727 2315 τῆς

2151 2335 2460 2403 ἀναπνοῆς
2513 2334 2631 2390 τῶν
2666 2337 2894 2406 ἐχθρῶν
2919 2356 3037 2407 μου
3080 2338 3339 2405 ἐκτενεῖς
3377 2338 3543 2408 χεῖρά
3586 2354 3723 2400 σου,

2152 2428 2248 2480 καὶ
2289 2427 2475 2481 σώσει
2518 2446 2594 2497 με
2634 2431 2671 2497 ἡ
2717 2429 2885 2493 δεξιά
2935 2445 3084 2483 σου·
3138 2435 3352 2499 Κύριος
3394 2430 3727 2485 ἐπιτελέσει

2153 2517 2303 2587 ὑπὲρ
2334 2520 2497 2587 ἐμοῦ.

2686 2684 2976 2738 ΨΑΛΜΟΣ
3012 2686 3186 2741 PAH'.

2332 2799 2529 2866 Κύριε,
2562 2798 2926 2867 ἑδοκίμασάς
2961 2817 3067 2869 με,
3109 2799 3207 2853 καὶ
3241 2800 3427 2870 ἔγνως
3456 2818 3551 2870 με.

2241 2891 2392 2943 Ἐπεὶ
2416 2890 2593 2943 τοίνυν
2621 2892 2714 2944 καὶ
2753 2895 2781 2945 ὁ
2806 2894 2994 2963 χρόνος
3020 2896 3118 2963 τῆς
3151 2892 3421 2963 ἡμετέρας
3451 2894 3594 2963 ζωῆς
3620 2892 3729 2963 ἔχει

2158 2981 2281 3034 τινὰ
2338 2981 2679 3052 διαστήματα
2734 2985 3123 3055 μεμετρημένα
3171 2983 3321 3055 παρὰ
3363 2984 3507 3055 Θεῷ,
3556 2985 3731 3038 πάντα

498 3081 705 3139 tempus
729 3112 743 3135 ,
778 3070 986 3139 inquit,
1021 3070 1267 3138 viamque
1318 3069 1581 3124 hactenus
1609 3066 1909 3123 coniectam
1942 3067 2055 3137 ipse

2161 3091 2261 3142 μου
2295 3077 2393 3144 τῆς
2424 3072 2569 3142 ζωῆς
2611 3073 2702 3128 τὸν
2745 3077 2973 3146 χρόνον,
3008 3078 3159 3145 φησὶ,
3209 3077 3303 3129 καὶ
3346 3077 3443 3149 τὴν
3495 3078 3613 3131 ὁδὸν
3662 3078 3728 3147 ἢν

495 3172 765 3217 scrutatus
794 3178 872 3216 es.

565 3252 729 3307 Vens.
762 3255 813 3307 6.
843 3253 1103 3309 Mirabilis
1133 3255 1273 3323 facta
1313 3263 1389 3307 est
1423 3255 1641 3308 scientia
1673 3263 1765 3307 tua
1799 3271 1862 3308 ex
1886 3270 1984 3307 me.

569 3347 823 3413 Superat,
850 3345 1045 3415 inquit,
1075 3345 1218 3401 vires
1250 3362 1417 3410 meas,
1448 3355 1501 3399 ct
1524 3353 1674 3400 extra
1707 3360 1878 3399 meam
1907 3360 2057 3399 com-

497 3437 903 3504 prehensionem
935 3444 1019 3490 est
1066 3438 1253 3490 horum
1282 3437 1536 3507 cognitio,
1590 3437 1660 3490 ita
1695 3445 1754 3489 ut
1792 3451 1853 3491 ea
1884 3452 2058 3506 neque

497 3530 801 3597 excogitare
822 3543 993 3597 neque
1016 3544 1276 3583 enarrare
1303 3545 1517 3599 queam.
1537 3528 1894 3596 Quantumvis
1914 3529 2057 3583 enim

498 3621 726 3689 dixero,
775 3636 837 3675 ea
884 3636 1049 3689 parva
1102 3635 1164 3674 ac
1210 3621 1432 3675 minima
1470 3636 1577 3689 pra:
1606 3620 1786 3675 divina
1819 3620 2057 3689 potentia

500 3712 739 3777 fuerint,
779 3712 930 3778 cujus
979 3712 1389 3778 comprehensio
1426 3726 1600 3764 meam
1652 3710 1789 3781 fugit
1827 3711 2059 3765 tenuita-

501 3812 633 3865 tem,
668 3804 774 3856 imo
807 3804 1043 3855 onmium
1076 3802 1269 3855 virium
1304 3800 1599 3855 defectum.

547 3915 710 3968 Vens.
743 3914 829 3968 16.
870 3913 1235 3982 Imperfectum
1265 3932 1435 3968 meum
1460 3916 1695 3969 viderunt
1734 3913 1874 3967 oculi
1908 3915 2007 3967 tui.

570 4004 723 4069 Quod
765 4006 997 4058 nondum
1039 4005 1375 4075 feci,inquit,
1415 4014 1668 4075 tanquam
1705 4004 1819 4075 jam
1854 4004 2055 4059 factum

499 4095 752 4159 intueris;
785 4105 839 4149 et
874 4097 1105 4148 nondum
1146 4106 1301 4153 natos
1324 4138 1339 4163 ,
1370 4109 1620 4165 tanquam
1651 4096 1762 4165 jam
1796 4097 1849 4150 in
1883 4096 2057 4151 lucem

501 4184 676 4239 editos
716 4186 876 4242 nosti.
906 4184 1087 4239 Potest
1119 4196 1296 4240 autem
1322 4186 1611 4256 dupliciter
1640 4184 1866 4255 intelligi
1902 4185 2059 4239 inno-

504 4276 677 4329 centia
704 4290 843 4338 mea,
875 4283 929 4327 et
960 4273 1175 4327 malitia:
1217 4276 1454 4328 carentia
1482 4314 1499 4339 ,
1532 4273 1675 4328 mila
1700 4272 1945 4342 indigens
1979 4272 2061 4325 in-

504 4367 815 4436 quisitione.
858 4364 987 4419 Nam
1029 4367 1241 4421 curiosa
1276 4368 1627 4421 observantia
1668 4366 1772 4420 dici
1806 4380 1940 4432 Opus
1972 4380 2060 4433 po-

505 4468 605 4511 test
647 4476 662 4512 :
700 4469 783 4512 est
829 4467 1006 4513 autem
1057 4458 1366 4527 imperfecta
1418 4460 1625 4521 anima,
1662 4472 1781 4526 quae
1823 4456 2059 4511 nondum

502 4550 701 4605 virtute
739 4557 793 4603 et
830 4550 1055 4605 scientia
1093 4550 1377 4604 informata
1415 4550 1598 4606 fuerit.

643 4683 808 4736 Vens.
837 4682 919 4736 i9.
952 4680 1063 4735 Viri
1093 4683 1429 4752 snnguinum,
1454 4681 1709 4734 declinate
1738 4697 1766 4733 a
1798 4696 1898 4734 me.

603 4754 767 4808 Vens.
794 4754 885 4807 ΞΟ.
926 4754 1192 4821 Accipient
1228 4755 1279 4805 in
1314 4752 1545 4804 vanitate
1568 4753 1797 4804 civitates
1827 4761 1964 4802 tuas.

579 4845 709 4900 Cum
734 4846 955 4899 dixisset
979 4845 1051 4915 (ν.
1081 4843 1165 4914 I7)
1184 4861 1198 4897 :
1219 4842 1479 4896 Milu'vero
1505 4843 1657 4895 nimis
1683 4842 1924 4895 honorati
1947 4852 2065 4895 sunt

510 4941 664 4993 amici
706 4940 823 5007 tui,
870 4938 1049 5002 Deus;
1101 4937 1295 4989 merito
1333 4935 1581 4989 inimicos
1636 4934 1729 4989 Dei
1771 4936 2069 4989 detestatur

508 5038 667 5093 atque
689 5043 719 5079 a
759 5042 817 5081 se
840 5035 1099 5081 removet.
1130 5025 1240 5079 lmo
1267 5040 1386 5079 cum
1412 5024 1539 5080 item
1558 5025 1779 5079 dixisset
1799 5024 1916 5078 fore
1938 5034 2061 5078 tem-

507 5136 630 5186 pus,
652 5134 759 5188 quo
788 5131 1097 5188 pmcatores
1126 5118 1265 5173 Deus
1301 5118 1414 5187 ipse
1450 5118 1753 5183 interﬁciet,
1782 5116 1891 5184 jam
1926 5134 2067 5171 nunc

508 5210 628 5263 illos
652 5210 836 5277 procul
863 5226 922 5264 se
956 5219 1125 5275 arcet,
1162 5227 1228 5264 ne
1267 5209 1393 5278 quid
1421 5208 1616 5263 habeat
1638 5223 1758 5261 cum
1789 5208 1894 5261 illis
1922 5223 2068 5262 com-

509 5316 711 5366 mune,
759 5315 934 5369 neque
968 5316 1032 5355 ex
1074 5304 1309 5369 ipsorum
1339 5302 1737 5371 propinquitate
1781 5301 2067 5355 detrimen-

512 5403 624 5448 tum
672 5391 871 5459 capiat.
910 5390 1147 5459 Namque
1178 5392 1243 5447 ad
1294 5393 1658 5449 contentiosos
1707 5406 1984 5446 sermones
2013 5401 2068 5446 et

513 5481 951 5544 controversias,
1000 5480 1270 5536 incassum
1320 5489 1443 5538 tuas
1493 5483 1738 5537 civitates
1776 5482 2065 5551 accipient,

512 5572 776 5630 vocabulo
847 5572 1120 5627 civitatum
1196 5575 1403 5629 divinas
1475 5574 1781 5644 Scripturas
1851 5572 2069 5645 signiﬁ-

514 5681 645 5722 cans
670 5709 685 5735 ,
727 5679 861 5736 quas
892 5664 1086 5721 frustra
1132 5677 1350 5723 sumunt
1396 5668 1709 5725 heterodoxi
1736 5707 1751 5734 ,
1794 5677 1847 5724 et
1876 5683 1981 5724 non
2014 5678 2071 5723 ut

2160 3162 2373 3234 διῆλθον
2402 3162 2561 3224 αὐτὸς
2597 3163 2926 3231 ὲξιχνίασας.

2351 3252 2803 3321 Ἐθαυμαστώθη
2835 3256 2873 3321 ἡ
2901 3252 3124 3322 γνῶσις
3146 3269 3260 3307 σου
3296 3255 3365 3318 ἐξ
3390 3256 3551 3324 ἐμοῦ.

2162 3354 2201 3392 λε
2246 3344 2558 3408 Ἐπιϐαίνει,
2591 3345 2743 3415 φησὶ,
2771 3343 2866 3414 τὴν
2905 3345 3043 3415 ἐμὴν
3068 3344 3314 3415 δύναμιν,
3352 3349 3443 3397 καὶ
3476 3345 3733 3402 ὲπέκεινά

2164 3438 2309 3489 ἐστιν
2336 3437 2433 3506 τῆς
2457 3437 2595 3506 ἐμῆς
2620 3433 2968 3505 καταλήψεως
3003 3436 3036 3504 ἡ
3066 3435 3270 3489 τούτων
3302 3436 3521 3504 γνῶσις,
3550 3436 3626 3500 ὡς
3655 3438 3731 3508 μὴ

2163 3525 2419 3579 δύνασθαί
2454 3543 2521 3597 με
2551 3525 2791 3597 ἐξευρεῖν
2829 3527 2961 3597 μηδὲ
2994 3524 3227 3589 ἐξειπεῖν
3256 3527 3414 3580 αὐτὰ.
3453 3529 3592 3582 ’Ὀσα
3624 3528 3733 3600 γὰρ

2164 3616 2228 3670 ἂν
2268 3617 2427 3679 εἴπω,
2466 3616 2637 3688 μικρὰ
2684 3617 2777 3670 καὶ
2826 3616 3079 3686 ἐλάχιστα
3128 3618 3381 3688 τυγχάνει
3415 3622 3512 3691 τῆς
3545 3620 3733 3690 θεῖκῆς

2164 3709 2464 3779 δυνάμεως,
2497 3704 2563 3780 ἦς
2610 3709 2911 3780 κατάληψις
2955 3709 3050 3781 τὴν
3089 3710 3225 3781 ἐμὴν
3260 3713 3599 3784 σμικρότητα
3641 3714 3735 3767 καὶ

2164 3798 2407 3852 οὐθενίαν
2438 3799 2736 3869 διαφεύγει.

2262 3908 2720 3979 Ἀκατέργαστόν
2746 3927 2864 3979 μου
2903 3907 3066 3965 εἶδον
3104 3916 3159 3966 οἱ
3195 3913 3488 3982 ὀφθαλμοί
3526 3928 3663 3967 σου.

2235 4001 2308 4055 Τὸ
2340 4002 2503 4072 μήπω
2522 4002 2762 4073 πραχθέν
2783 4021 2891 4074 μοι,
2910 4004 3094 4074 φησὶν,
3115 4004 3189 4067 ὡς
3212 4006 3312 4077 ἤδη
3342 4005 3588 4058 τελεσθὲν
3606 4005 3737 4058 καθο

2166 4096 2316 4166 ορᾷς,
2350 4095 2445 4147 καὶ
2471 4095 2597 4156 τοὺς
2623 4093 2760 4158 τέως
2786 4094 2860 4167 μὴ
2891 4095 3199 4165 τεχθέντας,
3227 4096 3302 4157 ὡς
3328 4095 3425 4166 ἤδη
3448 4095 3735 4165 τεχθέντας

2166 4188 2472 4240 ἐπίστασαι.
2507 4189 2739 4241 Δύναται
2773 4187 2830 4239 δὲ
2865 4186 3100 4240 νοεῖσθαι
3130 4186 3292 4254 διχῶς
3318 4186 3378 4237 τὸ
3412 4186 3615 4239 ἄκακον
3643 4187 3735 4238 καὶ

2166 4278 2458 4349 ἀπόνηρον,
2506 4280 2599 4332 καὶ
2618 4277 2967 4343 ἀνεξέταστόν
3008 4293 3141 4347 μου·
3180 4276 3335 4347 ἔργον
3373 4276 3480 4347 γὰρ
3519 4280 3550 4347 ἡ
3585 4277 3737 4347 περί-

2166 4386 2283 4422 νοια
2321 4369 2572 4437 λέγεσθαι
2607 4366 2836 4435 ὀφείλει’
2884 4366 3290 4435 ἀκατέργαστος
3333 4365 3389 4417 δέ
3433 4366 3548 4419 ἐστι
3590 4365 3736 4437 ψυχὴ

2162 4463 2196 4530 ἡ
2232 4462 2395 4531 μήπω
2422 4461 2487 4512 δι’
2520 4460 2722 4530 ἀρετῆς
2751 4457 3096 4528 μορφωθεῖσα
3128 4458 3221 4510 καὶ
3250 4456 3522 4525 γνώσεως.

2170 4680 2406 4751 Ἄνδρες
2450 4674 2724 4749 αἱμάτων,
2761 4680 3075 4733 siccatrare
3115 4678 3213 4733 ἀπ’
3239 4678 3407 4748 ἐμοῦ.
3432 4680 3742 4750 Λήψονται

2431 4754 2517 4815 εἰς
2548 4753 2911 4819 pacatorum
2947 4751 3054 4815 τὰς
3092 4752 3298 4814 πόλεις
3332 4764 3471 4805 σου.

2243 4842 2446 4907 Εἰπὼν,
2465 4843 2620 4911 Ἐμοὶ
2644 4842 2712 4895 δὲ
2739 4843 2881 4895 λίαν
2921 4842 3291 4911 ἐτιμήθησαν
3337 4846 3389 4895 oi
3419 4843 3585 4912 φίλοι
3602 4858 3742 4909 σου,

2174 4941 2207 4991 ό
2241 4935 2402 5000 Θεὸς,
2434 4936 2656 4997 εἰκότως
2686 4936 2810 4997 τοὺς
2841 4934 3067 5005 ἐχθροὺς
3098 4935 3191 4987 τοῦ
3236 4934 3370 4987 Θεοῦ
3402 4937 3747 5006 παραιτεῖται

2174 5030 2265 5082 καὶ
2313 5027 2602 5082 ἀπελαύνει
2656 5027 2877 5079 ἑαυτοῦ’
2924 5026 3057 5080 ἀλλὰ
3109 5027 3203 5080 καὶ
3246 5026 3619 5098 μνημονεύσας
3660 5026 3747 5077 ὅτι

2172 5118 2321 5170 ἔσται
2347 5135 2430 5180 τις
2452 5116 2639 5188 καιρὸς
2667 5117 2722 5167 ὲν
2755 5109 2798 5183 ᾧ
2829 5118 2954 5179 τοὺς
2982 5117 3335 5187 ἁμαρτωλοὺς
3374 5114 3533 5177 αὐτὸς
3554 5116 3581 5167 ὁ
3609 5112 3748 5177 Θεὸς

2172 5206 2475 5268 ἀποκτενεῖ,
2501 5203 2747 5257 ζεντεῦθεν
2780 5206 2882 5276 ἤδη
2914 5205 3006 5258 καὶ
3032 5204 3255 5267 τούτους
3299 5202 3491 5255 ἑαυτοῦ
3522 5201 3747 5273 μακρὰν

2173 5296 2404 5358 ἐλαύνει,
2438 5297 2513 5358 ὡς
2538 5296 2601 5349 ἂν
2647 5296 2721 5367 μὴ
2750 5297 3001 5359 κοινωνὸς
3032 5296 3207 5349 αὐτῶν
3248 5295 3473 5362 γένοιτο,
3512 5294 3646 5365 μηδὲ
3678 5295 3751 5349 ὲκ

2171 5390 2264 5443 τοῦ
2316 5389 2634 5461 πλησιάζειν
2685 5389 2930 5463 μετάσχῃ
2977 5390 3076 5460 τῆς
3123 5390 3250 5460 παρ’
3289 5386 3467 5440 αὐτῶν
3518 5386 3744 5457 βλάϐης.

2186 5484 2336 5536 Ἐπεὶ
2372 5483 2428 5535 δὲ
2466 5482 2558 5536 καὶ
2595 5485 2673 5546 εἰς
2712 5484 3019 5555 ὲριστικοῦς
3064 5482 3253 5552 λόγους
3272 5481 3362 5534 καὶ
3397 5481 3599 5552 ἔριδας,
3641 5480 3749 5546 τὰς

2176 5575 2272 5638 σὰς
2310 5576 2388 5638 εἰς
2417 5576 2750 5647 ματαιότητα
2787 5575 3043 5645 λήψονται
3070 5574 3270 5637 πόλεις,
3296 5573 3393 5637 τὰς
3423 5573 3571 5635 θείας
3601 5572 3750 5644 Γρα-

2180 5670 2286 5739 φὰς
2314 5669 2495 5733 πόλεις
2531 5669 2993 5740 χρηματιζούσας,
3021 5668 3264 5739 ματαίως
3296 5668 3352 5721 δὲ
3380 5666 3580 5729 ταύτας
3602 5664 3749 5738 λαμ-
