4036 6214
336 244 398 297 Η
837 252 843 258 ’
1477 245 1983 304 COMMENTARIA
2021 248 2085 302 IN
2128 248 2465 307 PSALMOS.
3523 260 3593 315 42

336 358 596 413 δάνουσιν
625 360 673 411 οἱ
700 358 1015 431 ἑτερόδοξοι,
1040 362 1133 415 καὶ
1148 360 1247 433 οὐχ
1268 363 1344 428 ὡς
1375 364 1457 417 δεῖ
1483 366 1619 436 (15)·
1648 368 1910 440 ἀποστρέ-

2015 378 2309 440 oporteret.
2348 370 2462 427 Hoc
2500 388 2598 445 ego
2642 374 2918 431 hominum
2953 389 3126 447 genus
3149 391 3371 433 aversor
3414 390 3468 433 et
3510 380 3596 434 ia—

338 468 514 522 φομαι
543 452 635 504 καὶ
667 451 898 505 ἐκκλίνω
927 454 1022 505 ἀπ’
1046 454 1245 508 αὐτῶν.

757 543 1097 612 Δοκίμασόν
1120 562 1217 613 με,
1252 548 1286 600 ό
1327 549 1489 612 Θεός.

412 632 591 683 Εἰπὼν
645 632 703 682 ὲν
745 632 909 703 ἀρχῇ,
945 634 1150 703 Κύριε,
1193 634 1559 705 ἐδοκίμασάς
1616 658 1692 710 με
1727 641 1824 695 καὶ
1858 642 1915 697 ἕ-

341 741 491 792 γνως
506 738 603 791 με,
628 722 723 776 νῦν
750 723 825 787 ὡς
856 726 1023 796 μήπω
1046 725 1390 797 δοκιμασθεὶς
1416 730 1541 801 ἔφη,
1578 732 1915 801 Δοκίμασόν

339 832 428 884 με,
467 815 665 883 Κύριε,
703 815 800 870 καὶ
832 814 1011 885 γνῶθι
1039 816 1154 887 τὴν
1184 819 1437 888 καρδίαν
1458 840 1598 891 μου.
1644 825 1753 877 Καὶ
1791 825 1911 878 τότε

341 906 435 976 μὲν
456 905 693 978 εἴρηται,
729 906 848 976 Τὴν
879 908 1079 977 τρίϐον
1097 928 1215 979 μου
1250 912 1345 965 καὶ
1377 913 1491 981 τὴν
1517 916 1770 983 σχοῖνόν
1794 935 1912 987 μου

334 995 706 1066 ἐξιχνίασας,
744 998 842 1052 καὶ
887 998 1090 1066 πάσας
1117 1003 1223 1067 τὰς
1258 1003 1435 1069 ὁδούς
1460 1023 1580 1075 μου
1610 1008 1907 1076 προεῖδες·

335 1088 458 1161 ἄρτι
502 1088 579 1154 δὲ,
618 1092 876 1144 Ἐτασόν
894 1109 991 1160 με,
1019 1092 1115 1157 καὶ
1139 1091 1317 1161 γνῶθι
1352 1095 1458 1160 τὰς
1486 1098 1722 1165 τρίϐους
1757 1117 1877 1169 μου
1897 1117 1910 1129 ·

339 1179 536 1249 μήποτ’
579 1175 672 1234 οὖν
706 1182 805 1234 οὐκ
840 1183 1057 1235 ἐναντία
1086 1183 1253 1251 λέγει.
1289 1186 1422 1238 Τότε
1465 1188 1573 1260 γὰρ
1611 1190 1799 1253 ἁπλῶς
1825 1191 1911 1244 δε-

2021 474 2130 528 gio.

2555 554 2723 608 Proba
2762 572 2865 618 me,
2901 556 3062 611 Deus.

2090 648 2261 714 Quum
2287 648 2440 703 initio
2456 648 2701 714 dixisset,
2722 646 2962 713 Domine,
2980 649 3216 719 probasti
3239 668 3318 705 me
3339 661 3387 705 et
3408 667 3592 722 cogam

2020 742 2136 794 uisti
2184 757 2283 808 me,
2343 756 2485 795 nunc
2530 756 2625 795 ceu
2683 744 2918 794 nondum
2963 744 3222 811 probatus
3258 744 3377 797 ait:
3416 746 3597 800 Proba

2019 850 2120 897 me,
2167 833 2408 897 Domine,
2452 843 2499 887 et
2546 834 2677 886 scito
2715 849 2805 887 cor
2851 850 3043 889 meum.
3092 836 3160 890 Et
3207 846 3333 889 tunc
3378 838 3590 906 quidem

2020 926 2218 980 dictum
2263 927 2415 980 fuit:
2469 924 2537 979 Et
2585 925 2880 993 funiculum
2932 943 3104 980 meum
3145 929 3492 997 iuuestigasti,
3542 936 3593 981 rt

2019 1035 2194 1072 omnes
2235 1019 2344 1072 rias
2390 1035 2530 1071 meas
2569 1019 2902 1084 prazvidisti;
2942 1034 3084 1074 nunc
3134 1035 3301 1087 vero,
3341 1020 3593 1076 Scrutare

2019 1122 2137 1171 me,
2191 1115 2241 1159 et
2300 1121 2546 1174 cognosce
2596 1106 2807 1159 semitas
2864 1121 3028 1159 meas.
3085 1104 3348 1161 Neutruhi
3410 1117 3589 1161 tamen

2020 1200 2293 1263 contraria
2345 1199 2607 1268 loquitur.
2653 1198 2803 1251 Tunc
2843 1201 2988 1253 enim
3044 1201 3366 1269 simpliciter
3405 1202 3593 1271 explo-

335 1269 661 1342 δοκιμάσθαι
715 1274 809 1326 καὶ
849 1274 1119 1342 ἐγνῶσθαι
1164 1271 1307 1340 εἷπε,
1354 1277 1448 1331 νῦν
1489 1280 1545 1332 δὲ
1585 1280 1797 1353 εὔχεται
1830 1284 1910 1341 60—

2023 1299 2195 1342 ratum
2230 1306 2286 1342 se
2319 1300 2371 1342 et
2403 1290 2678 1359 cognitum
2716 1290 2890 1351 dixit;
2931 1306 3073 1345 mmc
3097 1307 3228 1346 vero
3251 1302 3372 1345 orat
3407 1292 3592 1362 explo-

338 1363 688 1435 κιμασθῆναι,
739 1366 885 1429 ὅπως
920 1367 1135 1440 γνωσθῇ
1176 1369 1209 1440 ή
1255 1370 1452 1442 καρδία
1497 1372 1694 1425 αὐτοῦ’
1731 1378 1910 1446 μεῖξον

2024 1383 2129 1434 rari
2179 1396 2256 1434 se.
2302 1380 2470 1451 Majns
2507 1382 2651 1435 enim
2691 1384 2818 1451 quid
2869 1392 2991 1449 est,
3033 1398 3225 1452 purum
3273 1395 3592 1454 rectumque

338 1455 445 1525 γὰρ
469 1457 529 1508 τὸ
556 1457 792 1529 καθαρὸν
830 1460 921 1512 καὶ⁵
948 1460 1104 1525 εύθὲς
1138 1464 1203 1533 τῇ
1233 1465 1430 1537 καρδίᾳ
1474 1466 1567 1519 τοῦ
1602 1466 1788 1532 ἁπλῶς
1815 1486 1910 1521 κα-

2022 1471 2216 1526 babere
2238 1488 2352 1536 cor,
2376 1488 2534 1541 quam
2567 1474 2881 1543 simpliciter
2909 1490 3027 1530 esse
3058 1492 3249 1544 purum
3279 1486 3335 1531 et
3358 1487 3587 1532 rectum.

340 1548 504 1619 θαρὸν
532 1550 624 1603 καὶ
658 1549 791 1621 εὑθῆ
817 1551 1113 1623 ὑπάρχειν*
1143 1554 1237 1608 καὶ
1266 1557 1550 1630 ὑπεραίρει
1592 1559 1687 1613 τοῦ
1729 1560 1910 1625 ἁπλῶς

2017 1562 2308 1633 Longeque
2324 1575 2541 1635 praestat
2557 1567 2772 1635 cognito
2790 1582 2883 1635 per
2895 1566 3320 1636 explorationem
3335 1568 3591 1636 simplici-

334 1639 731 1713 δοκιμασθέντα
775 1644 1082 1717 γνωσθῆναι
1130 1646 1210 1718 τῷ
1257 1648 1649 1722 δοκιμασθῆναι
1690 1652 1780 1705 ἐπὶ
1835 1652 1910 1723 τῷ

2021 1668 2102 1710 ter
2143 1658 2379 1724 homini,
2418 1659 2502 1713 ille
2531 1660 2621 1728 qui
2656 1660 2913 1729 probatus
2951 1670 3034 1716 est
3067 1676 3164 1730 per
3200 1661 3382 1716 cordis
3404 1660 3593 1732 cogni-

337 1731 642 1803 γνωσθῆναι
671 1733 769 1804 τὴν
802 1734 1028 1805 καρδίαν
1059 1736 1222 1790 αὑτοῦ
1245 1754 1258 1767 °
1298 1738 1435 1793 ἀλλὰ
1472 1742 1566 1795 καὶ
1598 1742 1692 1795 τοῦ
1728 1742 1910 1805 ἁπλῶς

2019 1750 2239 1801 tionem.
2289 1750 2495 1805 Rursus
2525 1752 2696 1820 majus
2724 1753 2852 1822 quid
2883 1764 3003 1817 est,
3039 1754 3083 1808 si
3116 1754 3217 1808 viae
3240 1752 3357 1821 ejus
3387 1731 3593 1824 explan
3651 1744 3657 1751 ’

340 1824 707 1896 πρωραθῆναι
731 1825 829 1890 τὰς
856 1827 1008 1892 ὁδοὺς
1050 1828 1237 1895 αὑτοῦ,
1286 1830 1471 1903 μεῖζον
1515 1834 1575 1887 τὸ
1604 1834 1910 1904 γνωσθῆναι

2020 1851 2147 1893 rata:
2201 1851 2513 1909 noscantur,
2568 1858 2727 1912 quam
2764 1844 2808 1897 si
2854 1847 3223 1900 tantummodo
3256 1846 3591 1914 praevideo"-

338 1915 438 1979 τὰς
478 1915 696 1988 τρίϐους
744 1918 1070 1984 ὲτασθέντας
1110 1921 1298 1977 αὐτοῦ.
1339 1924 1431 1977 Διὸ
1490 1926 1583 1978 καὶ
1630 1928 1909 1997 ἐπήγαγε*

342 2008 449 2061 Καὶ
494 2008 581 2061 1δέ
630 2011 683 2063 εί
731 2005 883 2075 εἶδες
924 2012 1180 2082 ἀνομίαν
1214 2016 1285 2067 ἐν
1332 2017 1483 2085 ἐμοὶ,
1538 2018 1814 2071 τουτέστιν
1856 2021 1914 2073 ὲν

342 2097 455 2165 ἕξει
494 2099 588 2152 καὶ
619 2098 855 2153 διαθέσει
890 2118 1013 2172 μου.
1054 2103 1280 2175 Φέρεται
1318 2106 1412 2158 καὶ
1453 2105 1649 2170 οὕτως’
1680 2107 1791 2161 Καὶ
1826 2107 1916 2161 ἰδὲ

335 2194 390 2246 εί
430 2192 571 2257 ὁδὸς
613 2192 863 2263 ἀνομίας
908 2196 979 2248 ἐν
1031 2195 1193 2265 ἐμοί·
1246 2198 1535 2263 τουτέστι,
1584 2200 1917 2271 κατανόησον

337 2286 385 2337 εί
417 2283 617 2338 ὢδευσέ
661 2302 793 2339 ποτε
822 2289 879 2340 ὲν
905 2289 971 2359 τῇ
1013 2286 1159 2360 ψυχῇ
1191 2306 1290 2359 μου
1317 2290 1536 2363 ἀνομία,
1564 2290 1639 2355 ὡς
1669 2291 1788 2364 ἴχνη
1818 2293 1916 2363 τῆς

334 2375 453 2429 ὁδοῦ
487 2377 656 2448 αὐτῆς
702 2380 881 2448 μεῖναι
929 2380 1059 2451 παρ’
1100 2382 1245 2452 ἐμοί.
1284 2383 1471 2454 Ὅμως
1502 2383 1559 2436 δὲ
1606 2384 1700 2438 καὶ
1735 2386 1783 2438 εί
1824 2404 1914 2439 το-

338 2468 510 2539 σαύτη
540 2471 605 2522 ὲκ
636 2469 729 2523 σοῦ
765 2472 859 2525 καὶ
882 2471 970 2525 διὰ
1001 2472 1061 2525 σὲ
1088 2472 1445 2546 κατώρθωται
1474 2492 1563 2545 μοι
1592 2476 1915 2548 ἀναμαρτη-

339 2559 448 2621 σία,
494 2559 607 2613 ἀλλ’
640 2558 733 2616 οὖν
780 2564 844 2616 σὺ
882 2563 1170 2635 ὠδήγησάς
1215 2581 1281 2635 με
1322 2567 1381 2617 ὲν
1424 2565 1529 2637 ὁδῷ
1575 2567 1790 2639 αἱωνίᾳ,
1823 2568 1917 2621 ἐπὶ

336 2652 635 2708 ἀθανασίαν
675 2656 769 2709 καί
805 2657 1118 2729 ἀφθαρσίαν
1142 2659 1370 2732 ἀγούσῃ.

888 2751 1177 2803 ΨΑΛΜΟΣ
1205 2752 1371 2806 ΡΛΘ’.

492 2839 824 2893 Πεσοῦνται
852 2841 945 2894 ἐπ’
979 2842 1201 2908 αὐτοὺς
1227 2842 1520 2912 ἄνθρακες
1553 2846 1762 2912 πιφός.

412 2928 573 3000 Δίκην
604 2930 711 3002 γὰρ
742 2932 925 3001 ὑφέξει
964 2932 1099 3004 πρὸς
1134 2932 1320 2998 αὐτοῦ,
1356 2934 1509 2988 νόσον
1546 2932 1684 3005 ἔχων
1731 2934 1915 2989 τοιαύ-

339 3037 460 3092 την.

428 3113 640 3183 Ἄνδρα
659 3114 866 3169 ἄδικον
887 3118 1041 3171 κακὰ
1075 3118 1350 3186 θηρεύσει
1375 3121 1463 3185 είς
1486 3119 1829 3190 διαφθοράν.

413 3270 477 3324 Τί
510 3273 566 3326 δέ
594 3274 738 3327 ἐστιν
767 3276 846 3337 εἰς
881 3275 1214 3349 διαφθοράν;
1249 3277 1330 3330 ὃτι
1370 3277 1553 3331 πολλοὶ
1595 3277 1914 3349 θηρεύονται

336 3366 417 3428 εἰς
442 3365 733 3436 σωτηρίαν,
768 3366 841 3430 ὡς
872 3370 919 3420 οἱ
954 3370 1103 3440 παρὰ
1130 3370 1238 3423 τῶν
1262 3370 1593 3434 ἀποστόλων,
1629 3370 1702 3433 ὡς
1726 3374 1774 3424 oi
1807 3388 1913 3423 πα-

337 3458 408 3532 ρὰ
441 3458 548 3513 τῶν
577 3459 748 3529 ἁγίων
796 3462 1005 3532 ἀνδρῶν
1026 3479 1039 3490 ⁸
1084 3462 1199 3517 ἀλλ’
1224 3464 1279 3516 οῖ
1295 3479 1358 3532 γε
1390 3463 1615 3535 πονηροὶ
1652 3464 1779 3516 ὅταν
1810 3464 1915 3517 ὑπὸ

334 3552 435 3621 τῆς
468 3553 663 3615 κακίας
706 3554 1023 3624 θηρεύονται
1048 3555 1142 3608 καὶ
1173 3555 1397 3626 φθορᾶς·
1428 3557 1535 3618 πᾶς
1568 3556 1675 3627 γὰρ
1711 3555 1912 3619 ἄδικος,

335 3644 523 3715 ὥσπερ
551 3645 657 3697 ὑπὸ
701 3631 907 3708 οἰκείας
932 3646 1088 3699 νὸσου
1118 3646 1436 3720 διαφθαρεὶς
1459 3648 1565 3700 ὑπὸ
1590 3648 1691 3717 τῆς
1720 3647 1911 3701 ἑαυτοῦ

337 3736 553 3799 κακίας,
602 3736 753 3808 δίκην
790 3736 971 3806 ὑφέξει
1008 3737 1107 3808 τὴν
1155 3739 1533 3809 προσήκουσαν
1558 3754 1572 3767 θ
1620 3738 1777 3809 ἱκανὴ
1804 3738 1913 3809 γάρ

341 3833 487 3885 ἐστιν
509 3832 627 3885 ἀντὶ
660 3833 838 3905 πάσης
858 3833 1123 3904 τιμωρίας
1165 3833 1263 3904 τὴν
1286 3831 1511 3903 ἔχουσαν
1536 3832 1705 3904 αὐτὴν
1735 3832 1913 3905 ψυχὴν

337 3923 663 3995 διαφθεῖραι.

340 4018 568 4087 Ἕγνων
607 4017 694 4070 ὅτι
732 4015 967 4083 ποιήσει
997 4016 1210 4083 Κύριος
1233 4015 1347 4084 τὴν
1384 4017 1586 4085 κρίσιν
1624 4016 1732 4070 τοῦ
1763 4033 1914 4071 πτω-

1060 4125 1192 4176 χου.

419 4198 695 4266 Ἐντεῦθεν
733 4202 761 4253 6
782 4199 1032 4270 Σολομὼν
1060 4198 1359 4270 ὠφεληθεὶς
1386 4199 1475 4252 τὸν
1510 4200 1717 4270 πατέρα
1748 4200 1911 4271 φησὶν

332 4292 393 4345 ὲν
418 4291 498 4362 τῷ
540 4291 932 4363 Ἐκκλησιαστῇ
956 4308 968 4320 ’
1021 4293 1199 4357 Τέλος
1236 4292 1423 4360 λόγου
1454 4290 1520 4343 τὸ
1558 4290 1681 4344 πᾶν
1704 4292 1908 4358 ἄκουε,

332 4386 415 4439 ὅτι
443 4384 565 4439 πᾶν
582 4386 649 4439 τὸ
674 4387 898 4454 ποίημα
936 4384 1064 4450 ἄξει
1084 4387 1116 4439 ό
1141 4385 1283 4449 Θεὸς
1310 4384 1396 4447 εὶς
1425 4384 1646 4450 κρίσιν,
1670 4383 1740 4437 ἐν
1762 4399 1911 4437 παν·

333 4477 387 4529 τὶ
414 4476 861 4545 παρεωραμένῳ,
893 4475 1001 4529 ἐάν
1030 4494 1091 4529 τε
1112 4474 1357 4544 ἀγαθὸν,
1384 4473 1494 4528 ἐάν
1517 4491 1579 4528 τε
1606 4476 1872 4542 πονηρόν
1890 4493 1902 4505 ’

337 4569 429 4620 καὶ
451 4568 544 4621 νῦν
560 4569 687 4640 γὰρ,
722 4570 907 4638 φησιν,
934 4568 1010 4631 ὡς
1043 4570 1218 4638 κρινεῖ
1234 4569 1263 4619 6
1287 4566 1417 4630 Θεὸς
1442 4566 1670 4620 ἐκδικῶν
1695 4568 1786 4620 τὸν
1811 4567 1905 4621 νῦν

337 4660 804 4730 καταπονούμενον
847 4659 1052 4731 πένητα
1097 4658 1192 4711 καί
1231 4657 1465 4728 πτωχόν.
1512 4658 1633 4710 Ἐπὶ
1670 4660 1904 4729 χρηστὸν

334 4751 391 4805 δὲ
420 4753 555 4821 μετά
572 4752 742 4806 ταῦτα
769 4752 919 4816 τέλος
947 4749 1282 4821 κατέστρεψε
1314 4750 1406 4803 τὸν
1426 4748 1638 4821 ψαλμόν
1662 4768 1675 4780 ’
1700 4750 1780 4804 διὸ
1808 4752 1903 4806 καὶ

331 4842 434 4907 Εἰς
463 4841 634 4907 τέλος
668 4844 1094 4915 ἐπιγέγραπται,
1141 4841 1238 4913 τὴν
1273 4841 1640 4913 ἀποκειμένην
1676 4844 1789 4905 τοῖς
1831 4841 1908 4895 δι-

330 4932 507 4998 καίοις
554 4934 725 5003 λέγων
785 4934 992 4992 ἐλπίδα.
1062 4935 1118 4989 ’0
1164 4933 1221 4986 δὲ
1268 4932 1579 5004 Σύμμαχος,
1624 4934 1783 5001 παρὰ
1830 4932 1910 4999 τῷ

330 5024 629 5092 προσώπῳ
666 5040 803 5089 σου,
848 5024 1013 5093 λέγει.
1047 5026 1111 5078 Τί
1155 5024 1212 5079 δὲ
1235 5025 1480 5096 κρεῖττον
1508 5022 1601 5077 τοῦ
1635 5023 1908 5097 κεκαθαρ-

333 5115 468 5186 μένη
523 5115 731 5187 διανοίᾳ
775 5116 1062 5187 πρόσωπον
1126 5117 1261 5189 πρὸς
1309 5117 1597 5189 πρόσωπον
1650 5117 1783 5187 ὁρᾷν
1818 5115 1909 5170 τὸν

329 5206 492 5271 Θεόν;
541 5208 684 5261 κατὰ
712 5208 803 5260 τὸν
836 5207 930 5261 τοῦ
964 5209 1209 5279 Σωτῆρος
1250 5191 1595 5281 μακαρισμὸν
1622 5206 1864 5270 εἰπόντος
1884 5224 1897 5237 ’

330 5298 618 5367 Μακάριοι
658 5304 712 5354 οὶ
757 5300 1001 5368 καθαροὶ
1051 5298 1125 5367 τῇ
1163 5300 1393 5368 καρδίᾳ,
1443 5300 1533 5354 ὅτι
1582 5299 1749 5354 αὐτοὶ
1798 5298 1902 5351 τὸν

332 5385 481 5440 θεὸν
507 5388 757 5457 ὄψονται
780 5407 794 5420 ⁸
831 5384 893 5444 οὗ
921 5390 1170 5460 τυχόντες
1191 5391 1684 5462 εύχαριστήσουσιν.

402 5546 444 5578 ⁸³
470 5546 645 5602 Eccle.
682 5562 780 5613 xu,
810 5547 893 5610 15,
927 5547 1007 5600 Η.
1080 5545 1127 5576 ⁸³
1164 5545 1351 5600 Matth.
1390 5561 1440 5611 ν,
1471 5547 1524 5601 8.

2016 1941 2119 1984 tur.
2158 1931 2362 1987 Idcirco
2396 1934 2598 1989 addidit
2631 1953 2645 1989 :
2693 1935 2763 1988 Et
2800 1936 2915 1990 vide
2954 1954 3021 1989 an
3060 1940 3142 1991 via
3187 1938 3485 2009 iniquitatis
3535 1940 3590 1989 in

2015 2042 2093 2078 me
2122 2028 2216 2091 sit,
2257 2026 2308 2080 id
2342 2037 2425 2081 est
2457 2027 2507 2080 in
2543 2028 2727 2082 habitu
2762 2043 2823 2082 ac
2856 2043 3054 2100 genere
3094 2029 3217 2082 vita:
3265 2044 3418 2082 meze.
3450 2028 3588 2083 Fer—

2017 2127 2104 2170 tur
2140 2128 2193 2171 et
2236 2119 2339 2171 alia
2386 2119 2737 2188 explanatio:
2782 2119 2851 2174 Et
2882 2121 2994 2175 vide
3025 2138 3151 2175 num
3180 2122 3263 2174 uia
3293 2122 3587 2190 iniquitatis

2014 2207 2068 2259 in
2099 2224 2180 2260 me
2207 2209 2274 2261 sit
2300 2223 2319 2261 :
2347 2209 2399 2262 id
2432 2221 2534 2276 est,
2567 2212 2794 2266 observa
2829 2229 2896 2266 an
2927 2214 3215 2282 aliquando
3244 2212 3501 2281 iniquitas
3533 2216 3587 2266 in

2016 2314 2105 2354 me
2138 2300 2209 2353 sit
2232 2312 2498 2369 grassata,
2529 2303 2603 2356 ita
2648 2313 2706 2356 ut
2753 2305 2979 2375 vestigia
3016 2306 3223 2359 semita:
3262 2305 3380 2374 ejus
3414 2307 3467 2359 in
3502 2322 3589 2359 ine

2016 2391 2310 2460 supersint.
2347 2391 2711 2448 Nihilominus
2755 2395 2856 2449 etsi
2890 2402 3038 2448 tanta
3076 2396 3176 2449 fuit
3207 2410 3273 2450 ex
3316 2408 3367 2449 te
3410 2404 3589 2466 et-pi-t'

2020 2492 2071 2538 te
2116 2484 2422 2540 innocentia
2462 2502 2578 2541 mea
2605 2528 2619 2551 ,
2659 2498 2711 2540 tn
2770 2498 2950 2541 tamen
2994 2489 3127 2543 mihi
3174 2488 3281 2542 dux
3325 2503 3384 2544 es
3417 2490 3470 2543 in
3503 2491 3588 2543 via

2016 2583 2218 2629 aeterna
2248 2615 2264 2640 ,
2305 2593 2422 2645 quae
2454 2578 2519 2631 ad
2549 2578 2955 2632 immortalitem
2995 2578 3591 2648 incorruptibilitateni-

2018 2678 2122 2732 que
2161 2667 2425 2734 perducit.

2475 2758 2798 2815 PSALMUS
2838 2760 3123 2815 CXXXIX.

2169 2844 2324 2900 Vens.
2362 2848 2448 2901 il.
2477 2848 2674 2903 Cadent
2708 2867 2862 2917 super
2890 2867 2977 2904 eos
3012 2852 3145 2921 ignis
3169 2853 3438 2907 carbones.

2089 2934 2308 2989 Pmnam
2372 2938 2568 3008 quippe
2616 2956 2646 2993 a
2697 2941 2804 2994 Deo
2853 2942 3081 3007 referet,
3134 2944 3223 3013 qui
3281 2945 3583 3014 hujusinotii

2021 3030 2209 3083 morbo
2241 3029 2467 3084 laborat.

1944 3109 1986 3167 Ο
2024 3121 2183 3178 Vens.
2225 3121 2315 3177 12.
2384 3120 2563 3177 Virum
2608 3123 2859 3191 injustam
2918 3126 3057 3180 mala
3107 3129 3307 3198 capient
3357 3131 3425 3182 ad
3466 3147 3587 3184 cor-

2651 3197 2962 3263 ruptionem.

2086 3284 2221 3353 Quid
2249 3288 2422 3341 estad
2454 3290 2898 3357 corruptionem?
2932 3306 3124 3360 nempe
3161 3292 3285 3361 quia
3319 3292 3470 3347 multi
3495 3308 3586 3348 ca—

2016 3378 2236 3446 piuntur
2258 3378 2323 3432 ad
2354 3378 2603 3445 Salutem,
2630 3390 2690 3433 ut
2716 3380 2788 3434 illi
2825 3385 2916 3451 qui
2952 3384 3018 3438 ab
3058 3385 3315 3454 apostolis
3347 3388 3581 3442 sanctis-

2014 3488 2118 3542 que
2146 3473 2297 3527 viris.
2336 3472 2711 3529 Verumtamen
2757 3476 2831 3530 illi
2869 3476 3097 3543 improbi
3126 3486 3251 3530 sunt
3281 3478 3371 3547 qui
3401 3493 3430 3531 a
3472 3495 3586 3532 ma-

2015 3563 2127 3617 litia
2152 3565 2440 3633 capiuntur
2467 3576 2520 3617 et
2556 3567 2879 3634 corruptela.
2932 3566 3121 3632 Quivis
3155 3567 3295 3620 enim
3348 3567 3582 3634 injustas

2016 3666 2270 3727 tanquam
2308 3657 2494 3711 intimo
2524 3658 2713 3712 morbo
2737 3670 3018 3727 corruptus
3051 3661 3285 3728 nequitia
3317 3677 3435 3725 sua,
3462 3676 3582 3731 pa:-

2015 3765 2137 3804 nam
2203 3765 2495 3819 congruam
2566 3754 2818 3822 perferet.
2896 3750 3135 3821 Namque
3200 3754 3266 3807 ad
3334 3769 3582 3809 corrum-

2013 3844 2239 3913 pendam
2301 3845 2569 3910 animam,
2632 3847 2869 3915 cujusvis
2917 3861 3088 3916 poetae
3142 3846 3298 3913 loco,
3344 3847 3582 3917 nequitia

2014 3939 2225 3997 sufﬁcit.

2017 4030 2178 4088 Vens.
2225 4035 2309 4088 i3.
2370 4032 2598 4104 Cognovi
2655 4038 2776 4116 quia
2821 4036 2977 4119 jaciet
3023 4035 3272 4091 Dominus
3312 4037 3581 4108 judicium

2700 4122 2885 4171 inopis.

2083 4194 2219 4250 Hinc
2246 4194 2499 4251 Salomon
2527 4196 2671 4250 Patri
2695 4196 2995 4267 suﬂ‘ragans
3023 4198 3098 4251 ait
3129 4198 3180 4251 in
3210 4199 3538 4253 Ecclesiaste
3563 4217 3577 4251 :

2018 4284 2201 4340 Finem
2266 4303 2625 4356 summamque
2679 4289 2839 4340 totius
2887 4289 3141 4342 sermonis
3178 4290 3340 4352 audi;
3389 4302 3582 4357 nempe

2013 4380 2153 4450 quod
2184 4395 2334 4433 omne
2370 4380 2565 4449 factum
2616 4380 2842 4434 adducet
2890 4380 3029 4434 Deus
3082 4382 3138 4433 in
3180 4381 3471 4450 judicmm,
3514 4383 3579 4433 de

1940 4452 1984 4506 D
2014 4475 2157 4527 omni
2190 4474 2514 4537 abscondito,
2570 4475 2676 4527 sive
2740 4474 2794 4527 id
2850 4475 3042 4527 bonum
3091 4474 3270 4540 fuerit,
3312 4476 3415 4527 sive
3457 4489 3577 4527 ma-

2011 4563 2119 4615 lum
2159 4564 2225 4616 ".
2270 4563 2334 4616 Et
2381 4580 2523 4619 nunc
2583 4565 2749 4629 enim,
2816 4564 3010 4633 inquit,
3060 4564 3325 4633 judicahit
3379 4564 3577 4619 vindex

2014 4658 2150 4711 Deus
2188 4658 2254 4712 de
2285 4673 2521 4727 paupere
2559 4672 2817 4726 oppresso
2846 4666 2900 4711 et
2930 4658 2995 4711 de
3040 4657 3213 4727 inope.
3251 4655 3412 4712 Felici
3448 4671 3569 4710 mox

2009 4751 2113 4802 line
2139 4749 2406 4817 psalmum
2436 4750 2711 4803 concludit
2748 4750 2998 4818 (ideoque
3037 4759 3092 4803 et
3139 4750 3190 4803 in
3238 4749 3394 4804 titulo
3440 4753 3577 4815 scrt-

2006 4853 2153 4914 ptum
2181 4852 2264 4896 est
2292 4841 2358 4896 lu
2394 4842 2573 4912 finem)
2604 4845 2893 4913 repositam
2918 4842 3081 4912 justis
3127 4856 3274 4911 spem
3316 4840 3573 4895 recitatis.

2007 4935 2372 5005 Symmachus
2416 4946 2616 5000 autem,
2659 4934 2801 5005 apud
2838 4935 3022 5004 [aciem
3057 4942 3223 4996 tuam,
3255 4933 3403 4988 dicit.
3435 4933 3573 4999 Quid

2004 5039 2134 5078 vero
2176 5026 2515 5093 praestantius
2564 5040 2728 5093 quam
2779 5040 2914 5094 puro
2967 5024 3129 5077 corde
3177 5023 3344 5078 Deum
3392 5037 3573 5078 coram

2006 5117 2292 5185 spectare?
2325 5128 2482 5186 prout
2515 5118 2651 5173 dixit
2676 5119 2934 5173 Set-valor
2957 5134 2972 5170 :
2998 5115 3149 5169 Beati
3174 5116 3367 5169 mundo
3395 5117 3570 5178 corde,

2006 5208 2254 5275 quoniam
2290 5208 2387 5277 ipsi
2432 5207 2597 5263 Deum
2619 5209 2860 5263 videbunt
2882 5208 2968 5260 "l
3005 5223 3164 5278 quant
3197 5222 3310 5262 rem
3352 5208 3528 5278 adepti
3553 5246 3569 5270 ,

2006 5297 2209 5365 gratias
2238 5307 2415 5369 agent.

401 5706 514 5778 (15)
559 5704 791 5773 Insignis
826 5703 1038 5758 Eusebii
1081 5700 1343 5757 sententia
1388 5701 1453 5758 de
1496 5700 1663 5758 sacris
1705 5699 1872 5768 libris,
1903 5698 2034 5753 nihil
2071 5697 2315 5754 utilitatis
2343 5694 2481 5765 apud
2510 5696 2792 5753 hiereticos
2831 5696 3159 5753 habentibus

605 5800 872 5860 PATROL.
920 5798 1037 5858 Gn.
1090 5796 1315 5859 XXIV.

3163 5795 3201 5849 ‘2
