4068 6198
436 255 507 314 43
1107 255 1374 312 EUSEBII
1415 253 1890 311 CrESARlENSlS
1927 253 2079 310 OPP.
2122 254 2297 310 PARS
2335 253 2424 311 Ill.
2464 285 2532 292 —
2570 251 2988 308 EXEGETICA.
3622 249 3690 304 44

960 364 1281 422 PSALMUS
1315 365 1475 422 CXL.

505 461 748 522 Psalmus
768 458 858 514 hic
881 472 1065 529 parem
1095 472 1158 511 ac
1190 458 1436 527 superior
1473 458 1688 514 titulum
1727 457 1885 530 gerit.
1911 455 2007 512 Est

435 567 612 613 autem
660 551 899 617 Davitlis,
945 550 1300 621 eamdemque
1345 551 1453 604 vim
1511 551 1691 622 procis
1741 551 2003 605 continet.

435 651 546 705 Hoc
586 658 764 702 tamen
794 645 1023 717 amplius
1057 643 1244 714 habet,
1284 645 1424 714 quod
1460 645 1633 715 magis
1669 653 1753 699 est
1789 643 2008 714 degula-

434 741 593 803 ticns,
645 747 698 792 et
720 737 874 808 plura
907 747 1071 808 atque
1102 736 1319 792 utiliora
1363 738 1464 792 sub
1499 735 1652 791 initio
1701 736 1876 791 docet.
1918 735 2008 788 Ait

432 833 597 903 igitur
628 853 642 888 :
669 829 927 886 Clamavi.
957 829 1110 884 Haud
1139 845 1273 885 sane
1296 845 1488 900 magna
1520 843 1652 883 voce
1674 837 1739 882 et
1769 826 2007 881 clamore

432 937 589 978 usum
615 936 734 977 esse
759 920 1122 992 psalmistam,
1143 920 1366 975 credere
1392 921 1586 984 decet;
1622 933 1748 972 nam
1779 917 2004 972 silentes

431 1030 650 1085 quoque
675 1014 826 1068 audit
865 1014 1023 1068 Deus.
1075 1011 1168 1067 Sic
1211 1012 1375 1066 etiam
1423 1011 1592 1082 Moysi
1640 1011 1874 1064 traditur
1927 1010 2006 1064 di-

430 1116 576 1163 ctum
597 1125 612 1166 :
635 1107 774 1173 Quid
800 1106 868 1159 ad
885 1121 964 1158 me
988 1104 1185 1159 clamas
1199 1103 1284 1160 “‘2
1306 1101 1410 1158 Sed
1431 1103 1522 1172 qui
1545 1116 1737 1172 magna
1757 1101 2006 1171 dogmata

433 1216 463 1255 a
493 1200 603 1254 Deo
639 1199 922 1263 didicerat,
963 1197 1164 1252 eximio
1201 1197 1368 1251 animi
1407 1194 1603 1250 aﬂ'eetu
1647 1179 1859 1261 ftdcque
1905 1191 2003 1245 ali-

432 1292 559 1362 qnid
584 1307 612 1345 a
638 1292 747 1346 Deo
786 1293 993 1362 petens,
1042 1290 1115 1343 ita
1163 1289 1228 1342 ad
1257 1303 1380 1341 eum
1421 1284 1711 1341 clamabat.
1745 1282 1924 1350 Quare
1949 1292 2001 1338 et

435 1383 662 1439 lidenter
693 1383 773 1436 ait
805 1381 1111 1448 :Quoniam
1139 1379 1259 1434 talis
1294 1392 1437 1443 sum,
1487 1387 1541 1432 et
1585 1376 1656 1430 ita
1686 1375 1884 1439 clamo,
1920 1386 2003 1428 at-

432 1477 595 1530 tende
622 1475 738 1529 voci
774 1487 909 1529 meae
937 1475 1062 1527 dum
1093 1471 1161 1525 ad
1199 1482 1249 1525 te
1278 1470 1472 1524 clamo.
1521 1467 1730 1537 Quippe
1760 1467 1855 1536 qui
1902 1481 2002 1536 pu-

433 1583 547 1621 ram
586 1567 757 1622 habeo
784 1581 893 1620 non
923 1575 1156 1618 mentem
1184 1559 1577 1624 tantummodo,
1619 1558 1712 1612 sed
1741 1566 1795 1612 et
1825 1556 2000 1611 lablo-

2670 365 2961 417 ΨΑΛΜυΣ
2994 364 3127 417 PM'.

2193 455 2523 521 Ἀκολούθως
2559 455 2636 527 τῷ
2667 456 2960 528 προάγοντι
2995 455 3194 526 ψαλμῷ
3216 455 3311 509 καὶ
3325 447 3481 518 οὗτος
3507 455 3676 523 ἐπιγέ-

2108 565 2349 620 γραπται
2369 567 2383 579 ο
2419 548 2621 602 ἔστιδὲ
2647 549 2742 602 τοῦ
2771 549 2956 614 Δαυῖδ,
2987 549 3081 602 καὶ
3105 547 3204 619 τὴν
3236 548 3408 618 αὐτὴν
3447 546 3560 619 ἔχει
3592 547 3687 619 τῆς

2108 637 2416 714 προσευχῆς
2444 641 2691 713 δύναμιν.
2731 641 2883 713 Ἔχει
2903 641 2960 694 δέ
2990 658 3042 694 τι
3060 639 3223 694 πλέον
3256 634 3411 703 οὗτος
3438 640 3681 710 δόγματι

2107 736 2248 789 κώτε
2257 753 2346 808 ρος
2365 735 2462 802 ὢν,
2493 737 2586 790 καὶ⁹
2606 735 2826 790 πλείονα
2844 736 2937 789 καὶ
2962 733 3360 806 ὠφελιμώτερα
3375 733 3461 787 διὰ
3480 735 3580 806 τῆς
3594 734 3689 806 ἀρ-

2106 829 2208 900 χῆς
2229 828 2521 884 παιδεύωνο
2545 829 2639 882 καὶ
2656 828 2838 900 φησίν·
2867 827 3212 896 Ἐκέκραξιυ
3231 826 3290 880 ού
3305 825 3521 889 πάντως
3537 824 3689 899 φωνῇ

2105 921 2320 994 μεγάλῃ
2353 922 2445 976 καὶ
2479 920 2574 993 βοῇ
2613 920 2914 992 κεχρῆσθαι
2945 920 3105 974 αὑτὸν
3135 921 3400 991 προσήκει
3443 917 3690 990 ὖπολαμυ

2107 1012 2313 1067 δάνειν·
2359 1013 2453 1068 καὶ
2481 1012 2808 1067 σιωπώντων
2837 1011 2942 1085 γὰρ
2969 1011 3156 1066 ἀκούει
3185 1011 3212 1066 ό
3232 1010 3368 1076 ’Θεός
3391 1027 3403 1041 ’
3430 1009 3572 1063 οὕτω
3593 1010 3687 1064 καὶ

2103 1103 2314 1178 Μωῦσῇ
2343 1105 2557 1175 λέγεται
2589 1104 2871 1178 εἰρηκέναι
2894 1121 2908 1135 °
2953 1106 3014 1160 Tl
3032 1100 3190 1170 βοᾷς
3223 1102 3374 1172 πρὸς
3395 1097 3511 1172 μέ;
3547 1099 3686 1155 Ἀλλ’

2103 1198 2131 1251 ό
2159 1198 2372 1268 μεγάλα
2401 1197 2644 1269 δόγματα
2674 1199 2801 1270 περὶ
2845 1196 2980 1251 Θεοῦ
3029 1196 3386 1268 κεκτημένος,
3418 1193 3686 1266 ὑπερϐαλ-

2103 1290 2270 1364 λούσῃ
2296 1307 2356 1344 τε
2383 1288 2619 1344 διαθέσει
2639 1289 2732 1343 καὶ
2758 1289 2939 1342 πίστει
2974 1287 3141 1344 αἰτῶν
3161 1305 3215 1340 τι
3242 1286 3392 1358 παρὰ
3417 1284 3511 1339 τοῦ
3529 1285 3685 1350 Θεοῦ,
3717 1342 3719 1345 ,

2102 1381 2274 1445 οὕτως
2315 1379 2578 1453 ἐκέκραξε
2619 1379 2755 1452 πρὸς
2788 1379 2950 1434 αὐτόν
2969 1395 2983 1409 ·
3018 1379 3098 1432 διὸ
3125 1375 3221 1433 καὶ
3248 1378 3462 1451 θαρσῶν
3486 1393 3648 1450 φησιν
3669 1393 3685 1409 ⁸

2102 1473 2321 1547 Ἐπειδὴ
2359 1472 2598 1539 τοιοῦτός
2638 1475 2772 1544 εἰμι,
2807 1473 2901 1527 καὶ
2933 1471 3157 1527 τοιαῦτα
3191 1471 3318 1544 βοῶ,
3349 1473 3590 1544 πρόσχες
3620 1471 3690 1542 τῇ

2102 1569 2250 1638 φωνῇ
2295 1583 2395 1637 μου
2437 1567 2496 1621 ἐν
2519 1565 2598 1638 τῷ
2635 1567 2968 1638 κεκραγέναι
3005 1583 3073 1638 με
3108 1566 3244 1638 πρὸς
3282 1565 3376 1619 σέ·
3409 1561 3484 1629 ὡς
3519 1563 3691 1618 καθα-

431 1672 552 1710 rum
571 1672 760 1712 vocem
803 1670 834 1709 a
880 1653 1180 1716 mendacio,
1225 1650 1462 1722 periurio
1487 1659 1543 1704 et
1581 1647 1850 1705 convicio.
1903 1646 2000 1704 His

2112 1659 2205 1731 ραν
2234 1658 2373 1730 ἔχων
2402 1659 2462 1712 οὐ
2517 1659 2676 1730 μόνον
2708 1660 2809 1732 τὴν
2838 1659 3097 1723 διάνοιαν,
3149 1656 3285 1713 ἀλλὰ
3334 1655 3430 1711 καὶ
3468 1655 3566 1729 τὴν
3600 1652 3692 1710 διὰ

430 1751 594 1804 etiam
626 1758 1018 1820 consequenter
1048 1745 1234 1801 addit:

435 1936 594 1994 Vens.
649 1935 707 1992 2.
771 1933 1005 1989 Eleuatio
1074 1947 1322 2012 manuum
1388 1944 1621 1982 mearum
1687 1925 2006 1994 sacriﬁcium

1041 2015 1379 2072 vespertinum
1388 2043 1400 2057 ο

503 2100 615 2156 Hoc
647 2099 908 2170 intelliges
940 2083 1006 2152 ei:
1033 2097 1176 2150 dicto
1203 2093 1444 2164 Apostoli
1471 2111 1484 2147 :
1528 2089 1658 2145 Volo
1691 2091 1827 2144 viros
1852 2101 2004 2142 orare

428 2198 657 2242 levantes
696 2203 858 2257 puras
903 2201 1112 2246 manus,
1170 2184 1285 2236 sine
1342 2182 1423 2235 ira
1466 2190 1516 2234 et
1558 2178 2002 2233 murmurationi-

430 2282 524 2333 bus
557 2279 602 2310 “
635 2297 651 2333 :
685 2292 918 2346 namque
937 2286 996 2330 et
1020 2275 1110 2328 ille
1138 2283 1244 2328 tant
1279 2274 1668 2343 cogitationum
1699 2272 1829 2326 facit
1853 2285 2004 2325 men-

423 2371 630 2424 tionem
671 2382 834 2438 quam
882 2377 1126 2421 actuum.
1193 2364 1386 2419 Verum
1445 2364 1594 2433 itnpii
1655 2376 2000 2432 nequaquam

431 2475 622 2515 manus
641 2457 1088 2513 snstollunt.ldco
1119 2456 1323 2510 dietnm
1353 2463 1433 2510 est
1459 2454 1565 2508 illis
1595 2472 1609 2508 :
1640 2453 1771 2508 Cum
1815 2467 2002 2506 manus

430 2563 623 2607 vestras
649 2551 717 2604 ad
754 2567 834 2603 me
859 2550 1169 2612 extendetis,
1201 2548 1392 2617 facient
1417 2563 1588 2601 meam
1617 2563 1650 2599 a
1691 2547 1829 2599 robis
1857 2559 2004 2597 auer-

429 2657 534 2699 tant
580 2645 647 2697 “.
691 2645 916 2714 Oportet
963 2657 1094 2697 vero
1143 2641 1195 2695 in
1248 2641 1414 2694 altum
1467 2653 1620 2694 aetas
1679 2637 2000 2703 sustollere,

428 2744 588 2805 atque
608 2748 703 2789 eos
721 2743 880 2804 prout
900 2733 1017 2788 μί)θο
1051 2731 1310 2803 placuerit
1335 2731 1612 2800 perlicere.

431 3015 597 3074 Vsus.
617 3015 671 3071 4.
705 3012 786 3067 Ne
812 3011 1037 3066 declines
1067 3023 1158 3061 cor
1177 3022 1348 3060 meum
1373 3004 1443 3058 ad
1473 3001 1692 3055 malitia:
1715 3015 1996 3074 sermones,

608 3089 675 3140 ad
711 3082 1036 3142 excusandas
1081 3077 1446 3133 excusationes
1478 3074 1539 3126 in
1578 3073 1821 3143 peccatis.

505 3250 583 3306 Ne
604 3243 843 3305 subverti
878 3241 1024 3298 sinas
1059 3247 1219 3308 atque
1269 3236 1322 3291 in
1367 3231 1698 3290 contrarium
1751 3227 2002 3284 inclinari

433 3347 688 3400 donatam
722 3342 890 3394 semel
935 3350 966 3391 a
1015 3344 1067 3389 te
1102 3329 1233 3386 mihi
1264 3337 1526 3383 mentem.
1569 3322 1696 3390 Pro,
1739 3323 1808 3374 ad
1846 3336 2006 3374 excu-

433 3435 629 3494 sandas
656 3431 1018 3487 excusationes
1047 3425 1103 3480 in
1137 3419 1383 3491 peccatis,
1423 3415 1787 3489 Symmachus
1815 3413 2006 3478 edidit,

437 3527 506 3580 ad
534 3521 839 3594 cogitandus
864 3519 1072 3590 iniquas
1114 3512 1480 3586 cogitationes,
1520 3507 1720 3564 clarius
1757 3507 2005 3576 equidem

435 3616 688 3674 dictionis
713 3623 949 3670 mentem
993 3609 1323 3680 exprimens.
1363 3603 1568 3660 Deinde
1603 3601 1893 3656 Psalmista
1942 3598 2008 3652 ad

437 3711 645 3784 praxim
679 3706 972 3764 revertitur
1011 3704 1224 3766 dicens,
1256 3715 1376 3754 cum
1413 3697 1712 3751 hominibus
1740 3693 2010 3763 aperanti--

438 3806 532 3857 bus
553 3801 919 3868 iniquitatem,
969 3805 1018 3849 et
1065 3809 1171 3848 non
1221 3789 1526 3846 combinabo
1571 3803 1691 3841 cum
1719 3785 1892 3841 electis
1923 3799 2011 3837 eo-

433 3908 576 3946 rum.
607 3888 713 3944 Pro
743 3903 848 3957 quo
878 3897 1068 3939 rursus
1094 3879 1454 3951 Symmachus
1493 3875 1693 3932 clarius
1742 3876 2012 3942 interpre-

437 3995 583 4040 tatus
641 3991 729 4038 est
786 3979 973 4034 dicens
1025 3995 1038 4030 :
1101 3973 1233 4029 Cum
1290 3971 1590 4026 hominibus
1670 3966 2012 4038 operantibus

437 4077 800 4147 iniquitatem,
854 4087 916 4124 ne
963 4069 1205 4123 dulcibus
1270 4066 1481 4135 quidem
1533 4065 1767 4132 ipsorum
1822 4077 2011 4114 conve-

438 4186 577 4224 scar.
627 4164 750 4221 Non
788 4181 899 4230 ero,
951 4159 1146 4230 inquit,
1198 4172 1315 4211 cum
1362 4155 1500 4219 istis,
1548 4155 1595 4208 si
1634 4163 1712 4220 tu,
1768 4150 2011 4214 Domine,

439 4262 737 4317 custodiam
783 4257 868 4310 ori
921 4268 1033 4307 meo
1075 4250 1336 4320 posueris,
1379 4259 1425 4302 et
1473 4255 1830 4315 praeparatum
1888 4242 2015 4296 mihi

439 4357 744 4409 thesaurum
776 4345 1181 4402 conservaueris.
1219 4341 1385 4396 Electi
1433 4354 1596 4409 porro
1644 4351 1860 4401 eorum,
1891 4348 2015 4389 cre-

2106 1751 2211 1804 τῶν
2231 1751 2451 1821 χειλέων
2475 1751 2656 1822 φωνὴν
2681 1751 2788 1804 ἀπὸ
2813 1750 3061 1821 ψεύδους,
3090 1749 3371 1822 ἐπιορκίας
3386 1767 3445 1803 τε
3473 1750 3568 1804 καὶ
3589 1748 3691 1803 λοι-

2105 1843 2309 1917 δορίας.
2340 1838 2434 1908 Οἷς
2453 1844 2548 1897 καὶ
2571 1842 2884 1908 ἀκολούθως
2911 1843 3191 1917 ἐπήγαγεν
3213 1859 3226 1872 ·

2181 1939 2184 1942 ’
2217 1938 2506 2006 Ἔπαρσις
2532 1935 2649 1990 τῶν
2677 1934 2890 2006 χειρῶν
2927 1954 3049 2006 μου
3077 1935 3257 1990 θυσία
3285 1933 3593 2004 ἐσπερινή.

2173 2099 2407 2168 Νοήσεις
2436 2096 2492 2149 δὲ
2536 2094 2694 2148 τοῦτο
2732 2095 2839 2149 ἀπὸ
2876 2092 2970 2147 τοῦ
3009 2093 3186 2162 λέγειν
3222 2093 3313 2146 τὸν
3347 2091 3690 2146 Ἀπόστολονο

2105 2191 2405 2257 Βούλομαι
2439 2185 2580 2250 τοὺς
2617 2183 2840 2254 ἄνδρας
2868 2185 3307 2253 προσεύχεσθαι
3338 2184 3692 2252 ἐπαίροντας

2105 2281 2316 2346 ὁσίους
2367 2278 2589 2348 χεῖρας,
2637 2277 2813 2346 χωρίς
2859 2274 3038 2345 ὀργῆς
3077 2275 3173 2329 καὶ
3205 2271 3688 2344 διαγογηουσμῶν·

2105 2375 2357 2436 κάκεῖνος
2385 2373 2494 2442 γὰρ
2515 2369 2654 2440 ὁμοῦ
2680 2371 2774 2422 καὶ
2799 2369 2906 2422 τῶν
2939 2367 3080 2422 κατὰ
3101 2368 3335 2422 διάνοιαν
3359 2367 3692 2438 ἐμνημόνευ-

2107 2485 2188 2532 σε,
2219 2466 2315 2520 καὶ
2359 2462 2469 2517 τῶν
2497 2461 2638 2516 κατὰ
2691 2461 2892 2533 πρᾶξιν
2917 2477 2930 2490 ·
2985 2463 3034 2514 οἱ
3079 2460 3134 2514 δὲ
3171 2460 3386 2523 ἀσεὸεῖς
3433 2458 3692 2512 οὐδέποτε

2104 2562 2289 2632 χεῖρας
2332 2555 2650 2626 ἐπαίρουσι·
2708 2553 2789 2607 διὸ
2839 2553 3086 2606 λέλεκται
3132 2551 3269 2625 πρὸς
3312 2550 3536 2616 αὐτούς’¹
3563 2549 3692 2606 ’στ’

2107 2653 2183 2706 ἂν
2205 2650 2313 2715 τὰς
2352 2648 2554 2719 χεῖρας
2588 2648 2890 2714 ἐκτείνητε
2919 2645 3069 2715 πρὸς
3102 2645 3199 2715 μὲ,
3237 2645 3596 2714 ἀποστρέψω
3625 2645 3693 2698 τὸ

2105 2743 2435 2812 πρόσωπόν
2460 2758 2579 2810 μου
2606 2741 2708 2809 ἀφ’
2736 2739 2904 2810 ὑμῶν
2924 2755 2938 2769 ο
2985 2737 3233 2809 ἐπαίρειν
3255 2737 3314 2790 δὲ
3345 2738 3426 2791 δεῖ
3459 2739 3537 2802 εἰς
3561 2735 3696 2806 ὕψος

2105 2834 2204 2898 τὰς
2233 2833 2480 2904 πράξεις,
2514 2832 2610 2885 καὶ
2654 2829 2996 2901 ἀρεσκόντως
3032 2829 3202 2892 αὐτ-ὰς
3234 2829 3312 2900 τῷ
3357 2828 3476 2901 Θεῷ
3517 2831 3697 2882 ἐπιτε-

2105 2927 2238 2981 λείν.

2108 3019 2202 3085 Μὴ
2241 3018 2536 3100 ἐκκλίνῃς
2579 3015 2693 3082 τὴν
2732 3015 2983 3100 καρδίαις
3023 3031 3143 3083 μου
3189 3016 3278 3100 εἰς
3323 3015 3554 3100 λόγρυςρ
3587 3026 3696 3066 πο-

2176 3083 2404 3213 ιρέιρίας,
2436 3083 2542 3142 τοῦ
2570 3083 3038 3156 προφασίζεσθαι
3067 3083 3492 3154 προφάσειςὲν
3520 3083 3698 3154 ἁμαρ-

2173 3178 2206 3212 τ
2232 3178 2345 3224 αις.
2512 3181 2515 3184 ·

2176 3253 2267 3324 Μὴ
2299 3253 2658 3324 συγχωρήσῃς
2689 3247 3118 3320 παρατραπῆναι
3171 3248 3264 3300 καὶ
3294 3246 3696 3318 παρακλιθῆναι

2107 3346 2188 3409 εἰς
2222 3346 2283 3398 τὸ
2323 3345 2564 3400 ἐναντίον
2585 3332 2687 3415 ’ἰὴν
2729 3341 2878 3406 ἅπαξ
2920 3339 3107 3404 ἁπλῶς
3156 3337 3697 3393 κατασκευασθεῖσάν

2113 3455 2212 3509 μου
2251 3437 2526 3492 διάνοιαν·
2579 3436 2699 3491 ἀντὶ
2733 3436 2788 3488 δὲ
2817 3433 2931 3498 τοῦ,
2965 3431 3429 3502 προφασίζεσθαι
3470 3429 3696 3499 προφά-

2109 3546 2241 3596 σεις
2272 3529 2341 3583 ἐν
2386 3529 2712 3599 ἁμαρτίαις,
2762 3529 2789 3579 ὁ
2831 3524 3144 3596 Σύμμαχος,
3183 3522 3416 3576 ἐννοεῖν
3459 3520 3697 3583 ἐννοίας

2111 3623 2495 3692 παρανόμους
2530 3619 2791 3686 ἐξέδωκε,
2834 3617 3164 3687 σαφέστερον
3211 3612 3554 3685 ἑρμηνεύσας
3596 3610 3697 3682 τὴν

2113 3713 2344 3786 θεωρίαν
2393 3711 2487 3766 τοῦ
2533 3711 2712 3778 λόγου.
2748 3706 2882 3761 Εἶτα
2934 3707 3093 3760 πάλιν
3132 3705 3446 3777 μεταϐαίνει
3498 3703 3591 3756 ἐπὶ
3636 3701 3699 3754 τδ

2113 3803 2416 3878 πρακτικὸν
2459 3803 2705 3872 φάσκων,
2750 3800 2874 3854 σὺν
2917 3796 3249 3867 ἀνθρώποις
3290 3794 3700 3866 ἐργαζομένοις

2112 3897 2228 3965 τὴν
2255 3894 2527 3964 ἀνομίαν,
2550 3893 2648 3946 καὶ
2670 3894 2741 3946 οὐ
2761 3891 2848 3962 μὴ
2871 3889 3204 3944 συνδυάσω
3223 3889 3374 3959 μετὰ
3395 3887 3512 3941 τῶν
3529 3888 3699 3941 ἐκλε-

2113 3986 2274 4041 κτῶν
2307 3982 2524 4039 αὐτῶν.
2580 3981 2722 4036 Ἀνθ’
2750 3978 2811 4037 οὗ
2846 3981 3005 4036 πάλιν
3046 3983 3073 4034 ό
3105 3980 3396 4050 Σύμμαχος
3432 3977 3696 4046 σαφέστε-

2119 4099 2207 4152 ρον
2247 4081 2590 4152 ἡρμήνευσεν
2629 4076 2820 4141 εἰπὼν,
2861 4077 2986 4130 Σὺν
3031 4075 3362 4144 ἀνθρώποις
3393 4069 3699 4140 ἐργαζομέ-

2115 4192 2245 4239 νοις
2280 4173 2538 4235 ἀδικίαν,
2572 4169 2728 4241 μηδὲ
2764 4169 3130 4239 συμφάγοιμι
3171 4167 3244 4220 τὰ
3281 4163 3430 4231 ἡδέα
3471 4159 3696 4232 μὺτῶν.

2120 4267 2243 4319 Οὐκ
2278 4265 2491 4332 ἔσομαι
2522 4263 2653 4332 γὰρ,
2682 4261 2866 4332 φησὶν,
2889 4259 3010 4329 ἅμα
3039 4259 3288 4322 τούτοις,
3309 4256 3418 4308 ἐὰν
3447 4253 3550 4316 σὺ,
3579 4253 3698 4307 Κύ-

2110 4372 2228 4425 ριε,
2272 4353 2558 4424 φυλακὴν
2583 4350 2662 4416 τῷ
2683 4351 2934 4419 στόματι
2957 4349 3140 4416 θείης,
3163 4347 3260 4400 καὶ
3286 4345 3394 4398 τὸν
3407 4359 3701 4414 προκατα-

442 4443 600 4499 dandi
630 4449 757 4497 sunt
788 4438 863 4492 illi
905 4435 996 4506 qui
1034 4433 1301 4489 malorum
1347 4439 1565 4484 actuum
1610 4443 1834 4484 suorum
1872 4441 2009 4496 prte-

2113 4423 2534 4500 σκευασοέντα
2555 4458 2657 4511 μοι
2679 4440 2988 4509 θησαυρὸν
3010 4435 3395 4505 διατηρήσῃς.
3429 4433 3702 4486 Ἐκλεκτοὶ

444 4547 622 4592 textus
643 4540 916 4604 quaerunt,
941 4529 1032 4599 qui
1065 4526 1277 4596 pejores
1303 4531 1429 4580 sunt
1451 4523 1556 4580 illis
1588 4522 1679 4592 qui
1719 4519 1837 4576 sine
1879 4533 2018 4590 pm-

445 4637 597 4685 textu
620 4627 906 4698 palamque
930 4630 1178 4694 peccant.

448 4848 612 4902 Vsus.
651 4843 702 4898 6.
749 4841 993 4910 Absorpti
1035 4847 1156 4892 sunt
1169 4838 1338 4904 juncti
1373 4844 1535 4905 petra:
1571 4831 1778 4902 judices
1817 4845 2017 4884 eorum.

520 4936 875 5008 Symmachus
903 4943 1082 4987 autem
1117 4953 1129 4985 ;
1161 4929 1347 4982 Adhuc
1379 4927 1520 4980 cuitu
1543 4925 1713 4978 oratio
1743 4938 1856 4975 mea
1876 4922 2024 4972 intra

449 5027 706 5099 nequitias
733 5025 945 5079 illorum
979 5038 998 5076 :
1039 5020 1321 5076 evel/eatur
1349 5027 1510 5085 petra:
1551 5014 1788 5068 manibus
1814 5011 2023 5081 judices

447 5136 627 5177 eorum
657 5134 676 5172 :
702 5118 916 5171 audient
950 5116 1104 5168 verba
1141 5127 1256 5164 mea
1297 5108 1622 5162 dulcissima.
1671 5103 1842 5159 Sicuti
1881 5103 2024 5172 agri-

447 5212 566 5267 cola
610 5225 727 5263 cum
774 5218 967 5260 terram
1016 5205 1236 5275 Irangit,
1294 5203 1366 5255 ita
1394 5218 1517 5255 ossa
1559 5209 1728 5254 vestra
1768 5198 2024 5266 dissipata

446 5313 564 5358 sunt
600 5314 746 5354 secus
781 5298 1000 5365 inferos.
1034 5295 1188 5350 Nunc
1232 5308 1359 5348 vero
1395 5292 1657 5346 rationem
1692 5288 1894 5353 reddit,
1923 5301 2022 5341 cur

447 5411 569 5450 cum
609 5391 989 5463 peccatoribus
1029 5405 1135 5442 non
1184 5386 1458 5442 combinet
1490 5402 1504 5438 :
1538 5381 1733 5438 sutlicit
1768 5379 1912 5434 enim
1955 5378 2019 5432 il-

450 5489 622 5543 lorum
651 5485 889 5540 societas
919 5484 984 5534 ad
1018 5480 1254 5535 animam
1295 5493 1471 5532 meam
1511 5472 1902 5544 dissipandam,
1931 5479 2017 5524 at-

449 5595 556 5654 que
578 5579 644 5634 ad
680 5579 919 5647 ipsorum
958 5575 1253 5644 nequitiam
1299 5571 1428 5626 mihi
1472 5564 2018 5623 ittsinuandatham

523 5770 567 5802 ιι
608 5762 998 5832 ιτ;χοιι.χεν,ιε;.
1075 5756 1166 5810 ιιι
1205 5757 1342 5812 Tim.
1367 5771 1434 5823 ιι,
1462 5755 1514 5810 8.
1589 5753 1774 5829 [δηθά.
1809 5736 1958 5821 his;

2118 4539 2174 4593 δὲ
2197 4537 2400 4592 τούτων
2424 4531 2533 4590 εἷεν
2558 4536 2608 4587 οἱ
2636 4532 3000 4602 σκηπτόμενοι
3030 4529 3330 4601 προφάσεις
3355 4528 3440 4596 ἐφ’
3461 4520 3541 4590 οἷς
3565 4525 3704 4598 δρῶ-

2121 4649 2175 4685 σι
2208 4629 2422 4694 κακῶς·
2460 4628 2719 4700 χειρόνων
2746 4625 2913 4679 ὄντων
2944 4623 3051 4678 τῶν
3078 4624 3205 4677 ἄνευ
3233 4620 3579 4694 προφάσεως,
3611 4619 3703 4672 καὶ

2120 4725 2577 4788 ἀνεπικαλύπτως
2606 4721 2969 4794 ἁνομούντων.

2122 4820 2557 4884 Κατεπόθησαν
2593 4815 2850 4884 ἐχόμενα
2900 4809 3119 4880 πέτρας
3156 4811 3209 4863 οἱ
3242 4808 3434 4878 κριταὶ
3485 4803 3701 4861 αὐτῶν.

2202 4919 2260 4973 '0
2290 4918 2347 4971 δὲ
2379 4916 2700 4988 Σύμμαχος·
2743 4915 2866 4966 Ἔτι
2910 4911 3020 4982 τὰρ
3046 4907 3146 4963 καὶ
3180 4908 3220 4975 ἡ
3241 4903 3548 4976 προσευχὴ
3582 4921 3704 4988 pou

2121 5003 2292 5068 ἐντὸς
2313 5000 2432 5056 τῶν
2461 4985 2695 5054 ⁷κακιῶν·
2730 4995 2927 5052 αὐτῶν
2949 5012 2962 5025 ·
2986 4991 3413 5061 ἐκτιλήσονται
3434 4989 3503 5042 ἐν
3533 4985 3704 5056 χερσὶ

2123 5100 2342 5168 πέτρας
2375 5098 2429 5150 οἱ
2466 5092 2658 5168 κριταὶ
2694 5089 2924 5146 αὐτῶν
2956 5089 3319 5143 ἀκούσονται
3351 5082 3564 5152 ῥήσεις
3586 5097 3706 5148 μου

2122 5161 2377 5256 ἡδίστας
2401 5202 2413 5217 ο
2438 5161 2642 5252 ὥσπερ
2661 5181 2915 5252 γεωργὸς
2947 5179 3041 5232 ὅτ’
3065 5176 3140 5232 ἂν
3168 5175 3380 5246 ρήσσῃ
3418 5171 3534 5240 τὴν
3562 5169 3703 5242 γῆν,

2128 5282 2208 5346 ὼς
2252 5277 2626 5348 ἐσκορπίσθη
2668 5272 2836 5344 ὑμῶν
2870 5272 2943 5326 τὰ
2985 5269 3136 5325 ὀστᾶ
3178 5266 3334 5337 παρὰ
3376 5265 3480 5318 τὸν
3527 5262 3700 5330 ᾅδην.

2130 5373 2241 5446 Τὴν
2271 5371 2450 5426 αἰτίαν
2477 5370 2535 5425 δέ
2559 5368 2654 5424 νῦν
2688 5368 2880 5437 ἐπάγει
2921 5363 3014 5418 τοῦ
3053 5363 3126 5435 μὴ
3173 5359 3486 5422 συνδυάζειν
3529 5357 3707 5426 ἁμαρ-

2127 5466 2316 5530 τωλοῖς
2334 5483 2346 5495 ·
2379 5463 2540 5535 ἱκανὴ
2570 5461 2679 5534 γὰρ
2711 5458 2890 5514 αὐτῶν
2918 5452 3246 5530 ἠκοινωνία,
3278 5451 3432 5523 φησὶ,
3457 5449 3709 5516 διασκορ-

2131 5563 2287 5617 πίσαι
2321 5576 2421 5633 μου
2456 5558 2552 5629 τὴν
2592 5555 2791 5627 ψυχὴν,
2827 5553 2922 5607 καὶ
2954 5548 3063 5604 τῶν
3103 5545 3312 5602 κακιῶν
3345 5542 3522 5598 αὐτῶν
3563 5538 3710 5595 ἔνδον
