4036 6214
503 304 572 358 είἹ
1172 298 1439 354 EUSEBII
1479 295 1954 353 CAESARIENSIS
1994 294 2073 350 ΟΡ

2184 292 2364 349 PARS
2402 293 2493 348 lll.
2528 325 2595 333 —
2635 292 3049 348 EXEGETICA.
3684 291 3753 342 48

498 422 627 476 dicit
663 419 774 473 Deo
805 436 817 471 :
850 426 905 471 et
934 425 988 470 tu
1010 414 1303 483 cognovisti
1327 415 1551 469 semitas
1574 427 1743 468 meas.

788 686 945 740 Vtilis.
973 686 1024 739 6.
1054 685 1137 738 Ad
1172 695 1239 749 le,
1272 683 1516 749 Domine,
1550 684 1794 737 clamavi.

574 782 779 838 Rursus
813 784 913 833 hoc
953 778 1113 832 etiam
1147 777 1265 833 loco
1305 776 1543 831 clamare
1595 789 1654 830 se
1705 775 1923 839 fatetur,
1967 789 2070 828 non

503 872 843 944 simpliciter,
872 868 965 923 sed
996 869 1063 921 ad
1090 867 1392 921 Dominum.
1417 865 1630 936 Alioqui
1658 880 1757 920 nec
1787 864 1903 917 lieri
1923 875 2074 933 pote-

504 976 587 1022 rat
616 975 672 1019 ut
701 978 888 1018 vocem
921 960 1211 1024 attolleret,
1254 969 1520 1026 praesente
1561 958 1737 1012 hoste.
1787 956 1904 1011 Jam
1944 972 2072 1012 vero

505 1061 558 1113 in
603 1058 711 1111 Deo
748 1052 1118 1109 tantummodo
1164 1066 1312 1120 spem
1360 1065 1511 1105 suam
1563 1049 1871 1118 reposuisse
1905 1049 2072 1104 conli-

506 1162 643 1215 tens,
678 1164 705 1203 a
736 1161 901 1215 scopo
936 1161 1043 1200 non
1085 1143 1387 1209 aberravit;
1417 1142 1766 1213 etenimspes
1801 1157 1907 1197 non
1944 1157 2073 1197 con-

505 1244 701 1296 fundit.
743 1240 875 1294 Nam
902 1238 1003 1293 etsi
1028 1236 1211 1304 aliqua
1243 1236 1542 1291 viventium
1595 1243 1738 1288 terra
1788 1235 1880 1301 sit,
1926 1235 2075 1302 equi-

505 1336 651 1400 dem,
680 1334 876 1401 inquit,
904 1330 1079 1384 l'ateor
1120 1343 1295 1383 meam
1333 1337 1383 1382 te
1425 1328 1597 1381 solum
1631 1341 1748 1382 esse
1787 1342 1959 1396 spem.
1992 1327 2072 1381 Tu

505 1429 651 1482 enim
687 1440 810 1495 spes
853 1438 971 1478 mea
1004 1437 1064 1477 es
1093 1423 1145 1475 in
1182 1431 1325 1476 terra
1368 1421 1698 1485 viventium,
1750 1420 1826 1474 ita
1862 1427 1939 1483 ut,
1972 1418 2073 1472 nisi

509 1529 561 1575 te
586 1518 865 1578 haberem,
906 1515 1049 1569 haud
1082 1514 1192 1583 jam
1236 1512 1540 1567 viventibus
1575 1521 1730 1566 terra:
1761 1510 1951 1565 incolis
1982 1511 2075 1563 ad-

507 1623 849 1665 numerarer.
876 1606 1044 1660 Porro
1073 1604 1365 1659 viventium
1396 1614 1561 1668 terra,
1586 1618 1927 1672 nequaquam
1958 1601 2073 1656 haec

506 1712 590 1759 est
636 1717 758 1772 quae
788 1716 817 1754 a
850 1699 1002 1755 nobis
1051 1697 1316 1760 calcatur,
1370 1697 1559 1750 mortis
1606 1698 1750 1749 enim
1797 1711 1859 1749 ea
1894 1694 2072 1763 potius

2101 417 2146 473 Α
2174 409 2311 472 ὁδοῖς
2360 406 2449 472 αἷς
2485 408 2751 473 ἐόάδιζεν,
2795 408 2995 472 ἀδίκως
3053 405 3408 478 ἐλαυνόμενος
3458 404 3552 458 καὶ
3597 407 3753 457 πολε-

2178 499 2463 574 μούμενος,
2501 500 2633 572 φησὶ⁸
2678 499 2758 571 τῷ
2782 499 2901 571 Θεῷ
2922 516 2936 530 ο
2986 499 3080 553 καὶ
3109 500 3173 553 σὺ
3202 498 3372 567 ἔγνως
3407 495 3506 560 τάς
3538 496 3752 568 τρίϐους

2178 611 2304 665 μου.

2543 682 2699 753 Πρὸς
2724 681 2819 746 σὲ,
2845 683 3038 751 Κύριε,
3064 679 3380 752 ἐκέκραξα.

2246 776 2414 829 Πάλιν
2442 777 2535 829 καὶ
2575 775 2810 829 ἐνταῦθα
2842 773 3067 847 κράζειν
3107 774 3376 845 ὁμολογεῖ,
3412 774 3510 845 οὐχ
3539 774 3747 839 ἁπλῶς,

2174 867 2309 921 ἀλλά
2336 868 2474 940 πρὸς
2503 867 2825 939 τὸν,Κύριον
2844 884 2857 898 ·
2898 867 3073 931 ἄλλως
3100 867 3210 937 γὰρ
3232 866 3489 922 ἀδύνατον
3512 863 3579 938 ἧν
3604 868 3754 939 αὐτῷ

2174 959 2359 1031 φωνὴν
2394 961 2635 1029 ἀφιέναι,
2680 959 2905 1032 πλησίον
2950 959 3226 1032 παρόντος
3256 958 3351 1012 τοῦ
3397 959 3625 1030 ἐχθροῦ·
3656 958 3753 1031 τὴν

2176 1030 2345 1123 μόνην
2379 1051 2435 1105 δὲ
2478 1051 2664 1105 ἐλπίδα
2692 1030 2858 1105 αὑτοῦ
2902 1051 2994 1105 τὸν
3024 1030 3154 1104 Θεὸν
3198 1030 3351 1121 ἔχειν’
3392 1030 3750 1122 ὁμολογήσας,

2171 1145 2272 1198 οὐκ
2298 1143 2525 1209 ἐξέπεσε
2552 1142 2647 1217 τοῦ
2687 1143 2891 1198 σκοποῦ
2912 1161 2925 1173 ·
2973 1146 3007 1214 ἡ
3045 1143 3152 1215 γὰρ
3183 1143 3336 1207 ἐλπὶς
3363 1143 3424 1196 οὺ
3460 1142 3752 1213 καταισχύ-

2172 1253 2271 1289 νει·
2293 1234 2425 1289 ἀλλά
2454 1235 2547 1289 καὶ
2573 1234 2628 1289 εί
2653 1253 2738 1300 τις
2765 1235 2916 1289 ἔσται
2940 1238 3010 1307 γῆ
3041 1234 3277 1299 ζώντων,
3308 1233 3572 1305 ὁμολογῶ,
3597 1238 3748 1305 φησὶ,

2176 1327 2442 1399 μηδεμίαν
2470 1328 2615 1398 ἔχειν
2643 1330 2826 1399 χώραν
2856 1328 2912 1381 ἐν
2936 1327 3107 1398 ταύτῃ
3138 1327 3171 1398 ἢ
3204 1326 3264 1379 σέ
3295 1326 3452 1397 μόνον
3479 1326 3577 1397 τὴν
3613 1328 3752 1400 ἐμὴν

2173 1419 2395 1473 ἐλπίδα*
2434 1421 2499 1473 σὺ
2525 1419 2633 1493 γὰρ
2656 1416 2706 1474 εἷ
2739 1419 2892 1484 Θεὸς,
2919 1422 2953 1491 ἡ
2983 1420 3141 1492 μερίς
3169 1436 3271 1489 μου
3305 1419 3362 1472 ἐν
3396 1421 3466 1489 γῇ
3499 1417 3714 1481 ζώντων
3733 1437 3746 1449 ·

2173 1511 2247 1576 ὡς
2281 1514 2328 1564 εί
2365 1512 2438 1582 μὴ
2467 1512 2525 1565 σὲ
2562 1509 2727 1584 εἶχον,
2748 1514 2849 1566 οὐκ
2873 1510 2938 1565 ἂν
2966 1510 3256 1582 ἐξετάσθην
3286 1510 3414 1563 ποτέ
3441 1511 3498 1562 ἐν
3528 1513 3598 1581 γῇ
3622 1508 3752 1574 ζών-

2172 1621 2299 1657 των.
2345 1603 2567 1658 Ζώντων
2614 1605 2671 1659 δὲ
2715 1605 2807 1675 γῆ,
2838 1605 2937 1673 οὐχ
2975 1605 3008 1675 ἡ
3046 1602 3357 1675 πατουμένη
3400 1602 3494 1655 νῦν
3524 1603 3661 1674 πρὸς
3685 1603 3749 1674 ή-

2180 1695 2315 1774 μῶν,
2346 1695 2576 1750 Θανάτου
2605 1695 2715 1768 γὰρ
2747 1696 2819 1765 γῆ
2844 1695 2937 1749 καὶ
2960 1694 3167 1767 νεκρῶν
3196 1693 3357 1762 αῦτη,
3378 1692 3492 1746 ἀλλ’
3523 1694 3591 1763 ἢν
3624 1691 3751 1764 κλη-

507 1764 669 1850 terra.
705 1802 809 1858 est,
867 1792 960 1848 sed
1003 1806 1163 1861 quam
1214 1790 1377 1845 mites
1409 1788 1821 1852 haereditabunt,
1864 1787 1918 1840 in
1969 1801 2072 1855 qua

2182 1764 2576 1860 ρονομήσουσιν
2616 1790 2665 1841 oi
2684 1764 2900 1859 mperat;
2921 1806 2934 1818 -
2985 1764 3072 1855 ἐφέ
3167 1784 3366 1850 ζῶντες
3390 1786 3589 1849 πάντες
3614 1784 3751 1839 κατὰ

492 1902 695 1947 omnes
725 1887 965 1940 viventes
994 1894 1196 1938 aeterna
1225 1897 1345 1936 cum
1388 1882 1494 1934 vita
1531 1879 1793 1934 habitant.

504 1980 670 2035 Vens.
714 1978 768 2031 5.
820 1975 1068 2029 Nanerat
1112 1974 1201 2045 qui
1244 1980 1574 2043 cognosceret
1623 1986 1725 2023 me.
1767 1999 1837 2008 —-
1872 1969 1937 2023 Et
1970 1985 2073 2023 non

805 2058 878 2100 est
914 2048 1002 2115 qui
1037 2047 1265 2114 requirat
1304 2045 1536 2096 animam
1580 2057 1770 2095 meam.

476 2124 479 2131 ’
572 2141 632 2195 Si
664 2140 787 2208 quis
815 2140 883 2193 ab
932 2139 1020 2202 iis,
1051 2137 1144 2206 qui
1186 2135 1436 2190 ecclesiis
1487 2148 1716 2202 praeesse
1760 2131 2075 2185 existiman-

505 2242 613 2297 tur,
646 2232 937 2301 negligitur
960 2238 1015 2283 et
1042 2228 1355 2281 riullatettus
1393 2224 1715 2292 requiritur,
1760 2223 2077 2290 tempestive

508 2324 613 2378 hoc
642 2322 827 2383 dicet;
880 2329 937 2373 et
966 2319 1108 2387 quod
1139 2317 1382 2385 sequitur
1416 2312 1599 2377 addet,
1637 2312 1931 2366 clamorem
1971 2310 2077 2365 sci—

508 2413 635 2466 licet
668 2410 736 2465 ad
761 2410 951 2473 Deum,
975 2419 1028 2462 et
1052 2421 1110 2462 se
1149 2421 1251 2460 non
1283 2420 1505 2474 sperare
1529 2419 1558 2458 a
1590 2402 1941 2472 principibus,
1977 2402 2072 2456 sed

507 2519 539 2557 a
571 2501 834 2565 Domino;
879 2507 935 2554 et
963 2497 1266 2565 portionem
1297 2510 1357 2549 se
1409 2493 1605 2547 habere
1637 2493 1688 2546 in
1719 2502 1859 2546 terra
1887 2492 2074 2545 viven-

510 2594 665 2659 tium,
696 2608 801 2646 non
839 2600 1021 2644 autem
1051 2588 1103 2641 in
1140 2598 1279 2641 terra
1311 2585 1617 2639 oblivionis.

1013 2679 1334 2737 PSALMUS
1371 2676 1573 2733 CXLII.

574 2778 892 2846 Quicunque
939 2775 1190 2829 maximis
1236 2770 1623 2825 tentationibus
1664 2768 2075 2838 immodicisque

504 2871 773 2939 pressuris
821 2877 1061 2937 urgetur,
1084 2866 1366 2922 commode
1390 2874 1564 2919 utetur
1598 2861 1849 2933 prmsenti
1888 2875 2068 2927 prece.

506 2964 797 3032 Propterea
846 2960 1082 3028 psalmus
1118 2958 1237 3012 sine
1277 2956 1429 3010 titulo
1485 2966 1589 3009 εει.
1631 2954 1796 3007 Audit
1851 2954 2069 3022 quidem

508 3070 701 3109 omnes
725 3052 1006 3112 Dominus,
1039 3064 1243 3120 paucos
1271 3056 1448 3102 tamen
1489 3047 1731 3103 exaudit.
1775 3043 2069 3114 Ceteroqui

507 3150 553 3202 si
587 3148 654 3201 iis
675 3147 764 3214 qui
816 3159 915 3198 nos
961 3151 1122 3197 orant
1178 3155 1366 3194 aurem
1433 3140 1819 3209 praeberemus,
1875 3149 2074 3191 nostra:

508 3239 711 3302 pariter
745 3250 934 3306 preces
979 3234 1317 3287 audirentur.
1364 3230 1524 3285 Certe
1568 3230 1659 3299 qui
1706 3244 1830 3283 cum
1880 3228 2071 3282 ﬁducia

506 3340 648 3393 urat.
707 3330 1005 3383 auditorem
1064 3337 1326 3396 provocat
1378 3327 1569 3378 Deum.
1621 3322 1726 3376 Alii
1778 3320 1931 3374 aiunt
1967 3336 2073 3374 non

505 3437 628 3477 esse
675 3421 792 3475 sine
844 3419 999 3473 titulo
1043 3417 1330 3486 psalmum,
1368 3417 1463 3469 sed
1504 3413 1726 3467 inscribi
1766 3429 1781 3466 :
1830 3408 2074 3464 Psalmus

512 3514 723 3573 Doridi,
754 3527 873 3564 cum
928 3525 1044 3564 eum
1090 3507 1232 3577 ﬁlius
1266 3516 1659 3576 persequeretur
1698 3516 1717 3554 :
1764 3502 1856 3557 sed
1889 3516 1991 3556 non
2020 3501 2072 3555 in

507 3606 715 3659 eunetis
769 3599 1302 3670 interpretationibus
1354 3598 1456 3651 boc
1515 3597 1760 3664 ponitur.
1812 3595 2067 3647 Attamen

504 3712 626 3766 quae
662 3697 749 3750 hic
771 3695 1051 3753 dicuntur,
1080 3706 1185 3744 non
1219 3697 1541 3758 repugnant.
1575 3686 1679 3740 Sed
1717 3686 1847 3739 nihil
1872 3686 2072 3747 obstat.

504 3787 796 3858 quominus
823 3786 891 3839 de
922 3782 1106 3836 Saulis
1134 3779 1507 3848 persecutione
1532 3778 1647 3830 bare
1686 3775 1828 3829 dicta
1856 3774 2072 3829 fuerint.

653 3877 815 3930 Vsus.
845 3875 901 3928 4.
939 3871 1180 3926 Τωάίιιηι
1210 3886 1397 3938 passus
1424 3879 1496 3922 est
1522 3871 1737 3933 spiritus
1768 3884 1932 3922 meus.

582 3967 818 4037 Spiritus
840 3963 1074 4018 hominis
1105 3961 1321 4014 taedium
1349 3960 1576 4027 patitur.
1608 3974 1728 4012 eum
1767 3974 1864 4012 cor
1887 3959 2076 4013 turba-

512 4072 602 4115 tur
655 4067 1029 4111 rememorans
1083 4051 1354 4121 quomodo
1417 4049 1668 4103 inimicus
1720 4050 2079 4119 prostraverit

511 4147 663 4206 humi
691 4147 855 4199 vitam
880 4142 1017 4211 eius,
1047 4156 1274 4210 eamque
1323 4141 1375 4195 in
1409 4140 1705 4197 tenebrosis
1752 4140 1887 4196 locis
1943 4157 2076 4196 cou-

512 4239 756 4298 stituerit
782 4246 1103 4290 utmortuos
1141 4234 1344 4289 saeculi.
1388 4233 1709 4300 Turbatum,
1744 4235 1937 4305 inquit.
1982 4251 2077 4290 cor

515 4346 716 4392 meum,
753 4327 1054 4398 passionem
1090 4325 1235 4379 intus
1260 4326 1546 4389 continuit,
1580 4342 1684 4382 non
1729 4328 1861 4383 adeo
1893 4330 2076 4383 conci-

2173 1878 2272 1949 τὴν
2304 1879 2517 1933 αἰώνιον
2542 1877 2687 1951 ζωὴν
2719 1877 3101 1949 διατρίϐουσιν.

2180 1973 2299 2024 Οὐκ
2322 1971 2402 2039 ἦν
2430 1973 2463 2025 ό
2491 1969 2903 2041 ἐπιγινώσκων
2923 1970 3216 2038 με.-Οὑκ
3241 1968 3411 2022 ἐστιν
3445 1970 3477 2022 ό
3499 1964 3751 2035 ἐκζητῶν

2658 2041 2774 2108 τὴν
2801 2041 3012 2109 ψυχήν
3031 2057 3168 2108 μου.

2258 2134 2318 2187 '0
2346 2132 2451 2185 ὑπὸ
2474 2132 2582 2185 τῶν
2610 2132 2965 2206 προΐστασθαι
2994 2130 3102 2184 τῶν
3129 2130 3431 2201 ἐκκλησιῶν
3463 2129 3751 2201 νομιζομέο

2174 2243 2282 2279 νων
2306 2224 2671 2296 ἀμελούμενος
2719 2226 2812 2279 καὶ
2848 2222 3091 2296 μηδόλως
3143 2222 3533 2293 ὲκζητούμενος
3574 2220 3747 2274 εὐκαί-

2181 2334 2287 2387 ρως
2314 2315 2472 2369 τοῦτο
2523 2317 2668 2386 ἐρείθ
2699 2316 2795 2370 καὶ
2831 2317 2893 2369 τὸ
2934 2298 3058 2386 ἑξῆς
3087 2314 3337 2386 ἐπιφέρει
3372 2314 3434 2366 τὸ
3482 2312 3747 2383 κεκραγὸς

2178 2408 2312 2478 πρὸς
2338 2408 2427 2459 τὸν
2467 2406 2742 2483 Θεὸνηκαὶ
2778 2407 2852 2477 μὴ
2884 2404 3125 2469 ἐλπίζειν
3148 2408 3241 2460 ἐπὶ
3270 2406 3606 2477 ἡγουμένοις,
3635 2405 3746 2459 ἀλλ’

2177 2500 2269 2552 ἐπὶ
2303 2499 2514 2570 Κυρίῳ,
2546 2500 2641 2553 καὶ
2677 2499 2873 2571 μερίδα
2896 2498 3037 2569 ἔχειν
3071 2499 3131 2553 ἐν
3169 2502 3240 2570 γῇ
3274 2496 3489 2562 ζώντων
3531 2500 3622 2551 καὶ
3651 2498 3751 2554 οὐκ

2179 2594 2238 2645 ἐν
2271 2591 2671 2664 ἐπιλελησμένῃ
2694 2594 2787 2661 γῇ.

2722 2682 3014 2735 ΨΑΛΜΟΣ
3038 2681 3216 2735 ΡΜΒ’.

2246 2778 2361 2840 Πᾶς
2388 2778 2416 2830 ὁ
2448 2776 2505 2829 ἐν
2546 2775 2820 2846 μεγίστοις
2855 2776 3178 2846 πειρασμοῖς
3203 2773 3297 2827 καὶ
3323 2772 3562 2842 θλίψεσιν
3584 2775 3750 2849 ὑπερ-

2176 2868 2497 2931 ϐαλλούσαις
2520 2866 2922 2939 ἐξεταζόμενος,
2959 2865 3229 2937 εὐκαίρως
3255 2867 3516 2937 χρήσαιτο
3532 2869 3598 2936 τῇ
3628 2884 3752 2939 προς

2175 2962 2398 3033 κειμένῃ
2431 2963 2705 3032 προσευχῇ
2728 2975 2742 2989 ⁸
2787 2958 2866 3012 διὸ
2914 2958 3019 3037 καὶς
3042 2958 3414 3029 ἀνεπίγραφος
3452 2960 3481 3011 ὁ
3519 2958 3747 3031 ψαλμός.

2175 3052 2391 3106 Ἀκούει
2410 3052 2509 3123 μὲν
2524 3047 2616 3105 οὖν
2640 3052 2857 3105 πάντων
2872 3053 2900 3104 ό
2917 3050 3139 3122 Κύριος,
3161 3050 3355 3119 ὀλίγων
3369 3049 3426 3103 δὲ
3447 3051 3716 3104 είσακούει
3733 3067 3748 3081 ’

2176 3145 2269 3197 ἐὰν
2304 3144 2411 3196 τῶν
2454 3143 2723 3215 δεομένων
2759 3142 2914 3213 ἡμῶν
2956 3141 3370 3212 ἐπακούσωμεν,
3423 3143 3755 3213 ἀκουσθησό-

2178 3236 2316 3307 μεθα
2348 3236 2442 3289 καὶ
2487 3236 2673 3288 αὑτοί’
2711 3236 2740 3287 ὁ
2774 3234 2989 3306 θαρσῶν
3025 3236 3080 3288 δέ
3116 3238 3182 3306 τῇ
3228 3234 3419 3288 ἑαυτοῦ
3476 3238 3751 3307 προσευχῇ

2174 3328 2447 3399 ἀκροατὴν
2487 3329 2641 3380 καλεῖ
2679 3328 2771 3381 τὸν
2798 3328 2948 3381 Θεόν.
3003 3326 3184 3380 Ἀλλοι
3223 3327 3278 3380 δέ
3328 3344 3458 3396 φασι
3493 3310 3566 3398 μη
3614 3322 3750 3379 εἶναι

2179 3419 2548 3489 ἀνεπίγραφον
2576 3419 2666 3472 τὸν
2704 3419 2935 3490 ψαλμὸν,
2971 3419 3082 3473 ἀλλ’
3115 3418 3530 3490 ἐπιγεγράφθαι,
3588 3421 3746 3472 Ψαλ-

2168 3510 2284 3579 μός
2321 3510 2399 3575 τῷ
2436 3512 2635 3578 Δαυῒδ,
2680 3512 2775 3565 ὅτε
2802 3512 2988 3565 αὐτὸν
3030 3514 3062 3566 ό
3093 3510 3222 3576 υίὸς
3259 3510 3628 3565 κατεδίωκεν.
3669 3511 3744 3562 0-3

2174 3603 2261 3655 διὰ
2291 3604 2479 3656 πασῶν
2511 3604 2689 3673 μέντοι
2721 3604 2827 3658 τῶν
2850 3602 3153 3675 ἐρμηνειῶν
3207 3604 3519 3675 πρόσκειται
3552 3600 3707 3653 τοῦτο
3726 3617 3739 3629 ·

2174 3695 2242 3748 τὰ
2271 3694 2327 3747 δὲ
2368 3696 2635 3766 λεγόμενα
2666 3697 2765 3750 οὐκ
2798 3697 3082 3770 ἀλλότριαο
3130 3696 3283 3749 οὐδὲν
3310 3696 3365 3748 δὲ
3396 3693 3592 3748 κωλύει
3618 3694 3747 3766 περὶ

2177 3789 2275 3859 τῆς
2307 3789 2409 3842 ὑπὸ
2443 3788 2614 3842 Σαοὺλ
2634 3787 2865 3855 διώξεως
2888 3788 3139 3860 είρῆσθαι
3170 3788 3326 3842 αὑτά.

2419 3879 2771 3948 Ἠκηδίασεν
2793 3881 2887 3933 ἐπ’
2913 3880 3018 3950 ἐμὲ
3038 3880 3100 3933 τὸ
3135 3880 3369 3949 πνεῦμά
3387 3898 3528 3949 μου.

2246 3971 2320 4023 Τὸ
2379 3970 2594 4043 πνεῦμα
2643 3970 2738 4026 τοῦ
2785 3970 3069 4045 ἀνθρώπου
3119 3973 3178 4025 τὸ
3228 3974 3285 4025 ἐν
3332 3972 3482 4042 αὐτῷ
3524 3970 3743 4041 ἀκηδιῇ

2177 4062 2449 4135 ὲπειδάνη
2482 4065 2677 4135 καρδία
2720 4063 2962 4136 ταραχθῇ
2998 4062 3294 4135 μνησθεῖσα
3337 4062 3453 4125 πῶς
3496 4066 3524 4116 ὁ
3558 4061 3747 4134 ἐχθρὸς

2176 4157 2539 4211 ἐταπείνωσεν
2566 4159 2645 4221 είς
2684 4157 2785 4229 τὴν
2799 4157 2904 4227 γῆν
2943 4157 3043 4231 τὴν
3076 4156 3218 4227 ζωὴν
3256 4154 3445 4225 αὐτῆς,
3476 4156 3567 4208 καὶ
3592 4153 3665 4218 ὡς
3690 4155 3746 4207 ἐ-

2176 4248 2395 4302 κάθισεν
2428 4250 2594 4322 αὐτὴν
2634 4252 2691 4303 ἐν
2722 4252 3011 4312 σκοτεινοῖς
3038 4248 3112 4312 ὡς
3140 4249 3362 4319 νεκροὺς
3397 4247 3588 4309 αἰῶνος
3613 4262 3627 4276 ·
3650 4242 3751 4301 τασ-

2181 4340 2434 4413 ραχθείσα
2460 4341 2538 4406 δὲ,
2573 4341 2756 4411 φησὶν,
2790 4344 2822 4411 ἡ
2851 4339 3045 4412 καρδία
3079 4357 3180 4410 μου
3209 4342 3266 4392 ἐν
3290 4341 3448 4410 αὐτῇ,
3480 4338 3624 4392 ἔνδον
3644 4338 3742 4391 ἐπ-

514 4424 672 4485 dens,
718 4428 776 4471 ut
821 4416 994 4486 palam
1048 4416 1254 4471 cunctis
1298 4419 1573 4473 extraneis
1616 4416 1757 4473 foret
1792 4418 1909 4486 ejus
1961 4427 2073 4473 tur-

2179 4434 2303 4503 ἐσχε
2339 4433 2400 4485 τὸ
2442 4432 2611 4495 πάθος
2639 4432 2917 4495 παντελῶς
2949 4431 3023 4503 μὴ
3049 4430 3375 4492 ἐκπεσοῦσα,
3427 4430 3501 4493 ὼς
3532 4431 3611 4493 είς
3641 4446 3743 4499 φα-

514 4512 681 4568 batio.

694 4713 854 4769 Vens.
879 4714 931 4769 5.
970 4712 1264 4783 Memorfui
1306 4715 1507 4769 dierum
1539 4716 1897 4785 antiquorum.

589 4806 723 4875 Quia
758 4818 811 4861 et
839 4807 1047 4879 Moyses
1073 4807 1290 4860 mandat
1328 4806 1549 4862 dicens:
1576 4805 1941 4862 Recordamiui
1959 4810 2076 4863 die-

520 4921 637 4958 rum
688 4902 867 4957 swculi
902 4903 986 4968 ⁸⁶;
1052 4909 1106 4955 et
1160 4900 1325 4955 David
1382 4901 1582 4968 pariter
1629 4900 1753 4956 ait:
1803 4908 2074 4956 Annorum

518 5004 828 5050 internarum
857 4994 1153 5059 memini,et
1174 4993 1498 5048 considerari
1519 4993 1563 5025 δ’
1593 5011 1608 5059 ;
1645 5002 1789 5049 recte
1807 4992 1911 5048 sibi
1945 5007 2077 5049 con-

517 5088 699 5141 sulens
730 5088 837 5153 hic,
872 5088 1024 5157 cujus
1054 5101 1149 5140 oor
1185 5086 1452 5139 turbatum
1490 5095 1598 5150 est,
1627 5085 1863 5140 recurrit
1894 5085 2075 5140 animo

518 5180 587 5234 ad
618 5179 861 5249 antiquos
876 5181 996 5236 dies
1019 5195 1166 5245 suos,
1196 5180 1391 5249 quibus
1409 5188 1535 5233 ante
1564 5179 1925 5234 turbationem
1947 5178 2071 5235 felix

517 5283 669 5339 erat,
726 5272 808 5326 vel
857 5275 1101 5343 antiquas
1150 5273 1410 5328 historias
1452 5272 1504 5327 in
1542 5280 1777 5327 mentem
1811 5283 2068 5327 revocat:

517 5375 898 5435 resumptaque
924 5382 1102 5421 rerum
1132 5366 1413 5429 memoria,
1440 5364 1735 5420 meditatur
1765 5379 1928 5433 opera
1960 5365 2076 5431 Dei,

515 5467 573 5512 et
623 5472 873 5512 manuum
919 5457 1034 5526 ejus
1080 5457 1334 5523 facturas,
1375 5472 1482 5510 non
1532 5456 1802 5511 modicum
1837 5472 1905 5511 ex
1935 5459 2078 5512 auti-

516 5550 638 5619 quis
682 5548 997 5604 lectionibus
1051 5549 1290 5603 solamen
1348 5549 1600 5619 capiens,
1652 5549 1778 5603 dum
1831 5564 1897 5605 cx
1948 5551 2079 5621 ipsis

589 5726 633 5756 “
668 5725 823 5779 Deut.
870 5722 1134 5789 xxxu,_7.
1213 5723 1255 5754 ‘9
1307 5722 1443 5778 l‘sal.
1496 5739 1679 5789 uxvt,
1731 5725 1785 5779 6.

2177 4524 2331 4595 νερὸν
2352 4522 2523 4576 ἐλθεῖν
2549 4526 2660 4587 τοῖς
2683 4525 2834 4587 πᾶσι,
2874 4524 2969 4577 καὶ
2997 4526 3108 4586 τοῖς
3124 4514 3283 4583 ἐκτὸς
3315 4519 3619 4591 γνωσθῆναι
3645 4518 3744 4590 τὴν

2176 4617 2435 4688 ταραχήν.

2503 4727 2841 4797 Ἐμνήσθην
2879 4727 3116 4797 ἡμερῶν
3150 4727 3429 4797 ἀρχαίων-

2260 4820 2412 4873 Ἐπεὶ
2446 4820 2537 4873 καὶ
2555 4821 2583 4872 ὁ
2598 4821 2837 4891 Μωῦσῆς
2865 4821 3191 4891 προστάττει
3213 4818 3405 4887 λέγων,
3425 4815 3749 4881 Μνήσθητε

2178 4911 2401 4982 ἡμέρας
2432 4911 2678 4979 αἰῶνος·
2713 4915 2807 4966 καὶ
2837 4916 2865 4966 ὸ
2905 4912 3069 4965 Δαυῖδ
3124 4912 3286 4966 πάλιν
3320 4910 3474 4982 φησὶ,
3505 4908 3613 4964 Καὶ
3640 4908 3747 4974 ἐτη

2179 5002 2382 5057 αἰώνια
2411 5004 2743 5073 ἐμνήσθην,
2776 5004 2873 5057 καί
2914 5004 3248 5074 ἐμελέτησ.»
3268 5020 3282 5034 ’
3318 5002 3541 5065 εἰκότως
3588 4999 3750 5071 θερα-

2180 5094 2361 5148 πεύων
2399 5095 2590 5148 ἐαυτὸν
2637 5097 2666 5148 ὁ
2692 5093 2984 5169 ταραχθεὶς
3024 5094 3122 5167 τὴν
3175 5093 3422 5165 καρδίαν,
3463 5089 3749 5161 ἀνατρέχει

2180 5183 2274 5235 ἐπὶ
2303 5183 2401 5247 τὰς
2433 5178 2667 5248 παλαιὰς
2698 5183 2863 5237 αὐτοῦ
2897 5185 3128 5257 ἡμέρας,
3163 5185 3261 5248 τὰς
3297 5182 3403 5254 πρὸ
3446 5180 3547 5251 τῆς
3577 5195 3748 5249 ταΡ²⁶

2182 5276 2305 5347 χῆς,
2341 5278 2398 5331 ἐν
2427 5272 2514 5340 αἷς
2548 5276 2851 5350 κατώρθου,
2884 5278 2915 5349 ἢ
2944 5280 3036 5332 ἐπὶ
3066 5279 3164 5341 τὰς
3198 5276 3433 5338 παλαιὰς
3471 5272 3709 5345 ἱστορίας
3730 5290 3746 5303 ⁸

2183 5368 2278 5421 καὶ
2320 5369 2418 5439 τὴν
2465 5370 2685 5440 μνήμην
2736 5369 3042 5434 ἀναλαϐὼν,
3088 5369 3285 5441 μελετᾷ
3329 5369 3385 5421 ἐν
3417 5370 3528 5429 τοῖς
3568 5365 3752 5435 ἔργοις

2181 5459 2277 5513 τοῦ
2300 5460 2457 5523 Θεοῦ,
2497 5461 2590 5515 καὶ
2624 5464 2682 5515 ἐν
2722 5465 2833 5526 τοῖς
2878 5464 3145 5534 ποιήμασι
3179 5462 3286 5514 τῶν
3323 5458 3519 5531 χειρῶν
3559 5455 3747 5517 αὑτοῦ,

2182 5554 2243 5606 οὐ
2277 5554 2478 5625 μικρᾶς
2511 5555 2790 5625 τυγχάνων
2832 5553 3181 5627 παραμυθίας
3225 5552 3334 5606 ἀπὸ
3360 5551 3467 5604 τῶν
3506 5546 3752 5603 παλαιῶν
