4036 6214
325 306 395 359 ις)

1461 304 1912 361 (ΙΟΜΜΕΝΤΑΙΗ

2015 301 2075 357 ΙΝ
2123 300 2460 359 PSALMOS.
3518 300 3587 355 50

326 426 803 496 ἀναγνωσμάτων,
853 422 1139 494 μανθάνων
1187 421 1245 487 ἐξ
1288 423 1490 489 αὐτῶν,
1534 425 1614 477 ὅτι
1648 425 1773 488 τοὺς
1810 441 1912 477 πα-

2028 423 2324 491 t-ognoscit,
2360 429 2571 474 veteres
2603 419 2725 474 illos
2756 418 3005 490 plurimis
3056 419 3325 490 pressuris
3360 434 3423 474 ac
3469 427 3589 473 ten-

328 518 518 580 λαιοὺς
556 517 695 589 μετὰ
746 515 943 587 μυρίας
974 514 1178 585 θλίψεις
1201 518 1294 570 καὶ
1323 518 1660 588 πειρασμοὺς
1684 516 1913 569 ἐπεσκέ-

333 628 499 665 πτετο
526 611 552 662 6
580 609 730 675 Θεὸς,
753 610 847 663 καὶ
874 609 1004 673 ὅσας
1041 610 1311 681 παρέσχεν
1333 612 1515 673 αὐτοῖς
1532 610 1827 682 θεραπείας
1850 626 1910 662 τε

332 705 427 757 καὶ
459 703 796 774 εὐεργεσίας.
859 700 1021 753 Ἀλλὰ
1051 702 1145 754 καὶ
1191 703 1249 755 ἐν
1280 705 1393 764 τοῖς
1425 702 1523 771 τῆς
1554 700 1912 771 δημιουργίας

332 794 507 864 λόγοις
551 793 787 865 μελετῶν
835 792 1197 865 ἐθεραπεύετο
1227 794 1327 864 τὴν
1360 793 1556 864 ψυχὴν,
1594 793 1915 862 παιδευόμε-

331 905 441 952 νος,
474 887 549 950 ὡς
578 887 679 939 οὐκ
709 884 856 938 ἔστιν
886 886 1221 957 ἀπρονόητος
1244 887 1271 938 6
1305 884 1411 938 τῶν
1439 884 1740 956 ἀνθρώπων
1778 884 1910 954 βίος,

328 978 449 1032 ούδὲ
487 977 860 1051 ἀθεράπευτος
901 978 935 1048 ἡ
985 976 1077 1030 τοῦ
1122 960 1693 1048 ταραχθέντος’ψυχή’
1744 978 1915 1048 ἐφορᾷ

326 1070 386 1125 δὲ
418 1071 513 1124 καὶ
561 1071 830 1141 ἐφέστηκε
867 1072 1033 1122 πᾶσιν
1082 1070 1110 1121 6
1142 1068 1236 1121 τοῦ
1278 1068 1413 1122 Θεοῦ
1456 1069 1629 1137 Λόγος
1689 1067 1913 1139 ἰώμενος

327 1165 453 1227 τοὺς
480 1164 969 1236 συντετριμμένους
995 1162 1092 1234 τὴν
1121 1162 1371 1234 καρδίαν.

327 1256 655 1311 Διεπέτασα
683 1256 832 1325 πρὸς
861 1255 937 1308 σὲ
971 1254 1085 1325 τὰς
1109 1254 1311 1324 χεῖράς
1348 1271 1497 1324 μουο
1528 1254 1566 1322 ἡ
1593 1254 1763 1325 ψυχή
1793 1272 1913 1324 μου

834 1327 916 1390 ὡς
949 1324 1023 1395 γῆ
1049 1324 1309 1395 ἄνυδρός
1339 1341 1457 1379 σοι.

400 1417 679 1489 Μνησθεὶς
722 1418 832 1471 τῶν
884 1416 1127 1489 ἀρχαίων
1166 1417 1389 1488 ἡμερῶν
1432 1417 1496 1470 ἐκ
1540 1418 1639 1489 τῆς
1687 1416 1915 1487 μελέτης

329 1510 437 1564 τῶν
470 1509 630 1564 θείων
663 1510 1129 1580 ἀναγνωσμάτων,
1162 1510 1260 1572 τὰς
1291 1510 1479 1581 χεῖράς
1510 1528 1633 1580 μου,
1675 1510 1769 1563 καὶ
1816 1508 1915 1571 τὰς

327 1606 415 1659 διὰ
446 1604 731 1675 μετανοίας
758 1601 988 1672 πράξεις
1019 1601 1264 1671 καθαράς
1290 1619 1371 1654 σοι
1402 1602 1709 1664 ἐπιδεικνὺς
1735 1600 1915 1653 διεπέ-

330 1712 488 1758 τασα,
537 1693 706 1756 οὕτως
755 1691 923 1761 διψῶν
958 1709 1072 1755 σου,
1107 1692 1136 1743 6
1164 1692 1314 1754 Θεὸς,
1348 1692 1442 1745 καὶ
1474 1692 1573 1762 τῆς
1616 1689 1767 1762 παρὰ
1817 1690 1910 1743 σοῦ

2018 515 2312 569 tationibus
2366 529 2396 567 a
2453 513 2562 568 Deo
2614 512 2782 567 fuisse
2834 512 3102 578 visitatos,
3154 520 3205 566 et
3252 520 3451 581 quanta
3500 512 3592 567 hic

2016 606 2249 661 remedia
2301 606 2490 659 iisdem
2544 603 2834 658 contulerit
2886 619 2952 659 ac
3017 603 3298 658 beneﬁcia.
3364 602 3587 672 Insuper

2015 700 2140 752 dum
2187 712 2367 752 rerum
2419 696 2749 752 creationem
2790 712 2972 753 secum
3008 706 3244 767 reputat,
3290 696 3475 751 animo
3506 710 3593 749 re-

2014 798 2250 852 creatur,
2301 789 2425 859 quia
2464 789 2623 842 discit
2682 788 2848 841 vitam
2909 788 3183 842 hominum
3234 786 3587 842 Providentia

2015 896 2121 935 non
2183 881 2459 945 destitui,
2536 896 2710 949 neque
2766 896 2919 935 suum
2995 881 3269 934 turbatum
3343 880 3585 934 animum

2015 970 2259 1026 remedio
2314 985 2528 1037 carere,
2577 986 2700 1026 cum
2749 972 2999 1025 omnibus
3047 970 3355 1039 inSpectans
3404 970 3590 1040 praesit

2016 1063 2115 1119 Dei
2147 1061 2407 1128 Verbum,
2438 1079 2468 1117 a
2516 1078 2621 1133 quo
2652 1065 2881 1120 contriti
2919 1063 3083 1118 corde
3127 1073 3408 1119 sanantur.

2020 1245 2181 1299 Vens.
2198 1245 2250 1300 6.
2280 1244 2528 1314 Empandi
2553 1260 2740 1297 manus
2758 1260 2899 1297 meas
2919 1244 2988 1296 ad
3006 1253 3088 1306 te;
3116 1244 3295 1298 anima
3319 1259 3435 1297 mea
3456 1244 3589 1298 sicut

2543 1326 2686 1368 terra
2717 1316 2829 1368 sine
2853 1331 2989 1383 aqua
3009 1316 3124 1367 tibi.

2086 1408 2308 1464 Dierum
2369 1408 2716 1478 antiquorum
2782 1415 3003 1476 propter
3056 1406 3271 1461 divinas
3328 1405 3589 1461 lectiones

2014 1516 2264 1565 memor,
2318 1516 2513 1555 manus
2566 1515 2713 1555 meas
2762 1500 3096 1569 paenitentia:
3133 1500 3389 1568 operibus
3437 1514 3592 1553 mun-

2013 1596 2170 1650 datas
2213 1594 2280 1649 ad
2333 1604 2385 1649 te
2446 1595 2779 1663 expandens,
2813 1605 2863 1649 te
2900 1594 3113 1657 sitiens,
3148 1595 3306 1661 Deus,
3341 1596 3588 1664 praeben-

2016 1688 2252 1756 damque
2280 1701 2309 1739 a
2343 1695 2394 1740 te
2424 1687 2783 1751 curationem,
2816 1702 2921 1741 non
2965 1688 3123 1741 modo
3153 1703 3251 1741 ceu
3282 1702 3478 1741 cervus
3520 1688 3589 1742 ad

336 1786 549 1849 ἰάσεως,
588 1786 649 1837 οὐ
696 1785 854 1855 μόνον
900 1782 960 1835 ὃν
999 1783 1197 1852 τρόπον
1239 1782 1436 1851 ἔλαφος
1473 1783 1565 1835 ἐςτί
1591 1781 1688 1844 τὰς
1730 1780 1911 1852 πηγὰς

2022 1779 2200 1833 fontes
2230 1792 2525 1848 aquarum,
2563 1794 2745 1833 verum
2800 1790 2857 1832 ut
2903 1778 3051 1833 arida
3095 1789 3149 1834 et
3196 1780 3314 1834 sine
3362 1781 3591 1835 humore

334 1877 441 1930 τῶν
472 1876 697 1938 ὑδάτων,
740 1872 873 1928 ἀλλὰ
912 1873 1005 1927 καὶ
1037 1873 1112 1936 ὡς
1144 1873 1369 1945 ἄνυδρος
1400 1873 1494 1926 καὶ
1524 1871 1663 1943 ξηρὰ
1692 1871 1765 1941 γῆ
1793 1872 1913 1943 όρέ-

333 1982 489 2036 γεται
518 1965 610 2017 τοῦ
641 1966 723 2017 ἐπ’
746 1963 912 2035 αὐτὴν
940 1963 1217 2024 κατιόντος
1241 1960 1418 2015 ὑετοῦ.
1446 1964 1508 2015 Εἰ
1546 1962 1603 2015 δὲ
1644 1963 1738 2016 καὶ
1766 1962 1911 2014 ἔστιν

338 2061 370 2129 ἢ
407 2058 548 2129 ψυχή
595 2074 694 2127 μου
740 2057 815 2120 ὼς
842 2056 914 2126 γῆ
944 2055 1189 2127 ἄνυδρος.
1229 2054 1304 2117 ὡς
1350 2054 1485 2125 πρὸς
1528 2054 1586 2107 σὲ
1635 2054 1726 2107 τὸν
1780 2053 1911 2108 Θεὸν

333 2149 552 2220 τοιαύτη
589 2147 734 2203 ἐστίν
753 2165 767 2178 °
798 2148 918 2201 καθ’
943 2146 1138 2218 ἐαυτὴν
1165 2147 1272 2217 γὰρ
1299 2146 1392 2199 καὶ
1420 2145 1495 2208 ὡς
1524 2148 1581 2199 ἐν
1612 2145 1910 2217 ἀνθρώπων

333 2241 612 2314 συγκρίσει
670 2240 890 2311 γόνιμος
946 2242 1039 2293 καὶ
1091 2238 1350 2309 τεθηλυῖα
1409 2238 1637 2310 καρπῶν
1687 2235 1911 2306 ἀγαθῶν

330 2333 592 2403 ὑπᾶρχεν
632 2334 715 2385 σοὶ
743 2332 799 2385 δὲ
830 2330 1057 2402 ἄνυδρός
1096 2332 1247 2383 ἐστιν
1275 2329 1467 2395 οὕτως,
1498 2329 1571 2393 ὡς
1598 2329 1659 2381 ού
1687 2328 1882 2381 δικαιω
1906 2356 1909 2361 -

329 2425 555 2496 θήσεται
591 2422 822 2476 ἐνώπιόν
852 2439 946 2475 σου
973 2424 1081 2485 πᾶς
1119 2420 1247 2484 ζῶν.

335 2515 489 2586 Ταχὺ
520 2512 887 2586 εἰσάκουσον
920 2530 1016 2586 με,
1051 2530 1104 2565 κ.
1132 2529 1181 2564 τ.
1300 2511 1396 2586 Μὴ
1425 2511 1816 2586 ἁ-ποσερέψῃς
1846 2510 1912 2563 τὸ

718 2584 1044 2653 πρόσωπόν
1072 2597 1187 2636 σου
1213 2584 1311 2635 ἀπ’
1340 2584 1506 2653 ἐμοῦ.

411 2675 500 2729 Ἐν
547 2678 659 2738 τοῖς
705 2673 1091 2741 κατεπείγουσι
1122 2674 1336 2742 καιροῖς
1381 2672 1490 2725 τῶν
1537 2670 1912 2742 περιστάσεων

327 2768 450 2838 ἦτοι
479 2770 537 2821 ἐν
564 2767 824 2837 διωγμοῖς
856 2766 889 2838 ἢ
919 2769 1032 2829 τοῖς
1081 2765 1328 2836 ἐσχάτοις
1375 2764 1663 2827 κινδύνοις,
1694 2762 1912 2815 ἐπειδὰν

331 2856 780 2929 παρακινδυνεύει
833 2856 977 2919 τινὸς
1026 2858 1060 2926 ἡ
1109 2854 1277 2926 ψυχὴ,
1326 2855 1668 2917 ἐκλείποντος
1714 2852 1809 2906 τοῦ
1855 2855 1912 2906 ἐν

331 2950 470 3021 αὐτῇ
499 2949 825 3020 πνεύματος,
867 2949 960 3003 καὶ
999 2947 1100 3019 τῆς
1136 2947 1358 3020 καρδίας
1392 2949 1448 2999 ἐν
1473 2948 1609 3018 αὐτῇ
1651 2962 1912 3016 ταραττο-

336 3044 526 3113 μένης,
555 3045 821 3115 προσήκει
849 3043 1048 3114 ὁμοίως
1081 3042 1158 3114 τῷ
1191 3042 1353 3096 Δαυῒδ
1377 3041 1555 3111 λέγειν
1588 3041 1911 3113 εὐχομένους

2019 1880 2160 1924 terra
2204 1869 2547 1937 depluentem
2599 1871 2650 1924 in
2704 1885 2764 1926 se
2799 1871 3033 1925 imbrem
3077 1881 3321 1941 exoptat.
3356 1869 3583 1926 Etiamsi

2012 1974 2145 2015 vero
2182 1959 2360 2013 anima
2388 1974 2505 2013 mea
2536 1968 2622 2014 est
2654 1959 2815 2013 veluti
2852 1960 2970 2014 sine
2999 1974 3138 2028 aqua
3170 1971 3337 2024 terra,
3372 1975 3502 2029 erga
3534 1970 3587 2015 te

2016 2053 2269 2106 nimirum
2300 2052 2373 2105 ita
2413 2065 2474 2106 se
2511 2052 2709 2117 habet;
2766 2062 3024 2107 caeterum
3060 2067 3171 2122 pra:
3210 2052 3330 2105 aliis
3354 2052 3590 2107 homini-

2015 2143 2113 2197 hus
2132 2142 2326 2197 fertilis
2339 2152 2443 2205 est,
2464 2152 2520 2198 et
2542 2145 2811 2198 bonorum
2836 2141 3107 2197 fructuum
3134 2158 3240 2197 non
3262 2144 3548 2199 infecunda
3572 2164 3587 2199 :

1986 2292 1992 2301 δ
2016 2234 2134 2298 tibi,
2158 2235 2406 2303 inquam,
2424 2243 2507 2289 est
2524 2234 2699 2303 arida,
2721 2235 2847 2305 quia
2873 2250 2976 2289 non
2996 2234 3385 2303 justiiicabitur
3406 2250 3587 2291 coram

2016 2335 2067 2381 te
2096 2325 2380 2397 quisquam
2420 2327 2627 2382 vivens.

2018 2505 2174 2561 Vers.
2201 2507 2256 2559 7.
2292 2504 2409 2562 Cito
2439 2507 2635 2561 exaudi
2692 2524 2797 2569 me,
2849 2517 2957 2561 etc.
3013 2507 3097 2562 Ne
3148 2519 3353 2563 avertas
3401 2508 3589 2577 {aciem

2648 2588 2795 2631 tuam
2826 2595 2858 2630 a
2886 2594 2986 2631 me.

2086 2671 2417 2741 Urgentibus
2457 2670 2834 2725 calamitatum
2890 2671 3226 2739 temporibus
3256 2671 3371 2724 sive
3400 2684 3587 2738 perse-

2014 2763 2321 2818 Cutiouibus
2345 2762 2717 2832 extremisque
2749 2762 3180 2827 discriminibus,
3206 2778 3329 2817 cum
3358 2761 3590 2830 alicujus

2013 2851 2195 2905 anima
2224 2852 2589 2922 periclitatur,
2631 2851 3010 2908 deﬁcientibus
3038 2852 3157 2921 ejus
3192 2852 3423 2917 viribus,
3455 2868 3591 2907 cou-

2014 2945 2230 2999 turbato
2261 2946 2448 3011 corde,
2492 2944 2623 3000 utile
2658 2954 2741 3000 est
2767 2962 2889 3001 cum
2918 2946 3124 3000 Davide
3156 2955 3380 3001 orantes
3404 2944 3588 3000 dicere

2015 3035 2232 3091 Christo
2260 3054 2273 3089 :
2306 3033 2523 3091 Exaudi
2560 3054 2660 3105 me,
2699 3038 2939 3092 Domine.
2973 3038 3160 3109 Neque
3190 3048 3370 3093 tamen
3402 3039 3455 3092 in
3488 3040 3590 3092 bu-

333 3133 405 3186 τά
430 3132 1074 3203 Χριστοῦ,Είσάκουσόν
1095 3150 1191 3203 με,
1224 3134 1397 3202 Κύριε
1417 3150 1431 3163 ’
1459 3134 1519 3186 οὺ
1551 3134 1657 3205 μὴν
1687 3134 1780 3186 ἐπὶ
1803 3135 1912 3197 τοῖς

2017 3131 2195 3184 manis
2225 3130 2454 3197 negotiis
2487 3130 2589 3183 hoc
2625 3144 2842 3198 precum
2877 3144 3076 3200 genere
3111 3131 3185 3184 uti
3222 3131 3585 3184 necessarium

334 3225 694 3297 ἀνθρωπίνοις
756 3226 1072 3297 πράγμασιν
1134 3228 1429 3295 ἀναγκαῖον
1485 3226 1805 3298 κεχρῆσθαι.
1842 3256 1911 3267 —-

346 3318 461 3386 Ἐφ’
490 3318 611 3371 ὅσον
664 3317 763 3388 μὲν
814 3318 875 3371 τὸ
924 3319 1213 3390 πρόσωπόν
1266 3335 1358 3371 σου
1393 3319 1641 3385 καταξιοῖ
1687 3335 1755 3389 με
1802 3319 1917 3374 τῶν

335 3408 478 3462 ἰδίων
507 3409 692 3476 αὑτοῦ,
719 3408 780 3461 τὸ
804 3408 918 3478 φῶς
956 3426 1048 3462 σου
1080 3411 1228 3462 ἐστὶν
1257 3412 1314 3464 ὲν
1344 3410 1487 3480 ἐμοὶ,
1513 3411 1606 3463 καὶ
1631 3410 1780 3464 πᾶσά
1811 3428 1912 3481 μου

332 3498 664 3569 ἀπελήλαται
708 3500 928 3553 σκοτία’
977 3499 1104 3554 ὥστ’
1158 3500 1222 3553 ἂν
1280 3502 1470 3553 εἰπεῖν·
1544 3499 1910 3570 Ἐσημειώθη

329 3592 422 3661 ἐφ’
454 3589 613 3660 ἡμᾶς
660 3590 727 3644 τὸ
762 3590 888 3661 φῶς
923 3593 1029 3647 τοῦ
1067 3591 1391 3661 προσώπου
1439 3606 1577 3656 σου,
1622 3594 1829 3662 Κύριεο
1864 3596 1913 3647 εἱ

331 3683 389 3736 δὲ
427 3684 828 3754 ἀποστρέψειάς
873 3702 1004 3737 ποτε
1047 3684 1110 3739 τὸ
1146 3684 1438 3756 πρόσωπόν
1486 3703 1580 3739 σου
1632 3687 1726 3740 ἀπ’
1756 3687 1911 3757 ἐμοῦ,

347 3774 554 3844 γίνομαι
594 3778 652 3829 ἐν
682 3775 873 3847 σκοτίᾳ
898 3776 962 3829 ’ὲν
1061 3776 1302 3845 γίνονται
1336 3777 1538 3840 πάντες
1566 3779 1615 3829 oi
1652 3777 1914 3831 καταϐαί-

337 3882 517 3928 νοντες
545 3867 624 3929 είς
651 3866 848 3920 λάκκον
867 3884 880 3897 ·
915 3869 972 3921 ἐν
1011 3863 1055 3937 ᾧ
1087 3868 1277 3941 λάκκῳ
1300 3868 1453 3922 οὐδὲν
1488 3869 1676 3939 ἔτερόν
1705 3872 1849 3924 ἐστιν
1878 3870 1912 3941 ἢ

336 3958 398 4012 τὸ
426 3958 754 4029 καλούμενον
790 3962 980 4024 σκότος
1005 3959 1287 4032 ἐξώτερον.
1644 3998 1649 4003 ι

348 4052 681 4108 Ἀκουστόν
725 4054 987 4122 ποίησόν
1031 4072 1133 4125 μοι
1170 4054 1237 4107 τὸ
1269 4054 1420 4123 πρωῒ
1451 4054 1516 4107 τὸ
1552 4054 1723 4119 ἔλεός
1774 4068 1913 4108 σου.

416 4208 505 4261 Ἐν
534 4212 646 4273 τοίς
694 4211 1022 4281 πειρασμοῖς
1067 4209 1249 4274 ἐλέους
1290 4209 1433 4264 θείου
1470 4209 1737 4280 δεόμεθα.’
1777 4212 1914 4281 ὅπερ

336 4300 532 4369 γένοιτ’
563 4299 628 4354 ἂν
673 4302 731 4353 ἐν
770 4304 891 4365 ταῖς
941 4303 1271 4373 προσευχαῖς
1310 4300 1687 4372 ἐγρηγορότως
1720 4299 1914 4369 σχολά-

337 4393 544 4464 ζοιμεν,
575 4394 669 4446 καὶ
718 4393 946 4463 μάλιστα
989 4394 1130 4447 κατὰ
1169 4392 1359 4465 καιρὸν
1383 4394 1475 4445 τόν
1503 4391 1743 4455 ἑωθινὸν,
1775 4392 1915 4445 ὥστε

2012 3219 2437 3288 est.—Quandiu
2469 3221 2636 3277 facies
2676 3232 2765 3276 tua
2791 3238 2888 3277 suo
2922 3238 3006 3278 me
3034 3233 3279 3292 respectu
3312 3224 3586 3293 dignatur,

2014 3314 2194 3370 lumen
2230 3320 2377 3369 tuum
2409 3315 2462 3369 in
2487 3330 2574 3370 me
2597 3325 2704 3379 est,
2730 3326 2892 3384 atque
2917 3331 3108 3371 omnes
3132 3318 3393 3371 recedunt
3430 3325 3588 3371 tene-

2015 3408 2154 3474 bne;
2187 3408 2258 3461 ita
2296 3417 2353 3461 ut
2387 3407 2562 3461 dicam
2594 3425 2609 3461 :
2654 3406 2933 3477 Signatum
2984 3420 3057 3463 est
3101 3423 3257 3477 super
3283 3426 3378 3462 nos
3414 3409 3591 3463 lumen

2014 3501 2189 3554 vultus
2216 3502 2314 3564 tui,
2345 3499 2569 3553 Domine
2590 3500 2659 3551 δυ.
2688 3500 2840 3566 Quod
2864 3503 2907 3555 si
2940 3501 3145 3555 vultum
3180 3512 3327 3554 tuum
3352 3513 3587 3567 avertas,

2018 3592 2208 3647 decido
2228 3593 2282 3646 in
2311 3593 2563 3648 tenebras
2589 3609 2726 3664 quas
2751 3594 2785 3647 ii
2819 3596 3100 3663 patiuntur
3127 3593 3219 3663 qui
3253 3594 3588 3648 descendunt

2015 3684 2068 3739 in
2095 3685 2267 3739 lacum
2290 3704 2303 3751 ;
2327 3701 2433 3755 quo
2454 3686 2507 3741 in
2531 3687 2649 3741 lacu
2670 3686 2801 3740 nihil
2820 3686 2963 3741 aliud
2982 3699 3242 3756 cstquam
3263 3685 3587 3749 exteriores,

2016 3778 2093 3833 uti
2123 3777 2478 3848 appellantur,
2519 3779 2772 3836 tenebrae.

2021 4043 2179 4097 Vens.
2234 4045 2287 4098 8.
2343 4042 2594 4095 Auditum
2649 4042 2735 4110 [ac
2783 4042 2913 4094 mihi
2967 4056 3121 4094 mane
3166 4038 3588 4093 misericordiam

2682 4123 2847 4167 tuum.

2088 4206 2181 4262 Dei
2203 4204 2581 4260 misericordia
2609 4206 2661 4259 iu
2685 4203 3074 4258 tentatiunibus
3102 4203 3436 4273 indigemus;
3466 4216 3585 4268 quae

2018 4309 2077 4355 ut
2130 4298 2287 4355 nobis
2338 4299 2613 4363 obveniat,
2665 4297 2957 4367 vigilanter
3007 4299 3261 4366 precibus
3310 4311 3588 4359 vacemus,

2020 4392 2285 4447 matutino
2321 4391 2621 4461 praisertim
2669 4400 2930 4458 tempore,
2973 4400 3030 4443 ut
3066 4392 3243 4445 dicere
3269 4389 3541 4460 possimus
3571 4405 3586 4442 :

337 4482 592 4537 δύνασθαι
642 4482 851 4551 λέγειν·
902 4485 964 4537 '0
1011 4485 1176 4551 Θεὸς,
1216 4488 1248 4539 ό
1299 4485 1443 4549 Θεός
1471 4501 1611 4553 μου,
1646 4483 1795 4551 πρὸς
1838 4481 1912 4535 σὲ

2018 4485 2176 4549 Deus,
2210 4485 2348 4539 Deus
2373 4501 2541 4548 meus,
2571 4483 2639 4536 ad
2667 4494 2717 4536 Ie
2746 4484 2810 4535 de
2838 4482 2953 4538 luce
2987 4482 3141 4552 vigilo
3163 4483 3229 4536 5“.

341 4576 595 4629 όοθοίζὶυ.

367 4576 373 4618 ἱ
481 4576 501 4626 ί
529 4594 595 4629 ω.

367 4575 716 4739 pigri)de
742 4688 863 4738 μοι,
893 4670 1088 4738 Κύριε,
1115 4668 1257 4724 ὀδόν
1283 4668 1353 4721 ἐν
1380 4663 1419 4740 ᾗ
1447 4669 1829 4738 πορεύσομαι.

422 4831 552 4883 Ἀπὸ
582 4830 675 4884 τοῦ
701 4832 873 4902 χαμαὶ
898 4830 1109 4885 κεῖσθαι
1138 4829 1235 4902 τὴν
1278 4829 1417 4901 ἐμὴν
1450 4828 1585 4903 πρὸς
1643 4830 1702 4882 σὲ
1729 4829 1915 4901 ψυχὴν

337 4923 673 4977 ἁνατείναντι
728 4926 1012 4995 μετανοίας
1057 4924 1226 4990 δεῖξον
1279 4923 1417 4985 ὁδὸν,
1457 4922 1490 4993 ἢ
1525 4922 1624 4992 τὴν
1669 4921 1907 4990 ἄγουσαν

2018 4664 2173 4719 Vens.
2200 4666 2251 4719 8.
2308 4666 2498 4717 Notam
2549 4662 2634 4731 [ac
2687 4662 2852 4726 mihi,
2900 4661 3140 4723 Domine,
3198 4661 3334 4713 viam
3375 4661 3426 4712 in
3488 4675 3591 4728 qua

2610 4733 2889 4785 ambulent.

2089 4826 2221 4879 Dum
2247 4825 2432 4879 anima
2456 4841 2574 4880 mea
2594 4824 2741 4892 jacet
2773 4823 2919 4876 humi
2948 4831 3247 4893 prostrata,
3273 4822 3587 4891 imploranti

2016 4916 2149 5001 mihi
2196 4918 2532 4985 pauitantia:
2566 4918 2705 4969 viam
2737 4916 2983 4980 ostende,
3028 4930 3146 4983 qua:
3187 4924 3311 4984 post
3343 4916 3590 4984 corporis

341 5014 478 5083 μετὰ
499 5016 748 5086 σώματος
770 5016 1086 5087 ἀπαλλαγὴν
1112 5018 1203 5070 ἐπὶ
1226 5014 1545 5085 τὰοὺράνια
1571 5015 1700 5086 (15)·
1726 5016 1912 5086 θνητὸς

2021 5011 2410 5079 depositionem
2448 5013 2596 5067 ducit
2624 5018 2677 5066 in
2709 5012 2932 5067 caelum.
2973 5010 3104 5064 Nam
3148 5020 3412 5074 mortuus,
3450 5025 3589 5079 quo-

337 5107 446 5179 γὰρ
471 5109 586 5173 πῶς
614 5109 679 5163 ἂν
711 5109 900 5179 νοήσαι
928 5108 1023 5171 τὰς
1049 5109 1200 5172 ὀδοὺς
1227 5108 1421 5174 αὐτοῦ;
1452 5108 1593 5178 τάχα
1616 5108 1671 5161 δέ
1699 5126 1781 5171 τις
1814 5109 1932 5173 τὰς

338 5206 609 5279 προτέρας
648 5203 799 5266 ὀδοὺς
825 5202 1060 5256 Μωῦσέα
1086 5202 1178 5255 καὶ
1203 5204 1329 5267 τοὺς
1357 5204 1638 5274 προφήτας
1665 5201 1908 5273 βαδίσας,

338 5298 478 5351 κατὰ
500 5297 580 5363 τὸ,
609 5296 797 5367 Στῆτε
822 5295 891 5349 ἐν
923 5294 1051 5359 ταῖς
1080 5293 1260 5360 ὁδοῖς,
1296 5295 1393 5347 καὶ
1424 5292 1759 5363 ἐρωτήσατε
1789 5294 1910 5362 τρί-

339 5390 481 5452 ϐους
521 5388 740 5456 Κυρίου
764 5385 1026 5450 αἰωνίας,
1062 5384 1199 5455 μετὰ
1238 5383 1440 5449 ταύτας
1468 5386 1565 5457 τὴν
1591 5386 1707 5438 ὁδὸν
1731 5383 1909 5456 ζητῶν

336 5479 435 5551 τὴν
464 5480 693 5552 ἀγαθὴν,
736 5477 815 5550 τῷ
857 5477 1059 5549 ταύτης
1104 5478 1220 5547 ἐρεῖ
1243 5476 1430 5547 πατρὶ,
1460 5478 1555 5530 καὶ
1590 5477 1927 5547 γινώσκοντι;

411 5596 458 5628 ³⁸
482 5595 623 5651 Psal.
656 5611 732 5661 tv,
768 5597 819 5650 7‘.
891 5598 935 5629 ’ί
968 5597 1109 5652 Psal.
1142 5612 1277 5663 uti,
1314 5598 1368 5652 2.
1447 5597 1490 5627 δ’
1523 5594 1635 5651 Jer.
1685 5612 1762 5659 v1,
1799 5596 1882 5649 16.

412 5687 524 5754 (15)
548 5686 711 5743 Vides
739 5688 826 5742 bic
848 5687 916 5742 de
932 5687 1217 5742 animabus
1239 5688 1357 5741 sinc
1379 5689 1696 5758 corporibus
1727 5687 1889 5758 etiam

340 5758 392 5811 in
460 5758 657 5813 (mlum
735 5759 1059 5829 recipiendis
1129 5757 1495 5827 sententiam}
1547 5757 1907 5826 antiquissimi

2020 5102 2180 5156 modo
2224 5103 2340 5157 vias
2393 5121 2521 5160 suas
2570 5104 2902 5175 cognoscet?
2952 5104 3209 5158 Fortasse
3254 5104 3454 5174 aliquis
3500 5104 3592 5172 qui

2021 5195 2359 5264 antiquiores
2394 5198 2546 5261 vias,
2582 5196 2842 5268 Moysem,
2871 5197 3121 5265 inquam,
3166 5204 3219 5250 et
3268 5197 3590 5265 prephetas,

2019 5288 2349 5353 decurrerit;
2382 5287 2534 5356 juxta
2576 5288 2741 5343 illud:
2775 5289 2924 5343 State
2948 5290 3001 5341 in
3032 5289 3149 5352 viis,
3180 5287 3589 5343 etsciscitamini

2018 5383 2080 5435 de
2108 5386 2304 5438 sentitis
2339 5383 2553 5439 Domini
2590 5386 2797 5438 (uternis
2829 5387 2913 5451 5';
2959 5393 3075 5454 post
3124 5385 3243 5451 has,
3276 5384 3470 5437 bonam
3495 5381 3588 5434 de-

2017 5476 2180 5544 nique
2211 5477 2352 5531 viam
2380 5492 2625 5548 quaerens
2671 5478 2813 5533 dicet
2866 5476 3026 5540 huius
3074 5478 3234 5547 patri,
3277 5476 3590 5544 viarumque

2003 5686 2219 5764 Et'semi
2285 5692 2473 5743 contra
2559 5686 2915 5743 recentiorum
2976 5686 3289 5743 Grzecorum
3365 5676 3593 5737 cacodo-

2021 5772 2182 5810 Mill“.
