4068 6198
456 282 521 342 ὒί
1121 284 1389 342 EUSEBII
1430 285 1912 341 CAESARIENS‘IS
1949 283 2104 341 OPP.
2145 283 2327 340 PARS
2366 282 2453 340 III.
2499 314 2567 323 —
2607 282 3018 338 EXECETICA.
3627 281 3696 334 52

449 403 578 456 ltliis
610 402 922 456 idoneorum
954 401 1168 470 perito:
1208 399 1437 455 Ostende
1475 403 1602 455 mihi
1638 403 1776 456 viam
1819 404 1872 457 in
1913 421 2014 473 qua

2119 401 2214 471 τὴν
2243 401 2361 455 ὁδον
2387 399 2496 453 τῶν
2527 399 2659 454 υίῶν
2682 400 2762 464 τὸ,
2781 399 3091 468 Γνὼρισόν
3099 416 3200 469 μοι
3227 397 3371 452 ὀδόν
3395 398 3697 465 metqu

385 503 392 510 ‘
450 492 710 548 ambulem
735 507 756 546 :
786 509 904 561 qum
930 494 1144 552 quidem
1175 504 1446 548 annuente
1466 494 1624 549 Patre
1645 507 1814 551 semet
1839 507 2017 550 osten-

451 588 582 637 dens
607 586 684 638 ait
725 586 904 654 dignis
952 605 966 640 :
1001 586 1112 654 Ego
1132 603 1250 640 sum
1281 587 1386 649 via,
1429 604 1578 642 nemo
1611 590 1750 642 enim
1775 590 1911 644 venit
1946 591 2017 643 ad

453 671 666 726 l’atrcm
691 675 792 728 nisi
817 693 908 741 per
930 693 1010 729 me
1034 678 1101 732 ⁵³.

592 852 755 908 Vens.
803 856 891 908 Il.
941 853 1168 926 Propter
1203 873 1388 911 nomen
1422 865 1596 916 tuum.
1633 857 1872 912 Domine.

522 943 711 998 Simile
743 947 842 1000 hoc
873 946 1094 1000 dictioni
1124 947 1195 1000 illi
1225 961 1241 1000 :
1287 946 1410 1002 Non
1441 949 1610 1011 nobis,
1642 947 1885 1015 Domine,
1915 965 2018 1005 non

449 1036 616 1102 nobis,
636 1038 726 1089 sed
745 1039 1043 1090 nominitno
1056 1038 1125 1090 da
1142 1038 1437 1107 gloriam”.
1459 1038 1570 1094 Non
1590 1041 1732 1094 enim
1752 1042 1803 1094 in
1821 1053 2017 1096 semet-

448 1125 583 1189 ipsis
636 1136 847 1192 oportet
878 1128 1172 1184 conlidere.
1203 1129 1303 1195 Qui
1333 1142 1510 1184 autem
1545 1133 1872 1186 tcntationes
1907 1133 2018 1186 I'or-

455 1218 581 1269 titer
614 1218 948 1282 toleraverit,
980 1219 1063 1274 his
1093 1221 1249 1274 bonis
1282 1222 1439 1290 potiri
1467 1233 1668 1292 speret,
1703 1233 1888 1294 utpote
1922 1228 2010 1295 qui

452 1317 674 1372 angusta
734 1324 1144 1380 airumnosaque
1177 1314 1258 1366 via
1294 1315 1396 1367 iter
1417 1313 1630 1369 fecerit.

453 1396 616 1452 Vens.
654 1400 740 1453 ll.
775 1399 1054 1468 .Eqnitote
1093 1414 1184 1457 ma
1216 1406 1400 1458 educes
1431 1408 1496 1462 de
1534 1408 1870 1466 tribulatione
1893 1414 2009 1467 ani-

1071 1490 1210 1527 mam
1242 1493 1430 1530 meam.

525 1561 659 1614 Vere
697 1563 969 1617 tribulatio
996 1564 1190 1619 anima:
1227 1577 1330 1630 est,
1366 1585 1486 1621 cum
1533 1571 1768 1626 hominis
1795 1574 1904 1626 vita
1948 1574 2013 1628 ad

451 1660 651 1704 terram
686 1655 1069 1720 prosternitur,
1097 1667 1150 1709 et
1179 1659 1291 1725 ipse
1329 1659 1382 1711 in
1414 1661 1651 1716 tenebris
1682 1663 1852 1718 sedet.
1885 1663 2016 1718 Pra-

2121 485 2162 564 ᾔ
2189 492 2572 560 πορεύσομαι·
2593 493 2713 562 ἥτις
2734 489 3116 552 ἐπινεύσαντος
3143 488 3238 542 τοῦ
3267 490 3480 562 Πατρὸς
3504 489 3698 560 ἑαυτὴν

2123 582 2495 652 ἐμφανίζουσα
2531 582 2676 651 λέγει
2719 585 2829 647 τοῖς
2875 581 3072 647 ἀξίοις·
3119 579 3258 651 Ἐγώ
3288 584 3403 650 ειμι
3449 581 3486 647 ’ἡ
3537 580 3697 644 ὀδός’

2122 673 2322 738 οὐδεὶς
2367 675 2480 744 γὰρ
2520 674 2752 744 ἔρχεται
2791 672 2939 742 πρὸς
2983 671 3091 726 τὸν
3139 672 3370 742 Πατέρα
3399 674 3452 726 εί
3493 670 3582 742 μὴ
3625 670 3701 724 δι’

2124 763 2288 835 ἐμοῦ.

2369 855 2623 910 ’Ἕνεκεν
2652 854 2758 909 τοῦ
2791 855 3078 924 ὀνόματός
3101 870 3238 919 σου,
3255 856 3450 925 Κύριε.

2194 947 2416 1019 Ὅμοιον
2443 947 2599 1001 τοῦτο
2616 946 2714 1017 τῷ,
2736 946 2831 1015 Μὴ
2857 945 3021 1016 ἡμῖν,
3041 949 3233 1015 Κύριε,
3253 947 3337 1016 μὴ
3368 946 3528 1016 ἡμῖν,
3556 947 3696 1002 ἀλλ’

2123 1039 2160 1107 ἢ
2205 1039 2284 1104 τῷ
2327 1040 2575 1109 ὀνόματί
2607 1053 2725 1092 σου
2753 1038 2860 1106 δὸς
2895 1038 3115 1103 δόξαν·
3149 1039 3210 1092 ού
3237 1037 3346 1110 γὰρ
3375 1040 3460 1109 ἐφ’
3488 1041 3696 1102 ἑαυτοῖς

2122 1130 2228 1203 χρὴ
2253 1129 2491 1204 θαρρεῖν.
2531 1131 2590 1182 '0
2619 1130 2676 1182 δὲ
2706 1130 2833 1193 τοὺς
2872 1129 3212 1202 πειρασμοὺς
3240 1130 3532 1201 ὑπομείνας
3570 1147 3690 1199 γεν-

2124 1222 2287 1286 ναίως
2337 1221 2603 1287 ἐλπιζέτω
2644 1221 2847 1276 τούτων
2890 1225 3104 1293 τυχεῖν,
3145 1222 3222 1287 ὡς
3266 1223 3331 1277 ἂν
3376 1224 3564 1293 στενὴν
3602 1223 3693 1277 καὶ

2120 1314 2482 1386 τεθλιμμένην
2508 1312 2753 1377 ὁδεύσας.

2135 1405 2236 1460 Ἑν
2267 1405 2345 1474 τῇ
2371 1405 3132 1546 δικαιοσύηιύῖοῖήξξέέῗς
3173 1405 3242 1459 ἐκ
3281 1405 3567 1475 θλίψεωςτ
3582 1405 3695 1474 τὴν

2190 1567 2384 1639 Ψυχῆς
2426 1567 2640 1638 ἀληθῶς
2693 1567 2871 1637 θλίψις
2911 1567 2973 1620 τὸ
3027 1567 3430 1638 ταπεινωθῆναι
3465 1570 3545 1631 εἰς
3591 1569 3695 1638 γῆν

2119 1660 2216 1732 τὴν
2253 1661 2396 1732 ζωὴν
2440 1662 2625 1726 αὐτοῦ,
2658 1664 2752 1716 καὶ
2791 1664 2847 1714 ἐν
2893 1666 3182 1727 σκοτεινοῖς
3223 1663 3386 1716 αὑτὸν
3419 1664 3654 1736 καθῆσαι
3677 1682 3691 1694 ·

450 1742 533 1790 vis
569 1756 785 1812 quoque
829 1745 1256 1812 cogitationibus
1290 1759 1346 1803 et
1397 1752 1748 1822 cupiditatum
1801 1753 2010 1810 ﬂamma

2120 1755 2213 1808 καὶ
2244 1756 2272 1807 ό
2303 1753 2408 1806 ὑπὸ
2436 1753 2708 1824 λογισμῶν
2737 1755 2792 1808 δὲ
2818 1755 3035 1823 φαύλων
3063 1757 3158 1808 καὶ
3183 1756 3483 1828 πυρώσεως
3507 1758 3694 1813 παθῶν

446 1831 623 1884 anima
651 1834 766 1901 ejus
793 1845 979 1889 vexata
1006 1836 1282 1909 aﬂligitur,
1319 1845 1530 1898 nemine
1556 1861 1618 1898 ex
1648 1845 1732 1899 his
1751 1848 2018 1914 pressuris

448 1922 738 1987 liberante,
775 1938 974 1994 praeter
1009 1933 1251 1984 cordinm
1282 1937 1560 1988 conscium
1606 1936 1792 1992 Deum.
1831 1938 1934 1992 Sed
1965 1949 2018 1993 et

447 2013 557 2076 ille,
592 2016 676 2068 cui
718 2019 1047 2088 'deceptores
1097 2025 1367 2090 negotium
1412 2027 1720 2092 facessunt,
1775 2031 2018 2085 turbatur

448 2109 633 2160 animo
687 2125 1031 2180 magnopere,
1067 2116 1364 2181 prmsenim
1419 2134 1538 2171 cum
1570 2121 1796 2207 'illorum
1837 2122 2018 2190 sophi-

447 2208 618 2251 smata
643 2201 780 2253 haud
813 2202 996 2255 valens
1027 2219 1341 2274 coarguere,
1369 2223 1432 2262 ne
1457 2201 1684 2264 veritate
1716 2212 2017 2280 depellatur

449 2290 620 2340 timet.
658 2291 764 2344 Sed
806 2291 962 2362 hujus
1001 2294 1238 2357 animam
1277 2296 1414 2351 Deus
1446 2300 1590 2354 omni
1625 2315 1877 2368 pressura
1906 2305 2016 2358 eri-

451 2380 583 2446 piet,
619 2381 926 2436 illutninans
961 2401 1079 2440 eam
1118 2388 1337 2456 suisque
1369 2391 1534 2444 radiis
1561 2392 1905 2462 collustrans,
1937 2403 2013 2447 at.

450 2485 555 2531 que
585 2473 733 2542 utin
765 2489 860 2530 sua
896 2473 1107 2542 justitia
1137 2478 1284 2531 vivat
1312 2479 1592 2548 adjuvans,
1623 2486 1696 2537 uti
1732 2500 1892 2556 supra
1925 2488 2014 2543 de-

447 2573 808 2618 monstratum
843 2565 964 2621 fuit.
994 2567 1168 2624 Porro
1197 2571 1568 2629 misericordia
1608 2577 1698 2631 Dei
1728 2578 2012 2633 destruen-

451 2669 539 2708 tur
596 2657 821 2719 inimici,
875 2676 981 2714 non
1039 2663 1490 2729 substantialiter.
1547 2670 1648 2722 hoc
1696 2671 1839 2724 enim
1895 2671 2010 2726 ﬁeri

448 2751 654 2818 nequit,
681 2752 772 2805 sed
797 2753 1011 2821 dempta
1043 2754 1106 2808 iis
1138 2755 1415 2823 facultate,
1463 2775 1566 2829 qua
1609 2762 1756 2831 justo
1808 2764 2009 2818 homini

446 2845 825 2908 adversantur,
888 2843 1114 2914 ejusque
1165 2848 1399 2903 animam
1452 2863 1669 2907 vexant.
1730 2851 1821 2909 Sic
1866 2857 2009 2909 enim

447 2935 660 3002 requies
687 2935 836 3015 justo
861 2939 983 3002 erit,
1025 2951 1079 2993 ct
1121 2948 1271 2994 extra
1315 2941 1512 2995 bellum
1563 2944 1615 2996 in
1654 2961 1794 3014 pace
1831 2947 2006 3016 deget.

447 3023 567 3078 Mox
609 3041 913 3094 provocans
949 3030 1257 3085 invocatum
1312 3048 1466 3086 suum
1523 3037 1589 3088 ad
1642 3039 2007 3105 annitendum,

2122 1845 2504 1917 ἐνοχλούμενος
2533 1847 2629 1918 τὴν
2659 1847 2836 1921 ψυχὴν
2875 1847 3152 1902 θλίϐεται·
3182 1848 3395 1913 οὐδενὸς
3433 1849 3487 1904 δὲ
3532 1851 3693 1904 ἄλλου

2120 1939 2222 1994 ἓν..
2275 1957 2304 1992 ν
2358 1939 2613 2011 τοιαύτης
2666 1940 2898 2010 θλίψεως
2937 1940 3364 2013 ἐλευθεροῦντος,
3411 1943 3444 2013 ἦ
3495 1943 3588 1996 τοῦ
3635 1944 3696 1997 τὸ

2119 2031 2362 2101 κρυπτὸν
2424 2032 2522 2101 τῆς
2587 2032 2814 2103 καρδίας
2867 2033 3065 2096 εἰδότος
3122 2033 3278 2086 Θεοῦ.
3331 2034 3488 2087 Ἀλλά
3530 2035 3623 2088 καὶ
3667 2036 3696 2088 ὁ

2118 2123 2222 2176 ὑπὸ
2255 2124 2584 2195 διοχλήσεων
2627 2124 2958 2178 ἀπατεώνων
3009 2128 3106 2196 τὴν
3149 2127 3324 2197 ψυχὴν
3363 2129 3696 2199 ταραττόμε-

2116 2230 2205 2276 νος
2237 2214 2467 2267 θλίϐοιτο
2500 2215 2566 2267 ἂν
2611 2215 2861 2284 μεγάλως
2903 2216 2990 2269 ὅτε
3021 2216 3274 2284 μάλιστα.
3309 2219 3368 2270 ού
3399 2217 3695 2288 δυνάμενος

2115 2304 2408 2375 διελέγχειν
2453 2305 2521 2358 τά
2567 2306 2893 2374 σοφίσματα,
2943 2304 3248 2358 εὐλαϐεῖται
3284 2306 3357 2377 μὴ
3403 2305 3690 2377 ἀποσφαλῇ

2114 2396 2213 2466 τῆς
2271 2395 2558 2465 ἀληθείας·
2620 2397 2802 2465 ἐξάγει
2869 2397 2924 2449 δὲ
2983 2396 3160 2467 ψυχὴν
3220 2397 3401 2468 πάσης
3463 2396 3693 2467 θλίψεως

2113 2484 2392 2556 τοιαύτης,
2437 2484 2764 2554 ἐπιλάμπων
2816 2483 2982 2555 αὐτὴν
3029 2485 3123 2536 καὶ
3166 2483 3537 2554 καταλάμπων
3571 2487 3693 2546 ταῖς

2118 2575 2275 2639 ίδίαις
2325 2579 2715 2650 μαρμαρυγαῖς
2757 2577 2852 2630 καὶ
2904 2577 3050 2644 ἄγων
3099 2577 3269 2647 αὐτὴν
3315 2578 3396 2639 είς
3441 2577 3500 2628 τὸ
3526 2575 3690 2644 ζῆσαι

2115 2670 2256 2722 κατά
2286 2669 2384 2740 τὴν
2415 2669 2761 2741 δικαιοσύνην
2792 2670 2980 2732 αὐτοῦ,
3021 2670 3096 2732 ὡς
3145 2669 3373 2740 ἔναγχος
3413 2667 3690 2721 ἀποδέδει-

2113 2776 2258 2815 κται.
2299 2760 2466 2812 Ἐλέει
2490 2759 2545 2813 δὲ
2573 2759 2707 2812 Θεοῦ
2744 2758 3280 2830 ἐξολοθρευθήσονται
3319 2759 3365 2810 οἱ
3395 2758 3596 2828 ἐχθροὶ,
3629 2757 3690 2808 ού

2112 2853 2233 2904 κατ’
2247 2851 2434 2904 οὐσίαν
2448 2851 2816 2920 φθειρόμενοι(
2829 2851 2932 2919 l6),
2953 2850 3211 2902 ἀδύνατον
3233 2849 3342 2921 γὰρ
3361 2848 3535 2912 τοῦτο,
3560 2849 3693 2902 ἀλλὰ

2110 2941 2209 3012 τὴν
2243 2942 2354 3009 ἕξιν
2381 2941 2764 3004 ἀποϐαλόντες,
2802 2941 2880 2995 δι’
2908 2943 2974 3012 ἢν
3007 2939 3192 3012 ἐχθροὶ
3223 2941 3316 2994 τοῦ
3349 2941 3558 2994 δικαίου
3600 2941 3692 2994 καὶ

2114 3032 2389 3097 θλίϐοντες
2430 3035 2528 3105 τὴν
2558 3033 2733 3104 ψυχὴν
2765 3033 2929 3086 αὐτοῦ
2984 3034 3336 3105 τυγχάνουσιν
3362 3051 3376 3063 ·
3416 3031 3558 3086 οὕτω
3588 3033 3693 3102 γάρ

447 3118 598 3172 addit
628 3135 641 3171 :
684 3119 822 3184 Quin
856 3139 1030 3176 seri-us
1059 3135 1180 3179 tuus
1208 3141 1300 3193 ego
1343 3142 1478 3180 sum.
1516 3127 1580 3180 Et
1613 3129 1828 3198 quidem
1858 3133 2003 3185 omni

2119 3127 2170 3177 ἐν
2212 3125 2395 3178 ἀνέσει
2439 3124 2591 3178 ἔσται
2624 3126 2652 3176 ό
2694 3123 2900 3187 δίκαιος
2945 3125 3070 3178 ἄνευ
3118 3123 3353 3194 πολέμου
3399 3125 3456 3176 ἐν
3501 3124 3692 3194 εἰρήνῃ

448 3211 789 3274 possessione
819 3213 1096 3285 gloriaque
1127 3216 1285 3287 longe
1316 3217 1505 3272 melius
1536 3229 1619 3274 est
1651 3235 1864 3276 servum
1891 3237 2011 3278 esse

451 3300 542 3354 Dei
596 3319 609 3357 :
664 3301 816 3372 cujus
870 3307 946 3361 rei
1001 3309 1428 3377 magnitudinem
1481 3312 1739 3366 Servatur
1795 3329 2012 3384 quoque

444 3394 699 3460 exposuit
755 3397 1110 3460 astantibus,
1155 3399 1398 3454 dicens:
1451 3399 1557 3455 Vos
1604 3419 1684 3455 me
1737 3404 2011 3472 appellatis

451 3487 730 3538 hominum
746 3497 792 3540 et
826 3489 1160 3556 Magistrum,
1193 3499 1243 3544 et
1283 3493 1405 3547 bene
1429 3493 1625 3556 dicitis,
1647 3511 1759 3548 sum
1785 3497 1920 3548 enim
1942 3498 2008 3550 ⁵⁵.

446 3575 590 3634 Nihil
617 3577 831 3633 demum
861 3589 1143 3647 tanmpere
1183 3582 1366 3640 hostes
1397 3593 1616 3641 nostros
1644 3584 1792 3655 fugat
1814 3625 1830 3651 ,
1854 3601 2012 3655 quant

445 3668 709 3737 spiritalis
756 3672 1059 3728 meditatio.

945 3933 1264 3990 PSALMUS
1292 3933 1520 3990 CXLIII.

524 4025 580 4079 Si
613 4025 770 4094 hujus
793 4027 983 4095 psalmi
1014 4028 1402 4082 continentiam
1425 4031 1491 4084 ad
1512 4029 1762 4084 Davidem
1790 4031 2015 4100 referas,

453 4119 752 4185 praesertim
786 4119 911 4187 quia
949 4120 1000 4171 in
1055 4120 1328 4173 nonnullis
1377 4121 1779 4190 exemplaribus
1819 4123 2015 4176 inscri-

451 4213 598 4265 bitur
636 4211 702 4266 de
725 4210 968 4276 Goliath,
1017 4212 1164 4267 dices
1187 4213 1451 4282 psalmum
1484 4213 1670 4268 Davidi
1697 4229 2014 4286 congruere,

451 4304 562 4367 qui,
593 4312 658 4357 uti
683 4312 765 4357 est
793 4304 846 4357 in
889 4304 1140 4367 historia,
1175 4305 1351 4358 virum
1390 4305 1534 4360 illum
1571 4307 1700 4360 vicit
1732 4323 1836 4361 non
1869 4323 2018 4362 com-

451 4397 596 4450 muni
631 4406 904 4450 armatura
932 4436 946 4460 ,
983 4397 1076 4449 sed
1113 4411 1206 4449 sua
1257 4412 1382 4463 erga
1433 4398 1596 4451 licum
1643 4399 1832 4452 ﬁducia
1869 4419 1880 4454 :
1910 4415 2018 4470 quo

2112 3217 2331 3286 διάγων.
2378 3216 2806 3286 Ἐκκαλούμενος
2831 3215 2886 3270 δὲ
2913 3215 3048 3285 πρὸς
3073 3216 3133 3267 τὸ
3163 3215 3444 3268 ἐπινεῦσαι
3469 3213 3558 3266 τὸν
3591 3231 3693 3265 πα-

2116 3308 2535 3379 ρακαλούμενον,
2564 3308 2810 3376 ἐπήγαγε
2838 3306 2918 3368 τὸ,
2954 3307 3078 3358 ’Ότι
3105 3309 3137 3359 ὀ
3171 3304 3384 3368 δοῦλός
3430 3319 3546 3358 σου
3576 3303 3690 3371 εἰμὶ

2113 3402 2244 3471 ἐγώ.
2281 3400 2588 3471 κτημάτων
2611 3400 2668 3457 δὲ
2700 3399 2792 3452 καὶ
2827 3397 3156 3468 αὐχημάτων
3189 3397 3250 3449 τὸ
3278 3396 3529 3466 μέγιστον
3553 3413 3688 3466 χρη-

2119 3494 2344 3563 ματίσαι
2391 3493 2526 3546 Θεοῦ
2567 3492 2770 3544 δοῦλον.
2817 3489 3063 3546 Δείκνυσι
3109 3488 3165 3540 δὲ
3210 3488 3270 3541 τὸ
3313 3487 3538 3558 μέγεθος
3566 3486 3688 3539 τού-

2114 3605 2206 3641 του
2233 3586 2325 3639 xui.
2350 3587 2379 3638 ό
2411 3585 2603 3655 Σωτὴρ
2629 3583 2802 3651 λέγων
2841 3584 2955 3644 τοῖς
3000 3579 3246 3634 συνοῦσιν
3272 3578 3420 3651 αὐτῷ
3443 3597 3456 3610 ·
3497 3577 3692 3648 Ὑμεῖς

2114 3674 2360 3746 φωνεῖτέ
2384 3692 2459 3745 με
2484 3678 2516 3728 ὁ
2539 3675 2754 3742 Κύριος
2774 3671 2868 3725 καί
2899 3675 2931 3724 ό
2951 3669 3342 3734 Διδάσκαλος,
3371 3668 3469 3723 καί
3493 3667 3692 3734 καλῶς

2114 3768 2338 3836 λέγετε,
2354 3766 2467 3835 ειμὶ
2485 3764 2598 3833 γάρ
2616 3780 2630 3794 °
2652 3763 2804 3821 οὐδὲν
2825 3763 2995 3826 οὕτως
3017 3761 3446 3826 ἀποδιὼκειτοὺς
3467 3761 3693 3832 ἐχθροὺς

2116 3859 2292 3930 ἡμῶν,
2335 3857 2410 3921 ὡς
2442 3857 2642 3928 θεωρία
2680 3859 3024 3928 πνευματική
3055 3857 3188 3927 (17)..

2657 3947 2943 4001 ΨΛΛΜΟΣ
2986 3950 3163 4003 PMI".

2188 4042 2248 4102 Εἰ
2291 4041 2387 4117 μὲν
2429 4040 2724 4113 ἀναφέρεις
2770 4041 2938 4096 ταῦτα
2983 4040 3076 4093 ἐπὶ
3109 4040 3199 4094 τὸν
3237 4039 3417 4102 Δαυῖδ,
3461 4037 3693 4109 μάλιστα

2119 4133 2197 4186 ὅτι
2235 4134 2376 4186 κατά
2405 4150 2526 4186 τινα
2566 4133 2674 4187 τῶν
2717 4133 3062 4207 ἀντιγράφων
3109 4133 3505 4204 ἐπιγέγραπται
3558 4128 3692 4198 πρὸς

2119 4226 2211 4278 τὸν
2246 4225 2462 4290 rotato,
2497 4228 2644 4298 ἐρεῖς
2673 4224 2938 4296 ἁρμόζειν
2963 4222 3130 4293 αὐτῷ,
3160 4223 3300 4275 κατά
3324 4221 3422 4293 τὴν
3453 4221 3694 4291 ἱστορίαν

2120 4319 2427 4390 νενικηκότι
2453 4318 2542 4370 τὸν
2570 4318 2740 4388 ἄνδρα
2761 4317 2821 4368 ού
2866 4320 2932 4386 τῇ
2967 4318 3118 4384 κοινῇ
3151 4314 3470 4384 παντευχίᾳ,
3510 4329 3692 4367 πεπαι-

2122 4409 2277 4480 θήσει
2331 4409 2389 4462 δὲ
2440 4412 2507 4480 τῇ
2562 4409 2654 4460 ἐπὶ
2694 4406 2786 4459 τὸν
2825 4406 2956 4458 Θεόν
2983 4422 3000 4438 λ
3043 4405 3101 4457 ὃν
3139 4403 3326 4475 ὥσπερ
3376 4402 3693 4458 διδάσκαλον

450 4488 552 4541 sibi
606 4487 866 4557 magistro
897 4498 1206 4557 assumpto,
1258 4497 1385 4541 tunc
1435 4491 1658 4557 quidem
1706 4490 2014 4545 Goliathnm

2122 4468 2576 4571 ἐπιγραφόμενος,
2629 4498 2748 4551 τότε
2809 4497 2907 4568 μέν
2953 4497 3043 4549 τὸν
3089 4468 3389 4566 Γολιάθπῇ
3435 4497 3694 4568 σφενδόνῃ

449 4579 611 4632 funda
665 4581 830 4632 ictum
883 4578 1190 4646 interfecit;
1241 4580 1376 4633 alias
1427 4597 1553 4635 vero
1598 4582 1649 4635 in
1692 4597 1822 4651 agro
1873 4583 2021 4638 feras

450 4672 794 4737 straugulans
825 4670 1124 4725 interemit.
1161 4671 1351 4726 Decuit
1376 4688 1501 4726 vero
1530 4674 1870 4742 potissimum
1899 4675 2018 4728 haec

449 4779 646 4818 canere
672 4765 736 4816 ad
763 4764 1099 4832 psalterium,
1131 4780 1253 4820 cum
1303 4767 1550 4819 manibus
1595 4767 1888 4836 digitisque
1921 4782 2018 4836 pro

451 4859 656 4922 plectro
687 4866 865 4920 utens,
887 4857 1189 4913 invisibiles
1218 4861 1489 4912 dtemonas
1511 4859 1726 4913 Saulem
1755 4872 2016 4916 vexantes

453 4948 674 5015 fugavit.
698 4951 850 5014 Quod
883 4951 926 5004 si
954 4951 1021 5003 ad
1046 4952 1288 5020 quemvis
1313 4952 1514 5020 justum
1554 4953 1664 5006 ha‘c
1693 4952 2015 5021 referantur,

452 5040 601 5092 dices
621 5051 845 5096 cunctas
873 5042 1110 5097 hominis
1138 5043 1245 5096 Deo
1269 5045 1443 5099 dilecti
1474 5046 1716 5100 actiones
1740 5045 1791 5100 in
1822 5047 2018 5100 adver-

451 5130 719 5184 sariarum
752 5142 1081 5200 potestatum
1119 5134 1340 5186 exitium
1370 5149 1615 5205 vergere,
1641 5135 1748 5188 Deo
1779 5138 1896 5203 ipso
1925 5136 2022 5190 has

455 5237 711 5276 manuum
769 5225 1116 5294 Operationcs
1160 5227 1443 5293 dirigente.
1479 5229 1684 5297 Digitos
1715 5229 1834 5298 ejus
1865 5229 2019 5292 dicit,

450 5333 610 5385 opera
627 5317 790 5372 etiam
811 5319 1026 5372 minima
1041 5321 1286 5374 humana:
1304 5321 1424 5371 vita-
1441 5321 1791 5381 deuotausﬁl
1806 5322 2020 5390 quidem

455 5426 707 5465 manuum
742 5425 958 5463 suarum
991 5414 1308 5467 extensione
1352 5412 1562 5482 Moyses
1596 5413 1923 5466 Amalecitas
1964 5414 2014 5467 in

524 5522 572 5555 ⁸³
607 5521 880 5587 lenimur,
915 5521 966 5576 6.
1045 5521 1249 5575 l"'l‘sal.
1284 5540 1437 5587 CXIII,
1479 5526 1523 5577 l.

525 5660 637 5730 (l6)
679 5661 732 5714 In
770 5659 950 5739 codice
998 5676 1207 5739 carioso
1261 5664 1448 5739 lacuna
1495 5667 1778 5739 sttpplctur
1824 5685 2011 5723 reccno

457 5735 591 5788 time
649 5749 803 5786 manu
841 5731 1221 5802 φθεπγόμινοι.
1274 5733 1384 5804 Ego
1430 5731 1612 5793 tamen
1659 5741 1820 5795 malui
1865 5741 2016 5808 φθει-

2123 4593 2333 4646 καθεῖλε
2374 4590 2580 4663 βαλών·
2627 4591 2812 4644 ἄλλοτε
2859 4590 2915 4644 δέ
2961 4589 3084 4652 τους
3135 4589 3253 4642 κατ’
3307 4587 3475 4660 ἀγρὸν
3523 4586 3693 4658 θῆρας

2120 4690 2239 4750 ταῖς
2255 4686 2408 4755 χερσὶ
2437 4684 2643 4752 πνίγων
2660 4685 2871 4756 ἀνῄρει.
2891 4683 3134 4751 Ἐπρεπε
3162 4680 3220 4733 δέ
3246 4679 3478 4752 μάλιστα
3509 4680 3600 4733 ἐπὶ
3625 4682 3690 4748 τῇ

2121 4778 2214 4831 τοῦ
2243 4777 2540 4848 ψαλτηρίου
2586 4775 2912 4846 ἀνακρούσει
2939 4773 3111 4827 ταῦτα
3150 4773 3330 4842 λέγειν
3353 4772 3535 4835 αὐτὸν,
3581 4773 3691 4830 ὅτε.

2119 4874 2238 4933 ταῖς
2301 4870 2456 4941 χερσὶ
2500 4868 2594 4923 καὶ
2632 4872 2744 4931 τοῖς
2785 4867 3064 4929 δακτύλοις
3112 4868 3232 4920 ἀντὶ
3277 4865 3369 4918 τοῦ
3419 4865 3692 4936 πλήκτρου

2125 4939 2422 5035 χριτλμενος,
2451 4964 2578 5024 τοὺς
2605 4961 2869 5032 ἀοράτους
2891 4959 3147 5029 δαίμονας
3181 4958 3376 5030 ἧλαυνε
3415 4957 3490 5028 τῷ
3523 4957 3694 5010 Σαοῦλ

2125 5054 2489 5124 ἐνοχλοῦντας.
2539 5053 2602 5106 El
2643 5053 2686 5105 δ’
2733 5054 2825 5106 ἐπὶ
2872 5053 3049 5106 πάντα
3093 5052 3300 5105 δίκαιον
3344 5051 3595 5118 άνάγοιτο
3627 5050 3696 5102 τὰ

2129 5147 2288 5217 ῥητά,
2315 5148 2458 5216 ἐρεῖς
2483 5145 2661 5208 πάσας
2701 5143 2794 5197 τοῦ
2825 5142 3104 5212 Θεοφιλοῦς
3130 5143 3355 5215 πράξεις
3379 5141 3695 5211 καθαίρεσιν

2126 5239 2235 5290 τῶν
2277 5238 2665 5307 ἀντικειμένων
2693 5236 2974 5308 δυνάμεων
3016 5238 3278 5308 ἐνεργεῖν,
3319 5235 3414 5287 τοῦ
3451 5233 3585 5287 Θεοῦ
3613 5234 3694 5287 δι-

2125 5327 2392 5382 δασκάλου
2433 5331 2533 5401 τῆς
2580 5330 2794 5382 τοιᾶσδε
2846 5329 2953 5383 τῶν
2997 5329 3194 5402 χειρῶν
3241 5328 3512 5391 ἐκτάσεως
3554 5343 3696 5396 γινο-

2128 5420 2322 5490 μένου·
2370 5423 2492 5487 τοὺς
2547 5422 2605 5476 δὲ
2653 5421 2945 5488 δακτύλους
2994 5421 3159 5476 αὐτοῦ
3225 5421 3324 5484 τὰς
3373 5421 3537 5491 μέχρι·
3586 5411 3697 5472 τῶν

1599 5525 1644 5555 ⁵⁵
1693 5523 1849 5580 Joau.
1882 5542 2000 5592 XIII,
2032 5531 2118 5585 15.

2138 5690 2356 5725 BOILS‘IOI.

2138 5691 2171 5722 ιτ
2230 5691 2356 5725 εενι.

2123 5691 2316 5809 “illi;
2347 5743 2731 5800 Animadverte
2781 5741 2878 5805 vim
2913 5739 3278 5796 meditationis
3308 5739 3544 5794 laudem.
