4068 6198
358 279 435 335 55
1514 277 2018 336 COMMENTARIA
2058 280 2125 336 ιΝ
2159 259 2497 339 nsanos.
3553 288 3623 344 ιιι

360 400 725 474 μικροτάτων
752 397 1037 470 ἐνεργείας
1066 398 1175 451 τῶν
1205 398 1347 453 κατά
1370 399 1461 455 τὸν
1485 401 1822 474 ἀνθρώπινον
1848 404 1959 473 βίον

2065 408 2243 479 fugam
2275 409 2541 464 vertebat.
2580 408 2791 464 Videsis
2821 408 2984 462 etiam
3033 422 3100 463 ne
3152 409 3291 466 forte
3332 410 3403 466 sit
3462 413 3620 468 Chri-

360 493 643 563 ὲδὴλωσε’
692 490 781 543 καὶ
822 490 1071 561 Μωῡσῆς
1114 490 1181 543 δὲ
1198 491 1295 555 τὰς
1320 495 1506 564 χεῖρας
1529 494 1781 548 ἐκτείνων
1804 496 1955 566 ὲτρο-

368 584 544 639 ταιῦτο
578 583 667 635 τὸν
719 582 989 653 ’Λμαλήκ.
1044 582 1185 654 Ὅρα
1226 582 1282 637 δὲ
1313 585 1386 654 μὴ
1429 586 1663 654 Χριστὸς
1692 589 1720 640 6
1760 586 1952 655 λέγων,

370 676 791 749 τροπωσάμενος
823 675 952 737 τοὺς
989 674 1257 745 άοράτους
1298 674 1526 746 ἐχθρούς
1549 694 1562 707 ο
1606 676 1756 748 δηλοῖ
1794 678 1903 750 γὰρ
1925 680 1954 731 6

371 767 594 838 ιζοαλμδς,
626 767 703 830 ὡς
739 765 1106 837 δειχθήσεται,
1149 764 1245 819 καὶ
1274 766 1501 820 κάθοδον
1546 767 1709 823 αὐτοῦ
1752 768 1851 841 τὴν
1892 768 1953 836 ἐξ

365 858 617 930 ούρανοῦ,
667 860 763 911 καὶ
803 858 1013 931 τροπὴν
1066 857 1358 928 δαιμόνων,
1395 858 1489 912 καὶ
1532 859 1721 931 κλῆσιν
1763 859 1950 924 ἐθνῶν,

360 954 453 1005 καὶ
497 950 597 1003 δύο
637 949 824 1014 λαούς.

555 1043 621 1096 '0
642 1040 1015 1096 ὐποτὰσσων
1041 1041 1148 1094 τὸν
1169 1041 1325 1095 λαόν
1347 1059 1467 1110 μου
1510 1043 1613 1096 ὑπ’
1650 1042 1772 1113 ἐμέ.

427 1135 570 1188 Θεοῦ
606 1136 724 1187 ἐστι
758 1134 823 1186 τὸ
870 1134 1198 1187 ύποτάσσειν
1234 1134 1326 1187 τὸν
1358 1134 1552 1187 ἑαυτοῦ
1589 1134 1716 1189 λαὸν
1745 1135 1953 1206 ἀνθρὼ-

360 1243 524 1289 τυοιςο
553 1227 693 1297 ὅπερ
719 1227 768 1278 εί
797 1227 871 1297 μὴ
910 1228 975 1278 ὲκ
1019 1225 1153 1278 Θεοῦ
1196 1226 1417 1294 γίνοιτο,
1452 1226 1552 1280 οὐκ
1586 1228 1652 1281 ἄν
1690 1245 1819 1281 ποτε
1862 1228 1953 1297 γέ-

362 1335 513 1371 νοιτο
529 1318 644 1387 (18)
661 1335 674 1347 ·
705 1317 824 1370 οὐδὲ
839 1318 947 1388 γὰρ
970 1318 1213 1387 Μωῡσῆς
1237 1319 1480 1389 ἡγήσατο
1500 1318 1566 1372 ἂν
1580 1319 1675 1372 τοῦ
1700 1320 1950 1374 τοσούτου

364 1410 632 1481 πλήθους,
668 1410 743 1481 μὴ
770 1408 864 1463 τοῦ
895 1408 1104 1479 Κυρίου
1144 1408 1508 1476 ὑποτάξαντος
1534 1411 1681 1482 αὐτῷ
1705 1413 1793 1465 τὸν
1828 1413 1953 1466 ἐαυ-

363 1503 461 1557 τοῦ
498 1502 649 1565 λαὸν,
681 1503 743 1555 ού
768 1502 836 1555 δι’
862 1502 1042 1555 ὅπλων
1081 1501 1113 1571 ἦ
1156 1502 1244 1554 διὰ
1288 1502 1645 1572 παρατάξεως
1676 1504 1951 1575 ἀνθρωπί-

367 1612 490 1664 νης,
518 1594 605 1647 διὰ
629 1595 684 1647 δὲ
725 1596 821 1665 τῆς
860 1594 1170 1665 κρείττονος
1213 1594 1513 1665 δυνάμεως.

370 1688 577 1755 Κύριε,
615 1686 673 1739 τί
704 1686 875 1739 ἐστιν
914 1686 1243 1754 ἄνθρωπος,
1290 1686 1378 1739 ὅτι
1414 1685 1723 1756 ἐγνώσθης
1755 1688 1951 1753 αὺτῷ;

2057 508 2194 565 stus,
2261 502 2349 570 qui
2411 500 2544 555 ait:
2598 500 2651 554 in
2712 500 2894 569 fugam
2960 500 3255 567 conjiciens
3322 499 3622 559 invisibiles

2060 590 2268 645 hostes.
2298 590 2433 645 Nam
2465 590 2725 660 psalmus,
2757 601 2817 645 ut
2844 591 3327 656 demonstrabitur,
3378 602 3434 648 et
3474 596 3622 650 redi-

2059 690 2170 736 tum
2230 681 2348 751 ejus
2407 683 2473 737 de
2551 680 2735 747 ctelo,
2798 693 2855 737 et
2927 682 3107 752 fugam
3164 683 3515 754 daemonum,
3570 695 3622 742 et

2054 770 2292 839 gentium
2338 772 2713 839 vocationem,
2762 773 2896 828 duos
2942 771 3175 843 denique
3225 775 3472 844 populos,
3522 776 3620 831 de-

2056 870 2182 917 nota
2191 870 2229 916 ῑ.

2126 1046 2291 1101 Vens.
2328 1045 2385 1101 2.
2430 1045 2532 1111 Qui
2553 1045 2782 1099 subdidit
2812 1043 3060 1113 populum
3096 1060 3265 1097 meum
3308 1044 3403 1096 sub
3446 1058 3549 1099 me.

2128 1138 2221 1193 Dei
2254 1147 2339 1193 est
2362 1139 2619 1208 populum
2644 1152 2799 1191 suum
2832 1136 3138 1190 hominibus
3161 1135 3446 1202 subjicere,
3479 1136 3620 1205 quod

2056 1231 2161 1285 nisi
2190 1245 2218 1284 a
2251 1230 2359 1284 Deo
2386 1230 2496 1291 liat,
2530 1244 2802 1298 nunquam
2861 1230 2970 1283 ﬁet.
3022 1227 3154 1282 Nam
3199 1241 3371 1297 neque
3414 1227 3621 1298 Moyses

2056 1323 2216 1377 talem
2292 1331 2607 1392 tantamque
2680 1320 3079 1376 multitudinem
3156 1319 3442 1385 rexisset,
3512 1318 3617 1375 nisi

2053 1415 2102 1469 ei
2150 1412 2410 1469 Dominus
2467 1413 2720 1498 populum
2755 1428 2910 1467 suum
2965 1411 3313 1477 subdidisset,
3370 1427 3475 1466 non
3528 1426 3619 1466 ar-

2055 1509 2157 1564 mis
2215 1524 2391 1577 neque
2438 1508 2717 1563 hominum
2771 1508 3054 1572 exercitu,
3112 1507 3204 1561 sed
3256 1505 3479 1562 meliore
3527 1520 3624 1576 po-

2056 1600 2244 1653 tentia.
3474 1660 3495 1685 .

2054 1689 2218 1754 Vens,
2252 1689 2307 1743 2.
2336 1688 2573 1756 Domine,
2598 1690 2725 1759 quid
2749 1698 2823 1742 est
2852 1689 3026 1755 homo,
3054 1688 3179 1758 quia
3218 1687 3499 1744 innotuiin
3525 1687 3573 1742 si
3599 1689 3624 1741 ?

445 1778 783 1832 Πυνθάνεται
804 1776 1451 1850 ὸλόγοςλὲρωτηματικῶς
1480 1779 1560 1845 τὸ,
1586 1780 1637 1832 τί
1679 1779 1825 1833 ἔστιν
1861 1782 1951 1835 άν-

2124 1781 2515 1850 lnterrogalivo
2565 1757 2724 1834 modo
2767 1781 2958 1849 quaerit
2996 1757 3321 1845 Psalmista,
3369 1781 3496 1849 quid
3552 1780 3624 1832 sit

384 1871 627 1940 θρωπος,
649 1871 794 1941 ἡμᾶς
818 1868 1016 1934 διδάξαι
1044 1870 1382 1941 βουλόμενος,
1410 1871 1492 1924 ὅτι
1514 1871 1657 1941 μέγα
1675 1889 1725 1924 τι
1740 1871 1951 1942 ἀνθρω-

387 1977 525 2024 τοοςο
552 1961 613 2012 οὐ
670 1960 775 2031 γὰρ
833 1962 898 2014 ἂν
941 1960 1172 2032 ἐχώρησε
1212 1961 1347 2015 Θεοῦ
1384 1961 1606 2031 γνῶσιν,
1646 1963 1752 2015 οὐδ’
1792 1962 1857 2015 ἂν
1906 1965 1953 2015 ὲ-

390 2052 605 2124 μνήσθη
623 2053 786 2107 αὐτοῦ
809 2053 979 2116 ὸΘεὸς
992 2054 1173 2120 οὕτως,
1190 2053 1266 2118 ὼς
1284 2055 1374 2108 καὶ
1391 2056 1613 2127 Σωτῆρα
1636 2056 1729 2109 καὶ
1744 2057 1952 2127 Λυτρωο

382 2146 483 2214 τὴν
514 2143 888 2209 ἐξαποστεῖλαι
930 2146 1071 2217 αύτῷ
1104 2146 1197 2200 τὸν
1227 2148 1419 2201 ἑαυτοῦ
1453 2148 1642 2216 Λόγον.
1691 2148 1954 2219 Παραινεῖ

372 2236 431 2290 δὲ
464 2238 523 2291 ἐν
558 2236 637 2308 τῷ
665 2237 813 2308 αύτῷ
855 2239 957 2291 καὶ
981 2238 1206 2309 μηδενὸς
1249 2238 1534 2311 ἀνθρώπου
1569 2242 1949 2311 καταφρονεῖν,

369 2332 466 2384 καὶ
504 2332 585 2383 ὅτι
627 2331 816 2402 μηδεὶς
857 2332 1006 2398 ἄξιον
1033 2332 1288 2403 κατορθοῖ
1309 2333 1407 2402 τῆς
1445 2332 1699 2403 τοιαύτης
1734 2333 1952 2404 εὐεργε-

370 2422 517 2486 σίας.

461 2516 659 2584 Κύριε,
696 2516 908 2569 κλῖνον
939 2506 1234 2585 οὐρανούς
1257 2530 1394 2580 σου,
1427 2516 1522 2569 καὶ
1551 2516 1855 2584 κατάϐηθι.

444 2594 658 2678 Σφόδρα
697 2606 1011 2677 ἀναγκαίως
1041 2608 1133 2662 καὶ
1164 2607 1473 2672 ἀκολούθως
1506 2607 1700 2683 [λέγει]
1732 2608 1824 2661 καὶ
1858 2608 1953 2661 αύ-

365 2699 461 2753 τδν
494 2699 798 2771 καταϐῆναι
834 2700 928 2753 τὸν
977 2700 1071 2753 τοῦ
1106 2700 1240 2753 Θεοῦ
1285 2700 1453 2769 Λόγον
1502 2702 1580 2763 είς
1639 2699 1954 2771 καθαίρεσιν

365 2791 477 2845 τῶν
504 2791 780 2861 πολεμίων
797 2808 811 2821 ⁸
843 2794 892 2844 εί
919 2790 1028 2864 γὰρ
1056 2793 1147 2845 καὶ
1172 2793 1239 2846 τά
1261 2792 1515 2864 μάλιστα,
1537 2794 1693 2862 φησὶ,
1714 2791 1953 2850 διδάσκει

372 2883 474 2945 τὰς
497 2882 634 2953 ἐμὰς
657 2888 843 2956 χεῖρας
867 2886 962 2938 καὶ
1003 2886 1128 2950 τοὺς
1164 2884 1458 2948 δακτύλους
1489 2886 1635 2948 ὅπως
1660 2885 1765 2956 χρὴ
1799 2883 1955 2935 πολε-

381 2978 525 3045 μεῖν,
559 2976 689 3028 ἀλλὰ
714 2978 809 3029 καὶ
838 2976 921 3040 τίς
966 2978 1114 3047 ἰσχὺς
1161 2977 1470 3050 ἀνθρώπου,
1501 2978 1594 3030 καὶ
1634 2976 1771 3047 πόση
1800 2974 1956 3029 δύνα-

385 3085 479 3139 μις
513 3067 607 3120 τοῦ
630 3067 816 3139 θνητοῦ
850 3072 945 3124 καὶ
979 3071 1294 3142 ματαιότητι
1323 3068 1697 3141 ὁμοιωθέντος,
1731 3066 1867 3139 πρὸς
1896 3066 1955 3119 τὸ

382 3157 675 3229 δυνηθῆναι
717 3165 898 3233 στῆναι
942 3161 1081 3215 κατὰ
1123 3162 1220 3233 τῆς
1266 3163 1530 3232 τοσαύτης
1569 3159 1952 3232 παρατάξεως;

381 3250 463 3303 διὸ
498 3254 562 3305 σὺ
604 3253 777 3317 αὐτὰ,
811 3248 855 3307 ὧ
883 3253 1074 3325 Κύριε,
1117 3254 1293 3307 κλῖνον
1339 3255 1622 3326 οὐρανοὺς,
1660 3255 1753 3306 καὶ
1788 3251 1957 3305 κατάο

376 3343 522 3414 εηθι.
560 3346 830 3417 οὐρανοὺς
862 3346 918 3400 δέ
965 3364 1094 3417 φησι
1134 3346 1231 3409 τὰς
1277 3346 1665 3417 ὲπινοουμένας
1708 3347 1775 3397 ὲν.
1810 3343 1957 3414 αύτῷ

370 3436 633 3507 δυνάμεις
659 3455 671 3467 ·
707 3439 783 3501 ὼς
813 3438 872 3491 δὲ
919 3440 1102 3511 πατὴρ
1147 3438 1380 3510 νηπίοις,
1428 3439 1523 3491 καὶ
1565 3438 1641 3502 ὡς
1689 3436 1957 3509 μαθηταῖς

368 3527 695 3592 διδάσκαλος
735 3531 1178 3598 συγκαταδαίνει.

528 3620 994 3687 Ἐξαπόστειλον
1022 3621 1136 3689 τὴν
1160 3621 1339 3691 χεῖρά.
1355 3638 1471 3677 σου
1500 3623 1568 3687 ἐξ
1595 3622 1811 3693 ὕψους.

462 3712 891 3779 Ἐξαπόστειλον,
920 3716 1082 3784 φησὶν
1106 3717 1134 3767 6
1164 3715 1396 3787 ψαλμὸς,
1430 3716 1528 3787 τὴν
1557 3715 1842 3787 ποιητικὴν
1865 3716 1958 3769 καὶ

383 3804 739 3877 φυλακτικὴν-
765 3806 891 3859 τῶν.
921 3806 1056 3859 ὅλων
1090 3809 1248 3878 χεῖρα
1292 3808 1383 3860 ἐπὶ
1428 3806 1521 3877 τῷ
1554 3807 1831 3874 ἐξελέσθαι
1865 3807 1958 3860 καὶ

381 3895 649 3968 ῥύσασθαί
683 3915 750 3967 με
780 3899 846 3951 ὲκ
873 3897 979 3951 τῶν
1026 3898 1466 3955 πολλῶν-ὑδάτων
1494 3901 1587 3953 καὶ
1622 3898 1731 3953 τῶν
1760 3898 1958 3970 χειρῶν

374 3989 488 4042 τῶν
507 3990 805 4061 ἀλλοτρίων
825 3990 956 4043 υἱῶν
973 4006 985 4020 ·
1015 3990 1245 4043 δυνατὸν
1260 3989 1317 4043 δὲ
1341 3990 1405 4043 τὸ
1425 3990 1482 4057 ἐξ
1512 3991 1717 4045 ὑδάτων
1750 3990 1959 4043 πολλῶν

375 4082 642 4154 ρυσθῆναι
674 4084 849 4137 εἰπεῖν
877 4080 984 4135 τῶν
1015 4082 1573 4154 πονηρῶνιδυνάμεων
1604 4082 1698 4135 καὶ
1728 4082 1822 4135 τοῦ
1842 4082 1959 4135 δια-

373 4175 661 4230 ϐόλουρτοῦ
705 4173 970 4245 βασιλέως
1006 4174 1222 4229 πάντων
1270 4173 1381 4227 τῶν
1420 4173 1709 4227 τοιούτων·
1748 4173 1959 4245 ἐξαιρε-

374 4268 534 4340 θῆναι
557 4268 613 4321 δὲ
641 4269 737 4321 καὶ
762 4268 826 4320 ὲκ
846 4267 1026 4338 χειρὸς
1048 4266 1152 4323 τῶν
1175 4265 1468 4338 ἀλλοτρίων
1495 4264 1645 4329 υἱῶν,
1673 4264 1782 4318 τῶν
1813 4268 1962 4337 ἐνερ-

372 4362 662 4432 γουμένων
705 4360 800 4412 ὑπ’
840 4358 1017 4414 αὐτῶν
1054 4357 1386 4430 ἀνθρώπων·
1424 4357 1522 4421 τὰς
1568 4359 1963 4422 ἐπαναστάσεις

2053 1873 2249 1939 homo;
2285 1872 2479 1926 docere
2506 1886 2603 1925 nos
2630 1871 2836 1933 volens,
2868 1887 3121 1939 magnum
3144 1872 3272 1939 quid
3298 1885 3419 1926 esse
3447 1871 3623 1925 homi-

2054 1980 2199 2019 nem.
2230 1965 2399 2018 Secus
2431 1966 2597 2027 enim,
2636 1977 2809 2031 neque
2838 1962 2953 2030 ipse
2979 1963 3071 2016 Dei
3097 1963 3343 2040 notitiam
3376 1972 3619 2032 caperet,

2053 2072 2228 2127 neque
2258 2056 2403 2111 Deus
2450 2064 2731 2124 tantopere
2781 2054 2900 2124 ejus
2947 2055 3305 2123 meminisset,
3346 2065 3407 2110 ut
3454 2055 3620 2109 etiam

2055 2148 2396 2201 Servatorem
2424 2145 2945 2214 Redemptoremque
2984 2144 3032 2199 ei
3074 2146 3306 2200 mitteret
3347 2147 3621 2216 proprium

2050 2237 2313 2293 Verbum.
2343 2236 2536 2291 Monet
2556 2237 2713 2291 simul
2744 2251 2811 2291 ne
2832 2251 3160 2306 quemquam
3189 2236 3459 2291 hominem
3491 2250 3622 2290 con-

2056 2339 2401 2393 temnamus;
2455 2338 2509 2384 et
2555 2331 2696 2399 quod
2742 2344 2901 2386 nemo
2931 2329 3194 2386 beneficio
3226 2339 3377 2385 tanto
3402 2329 3621 2400 dignum

2054 2422 2255 2489 aliquid
2287 2432 2431 2491 agat.

2056 2514 2219 2570 Vitas.
2258 2514 2313 2569 5.
2369 2514 2608 2579 Domine,
2652 2514 2848 2568 inclina
2891 2516 3042 2570 caelos
3086 2524 3225 2579 tuos,
3272 2524 3318 2568 et
3351 2514 3619 2567 descende.

2124 2605 2442 2662 Necessario
2459 2608 2744 2661 admodum
2763 2616 3190 2662 etconsentanee
3211 2605 3412 2677 [dicit].
3447 2606 3622 2674 ipsum

2056 2699 2400 2754 descendisse
2438 2698 2526 2753 Dei
2579 2698 2813 2752 Verbum
2875 2700 2940 2753 ad
3000 2698 3235 2752 hostium
3290 2698 3621 2751 destructio-

2059 2808 2201 2846 nem.
2236 2792 2467 2845 Etiamsi
2500 2792 2668 2855 enim,
2719 2789 2915 2860 inquit,
2969 2789 3185 2858 egregie
3229 2788 3386 2841 docet
3432 2801 3621 2839 manus

2058 2899 2203 2939 meas
2233 2884 2299 2937 ad
2325 2884 2548 2948 bellum,
2600 2892 2838 2938 attamen
2861 2881 3116 2951 quantula
3145 2889 3228 2933 est
3260 2879 3340 2932 vis
3364 2878 3621 2941 hominis,

2058 2987 2115 3032 et
2141 2976 2388 3032 morituri
2426 2976 2601 3029 virtus
2632 2974 2722 3045 qui
2756 2974 2983 3028 vanitati
3026 2971 3220 3025 similis
3246 2981 3347 3034 est,
3379 2979 3434 3023 ut
3462 2977 3626 3022 tanta:

2062 3070 2300 3125 hostium
2327 3067 2460 3122 aciei
2492 3068 2748 3123 resistere
2774 3065 2990 3138 possit?
3026 3064 3167 3134 Ergo
3196 3074 3249 3117 tu
3287 3063 3422 3133 ipse,
3452 3060 3625 3116 Domi-

2057 3177 2149 3227 ne,
2185 3162 2352 3217 cados
2378 3159 2600 3224 inl'iillﬂ,
2630 3171 2684 3213 et
2728 3158 3015 3213 descende.
3044 3156 3224 3212 Caelos
3260 3166 3438 3210 autem
3473 3154 3624 3221 dicit,
3674 3190 3681 3203 ,

2058 3271 2178 3324 qum
2207 3255 2278 3308 ibi
2313 3250 2683 3323 intelliguntur
2705 3266 2826 3305 esse
2858 3260 3172 3320 potestates.
3204 3248 3375 3304 Porro
3406 3264 3502 3303 ceu
3530 3263 3626 3316 pa—

2058 3358 2141 3399 ter
2176 3346 2239 3399 ad
2272 3345 2524 3415 parvulos
2566 3344 2724 3407 ﬁlios,
2775 3357 2872 3397 ceu
2925 3343 2988 3396 ad
3030 3342 3326 3411 discipulos
3370 3340 3629 3408 magister

2058 3439 2355 3493 descendit.

2275 3623 2435 3679 Vens.
2485 3622 2536 3678 7.
2575 3621 3165 3692 Eutittgmanumtuam
3190 3633 3254 3670 ea:
3284 3618 3411 3671 alto.

2129 3716 2347 3783 Emitte,
2392 3716 2466 3771 ait
2504 3716 2762 3788 psalmus,
2810 3714 3173 3784 operatricem
3229 3712 3621 3780 tutelaremque

2059 3810 2298 3865 omnium
2323 3824 2566 3874 manum,
2601 3820 2659 3863 ut
2688 3823 2850 3875 eruas
2887 3807 3193 3875 liberesque
3235 3804 3409 3859 mede
3436 3803 3623 3859 multis

2060 3901 2333 3966 ﬂuctibus,
2356 3911 2409 3956 et
2432 3902 2731 3959 alienorum
2763 3899 2996 3955 ﬁliorum
3032 3900 3319 3954 manibus,
3342 3896 3458 3952 Jam
3492 3896 3630 3968 eripi

2060 3992 2127 4047 de
2162 3992 2347 4047 multis
2375 3991 2653 4057 ﬂuctibus,
2696 3992 2919 4061 intelligi
2958 3999 3137 4060 potest
3174 3990 3240 4045 de
3272 3989 3429 4044 malis
3479 4001 3633 4060 pote-

2060 4085 2309 4148 statibus,
2340 4095 2395 4138 et
2429 4084 2497 4138 de
2527 4084 2715 4139 barum
2767 4084 3007 4138 omnium
3057 4097 3184 4153 rege
3230 4083 3464 4138 diabolo.
3501 4082 3629 4137 Item

2062 4173 2279 4229 liberari
2316 4174 2383 4228 dc
2410 4174 2709 4228 alienorum
2754 4172 3000 4226 filiorum
3025 4172 3294 4237 manibus,
3340 4186 3535 4239 nempe
3565 4171 3633 4223 de

2063 4268 2348 4322 commotis
2430 4266 2652 4321 illorum
2714 4270 2939 4321 obsessu
3019 4263 3348 4319 hominibus.
3416 4260 3629 4315 Etenim

2060 4358 2323 4427 impetum
2353 4359 2710 4412 tentalionum
2735 4368 2902 4427 atque
2925 4356 3237 4427 impiorum,
3259 4369 3427 4422 aquas
3450 4352 3633 4421 appel-

373 4454 486 4525 γὰρ
531 4453 643 4507 τῶν
673 4452 995 4524 πειρασμῶν
1026 4451 1121 4504 καὶ
1171 4450 1279 4503 τῶν
1319 4449 1531 4503 ἀσεϐῶν
1563 4449 1732 4503 ῦδατα
1766 4448 1952 4502 ἐκάλε-

2064 4448 2217 4514 lavit,
2241 4457 2372 4503 utet
2403 4448 2528 4501 alibi
2560 4450 2635 4502 ait
2666 4463 2681 4502 :
2742 4446 2995 4503 Forsitan
3046 4461 3195 4517 aqum
3234 4444 3634 4498 submersissent

377 4563 492 4609 σεν,
520 4545 596 4608 ὡς
631 4547 727 4598 καὶ
756 4544 987 4613 ἀλλαχοῦ
1015 4559 1204 4613 φησιν’
1229 4544 1292 4596 Ἀ
1295 4560 1375 4611 pa
1403 4542 1466 4595 τὸ
1495 4541 1651 4610 ὕδωρ
1679 4542 1956 4595 κατεπόν-

373 4653 549 4690 τισεν
599 4634 791 4705 ἡμᾶς·
839 4637 933 4689 καὶ
975 4635 1168 4688 πάλιν·
1211 4633 1421 4689 Σῶσόν
1441 4651 1538 4703 με,
1592 4637 1625 4688 ό
1666 4634 1830 4697 Θεὸς,
1866 4632 1955 4685 ὅτι

374 4728 757 4795 εισήλθοσαν
792 4727 976 4781 ὕδατα
1006 4726 1113 4791 ἕως
1146 4724 1354 4796 ψυχῆς
1377 4742 1525 4795 [tov'
1553 4724 1864 4788 ἀκολούθως
1901 4725 1956 4777 δὲ

377 4821 523 4892 μετὰ
559 4822 659 4892 τὴν
697 4819 997 4875 κατάϐασιν
1022 4818 1117 4872 τοῦ
1144 4818 1277 4872 Θεοῦ
1304 4818 1497 4887 Λόγου,
1543 4816 1640 4887 τὴν
1667 4816 1958 4887 ἐπιϐουλὴν

371 4914 507 4966 τῶν
544 4912 827 4967 ὰσεεῶν...
872 4910 1033 4965 αὐτοῦ
1074 4929 1195 4982 τῳ..
1244 4910 1599 4981 θεασάμενος,
1637 4908 1705 4962 τά
1747 4906 1960 4979 προκεί-

379 5022 526 5076 μενα
556 5004 824 5071 θεσπίζει.

739 5096 919 5168 ’ῼδὴν
964 5095 1183 5165 καινὴν
1211 5096 1435 5166 ᾇσομαί
1482 5111 1600 5149 σοι.

456 5190 630 5261 ’ᾼδςι,
657 5190 752 5244 καὶ
776 5192 876 5261 τὴν
908 5189 1097 5259 καινὴν
1136 5187 1500 5259 διαθήκηννὲν
1548 5189 1659 5248 τοῖς
1701 5186 1828 5256 περὶ
1870 5185 1967 5255 τῆς

380 5282 612 5336 καθόδου
635 5283 730 5335 τοῦ
755 5281 890 5335 Θεοῦ
915 5282 1089 5350 Λόγου
1117 5279 1612 5353 προφητευομὲνοις
1659 5296 1762 5349 μνη
1773 5295 1965 5348 μονεύ-

380 5374 547 5445 Θῆναι
569 5392 582 5404 ο
618 5374 697 5428 διὸ
729 5372 984 5444 δηλοῦται
1032 5372 1171 5443 αῦτη
1208 5372 1299 5427 διὰ
1327 5371 1429 5442 τῆς
1468 5374 1659 5442 καινῆς
1680 5370 1842 5441 ᾠδῆς.
1870 5370 1961 5421 Ἐν

378 5464 463 5537 τῷ
500 5466 557 5518 δὲ
593 5466 769 5535 λέγειν
810 5465 1021 5536 καινὴν,
1055 5463 1404 5517 πεπαλαίωκε
1444 5462 1541 5534 τὴν
1589 5461 1831 5533 πρώτην,
1886 5460 1961 5523 ὣς

492 5607 542 5639 "
583 5605 724 5660 Psal.
767 5621 957 5672 cum,
997 5605 1051 5658 4.
1123 5605 1167 5635 ⁸⁷
1211 5602 1355 5659 Psal.
1399 5617 1590 5667 uvnt,
1633 5601 1691 5654 ε.

460 5747 576 5815 (18)
622 5746 877 5818 Congruit
915 5744 1179 5802 Euscbins
1208 5760 1325 5799 (tum
1356 5744 1477 5799 divo
1520 5742 1687 5797 Paulo
1714 5742 1867 5797 hom.
1895 5755 2012 5807 xm,
2058 5738 2106 5803 i,

2064 4558 2157 4596 nos
2179 4542 2242 4595 “.
2278 4540 2449 4596 ltem:
2488 4540 2643 4595 Salva
2683 4556 2787 4605 me,
2828 4540 3080 4603 Domine,
3126 4538 3249 4607 quia
3303 4537 3635 4589 intraverunt

2065 4656 2217 4709 aqua:
2248 4655 2408 4708 usque
2436 4638 2503 4690 ad
2527 4638 2761 4691 animam
2792 4653 2959 4691 nteant
2982 4636 3050 4689 ⁸⁷.
3082 4634 3456 4689 Consentanee
3504 4646 3634 4686 vero

2067 4742 2186 4800 post
2207 4730 2295 4783 Dei
2326 4730 2481 4783 Verbi
2499 4729 2846 4794 descensum,
2867 4728 3156 4799 impiorum
3181 4725 3403 4780 insidias
3424 4724 3632 4791 videns,

2068 4820 2435 4892 suprascripta
2465 4821 2819 4876 vaticinatur.

2243 5085 2403 5140 Vens.
2439 5084 2492 5139 9.
2538 5083 2811 5139 Canticum
2849 5098 3037 5136 novum
3068 5081 3302 5137 cantabo
3342 5082 3456 5138 tibi.

2139 5180 2321 5241 Canit.
2374 5194 2433 5233 se
2483 5193 2678 5232 not-um
2726 5191 2940 5246 quoque
2986 5174 3165 5230 fmdus
3214 5175 3265 5231 in
3308 5175 3395 5233 liis
3422 5191 3542 5247 qua:
3569 5176 3639 5233 de

2064 5274 2239 5328 reditu
2274 5273 2366 5328 Dei
2406 5272 2566 5327 Verbi
2602 5271 2955 5333 vaticinatur,
2989 5271 3402 5325 memoravisse.
3430 5270 3639 5325 Idcirco

2070 5366 2123 5420 id
2161 5366 2339 5419 {cadus
2374 5364 2760 5419 novocantico
2811 5363 3235 5419 demonstratur.
3276 5364 3413 5419 Dum
3458 5371 3639 5419 autem

2068 5472 2266 5513 novum
2298 5457 2448 5523 dicit,
2481 5455 2631 5526 prius
2681 5454 2809 5509 illud
2862 5455 3193 5526 antiquavit,
3220 5466 3278 5511 ut
3304 5456 3381 5512 ait
3404 5457 3640 5527 Λιιοειο-

2162 5736 2279 5792 Νοιι
2309 5745 2382 5791 est
2415 5741 2638 5803 potestas
2668 5734 2766 5787 nisi
2798 5749 2827 5786 a
2856 5730 2983 5786 Deo.
