  <div class='ocr_page' id='page_1' title='image "/cluster/home/n/w/nwhite01/storage/ocr_20150623/24/hvd.32044073501801/035.png"; bbox 0 0 4068 6198; ppageno 0'>
   <div class='ocr_carea' id='block_1_1' title="bbox 450 262 3663 328">
    <p class='ocr_par' dir='ltr' id='par_1_1' title="bbox 450 262 3663 328">
     <span class='ocr_line' id='line_1_1' title="bbox 450 262 3663 328; baseline -0.003 -2"><span class='ocrx_word' id='word_1_1' title='bbox 450 271 519 326; x_wconf 75' lang='lat'><strong>55</strong></span> <span class='ocrx_word' id='word_1_2' title='bbox 1132 266 1396 324; x_wconf 76' lang='lat' dir='ltr'><strong>EUSEBII</strong></span> <span class='ocrx_word' id='word_1_3' title='bbox 1433 267 1893 328; x_wconf 61' lang='lat' dir='ltr'><strong>CESARIENSIS</strong></span> <span class='ocrx_word' id='word_1_4' title='bbox 1932 268 2082 324; x_wconf 82' lang='lat' dir='ltr'><strong>OPP.</strong></span> <span class='ocrx_word' id='word_1_5' title='bbox 2121 267 2299 323; x_wconf 78' lang='lat' dir='ltr'><strong>PARS</strong></span> <span class='ocrx_word' id='word_1_6' title='bbox 2334 267 2420 324; x_wconf 80' lang='lat' dir='ltr'><strong>HI.</strong></span> <span class='ocrx_word' id='word_1_7' title='bbox 2454 299 2524 309; x_wconf 91' lang='lat'><strong><em>—</em></strong></span> <span class='ocrx_word' id='word_1_8' title='bbox 2561 266 2965 323; x_wconf 74' lang='lat' dir='ltr'><strong>EXEGETICA.</strong></span> <span class='ocrx_word' id='word_1_9' title='bbox 3595 262 3663 318; x_wconf 79' lang='lat'><strong>56</strong></span> 
     </span>
    </p>
   </div>
   <div class='ocr_carea' id='block_1_2' title="bbox 452 378 2014 461">
    <p class='ocr_par' dir='ltr' id='par_1_2' title="bbox 452 378 1997 458">
     <span class='ocr_line' id='line_1_2' title="bbox 452 378 1997 458; baseline -0.001 -13"><span class='ocrx_word' id='word_1_10' title='bbox 452 395 534 447; x_wconf 90' lang='lat' dir='ltr'><strong>lus</strong></span> <span class='ocrx_word' id='word_1_11' title='bbox 553 392 619 446; x_wconf 81' lang='grc'><strong>⁵⁸.</strong></span> <span class='ocrx_word' id='word_1_12' title='bbox 660 390 734 444; x_wconf 87' lang='lat' dir='ltr'><strong>De</strong></span> <span class='ocrx_word' id='word_1_13' title='bbox 783 378 1092 458; x_wconf 81' lang='lat' dir='ltr'><strong>hujusinodi</strong></span> <span class='ocrx_word' id='word_1_14' title='bbox 1139 390 1356 443; x_wconf 82' lang='lat' dir='ltr'><strong>cantico</strong></span> <span class='ocrx_word' id='word_1_15' title='bbox 1401 389 1544 445; x_wconf 87' lang='lat' dir='ltr'><strong>dicta</strong></span> <span class='ocrx_word' id='word_1_16' title='bbox 1595 398 1722 444; x_wconf 88' lang='lat' dir='ltr'><strong>sunt</strong></span> <span class='ocrx_word' id='word_1_17' title='bbox 1765 398 1823 444; x_wconf 88' lang='lat' dir='ltr'><strong>et</strong></span> <span class='ocrx_word' id='word_1_18' title='bbox 1863 389 1997 444; x_wconf 90' lang='lat' dir='ltr'><strong>illa:</strong></span> 
     </span>
    </p>
   </div>
   <div class='ocr_carea' id='block_1_3' title="bbox 2115 378 3658 461">
    <p class='ocr_par' dir='ltr' id='par_1_3' title="bbox 2115 383 3658 461">
     <span class='ocr_line' id='line_1_3' title="bbox 2115 383 3658 461; baseline -0.006 -18"><span class='ocrx_word' id='word_1_19' title='bbox 2115 405 2265 461; x_wconf 62' lang='grc' dir='ltr'><strong>φησιν</strong></span> <span class='ocrx_word' id='word_1_20' title='bbox 2285 390 2314 442; x_wconf 86' lang='grc' dir='ltr'><strong>ό</strong></span> <span class='ocrx_word' id='word_1_21' title='bbox 2349 388 2664 452; x_wconf 84' lang='grc' dir='ltr'><strong>Ἀπόστολος</strong></span> <span class='ocrx_word' id='word_1_22' title='bbox 2683 405 2696 420; x_wconf 88' lang='grc'>·</span> <span class='ocrx_word' id='word_1_23' title='bbox 2722 389 2850 460; x_wconf 72' lang='grc' dir='ltr'><strong>περὶ</strong></span> <span class='ocrx_word' id='word_1_24' title='bbox 2876 386 3078 458; x_wconf 77' lang='grc' dir='ltr'><strong>ταύτης</strong></span> <span class='ocrx_word' id='word_1_25' title='bbox 3103 385 3349 440; x_wconf 84' lang='grc' dir='ltr'><strong>λέλεκται</strong></span> <span class='ocrx_word' id='word_1_26' title='bbox 3372 385 3472 456; x_wconf 83' lang='grc' dir='ltr'><strong>τῆς</strong></span> <span class='ocrx_word' id='word_1_27' title='bbox 3489 383 3658 455; x_wconf 78' lang='grc' dir='ltr'><strong>ᾠδῆς·</strong></span> 
     </span>
    </p>
   </div>
   <div class='ocr_carea' id='block_1_4' title="bbox 449 476 1996 545">
    <p class='ocr_par' dir='ltr' id='par_1_4' title="bbox 449 476 1996 545">
     <span class='ocr_line' id='line_1_4' title="bbox 449 476 1996 545; baseline -0.002 -9"><span class='ocrx_word' id='word_1_28' title='bbox 449 481 667 536; x_wconf 81' lang='lat' dir='ltr'><strong>Cantate</strong></span> <span class='ocrx_word' id='word_1_29' title='bbox 707 476 933 533; x_wconf 81' lang='lat' dir='ltr'><strong>Domino</strong></span> <span class='ocrx_word' id='word_1_30' title='bbox 961 477 1222 530; x_wconf 75' lang='lat' dir='ltr'><strong>canticum</strong></span> <span class='ocrx_word' id='word_1_31' title='bbox 1254 494 1465 542; x_wconf 74' lang='lat' dir='ltr'><strong>novum,</strong></span> <span class='ocrx_word' id='word_1_32' title='bbox 1502 486 1713 533; x_wconf 82' lang='lat' dir='ltr'><strong>cantate</strong></span> <span class='ocrx_word' id='word_1_33' title='bbox 1753 478 1996 545; x_wconf 83' lang='lat' dir='ltr'><strong>Domino,</strong></span> 
     </span>
    </p>
   </div>
   <div class='ocr_carea' id='block_1_5' title="bbox 2105 473 3668 552">
    <p class='ocr_par' dir='ltr' id='par_1_5' title="bbox 2105 473 3668 552">
     <span class='ocr_line' id='line_1_5' title="bbox 2105 473 3668 552; baseline -0.004 -17"><span class='ocrx_word' id='word_1_34' title='bbox 2105 482 2326 552; x_wconf 79' lang='grc' dir='ltr'><strong>’ᾼσατε</strong></span> <span class='ocrx_word' id='word_1_35' title='bbox 2369 479 2448 546; x_wconf 85' lang='grc' dir='ltr'><strong>τῷ</strong></span> <span class='ocrx_word' id='word_1_36' title='bbox 2488 481 2683 549; x_wconf 84' lang='grc' dir='ltr'><strong>Κυρίῳ</strong></span> <span class='ocrx_word' id='word_1_37' title='bbox 2724 473 2888 548; x_wconf 81' lang='grc' dir='ltr'><strong>ᾆσμα</strong></span> <span class='ocrx_word' id='word_1_38' title='bbox 2935 477 3162 541; x_wconf 81' lang='grc' dir='ltr'><strong>καινὸν,</strong></span> <span class='ocrx_word' id='word_1_39' title='bbox 3206 477 3395 544; x_wconf 76' lang='grc' dir='ltr'><strong>ᾇσατε</strong></span> <span class='ocrx_word' id='word_1_40' title='bbox 3441 474 3520 542; x_wconf 84' lang='grc' dir='ltr'><strong>τῷ</strong></span> <span class='ocrx_word' id='word_1_41' title='bbox 3552 481 3668 530; x_wconf 86' lang='grc' dir='ltr'><strong>Κυ-</strong></span> 
     </span>
    </p>
   </div>
   <div class='ocr_carea' id='block_1_6' title="bbox 449 565 2014 643">
    <p class='ocr_par' dir='ltr' id='par_1_6' title="bbox 449 565 2000 639">
     <span class='ocr_line' id='line_1_6' title="bbox 449 565 2000 639; baseline -0.003 -12"><span class='ocrx_word' id='word_1_42' title='bbox 449 574 616 627; x_wconf 79' lang='lat' dir='ltr'><strong>omnis</strong></span> <span class='ocrx_word' id='word_1_43' title='bbox 645 582 786 624; x_wconf 84' lang='lat' dir='ltr'><strong>terra</strong></span> <span class='ocrx_word' id='word_1_44' title='bbox 814 570 883 623; x_wconf 82' lang='lat'><strong>&quot;.</strong></span> <span class='ocrx_word' id='word_1_45' title='bbox 912 568 1136 638; x_wconf 85' lang='lat' dir='ltr'><strong>Insuper</strong></span> <span class='ocrx_word' id='word_1_46' title='bbox 1169 586 1182 622; x_wconf 93' lang='lat'><strong>:</strong></span> <span class='ocrx_word' id='word_1_47' title='bbox 1217 565 1485 633; x_wconf 75' lang='lat' dir='ltr'><strong>Psallam,</strong></span> <span class='ocrx_word' id='word_1_48' title='bbox 1519 569 1710 639; x_wconf 84' lang='lat' dir='ltr'><strong>inquit,</strong></span> <span class='ocrx_word' id='word_1_49' title='bbox 1753 569 2000 638; x_wconf 80' lang='lat' dir='ltr'><strong>psalterio</strong></span> 
     </span>
    </p>
   </div>
   <div class='ocr_carea' id='block_1_7' title="bbox 2115 565 3669 643">
    <p class='ocr_par' dir='ltr' id='par_1_7' title="bbox 2115 567 3669 640">
     <span class='ocr_line' id='line_1_7' title="bbox 2115 567 3669 640; baseline -0.006 -12"><span class='ocrx_word' id='word_1_50' title='bbox 2115 573 2222 638; x_wconf 66' lang='grc' dir='ltr'><strong>οίῳ,</strong></span> <span class='ocrx_word' id='word_1_51' title='bbox 2235 570 2403 627; x_wconf 81' lang='grc' dir='ltr'><strong>πᾶσα</strong></span> <span class='ocrx_word' id='word_1_52' title='bbox 2422 572 2460 639; x_wconf 82' lang='grc' dir='ltr'><strong>ή</strong></span> <span class='ocrx_word' id='word_1_53' title='bbox 2497 571 2572 640; x_wconf 77' lang='grc' dir='ltr'><strong>γῆ</strong></span> <span class='ocrx_word' id='word_1_54' title='bbox 2593 587 2608 602; x_wconf 77' lang='grc' dir='ltr'><strong><em>ο</em></strong></span> <span class='ocrx_word' id='word_1_55' title='bbox 2637 570 2768 624; x_wconf 77' lang='grc' dir='ltr'><strong>ἀλλὰ</strong></span> <span class='ocrx_word' id='word_1_56' title='bbox 2789 572 2904 635; x_wconf 74' lang='grc' dir='ltr'><strong>καὶ,</strong></span> <span class='ocrx_word' id='word_1_57' title='bbox 2933 567 3196 631; x_wconf 83' lang='grc' dir='ltr'><strong>Ψαλῶσι,</strong></span> <span class='ocrx_word' id='word_1_58' title='bbox 3214 569 3394 637; x_wconf 75' lang='grc' dir='ltr'><strong>φησὶν,</strong></span> <span class='ocrx_word' id='word_1_59' title='bbox 3417 568 3486 620; x_wconf 80' lang='grc' dir='ltr'><strong>ἐν</strong></span> <span class='ocrx_word' id='word_1_60' title='bbox 3513 570 3669 635; x_wconf 68' lang='grc' dir='ltr'><strong>ψαλ-</strong></span> 
     </span>
    </p>
   </div>
   <div class='ocr_carea' id='block_1_8' title="bbox 447 657 2014 736">
    <p class='ocr_par' dir='ltr' id='par_1_8' title="bbox 447 657 2004 726">
     <span class='ocr_line' id='line_1_8' title="bbox 447 657 2004 726; baseline -0.001 -12"><span class='ocrx_word' id='word_1_61' title='bbox 447 659 807 724; x_wconf 83' lang='lat' dir='ltr'><strong>decachordo;</strong></span> <span class='ocrx_word' id='word_1_62' title='bbox 831 659 1122 726; x_wconf 82' lang='lat' dir='ltr'><strong>practicam</strong></span> <span class='ocrx_word' id='word_1_63' title='bbox 1153 657 1386 712; x_wconf 86' lang='lat' dir='ltr'><strong>innuens</strong></span> <span class='ocrx_word' id='word_1_64' title='bbox 1407 659 1595 723; x_wconf 90' lang='lat' dir='ltr'><strong>vitam,</strong></span> <span class='ocrx_word' id='word_1_65' title='bbox 1627 659 1807 712; x_wconf 87' lang='lat' dir='ltr'><strong>anima</strong></span> <span class='ocrx_word' id='word_1_66' title='bbox 1843 660 2004 713; x_wconf 84' lang='lat' dir='ltr'><strong>simul</strong></span> 
     </span>
    </p>
   </div>
   <div class='ocr_carea' id='block_1_9' title="bbox 2115 657 3667 736">
    <p class='ocr_par' dir='ltr' id='par_1_9' title="bbox 2115 659 3667 736">
     <span class='ocr_line' id='line_1_9' title="bbox 2115 659 3667 736; baseline -0.005 -18"><span class='ocrx_word' id='word_1_67' title='bbox 2115 666 2278 736; x_wconf 77' lang='grc' dir='ltr'><strong>ττιρίῳ</strong></span> <span class='ocrx_word' id='word_1_68' title='bbox 2305 663 2660 733; x_wconf 83' lang='grc' dir='ltr'><strong>δεκαχόρδῳ,</strong></span> <span class='ocrx_word' id='word_1_69' title='bbox 2687 663 2776 716; x_wconf 83' lang='grc' dir='ltr'><strong>τὸν</strong></span> <span class='ocrx_word' id='word_1_70' title='bbox 2808 661 3106 734; x_wconf 84' lang='grc' dir='ltr'><strong>πρακτικὸν</strong></span> <span class='ocrx_word' id='word_1_71' title='bbox 3150 659 3512 731; x_wconf 75' lang='grc' dir='ltr'><strong>αἰνιττόμενος</strong></span> <span class='ocrx_word' id='word_1_72' title='bbox 3555 659 3667 728; x_wconf 82' lang='grc' dir='ltr'><strong>βίον</strong></span> 
     </span>
    </p>
   </div>
   <div class='ocr_carea' id='block_1_10' title="bbox 449 749 2014 831">
    <p class='ocr_par' dir='ltr' id='par_1_10' title="bbox 449 749 2005 831">
     <span class='ocr_line' id='line_1_10' title="bbox 449 749 2005 831; baseline 0.001 -25"><span class='ocrx_word' id='word_1_73' title='bbox 449 762 505 806; x_wconf 83' lang='lat' dir='ltr'><strong>et.</strong></span> <span class='ocrx_word' id='word_1_74' title='bbox 533 767 757 822; x_wconf 89' lang='lat' dir='ltr'><strong>corpore</strong></span> <span class='ocrx_word' id='word_1_75' title='bbox 806 757 1139 808; x_wconf 79' lang='lat' dir='ltr'><strong>operantem.</strong></span> <span class='ocrx_word' id='word_1_76' title='bbox 1191 749 1328 823; x_wconf 80' lang='lat' dir='ltr'><strong>Sunt</strong></span> <span class='ocrx_word' id='word_1_77' title='bbox 1355 750 1500 831; x_wconf 71' lang='lat' dir='ltr'><strong>enim</strong></span> <span class='ocrx_word' id='word_1_78' title='bbox 1539 751 1777 820; x_wconf 81' lang='lat' dir='ltr'><strong>quinque</strong></span> <span class='ocrx_word' id='word_1_79' title='bbox 1823 753 2005 808; x_wconf 88' lang='lat' dir='ltr'><strong>carnis</strong></span> 
     </span>
    </p>
   </div>
   <div class='ocr_carea' id='block_1_11' title="bbox 2115 749 3666 831">
    <p class='ocr_par' dir='ltr' id='par_1_11' title="bbox 2115 750 3666 827">
     <span class='ocr_line' id='line_1_11' title="bbox 2115 750 3666 827; baseline -0.005 -17"><span class='ocrx_word' id='word_1_80' title='bbox 2115 756 2188 810; x_wconf 73' lang='grc' dir='ltr'><strong>5ιά</strong></span> <span class='ocrx_word' id='word_1_81' title='bbox 2226 756 2403 827; x_wconf 80' lang='grc' dir='ltr'><strong>ψυχῆς</strong></span> <span class='ocrx_word' id='word_1_82' title='bbox 2447 757 2541 809; x_wconf 82' lang='grc' dir='ltr'><strong>καὶ</strong></span> <span class='ocrx_word' id='word_1_83' title='bbox 2583 754 2834 825; x_wconf 83' lang='grc' dir='ltr'><strong>σώματος</strong></span> <span class='ocrx_word' id='word_1_84' title='bbox 2885 753 3298 825; x_wconf 79' lang='grc' dir='ltr'><strong>ἐνεργούμενον·</strong></span> <span class='ocrx_word' id='word_1_85' title='bbox 3358 751 3518 804; x_wconf 84' lang='grc' dir='ltr'><strong>πέντε</strong></span> <span class='ocrx_word' id='word_1_86' title='bbox 3568 750 3666 820; x_wconf 87' lang='grc' dir='ltr'><strong>μὲν</strong></span> 
     </span>
    </p>
   </div>
   <div class='ocr_carea' id='block_1_12' title="bbox 448 839 2006 910">
    <p class='ocr_par' dir='ltr' id='par_1_12' title="bbox 448 839 2006 910">
     <span class='ocr_line' id='line_1_12' title="bbox 448 839 2006 910; baseline -0.001 -17"><span class='ocrx_word' id='word_1_87' title='bbox 448 857 660 904; x_wconf 64' lang='lat' dir='ltr'><strong>senats,</strong></span> <span class='ocrx_word' id='word_1_88' title='bbox 685 842 924 910; x_wconf 80' lang='lat' dir='ltr'><strong>quinque</strong></span> <span class='ocrx_word' id='word_1_89' title='bbox 967 839 1094 892; x_wconf 89' lang='lat' dir='ltr'><strong>item</strong></span> <span class='ocrx_word' id='word_1_90' title='bbox 1123 839 1316 893; x_wconf 69' lang='lat' dir='ltr'><strong>animas</strong></span> <span class='ocrx_word' id='word_1_91' title='bbox 1361 839 1633 909; x_wconf 56' lang='lat' dir='ltr'><strong>potentias,</strong></span> <span class='ocrx_word' id='word_1_92' title='bbox 1667 839 1863 907; x_wconf 85' lang='lat' dir='ltr'><strong>quibus</strong></span> <span class='ocrx_word' id='word_1_93' title='bbox 1883 853 2006 893; x_wconf 86' lang='lat' dir='ltr'><strong>cor-</strong></span> 
     </span>
    </p>
   </div>
   <div class='ocr_carea' id='block_1_13' title="bbox 449 934 1174 1003">
    <p class='ocr_par' dir='ltr' id='par_1_13' title="bbox 449 934 1174 1003">
     <span class='ocr_line' id='line_1_13' title="bbox 449 934 1174 1003; baseline -0.006 -17"><span class='ocrx_word' id='word_1_94' title='bbox 449 934 598 1003; x_wconf 90' lang='lat' dir='ltr'><strong>porei</strong></span> <span class='ocrx_word' id='word_1_95' title='bbox 636 946 827 988; x_wconf 86' lang='lat' dir='ltr'><strong>sensus</strong></span> <span class='ocrx_word' id='word_1_96' title='bbox 872 940 1174 986; x_wconf 75' lang='lat' dir='ltr'><strong>moventur.</strong></span> 
     </span>
    </p>
   </div>
   <div class='ocr_carea' id='block_1_14' title="bbox 698 1111 1774 1181">
    <p class='ocr_par' dir='ltr' id='par_1_14' title="bbox 698 1111 1774 1181">
     <span class='ocr_line' id='line_1_14' title="bbox 698 1111 1774 1181; baseline -0.002 -17"><span class='ocrx_word' id='word_1_97' title='bbox 698 1112 865 1167; x_wconf 75' lang='lat' dir='ltr'><strong>Vens.</strong></span> <span class='ocrx_word' id='word_1_98' title='bbox 898 1112 987 1166; x_wconf 77' lang='grc'><strong>16.</strong></span> <span class='ocrx_word' id='word_1_99' title='bbox 1023 1111 1126 1176; x_wconf 84' lang='lat' dir='ltr'><strong>Qui</strong></span> <span class='ocrx_word' id='word_1_100' title='bbox 1159 1114 1248 1166; x_wconf 85' lang='lat' dir='ltr'><strong>dat</strong></span> <span class='ocrx_word' id='word_1_101' title='bbox 1281 1112 1502 1166; x_wconf 79' lang='lat' dir='ltr'><strong>salutem</strong></span> <span class='ocrx_word' id='word_1_102' title='bbox 1543 1111 1774 1181; x_wconf 76' lang='lat' dir='ltr'><strong>regibus.</strong></span> 
     </span>
    </p>
   </div>
   <div class='ocr_carea' id='block_1_15' title="bbox 521 1199 2008 1274">
    <p class='ocr_par' dir='ltr' id='par_1_15' title="bbox 521 1199 2008 1274">
     <span class='ocr_line' id='line_1_15' title="bbox 521 1199 2008 1274; baseline -0.003 -17"><span class='ocrx_word' id='word_1_103' title='bbox 521 1203 622 1272; x_wconf 81' lang='lat' dir='ltr'><strong>Qui</strong></span> <span class='ocrx_word' id='word_1_104' title='bbox 663 1204 919 1259; x_wconf 60' lang='lat' dir='ltr'><strong>calorum</strong></span> <span class='ocrx_word' id='word_1_105' title='bbox 950 1218 1170 1274; x_wconf 80' lang='lat' dir='ltr'><strong>regnum</strong></span> <span class='ocrx_word' id='word_1_106' title='bbox 1209 1217 1306 1256; x_wconf 89' lang='lat' dir='ltr'><strong>nos</strong></span> <span class='ocrx_word' id='word_1_107' title='bbox 1353 1202 1556 1266; x_wconf 88' lang='lat' dir='ltr'><strong>docuit,</strong></span> <span class='ocrx_word' id='word_1_108' title='bbox 1602 1215 1754 1270; x_wconf 83' lang='lat' dir='ltr'><strong>reges</strong></span> <span class='ocrx_word' id='word_1_109' title='bbox 1783 1215 1877 1255; x_wconf 90' lang='lat' dir='ltr'><strong>eos</strong></span> <span class='ocrx_word' id='word_1_110' title='bbox 1899 1199 2008 1254; x_wconf 73' lang='lat' dir='ltr'><strong>etii-</strong></span> 
     </span>
    </p>
   </div>
   <div class='ocr_carea' id='block_1_16' title="bbox 451 1293 2007 1365">
    <p class='ocr_par' dir='ltr' id='par_1_16' title="bbox 451 1293 2007 1365">
     <span class='ocr_line' id='line_1_16' title="bbox 451 1293 2007 1365; baseline -0.002 -15"><span class='ocrx_word' id='word_1_111' title='bbox 451 1297 526 1350; x_wconf 81' lang='lat' dir='ltr'><strong>cit</strong></span> <span class='ocrx_word' id='word_1_112' title='bbox 568 1295 661 1365; x_wconf 86' lang='lat' dir='ltr'><strong>qui</strong></span> <span class='ocrx_word' id='word_1_113' title='bbox 695 1295 783 1350; x_wconf 88' lang='lat' dir='ltr'><strong>illo</strong></span> <span class='ocrx_word' id='word_1_114' title='bbox 833 1293 980 1364; x_wconf 76' lang='lat' dir='ltr'><strong>digni</strong></span> <span class='ocrx_word' id='word_1_115' title='bbox 1029 1293 1252 1360; x_wconf 90' lang='lat' dir='ltr'><strong>fuerint,</strong></span> <span class='ocrx_word' id='word_1_116' title='bbox 1301 1296 1499 1364; x_wconf 89' lang='lat' dir='ltr'><strong>quibus</strong></span> <span class='ocrx_word' id='word_1_117' title='bbox 1525 1295 1685 1348; x_wconf 85' lang='lat' dir='ltr'><strong>etiam</strong></span> <span class='ocrx_word' id='word_1_118' title='bbox 1710 1295 1758 1348; x_wconf 90' lang='lat' dir='ltr'><strong>vi</strong></span> <span class='ocrx_word' id='word_1_119' title='bbox 1793 1294 2007 1363; x_wconf 76' lang='lat' dir='ltr'><strong>prapria</strong></span> 
     </span>
    </p>
   </div>
   <div class='ocr_carea' id='block_1_17' title="bbox 452 1383 2008 1454">
    <p class='ocr_par' dir='ltr' id='par_1_17' title="bbox 452 1383 2008 1454">
     <span class='ocr_line' id='line_1_17' title="bbox 452 1383 2008 1454; baseline -0.004 -13"><span class='ocrx_word' id='word_1_120' title='bbox 452 1387 681 1441; x_wconf 85' lang='lat' dir='ltr'><strong>salutem</strong></span> <span class='ocrx_word' id='word_1_121' title='bbox 728 1385 934 1440; x_wconf 77' lang='lat' dir='ltr'><strong>confert</strong></span> <span class='ocrx_word' id='word_1_122' title='bbox 976 1401 992 1450; x_wconf 92' lang='lat'><strong>;</strong></span> <span class='ocrx_word' id='word_1_123' title='bbox 1051 1383 1320 1454; x_wconf 86' lang='lat' dir='ltr'><strong>simulque</strong></span> <span class='ocrx_word' id='word_1_124' title='bbox 1363 1393 1508 1438; x_wconf 87' lang='lat' dir='ltr'><strong>recte</strong></span> <span class='ocrx_word' id='word_1_125' title='bbox 1566 1391 1807 1453; x_wconf 81' lang='lat' dir='ltr'><strong>agentes,</strong></span> <span class='ocrx_word' id='word_1_126' title='bbox 1855 1390 2008 1436; x_wconf 82' lang='lat' dir='ltr'><strong>extra</strong></span> 
     </span>
    </p>
   </div>
   <div class='ocr_carea' id='block_1_18' title="bbox 455 1469 2011 1548">
    <p class='ocr_par' dir='ltr' id='par_1_18' title="bbox 455 1469 2011 1548">
     <span class='ocr_line' id='line_1_18' title="bbox 455 1469 2011 1548; baseline -0.001 -19"><span class='ocrx_word' id='word_1_127' title='bbox 455 1478 656 1548; x_wconf 81' lang='lat' dir='ltr'><strong>peccati</strong></span> <span class='ocrx_word' id='word_1_128' title='bbox 695 1478 1030 1531; x_wconf 82' lang='lat' dir='ltr'><strong>dominatum</strong></span> <span class='ocrx_word' id='word_1_129' title='bbox 1068 1475 1239 1546; x_wconf 90' lang='lat' dir='ltr'><strong>ponit.</strong></span> <span class='ocrx_word' id='word_1_130' title='bbox 1288 1475 1486 1544; x_wconf 86' lang='lat' dir='ltr'><strong>Utique</strong></span> <span class='ocrx_word' id='word_1_131' title='bbox 1521 1469 1771 1529; x_wconf 78' lang='lat' dir='ltr'><strong>Christus</strong></span> <span class='ocrx_word' id='word_1_132' title='bbox 1799 1475 1853 1527; x_wconf 92' lang='lat' dir='ltr'><strong>in</strong></span> <span class='ocrx_word' id='word_1_133' title='bbox 1877 1472 2011 1528; x_wconf 89' lang='lat' dir='ltr'><strong>Pro-</strong></span> 
     </span>
    </p>
   </div>
   <div class='ocr_carea' id='block_1_19' title="bbox 453 1566 2010 1638">
    <p class='ocr_par' dir='ltr' id='par_1_19' title="bbox 453 1566 2010 1638">
     <span class='ocr_line' id='line_1_19' title="bbox 453 1566 2010 1638; baseline 0 -18"><span class='ocrx_word' id='word_1_134' title='bbox 453 1570 654 1624; x_wconf 80' lang='lat' dir='ltr'><strong>verbiis</strong></span> <span class='ocrx_word' id='word_1_135' title='bbox 689 1570 855 1624; x_wconf 89' lang='lat' dir='ltr'><strong>dicit:</strong></span> <span class='ocrx_word' id='word_1_136' title='bbox 887 1569 987 1622; x_wconf 84' lang='lat' dir='ltr'><strong>Per</strong></span> <span class='ocrx_word' id='word_1_137' title='bbox 1009 1585 1091 1622; x_wconf 78' lang='lat' dir='ltr'><strong>me</strong></span> <span class='ocrx_word' id='word_1_138' title='bbox 1123 1585 1266 1638; x_wconf 76' lang='lat' dir='ltr'><strong>reges</strong></span> <span class='ocrx_word' id='word_1_139' title='bbox 1299 1577 1516 1638; x_wconf 82' lang='lat' dir='ltr'><strong>regnant</strong></span> <span class='ocrx_word' id='word_1_140' title='bbox 1543 1568 1608 1621; x_wconf 77' lang='lat'><strong>“.</strong></span> <span class='ocrx_word' id='word_1_141' title='bbox 1639 1566 1762 1621; x_wconf 72' lang='lat' dir='ltr'><strong>ilzec</strong></span> <span class='ocrx_word' id='word_1_142' title='bbox 1783 1580 2010 1621; x_wconf 91' lang='lat' dir='ltr'><strong>cernens</strong></span> 
     </span>
    </p>
   </div>
   <div class='ocr_carea' id='block_1_20' title="bbox 455 1653 2011 1728">
    <p class='ocr_par' dir='ltr' id='par_1_20' title="bbox 455 1653 2011 1728">
     <span class='ocr_line' id='line_1_20' title="bbox 455 1653 2011 1728; baseline -0.001 -16"><span class='ocrx_word' id='word_1_143' title='bbox 455 1653 742 1728; x_wconf 72' lang='lat' dir='ltr'><strong>Aptislolus</strong></span> <span class='ocrx_word' id='word_1_144' title='bbox 767 1661 1040 1714; x_wconf 85' lang='lat' dir='ltr'><strong>scribebat</strong></span> <span class='ocrx_word' id='word_1_145' title='bbox 1067 1680 1080 1714; x_wconf 90' lang='lat'><strong>:</strong></span> <span class='ocrx_word' id='word_1_146' title='bbox 1118 1659 1246 1714; x_wconf 86' lang='lat' dir='ltr'><strong>Sine</strong></span> <span class='ocrx_word' id='word_1_147' title='bbox 1276 1659 1425 1712; x_wconf 80' lang='lat' dir='ltr'><strong>nobis</strong></span> <span class='ocrx_word' id='word_1_148' title='bbox 1466 1659 1792 1728; x_wconf 78' lang='lat' dir='ltr'><strong>regnavistia,</strong></span> <span class='ocrx_word' id='word_1_149' title='bbox 1824 1667 1872 1712; x_wconf 87' lang='lat' dir='ltr'><strong>et</strong></span> <span class='ocrx_word' id='word_1_150' title='bbox 1903 1657 2011 1710; x_wconf 88' lang='lat' dir='ltr'><strong>uti-</strong></span> 
     </span>
    </p>
   </div>
   <div class='ocr_carea' id='block_1_21' title="bbox 2104 841 3664 917">
    <p class='ocr_par' dir='ltr' id='par_1_21' title="bbox 2104 841 3664 917">
     <span class='ocr_line' id='line_1_21' title="bbox 2104 841 3664 917; baseline -0.005 -15"><span class='ocrx_word' id='word_1_151' title='bbox 2104 849 2270 902; x_wconf 73' lang='grc' dir='ltr'><strong>ὄντων</strong></span> <span class='ocrx_word' id='word_1_152' title='bbox 2297 847 2498 917; x_wconf 79' lang='grc' dir='ltr'><strong>σαρκὸς</strong></span> <span class='ocrx_word' id='word_1_153' title='bbox 2533 845 2915 917; x_wconf 75' lang='grc' dir='ltr'><strong>αἰσθητηρίων,</strong></span> <span class='ocrx_word' id='word_1_154' title='bbox 2956 845 3112 898; x_wconf 89' lang='grc' dir='ltr'><strong>πέντε</strong></span> <span class='ocrx_word' id='word_1_155' title='bbox 3145 845 3200 898; x_wconf 76' lang='grc' dir='ltr'><strong>δὲ</strong></span> <span class='ocrx_word' id='word_1_156' title='bbox 3227 843 3333 896; x_wconf 85' lang='grc' dir='ltr'><strong>τῶν</strong></span> <span class='ocrx_word' id='word_1_157' title='bbox 3358 843 3456 912; x_wconf 80' lang='grc' dir='ltr'><strong>τῆς</strong></span> <span class='ocrx_word' id='word_1_158' title='bbox 3485 841 3664 910; x_wconf 71' lang='grc' dir='ltr'><strong>ψυχῆς</strong></span> 
     </span>
    </p>
   </div>
   <div class='ocr_carea' id='block_1_22' title="bbox 2104 931 3666 1010">
    <p class='ocr_par' dir='ltr' id='par_1_22' title="bbox 2104 931 3666 1010">
     <span class='ocr_line' id='line_1_22' title="bbox 2104 931 3666 1010; baseline -0.006 -16"><span class='ocrx_word' id='word_1_159' title='bbox 2104 939 2403 1007; x_wconf 83' lang='grc' dir='ltr'><strong>δυνάμεων,</strong></span> <span class='ocrx_word' id='word_1_160' title='bbox 2438 937 2506 990; x_wconf 86' lang='grc' dir='ltr'><strong>δι’</strong></span> <span class='ocrx_word' id='word_1_161' title='bbox 2550 931 2624 992; x_wconf 83' lang='grc' dir='ltr'><strong>ὧν</strong></span> <span class='ocrx_word' id='word_1_162' title='bbox 2651 935 2720 990; x_wconf 80' lang='grc' dir='ltr'><strong>τὰ</strong></span> <span class='ocrx_word' id='word_1_163' title='bbox 2751 937 3082 1010; x_wconf 71' lang='grc' dir='ltr'><strong>αἰσθητήρια</strong></span> <span class='ocrx_word' id='word_1_164' title='bbox 3117 935 3210 990; x_wconf 88' lang='grc' dir='ltr'><strong>τοῦ</strong></span> <span class='ocrx_word' id='word_1_165' title='bbox 3237 933 3482 1006; x_wconf 85' lang='grc' dir='ltr'><strong>σώματος</strong></span> <span class='ocrx_word' id='word_1_166' title='bbox 3505 935 3666 986; x_wconf 81' lang='grc' dir='ltr'><strong>κινεῖ-</strong></span> 
     </span>
    </p>
   </div>
   <div class='ocr_carea' id='block_1_23' title="bbox 2108 1030 2355 1102">
    <p class='ocr_par' dir='ltr' id='par_1_23' title="bbox 2108 1030 2355 1102">
     <span class='ocr_line' id='line_1_23' title="bbox 2108 1030 2355 1102; baseline -0.008 -17"><span class='ocrx_word' id='word_1_167' title='bbox 2108 1050 2194 1087; x_wconf 90' lang='grc' dir='ltr'><strong>ται</strong></span> <span class='ocrx_word' id='word_1_168' title='bbox 2225 1030 2355 1102; x_wconf 88' lang='lat' dir='ltr'><strong>(l9).</strong></span> 
     </span>
    </p>
   </div>
   <div class='ocr_carea' id='block_1_24' title="bbox 2218 1115 3538 1188">
    <p class='ocr_par' dir='ltr' id='par_1_24' title="bbox 2218 1115 3538 1188">
     <span class='ocr_line' id='line_1_24' title="bbox 2218 1115 3538 1188; baseline -0.007 -11"><span class='ocrx_word' id='word_1_169' title='bbox 2218 1121 2302 1188; x_wconf 84' lang='grc' dir='ltr'><strong>Τῷ</strong></span> <span class='ocrx_word' id='word_1_170' title='bbox 2330 1121 2554 1176; x_wconf 79' lang='grc' dir='ltr'><strong>διδόντι</strong></span> <span class='ocrx_word' id='word_1_171' title='bbox 2594 1118 2709 1187; x_wconf 82' lang='grc' dir='ltr'><strong>τὴν</strong></span> <span class='ocrx_word' id='word_1_172' title='bbox 2735 1119 3042 1187; x_wconf 78' lang='grc' dir='ltr'><strong>σωτηρίαν</strong></span> <span class='ocrx_word' id='word_1_173' title='bbox 3068 1117 3192 1183; x_wconf 85' lang='grc' dir='ltr'><strong>τοῖς</strong></span> <span class='ocrx_word' id='word_1_174' title='bbox 3213 1115 3538 1181; x_wconf 82' lang='grc' dir='ltr'><strong>βασιλεῦσι</strong></span> 
     </span>
    </p>
   </div>
   <div class='ocr_carea' id='block_1_25' title="bbox 2189 1205 3665 1282">
    <p class='ocr_par' dir='ltr' id='par_1_25' title="bbox 2189 1205 3665 1282">
     <span class='ocr_line' id='line_1_25' title="bbox 2189 1205 3665 1282; baseline -0.008 -14"><span class='ocrx_word' id='word_1_175' title='bbox 2189 1214 2247 1268; x_wconf 89' lang='grc' dir='ltr'>Ὀ</span> <span class='ocrx_word' id='word_1_176' title='bbox 2277 1213 2490 1278; x_wconf 82' lang='grc' dir='ltr'><strong>διδάξας</strong></span> <span class='ocrx_word' id='word_1_177' title='bbox 2518 1210 2788 1282; x_wconf 87' lang='grc' dir='ltr'><strong>βασιλείαν</strong></span> <span class='ocrx_word' id='word_1_178' title='bbox 2819 1209 3082 1282; x_wconf 82' lang='grc' dir='ltr'><strong>οὐρανῶν,</strong></span> <span class='ocrx_word' id='word_1_179' title='bbox 3117 1208 3350 1278; x_wconf 80' lang='grc' dir='ltr'><strong>βασιλεῖς</strong></span> <span class='ocrx_word' id='word_1_180' title='bbox 3379 1205 3665 1277; x_wconf 71' lang='grc' dir='ltr'><strong>ἐργάζεται</strong></span> 
     </span>
    </p>
   </div>
   <div class='ocr_carea' id='block_1_26' title="bbox 2106 1294 3669 1375">
    <p class='ocr_par' dir='ltr' id='par_1_26' title="bbox 2106 1294 3669 1375">
     <span class='ocr_line' id='line_1_26' title="bbox 2106 1294 3669 1375; baseline -0.01 -15"><span class='ocrx_word' id='word_1_181' title='bbox 2106 1305 2232 1370; x_wconf 76' lang='grc' dir='ltr'><strong>τοὺς</strong></span> <span class='ocrx_word' id='word_1_182' title='bbox 2259 1304 2711 1375; x_wconf 79' lang='grc' dir='ltr'><strong>καταξιουμένους</strong></span> <span class='ocrx_word' id='word_1_183' title='bbox 2739 1302 2932 1372; x_wconf 80' lang='grc' dir='ltr'><strong>αὐτῆς,</strong></span> <span class='ocrx_word' id='word_1_184' title='bbox 2960 1297 3049 1365; x_wconf 77' lang='grc' dir='ltr'><strong>οἷς.</strong></span> <span class='ocrx_word' id='word_1_185' title='bbox 3071 1300 3250 1353; x_wconf 81' lang='grc' dir='ltr'><strong>δίδωσι</strong></span> <span class='ocrx_word' id='word_1_186' title='bbox 3279 1298 3376 1369; x_wconf 81' lang='grc' dir='ltr'><strong>τὴν</strong></span> <span class='ocrx_word' id='word_1_187' title='bbox 3407 1297 3536 1366; x_wconf 81' lang='grc' dir='ltr'><strong>παρ’</strong></span> <span class='ocrx_word' id='word_1_188' title='bbox 3568 1294 3669 1346; x_wconf 87' lang='grc' dir='ltr'><strong>αύ-</strong></span> 
     </span>
    </p>
   </div>
   <div class='ocr_carea' id='block_1_27' title="bbox 2107 1386 3669 1468">
    <p class='ocr_par' dir='ltr' id='par_1_27' title="bbox 2107 1386 3669 1468">
     <span class='ocr_line' id='line_1_27' title="bbox 2107 1386 3669 1468; baseline -0.008 -18"><span class='ocrx_word' id='word_1_189' title='bbox 2107 1395 2202 1450; x_wconf 87' lang='grc' dir='ltr'><strong>τοῦ</strong></span> <span class='ocrx_word' id='word_1_190' title='bbox 2252 1396 2552 1468; x_wconf 74' lang='grc' dir='ltr'><strong>σωτηρίανο</strong></span> <span class='ocrx_word' id='word_1_191' title='bbox 2591 1395 2706 1467; x_wconf 77' lang='grc' dir='ltr'><strong>ἅμα</strong></span> <span class='ocrx_word' id='word_1_192' title='bbox 2746 1394 2804 1448; x_wconf 79' lang='grc' dir='ltr'><strong>δὲ</strong></span> <span class='ocrx_word' id='word_1_193' title='bbox 2855 1390 3227 1464; x_wconf 78' lang='grc' dir='ltr'><strong>κατορθώσασι</strong></span> <span class='ocrx_word' id='word_1_194' title='bbox 3280 1389 3340 1442; x_wconf 84' lang='grc' dir='ltr'><strong>τὺ</strong></span> <span class='ocrx_word' id='word_1_195' title='bbox 3393 1387 3466 1460; x_wconf 82' lang='grc' dir='ltr'><strong>μὴ</strong></span> <span class='ocrx_word' id='word_1_196' title='bbox 3519 1386 3669 1457; x_wconf 87' lang='grc' dir='ltr'><strong>βασι-</strong></span> 
     </span>
    </p>
   </div>
   <div class='ocr_carea' id='block_1_28' title="bbox 2108 1477 3672 1556">
    <p class='ocr_par' dir='ltr' id='par_1_28' title="bbox 2108 1477 3672 1556">
     <span class='ocr_line' id='line_1_28' title="bbox 2108 1477 3672 1556; baseline -0.006 -17"><span class='ocrx_word' id='word_1_197' title='bbox 2108 1484 2354 1539; x_wconf 88' lang='grc' dir='ltr'><strong>λεύεσθαι</strong></span> <span class='ocrx_word' id='word_1_198' title='bbox 2386 1485 2491 1538; x_wconf 83' lang='grc' dir='ltr'><strong>ὑπὸ</strong></span> <span class='ocrx_word' id='word_1_199' title='bbox 2532 1483 2834 1556; x_wconf 81' lang='grc' dir='ltr'><strong>ἁμαρτίας·</strong></span> <span class='ocrx_word' id='word_1_200' title='bbox 2870 1481 3101 1553; x_wconf 85' lang='grc' dir='ltr'><strong>Χριστὸς</strong></span> <span class='ocrx_word' id='word_1_201' title='bbox 3131 1480 3175 1533; x_wconf 81' lang='grc' dir='ltr'><strong>δ’</strong></span> <span class='ocrx_word' id='word_1_202' title='bbox 3202 1481 3349 1533; x_wconf 73' lang='grc' dir='ltr'><strong>ἐστὶν</strong></span> <span class='ocrx_word' id='word_1_203' title='bbox 3381 1481 3408 1532; x_wconf 84' lang='grc' dir='ltr'>ὁ</span> <span class='ocrx_word' id='word_1_204' title='bbox 3435 1479 3492 1530; x_wconf 79' lang='grc' dir='ltr'><strong>ἐν</strong></span> <span class='ocrx_word' id='word_1_205' title='bbox 3531 1477 3672 1549; x_wconf 87' lang='grc' dir='ltr'><strong>Παρ-</strong></span> 
     </span>
    </p>
   </div>
   <div class='ocr_carea' id='block_1_29' title="bbox 2107 1569 3667 1647">
    <p class='ocr_par' dir='ltr' id='par_1_29' title="bbox 2107 1569 3667 1647">
     <span class='ocr_line' id='line_1_29' title="bbox 2107 1569 3667 1647; baseline -0.006 -18"><span class='ocrx_word' id='word_1_206' title='bbox 2107 1578 2312 1647; x_wconf 85' lang='grc' dir='ltr'><strong>οιμίαις</strong></span> <span class='ocrx_word' id='word_1_207' title='bbox 2350 1575 2553 1644; x_wconf 87' lang='grc' dir='ltr'><strong>λέγων·</strong></span> <span class='ocrx_word' id='word_1_208' title='bbox 2591 1577 2670 1629; x_wconf 81' lang='grc' dir='ltr'><strong>Δι’</strong></span> <span class='ocrx_word' id='word_1_209' title='bbox 2715 1573 2860 1643; x_wconf 80' lang='grc' dir='ltr'><strong>ἐμοῦ</strong></span> <span class='ocrx_word' id='word_1_210' title='bbox 2895 1571 3181 1638; x_wconf 80' lang='grc' dir='ltr'><strong>βασιλεῖς</strong></span> <span class='ocrx_word' id='word_1_211' title='bbox 3229 1569 3667 1635; x_wconf 76' lang='grc' dir='ltr'><strong>,βασιλεύουσιο</strong></span> 
     </span>
    </p>
   </div>
   <div class='ocr_carea' id='block_1_30' title="bbox 2111 1659 3672 1740">
    <p class='ocr_par' dir='ltr' id='par_1_30' title="bbox 2111 1659 3672 1740">
     <span class='ocr_line' id='line_1_30' title="bbox 2111 1659 3672 1740; baseline -0.003 -20"><span class='ocrx_word' id='word_1_212' title='bbox 2111 1666 2280 1722; x_wconf 88' lang='grc' dir='ltr'><strong>ταῦτα</strong></span> <span class='ocrx_word' id='word_1_213' title='bbox 2329 1665 2483 1731; x_wconf 86' lang='grc' dir='ltr'><strong>εἰδὼς</strong></span> <span class='ocrx_word' id='word_1_214' title='bbox 2530 1667 2560 1719; x_wconf 86' lang='grc' dir='ltr'><em>ὁ</em></span> <span class='ocrx_word' id='word_1_215' title='bbox 2621 1665 2937 1729; x_wconf 83' lang='grc' dir='ltr'><strong>Ἀπόστολος</strong></span> <span class='ocrx_word' id='word_1_216' title='bbox 2984 1664 3219 1740; x_wconf 75' lang='grc' dir='ltr'><strong>ἔγραφε·</strong></span> <span class='ocrx_word' id='word_1_217' title='bbox 3277 1661 3460 1729; x_wconf 76' lang='grc' dir='ltr'><strong>Χωρὶς</strong></span> <span class='ocrx_word' id='word_1_218' title='bbox 3501 1659 3672 1728; x_wconf 73' lang='grc' dir='ltr'><strong>ἡμῶν</strong></span> 
     </span>
    </p>
   </div>
   <div class='ocr_carea' id='block_1_31' title="bbox 454 1748 2014 1824">
    <p class='ocr_par' dir='ltr' id='par_1_31' title="bbox 454 1748 2004 1820">
     <span class='ocr_line' id='line_1_31' title="bbox 454 1748 2004 1820; baseline -0.001 -18"><span class='ocrx_word' id='word_1_219' title='bbox 454 1769 575 1805; x_wconf 73' lang='grc' dir='ltr'><strong>ιιιιηι</strong></span> <span class='ocrx_word' id='word_1_220' title='bbox 606 1752 961 1820; x_wconf 72' lang='grc' dir='ltr'><strong>τρῃηαυενὶιὶε,</strong></span> <span class='ocrx_word' id='word_1_221' title='bbox 990 1759 1115 1804; x_wconf 78' lang='lat' dir='ltr'><strong>utet</strong></span> <span class='ocrx_word' id='word_1_222' title='bbox 1141 1766 1234 1804; x_wconf 77' lang='lat' dir='ltr'><strong>nos</strong></span> <span class='ocrx_word' id='word_1_223' title='bbox 1266 1750 1526 1804; x_wconf 77' lang='lat' dir='ltr'><strong>vobiscum</strong></span> <span class='ocrx_word' id='word_1_224' title='bbox 1558 1765 1924 1820; x_wconf 77' lang='lat' dir='ltr'><strong>conregnemus</strong></span> <span class='ocrx_word' id='word_1_225' title='bbox 1942 1748 2004 1800; x_wconf 79' lang='lat'><strong>“.</strong></span> 
     </span>
    </p>
   </div>
   <div class='ocr_carea' id='block_1_32' title="bbox 2115 1748 3671 1824">
    <p class='ocr_par' dir='ltr' id='par_1_32' title="bbox 2115 1749 3671 1824">
     <span class='ocr_line' id='line_1_32' title="bbox 2115 1749 3671 1824; baseline -0.006 -14"><span class='ocrx_word' id='word_1_226' title='bbox 2115 1757 2536 1811; x_wconf 76' lang='grc' dir='ltr'><strong>ἐϐασιλεύσατε</strong></span> <span class='ocrx_word' id='word_1_227' title='bbox 2554 1795 2569 1822; x_wconf 95' lang='grc'><strong>,</strong></span> <span class='ocrx_word' id='word_1_228' title='bbox 2611 1755 2711 1810; x_wconf 72' lang='grc' dir='ltr'><strong>καὶ</strong></span> <span class='ocrx_word' id='word_1_229' title='bbox 2752 1754 2976 1824; x_wconf 67' lang='grc' dir='ltr'><strong>ὄφελόν</strong></span> <span class='ocrx_word' id='word_1_230' title='bbox 2997 1771 3062 1824; x_wconf 77' lang='grc' dir='ltr'><strong>γε</strong></span> <span class='ocrx_word' id='word_1_231' title='bbox 3094 1753 3546 1812; x_wconf 78' lang='grc' dir='ltr'><strong>ἐϐασιλεύσατε,</strong></span> <span class='ocrx_word' id='word_1_232' title='bbox 3571 1749 3671 1801; x_wconf 77' lang='grc' dir='ltr'><strong>ἵνα</strong></span> 
     </span>
    </p>
   </div>
   <div class='ocr_carea' id='block_1_33' title="bbox 455 1843 2010 1915">
    <p class='ocr_par' dir='ltr' id='par_1_33' title="bbox 455 1843 2010 1915">
     <span class='ocr_line' id='line_1_33' title="bbox 455 1843 2010 1915; baseline 0.003 -18"><span class='ocrx_word' id='word_1_233' title='bbox 455 1845 726 1913; x_wconf 82' lang='lat' dir='ltr'><strong>Quoniam</strong></span> <span class='ocrx_word' id='word_1_234' title='bbox 774 1859 902 1915; x_wconf 81' lang='lat' dir='ltr'><strong>ergo</strong></span> <span class='ocrx_word' id='word_1_235' title='bbox 945 1845 1027 1899; x_wconf 88' lang='lat' dir='ltr'><strong>his</strong></span> <span class='ocrx_word' id='word_1_236' title='bbox 1050 1843 1278 1898; x_wconf 81' lang='lat' dir='ltr'><strong>salutem</strong></span> <span class='ocrx_word' id='word_1_237' title='bbox 1328 1845 1469 1900; x_wconf 89' lang='lat' dir='ltr'><strong>Deus</strong></span> <span class='ocrx_word' id='word_1_238' title='bbox 1516 1843 1763 1913; x_wconf 81' lang='lat' dir='ltr'><strong>largitur,</strong></span> <span class='ocrx_word' id='word_1_239' title='bbox 1817 1844 2010 1903; x_wconf 88' lang='lat' dir='ltr'><strong>merito</strong></span> 
     </span>
    </p>
   </div>
   <div class='ocr_carea' id='block_1_34' title="bbox 455 1936 2008 2007">
    <p class='ocr_par' dir='ltr' id='par_1_34' title="bbox 455 1936 2008 2007">
     <span class='ocr_line' id='line_1_34' title="bbox 455 1936 2008 2007; baseline 0.001 -16"><span class='ocrx_word' id='word_1_240' title='bbox 455 1939 554 2006; x_wconf 87' lang='lat' dir='ltr'><strong>ipsi</strong></span> <span class='ocrx_word' id='word_1_241' title='bbox 587 1952 804 2007; x_wconf 90' lang='lat' dir='ltr'><strong>quoque</strong></span> <span class='ocrx_word' id='word_1_242' title='bbox 836 1937 1026 1990; x_wconf 89' lang='lat' dir='ltr'><strong>Davidi</strong></span> <span class='ocrx_word' id='word_1_243' title='bbox 1059 1951 1211 2006; x_wconf 88' lang='lat' dir='ltr'><strong>spem</strong></span> <span class='ocrx_word' id='word_1_244' title='bbox 1260 1936 1455 1990; x_wconf 87' lang='lat' dir='ltr'><strong>bonam</strong></span> <span class='ocrx_word' id='word_1_245' title='bbox 1505 1937 1780 1992; x_wconf 85' lang='lat' dir='ltr'><strong>oraculum</strong></span> <span class='ocrx_word' id='word_1_246' title='bbox 1814 1937 2008 2006; x_wconf 83' lang='lat' dir='ltr'><strong>injicit,</strong></span> 
     </span>
    </p>
   </div>
   <div class='ocr_carea' id='block_1_35' title="bbox 453 2028 2013 2097">
    <p class='ocr_par' dir='ltr' id='par_1_35' title="bbox 453 2028 2013 2097">
     <span class='ocr_line' id='line_1_35' title="bbox 453 2028 2013 2097; baseline -0.001 -12"><span class='ocrx_word' id='word_1_247' title='bbox 453 2032 569 2085; x_wconf 81' lang='lat' dir='ltr'><strong>fore</strong></span> <span class='ocrx_word' id='word_1_248' title='bbox 597 2039 712 2084; x_wconf 88' lang='lat' dir='ltr'><strong>uta</strong></span> <span class='ocrx_word' id='word_1_249' title='bbox 749 2029 1009 2097; x_wconf 83' lang='lat' dir='ltr'><strong>peccatis,</strong></span> <span class='ocrx_word' id='word_1_250' title='bbox 1047 2028 1098 2082; x_wconf 94' lang='lat' dir='ltr'><strong>in</strong></span> <span class='ocrx_word' id='word_1_251' title='bbox 1126 2042 1243 2097; x_wconf 69' lang='lat' dir='ltr'><strong>quae</strong></span> <span class='ocrx_word' id='word_1_252' title='bbox 1282 2028 1571 2097; x_wconf 89' lang='lat' dir='ltr'><strong>aliquando</strong></span> <span class='ocrx_word' id='word_1_253' title='bbox 1603 2029 1820 2095; x_wconf 89' lang='lat' dir='ltr'><strong>cecidit,</strong></span> <span class='ocrx_word' id='word_1_254' title='bbox 1872 2029 2013 2083; x_wconf 91' lang='lat' dir='ltr'><strong>redi-</strong></span> 
     </span>
    </p>
   </div>
   <div class='ocr_carea' id='block_1_36' title="bbox 453 2119 2012 2189">
    <p class='ocr_par' dir='ltr' id='par_1_36' title="bbox 453 2119 2012 2189">
     <span class='ocr_line' id='line_1_36' title="bbox 453 2119 2012 2189; baseline -0.001 -12"><span class='ocrx_word' id='word_1_255' title='bbox 453 2131 652 2177; x_wconf 88' lang='lat' dir='ltr'><strong>matur.</strong></span> <span class='ocrx_word' id='word_1_256' title='bbox 712 2120 846 2176; x_wconf 83' lang='lat' dir='ltr'><strong>Nam</strong></span> <span class='ocrx_word' id='word_1_257' title='bbox 898 2119 1060 2176; x_wconf 82' lang='lat' dir='ltr'><strong>Verbi</strong></span> <span class='ocrx_word' id='word_1_258' title='bbox 1115 2121 1206 2175; x_wconf 90' lang='lat' dir='ltr'><strong>Dei</strong></span> <span class='ocrx_word' id='word_1_259' title='bbox 1257 2120 1551 2175; x_wconf 81' lang='lat' dir='ltr'><strong>descensus</strong></span> <span class='ocrx_word' id='word_1_260' title='bbox 1583 2121 1768 2175; x_wconf 88' lang='lat' dir='ltr'><strong>Davidi</strong></span> <span class='ocrx_word' id='word_1_261' title='bbox 1801 2135 2012 2189; x_wconf 90' lang='lat' dir='ltr'><strong>quoque</strong></span> 
     </span>
    </p>
   </div>
   <div class='ocr_carea' id='block_1_37' title="bbox 454 2212 2008 2281">
    <p class='ocr_par' dir='ltr' id='par_1_37' title="bbox 454 2212 2008 2281">
     <span class='ocr_line' id='line_1_37' title="bbox 454 2212 2008 2281; baseline 0 -16"><span class='ocrx_word' id='word_1_262' title='bbox 454 2229 573 2266; x_wconf 86' lang='lat' dir='ltr'><strong>cum</strong></span> <span class='ocrx_word' id='word_1_263' title='bbox 631 2213 752 2267; x_wconf 85' lang='lat' dir='ltr'><strong>aliis</strong></span> <span class='ocrx_word' id='word_1_264' title='bbox 798 2213 1070 2267; x_wconf 76' lang='lat' dir='ltr'><strong>beneficus</strong></span> <span class='ocrx_word' id='word_1_265' title='bbox 1101 2212 1336 2276; x_wconf 84' lang='lat' dir='ltr'><strong>exstitit,</strong></span> <span class='ocrx_word' id='word_1_266' title='bbox 1376 2213 1466 2279; x_wconf 90' lang='lat' dir='ltr'><strong>qui</strong></span> <span class='ocrx_word' id='word_1_267' title='bbox 1505 2213 1775 2268; x_wconf 88' lang='lat' dir='ltr'><strong>nativitati</strong></span> <span class='ocrx_word' id='word_1_268' title='bbox 1811 2213 1925 2281; x_wconf 86' lang='lat' dir='ltr'><strong>ejus</strong></span> <span class='ocrx_word' id='word_1_269' title='bbox 1955 2213 2008 2266; x_wconf 94' lang='lat' dir='ltr'><strong>in</strong></span> 
     </span>
    </p>
   </div>
   <div class='ocr_carea' id='block_1_38' title="bbox 453 2303 904 2358">
    <p class='ocr_par' dir='ltr' id='par_1_38' title="bbox 453 2303 904 2358">
     <span class='ocr_line' id='line_1_38' title="bbox 453 2303 904 2358; baseline 0 -2"><span class='ocrx_word' id='word_1_270' title='bbox 453 2319 617 2358; x_wconf 75' lang='lat' dir='ltr'><strong>carne</strong></span> <span class='ocrx_word' id='word_1_271' title='bbox 640 2303 904 2358; x_wconf 84' lang='lat' dir='ltr'><strong>inserviit.</strong></span> 
     </span>
    </p>
   </div>
   <div class='ocr_carea' id='block_1_39' title="bbox 459 2479 2010 2546">
    <p class='ocr_par' dir='ltr' id='par_1_39' title="bbox 459 2479 2010 2546">
     <span class='ocr_line' id='line_1_39' title="bbox 459 2479 2010 2546; baseline 0.007 -14"><span class='ocrx_word' id='word_1_272' title='bbox 459 2480 622 2538; x_wconf 68' lang='lat' dir='ltr'><strong>Vens.</strong></span> <span class='ocrx_word' id='word_1_273' title='bbox 667 2479 753 2535; x_wconf 72' lang='grc'><strong>10.</strong></span> <span class='ocrx_word' id='word_1_274' title='bbox 797 2479 904 2546; x_wconf 82' lang='lat' dir='ltr'><strong>Qui</strong></span> <span class='ocrx_word' id='word_1_275' title='bbox 942 2481 1149 2534; x_wconf 82' lang='lat' dir='ltr'><strong>redimit</strong></span> <span class='ocrx_word' id='word_1_276' title='bbox 1203 2480 1453 2543; x_wconf 65' lang='lat' dir='ltr'><strong>Davidem</strong></span> <span class='ocrx_word' id='word_1_277' title='bbox 1496 2499 1700 2536; x_wconf 80' lang='lat' dir='ltr'><strong>servum</strong></span> <span class='ocrx_word' id='word_1_278' title='bbox 1758 2501 1911 2539; x_wconf 81' lang='lat' dir='ltr'><strong>suum</strong></span> <span class='ocrx_word' id='word_1_279' title='bbox 1948 2489 2010 2543; x_wconf 82' lang='lat' dir='ltr'><strong>de</strong></span> 
     </span>
    </p>
   </div>
   <div class='ocr_carea' id='block_1_40' title="bbox 1004 2551 1461 2619">
    <p class='ocr_par' dir='ltr' id='par_1_40' title="bbox 1004 2551 1461 2619">
     <span class='ocr_line' id='line_1_40' title="bbox 1004 2551 1461 2619; baseline 0.009 -18"><span class='ocrx_word' id='word_1_280' title='bbox 1004 2551 1182 2619; x_wconf 84' lang='lat' dir='ltr'><strong>gladio</strong></span> <span class='ocrx_word' id='word_1_281' title='bbox 1209 2551 1461 2619; x_wconf 82' lang='lat' dir='ltr'><strong>maligno.</strong></span> 
     </span>
    </p>
   </div>
   <div class='ocr_carea' id='block_1_41' title="bbox 527 2641 2010 2713">
    <p class='ocr_par' dir='ltr' id='par_1_41' title="bbox 527 2641 2010 2713">
     <span class='ocr_line' id='line_1_41' title="bbox 527 2641 2010 2713; baseline 0.005 -16"><span class='ocrx_word' id='word_1_282' title='bbox 527 2641 750 2697; x_wconf 85' lang='lat' dir='ltr'><strong>Gladius</strong></span> <span class='ocrx_word' id='word_1_283' title='bbox 787 2643 1079 2713; x_wconf 81' lang='lat' dir='ltr'><strong>malignus,</strong></span> <span class='ocrx_word' id='word_1_284' title='bbox 1111 2642 1292 2712; x_wconf 81' lang='lat' dir='ltr'><strong>lingua</strong></span> <span class='ocrx_word' id='word_1_285' title='bbox 1348 2653 1430 2697; x_wconf 88' lang='lat' dir='ltr'><strong>est</strong></span> <span class='ocrx_word' id='word_1_286' title='bbox 1474 2646 1778 2711; x_wconf 87' lang='lat' dir='ltr'><strong>atheorum,</strong></span> <span class='ocrx_word' id='word_1_287' title='bbox 1808 2659 1860 2704; x_wconf 89' lang='lat' dir='ltr'><strong>et</strong></span> <span class='ocrx_word' id='word_1_288' title='bbox 1890 2649 2010 2705; x_wconf 91' lang='lat' dir='ltr'><strong>illo-</strong></span> 
     </span>
    </p>
   </div>
   <div class='ocr_carea' id='block_1_42' title="bbox 458 2733 2015 2803">
    <p class='ocr_par' dir='ltr' id='par_1_42' title="bbox 458 2733 2015 2803">
     <span class='ocr_line' id='line_1_42' title="bbox 458 2733 2015 2803; baseline 0.006 -18"><span class='ocrx_word' id='word_1_289' title='bbox 458 2749 575 2788; x_wconf 89' lang='lat' dir='ltr'><strong>rum</strong></span> <span class='ocrx_word' id='word_1_290' title='bbox 606 2749 884 2789; x_wconf 85' lang='lat' dir='ltr'><strong>sermones</strong></span> <span class='ocrx_word' id='word_1_291' title='bbox 912 2733 1002 2803; x_wconf 87' lang='lat' dir='ltr'><strong>qui</strong></span> <span class='ocrx_word' id='word_1_292' title='bbox 1051 2735 1382 2802; x_wconf 79' lang='lat' dir='ltr'><strong>sOphismata</strong></span> <span class='ocrx_word' id='word_1_293' title='bbox 1426 2737 1684 2793; x_wconf 84' lang='lat' dir='ltr'><strong>adversus</strong></span> <span class='ocrx_word' id='word_1_294' title='bbox 1725 2739 1888 2794; x_wconf 90' lang='lat' dir='ltr'><strong>Deum</strong></span> <span class='ocrx_word' id='word_1_295' title='bbox 1918 2755 2015 2794; x_wconf 84' lang='lat' dir='ltr'><strong>ex-</strong></span> 
     </span>
    </p>
   </div>
   <div class='ocr_carea' id='block_1_43' title="bbox 457 2825 2014 2894">
    <p class='ocr_par' dir='ltr' id='par_1_43' title="bbox 457 2825 2014 2894">
     <span class='ocr_line' id='line_1_43' title="bbox 457 2825 2014 2894; baseline 0.005 -17"><span class='ocrx_word' id='word_1_296' title='bbox 457 2826 716 2894; x_wconf 82' lang='lat' dir='ltr'><strong>cogitant,</strong></span> <span class='ocrx_word' id='word_1_297' title='bbox 751 2833 811 2878; x_wconf 89' lang='lat' dir='ltr'><strong>ut</strong></span> <span class='ocrx_word' id='word_1_298' title='bbox 841 2826 1053 2880; x_wconf 87' lang='lat' dir='ltr'><strong>animas</strong></span> <span class='ocrx_word' id='word_1_299' title='bbox 1098 2825 1448 2882; x_wconf 75' lang='lat' dir='ltr'><strong>interficiant.</strong></span> <span class='ocrx_word' id='word_1_300' title='bbox 1495 2827 1683 2884; x_wconf 82' lang='lat' dir='ltr'><strong>Manus</strong></span> <span class='ocrx_word' id='word_1_301' title='bbox 1739 2842 1917 2884; x_wconf 87' lang='lat' dir='ltr'><strong>autem</strong></span> <span class='ocrx_word' id='word_1_302' title='bbox 1952 2832 2014 2885; x_wconf 85' lang='lat' dir='ltr'><strong>li-</strong></span> 
     </span>
    </p>
   </div>
   <div class='ocr_carea' id='block_1_44' title="bbox 460 2914 2010 2990">
    <p class='ocr_par' dir='ltr' id='par_1_44' title="bbox 460 2914 2010 2990">
     <span class='ocr_line' id='line_1_44' title="bbox 460 2914 2010 2990; baseline 0.006 -23"><span class='ocrx_word' id='word_1_303' title='bbox 460 2916 650 2968; x_wconf 90' lang='lat' dir='ltr'><strong>Iiorum</strong></span> <span class='ocrx_word' id='word_1_304' title='bbox 682 2914 1006 2979; x_wconf 86' lang='lat' dir='ltr'><strong>alienorum,</strong></span> <span class='ocrx_word' id='word_1_305' title='bbox 1069 2925 1221 2970; x_wconf 84' lang='lat' dir='ltr'><strong>actus</strong></span> <span class='ocrx_word' id='word_1_306' title='bbox 1267 2928 1391 2970; x_wconf 90' lang='lat' dir='ltr'><strong>sunt</strong></span> <span class='ocrx_word' id='word_1_307' title='bbox 1436 2928 1490 2972; x_wconf 90' lang='lat' dir='ltr'><strong>et</strong></span> <span class='ocrx_word' id='word_1_308' title='bbox 1539 2922 1642 2972; x_wconf 83' lang='lat' dir='ltr'><strong>vita</strong></span> <span class='ocrx_word' id='word_1_309' title='bbox 1681 2920 1891 2975; x_wconf 88' lang='lat' dir='ltr'><strong>illorum</strong></span> <span class='ocrx_word' id='word_1_310' title='bbox 1921 2923 2010 2990; x_wconf 92' lang='lat' dir='ltr'><strong>qui</strong></span> 
     </span>
    </p>
   </div>
   <div class='ocr_carea' id='block_1_45' title="bbox 462 3004 2012 3082">
    <p class='ocr_par' dir='ltr' id='par_1_45' title="bbox 462 3004 2012 3082">
     <span class='ocr_line' id='line_1_45' title="bbox 462 3004 2012 3082; baseline 0.006 -26"><span class='ocrx_word' id='word_1_311' title='bbox 462 3005 556 3058; x_wconf 86' lang='lat' dir='ltr'><strong>Dei</strong></span> <span class='ocrx_word' id='word_1_312' title='bbox 587 3004 730 3059; x_wconf 90' lang='lat' dir='ltr'><strong>cultu</strong></span> <span class='ocrx_word' id='word_1_313' title='bbox 759 3005 916 3060; x_wconf 88' lang='lat' dir='ltr'><strong>alieni</strong></span> <span class='ocrx_word' id='word_1_314' title='bbox 951 3014 1114 3069; x_wconf 87' lang='lat' dir='ltr'><strong>sunt;</strong></span> <span class='ocrx_word' id='word_1_315' title='bbox 1144 3021 1369 3074; x_wconf 90' lang='lat' dir='ltr'><strong>quorum</strong></span> <span class='ocrx_word' id='word_1_316' title='bbox 1401 3024 1462 3063; x_wconf 90' lang='lat' dir='ltr'><strong>os</strong></span> <span class='ocrx_word' id='word_1_317' title='bbox 1496 3009 1759 3064; x_wconf 80' lang='lat' dir='ltr'><strong>fabulosis</strong></span> <span class='ocrx_word' id='word_1_318' title='bbox 1787 3012 2012 3082; x_wconf 79' lang='lat' dir='ltr'><strong>ﬁgmen-</strong></span> 
     </span>
    </p>
   </div>
   <div class='ocr_carea' id='block_1_46' title="bbox 2110 1838 3671 1918">
    <p class='ocr_par' dir='ltr' id='par_1_46' title="bbox 2110 1838 3671 1918">
     <span class='ocr_line' id='line_1_46' title="bbox 2110 1838 3671 1918; baseline -0.005 -16"><span class='ocrx_word' id='word_1_319' title='bbox 2110 1850 2210 1903; x_wconf 81' lang='grc' dir='ltr'><strong>καὶ</strong></span> <span class='ocrx_word' id='word_1_320' title='bbox 2241 1849 2413 1918; x_wconf 72' lang='grc' dir='ltr'><strong>ἡμεῖς</strong></span> <span class='ocrx_word' id='word_1_321' title='bbox 2446 1848 2587 1918; x_wconf 82' lang='grc' dir='ltr'><strong>ὑμῖν</strong></span> <span class='ocrx_word' id='word_1_322' title='bbox 2619 1847 3227 1917; x_wconf 79' lang='grc' dir='ltr'><strong>συμϐασιλεύσωμεν·</strong></span> <span class='ocrx_word' id='word_1_323' title='bbox 3260 1843 3382 1898; x_wconf 72' lang='grc' dir='ltr'><strong>ἐπεὶ</strong></span> <span class='ocrx_word' id='word_1_324' title='bbox 3424 1838 3514 1896; x_wconf 82' lang='grc' dir='ltr'><strong>οῦν</strong></span> <span class='ocrx_word' id='word_1_325' title='bbox 3547 1839 3671 1895; x_wconf 88' lang='grc' dir='ltr'><strong>τού-</strong></span> 
     </span>
    </p>
   </div>
   <div class='ocr_carea' id='block_1_47' title="bbox 2108 1930 3672 2012">
    <p class='ocr_par' dir='ltr' id='par_1_47' title="bbox 2108 1930 3672 2012">
     <span class='ocr_line' id='line_1_47' title="bbox 2108 1930 3672 2012; baseline -0.005 -20"><span class='ocrx_word' id='word_1_326' title='bbox 2108 1956 2221 2003; x_wconf 91' lang='grc' dir='ltr'><strong>τοις</strong></span> <span class='ocrx_word' id='word_1_327' title='bbox 2251 1940 2532 2012; x_wconf 80' lang='grc' dir='ltr'><strong>χαρίζεται</strong></span> <span class='ocrx_word' id='word_1_328' title='bbox 2559 1941 2587 1993; x_wconf 81' lang='grc' dir='ltr'><strong>ὁ</strong></span> <span class='ocrx_word' id='word_1_329' title='bbox 2619 1938 2750 2001; x_wconf 83' lang='grc' dir='ltr'><strong>Θεὸς</strong></span> <span class='ocrx_word' id='word_1_330' title='bbox 2780 1937 2879 2008; x_wconf 82' lang='grc' dir='ltr'><strong>τὴν</strong></span> <span class='ocrx_word' id='word_1_331' title='bbox 2913 1935 3208 2008; x_wconf 82' lang='grc' dir='ltr'><strong>σωτηρίαν,</strong></span> <span class='ocrx_word' id='word_1_332' title='bbox 3233 1934 3456 1997; x_wconf 79' lang='grc' dir='ltr'><strong>εἰκότως</strong></span> <span class='ocrx_word' id='word_1_333' title='bbox 3480 1933 3572 1986; x_wconf 79' lang='grc' dir='ltr'><strong>καὶ</strong></span> <span class='ocrx_word' id='word_1_334' title='bbox 3595 1930 3672 2001; x_wconf 84' lang='grc' dir='ltr'><strong>τῷ</strong></span> 
     </span>
    </p>
   </div>
   <div class='ocr_carea' id='block_1_48' title="bbox 2109 2025 3674 2100">
    <p class='ocr_par' dir='ltr' id='par_1_48' title="bbox 2109 2025 3674 2100">
     <span class='ocr_line' id='line_1_48' title="bbox 2109 2025 3674 2100; baseline -0.004 -16"><span class='ocrx_word' id='word_1_335' title='bbox 2109 2029 2270 2084; x_wconf 81' lang='grc' dir='ltr'><strong>Δαυῒδ</strong></span> <span class='ocrx_word' id='word_1_336' title='bbox 2295 2031 2504 2099; x_wconf 84' lang='grc' dir='ltr'><strong>ἀγαθὰς</strong></span> <span class='ocrx_word' id='word_1_337' title='bbox 2546 2030 2766 2093; x_wconf 74' lang='grc' dir='ltr'><strong>ἐλπίδας</strong></span> <span class='ocrx_word' id='word_1_338' title='bbox 2795 2029 3098 2100; x_wconf 84' lang='grc' dir='ltr'><strong>ὑπογράφει</strong></span> <span class='ocrx_word' id='word_1_339' title='bbox 3131 2027 3192 2080; x_wconf 82' lang='grc' dir='ltr'><strong>τὸ</strong></span> <span class='ocrx_word' id='word_1_340' title='bbox 3218 2027 3428 2094; x_wconf 87' lang='grc' dir='ltr'><strong>λόγιον,</strong></span> <span class='ocrx_word' id='word_1_341' title='bbox 3466 2025 3541 2088; x_wconf 82' lang='grc' dir='ltr'><strong>ὡς</strong></span> <span class='ocrx_word' id='word_1_342' title='bbox 3582 2025 3674 2079; x_wconf 82' lang='grc' dir='ltr'><strong>λυ-</strong></span> 
     </span>
    </p>
   </div>
   <div class='ocr_carea' id='block_1_49' title="bbox 2109 2116 3667 2193">
    <p class='ocr_par' dir='ltr' id='par_1_49' title="bbox 2109 2116 3667 2193">
     <span class='ocr_line' id='line_1_49' title="bbox 2109 2116 3667 2193; baseline -0.003 -19"><span class='ocrx_word' id='word_1_343' title='bbox 2109 2122 2507 2193; x_wconf 76' lang='grc' dir='ltr'><strong>τρωθησομένῳ</strong></span> <span class='ocrx_word' id='word_1_344' title='bbox 2544 2123 2636 2190; x_wconf 82' lang='grc' dir='ltr'><strong>ἀφ’</strong></span> <span class='ocrx_word' id='word_1_345' title='bbox 2670 2118 2744 2176; x_wconf 84' lang='grc' dir='ltr'><strong>ὧν</strong></span> <span class='ocrx_word' id='word_1_346' title='bbox 2790 2120 3006 2174; x_wconf 84' lang='grc' dir='ltr'><strong>πώποτε</strong></span> <span class='ocrx_word' id='word_1_347' title='bbox 3044 2119 3327 2173; x_wconf 83' lang='grc' dir='ltr'><strong>πέπτωκεν</strong></span> <span class='ocrx_word' id='word_1_348' title='bbox 3355 2116 3667 2187; x_wconf 74' lang='grc' dir='ltr'><strong>ἁμαρτιῶνο</strong></span> 
     </span>
    </p>
   </div>
   <div class='ocr_carea' id='block_1_50' title="bbox 2108 2207 3670 2283">
    <p class='ocr_par' dir='ltr' id='par_1_50' title="bbox 2108 2207 3670 2283">
     <span class='ocr_line' id='line_1_50' title="bbox 2108 2207 3670 2283; baseline -0.003 -18"><span class='ocrx_word' id='word_1_349' title='bbox 2108 2215 2141 2282; x_wconf 83' lang='grc' dir='ltr'>ἡ</span> <span class='ocrx_word' id='word_1_350' title='bbox 2171 2212 2279 2283; x_wconf 80' lang='grc' dir='ltr'><strong>γὰρ</strong></span> <span class='ocrx_word' id='word_1_351' title='bbox 2309 2213 2532 2276; x_wconf 84' lang='grc' dir='ltr'><strong>κάθοδος</strong></span> <span class='ocrx_word' id='word_1_352' title='bbox 2565 2211 2658 2265; x_wconf 91' lang='grc' dir='ltr'><strong>τοῦ</strong></span> <span class='ocrx_word' id='word_1_353' title='bbox 2689 2211 2823 2265; x_wconf 89' lang='grc' dir='ltr'><strong>Θεοῦ</strong></span> <span class='ocrx_word' id='word_1_354' title='bbox 2854 2211 3027 2279; x_wconf 84' lang='grc' dir='ltr'><strong>Λόγου</strong></span> <span class='ocrx_word' id='word_1_355' title='bbox 3061 2209 3201 2280; x_wconf 84' lang='grc' dir='ltr'><strong>μετὰ</strong></span> <span class='ocrx_word' id='word_1_356' title='bbox 3234 2209 3342 2261; x_wconf 83' lang='grc' dir='ltr'><strong>τῶν</strong></span> <span class='ocrx_word' id='word_1_357' title='bbox 3367 2207 3538 2260; x_wconf 80' lang='grc' dir='ltr'><strong>ἄλλων</strong></span> <span class='ocrx_word' id='word_1_358' title='bbox 3576 2208 3670 2260; x_wconf 77' lang='grc' dir='ltr'><strong>καὶ</strong></span> 
     </span>
    </p>
   </div>
   <div class='ocr_carea' id='block_1_51' title="bbox 2109 2295 3670 2372">
    <p class='ocr_par' dir='ltr' id='par_1_51' title="bbox 2109 2295 3670 2372">
     <span class='ocr_line' id='line_1_51' title="bbox 2109 2295 3670 2372; baseline -0.005 -18"><span class='ocrx_word' id='word_1_359' title='bbox 2109 2301 2186 2372; x_wconf 80' lang='grc' dir='ltr'><strong>τῷ</strong></span> <span class='ocrx_word' id='word_1_360' title='bbox 2214 2300 2375 2354; x_wconf 76' lang='grc' dir='ltr'><strong>Δαυῖδ</strong></span> <span class='ocrx_word' id='word_1_361' title='bbox 2402 2302 2729 2372; x_wconf 81' lang='grc' dir='ltr'><strong>εύεργητικὴ</strong></span> <span class='ocrx_word' id='word_1_362' title='bbox 2759 2301 3067 2371; x_wconf 88' lang='grc' dir='ltr'><strong>γεγένηται,</strong></span> <span class='ocrx_word' id='word_1_363' title='bbox 3099 2298 3193 2352; x_wconf 85' lang='grc' dir='ltr'><strong>ἆτε</strong></span> <span class='ocrx_word' id='word_1_364' title='bbox 3233 2295 3670 2366; x_wconf 82' lang='grc' dir='ltr'><strong>διακονησαμένῳ</strong></span> 
     </span>
    </p>
   </div>
   <div class='ocr_carea' id='block_1_52' title="bbox 2109 2391 2901 2464">
    <p class='ocr_par' dir='ltr' id='par_1_52' title="bbox 2109 2391 2901 2464">
     <span class='ocr_line' id='line_1_52' title="bbox 2109 2391 2901 2464; baseline -0.003 -19"><span class='ocrx_word' id='word_1_365' title='bbox 2109 2395 2175 2464; x_wconf 79' lang='grc' dir='ltr'><strong>τῇ</strong></span> <span class='ocrx_word' id='word_1_366' title='bbox 2211 2392 2456 2462; x_wconf 82' lang='grc' dir='ltr'><strong>ὲνσάρκῳ</strong></span> <span class='ocrx_word' id='word_1_367' title='bbox 2480 2391 2642 2445; x_wconf 83' lang='grc' dir='ltr'><strong>αὐτοῦ</strong></span> <span class='ocrx_word' id='word_1_368' title='bbox 2676 2391 2901 2460; x_wconf 83' lang='grc' dir='ltr'><strong>γενέσει.</strong></span> 
     </span>
    </p>
   </div>
   <div class='ocr_carea' id='block_1_53' title="bbox 2117 2477 3671 2558">
    <p class='ocr_par' dir='ltr' id='par_1_53' title="bbox 2117 2477 3671 2558">
     <span class='ocr_line' id='line_1_53' title="bbox 2117 2477 3671 2558; baseline -0.005 -21"><span class='ocrx_word' id='word_1_369' title='bbox 2117 2483 2200 2550; x_wconf 85' lang='grc' dir='ltr'><em>Τῷ</em></span> <span class='ocrx_word' id='word_1_370' title='bbox 2229 2483 2608 2553; x_wconf 81' lang='grc' dir='ltr'><strong>λυτρουμένῳ</strong></span> <span class='ocrx_word' id='word_1_371' title='bbox 2637 2483 2818 2558; x_wconf 70' lang='grc' dir='ltr'><strong>Δαοῒδ</strong></span> <span class='ocrx_word' id='word_1_372' title='bbox 2842 2482 2946 2535; x_wconf 83' lang='grc' dir='ltr'><strong>τὸν</strong></span> <span class='ocrx_word' id='word_1_373' title='bbox 2973 2480 3196 2558; x_wconf 66' lang='grc' dir='ltr'><strong>δοῦλον</strong></span> <span class='ocrx_word' id='word_1_374' title='bbox 3228 2478 3412 2534; x_wconf 85' lang='grc' dir='ltr'><strong>αὐτοῦ</strong></span> <span class='ocrx_word' id='word_1_375' title='bbox 3440 2477 3508 2531; x_wconf 81' lang='grc' dir='ltr'><strong>ἐκ</strong></span> <span class='ocrx_word' id='word_1_376' title='bbox 3526 2478 3671 2546; x_wconf 79' lang='grc' dir='ltr'><strong>ῥομ-</strong></span> 
     </span>
    </p>
   </div>
   <div class='ocr_carea' id='block_1_54' title="bbox 2638 2555 3140 2621">
    <p class='ocr_par' dir='ltr' id='par_1_54' title="bbox 2638 2555 3140 2621">
     <span class='ocr_line' id='line_1_54' title="bbox 2638 2555 3140 2621; baseline -0.004 -15"><span class='ocrx_word' id='word_1_377' title='bbox 2638 2555 2820 2621; x_wconf 68' lang='grc' dir='ltr'><strong>φαίας</strong></span> <span class='ocrx_word' id='word_1_378' title='bbox 2855 2555 3140 2619; x_wconf 78' lang='grc' dir='ltr'><strong>πονηρᾶς.</strong></span> 
     </span>
    </p>
   </div>
   <div class='ocr_carea' id='block_1_55' title="bbox 2193 2639 3672 2717">
    <p class='ocr_par' dir='ltr' id='par_1_55' title="bbox 2193 2639 3672 2717">
     <span class='ocr_line' id='line_1_55' title="bbox 2193 2639 3672 2717; baseline -0.005 -19"><span class='ocrx_word' id='word_1_379' title='bbox 2193 2644 2461 2716; x_wconf 86' lang='grc' dir='ltr'><strong>Ῥομφαία</strong></span> <span class='ocrx_word' id='word_1_380' title='bbox 2488 2644 2699 2717; x_wconf 82' lang='grc' dir='ltr'><strong>πονηρά</strong></span> <span class='ocrx_word' id='word_1_381' title='bbox 2738 2648 2773 2716; x_wconf 83' lang='grc' dir='ltr'>ἡ</span> <span class='ocrx_word' id='word_1_382' title='bbox 2811 2644 3026 2712; x_wconf 82' lang='grc' dir='ltr'><strong>γλῶττά</strong></span> <span class='ocrx_word' id='word_1_383' title='bbox 3057 2646 3172 2695; x_wconf 75' lang='grc' dir='ltr'><strong>ἐστι</strong></span> <span class='ocrx_word' id='word_1_384' title='bbox 3201 2642 3308 2694; x_wconf 86' lang='grc' dir='ltr'><strong>τῶν</strong></span> <span class='ocrx_word' id='word_1_385' title='bbox 3348 2639 3544 2704; x_wconf 80' lang='grc' dir='ltr'><strong>ἀθέων,</strong></span> <span class='ocrx_word' id='word_1_386' title='bbox 3580 2640 3672 2692; x_wconf 75' lang='grc' dir='ltr'><strong>καὶ</strong></span> 
     </span>
    </p>
   </div>
   <div class='ocr_carea' id='block_1_56' title="bbox 2111 2731 3674 2808">
    <p class='ocr_par' dir='ltr' id='par_1_56' title="bbox 2111 2731 3674 2808">
     <span class='ocr_line' id='line_1_56' title="bbox 2111 2731 3674 2808; baseline -0.004 -18"><span class='ocrx_word' id='word_1_387' title='bbox 2111 2737 2162 2790; x_wconf 87' lang='grc' dir='ltr'><strong>οἱ</strong></span> <span class='ocrx_word' id='word_1_388' title='bbox 2187 2736 2335 2805; x_wconf 86' lang='grc' dir='ltr'><strong>λόγοι</strong></span> <span class='ocrx_word' id='word_1_389' title='bbox 2363 2735 2469 2789; x_wconf 86' lang='grc' dir='ltr'><strong>τῶν</strong></span> <span class='ocrx_word' id='word_1_390' title='bbox 2495 2735 2563 2789; x_wconf 86' lang='grc' dir='ltr'><strong>τὰ</strong></span> <span class='ocrx_word' id='word_1_391' title='bbox 2606 2737 2911 2808; x_wconf 76' lang='grc' dir='ltr'><strong>σοφίσματα</strong></span> <span class='ocrx_word' id='word_1_392' title='bbox 2940 2734 3078 2789; x_wconf 84' lang='grc' dir='ltr'><strong>κατὰ</strong></span> <span class='ocrx_word' id='word_1_393' title='bbox 3121 2732 3214 2788; x_wconf 89' lang='grc' dir='ltr'><strong>τοῦ</strong></span> <span class='ocrx_word' id='word_1_394' title='bbox 3252 2732 3386 2786; x_wconf 86' lang='grc' dir='ltr'><strong>Θεοῦ</strong></span> <span class='ocrx_word' id='word_1_395' title='bbox 3420 2731 3674 2803; x_wconf 76' lang='grc' dir='ltr'><strong>μελετών-</strong></span> 
     </span>
    </p>
   </div>
   <div class='ocr_carea' id='block_1_57' title="bbox 2111 2821 3670 2897">
    <p class='ocr_par' dir='ltr' id='par_1_57' title="bbox 2111 2821 3670 2897">
     <span class='ocr_line' id='line_1_57' title="bbox 2111 2821 3670 2897; baseline -0.006 -17"><span class='ocrx_word' id='word_1_396' title='bbox 2111 2845 2220 2881; x_wconf 89' lang='grc' dir='ltr'><strong>των</strong></span> <span class='ocrx_word' id='word_1_397' title='bbox 2257 2829 2336 2890; x_wconf 87' lang='grc' dir='ltr'><strong>εἰς</strong></span> <span class='ocrx_word' id='word_1_398' title='bbox 2361 2826 2422 2879; x_wconf 85' lang='grc' dir='ltr'><strong>τὸ</strong></span> <span class='ocrx_word' id='word_1_399' title='bbox 2456 2824 2698 2895; x_wconf 83' lang='grc' dir='ltr'><strong>φονεύειν</strong></span> <span class='ocrx_word' id='word_1_400' title='bbox 2725 2824 2920 2895; x_wconf 79' lang='grc' dir='ltr'><strong>ψυχάς·</strong></span> <span class='ocrx_word' id='word_1_401' title='bbox 2964 2824 3082 2897; x_wconf 78' lang='grc' dir='ltr'><strong>χεὶρ</strong></span> <span class='ocrx_word' id='word_1_402' title='bbox 3107 2823 3164 2876; x_wconf 80' lang='grc' dir='ltr'><strong>δὲ</strong></span> <span class='ocrx_word' id='word_1_403' title='bbox 3192 2821 3320 2876; x_wconf 84' lang='grc' dir='ltr'><strong>υἰῶν</strong></span> <span class='ocrx_word' id='word_1_404' title='bbox 3360 2821 3670 2893; x_wconf 82' lang='grc' dir='ltr'><strong>ἀλλοτρίων,</strong></span> 
     </span>
    </p>
   </div>
   <div class='ocr_carea' id='block_1_58' title="bbox 2115 2905 3674 2988">
    <p class='ocr_par' dir='ltr' id='par_1_58' title="bbox 2115 2905 3674 2988">
     <span class='ocr_line' id='line_1_58' title="bbox 2115 2905 3674 2988; baseline -0.004 -19"><span class='ocrx_word' id='word_1_405' title='bbox 2115 2913 2310 2988; x_wconf 79' lang='grc' dir='ltr'><strong>πρᾶξις</strong></span> <span class='ocrx_word' id='word_1_406' title='bbox 2341 2916 2435 2971; x_wconf 77' lang='grc' dir='ltr'><strong>καί⁹</strong></span> <span class='ocrx_word' id='word_1_407' title='bbox 2463 2917 2490 2969; x_wconf 89' lang='grc' dir='ltr'>ὁ</span> <span class='ocrx_word' id='word_1_408' title='bbox 2515 2916 2626 2987; x_wconf 85' lang='grc' dir='ltr'><strong>βίος</strong></span> <span class='ocrx_word' id='word_1_409' title='bbox 2653 2915 2759 2969; x_wconf 84' lang='grc' dir='ltr'><strong>τῶν</strong></span> <span class='ocrx_word' id='word_1_410' title='bbox 2796 2915 3088 2987; x_wconf 85' lang='grc' dir='ltr'><strong>ἀλλοτρίων</strong></span> <span class='ocrx_word' id='word_1_411' title='bbox 3119 2917 3219 2985; x_wconf 87' lang='grc' dir='ltr'><strong>τῆς</strong></span> <span class='ocrx_word' id='word_1_412' title='bbox 3247 2913 3574 2974; x_wconf 76' lang='grc' dir='ltr'><strong>θεοσεϐείας,</strong></span> <span class='ocrx_word' id='word_1_413' title='bbox 3601 2905 3674 2965; x_wconf 81' lang='grc' dir='ltr'><strong>ὧν</strong></span> 
     </span>
    </p>
   </div>
   <div class='ocr_carea' id='block_1_59' title="bbox 2116 3003 3677 3081">
    <p class='ocr_par' dir='ltr' id='par_1_59' title="bbox 2116 3003 3677 3081">
     <span class='ocr_line' id='line_1_59' title="bbox 2116 3003 3677 3081; baseline -0.004 -19"><span class='ocrx_word' id='word_1_414' title='bbox 2116 3012 2172 3063; x_wconf 84' lang='grc' dir='ltr'><strong>ἐν</strong></span> <span class='ocrx_word' id='word_1_415' title='bbox 2214 3009 2401 3081; x_wconf 82' lang='grc' dir='ltr'><strong>μύθοις</strong></span> <span class='ocrx_word' id='word_1_416' title='bbox 2432 3007 2817 3079; x_wconf 83' lang='grc' dir='ltr'><strong>ἀναπλάσμασι</strong></span> <span class='ocrx_word' id='word_1_417' title='bbox 2849 3009 2942 3060; x_wconf 79' lang='grc' dir='ltr'><strong>καὶ</strong></span> <span class='ocrx_word' id='word_1_418' title='bbox 2967 3010 3086 3070; x_wconf 84' lang='grc' dir='ltr'><strong>ταῖς</strong></span> <span class='ocrx_word' id='word_1_419' title='bbox 3117 3008 3245 3078; x_wconf 82' lang='grc' dir='ltr'><strong>περὶ</strong></span> <span class='ocrx_word' id='word_1_420' title='bbox 3273 3004 3502 3058; x_wconf 85' lang='grc' dir='ltr'><strong>εἰδώλων</strong></span> <span class='ocrx_word' id='word_1_421' title='bbox 3544 3003 3677 3056; x_wconf 81' lang='grc' dir='ltr'><strong>πλά-</strong></span> 
     </span>
    </p>
   </div>
   <div class='ocr_carea' id='block_1_60' title="bbox 463 3096 2014 3172">
    <p class='ocr_par' dir='ltr' id='par_1_60' title="bbox 463 3096 2011 3168">
     <span class='ocr_line' id='line_1_60' title="bbox 463 3096 2011 3168; baseline 0.008 -21"><span class='ocrx_word' id='word_1_422' title='bbox 463 3099 530 3151; x_wconf 89' lang='lat' dir='ltr'><strong>tis</strong></span> <span class='ocrx_word' id='word_1_423' title='bbox 561 3106 615 3151; x_wconf 85' lang='lat' dir='ltr'><strong>et</strong></span> <span class='ocrx_word' id='word_1_424' title='bbox 645 3096 907 3151; x_wconf 90' lang='lat' dir='ltr'><strong>idolorum</strong></span> <span class='ocrx_word' id='word_1_425' title='bbox 957 3099 1237 3153; x_wconf 87' lang='lat' dir='ltr'><strong>erroribus</strong></span> <span class='ocrx_word' id='word_1_426' title='bbox 1284 3098 1519 3168; x_wconf 90' lang='lat' dir='ltr'><strong>loquitur</strong></span> <span class='ocrx_word' id='word_1_427' title='bbox 1559 3103 1847 3158; x_wconf 81' lang='lat' dir='ltr'><strong>vanitates.</strong></span> <span class='ocrx_word' id='word_1_428' title='bbox 1906 3103 2011 3159; x_wconf 89' lang='lat' dir='ltr'><strong>Ho-</strong></span> 
     </span>
    </p>
   </div>
   <div class='ocr_carea' id='block_1_61' title="bbox 2115 3096 3674 3172">
    <p class='ocr_par' dir='ltr' id='par_1_61' title="bbox 2115 3097 3674 3172">
     <span class='ocr_line' id='line_1_61' title="bbox 2115 3097 3674 3172; baseline -0.003 -19"><span class='ocrx_word' id='word_1_429' title='bbox 2115 3119 2228 3165; x_wconf 84' lang='grc' dir='ltr'><strong>ναις</strong></span> <span class='ocrx_word' id='word_1_430' title='bbox 2254 3101 2315 3153; x_wconf 81' lang='grc' dir='ltr'><strong>τὸ</strong></span> <span class='ocrx_word' id='word_1_431' title='bbox 2344 3101 2516 3172; x_wconf 80' lang='grc' dir='ltr'><strong>στόμα</strong></span> <span class='ocrx_word' id='word_1_432' title='bbox 2544 3099 2695 3154; x_wconf 87' lang='grc' dir='ltr'><strong>λαλεῖ</strong></span> <span class='ocrx_word' id='word_1_433' title='bbox 2733 3101 3094 3170; x_wconf 86' lang='grc' dir='ltr'><strong>ματαιότητας</strong></span> <span class='ocrx_word' id='word_1_434' title='bbox 3113 3115 3125 3126; x_wconf 80' lang='grc'><strong><em>⁸</em></strong></span> <span class='ocrx_word' id='word_1_435' title='bbox 3155 3097 3357 3151; x_wconf 82' lang='grc' dir='ltr'><strong>τούτων</strong></span> <span class='ocrx_word' id='word_1_436' title='bbox 3385 3097 3440 3150; x_wconf 81' lang='grc' dir='ltr'><strong>δὲ</strong></span> <span class='ocrx_word' id='word_1_437' title='bbox 3475 3097 3566 3150; x_wconf 74' lang='grc' dir='ltr'><strong>καὶ</strong></span> <span class='ocrx_word' id='word_1_438' title='bbox 3587 3097 3674 3148; x_wconf 83' lang='grc' dir='ltr'><strong>δε-</strong></span> 
     </span>
    </p>
   </div>
   <div class='ocr_carea' id='block_1_62' title="bbox 462 3189 2016 3260">
    <p class='ocr_par' dir='ltr' id='par_1_62' title="bbox 462 3189 2016 3260">
     <span class='ocr_line' id='line_1_62' title="bbox 462 3189 2016 3260; baseline 0.006 -20"><span class='ocrx_word' id='word_1_439' title='bbox 462 3203 576 3240; x_wconf 86' lang='lat' dir='ltr'><strong>rum</strong></span> <span class='ocrx_word' id='word_1_440' title='bbox 609 3189 772 3242; x_wconf 88' lang='lat' dir='ltr'><strong>etiam</strong></span> <span class='ocrx_word' id='word_1_441' title='bbox 802 3190 1042 3256; x_wconf 78' lang='lat' dir='ltr'><strong>dextera,</strong></span> <span class='ocrx_word' id='word_1_442' title='bbox 1075 3190 1124 3242; x_wconf 86' lang='lat' dir='ltr'><strong>id</strong></span> <span class='ocrx_word' id='word_1_443' title='bbox 1155 3199 1238 3244; x_wconf 91' lang='lat' dir='ltr'><strong>est</strong></span> <span class='ocrx_word' id='word_1_444' title='bbox 1268 3190 1350 3244; x_wconf 88' lang='lat' dir='ltr'><strong>vis</strong></span> <span class='ocrx_word' id='word_1_445' title='bbox 1377 3193 1675 3260; x_wconf 87' lang='lat' dir='ltr'><strong>operosior,</strong></span> <span class='ocrx_word' id='word_1_446' title='bbox 1706 3195 1930 3249; x_wconf 86' lang='lat' dir='ltr'><strong>avaritia</strong></span> <span class='ocrx_word' id='word_1_447' title='bbox 1961 3205 2016 3250; x_wconf 90' lang='lat' dir='ltr'><strong>et</strong></span> 
     </span>
    </p>
   </div>
   <div class='ocr_carea' id='block_1_63' title="bbox 465 3278 2014 3357">
    <p class='ocr_par' dir='ltr' id='par_1_63' title="bbox 465 3278 2014 3357">
     <span class='ocr_line' id='line_1_63' title="bbox 465 3278 2014 3357; baseline 0.008 -28"><span class='ocrx_word' id='word_1_448' title='bbox 465 3278 666 3346; x_wconf 89' lang='lat' dir='ltr'><strong>rapinis</strong></span> <span class='ocrx_word' id='word_1_449' title='bbox 696 3289 1008 3348; x_wconf 81' lang='lat' dir='ltr'><strong>occupatur.</strong></span> <span class='ocrx_word' id='word_1_450' title='bbox 1038 3280 1357 3350; x_wconf 73' lang='lat' dir='ltr'><strong>Huiusmodi</strong></span> <span class='ocrx_word' id='word_1_451' title='bbox 1403 3293 1558 3337; x_wconf 88' lang='lat' dir='ltr'><strong>erant</strong></span> <span class='ocrx_word' id='word_1_452' title='bbox 1607 3285 1803 3353; x_wconf 89' lang='lat' dir='ltr'><strong>prioris</strong></span> <span class='ocrx_word' id='word_1_453' title='bbox 1836 3287 2014 3357; x_wconf 82' lang='lat' dir='ltr'><strong>populi</strong></span> 
     </span>
    </p>
   </div>
   <div class='ocr_carea' id='block_1_64' title="bbox 464 3369 2016 3441">
    <p class='ocr_par' dir='ltr' id='par_1_64' title="bbox 464 3369 2016 3441">
     <span class='ocr_line' id='line_1_64' title="bbox 464 3369 2016 3441; baseline 0.006 -19"><span class='ocrx_word' id='word_1_454' title='bbox 464 3369 730 3435; x_wconf 81' lang='lat' dir='ltr'><strong>homines,</strong></span> <span class='ocrx_word' id='word_1_455' title='bbox 759 3369 913 3422; x_wconf 89' lang='lat' dir='ltr'><strong>sicuti</strong></span> <span class='ocrx_word' id='word_1_456' title='bbox 947 3370 1146 3425; x_wconf 87' lang='lat' dir='ltr'><strong>dictum</strong></span> <span class='ocrx_word' id='word_1_457' title='bbox 1175 3381 1277 3426; x_wconf 86' lang='lat' dir='ltr'><strong>est.</strong></span> <span class='ocrx_word' id='word_1_458' title='bbox 1313 3372 1387 3427; x_wconf 85' lang='lat' dir='ltr'><strong>Ex</strong></span> <span class='ocrx_word' id='word_1_459' title='bbox 1424 3373 1640 3441; x_wconf 87' lang='lat' dir='ltr'><strong>hisjam</strong></span> <span class='ocrx_word' id='word_1_460' title='bbox 1666 3392 1807 3430; x_wconf 92' lang='lat' dir='ltr'><strong>nunc</strong></span> <span class='ocrx_word' id='word_1_461' title='bbox 1842 3378 2016 3433; x_wconf 90' lang='lat' dir='ltr'><strong>denuo</strong></span> 
     </span>
    </p>
   </div>
   <div class='ocr_carea' id='block_1_65' title="bbox 461 3459 2018 3539">
    <p class='ocr_par' dir='ltr' id='par_1_65' title="bbox 461 3459 2018 3539">
     <span class='ocr_line' id='line_1_65' title="bbox 461 3459 2018 3539; baseline 0.009 -28"><span class='ocrx_word' id='word_1_462' title='bbox 461 3470 583 3514; x_wconf 86' lang='lat' dir='ltr'><strong>urat</strong></span> <span class='ocrx_word' id='word_1_463' title='bbox 637 3459 801 3514; x_wconf 82' lang='lat' dir='ltr'><strong>David</strong></span> <span class='ocrx_word' id='word_1_464' title='bbox 851 3476 912 3516; x_wconf 88' lang='lat' dir='ltr'><strong>se</strong></span> <span class='ocrx_word' id='word_1_465' title='bbox 958 3463 1114 3532; x_wconf 88' lang='lat' dir='ltr'><strong>eripi,</strong></span> <span class='ocrx_word' id='word_1_466' title='bbox 1164 3479 1232 3518; x_wconf 91' lang='lat' dir='ltr'><strong>ne</strong></span> <span class='ocrx_word' id='word_1_467' title='bbox 1270 3465 1383 3533; x_wconf 88' lang='lat' dir='ltr'><strong>pari</strong></span> <span class='ocrx_word' id='word_1_468' title='bbox 1430 3477 1768 3534; x_wconf 86' lang='lat' dir='ltr'><strong>peccatorum</strong></span> <span class='ocrx_word' id='word_1_469' title='bbox 1820 3484 2018 3539; x_wconf 76' lang='lat' dir='ltr'><strong>genere</strong></span> 
     </span>
    </p>
   </div>
   <div class='ocr_carea' id='block_1_66' title="bbox 465 3551 758 3606">
    <p class='ocr_par' dir='ltr' id='par_1_66' title="bbox 465 3551 758 3606">
     <span class='ocr_line' id='line_1_66' title="bbox 465 3551 758 3606; baseline 0.01 -4"><span class='ocrx_word' id='word_1_470' title='bbox 465 3551 758 3606; x_wconf 86' lang='lat' dir='ltr'><strong>irretiatur.</strong></span> 
     </span>
    </p>
   </div>
   <div class='ocr_carea' id='block_1_67' title="bbox 468 3643 2017 3728">
    <p class='ocr_par' dir='ltr' id='par_1_67' title="bbox 468 3643 2017 3728">
     <span class='ocr_line' id='line_1_67' title="bbox 468 3643 2017 3728; baseline 0.006 -28"><span class='ocrx_word' id='word_1_471' title='bbox 468 3643 627 3700; x_wconf 75' lang='lat' dir='ltr'><strong>Vens.</strong></span> <span class='ocrx_word' id='word_1_472' title='bbox 658 3643 746 3699; x_wconf 73' lang='grc'><strong>12.</strong></span> <span class='ocrx_word' id='word_1_473' title='bbox 792 3643 1029 3728; x_wconf 70' lang='lat' dir='ltr'><strong>Quorum</strong></span> <span class='ocrx_word' id='word_1_474' title='bbox 1073 3647 1174 3728; x_wconf 68' lang='lat' dir='ltr'><strong>filii</strong></span> <span class='ocrx_word' id='word_1_475' title='bbox 1223 3648 1356 3701; x_wconf 78' lang='lat' dir='ltr'><strong>sicut</strong></span> <span class='ocrx_word' id='word_1_476' title='bbox 1411 3649 1626 3705; x_wconf 63' lang='lat' dir='ltr'><strong>novella</strong></span> <span class='ocrx_word' id='word_1_477' title='bbox 1668 3651 2017 3718; x_wconf 76' lang='lat' dir='ltr'><strong>plantationes</strong></span> 
     </span>
    </p>
   </div>
   <div class='ocr_carea' id='block_1_68' title="bbox 989 3729 1494 3785">
    <p class='ocr_par' dir='ltr' id='par_1_68' title="bbox 989 3729 1494 3785">
     <span class='ocr_line' id='line_1_68' title="bbox 989 3729 1494 3785; baseline 0.006 -17"><span class='ocrx_word' id='word_1_478' title='bbox 989 3733 1045 3769; x_wconf 81' lang='grc' dir='ltr'><strong>ιη</strong></span> <span class='ocrx_word' id='word_1_479' title='bbox 1075 3729 1345 3785; x_wconf 75' lang='lat' dir='ltr'><strong>Juvemute</strong></span> <span class='ocrx_word' id='word_1_480' title='bbox 1377 3735 1494 3771; x_wconf 76' lang='grc' dir='ltr'><strong>ειω.</strong></span> 
     </span>
    </p>
   </div>
   <div class='ocr_carea' id='block_1_69' title="bbox 532 3803 2015 3876">
    <p class='ocr_par' dir='ltr' id='par_1_69' title="bbox 532 3803 2015 3876">
     <span class='ocr_line' id='line_1_69' title="bbox 532 3803 2015 3876; baseline 0.006 -19"><span class='ocrx_word' id='word_1_481' title='bbox 532 3803 647 3858; x_wconf 81' lang='lat' dir='ltr'><strong>Non</strong></span> <span class='ocrx_word' id='word_1_482' title='bbox 681 3805 878 3874; x_wconf 87' lang='lat' dir='ltr'><strong>prioris</strong></span> <span class='ocrx_word' id='word_1_483' title='bbox 912 3809 1278 3860; x_wconf 87' lang='lat' dir='ltr'><strong>tantummodo</strong></span> <span class='ocrx_word' id='word_1_484' title='bbox 1299 3811 1474 3876; x_wconf 89' lang='lat' dir='ltr'><strong>populi</strong></span> <span class='ocrx_word' id='word_1_485' title='bbox 1512 3810 1629 3874; x_wconf 78' lang='lat' dir='ltr'><strong>lilii,</strong></span> <span class='ocrx_word' id='word_1_486' title='bbox 1665 3813 1755 3864; x_wconf 84' lang='lat' dir='ltr'><strong>sed</strong></span> <span class='ocrx_word' id='word_1_487' title='bbox 1777 3813 2015 3866; x_wconf 91' lang='lat' dir='ltr'><strong>omnium</strong></span> 
     </span>
    </p>
   </div>
   <div class='ocr_carea' id='block_1_70' title="bbox 462 3897 2021 3969">
    <p class='ocr_par' dir='ltr' id='par_1_70' title="bbox 462 3897 2021 3969">
     <span class='ocr_line' id='line_1_70' title="bbox 462 3897 2021 3969; baseline 0.005 -20"><span class='ocrx_word' id='word_1_488' title='bbox 462 3911 492 3949; x_wconf 85' lang='lat' dir='ltr'><strong>a</strong></span> <span class='ocrx_word' id='word_1_489' title='bbox 536 3897 627 3950; x_wconf 88' lang='lat' dir='ltr'><strong>Dei</strong></span> <span class='ocrx_word' id='word_1_490' title='bbox 656 3897 800 3950; x_wconf 88' lang='lat' dir='ltr'><strong>cultu</strong></span> <span class='ocrx_word' id='word_1_491' title='bbox 835 3897 1160 3962; x_wconf 89' lang='lat' dir='ltr'><strong>alienorum,</strong></span> <span class='ocrx_word' id='word_1_492' title='bbox 1195 3913 1294 3952; x_wconf 89' lang='lat' dir='ltr'><strong>ceu</strong></span> <span class='ocrx_word' id='word_1_493' title='bbox 1328 3915 1478 3953; x_wconf 68' lang='lat' dir='ltr'><strong>novre</strong></span> <span class='ocrx_word' id='word_1_494' title='bbox 1505 3901 1869 3969; x_wconf 83' lang='lat' dir='ltr'><strong>plantationes</strong></span> <span class='ocrx_word' id='word_1_495' title='bbox 1895 3912 2021 3958; x_wconf 88' lang='lat' dir='ltr'><strong>sunt</strong></span> 
     </span>
    </p>
   </div>
   <div class='ocr_carea' id='block_1_71' title="bbox 463 3986 2017 4054">
    <p class='ocr_par' dir='ltr' id='par_1_71' title="bbox 463 3986 2017 4054">
     <span class='ocr_line' id='line_1_71' title="bbox 463 3986 2017 4054; baseline 0.003 -13"><span class='ocrx_word' id='word_1_496' title='bbox 463 3989 517 4041; x_wconf 92' lang='lat' dir='ltr'><strong>in</strong></span> <span class='ocrx_word' id='word_1_497' title='bbox 544 3987 824 4054; x_wconf 72' lang='lat' dir='ltr'><strong>iuventute</strong></span> <span class='ocrx_word' id='word_1_498' title='bbox 851 4003 969 4042; x_wconf 87' lang='lat' dir='ltr'><strong>sua.</strong></span> <span class='ocrx_word' id='word_1_499' title='bbox 1001 3986 1138 4042; x_wconf 83' lang='lat' dir='ltr'><strong>Justi</strong></span> <span class='ocrx_word' id='word_1_500' title='bbox 1169 3997 1346 4042; x_wconf 90' lang='lat' dir='ltr'><strong>autem</strong></span> <span class='ocrx_word' id='word_1_501' title='bbox 1385 3991 1617 4043; x_wconf 84' lang='lat' dir='ltr'><strong>hominis</strong></span> <span class='ocrx_word' id='word_1_502' title='bbox 1647 4005 1774 4044; x_wconf 88' lang='lat' dir='ltr'><strong>caro</strong></span> <span class='ocrx_word' id='word_1_503' title='bbox 1805 3991 2017 4045; x_wconf 79' lang='lat' dir='ltr'><strong>infirma</strong></span> 
     </span>
    </p>
   </div>
   <div class='ocr_carea' id='block_1_72' title="bbox 461 4075 2018 4151">
    <p class='ocr_par' dir='ltr' id='par_1_72' title="bbox 461 4075 2018 4151">
     <span class='ocr_line' id='line_1_72' title="bbox 461 4075 2018 4151; baseline 0.002 -19"><span class='ocrx_word' id='word_1_504' title='bbox 461 4087 562 4142; x_wconf 86' lang='lat' dir='ltr'><strong>est,</strong></span> <span class='ocrx_word' id='word_1_505' title='bbox 595 4086 648 4130; x_wconf 90' lang='lat' dir='ltr'><strong>et</strong></span> <span class='ocrx_word' id='word_1_506' title='bbox 691 4075 808 4143; x_wconf 87' lang='lat' dir='ltr'><strong>ejus</strong></span> <span class='ocrx_word' id='word_1_507' title='bbox 845 4077 1038 4132; x_wconf 86' lang='lat' dir='ltr'><strong>mentis</strong></span> <span class='ocrx_word' id='word_1_508' title='bbox 1081 4076 1253 4132; x_wconf 78' lang='lat' dir='ltr'><strong>fastus</strong></span> <span class='ocrx_word' id='word_1_509' title='bbox 1292 4089 1591 4134; x_wconf 89' lang='lat' dir='ltr'><strong>emortuus.</strong></span> <span class='ocrx_word' id='word_1_510' title='bbox 1647 4079 1884 4145; x_wconf 88' lang='lat' dir='ltr'><strong>Illorum,</strong></span> <span class='ocrx_word' id='word_1_511' title='bbox 1928 4082 2018 4151; x_wconf 91' lang='lat' dir='ltr'><strong>qui</strong></span> 
     </span>
    </p>
   </div>
   <div class='ocr_carea' id='block_1_73' title="bbox 434 4173 2019 4247">
    <p class='ocr_par' dir='ltr' id='par_1_73' title="bbox 434 4173 2019 4247">
     <span class='ocr_line' id='line_1_73' title="bbox 434 4173 2019 4247; baseline 0.003 -17"><span class='ocrx_word' id='word_1_512' title='bbox 434 4175 530 4230; x_wconf 69' lang='lat' dir='ltr'><strong>~de</strong></span> <span class='ocrx_word' id='word_1_513' title='bbox 579 4173 989 4228; x_wconf 87' lang='lat' dir='ltr'><strong>circumcisione</strong></span> <span class='ocrx_word' id='word_1_514' title='bbox 1049 4184 1195 4240; x_wconf 86' lang='lat' dir='ltr'><strong>sunt,</strong></span> <span class='ocrx_word' id='word_1_515' title='bbox 1251 4176 1374 4231; x_wconf 72' lang='lat' dir='ltr'><strong>lilia:</strong></span> <span class='ocrx_word' id='word_1_516' title='bbox 1434 4192 1646 4247; x_wconf 87' lang='lat' dir='ltr'><strong>quoque</strong></span> <span class='ocrx_word' id='word_1_517' title='bbox 1711 4179 2019 4234; x_wconf 88' lang='lat' dir='ltr'><strong>meretricio</strong></span> 
     </span>
    </p>
   </div>
   <div class='ocr_carea' id='block_1_74' title="bbox 463 4266 2020 4338">
    <p class='ocr_par' dir='ltr' id='par_1_74' title="bbox 463 4266 2020 4338">
     <span class='ocr_line' id='line_1_74' title="bbox 463 4266 2020 4338; baseline 0.005 -22"><span class='ocrx_word' id='word_1_518' title='bbox 463 4278 614 4318; x_wconf 88' lang='lat' dir='ltr'><strong>more</strong></span> <span class='ocrx_word' id='word_1_519' title='bbox 645 4272 768 4317; x_wconf 86' lang='lat' dir='ltr'><strong>sunt</strong></span> <span class='ocrx_word' id='word_1_520' title='bbox 801 4272 1096 4329; x_wconf 66' lang='lat' dir='ltr'><strong>exornatae,</strong></span> <span class='ocrx_word' id='word_1_521' title='bbox 1125 4267 1192 4319; x_wconf 91' lang='lat' dir='ltr'><strong>ad</strong></span> <span class='ocrx_word' id='word_1_522' title='bbox 1235 4266 1416 4335; x_wconf 90' lang='lat' dir='ltr'><strong>templi</strong></span> <span class='ocrx_word' id='word_1_523' title='bbox 1457 4268 1742 4338; x_wconf 75' lang='lat' dir='ltr'><strong>imaginem</strong></span> <span class='ocrx_word' id='word_1_524' title='bbox 1777 4269 1866 4324; x_wconf 90' lang='lat' dir='ltr'><strong>ubi</strong></span> <span class='ocrx_word' id='word_1_525' title='bbox 1911 4270 2020 4338; x_wconf 78' lang='lat' dir='ltr'><strong>spi-</strong></span> 
     </span>
    </p>
   </div>
   <div class='ocr_carea' id='block_1_75' title="bbox 463 4353 2014 4429">
    <p class='ocr_par' dir='ltr' id='par_1_75' title="bbox 463 4353 2014 4429">
     <span class='ocr_line' id='line_1_75' title="bbox 463 4353 2014 4429; baseline 0.005 -22"><span class='ocrx_word' id='word_1_526' title='bbox 463 4353 598 4407; x_wconf 86' lang='lat' dir='ltr'><strong>r&#39;itus</strong></span> <span class='ocrx_word' id='word_1_527' title='bbox 630 4356 800 4409; x_wconf 88' lang='lat' dir='ltr'><strong>malus</strong></span> <span class='ocrx_word' id='word_1_528' title='bbox 829 4356 1110 4411; x_wconf 85' lang='lat' dir='ltr'><strong>inhabitat.</strong></span> <span class='ocrx_word' id='word_1_529' title='bbox 1144 4355 1266 4410; x_wconf 90' lang='lat' dir='ltr'><strong>Ideo</strong></span> <span class='ocrx_word' id='word_1_530' title='bbox 1293 4358 1361 4413; x_wconf 89' lang='lat' dir='ltr'><strong>de</strong></span> <span class='ocrx_word' id='word_1_531' title='bbox 1391 4357 1494 4412; x_wconf 90' lang='lat' dir='ltr'><strong>illis</strong></span> <span class='ocrx_word' id='word_1_532' title='bbox 1539 4360 1669 4412; x_wconf 90' lang='lat' dir='ltr'><strong>dicit</strong></span> <span class='ocrx_word' id='word_1_533' title='bbox 1717 4362 1972 4429; x_wconf 88' lang='lat' dir='ltr'><strong>propheta</strong></span> <span class='ocrx_word' id='word_1_534' title='bbox 2000 4380 2014 4415; x_wconf 91' lang='lat'><strong>:</strong></span> 
     </span>
    </p>
   </div>
   <div class='ocr_carea' id='block_1_76' title="bbox 2119 3187 3677 3263">
    <p class='ocr_par' dir='ltr' id='par_1_76' title="bbox 2119 3187 3677 3263">
     <span class='ocr_line' id='line_1_76' title="bbox 2119 3187 3677 3263; baseline -0.003 -20"><span class='ocrx_word' id='word_1_535' title='bbox 2119 3191 2225 3256; x_wconf 82' lang='grc' dir='ltr'><strong>ξιὰ,</strong></span> <span class='ocrx_word' id='word_1_536' title='bbox 2251 3193 2520 3246; x_wconf 77' lang='grc' dir='ltr'><strong>τουτέστιν</strong></span> <span class='ocrx_word' id='word_1_537' title='bbox 2549 3195 2580 3263; x_wconf 81' lang='grc' dir='ltr'>ἠ</span> <span class='ocrx_word' id='word_1_538' title='bbox 2611 3191 3029 3261; x_wconf 83' lang='grc' dir='ltr'><strong>πρακτικωτέρα</strong></span> <span class='ocrx_word' id='word_1_539' title='bbox 3065 3189 3310 3259; x_wconf 88' lang='grc' dir='ltr'><strong>δύναμις,</strong></span> <span class='ocrx_word' id='word_1_540' title='bbox 3343 3188 3468 3258; x_wconf 74' lang='grc' dir='ltr'><strong>περὶ</strong></span> <span class='ocrx_word' id='word_1_541' title='bbox 3492 3187 3677 3240; x_wconf 60' lang='grc' dir='ltr'><strong>πλεονη</strong></span> 
     </span>
    </p>
   </div>
   <div class='ocr_carea' id='block_1_77' title="bbox 2116 3273 3677 3354">
    <p class='ocr_par' dir='ltr' id='par_1_77' title="bbox 2116 3273 3677 3354">
     <span class='ocr_line' id='line_1_77' title="bbox 2116 3273 3677 3354; baseline -0.004 -18"><span class='ocrx_word' id='word_1_542' title='bbox 2116 3284 2262 3350; x_wconf 82' lang='grc' dir='ltr'><strong>εξίας</strong></span> <span class='ocrx_word' id='word_1_543' title='bbox 2320 3283 2415 3336; x_wconf 76' lang='grc' dir='ltr'><strong>καὶ</strong></span> <span class='ocrx_word' id='word_1_544' title='bbox 2463 3283 2714 3354; x_wconf 80' lang='grc' dir='ltr'><strong>ἁρπαγὰς</strong></span> <span class='ocrx_word' id='word_1_545' title='bbox 2753 3280 3076 3351; x_wconf 85' lang='grc' dir='ltr'><strong>ἀσχολεῖται.</strong></span> <span class='ocrx_word' id='word_1_546' title='bbox 3106 3279 3346 3332; x_wconf 89' lang='grc' dir='ltr'><strong>Τοιοῦτοι</strong></span> <span class='ocrx_word' id='word_1_547' title='bbox 3384 3279 3429 3330; x_wconf 85' lang='grc' dir='ltr'><strong>δ’</strong></span> <span class='ocrx_word' id='word_1_548' title='bbox 3470 3279 3535 3331; x_wconf 83' lang='grc' dir='ltr'><strong>ἂν</strong></span> <span class='ocrx_word' id='word_1_549' title='bbox 3569 3273 3677 3330; x_wconf 79' lang='grc' dir='ltr'><strong>εΙεν</strong></span> 
     </span>
    </p>
   </div>
   <div class='ocr_carea' id='block_1_78' title="bbox 2117 3367 3676 3446">
    <p class='ocr_par' dir='ltr' id='par_1_78' title="bbox 2117 3367 3676 3446">
     <span class='ocr_line' id='line_1_78' title="bbox 2117 3367 3676 3446; baseline -0.004 -18"><span class='ocrx_word' id='word_1_550' title='bbox 2117 3377 2209 3428; x_wconf 74' lang='grc' dir='ltr'><strong>καὶ</strong></span> <span class='ocrx_word' id='word_1_551' title='bbox 2244 3377 2290 3428; x_wconf 84' lang='grc' dir='ltr'><strong>οἱ</strong></span> <span class='ocrx_word' id='word_1_552' title='bbox 2331 3375 2395 3428; x_wconf 85' lang='grc' dir='ltr'><strong>ὲκ</strong></span> <span class='ocrx_word' id='word_1_553' title='bbox 2425 3375 2518 3428; x_wconf 87' lang='grc' dir='ltr'><strong>τοῦ</strong></span> <span class='ocrx_word' id='word_1_554' title='bbox 2559 3374 2822 3446; x_wconf 80' lang='grc' dir='ltr'><strong>προτέρου</strong></span> <span class='ocrx_word' id='word_1_555' title='bbox 2863 3373 3012 3432; x_wconf 87' lang='grc' dir='ltr'><strong>λαοῦ,</strong></span> <span class='ocrx_word' id='word_1_556' title='bbox 3057 3371 3177 3424; x_wconf 77' lang='grc' dir='ltr'><strong>καθ’</strong></span> <span class='ocrx_word' id='word_1_557' title='bbox 3215 3371 3250 3423; x_wconf 79' lang='grc' dir='ltr'>ἃ</span> <span class='ocrx_word' id='word_1_558' title='bbox 3289 3369 3529 3439; x_wconf 79' lang='grc' dir='ltr'><strong>εἴρηται·</strong></span> <span class='ocrx_word' id='word_1_559' title='bbox 3570 3367 3676 3421; x_wconf 76' lang='grc' dir='ltr'><strong>ἀπὸ</strong></span> 
     </span>
    </p>
   </div>
   <div class='ocr_carea' id='block_1_79' title="bbox 2115 3459 3678 3536">
    <p class='ocr_par' dir='ltr' id='par_1_79' title="bbox 2115 3459 3678 3536">
     <span class='ocr_line' id='line_1_79' title="bbox 2115 3459 3678 3536; baseline -0.008 -15"><span class='ocrx_word' id='word_1_560' title='bbox 2115 3468 2316 3521; x_wconf 89' lang='grc' dir='ltr'><strong>τούτων</strong></span> <span class='ocrx_word' id='word_1_561' title='bbox 2333 3463 2425 3520; x_wconf 78' lang='grc' dir='ltr'><strong>οὖν</strong></span> <span class='ocrx_word' id='word_1_562' title='bbox 2444 3467 2536 3519; x_wconf 74' lang='grc' dir='ltr'><strong>ἐπὶ</strong></span> <span class='ocrx_word' id='word_1_563' title='bbox 2553 3466 2645 3518; x_wconf 90' lang='grc' dir='ltr'><strong>τοῦ</strong></span> <span class='ocrx_word' id='word_1_564' title='bbox 2669 3465 2929 3536; x_wconf 82' lang='grc' dir='ltr'><strong>παρόντος</strong></span> <span class='ocrx_word' id='word_1_565' title='bbox 2945 3464 3040 3535; x_wconf 73' lang='grc' dir='ltr'><strong>ἤδη</strong></span> <span class='ocrx_word' id='word_1_566' title='bbox 3061 3462 3307 3531; x_wconf 86' lang='grc' dir='ltr'><strong>δεύτερον</strong></span> <span class='ocrx_word' id='word_1_567' title='bbox 3335 3464 3362 3513; x_wconf 91' lang='grc' dir='ltr'>ὁ</span> <span class='ocrx_word' id='word_1_568' title='bbox 3390 3459 3549 3513; x_wconf 81' lang='grc' dir='ltr'><strong>Δαυῖδ</strong></span> <span class='ocrx_word' id='word_1_569' title='bbox 3584 3461 3678 3529; x_wconf 81' lang='grc' dir='ltr'><strong>ῥυ-</strong></span> 
     </span>
    </p>
   </div>
   <div class='ocr_carea' id='block_1_80' title="bbox 2119 3552 3673 3630">
    <p class='ocr_par' dir='ltr' id='par_1_80' title="bbox 2119 3552 3673 3630">
     <span class='ocr_line' id='line_1_80' title="bbox 2119 3552 3673 3630; baseline -0.007 -16"><span class='ocrx_word' id='word_1_570' title='bbox 2119 3560 2308 3630; x_wconf 85' lang='grc' dir='ltr'><strong>σθῆναι</strong></span> <span class='ocrx_word' id='word_1_571' title='bbox 2336 3557 2570 3628; x_wconf 77' lang='grc' dir='ltr'><strong>εῦχεται,</strong></span> <span class='ocrx_word' id='word_1_572' title='bbox 2589 3557 2675 3610; x_wconf 81' lang='grc' dir='ltr'><strong>ἵνα</strong></span> <span class='ocrx_word' id='word_1_573' title='bbox 2701 3556 2772 3628; x_wconf 83' lang='grc' dir='ltr'><strong>μὴ</strong></span> <span class='ocrx_word' id='word_1_574' title='bbox 2787 3555 2898 3626; x_wconf 84' lang='grc' dir='ltr'><strong>άλῷ</strong></span> <span class='ocrx_word' id='word_1_575' title='bbox 2920 3559 3028 3618; x_wconf 86' lang='grc' dir='ltr'><strong>τοῖς</strong></span> <span class='ocrx_word' id='word_1_576' title='bbox 3047 3554 3250 3623; x_wconf 79' lang='grc' dir='ltr'><strong>ὁμοίοις</strong></span> <span class='ocrx_word' id='word_1_577' title='bbox 3271 3552 3673 3622; x_wconf 79' lang='grc' dir='ltr'><strong>ἁμαρτήμασιν.</strong></span> 
     </span>
    </p>
   </div>
   <div class='ocr_carea' id='block_1_81' title="bbox 2115 3641 3677 3735">
    <p class='ocr_par' dir='ltr' id='par_1_81' title="bbox 2115 3641 3677 3735">
     <span class='ocr_line' id='line_1_81' title="bbox 2115 3641 3677 3735; baseline -0.008 -30"><span class='ocrx_word' id='word_1_578' title='bbox 2115 3647 2226 3705; x_wconf 81' lang='grc' dir='ltr'><strong>Ὧν</strong></span> <span class='ocrx_word' id='word_1_579' title='bbox 2263 3653 2317 3705; x_wconf 84' lang='grc' dir='ltr'><strong>οἰ</strong></span> <span class='ocrx_word' id='word_1_580' title='bbox 2362 3649 2477 3702; x_wconf 85' lang='grc' dir='ltr'><strong>υἱοί</strong></span> <span class='ocrx_word' id='word_1_581' title='bbox 2506 3650 2586 3714; x_wconf 86' lang='grc' dir='ltr'><strong>ὡς</strong></span> <span class='ocrx_word' id='word_1_582' title='bbox 2620 3645 3195 3735; x_wconf 51' lang='grc' dir='ltr'><strong>νεόφυτᾳέδρυμένα</strong></span> <span class='ocrx_word' id='word_1_583' title='bbox 3233 3644 3302 3696; x_wconf 83' lang='grc' dir='ltr'><strong>ἐν</strong></span> <span class='ocrx_word' id='word_1_584' title='bbox 3331 3641 3405 3710; x_wconf 73' lang='grc' dir='ltr'><strong>τῇ</strong></span> <span class='ocrx_word' id='word_1_585' title='bbox 3445 3643 3677 3709; x_wconf 83' lang='grc' dir='ltr'><strong>νεότητι</strong></span> 
     </span>
    </p>
   </div>
   <div class='ocr_carea' id='block_1_82' title="bbox 2789 3734 3004 3771">
    <p class='ocr_par' dir='ltr' id='par_1_82' title="bbox 2789 3734 3004 3771">
     <span class='ocr_line' id='line_1_82' title="bbox 2789 3734 3004 3771; baseline -0.014 0"><span class='ocrx_word' id='word_1_586' title='bbox 2789 3734 2864 3771; x_wconf 80' lang='lat' dir='ltr'><strong>av</strong></span> <span class='ocrx_word' id='word_1_587' title='bbox 2871 3734 3004 3770; x_wconf 79' lang='grc' dir='ltr'><strong>των.</strong></span> 
     </span>
    </p>
   </div>
   <div class='ocr_carea' id='block_1_83' title="bbox 2188 3804 3681 3885">
    <p class='ocr_par' dir='ltr' id='par_1_83' title="bbox 2188 3804 3681 3885">
     <span class='ocr_line' id='line_1_83' title="bbox 2188 3804 3681 3885; baseline -0.009 -17"><span class='ocrx_word' id='word_1_588' title='bbox 2188 3813 2294 3867; x_wconf 89' lang='grc' dir='ltr'><strong>Τοῦ</strong></span> <span class='ocrx_word' id='word_1_589' title='bbox 2323 3813 2587 3885; x_wconf 82' lang='grc' dir='ltr'><strong>προτέρου</strong></span> <span class='ocrx_word' id='word_1_590' title='bbox 2609 3809 2741 3865; x_wconf 89' lang='grc' dir='ltr'><strong>λαοῦ</strong></span> <span class='ocrx_word' id='word_1_591' title='bbox 2767 3811 2814 3863; x_wconf 86' lang='grc' dir='ltr'><strong>οἱ</strong></span> <span class='ocrx_word' id='word_1_592' title='bbox 2837 3809 2942 3862; x_wconf 71' lang='grc' dir='ltr'><strong>υἱοὶ</strong></span> <span class='ocrx_word' id='word_1_593' title='bbox 2966 3809 3026 3861; x_wconf 82' lang='grc' dir='ltr'><strong>ού</strong></span> <span class='ocrx_word' id='word_1_594' title='bbox 3065 3807 3242 3878; x_wconf 86' lang='grc' dir='ltr'><strong>μόνον,</strong></span> <span class='ocrx_word' id='word_1_595' title='bbox 3268 3805 3400 3859; x_wconf 85' lang='grc' dir='ltr'><strong>ἀλλὰ</strong></span> <span class='ocrx_word' id='word_1_596' title='bbox 3433 3805 3525 3858; x_wconf 71' lang='grc' dir='ltr'><strong>καὶ</strong></span> <span class='ocrx_word' id='word_1_597' title='bbox 3554 3804 3681 3856; x_wconf 81' lang='grc' dir='ltr'><strong>πάν-</strong></span> 
     </span>
    </p>
   </div>
   <div class='ocr_carea' id='block_1_84' title="bbox 2116 3895 3680 3973">
    <p class='ocr_par' dir='ltr' id='par_1_84' title="bbox 2116 3895 3680 3973">
     <span class='ocr_line' id='line_1_84' title="bbox 2116 3895 3680 3973; baseline -0.009 -15"><span class='ocrx_word' id='word_1_598' title='bbox 2116 3922 2221 3958; x_wconf 90' lang='grc' dir='ltr'><strong>των</strong></span> <span class='ocrx_word' id='word_1_599' title='bbox 2246 3904 2353 3956; x_wconf 83' lang='grc' dir='ltr'><strong>τῶν</strong></span> <span class='ocrx_word' id='word_1_600' title='bbox 2379 3902 2672 3973; x_wconf 85' lang='grc' dir='ltr'><strong>ἀλλοτρίων</strong></span> <span class='ocrx_word' id='word_1_601' title='bbox 2718 3901 2817 3970; x_wconf 78' lang='grc' dir='ltr'><strong>τῆς</strong></span> <span class='ocrx_word' id='word_1_602' title='bbox 2845 3897 3148 3961; x_wconf 79' lang='grc' dir='ltr'><strong>θεοσεϐείας</strong></span> <span class='ocrx_word' id='word_1_603' title='bbox 3181 3897 3255 3960; x_wconf 82' lang='grc' dir='ltr'><strong>ὡς</strong></span> <span class='ocrx_word' id='word_1_604' title='bbox 3282 3895 3511 3964; x_wconf 79' lang='grc' dir='ltr'><strong>νεόφυτά</strong></span> <span class='ocrx_word' id='word_1_605' title='bbox 3536 3895 3680 3946; x_wconf 75' lang='grc' dir='ltr'><strong>ἐστιν</strong></span> 
     </span>
    </p>
   </div>
   <div class='ocr_carea' id='block_1_85' title="bbox 2121 3983 3675 4066">
    <p class='ocr_par' dir='ltr' id='par_1_85' title="bbox 2121 3983 3675 4066">
     <span class='ocr_line' id='line_1_85' title="bbox 2121 3983 3675 4066; baseline -0.007 -21"><span class='ocrx_word' id='word_1_606' title='bbox 2121 3993 2377 4066; x_wconf 80' lang='grc' dir='ltr'><strong>ἱδρυμένα</strong></span> <span class='ocrx_word' id='word_1_607' title='bbox 2422 3995 2479 4046; x_wconf 84' lang='grc' dir='ltr'><strong>ὲν</strong></span> <span class='ocrx_word' id='word_1_608' title='bbox 2534 3995 2600 4063; x_wconf 80' lang='grc' dir='ltr'><strong>τῇ</strong></span> <span class='ocrx_word' id='word_1_609' title='bbox 2648 3992 2856 4062; x_wconf 87' lang='grc' dir='ltr'><strong>νεότητι</strong></span> <span class='ocrx_word' id='word_1_610' title='bbox 2899 3988 3105 4042; x_wconf 76' lang='grc' dir='ltr'><strong>αὐτῶν·</strong></span> <span class='ocrx_word' id='word_1_611' title='bbox 3161 3986 3252 4039; x_wconf 91' lang='grc' dir='ltr'><strong>τοῦ</strong></span> <span class='ocrx_word' id='word_1_612' title='bbox 3299 3985 3354 4037; x_wconf 79' lang='grc' dir='ltr'><strong>δὲ</strong></span> <span class='ocrx_word' id='word_1_613' title='bbox 3396 3983 3603 4037; x_wconf 81' lang='grc' dir='ltr'><strong>δικαίου</strong></span> <span class='ocrx_word' id='word_1_614' title='bbox 3641 3984 3675 4052; x_wconf 82' lang='grc' dir='ltr'><strong>ἡ</strong></span> 
     </span>
    </p>
   </div>
   <div class='ocr_carea' id='block_1_86' title="bbox 2119 4079 3680 4157">
    <p class='ocr_par' dir='ltr' id='par_1_86' title="bbox 2119 4079 3680 4157">
     <span class='ocr_line' id='line_1_86' title="bbox 2119 4079 3680 4157; baseline -0.009 -18"><span class='ocrx_word' id='word_1_615' title='bbox 2119 4084 2255 4157; x_wconf 82' lang='grc' dir='ltr'><strong>σάρξ</strong></span> <span class='ocrx_word' id='word_1_616' title='bbox 2285 4087 2432 4140; x_wconf 74' lang='grc' dir='ltr'><strong>ἐστιν</strong></span> <span class='ocrx_word' id='word_1_617' title='bbox 2469 4085 2718 4155; x_wconf 77' lang='grc' dir='ltr'><strong>ἀσθενὴς,</strong></span> <span class='ocrx_word' id='word_1_618' title='bbox 2753 4084 2844 4137; x_wconf 64' lang='grc' dir='ltr'><strong>καὶ⁹</strong></span> <span class='ocrx_word' id='word_1_619' title='bbox 2878 4082 2937 4135; x_wconf 78' lang='grc' dir='ltr'><strong>τὸ</strong></span> <span class='ocrx_word' id='word_1_620' title='bbox 2971 4079 3222 4152; x_wconf 79' lang='grc' dir='ltr'><strong>φρόνημά</strong></span> <span class='ocrx_word' id='word_1_621' title='bbox 3267 4081 3381 4131; x_wconf 76' lang='grc' dir='ltr'><strong>ἐστι</strong></span> <span class='ocrx_word' id='word_1_622' title='bbox 3417 4091 3680 4143; x_wconf 83' lang='grc' dir='ltr'><strong>νενεκρω-</strong></span> 
     </span>
    </p>
   </div>
   <div class='ocr_carea' id='block_1_87' title="bbox 2122 4166 3681 4247">
    <p class='ocr_par' dir='ltr' id='par_1_87' title="bbox 2122 4166 3681 4247">
     <span class='ocr_line' id='line_1_87' title="bbox 2122 4166 3681 4247; baseline -0.01 -16"><span class='ocrx_word' id='word_1_623' title='bbox 2122 4177 2312 4247; x_wconf 80' lang='grc' dir='ltr'><strong>μένον·</strong></span> <span class='ocrx_word' id='word_1_624' title='bbox 2347 4178 2549 4232; x_wconf 89' lang='grc' dir='ltr'><strong>τούτων</strong></span> <span class='ocrx_word' id='word_1_625' title='bbox 2589 4177 2698 4231; x_wconf 86' lang='grc' dir='ltr'><strong>τῶν</strong></span> <span class='ocrx_word' id='word_1_626' title='bbox 2737 4177 2801 4230; x_wconf 83' lang='grc' dir='ltr'><strong>ὲκ</strong></span> <span class='ocrx_word' id='word_1_627' title='bbox 2843 4173 3144 4247; x_wconf 83' lang='grc' dir='ltr'><strong>περιτομῆς</strong></span> <span class='ocrx_word' id='word_1_628' title='bbox 3175 4171 3268 4224; x_wconf 73' lang='grc' dir='ltr'><strong>καὶ</strong></span> <span class='ocrx_word' id='word_1_629' title='bbox 3300 4170 3355 4221; x_wconf 87' lang='grc' dir='ltr'><strong>αἰ</strong></span> <span class='ocrx_word' id='word_1_630' title='bbox 3389 4166 3681 4236; x_wconf 81' lang='grc' dir='ltr'><strong>θυγατέρες</strong></span> 
     </span>
    </p>
   </div>
   <div class='ocr_carea' id='block_1_88' title="bbox 2119 4260 3681 4342">
    <p class='ocr_par' dir='ltr' id='par_1_88' title="bbox 2119 4260 3681 4342">
     <span class='ocr_line' id='line_1_88' title="bbox 2119 4260 3681 4342; baseline -0.006 -21"><span class='ocrx_word' id='word_1_631' title='bbox 2119 4270 2406 4342; x_wconf 79' lang='grc' dir='ltr'><strong>ἑταιρικῶς</strong></span> <span class='ocrx_word' id='word_1_632' title='bbox 2450 4273 2557 4324; x_wconf 91' lang='grc' dir='ltr'><strong>εἰσι</strong></span> <span class='ocrx_word' id='word_1_633' title='bbox 2598 4267 3005 4338; x_wconf 82' lang='grc' dir='ltr'><strong>κεκοσμημέναι</strong></span> <span class='ocrx_word' id='word_1_634' title='bbox 3051 4265 3125 4327; x_wconf 87' lang='grc' dir='ltr'><strong>ὡς</strong></span> <span class='ocrx_word' id='word_1_635' title='bbox 3165 4263 3417 4333; x_wconf 81' lang='grc' dir='ltr'><strong>ὁμοίωμα</strong></span> <span class='ocrx_word' id='word_1_636' title='bbox 3455 4260 3585 4314; x_wconf 87' lang='grc' dir='ltr'><strong>ναοῦ</strong></span> <span class='ocrx_word' id='word_1_637' title='bbox 3624 4261 3681 4312; x_wconf 86' lang='grc' dir='ltr'><strong>ὲν</strong></span> 
     </span>
    </p>
   </div>
   <div class='ocr_carea' id='block_1_89' title="bbox 2117 4352 3682 4432">
    <p class='ocr_par' dir='ltr' id='par_1_89' title="bbox 2117 4352 3682 4432">
     <span class='ocr_line' id='line_1_89' title="bbox 2117 4352 3682 4432; baseline -0.008 -17"><span class='ocrx_word' id='word_1_638' title='bbox 2117 4353 2161 4431; x_wconf 68' lang='grc' dir='ltr'>ᾧ</span> <span class='ocrx_word' id='word_1_639' title='bbox 2198 4362 2429 4432; x_wconf 85' lang='grc' dir='ltr'><strong>πονηρὸν</strong></span> <span class='ocrx_word' id='word_1_640' title='bbox 2469 4359 2683 4430; x_wconf 89' lang='grc' dir='ltr'><strong>πνεῦμα</strong></span> <span class='ocrx_word' id='word_1_641' title='bbox 2723 4360 2952 4410; x_wconf 68' lang='grc' dir='ltr'><strong>ἐνοικεῖ⁸</strong></span> <span class='ocrx_word' id='word_1_642' title='bbox 2987 4357 3067 4410; x_wconf 85' lang='grc' dir='ltr'><strong>διό</strong></span> <span class='ocrx_word' id='word_1_643' title='bbox 3109 4371 3240 4425; x_wconf 80' lang='grc' dir='ltr'><strong>φησι</strong></span> <span class='ocrx_word' id='word_1_644' title='bbox 3281 4355 3407 4425; x_wconf 71' lang='grc' dir='ltr'><strong>περὶ</strong></span> <span class='ocrx_word' id='word_1_645' title='bbox 3439 4352 3614 4405; x_wconf 80' lang='grc' dir='ltr'><strong>αὐτῶν</strong></span> <span class='ocrx_word' id='word_1_646' title='bbox 3653 4353 3682 4403; x_wconf 85' lang='grc' dir='ltr'>ὁ</span> 
     </span>
    </p>
   </div>
   <div class='ocr_carea' id='block_1_90' title="bbox 463 4437 2014 4521">
    <p class='ocr_par' dir='ltr' id='par_1_90' title="bbox 463 4445 2012 4516">
     <span class='ocr_line' id='line_1_90' title="bbox 463 4445 2012 4516; baseline 0.005 -18"><span class='ocrx_word' id='word_1_647' title='bbox 463 4445 750 4507; x_wconf 79' lang='lat' dir='ltr'><strong>Propterea</strong></span> <span class='ocrx_word' id='word_1_648' title='bbox 803 4447 1127 4501; x_wconf 78' lang='lat' dir='ltr'><strong>incesserunt</strong></span> <span class='ocrx_word' id='word_1_649' title='bbox 1171 4448 1300 4516; x_wconf 75' lang='lat' dir='ltr'><strong>ﬁlice</strong></span> <span class='ocrx_word' id='word_1_650' title='bbox 1347 4447 1520 4504; x_wconf 77' lang='lat' dir='ltr'><strong>Sionis</strong></span> <span class='ocrx_word' id='word_1_651' title='bbox 1571 4459 1742 4504; x_wconf 81' lang='lat' dir='ltr'><strong>erecto</strong></span> <span class='ocrx_word' id='word_1_652' title='bbox 1784 4452 1938 4515; x_wconf 84' lang='lat' dir='ltr'><strong>collo,</strong></span> <span class='ocrx_word' id='word_1_653' title='bbox 1965 4463 2012 4506; x_wconf 79' lang='lat' dir='ltr'><strong>et</strong></span> 
     </span>
    </p>
   </div>
   <div class='ocr_carea' id='block_1_91' title="bbox 2115 4437 3683 4521">
    <p class='ocr_par' dir='ltr' id='par_1_91' title="bbox 2117 4437 3683 4521">
     <span class='ocr_line' id='line_1_91' title="bbox 2117 4437 3683 4521; baseline -0.009 -18"><span class='ocrx_word' id='word_1_654' title='bbox 2117 4451 2430 4521; x_wconf 79' lang='grc' dir='ltr'><strong>προφήτηςο</strong></span> <span class='ocrx_word' id='word_1_655' title='bbox 2492 4450 2633 4502; x_wconf 78' lang='grc' dir='ltr'><strong>Ἁνθ’</strong></span> <span class='ocrx_word' id='word_1_656' title='bbox 2677 4440 2764 4500; x_wconf 87' lang='grc' dir='ltr'><strong>ὧν</strong></span> <span class='ocrx_word' id='word_1_657' title='bbox 2807 4445 3220 4514; x_wconf 77' lang='grc' dir='ltr'><strong>ἐπορεύθησαν</strong></span> <span class='ocrx_word' id='word_1_658' title='bbox 3265 4443 3324 4493; x_wconf 85' lang='grc' dir='ltr'><strong>αὶ</strong></span> <span class='ocrx_word' id='word_1_659' title='bbox 3369 4437 3683 4507; x_wconf 69' lang='grc' dir='ltr'><strong>θυγατέρες</strong></span> 
     </span>
    </p>
   </div>
   <div class='ocr_carea' id='block_1_92' title="bbox 462 4540 2016 4612">
    <p class='ocr_par' dir='ltr' id='par_1_92' title="bbox 462 4540 2016 4612">
     <span class='ocr_line' id='line_1_92' title="bbox 462 4540 2016 4612; baseline 0.005 -22"><span class='ocrx_word' id='word_1_660' title='bbox 462 4555 578 4593; x_wconf 76' lang='lat' dir='ltr'><strong>cum</strong></span> <span class='ocrx_word' id='word_1_661' title='bbox 623 4540 833 4594; x_wconf 79' lang='lat' dir='ltr'><strong>nutibus</strong></span> <span class='ocrx_word' id='word_1_662' title='bbox 877 4541 1151 4595; x_wconf 84' lang='lat' dir='ltr'><strong>oculorum</strong></span> <span class='ocrx_word' id='word_1_663' title='bbox 1176 4543 1242 4608; x_wconf 79' lang='lat'><strong>“,</strong></span> <span class='ocrx_word' id='word_1_664' title='bbox 1269 4551 1321 4597; x_wconf 90' lang='lat' dir='ltr'><strong>et</strong></span> <span class='ocrx_word' id='word_1_665' title='bbox 1349 4543 1575 4612; x_wconf 83' lang='lat' dir='ltr'><strong>reliqua.</strong></span> <span class='ocrx_word' id='word_1_666' title='bbox 1624 4543 1808 4599; x_wconf 86' lang='lat' dir='ltr'><strong>Sancti</strong></span> <span class='ocrx_word' id='word_1_667' title='bbox 1837 4554 2016 4599; x_wconf 90' lang='lat' dir='ltr'><strong>autem</strong></span> 
     </span>
    </p>
   </div>
   <div class='ocr_carea' id='block_1_93' title="bbox 463 4631 2020 4704">
    <p class='ocr_par' dir='ltr' id='par_1_93' title="bbox 463 4631 2020 4704">
     <span class='ocr_line' id='line_1_93' title="bbox 463 4631 2020 4704; baseline 0.003 -21"><span class='ocrx_word' id='word_1_668' title='bbox 463 4631 708 4686; x_wconf 87' lang='lat' dir='ltr'><strong>homines</strong></span> <span class='ocrx_word' id='word_1_669' title='bbox 741 4633 990 4702; x_wconf 89' lang='lat' dir='ltr'><strong>templum</strong></span> <span class='ocrx_word' id='word_1_670' title='bbox 1025 4633 1116 4688; x_wconf 86' lang='lat' dir='ltr'><strong>Dei</strong></span> <span class='ocrx_word' id='word_1_671' title='bbox 1150 4643 1292 4696; x_wconf 89' lang='lat' dir='ltr'><strong>sunt,</strong></span> <span class='ocrx_word' id='word_1_672' title='bbox 1335 4645 1387 4688; x_wconf 87' lang='lat' dir='ltr'><strong>et</strong></span> <span class='ocrx_word' id='word_1_673' title='bbox 1430 4635 1521 4689; x_wconf 90' lang='lat' dir='ltr'><strong>Dei</strong></span> <span class='ocrx_word' id='word_1_674' title='bbox 1557 4635 1777 4703; x_wconf 86' lang='lat' dir='ltr'><strong>spiritus</strong></span> <span class='ocrx_word' id='word_1_675' title='bbox 1811 4635 1860 4688; x_wconf 92' lang='lat' dir='ltr'><strong>in</strong></span> <span class='ocrx_word' id='word_1_676' title='bbox 1891 4635 2020 4704; x_wconf 84' lang='lat' dir='ltr'><strong>ipsis</strong></span> 
     </span>
    </p>
   </div>
   <div class='ocr_carea' id='block_1_94' title="bbox 461 4720 2022 4793">
    <p class='ocr_par' dir='ltr' id='par_1_94' title="bbox 461 4720 2022 4793">
     <span class='ocr_line' id='line_1_94' title="bbox 461 4720 2022 4793; baseline 0.003 -19"><span class='ocrx_word' id='word_1_677' title='bbox 461 4720 750 4775; x_wconf 87' lang='lat' dir='ltr'><strong>inhabitat.</strong></span> <span class='ocrx_word' id='word_1_678' title='bbox 781 4722 847 4777; x_wconf 88' lang='lat' dir='ltr'><strong>Et</strong></span> <span class='ocrx_word' id='word_1_679' title='bbox 879 4723 1088 4777; x_wconf 90' lang='lat' dir='ltr'><strong>illorum</strong></span> <span class='ocrx_word' id='word_1_680' title='bbox 1138 4725 1351 4793; x_wconf 88' lang='lat' dir='ltr'><strong>quidem</strong></span> <span class='ocrx_word' id='word_1_681' title='bbox 1377 4724 1652 4777; x_wconf 89' lang='lat' dir='ltr'><strong>abundant</strong></span> <span class='ocrx_word' id='word_1_682' title='bbox 1694 4723 2022 4779; x_wconf 86' lang='lat' dir='ltr'><strong>redundant-</strong></span> 
     </span>
    </p>
   </div>
   <div class='ocr_carea' id='block_1_95' title="bbox 463 4812 2019 4876">
    <p class='ocr_par' dir='ltr' id='par_1_95' title="bbox 463 4812 2019 4876">
     <span class='ocr_line' id='line_1_95' title="bbox 463 4812 2019 4876; baseline 0.004 -15"><span class='ocrx_word' id='word_1_683' title='bbox 463 4825 567 4876; x_wconf 83' lang='lat' dir='ltr'><strong>que</strong></span> <span class='ocrx_word' id='word_1_684' title='bbox 593 4826 793 4876; x_wconf 88' lang='lat' dir='ltr'><strong>penora</strong></span> <span class='ocrx_word' id='word_1_685' title='bbox 825 4812 1306 4866; x_wconf 88' lang='lat' dir='ltr'><strong>thesaurizantium</strong></span> <span class='ocrx_word' id='word_1_686' title='bbox 1338 4813 1388 4865; x_wconf 92' lang='lat' dir='ltr'><strong>in</strong></span> <span class='ocrx_word' id='word_1_687' title='bbox 1423 4822 1564 4866; x_wconf 85' lang='lat' dir='ltr'><strong>terra</strong></span> <span class='ocrx_word' id='word_1_688' title='bbox 1596 4821 1650 4866; x_wconf 91' lang='lat' dir='ltr'><strong>et</strong></span> <span class='ocrx_word' id='word_1_689' title='bbox 1681 4813 1974 4867; x_wconf 88' lang='lat' dir='ltr'><strong>dicentium</strong></span> <span class='ocrx_word' id='word_1_690' title='bbox 2003 4827 2019 4867; x_wconf 88' lang='lat'><strong>:</strong></span> 
     </span>
    </p>
   </div>
   <div class='ocr_carea' id='block_1_96' title="bbox 462 4902 2020 4973">
    <p class='ocr_par' dir='ltr' id='par_1_96' title="bbox 462 4902 2020 4973">
     <span class='ocr_line' id='line_1_96' title="bbox 462 4902 2020 4973; baseline 0.003 -19"><span class='ocrx_word' id='word_1_691' title='bbox 462 4902 739 4957; x_wconf 80' lang='lat' dir='ltr'><strong>Deatruam</strong></span> <span class='ocrx_word' id='word_1_692' title='bbox 773 4903 962 4957; x_wconf 77' lang='lat' dir='ltr'><strong>horrea</strong></span> <span class='ocrx_word' id='word_1_693' title='bbox 987 4921 1100 4957; x_wconf 87' lang='lat' dir='ltr'><strong>mea</strong></span> <span class='ocrx_word' id='word_1_694' title='bbox 1125 4914 1170 4958; x_wconf 86' lang='lat' dir='ltr'><strong>et</strong></span> <span class='ocrx_word' id='word_1_695' title='bbox 1199 4903 1455 4966; x_wconf 73' lang='lat' dir='ltr'><strong>ampliora</strong></span> <span class='ocrx_word' id='word_1_696' title='bbox 1498 4903 1770 4973; x_wconf 68' lang='lat' dir='ltr'><strong>aediﬁcabo</strong></span> <span class='ocrx_word' id='word_1_697' title='bbox 1804 4902 1889 4971; x_wconf 83' lang='grc'><strong>⁶³;</strong></span> <span class='ocrx_word' id='word_1_698' title='bbox 1922 4904 2020 4958; x_wconf 83' lang='lat' dir='ltr'><strong>ho-</strong></span> 
     </span>
    </p>
   </div>
   <div class='ocr_carea' id='block_1_97' title="bbox 463 4995 2023 5054">
    <p class='ocr_par' dir='ltr' id='par_1_97' title="bbox 463 4995 2023 5054">
     <span class='ocr_line' id='line_1_97' title="bbox 463 4995 2023 5054; baseline 0.001 -5"><span class='ocrx_word' id='word_1_699' title='bbox 463 5010 582 5049; x_wconf 87' lang='lat' dir='ltr'><strong>rum</strong></span> <span class='ocrx_word' id='word_1_700' title='bbox 613 5006 798 5050; x_wconf 88' lang='lat' dir='ltr'><strong>contra</strong></span> <span class='ocrx_word' id='word_1_701' title='bbox 830 4999 1116 5054; x_wconf 88' lang='lat' dir='ltr'><strong>thesaurus</strong></span> <span class='ocrx_word' id='word_1_702' title='bbox 1141 4999 1193 5051; x_wconf 94' lang='lat' dir='ltr'><strong>in</strong></span> <span class='ocrx_word' id='word_1_703' title='bbox 1226 4997 1364 5051; x_wconf 62' lang='lat' dir='ltr'><strong>coelo</strong></span> <span class='ocrx_word' id='word_1_704' title='bbox 1391 5006 1492 5051; x_wconf 92' lang='lat' dir='ltr'><strong>est.</strong></span> <span class='ocrx_word' id='word_1_705' title='bbox 1521 4996 1736 5049; x_wconf 89' lang='lat' dir='ltr'><strong>Illorum</strong></span> <span class='ocrx_word' id='word_1_706' title='bbox 1781 5011 1912 5052; x_wconf 88' lang='lat' dir='ltr'><strong>oves</strong></span> <span class='ocrx_word' id='word_1_707' title='bbox 1945 4995 2023 5050; x_wconf 83' lang='lat' dir='ltr'><strong>fe-</strong></span> 
     </span>
    </p>
   </div>
   <div class='ocr_carea' id='block_1_98' title="bbox 462 5088 2020 5159">
    <p class='ocr_par' dir='ltr' id='par_1_98' title="bbox 462 5088 2020 5159">
     <span class='ocr_line' id='line_1_98' title="bbox 462 5088 2020 5159; baseline 0 -17"><span class='ocrx_word' id='word_1_708' title='bbox 462 5088 652 5142; x_wconf 75' lang='lat' dir='ltr'><strong>cunda:</strong></span> <span class='ocrx_word' id='word_1_709' title='bbox 670 5105 733 5143; x_wconf 89' lang='lat' dir='ltr'><strong>ac</strong></span> <span class='ocrx_word' id='word_1_710' title='bbox 756 5104 1077 5155; x_wconf 65' lang='lat' dir='ltr'><strong>numerosae,</strong></span> <span class='ocrx_word' id='word_1_711' title='bbox 1109 5091 1379 5159; x_wconf 88' lang='lat' dir='ltr'><strong>bovesque</strong></span> <span class='ocrx_word' id='word_1_712' title='bbox 1410 5088 1600 5151; x_wconf 88' lang='lat' dir='ltr'><strong>crassi,</strong></span> <span class='ocrx_word' id='word_1_713' title='bbox 1634 5088 1937 5157; x_wconf 85' lang='lat' dir='ltr'><strong>cujnsmodi</strong></span> <span class='ocrx_word' id='word_1_714' title='bbox 1967 5088 2020 5142; x_wconf 91' lang='lat' dir='ltr'><strong>in</strong></span> 
     </span>
    </p>
   </div>
   <div class='ocr_carea' id='block_1_99' title="bbox 463 5176 2022 5251">
    <p class='ocr_par' dir='ltr' id='par_1_99' title="bbox 463 5176 2022 5251">
     <span class='ocr_line' id='line_1_99' title="bbox 463 5176 2022 5251; baseline 0.003 -22"><span class='ocrx_word' id='word_1_715' title='bbox 463 5176 675 5248; x_wconf 64' lang='lat' dir='ltr'><strong>Egypti</strong></span> <span class='ocrx_word' id='word_1_716' title='bbox 697 5179 961 5247; x_wconf 80' lang='lat' dir='ltr'><strong>ubertate.</strong></span> <span class='ocrx_word' id='word_1_717' title='bbox 981 5197 1174 5251; x_wconf 86' lang='lat' dir='ltr'><strong>nempe</strong></span> <span class='ocrx_word' id='word_1_718' title='bbox 1202 5181 1278 5236; x_wconf 91' lang='lat' dir='ltr'><strong>illi</strong></span> <span class='ocrx_word' id='word_1_719' title='bbox 1297 5181 1519 5251; x_wconf 87' lang='lat' dir='ltr'><strong>pulchra</strong></span> <span class='ocrx_word' id='word_1_720' title='bbox 1539 5179 1714 5250; x_wconf 89' lang='lat' dir='ltr'><strong>specie</strong></span> <span class='ocrx_word' id='word_1_721' title='bbox 1733 5189 1788 5234; x_wconf 92' lang='lat' dir='ltr'><strong>et</strong></span> <span class='ocrx_word' id='word_1_722' title='bbox 1809 5179 2022 5234; x_wconf 83' lang='lat' dir='ltr'><strong>eximiis</strong></span> 
     </span>
    </p>
   </div>
   <div class='ocr_carea' id='block_1_100' title="bbox 464 5267 2023 5342">
    <p class='ocr_par' dir='ltr' id='par_1_100' title="bbox 464 5267 2023 5342">
     <span class='ocr_line' id='line_1_100' title="bbox 464 5267 2023 5342; baseline 0.003 -21"><span class='ocrx_word' id='word_1_723' title='bbox 464 5267 718 5324; x_wconf 88' lang='lat' dir='ltr'><strong>carnibus</strong></span> <span class='ocrx_word' id='word_1_724' title='bbox 743 5285 878 5339; x_wconf 81' lang='lat' dir='ltr'><strong>quos</strong></span> <span class='ocrx_word' id='word_1_725' title='bbox 899 5272 1028 5327; x_wconf 83' lang='lat' dir='ltr'><strong>vidit</strong></span> <span class='ocrx_word' id='word_1_726' title='bbox 1047 5273 1279 5329; x_wconf 89' lang='lat' dir='ltr'><strong>Pharao.</strong></span> <span class='ocrx_word' id='word_1_727' title='bbox 1302 5275 1406 5328; x_wconf 84' lang='lat' dir='ltr'><strong>Sed</strong></span> <span class='ocrx_word' id='word_1_728' title='bbox 1421 5273 1553 5342; x_wconf 88' lang='lat' dir='ltr'><strong>justi</strong></span> <span class='ocrx_word' id='word_1_729' title='bbox 1583 5271 1682 5327; x_wconf 89' lang='lat' dir='ltr'><strong>viri</strong></span> <span class='ocrx_word' id='word_1_730' title='bbox 1700 5271 1838 5327; x_wconf 89' lang='lat' dir='ltr'><strong>ovile</strong></span> <span class='ocrx_word' id='word_1_731' title='bbox 1859 5285 2023 5340; x_wconf 86' lang='lat' dir='ltr'><strong>puras</strong></span> 
     </span>
    </p>
   </div>
   <div class='ocr_carea' id='block_1_101' title="bbox 464 5358 2020 5435">
    <p class='ocr_par' dir='ltr' id='par_1_101' title="bbox 464 5358 2020 5435">
     <span class='ocr_line' id='line_1_101' title="bbox 464 5358 2020 5435; baseline 0.005 -22"><span class='ocrx_word' id='word_1_732' title='bbox 464 5358 695 5423; x_wconf 86' lang='lat' dir='ltr'><strong>animas,</strong></span> <span class='ocrx_word' id='word_1_733' title='bbox 730 5371 785 5414; x_wconf 87' lang='lat' dir='ltr'><strong>et</strong></span> <span class='ocrx_word' id='word_1_734' title='bbox 812 5363 978 5418; x_wconf 89' lang='lat' dir='ltr'><strong>bonas</strong></span> <span class='ocrx_word' id='word_1_735' title='bbox 1026 5381 1088 5419; x_wconf 86' lang='lat' dir='ltr'><strong>ac</strong></span> <span class='ocrx_word' id='word_1_736' title='bbox 1130 5367 1420 5421; x_wconf 85' lang='lat' dir='ltr'><strong>rationales</strong></span> <span class='ocrx_word' id='word_1_737' title='bbox 1455 5382 1585 5422; x_wconf 87' lang='lat' dir='ltr'><strong>oves</strong></span> <span class='ocrx_word' id='word_1_738' title='bbox 1623 5366 2020 5435; x_wconf 89' lang='lat' dir='ltr'><strong>complectitur.</strong></span> 
     </span>
    </p>
   </div>
   <div class='ocr_carea' id='block_1_102' title="bbox 2120 4533 3684 4610">
    <p class='ocr_par' dir='ltr' id='par_1_102' title="bbox 2120 4533 3684 4610">
     <span class='ocr_line' id='line_1_102' title="bbox 2120 4533 3684 4610; baseline -0.008 -14"><span class='ocrx_word' id='word_1_739' title='bbox 2120 4542 2273 4596; x_wconf 85' lang='grc' dir='ltr'><strong>Σιὼν</strong></span> <span class='ocrx_word' id='word_1_740' title='bbox 2307 4542 2376 4594; x_wconf 76' lang='grc' dir='ltr'><strong>ἐν</strong></span> <span class='ocrx_word' id='word_1_741' title='bbox 2403 4538 2619 4610; x_wconf 75' lang='grc' dir='ltr'><strong>ὑψηλῷ</strong></span> <span class='ocrx_word' id='word_1_742' title='bbox 2643 4537 2920 4609; x_wconf 77' lang='grc' dir='ltr'><strong>τραχήλῳ</strong></span> <span class='ocrx_word' id='word_1_743' title='bbox 2943 4537 3036 4590; x_wconf 82' lang='grc' dir='ltr'><strong>καί</strong></span> <span class='ocrx_word' id='word_1_744' title='bbox 3068 4536 3136 4588; x_wconf 80' lang='grc' dir='ltr'><strong>ἐν</strong></span> <span class='ocrx_word' id='word_1_745' title='bbox 3157 4535 3448 4602; x_wconf 74' lang='grc' dir='ltr'><strong>νεύμασιν</strong></span> <span class='ocrx_word' id='word_1_746' title='bbox 3473 4533 3684 4600; x_wconf 66' lang='grc' dir='ltr'><strong>ὀφθαλ-</strong></span> 
     </span>
    </p>
   </div>
   <div class='ocr_carea' id='block_1_103' title="bbox 2116 4621 3684 4704">
    <p class='ocr_par' dir='ltr' id='par_1_103' title="bbox 2116 4621 3684 4704">
     <span class='ocr_line' id='line_1_103' title="bbox 2116 4621 3684 4704; baseline -0.01 -17"><span class='ocrx_word' id='word_1_747' title='bbox 2116 4633 2266 4704; x_wconf 84' lang='grc' dir='ltr'><strong>μῶν,</strong></span> <span class='ocrx_word' id='word_1_748' title='bbox 2287 4634 2380 4687; x_wconf 69' lang='grc' dir='ltr'><strong>καὶ</strong></span> <span class='ocrx_word' id='word_1_749' title='bbox 2406 4631 2473 4685; x_wconf 81' lang='grc' dir='ltr'><strong>τά</strong></span> <span class='ocrx_word' id='word_1_750' title='bbox 2505 4631 2630 4702; x_wconf 81' lang='grc' dir='ltr'><strong>ὲξῆς</strong></span> <span class='ocrx_word' id='word_1_751' title='bbox 2647 4648 2661 4661; x_wconf 88' lang='grc'><strong>·</strong></span> <span class='ocrx_word' id='word_1_752' title='bbox 2691 4633 2739 4684; x_wconf 92' lang='grc' dir='ltr'><strong>οἰ</strong></span> <span class='ocrx_word' id='word_1_753' title='bbox 2765 4630 2820 4682; x_wconf 84' lang='grc' dir='ltr'><strong>δὲ</strong></span> <span class='ocrx_word' id='word_1_754' title='bbox 2849 4629 2995 4697; x_wconf 80' lang='grc' dir='ltr'><strong>ἆγιοι</strong></span> <span class='ocrx_word' id='word_1_755' title='bbox 3045 4627 3167 4689; x_wconf 84' lang='grc' dir='ltr'><strong>ναός</strong></span> <span class='ocrx_word' id='word_1_756' title='bbox 3192 4626 3296 4678; x_wconf 86' lang='grc' dir='ltr'><strong>εἰσι</strong></span> <span class='ocrx_word' id='word_1_757' title='bbox 3322 4622 3478 4687; x_wconf 89' lang='grc' dir='ltr'><strong>Θεοῦ,</strong></span> <span class='ocrx_word' id='word_1_758' title='bbox 3508 4623 3598 4676; x_wconf 83' lang='grc' dir='ltr'><strong>καὶ</strong></span> <span class='ocrx_word' id='word_1_759' title='bbox 3625 4621 3684 4673; x_wconf 86' lang='grc' dir='ltr'><strong>τὸ</strong></span> 
     </span>
    </p>
   </div>
   <div class='ocr_carea' id='block_1_104' title="bbox 2123 4716 3684 4796">
    <p class='ocr_par' dir='ltr' id='par_1_104' title="bbox 2123 4716 3684 4796">
     <span class='ocr_line' id='line_1_104' title="bbox 2123 4716 3684 4796; baseline -0.01 -17"><span class='ocrx_word' id='word_1_760' title='bbox 2123 4723 2337 4796; x_wconf 83' lang='grc' dir='ltr'><strong>πνεῦμα</strong></span> <span class='ocrx_word' id='word_1_761' title='bbox 2357 4722 2450 4776; x_wconf 90' lang='grc' dir='ltr'><strong>τοῦ</strong></span> <span class='ocrx_word' id='word_1_762' title='bbox 2470 4722 2601 4776; x_wconf 90' lang='grc' dir='ltr'><strong>Θεοῦ</strong></span> <span class='ocrx_word' id='word_1_763' title='bbox 2631 4722 2770 4775; x_wconf 84' lang='grc' dir='ltr'><strong>οἰκεῖ</strong></span> <span class='ocrx_word' id='word_1_764' title='bbox 2797 4723 2854 4775; x_wconf 86' lang='grc' dir='ltr'><strong>ὲν</strong></span> <span class='ocrx_word' id='word_1_765' title='bbox 2883 4721 3093 4781; x_wconf 60' lang='grc' dir='ltr'><strong>αὐτοῖς’</strong></span> <span class='ocrx_word' id='word_1_766' title='bbox 3120 4718 3211 4770; x_wconf 69' lang='grc' dir='ltr'><strong>καὶ</strong></span> <span class='ocrx_word' id='word_1_767' title='bbox 3235 4716 3342 4769; x_wconf 85' lang='grc' dir='ltr'><strong>τῶν</strong></span> <span class='ocrx_word' id='word_1_768' title='bbox 3375 4716 3471 4787; x_wconf 83' lang='grc' dir='ltr'><strong>μὲν</strong></span> <span class='ocrx_word' id='word_1_769' title='bbox 3498 4728 3684 4783; x_wconf 84' lang='grc' dir='ltr'><strong>περιτ-</strong></span> 
     </span>
    </p>
   </div>
   <div class='ocr_carea' id='block_1_105' title="bbox 2122 4804 3683 4886">
    <p class='ocr_par' dir='ltr' id='par_1_105' title="bbox 2122 4804 3683 4886">
     <span class='ocr_line' id='line_1_105' title="bbox 2122 4804 3683 4886; baseline -0.008 -15"><span class='ocrx_word' id='word_1_770' title='bbox 2122 4816 2267 4871; x_wconf 88' lang='grc' dir='ltr'><strong>τεύει</strong></span> <span class='ocrx_word' id='word_1_771' title='bbox 2295 4817 2389 4871; x_wconf 75' lang='grc' dir='ltr'><strong>καὶ</strong></span> <span class='ocrx_word' id='word_1_772' title='bbox 2422 4815 2647 4886; x_wconf 83' lang='grc' dir='ltr'><strong>ύπερχεῖ</strong></span> <span class='ocrx_word' id='word_1_773' title='bbox 2675 4813 2744 4867; x_wconf 83' lang='grc' dir='ltr'><strong>τὰ</strong></span> <span class='ocrx_word' id='word_1_774' title='bbox 2773 4815 2972 4883; x_wconf 88' lang='grc' dir='ltr'><strong>ταμεῖα</strong></span> <span class='ocrx_word' id='word_1_775' title='bbox 2998 4809 3429 4880; x_wconf 79' lang='grc' dir='ltr'><strong>θησαυριζόντων</strong></span> <span class='ocrx_word' id='word_1_776' title='bbox 3463 4807 3554 4860; x_wconf 73' lang='grc' dir='ltr'><strong>ἐπὶ</strong></span> <span class='ocrx_word' id='word_1_777' title='bbox 3588 4804 3683 4873; x_wconf 80' lang='grc' dir='ltr'><strong>τῆς</strong></span> 
     </span>
    </p>
   </div>
   <div class='ocr_carea' id='block_1_106' title="bbox 2124 4893 3683 4980">
    <p class='ocr_par' dir='ltr' id='par_1_106' title="bbox 2124 4893 3683 4980">
     <span class='ocr_line' id='line_1_106' title="bbox 2124 4893 3683 4980; baseline -0.01 -16"><span class='ocrx_word' id='word_1_778' title='bbox 2124 4909 2246 4980; x_wconf 83' lang='grc' dir='ltr'><strong>γῆς·</strong></span> <span class='ocrx_word' id='word_1_779' title='bbox 2292 4907 2387 4964; x_wconf 73' lang='grc' dir='ltr'><strong>καὶ</strong></span> <span class='ocrx_word' id='word_1_780' title='bbox 2430 4907 2711 4975; x_wconf 86' lang='grc' dir='ltr'><strong>λεγόντων,</strong></span> <span class='ocrx_word' id='word_1_781' title='bbox 2741 4901 2977 4958; x_wconf 82' lang='grc' dir='ltr'><strong>Καθελῶ</strong></span> <span class='ocrx_word' id='word_1_782' title='bbox 3001 4919 3119 4970; x_wconf 85' lang='grc' dir='ltr'><strong>μου</strong></span> <span class='ocrx_word' id='word_1_783' title='bbox 3147 4902 3253 4965; x_wconf 86' lang='grc' dir='ltr'><strong>τὰς</strong></span> <span class='ocrx_word' id='word_1_784' title='bbox 3272 4897 3576 4965; x_wconf 80' lang='grc' dir='ltr'><strong>ἀποθήκας</strong></span> <span class='ocrx_word' id='word_1_785' title='bbox 3589 4893 3683 4949; x_wconf 73' lang='grc' dir='ltr'><strong>καί</strong></span> 
     </span>
    </p>
   </div>
   <div class='ocr_carea' id='block_1_107' title="bbox 2122 4990 3683 5069">
    <p class='ocr_par' dir='ltr' id='par_1_107' title="bbox 2122 4990 3683 5069">
     <span class='ocr_line' id='line_1_107' title="bbox 2122 4990 3683 5069; baseline -0.008 -17"><span class='ocrx_word' id='word_1_786' title='bbox 2122 4998 2392 5069; x_wconf 79' lang='grc' dir='ltr'><strong>μείζονας</strong></span> <span class='ocrx_word' id='word_1_787' title='bbox 2410 4995 2799 5065; x_wconf 67' lang='grc' dir='ltr'><strong>οἰκοδομήσωθ</strong></span> <span class='ocrx_word' id='word_1_788' title='bbox 2829 4993 2936 5047; x_wconf 87' lang='grc' dir='ltr'><strong>τῶν</strong></span> <span class='ocrx_word' id='word_1_789' title='bbox 2969 4993 3026 5047; x_wconf 83' lang='grc' dir='ltr'><strong>δὲ</strong></span> <span class='ocrx_word' id='word_1_790' title='bbox 3067 4994 3096 5045; x_wconf 80' lang='grc' dir='ltr'>ὁ</span> <span class='ocrx_word' id='word_1_791' title='bbox 3143 4991 3412 5063; x_wconf 85' lang='grc' dir='ltr'><strong>θησαυρός</strong></span> <span class='ocrx_word' id='word_1_792' title='bbox 3457 4990 3601 5042; x_wconf 77' lang='grc' dir='ltr'><strong>ἐστιν</strong></span> <span class='ocrx_word' id='word_1_793' title='bbox 3629 4990 3683 5040; x_wconf 84' lang='grc' dir='ltr'><strong>ὲν</strong></span> 
     </span>
    </p>
   </div>
   <div class='ocr_carea' id='block_1_108' title="bbox 2128 5078 3666 5163">
    <p class='ocr_par' dir='ltr' id='par_1_108' title="bbox 2128 5078 3666 5163">
     <span class='ocr_line' id='line_1_108' title="bbox 2128 5078 3666 5163; baseline -0.01 -17"><span class='ocrx_word' id='word_1_794' title='bbox 2128 5090 2341 5163; x_wconf 82' lang='grc' dir='ltr'><strong>οὐρανῷ</strong></span> <span class='ocrx_word' id='word_1_795' title='bbox 2359 5108 2372 5121; x_wconf 93' lang='grc'><strong>·</strong></span> <span class='ocrx_word' id='word_1_796' title='bbox 2398 5089 2492 5144; x_wconf 81' lang='grc' dir='ltr'><strong>καὶ</strong></span> <span class='ocrx_word' id='word_1_797' title='bbox 2517 5088 2622 5145; x_wconf 79' lang='grc' dir='ltr'><strong>τῶν</strong></span> <span class='ocrx_word' id='word_1_798' title='bbox 2656 5088 2753 5159; x_wconf 88' lang='grc' dir='ltr'><strong>μὲν</strong></span> <span class='ocrx_word' id='word_1_799' title='bbox 2778 5087 2891 5141; x_wconf 82' lang='grc' dir='ltr'><strong>ἔστι</strong></span> <span class='ocrx_word' id='word_1_800' title='bbox 2921 5087 3167 5159; x_wconf 81' lang='grc' dir='ltr'><strong>πρόδατα</strong></span> <span class='ocrx_word' id='word_1_801' title='bbox 3201 5084 3467 5138; x_wconf 86' lang='grc' dir='ltr'><strong>πολύτοκα</strong></span> <span class='ocrx_word' id='word_1_802' title='bbox 3494 5078 3666 5150; x_wconf 85' lang='grc' dir='ltr'><strong>πληθύ</strong></span> 
     </span>
    </p>
   </div>
   <div class='ocr_carea' id='block_1_109' title="bbox 2127 5169 3685 5251">
    <p class='ocr_par' dir='ltr' id='par_1_109' title="bbox 2127 5169 3685 5251">
     <span class='ocr_line' id='line_1_109' title="bbox 2127 5169 3685 5251; baseline -0.011 -13"><span class='ocrx_word' id='word_1_803' title='bbox 2127 5201 2307 5246; x_wconf 86' lang='grc' dir='ltr'><strong>νοντα,</strong></span> <span class='ocrx_word' id='word_1_804' title='bbox 2334 5182 2427 5244; x_wconf 71' lang='grc' dir='ltr'><strong>καὶ</strong></span> <span class='ocrx_word' id='word_1_805' title='bbox 2466 5181 2584 5251; x_wconf 86' lang='grc' dir='ltr'><strong>βόες</strong></span> <span class='ocrx_word' id='word_1_806' title='bbox 2625 5183 2836 5250; x_wconf 83' lang='grc' dir='ltr'><strong>παχεῖς,</strong></span> <span class='ocrx_word' id='word_1_807' title='bbox 2862 5181 3036 5234; x_wconf 84' lang='grc' dir='ltr'><strong>ὁποῖοι</strong></span> <span class='ocrx_word' id='word_1_808' title='bbox 3079 5181 3176 5249; x_wconf 78' lang='grc' dir='ltr'><strong>τῆς</strong></span> <span class='ocrx_word' id='word_1_809' title='bbox 3218 5175 3486 5243; x_wconf 75' lang='grc' dir='ltr'><strong>Αἰγύπτου</strong></span> <span class='ocrx_word' id='word_1_810' title='bbox 3520 5169 3685 5243; x_wconf 77' lang='grc' dir='ltr'><strong>εὐθη-</strong></span> 
     </span>
    </p>
   </div>
   <div class='ocr_carea' id='block_1_110' title="bbox 2127 5261 3685 5344">
    <p class='ocr_par' dir='ltr' id='par_1_110' title="bbox 2127 5261 3685 5344">
     <span class='ocr_line' id='line_1_110' title="bbox 2127 5261 3685 5344; baseline -0.01 -15"><span class='ocrx_word' id='word_1_811' title='bbox 2127 5277 2243 5339; x_wconf 88' lang='grc' dir='ltr'><strong>νίας</strong></span> <span class='ocrx_word' id='word_1_812' title='bbox 2265 5292 2278 5305; x_wconf 90' lang='grc'><strong>·</strong></span> <span class='ocrx_word' id='word_1_813' title='bbox 2320 5273 2475 5328; x_wconf 77' lang='grc' dir='ltr'><strong>καλοὶ</strong></span> <span class='ocrx_word' id='word_1_814' title='bbox 2521 5271 2630 5344; x_wconf 83' lang='grc' dir='ltr'><strong>γὰρ</strong></span> <span class='ocrx_word' id='word_1_815' title='bbox 2657 5271 2734 5342; x_wconf 84' lang='grc' dir='ltr'><strong>τῷ</strong></span> <span class='ocrx_word' id='word_1_816' title='bbox 2773 5271 2898 5325; x_wconf 89' lang='grc' dir='ltr'><strong>είδει</strong></span> <span class='ocrx_word' id='word_1_817' title='bbox 2928 5273 3022 5325; x_wconf 71' lang='grc' dir='ltr'><strong>καί¹</strong></span> <span class='ocrx_word' id='word_1_818' title='bbox 3063 5269 3306 5325; x_wconf 77' lang='grc' dir='ltr'><strong>ἐκλεκτοὶ</strong></span> <span class='ocrx_word' id='word_1_819' title='bbox 3350 5267 3466 5327; x_wconf 78' lang='grc' dir='ltr'><strong>ταῖς</strong></span> <span class='ocrx_word' id='word_1_820' title='bbox 3498 5261 3685 5334; x_wconf 74' lang='grc' dir='ltr'><strong>σαρξὶν</strong></span> 
     </span>
    </p>
   </div>
   <div class='ocr_carea' id='block_1_111' title="bbox 2127 5354 3684 5439">
    <p class='ocr_par' dir='ltr' id='par_1_111' title="bbox 2127 5354 3684 5439">
     <span class='ocr_line' id='line_1_111' title="bbox 2127 5354 3684 5439; baseline -0.01 -17"><span class='ocrx_word' id='word_1_821' title='bbox 2127 5364 2268 5439; x_wconf 74' lang='grc' dir='ltr'><strong>ἦσαν</strong></span> <span class='ocrx_word' id='word_1_822' title='bbox 2291 5367 2386 5431; x_wconf 79' lang='grc' dir='ltr'><strong>οὒς</strong></span> <span class='ocrx_word' id='word_1_823' title='bbox 2411 5362 2547 5421; x_wconf 76' lang='grc' dir='ltr'><strong>εῖδεν</strong></span> <span class='ocrx_word' id='word_1_824' title='bbox 2571 5369 2600 5421; x_wconf 79' lang='grc' dir='ltr'><strong>ό</strong></span> <span class='ocrx_word' id='word_1_825' title='bbox 2625 5363 2842 5435; x_wconf 77' lang='grc' dir='ltr'><strong>Φαραώο</strong></span> <span class='ocrx_word' id='word_1_826' title='bbox 2873 5365 2966 5417; x_wconf 86' lang='grc' dir='ltr'><strong>τοῦ</strong></span> <span class='ocrx_word' id='word_1_827' title='bbox 2994 5363 3050 5417; x_wconf 83' lang='grc' dir='ltr'><strong>δὲ</strong></span> <span class='ocrx_word' id='word_1_828' title='bbox 3071 5362 3276 5416; x_wconf 85' lang='grc' dir='ltr'><strong>δικαίου</strong></span> <span class='ocrx_word' id='word_1_829' title='bbox 3300 5360 3336 5431; x_wconf 77' lang='grc' dir='ltr'><strong>ἡ</strong></span> <span class='ocrx_word' id='word_1_830' title='bbox 3363 5357 3561 5428; x_wconf 86' lang='grc' dir='ltr'><strong>ποίμνη</strong></span> <span class='ocrx_word' id='word_1_831' title='bbox 3583 5354 3684 5423; x_wconf 72' lang='grc' dir='ltr'><strong>ψυ-</strong></span> 
     </span>
    </p>
   </div>
   <div class='ocr_carea' id='block_1_112' title="bbox 463 5451 2315 5532">
    <p class='ocr_par' dir='ltr' id='par_1_112' title="bbox 463 5451 2315 5532">
     <span class='ocr_line' id='line_1_112' title="bbox 463 5451 2315 5532; baseline 0.004 -27"><span class='ocrx_word' id='word_1_832' title='bbox 463 5451 566 5522; x_wconf 63' lang='grc' dir='ltr'><strong>χὰς</strong></span> <span class='ocrx_word' id='word_1_833' title='bbox 595 5453 902 5525; x_wconf 83' lang='grc' dir='ltr'><strong>ἀκεραίους,</strong></span> <span class='ocrx_word' id='word_1_834' title='bbox 933 5459 1024 5510; x_wconf 71' lang='grc' dir='ltr'><strong>καὶ</strong></span> <span class='ocrx_word' id='word_1_835' title='bbox 1051 5460 1228 5528; x_wconf 79' lang='grc' dir='ltr'><strong>ἀγαθὰ</strong></span> <span class='ocrx_word' id='word_1_836' title='bbox 1254 5461 1346 5516; x_wconf 77' lang='grc' dir='ltr'><strong>καὶ</strong></span> <span class='ocrx_word' id='word_1_837' title='bbox 1378 5459 1572 5528; x_wconf 85' lang='grc' dir='ltr'><strong>λογικὰ</strong></span> <span class='ocrx_word' id='word_1_838' title='bbox 1615 5459 1859 5530; x_wconf 80' lang='grc' dir='ltr'><strong>πρόδατα</strong></span> <span class='ocrx_word' id='word_1_839' title='bbox 1904 5461 2315 5532; x_wconf 79' lang='grc' dir='ltr'><strong>ἐμπεριείληφε.</strong></span> 
     </span>
    </p>
   </div>
   <div class='ocr_carea' id='block_1_113' title="bbox 535 5567 1548 5641">
    <p class='ocr_par' dir='ltr' id='par_1_113' title="bbox 535 5567 1548 5641">
     <span class='ocr_line' id='line_1_113' title="bbox 535 5567 1548 5641; baseline 0.007 -20"><span class='ocrx_word' id='word_1_840' title='bbox 535 5567 582 5600; x_wconf 75' lang='grc'><strong>⁸⁸</strong></span> <span class='ocrx_word' id='word_1_841' title='bbox 611 5567 902 5632; x_wconf 83' lang='lat' dir='ltr'><strong>llebr.vnt.</strong></span> <span class='ocrx_word' id='word_1_842' title='bbox 932 5572 1017 5626; x_wconf 77' lang='grc'><strong>15.</strong></span> <span class='ocrx_word' id='word_1_843' title='bbox 1093 5574 1137 5604; x_wconf 75' lang='grc' dir='ltr'><strong>’θ</strong></span> <span class='ocrx_word' id='word_1_844' title='bbox 1169 5573 1306 5628; x_wconf 87' lang='lat' dir='ltr'><strong>Psal.</strong></span> <span class='ocrx_word' id='word_1_845' title='bbox 1339 5591 1462 5641; x_wconf 83' lang='lat' dir='ltr'><strong>xcv,</strong></span> <span class='ocrx_word' id='word_1_846' title='bbox 1498 5576 1548 5630; x_wconf 83' lang='lat' dir='ltr'><strong>l.</strong></span> 
     </span>
    </p>
   </div>
   <div class='ocr_carea' id='block_1_114' title="bbox 1659 5561 2014 5643">
    <p class='ocr_par' dir='ltr' id='par_1_114' title="bbox 1659 5575 2006 5630">
     <span class='ocr_line' id='line_1_114' title="bbox 1659 5575 2006 5630; baseline 0 0"><span class='ocrx_word' id='word_1_847' title='bbox 1659 5576 1702 5608; x_wconf 84' lang='grc'><strong>⁶⁰</strong></span> <span class='ocrx_word' id='word_1_848' title='bbox 1739 5575 1900 5630; x_wconf 79' lang='lat' dir='ltr'><strong>Prov.</strong></span> <span class='ocrx_word' id='word_1_849' title='bbox 1935 5590 2006 5630; x_wconf 84' lang='lat' dir='ltr'><strong>vn</strong></span> 
     </span>
    </p>
   </div>
   <div class='ocr_carea' id='block_1_115' title="bbox 2115 5561 3680 5643">
    <p class='ocr_par' dir='ltr' id='par_1_115' title="bbox 2119 5561 3680 5643">
     <span class='ocr_line' id='line_1_115' title="bbox 2119 5561 3680 5643; baseline -0.01 -12"><span class='ocrx_word' id='word_1_850' title='bbox 2119 5576 2170 5631; x_wconf 79' lang='grc'><strong>5.</strong></span> <span class='ocrx_word' id='word_1_851' title='bbox 2247 5578 2286 5607; x_wconf 83' lang='grc'><strong>⁶¹</strong></span> <span class='ocrx_word' id='word_1_852' title='bbox 2323 5574 2488 5630; x_wconf 89' lang='lat' dir='ltr'><strong>lCor.</strong></span> <span class='ocrx_word' id='word_1_853' title='bbox 2515 5591 2588 5643; x_wconf 77' lang='lat' dir='ltr'><strong>tv,</strong></span> <span class='ocrx_word' id='word_1_854' title='bbox 2620 5573 2672 5629; x_wconf 89' lang='lat'><strong>8.</strong></span> <span class='ocrx_word' id='word_1_855' title='bbox 2752 5572 2794 5604; x_wconf 83' lang='grc'>⁶²</span> <span class='ocrx_word' id='word_1_856' title='bbox 2836 5571 3042 5631; x_wconf 87' lang='lat' dir='ltr'><strong>Isa.ttt,</strong></span> <span class='ocrx_word' id='word_1_857' title='bbox 3079 5565 3162 5620; x_wconf 76' lang='grc'><strong>16.</strong></span> <span class='ocrx_word' id='word_1_858' title='bbox 3240 5565 3284 5596; x_wconf 73' lang='grc'><strong>⁸³</strong></span> <span class='ocrx_word' id='word_1_859' title='bbox 3318 5564 3448 5621; x_wconf 76' lang='lat' dir='ltr'><strong>Luc.</strong></span> <span class='ocrx_word' id='word_1_860' title='bbox 3473 5561 3680 5626; x_wconf 80' lang='lat' dir='ltr'><strong>xu,lS.</strong></span> 
     </span>
    </p>
   </div>
   <div class='ocr_carea' id='block_1_116' title="bbox 536 5678 3256 5762">
    <p class='ocr_par' dir='ltr' id='par_1_116' title="bbox 536 5678 3256 5762">
     <span class='ocr_line' id='line_1_116' title="bbox 536 5678 3256 5762; baseline -0.002 -27"><span class='ocrx_word' id='word_1_861' title='bbox 536 5681 646 5751; x_wconf 84' lang='lat' dir='ltr'><strong>(l9)</strong></span> <span class='ocrx_word' id='word_1_862' title='bbox 675 5681 880 5742; x_wconf 83' lang='lat' dir='ltr'><strong>Videsis</strong></span> <span class='ocrx_word' id='word_1_863' title='bbox 906 5684 1106 5742; x_wconf 70' lang='lat' dir='ltr'><strong>Nicctze</strong></span> <span class='ocrx_word' id='word_1_864' title='bbox 1136 5686 1418 5745; x_wconf 86' lang='lat' dir='ltr'><strong>Serrarum</strong></span> <span class='ocrx_word' id='word_1_865' title='bbox 1454 5690 1690 5762; x_wconf 83' lang='lat' dir='ltr'><strong>episcopi</strong></span> <span class='ocrx_word' id='word_1_866' title='bbox 1721 5691 2040 5761; x_wconf 70' lang='lat' dir='ltr'><strong>prommium</strong></span> <span class='ocrx_word' id='word_1_867' title='bbox 2074 5707 2103 5746; x_wconf 89' lang='lat' dir='ltr'><strong>a</strong></span> <span class='ocrx_word' id='word_1_868' title='bbox 2137 5691 2293 5749; x_wconf 84' lang='lat' dir='ltr'><strong>nobis</strong></span> <span class='ocrx_word' id='word_1_869' title='bbox 2321 5690 2522 5748; x_wconf 85' lang='lat' dir='ltr'><strong>editum</strong></span> <span class='ocrx_word' id='word_1_870' title='bbox 2549 5689 2614 5746; x_wconf 84' lang='lat' dir='ltr'><strong>ad</strong></span> <span class='ocrx_word' id='word_1_871' title='bbox 2639 5696 2886 5745; x_wconf 87' lang='lat' dir='ltr'><strong>catenam</strong></span> <span class='ocrx_word' id='word_1_872' title='bbox 2917 5683 2968 5737; x_wconf 86' lang='lat' dir='ltr'><strong>in</strong></span> <span class='ocrx_word' id='word_1_873' title='bbox 3001 5678 3256 5736; x_wconf 78' lang='lat' dir='ltr'><strong>Psahnos.</strong></span> 
     </span>
    </p>
   </div>
  </div>
