4036 6214
277 336 337 393 5⁹Ι
1400 332 1901 390 COMMENTARIA
1940 332 2006 389 IN
2046 334 2382 391 PSALMOS.
3452 335 3519 391 58

344 451 456 505 Του
496 448 757 523 lctulos]
790 449 890 521 μὲν
928 449 1018 503 διὰ
1063 448 1124 503 τὸ
1174 449 1460 519 φοϐεῖσθαι
1500 450 1592 504 τὸν
1625 450 1849 523 Κύριον,

2026 450 2166 507 Justi
2191 452 2314 517 viri,
2342 458 2629 522 propterea
2657 449 2803 520 quod
2846 447 3131 504 Dominum
3172 446 3344 511 timet,
3380 446 3518 504 beati

280 545 541 617 μακάριοι
592 548 640 598 οἱ
672 545 779 596 υἱοὶ
819 541 950 594 ὡσεὶ
980 541 1216 611 νεόφυτά
1258 544 1393 596 εἰσιν
1434 542 1628 596 ἐλαιῶν
1668 543 1852 614 κύκλῳ

282 639 385 707 τῆς
419 635 698 707 τραπέζης
726 632 891 687 αὑτοῦ
915 651 929 664 ·
962 633 1071 687 τῶν
1099 633 1155 685 δὲ
1193 633 1485 706 ἀλλοτρίων
1534 636 1581 688 οἱ
1637 637 1740 688 υἱοὶ
1778 634 1854 699 ὡς

282 725 511 795 νεόφυτα
539 721 798 793 ἱδρυμένα
832 722 889 774 ὲν
910 724 977 793 τῇ
1005 722 1217 792 νεότητι
1251 720 1447 776 αὐτῶν.
1478 723 1728 795 Κάκείνῳ
1756 724 1853 794 μὲν

281 818 380 870 οὐκ
406 817 511 868 εἰσὶ
548 814 880 885 θυγατέρες·
927 813 1136 876 τούτοις
1168 813 1225 867 δέ
1271 812 1373 868 εἰσι
1406 815 1853 884 κεκαλλωπισμέ-

282 921 387 967 ναι,
430 903 972 975 περικεκοσμημέναι
998 903 1074 967 ὡς
1118 904 1367 975 ὁμοίωμα
1413 903 1575 958 ναοῦ·
1620 905 1854 976 κάκείνῳ

284 995 379 1066 μὲν
410 996 549 1047 εἰσιν
585 994 691 1046 υἱοὶ
719 993 872 1058 υἱῶν,
906 992 1113 1057 τούτοις
1139 992 1194 1046 δὲ
1230 994 1349 1064 ούχί
1372 1011 1386 1023 ·
1420 994 1498 1046 ἔτι
1532 995 1724 1066 ἐκείνῳ
1756 994 1854 1065 μὲν

279 1084 461 1138 οὐκέτι
503 1087 725 1155 ταμεῖον
766 1083 887 1136 οὐδὲ
924 1082 1205 1154 ἀποθήκη·
1235 1084 1439 1137 τούτων
1467 1083 1523 1136 δὲ
1550 1084 1616 1137 τὰ
1657 1087 1855 1155 ταμεῖα

282 1177 465 1248 πλήρη
496 1174 899 1247 ὲξερευγόμενα
938 1177 1003 1228 ὲκ
1034 1174 1226 1229 τούτου
1257 1177 1336 1239 είς
1364 1174 1520 1228 τοῦτο
1539 1193 1550 1205 ·
1583 1177 1674 1228 καὶ
1716 1177 1855 1230 κατά

279 1268 341 1323 τὸ
378 1268 707 1337 Εὑαγγέλιον
737 1267 795 1321 δὲ
823 1270 937 1332 τοῖς
962 1266 1317 1339 τρεφομένοις
1352 1267 1455 1320 ὑπὸ
1487 1266 1579 1321 τοῦ
1606 1269 1855 1339 οὐρανίου

282 1360 499 1433 Πατρδς
542 1362 807 1424 πετεινοῖς
856 1358 950 1411 τοῦ
984 1359 1213 1429 ούρανοῦ
1258 1359 1442 1412 οὐκέτι
1486 1362 1707 1429 ταμεῖον
1738 1360 1857 1412 οὐδὲ

280 1453 553 1524 ἀποθήκη.
598 1453 719 1506 Υἱοὶ
749 1453 797 1505 οί
832 1451 1103 1523 αἱρετικοὶ
1155 1451 1324 1520 λόγοι,
1373 1453 1466 1505 καὶ
1504 1452 1574 1505 τά
1615 1455 1858 1525 νοήματα

280 1545 358 1610 ὡς
390 1545 641 1614 νεὸφυτα,
673 1545 762 1598 διά
792 1545 891 1616 τὴν
935 1544 1284 1614 καινοτομίαν
1306 1562 1320 1574 ·
1366 1544 1661 1618 θυγατέρες
1690 1548 1747 1601 αἱ
1772 1546 1860 1600 λέ-

284 1637 393 1702 ξεις
414 1654 427 1667 ·
458 1636 967 1707 κεκαλλωπισμέναι
988 1636 1045 1688 δὲ
1068 1636 1154 1689 διὰ
1176 1636 1274 1709 τήν
1303 1637 1521 1708 φράσιν,
1551 1639 1675 1692 ναὸν
1704 1634 1858 1692 οὖσαι

281 1728 376 1781 τοῦ
410 1730 771 1800 φρονήματος.

460 1822 579 1873 Οὐκ
609 1819 739 1873 ἐστι
767 1818 1125 1888 κατάπτωμα
1154 1819 1444 1889 φραγμοῦ,
1482 1837 1535 1874 κ.
1564 1837 1614 1872 τ.
1641 1820 1690 1874 λ.

356 1912 467 1967 Καὶ
502 1913 558 1964 ὲν
605 1910 683 1981 τῷ
722 1910 836 1964 Ἰὼϐ
880 1912 1124 1983 εἴρηται·
1161 1911 1265 1965 Διὰ
1307 1913 1363 1965 τί
1394 1912 1630 1977 ἀσεϐεῖς
1690 1910 1855 1977 ζῶσι,

288 2004 733 2057 πεπαλαίωνται
765 2002 833 2055 δὲ
871 2003 967 2055 καὶ
1003 2004 1074 2056 ἐν
1097 2004 1372 2070 summa;
1405 2005 1497 2057 καὶ
1529 2003 1597 2056 τά
1630 2002 1854 2074 ἐφεξῆς·

288 2095 427 2167 πλὴν
453 2095 723 2167 ἐπιφέρει·
748 2098 827 2149 Οὐ
841 2095 966 2164 μὴν
980 2094 1078 2149 καί
1109 2094 1344 2150 ἀσεϐῶν
1356 2097 1583 2165 λύχνος
1612 2096 1861 2163 σϐεσθήε

286 2202 476 2241 σεται.
510 2185 618 2239 Καὶ
651 2188 708 2239 ἐν
736 2184 1115 2256 ἑϐδομηκοστῷ
1142 2184 1376 2255 δευτέρῳ
1397 2184 1596 2256 ψαλμῷ
1618 2184 1853 2254 λέγεται·

299 2276 592 2344 Ὲζήλωσα
627 2275 728 2329 ἐπὶ
764 2276 887 2342 τοῖς
921 2277 1187 2346 ἀνόμοις,
1216 2275 1463 2345 εἰρήνην
1502 2274 1862 2346 ἁμαρτωλῶν

283 2367 533 2439 θεωρῶν,
564 2369 659 2422 καὶ
684 2368 754 2420 τὰ
790 2365 934 2438 ἑξῆς·
973 2360 1046 2420 ὧν
1075 2366 1169 2420 καὶ
1197 2366 1377 2419 αὐτῶν
1404 2367 1437 2436 ή
1468 2364 1621 2429 λύσις
1664 2365 1862 2435 ἐπάγε-

282 2478 371 2515 ται
394 2463 452 2513 ὲν
476 2459 574 2530 τῷ,
601 2459 728 2522 Πῶς
761 2460 1006 2528 ἐγένοντο
1039 2459 1118 2522 εἰς
1145 2458 1457 2528 ὲρήμωσιν;
1488 2456 1718 2524 ἐξάπινα
1754 2458 1861 2511 ἀπ-

284 2549 482 2603 ώλοντο
507 2548 594 2602 διὰ
610 2548 708 2620 τὴν
724 2546 978 2601 ἀϐουλίαν
1000 2544 1199 2609 αὐτῶν,
1222 2545 1297 2607 ὡς
1325 2544 1571 2598 ἐνύπνιον
1597 2545 1863 2616 ὲξεγειρο-

288 2636 481 2708 μένων.

811 2723 1104 2777 ΨΑΛΜΟΣ
1152 2723 1327 2776 PMA'.

353 2817 491 2872 Οὔτε
528 2816 597 2870 δι’
627 2816 857 2888 ὀργάνου
894 2813 988 2867 τοῦ
1022 2813 1357 2883 καλουμένου
1396 2813 1689 2884 ψαλτηρίου
1718 2812 1863 2867 λέλε-

287 2926 411 2963 κται
448 2909 515 2962 τά
549 2908 902 2979 προκείμενα,
944 2904 1068 2959 οὔτε
1110 2904 1176 2958 δι’
1220 2904 1383 2977 ᾠδῆς,
1433 2906 1552 2960 καθ’
1579 2906 1764 2977 ἕτερον
1805 2904 1863 2958 δὲ

286 3002 507 3073 τρόπον,
531 3000 772 3066 Αἵνεσις
798 2998 1218 3071 ἐπιγέγραπται.

498 3095 638 3147 Καθ’
666 3092 929 3159 ἑκάστην
954 3093 1181 3163 ἡμέραν
1206 3091 1521 3162 εὐλογήσω
1554 3108 1645 3145 σε.

372 3187 539 3257 Ἀρχὴ
594 3186 723 3258 παρ’
782 3186 1049 3255 Ἑϐραίοις
1098 3185 1192 3240 τοῦ
1244 3186 1513 3259 παρόντος
1566 3186 1746 3256 στίχου
1800 3184 1861 3240 τὸ

290 3278 391 3349 βῆθ
418 3277 548 3347 (ΞΟ).
574 3277 822 3331 Διδάσκει
847 3277 903 3330 δὲ
919 3279 1000 3331 ὅτι
1018 3280 1282 3350 προσήκει
1307 3277 1494 3350 ῶσπερ
1509 3278 1864 3349 ὀφειλὴνὲκά-

288 3386 421 3441 στης
452 3371 663 3441 ἡμέρας
694 3369 770 3441 τῷ
808 3370 926 3442 Θεῷ
961 3371 1052 3424 τὸν
1093 3370 1259 3441 ὕμνον
1296 3370 1620 3424 ἀποδιδόναι.
1661 3411 1673 3423 .
1710 3370 1865 3442 μηδε-

290 3465 416 3531 μιᾶς
448 3462 659 3533 ήμέρας
701 3461 779 3531 τῷ
817 3460 936 3532 Θεῷ
966 3461 1132 3533 ῦμνον
1178 3462 1460 3533 ὀλιγωρεῖν
1502 3462 1595 3514 καὶ
1628 3459 1861 3531 ἀπολιμ-

287 3553 545 3607 πάνεσθαι
594 3553 731 3624 (21).
763 3553 981 3625 Διανοίᾳ
1029 3554 1125 3624 μὲν
1167 3549 1259 3607 οὖν
1290 3554 1382 3605 κα)⁵
1425 3552 1733 3623 λογισμοῖς,
1770 3553 1864 3606 καὶ

287 3646 424 3717 αὐτῇ
462 3645 556 3699 τοῦ
588 3648 645 3699 ἐν
674 3648 807 3718 ἡμῖν
838 3645 1145 3715 πνεύματος
1168 3645 1396 3715 δυνάμει
1425 3645 1585 3697 αὑτὸν
1611 3644 1701 3697 τὸν
1732 3643 1864 3697 Θεὸν

290 3737 528 3807 ύψοῦμεν
569 3737 663 3790 καὶ
690 3735 1017 3807 εὐλογοῦμεν
1036 3754 1049 3765 ·
1083 3737 1286 3807 χείλεσι
1316 3736 1371 3788 δὲ
1398 3736 1491 3788 καὶ
1522 3733 1735 3805 θνητοῖς
1769 3734 1865 3805 ῥή-

296 3844 430 3898 μασι
459 3827 552 3880 τοῦ
581 3828 710 3881 Θεοῦ
750 3828 810 3881 τὸ
847 3829 1015 3899 ὄνομα
1058 3826 1369 3899 δοξάζομεν·
1410 3827 1507 3880 Αεὶ
1553 3827 1633 3890 σὲ,
1677 3826 1862 3898 φησιν,

212 3908 219 3919 ί
292 3919 478 3990 ὑμνῶν
523 3919 773 3984 διατελῶ,
826 3922 921 3973 καὶ
976 3920 1233 3991 οὐδεμίαν
1286 3919 1513 3991 ἄμοιρον
1569 3918 1715 3972 ἐάσω
1764 3917 1865 3988 τῆς

291 4010 587 4081 ύμνῳδίας.
614 4011 759 4065 Ἀντὶ
795 4012 850 4065 δὲ
884 4011 998 4075 τοῦ,
1024 4013 1109 4077 είς
1141 4013 1247 4064 τὸν
1276 4009 1460 4065 αἰῶνα
1492 4011 1596 4065 τοῦ
1629 4009 1861 4077 αἰῶνος,

289 4103 319 4153 ὁ
345 4101 441 4171 μὲν
484 4103 715 4167 Ἀκύλας
743 4102 947 4169 εἰσέτι,
982 4106 1010 4157 ὁ
1038 4104 1093 4157 δὲ
1131 4103 1424 4175 Σύμμαχος
1451 4102 1739 4171 διηνεκῶς
1767 4106 1865 4176 ἡρ-

294 4194 590 4265 μήνευσαν.
619 4227 691 4236 -
735 4196 1023 4249 ’Λκόλουθα
1053 4197 1108 4250 δὲ
1138 4197 1313 4251 πάντα
1352 4198 1465 4260 τοῖς
1500 4195 1860 4268 προλαϐοῦσι·

293 4287 460 4341 εἰπὼν
496 4289 608 4360 γὰρ
652 4287 965 4358 εὐλογήσω
1017 4289 1115 4342 καὶ
1160 4289 1418 4357 ὑψώσω,
1484 4287 1752 4341 δείκνυσιν
1790 4287 1866 4351 ὡς

291 4379 443 4434 οὐδὲν
466 4380 614 4451 αὐτῷ
649 4379 1003 4453 προστίθησιν
1028 4383 1061 4452 ή
1091 4398 1168 4434 πα
1185 4381 1232 4454 ρ’
1260 4380 1419 4452 ἡμῶν
1443 4380 1715 4451 εὐφημία·
1747 4381 1867 4432 ἐαυ-

1956 539 2049 594 lilii
2084 551 2335 610 tanquam
2365 542 2587 595 novella:
2616 539 2750 594 olere
2780 548 2907 594 sunt
2931 540 3073 593 circa
3104 553 3345 592 mensam
3379 537 3516 602 ejus.

1956 632 2063 687 Sed
2095 632 2394 687 alienorum
2429 650 2456 685 a
2488 632 2597 686 Deo
2646 630 2925 684 hominum
2973 629 3088 694 ﬁlii,
3136 628 3361 683 novella:
3398 637 3524 681 sunt

1953 723 2318 795 plantationes
2345 723 2398 777 in
2425 722 2711 791 juventute
2740 736 2860 776 sua.
2899 721 2963 775 Et
2987 721 3149 788 priori
3185 718 3422 787 quidem,
3456 716 3522 771 li-

1955 812 2041 868 lia:
2075 827 2180 867 non
2211 821 2368 879 sunt;
2404 812 2491 867 his
2514 824 2695 866 autem
2742 813 2922 883 Specie
2956 811 3178 880 pulchra
3225 819 3279 864 et
3318 818 3523 863 ornata:

1957 902 2128 957 instar
2164 901 2368 972 templi.
2403 900 2575 955 Priori
2604 908 2729 956 sunt
2780 899 2875 954 ﬁlii
2904 900 3176 963 llliorum;
3213 898 3297 953 his
3321 913 3523 967 nequa-

1955 1008 2139 1063 quam.
2159 993 2383 1062 lnsuper
2403 993 2567 1063 priori
2602 1008 2706 1046 non
2738 1002 2820 1047 est
2849 1007 2998 1053 arca.
3030 1005 3204 1061 neque
3234 992 3519 1055 horreum;

1957 1083 2043 1140 his
2072 1094 2252 1139 autem
2286 1086 2653 1154 promptuaria
2682 1087 2786 1139 hac
2819 1084 2943 1139 illac
2966 1084 3308 1152 perﬂuentia.
3336 1082 3520 1151 Atqui,

1957 1181 2251 1233 secundum
2288 1176 2660 1246 Etrangelium,
2710 1177 2832 1232 caeli
2885 1176 3196 1231 volatilibus
3245 1192 3274 1229 a
3312 1176 3522 1230 caelesti

1959 1269 2121 1324 Patre
2154 1270 2376 1325 nutritis
2430 1285 2535 1324 non
2584 1278 2668 1324 est
2717 1269 3147 1340 promptuariqu
3196 1281 3369 1336 neque
3400 1267 3523 1321 hor-

1960 1377 2109 1416 reum
2136 1363 2203 1417 “.
2232 1362 2372 1426 Filii,
2404 1361 2776 1432 intelliguntur
2829 1361 3203 1415 hmeticorum
3226 1370 3520 1416 sermones.

1958 1470 2261 1523 eorumque
2294 1462 2599 1507 commenta
2647 1462 2901 1521 tanquam
2966 1465 3117 1505 novae
3166 1447 3525 1517 plantationes

1958 1546 2026 1600 ob
2089 1547 2165 1600 rei
2224 1547 2543 1600 novitatem.
2600 1545 2773 1609 Filiae,
2836 1544 3209 1613 intelliguntur
3266 1540 3523 1597 vocabula

1960 1637 2182 1707 pulchra
2213 1647 2267 1693 et
2289 1649 2483 1693 ornata
2539 1638 2606 1692 ad
2658 1637 3007 1709 loquendum,
3051 1645 3105 1689 et
3149 1634 3310 1688 veluti
3358 1634 3526 1687 fastus

1963 1728 2236 1799 templum.

2164 1818 2325 1872 Vens.
2366 1818 2452 1873 H.
2496 1818 2616 1872 Non
2644 1830 2715 1871 est
2745 1820 2899 1871 ruina
2927 1818 3189 1881 ntaceriw,
3218 1825 3322 1871 etc.

2031 1909 2087 1965 In
2115 1911 2214 1966 Joh
2248 1926 2461 1980 quoque
2487 1912 2722 1965 dicitur:
2765 1911 2873 1965 Cur
2902 1911 3044 1977 impii
3071 1912 3264 1973 vivunt,
3295 1920 3341 1961 et
3366 1909 3420 1961 in
3446 1908 3530 1963 ali-

1961 2002 2098 2055 vitiis
2121 2011 2487 2054 consenescunt
2521 2000 2602 2054 °'?
2638 2013 2692 2054 et
2726 2001 2951 2068 reliqua.
2990 1998 3373 2052 Verumtamen
3401 1999 3527 2053 sub-

1956 2090 2076 2159 jicit
2104 2108 2118 2146 :
2156 2091 2385 2146 Tametsi
2410 2093 2687 2160 impiorum
2717 2090 2928 2144 lucerna
2963 2090 3322 2157 exstinguetur
3348 2088 3413 2142 “.
3462 2088 3529 2141 Et

1965 2184 2017 2238 in
2051 2184 2452 2254 septuagesimo
2476 2184 2713 2237 secundo
2738 2182 2985 2252 psalmo:
3024 2179 3200 2234 Zelavi
3241 2196 3397 2249 super
3420 2180 3526 2233 ini-

1961 2291 2113 2345 quos,
2141 2289 2323 2340 pacem
2349 2283 2680 2342 peccatorum
2728 2272 2904 2326 videns
2934 2271 2999 2334 ⁸⁷,
3034 2278 3087 2323 et
3116 2270 3345 2337 reliqua.
3381 2269 3528 2337 Quo—

1962 2382 2083 2422 rum
2117 2365 2315 2421 solutio
2346 2364 2689 2436 subjungitur
2726 2363 2813 2419 his
2849 2363 3070 2417 verbis:
3121 2363 3401 2428 Quomodo
3450 2378 3533 2415 rc-

1963 2459 2106 2515 dacti
2138 2468 2266 2514 sunt
2295 2459 2362 2513 ad
2392 2458 2737 2513 solitudinem
2762 2456 2783 2509 ?
2828 2456 3010 2510 subito
3052 2454 3328 2522 perierunt
3353 2452 3422 2508 ob
3451 2453 3532 2507 in-

1963 2551 2421 2608 considerantiam
2496 2566 2672 2607 suam.
2733 2565 2831 2605 ceu
2896 2548 3165 2603 sonmium
3226 2544 3532 2617 evigilantis

1963 2655 2147 2700 mente
2182 2644 2383 2699 deﬂuit.

2462 2733 2579 2788 PSA
2593 2732 2780 2790 LMUS
2819 2731 3045 2788 CXLIV.

2034 2826 2219 2895 Neque
2245 2826 2311 2880 ad
2340 2840 2601 2896 organum
2650 2840 2825 2893 neque
2881 2828 2948 2879 ad
3004 2823 3321 2895 psalterium
3356 2824 3532 2896 dictus

1963 2917 2060 2971 fuit
2091 2890 2179 2971 hic
2214 2890 2478 2986 psalmus,
2503 2930 2677 2984 neque
2716 2890 2912 2970 cantici
2950 2890 3348 2985 autcujuslibet
3373 2890 3531 2968 inetri

1962 3022 2158 3063 nomen
2196 3008 2377 3076 habet,
2408 3007 2503 3062 sed
2534 3007 2675 3061 Laus
2709 3007 3040 3062 inscribitur.

2041 3102 2054 3118 ⁸
2112 3099 2273 3154 Vens.
2304 3098 2360 3155 2.
2402 3098 2508 3155 Per
2535 3100 2765 3171 singulos
2798 3092 2909 3154 dies
2939 3100 3231 3153 benedicam
3276 3098 3391 3151 tibi.

2041 3189 2255 3245 Initium
2282 3191 2424 3259 apud
2454 3190 2710 3246 Hebrzeos
2740 3190 3025 3259 praesentis
3054 3189 3306 3244 versiculi
3335 3195 3418 3243 est
3444 3187 3534 3242 lit-

1965 3294 2077 3340 tera
2140 3283 2277 3338 beth.
2343 3282 2611 3338 Docemur
2666 3295 2890 3350 autem,
2947 3292 3199 3352 oportere
3277 3292 3533 3349 tanquam

1965 3376 2394 3443 uniuscujusque
2429 3375 2532 3429 diei
2565 3375 2829 3441 debitum,
2880 3376 3140 3446 hymnum
3185 3375 3292 3427 Deo
3334 3371 3537 3441 persol-

1962 3482 2110 3531 vere,
2142 3466 2307 3529 nullo,
2342 3466 2581 3535 inquam,
2614 3467 2699 3521 die
2725 3467 3066 3538 hymnodiam
3102 3466 3339 3520 divinant
3370 3463 3539 3533 negli-

1965 3573 2089 3630 gere
2123 3567 2213 3612 aut
2241 3557 2518 3612 omittere.
2551 3558 2615 3612 Et
2640 3569 2820 3612 mente
2864 3558 3103 3627 quidem,
3156 3544 3210 3610 et
3254 3555 3539 3624 cogitatio-

1965 3651 2148 3718 nihus,
2204 3658 2259 3704 et
2307 3650 2422 3719 ipsa
2467 3648 2693 3720 spiritus
2733 3650 2781 3703 vi
2835 3650 2999 3704 Deum
3030 3648 3339 3703 extollimus
3375 3656 3538 3716 atque

1968 3742 2294 3797 laudamus:
2327 3742 2485 3797 labiis
2514 3757 2645 3796 vero
2682 3752 2737 3797 et
2763 3741 3024 3811 perituris
3068 3740 3252 3794 verbis
3297 3738 3390 3792 Dei
3441 3751 3539 3791 no-
3592 3810 3595 3815 Α

1968 3848 2091 3888 men
2130 3833 2521 3904 gloriﬁcamus.
2555 3833 2654 3898 Te,
2689 3833 2887 3903 inquit,
2933 3847 3151 3903 semper
3186 3831 3404 3901 hymnis
3449 3846 3539 3889 ce-

1975 3925 2149 3990 lebro,
2182 3925 2492 3995 nullamque
2541 3925 2682 3980 diem
2737 3925 2943 3995 absque
2989 3923 3276 3995 hymnodia
3323 3933 3542 3993 praetcr-

1971 4016 2144 4071 mitto.
2176 4015 2293 4071 Jam
2331 4031 2426 4087 pro
2458 4017 2660 4082 verbis,
2697 4018 2751 4071 in
2789 4033 2890 4071 uec
2909 4016 3056 4070 ulnm
3111 4015 3313 4081 sa’cuh',
3348 4016 3539 4085 Aquila

1967 4108 2356 4178 interpretatus
2394 4117 2501 4174 est,
2530 4125 2693 4180 usque
2718 4109 2914 4173 adhuc,
2957 4109 3319 4178 Symmachus
3360 4118 3540 4161 autem

1967 4201 2311 4257 continenter.
2340 4231 2409 4240 -—
2431 4200 2637 4255 Cuncta
2669 4209 2849 4255 autem
2880 4210 3246 4254 consentanea
3280 4210 3408 4254 sunt
3437 4200 3544 4269 pri-

1965 4291 2171 4347 oribus.
2204 4290 2338 4345 Nam
2368 4306 2489 4345 cum
2548 4291 2767 4357 dixerit,
2802 4291 3036 4347 laudabo
3074 4301 3128 4347 et
3164 4291 3432 4353 exaltabo,
3467 4290 3543 4344 si-

1966 4381 2186 4454 gniﬁcat
2220 4381 2353 4437 nihil
2383 4381 2490 4437 Deo
2516 4383 2638 4437 addi
2679 4398 2710 4437 a
2759 4385 2969 4439 nostris
3009 4383 3275 4439 laudibus.
3322 4381 3543 4437 Nosmet

292 4472 419 4534 τοὺς
450 4471 509 4524 δὲ
554 4471 972 4544 λαμπρύνομεν,
1008 4468 1156 4526 αῐνον
1193 4472 1249 4524 δὲ
1288 4472 1367 4534 είς
1395 4470 1486 4523 τὸν
1523 4466 1669 4523 αἶνον
1711 4486 1860 4539 προσ-

1973 4475 2153 4545 potius
2201 4474 2559 4539 illustramus.
2613 4476 2738 4529 dum
2781 4474 2996 4531 laudem
3049 4476 3206 4531 laude
3259 4474 3545 4533 c0unecti-.

295 4560 532 4629 ἀγοντες.

446 4655 551 4707 Καὶ
588 4654 659 4723 τῇ
686 4655 1041 4723 δικαιοσύνῃ
1068 4671 1184 4709 σου
1215 4654 1707 4723 ἀγαλλιάσονται.

364 4746 463 4799 Διά
505 4747 708 4800 τούτων
746 4748 987 4801 διδάσκει
1028 4747 1124 4800 τοῦ
1157 4746 1292 4799 Θεοῦ
1339 4745 1435 4810 τὰς
1476 4746 1706 4817 ἁρετὰς,·
1744 4746 1865 4800 ὅσαι

292 4837 374 4900 εἰς
405 4838 552 4908 ἡμᾶς
585 4839 880 4910 διήκουσιν,
916 4840 1009 4909 ἀφ’
1044 4832 1120 4892 ὧν
1160 4838 1321 4892 αὑτὸν
1363 4838 1457 4892 καὶ
1495 4838 1863 4910 γνωρίζομεν·

291 4927 392 4991 τὰς
421 4929 530 5000 γὰρ
564 4930 701 5004 ὑπὲρ
721 4933 869 5003 ἡμᾶς
900 4930 1245 5003 ἀθεωρήτους
1268 4932 1401 5002 ἡμῖν
1426 4929 1591 4994 ούσας
1618 4931 1712 4983 καὶ
1738 4931 1869 4983 ἀκα-

288 5018 617 5089 ταλήπτους,
641 5022 739 5092 οὐχ
766 5016 874 5075 οἷόν
906 5021 967 5074 τέ
1001 5022 1115 5074 ὲστι
1143 5022 1308 5094 θνητῇ
1341 5022 1500 5091 φύσει
1530 5021 1863 5092 περιλαϐεῖν.

304 5109 420 5161 Ἀεὶ
450 5110 507 5163 δὲ
543 5114 622 5175 εἰς
658 5114 806 5184 ἡμᾶς
847 5112 1143 5182 φθάνουσαι
1176 5113 1269 5166 τοῦ
1324 5112 1458 5166 Θεοῦ
1508 5112 1720 5184 ἀρεταὶ,
1774 5112 1867 5182 ἀφ’

289 5192 369 5255 ὧν
398 5202 560 5257 αὐτὸν
599 5204 962 5275 γινώσκομεν,
998 5205 1053 5257 αἱ
1084 5205 1257 5273 φωναί
1292 5207 1430 5258 είσιν
1456 5200 1632 5259 αὗται.

369 5519 415 5550 ⁸⁸
446 5518 636 5575 Matth.
673 5535 744 5583 Vl,
780 5520 866 5574 26.
945 5520 989 5550 ⁸⁸
1017 5518 1117 5574 Job
1144 5535 1253 5583 xxi,
1282 5517 1331 5570 7.

373 5703 486 5765 (20)
522 5703 726 5773 Nempe
753 5696 1001 5769 cut-5:1.
1035 5708 1088 5760 in
1113 5707 1253 5760 omni
1275 5706 1375 5761 die.

1971 4582 2108 4621 "HIS.

2194 4654 2359 4710 Vens.
2394 4656 2447 4709 7.
2486 4655 2557 4709 Et
2588 4659 2799 4727 Justitia
2839 4670 2928 4712 tua
2978 4657 3329 4712 exsultabant.

2043 4747 2137 4803 llis
2160 4748 2342 4803 verbis
2367 4748 2608 4803 declarat
2637 4749 2727 4805 Dei
2760 4750 3008 4817 virtutes,
3026 4757 3311 4820 quatenus
3339 4746 3404 4801 ad
3443 4762 3545 4803 nos

1974 4839 2287 4903 deveniunt,
2317 4853 2385 4893 ex
2407 4841 2606 4909 quibus
2639 4842 2887 4895 eumdem
2918 4840 3297 4911 cognoscimus
3324 4858 3340 4907 ;
3374 4841 3539 4894 virtu-

1976 4942 2079 4996 tes,
2140 4931 2381 5000 inquam,
2427 4930 2585 4987 nobis
2636 4934 2967 5002 superiores,
3020 4932 3319 4988 invisibiles
3359 4940 3416 4987 et
3452 4931 3540 4985 in-

1975 5023 2516 5093 comprehensibiles,
2591 5040 2729 5094 quas
2798 5024 3041 5079 mortalis
3107 5034 3295 5078 natura
3362 5034 3541 5077 mente

1975 5113 2260 5184 complecti
2290 5117 2499 5186 nequit.
2566 5117 2820 5172 Attamen
2884 5117 2975 5172 Dei
3026 5117 3255 5170 virtutes
3285 5125 3540 5187 perpetuo

1975 5205 2041 5261 ad
2086 5221 2185 5261 nos
2217 5208 2588 5275 decurrentes,
2632 5226 2698 5277 ex
2732 5210 2935 5281 quibus
2981 5224 3103 5266 eum
3146 5210 3539 5281 cognoscimus,

1976 5297 2055 5351 Ita:
2085 5298 2305 5354 totidem
2337 5314 2499 5356 voces
2526 5311 2672 5356 sunt.

1408 5520 1607 5574 “ibid.
1644 5519 1725 5573 l7.
1804 5520 1846 5551 ‘7
1908 5519 2050 5577 Psal.
2102 5537 2267 5589 Lxxn,
2306 5524 2359 5577 5.

373 5776 483 5844 (ιιι)
512 5775 894 5845 Observemus,
935 5788 1067 5834 teste
1101 5777 1353 5846 Eusebio,
1403 5777 1709 5850 hymnodia‘.
1730 5778 2057 5848 quotidiana:
2088 5778 2141 5834 in
2174 5777 2410 5834 Ecclesia
2444 5778 2910 5836 consuetudinem.
