4068 6198
494 313 561 369 59
1160 303 1427 361 EUSEBII
1468 296 1950 355 CAESABIENSIS
1985 295 2136 354 ΟΡΡ.
2181 292 2357 351 PARS
2394 291 2484 349 lli.
2511 324 2579 334 —
2618 288 3031 347 EXEGETICA.
3660 291 3727 341 60

601 429 763 483 Vens.
792 427 844 481 8.
876 424 1163 479 Miserator
1190 423 1561 547 e:.misert'cors
1594 421 1873 485 Dominus,
1902 426 1960 473 et

1162 510 1219 547 re
1245 508 1389 547 toua.

1162 508 1389 564 reliqua.

561 592 694 647 Cum
729 589 857 644 nihil
889 603 984 644 nos
1009 601 1275 651 essemus,
1303 596 1478 654 neque
1510 583 1686 638 adhuc
1708 580 2058 642 exsistentes,

493 684 544 736 in
579 682 753 735 lucem
784 677 1033 748 protulit.
1070 676 1274 731 Deinde
1304 691 1469 745 prava
1508 674 1675 729 multa
1708 680 1958 743 agentes,
2004 680 2060 725 et

492 773 724 843 superbo
750 780 1062 839 contemptu
1088 770 1352 834 viventes,
1387 784 1491 822 non
1517 782 1615 836 pro
1645 765 1851 820 meritis
1875 770 2061 834 perseé

492 866 696 935 quitur,
745 863 837 919 sed
875 863 1187 925 miseretur,
1214 860 1414 930 diuque
1458 876 1557 915 nos
1598 868 1759 913 vocat
1793 856 1858 911 ad
1889 856 2062 925 poeni-

494 956 739 1021 tentiam,
772 954 896 1023 quia
928 962 1156 1007 mortem
1186 952 1492 1021 peccatoris
1520 966 1623 1005 non
1657 949 1793 1013 vult,
1824 950 1917 1002 sed
1948 964 2061 1003 ma-

493 1047 574 1113 gis
599 1046 715 1117 ejus
743 1044 1142 1114 pcenitentiam.
1175 1042 1378 1112 ,Neque
1415 1042 1488 1097 ita
1518 1057 1645 1112 erga
1694 1056 1821 1096 suos
1852 1050 2057 1093 tantum

495 1154 553 1191 se
576 1138 733 1207 gerit,
763 1138 858 1191 sed
892 1151 1020 1206 erga
1049 1149 1242 1190 omnes
1265 1134 1488 1189 omnino
1515 1151 1529 1195 ;
1558 1141 1641 1187 est
1668 1131 1814 1186 enim
1850 1131 2060 1186 cunctis

494 1230 777 1300 benignus.

529 1406 693 1462 Vsus.
727 1408 780 1462 9.
814 1406 880 1460 Et
915 1406 1426 1526 miserationesdejus
1459 1418 1613 1471 super
1657 1399 1833 1453 omnia
1865 1416 2022 1468 opera

1146 1492 1259 1526 oms
1304 1490 1404 1526 em.

1146 1490 1404 1542 qusaem.

561 1566 825 1633 Quoniam
876 1566 1255 1621 miserationes
1308 1563 1424 1634 ejus
1481 1562 1698 1618 cunctis
1765 1560 2059 1631 prarvalent

489 1658 731 1724 ejusdem
760 1659 1036 1727 operibus,
1073 1664 1471 1724 consequenter
1516 1654 1718 1708 dictum
1766 1662 1885 1707 est:
1917 1650 2058 1706 Can-

489 1753 747 1819 ﬁteanlur
777 1751 868 1803 tibi
900 1751 954 1803 in
981 1750 1157 1802 omnia
1187 1765 1343 1817 opera
1384 1757 1495 1799 tua.
1553 1746 1792 1800 Debetur
1819 1744 1869 1798 ei
1906 1744 2056 1798 insu-
2090 1769 2129 1827 Β

488 1857 608 1910 per,
635 1852 693 1895 ιιι
724 1843 851 1911 ipsa:
876 1857 996 1910 qua:
1025 1840 1293 1894 inanimes
1329 1837 1711 1891 existimantur
1770 1844 2053 1900 creaturm,

486 1948 622 1987 voce
648 1934 1033 2002 propemodum
1066 1931 1261 1985 emissa
1295 1929 1500 1999 gratias
1531 1929 1580 1981 ei
1621 1938 1809 1998 agant,
1840 1937 1893 1980 et
1923 1943 2054 1980 cutt-

488 2022 748 2077 ﬁteantur
776 2022 1012 2076 creatori
1065 2036 1187 2085 suo.
1234 2018 1535 2089 Participat
1561 2018 1705 2071 enim
1736 2016 2055 2085 sapientiam

484 2114 605 2181 ejus
630 2130 965 2183 unaquaeque
987 2114 1053 2167 ab
1074 2128 1140 2168 eo
1171 2111 1320 2165 varie
1344 2119 1659 2165 constructa
1696 2118 1970 2170 creatura.
2004 2117 2058 2160 et

486 2206 596 2258 vim
630 2206 926 2260 creatiouis
963 2204 1199 2259 mirabili
1240 2202 1472 2255 artiﬁcio
1502 2201 1685 2253 sentit.
1734 2197 2058 2267 Specialiter

486 2309 616 2349 vero
646 2294 1024 2363 prarcipueque
1054 2292 1225 2346 sancti
1261 2290 1379 2359 ejus
1412 2290 1670 2358 majorem
1723 2288 1898 2342 laudis
1944 2302 2058 2356 par-

489 2396 596 2441 tem
629 2387 933 2440 retribuunt
960 2401 975 2439 :
1008 2399 1132 2438 nam
1158 2383 1225 2438 iis
1258 2398 1377 2452 qua:
1402 2382 1642 2451 cogitant
1681 2389 1845 2449 atque
1870 2387 2053 2448 agunt,

488 2491 712 2546 regnum
740 2476 856 2544 ejus
884 2477 1203 2546 praedicant.
1239 2476 1292 2529 in
1343 2484 1685 2529 antecessum
1737 2471 1789 2526 id
1831 2470 2058 2525 manife-

489 2577 721 2633 stantes,
749 2577 804 2621 ttt
842 2577 1101 2637 tanquam
1129 2567 1179 2621 ei
1217 2567 1532 2629 militantes,
1565 2564 1735 2632 gloria
1764 2564 1872 2617 sint
1905 2562 2054 2631 regni

489 2662 628 2726 ejus.
668 2660 1049 2715 Pratdicabuttt
1100 2661 1227 2714 item
1275 2658 1686 2713 connaturalem
1733 2672 1900 2728 regno
1939 2657 2056 2725 ejus

486 2753 848 2817 dominatum,
876 2761 931 2806 et
956 2753 1100 2823 quod
1152 2766 1489 2821 unaquaeque
1519 2761 1769 2804 creatura
1807 2750 2058 2805 ordinate

486 2845 535 2897 ci
573 2846 779 2898 subest.
818 2843 947 2899 Cum
991 2846 1102 2899 sint
1153 2842 1398 2899 benevoli
1451 2842 1503 2897 hi
1538 2842 1628 2912 qui
1662 2841 1832 2911 gratia
1866 2850 1952 2895 tua
1989 2842 2055 2895 ad

489 2946 540 2990 te
573 2952 670 3005 per
692 2938 1035 2990 sanctitatem
1062 2935 1311 2991 conversi
1344 2943 1489 3001 sunt,
1526 2935 1666 2988 bona
1702 2949 1799 2987 sua
1830 2933 1951 2987 sine
1980 2933 2055 2986 in-

486 3026 629 3080 vidia
674 3028 1080 3080 communicant
1133 3042 1231 3094 per
1287 3026 1658 3096 magiSterium
1712 3024 1838 3078 liliis
1883 3024 2057 3097 homi-

2086 419 2130 476 Α
2154 415 2481 484 οἱκτὶρμων
2504 414 2601 467 καὶ
2623 412 2895 481 ἐλεήμων
2918 413 2950 464 ὁ
2972 409 3206 477 Κύριος,
3234 407 3325 461 καὶ
3347 405 3414 459 τὰ
3444 403 3725 463 ἀκόλουθα.

2228 568 2320 639 Μὴ
2347 567 2454 637 γάρ
2496 566 2655 629 ὄντας
2682 567 2854 635 ἡμᾶς,
2883 563 3015 635 μηδέ
3048 560 3383 629 ὑφεστῶτας,
3411 562 3728 635 παρήγαγεν

2158 660 2238 724 εἰς
2268 657 2415 728 φῶς”
2458 653 2577 712 εἶτα
2605 656 2774 710 πολλὰ
2806 655 3048 728 δρῶντας
3088 654 3233 708 κακά
3266 653 3359 707 καὶ
3391 669 3731 724 καταφρονη-

2156 752 2324 815 τικῶς
2372 752 2593 821 ἔχοντας
2648 750 2843 812 αὐτοὺς
2890 749 2951 801 οὐ
3009 746 3326 819 μετέρχεται
3375 748 3495 799 κατ’
3538 744 3729 809 ἀξίαν*

2158 843 2248 915 ἐμ.
2280 882 2294 897 .
2322 843 2379 896 δὲ
2405 844 2561 906 ἐλεεῖ,
2591 840 2727 895 ἀλλὰ
2757 841 2851 895 καὶ
2888 839 3231 911 μακροθυμεῖ
3257 836 3730 909 προσκαλοῦμενπ

2156 934 2305 1004 ἡμᾶς
2334 936 2415 997 είς
2452 932 2760 1003 μετάνοιαν,
2796 929 2884 983 διὰ
2917 929 2977 981 τὸ
3015 928 3088 1000 μὴ
3131 926 3412 997 βούλεσθαι
3440 925 3531 980 τὸν
3570 927 3733 979 θάνα-

2157 1043 2247 1078 τον
2294 1026 2388 1079 τοῦ
2434 1022 2780 1096 ἁμαρτωλοῦ,
2830 1022 2905 1085 ὡς
2946 1022 3043 1093 τὴν
3093 1020 3378 1092 μετάνοιαν
3428 1018 3621 1072 αὐτοῦ’
3669 1019 3729 1071 οὑ

2162 1113 2318 1184 μόνον
2354 1114 2411 1167 δὲ
2454 1113 2582 1184 περὶ
2630 1112 2755 1175 τοὺς
2787 1111 3021 1174 οἰκείους
3062 1108 3219 1162 τοῦτὸ
3262 1110 3443 1171 ἐστιν,
3475 1106 3610 1161 ἀλλά
3638 1107 3731 1160 καὶ

2160 1205 2288 1276 περὶ
2337 1205 2543 1267 πάντας
2600 1202 2968 1268 ἁπαξαπλῶς,
3028 1199 3152 1253 ἐπεὶ
3199 1200 3293 1278 καὶ
3337 1198 3570 1270 χρηστός
3615 1199 3731 1250 ἐστι

2158 1298 2271 1359 τοῖς
2306 1294 2367 1347 σύ
2378 1313 2601 1365 μπασιν.
3050 1280 3064 1293 ”

2159 1388 2267 1441 Καὶ
2302 1390 2357 1441 οἱ
2386 1385 2670 1456 οἰκτιρμοί
2703 1384 2888 1439 αὑτοῦ
2912 1382 3007 1437 ἐπὶ
3039 1382 3235 1436 πάντα
3264 1378 3336 1433 τὰ
3362 1380 3505 1449 ἔργα
3526 1379 3731 1433 αὐτοῦ.

2242 1562 2461 1633 Ἐπειδὴ
2501 1562 2548 1614 οί
2594 1560 2869 1633 οἱκτιρμοὶ
2913 1556 3076 1613 αὐτοῦ
3124 1557 3216 1610 ἐπὶ
3259 1555 3436 1610 πάντα
3486 1554 3555 1608 τὰ
3599 1553 3736 1625 ἔργα

2159 1654 2347 1711 αὐτοῦ.
2384 1655 2694 1719 ἀκολούθως
2719 1654 3001 1708 λέλεκται·
3044 1646 3736 1720 Ἐξομολογησάσθωσάν

2159 1760 2258 1799 σοι
2292 1745 2488 1799 πάντα
2529 1746 2601 1799 τὰ
2639 1745 2782 1814 ἔργα
2827 1758 2974 1796 σου·
3023 1740 3437 1811 προσοφείλεται
3481 1736 3628 1807 αὐτῷ
3661 1735 3736 1797 ὡς

2159 1836 2254 1891 καὶ
2283 1836 2421 1889 αὐτὰ
2443 1836 2511 1888 τὰ
2539 1834 2871 1906 νομιζόμενα
2901 1828 3039 1886 εἶναι
3065 1831 3268 1901 ἀψυχα,
3307 1829 3488 1899 φωνὴν
3511 1827 3737 1897 ἀφιέντα

2162 1930 2442 1999 μονονουχὶ
2485 1929 2827 1998 εὐχαριστεῖν
2878 1926 2972 1979 καὶ
3016 1922 3451 1994 ἐξομολογεῖσθαι
3491 1920 3568 1992 τῷ
3615 1936 3734 1972 ποι-

2158 2021 2351 2091 ήσαντι
2384 2019 2545 2073 αὑτά.
2570 2019 2806 2089 Μετέχει
2839 2018 2948 2089 γὰρ
2975 2016 3072 2085 τῆς
3099 2015 3264 2069 αὑτοῦ
3297 2014 3485 2083 σοφίας
3512 2014 3737 2066 ἕκαστον

2158 2112 2323 2165 αὐτοῦ
2367 2112 2475 2165 τῶν
2524 2112 2701 2182 ἔργων
2752 2112 3013 2174 ποικίλως
3065 2108 3589 2177 κατεσκευασμένον,
3642 2107 3737 2160 καὶ

2158 2204 2446 2269 πανσόφως
2514 2204 2737 2273 μετέχον
2807 2202 2909 2271 τῆς
2965 2200 3362 2271 δημιουργικῆς
3418 2199 3733 2267 δυνάμεωςσ

2157 2292 2553 2363 ἀφωρισμένως
2610 2293 2667 2345 δέ
2712 2292 2804 2345 καὶ
2859 2292 3152 2364 ἐξαιρέτως
3186 2294 3234 2344 οί
3280 2293 3416 2345 ὅσιοι
3467 2290 3628 2343 αὑτοῦ
3673 2290 3736 2342 τὸ

2160 2384 2343 2456 μεῖζον
2383 2384 2482 2453 τῆς
2531 2384 2967 2457 ἐξομολογήσεως
3018 2384 3364 2437 ἀποδιδόασιο
3411 2383 3477 2437 δι’
3509 2375 3583 2436 ὧν
3626 2382 3735 2454 γὰρ

2158 2476 2413 2549 φρονοῦσι
2460 2478 2554 2531 καὶ
2591 2477 2906 2548 πράττουσι,
2936 2476 3033 2548 τὴν
3062 2476 3334 2547 βασιλείαν
3375 2475 3538 2529 αὐτοῦ
3586 2475 3737 2547 ἐροῦ-

2159 2588 2263 2635 σιν,
2296 2571 2691 2642 ἐμφανίζοντες
2720 2570 3148 2641 προγευστικῶς,
3183 2569 3259 2633 ὡς
3295 2569 3443 2640 αὐτῷ
3480 2585 3745 2640 στρατευι

2159 2666 2381 2736 σάμενοι
2413 2662 2570 2729 δόξαν
2600 2659 2738 2717 εἶναι
2772 2663 2871 2733 τῆς
2911 2662 3189 2733 βασιλείας
3218 2661 3383 2717 αὑτοῦ
3403 2678 3416 2692 ·
3444 2661 3736 2732 λαλήσουσι

2156 2758 2214 2812 δὲ
2257 2757 2351 2811 καὶ
2394 2756 2616 2827 συμφυῆ
2654 2755 2971 2811 δυναστείαν
3004 2758 3070 2827 τῇ
3108 2755 3378 2827 βασιλείᾳ,
3427 2755 3502 2820 ὡς
3531 2755 3736 2808 ἕκαστα

2156 2845 2264 2900 τῶν
2288 2845 2599 2915 κτισμάτων
2631 2844 2943 2916 τεταμένως
2980 2844 3129 2915 αὐτῷ
3161 2844 3557 2897 ὑποτέτακται·
3587 2844 3738 2907 ὅντες

2159 2937 2529 3010 φιλάνθρωποι
2557 2937 2605 2989 οἱ
2635 2935 2736 3006 τῆς
2769 2936 2906 3007 πρὸς
2934 2937 2994 2990 σὲ
3025 2938 3119 2990 καὶ
3152 2936 3301 3006 παρά
3328 2935 3423 2989 σοῦ
3462 2935 3740 3004 ὁσιότητος

2161 3027 2634 3101 μεταποιούμενοι,
2674 3026 2924 3097 ἀφθόνως
2962 3020 3036 3081 ὧν
3066 3027 3225 3098 ἔσχον
3253 3026 3473 3095 ἀγαθῶν
3519 3026 3735 3097 μεταδιο

488 3132 639 3172 num.
698 3116 897 3171 Rerum
956 3117 1351 3181 tantummodo,
1395 3132 1515 3186 qua:
1562 3117 1855 3171 humanam
1887 3116 2053 3169 vitam

2157 3124 2309 3177 δόασι
2357 3124 2470 3185 τοῖς
2513 3120 2622 3174 τῶν
2655 3118 2961 3191 ἀνθρώπων
3004 3120 3138 3182 υἱοῖς
3172 3116 3592 3181 διδασκαλικῶς·
3643 3115 3738 3187 μό-

485 3209 778 3269 excedunt,
809 3210 1070 3278 magister
1112 3218 1277 3279 atque
1309 3217 1624 3262 antecessor
1652 3205 1903 3262 Christus
1935 3213 2013 3260 est
2042 3221 2057 3270 ;

489 3315 613 3354 cum
646 3300 680 3353 ii
713 3300 807 3370 qui
840 3301 1016 3354 adhuc
1046 3299 1138 3355 lilii
1171 3300 1449 3355 hominum
1478 3308 1655 3363 erant,
1703 3298 1945 3366 magistri
1973 3312 2060 3351 es-

486 3401 605 3445 sent
635 3389 812 3447 eﬂecti
857 3393 1018 3448 abiis
1057 3408 1197 3462 quos
1247 3393 1364 3463 ipse
1414 3390 1672 3446 Christus
1718 3393 2053 3445 erudiverat.

485 3482 686 3537 Paulus
714 3485 882 3555 igitur
915 3499 1019 3539 non
1071 3486 1137 3540 ab
1164 3484 1496 3550 hominibus,
1533 3493 1628 3538 aut
1657 3498 1755 3550 per
1783 3483 2055 3546 homines,

486 3575 580 3628 sed
610 3590 639 3628 a
669 3566 1003 3631 revelatione
1033 3575 1159 3632 Jesu
1189 3576 1389 3632 Christi
1425 3586 1648 3647 accepto
1679 3574 2049 3646 Evangelio",

490 3665 651 3735 izlqne
686 3666 929 3735 edoctus,
987 3669 1230 3737 gentium
1284 3668 1475 3723 doctor
1503 3668 1556 3722 in
1587 3666 1691 3721 ﬁde
1738 3680 1803 3721 ac
1831 3666 2057 3720 veritate

487 3759 677 3813 evasit.
710 3758 849 3825 Quin
876 3760 1011 3814 adeo
1047 3757 1311 3819 Servator
1353 3760 1469 3828 ipse
1517 3757 1664 3812 misit
1688 3758 1958 3827 apostolos
1989 3758 2054 3812 ad

486 3851 760 3906 docendas
811 3863 1032 3921 gentes;
1087 3864 1225 3920 quos
1272 3858 1433 3903 antea
1485 3858 1770 3903 monuerat
1799 3863 1866 3902 ne
1892 3863 2052 3918 quem

488 3942 807 4012 magistrum
865 3943 916 3996 in
962 3950 1107 3995 terra
1146 3940 1504 4010 appellarent.
1550 3940 1680 4006 Qua:
1721 3954 1849 4011 ergo
1894 3940 2054 3996 abeo

487 4033 665 4085 sancti
700 4033 934 4095 discunt,
970 4032 1083 4086 hate
1116 4030 1241 4085 liliis
1271 4031 1554 4086 hominum
1589 4032 1894 4087 uotil‘tcant.

2156 3231 2261 3268 νων
2289 3213 2399 3285 γὰρ
2430 3212 2538 3266 τῶν
2582 3214 2679 3281 τὴν
2711 3210 3058 3283 ἀνθρωπίνην
3092 3210 3236 3281 ζωὴν
3264 3208 3739 3282 ὑπεραναϐεόηκόπ

2154 3323 2262 3359 των
2303 3304 2622 3367 διδάσκαλος
2663 3302 2756 3355 καὶ
2790 3302 3107 3374 καθηγητὴς
3148 3304 3175 3355 6
3219 3302 3474 3374 Χριστὸς,
3514 3301 3623 3353 τῶν
3656 3301 3736 3353 ἐτι

2154 3395 2529 3466 τυγχανόντων
2565 3392 2698 3447 υἱῶν
2735 3392 3037 3464 ἀνθρώπων
3067 3391 3401 3446 διδασκάλων
3436 3390 3735 3462 γινομένων

2157 3486 2262 3539 ὑπὸ
2289 3486 2400 3540 τῶν
2434 3485 2537 3539 ὑπὸ
2573 3483 2811 3555 Χριστοῦ
2842 3482 3285 3553 πεπαιδευμένων
3305 3500 3319 3513 ’
3364 3482 3575 3546 Παῦλος
3605 3481 3735 3552 γοῦν

2156 3583 2186 3636 6
2218 3580 2292 3652 μὴ
2326 3577 2478 3651 παρὰ
2504 3577 2804 3650 ἀνθρώπων
2823 3575 2968 3647 ,ἥδε
2995 3572 3316 3645 ἀνθρώπων,
3343 3574 3480 3629 ἀλλὰ
3505 3575 3571 3629 δι’
3601 3578 3729 3630 ἀπο-

2159 3669 2443 3740 καλύψεως
2472 3668 2644 3738 Ἰησοῦ
2666 3666 2901 3738 Χριστοῦ
2926 3682 3001 3718 πα
3011 3663 3256 3737 ραλαϐὼν
3278 3665 3369 3719 καὶ
3388 3666 3655 3738 διδαχθεὶς
3676 3668 3738 3720 τὸ

2160 3759 2510 3829 Εὑαγγέλιον,
2534 3757 2850 3821 διδάσκαλος
2873 3756 3041 3810 ἐθνῶν
3068 3758 3123 3809 ἐν
3147 3757 3327 3810 πίστει
3364 3760 3457 3811 καὶ⁵
3478 3758 3703 3831 ἀληθείᾳ
3719 3778 3732 3791 ·

2160 3849 2351 3921 ἀμέλει
2379 3848 2509 3918 γοῦν
2550 3848 2646 3902 καὶ
2677 3848 2842 3909 αὐτὸς
2873 3849 2902 3901 6
2928 3849 3120 3921 Σωτὴρ
3145 3849 3419 3920 ἐκπέμπει
3450 3850 3575 3915 τοὺς
3612 3851 3741 3905 ἀπον
3799 3887 3810 3903 .

2162 3941 2381 4004 στόλους
2410 3942 2502 3994 ἐπὶ
2530 3940 2606 4011 τῷ
2640 3940 2979 4013 μαθητεῦσαι
3005 3942 3180 3995 πάντα
3208 3941 3278 3995 τὰ
3306 3942 3453 4012 ἔθνη,
3476 3943 3737 4014 πρότερον

2160 4033 2454 4097 παιδεύσας
2476 4034 2673 4097 αὐτοὺς
2701 4032 2774 4104 μὴ
2798 4034 2983 4087 καλεῖν
3017 4032 3335 4087 διδάσκαλον
3362 4034 3455 4087 ἐπὶ
3480 4035 3580 4105 τῆς
3603 4034 3733 4106 γῆς·

485 4121 522 4176 ἃ
550 4121 726 4176 τοίνυν
748 4124 878 4196 παρ’
902 4124 1065 4179 αὐτοῦ
1100 4124 1458 4196 μανθάνουσιν
1498 4126 1547 4179 οἱ
1586 4126 1740 4191 ὅσιοι,
1769 4125 2091 4198 γνωρίζουσι
2111 4128 2223 4191 τοῖς
2257 4126 2365 4180 τῶν
2394 4125 2696 4198 ἀνθρώπων
2724 4127 2878 4190 υἱοῖς.

557 4238 724 4294 Vens.
763 4240 849 4294 Η.
890 4239 1089 4295 Fidelis
1131 4240 1390 4325 Dominus
1421 4244 1474 4297 in
1497 4245 1825 4298 sermonibus
1850 4248 1982 4300 suis.

558 4352 760 4408 Fidelis
805 4354 969 4417 Deus,
1007 4370 1112 4410 non
1160 4357 1312 4426 quasi
1353 4357 1513 4412 [idem
1558 4357 1914 4426 participans,
1958 4358 2051 4411 sed

2360 4242 2579 4306 Πιστὸς
2607 4243 2822 4310 Κύριος
2848 4241 2919 4294 ἐν
2942 4239 3066 4306 τοῖς
3092 4242 3297 4310 λόγοις
3327 4239 3531 4294 αὐτοῦ.

2232 4352 2427 4417 Πιστὸς
2462 4352 2518 4405 δὲ
2551 4353 2579 4405 6
2616 4350 2748 4414 Θεὸς
2790 4351 2889 4420 οὐχ
2926 4350 3003 4412 ὡς
3044 4348 3285 4421 μετέχων
3321 4350 3586 4413 πίστεως,
3621 4348 3737 4401 ἀλλ’

484 4447 613 4517 quia
670 4445 775 4500 lide
831 4446 1026 4515 dignus
1072 4447 1295 4502 dicitur.
1348 4450 1553 4503 Cuncta
1578 4450 1722 4504 enim
1749 4464 1868 4518 qua:
1895 4448 2051 4512 dicit,

2156 4444 2230 4507 ὡς
2262 4442 2571 4508 ἀξιόπιστος
2607 4444 2851 4513 εἴρηταιο
2885 4440 3061 4494 πάντα
3106 4440 3216 4513 γάρ
3251 4441 3287 4495 ἀ
3325 4442 3470 4510 λέγει
3503 4443 3733 4511 γίνεται·

486 4546 643 4604 nunt,
668 4535 822 4605 juxta
852 4537 982 4592 illud
1018 4556 1031 4592 :
1077 4536 1199 4608 Ipse
1229 4539 1398 4595 dixit:
1431 4538 1620 4593 Nonne
1649 4539 1829 4607 faciet,
1858 4549 1906 4593 et
1948 4556 2052 4593 non

440 4698 443 4699 ν
484 4630 717 4683 manebit
755 4629 841 4683 "‘2
869 4630 1092 4701 Insuper
1135 4631 1305 4685 illud:
1350 4632 1549 4686 Caelum
1611 4641 1658 4685 et
1703 4643 1842 4685 terra
1876 4640 2053 4685 trans-

483 4722 656 4788 ilmnt,
676 4738 937 4775 sermones
965 4734 1140 4776 autem
1168 4722 1265 4776 mei
1289 4738 1391 4776 non
1414 4722 1839 4791 prmleribunt".
1868 4720 2053 4776 Justus

486 4813 613 4867 item
647 4822 751 4879 est,
794 4824 1059 4884 quatenus
1090 4815 1400 4885 impertitur
1445 4815 1712 4869 creaturis
1757 4814 1867 4869 suis
1892 4814 2054 4883 justi-

488 4906 657 4961 tiam:
708 4906 867 4961 sicuti
907 4907 1073 4961 etiam
1122 4917 1343 4961 sanctus
1379 4907 1431 4960 in
1468 4906 1555 4970 iis,
1587 4907 1676 4975 qui
1708 4906 2053 4960 sanctitatem

484 4996 606 5063 ejus
627 4996 975 5067 participant.
1018 4998 1256 5067 Denique
1298 4998 1563 5067 sapientia
1607 4998 1864 5052 Servatur
1888 5007 1971 5051 est
2002 4997 2052 5051 in

486 5102 577 5147 lto.
603 5091 693 5157 qui
724 5089 900 5144 instar
922 5088 1037 5158 ejus
1061 5090 1335 5159 sapientes
1363 5099 1505 5147 sunt.

487 5175 650 5232 Vens.
689 5178 777 5234 15.
818 5180 896 5235 Tu
919 5182 1015 5235 das
1038 5195 1210 5234 escam
1235 5180 1449 5234 illorum
1483 5190 1711 5250 tempore
1734 5187 2048 5248 opportuno.

562 5267 652 5321 Ait
675 5269 839 5323 etiam
868 5271 1134 5327 Eusebius
1161 5272 1327 5326 Deum
1357 5287 1462 5325 non
1487 5279 1699 5324 tantum
1724 5284 1848 5325 esse
1874 5268 2055 5339 lapso-

490 5373 610 5413 rum
656 5359 925 5416 medicum
970 5373 1026 5419 et
1071 5364 1473 5419 conlraetorum
1513 5371 1850 5427 sanatorem,
1876 5367 1970 5416 sed
2002 5371 2057 5417 et

2156 4536 2297 4589 κατά
2326 4536 2405 4599 τὸ,
2439 4533 2631 4601 Αὐτὸς
2661 4529 2849 4587 εἷπεν-⁸
2882 4531 3027 4602 Οὐχὶ
3064 4532 3301 4597 ποιήσει
3338 4533 3433 4586 καὶ
3467 4534 3603 4603 οὐχὶ
3637 4536 3738 4604 ἐμ-

2149 4629 2350 4699 μενεῖ;
2371 4628 2520 4698 λέγει
2542 4628 2599 4682 δὲ
2632 4629 2728 4682 καὶ
2758 4627 2839 4681 τό·
2880 4628 2940 4680 '0
2972 4626 3226 4695 οἰφανὸς
3261 4625 3359 4679 καὶ
3392 4627 3430 4695 ὴ
3473 4626 3550 4697 γῆ
3590 4642 3735 4698 παρ-

2159 4722 2493 4786 ελεύσεται,
2543 4723 2596 4774 οἱ
2648 4720 2717 4774 δὲ
2748 4722 2917 4791 λόγοι
2950 4738 3071 4789 μου
3113 4721 3185 4773 οὐ
3231 4720 3319 4789 μὴ
3368 4720 3729 4789 παρέλθωσι.

2156 4814 2265 4866 Καὶ
2307 4813 2455 4877 ὅσιος
2489 4812 2567 4877 δὲ,
2603 4812 2678 4877 ὡς
2733 4813 3009 4883 ὁσιότητος
3051 4812 3366 4882 μεταδιδοὺς
3406 4816 3517 4872 τοῖς
3554 4812 3739 4884 ἔργοις

2161 4903 2348 4957 αὐτοῦ·
2384 4903 2575 4976 ὥσπερ
2607 4903 2702 4957 καὶ
2736 4904 2888 4972 ἆγιος
2918 4906 2976 4955 ἐν
2998 4905 3110 4967 τοῖς
3145 4903 3431 4976 μετέχουσι
3463 4905 3562 4975 τῆς
3592 4904 3736 4972 67:6-

2159 5010 2320 5063 τητος
2362 4974 2560 5048 αὑτοῦε
2597 4995 2691 5047 καὶ
2721 4994 2884 5063 σοφία
2909 4993 3057 5046 ἐστὶν
3087 4993 3116 5045 ὁ
3149 4974 3340 5066 Σωτὴρ
3377 4996 3433 5047 ἐν
3470 4974 3583 5058 τοῖς
3615 4994 3733 5049 κατ’

2162 5087 2321 5140 αὐτὸν
2354 5089 2555 5157 σοφοῖς.

2265 5178 2348 5232 Σὺ
2385 5178 2562 5245 δίδως
2601 5176 2715 5246 τὴν
2748 5178 2979 5248 τροφὴν
3008 5178 3207 5233 αὐτῶν
3233 5179 3303 5231 ἐν
3337 5178 3622 5245 εὐκαιρίᾳ.

2229 5270 2364 5342 Φησὶ
2411 5270 2467 5322 δὲ
2498 5270 2592 5323 καὶ
2627 5272 2656 5324 ὁ
2682 5270 2937 5335 Εὐσέϐιος
2979 5270 3112 5341 (22),
3143 5270 3217 5333 ὡς
3254 5269 3314 5322 οὐ
3356 5268 3513 5339 μόνον
3551 5267 3732 5339 ἰατρός

2162 5364 2307 5416 ἐστιν
2336 5366 2362 5417 6
2393 5362 2524 5427 Θεὸς
2563 5362 2672 5416 τῶν
2703 5363 3090 5427 πεπτωκότων,
3126 5364 3219 5416 καὶ
3254 5361 3595 5433 θεραπευτής
3625 5359 3732 5413 τῶν

595 5543 641 5575 ⁸⁸
664 5542 783 5599 Gal.
818 5560 859 5608 ι,
905 5545 957 5599 1.
1030 5544 1237 5601 “Num.
1278 5545 1554 5614 nttt,19.
1622 5546 1669 5578 ⁷ο
1720 5543 1852 5602 Luc.
1904 5560 2021 5611 ut,
2064 5547 2153 5601 55.

564 5680 680 5751 (Ξὲὶ
722 5681 939 5736 Eusebii
982 5698 1177 5739 nomen
1212 5684 1261 5736 in
1311 5684 1591 5738 codicibus
1629 5699 1766 5753 quos
1804 5683 2055 5738 adhibui-

496 5768 615 5808 tnus
655 5764 968 5810 constanter
1020 5756 1071 5809 in
1132 5755 1468 5823 marginibus
1514 5755 1773 5811 scribitur
1821 5756 2060 5811 omnium

2164 5697 2283 5752 qua:
2309 5681 2579 5752 edidimus
2600 5676 3191 5752 fragmentorttnt._lloc
3250 5687 3432 5731 tamen
3474 5676 3597 5752 loco
3631 5691 3708 5729 att

2169 5747 2287 5809 ctor
2312 5751 2530 5807 Catena:
2557 5747 2763 5807 codicis
2791 5750 2835 5806 C
2857 5749 3024 5803 etiam
3056 5747 3107 5802 in
3142 5757 3396 5804 contextu
3424 5749 3623 5816 posuit.
