4068 6198
484 280 554 334 63
1184 271 1448 327 EUSEBH
1487 274 1955 332 CAESARIENSIS
1992 276 2144 331 OPP.
2188 276 2366 331 PARS
2405 274 2495 329 Ill.
2536 301 2605 313 --·
2640 265 3053 325 EXEGETICA.
3658 268 3727 317 64

645 392 803 443 Vsus.
842 387 897 441 5.
944 385 1124 441 Nolite
1150 387 1417 454 conlidere
1453 388 1505 440 in
1533 390 1885 457 principibus.

556 483 664 535 lloc
692 480 868 545 simile
894 480 968 533 illi
1003 498 1019 533 :
1048 477 1253 533 Bonum
1277 490 1350 533 est
1396 480 1661 546 conﬁdere
1690 482 1742 534 in
1786 481 2005 534 Domino
2028 520 2043 544 ,

478 590 631 645 quam
662 573 923 640 conﬁdere
954 575 1007 627 in
1045 572 1272 627 homine.
1320 572 1523 626 Bonum
1547 582 1623 627 est
1648 589 1857 639 sperare
1887 590 1917 626 a
1943 572 2049 625 Do-

478 664 643 726 mino,
670 680 835 733 quam
874 680 1086 725 sperare
1115 681 1146 717 a
1175 663 1501 731 principibus
1530 664 1595 718 "'.
1630 663 1685 717 ld
1733 673 1911 718 autem
1941 664 2049 735 syl-

480 758 709 825 logismo
741 756 1101 810 demonstrat.
1132 753 1265 808 Nam
1310 754 1353 809 si
1399 754 1519 822 ipsi,
1554 754 1770 822 inquit,
1821 754 2047 809 salutem

479 849 581 903 silti
611 863 930 915 comparare
980 847 1362 915 nequiverunt,
1424 862 1669 916 quaenam
1727 848 1832 900 erit
1867 848 2050 902 abhis

482 938 721 992 utilitas?
759 936 940 1004 Neque
970 937 1114 990 enim
1158 937 1339 990 valent
1366 937 1690 1007 semetipsos
1729 947 1903 991 morte
1936 937 2048 991 eri—

482 1045 615 1099 pere
646 1038 765 1097 post
792 1028 1082 1080 terminum
1118 1044 1130 1079 τ
1160 1025 1599 1105 nant‘morientis
1624 1026 1857 1081 hominis
1888 1028 2052 1095 spiri-

485 1133 570 1176 tus
586 1135 854 1190 egressus,
882 1119 1007 1172 illuc
1034 1118 1189 1171 vadet
1211 1132 1317 1187 quo
1346 1118 1663 1171 abducetur.
1690 1117 1916 1186 Reliqua
1951 1120 2049 1173 ho.

486 1210 646 1264 tuiuis
683 1225 806 1278 pars
856 1209 909 1262 itt
965 1208 1239 1277 pulverem
1292 1221 1446 1260 suum
1486 1217 1806 1271 revertetur,
1844 1219 2051 1263 natura!

484 1300 583 1368 legi
624 1302 950 1368 obsequens,
978 1314 1138 1367 quam
1184 1297 1342 1352 initio
1364 1296 1505 1352 Deus
1529 1299 1733 1352 Adamo
1754 1301 1942 1353 statuit
1968 1301 2051 1354 di-

482 1409 609 1447 cens
642 1411 657 1447 :
690 1390 871 1445 Pulvis
903 1410 976 1456 es,
1030 1400 1077 1443 et
1108 1392 1163 1443 in
1191 1390 1453 1457 pulverem
1484 1390 1759 1443 reverteris
1806 1392 1872 1442 ⁷⁸.
1907 1392 2051 1455 Quo-

483 1498 601 1537 rum
661 1484 950 1537 verborum
993 1495 1187 1536 sensus
1236 1490 1360 1534 est:
1398 1478 1639 1535 Consilia
1695 1482 1899 1555 omnia,
1931 1498 2051 1551 qua:

481 1577 657 1629 adhuc
686 1575 787 1629 vita
828 1576 1025 1629 comite
1055 1574 1195 1643 apud
1244 1590 1302 1630 se
1363 1575 1607 1644 cogitans
1660 1583 2047 1642 congesserat,

483 1669 634 1735 quasi
669 1666 884 1721 futurus
925 1678 1181 1732 aeternus,
1210 1682 1539 1721 coacervatis
1567 1669 1619 1720 iu
1659 1677 1803 1721 terra
1832 1668 2050 1721 thesau-

2081 396 2129 449 Α

2481 383 2577 451 Μὴ
2607 382 2927 436 πεποίθατε
2956 378 3049 432 ἐπ’
3074 377 3370 447 ἄρχοντας

2223 477 2443 548 Ὅμοιον
2463 474 2562 544 τῷ,
2589 472 2837 543 Ἀγαθὸν
2872 470 3219 524 πεποιθέναι
3262 469 3358 522 ἐπὶ
3407 470 3642 537 Κύριον,
3686 469 3723 536 ἢ

2146 566 2489 621 πεποιθέναι
2510 565 2601 618 ἐπ’
2623 564 2951 632 ἄνθρωπον·
2980 562 3205 631 ἀγαθὸν
3229 558 3490 621 ἐλπίζειν
3502 561 3598 613 ἐπὶ
3617 561 3727 615 Κύ-

2140 675 2295 726 ριον,
2335 658 2374 726 ἢ
2403 656 2673 721 ἐλπίζειν
2703 656 2797 709 ἐπ’
2819 655 3135 724 ἄρχοντας’
3163 651 3320 705 τοῦτο
3354 651 3409 705 δέ
3434 651 3729 723 παρίστησι

2146 749 2236 803 διὰ
2262 748 2644 819 συλλογισμοῦ·
2672 749 2723 800 εί
2763 747 2872 818 γὰρ
2902 747 3078 810 αὐτοὶ,
3107 745 3290 815 φησὶν,
3322 746 3534 807 ἑαυτοῖς
3575 761 3729 816 περι-

2150 841 2477 915 ποιήσασθαι
2520 842 2793 914 σωτηρίαν
2818 841 2916 911 οὺχ
2942 835 3043 893 οἷοί
3072 839 3133 892 τέ
3164 840 3290 904 εἰσι,
3319 838 3402 902 τίς
3430 838 3494 891 ἂν
3522 838 3730 907 γένοιτο

2148 934 2255 988 ἀπὸ
2282 934 2389 988 τῶν
2414 934 2671 988 τοιούτων
2697 932 2969 1003 ὠφέλειας
2997 932 3118 985 οὐδὲ
3164 931 3272 1004 γὰρ
3312 932 3566 985 δύνανται
3596 932 3727 984 ἐαυ-

2149 1028 2273 1090 τοὺς
2316 1024 2594 1090 ἐξελέσθαι
2637 1023 2731 1077 τοῦ
2772 1023 3002 1077 θανάτου
3035 1022 3171 1094 μετά
3196 1023 3258 1076 τὸ
3294 1023 3445 1085 τέλος
3470 1022 3581 1092 (24)
3603 1040 3615 1052 ο
3669 1022 3730 1075 τὸ

2155 1119 2253 1189 μὲν
2268 1118 2376 1191 γὰρ
2391 1118 2485 1171 τοῦ
2510 1116 2835 1188 θνήσκοντος
2852 1116 3190 1183 ἐξελεύσεται
3221 1114 3437 1185 πνεῦμα
3453 1114 3585 1185 (25),
3604 1114 3731 1167 ἔνθα

2154 1212 2220 1265 ἂν
2252 1212 2442 1285 ἀπάγῃ
2464 1213 2492 1263 ό
2518 1210 2774 1278 ἀπάγων’
2811 1210 2840 1261 ὁ
2864 1209 2923 1262 δέ
2950 1208 3134 1273 λοιπὸς
3159 1207 3441 1279 ἄνθρωπος
3465 1207 3732 1277 ἀποστρέ-

2151 1304 2243 1374 ψει
2273 1305 2353 1367 εἰς
2378 1303 2475 1375 τὴν
2502 1303 2604 1373 γῆν
2646 1301 2835 1365 αὐτοῦ,
2862 1300 3025 1371 νόμον
3068 1300 3283 1370 φύσεως
3308 1300 3528 1371 πληρῶν
3551 1300 3607 1352 ὃν
3633 1301 3732 1352 ἐπ-

2154 1393 2396 1465 έσκηψεν
2415 1394 2651 1465 ἀρχῆθεν
2671 1396 2699 1446 ὁ
2723 1392 2856 1456 Θεὸς
2875 1392 2953 1462 τῷ
2985 1390 3156 1462 ’Δδάμ
3187 1390 3372 1445 εἰπών·
3403 1390 3492 1459 Γῆ
3524 1388 3596 1456 εἷ,
3636 1392 3732 1444 καὶ

2151 1486 2239 1550 είς
2298 1482 2416 1554 γῆν
2473 1484 2827 1537 ἀπελεύσειο
2878 1476 2939 1536 οὗ
2998 1482 3315 1553 λεγόμενον,
3370 1484 3431 1536 Οἱ
3485 1483 3734 1553 λογισμοὶ

2154 1576 2355 1639 πάντες
2384 1574 2476 1639 οὒς
2512 1575 2594 1629 ἑτι
2622 1573 2828 1646 περιὼν
2869 1573 2946 1645 τῷ
2970 1573 3071 1644 βίῳ
3101 1576 3378 1644 συνήγαγε
3407 1577 3532 1645 παρ’
3560 1573 3734 1643 ἐαυτῷ

2152 1666 2550 1737 διανοούμενος,
2586 1667 2680 1719 καὶ
2721 1664 2911 1737 ῶσπερ
2954 1683 3037 1730 τις
3081 1665 3298 1729 αἰώνιος
3344 1666 3590 1734 συνάγων
3643 1665 3734 1718 καὶ

487 1772 599 1820 ros,
636 1758 895 1811 terribilia
936 1772 995 1811 se
1027 1758 1295 1811 facturum
1342 1759 1637 1828 spondeus,
1673 1767 1729 1812 et
1754 1757 1874 1812 aliis
1907 1772 2053 1812 com-

2156 1758 2501 1831 θησαυρίζων
2526 1761 2619 1813 ἐπὶ
2648 1760 2771 1829 γῆς,
2808 1761 3053 1828 ποιήσειν
3091 1776 3151 1811 τε
3178 1758 3247 1811 τὰ
3273 1759 3421 1812 δεινά
3458 1758 3733 1826 ἐπαγγελ-

481 1850 717 1909 tninans,
756 1865 858 1902 una
896 1849 1029 1902 hora
1076 1847 1337 1917 dissipata
1381 1849 1657 1917 peribunt,
1690 1858 1908 1914 cuncta,
1969 1850 2052 1903 in-

481 1958 668 2012 quam,
692 1941 916 1996 consilia
947 1942 1361 2005 dominantium,
1392 1942 1481 2010 qui
1528 1954 1559 1995 a
1607 1942 1762 2011 plebe
1794 1941 2056 2010 SuSpicie-

484 2037 706 2091 bantur.
751 2036 817 2088 Et
850 2034 1065 2104 quidem
1124 2033 1258 2087 dicit
1322 2035 1593 2105 principes
1640 2033 1800 2102 huius
1829 2033 2052 2099 saeculi;

398 2130 407 2143 ‘
486 2142 720 2195 namque
746 2136 799 2181 et
826 2126 876 2179 bi
914 2124 1175 2181 caducum
1229 2125 1432 2179 habent
1471 2125 1855 2195 principatum.
1907 2123 2056 2178 Unus

486 2213 681 2267 salutis
709 2225 902 2266 auctor
927 2214 1186 2267 Servatur
1204 2222 1309 2275 est,
1337 2214 1428 2282 qui
1453 2214 1530 2267 ait
1557 2230 1571 2266 :
1626 2212 1792 2267 Nemo
1824 2214 2055 2280 amplius

486 2303 718 2358 salvablt
749 2314 945 2371 praeter
965 2320 1073 2359 me.
1112 2304 1167 2358 Si
1195 2319 1324 2374 ergo
1353 2305 1419 2358 ab
1460 2304 1572 2367 illo,
1616 2318 1720 2358 non
1755 2314 1934 2356 autem
1974 2304 2052 2355 vi-

485 2394 636 2447 ribus
665 2393 895 2463 propriis
917 2394 1213 2459 salvantur,
1243 2396 1511 2464 quomodo
1546 2395 1676 2450 alios
1710 2395 1924 2450 salvere
1956 2411 2051 2465 po-

482 2496 663 2541 terunt
693 2488 716 2540 ἲ

594 2670 753 2728 Vens.
791 2670 843 2725 6.
879 2671 981 2735 Qui
1016 2672 1242 2725 custodit
1282 2671 1553 2724 veritatem
1586 2674 1638 2723 in
1669 2672 1948 2725 saeculum.

572 2764 774 2835 Nempe
804 2764 1070 2818 dictorum
1120 2780 1364 2828 suorum,
1394 2779 1511 2832 qua:
1544 2765 1596 2817 in
1636 2765 1934 2833 Scripturis
1962 2782 2057 2820 ex-

483 2860 680 2929 posuit,
709 2858 991 2911 veritatem
1018 2858 1395 2924 comprobans.
1420 2856 1673 2911 Promisit
1694 2859 1838 2911 enim
1860 2875 1919 2913 se
1940 2874 2056 2923 eos,

484 2968 607 3005 cum
631 2950 895 3020 judicium
932 2947 1043 3014 ﬁet,
1075 2947 1522 3018 puniturum,qui
1554 2949 1605 3001 in
1636 2961 1899 3017 prasente
1948 2953 2056 3005 vita

486 3045 670 3113 inique
689 3057 747 3097 se
769 3042 1057 3110 gesserint.
1083 3038 1175 3093 Est
1210 3050 1263 3094 et
1295 3039 1397 3093 alia
1422 3040 1711 3109 promissio
1742 3058 1755 3093 :
1791 3040 1943 3094 Beati
1966 3043 2055 3113 qui

484 3138 719 3189 esuriunt
743 3144 791 3188 et
818 3136 1027 3199 sitiunt,
1051 3134 1297 3201 quoniam
1358 3133 1457 3198 ipsi
1500 3134 1908 3198 saturabuntur,
1968 3153 2057 3190 vos

484 3236 659 3278 autem
709 3225 948 3278 esurietis
1003 3225 1072 3277 τ’.
1114 3223 1252 3291 Quin
1295 3223 1428 3277 adeo
1477 3224 1788 3278 sensibilem
1841 3242 2059 3296 quoque

485 3333 665 3371 escam
703 3318 967 3372 famelicis
992 3319 1043 3371 in
1072 3318 1287 3372 deserto
1310 3318 1555 3372 exhibuit
1580 3334 1798 3388 manna,
1831 3330 1884 3374 et
1909 3321 2061 3390 quin-

485 3424 593 3478 que
617 3410 889 3463 hominum
908 3409 1073 3463 millia
1107 3410 1389 3475 saturavit,
1410 3417 1465 3464 el
1496 3425 1591 3478 per
1617 3427 1835 3467 curvum
1862 3415 2058 3479 Eliam,

483 3511 541 3555 et
596 3517 691 3571 per
753 3501 1067 3572 prophetam
1106 3502 1411 3556 Abacucum
1454 3502 1752 3559 Dauielem.
1794 3503 1887 3560 Jus
1918 3507 2051 3561 dixit

487 3592 811 3645 calumniam
864 3593 1035 3662 passis
1072 3591 1303 3663 Josepho
1330 3603 1494 3662 atque
1540 3594 1825 3662 Susauum,
1865 3598 1939 3652 illi
1992 3598 2059 3652 ab

489 3682 741 3755 Egyptia
776 3684 971 3739 femina
994 3727 1008 3749 ,
1038 3686 1162 3741 huic
1187 3701 1217 3737 ιι
1248 3684 1520 3753 iudicibus
1560 3686 1794 3752 lsraelis,
1849 3706 2056 3744 necnon

491 3780 677 3835 Davidi
733 3795 763 3832 a
797 3778 978 3833 Saule.
1028 3777 1187 3833 Plena
1234 3775 1540 3845 hujusmodi
1580 3779 1843 3848 exemplis
1878 3781 2057 3835 divina

488 3873 758 3925 volumina
788 3880 929 3924 sunt.
1528 3856 1539 3865 ’

490 3960 655 4015 Vsus.
704 3961 752 4013 7.
796 3959 1047 4013 Dominus
1095 3958 1247 4039 solvil
1289 3961 1626 4040 compeditos,
1675 3960 1932 4016 Dominus
1967 3964 2059 4016 dat

1012 4032 1160 4083 caecis
1200 4032 1530 4099 sapientiam.

560 4122 907 4192 Compeditos
931 4122 1115 4185 solvit,
1147 4122 1523 4176 remissionem
1572 4133 1921 4193 peccatorum
1958 4124 2061 4179 lar-

488 4218 643 4287 giens
670 4217 734 4271 iis
776 4217 868 4287 qui
917 4217 1239 4271 delictorum
1283 4231 1502 4271 suorum
1546 4217 1752 4271 catenis
1782 4220 2057 4272 constrin-

490 4321 709 4381 guntur.
747 4310 967 4365 Videtur
996 4320 1172 4365 autem
1204 4310 1290 4364 his
1318 4306 1500 4364 verbis
1547 4309 1888 4364 vocationem
1927 4326 2058 4380 gen-

2155 1851 2399 1921 λόμενος,
2432 1851 2528 1904 καὶ
2573 1850 2735 1904 πάλιν
2763 1850 2971 1921 ἑτέροις
2995 1850 3253 1916 ἀπειλῶν,
3290 1850 3396 1903 ὑπὸ
3428 1851 3556 1918 μίαν
3587 1850 3735 1920 ὥρα)

2159 1941 2569 2014 σδεσθήσονται,
2610 1943 2705 1996 καὶ
2738 1942 3065 1997 ἀπολοῦνται
3096 1944 3294 2006 πάντες
3327 1945 3375 1996 οἱ
3404 1943 3737 2013 διαλογισμοὶ

2156 2034 2357 2098 αὐτῶν,
2382 2034 2581 2107 δηλαδὴ
2605 2035 2713 2088 τῶν
2753 2035 3029 2107 ἀρχόντων
3055 2035 3165 2088 τῶν
3192 2036 3341 2107 παρὰ
3365 2035 3578 2098 πολλοῖς
3612 2034 3737 2089 θαυ-

2158 2125 2504 2198 μαζομένων.
2551 2129 2712 2197 Λέγοι
2753 2129 2800 2183 δ’
2845 2130 2911 2183 ἂν
2958 2130 3052 2183 καὶ
3098 2130 3365 2201 ἄρχοντας
3408 2130 3595 2184 τούτου
3641 2129 3735 2182 τοῦ

2155 2219 2376 2281 αἰῶνος·
2412 2222 2769 2293 μεταπτωτὴν
2803 2221 2912 2292 γὰρ
2956 2224 3049 2275 καὶ
3077 2217 3220 2275 οὗτοι
3273 2222 3454 2292 ἔχουσι
3500 2222 3595 2292 τήν
3634 2224 3737 2294 ἀρ-

2155 2312 2289 2381 χήν·
2335 2314 2363 2365 ό
2400 2312 2456 2364 δὲ
2504 2312 2691 2384 Σωτὴρ
2726 2313 2884 2383 μόνος
2927 2311 3098 2376 αἴτιος
3139 2314 3433 2385 σωτηρίας,
3476 2316 3503 2367 ὁ
3532 2313 3733 2386 λέγων·

2155 2407 2349 2472 Σώζων
2387 2406 2570 2460 ούκέτι
2612 2404 2791 2477 πάρεξ
2827 2404 2991 2476 ἐμοῦ“
3028 2406 3076 2458 εί
3106 2405 3282 2459 τοίνυν
3327 2406 3385 2472 ἐξ
3430 2404 3612 2458 αὐτοῦ·
3645 2407 3737 2459 καὶ

2155 2500 2255 2551 οὐκ
2279 2499 2486 2553 οἴκοθεν
2523 2496 2804 2564 σώζονται,
2846 2498 2961 2563 πῶς
2992 2498 3209 2570 ἐτέρους
3249 2497 3442 2563 σώζειν
3483 2500 3735 2571 δυνήσον-

2156 2608 2243 2643 ται
2270 2608 2284 2656 ;

2268 2680 2380 2735 Τὸν
2415 2680 2814 2750 φυλάσσοντα
2845 2679 3133 2747 ἀλήθειαν
3163 2682 3250 2746 είς
3274 2679 3380 2733 τὸν
3405 2678 3614 2735 αἰῶνα.

2229 2773 2350 2828 Τῶν
2391 2773 2562 2842 λόγων
2614 2772 2799 2838 αὑτοῦ,
2836 2768 2910 2827 ὧν
2940 2775 2997 2827 ἐν
3038 2776 3158 2838 ταῖς
3200 2773 3444 2847 Γραφαῖς
3484 2776 3740 2846 ἐπηγγεί-

2157 2862 2309 2929 λατο,
2370 2862 2732 2935 πιστούμενος
2790 2863 2889 2935 τὴν
2935 2863 3226 2935 ἀλήθειανο
3280 2863 3586 2936 ἐκδικήσειν
3633 2864 3739 2936 γάρ

2159 2957 2522 3029 ἐπηγγείλατο
2566 2957 2693 3019 τοὺς
2732 2956 2873 3010 χατά
2908 2956 2999 3009 τὸν
3032 2957 3274 3030 παρόντα
3300 2956 3413 3027 βίον
3448 2957 3739 3027 ἀδικουμέ-

2084 3083 2125 3139 c
2160 3068 2301 3113 νους,
2331 3051 2389 3104 ἐν
2415 3048 2593 3121 καιρῷ
2616 3048 2693 3120 τῷ
2716 3050 2817 3120 τῆς
2838 3048 3073 3139 κρίσεως
3093 3066 3105 3078 υ
3122 3048 3386 3139 ,καὶᾲᾶλλη
3418 3047 3739 3115 ἐπαγγελία,

2161 3141 2240 3195 τόο
2264 3140 2547 3209 Μακάριοι
2568 3143 2621 3194 οἱ
2638 3139 2959 3203 πεινῶντες
2984 3138 3083 3191 καὶ
3107 3137 3421 3207 διψῶντες,
3448 3140 3535 3191 ὅτι
3572 3139 3740 3192 αὐτοὶ

2160 3229 2700 3300 χορτασθήσονται,
2723 3227 2891 3297 ὑμεῖς
2911 3226 2979 3279 δὲ
3007 3226 3337 3281 πεινάσετε·
3359 3227 3495 3281 ἀλλά
3531 3230 3625 3281 καὶ
3657 3230 3742 3282 αἰ-

2163 3320 2373 3393 σθητῶς
2422 3318 2623 3393 τροφὴν
2672 3321 2730 3372 ἐν
2778 3320 2971 3391 ἐρήμῳ
3015 3322 3127 3383 τοῖς
3172 3317 3395 3370 πεινῶσι
3446 3319 3506 3370 τὸ
3565 3320 3739 3388 μάννα
3848 3378 3853 3381 τ

2162 3413 2423 3485 παρέσχε,
2462 3414 2557 3467 καὶ
2586 3412 2746 3465 πέντε
2797 3411 3040 3482 χιλιάδας
3081 3411 3349 3482 διέθρεψε,
3381 3411 3476 3463 καὶ
3517 3410 3603 3463 διὰ
3645 3428 3739 3464 κο-

2164 3505 2346 3575 ράκων
2388 3502 2595 3567 Ἠλίαν,
2626 3503 2719 3555 καὶ
2748 3501 2815 3554 δι’
2862 3500 3184 3572 Ἀμσακοὺμ
3207 3500 3300 3553 τοῦ
3336 3503 3610 3571 προφήτου
3648 3499 3740 3553 τὸν

2162 3594 2389 3667 Δανιήλο
2426 3594 2647 3665 ἐποίησε
2678 3594 2735 3647 δὲ
2771 3594 2943 3666 κρίμα
2967 3596 3078 3657 τοῖς
3112 3593 3489 3664 ἀδικουμένοις
3538 3593 3737 3664 Ἰωσήφ

2162 3688 2255 3741 καὶ
2282 3686 2665 3759 Σωσάννῃ,·τιῖ›
2698 3686 2800 3756 μὲν
2829 3686 2935 3739 ὑπὸ
2960 3686 3059 3755 τῆς
3094 3685 3418 3754 Αἰγυπτίας,
3450 3686 3517 3756 τῇ
3544 3684 3601 3737 δὲ
3636 3684 3741 3737 ὑπὸ

2160 3781 2268 3833 τῶν
2300 3778 2501 3851 κριτῶν
2548 3777 2781 3849 Ἰσραὴλ,
2822 3778 2916 3831 καὶ
2946 3776 3024 3846 τῷ
3054 3776 3216 3829 Δαυῒδ
3261 3777 3364 3829 ὑπὸ
3403 3775 3598 3830 Σαούλ,
3633 3777 3741 3830 Καὶ

2162 3870 2342 3941 πλήρη
2364 3869 2472 3921 τῶν
2498 3868 2751 3922 τοιούτων
2780 3868 2850 3921 τά
2883 3868 3001 3921 θεῖα
3028 3868 3436 3940 συγγράμματα

2160 3965 2374 4032 Κύριος
2429 3963 2562 4016 λύει
2621 3961 3097 4086 πεπεδημένους,
3146 3964 3361 4032 Κιίριος
3412 3960 3597 4030 σοφοῖ
3648 3979 3743 4015 τυ-

2836 4050 2875 4086 ω
2921 4051 3047 4086 ουρ.

2834 4050 3047 4102 φλους.

2232 4124 2649 4196 Πεπεδημένους
2680 4124 2817 4190 λύει,
2854 4124 3048 4195 ἄφεσιν
3097 4123 3381 4194 ἁμαρτιῶν
3412 4123 3583 4187 διδοὺς
3622 4127 3740 4188 ταῖς

2163 4220 2371 4291 σειραῖς
2414 4218 2523 4271 τῶν
2587 4218 2731 4272 ίδίων
2782 4218 3195 4289 ἁμαρτημάτων
3260 4216 3736 4286 κατεσφιγμένοις.

2164 4313 2347 4365 Ἔοικε
2374 4310 2430 4363 δὲ
2459 4309 2547 4363 διά
2572 4310 2775 4362 τούτων
2791 4309 3123 4362 αἰνίττεσθαι
3142 4309 3240 4379 τὴν
3270 4308 3377 4361 τῶν
3411 4307 3580 4363 ἐθνῶν
3606 4308 3740 4379 κλῆ-

492 4404 623 4457 tium
653 4403 895 4469 itmuere,
946 4416 1154 4457 necnon
1204 4400 1415 4456 Domini
1471 4400 1612 4453 inter
1642 4401 1891 4456 homines
1920 4417 2053 4470 pra:—

2166 4419 2270 4464 σιν,
2301 4400 2396 4455 καὶ
2428 4398 2522 4452 τοῦ
2555 4398 2762 4469 Κυρίου
2795 4397 2894 4469 τὴν
2935 4399 3015 4461 εἰς
3049 4397 3369 4469 ἀνθρώπους
3414 4400 3738 4469 παρουσίαν,

490 4497 742 4562 sentiam,
771 4507 824 4549 et
858 4496 985 4550 hinc
1015 4495 1213 4548 factam
1248 4496 1501 4549 omnibus
1556 4494 1899 4548 medicinam.
1926 4492 2053 4549 Haec

488 4586 622 4641 mihi
648 4585 901 4653 cogitatio
939 4585 1147 4648 incidit,
1176 4584 1227 4637 in
1259 4584 1575 4639 memoriam
1610 4586 1882 4640 revocanti
1905 4585 2061 4641 Isaize

488 4680 554 4734 de
575 4678 862 4733 Servatore
887 4686 1070 4731 nostro
1095 4676 1523 4745 praedictionem,
1570 4692 1673 4747 qua
1717 4678 1885 4732 dicit:
1923 4679 2057 4732 Ecce

487 4770 637 4838 posui
677 4780 722 4823 te
751 4776 806 4821 ut
827 4770 899 4821 sis
933 4769 1098 4837 [cedas
1120 4768 1344 4838 generis,
1375 4766 1547 4823 lumen
1566 4772 1820 4839 gentium;
1845 4781 1899 4822 ut
1920 4787 2053 4823 ocu—

488 4863 565 4917 los
596 4878 852 4916 cazcorum
879 4862 1104 4930 aperias,
1131 4871 1184 4914 ut
1210 4862 1429 4915 vinculis
1460 4864 1689 4917 detentos
1716 4865 1961 4929 expedias
1986 4864 2053 4917 ⁷⁸.

490 4954 582 5009 Sic
611 4956 753 5009 enim
788 4964 844 5010 et
889 4954 991 5009 hoc
1015 4954 1135 5010 loco
1185 4954 1444 5009 Dominus
1489 4956 1822 5023 compeditos
1869 4955 2051 5010 solvit.

490 5043 624 5098 Tum
686 5056 740 5100 et
797 5045 925 5099 illud
967 5045 1162 5099 dicitur
1212 5065 1226 5099 :
1293 5045 1547 5099 Dominus
1606 5048 1700 5098 dat
1746 5047 1897 5100 cwcis
1960 5062 2053 5098 sa-

488 5136 758 5206 pientiam.
791 5136 935 5193 Sane
960 5138 1294 5205 mirum‘est,
1322 5153 1550 5208 corpore
1590 5139 1767 5201 caecis,
1799 5138 1916 5208 plus
1956 5137 2059 5193 ali-

490 5229 620 5300 quid
674 5229 1041 5300 intelligentite
1088 5233 1266 5287 inesse
1317 5231 1525 5297 solere,
1567 5232 1694 5300 quia
1735 5229 1874 5286 Deus
1936 5230 2059 5285 illos

559 5404 606 5435 ⁷⁵
643 5402 783 5457 Psal.
829 5419 999 5471 cxvtt,
1032 5408 1085 5472 8,
1108 5408 1161 5463 9.
1238 5406 1284 5440 ⁷⁸
1310 5404 1450 5462 Gen.
1502 5422 1589 5473 ιιι,
1624 5403 1712 5460 l9.
1789 5406 1833 5437 ⁷⁷
1863 5404 2051 5463 Matth.

2155 5403 2217 5470 3;
2259 5402 2391 5462 Luc.
2438 5420 2529 5469 Vl,
2559 5406 2619 5460 21
2644 5447 2660 5474 ,
2694 5406 2786 5462 25.

562 5567 674 5641 (ξι)
706 5567 779 5622 De
808 5566 1121 5641 praescripto
1162 5568 1287 5641 vita;
1339 5569 1567 5625 termino
1599 5569 1793 5641 legesis
1830 5572 2039 5639 longam

492 5638 833 5765 είξεηὲιὶιιιιὶ
859 5638 1179 5708 patriarcha:
1214 5638 1795 5700 CP.-dissertationent
1832 5660 1858 5698 a
1895 5638 2050 5699 nobis

492 5727 559 5765 at
599 5725 611 5765 t
643 5724 673 5764 ο
713 5756 727 5765 .
756 5726 841 5765 an;

491 5724 559 5767 ait
568 5724 611 5765 ω
643 5724 841 5767 ειιιιιικ

2162 4495 2261 4565 τήν
2308 4509 2367 4545 τε
2413 4491 2479 4544 δι’
2531 4491 2701 4561 αὐτῆς
2760 4489 2931 4543 ἅπασι
2995 4490 3366 4561 γενησομένην
3422 4490 3737 4563 θεραπεία.

2162 4586 2330 4639 Τοῦτο
2370 4583 2427 4636 δὲ
2461 4586 2603 4637 νοεῖν
2639 4600 2727 4653 μοι
2768 4580 3002 4651 ἐπῆλθεν
3032 4584 3111 4644 είς
3161 4584 3382 4655 μνήμην
3416 4584 3739 4639 ἀναλαϐόντι

2160 4677 2259 4749 τὴν
2301 4677 2521 4729 Ἡσαΐου
2551 4676 2678 4747 περὶ
2708 4673 2803 4728 τοῦ
2832 4675 3083 4747 Σωτῆρος
3116 4675 3273 4746 ἡμῶν
3309 4676 3632 4748 πρόρρησιν,
3668 4676 3739 4728 δι’

2162 4766 2229 4843 ἦς
2257 4788 2418 4842 φησιν
2440 4788 2451 4801 ·
2509 4769 2651 4824 Ἰδοὺ
2688 4768 2919 4824 τέθεικὰ
2945 4783 3020 4823 σε
3043 4771 3131 4834 εὶς
3166 4769 3463 4839 διαθήκην
3499 4770 3735 4840 γένους,

2160 4866 2247 4929 είς
2272 4860 2396 4931 φῶς
2429 4861 2637 4926 ἐθνῶν,
2665 4860 2897 4926 ἀνοῖξαι
2923 4863 3271 4934 ὀφθαλμοὺς
3321 4864 3587 4933 τυφλῶν,
3641 4864 3738 4928 ἐξ·

2162 4954 2404 5026 αππαγεῖν
2425 4956 2494 5009 ἐκ
2517 4952 2755 5023 δεσμῶν
2786 4954 3162 5026 δεδεμένους.
3191 4956 3347 5011 Οὕτω
3374 4958 3483 5029 γὰρ
3524 4960 3620 5011 καὶ
3650 4959 3737 5012 ἐν-

2162 5044 2335 5099 ταῦθα
2365 5048 2393 5098 ό
2438 5044 2641 5116 Κύριος
2664 5044 2781 5097 λύει
2812 5047 3248 5120 πεπεδημένους·
3296 5050 3505 5119 εἴρηται
3547 5049 3603 5102 δέ
3645 5050 3737 5101 καὶ

2162 5138 2244 5201 τὸ,
2293 5139 2355 5191 '0
2387 5138 2601 5206 Κύριος
2636 5137 2823 5207 σοφοῖ
2865 5142 3154 5210 τυφλούς·
3186 5140 3463 5211 θαυμάσαι
3492 5140 3537 5192 δ’
3562 5140 3734 5202 ἐστιν,

2164 5229 2311 5291 ὅπως
2338 5228 2431 5280 καὶ
2458 5228 2570 5291 τοῖς
2588 5228 2657 5282 τά
2683 5228 2909 5300 σώματα
2936 5233 3129 5303 πηροῖς
3177 5231 3359 5284 πλεῖόν
3384 5248 3437 5283 τι
3471 5230 3737 5295 συνέσεως

2862 5408 2908 5439 ⁷⁸
2940 5407 3043 5463 lsa.
3078 5422 3210 5470 xui,
3245 5405 3295 5460 6.

2236 5569 2348 5639 (15)
2383 5570 2457 5625 De
2516 5570 2713 5623 animae.
2763 5569 2909 5624 exitu
2944 5569 3137 5638 legitur
3185 5567 3407 5639 humilia
3442 5565 3500 5620 S.
3542 5565 3731 5639 Cyrilli

2164 5637 2703 5704 Alex.editionibus,
2737 5655 2896 5707 quam
2942 5637 3118 5693 tamen
3148 5637 3362 5692 codices
3384 5652 3411 5687 a
3436 5652 3519 5707 nte
3544 5637 3736 5690 obser-

2167 5712 2276 5768 vati
2304 5709 2601 5781 Theophilo
2633 5706 2961 5779 ejuspatruo
2986 5724 3049 5765 ac
3082 5709 3355 5765 decessori
3395 5706 3664 5761 tribuunt.
