4036 6214
307 246 377 301 65
1435 243 1926 300 COMMENTARIA
1966 244 2029 299 IN
2070 244 2409 305 PSALMOS.
3502 255 3573 312 66

307 363 566 438 πάρεστι,
622 360 715 421 τοῦ
759 359 893 414 Θεοῦ
927 359 1250 430 σοφίσαντος
1277 362 1474 427 αὐτοὺς
1500 364 1621 416 ἀντὶ
1653 363 1752 435 τῆς
1785 363 1888 418 τῶν

1994 367 2256 421 acntioris
2306 367 2503 437 ingenii
2558 367 2739 433 ellicit,
2795 378 3012 439 propter
3050 367 3329 423 oculorum
3369 368 3576 427 orbita-

304 456 606 529 ὀφθαλμῶν
636 456 960 525 στερήσεως.

570 547 865 617 Ὀρερανὸν
892 545 989 599 καί
1027 545 1223 614 χήραν
1258 546 1654 616 ἀναλήψεται.

380 643 446 695 Αἰ
478 638 849 695 ἀποϐαλοῦσαι
871 638 1041 710 ψυχαὶ
1068 639 1162 692 τὸν
1194 639 1486 711 γενόμενον
1512 640 1569 692 ὲν
1595 639 1765 709 κακίᾳ
1791 655 1896 692 πα-

309 734 441 806 τέρα
467 732 645 786 αὐτῶν
663 730 932 793 διάϐολον,
955 731 988 803 ἢ
1018 730 1112 784 καὶ
1134 730 1323 803 ἄνδρα,
1353 730 1588 802 ὀρφαναὶ
1608 731 1703 784 καί
1724 731 1890 801 χῆραι

310 823 821 896 ἀναλαμϐανόμεναί
886 826 1026 877 εἰσι⁹
1099 822 1303 876 τούτων
1370 822 1808 893 ἀναληφθέντων,
1856 825 1890 895 ἡ

308 915 414 970 τῶν
441 912 781 986 ἁμαρτωλῶν
820 912 939 976 ὁδὸς
962 913 1063 966 ούκ
1095 912 1231 984 άλλη
1258 914 1357 984 τῆς
1403 913 1602 975 κακίας
1631 907 1764 965 οὖσα
1790 913 1893 966 ὑπὸ

307 1006 441 1061 Θεοῦ
470 1006 921 1077 ἀφανισθήσεται.
954 1006 1065 1059 Καὶ
1104 1004 1275 1058 ταῦτα
1318 1005 1418 1075 μὲν
1450 1005 1699 1075 εἴρηνται
1728 1003 1892 1075 ἀλλη-

306 1097 690 1172 γορικὼτερον.
748 1097 948 1170 Χηρῶν
1002 1098 1059 1150 δὲ
1112 1096 1261 1165 λέγει
1330 1097 1390 1161 ού
1434 1096 1545 1149 τῶν
1589 1097 1888 1168 τυχουσῶν,

304 1191 440 1244 ἀλλά
461 1189 571 1243 τῶν
596 1190 692 1242 σὺν
713 1188 904 1259 ἀγνείᾳ
930 1187 1024 1241 καί⁸
1053 1188 1340 1258 σεμνότητι
1371 1186 1729 1241 διατελουσῶν
1748 1228 1763 1252 ,
1792 1188 1888 1258 ὀρ-

305 1282 492 1354 φανῶν
548 1282 627 1346 δὲ,
657 1281 786 1343 τοὺς
820 1279 1131 1339 θεοσεϐείας
1162 1278 1325 1333 ἕνεκα
1356 1279 1752 1344 καταλιπόντας
1800 1296 1891 1349 γε·

306 1376 433 1439 νεάς
462 1375 592 1446 (‘26).

828 1465 1120 1518 ΨΑΛΜΟΣ
1159 1465 1333 1531 mc,"

390 1558 478 1610 Ἐν
508 1556 584 1627 τῷ
611 1555 836 1626 παρόντι
865 1554 1067 1626 ψαλμῷ
1111 1555 1231 1607 ἀντί
1256 1553 1374 1619 τοῦ,
1412 1555 1629 1609 αἰνεῖτε
1658 1554 1764 1609 τὸν
1784 1557 1893 1611 Κύ-

301 1667 454 1720 ριον,
478 1652 505 1703 ό
526 1651 621 1721 μὲν
651 1649 966 1721 Σύμμαχος,
997 1648 1353 1715 annnam,
1383 1648 1469 1701 ὅτι
1494 1649 1718 1716 ἀγαθὸν
1738 1649 1884 1717 ᾠδὴ,

2002 468 2129 515 tem.

2220 552 2379 607 Vens.
2411 555 2462 609 9.
2502 553 2771 623 l'npillum
2796 565 2843 608 et
2866 555 3079 609 viduam
3108 555 3373 625 suscipiet.

2067 648 2277 702 Animae
2313 663 2432 716 quae
2458 662 2489 701 a
2517 646 2733 703 diabolo
2767 656 2921 717 patre
2949 651 3188 717 ipsarum
3219 658 3313 702 aut
3340 648 3457 702 viro
3482 648 3564 702 de-

1996 738 2198 792 stitutae
2260 736 2498 801 fuerunt,
2544 739 2625 792 ba:
2670 737 2920 792 videlicet
2946 737 3051 790 illae
3074 747 3201 790 sunt
3224 737 3480 807 orpbana:
3507 751 3573 790 ac

1996 826 2170 881 viduae
2193 841 2329 897 quas
2379 827 2520 881 Dens
2553 826 2799 895 suscipit.
2838 825 2933 880 His
2978 828 3264 895 susceptis,
3327 838 3574 896 peccato—

2001 935 2118 973 rum
2153 934 2246 973 seu
2293 919 2511 975 malitia:
2541 920 2624 973 via
2652 919 2965 974 destruetur
2992 935 3021 973 a
3061 919 3188 974 Dco.
3245 919 3421 988 Atque
3458 921 3573 976 haec

1995 1012 2290 1083 allegorice
2328 1013 2505 1082 potius
2525 1023 2652 1067 sunt
2693 1013 2859 1067 dicta.
2890 1014 2966 1069 De
3000 1014 3177 1068 viduis
3196 1023 3375 1069 autem
3407 1014 3574 1084 loqui-

1996 1114 2084 1158 tur
2114 1120 2218 1158 non
2250 1106 2606 1173 quibuslibet,
2633 1107 2726 1159 sed
2764 1106 2958 1174 pudice
3015 1115 3309 1174 sancteque
3337 1108 3571 1161 viventi-

1994 1194 2116 1249 bus.
2150 1194 2389 1264 Pnpillos
2411 1198 2643 1264 denique
2685 1197 2920 1265 appellat
2958 1197 3051 1265 qui
3084 1196 3361 1266 religionis
3406 1211 3567 1252 causa

1995 1289 2257 1343 omittunt
2281 1288 2504 1359 generis
2539 1290 3005 1359 propagationem.

2487 1484 2807 1541 PSALMUS
2848 1484 3075 1542 CXLVI.

2061 1578 2337 1634 Prtesente
2372 1580 2423 1632 in
2443 1578 2672 1645 psalmo,
2699 1594 2818 1647 pro,
2847 1578 3061 1633 laudate
3088 1578 3390 1644 Dominum,
3413 1578 3567 1651 Sym-

1992 1673 2217 1725 machus
2234 1671 2388 1735 dixit,
2409 1671 2644 1732 alleluia,
2660 1671 2786 1741 quia
2805 1673 2935 1725 bona
2954 1688 3035 1725 res
3056 1673 3341 1735 canticum»,
3368 1674 3567 1727 omissa

308 1744 548 1817 εἴρηκεν,
583 1745 979 1816 ἀνερμήνευτον
1014 1742 1256 1811 φυλάξας
1287 1743 1384 1814 τὴν
1428 1742 1698 1813 Ἑϐραίων
1742 1743 1886 1809 λέξιν

1991 1765 2437 1832 interpretatione
2466 1763 2718 1819 Hebraici
2749 1764 3021 1827 vocabuli,
3055 1765 3417 1833 significantis
3448 1766 3563 1819 lau-

307 1836 408 1909 τὴν
440 1836 805 1907 σημαίνουσαν
833 1836 915 1898 τὸ,
964 1835 1183 1889 αίνεῖτε
1218 1835 1326 1888 τὸν
1368 1836 1606 1903 Κύριον.
1653 1836 1886 1906 Ὁμοίως

308 1929 365 1982 δὲ
396 1928 491 1981 καὶ
515 1930 548 1997 ἡ
579 1928 803 1998 πέμπτη
828 1926 1055 1990 ἔκδοσις,
1093 1927 1310 1981 αίνεῖτε
1349 1926 1456 1980 τόν
1489 1929 1569 1991 ιὰ,
1598 1926 1881 1991 ἐξέδωκεν.

319 2021 382 2075 Ὀ
429 2020 528 2092 μὲν
551 2016 644 2074 οὖν
675 2021 779 2091 πρὸ
810 2020 999 2074 τούτου
1032 2019 1244 2091 ψαλμὸς
1282 2021 1381 2091 μιᾷ
1408 2019 1552 2091 ψυχῇ
1588 2022 1757 2074 αἰνεῖν
1795 2021 1885 2074 τὸν

309 2111 512 2184 Κύριον
545 2111 1010 2185 παρακελεύεται·
1055 2111 1291 2166 ἐνταῦθα
1323 2112 1380 2166 δὲ
1414 2112 1642 2184 πλήθεσι
1666 2112 1885 2180 λέγεται

305 2205 387 2269 τὸ,
413 2204 631 2258 αἱνεῖτε
660 2204 765 2257 τὸν
787 2205 1027 2272 Κύριον·
1052 2203 1237 2274 ἐπειδὴ
1261 2203 1462 2269 οὐδεὶς
1485 2203 1705 2273 ἀγαθὸς
1731 2207 1780 2257 εὶ
1798 2203 1883 2273 μὴ

303 2294 392 2365 εἷς
424 2302 457 2353 ὀ
491 2298 652 2364 Θεὸς,
691 2298 915 2361 εἰκότως
960 2299 1067 2351 πᾶν
1096 2298 1157 2350 τὸ
1185 2299 1266 2359 εἰς
1301 2295 1466 2350 αὐτοῦ
1496 2296 1653 2363 δόξαν
1685 2299 1888 2367 ἀναφε-

296 2389 553 2465 ρόμενον,
585 2391 678 2444 καὶ
710 2392 789 2454 εἰς
849 2389 1014 2443 αὐτοῦ
1046 2390 1211 2461 τιμὴν
1244 2390 1639 2460 πραττόμενον,
1683 2389 1885 2458 ἀγαθὸν

304 2484 370 2538 ἂν
403 2484 508 2553 εἴη·
544 2482 733 2553 ὥσπερ
776 2476 868 2534 οὗν
901 2480 996 2533 καὶ
1033 2480 1235 2548 ἀγαθὸν
1269 2482 1297 2533 ὁ
1336 2480 1547 2551 ψαλμὸς
1578 2479 1655 2542 ὡς
1703 2477 1768 2532 ἂν
1806 2481 1884 2543 εἰς

304 2575 506 2643 ἀγαθὸν
532 2574 662 2626 Θεὸν
679 2572 1151 2643 ἀναπεμπόμενος.
1184 2571 1323 2623 Ἀνθ’
1351 2566 1412 2625 οὗ
1440 2572 1468 2623 ό
1493 2571 1591 2642 μὲν
1632 2571 1881 2633 Ἀκύλας,

303 2666 530 2737 ἀγαθὸν
559 2664 847 2737 ἐγκώμιον
872 2652 1236 2736 ἧρμήνευσενσ
1260 2665 1288 2716 ό
1313 2663 1368 2716 δὲ
1394 2663 1711 2734 Σύμμαχος,
1740 2664 1885 2732 ἁγα-

305 2760 416 2815 θὸν
443 2759 588 2825 ᾠδή.
639 2759 713 2811 Οὐ
754 2758 858 2830 μὴν
889 2756 1025 2810 ἀλλὰ
1058 2757 1206 2825 καὶὴ
1234 2755 1440 2819 αῖνεσις
1466 2757 1499 2825 ἡ
1527 2757 1606 2818 εἰς
1631 2755 1721 2808 τὸν
1754 2754 1887 2807 Θεὸν

308 2851 740 2921 ἀναπεμπομένη
783 2849 983 2911 παντός
1020 2865 1079 2901 τε
1131 2845 1363 2910 εὐώδους
1416 2845 1759 2916 θυμιάματος
1792 2844 1887 2899 καὶ

310 2945 491 3017 πάσης
511 2944 705 3016 ἡδονῆς
724 2944 887 3015 ἡδίων
912 2940 1059 3012 αύτῷ
1085 2940 1365 3011 τυγχάνειο
1393 2939 1487 2992 καὶ
1513 2938 1622 3009 γὰρ
1650 2938 1726 3001 ὠς
1753 2936 1886 3007 ἀλη-

309 3037 421 3101 θῶς
453 3034 599 3100 αἶνος
632 3035 766 3089 Θεοῦ
799 3037 861 3087 ὲκ
888 3034 1109 3105 λογικῆς
1148 3032 1241 3086 καὶ
1285 3031 1532 3102 καθαρᾶς
1570 3029 1888 3101 ἀναπεμπό-

1989 1857 2111 1909 date
2136 1856 2437 1909 Dominum.
2466 1857 2729 1911 Similiter
2750 1858 3004 1924 etquinta
3035 1858 3223 1922 editio,
3251 1858 3466 1911 laudate
3489 1860 3565 1922 ia,

1988 1950 2185 2017 posuit.
2222 1948 2485 2017 Superior
2513 1950 2696 2019 itaque
2734 1950 2977 2018 psalmus
3004 1952 3093 2005 uni
3122 1952 3316 2004 anima:
3341 1950 3567 2004 iaudare

1988 2039 2273 2094 Dominum
2294 2044 2543 2102 mandat;
2578 2042 2665 2096 hic
2690 2052 2820 2097 vero
2845 2044 3176 2097 multitudini
3207 2044 3424 2109 dicitur,
3449 2044 3564 2097 Iau-

1987 2134 2108 2185 date
2128 2131 2431 2187 Dominum.
2449 2132 2716 2199 Quoniam
2736 2152 2882 2189 nemo
2901 2139 3066 2187 bonus
3084 2137 3185 2188 nisi
3208 2137 3564 2198 unusDcus",

1988 2233 2135 2276 recte
2158 2225 2418 2293 quidquid
2463 2231 2528 2278 ad
2575 2224 2695 2291 eius
2719 2225 2946 2294 gloriam
2984 2227 3241 2290 refertur,
3278 2238 3446 2295 atque
3493 2227 3568 2282 ob

1990 2329 2112 2367 eum
2142 2315 2520 2369 honorandum
2573 2316 2653 2380 fit,
2710 2317 2909 2371 bonum
2968 2332 3089 2372 esse
3138 2318 3563 2375 existimabitnr.

1990 2405 2161 2461 Sicuti
2192 2421 2337 2461 nunc
2368 2409 2533 2462 etiam
2571 2409 2706 2462 bona
2743 2425 2828 2464 res
2850 2410 3090 2479 psalmus
3115 2410 3333 2474 dicitur,
3372 2428 3467 2465 ceu
3500 2416 3565 2466 ad

1990 2499 2188 2554 bonum
2232 2498 2398 2553 Deum
2444 2500 2703 2554 directus.
2733 2501 2840 2555 Pro
2884 2518 2991 2571 quo
3019 2503 3209 2572 Aquila
3254 2504 3444 2557 bonum
3474 2521 3569 2558 on-

1988 2592 2214 2644 caminm
2264 2592 2649 2661 interpretatus
2695 2608 2802 2648 est.
2843 2594 3202 2664 Symmarlius
3250 2608 3401 2661 vero,
3430 2597 3563 2649 bona

1990 2701 2071 2738 res
2100 2686 2391 2739 canticum.
2418 2686 2760 2754 Cmteroquin
2792 2699 2845 2739 et
2872 2687 2987 2740 laus
3009 2702 3129 2755 qua:
3158 2688 3223 2740 ad
3262 2687 3426 2741 Deum
3466 2704 3567 2743 ει·-

1991 2776 2198 2830 tollitur
2231 2777 2381 2830 omni
2410 2777 2581 2830 odoro
2612 2777 2983 2847 tliymiamatc,
3022 2779 3276 2846 omnique
3302 2778 3564 2848 jucundi-

1992 2877 2103 2923 late
2142 2868 2361 2923 suavior
2384 2878 2484 2923 est.
2532 2869 2740 2939 lleapse
2776 2870 2918 2924 enim
2971 2870 3210 2924 laudatio
3236 2872 3324 2925 Dei
3365 2886 3429 2925 ex
3471 2886 3549 2924 ra.

1993 2961 2180 3015 tiouali
2211 2976 2454 3031 puraque
2489 2963 2789 3031 procedens
2832 2962 3036 3027 anima,
3066 2972 3314 3031 pergrata
3356 2962 3431 3016 illi
3456 2963 3560 3017 erit

1990 3061 2044 3105 et
2076 3051 2268 3107 dulcis.
2300 3051 2509 3108 Gaudet
2536 3054 2679 3108 enim
2712 3052 2871 3110 Dou‘s.
2894 3054 3230 3123 libenterque
3264 3054 3455 3125 reripit
3483 3063 3564 3109 ta-

314 3147 474 3201 μενος
521 3128 697 3199 ψυχῆς
746 3126 1044 3198 προσφιλὴς
1086 3125 1152 3178 ἂν
1201 3123 1285 3194 ετη
1337 3122 1507 3194 αὐτῷ,
1554 3123 1651 3175 καὶ
1695 3121 1771 3186 ὡς
1821 3122 1887 3176 ἂν

1991 3145 2093 3199 leui
2129 3144 2379 3201 humanae
2411 3148 2607 3203 mentis
2645 3149 2901 3201 fructum.

308 3224 469 3295 εἴπερ
496 3240 578 3286 τις
605 3221 753 3293 ⁴ίῖδύς·
779 3220 958 3292 χαίρει
982 3219 1090 3290 γὰρ
1122 3218 1217 3271 καὶ
1244 3218 1565 3289 ἀποδέχεται
1591 3216 1683 3269 τὸν
1715 3214 1889 3269 τοιοῦ-

307 3334 399 3370 τον
428 3315 527 3387 τῆς
559 3314 905 3387 ἀνθρωπίνης
935 3312 1171 3376 διανοίας
1202 3311 1433 3383 καρπόν.

318 3410 381 3463 '0
415 3409 660 3478 ἰώμενος
686 3408 829 3473 τοὺς
868 3404 1412 3477 συντετριμμένους
1452 3401 1567 3471 τὴν
1613 3400 1884 3470 καρδίαν.

388 3503 606 3573 Ἐπειδὴ
646 3500 899 3573 Σωτῆρὸς
942 3503 1057 3553 ἐστι
1134 3500 1228 3554 καὶ
1288 3496 1474 3569 ἰατροῦ
1523 3496 1584 3548 τὸ
1636 3494 1886 3548 ἰάσασθαι

307 3599 403 3651 καὶ
434 3594 861 3664 καταδεσμεύειν
911 3591 980 3645 τὰ
1026 3589 1485 3661 συντετριμμένα,
1534 3587 1759 3650 εἰκότως
1793 3585 1887 3639 καὶ

308 3689 399 3742 διὰ
419 3688 620 3741 τούτων
644 3685 859 3757 νοηθείη
879 3684 1040 3747 αὐτὸς
1065 3684 1139 3737 ὣν
1163 3686 1192 3737 ό
1222 3681 1424 3755 Κύριος
1440 3682 1468 3732 ό
1493 3680 1683 3750 Σωτὴρ
1706 3681 1738 3750 ἡ
1748 3677 1883 3749 μῶν,

302 3780 338 3834 ό
366 3779 461 3833 τοῦ
490 3778 621 3832 Θεοῦ
653 3779 823 3846 Λόγος
845 3817 860 3838 ,
894 3778 922 3830 ὁ
954 3775 1145 3829 εἰπών·
1195 3776 1278 3828 Οὐ
1310 3773 1518 3843 χρείαν
1556 3772 1807 3840 ἔχουσιν
1833 3773 1889 3823 οἱ

313 3879 631 3948 ἰσχύοντες
675 3873 901 3943 ἰατροῦ,
948 3871 1083 3927 ἀλλ’
1136 3873 1188 3924 oi
1228 3868 1424 3934 κακῶς
1465 3868 1726 3936 ἔχοντες·
1776 3867 1888 3918 οὐκ

307 3970 498 4043 ἦλθον
529 3972 782 4025 καλέσαι
840 3967 1127 4031 δικαίους,
1174 3964 1335 4017 ἀλλὰ
1378 3958 1764 4029 ἁμαρτωλοὺς
1800 3959 1888 4021 εἰς

304 4061 647 4134 μετάνοιαν.
678 4059 880 4130 Ψυχῶν
920 4058 975 4110 δὲ
1017 4056 1091 4109 ὣν
1124 4054 1322 4125 ἰατρὸς,
1355 4051 1485 4114 τοὺς
1527 4050 1627 4120 τὴν
1660 4048 1887 4119 καρδίαν

311 4152 819 4225 συντετριμμένους,
868 4149 961 4201 καὶ
988 4147 1094 4200 τῶν
1122 4144 1260 4199 κατὰ
1288 4143 1451 4213 φύσιν
1472 4140 1748 4210 λογισμῶν
1785 4156 1887 4192 πα-

314 4245 816 4321 ρατετραμμένους,
873 4242 936 4293 ὲκ
987 4240 1085 4311 τῆς
1123 4237 1318 4308 νοητῆς
1370 4231 1748 4304 αἰχμαλωσίας
1795 4230 1887 4282 λυ-

307 4339 662 4412 τρωσάμενος
686 4336 913 4389 ἰάσεται.
956 4333 1013 4386 Ὀ
1044 4332 1139 4403 μὲν
1158 4328 1451 4400 Σύμμαχός
1471 4341 1658 4396 φησιν,
1700 4323 1763 4375 '0
1791 4322 1884 4375 ιώ-

306 4448 490 4501 μενος
522 4429 663 4494 τοὺς
687 4424 1135 4494 κεκλασμένους
1166 4421 1279 4489 τὴν
1310 4418 1581 4487 καρδίαν,
1619 4414 1717 4469 καὶ
1763 4414 1887 4467 ἐπι-

2236 3403 2401 3457 νεῐιε.
2434 3404 2487 3460 5.
2520 3404 2626 3469 Qui
2671 3416 2825 3459 sanat
2856 3408 3109 3461 contritas
3139 3409 3315 3463 corde.

2062 3494 2325 3563 Quoniam
2373 3497 2679 3553 Servatoris
2738 3501 3040 3570 mediciqne
3075 3501 3308 3557 ollicium
3346 3514 3431 3558 est
3480 3518 3568 3558 sa-

1990 3603 2124 3641 nare
2152 3597 2205 3640 et
2234 3589 2468 3642 contrita
2517 3588 2760 3658 alligare,
2800 3601 2945 3644 recte
2987 3601 3037 3643 et
3070 3591 3197 3644 bitu:
3228 3592 3566 3661 dignoscitur
3638 3632 3641 3639 ς

1991 3680 2129 3733 idem
2168 3680 2426 3735 Dominus
2454 3691 2639 3735 noster
2670 3682 2760 3735 Dei
2818 3680 3052 3735 Verbum
3098 3683 3189 3751 qui
3228 3683 3403 3737 dixit:
3436 3684 3565 3747 Non

1988 3786 2117 3834 aput
2146 3781 2219 3823 est
2250 3772 2448 3823 medico
2484 3770 2799 3836 volentibus,
2832 3773 2920 3826 sed
2950 3774 3157 3841 (egrotis
3198 3773 3264 3826 ³⁸.
3299 3772 3420 3829 Non
3447 3780 3564 3831 aeni

1987 3878 2171 3915 vacare
2190 3862 2387 3930 justas,
2413 3865 2502 3916 sed
2529 3876 2824 3931 peccatores
2851 3867 2918 3918 aa'
2945 3869 3300 3934 paeaitentiam
3331 3869 3396 3923 ἰ.
3432 3869 3561 3923 Atii-

1989 3970 2198 4009 iuarnui
2238 3958 2420 4024 itaque
2453 3973 2575 4011 cum
2617 3958 2688 4012 sit
2720 3959 2981 4022 medicus,
3018 3960 3085 4013 iis
3106 3960 3195 4027 qui
3230 3962 3395 4015 corde
3439 3976 3567 4017 conc

1990 4047 2097 4099 triti
2128 4057 2273 4108 sunt,
2305 4058 2357 4100 et
2391 4063 2417 4099 a
2450 4058 2601 4100 recto
2635 4059 2842 4101 naturae
2872 4051 3097 4104 consilio
3125 4052 3325 4117 aversi,
3354 4053 3420 4107 de
3450 4053 3561 4122 spi-

1988 4139 2130 4192 ritali
2171 4140 2467 4208 redemptis
2499 4141 2815 4211 captivitate
2837 4143 3162 4198 medebitur.
3198 4143 3561 4216 Symmachus

1988 4231 2118 4284 dicit
2144 4248 2158 4284 :
2195 4231 2299 4295 Qui
2333 4244 2487 4285 sanat
2517 4233 2818 4301 confracta:
2858 4237 3038 4297 corde,
3062 4245 3109 4288 et
3141 4237 3329 4306 alligat
3359 4237 3559 4303 fractu-

1987 4338 2074 4376 τας
2091 4339 2215 4377 caru
2227 4341 2297 4391 m,
2322 4326 2612 4381 rationales
2632 4327 2884 4381 nimirum
2908 4327 3108 4383 fascias
3125 4330 3558 4397 circumpouens.

1992 4414 2081 4468 Sic
2124 4429 2255 4484 ergo
2312 4416 2560 4486 alligavit
2609 4418 2948 4487 spiritalibus
2984 4419 3444 4488 rationalibnsque
3482 4418 3557 4471 la-

309 4519 550 4590 δεσμῶν
576 4517 915 4585 κατάγματα
948 4512 1167 4572 αὐτῶν,
1208 4508 1452 4581 δηλονότι
1483 4507 1715 4575 δεσμοὺς
1758 4504 1888 4556 ὑπο-

1992 4505 2144 4573 queis
2176 4507 2449 4560 hominem
2486 4524 2514 4562 a
2552 4508 2855 4563 latronibus
2885 4508 3221 4563 vulneratum
3250 4519 3305 4563 et
3353 4508 3559 4563 contri-

313 4612 523 4666 ϐάλλων
563 4607 836 4677 λογικούςο
895 4604 1039 4659 οὓτω
1067 4601 1197 4672 γοῦν
1228 4601 1460 4669 ἐπέδησε
1493 4600 1604 4660 τοῖς
1639 4612 1885 4666 πνευμα-

1994 4603 2106 4649 tum
2133 4597 2257 4650 dum
2293 4596 2684 4669 Hierosolymis
2719 4598 3122 4653 Hiericbuntem
3150 4600 3520 4654 descenderet.

310 4710 484 4772 τικοῖς
528 4707 620 4759 και)⁵
669 4705 904 4772 λογικοῖς
948 4701 1164 4771 δεσμοῖς
1218 4697 1309 4749 τὸν
1360 4694 1465 4748 ὑπὸ
1510 4690 1724 4763 λῃστῶν
1768 4690 2240 4762 τραυματισθέντα
2293 4694 2386 4747 καὶ
2434 4693 2786 4766 συντριϐέντα
2839 4696 2897 4747 ἐν
2942 4692 3020 4765 τῷ
3061 4692 3406 4746 καταϐαίνειν
3453 4691 3571 4747 ἀπὸ

322 4800 675 4875 Ἰερουσαλὴμ
704 4801 781 4862 εἰς
820 4794 1051 4869 ’Ῑεριχὼ.

312 4902 421 4956 Kal
470 4899 778 4969 δεσμεύων
807 4896 880 4949 τὰ
907 4892 1338 4969 Δσυντρίμματα
1392 4884 1608 4969 αὐτῶν.
1662 4884 1726 4936 '0
1762 4883 1888 4951 ἀρι-

614 4967 776 5038 θμῶν
798 4964 999 5031 πλήθη
1063 4958 1320 5029 ἇοίτρων,
1356 4976 1409 5011 κ.
1439 4976 1491 5010 τ.
1520 4958 1569 5011 λ.

383 5062 539 5119 Μετά
564 5062 626 5116 τὸ
667 5058 919 5114 ἰάσασθαι
956 5057 1082 5117 τοὺς
1116 5048 1610 5124 συντετριμμένους
1635 5045 1733 5118 τὴν
1759 5062 1892 5117 καρ-

312 5157 452 5220 δίαν,
487 5153 583 5208 καὶ
619 5152 781 5222 ἧσαι
827 5148 896 5202 τά
935 5138 1314 5216 συντρίμματα
1360 5141 1559 5203 αὐτῶν,
1602 5137 1892 5205 ἐπανάγων

312 5252 393 5313 εἰς
440 5247 537 5318 τὴν
590 5241 824 5315 φυσικὴν
872 5239 1060 5308 ὑγείαν
1109 5237 1236 5298 τοὺς
1288 5234 1456 5287 πάλαι
1511 5231 1891 5302 νενοσηκότας,

312 5339 610 5411 φωστῆράς
634 5353 693 5389 τε
720 5335 915 5394 αὐτοὺς
936 5327 1407 5399 ἀπεργασάμενος,
1431 5324 1612 5390 ἀξίους
1634 5319 1727 5375 τοῦ
1756 5320 1886 5392 παρ’

313 5431 481 5488 αὑτοῦ
530 5427 764 5502 ἀριθμοῦ
808 5424 1119 5491 καθίστησι.
1172 5417 1427 5489 Συνήθως
1459 5418 1488 5469 ό
1542 5415 1700 5483 λόγος
1746 5429 1887 5483 συμ-

312 5528 506 5581 πλέκει
533 5524 594 5576 τό
621 5539 680 5574 τε
710 5521 839 5591 περὶ
877 5514 1149 5587 σωτηρίας
1179 5509 1499 5582 ἀνθρώπων,
1531 5509 1626 5562 καὶ
1652 5506 1725 5559 τά
1759 5507 1888 5577 περὶ

387 5625 433 5659 ⁷⁸
465 5621 634 5677 Marc.
664 5636 721 5685 ι,
754 5619 840 5673 l8.
925 5615 970 5646 ⁸⁸
1010 5612 1201 5670 Matth.
1235 5626 1312 5675 ix,
1344 5608 1432 5664 12.
1505 5606 1549 5639 ⁸¹
1590 5606 1719 5662 Luc.
1751 5620 1805 5671 v,
1837 5601 1927 5658 52.

393 5714 502 5787 (26)
535 5712 679 5766 Laus
711 5708 989 5764 caelibatus
1018 5701 1274 5771 religiosi.

2177 4882 2338 4937 Vens.
2356 4883 2408 4937 ’5.
2447 4881 2511 4935 Et
2533 4881 2759 4951 alligans
2782 4881 3116 4934 contritiones
3148 4895 3348 4951 eorum.

2088 4953 2250 5007 Vens.
2282 4956 2335 5007 4.
2375 4953 2478 5018 Qui
2501 4950 2736 5006 numerat
2762 4951 3144 5004 multitudinem
3174 4950 3468 5003 stellarum.

2066 5044 2194 5100 Post
2216 5056 2436 5099 sanatos
2490 5060 2584 5100 eos
2611 5045 2701 5113 qui
2736 5044 2950 5096 fuerant
3001 5044 3163 5096 corde
3208 5041 3459 5105 contriti,
3509 5052 3563 5097 et

1997 5145 2118 5205 post
2146 5136 2384 5205 ipsorum
2428 5133 2786 5190 contritiones
2848 5132 3119 5202 alligatas,
3156 5131 3210 5185 in
3259 5130 3560 5187 naturalem

1999 5227 2358 5283 valetudinem
2388 5229 2515 5281 olim
2546 5241 2720 5296 :egros
2764 5239 3051 5295 reponens,
3086 5239 3286 5293 easque
3332 5222 3569 5276 lumina-

1995 5321 2136 5375 rium
2169 5322 2340 5375 instar
2366 5322 2418 5374 iii
2443 5319 2574 5374 orbe
2597 5317 2892 5384 collocaris,
2920 5318 3112 5387 dignos
3132 5316 3308 5371 electo
3333 5330 3566 5369 numero

1995 5427 2095 5466 suo
2130 5411 2312 5468 eﬂicit.
2357 5412 2502 5466 More
2546 5410 2707 5466 solito
2744 5409 3029 5464 Psalmista
3075 5407 3266 5462 salutis
3317 5408 3566 5462 humana:

1997 5512 2374 5574 argumentum
2408 5515 2529 5557 cum
2561 5498 2849 5555 universali
2878 5497 3221 5556 Providentia
3268 5494 3567 5563 connectit,
