4068 6198
520 319 584 373 67
1214 310 1475 367 EUSEBII
1515 309 1982 368 CESARIENSIS
2021 309 2169 365 OPP.
2217 310 2392 364 PARS
2429 309 2518 364 Ill.
2556 340 2624 349 —
2664 309 3078 369 EXEGETICA.
3680 326 3749 374 68

515 436 886 488 demonstrans
911 427 1079 483 Deum
1103 443 1211 482 non
1243 434 1476 499 partium
1533 429 1905 485 tantummodo
1931 427 2072 481 orbis

2183 425 2282 495 τῆς
2314 424 2542 479 καθόλου
2574 426 2858 495 Προνοίας,
2890 428 3216 493 δεικνὺς,ὠς
3245 431 3306 483 οὐ
3341 430 3499 501 μόνον
3533 437 3751 501 κηόεται

514 538 696 576 curam
715 536 918 590 gerere.
941 535 1133 590 verum
1154 521 1319 574 etiam
1350 522 1710 576 humanorum
1734 522 2074 589 dogmatum:

513 625 565 666 et
597 615 738 680 quod
765 613 914 668 solus
944 614 1160 668 noverit
1200 623 1478 667 astrorum
1512 627 1823 672 numerum,
1851 609 2077 679 positio-

513 719 628 766 nes,
659 713 714 759 et
735 719 952 770 causas,
982 706 1382 775 magnitudines
1403 720 1622 775 quoque
1662 715 1716 757 et
1749 702 2033 757 distantias
2059 740 2075 766 ,

514 795 737 850 virtutes
763 806 817 850 et
859 797 1172 863 efﬁcaciam,
1227 798 1518 867 unicuique
1573 796 1825 851 idoneum
1883 810 2078 848 nomen

515 888 815 957 imponens.
1273 945 1280 954 ,

663 977 824 1032 Vens.
850 978 900 1031 7.
933 977 1210 1031 Prwcinitc
1237 977 1465 1031 Domino
1509 977 1562 1030 in
1587 976 1936 1045 confessione.

588 1068 965 1141 Symmachus,
1001 1066 1274 1123 Recensete
1315 1068 1426 1124 Deo
1461 1068 1861 1137 confessionem,
1906 1067 2080 1120 conite

519 1161 624 1216 Deo
643 1172 818 1215 nostra
849 1179 966 1215 cum
991 1161 1129 1230 lyra.
1165 1161 1354 1230 Aquila
1384 1179 1402 1215 :
1426 1159 1696 1215 Recensete
1717 1160 1940 1214 Domino
1959 1175 2078 1212 cum

513 1255 802 1323 gratiarum
841 1253 1066 1317 actione,
1108 1255 1278 1306 canite
1315 1251 1424 1306 Deo
1459 1263 1666 1304 nostro.
1697 1248 1815 1303 cum
1844 1250 2073 1304 cithara.

513 1346 612 1411 Qui
667 1345 790 1398 aliis
842 1343 1240 1398 confessionem
1276 1353 1329 1397 et
1371 1343 1635 1413 psalmum
1666 1341 1958 1411 imperant,
1995 1341 2078 1395 di-

514 1437 655 1491 versi
673 1435 792 1490 sine
818 1435 980 1489 dubio
1004 1442 1131 1488 sunt
1156 1435 1223 1488 ab
1247 1434 1314 1489 iis
1350 1433 1545 1504 quibus
1591 1433 1906 1502 imperatur.
1936 1431 2078 1498 Ergo

513 1531 708 1584 chorus
737 1525 1080 1596 propheticus
1105 1536 1160 1581 et
1189 1525 1514 1594 apostolicus
1541 1524 1607 1578 ad
1630 1525 1880 1578 eumdem
1908 1522 2075 1576 Deum

510 1634 624 1679 eos,
654 1619 744 1688 qui
774 1618 839 1672 de
867 1632 1094 1670 numero
1137 1633 1242 1671 non
1277 1624 1452 1677 erant,
1499 1625 1674 1676 vocat.
1717 1615 1968 1668 ethnicos
2001 1613 2078 1667 ni-

512 1711 728 1773 mirum,
763 1710 949 1764 dicens
982 1727 995 1762 :
1034 1707 1256 1762 Psaliite
1296 1707 1404 1762 Deo
1431 1719 1631 1760 nostro.
1662 1704 1861 1760 iubent
1891 1717 2073 1759 autem

2177 514 2286 566 τῶν
2325 515 2418 567 τοῦ
2453 515 2658 585 κόσμου
2691 515 2893 586 μερῶν,
2946 517 3082 571 ἀλλὰ
3119 520 3212 572 καὶ
3254 520 3362 573 τῶν
3396 521 3754 592 ἀνθρωπίνων

2177 605 2493 676 δογμάτων·
2531 607 2623 659 καὶ
2660 607 2818 676 μόνος
2843 609 3075 679 ἀριθμὸν
3119 609 3335 682 ἄστρων
3375 609 3503 672 οἶδε,
3538 615 3631 666 καὶ
3665 613 3754 665 θέ-

2179 713 2312 760 σεις,
2359 698 2454 750 καὶ
2501 697 2600 760 τὰς
2647 699 2846 764 αἰτίας,
2899 701 3098 774 μεγέθη
3144 719 3202 754 τε
3235 703 3328 757 καλ⁵
3369 705 3756 775 ἀποστήματα,

2177 787 2435 859 δυνάμεις
2465 806 2523 842 τε
2559 789 2654 844 καὶ
2683 792 2984 862 ἐνεργείας,
3009 794 3222 864 ἑκάστῳ
3249 796 3556 868 πρόσφορον
3584 797 3756 868 ὄνομα

2177 879 2408 951 τίθησιν.

2344 971 2664 1041 Ἐξὰρξατε
2703 971 2782 1038 τῷ
2810 975 3005 1043 Κυρίῳ
3035 975 3105 1028 ἐν
3131 976 3581 1048 ἐξομολογησει.

2259 1063 2317 1116 '0
2349 1063 2664 1134 Σύμμαχος,
2697 1065 3078 1130 Καταλέξατε
3106 1065 3185 1133 τῷ
3227 1070 3423 1138 Κυρίῳ
3465 1071 3756 1141 ἐξομολό-

2177 1170 2378 1224 γησιν,
2424 1155 2816 1224 μελῳδήσατε
2867 1155 2947 1222 τῷ
3009 1156 3130 1223 Θεῷ
3175 1157 3344 1228 ἡμῶν
3389 1159 3487 1214 διὰ
3538 1164 3750 1231 λύρας.

2192 1245 2440 1311 Ἀκύλας,
2474 1248 2851 1311 Καταλέξατε
2895 1247 2976 1314 τῷ
3018 1251 3214 1318 Κυρίῳ
3265 1252 3335 1305 ὲν
3382 1254 3753 1322 εὐχαριστίᾳ,

2171 1336 2561 1406 μελῳδήσατε
2588 1337 2668 1403 τῷ
2696 1337 2817 1404 Θεῷ
2846 1339 3017 1408 ἡμῶν
3038 1340 3109 1394 ἐν
3132 1340 3362 1409 κιθάρᾳ.
3393 1343 3455 1395 Oi
3479 1345 3756 1415 προστάτ-

2176 1446 2357 1491 τοντες
2388 1429 2593 1501 ἑτέροις
2627 1429 3060 1499 ἐξομολογεῖσθαι
3095 1433 3188 1486 καὶ
3219 1432 3460 1502 ψάλλειν,
3488 1435 3664 1507 ἕτεροι
3689 1435 3757 1490 ἂν

2177 1517 2284 1574 εἷεν
2323 1521 2430 1574 τῶν
2475 1522 2976 1593 προσταττομένων·
3015 1523 3173 1593 χορὸς
3200 1524 3378 1577 τοίνυν
3419 1526 3758 1596 προφητικὸς

2175 1613 2263 1667 διὰ
2295 1613 2624 1691 τούτωνκαὶ
2648 1613 3006 1676 ἀποστολικδς
3037 1615 3132 1668 ἐπὶ
3157 1615 3250 1670 τὸν
3284 1616 3444 1670 αὑτὸν
3470 1617 3600 1670 Θεὸν
3627 1618 3758 1683 τοὺς

2180 1707 2254 1778 μὴ
2285 1708 2445 1772 ὄντας
2469 1706 2528 1772 ἐξ
2555 1707 2731 1761 αὐτῶν
2759 1705 3128 1770 ἀνακαλεῖται,
3164 1708 3290 1768 τοὺς
3315 1708 3422 1761 ἀπὸ
3443 1709 3553 1762 τῶν
3581 1709 3756 1764 ἐθνῶν

513 1802 625 1857 haec
651 1803 835 1862 verba,
870 1808 1048 1855 mente
1080 1799 1298 1868 quidem
1330 1809 1385 1853 et
1414 1797 1832 1868 cogitationibus
1881 1799 2072 1851 animai

2177 1768 2439 1870 δηλονότι,
2473 1768 2740 1868 λέγοντεςο
2782 1800 3018 1855 Ψάλιιτε
3064 1768 3144 1864 τῷ
3191 1798 3311 1864 Θεῷ
3347 1798 3532 1869 ἡμῶν.
3575 1802 3755 1872 Προσ-

511 1894 781 1955 confiteri.
812 1892 1057 1963 corporis
1086 1901 1264 1944 autem
1295 1893 1573 1960 operibus,
1603 1889 1770 1944 veluti
1812 1890 1964 1959 pulsa
1997 1889 2077 1942 ci-

513 1984 693 2049 thara,
745 1984 846 2054 ipsi
899 1982 1155 2053 psallere.
1189 1981 1254 2035 Et
1298 1981 1514 2050 quidem
1545 1996 1696 2059 more
1733 1997 1831 2035 suo
1881 1996 2079 2047 corpus

515 2075 752 2145 psalterii
786 2075 1113 2142 citharaeque
1136 2072 1357 2126 nomine
1389 2072 1674 2127 Psalmista
1701 2072 1947 2135 denotat,
1979 2087 2077 2126 ceu

515 2167 776 2222 concinne
802 2177 858 2221 et
879 2166 1122 2234 sapiente
1156 2180 1282 2219 cum
1313 2165 1594 2218 harmonia
1624 2173 1988 2232 compactum.
2018 2163 2076 2217 ln

513 2257 618 2312 huc
652 2258 795 2311 enim
829 2271 981 2311 mens
1025 2256 1240 2310 virtutis
1266 2254 1522 2324 operibus
1561 2271 1784 2321 canens,
1837 2257 2075 2310 divinam

511 2347 921 2418 spiritalemque
952 2347 1063 2404 Deo
1099 2347 1279 2403 reddit
1317 2345 1626 2402 melodiam.

691 2631 852 2686 Vens.
893 2633 945 2687 9.
982 2629 1083 2694 Qui
1109 2632 1199 2682 dut
1235 2632 1405 2682 sicam
1439 2627 1596 2697 pullis
1619 2643 1892 2681 corvorum

1017 2702 1374 2754 invocantibus
1415 2716 1556 2752 cum.

582 2792 798 2848 Tradita
831 2790 985 2845 nobis
1019 2799 1100 2844 est
1141 2788 1364 2858 physica
1395 2786 1635 2856 quaedam
1668 2784 1946 2851 doctrina,
1975 2798 2074 2838 ceu

512 2885 556 2939 si
585 2884 709 2953 pulli
756 2897 1042 2936 corvorum
1076 2895 1107 2932 a
1159 2881 1275 2933 suis
1305 2877 1643 2948 parentibus,
1679 2892 1782 2929 non
1813 2890 1968 2945 aeque
2011 2890 2076 2929 ac

511 2975 651 3030 alius
673 2973 882 3045 generis
921 2972 1100 3025 avium
1144 2971 1295 3039 pulli,
1350 2969 1585 3023 alantur.
1616 2966 1822 3022 Revera
1857 2967 2074 3021 destitui

2177 1891 2362 1944 τάττει
2401 1892 2458 1945 δὲ
2509 1894 2537 1945 ὁ
2581 1892 2736 1961 λόγος
2762 1892 2969 1964 διανοίᾳ.
3004 1891 3104 1963 μὲν
3145 1893 3239 1945 καὶ
3273 1891 3551 1963 λογισμοῖς
3574 1893 3754 1964 ψυχῆς

2179 1981 2643 2052 ἐξομολογεῖσθαι,
2700 1983 2881 2054 ἔργοις
2927 1983 2984 2036 δὲ
3040 1985 3154 2048 τοῖς
3213 1983 3302 2036 διὰ
3347 1983 3443 2037 τοῦ
3502 1984 3752 2055 σώματος

2178 2069 2364 2142 ὥσπερ
2424 2073 2513 2126 διά
2570 2073 2798 2142 κιθάρας
2849 2073 3246 2144 ἐνεργουμένης
3298 2073 3520 2142 ψάλλειν
3577 2073 3748 2144 αὐτῷ’

2180 2163 2421 2233 συνήθως
2447 2164 2505 2216 δὲ
2536 2165 2596 2216 τὸ
2631 2164 2788 2235 σῶμα
2827 2164 3123 2235 ψαλτήριον
3156 2166 3252 2218 καὶ
3280 2165 3510 2236 κιθάραν
3535 2166 3752 2236 ὠνόμα-

2180 2273 2291 2317 σεν,
2323 2256 2418 2308 ἅτε
2446 2254 2733 2326 εὐρύθμως
2765 2258 2860 2309 καὶ
2893 2257 3012 2326 μεθ’
3031 2256 3293 2327 ἁρμονίας
3323 2257 3494 2327 σοφῆς
3531 2258 3750 2325 συγκεί-

2180 2366 2338 2418 μενον
2356 2366 2370 2379 ·
2416 2351 2474 2402 έν
2516 2348 2688 2418 τούτῳ
2714 2349 2824 2421 γὰρ
2862 2351 2890 2402 ό
2915 2350 3038 2413 νοῦς
3065 2350 3495 2422 ἀνακρουόμενος
3520 2351 3606 2405 διὰ
3637 2351 3749 2404 τῶν

2177 2443 2295 2495 κατ’
2331 2441 2531 2511 ἀρετὴν
2576 2439 2827 2513 πράξεων
2869 2440 3197 2514 τῆν’ἒνθεον
3233 2426 3327 2498 καὶ
3373 2444 3749 2516 πνευματικὴν

2179 2533 2446 2604 μελῳδίαν
2478 2533 2792 2604 ἀναπέμπει
2823 2533 2900 2605 τῷ
2925 2534 3044 2606 Θεῷ
3077 2535 3218 2607 (27).

2175 2624 2405 2680 Διδόντι
2439 2624 2799 2697 τροφὴν-,καί
2829 2629 2952 2693 τοῖς
2998 2630 3280 2697 νεοσσοῖς
3314 2626 3432 2682 τῶν
3473 2627 3750 2697 κοράκων

2520 2695 2640 2760 τοῖς
2669 2695 3164 2766 ἐπικαλουμένοις
3190 2700 3395 2752 αὐτόν.

2248 2781 2418 2839 Ἦλθε
2453 2787 2510 2839 δέ
2537 2803 2620 2850 τις
2653 2789 2731 2850 είς
2755 2789 2903 2858 ἡμᾶς
2951 2779 3175 2857 φυσικός
3199 2789 3375 2858 λόγος,
3405 2789 3482 2852 ὼς
3517 2788 3592 2861 μὴ
3623 2805 3751 2859 τρε-

2178 2878 2426 2948 φομένων
2447 2878 2674 2932 νεοττῶν
2690 2879 2799 2932 τῶν
2822 2879 3072 2950 κοράκων
3091 2880 3194 2932 ὑπὸ
3217 2880 3324 2934 τῶν
3345 2881 3747 2951 γεννησάντων,

2176 2968 2376 3039 ὁμοίως
2406 2973 2518 3032 τοῖς
2547 2969 2652 3022 τῶν
2681 2969 2855 3023 ἄλλων
2894 2970 3095 3042 ὀρνέων
3139 2974 3391 3036 νεοττοῖς⁸
3429 2972 3753 3026 καταλείπε-

511 3068 762 3123 dicuntur
812 3081 842 3119 a
872 3064 1228 3136 'geuitoribus
1277 3063 1388 3116 suis
1445 3075 1732 3118 corvorum
1775 3059 1928 3128 pulli,
1978 3059 2072 3113 sed

2179 3057 2302 3110 σθαι
2334 3059 2431 3128 μὲν
2462 3058 2570 3130 γάρ
2608 3057 2715 3111 τῶν
2753 3060 3003 3130 κοράκων
3034 3061 3166 3129 φασὶ
3205 3061 3330 3124 τοὺς
3357 3062 3606 3124 νεοττοὺς
3646 3059 3750 3112 ὑπὸ

516 3169 696 3212 tamen
722 3157 880 3212 aliter
905 3156 972 3208 ali
1003 3153 1324 3207 mirabiliter
1352 3169 1379 3203 a
1413 3151 1504 3205 Dei
1530 3149 1792 3220 potentia.
1842 3147 1978 3202 Nam
2020 3160 2076 3202 et

511 3260 797 3318 antequam
847 3247 1048 3317 proprii
1109 3255 1361 3315 parentes
1421 3241 1706 3306 accedant,
1773 3239 1926 3294 hiare
1977 3255 2073 3295 ore

509 3342 784 3406 dicuntur,
838 3355 977 3392 escae
1015 3337 1380 3400 necessitate;
1428 3342 1504 3398 et,
1536 3344 1594 3388 ut
1624 3333 1802 3388 solent
1851 3333 1926 3386 illi
1974 3332 2072 3402 qui

515 3434 681 3489 Deum
740 3433 1028 3494 invocant,
1064 3428 1292 3483 naturali
1340 3427 1568 3497 quodam
1601 3425 1858 3480 instinctu
1891 3424 2069 3478 cibum

511 3535 694 3595 petere
717 3525 786 3578 ab
813 3537 876 3577 eo
903 3523 990 3591 qui
1023 3531 1272 3575 naturam
1299 3517 1540 3572 donavit.
1563 3517 1738 3584 Atque
1767 3516 1838 3570 ita
1867 3513 2072 3571 deferri

512 3619 579 3670 ad
615 3631 709 3670 eos
741 3630 838 3684 per
867 3629 1046 3669 aerem
1080 3627 1261 3668 escam
1288 3611 1550 3680 aliquam,
1587 3623 1719 3663 aura
1751 3609 1980 3678 quadam
2019 3610 2068 3662 in

507 3727 569 3765 os
599 3709 855 3765 delatam.

971 3901 1293 3959 I’SALMUS
1321 3898 1580 3957 CXLVII.

674 3996 836 4051 Vens.
875 3993 930 4048 8.
957 3994 1287 4048 Annuntians
1311 3995 1518 4048 verbum
1548 4007 1701 4046 suum
1723 3990 1912 4045 Jacob.

577 4089 669 4144 Ait
704 4087 985 4142 Eusebius.
1026 4090 1295 4142 Accurate
1328 4084 1617 4140 admodum
1673 4083 1886 4137 videtur
1937 4082 2070 4136 mihi

511 4183 613 4239 hoc
643 4181 956 4236 vocabulum
988 4179 1189 4248 aliquid
1225 4179 1444 4243 docere,
1506 4191 1698 4245 nempe
1747 4176 2069 4229 annuntians

508 4290 795 4330 sermonem
833 4289 986 4326 suum
1013 4271 1236 4326 Iacobo.
1269 4269 1382 4324 Non
1413 4269 1558 4324 enim
1589 4268 1726 4323 dixit
1750 4269 1958 4321 mittens
1987 4266 2069 4321 vel

506 4366 596 4436 qui
621 4367 781 4420 misit.
817 4365 976 4419 Aliud
1001 4379 1130 4420 vero
1159 4374 1241 4417 est
1264 4364 1614 4426 annuntiare,
1659 4359 1805 4413 aliud
1855 4351 2070 4412 mittere

2179 3149 2286 3201 τῶν
2310 3149 2731 3220 γεγεννηκότων,
2756 3150 3047 3222 τρέφεσθαι
3085 3152 3141 3204 δὲ
3165 3151 3308 3222 ἄλλῳ
3346 3152 3630 3224 παραδόξῳ
3655 3151 3750 3204 τοῦ

2181 3241 2315 3294 Θεοῦ
2361 3242 2620 3313 δυνάμει·
2677 3243 2873 3313 μηκέτι
2936 3245 3042 3316 γάρ
3102 3245 3284 3309 αὐτοῖς
3341 3245 3749 3314 πλησιαζόντων

2180 3335 2601 3405 γεγεννηκότων,
2651 3334 2937 3404 κεχηνέναι
2980 3335 3039 3388 τὸ
3081 3334 3250 3406 στόμα
3297 3335 3502 3405 τροφῆς
3547 3335 3747 3404 ἐνδείᾳ,

2180 3426 2274 3478 καὶ
2311 3424 2542 3478 ἐοικέναι
2581 3423 3025 3495 ἐπικαλουμένοις
3062 3426 3154 3478 τὸν
3202 3424 3354 3488 θεὸν,
3403 3429 3603 3496 φυσικῇ
3640 3443 3748 3479 τινι

2180 3517 2427 3587 ἐνεργείᾳ
2459 3517 2558 3586 τὴν
2581 3516 2783 3588 τροφὴν
2814 3515 3093 3580 αἰτοῦντας
3121 3516 3271 3588 παρά
3295 3516 3387 3570 τοῦ
3417 3514 3627 3572 τὸεῖναι
3649 3521 3747 3573 αῦ-

2178 3611 2289 3671 τοῖς
2320 3607 2687 3680 δεδωρημένω
2707 3624 2718 3636 ·
2750 3606 2890 3660 οῦτω
2919 3608 2976 3661 δὲ
3008 3609 3267 3680 φέρεσθαι
3308 3609 3491 3673 αὐτοῖς
3523 3628 3641 3664 τινα
3687 3609 3747 3674 ἐξ

2178 3701 2337 3771 ἀέρος
2377 3701 2581 3771 τροφὴν
2615 3698 2757 3752 κατὰ
2793 3699 2887 3752 τοῦ
2935 3702 3201 3772 στόματος
3243 3701 3348 3756 ὑπό
3390 3721 3534 3767 τινος
3571 3701 3748 3775 αὔρας

2180 3792 2413 3846 συνωθου
2421 3792 2608 3863 μένην.

2719 3906 3009 3960 ΨΛΛΜΟΣ
3042 3909 3220 3962 PMZ'.

2259 4000 2319 4052 Ὀ
2347 3997 2745 4069 ἀπαγγέλλων
2772 3999 2880 4052 τὸν·
2914 4001 3098 4068 λόγον
3120 4000 3308 4055 αὐτοῦ
3340 3999 3419 4065 τῷ
3461 3999 3672 4055 Ἰακώϐ.

2244 4092 2379 4162 Φησὶ
2399 4091 2456 4145 δὲ
2486 4091 2581 4144 καὶ
2602 4089 2630 4141 ὁ
2659 4090 2916 4154 Εὐσέϐιος
2947 4092 3079 4163 (9.8).
3101 4093 3309 4163 Σφόδρα
3334 4091 3389 4144 δὲ
3423 4091 3745 4164 ἀπηκριϐω-

2180 4185 2354 4255 μένως
2382 4200 2471 4254 μοι
2499 4184 2696 4253 δοκεῖή
2730 4183 2976 4254 παροῦσα
3001 4183 3144 4246 λέξις
3160 4183 3450 4248 διδάσκειν,
3487 4181 3540 4234 Ὀ
3564 4182 3748 4252 ἀπαγ-

2176 4275 2408 4345 γέλλων
2433 4275 2540 4328 τὸν
2563 4275 2747 4342 λόγον
2787 4275 2973 4328 αὐτοῦ
3000 4273 3076 4339 τῷ
3115 4272 3334 4327 Ἰακώϐ·
3367 4273 3426 4325 οὗ
3453 4273 3560 4345 γὰρ
3595 4275 3748 4345 εἴρη-

2175 4382 2291 4429 κεν,
2337 4368 2370 4419 ό
2418 4363 2832 4427 ἀποστέλλων,
2868 4364 2900 4435 ἢ
2948 4367 2981 4416 ὁ
3025 4364 3414 4429 ἀποστείλας.
3459 4363 3618 4417 Ἀλλο
3648 4364 3747 4436 δή·

510 4461 591 4516 vel
620 4461 777 4514 mitti.
820 4457 978 4513 Prius
1010 4458 1158 4513 enim
1193 4454 1467 4526 portendit
1495 4454 1641 4524 quod
1675 4452 1914 4506 futurum
1949 4461 2066 4516 est,

2177 4474 2281 4510 που
2304 4455 2451 4510 ἐστὶν
2478 4456 2829 4524 ἀπαγγεῖλαι,
2857 4455 2951 4508 καὶ
2974 4454 3099 4508 ἄλλο
3130 4455 3189 4507 τὸ
3216 4453 3529 4508 ἀποστεῖλαι
3561 4455 3593 4526 ἢ
3617 4457 3752 4509 ἀπο-

507 4561 562 4607 et
592 4551 870 4621 praedicit;
921 4547 1150 4603 alterum
1183 4562 1312 4601 Vero
1370 4560 1482 4600 rem
1515 4554 1833 4612 praiseutem
1867 4542 2067 4614 signiti-

507 4653 612 4707 cat,
638 4644 688 4698 id
717 4651 820 4711 est,
851 4657 1008 4711 quem
1045 4640 1161 4711 ipse
1191 4639 1337 4694 misit
1357 4639 1424 4691 ad
1455 4636 1879 4706 praedicandum.
1911 4635 1985 4688 Ita
2014 4642 2072 4687 ut

508 4734 844 4788 annuntiatio
868 4731 1082 4801 quidem
1120 4738 1177 4785 et
1228 4728 1505 4800 praedictio
1533 4725 1723 4790 futuri,
1768 4727 1858 4779 uni
1885 4725 2068 4779 lsraeli

508 4825 651 4881 facta
701 4824 891 4890 fuerit;
933 4822 1122 4877 missio
1180 4833 1360 4875 autem
1421 4836 1526 4874 non
1560 4819 1687 4873 huic
1728 4818 1842 4880 uni,
1880 4832 2067 4871 verum

506 4920 668 4972 etiam
705 4918 916 4972 cunctis
939 4915 1059 4968 aliis
1080 4913 1353 4982 gentibus.
1394 4909 1505 4965 Sed
1540 4909 1772 4964 fortasse
1794 4908 1941 4963 dicet
1966 4907 2069 4961 ali-

506 5010 627 5077 quis
655 5028 670 5063 :
707 5009 764 5063 Si
792 5009 1001 5062 caeteris
1034 5005 1342 5061 hominibus
1369 5004 1755 5058 revelationem
1779 5017 1884 5056 non
1920 5001 2067 5068 fecit,

507 5105 774 5171 quomodo
813 5118 906 5158 eos
939 5103 1111 5172 punit,
1140 5111 1332 5166 nempe
1363 5099 1526 5151 etiam
1560 5094 1680 5148 illos
1710 5093 1800 5162 qui
1837 5103 1965 5146 aute
1993 5093 2070 5146 le-

508 5206 629 5261 gem
665 5191 933 5256 vixerunt,
971 5201 1023 5246 et
1070 5200 1181 5243 toto
1225 5189 1361 5242 orbe
1399 5195 1720 5256 peccatores
1749 5183 1942 5236 fuere?
1981 5181 2069 5235 bi-

508 5283 682 5336 cimus
708 5297 838 5350 ergo
868 5283 969 5336 hos
1001 5281 1216 5351 quidem
1240 5279 1473 5348 iudicari
1506 5292 1534 5329 a
1570 5275 1680 5329 Deo
1717 5289 1780 5328 ex
1801 5273 1925 5343 jure
1980 5289 2070 5327 na-

511 5372 694 5438 turali,
723 5373 865 5442 quod
899 5372 1055 5425 nobis
1109 5371 1374 5433 inhaeret;
1421 5364 1689 5420 lsraelitas
1733 5374 1912 5416 autem
1957 5371 2068 5415 tum

504 5469 626 5538 jure
657 5462 912 5528 naturali,
937 5474 1050 5518 tum
1067 5467 1229 5517 etiam
1251 5461 1480 5528 scripto,
1512 5456 1586 5510 ita
1615 5466 1674 5509 ut
1706 5454 1880 5524 majus
1904 5454 2072 5508 bene-

2169 4547 2514 4600 στέλλεσθαιο
2571 4547 2632 4598 τὸ
2675 4547 2771 4616 μὲν
2814 4545 2922 4618 γάρ
2965 4545 3266 4617 προμηνόει
3315 4547 3378 4599 τὸ
3421 4546 3608 4617 μέλλον
3651 4547 3750 4602 καὶ

2169 4639 2442 4712 προλέγει’
2491 4639 2552 4691 τὸ
2587 4637 2644 4691 δὲ
2685 4638 2984 4708 παρουσίαν
3027 4638 3303 4708 σημαίνει,
3355 4639 3449 4692 καὶ
3479 4640 3571 4693 τὸν
3611 4640 3750 4694 ἀπο-

2171 4729 2434 4783 σταλέντα
2471 4729 2537 4782 δι⁹
2568 4727 2762 4782 ἑαυτοῦ
2790 4729 3077 4800 κηρύττειν
3097 4747 3109 4759 ·
3143 4729 3280 4783 ὥστε
3321 4731 3419 4802 τὴν
3447 4731 3543 4803 μὲν
3567 4733 3749 4800 ἀπαγ-

2169 4819 2356 4889 γελίαν
2388 4820 2482 4874 καὶ
2505 4820 2603 4891 τὴν
2632 4821 2933 4892 πρόρρησιν
2959 4820 3052 4872 τοῦ
3086 4819 3391 4890 μέλλοντος,
3417 4821 3747 4891 γεγενῆσθαι

2176 4909 2327 4981 παρὰ
2377 4910 2523 4982 μόνῳ
2552 4909 2631 4980 τῷ
2678 4909 2910 4983 Ἰσραὴλ,
2957 4910 3054 4982 τὴν
3086 4910 3141 4963 δὲ
3188 4913 3492 4984 ἀποστολὴν
3536 4913 3634 4966 οὐκ
3680 4913 3748 4967 ἂν

2175 5001 2365 5072 ἐκείνῳ
2401 5003 2564 5072 μόνῳ,
2612 5001 2748 5055 ἀλλὰ
2793 5003 2888 5055 καὶ
2934 5005 3068 5056 πᾶσι
3113 5006 3224 5068 τοῖς
3269 5003 3474 5067 λοιποῖς
3512 5003 3743 5057 ἔθνεσιν.

2187 5085 2323 5138 Ἀλλ’
2357 5088 2485 5151 ἴσως
2511 5087 2652 5142 είποι
2685 5106 2766 5151 τις
2791 5089 2876 5142 ἄν’
2904 5091 3013 5142 Καὶ
3042 5091 3115 5162 μὴ
3136 5091 3380 5164 δηλώσας
3407 5095 3517 5155 τοῖς
3538 5093 3748 5158 λοιποῖς

2173 5177 2498 5249 ἀνθρώποις,
2542 5179 2658 5244 πῶς
2690 5182 2884 5246 αὐτοὺς
2923 5183 3160 5248 κολάζει,
3205 5189 3298 5237 καὶ
3336 5186 3462 5248 τοὺς
3500 5185 3606 5256 πρὸ
3648 5186 3744 5238 τοῦ

2173 5271 2339 5342 νόμου
2368 5273 2464 5325 καὶ
2500 5275 2622 5336 τοὺς
2652 5273 2966 5344 ἁπανταχοῦ
3006 5275 3105 5345 τῆς
3147 5276 3468 5346 οἰκουμένης
3493 5277 3746 5349 ἁμαρτά-

2177 5380 2364 5426 νοντας
2388 5380 2402 5428 ;
2435 5365 2543 5417 Καὶ
2577 5365 2774 5436 φαμένο
2803 5367 3035 5432 Τούτους
3061 5370 3158 5439 μὲν
3196 5369 3369 5441 κρίνει
3398 5370 3504 5423 ἀπὸ
3528 5370 3620 5424 τοῦ
3650 5391 3745 5442 φυ⁶

2181 5455 2333 5509 σικοῦ
2377 5457 2539 5528 νόμου
2576 5458 2672 5512 καὶ
2715 5459 2809 5512 τοῦ
2845 5462 2901 5512 ἐν
2941 5463 3094 5531 ἡμῖν,
3134 5463 3259 5524 τοὺς
3297 5461 3353 5514 δὲ
3407 5462 3743 5535 Ἰσραηλίτας

578 5697 689 5776 (9.7)
717 5696 921 5776 ponler
955 5707 1139 5776 rursus
1172 5693 1294 5776 hac_
1327 5704 1488 5776 super
1529 5702 1586 5741 re
1631 5683 2062 5776 Nicetm‘editum
2103 5698 2133 5739 a
2162 5686 2314 5742 nobis
2332 5688 2614 5776 prologum
2651 5689 2867 5745 Catena:
2907 5657 3125 5745 Patrum
3150 5691 3204 5747 in
3232 5689 3493 5748 psalmos,

577 5754 688 5836 (23}
713 5769 906 5825 Recole
939 5769 1190 5822 adnotata
1231 5763 1295 5816 ad
1333 5754 1597 5830 psalmum
1632 5771 1810 5821 csLtv,
1841 5754 1925 5809 l5.
