4068 6198
255 262 329 319 69
1054 290 1085 301 ··

1421 268 1921 326 ΕΟΜΜΕΝΤΛΚΙΑ
1965 272 2032 329 ΙΝ
2071 273 2413 332 ΡΞΜΛΙΟΞ.
3481 278 3549 332 70

260 386 363 439 καὶ
408 385 529 439 ἀπὺ
557 385 743 438 τούτου
777 383 872 438 καὶ
907 387 1017 439 ἀπὸ
1062 386 1158 440 τοῦ
1204 390 1451 459 γραπτοῦ
1498 391 1634 461 (39),
1660 393 1799 447 ὥστε
1842 416 1844 424 λ

1943 396 2184 459 .iicium,
2222 399 2442 467 majoris
2494 398 2861 454 damnationis
2909 400 2994 455 his
3024 413 3187 455 causa
3247 399 3359 465 liat,
3413 399 3549 453 obe—

264 477 459 548 πολλὴ
502 478 783 548 εὐεργεσία
829 479 1078 544 πλείονος
1122 481 1304 545 αὐτοῖς
1334 486 1714 556 κατακρίσεως
1749 487 1874 542 ὑπό-

1979 489 2241 544 dientiam
2274 491 2694 562 negligentibus.
2730 494 2935 548 Idcirco
2973 493 3115 548 Deus
3165 492 3307 546 haud
3368 492 3545 559 dixit;

270 568 441 634 ὒεσις
490 572 692 638 γίνεται
742 572 1181 644 ρεραθυμηκόσι·
1221 574 1309 627 διὰ
1350 575 1510 628 τοῦτο
1571 579 1665 631 καὶ
1711 582 1844 634 αὐτὸ

1974 581 2089 636 Non
2122 583 2250 637 fecit
2272 584 2418 637 omni
2461 586 2629 655 genti,
2661 586 2754 639 sed
2784 586 2873 641 Sic
2908 602 3008 639 non
3031 585 3191 656 fecit;
3222 584 3274 639 id
3302 592 3407 649 est,
3442 599 3545 637 non

277 660 389 713 οὐκ
429 658 591 725 εἶπεν,
633 665 714 717 ὅτι
745 664 849 717 οὐκ
889 665 1114 734 ἐποίησε
1148 667 1311 721 παντὶ
1343 668 1508 733 ἔθνει,
1540 672 1654 725 ἀλλ’
1685 675 1844 729 οὕτως

1976 676 2186 731 tabulas
2216 676 2385 741 misit,
2415 693 2519 730 non
2552 678 2761 733 litteras
2785 680 2835 733 in
2860 688 3043 733 monte
3068 678 3221 743 Sina,
3249 677 3342 734 sed
3378 691 3546 747 pecu-

282 753 399 804 οὐκ
412 752 677 821 ἐποίησε·
696 754 853 807 τουτέ
864 772 978 809 στιν
999 756 1060 808 ού
1090 756 1304 822 πλάκας
1333 758 1597 832 ἔπεμψεν,
1615 765 1674 816 οὐ
1695 766 1874 837 γράμ-

286 860 425 910 ματα
489 844 557 897 τὰ
596 844 694 899 ἐπὶ
760 847 853 900 τοῦ
919 849 1105 901 Σινέου
1153 850 1333 921 ὄρους,
1388 853 1526 908 ἀλλὰ
1592 857 1706 922 τοῖς
1759 859 1888 911 Ἰου-

277 934 437 1001 δαίοις
466 941 534 993 ἐκ
568 943 915 1013 περιουσίας.

797 1038 1093 1093 ΨᾹΛΜΟΣ
1144 1042 1329 1095 PMH'.

344 1123 435 1176 Ἐν
474 1126 579 1196 μὲν
609 1128 688 1199 τῷ
717 1130 839 1201 ρμε’
878 1131 1080 1202 ψαλμῷ
1128 1134 1227 1203 μία
1260 1134 1384 1188 καθ’
1417 1135 1615 1210 ἑαυτὴν
1646 1139 1678 1210 ἡ
1714 1139 1860 1213 ψυχὴ

262 1215 353 1267 τὸν
388 1216 603 1291 Κύριον
655 1222 828 1276 αἰνεῖν
862 1225 1163 1290 ἐκελεύετο,
1208 1227 1505 1295 φάσκοντος
1550 1229 1644 1283 τοῦ
1679 1230 1885 1301 λόγου,

264 1308 452 1372 Ατνει,
492 1310 532 1376 ἠ
580 1311 752 1381 ψυχή
792 1332 933 1383 μου,
972 1315 1081 1369 τὸν
1111 1320 1348 1387 Κύριον.
1396 1320 1482 1373 Ἐν
1514 1321 1571 1374 δὲ
1616 1321 1691 1393 τῷ
1743 1324 1860 1394 μετ’

1972 766 2187 822 Iiariter
2217 774 2421 823 tantum
2448 768 2667 827 Iudaeis.

2381 980 2400 1017 \

2447 1050 2766 1109 PSALMUS
2793 1052 3066 1109 CXLVIII.

2037 1143 2092 1196 In
2119 1146 2327 1210 psalmo
2372 1144 2586 1213 quidem
2618 1159 2777 1210 CXLV,
2827 1146 2917 1199 uni
2968 1159 3065 1213 per
3094 1160 3154 1199 se
3197 1144 3395 1200 anima:
3424 1144 3538 1199 latt-

1965 1233 2099 1289 dare
2138 1235 2422 1289 Dominum
2451 1235 2837 1306 imperabatur.
2872 1235 2946 1290 Ibi
2973 1237 3116 1291 enim
3143 1237 3339 1293 dicitur
3361 1257 3372 1292 :
3396 1236 3538 1291 Lau-

1964 1327 2032 1379 da
2059 1365 2074 1389 ,
2130 1328 2308 1380 anima
2333 1344 2445 1381 mea
2470 1368 2486 1393 ,
2539 1327 2820 1382 Dominum
2852 1328 2917 1382 δ’.
2963 1327 3018 1382 In
3070 1329 3316 1398 proximo
3357 1340 3537 1385 autem

266 1399 431 1453 αὐτὸν
465 1401 676 1472 πλῆθος
706 1406 801 1458 ἐπὶ
845 1408 936 1460 τὸν
970 1405 1120 1463 αἶνον
1154 1410 1335 1464 ἐκάλει
1366 1412 1454 1466 διὰ
1483 1413 1599 1477 τοῦ,
1642 1416 1844 1470 Αἰτεῖτε

1969 1418 2255 1474 multitudo
2293 1420 2623 1475 invitabatur
2672 1422 2757 1477 his
2802 1422 2984 1476 verbis
3024 1422 3308 1479 :Laudate
3355 1424 3541 1479 Domi-

266 1492 508 1558 Κύριον,
542 1492 633 1547 ὅτι
662 1494 888 1565 ἀγαθὸν
914 1502 1156 1570 ψαλμός
1175 1520 1187 1531 ·
1226 1504 1317 1556 ἐπὶ
1347 1504 1403 1556 δὲ
1433 1505 1526 1557 τοῦ
1560 1506 1687 1577 ἑξῆς
1720 1508 1865 1581 αὐτὴ

1965 1525 2087 1561 trum
2110 1550 2124 1575 ,
2158 1512 2406 1580 quoniam
2433 1514 2567 1565 bona
2604 1529 2683 1566 res
2714 1513 2948 1582 psalmus
2974 1514 3039 1568 ⁸³.
3076 1515 3316 1586 Denique
3346 1518 3397 1571 in
3430 1517 3539 1573 alio

277 1581 641 1655 Ἰερουσαλὴμ
689 1585 850 1640 τοῦτο
892 1589 1153 1661 πράττειν
1204 1594 1601 1663 προσετάττετο
1652 1599 1711 1650 ὲν
1753 1597 1844 1669 τῷ.

1961 1600 2321 1669 subsequente
2352 1601 2465 1669 ipsa
2514 1601 2849 1658 Hierusalem
2882 1604 2985 1660 hoc
3012 1622 3170 1674 agere
3194 1606 3489 1674 jubebatur
3522 1630 3535 1664 :

280 1673 573 1742 ’E’zalret,
618 1678 1031 1752 Ἰερουσαλὴμ,
1077 1684 1183 1738 τὸν
1223 1688 1464 1755 Κύριον.
1525 1690 1857 1769 Ἀκολούθως

270 1761 369 1820 οὖν
399 1768 627 1833 ἐκείνοις
657 1772 686 1823 ὁ
714 1774 1069 1845 προκείμενος
1098 1772 1248 1842 αἶνος
1273 1780 1529 1834 ἐπιτείνει
1553 1783 1612 1835 τὸ
1644 1761 1857 1856 παράγ-

275 1858 482 1929 γελμα,
530 1862 667 1931 μετὰ
716 1863 815 1934 τὴν
858 1868 1082 1939 μερικὴν
1132 1871 1531 1941 παρακέλευσιν
1582 1871 1743 1941 αὔξον
1794 1878 1855 1931 τὸ

283 1951 647 2022 πρόσταγμαο
685 1954 894 2026 ἀθρόως
936 1976 992 2011 τε
1034 1956 1163 2030 ὁμοῦ
1207 1961 1310 2033 τὴν
1356 1965 1587 2036 γενητὴν
1636 1966 1855 2023 ἃπασαν

286 2043 464 2094 κτίσιν
492 2046 592 2115 τήν
621 2063 680 2098 τε
709 2047 985 2122 ὁρωμένην
1012 2052 1097 2105 κα)⁵
1126 2053 1224 2126 τὴν
1252 2055 1480 2127 ἀόρατον
1516 2059 1609 2111 ἐπὶ
1641 2060 1734 2114 τὸν
1768 2059 1854 2116 αἶ-

286 2151 379 2185 νον
404 2134 494 2187 τοῦ
529 2136 663 2189 Θεοῦ
694 2144 976 2213 παρορμᾷ·
1008 2146 1145 2198 κατὰ
1190 2148 1288 2217 μὲν
1332 2149 1428 2222 τὴν
1467 2153 1641 2224 ἀρχὴν
1679 2154 1748 2207 τὰ
1793 2156 1851 2209 ἐν

278 2227 391 2287 τοῖς
408 2227 656 2298 ούρανοῖς
687 2232 782 2283 καὶ
810 2233 959 2288 τὰ·ἐν
985 2240 1097 2301 τοῖς
1123 2238 1366 2309 ὑψίστοις
1393 2244 1846 2318 ἀνακαλούμενος·

274 2313 472 2385 προῖὼν
504 2316 561 2369 δὲ
602 2317 669 2371 τὰ
700 2319 794 2372 ἐπὶ
834 2322 936 2393 τῆς
964 2326 1066 2396 γῆς
1101 2330 1195 2383 καὶ
1232 2330 1302 2383 τὰ
1340 2334 1396 2385 ὲν
1424 2337 1544 2397 ταῖς
1571 2313 1847 2402 ἁὸύγσσοις,

269 2406 365 2476 οὐχ
406 2409 482 2472 ὡς
526 2409 746 2465 πάντων
783 2415 967 2487 ψυχῆς
1012 2421 1105 2473 καὶ
1145 2421 1302 2491 λόγου
1347 2427 1702 2497 μετεχόντων,
1732 2431 1846 2483 ἀλλ’

268 2499 347 2560 είς
386 2498 561 2552 ταῦτα
600 2503 729 2567 τοὺς
772 2504 933 2573 λόγου
967 2511 1348 2585 μετειληχότας
1382 2517 1712 2573 ἀποϐλέπειν
1757 2539 1849 2576 κε-

266 2586 433 2655 λεύει,
476 2592 570 2646 καὶ
620 2594 720 2664 τὴν
750 2596 966 2663 τούτοις
995 2603 1293 2675 γενομένην
1333 2602 1521 2678 σοφίαν
1564 2627 1844 2684 καταμαν·

268 2676 544 2746 θάγοντας,
577 2683 668 2737 τὸν
692 2686 934 2758 Ηοιητὴν
957 2691 1236 2761 ἁνυμνεῖν.

730 2776 844 2829 Καὶ
873 2776 1063 2834 πᾶσαι
1094 2780 1372 2841 ἄϐυσσοι.

341 2864 566 2935 Ἕτερος
632 2867 905 2935 ἀϐύσσους
949 2871 1047 2943 τὴν
1094 2874 1201 2930 τῶν
1244 2880 1609 2951 καταχθονίων
1672 2885 1841 2958 ἔφησε

272 2953 476 3026 χώραν,
519 2960 658 3012 κατὰ
687 2962 900 3016 Παῦλον
936 2966 1157 3020 είπόντα
1178 2986 1190 2998 ·
1338 2973 1518 3046 εἴπῃς,
1549 2978 1645 3043 Τίς
1668 2953 1845 3035 κοιτα-

272 3045 517 3112 ϐήσεται
552 3053 639 3118 εὶς
684 3053 794 3121 τὴν
850 3054 1147 3125 ἄϐυσσον,
1199 3045 1463 3117 τουτέστι
1491 3068 1726 3135 Χριστὸν
1780 3074 1844 3126 ὲκ

276 3141 486 3211 νεκρῶν
541 3144 853 3212 ἀναγαγεῖν;
896 3151 989 3203 καὶ
1046 3152 1105 3202 ἐν
1172 3151 1328 3219 Ἰὼό,
1372 3157 1472 3210 Ἐν
1510 3158 1613 3224 δὲ,
1655 3162 1841 3234 φησὶν,

277 3231 520 3299 ἴχνεσιν
566 3236 831 3293 ἀϐύσσου
869 3243 1345 3313 περιεπάτησας;
1380 3250 1602 3321 Μήποτε
1648 3231 1727 3307 δὲ-
1751 3231 1844 3312 καὶ

268 3322 425 3377 τοῦτο
451 3326 655 3397 πλῆθος
685 3329 890 3385 ὑδάτων
917 3334 1065 3405 δηλοί
1090 3337 1211 3390 καθ’
1246 3331 1307 3391 οὗ
1334 3343 1705 3416 περιεπάτησε
1731 3349 1843 3403 Κύ-

270 3433 411 3486 ριοςς
444 3419 521 3481 ὡς
551 3421 649 3489 ἀφ’
683 3422 876 3494 ἐτέρας
906 3427 1081 3498 ἀρχῆς
1106 3425 1242 3484 εἶναι
1274 3432 1355 3495 τὸ,
1385 3434 1751 3507 Ἀνοίγονται
1773 3442 1841 3496 δέ

264 3524 354 3561 σοι
376 3511 527 3579 φόϐῳ
550 3515 741 3567 πύλαι
772 3517 1062 3583 (ianitor);

411 3688 632 3754 ’ᾼσατε
666 3688 744 3755 τῷ
777 3694 973 3762 Κυρίῳ
1004 3689 1169 3767 ᾆσμα
1199 3702 1428 3767 καινὸν,
1459 3722 1511 3757 κ.
1548 3724 1599 3760 τ.
1630 3708 1679 3761 λ.

339 3776 386 3827 Τ
386 3776 449 3873 οῦ
483 3780 662 3873 καινοῦ
685 3782 930 3854 ᾄσματος
953 3787 1132 3857 (50)...
1158 3794 1221 3863 τῇ
1241 3792 1348 3845 τῶν
1370 3795 1530 3849 ὁσίων
1546 3798 1838 3873 Ἐκκλησία

258 3866 531 3964 ᾀδομένου
556 3913 569 3935 ,
615 3872 811 3964 δηλαδὴ
860 3875 981 3962 τῆς,
1004 3879 1096 3932 τοῦ
1139 3883 1389 3955 Σωτῆρος
1436 3888 1595 3958 ἡμῶν
1628 3866 1837 3964 Καινῆς

255 3957 578 4029 Διαθήκης..
611 3963 825 4035 παλαιῷ
859 3957 1137 4038 προσέχων
1184 3972 1399 4046 Ἰσραὴλ
1428 3976 1505 4047 τῷ
1549 3978 1639 4032 διὰ
1670 3957 1836 4036 Matii-

256 4051 394 4113 σὲως
414 4069 429 4081 ’
450 4053 513 4105 τὸ
540 4055 725 4108 καινὸν
751 4057 807 4109 δὲ
833 4057 987 4111 τοῦτο
1015 4064 1407 4137 παράδειγμα..
1436 4069 1831 4142 εὐφραινέσθω·

253 4141 417 4203 αὐτὸς
463 4143 575 4212 γὰρ
606 4140 673 4214 ἦν
723 4146 751 4197 ὁ
786 4145 882 4198 τοῦ
912 4147 1044 4202 Θεοῦ
1084 4153 1253 4220 Λόγος
1302 4157 1330 4208 ὁ
1371 4140 1715 4228 χρηματίσας
1756 4161 1834 4233 τῷ

251 4234 500 4296 Μωῡσεῖ,
553 4238 648 4289 καὶ
690 4238 779 4290 τὸν
834 4236 1046 4312 Ἰσραὴλ
1092 4242 1375 4314 ἐξαγαγὼν
1420 4249 1485 4302 ἐκ
1529 4250 1628 4323 τῆς
1668 4253 1833 4322 Αίγύ-

1958 1689 2167 1754 Lauda,
2200 1691 2554 1759 Hierusalem,
2583 1694 2864 1749 Dominum
2891 1696 2956 1750 “.
2992 1697 3367 1754 Consentanea
3399 1715 3538 1768 prat-

1954 1779 2116 1835 dictis
2164 1796 2403 1850 praesens
2432 1782 2550 1838 laus
2596 1782 2815 1851 jussum
2845 1787 3104 1855 ampliat;
3151 1799 3206 1844 et
3235 1793 3533 1860 congestim

1953 1882 2257 1926 creaturam
2287 1873 2446 1927 simul
2481 1876 2789 1931 universam
2827 1887 2938 1934 tam
2971 1881 3234 1936 visibilem
3261 1898 3421 1950 quam
3450 1884 3532 1937 iu-

1954 1963 2222 2018 visibilem
2249 1966 2314 2019 ad
2349 1966 2439 2019 Dei
2475 1966 2688 2021 laudem
2719 1968 2920 2023 excitat
2952 1990 2964 2024 :
2999 1970 3154 2025 initio
3181 1973 3397 2041 quidem
3428 1988 3533 2028 cce-

1953 2054 2106 2110 lestia
2155 2067 2211 2111 et
2258 2058 2628 2114 excelsissima
2663 2060 2899 2115 invitans
2928 2080 2943 2117 :
2980 2078 3105 2116 mox
3136 2065 3486 2134 progrediens
3512 2106 3527 2127 .

1954 2148 2234 2202 terrestria
2278 2157 2333 2202 et
2380 2165 2500 2218 quae
2535 2150 2586 2203 in
2626 2151 2837 2219 abyssis
2883 2163 3200 2208 versantur:
3236 2170 3340 2209 non
3385 2158 3527 2223 quod

1949 2238 2130 2291 omnia
2157 2239 2338 2292 anima
2369 2249 2423 2293 et
2464 2238 2672 2307 loquela
2706 2242 2938 2309 praedita‘
2963 2244 3089 2307 sint,
3125 2247 3218 2301 sed
3254 2246 3526 2317 homines,

1948 2329 2042 2397 qui
2076 2328 2281 2398 loquela
2311 2340 2434 2384 sunt
2463 2333 2691 2400 praediti,
2713 2332 2866 2401 jubet
2900 2336 3019 2392 illas
3041 2348 3321 2394 creaturas
3352 2341 3525 2411 respi-

1948 2435 2072 2475 cere
2100 2462 2116 2487 ,
2167 2434 2222 2475 et
2267 2437 2577 2491 expressam
2621 2424 2678 2480 in
2730 2426 2812 2481 his
2844 2426 2936 2482 Dei
2969 2430 3290 2498 sapientiam
3322 2448 3525 2504 coguo~

1948 2521 2184 2579 scentes,
2214 2512 2525 2571 Creatorem
2552 2518 2768 2588 hymnis
2794 2520 3094 2577 celebrare.

2336 2783 2500 2838 Vens.
2534 2785 2587 2837 7.
2628 2784 2692 2837 Et
2726 2802 2904 2839 omnes
2927 2787 3120 2856 abyssi.

2014 2874 2165 2929 Alius
2197 2876 2410 2943 quidam
2446 2878 2669 2947 abyssos
2692 2879 2821 2933 dicit
2848 2895 2969 2934 esse
2992 2882 3401 2938 subterraneam
3438 2900 3522 2939 re—

1947 2966 2159 3035 giouem
2185 3007 2200 3031 ,
2234 2978 2392 3037 prout
2430 2968 2627 3024 Paulus
2658 2970 2732 3023 ait
2770 2988 2783 3023 :
2820 2969 2898 3026 Ne
2924 2973 3096 3038 dicas,
3132 2973 3260 3039 Quis
3309 2974 3515 3031 descen-

1946 3062 2030 3113 det
2081 3062 2133 3113 in
2182 3061 2424 3131 abyssum
2452 3061 2518 3127 ⁸⁸,
2559 3061 2610 3115 id
2650 3073 2734 3117 est
2781 3061 2851 3116 ob
2900 3063 3172 3118 Christum
3224 3081 3251 3118 a
3290 3069 3520 3124 mortuis

1946 3154 2350 3208 revocandum?
2386 3155 2447 3208 Et
2478 3155 2615 3222 apud
2645 3154 2837 3209 Jobum
2871 3174 2884 3209 :
2921 3156 2987 3209 In
3013 3158 3295 3227 profundo,
3321 3160 3518 3230 inquit,

1943 3244 2117 3313 abyssi
2137 3243 2421 3297 ambulain
2451 3243 2541 3297 “1'
2570 3244 2705 3298 Num
2737 3244 2877 3299 forte
2904 3249 3067 3299 etiam
3101 3249 3204 3301 hoc
3236 3251 3517 3317 vocabulo,

1942 3333 2093 3401 copia
2128 3348 2391 3403 aquarum
2418 3336 2707 3387 denotatur
2728 3349 2889 3404 supra
2914 3351 3072 3405 quant
3098 3338 3391 3393 ambulavit
3418 3342 3520 3395 Do-

1943 3425 2122 3479 minus
2151 3425 2173 3477 ?
2204 3425 2277 3478 ita
2301 3437 2357 3478 ut
2386 3426 2606 3480 aliunde
2654 3428 2978 3495 repetendus
3008 3430 3078 3482 sit
3103 3444 3294 3485 sensus
3320 3435 3517 3487 verbo-

1945 3531 2060 3568 rum
2096 3531 2109 3568 :
2144 3515 2467 3583 Aperiantur
2505 3518 2599 3570 tibi
2623 3555 2640 3581 ,
2676 3518 2900 3572 timoris
2931 3534 3092 3572 causa
3117 3559 3133 3585 ,
3179 3532 3347 3589 porta:
3378 3541 3518 3577 mor-

1939 3610 2004 3662 lis
2020 3608 2062 3639 ⁸⁷
2090 3606 2113 3661 ?

2009 3699 2172 3755 Vens.
2207 3700 2261 3754 1.
2286 3698 2509 3753 Cantate
2538 3698 2764 3754 Domino
2790 3701 3050 3754 canticum
3081 3718 3292 3768 novum,
3333 3713 3437 3758 etc.

2009 3790 2159 3847 Novo
2192 3791 2406 3845 cantico
2432 3790 2482 3844 in
2502 3800 2813 3845 sanctorum
2850 3790 3088 3846 Ecclesia
3120 3802 3337 3849 cantato
3360 3811 3513 3849 nem-

1937 3897 2002 3951 pe
2022 3881 2151 3936 Novi
2183 3881 2427 3936 Ftederis
2460 3881 2764 3937 Servatoris
2795 3883 3032 3937 nostri...
3056 3885 3246 3950 veteri,
3278 3902 3397 3956 quae
3419 3890 3515 3942 da-

1939 3983 1989 4027 ta
2022 3974 2124 4028 fuit
2156 3990 2253 4044 per
2294 3972 2533 4045 Moysem
2562 4014 2577 4038 ,
2612 3975 2717 4046 legi
2752 3976 3036 4031 adhaerens
3070 3976 3257 4034 Israel.
3302 3978 3510 4034 Novum

1937 4067 2038 4120 hoc
2071 4066 2414 4137 exemplar...
2449 4066 2701 4121 exsultet.
2735 4067 2911 4137 Ipsum
2941 4069 3086 4123 enim
3117 4081 3237 4125 erat
3272 4070 3363 4127 Dei
3393 4072 3514 4128 Ver-

1936 4158 2084 4222 bum,
2117 4160 2258 4228 quod
2292 4158 2459 4229 Moysi
2495 4159 2713 4213 oracula
2741 4159 2961 4225 edebat,
2990 4170 3044 4215 et
3072 4160 3321 4218 lsraelem
3348 4162 3512 4234 Egy-

1936 4250 2256 4329 pto’edttxit,
2284 4251 2493 4320 sibique
2523 4265 2589 4305 ex
2624 4265 2689 4304 eo
2720 4250 2970 4320 populum
3002 4253 3332 4323 peculiarem
3371 4254 3519 4321 ειῖυο⁷

253 4340 388 4416 κτον
416 4326 555 4397 (31),
586 4330 819 4398 ποιήσας
854 4347 913 4383 τε
947 4334 1108 4387 αὑτὸν
1154 4337 1348 4390 ἑαυτοῦ
1390 4338 1536 4395 λαόν.
1576 4322 1700 4406 Τοῖς
1732 4346 1830 4416 μὲν

1943 4322 2045 4396 cit;
2074 4341 2228 4397 Filiis
2256 4358 2385 4411 ergo
2416 4343 2660 4413 apprime
2705 4341 2888 4398 Sionis
2923 4322 3143 4398 tttandat
3186 4344 3419 4414 gaudere
3452 4355 3506 4398 et

250 4410 341 4467 οὖν
370 4416 510 4479 υἱοῖς
544 4416 682 4470 Σιὼν
722 4420 929 4491 χαίρειν
962 4424 1054 4477 καὶ
1080 4425 1339 4499 ἀγαλλιᾷν
1379 4430 1617 4502 πρώτοις
1647 4410 1831 4509 παρα-

253 4506 536 4561 κελεύεται
570 4510 663 4562 ἐπὶ
806 4512 1016 4582 βασιλεῖ
1052 4518 1261 4571 αὐτῶν·
1298 4522 1459 4587 αὐτὸς
1491 4524 1547 4577 δὲ
1592 4522 1661 4598 ἦν
1696 4506 1831 4595 ..τὸς

255 4599 417 4688 πάλιν
442 4600 473 4651 ὁ
506 4601 603 4653 τοῦ
639 4601 773 4656 Θεοῦ
801 4602 991 4673 Λόγος,
1027 4608 1192 4662 πάλαι
1236 4611 1335 4681 μὲν
1371 4615 1548 4669 αὐτῶν
1578 4617 1831 4688 βασιλεὺς

250 4686 343 4752 ὢν,
397 4689 625 4763 ὕστερον
667 4691 722 4745 δὲ
757 4697 1113 4767 παραιτηθεὶς
1146 4698 1262 4772 [ὑπ’
1307 4703 1532 4775 αύὶτῶν·
1569 4686 1648 4762 διὸ
1696 4711 1831 4784 πρὸς

250 4779 339 4832 τὸν
393 4782 681 4853 προφήτην
715 4784 968 4857 Σαμουήλ
1003 4804 1167 4857 φησιν
1221 4807 1234 4820 ·
1266 4795 1346 4846 οὐ
1392 4796 1467 4849 σὲ
1505 4779 1828 4869 ἐξουθεκή-

247 4889 453 4934 mer,
523 4874 660 4928 ἀλλ’
710 4876 859 4945 ἐμὲ..
916 4878 1003 4948 μὴ
1046 4881 1408 4945 βασιλεύειν
1454 4889 1549 4941 ἐπ’
1602 4893 1823 4949 αὐτῶν.

247 4964 405 5016 ἐπεὶ
431 4965 491 5017 δὲ
536 4964 608 5038 μὴ
652 4967 963 5039 ὑπήκουσαν
996 4975 1060 5043 τῇ
1105 4972 1314 5045 κλήσει,
1350 4979 1575 5045 εἰκότως
1601 4984 1700 5055 τῆς
1729 4986 1827 5055 χά-

248 5074 402 5127 ριτος
453 5058 557 5128 τῆς
615 5061 950 5134 εὐφροσύνης
1006 5065 1234 5131 ἑαυτοὺς
1278 5070 1598 5143 ἐστέρησαν⁸
1647 5077 1717 5130 τά
1759 5094 1823 5146 γε

248 5148 358 5219 μὴν
395 5148 521 5221 ἔθνη
548 5151 639 5203 τὸν
664 5153 894 5217 ἐκείνοις
933 5155 1169 5227 πρώτοις
1202 5164 1643 5236 κατηγγελμένον
1670 5167 1823 5239 βασι-

334 5291 385 5322 "
419 5291 559 5346 Psal.
612 5311 770 5359 cxu,
823 5296 879 5351 2.

980 5298 1028 5329 ⁸³
1058 5298 1202 5374 P_saI.
1245 5317 1423 5374 cxm,
1475 5312 1519 5364 Ι.

241 5360 284 5391 ⁸⁷
313 5363 451 5417 ibid.
484 5364 570 5418 17.

668 5368 713 5399 ⁸⁸
739 5369 757 5421 ι
781 5368 913 5440 Reg.
946 5384 1066 5437 νηί,
1094 5370 1147 5425 7.

314 5499 433 5575 (29)
463 5500 636 5575 Magni
666 5507 820 5574 pretii
843 5518 928 5562 est
954 5509 1067 5565 hau:
1095 5509 1309 5566 Eusebii
1342 5510 1583 5565 doctrina
1614 5514 1683 5568 ob
1711 5514 1817 5568 sul-

242 5574 451 5654 veudas
483 5574 1147 5654 de’_e_t_Ittticor'_utn_s5tlttte
1177 5582 1258 5635 vel
1290 5581 1640 5637 damnatione
1692 5602 1815 5654 pro-

241 5642 449 5725 positas
469 5658 512 5725 ’ς
548 5646 885 5725 phiiosopbis
914 5650 1273 5725 d_ilI_icultates.

317 5711 434 5782 (30)
468 5711 636 5784 Hujus
671 5711 954 5788 fragmenti
992 5721 1195 5778 lacuna:
1223 5722 1278 5777 in
1309 5722 1609 5792 antiquiore
1638 5724 1817 5781 lacero

1626 5314 1672 5344 ⁸⁸
1708 5313 1853 5369 Psal.
1915 5302 2114 5380 chvtt,
2186 5317 2272 5371 '19..

1927 4435 2197 4488 exsultare
2225 4434 2295 4487 ob
2330 4448 2507 4503 regem
2542 4434 2801 4504 ipsorum.
2832 4435 2945 4489 Hoc
2970 4446 3150 4489 autem
3179 4445 3298 4489 erat
3329 4436 3504 4505 ipsum

1928 4524 2019 4580 Dei
2048 4526 2323 4589 Verbum,
2350 4527 2477 4580 olim
2508 4526 2725 4595 quidem
2753 4542 2844 4582 rex
2878 4528 3110 4591 illorum,
3143 4542 3302 4597 quem
3335 4526 3386 4581 hi
3418 4538 3502 4580 ta-

1928 4631 2049 4670 men
2098 4617 2290 4670 deitttle
2342 4628 2725 4672 recusarunt...
2765 4618 2906 4672 utule
2950 4617 3227 4686 prophetae
3265 4614 3501 4669 Samueli

1926 4709 2105 4763 aiebat
2140 4728 2153 4762 :
2188 4706 2310 4762 Non
2344 4721 2394 4763 te
2429 4720 2889 4776 contempserunt,
2933 4710 3023 4761 sed
3059 4724 3138 4761 me
3161 4747 3178 4772 ,
3222 4708 3503 4788 quominus

1929 4819 2085 4870 super
2109 4818 2196 4856 eos
2218 4818 2422 4872 regnem
2446 4802 2514 4856 ⁸⁸.
2541 4802 2608 4856 Et
2646 4803 2773 4872 quia
2804 4800 3076 4856 vocationi
3110 4814 3216 4853 non
3248 4799 3500 4854 obedive~

1931 4904 2098 4960 runt,
2144 4895 2338 4949 merito
2370 4895 2643 4966 semetipsi
2684 4896 2852 4965 gratia
2892 4894 3094 4947 lanitite
3143 4896 3496 4947 orbaverunt.

1927 4984 1997 5039 Et
2043 4986 2391 5056 praedicatum
2441 4989 2659 5057 quidem
2721 4985 2965 5055 apprime
3015 4984 3218 5039 Iudaeis
3272 4998 3451 5053 regem
3482 5025 3497 5047 ,

1927 5087 2117 5147 gentes
2142 5093 2265 5133 eum
2295 5090 2653 5150 agnoscentes
2678 5079 3013 5133 admiserunt
3038 5116 3053 5142 ,
3099 5078 3327 5147 ideoque
3360 5078 3499 5133 lasti—

1925 5170 2019 5235 tia,
2047 5183 2165 5239 (ποτε
2182 5174 2474 5226 secundum
2495 5171 2659 5226 Deum
2676 5179 2780 5234 est,
2805 5178 2860 5223 et
2880 5168 3172 5224 exsultatio
3189 5170 3321 5240 ipsis
3352 5172 3498 5226 acci-

2384 5318 2429 5348 “‘
2462 5317 2616 5371 Rom.
2673 5331 2726 5382 x,
2757 5315 2810 5369 7.
2924 5313 2970 5344 ⁸⁸
2997 5312 3099 5369 Job
3142 5331 3373 5382 xxxvnt,
3405 5315 3494 5371 l6.

1922 5520 2218 5589 exemplari
2245 5531 2551 5590 supersunt.

1981 5590 2102 5669 ⁴(51)
2140 5591 2334 5647 Recole
2363 5592 2501 5647 dicta
2528 5609 2558 5648 a
2583 5593 2737 5649 nobis
2766 5595 2818 5649 itt
2843 5607 2954 5652 not.
2988 5598 3055 5653 ad
3084 5614 3219 5655 vers.
3258 5599 3319 5651 10
3343 5595 3491 5667 psal-

1923 5674 1993 5713 [ιιι
2020 5676 2217 5715 CXXXV.
