4068 6198
571 260 640 317 71
1278 258 1542 315 EUSEBII
1582 259 2049 317 CIESABIENSIS
2085 259 2235 316 OPP.
2276 260 2454 317 PARS
2491 260 3101 317 [IL—EXEGETICA.
3760 272 3830 323 79.

573 382 674 437 dit.
704 379 837 435 llinc
870 385 983 432 toto
1009 376 1142 432 orbe
1172 386 1362 446 gentes
1406 377 1461 432 in
1501 378 1617 434 suis
1661 379 1911 435 ecclesiis
1937 378 2156 433 laudant

2262 379 2354 433 λέα
2398 378 2689 448 ἐπιγνόντα
2716 377 3097 441 κατεδέξαντο·
3125 378 3313 450 διόπερ
3344 382 3376 451 ἡ
3409 380 3548 434 κατά
3583 382 3711 436 Θεὸν
3742 386 3831 437 εύ-

575 482 767 525 nomen
795 466 913 535 ejus
943 482 1043 522 ceu
1075 468 1279 538 prOprii
1307 469 1472 537 regis,
1506 470 1600 524 Dei
1629 470 1839 525 scilicet
1871 468 2033 526 Verbi
2055 469 2145 524 Je-

574 575 637 613 su
663 559 863 615 Christi
897 574 1090 614 nomen
1125 559 1282 628 pleno
1308 559 1477 614 choro
1507 577 1629 614 cum
1675 562 1911 631 tripudio
1935 561 2145 631 glorili-

575 658 781 701 cantes.
818 647 923 703 Sed
958 658 1011 703 et
1039 649 1130 717 qui
1179 650 1436 705 solitatim
1467 651 1644 722 degit,
1679 652 1834 705 bonis
1872 655 1986 706 suis
2014 652 2150 706 acti—

574 740 678 793 bus
701 750 753 793 et
781 742 1026 811 corporis
1074 744 1549 798 exercitationibus
1583 745 1837 814 hymnum
1882 745 2149 814 quodam-

578 834 739 887 modo
768 843 821 887 et
876 834 1239 888 laudationem
1276 834 1385 889 Deo
1422 835 1657 890 conficit.
1706 835 1759 889 Id
1814 837 2151 893 credibiliter

576 924 875 991 prasdicens
923 925 1207 979 Psalmista
1252 926 1425 996 pergit
1461 927 1651 993 jubere
1699 936 1756 979 ut
1791 936 2048 999 tympano
2096 938 2151 984 et

576 1017 836 1085 psalterio
854 1017 1086 1087 psallunt
1110 1018 1158 1072 ei
1186 1035 1199 1071 :
1216 1018 1452 1089 tympani
1474 1018 1734 1072 vocabulo
1750 1018 2010 1073 denotans
2031 1036 2152 1076 cor-

576 1124 713 1178 pus,
753 1109 1012 1179 psalterio
1045 1110 1369 1179 spiritum...
1400 1112 1775 1179 morti/icantes
1802 1114 2033 1167 membra
2064 1130 2153 1166 su-

576 1216 669 1267 per
730 1210 927 1253 terram
954 1201 1020 1263 ",
1079 1212 1126 1254 et
1177 1202 1305 1255 Jesu
1356 1203 1809 1270 mortiﬁcationem
1835 1206 1888 1258 in
1938 1222 2153 1273 corpore

576 1293 1005 1356 circumferentes
1050 1292 1118 1346 νο.
1176 1294 1275 1359 Qui
1319 1294 1592 1347 exsultant
1644 1294 1714 1348 ob
1764 1311 1945 1365 regem
1994 1312 2148 1351 suum

577 1396 681 1434 una
714 1397 835 1435 cum
864 1383 1242 1439 exsultante...
1273 1386 1361 1453 qui
1408 1384 1535 1439 fecit
1579 1401 1771 1441 eum...
1815 1398 2069 1460 tympano
2098 1399 2152 1444 et

576 1474 837 1540 psalterio
866 1474 1119 1543 psallunt.

2254 470 2494 542 φροσύνη
2525 470 2618 523 καὶ
2662 469 2982 539 ἀγαλλίασις
3015 470 3275 540 μετῆλθεν
3298 472 3384 523 ἐπ’
3417 474 3585 528 αύτά·
3621 475 3738 529 ὅθεν
3765 478 3833 528 τὰ

2257 564 2356 632 μὲν
2383 561 2504 616 καθ’
2531 562 2657 631 ὅλης
2682 561 2781 632 τῆς
2811 560 3140 632 οἰκουμένης
3164 561 3290 633 ἔθνη
3319 567 3437 627 ταῖς
3465 566 3673 619 ἑαυτῶν
3716 568 3836 620 Ἐκ-

2255 650 2507 721 κλησίαις
2565 649 2772 703 αἰνοῦσι
2802 649 2862 702 τὸ
2887 649 3056 720 ὄνομα
3094 651 3259 705 αὑτοῦ
3287 654 3380 705 τοῦ
3417 653 3679 723 βασιλέως
3710 657 3837 710 ἐαυ-

2253 742 2383 808 τῶν,
2418 743 2475 795 ἐν
2501 742 2647 814 χορῷ
2675 741 2769 795 τοῦ
2798 741 2934 795 Θεοῦ
2963 742 3136 810 Λόγου
3166 742 3224 795 τὸ
3256 742 3427 813 ὄνομα
3462 746 3668 817 Ἰησοῦν
3704 750 3838 820 Χρι-

2257 833 2381 887 στὸν
2414 834 2552 905 μετὰ
2580 833 2797 904 χορείας
2820 831 3151 900 δοξάζοντες⁸
3172 832 3306 886 ἀλλὰ
3334 836 3468 888 καὶὸ
3491 837 3677 901 καθεὶς
3705 840 3837 909 παρ’

2256 930 2433 1001 ἐαυτῷ
2474 948 2624 984 ..νων
2652 931 2696 984 δ’
2735 930 2913 1001 ἔργων
2948 929 3184 999 ἀγαθῶν,
3220 930 3313 983 καὶ
3342 929 3429 982 διὰ
3461 929 3687 1002 τῶν.τοῦ
3732 929 3839 983 σὼ·
3933 965 3935 967 ι

2261 1042 2428 1095 ματος
2463 1023 2713 1097 πράξεων
2750 1025 2820 1078 τὰ
2852 1024 3205 1077 συντελοῦντα
3241 1026 3319 1085 εἰς
3357 1021 3524 1093 ῦμνον
3562 1023 3656 1075 καὶ
3696 1022 3840 1087 δοξο-

2257 1112 2443 1182 λογίαν
2479 1114 2573 1167 τοῦ
2598 1112 2734 1166 Θεοῦ
2775 1112 3182 1186 διαπράττεται.
3220 1114 3459 1177 Εἰκότως
3497 1112 3656 1165 τοῦτο
3700 1114 3838 1166 αὐτὸ

2260 1205 2545 1277 προλαϐὼν
2566 1206 2595 1257 6
2616 1204 2772 1274 λόγος
2803 1206 3129 1276 προστάττει
3157 1205 3379 1275 φάσκων
3399 1222 3412 1236 ·
3452 1206 3537 1260 Ἐν
3569 1207 3837 1275 τυμπάνῳ

2259 1299 2351 1350 καὶ
2398 1297 2681 1368 ψαλτηρίῳ
2709 1296 3036 1366 ψαλάτωσαν
3076 1298 3225 1367 αὐτῷ
3250 1315 3262 1327 ·
3311 1298 3593 1369 τύμπανον
3630 1297 3727 1368 μὲν
3774 1297 3838 1349 τὸ

2262 1392 2419 1461 σῶμα
2443 1390 2885 1463 προσαγορεύων,
2920 1390 3217 1462 ψαλτήριον
3252 1391 3308 1444 δὲ
3349 1392 3409 1444 τὸ
3453 1391 3713 1461 πνεῦμα..
3742 1407 3839 1443 νε-

2259 1482 2599 1552 κρώσαντες
2631 1483 2703 1537 τὰ
2723 1483 2880 1553 μέλη
2913 1484 2986 1538 τὰ
3011 1485 3110 1537 ἐπὶ
3145 1482 3254 1550 τῆς
3282 1483 3413 1554 γῆς,
3447 1484 3545 1537 καὶ
3578 1484 3690 1553 τὴν
3733 1483 3840 1549 Ἰη-

575 1568 692 1623 σοῦ
733 1569 1026 1638 νέκρωσιν
1074 1574 1145 1625 ἐν
1194 1573 1274 1640 τῷ
1324 1574 1549 1644 σώματι
1602 1576 2051 1645 περιφέροντες⁸
2102 1579 2151 1632 οἱ
2196 1579 2591 1651 ἀγαλλιώμενοι
2656 1580 2747 1631 ἐπὶ
2810 1579 2885 1650 τῷ
2927 1575 3135 1650 βασιλεῖ
3162 1578 3339 1633 αὐτῶν
3368 1579 3484 1650 ἅμα
3508 1577 3585 1649 τῷ
3612 1579 3839 1661 εύσφραι-

576 1662 805 1731 νομένῳ.
836 1700 850 1714 .

1076 1756 1397 1813 PSALMUS
1430 1757 1659 1813 CXLIX.

793 1849 957 1904 Vsus.
994 1850 1048 1905 5.
1076 1849 1419 1923 thabuntur
1446 1851 1500 1903 in
1526 1851 1781 1905 cubilibus
1812 1852 1941 1906 suis.

650 1939 820 1995 Aliter
851 1956 978 1996 vero
1008 1980 1024 2005 ,
1056 1950 1282 1994 mortem
1317 1949 1630 1995 sanctorum
1670 1944 1933 1999 vacabqu
1965 1943 2157 1999 cubili-

582 2033 676 2085 bus
711 2032 910 2087 innuit.
963 2032 1349 2086 Dormitionem
1389 2035 1591 2103 quippe
1620 2032 1759 2087 solet
1786 2051 1904 2089 eam
1958 2052 2156 2092 vocare

581 2125 900 2194 Scriptura,
955 2125 1165 2179 dicente
1214 2123 1378 2179 Paulo
1428 2144 1441 2179 ;
1497 2124 1571 2178 De
1621 2126 2002 2181 dormientibus
2052 2145 2153 2182 au-

582 2225 683 2268 tem
728 2218 847 2271 nolo
894 2233 981 2270 vos
1034 2218 1278 2285 ignorare
1306 2257 1320 2281 ,
1371 2217 1564 2285 fratres
1608 2220 1675 2274 ⁹¹.
1729 2219 1891 2275 Vetus
1941 2235 2157 2289 quoque

580 2308 992 2364 Testamentum
1036 2310 1114 2362 ait
1161 2326 1175 2363 :
1218 2309 1474 2365 Dormivit
1529 2312 1701 2366 David
1758 2327 1877 2365 cum
1917 2314 2155 2381 patribus

578 2403 690 2454 suis
721 2403 788 2455 ".

583 2493 745 2547 Vens.
766 2493 819 2547 6.
852 2492 1220 2568 Exaltationes
1249 2494 1343 2548 Dei
1367 2495 1421 2547 in
1457 2505 1666 2563 gutture
1686 2514 1890 2562 eorum,
1918 2506 1965 2551 et
1990 2498 2156 2568 gladii

929 2565 1180 2631 ancipites
1205 2566 1261 2618 in
1294 2568 1533 2620 manibus
1562 2569 1813 2636 ipsorum.

653 2656 930 2727 anpinate
976 2655 1169 2724 Aquila
1225 2668 1545 2726 praesentem
1598 2658 1921 2712 sententiam
1987 2672 2156 2727 expo-

583 2747 714 2811 suit,
746 2746 872 2800 dum
899 2745 1247 2799 Hebraeorum
1278 2745 1538 2799 vocabulo
1560 2748 1950 2808 servit,dicens
1980 2766 1993 2803 :
2027 2748 2155 2803 Gla-

582 2841 703 2893 dius
749 2839 941 2909 gemini
974 2840 1079 2891 oris
1104 2839 1159 2891 in
1202 2854 1360 2891 manu
1396 2837 1649 2903 ipsorum.
1687 2836 1790 2892 Sed
1823 2849 1876 2892 et
1909 2839 1994 2893 his
2028 2855 2159 2893 con-

588 2932 751 2985 traria
798 2938 1165 2983 memorantur
1204 2928 1423 2982 alicubi.
1480 2928 1605 2981 P'ilii
1636 2932 1945 2997 hominum,
1980 2933 2155 2984 dentes

583 3038 761 3075 eorum
807 3037 955 3072 arma
988 3031 1035 3074 et
1081 3022 1324 3089 sagittw,
1356 3031 1402 3072 et
1448 3018 1629 3088 lingua
1681 3021 1915 3088 ipsarum
1949 3023 2158 3092 gladius

898 1666 1184 1735 ποιήσαντι
1214 1668 1397 1732 αὐτὸν,
1429 1669 1486 1720 ἐν
1511 1669 1780 1739 τυμπάνῳ
1821 1672 1915 1724 καὶ
1945 1671 2231 1743 ψαλτηρίῳ
2264 1672 2577 1741 ψάλλουσιν.

2785 1762 3076 1817 ιΓΑΛΜΟΣ
3117 1761 3297 1815 ΡΜΘ’.

2434 1854 2921 1925 Ἀταλλιάσονται
2948 1854 3047 1908 ἐπὶ
3078 1855 3195 1908 τῶν
3224 1854 3434 1909 κοιτῶν
3466 1853 3679 1909 αὐτῶν.

2337 1947 2546 2012 Ἀλλως
2568 1948 2626 2001 δὲ
2649 1948 2740 2001 τὸν
2778 1946 3006 2002 θάνατον
3028 1949 3135 2000 τῶν
3172 1947 3334 2001 ὁσίων
3363 1947 3582 2019 ᾐνίξατο
3606 1947 3694 2000 διὰ
3721 1945 3839 2001 τῶν

2259 2040 2488 2093 κοιτῶν.
2522 2041 2791 2111 Κοίμησιν
2816 2038 2924 2108 γάρ
2950 2038 3108 2092 εἴωθε
3147 2039 3330 2092 καλεῖν
3370 2038 3533 2093 αὐτὸν
3567 2041 3599 2109 ἡ
3626 2037 3837 2109 Γραφὴ.

2258 2126 2506 2194 λέγοντος
2543 2129 2636 2180 καὶ
2672 2127 2907 2180 Παύλου·
2935 2128 3075 2194 Περὶ
3108 2126 3176 2179 δὲ
3208 2128 3326 2180 τῶν
3354 2128 3728 2196 κοιμωμένων
3766 2129 3841 2180 οὐ

2258 2218 2411 2271 θέλω
2424 2216 2578 2286 ὑμᾶς
2600 2217 2858 2285 ἀγνοεῖν,
2875 2216 3144 2285 ἀδελφοίο
3168 2218 3260 2269 καὶ
3284 2219 3316 2286 ή
3341 2217 3549 2269 Παλαιὰ
3570 2217 3626 2269 δέ
3650 2232 3837 2289 φησιν’

2270 2307 2586 2377 Ἔκοιμήθη
2622 2308 2804 2361 Δαυῒδ
2835 2307 2984 2376 μετά
3012 2306 3132 2360 τῶν
3159 2306 3427 2375 πατέρων
3450 2308 3657 2361 αὐτοῦ.

2259 2489 2330 2541 Αἱ
2355 2485 2622 2556 eadem
2649 2486 2754 2541 τοῦ
2786 2486 2934 2540 Θεοῦ
2964 2487 3035 2539 ἐν
3061 2484 3312 2555 λάρυγγι
3329 2485 3673 2556 adedit-Lucil
3692 2486 3840 2555 ῥομ-

2437 2556 2605 2625 φαῐαι
2633 2556 2904 2626 δίστομοι
2933 2557 3003 2609 ἐν
3032 2557 3161 2623 ταῖς
3188 2558 3401 2625 χερσὶν
3425 2555 3643 2610 αὐτῶν.

2331 2648 2657 2719 Παραδόξοις
2698 2649 2755 2701 δὲ
2810 2647 3040 2711 Ἀκύλας
3075 2647 3177 2718 τὴν
3215 2646 3566 2700 ἀποδοθεῖσαν
3604 2646 3842 2701 διάνοιαν

2261 2743 2592 2813 παρέστησε,
2621 2740 2911 2805 δουλεύσας
2939 2743 3004 2810 τῇ
3031 2740 3138 2794 τῶν
3178 2739 3443 2811 Ἑϐραίων
3471 2742 3618 2811 φωνῇ
3647 2739 3837 2791 εἰπών·

2260 2834 2534 2903 Μάχαιρα
2557 2832 2870 2901 στομάτων
2904 2832 3016 2902 (52)
3048 2831 3117 2885 ἐν
3140 2832 3286 2900 χειρὶ
3310 2830 3526 2884 αὐτῶν.
3563 2830 3721 2883 Ἀλλὰ
3749 2829 3844 2883 καὶ

2264 2927 2393 2996 περὶ
2437 2923 2547 2977 τῶν
2586 2923 2847 2986 τοιούτοις
2873 2924 3126 2977 ἐναντίων
3162 2923 3278 2990 (55)
3308 2922 3522 2993 εἴρηταί
3550 2939 3673 2975 πουο
3717 2922 3839 2975 Υἱοὶ

2261 3015 2677 3083 ἀνθρώπων,οἱ
2700 3016 2943 3081 ὀδόντες
2988 3015 3184 3070 αὐτῶν
3227 3014 3386 3069 ὅπλα
3413 3014 3708 3081 καὶβέλη,
3742 3014 3839 3066 καὶ

585 3124 770 3167 acutus
813 3112 883 3179 ⁹³,
930 3122 992 3167 ut
1032 3113 1283 3165 occidant
1315 3121 1580 3181 quotquot
1616 3113 1750 3183 ipsis
1782 3115 1981 3183 captivi
2035 3131 2161 3171 suc-

2264 3110 2301 3179 ἡ
2318 3108 2569 3178 γλῶσσα
2584 3106 2781 3162 αὐτῶν
2789 3107 3051 3178 μάχαιρα
3068 3106 3251 3171 ὀξεῖα,
3266 3106 3595 3178 φονευόντων
3609 3108 3728 3168 τοὺς
3748 3105 3841 3157 ὑπ’

585 3207 867 3260 cumbunt.
910 3203 1133 3273 Proprie
1168 3219 1295 3259 vero
1326 3205 1560 3275 gladium
1593 3206 1791 3274 gemini
1828 3207 1943 3261 oris
1968 3246 1982 3270 ,
2019 3209 2156 3262 acti-

586 3301 686 3352 bus
716 3297 958 3351 exerceri
1002 3299 1159 3350 docet
1199 3295 1508 3351 Psalmista.
1544 3296 1909 3362 Dicitautem,
1948 3298 2157 3352 exalta-

585 3392 752 3444 tiones
785 3388 881 3443 Dei
906 3390 960 3443 in
990 3399 1199 3459 gutture
1221 3405 1400 3442 eorum
1424 3429 1439 3453 ,
1465 3390 1590 3458 quia
1622 3404 1755 3445 voce
1788 3392 2077 3447 utebantur
2104 3392 2157 3446 in

586 3483 738 3537 verbi
777 3481 1079 3536 ministerio
1100 3524 1113 3547 ,
1145 3481 1287 3550 apud
1320 3496 1415 3536 eos
1443 3482 1534 3552 qui
1568 3484 1757 3537 audire
1787 3492 2038 3552 poterant
2072 3493 2158 3537 at-

589 3574 839 3628 tollentes
875 3573 1157 3644 hymnum.
1193 3573 1417 3628 Actibus
1455 3585 1632 3629 autem
1686 3575 1791 3627 vim
1838 3576 2163 3631 exserebant

586 3665 909 3721 adversaria:
939 3665 1196 3735 potentia:
1222 3664 1522 3719 victricem.
1565 3664 1754 3720 Manus
1788 3665 2038 3730 illorum,
2070 3682 2159 3719 ac-

587 3769 674 3814 tus
698 3758 849 3824 dicit,
897 3758 1010 3813 sive
1046 3757 1122 3812 rei
1170 3756 1419 3825 gerenda:
1445 3771 1629 3809 curam
1674 3767 1999 3823 susceptain.
2031 3757 2161 3811 Erat

586 3860 767 3904 autem
800 3850 917 3904 haec
951 3846 1261 3916 evangelica
1296 3846 1627 3915 prmdicatin,
1665 3861 1785 3917 qua:
1807 3848 2015 3919 gladius
2036 3865 2162 3919 quo-

586 3956 692 4009 que
728 3939 1061 4001 nominatur,
1095 3937 1223 4006 quia
1260 3938 1522 3992 malormn
1570 3946 1626 3991 et
1663 3938 1998 4007 impurorum
2048 3940 2161 4008 Spl-

588 4033 787 4086 ritunm
836 4044 1030 4100 greges
1079 4030 1468 4100 persequitur,
1522 4037 1577 4083 et
1631 4045 1921 4099 oppressas
1979 4031 2165 4100 inique

587 4134 777 4194 gentes
826 4122 1127 4187 ulciscitur,
1174 4132 1232 4176 et
1286 4121 1685 4179 idololatricum
1742 4122 1924 4193 populi
1956 4122 2159 4178 cultum

588 4215 855 4269 eutendat.

592 4389 758 4445 Vens.
784 4390 835 4445 8.
873 4390 954 4442 Ad
985 4389 1281 4461 alligandos
1309 4407 1448 4460 reges
1475 4407 1654 4444 eorum
1679 4393 2033 4462 compedibus,
2052 4406 2159 4453 etc.

661 4483 1105 4553 Quandoquidem
1137 4483 1278 4537 haud
1306 4484 1465 4539 aliter
1492 4484 1691 4540 licebat
1717 4489 1929 4556 eripere
1976 4502 2040 4543 ac
2087 4488 2155 4543 li-
2189 4486 2232 4541 D

591 4577 786 4631 berare
832 4590 927 4631 eos
966 4576 1057 4645 qui
1091 4575 1393 4629 daemonum
1448 4576 1577 4631 olim
1617 4582 2003 4647 premebantur
2039 4595 2159 4635 ser-

590 4673 743 4737 vitio,
774 4671 880 4725 nisi
908 4652 1126 4725 domitis
1165 4669 1504 4739 alligatisque
1535 4672 1773 4741 ipsorum
1801 4672 2160 4741 principibus,

593 4764 788 4818 merito
821 4762 933 4816 haec
982 4761 1159 4831 pergit
1189 4760 1393 4815 dicere.
1437 4758 1565 4816 Loci
1604 4776 1822 4815 sensum
1869 4776 2161 4830 cognosces

592 4857 756 4912 etiam
781 4871 810 4908 a
842 4854 1147 4909 Servatoris
1177 4868 1308 4908 voce
1339 4854 1567 4908 dicentis
1607 4872 1621 4908 :
1661 4853 1935 4919 Quomodo
1967 4854 2160 4926 aliquis

593 4950 795 5020 ingredi
834 4959 999 5017 potest
1045 4949 1257 5001 domum
1299 4948 1451 5016 [ortis
1474 4988 1488 5013 ,
1521 4948 1733 5017 ejusque
1763 4964 1884 5001 vasa
1913 4948 2157 5015 diripere,

2266 3201 2445 3255 αὐτῶν
2467 3202 2765 3273 ἡλωκότας.
2808 3202 3035 3264 Οῐκείως
3064 3202 3121 3254 δὲ
3164 3202 3261 3272 τὴν
3296 3202 3392 3271 μὲν
3429 3201 3701 3272 μάχαιραν
3735 3199 3843 3252 τῶν

2268 3294 2546 3364 στομάτων
2590 3295 2647 3346 ἐν
2676 3296 2795 3356 ταῖς
2838 3292 3099 3358 πράξεσιν
3147 3293 3386 3363 ἐνεργεῖν
3429 3294 3457 3344 6
3500 3292 3654 3359 λόγος
3704 3309 3847 3361 παρ-

2267 3383 2483 3454 έστησε,
2536 3382 2642 3447 τὰς·
2671 3382 2727 3435 δὲ
2754 3384 3020 3449 ὑψώσεις
3047 3380 3152 3434 τοῦ
3184 3379 3330 3433 Θεοῦ
3359 3380 3428 3433 ἐν
3473 3378 3552 3444 τῷ
3593 3381 3847 3448 στόματι

2266 3474 2482 3540 αὐτῶν,
2516 3476 2664 3544 φωνῇ
2689 3472 2795 3543 γὰρ
2818 3472 3054 3543 ἐχρῶντο
3086 3473 3178 3524 ἐπὶ
3200 3470 3518 3541 διδασκαλία
3538 3470 3631 3523 τοῦ
3655 3471 3844 3540 λόγου,

2267 3568 2421 3638 παρὰ
2444 3571 2553 3631 τοῖς
2574 3566 2794 3621 ἀκούειν
2824 3566 3141 3636 δυναμένοις
3168 3563 3493 3632 άνυψοῦντες
3526 3563 3615 3615 τὸν
3637 3563 3807 3633 ὕμνον
3827 3581 3843 3594 ·

2267 3664 2389 3724 ταῖς
2422 3661 2479 3714 δὲ
2525 3660 2786 3731 πράξεσιν
2833 3658 2985 3728 ἰσχὺν
3033 3653 3177 3727 εἶχον
3224 3656 3611 3726 καθαιρετικὴν
3659 3655 3849 3726 πάσης

2268 3752 2648 3825 ἀντικειμένης
2671 3749 2970 3821 δυνάμεως.
3001 3748 3202 3820 Χεῖρας
3229 3748 3326 3819 μὲν
3359 3747 3538 3801 αὐτῶν
3564 3746 3661 3811 τὰς
3700 3748 3849 3817 πρόι-

2271 3846 2381 3910 ξεις
2428 3846 2614 3915 φησὶν,
2670 3843 2789 3913 ἦτοι
2835 3843 2901 3913 ἥν
2956 3839 3386 3911 μετεχειρίζοντο
3438 3837 3842 3911 πραγματείαν.

2267 3938 2417 4006 Αῦτη
2439 3936 2495 3988 δὲ
2522 3932 2587 4006 ἦν
2614 3938 2642 3989 6
2664 3934 3015 4003 εύαγγελικὸς
3042 3932 3218 4001 λόγος,
3240 3930 3299 3995 ὃς
3324 3931 3417 3984 καὶ¹
3445 3929 3685 4001 ῥομφαία
3708 3928 3847 3980 ὠνο-

2272 4027 2474 4099 μάσθη,
2501 4025 2833 4080 ἐκδιώκουσα
2860 4026 2957 4089 τὰς
2989 4025 3094 4078 τῶν
3119 4024 3368 4095 πονηρῶν
3399 4025 3490 4076 καὶ
3516 4022 3848 4092 ἀκαθάρτων

2269 4122 2596 4193 πνευμάτων
2645 4120 2876 4188 ἀγέλας·
2929 4122 3103 4171 ποιεῖν
3146 4126 3206 4169 τε
3257 4116 3355 4187 τὴν
3400 4115 3675 4186 ἐκδίκησιν
3730 4115 3850 4168 τῶν

2274 4213 2619 4285 ἠδικημένων
2646 4212 2833 4277 ἐθνῶν,
2862 4211 2956 4265 καὶ
2999 4209 3236 4279 ἐλέγχειν
3266 4208 3358 4259 τοῦ
3400 4206 3528 4258 λαοῦ
3562 4207 3658 4277 τὴν
3688 4206 3853 4259 εἰδω-

2269 4302 2604 4375 λολατρείαν.

2275 4395 2384 4449 Τοῦ
2402 4395 2631 4449 δεῖσθαι
2647 4394 2786 4459 τοὺς
2809 4390 3091 4457 ,βασιλεῖς
3112 4388 3305 4443 αὐτῶν
3316 4390 3385 4441 ἐν
3400 4387 3626 4454 πέδαις,
3645 4406 3698 4441 κ.
3718 4406 3766 4441 τ.
3788 4389 3846 4445 λ.

2346 4485 2563 4555 Ἐπειδὴ
2590 4486 2690 4537 οὐκ
2714 4484 2886 4547 ἄλλως
2921 4479 2988 4555 ἦν
3024 4482 3384 4551 ὑπεξαγαγεῖν
3414 4481 3507 4539 καὶ
3539 4480 3849 4552 ἐλευθερῶ-

2266 4596 2354 4631 σαι
2387 4577 2512 4639 τοὺς
2540 4576 2705 4629 πάλαι
2738 4578 2850 4639 τοῖς
2887 4575 3104 4647 δαίμοσι
3156 4570 3585 4644 δεδου“ωμένους
3626 4572 3659 4644 ἢ
3705 4574 3851 4628 καθ-

2267 4668 2646 4733 υποτάξαντας
2664 4668 2927 4739 πρότερον
2955 4668 3049 4720 καὶ
3066 4667 3477 4738 καταδήσαντας
3494 4669 3622 4729 τοὺς
3639 4665 3846 4736 ἄρχον-

2264 4779 2363 4824 τας
2392 4761 2592 4825 αὐτῶν,
2644 4759 2866 4821 εἰκότως
2907 4757 3246 4813 ἐπιλέλεκται
3290 4757 3485 4812 ταῦτα.
3518 4758 3743 4827 Νοήσεις
3782 4757 3849 4811 δὲ

2265 4856 2359 4907 καὶ
2395 4854 2552 4907 τοῦτο
2587 4852 2694 4907 ἀπὸ
2735 4852 2834 4922 τῆς
2878 4851 3145 4922 σωτηρίου
3176 4851 3378 4922 φωνῆς,
3415 4850 3482 4903 δι’
3509 4844 3575 4922 ἦς
3600 4848 3845 4920 εἷρηται’

2265 4948 2397 5016 Πῶς
2414 4948 2663 5003 δύναταί
2681 4966 2769 5014 τις
2791 4946 3087 5001 εἰσελθεῖν
3107 4950 3191 5013 εἰς
3214 4947 3325 5014 τὴν
3337 4946 3530 5000 οὶκίαν
3553 4944 3655 4998 τοῦ
3673 4946 3850 5013 ισχυ-

594 5045 695 5096 nisi
724 5043 871 5112 prius
900 5041 1087 5113 fortem
1118 5042 1432 5111 alligaverit,
1467 5053 1521 5093 ut
1554 5050 1665 5093 tum
1699 5042 1909 5094 demum
1942 5040 2157 5093 domum

2262 5040 2368 5110 ροῦ
2390 5042 2485 5094 καὶ
2507 5042 2576 5095 τὰ
2590 5042 2780 5109 σκεύη
2807 5039 2992 5094 αὐτοῦ
3007 5039 3354 5109 διαρπάσαι,
3374 5038 3481 5092 ἐὰν
3495 5036 3580 5108 μὴ
3603 5034 3849 5107 πρῶτον

666 5217 711 5248 ⁸³
738 5217 913 5273 Colos.
948 5235 1030 5284 ιιι,
1058 5219 1112 5274 5.
1187 5219 1232 5250 ⁹⁰
1284 5218 1323 5273 ll
1349 5220 1473 5273 Cor.
1507 5235 1579 5284 Iv,
1609 5219 1697 5273 10.

666 5330 779 5403 (52)
808 5332 956 5407 Alius
988 5336 1153 5391 codex
1182 5377 1197 5399 ,
1243 5337 1417 5407 στόμα
1456 5338 1653 5391 αὐτῶν.
1695 5369 1761 5378 -
1801 5337 1964 5393 Vides
1993 5338 2157 5393 Euse-

600 5403 743 5456 liinm
774 5406 963 5478 stricto
990 5420 1147 5478 sensu
1170 5403 1498 5462 intellexisse
1525 5409 1664 5478 apud
1688 5410 1931 5478 Aquilam
1959 5408 2160 5478 στομά-

597 5489 705 5546 των
753 5486 817 5546 er
871 5471 1131 5546 Hebraico
1184 5485 1372 5539 mima
1440 5471 1826 5545 oris'duplic'is.
1875 5477 1989 5546 (Sic
2026 5471 2115 5532 aio
2145 5518 2160 5538 .

602 5543 725 5616 quia
746 5541 955 5616 Latine
988 5558 1089 5616 non
1118 5546 1345 5616 dicimus
1376 5550 1543 5602 arium
1580 5541 1663 5604 vel
1708 5565 1858 5603 orum
1884 5541 1993 5602 cas.
2035 5564 2158 5616 gen.

602 5611 763 5684 plur.)
802 5615 867 5665 At
900 5613 949 5665 in
986 5614 1290 5683 polyglottis
1320 5617 1492 5672 Lond.
1534 5620 1760 5672 acierum
1808 5632 1966 5671 sensu
1996 5611 2164 5673 m'eta-

606 5684 830 5749 phorico
854 5724 868 5749 ,
898 5697 1056 5752 quem
1087 5685 1439 5754 signiﬁcatum
1478 5690 1599 5745 inde
1629 5689 1968 5757 desumptum
1995 5688 2162 5745 Mont-

1788 5220 1831 5251 ”
1864 5219 1885 5273 Ι
1915 5220 2107 5275 Thess.
2144 5236 2216 5286 tv,
2250 5220 2339 5275 12.
2425 5221 2471 5252 "
2516 5220 2580 5275 Ill
2616 5221 2816 5290 Regni,
2846 5221 2932 5275 10.

3044 5221 3091 5253 ’³
3120 5219 3262 5277 Psal.
3296 5235 3379 5272 Lvt
3412 5259 3425 5281 ,
3464 5218 3517 5271 5.

2260 5338 2547 5395 fmmonius
2596 5340 2648 5393 in
2682 5338 2938 5408 Hexnplis
2975 5339 3221 5408 apposuit
3274 5336 3371 5404 ipsi
3415 5334 3639 5408 Aquilae.
3671 5334 3843 5403 Atqui

2259 5409 2524 5466 Eusebius
2563 5411 2662 5463 nisi
2707 5413 2770 5464 ad
2807 5406 3058 5465 strictum
3092 5408 3335 5464 vocabuli
3385 5406 3662 5473 originalis
3707 5421 3843 5459 sen-

2260 5496 2383 5535 sum
2432 5483 2791 5552 reSpexisset,
2840 5481 3091 5552 Aquilam
3137 5480 3206 5533 de
3248 5477 3526 5531 idiotismo
3568 5474 3841 5533 llebraico

2262 5565 2413 5606 reum
2441 5566 2544 5606 non
2579 5551 2796 5619 egisset.

2335 5621 2447 5692 ('53)
2479 5622 2563 5678 Al.
2596 5618 2739 5687 δυσ..
2770 5620 2877 5676 τῶν
2910 5618 3164 5675 τοιούτων
3196 5618 3457 5672 ἐναντίον.
