4068 6198
468 365 541 423 78
1144 358 1413 416 EUSEBII
1453 357 1937 415 CxESARlENSlS
1977 355 2125 411 OPP.
2170 353 2351 408 PARS
2389 352 2482 406 Ill.
2527 381 2594 393 —
2632 347 3046 404 EXEGETICA.
3655 347 3722 400 76

466 479 714 548 spiritum
741 486 979 546 prasens
1015 488 1192 530 sermo
1221 475 1285 530 ad
1329 475 1728 546 hymnologiam
1761 481 2035 544 provocat,

2158 470 2235 522 in!
2278 470 2376 540 τὴν
2429 466 2751 538 ύμνολογῖαν
2798 463 3076 525 ἀνακαλεῖ,
3118 461 3231 514 ἀλλ’
3275 461 3397 514 ἐπεὶ
3431 461 3507 532 μὴ
3534 461 3730 532 τρόπος

467 571 588 640 quia
612 578 790 622 tamen
823 584 928 624 non
958 583 1097 622 unus
1125 577 1210 622 est
1242 569 1484 622 omnium
1519 568 1710 622 modus
1735 582 1909 636 neque
1942 567 2050 618 ani-

467 655 539 710 nti
576 654 804 708 all‘ectns
833 694 848 717 ,
903 670 1006 708 non
1059 654 1179 708 sine
1229 652 1490 720 analogiae
1525 668 1716 706 norma
1759 651 2050 719 unicuique

467 744 718 798 idoneum
769 759 1032 814 organum
1092 745 1294 814 hymno
1364 742 1726 797 adhibendum
1779 740 2045 795 decernit.

473 836 716 904 Namque
742 836 817 890 illi
851 836 942 905 qui
977 851 1167 890 omnes
1193 836 1396 889 virtute
1425 833 1760 902 superaverit
1791 873 1805 898 ,
1844 833 1908 885 ad
1938 831 2050 884 latt-

469 930 588 983 dem
625 928 922 982 canendum
976 926 1119 982 tuba:
1155 925 1393 980 sonitum
1422 925 1696 986 attribuit,
1740 924 1864 994 quia
1895 922 2048 978 vide-

469 1012 599 1066 licet
630 1012 1118 1080 instrumentorum
1147 1008 1392 1067 omnium
1415 1008 1759 1062 vocalissima
1788 1016 1870 1060 est.
1897 1007 2046 1069 tuba,

471 1114 526 1156 et
557 1103 762 1170 majore
789 1098 1199 1170 lortiorequeyi
1223 1112 1361 1165 opus
1389 1107 1473 1153 est
1519 1098 1567 1152 ei
1598 1097 1687 1165 qui
1717 1096 1806 1148 illa
1846 1097 1921 1149 uti
1959 1112 2050 1150 ve-

477 1192 557 1248 lit.
595 1187 1088 1256 llujusmodierant
1115 1185 1252 1240 sacri
1289 1185 1517 1253 apostoli
1555 1183 1886 1246 Servatoris,
1921 1197 2050 1250 quo-

479 1297 598 1335 rum
630 1295 762 1335 sane
787 1280 838 1333 in
866 1281 1177 1334 universam
1213 1286 1414 1332 terram
1442 1291 1610 1330 sonus
1650 1276 1842 1342 exivit,
1887 1285 2051 1344 atque

473 1373 538 1426 ad
567 1370 750 1425 mundi
780 1370 1048 1424 terminos
1090 1367 1254 1442 verba
1294 1368 1531 1437 ipsorum
1564 1369 1629 1430 ³⁷,
1666 1368 1790 1420 dum
1819 1368 2050 1422 vocalis-

473 1465 666 1516 situant
721 1461 995 1529 Evangelii
1051 1459 1488 1529 pra‘dicationem
1544 1458 1820 1520 lacerent,
1863 1459 1936 1512 ita
1993 1469 2052 1512 nt

471 1568 631 1608 aures
659 1553 937 1607 hominum
973 1567 1104 1606 voce
1137 1551 1349 1605 illorum
1387 1549 1745 1619 replerentur.
1781 1549 1886 1605 Sed
1928 1565 2048 1605 cum

473 1660 578 1700 non
610 1658 798 1697 omnes
842 1641 1060 1696 valeant
1092 1641 1232 1696 tubze
1268 1656 1397 1696 voce
1425 1681 1440 1705 ,
1489 1655 1642 1711 :eque
1674 1658 1736 1695 ac
1778 1643 2003 1710 apostoli
2033 1683 2046 1707 ,

476 1735 642 1789 Deum
695 1732 958 1796 laudare,
1018 1731 1402 1786 condescendit
1455 1747 1635 1785 srrmo
1701 1731 2046 1798 Psahnistze,

2151 559 2230 624 εἷς
2252 561 2360 613 τῶν
2395 561 2632 620 πάντων,
2669 556 2800 627 μηδὲ
2831 553 2981 626 [μία]
3008 552 3266 616 διάθεσις,
3299 555 3416 607 κατ’
3442 553 3732 620 ἀναλογίαν

2152 655 2364 723 ἑκάστῳ
2404 650 2632 722 ὄργανόν
2661 666 2712 700 τι
2747 650 2879 719 πρὸς
2923 646 3014 699 τὸν
3060 645 3227 716 ὓμνον
3262 647 3564 717 ἐπιτήδειον
3603 645 3735 713 ἀφο-

2155 745 2308 816 ρίζει·
2350 745 2378 796 ὁ
2414 744 2511 814 μὲν
2541 742 2649 813 γάρ
2677 758 2760 804 τις
2794 737 3223 809 ἐπαναϐεϐηκὼς
3256 741 3322 809 τῇ
3351 739 3516 809 ἀρετῇ
3548 735 3733 808 κρειτ-

2151 837 2316 898 τόνως
2362 835 2502 905 ὑπὲρ
2535 833 2765 895 πάντας,
2815 832 2907 885 τὸν
2951 827 3100 884 αἶνον
3150 830 3472 884 ἀποδίδωσιν
3517 831 3574 883 ὲν
3618 830 3736 904 ἤχῳ

2153 928 2468 995 σάλπιγγος,
2504 925 2690 994 ἐπειδὴ
2730 924 2947 978 πάντων
2972 923 3217 995 ὀργάνων
3253 921 3736 993 μεγαλοφωνοτέρα

2152 1021 2184 1090 ἡ
2217 1017 2467 1086 σάλπιγξ,
2502 1018 2594 1070 καὶ
2628 1016 2870 1085 μείζονος
2902 1015 2996 1068 καὶ
3027 1014 3420 1085 κραταιοτέρας
3453 1013 3735 1083 δυνάμεως

2151 1109 2231 1160 δεῖ
2257 1110 2368 1170 τοῖς
2412 1107 2546 1177 αὐτῇ
2586 1106 2909 1176 χρωμένοιςο
2944 1104 3171 1157 τοιοῦτοι
3205 1099 3346 1175 ἦσαν
3373 1105 3424 1156 οἱ
3468 1106 3603 1175 ἱεροὶ
3639 1103 3738 1157 τοῦ

2094 1229 2099 1238 ι
2153 1199 2402 1270 Σωτῆρος
2435 1197 2742 1260 ἀπόστολοι,
2790 1190 2865 1248 ὧν
2898 1197 2962 1268 δὴ
3002 1198 3081 1258 εἰς
3114 1197 3291 1248 πᾶσαν
3325 1193 3422 1265 τὴν
3450 1195 3553 1264 γῆν
3591 1193 3740 1264 ἐξῆλ-

2153 1288 2243 1342 θεν
2271 1291 2299 1342 ὁ
2323 1288 2578 1357 φθόγγος,
2603 1288 2697 1341 καὶ
2736 1288 2814 1350 εἰς
2840 1286 2906 1340 τὰ
2941 1287 3153 1357 πέρατα
3179 1287 3277 1356 τῆς
3314 1285 3634 1354 οἰκουμένης
3669 1283 3740 1336 τὰ

2155 1385 2374 1454 ῥήματα
2407 1382 2604 1448 αὐτῶν,
2635 1381 2712 1452 τῷ
2745 1381 3112 1452 μεγαλοφώνῳ
3139 1381 3233 1433 τοῦ
3267 1379 3619 1448 εὐαγγελικοῦ
3647 1396 3739 1448 κη-

2156 1473 2256 1543 9'3?
2263 1490 2428 1543 ματος
2461 1471 2820 1544 χρησαμένων
2943 1471 3244 1542 ἀνθρώπων
3262 1469 3616 1543 πληρωθῆναι
3640 1470 3740 1538 τῆς

2154 1567 2335 1637 φωνῆς
2370 1566 2566 1620 αὐτῶν.
2607 1565 2823 1636 Ἐπειδὴ
2874 1565 2948 1635 μὴ
2981 1564 3183 1626 πάντες
3210 1558 3310 1616 οἷοί
3357 1562 3417 1615 τέ
3450 1565 3555 1614 εἱσι
3601 1561 3741 1614 κατά

2151 1661 2277 1722 τοὺς
2300 1658 2632 1721 ἀποστόλους
2668 1659 2726 1710 ὲν
2754 1660 2904 1727 φωνῇ
2939 1657 3236 1724 σάλπιγγος
3267 1657 3456 1727 ὑμνεῖν
3481 1653 3571 1706 τὸν
3588 1652 3740 1714 Θεὸν,

2155 1748 2577 1817 συγκαταδαίνει
2618 1747 2646 1798 ό
2690 1746 2847 1815 λόγος
2897 1747 2991 1799 καὶ
3055 1743 3490 1817 παρακελεύεται
3541 1742 3742 1813 ἑτέροις

474 1825 802 1892 mandatque
840 1822 963 1876 aliis
1000 1822 1214 1888 quidem
1263 1823 1337 1875 uti
1379 1822 1636 1891 psalterio
1672 1833 1763 1875 aut
1800 1823 2009 1876 cithara
2033 1865 2048 1889 ,

2159 1813 2258 1910 με,
2288 1837 2596 1909 ψαλτηριῳ,
2632 1813 2842 1908 ἑτέροις
2878 1813 3202 1906 δὲ-κιοάρᾳ,
3247 1835 3340 1888 και
3483 1831 3742 1894 ᾶλλοιςὲν

475 1911 597 1970 aliis
626 1923 880 1983 tympano
907 1951 922 1976 ,
951 1911 1072 1965 aliis
1111 1899 1228 1992 ipso
1259 1925 1424 1980 opere
1461 1921 1513 1967 et
1539 1915 1782 1982 corporis
1815 1913 2048 1981 actibus,

475 2012 778 2082 animmque
831 2008 1128 2078 composito
1183 2014 1237 2059 et
1298 2005 1614 2060 harmonico
1680 2017 1826 2059 motu
1885 2009 2051 2062 Deum

476 2103 772 2158 laudare...
799 2102 1002 2170 Spiritu
1035 2086 1442 2152 inhabitants...
1464 2112 1585 2152 cum
1612 2098 1810 2151 dixerit
1840 2117 1851 2151 :
1878 2097 2055 2152 Oraba

477 2194 689 2262 spiritu,
728 2193 889 2245 orabo
926 2201 972 2245 et
1001 2200 1166 2244 mente
1191 2189 1258 2240 ".
1291 2187 1408 2242 Jam
1432 2204 1552 2242 cum
1582 2189 1682 2241 tria
1727 2188 1835 2241 sint
1871 2189 1922 2242 in
1962 2205 2054 2241 no-

478 2285 632 2339 bis...
663 2296 865 2338 sermo.

673 2460 845 2518 Vens.
875 2461 1196 2519 L-Laudate
1223 2461 1386 2515 Deum
1411 2460 1464 2513 in
1489 2459 1685 2513 sanctis
1718 2459 1852 2527 ejus.

553 2554 746 2622 Aquila
808 2553 1026 2622 quidem
1069 2552 1125 2604 in
1173 2548 1502 2616 sanctiﬁcata
1533 2547 1647 2616 ejus
1683 2546 1851 2609 dicit;
1899 2545 2058 2615 Sym-

480 2645 708 2703 machus
750 2653 928 2698 autem
960 2643 1013 2695 in
1054 2649 1233 2702 sancto
1278 2637 1411 2708 ejus.
1451 2625 1694 2690 L'audate
1732 2651 1849 2689 eum
1880 2635 1934 2688 in
1963 2634 2061 2702 ﬁr-

483 2747 746 2792 mamento
832 2731 1039 2787 virtutis
1093 2730 1227 2799 ejus.
1305 2728 1731 2783 Firmamentum
1797 2728 2057 2782 (telorum

486 2841 594 2880 non
642 2824 815 2890 dicit,
851 2836 1024 2892 neque
1055 2816 1286 2890 alicujus
1316 2818 1414 2873 loci
1444 2833 1607 2886 supra
1657 2819 1755 2872 hos
1789 2817 2058 2871 altissimi.

483 2915 639 2969 Alius
687 2907 771 2968 est
818 2919 1040 2967 sanctus
1071 2909 1208 2973 Dei,
1246 2922 1406 2977 quem
1441 2909 1920 2976 perhorrescentes
1953 2908 2064 2961 όωο

485 2994 675 3060 mones
697 3004 915 3059 aiebant
942 3019 956 3056 :
987 3001 1192 3058 Scimus
1221 3011 1268 3054 te
1295 3001 1412 3068 quis
1435 3002 1506 3054 sis
1535 3009 1748 3054 sanctus
1777 2999 1873 3052 Dei
1893 3001 1971 3063 9’;
1996 3000 2060 3054 ad

484 3109 645 3163 quem
675 3091 764 3161 qui
799 3090 1184 3161 pervenerint,
1231 3103 1528 3158 congruum
1562 3081 1800 3158 perfecte
1844 3088 2064 3158 religio-

484 3185 564 3239 sis
603 3185 864 3255 hymnum
893 3181 1146 3236 attollere
1186 3190 1457 3251 poterunt.
1497 3179 1633 3246 Quid
1654 3180 1798 3234 enim
1830 3181 2061 3245 beatius,

486 3289 648 3343 quam
685 3273 732 3328 ei
756 3289 874 3328 esse
902 3271 1238 3342 copulatum,
1276 3278 1330 3324 et
1364 3284 1462 3339 per
1485 3269 1633 3323 illum
1665 3267 1810 3322 Patri
1836 3269 1858 3322 ?
1889 3269 2064 3335 Quan-

485 3379 646 3431 quam
675 3371 924 3432 oportet,
952 3377 1050 3416 nos
1091 3361 1157 3415 ad
1187 3361 1476 3430 prophetas
1518 3374 1734 3429 quoque
1767 3369 1820 3414 et
1846 3371 2062 3429 aposto-

489 3454 568 3509 los
620 3465 997 3525 martyresque
1043 3453 1393 3522 respicientes
1420 3491 1435 3515 ,
1492 3451 1712 3506 laudare
1749 3453 2062 3506 eorumdem

490 3542 655 3597 Deum
683 3581 698 3606 ,
746 3542 837 3612 qui
884 3541 1045 3596 talem
1095 3541 1405 3596 hominibus
1445 3541 1788 3611 egregiorum
1824 3541 2060 3594 virorum

489 3635 703 3703 copiam
741 3634 1032 3688 concessit.

579 3722 745 3777 Vsus.
768 3723 824 3778 2.
862 3721 1101 3778 Laudate
1128 3738 1245 3775 cum
1275 3722 1558 3775 secundum
1595 3722 1979 3774 multitudinem

763 3811 767 3814 ·
1005 3791 1382 3859 magnitudinis
1408 3791 1545 3858 ejus.

562 3881 912 3950 Unaquaeque
956 3881 1103 3934 enim
1139 3879 1258 3948 ejus
1290 3880 1492 3934 creatio
1519 3879 1804 3948 plurimam
1837 3882 2065 3950 hymno-

489 3972 688 4041 logiam
715 3971 946 4041 requirit
978 3992 990 4026 :
1031 3973 1418 4042 magnitudinis
1447 3974 1596 4028 enim
1627 3973 1745 4042 ejus
1782 3972 1961 4025 nullus
1984 3982 2065 4026 est

491 4063 759 4118 terminus
791 4065 830 4117 ¹.
861 4062 1031 4118 Porro
1063 4063 1209 4118 haud
1252 4063 1483 4130 suadet,
1527 4074 1583 4117 ut
1611 4077 1792 4133 parem
1823 4064 1940 4133 ejus
1977 4065 2060 4119 di-

491 4155 682 4223 gnitati
737 4154 996 4225 hymnum
1028 4154 1270 4209 dicamus
1298 4197 1313 4221 ,
1365 4155 1508 4225 quod
1539 4155 1656 4209 ﬁeri
1701 4156 1887 4224 nequit
1916 4170 1932 4219 ;
1967 4155 2060 4209 sed

493 4244 724 4313 postulat
751 4255 806 4297 ut
839 4258 937 4313 pro
965 4245 1191 4308 viribus,
1211 4246 1597 4314 tuagnitudiuis
1625 4244 1741 4314 ejus
1770 4245 2066 4298 multitudi-

494 4351 614 4388 nem
650 4343 994 4405 reputantes,
1030 4334 1080 4387 id
1107 4350 1351 4402 agamus.

494 4467 2908 4495 “mm

2154 1928 2457 2000 τυμπάνοις
2619 1930 2731 1990 τοῖς
2778 1927 2876 1997 μὲν
2911 1927 2975 1978 δι’
3004 1925 3180 1997 ἔργων
3202 1963 3216 1986 ,
3249 1923 3344 1976 καὶ
3389 1921 3478 1975 διὰ
3512 1921 3619 1973 τῶν
3646 1915 3743 1974 τοῦ

2158 2020 2408 2092 σώματος
2435 2019 2704 2089 πράξεων,
2737 2021 2849 2082 τοῖς
2895 2018 2952 2070 δὲ
2988 2017 3053 2069 δι’
3087 2016 3257 2086 αὐτῆς
3302 2014 3480 2085 ψυχῆς
3603 2011 3746 2082 κινή-

2159 2129 2296 2175 σεως
2324 2110 2616 2184 εὐρύθμως
2667 2109 2761 2163 καὶ
2791 2109 3127 2179 ἐναρμονίοις
3288 2105 3380 2157 τοῦ
3425 2102 3739 2172 Πνεύματος

2157 2199 2249 2251 τοῦ
2283 2197 2665 2260 κατοικοῦντος
2805 2199 2891 2248 ἐπ’
2941 2199 3007 2248 ἂν
3045 2196 3200 2267 λέγῃ·
3240 2192 3611 2265 Προσεύξομαι
3665 2190 3746 2258 τῷ

2159 2280 2452 2355 πνεύματι,
2475 2285 2840 2355 προσεύξομαι
2865 2284 2921 2337 δὲ
2946 2284 3041 2336 καὶ
3078 2283 3156 2352 τῷ
3180 2285 3280 2335 νοῒ·
3304 2281 3470 2352 τριῶν
3494 2281 3546 2333 δὲ
3576 2281 3744 2333 ὅντων

2158 2373 2264 2427 τῶν
2296 2376 2350 2426 ὲν
2375 2376 2508 2445 ἡμῖν
2635 2390 2671 2443 η
2703 2374 2730 2425 ὁ
2756 2372 2928 2441 λόγος.

2392 2463 2622 2517 Αἰνεῖτε
2659 2464 2808 2516 Θεὸν
2834 2463 2904 2515 ἐν
2927 2461 3048 2526 τοῖς·
3073 2462 3262 2530 ἁγίοις
3295 2460 3501 2513 αὐτοῦ.

2243 2555 2299 2608 Ὀ
2331 2555 2430 2626 μέν
2455 2572 2536 2608 τοι
2579 2553 2810 2618 Ἀκύλας
2847 2555 2916 2607 ἐν
2941 2552 3287 2624 ἡγιασμένῳ
3312 2551 3499 2604 αὑτοῦ
3533 2565 3684 2619 φησιο
3719 2552 3748 2602 ὁ

2159 2647 2216 2699 δὲ
2249 2647 2562 2716 Σύμμαχος.
2603 2646 2673 2698 ἐν
2701 2645 2781 2709 τῷ
2809 2645 2954 2714 ἁγίῳ
2979 2644 3185 2699 αὑτοῦ.
3214 2642 3441 2696 Αἰνεῖτε
3470 2640 3658 2694 αὐτὸν
3679 2640 3750 2692 ἐν

2162 2735 2519 2804 στερεώματι
2545 2734 2853 2804 δυνάμεως
2875 2734 3081 2786 αὑτοῦ.
3109 2732 3219 2784 Καὶ
3252 2732 3324 2802 μή
3359 2747 3487 2783 ποτε
3519 2728 3624 2782 τῶν
3653 2728 3748 2782 οὐ·-

2168 2825 2342 2896 ρανῶν
2395 2826 2488 2878 καὶ
2519 2825 2624 2878 τῶν
2657 2825 2798 2891 ὑπὲρ
2831 2823 3050 2886 τούτους
3090 2823 3350 2893 ύψὶστωνο
3381 2821 3564 2892 ἕτερός
3602 2821 3748 2873 ἐστιν

2167 2917 2321 2984 ἅγιος
2348 2915 2442 2969 τοῦ
2475 2914 2633 2978 Θεοῦ,
2661 2916 2720 2967 ὃν
2749 2914 3189 2982 καταπλαγέντες
3233 2913 3326 2964 καὶ
3356 2911 3604 2981 δαίμονες
3636 2909 3749 2961 ἐλε-

2166 3023 2278 3074 γον·
2308 3003 2566 3074 Οἵδαμέν
2602 3019 2676 3057 σε
2709 3005 2802 3068 τίς
2832 3005 2887 3056 ετ
2923 3007 2953 3056 ό
2979 3003 3147 3073 ἅγιος
3177 3001 3286 3056 τοῦ
3325 3002 3491 3058 Θεοῦο
3526 3002 3582 3053 ὲν
3622 2993 3664 3066 ᾧ
3698 3000 3748 3051 οἱ

2092 3135 2133 3189 C
2168 3097 2464 3168 γενόμενοι,
2509 3096 2600 3148 τὸν
2647 3096 2924 3164 πρέποντα
2965 3098 3075 3157 τοῖς
3107 3094 3290 3165 ἄκρως
3318 3089 3747 3164 τετελειωμένοις

2168 3189 2334 3260 ὒμνον
2367 3187 2683 3258 ἀναπέμψαι
2726 3188 3062 3257 δυνήσονται.
3109 3186 3173 3237 Τί
3201 3185 3309 3256 γὰρ
3338 3181 3748 3255 μακαριώτερον

2167 3279 2457 3342 ὲνωθέντος
2483 3278 2651 3347 αύτῷ,
2684 3279 2777 3330 καὶ
2807 3278 2873 3330 δι’
2897 3277 3065 3330 αὑτοῦ
3091 3275 3168 3345 τῷ
3195 3275 3368 3346 Πατρί
3382 3291 3396 3339 ;
3432 3273 3552 3344 Χρὴ
3576 3271 3633 3326 δὲ
3657 3270 3752 3326 καὶ

2167 3373 2246 3434 εἰς
2289 3371 2413 3433 τοὺς
2470 3371 2752 3440 προφήτας
2802 3368 2895 3421 καὶ
2945 3367 3277 3428 ἀποστόλους
3319 3365 3413 3418 καὶ
3469 3364 3753 3434 μάρτυρας

2166 3461 2506 3531 ἀφορῶντας,
2536 3462 2793 3529 ἀνυμνείν
2839 3458 3020 3511 αὐτῶν
3063 3457 3154 3510 τὸν
3189 3456 3341 3518 Θεὸν,
3379 3456 3470 3507 τὸν
3497 3452 3753 3526 τοιαύτην

2168 3550 2475 3621 ἀνθρώποις
2503 3549 2720 3618 ἀγαθῶν
2751 3549 2958 3620 ἀνδρῶν
2989 3547 3159 3619 φορὰν
3192 3547 3572 3618 χαρισάμενον.

2172 3725 2398 3780 Ali-sire
2433 3726 2617 3779 αὑτὸν
2641 3726 2790 3780 κατὰ
2817 3725 2880 3778 τὸ
2913 3725 3147 3812 πλῆθος
3181 3724 3291 3793 τῆς
3309 3727 3751 3794 μεγαλωσύνης

2815 3813 2832 3820 ³
2859 3813 3066 3849 ουτοι).

2245 3888 2513 3939 ’Ἑκαστον
2545 3886 2650 3958 γάρ
2684 3887 2848 3940 αὐτοῦ
2877 3885 3262 3958 δημιούργημα
3300 3885 3469 3937 δεῖται
3496 3884 3753 3952 πλείστης

2173 3978 2512 4049 ὑμνολογιας·
2561 3978 2660 4048 τῆς
2707 3979 2817 4049 γὰρ
2861 3977 3250 4049 μεγαλωσύνης
3299 3977 3459 4030 αὑτοῦ
3507 3977 3606 4029 οὐκ
3636 3975 3754 4028 ἐστι

2170 4070 2360 4139 πέρας·
2396 4069 2454 4122 οὐ
2489 4068 2634 4138 λέγει
2680 4070 2735 4122 δὲ
2779 4069 3105 4141 ἀντίρροπον
3133 4069 3314 4131 αὐτοῖς
3347 4067 3628 4120 ἀποδοῦναι
3661 4067 3756 4120 τὸν

2167 4159 2359 4230 ὕμνον·
2395 4159 2654 4213 ἀδύνατον
2685 4160 2810 4230 γάρ’
2840 4160 2974 4213 ἀλλά
2998 4160 3059 4211 τὸ
3085 4158 3225 4212 κατά
3261 4158 3487 4228 δύναμιν
3514 4159 3751 4221 ἀπαιτεῖ,

2173 4248 2486 4311 ἐννοοῦντας
2513 4249 2576 4301 τὸ
2607 4249 2806 4318 πλῆθος
2847 4250 2946 4320 τῆς
2974 4248 3361 4319 μεγαλωσύνης
3387 4248 3571 4302 αὑτοῦ.

2909 4469 3755 4499 ,πει-τετε,

982 4640 1461 4729 EUSEBII
1545 4639 2258 4728 FRAGMENTA
2341 4640 2459 4725 IN
2539 4635 3275 4730 PROVERBIA.

1569 4807 1702 4870 (MM,
1729 4805 2019 4856 Bibliotheca
2040 4819 2160 4855 nova
2191 4807 2413 4865 Patrum,
2439 4805 2519 4864 IV,
2550 4806 2680 4868 516.)
2749 4863 2752 4866 ξ

565 5115 618 5167 7.
663 5087 996 5183 Ἰηιριεοηιιιε
1071 5117 1485 5164 domosnostras
1542 5109 1747 5184 spoliis.
1830 5110 2064 5164 Eusebii.
2103 5117 2147 5172 ο

498 5202 744 5270 Spoliant
803 5203 1066 5275 daemonia
1115 5201 1236 5254 illos
1278 5215 1412 5270 quos
1476 5198 1704 5254 vicerint
1754 5217 1766 5250 ε
1816 5200 2073 5252 auferunt

497 5291 706 5347 scilicet
749 5292 813 5345 ab
844 5294 975 5361 ipsis
1012 5292 1106 5368 Dei
1142 5299 1498 5356 armaturam,
1536 5289 1697 5344 idest
1740 5289 1968 5359 galeam,
2002 5289 2072 5340 lo-

567 5404 612 5435 "
639 5401 780 5456 l‘sal.
813 5417 967 5465 xvnt,
1007 5403 1062 5457 5.
1139 5403 1227 5455 "l
1261 5401 1386 5455 Cor.
1421 5417 1534 5464 xlv,
1583 5400 1670 5455 15.

496 5498 748 5552 tinniens.
786 5515 805 5547 ι
839 5494 1260 5615 Ηψηηὶγᾳηοηιιε
1289 5495 1664 5565 pronuntiandi
1699 5507 1839 5560 sunt,
1875 5494 1939 5547 de
1961 5495 2077 5562 qui-

497 5567 593 5615 bus
635 5570 830 5615 dictum
863 5575 938 5615 est
970 5578 987 5615 :
1023 5597 1040 5615 ι
1079 5571 1278 5615 urratio
1320 5566 1550 5615 hominis
1585 5565 1838 5615 reliaiOsi.
1874 5579 2076 5615 semper

497 5567 593 5621 bus
635 5570 830 5618 dictum
863 5575 938 5617 est
970 5578 987 5615 :
1023 5565 1278 5618 Narratio
1320 5566 1550 5618 hominis
1579 5565 1838 5633 religiosi,
1874 5579 2076 5630 semper

499 5639 746 5716 sapiens;
773 5654 790 5684 ι
829 5633 902 5688 0s
924 5633 1059 5703 justi
1101 5635 1440 5716 "aequabitur
1471 5632 1780 5716 sapientium
1809 5673 1822 5692 ,
1846 5643 1966 5716 ,δἐι
1994 5648 2074 5684 re-

496 5701 663 5774 lujua.
700 5705 817 5762 Hoc
839 5701 936 5769 est,
969 5715 1154 5769 mente,
1173 5705 1374 5772 lingua,
1393 5714 1439 5756 ct
1471 5719 1557 5756 ore
1586 5701 1750 5757 Deum
1779 5702 2062 5756 celebrare.

1747 5399 1792 5429 "
1823 5399 1988 5452 Mare.
2019 5415 2056 5462 ι,
2098 5399 2200 5462 2i;
2240 5400 2376 5456 Luc.
2408 5417 2485 5465 tv,
2514 5401 2604 5458 5L

2247 5111 2308 5174 ζ’.
2361 5109 2697 5178 Πλήσωμεν
2743 5108 2810 5160 δὲ
2847 5110 3054 5174 οἴκους
3113 5108 3436 5177 ἡμετέρους
3480 5109 3740 5171 ,σκύλων

2179 5199 2457 5252 Εὑσεϐίου.
2495 5199 2850 5251 Σκυλεύουσιν
2876 5198 2969 5262 οὓς
2998 5199 3220 5252 νικῶσιν
3246 5201 3292 5251 οἱ
3316 5199 3587 5268 δαίμονες,
3615 5200 3750 5269 λαμ·

2180 5290 2432 5351 δάνοντες
2472 5291 2564 5342 ἀπ’
2602 5290 2777 5342 αὐτῶν
2808 5291 2908 5362 τὴν
2938 5293 3030 5344 τοῦ
3059 5292 3191 5344 Θεοῦ
3227 5289 3545 5355 πανοπλίαν,
3592 5291 3751 5360 {noui

2695 5404 2708 5433 ³
2740 5402 2888 5456 Psal.
2917 5419 3096 5468 cxuv,
3123 5403 3176 5456 3.

2183 5493 2321 5548 Bene
2350 5511 2476 5566 vero
2500 5512 2696 5551 sonans
2726 5497 3024 5566 cymbalum
3067 5497 3192 5549 dicit
3222 5494 3515 5550 Psalmisla
3544 5510 3759 5550 suavem

2179 5564 2605 5635 modulutamque
2627 5564 2820 5631 vocem,
2847 5581 2973 5635 quae
2994 5582 3097 5618 rem
3133 5567 3274 5618 clare
3305 5566 3563 5634 exprimit,
3600 5581 3758 5632 quam

2178 5633 2336 5686 etiam
2391 5633 2724 5701 iubilationis
2771 5633 3065 5705 cymbalum
3122 5636 3400 5705 appellarit
3501 5636 3760 5691 rirtoriali

2173 5705 2366 5763 [nmmo
2405 5705 2672 5760 idoneum.
