4068 6198
456 250 529 307 Π
1258 300 1261 301 ν
1394 248 1912 305 COMMENTARIA
1953 252 2017 306 IN

2130 256 2316 313 MAM.
2360 290 2425 299 -—
2466 257 2860 314 l’ileFATlO.
3673 268 3741 318 78

470 374 671 431 rinam.
701 380 754 426 ct
794 370 1037 439 gladium
1079 371 1321 440 spiritus.
1383 371 1518 426 Sunt
1550 382 1732 427 autem
1766 376 2027 429 daemonio

2130 380 2258 451 ,τὴν
2317 382 2742 452 περικεςραλαίαν
2775 384 2872 437 καὶ
2926 382 3149 453 Θώρακα
3205 384 3297 435 καὶ
3341 384 3436 453 τὴν
3472 384 3742 456 μάχαιραν

475 477 596 514 rum
623 459 833 524 domus,
869 459 1239 516 maleﬁcorum
1270 461 1547 516 hominum
1582 466 2027 534 congregationes

2158 472 2249 525 τοῦ
2299 474 2632 542 πνεύματος·
2689 470 2823 527 οἶκοι
2873 474 2927 526 δὲ
2968 474 3146 527 αὐτῶν
3184 476 3239 528 al
3266 474 3372 526 τῶν
3422 477 3740 547 κακούργων

474 568 609 621 quas
648 553 815 607 etiam
873 554 1102 623 implere
1160 552 1361 607 vellent
1404 554 1632 622 spoliis,
1679 555 1730 608 id
1771 566 1857 610 est
1902 558 2023 612 boni

2158 566 2464 636 ἐκκλησίαι,
2502 566 2565 629 ἃς
2596 568 2687 619 καὶ
2718 567 2991 637 ἐμπλῆσαι
3018 566 3311 636 βούλωνται
3348 565 3578 632 σκύλων,
3623 569 3738 638 ἦτοι

472 643 772 713 quajtstis
801 645 1068 714 eripiunt.
1109 644 1271 713 Atqui
1308 644 1580 713 quomodo
1611 645 1783 713 spolia
1815 647 2024 715 appella

2158 659 2386 729 καρπῶν
2431 653 2505 711 ὧν
2535 661 2597 711 ἐκ
2628 660 2733 711 τῶν
2761 659 2982 711 δικαίων
3012 659 3348 730 ἁρπάζουσι·
3398 658 3515 722 πῶς
3561 659 3617 712 δὲ
3648 661 3739 712 καὶ

472 752 550 799 ea,
579 750 696 802 qua:
733 736 885 788 haud
913 735 1036 789 belli
1063 735 1191 805 jure
1222 734 1436 804 cepisti,
1479 735 1572 789 sed
1615 735 1727 791 sola
1768 736 2055 806 iniquitate

468 825 603 879 male
640 826 746 880 tibi
780 834 935 895 parta
966 825 1131 879 sunt?

531 914 584 969 8.
610 915 679 969 Et
706 928 953 988 torquem
978 933 1196 970 aureum
1230 916 1367 968 circa
1395 915 1586 968 collum
1611 926 1778 971 tuum.
1811 917 2049 971 Eusebii.

461 1003 633 1060 Sicuti
669 1021 839 1075 caput
865 1018 921 1060 et
960 1007 1158 1061 coilum
1192 1007 1447 1060 denotant
1476 1017 1733 1073 mentem,
1776 1009 1846 1061 ita
1883 1008 2048 1061 etiam

456 1099 673 1167 torquis
708 1110 768 1153 et
811 1114 1014 1154 corona
1051 1098 1352 1153 scientiam.

2159 748 2329 802 σκῦλα
2361 750 2781 819 προσαγορεύεις
2808 749 2875 802 τὰ
2907 749 2980 820 μὴ
3012 749 3246 820 πολέμου
3274 750 3421 820 νόμῳ
3445 750 3737 820 ληφθέντα,

2156 842 2269 895 ἀλλ’
2287 844 2347 895 ἐκ
2373 841 2585 911 γυμνῆς
2605 841 2704 910 τῆς
2733 842 2944 904 ἀδικίας
2971 840 3154 903 κακῶς
3190 858 3269 892 σοι
3306 841 3735 911 περιγενόμενας

2227 940 2294 1005 η’.
2327 934 2439 987 Καὶ
2470 932 2679 986 κλοιὸν
2715 934 2978 1001 χρύσεον
3006 932 3136 999 περὶ
3177 930 3255 995 τῷ
3293 931 3594 999 τραχήλῳ.
3630 932 3737 984 Εὐ-

2156 1028 2358 1081 σεὸίου,
2397 1027 2607 1095 Ὥσπερ
2644 1025 2699 1077 δὲ
2726 1024 2935 1094 κεφαλὴ
2963 1024 3056 1076 καὶ
3088 1022 3356 1094 τράχηλος
3378 1022 3465 1075 τὸν
3492 1022 3615 1075 νοῦν
3638 1022 3737 1093 δη·-

2156 1117 2353 1179 λοῦσιν,
2388 1116 2530 1171 οὕτω
2554 1117 2645 1169 καὶ
2666 1116 2840 1178 κλοιὸς
2869 1117 2963 1168 καὶ
2992 1114 3253 1183 στέφανος
3282 1114 3380 1183 τὴν
3408 1112 3628 1181 γνῶσιν.

470 1236 3591 1279 ω

1551 1410 2643 1581 ΕΥΣΕΒΙΟΥ

1646 1682 1873 1767 ΤΟΥ
1948 1678 2547 1768 ΠΑΜΦΙΛΟΥ

728 1873 1950 2009 ΥΠΟΜΝΗΜΑΤΑ
2022 1880 2282 2003 ΕΙΣ
2360 1876 2706 2051 TON
2786 1875 3452 2006 ΗΣΑΙΑΝ.

1207 2262 1966 2419 EUSEBII
2060 2261 2987 2416 PAMPHILI

1054 2552 2107 2667 COMMENTARIA
2199 2553 2345 2664 IN
2426 2552 3101 2664 HESAIAM.

1499 2772 1866 2834 (Mommsens,
1896 2768 2121 2821 Collectio
2145 2782 2265 2818 nova
2295 2772 2517 2823 Patrum.
2544 2778 2577 2819 t.
2611 2772 2691 2833 ll.)

1746 3072 2428 3167 ΡΒᾹΞΓΑΤΙΟ.

525 3269 640 3324 Non
676 3268 727 3323 in
754 3270 937 3322 animo
968 3276 1109 3331 erat,
1142 3281 1261 3321 cum
1305 3269 1371 3321 ab
1416 3266 1567 3320 initio
1594 3267 1738 3320 banc
1775 3265 2039 3336 συλλογὴν
2070 3273 2112 3327 Β
2142 3264 2337 3319 decimi
2371 3265 2577 3327 smculi,
2614 3264 2703 3317 ubi
2733 3264 3118 3333 Expositionvs
3138 3263 3359 3319 Eusebii
3386 3274 3439 3320 et
3471 3267 3719 3331 aliorum.
3816 3336 3823 3341 υ

439 3375 675 3431 operum
726 3360 939 3431 publico
968 3358 1369 3413 destinabamus
1398 3357 1538 3422 usui,
1577 3357 1788 3412 Eusebii
1836 3359 1886 3410 iu
1932 3355 2036 3410 llc-
2144 3371 2247 3409 non
2283 3356 2528 3424 excerpti
2563 3365 2615 3407 et
2637 3356 2942 3423 compendii
2970 3372 3139 3421 more,
3183 3359 3274 3412 sed
3319 3358 3452 3423 fuse,
3484 3372 3641 3430 prout
3668 3363 3720 3417 iu

444 3453 622 3505 saiam
674 3452 749 3521 (i)
792 3449 1210 3506 Commentariis
1259 3464 1474 3503 manum
1520 3449 1806 3502 admovere
1858 3465 1871 3500 :
1915 3462 2037 3500 nam
2142 3446 2274 3516 ipsis
2324 3446 2636 3500 auctoribus
2672 3446 2990 3525 exstabant,
3032 3458 3400 3514 assumuntur,
3438 3451 3723 3507 Commen-

449 3556 572 3593 cum
601 3541 769 3595 codex
798 3539 857 3593 S.
887 3538 1110 3593 Taurini
1159 3537 1505 3592 Ebroicensis
1546 3537 1818 3592 sexdecim
1862 3536 2035 3588 solum
2141 3538 2309 3589 tarios
2341 3550 2369 3588 a
2406 3535 2662 3589 vicesimo
2706 3543 2903 3588 octavo
2934 3537 3108 3603 capite
3152 3539 3213 3590 ad
3248 3541 3721 3607 quadragesimum

446 3632 663 3686 llcsaitn
710 3633 893 3700 capita
943 3646 1067 3686 cum
1116 3630 1525 3685 commentariis
1556 3628 2038 3690 circumferat;ut
2137 3628 2371 3697 primum
2415 3627 2645 3681 mutuati
2692 3641 2902 3679 sumus.
2952 3625 3182 3695 Reliqua
3232 3643 3362 3681 vero
3404 3644 3467 3682 ex
3505 3631 3722 3688 Catenis

453 3722 660 3790 reliqua
687 3723 895 3777 sarcire
917 3736 1201 3789 possemus
1222 3761 1238 3782 .
1265 3721 1603 3774 diuturninre
1628 3735 1793 3788 Opera
1821 3728 1874 3774 et
1914 3735 2036 3789 per-
2138 3719 2321 3789 Regiis
2353 3718 2740 3787 manuscriptis
2780 3716 3068 3780 sarcimus,
3102 3733 3253 3773 num.
3304 3719 3462 3786 1891,
3502 3720 3639 3775 1892
3666 3732 3722 3777 et

450 3812 745 3877 quisitione
764 3826 902 3880 opus
928 3810 1041 3865 fore
1074 3811 1416 3878 putabamus.
1447 3807 1649 3864 Verum
1685 3810 1773 3863 ubi
1809 3809 1872 3863 ad
1900 3825 2032 3879 ope-
2134 3810 2295 3876 2437,
2332 3825 2558 3881 quarum
2604 3812 2779 3880 prima
2830 3818 2884 3864 et
2920 3818 3214 3878 postrema,
3269 3811 3720 3877 membranaceaz.

446 3905 530 3955 ris
562 3902 1010 3957 restaurationem
1051 3902 1282 3969 amplam
1326 3902 1376 3954 in
1412 3901 1689 3956 codicibus
1731 3902 1910 3971 Regiis
1940 3917 2032 3956 se-
2135 3902 2330 3956 decimi
2365 3902 2547 3956 surculi
2573 3911 2720 3955 sunt.
2745 3901 2818 3954 Ea
2850 3915 2980 3954 vero
2999 3915 3120 3969 qua:
3146 3900 3284 3954 1892
3318 3911 3551 3969 notatur,
3566 3904 3723 3958 bom-

442 4004 626 4061 getem
676 3992 857 4046 offerri
920 3992 1075 4046 nobis
1124 3992 1636 4055 animadvertimus,
1669 4007 1764 4061 spe
1796 4008 1859 4047 ac
1884 3993 2034 4062 cupi-
2134 3993 2349 4063 bycina,
2389 3993 2697 4047 dnodecimi
2730 3993 2947 4058 saaculi,
2980 4007 3043 4045 ac
3100 3992 3259 4064 longe
3314 3994 3553 4050 melioris
3582 4005 3721 4051 nota-

449 4084 583 4136 dine
606 4084 731 4135 moti
761 4085 898 4137 bene
928 4084 1176 4152 gerendae
1214 4084 1313 4145 rei,
1352 4096 1455 4137 nec
1488 4082 1727 4137 deterriti
1774 4083 2031 4155 horumce
2131 4093 2186 4137 et
2215 4083 2341 4136 tldei
2379 4092 2461 4137 est
2512 4097 2674 4151 quam
2712 4082 2854 4135 alite.
2898 4080 2965 4137 Ut
3001 4093 3179 4137 autem
3233 4099 3300 4138 ex
3362 4101 3568 4150 eorum,
3599 4102 3720 4153 quas

442 4174 698 4227 codicum
730 4172 1076 4243 legendorum
1115 4172 1454 4235 diﬁicultate,
1482 4174 1907 4226 commentarios
1935 4173 2032 4226 de-

448 4272 621 4320 mum,
653 4267 712 4309 ut
739 4258 967 4311 facultas
1020 4258 1162 4322 tulit,
1210 4259 1486 4322 eruimus,
1532 4268 1587 4312 et
1619 4258 1671 4311 in
1702 4266 2028 4325 postremam

446 4346 674 4414 hujusce
710 4348 840 4402 tomi
889 4359 1122 4417 partem,
1153 4350 1297 4416 quod
1350 4349 1455 4403 alio
1499 4358 1627 4402 tunc
1670 4363 1773 4401 non
1800 4347 2025 4411 liceret,

444 4438 814 4507 conjiciendos
845 4439 1119 4492 duximus.
1168 4437 1367 4493 Verum
1403 4448 1512 4493 tum
1566 4440 1666 4492 hac
1699 4439 1764 4491 de
1802 4453 1882 4502 re,
1914 4447 2023 4491 tum

447 4529 518 4585 de
545 4532 934 4584 commentario
966 4532 1105 4599 ipso,
1150 4547 1248 4601 pro
1294 4546 1441 4585 more
1484 4537 1669 4583 nostro
1708 4529 1923 4599 praefari
1958 4543 2023 4582 ne

448 4638 757 4689 gravemur.

1196 4735 1294 4805 5|.

442 4822 525 4877 De
550 4826 812 4880 codicibus
852 4827 990 4881 unde
1030 4828 1287 4949 prﬁteunt
1312 4824 1519 4879 Eusebii
1551 4818 1939 4880 Coimueutaria
1966 4823 2021 4875 in

1151 4912 1367 4949 exorant.

1151 4912 1367 4949 exorant.

515 4986 587 5043 Ut
605 4984 717 5054 jam
748 4989 929 5043 dicere
970 4988 1381 5056 occupavimus,
1422 4987 1590 5041 codex
1636 4982 1979 5039 Ebroicensis
2005 5022 2020 5045 ,

440 5076 571 5130 olim
609 5079 902 5132 cardinalis
935 5077 1197 5141 Perronii,
1222 5094 1381 5147 quem
1425 5076 1511 5130 ille
1542 5076 1593 5128 in
1627 5074 1776 5129 Italia
1813 5089 1877 5128 ex
1926 5087 2021 5125 ve-

440 5168 603 5222 tustis
652 5169 931 5222 codicibus
963 5169 1195 5222 exscribi
1250 5167 1498 5229 curavit,
1540 5170 1681 5219 inter
1726 5166 1828 5219 alia
1885 5169 2022 5219 bene

443 5257 608 5309 multa
636 5257 1099 5311 Comntentariutn
1132 5257 1344 5311 Eusebii
1379 5255 1431 5309 in
1470 5255 1712 5309 Psalmos
1735 5293 1749 5317 ,
1773 5264 1827 5308 et
1856 5254 2022 5308 Euse‘

438 5347 511 5400 bii
546 5348 786 5416 ejusdem
818 5349 871 5401 in
909 5346 1157 5402 Hesaiam
1198 5349 1467 5402 sexdecim
1500 5348 1677 5416 capita
1714 5345 2021 5413 complecti—

437 5448 550 5492 tur.
580 5439 662 5493 Ad
691 5438 806 5495 haec
832 5454 959 5493 vero
986 5455 1054 5495 ex
1082 5441 1268 5495 codice
1294 5439 1464 5509 Regio
1499 5453 1645 5492 mum.
1692 5436 1855 5499 2438,
1888 5438 2019 5490 duo-

2133 4174 2339 4242 integra
2370 4181 2681 4241 supersunt,
2708 4174 3119 4242 comparatione
3168 4174 3431 4244 liquidum
3471 4186 3573 4238 est,
3601 4176 3718 4231 hac

2130 4272 2318 4315 catena
2344 4263 2630 4317 admodum
2661 4278 2834 4332 pauca
2888 4265 3110 4332 omittit,
3138 4267 3529 4335 explicationes
3583 4266 3717 4321 inte-

2126 4365 2250 4420 gras
2280 4348 2457 4415 allert,
2491 4352 2817 4422 Eusebiique
2854 4354 3159 4409 orationem
3181 4393 3197 4419 ,
3229 4369 3327 4408 nec
3359 4354 3573 4408 brevius
3604 4370 3707 4409 nec

2127 4454 2282 4495 secus
2308 4442 2584 4510 exprimit.
2617 4442 2783 4510 Hnjtts
2808 4443 2934 4496 item
2969 4444 3043 4497 rei
3083 4454 3454 4511 argumentum
3483 4459 3549 4498 ex
3580 4443 3703 4498 Hie-

2129 4532 2336 4600 ronymi
2367 4532 2422 4586 in
2456 4531 2705 4586 Hesaiam
2723 4532 3139 4587 Commentariis
3162 4533 3391 4588 eruitur.
3429 4532 3559 4586 Nam
3578 4550 3702 4589 cum

2048 4604 2094 4659 (ἶ
2134 4622 2493 4692 Hieronymus
2524 4623 2737 4678 Eusebii
2766 4623 3239 4692 interpretationes
3262 4641 3366 4678 non
3400 4624 3711 4694 infrequen-

2136 4721 2216 4765 ter
2248 4712 2314 4765 ad
2346 4714 2568 4765 verbum
2602 4727 2739 4781 pene
2770 4712 3081 4775 transferat,
3107 4713 3234 4767 hinc
3266 4713 3575 4781 cenjectura
3604 4727 3709 4777 est.
3790 4720 3794 4735 ⁷

2133 4803 2319 4871 plenas
2351 4803 2469 4857 illas
2502 4803 2846 4875 integrasque
2870 4805 2922 4857 in
2950 4803 3152 4858 Catena
3180 4802 3384 4870 aﬂ'erri,
3415 4805 3601 4874 quales
3630 4808 3713 4862 ni-

2132 4896 2326 4948 mirum
2355 4895 2719 4967 Hieronymus
2756 4911 2821 4951 ex
2854 4895 3276 4951 Commentariis
3310 4906 3565 4951 verterat.

2202 4985 2418 5041 Monere
2471 5003 2536 5041 ne
2576 4989 2754 5056 pigeat
2808 4978 3052 5041 codicem
3091 4986 3462 5040 Colbertinum
3522 5003 3712 5043 nume-

2132 5091 2191 5128 ro
2216 5075 2377 5140 2596,
2414 5078 2542 5132 olim
2586 5076 2932 5131 Bibliotheca:
2972 5076 3232 5137 Tltuantc.
3271 5076 3484 5131 initium
3543 5079 3709 5133 Com-

2132 5167 2524 5221 mentariorum
2576 5169 2758 5221 Basilii
2814 5168 2864 5221 in
2918 5166 3191 5231 iiesaiam,
3225 5168 3439 5223 Eusebii
3488 5173 3711 5224 nomine

2129 5258 2480 5313 circumferre
2519 5262 2618 5313 hoc
2653 5262 2844 5326 rrtndo,
2873 5259 3133 5312 Εὑσεόἱου
3166 5260 3259 5314 τοῦ
3296 5263 3583 5335 ῌαμφίλου
3616 5266 3708 5333 ἑρ-

2131 5352 2328 5419 μηνεία
2362 5353 2440 5411 εἰς
2467 5350 2557 5402 τὸν
2592 5354 2879 5423 προφήτην
2920 5353 3148 5406 Ἡσαΐαν
3169 5354 3327 5422 λόγος
3350 5355 3418 5408 α’.
3450 5355 3580 5410 “luit.
3606 5356 3710 5408 E6-

2130 5440 2287 5502 ξαςθε
2317 5440 2391 5511 μὴ
2413 5441 2661 5508 γενέσθαι
2681 5442 2779 5513 τὴν
2813 5444 2986 5516 φυγὴν
3008 5444 3179 5498 ὑμῶν.
3205 5445 3405 5503 Deinde
3425 5459 3552 5500 vero
3574 5446 3709 5513 liter,

511 5554 591 5623 (ί)
624 5552 878 5609 Hesaiam
917 5571 1021 5609 non
1074 5555 1271 5611 Isaiam
1316 5555 1623 5619 scribimus,
1655 5568 1840 5609 vocem
1868 5552 2111 5608 Grmcam
2181 5556 2406 5617 Ἡσαΐας
2468 5556 2779 5626 sequentes,
2848 5562 2947 5615 etsi
3020 5560 3279 5616 llcbraicc
3306 5564 3479 5622 ww,”
3502 5552 3711 5609 laniat:

433 5626 731 5677 scribatur.
