4068 6198
405 344 475 401 '(9
1079 338 1347 395 EUSEBII
1387 340 1864 399 CAESAlilENSlS
1901 342 2052 398 OPP.
2095 343 2281 400 PARS
2320 341 2408 400 lli.
2451 375 2518 384 —
2558 303 2972 401 EXEGETICA.
3611 349 3680 405 80

405 476 527 532 qua:
583 459 724 530 apud
757 456 1014 513 Basilium
1066 472 1174 512 una
1213 459 1356 514 serie
1405 460 1676 531 leguntur,
1713 477 1836 517 cum
1893 463 1994 518 hoc
2028 470 2068 526 Α
2101 472 2227 516 oros
2255 462 2516 532 legerem,
2545 463 2688 517 aliud
2720 473 2887 518 murto
2930 464 3131 533 reperi,
3161 475 3325 534 quam
3363 465 3545 522 indice
3570 480 3690 536 pro~

405 552 562 607 titulo
594 549 1104 618 θιςῑιιιιι,ὐπόθεσις
1134 549 1419 609 Εὑσεδίου.
1439 553 1562 608 lnit.
1607 555 1826 626 Ἐπειδὴ
1849 555 1992 610 κατὰ

405 643 632 718 χρόνους
663 642 887 712 γέγονεν
917 643 945 695 ὁ
992 643 1300 714 προφήτης.
1333 643 1464 701 Post
1497 646 1613 700 haec
1645 646 1993 701 Commenta-

406 737 521 789 rius
553 733 840 788 inchoatur
864 733 949 787 his
983 733 1164 788 verbis
1201 751 1213 787 :
1259 733 1492 807 Ὀρασις
1537 742 1608 791 α’.
1645 735 1879 808 "Opust;
1923 737 1991 808 ἢν

401 821 540 879 εἶδεν
575 825 834 888 Ἡσαΐας,
886 835 993 880 etc.
1037 823 1158 880 luit.
1208 828 1328 882 Τῶν
1371 828 1503 899 παρ’
1550 829 1683 899 ἡμῖν
1730 828 1991 900 αἰσθητη-

405 918 534 988 ρίων
566 917 628 970 τὸ
655 917 1076 988 ἐναργέστατον.
1111 917 1298 973 L'trum
1330 927 1510 974 autem
1553 920 1668 975 haec
1700 918 1992 974 Commen-

405 1010 541 1064 taria
579 1009 759 1064 Basilii
795 1009 904 1064 sint
943 1023 1149 1075 necne,
1189 1025 1295 1065 non
1353 1011 1489 1066 satis
1538 1011 1798 1066 convenit
1851 1011 1992 1065 inter

401 1104 715 1170 scriptores.
739 1101 810 1155 At
838 1099 871 1154 ii
907 1101 1069 1155 etiam
1099 1100 1189 1169 qui
1223 1101 1412 1158 Basilii
1455 1115 1578 1158 esse
1625 1111 1986 1173 propugnant,

404 1190 619 1244 initium
645 1188 794 1258 illud
851 1189 1185 1259 przeiationis
1234 1205 1384 1246 more
1423 1191 1764 1260 prannissum
1790 1232 1805 1256 ,
1839 1207 1988 1246 assu-

404 1291 641 1337 mentum
690 1283 958 1352 quoddam
991 1297 1112 1338 esse
1161 1282 1402 1338 fatentur
1437 1283 1620 1352 :quod
1673 1297 1773 1338 nec
1803 1282 1986 1337 Basilii

400 1372 492 1437 sit,
512 1387 612 1428 nec
636 1371 1041 1428 Commentario
1067 1375 1119 1429 in
1155 1359 1403 1429 llesaiam
1435 1375 1744 1437 conveniat.
1767 1383 1820 1428 et
1840 1373 1986 1428 aliud

401 1480 624 1531 prorsus
647 1473 791 1535 agat.
825 1465 936 1536 Ego
961 1465 1348 1522 veroEusehio
1377 1465 1549 1520 multo
1569 1465 1749 1522 minus
1785 1465 1985 1520 ascribi

401 1570 558 1624 posse
585 1563 731 1625 puto,
757 1563 868 1609 tum
895 1557 963 1611 ob
989 1557 1114 1628 styli
1136 1555 1558 1626 discrepantiam
1581 1555 1740 1625 plane
1767 1555 1988 1625 conspi-

400 1660 578 1712 cnam,
600 1657 711 1701 tum
736 1647 861 1716 quia
887 1647 1282 1717 subscqueutes
1306 1647 1715 1712 Commentarii,
1747 1647 1839 1717 qui
1866 1661 1986 1716 per-

401 1737 527 1792 inde
560 1737 774 1792 Eusebii
801 1737 1018 1793 nomine
1042 1737 1232 1792 eodem
1265 1738 1318 1791 in
1345 1738 1533 1792 codice
1559 1735 1984 1806 ‘suhjunguntur,

399 1827 596 1884 diversi
640 1844 862 1898 prorsus
892 1845 920 1882 a
959 1829 1382 1884 Commentariis
1423 1827 1640 1884 Eusebii
1687 1837 1833 1884 sunt.
1871 1828 1980 1884 Cu-

394 1915 484 1983 ius
520 1930 684 1986 porro
709 1916 787 1979 sit
817 1927 1188 1972 assumentum
1223 1916 1534 1987 hujusmodi
1566 1930 1672 1971 non
1700 1917 1833 1974 satis
1857 1931 1981 1988 per-

396 2018 662 2075 spectnm.
697 2006 967 2062 Cteterum
1021 2006 1279 2070 ὑπόθεσις
1297 2001 1415 2073 illa,
1453 2007 1609 2077 cujus
1637 2007 1848 2063 initium
1877 2016 1980 2074 est,

407 2098 626 2171 Ἐπειδὴ
659 2101 801 2153 κατὰ
833 2100 1090 2171 χρόνους,
1122 2108 1180 2152 ut
1219 2108 1382 2169 supra
1423 2100 1688 2162 diximus,
1718 2102 1784 2154 ad
1821 2101 1983 2155 Com-

397 2191 721 2246 mentarium
758 2190 904 2244 illum
933 2191 1022 2258 qui
1050 2189 1230 2243 Basilii
1262 2190 1484 2243 nomine
1515 2190 1980 2259 insignitur,haud

396 2281 559 2337 dubie
585 2280 837 2350 'pertinet
878 2298 892 2333 :
937 2295 1059 2334 nam
1104 2280 1158 2333 in
1213 2279 1399 2335 codice
1444 2278 1612 2350 Regio
1657 2280 1982 2351 bombycino

395 2372 700 2428 duodecimi
753 2371 959 2436 steculi,
996 2372 1050 2426 in
1097 2367 1276 2427 fronte
1319 2369 1736 2442 Expositionum
1782 2371 1835 2425 iu
1873 2370 1980 2426 lle-

395 2466 565 2519 saiatn
598 2463 780 2519 Basilii
813 2463 1029 2518 nomine
1055 2462 1424 2533 praemittitur.
1445 2462 1576 2529 Qua:
1606 2470 1783 2517 autem
1812 2463 1980 2533 hypo-

397 2556 531 2612 ιιιθεί
565 2562 829 2625 praeeunt,
854 2541 1030 2608 aliena
1057 2563 1113 2609 et
1143 2553 1417 2622 adjectitia
1445 2567 1566 2609 esse
1601 2553 1875 2608 videntur.

1123 2643 1150 2716 ξ
1185 2645 1246 2702 ιι.

402 2735 446 2792 l.
489 2735 809 2791 Testimonia
851 2745 1077 2790 t'eterum
1112 2736 1176 2788 de
1229 2735 1444 2790 Eusebii
1489 2735 1896 2790 Commentariis
1931 2737 1983 2788 in

476 2804 756 2861 Hesaimn.
797 2804 862 2857 ll.
905 2804 981 2858 De
1025 2821 1208 2875 genere
1252 2805 1655 2873 interpretandi.
1703 2803 1789 2859 lll.
1829 2804 1985 2859 Nihil

468 2876 616 2944 dubii
675 2875 807 2942 περὶ
845 2875 1263 2944 γνησιότητφς.
1307 2875 1397 2944 iV.
1433 2875 1549 2938 Quo
1603 2885 1830 2944 tempore
1871 2877 1983 2928 Iure

469 2942 861 2997 Commentaria
897 2943 1138 3001 ediderit,
1155 2943 1432 2996 Eusebius.

458 3035 498 3086 ι.
523 3035 826 3086 Testimonia
862 3033 1428 3144 vetercmﬂdeEusebil
1470 3034 1847 3102 Commentariis
1868 3035 1919 3082 in

1115 3108 1315 3144 esatam.

1115 3108 1315 3144 03318").

469 3181 828 3250 Hieronymus
852 3178 946 3233 lib.
973 3178 1048 3232 De
1070 3178 1412 3246 scriptoribus
1440 3178 1808 3237 ecclesiasticis
1845 3177 1986 3231 inter

397 3265 502 3322 alia
533 3265 748 3321 Eusebii
771 3267 1076 3335 opera,hoc
1095 3267 1220 3321 item
1245 3276 1510 3321 recenset.
1532 3265 1600 3319 Et
1627 3267 1680 3319 in
1711 3265 1982 3330 Ilesaiam,

398 3359 604 3429 inquit,
635 3358 796 3411 libros
841 3359 1038 3411 decem.
1077 3357 1130 3410 In
1185 3357 1406 3426 prologo
1446 3366 1624 3412 autem
1665 3358 1715 3412 in
1754 3358 1981 3428 Exposi-

399 3447 598 3501 tionem
632 3443 858 3511 llesaim,
883 3446 960 3499 sie
986 3446 1145 3499 habet
1173 3465 1184 3500 :
1210 3444 1466 3500 Eusebius
1489 3463 1693 3517 quoque
1721 3447 1985 3516 Pamphili

391 3537 550 3605 juxta
575 3535 876 3590 historicen:
899 3535 1322 3606 explanationem
1359 3538 1656 3608 quindecim
1695 3538 1858 3592 edidit
1894 3554 1982 3592 vo-

397 3626 622 3683 lumina.
663 3627 732 3682 At
765 3627 1158 3700 llieronymum
1208 3629 1321 3684 sive
1361 3628 1530 3685 libros
1561 3630 1676 3685 sive
1714 3630 1983 3684 volumina

399 3727 682 3784 memoret,
713 3718 946 3786 idipsum
974 3718 1283 3787 signiﬁcare
1317 3720 1522 3790 liquet;
1557 3735 1682 3774 nam
1710 3721 1762 3774 in
1793 3721 1979 3775 eodem

399 3808 625 3882 prologo
665 3808 730 3861 de
764 3806 999 3877 Origene
1038 3810 1163 3862 talia
1201 3809 1346 3864 tatur
1393 3828 1407 3864 :
1459 3809 1716 3880 Origenes
1762 3813 1980 3881 triginta

398 3897 686 3965 volumina,
714 3915 741 3951 e
777 3899 968 3968 quibus
1003 3901 1278 3954 vicesimus
1308 3912 1488 3956 sextus
1529 3902 1659 3956 liber
1702 3919 1806 3957 non
1836 3905 1978 3958 inre-

399 3988 546 4044 uitur
572 4003 588 4051 ;
618 3988 759 4041 unde
793 3987 960 4059 igitur
991 3989 1152 4045 modo
1195 3990 1404 4057 decem,
1455 3991 1615 4048 modo
1642 3993 1977 4062 quindecim,

397 4078 615 4134 Eusebii
658 4080 846 4148 libros,
879 4098 972 4138 seu
1009 4083 1280 4138 volumina
1307 4092 1525 4137 exstare
1549 4082 1682 4137 dicit
1710 4083 1735 4137 ?
1764 4083 1818 4137 ld
1849 4099 1981 4138 sane

397 4168 482 4225 vel
522 4171 911 4240 exemplarium
945 4172 1226 4238 varietati;
1257 4187 1440 4242 parem
1474 4171 1674 4242 quippe
1700 4173 1752 4226 in
1791 4171 1978 4226 Histo-

399 4262 476 4314 ria
502 4263 853 4316 ecclesiastica
887 4263 1149 4331 ejusdem,
1171 4263 1576 4318 distinctionum
1610 4264 1978 4318 diversitatem

396 4350 894 4421 tiCpl'CilL‘tLiilllus;
944 4353 1024 4406 vel
1071 4354 1482 4409 amanuensium
1533 4355 1664 4410 vitio
1713 4357 1972 4411 ascrihas.

2099 554 2369 609 mittebat.
2402 553 2721 624 Ubicunque
2753 555 2899 610 enim
2951 569 3076 610 eum
3130 555 3356 611 historia
3399 556 3682 621 defecerit,

2099 643 2294 698 transit
2333 643 2400 698 ad
2428 643 2765 714 allegoriam,
2795 651 2856 698 et
2885 643 2958 699 ita
3000 653 3253 715 separata
3285 646 3584 710 consociat,
3621 657 3685 701 nt

2098 731 2268 794 mirer
2314 747 2436 787 eum
2483 747 2622 788 nova
2669 734 2938 791 sermonis
2965 735 3170 791 fabrica
3207 737 3260 792 in
3296 751 3461 792 unum
3488 754 3686 808 corpus

2095 821 2324 890 lapidem
2356 823 2671 894 ferrumque
2692 824 3048 895 conjungere.
3085 825 3198 882 Hoc
3247 829 3482 883 breviter
3502 831 3689 885 admo-

2095 915 2211 979 nui,
2242 929 2310 970 ne
2338 916 2460 984 quis
2487 930 2588 970 nos
2631 918 2782 986 pute't
2823 933 2891 972 ex
2935 917 3078 972 illius
3125 919 3366 975 fontibus
3413 930 3688 977 mutnasse

2094 1018 2216 1072 qum
2239 1003 2508 1069 dicimus;
2545 1018 2668 1058 nam
2691 1015 2747 1060 et
2773 1005 2824 1059 in
2848 1007 3101 1075 praesenti
3134 1010 3374 1079 capitulo
3403 1010 3686 1065 adversum

2091 1091 2308 1149 Judmos
2341 1103 2396 1150 et
2439 1093 2870 1165 Hierosolymam
2912 1097 3045 1152 dicit
3087 1099 3426 1169 prophetiam
3479 1100 3634 1169 dirigi
3669 1117 3686 1155 :

2091 1189 2234 1256 quod
2267 1189 2320 1242 in
2375 1189 2640 1259 principio
2697 1191 2824 1244 ﬁdei
2865 1189 3196 1246 Christiana:
3225 1194 3293 1246 ad
3332 1201 3470 1248 totas
3501 1204 3688 1262 gentes

2091 1278 2348 1347 epistolas
2382 1281 2650 1348 miserint,
2681 1296 2747 1336 ne
2769 1280 3117 1350 susciperent
3138 1284 3440 1353 passionem
3459 1285 3683 1352 Christi,

2090 1379 2144 1424 et
2190 1369 2438 1425 miserint
2472 1386 2643 1440 usque
2690 1374 2757 1428 ad
2819 1373 3158 1444 Ethiopiam
3191 1385 3246 1430 et
3286 1376 3682 1431 occidentalem

2092 1461 2330 1532 plagam,
2357 1469 2635 1531 totumque
2673 1463 2861 1518 orbem
2913 1464 3073 1534 hujus
3118 1464 3466 1533 blasphemia:
3516 1466 3686 1521 disse-

2091 1551 2389 1607 minatione
2437 1552 2857 1622 compleverint.
2895 1573 2914 1604 ι
2947 1554 3118 1621 Quam
3174 1555 3680 1624 interpretationem

2090 1640 2156 1693 ad
2187 1642 2436 1696 eumdem
2485 1642 2664 1697 locum
2719 1643 2962 1712 pluribus
3006 1645 3352 1714 prosequitur
3384 1645 3681 1709 Eusebius,

2089 1740 2145 1784 ut
2174 1731 2370 1800 cuique
2407 1731 2589 1785 videre
2631 1730 2810 1786 liceat.
2845 1731 2998 1799 Quod
3029 1749 3190 1802 porro
3217 1734 3293 1787 ait
3325 1732 3684 1805 Hieronymus

2013 1811 2055 1870 Β
2085 1822 2376 1891 Eusebium
2403 1823 2564 1878 modo
2591 1823 2873 1879 litteralem
2893 1835 2949 1880 et
2991 1826 3334 1889 historicum,
3368 1828 3524 1881 modo
3549 1828 3683 1882 alle-

2085 1915 2324 1984 gorieam
2349 1917 2719 1972 narrationem
2747 1916 3054 1982 instituere,
3081 1917 3525 1986 omnibuspalam
3555 1919 3679 1984 erit,

2084 2007 2128 2060 si
2161 2005 2240 2061 vel
2273 2006 2606 2076 primoribus
2631 2007 2849 2076 quidem
2901 2007 3071 2061 labris
3115 2009 3214 2061 hos
3241 2007 3683 2062 Counnentarios

2086 2096 2387 2165 attigerint.
2443 2095 2598 2162 Quod
2647 2105 2830 2149 autem
2884 2097 3020 2150 dicit
3054 2112 3114 2151 se
3173 2113 3280 2150 non
3339 2111 3405 2150 ex
3440 2097 3682 2151 'Eusebii

2086 2186 2324 2241 fontibus
2358 2187 2627 2249 hausisse,
2660 2185 2727 2239 de
2778 2195 2890 2239 toto
2939 2187 3341 2240 Commentario
3389 2187 3677 2254 intelligas.

2085 2275 2190 2331 Tot
2215 2277 2359 2331 enim
2387 2286 2644 2347 tantaque
2677 2279 2876 2333 ibidem
2906 2287 3124 2330 enarrat
3153 2277 3534 2348 Hieronymus,
3558 2280 3679 2347 quas

2085 2365 2347 2422 Eusebius
2389 2382 2456 2422 ne
2485 2381 2643 2423 nosse
2671 2367 2887 2436 quidem
2910 2406 2926 2432 ,
2958 2368 3152 2422 nedum
3188 2381 3450 2423 enarrare
3483 2369 3678 2436 potuit,

2087 2465 2145 2516 ut
2203 2455 2547 2526 periniquum
2624 2466 2767 2511 esset
2821 2455 3227 2527 Hieronymiani
3279 2455 3674 2512 Commentarii

2085 2546 2312 2620 gloriam
2348 2547 2400 2601 in
2435 2545 2731 2602 Eusebium
2780 2543 3056 2602 conferre.
3109 2546 3370 2605 Attamen
3403 2546 3495 2602 ille
3541 2549 3679 2603 bene

2088 2639 2253 2694 multa
2289 2655 2355 2694 ex
2399 2641 2550 2696 hisee
2579 2641 3002 2696 Commentariis
3045 2642 3510 2712 expiseatus'est,
3543 2658 3678 2713 quo-

2089 2747 2206 2786 rum
2237 2732 2514 2788 minimam
2544 2744 2751 2804 partem
2785 2748 2884 2788 nos
2909 2733 3076 2788 variis
3099 2733 3151 2787 in
3183 2732 3316 2788 locis
3346 2729 3678 2797 notavimus.-

2087 2823 2354 2880 Czcterum
2407 2826 2510 2882 hac
2559 2827 2815 2881 cautione
2869 2825 2996 2896 jure
3059 2825 3229 2879 utitur
3265 2825 3673 2894 Hieronymus:

2088 2916 2214 2984 quia
2250 2932 2374 2971 cum
2413 2904 2674 2972 censores
2724 2917 2876 2972 multi
2919 2917 3099 2972 invido
3129 2918 3286 2973 oculo
3326 2918 3442 2988 ejus
3476 2918 3673 2987 scripta

2092 3006 2386 3061 lustrarent
2408 3048 2424 3072 ,
2451 3007 2756 3078 perieulum
2791 3013 2912 3063 erat
2957 3023 3024 3063 ne
3062 3008 3234 3078 ipsum
3262 3011 3423 3080 plagii
3457 3011 3675 3065 nomine

2093 3095 2479 3163 incesserent;
2527 3098 2622 3153 sed
2679 3096 2811 3153 illud
2860 3098 3055 3166 injuria
3091 3097 3292 3153 factum
3343 3107 3674 3154 esset:natn

2089 3187 2335 3256 quantuli
2367 3187 2525 3258 pretii
2562 3196 2691 3242 sunt
2729 3202 2794 3242 ea
2832 3202 2953 3256 quae
2995 3202 3063 3242 ex
3115 3189 3347 3243 Eusebio
3393 3190 3670 3255 delibavit,

2087 3275 2132 3329 si
2171 3284 2553 3344 comparentur
2583 3290 2704 3330 eum
2736 3276 2834 3339 iis,
2866 3289 2987 3344 qua:
3021 3277 3082 3330 S.
3128 3276 3327 3330 Doctor
3358 3279 3571 3332 erudite
3606 3276 3678 3333 de

2088 3365 2355 3421 llebraico
2391 3376 2538 3421 textu
2582 3381 2646 3421 ac
2683 3367 2748 3421 de
2790 3367 3024 3421 lectione
3071 3367 3298 3437 vulgata:
3331 3368 3531 3436 passim
3564 3366 3676 3421 dis-

2087 3457 2277 3512 seruit.
2308 3456 2419 3512 Nec
2459 3458 2556 3514 abs
2601 3473 2659 3513 re
2697 3458 2835 3512 forte
2871 3457 3019 3511 dicas
3071 3457 3358 3512 Eusebiqu
3393 3467 3448 3512 et
3483 3457 3675 3512 lliero-

2088 3565 2308 3621 nyntum
2349 3551 2537 3606 eadem
2565 3552 2680 3623 ipsa
2705 3565 2771 3605 ex
2806 3549 3057 3620 Origenis
3087 3549 3508 3607 Commentariis
3534 3553 3673 3607 hau-

2086 3641 2240 3694 sisse.

2159 3732 2211 3784 In
2241 3731 2698 3788 Prmliminaribus
2732 3733 2796 3786 ad
2830 3729 3080 3801 Procopii
3116 3731 3581 3788 Commentarium
3613 3734 3668 3789 in

2089 3822 2337 3879 llesaiam
2368 3835 2590 3878 curante
2617 3825 2775 3878 Petro
2799 3823 3052 3878 Curterio
3081 3825 3308 3890 editum,
3344 3825 3460 3880 lucc
3482 3826 3671 3894 legun-

2086 3926 2174 3970 tur
2198 3932 2261 3969 ex
2286 3916 2470 3970 codice
2494 3915 2685 3969 Renati
2705 3914 2960 3969 Marchali
2994 3935 3005 3969 :
3033 3915 3360 3987 Μετελήφθη
3389 3917 3417 3968 ὁ
3445 3917 3670 3980 Ἡσαΐας

2084 4003 2191 4056 ἀπὸ
2222 4003 2554 4074 ἀντιγράφω
2592 4002 2682 4056 τοῦ
2731 4003 2876 4059 ἀϐϐἄ
2912 4003 3315 4068 ’Λπολλιναρίου
3358 4005 3450 4058 τοῦ
3495 4021 3669 4058 statvo-

2084 4089 2482 4166 ὅιάρχον,ὲνῷ
2537 4095 2926 4149 καθυπόκειται
2967 4096 3228 4150 ταῦτα....
3287 4094 3612 4168 Mat-eid;qu
3641 4095 3671 4148 ὁ

2096 4192 2321 4256 Ἡσαΐας
2361 4193 2425 4244 ὲκ
2474 4191 2580 4245 τῶν
2629 4191 2770 4246 κατὰ
2793 4192 2890 4257 τὰς
2924 4193 3164 4254 ἐκδόσεις
3203 4190 3498 4255 Ἐξαπλῶν,
3543 4191 3671 4242 ἀντ-

2083 4282 2284 4354 εϐλήοη
2327 4282 2381 4336 δὲ
2410 4284 2501 4337 καὶ
2539 4284 2674 4354 πρὸς
2704 4282 3219 4353 ἓτερονἙξαπλοῦν,
3238 4281 3359 4351 ἔχον
3383 4282 3480 4352 τὴν
3497 4297 3672 4352 παρα-
3736 4353 3738 4356 ν

2084 4375 2381 4446 σημείωσιν
2423 4375 2718 4445 ταύτην...
2785 4374 3131 4445 Διώρθωντσιι
3193 4366 3433 4444 ἀκριϐῶς
3499 4375 3670 4426 πᾶσαι.

396 4441 662 4496 Caeterum
691 4443 803 4496 lucc
833 4458 924 4497 seu
973 4442 1332 4509 voluminum,
1359 4458 1452 4498 seu
1483 4443 1745 4498 librorum
1777 4447 1975 4500 distin-

2086 4466 2137 4518 αἱ
2203 4464 2464 4527 ἐκδόσειςο
2509 4463 2919 4534 ἁντεϐλήοησαν
2976 4463 3084 4532 γὰρ
3138 4462 3272 4532 πρὸς
3332 4461 3670 4533 τετραπλοῦν

397 4534 634 4604 rtiojam
673 4536 759 4591 ditt
792 4536 970 4605 periit,
1003 4536 1229 4606 ejusque
1256 4551 1322 4593 ne
1361 4537 1642 4608 vestigium
1674 4539 1889 4609 quidem
1923 4541 1973 4593 in

396 4627 678 4683 codicibus
713 4628 994 4696 reperitur.
1082 4629 1090 4632 ’

473 4719 612 4771 Idem
648 4718 1006 4789 Hieronymus
1036 4720 1085 4772 in
1133 4719 1354 4790 prologo
1387 4721 1451 4774 ad
1483 4720 1677 4776 librum
1718 4736 1747 4774 v
1776 4722 1830 4774 in
1871 4720 1972 4774 lle-

395 4809 566 4867 saiam
591 4809 703 4864 haec
734 4811 894 4866 habet
921 4830 932 4864 :
972 4829 989 4860 ι
1038 4811 1176 4878 Quid
1229 4811 1390 4882 igitur
1417 4811 1654 4865 faciant?
1685 4812 1979 4866 subeamne

396 4912 553 4969 Opus,
589 4901 777 4970 inquo
805 4901 1154 4956 eruditissimi
1187 4901 1286 4955 viri
1318 4902 1669 4965 sudaveruut,
1692 4900 1978 4971 Origenent

397 4986 587 5056 loquor
615 5001 668 5045 et
701 4991 988 5045 Eusebium
1028 4991 1325 5061 Pamphili.
1353 5007 1586 5062 quorum
1619 4990 1759 5045 alter
1798 4993 1981 5046 liberis

398 5078 664 5148 allegoria:
703 5083 891 5151 spatiis
919 5093 1202 5153 evagatur,
1263 5092 1321 5138 et
1353 5083 1724 5152 interpretatis
1757 5083 1982 5136 nomini-

399 5170 500 5224 bus
528 5170 883 5239 singulorum,
914 5175 1190 5245 ingenium
1228 5191 1386 5230 suum
1421 5174 1546 5228 facit
1589 5173 1844 5228 Ecclesiae
1888 5191 1978 5228 su-

399 5274 676 5316 crantenta
711 5283 720 5316 :
755 5264 892 5318 alter
922 5268 1234 5322 historicam
1266 5266 1655 5337 expositionem
1689 5266 1844 5318 titulo
1896 5281 1982 5318 re-

399 5353 750 5420 promittens,
786 5353 1052 5412 interdum
1103 5358 1439 5412 obliviscitur
1506 5356 1806 5424 propositi,
1841 5366 1894 5408 et
1922 5357 1974 5410 in

398 5437 646 5509 Origenis
681 5440 814 5494 scita
866 5445 1112 5499 concedit
1151 5448 1176 5499 ‘l
1214 5465 1231 5495 ι
1257 5444 1392 5500 'Sub
1429 5447 1540 5499 haec
1591 5454 1772 5498 autem
1823 5445 1977 5500 initio

397 5532 592 5600 capitis
616 5531 1040 5600 decimi'octavi,
1090 5537 1159 5588 ita
1192 5537 1434 5605 loquitur
1463 5555 1476 5589 :
1517 5554 1535 5588 ι
1568 5535 1828 5590 Eusebius
1861 5535 1973 5592 Cae-

400 5623 658 5678 siriensis
703 5625 1014 5680 historicum
1059 5626 1552 5696 interpretationem
1593 5627 1748 5682 titulo
1795 5643 1978 5696 repro-

401 5713 641 5780 mittens,
673 5716 896 5772 diversis
929 5718 1176 5773 sensibus
1229 5726 1526 5787 evagatur;
1563 5717 1714 5788 cujus
1759 5734 1879 5775 cum
1918 5719 1978 5775 li-

2093 4555 2336 4608 'llsai1v'
2358 4553 2436 4605 ἔτι
2547 4552 2638 4606 καὶ
2663 4553 3126 4624 πρὸςἘξαπλοῦν.
3147 4553 3288 4624 Πρὸς
3316 4552 3546 4615 τούτοις,
3577 4551 3672 4605 καὶ

2082 4643 2189 4694 ἀπὸ
2233 4646 2332 4713 τῆς
2369 4643 2562 4714 ἀρχῆς,
2607 4642 2711 4706 ἕως
2765 4643 2859 4696 τοῦ
2910 4643 3187 4714 ὁράματος
3240 4644 3438 4714 Τύρου,
3487 4643 3670 4713 τὸμων

2083 4731 2423 4802 ὲξηγητικῶν
2476 4735 2554 4795 εἰς
2590 4732 2680 4784 τὸν
2722 4733 2949 4786 Ἡσαΐαν
2987 4734 3314 4804 Ὠριγένους,
3368 4733 3463 4787 καὶ
3515 4733 3672 4804 ἀκρι-

2085 4820 2194 4884 ϐῶς
2253 4823 2646 4894 ἐπιστήσαντες
2696 4826 2762 4894 τῇ
2827 4824 3033 4896 ἐννοίᾳ,
3089 4825 3209 4878 καθ’
3243 4825 3310 4886 ἣν
3368 4824 3670 4895 ἐξηγήσατο

2084 4912 2322 4985 ἑκάστην
2354 4914 2518 4980 λέξιν,
2553 4915 2674 4968 καθ’
2697 4916 2771 4978 ὡς
2800 4909 2912 4968 οἷόν
2952 4934 3009 4968 τε
3052 4913 3140 4988 ἦν,
3169 4918 3261 4970 καὶ
3296 4917 3402 4970 πᾶν
3437 4914 3670 4984 ἀμφίϐρ-

2083 5005 2172 5056 λσν
2216 5004 2352 5056 κατὰ
2395 5006 2494 5076 τὴν
2528 5006 2736 5058 ἐκείνου
2785 5006 2990 5060 ἔννοιαν
3037 5006 3482 5081 διωρθωσάμεθα.
3527 5005 3670 5076 Πρὸς

2084 5096 2291 5159 τούτοις
2339 5098 2627 5172 συνεκρίθη
2661 5101 2692 5170 ἡ
2742 5099 2849 5152 τῶν
2871 5100 3272 5171 Ἐϐδομήκοκτα
3311 5099 3538 5161 ἕκδοσις,
3575 5097 3668 5151 καὶ

2085 5185 2219 5256 πρὸς
2271 5185 2337 5238 τὰ
2384 5188 2488 5240 ὑπὸ
2531 5189 2789 5243 Εὑσεϐίου
2831 5193 2909 5254 εἰς
2955 5191 3044 5244 τὴν
3086 5192 3309 5245 Ἡσαΐαν
3363 5190 3662 5260 εἰρημένα,

2087 5273 2180 5326 καὶ
2207 5273 2263 5324 ἐν
2299 5270 2378 5336 οἷς
2443 5275 2768 5344 διεφώνουν,
2804 5280 2903 5350 τῆς
2949 5279 3259 5351 ἐξηγήσεως
3312 5279 3410 5350 τὴν
3463 5280 3668 5332 ἔννοιαν

2087 5361 2592 5438 ζητήσαντες,πρδς
2611 5369 2779 5441 αὐτὴν
2812 5370 3245 5442 ἐδιωροώσαμεν.
3278 5369 3331 5424 Id
3369 5355 3483 5424 est:
3516 5389 3533 5421 t
3561 5371 3668 5422 lix-

2086 5456 2319 5523 St'ripilts
2355 5471 2434 5510 est
2468 5458 2524 5511 ιι.
2546 5460 2693 5514 saias
2728 5465 2794 5514 ab
2821 5461 3113 5530 exemplari
3156 5462 3366 5518 abbatis
3394 5462 3670 5531 Apollina-

2088 5543 2150 5596 rii
2174 5545 2588 5610 cmnobiarchm,
2619 5550 2668 5602 in
2694 5566 2797 5617 quo
2821 5551 2930 5602 haec
2953 5553 3032 5603 sul
3049 5549 3378 5618 jiciuntur...
3401 5548 3666 5618 Desunip~

2087 5647 2208 5705 plus
2271 5645 2355 5690 est
2406 5637 2626 5692 llesaias
2676 5640 2741 5692 ab
2777 5641 3027 5708 Ilexa'plis
3078 5641 3398 5706 editionum,
3441 5640 3670 5699 collatus

2086 5731 2261 5774 autem
2287 5733 2372 5776 est
2399 5737 2518 5777 cum
2539 5723 2918 5794 llvxapmalin,
2937 5730 2986 5779 in
3015 5743 3119 5796 quo
3149 5728 3247 5784 ista
3271 5731 3666 5788 adnotantur...
