4036 6214
366 275 428 331 8|
1293 267 1800 325 COM‘BIEINTARIA
1840 270 1904 324 ιδ
1948 269 2204 327 lSAlAM.
2245 305 2310 313 —-
2350 272 2736 330 PIUEFATIO.
3556 276 3625 329 εξ

361 395 634 447 Accurate
686 385 953 442 editiones
994 400 1181 441 omnes
1232 397 1489 441 correcta:
1529 398 1692 453 sunt;
1733 388 1940 443 COil'JliC

2050 387 2401 457 τυγχάνουσιν
2422 406 2432 418 ·
2458 388 2689 442 ἴστωσαν
2712 388 2818 459 γὰρ
2836 387 2910 450 ὡς
2937 388 2995 440 οὐ
3031 387 3188 458 μόνον
3220 388 3483 460 διαφόρως
3506 391 3630 459 tog-

360 485 509 539 enim
536 482 750 536 fuerunt
774 494 896 534 cum
930 478 1159 547 tetraplo
1186 462 1414 546 llesaiar,
1447 484 1501 532 ct
1526 494 1648 533 cum
1682 478 1939 548 llexuplo.

362 576 570 629 Praeter
619 573 759 633 Ιιίιηι,
803 568 872 624 ab
919 568 1075 623 initio
1114 570 1322 636 etiam,
1367 584 1543 638 usque
1578 569 1643 622 ad
1678 570 1939 624 visionem

367 662 517 733 Tyri,
546 658 855 714 accuratius
888 661 1232 712 emendatum
1280 667 1384 713 est.
1426 658 1562 713 Nam
1605 674 1725 713 cum
1771 667 1943 713 tomo-

358 769 484 809 rum
518 749 887 820 Expositionis
929 747 1180 814 Origenis
1230 748 1284 803 in
1327 748 1575 803 llesaiam
1605 749 1761 819 cupia
1791 748 1943 805 nobis

364 852 531 907 esset,
562 840 751 896 scdulo
780 840 1127 893 advertentes
1153 854 1260 909 quo
1292 854 1455 894 sensu
1485 840 1728 910 singulas
1754 841 1944 896 dictio-

363 950 459 989 nes
487 932 807 1003 accepisset,
845 945 943 1000 pro
969 928 1228 985 facultate
1253 930 1516 1000 quidquid
1553 931 1771 985 dubium
1803 942 1940 998 erat,

362 1026 431 1080 ad
478 1024 623 1079 illius
669 1022 993 1078 sententiam
1025 1021 1386 1077 correximus.
1431 1020 1702 1095 Praeterea
1750 1023 1943 1077 eoliata

359 1127 445 1173 est
479 1115 643 1170 etiam
679 1112 1031 1183 Septuaginta
1073 1110 1430 1183 lnterpretum
1467 1112 1655 1180 editio,
1691 1130 1815 1169 cum
1855 1117 1942 1184 iis,

359 1222 483 1277 qua:
515 1207 568 1260 in
593 1205 842 1260 liesaiam
878 1204 1097 1273 scripsit
1121 1203 1387 1259 Eusebius
1414 1213 1502 1259 :et
1523 1204 1576 1259 in
1604 1205 1799 1276 quibus
1826 1219 1941 1264 erat

360 1298 622 1362 varietas,
645 1295 897 1366 indagato
922 1294 1300 1364 explicationis
1320 1308 1505 1361 sensu,
1530 1296 1598 1351 ad
1632 1298 1748 1367 ejus
1784 1299 1941 1356 ﬁdem

359 1389 789 1444 emendavimus.
830 1404 850 1438 ι
896 1383 1196 1455 Procopius
1227 1396 1413 1455 certe,
1443 1391 1535 1460 qui
1590 1405 1657 1445 ex
1700 1399 1942 1446 veterum

360 1477 681 1532 collectione
713 1490 869 1530 suum
903 1475 954 1529 in
994 1474 1243 1530 ﬂesaiam
1281 1476 1746 1534 Commentarium
1784 1481 1942 1536 adorv

361 1570 531 1635 navit,
566 1584 633 1624 ex
665 1566 902 1624 Eusebio
948 1567 1150 1637 passim
1179 1570 1347 1625 multa
1383 1569 1644 1642 decerpit,
1680 1575 1842 1629 modo
1876 1574 1945 1628 ad

362 1661 599 1715 litteram
625 1670 679 1715 et
703 1661 926 1714 verbum
950 1659 1016 1715 de
1038 1660 1204 1714 verbo
1233 1676 1248 1725 ;
1287 1661 1469 1727 modo,
1504 1672 1559 1718 et
1587 1663 1803 1733 quidem
1834 1663 1944 1718 fre-

2048 477 2253 549 χθησαν
2278 481 2334 532 ὲν
2377 483 2489 543 τοῖς
2529 480 2762 549 νοήμασι
2802 478 2902 548 τῆς
2942 476 3297 533 θεοπνεύστου
3336 479 3553 550 Γραφῆς
3582 484 3630 534 οἱ

2047 570 2249 641 ταύτην
2287 570 2712 641 ἡρμηνευκότες,
2742 568 2878 623 ἀλλά
2914 568 2970 621 δὲ
3014 570 3109 621 καὶ
3143 569 3281 623 αὐτὰ
3308 569 3377 623 τὰ
3414 571 3633 641 ῥήματα

2048 661 2148 731 τῆς
2184 662 2351 732 αὐτῆς
2384 662 2531 725 θείας
2568 662 2793 733 Γραφῆς
2825 662 2925 715 οὐκ
2961 660 3091 724 ἴσως
3130 660 3509 722 διεστείλαντο.
3540 664 3633 716 καὶ

2049 752 2189 806 οὕτω
2221 752 2317 823 τὴν
2357 754 2651 825 ἑρμηνείαν
2681 753 2976 824 ἐπέθηκαν.
3021 752 3079 805 ὐ
3125 752 3222 822 μὲν
3257 750 3366 821 γὰρ
3396 752 3635 817 πλείους,

2048 846 2076 897 ὁ
2095 843 2151 896 δὲ
2180 845 2374 913 ἥττους
2408 845 2619 914 στίχους
2648 843 2997 914 προθέμενος,
3020 842 3119 914 τὴν
3149 842 3405 913 ἐξήγησιν
3446 843 3637 913 ὲποιή·

2052 952 2199 989 σατο.
2225 935 2331 987 Καὶ
2365 935 2428 987 ἐκ
2462 935 2653 989 τούτου
2681 935 2929 989 δοκοῦσιν
2974 935 3022 987 oi
3052 932 3275 1008 ἀριθμοὶ
3299 936 3411 997 τοῖς
3462 950 3635 1003 κεφαο

2048 1024 2221 1087 λαίοις
2265 1026 2628 1096 ἐπικείμενοι,
2656 1025 3025 1101 ἀναχαιτίζειν
3064 1026 3124 1078 τὸ
3154 1024 3344 1093 ἔδαφος
3370 1022 3637 1093 ἀναγινώ-

2052 1132 2278 1180 σκοντας
2300 1119 2376 1180 εἰς
2399 1117 2460 1170 τὸ
2496 1118 2681 1189 πρόσω
2715 1117 2937 1187 βαίνειν.
2972 1116 3093 1189 Χρὴ
3130 1112 3222 1170 οὖν
3252 1116 3347 1170 καὶ
3385 1115 3635 1186 δεύτερον

2051 1207 2145 1260 καὶ
2168 1207 2347 1278 τρίτον
2392 1208 2686 1277 κεφᾴλαον
2717 1207 2809 1262 τοῦ
2851 1208 3077 1277 ἐδάφους
3109 1208 3205 1277 τῆς
3235 1208 3395 1276 ἁγίας
3414 1207 3636 1276 Γραφῖμς

2050 1297 2438 1367 ἀναγινώσκειν
2471 1316 2485 1330 ·
2514 1301 2606 1353 καὶ
2634 1300 2776 1353 οὕτω
2818 1299 2918 1361 τὰς
2960 1298 3285 1369 ὲγκειμένας
3316 1297 3630 1369 ἑρμηνείας,

2052 1388 2117 1440 ἵν’
2151 1388 2455 1443 εύσύνοπτα
2492 1389 2642 1443 ἔσται
2680 1390 2791 1453 τοῖς
2832 1388 3217 1458 ἐντυγχάνουσι
3253 1386 3321 1440 τὰ
3363 1387 3632 1457 νοήματα.

2052 1493 2314 1565 Prologus
2352 1495 2697 1565 eruditissimi
2737 1502 2791 1565 et
2831 1494 3140 1565 nobilissimi
3180 1488 3380 1565 domini
3406 1490 3633 1546 Joannis

2362 1564 2649 1635 Drungarii
2681 1566 2735 1618 in
2777 1564 2986 1618 beatum
3031 1560 3309 1616 ﬂuuium.

2127 1699 2146 1732 ι
2176 1680 2571 1751 Pr0plietarum
2609 1680 3033 1748 eloquentissimi
3068 1679 3234 1735 divini
3269 1677 3634 1734 Hesaizelibl'o

361 1750 631 1818 quentius,
665 1747 883 1803 Eusebii
923 1761 1083 1804 sensa
1140 1750 1493 1818 paucioribus
1539 1754 1819 1823 exprimit.
1846 1753 1947 1809 Ve-

2054 1747 2350 1842 prophctiie
2398 1787 2508 1841 prae
2545 1747 2797 1826 manibus
2848 1780 3095 1840 accepto,
3147 1784 3321 1841 eoque
3370 1768 3628 1837 perlecm,

366 1854 483 1892 rum
532 1838 622 1893 hic
674 1836 924 1908 Procopii
977 1837 1419 1897 Commentarius
1465 1842 1641 1897 inedia
1699 1842 1816 1899 fere
1867 1845 1951 1899 sui

362 1938 516 1997 parte
547 1936 831 1983 truncatus
869 1930 936 1989 ad
970 1944 1093 1986 nos
1120 1931 1377 1999 devenit,
1410 1932 1746 1990 lectionibus
1775 1934 1952 1999 liexa-

362 2020 572 2089 plorum
607 2018 859 2087 refertus,
880 2035 1111 2091 quarum
1164 2031 1224 2076 ut
1270 2023 1560 2081 nonnullas
1591 2025 1756 2081 habet
1791 2027 1953 2083 Euse-

363 2108 505 2176 hius,
523 2108 594 2162 ita
630 2108 916 2181 plerasque
944 2109 1122 2178 aﬁ‘ert,
1154 2110 1424 2184 Procopio
1448 2115 1678 2171 intactas
1708 2126 1763 2172 et
1797 2117 1951 2174 inob-

360 2208 621 2254 servatas.
644 2199 935 2267 Caeterum,
978 2201 1200 2258 allatum
1250 2204 1390 2261 istuc
1436 2207 1502 2261 de
1549 2206 1756 2264 Hesaize
1808 2208 1951 2265 libro

362 2288 757 2354 testimonium,
790 2290 968 2360 palam
999 2301 1084 2347 est
1130 2294 1395 2364 scriptum
1436 2294 1947 2368 fuisserantequam

359 2374 598 2447 Hexapla
641 2378 948 2432 interirent.
992 2377 1147 2447 Quod
1188 2383 1529 2450 quandonam
1573 2385 1861 2452 acciderit,
1894 2388 1947 2443 in

359 2469 677 2525 collectione
707 2467 1073 2540 Hexaplorum
1113 2472 1424 2543 propediem
1471 2473 1702 2542 edenda,
1729 2476 1949 2551 indaga-

364 2560 545 2615 bimus
574 2560 673 2630 (9.).

432 2650 527 2706 llis
551 2650 823 2720 subjicere
855 2652 1035 2709 visum
1056 2662 1140 2711 est
1168 2654 1451 2727 prologum
1487 2657 1539 2712 iu
1566 2658 1750 2714 codice
1777 2658 1948 2730 Regio

359 2740 685 2811 bombycino
714 2742 933 2797 Catena:
961 2743 1014 2797 in
1042 2742 1292 2798 llesaiam
1316 2746 1619 2815 praeﬁxum,
1650 2748 1739 2816 qui
1760 2748 1946 2805 lectori

376 2848 476 2888 nec
509 2834 837 2903 iniucundus
868 2849 967 2889 nec
992 2834 1363 2893 infructuosus
1393 2824 1518 2893 erit.

362 2970 793 3045 deyiorggcou
824 2968 1188 3045 λογιωζάτον
1240 2970 1340 3024 καὶ
1389 2972 1947 3045 πανευγενεστάτου

434 3038 618 3113 κῑφοῄῦ
662 3038 940 3113 Ἰωᾲξονοο
982 3038 1091 3108 τῆς
1126 3041 1526 3111 Δρουπηγιρίας
1567 3038 1682 3113 (ξιτ)
1713 3045 1801 3109 εὶς
1843 3044 1948 3097 τὸν

435 3110 724 3179 μακάριον
760 3110 1021 3166 Ἡσαΐαν.

436 3242 548 3315 Τῆς
581 3261 911 3316 προφητειας
937 3243 1032 3298 τοῦ
1074 3232 1361 3298 θεσπεσίοῦ
1401 3245 1623 3300 Ἡσαΐου
1652 3247 1744 3300 τοῦ
1779 3266 1947 3318 μεγαν

359 3336 730 3407 λοφωνοτάτου
754 3337 862 3391 τῶν
890 3336 1183 3409 προφητῶν
1224 3339 1322 3409 τὴν
1356 3338 1537 3410 βίϐλον
1578 3340 1718 3409 μετά
1759 3344 1947 3413 χεῖρας

359 3428 560 3493 λαϐὼν,
583 3429 678 3483 καὶ
692 3428 896 3500 ταύτης
912 3428 1013 3500 τὴν
1030 3430 1334 3498 ἀνάγνωσιν
1358 3434 1745 3502 ποιησάμενος,
1764 3434 1947 3505 καὶμὴ

358 3520 626 3591 εὑρίσκων
662 3521 760 3592 τῆς
792 3507 903 3574 τῶν
932 3521 1331 3592 γεγραμμένων
1367 3522 1603 3587 διανοίας
1640 3524 1943 3592 ἐφικέσθαι,

359 3612 494 3683 πρὸς
526 3613 653 3675 τοὺς
698 3613 904 3684 ταύτην
944 3614 1377 3685 ήρμηνευκότας,
1423 3616 1589 3686 ήγουν
1619 3616 1948 3688 ὑπομνημα-

360 3702 615 3765 τὶσαντας
643 3702 947 3773 ἀνέδραμον
967 3741 982 3768 ,
1010 3703 1105 3755 καὶ
1134 3703 1232 3776 τὴν
1272 3703 1424 3757 λύσιν
1463 3704 1573 3759 τῶν
1600 3703 1946 3776 ζητουμένων

360 3791 649 3864 δ.αφόρως,
683 3793 757 3857 ὡς
796 3788 905 3848 οἶόν
946 3811 1028 3859 τε,
1071 3793 1265 3866 εὑρὼν,
1303 3796 1599 3864 ἀναγκαῖον
1652 3796 1947 3867 ἡγησάμην

360 3882 487 3952 τῇδε
538 3886 604 3953 τῇ
649 3882 814 3954 βίϐλῳ
850 3884 1247 3959 παραθέσθαι,
1283 3885 1371 3940 ἵνα
1406 3890 1520 3951 τοῖς
1563 3886 1947 3958 ἐντυγχάνουσι

361 3974 662 4045 κατάδηλος
711 3977 744 4047 ἡ
788 3975 896 4030 τῶν
944 3977 1335 4049 ἀπορουμένων
1388 3981 1652 4050 σαφήνεια
1700 3979 1944 4049 γένηται.

361 4066 565 4137 Μηδεὶς
612 4066 669 4120 δὲ
729 4067 805 4132 ὡς
855 4068 1176 4139 ἑτεροδόξων
1228 4071 1523 4142 ἑρμηνείας
1589 4071 1948 4139 συναγαγόντι

363 4156 679 4225 ὲγκαλείτω’
726 4158 871 4229 φημὶ
914 4158 980 4230 δὴ
1034 4159 1359 4231 Ὠριγένους,
1396 4160 1489 4213 καὶ
1543 4160 1802 4213 Εύσεϐίου
1854 4161 1947 4214 τοῦ

364 4249 720 4321 Καισαρείας,
746 4251 841 4304 καὶ
869 4249 1144 4321 Θεοδώρου
1198 4250 1544 4323 Ἡρακλείας,
1570 4251 1665 4304 καὶ
1685 4252 1945 4306 Εὐσεϐίου

375 4343 629 4415 Ἐμέσης,
656 4346 749 4398 καὶ
782 4344 1185 4416 Ἀπολλιναρίου
1204 4386 1219 4411 ,
1244 4346 1338 4399 καὶ
1365 4344 1695 4417 Θεοδωρίτω
1723 4345 1907 4417 Κύρου
1930 4364 1943 4377 ·

2054 1876 2174 1916 eum
2210 1863 2535 1931 scriptorum
2567 1862 2917 1932 assequendie
2964 1861 3131 1915 menti
3159 1877 3258 1931 par
3300 1875 3406 1916 non
3429 1875 3628 1921 essem,

2053 1954 2121 2008 ad
2151 1954 2268 2024 ejus
2299 1954 2648 2022 interpretes,
2668 1968 2761 2006 seu
2798 1959 3253 2005 commentatores
3273 1966 3357 2005 me
3391 1952 3629 2013 contuli;

2051 2061 2115 2100 ac
2140 2044 2231 2100 ubi
2264 2044 2556 2099 dubiorum
2581 2041 2906 2097 solutionem
2952 2042 3102 2097 varie
3134 2042 3353 2096 allatam
3379 2043 3630 2097 animad-

2048 2135 2211 2199 verti,
2228 2133 2593 2189 necessarium
2615 2132 2739 2187 duxi
2763 2132 2886 2187 huic
2913 2131 3049 2186 libro
3072 2146 3290 2185 manum
3321 2133 3631 2200 admovere,

2050 2234 2110 2280 ut
2150 2238 2269 2293 quae
2308 2223 2506 2279 ibidem
2534 2220 2765 2277 obscura
2795 2229 2849 2276 et
2881 2216 3057 2275 dubie
3081 2221 3367 2276 sementim
3390 2230 3630 2286 exstant,

2049 2312 2207 2382 plana
2238 2310 2544 2381 legentibus
2587 2310 2901 2365 evaderent.
2942 2307 3023 2364 Ne
3052 2309 3174 2379 quis
3203 2322 3332 2364 vero
3360 2310 3489 2365 mihi
3526 2312 3635 2365 criv

2030 2402 2180 2456 .miui
2234 2411 2428 2465 vertat,
2466 2402 2611 2471 quod
2653 2402 3109 2458 heterodoxorum
3155 2403 3633 2472 interpretationes

2048 2492 2643 2565 collegerim,20rigenis
2660 2495 2807 2558 dico,
2826 2494 3047 2549 Eusebii
3067 2493 3436 2562 Ciesariensis,
3457 2495 3634 2551 'l'heo-

2049 2586 2165 2639 dori
2216 2586 2586 2653 Ileracleotaz,
2628 2585 2849 2641 Eusebii
2892 2586 3177 2651 Emeseni,
3216 2584 3539 2656 Apollinarii
3579 2597 3635 2642 e:

2051 2676 2372 2732 Theodoreti
2400 2678 2522 2747 Cyri
2556 2694 2577 2730 ι
2596 2691 2718 2730 nam
2749 2678 2805 2742 ii,
2840 2691 2963 2731 eum
2989 2690 3093 2732 non
3118 2678 3185 2732 de
3224 2678 3337 2732 suis
3366 2678 3631 2746 dogmati-

2047 2767 2149 2822 bus
2181 2768 2344 2822 verba
2380 2766 2610 2833 faciunt,
2654 2767 2924 2821 interdum
2952 2767 3181 2836 pulchre
3216 2767 3625 2822 ratiocinantur.

2050 2857 2104 2912 Id
2132 2872 2292 2927 porro
2323 2873 2428 2913 non
2457 2867 2587 2913 nutu
2616 2867 2670 2913 et
2702 2858 2971 2913 arbitratu
3016 2872 3137 2913 meo
3166 2857 3265 2913 feci
3292 2875 3306 2923 ;
3342 2858 3437 2912 sed
3471 2857 3633 2913 obse-

2050 2959 2208 3004 cutus
2231 2948 2578 3005 sanctissimo
2607 2949 2754 3004 Patri
2786 2958 2977 3005 nostro
3021 2947 3256 3018 Cyrillo,
3281 2947 3500 3004 Christo
3533 2949 3631 3004 ad-

2052 3042 2209 3097 dicta:
2236 3051 2291 3098 et
2315 3057 2523 3114 magnae
2541 3042 2917 3099 Alexandrinae
2939 3041 3177 3098 civitatis
3200 3042 3630 3113 archiepiscopo,

2046 3134 2137 3203 qui
2168 3134 2220 3188 in
2250 3149 2345 3188 sua
2380 3135 2447 3189 ad
2483 3134 2765 3204 Eulogium
2794 3132 3019 3202 epistola
3051 3132 3129 3186 ait
3173 3146 3189 3186 :
3229 3152 3248 3189 ο
3296 3132 3415 3190 Νοη
3452 3135 3632 3190 omnia

2050 3225 2428 3281 hmreticorum
2485 3224 2629 3279 dicta
2692 3223 2945 3293 fugienda
3001 3232 3057 3279 et
3097 3226 3399 3294 respuenda
3460 3236 3629 3292 sunt;

2048 3316 2216 3371 multa
2252 3316 2396 3371 enim
2424 3317 2771 3380 conﬁtentur,
2799 3330 2918 3385 qua:
2950 3330 3048 3371 nos
3087 3316 3216 3371 item
3242 3318 3580 3374 conﬁtemur.
3610 3338 3629 3372 ι

2049 3404 2161 3460 lloc
2202 3405 2331 3459 item
2386 3404 2648 3459 monitum
2693 3405 2950 3460 teetorem
2986 3406 3167 3473 volui,
3202 3422 3454 3478 magnum
3489 3409 3634 3464 scili-

2047 3503 2133 3551 cet
2161 3493 2416 3549 Basilinm
2452 3492 2614 3560 hujus
2649 3495 2944 3565 prophetiae
2970 3506 3178 3567 partem
3217 3498 3631 3568 interpretatum

2048 3602 2169 3643 csse
2199 3602 2212 3639 :
2241 3601 2360 3655 qua!
2385 3594 2559 3640 tamen
2590 3586 2986 3655 interpretatio,
3018 3603 3085 3641 an
3110 3588 3229 3656 ejus
3265 3590 3359 3655 sit,
3390 3604 3421 3644 a
3451 3588 3633 3645 multis

2050 3678 2101 3731 in
2154 3677 2372 3732 dubium
2431 3685 2670 3731 vocatur.
2711 3675 2899 3746 Opera:
2954 3677 3185 3746 pretium
3238 3693 3453 3749 quoque
3503 3680 3632 3735 duxi

2050 3764 2151 3823 hoc
2182 3767 2479 3838 legentibus
2509 3766 2747 3823 indicare
2783 3775 3055 3823 et-notum
3088 3768 3289 3835 facere,
3314 3770 3634 3841 interpretes

2048 3868 2104 3913 et
2136 3865 2610 3924 commentatores,
2654 3874 2761 3913 non
2802 3858 2981 3928 modo,
3014 3860 3190 3929 quoad
3234 3861 3429 3918 divina:
3480 3861 3635 3916 Scri-

2048 3962 2220 4021 ptura:
2249 3966 2467 4007 sensum
2498 3959 2553 4006 et
2584 3950 3019 4020 intelligentiam,
3057 3961 3245 4007 mutuo
3278 3952 3587 4024 discrepare
3616 3991 3634 4020 ,

2050 4044 2143 4099 sed
2172 4043 2334 4098 etiam
2395 4043 2509 4111 ipsa
2564 4043 2760 4098 divina:
2810 4042 3102 4112 Scriptura:
3160 4043 3323 4099 verba
3377 4059 3482 4101 non
3518 4045 3632 4114 pari

2051 4135 2210 4190 modo
2256 4134 2567 4189 distinxisse
2616 4134 2670 4188 in
2716 4134 2831 4189 suis
2885 4134 3469 4205 interpretationibus;
3509 4149 3631 4189 nam

2057 4228 2149 4282 alii
2202 4228 2478 4298 pluribus,
2517 4227 2610 4282 alii
2659 4226 3002 4298 paucioribus
3041 4229 3306 4298 appositis
3348 4227 3635 4292 versibus,

2050 4320 2419 4388 expositiones
2468 4334 2593 4374 suas
2645 4319 2977 4373 adornarunt
3023 4333 3039 4371 :
3082 4319 3313 4389 indeque
3362 4328 3447 4375 est
3490 4319 3635 4388 quod

362 4435 422 4489 ἐν
439 4408 521 4499 οἷς
544 4408 654 4507 γάρ
688 4436 762 4507 μὴ
793 4436 921 4508 περὶ
952 4408 1237 4491 τῶνΙίδίων
1267 4408 1557 4509 δογμάτων
1590 4408 1946 4506 διαλέγονται,

2055 4412 2264 4468 numeri
2290 4412 2558 4482 capitibus
2596 4412 2802 4482 praefixi
2835 4426 2951 4478 eos,
2987 4412 3079 4482 qui
3114 4419 3313 4466 textum
3344 4410 3517 4479 ipsum
3552 4408 3633 4464 le—

363 4523 509 4579 ἐστιν
529 4525 616 4579 ὅτε
635 4526 814 4590 καλῶς
834 4526 1204 4583 ἐπιϐάλλουσι.
1221 4527 1331 4587 Καὶ
1355 4528 1511 4582 τοῦτο
1535 4528 1591 4581 δὲ
1609 4529 1708 4582 οὐκ
1725 4529 1947 4583 αὐτονό-

368 4633 485 4687 μως
514 4617 813 4688 πεποίηκαο
838 4616 952 4671 ἀλλ’
968 4617 1341 4689 ἀκολουθήσας
1368 4618 1446 4689 τῷ
1472 4620 1757 4689 ἁγιωτάτῳ
1795 4622 1827 4691 ή
1835 4620 1949 4691 μῶν

364 4707 542 4777 Πατρὶ
578 4707 655 4779 τῷ
692 4706 793 4776 τῆς
845 4707 1223 4778 Ἀλεξάνδρου,
1257 4707 1603 4780 φιλοχρίστου
1624 4750 1639 4775 ,
1668 4710 1950 4777 Μεγαλου-

365 4797 571 4860 πόλεως
597 4799 1008 4870 ἀρχιεπισκὸπῳ
1038 4797 1291 4870 Κυρίλλῳ
1310 4838 1325 4863 ,
1353 4799 1583 4871 φήσαντι
1613 4801 1671 4853 ὲν
1714 4803 1779 4871 τῇ
1817 4800 1953 4870 πρὸς

363 4888 622 4957 Εύλόγιον
664 4889 953 4960 ἐπιστολῇ·
988 4890 1070 4943 Οὐ
1091 4889 1288 4944 πάντα
1321 4890 1440 4943 ὅσα
1468 4888 1759 4960 λέγουσιν
1780 4894 1835 4945 οἱ
1865 4895 1952 4946 αἱ·

360 4980 582 5047 ρετικοὶ
638 4981 882 5049 φεύγειν
932 4980 1030 5034 καὶ
1074 4981 1488 5049 παραιτεῖσθαι
1542 4980 1657 5050 χρή
1704 4998 1717 5010 ·
1752 4982 1955 5037 πολλὰ

366 5073 476 5142 γὰρ
513 5072 914 5142 ὁμολογοῦσιν
933 5067 1021 5127 ὧν
1048 5073 1144 5126 καὶ
1167 5073 1341 5144 ἡμεῖς
1388 5068 1815 5144 ὁμολογοῦμεν.
1841 5074 1952 5127 Καὶ

368 5161 525 5215 τοῦτο
556 5163 612 5215 δὲ
640 5163 938 5234 κατάδηλον
966 5162 1105 5216 ποιῶ
1132 5166 1242 5227 τοῖς
1274 5164 1713 5234 ἐντυγχάνουσιν,
1732 5163 1808 5226 ὡς
1835 5164 1863 5215 ὁ
1894 5163 1953 5217 ἐν

368 5254 544 5318 ἁγίοις
591 5254 886 5319 Βασίλειος,
937 5255 1101 5326 μέρος
1129 5273 1180 5308 τι
1201 5255 1296 5325 τῆς
1335 5257 1393 5309 ὲν
1430 5254 1587 5325 χερσὶ
1619 5254 1955 5326 προφητείας

367 5346 868 5419 ήρμήνευσενθῆτις
907 5345 1171 5417 ἑρμηνεία
1202 5345 1353 5416 παρά
1377 5345 1591 5409 πολλοῖς
1621 5336 1954 5418 ἀμφιϐάλλε-

367 5455 476 5503 ται.
508 5438 826 5506 Ἀναγκαῖον
857 5438 914 5491 δὲ
942 5436 1128 5508 ᾠήθην
1162 5437 1256 5489 καὶ
1282 5436 1439 5491 τοῦτο
1475 5437 1796 5509 παραθεῖναι
1815 5436 1954 5508 τῷδε

368 5528 450 5598 τῷ
479 5530 746 5599 προοιμίῳ
769 5530 906 5601 πρὸς
936 5528 1240 5598 φανέρωσιν
1271 5528 1365 5581 καὶ
1405 5529 1699 5600 σαφήνειαν
1727 5531 1838 5594 τοῖς
1864 5530 1953 5585 ὲν-

444 5701 521 5773 (‘2)
551 5699 681 5759 Vide
721 5701 942 5774 hujusce
975 5701 1292 5774 Putrologia:
1322 5711 1359 5762 t.
1401 5701 1516 5761 XV.

2056 4516 2208 4577 gunt,
2240 4505 2306 4560 ad
2338 4505 2594 4560 ulteriora
2626 4507 2901 4561 remittere
2949 4506 3258 4561 videantur.
3295 4503 3442 4573 Opus
3470 4503 3632 4573 igitur

2057 4607 2140 4651 cst
2163 4598 2390 4651 alterum
2411 4597 2697 4653 tertiumve
2719 4607 2877 4665 caput
2902 4606 3079 4653 textus
3105 4605 3307 4651 sancta:
3339 4595 3636 4664 Scriptura:

2058 4689 2258 4758 legere.
2286 4697 2341 4743 et
2372 4698 2557 4757 postea
2591 4689 2863 4760 appositas
2903 4687 3410 4757 interpretationes,
3442 4695 3502 4740 ut
3541 4698 3633 4739 ea-

2059 4794 2179 4833 rum
2210 4794 2402 4834 sensus
2434 4779 2619 4834 lectori
2649 4779 2823 4834 facilis
2852 4778 3152 4848 obviusque
3186 4777 3276 4832 sit.
3312 4795 3332 4828 ι

2133 4869 2199 4925 lli
2240 4885 2449 4938 omnes,
2501 4871 2575 4926 uti
2621 4872 2823 4936 videas,
2858 4871 3172 4939 scriptores,
3202 4867 3456 4923 videlicet
3504 4866 3630 4923 Ori-

2050 4976 2237 5031 genes,
2282 4960 2550 5017 Eusebius
2588 4962 2960 5027 Caesariensis,
2992 4960 3311 5016 Theodorus
3340 4959 3630 5015 Heracleo-

2053 5062 2155 5118 tes,
2196 5052 2465 5109 Eusebius
2501 5054 2830 5119 Emesenus,
2878 5052 3243 5122 Apollinarius
3276 5061 3331 5107 et
3372 5049 3625 5106 Theodo-

2058 5154 2230 5211 retus,
2260 5145 2403 5201 inter
2434 5146 2720 5201 haereticos
2763 5144 3231 5199 numerabantur:
3269 5157 3373 5212 qua
3410 5143 3476 5197 de
3511 5156 3568 5195 re
3598 5156 3628 5194 a

2057 5235 2288 5306 septimo
2330 5236 2528 5291 saeculo
2563 5252 2667 5290 una
2699 5235 2801 5289 fuit
2832 5235 3071 5291 omnium
3106 5232 3277 5288 ferme
3316 5232 3630 5288 Gnccorum

2042 5316 2349 5385 sententia.
2395 5327 2577 5381 Basilii
2620 5341 2751 5383 vero
2782 5325 3219 5382 Commentarios
3288 5324 3380 5378 ille
3429 5323 3632 5392 imper-
3676 5342 3682 5370 -.

2060 5415 2255 5483 fectus,
2302 5418 2355 5473 in
2403 5417 2613 5481 νοθείας
2658 5417 3016 5487 suspicionem
3056 5425 3301 5483 vocatus,
3345 5425 3401 5470 ut
3437 5413 3633 5470 testifi-

2066 5519 2220 5566 catur
2246 5506 2482 5566 Joannes
2513 5508 2617 5565 iste
2651 5507 3005 5580 Drungarius,
3035 5525 3064 5566 a
3093 5507 3278 5567 multis
3305 5505 3465 5563 hodie
3493 5504 3636 5563 inter
