4068 6198
358 285 428 340 83
1027 284 1297 339 EUSEBH
1334 284 1809 340 CxESAlllENSlS
1846 286 1995 341 OPP.
2036 285 2212 341 PARS
2249 286 2337 340 lli.
2376 315 2444 329 ο-
2484 285 2890 341 EXEGETICA.
3533 270 3629 345 8h

350 402 512 457 dubia
544 415 701 469 opera
741 408 1013 455 censetur.
1049 400 1333 456 Hodiernis
1366 417 1524 471 porro
1555 402 1915 471 scriptoribus
1944 408 1988 463 Α
2018 402 2214 465 c‘uunr‘,
2258 400 2352 470 qui
2402 401 2528 454 hinc
2561 399 2958 470 quamplurima
3008 401 3345 467 expiscatur,
3375 415 3429 454 et
3470 418 3594 454 now

350 476 474 545 haec.
511 490 788 545 dubitandi
828 506 988 545 causa
1016 500 1120 556 est,
1168 491 1444 547 silentium
1495 509 1685 562 nempe
1720 493 1912 549 Hiero-

347 579 515 650 nymi,
544 579 637 649 qui
671 594 792 634 cum
824 581 876 634 in
909 582 1131 651 prologo
1165 596 1267 637 suo
1293 582 1359 635 ad
1391 581 1604 637 Hesaiae
1634 584 1915 638 Commen-

346 672 481 723 taria
531 686 749 735 omnes,
801 682 1065 741 quotquot
1116 682 1272 736 antea
1332 673 1537 729 llesaia:
1593 677 1913 744 interpretes

342 770 596 828 egerant,
648 771 909 815 accurate
958 773 1265 824 recenseat,
1321 780 1387 819 ne
1433 765 1538 835 γρὺ
1586 765 1802 832 quidem
1848 765 1914 819 de

342 848 522 903 Basilii
580 852 972 905 commentario
1030 854 1233 917 habet;
1285 854 1490 909 Grzrcis
1541 863 1720 907 autem
1789 854 1912 907 hinc

342 938 485 992 haud
517 940 679 993 dubie
710 942 948 1009 suspicio
996 944 1333 1005 nascebatur,
1363 946 1503 1014 quod
1548 947 1719 1017 stylus
1748 945 1912 1000 Com-

342 1031 729 1086 mentariorum
797 1034 1067 1089 Basiliano
1115 1037 1268 1106 longe
1322 1037 1587 1091 absimilis
1618 1016 1905 1092 “videatur.

341 1121 479 1176 Rem
519 1123 783 1178 mittimus
822 1128 1041 1191 nostris,
1086 1128 1177 1196 qui
1211 1127 1393 1182 Basilii
1439 1142 1662 1197 operum
1713 1126 1909 1181 editio-

341 1226 467 1266 nem
494 1227 686 1267 novam
720 1214 1006 1269 adornant.
1741 1228 1749 1233 ’

410 1303 535 1377 llaec
574 1311 762 1357 catena
808 1320 836 1357 a
877 1304 1085 1361 Joanne
1136 1307 1437 1375 Drungario
1478 1308 1702 1362 collecta
1755 1324 1908 1380 repe-

340 1393 479 1446 ritur
514 1394 638 1447 item
689 1394 740 1447 in
782 1395 966 1450 codice
1018 1397 1185 1465 Regio
1245 1412 1393 1451 num.
1426 1397 1585 1462 1891,
1621 1399 1798 1453 sateuli
1850 1416 1903 1465 χ,

340 1484 787 1550 membranaceo,
832 1496 1021 1553 estque
1064 1486 1133 1541 ibi
1167 1502 1358 1556 magna
1402 1488 1483 1541 sui
1532 1498 1683 1557 parte
1721 1489 1905 1542 mutila

2021 508 2297 560 nunquam
2348 490 2564 544 Eusebii
2618 489 3117 559 interpretationes,
3157 500 3215 543 ut
3264 490 3355 545 hic
3394 490 3596 545 bahen-

2019 593 2123 647 tur,
2175 583 2329 651 quasi
2386 581 2481 637 abs
2533 596 2590 635 re
2628 582 2791 635 datas
2828 581 3046 650 depellit
3076 589 3131 635 et
3164 580 3433 637 confutat.
3478 581 3594 637 imo

2016 675 2131 741 ipse
2169 672 2435 727 Eusebius
2476 686 2599 727 sese
2643 672 2818 742 prodit
2872 672 3031 740 hujus
3065 671 3459 727 Commentarii
3496 689 3596 727 au‘

2014 774 2249 829 ctorem,
2298 780 2417 818 cum
2472 774 2647 819 motas
2703 765 2770 820 ab
2825 765 3071 821 Ethnicis
3123 767 3177 819 in
3226 765 3595 821 Christianum

2015 868 2207 907 nomen
2258 856 2573 911 vexationes
2623 866 2679 911 et
2716 856 3080 920 carniﬁcinas,
3110 858 3347 926 itemque
3394 859 3595 926 princi-

2013 960 2137 1012 pum
2182 943 2310 997 olim
2360 945 2657 1000 inﬁdelium
2695 947 2761 1000 ad
2820 946 2978 1001 ﬁdem
3030 948 3478 1011 conversionem,
3535 956 3599 1003 ut

2010 1036 2256 1089 oculatus
2311 1036 2461 1091 testis
2502 1046 2808 1091 memorat:
2848 1039 2945 1092 sed
3002 1039 3237 1092 maxime
3290 1039 3379 1092 ubi
3416 1041 3595 1093 Chro-

2012 1110 2131 1179 nica
2179 1128 2248 1180 ab
2298 1142 2357 1181 se
2412 1127 2555 1181 edita
2612 1128 2800 1183 laudat
2852 1128 2937 1184 bis
2990 1130 3169 1184 verbis
3219 1131 3283 1183 ad
3340 1145 3459 1200 cap.
3491 1143 3594 1185 xm

2009 1213 2235 1280 llesaim,
2271 1216 2361 1287 Τῷ
2398 1218 2455 1271 δὲ
2484 1220 2746 1288 φάσκοντι
2776 1221 2941 1290 λόγῳο
2989 1222 3133 1275 Ἰδοὺ
3166 1220 3422 1290 ἐπεγερῶ
3454 1220 3601 1290 ὑμῖν

2007 1305 2149 1372 τοὺς
2191 1306 2456 1374 Μήδους,
2511 1314 2780 1382 μαρτυρεῖ
2824 1314 2858 1382 ἡ
2907 1312 3008 1381 τῆς
3056 1312 3293 1382 ἱστορίας
3330 1311 3590 1374 ἔκϐασις·

2007 1393 2355 1465 ἀνάγραπτος
2386 1394 2520 1451 οὖσα
2555 1402 2704 1470 παρὰ
2736 1402 2851 1463 τοῖς
2907 1400 3173 1471 Ἑλλήνων
3207 1400 3274 1453 τὰ
3317 1398 3594 1465 Χαλδαϊκὰ

2008 1481 2100 1533 καὶ
2132 1483 2199 1535 τὰ
2236 1484 2570 1557 Ἀσσυριακὰ
2602 1487 3103 1560 συγγραψαμένοῑς.
3134 1491 3246 1552 τοῖς
3280 1505 3338 1540 τε
3371 1488 3438 1540 τά
3482 1489 3595 1558 M’l‘

339 1574 407 1625 ah
444 1574 617 1629 initio.
644 1575 843 1629 Catena
878 1586 1061 1629 autem
1098 1576 1225 1630 alia
1251 1579 1303 1630 in
1341 1578 1508 1647 [legio
1542 1579 1730 1633 codice
1766 1577 1905 1632 2457

2014 1569 2127 1623 Βικὰ
2175 1572 2549 1646 ἱστορηκόσιν·
2583 1570 2657 1629 ὧν
2692 1578 2788 1631 καὶ
2834 1580 2994 1649 ἡμεῖς
3036 1578 3297 1642 πλείστας
3338 1579 3592 1644 ἀνελεξά-

340 1666 407 1718 ab
446 1666 548 1719 hac
596 1666 754 1735 longe
802 1667 1018 1721 diversa
1067 1674 1181 1731 est,
1224 1681 1286 1720 ac
1314 1682 1575 1736 perquam
1630 1668 1903 1721 minimam

2011 1659 2147 1727 μεθα
2198 1666 2506 1736 μαρτυρίας
2549 1667 2606 1719 ὲν
2641 1671 2752 1730 τοῖς
2770 1668 3075 1739 πονηθεῖσιν
3116 1671 3247 1739 ἡμῖν
3284 1670 3592 1737 Χρονικοῖς

342 1755 591 1809 locorum.
622 1764 831 1823 partem
866 1754 1040 1819 all'ert,
1091 1754 1494 1824 innumerisqne
1546 1758 1754 1812 mendis
1800 1757 1903 1813 fte-

2014 1752 2453 1823 συγπράμμασι.
2497 1753 2553 1811 ld
2598 1767 2716 1822 est,
2761 1776 2778 1809 ι
2809 1758 2945 1813 lluic
2982 1768 3159 1814 autem
3194 1761 3339 1814 dicto
3391 1779 3403 1813 :
3452 1757 3592 1812 Ecce

340 1846 525 1909 datur,
568 1846 675 1901 etsi
730 1846 1048 1913 perantiqua
1097 1863 1109 1897 :
1155 1862 1277 1899 nam
1316 1847 1509 1900 decimi
1563 1848 1688 1901 item
1730 1847 1910 1904 saeculi

337 1945 447 1988 88L

337 2042 401 2094 Η.
427 2045 502 2095 De
525 2058 714 2108 genere
748 2047 1190 2154 interpretandiset
1211 2048 1275 2095 de
1319 2053 1542 2096 veterum
1584 2048 1910 2109 interpretum

1074 2122 1104 2154 u
1136 2121 1182 2154 u.

1074 2121 1163 2155 USU
1173 2144 1182 2153 .

407 2209 569 2275 Quod
604 2209 671 2261 ad
718 2207 1108 2276 interpretandi
1160 2208 1449 2269 rationem,
1497 2222 1601 2275 qua
1651 2209 1911 2263 Eusebius

337 2299 441 2352 hoc
484 2299 539 2352 in
575 2297 974 2351 Commentario
1022 2297 1212 2360 utitur,
1264 2295 1530 2349 adeantur
1585 2312 1646 2349 ea
1700 2312 1819 2365 qua:
1855 2300 1907 2351 in

337 2386 795 2441 Pra-liminaribus
843 2387 908 2440 ad
964 2386 1340 2455 Expositiones
1412 2387 1464 2440 in
1521 2386 1760 2442 l’salmos
1806 2390 1908 2443 hac

338 2479 405 2531 de
438 2490 498 2548 re
532 2476 769 2529 diximus
808 2476 889 2545 (3)
924 2494 937 2530 :
976 2476 1161 2547 eodem
1214 2476 1358 2529 enim
1411 2476 1693 2545 utrobique
1734 2470 1905 2547 expli-

336 2566 492 2619 candi
538 2580 737 2633 genere
782 2566 1025 2634 procedit
1066 2584 1078 2619 :
1115 2580 1178 2621 ac
1230 2566 1517 2621 Iitteralem
1559 2570 1738 2633 modo,
1784 2584 1905 2624 mox

336 2656 760 2727 mystagogicum
803 2665 855 2711 et
906 2657 1255 2727 allegoricum
1304 2672 1523 2715 sensum
1574 2659 1808 2727 exquirit
1855 2669 1908 2713 et

337 2746 516 2803 ail'ert.
550 2731 814 2821 Nimirum
849 2761 912 2800 ea
945 2747 1269 2815 explanandi
1303 2747 1385 2799 via
1418 2748 1469 2800 in
1502 2747 1733 2802 Psalmis
1768 2758 1821 2803 et
1855 2750 1907 2803 in

336 2836 625 2907 prophetia
662 2837 892 2900 Hesaice,
925 2836 1020 2893 ubi
1050 2835 1308 2905 frequens
1338 2837 1539 2893 Christi
1570 2847 1623 2893 et
1656 2838 1910 2895 Ecclesia:

338 2930 561 2991 mentio,
602 2928 897 2995 praesertim
947 2927 1178 2981 ineunda
1208 2936 1330 2982 est:
1363 2944 1526 2997 quam
1572 2930 1906 2999 disciplinam

338 3017 790 3086 evangelistarum
855 3017 1330 3086 apostolorumque
1390 3019 1636 3087 exemplo
1690 3028 1908 3076 tenuere

341 3107 441 3161 SS.
480 3106 688 3160 Patres.
745 3104 1103 3170 Quamobrem
1163 3105 1519 3177 Hieronymus
1558 3123 1663 3162 non
1708 3125 1772 3165 eo
1808 3111 1915 3165 Eu.

340 3198 550 3255 sebium
600 3197 816 3263 carpit,
862 3198 1003 3265 quod
1058 3194 1305 3251 llesaiam
1357 3198 1647 3268 allegorica
1686 3199 1911 3255 subinde

339 3304 495 3347 more
529 3289 949 3357 interpretetur;
1005 3289 1098 3342 sed
1153 3288 1294 3356 quod
1354 3291 1741 3357 promissorum
1809 3292 1910 3347 im»

338 3395 567 3446 memor,
595 3381 686 3449 qui
716 3396 774 3434 se
806 3379 1093 3434 Iitteralem
1123 3378 1547 3449 bistoricamque
1589 3384 1908 3437 sententiam

338 3472 625 3527 allaturum
665 3471 944 3541 professus
982 3479 1130 3535 erat,
1179 3471 1448 3525 interdum
1482 3474 1547 3526 ad
1598 3472 1908 3543 allegoriam

338 3564 586 3618 declinet.
637 3562 770 3618 Nam
826 3562 940 3630 ipse
991 3560 1351 3630 Hieronymus
1383 3562 1436 3616 in
1480 3563 1755 3633 allegoriis
1804 3552 1910 3619 ire»

337 3668 537 3721 quens,
588 3652 729 3707 banc
783 3652 945 3713 tradit
988 3648 1041 3706 in
1093 3665 1314 3721 pretqgo
1367 3652 1653 3721 regulam:
1707 3672 1725 3704 ι
1759 3652 1910 3713 Unde

336 3751 457 3810 post
512 3741 757 3799 historia:
807 3742 1125 3803 veritatem,
1177 3739 1528 3808 spiritualiter
1599 3741 1906 3809 accipienda

340 3835 716 3889 suntomniaz
745 3841 802 3885 et
848 3831 927 3887 sic
963 3829 1143 3885 Iudaea
1189 3839 1243 3882 et
1291 3828 1614 3895 Jerusalem,
1661 3831 1904 3901 Babylon

338 3933 393 3977 ct
433 3922 800 3986 Pbilislbiitth
850 3919 1003 3977 Moab
1050 3928 1106 3974 et
1161 3919 1487 3986 Damascus,
1535 3920 1801 3990 Egyptus
1853 3932 1908 3977 et

339 4011 616 4067 desertum
669 4024 838 4073 mare,
888 4009 1116 4064 ldumzea
1146 4018 1200 4063 et
1247 4008 1464 4071 Arabia.
1508 4023 1573 4062 ac
1619 4008 1785 4063 Vallis
1830 4012 1909 4065 vi-

340 4100 545 4165 sionis;
593 4109 648 4154 et
700 4100 767 4152 ad
816 4108 1117 4153 extremum
1164 4099 1341 4169 Tyrus
1384 4108 1438 4153 et
1479 4099 1615 4153 visio
1662 4100 1904 4168 quadru-

340 4192 556 4261 pedum,
607 4191 955 4258 iutelligenda
994 4198 1146 4253 sunt;
1182 4200 1238 4244 ut
1269 4198 1462 4245 cuncta
1498 4204 1805 4259 quazramus
1854 4192 1906 4243 in

339 4296 499 4345 sensu
525 4299 539 4335 :
568 4290 621 4341 et
658 4280 709 4334 in
737 4282 989 4343 omnibus
1018 4282 1123 4344 his,
1154 4282 1308 4349 quasi
1341 4281 1552 4349 sapiens
1580 4282 1908 4337 architectus

341 4371 540 4435 Paulus
591 4370 863 4440 apostolus
892 4367 1063 4445 iaciat
1112 4370 1521 4424 fundamentum
1549 4408 1563 4432 ,
1609 4371 1750 4439 quod
1802 4387 1903 4423 non

338 4474 420 4516 εει
454 4462 596 4516 aliud
628 4471 823 4530 praeter
848 4460 1029 4527 Iesum
1058 4461 1352 4516 Christum.
1385 4478 1403 4510 ι
1794 4462 1795 4465 “

414 4553 774 4623 llexaplorum
831 4568 893 4606 ac
946 4560 1187 4606 veterum
1236 4550 1592 4619 interpretum
1643 4549 1907 4603 lectiones

342 4645 542 4714 passim
600 4643 759 4706 al'l'ert
804 4643 1102 4704 Eusebius,
1154 4649 1210 4694 et
1251 4641 1468 4718 quidem
1509 4639 1704 4694 multas
1752 4641 1906 4713 queis

343 4736 705 4804 llieronymus
756 4749 887 4787 usus
943 4748 1048 4785 non
1098 4740 1198 4786 est.
1250 4731 1433 4789 Sicubi
1488 4745 1615 4785 vero
1660 4732 1905 4783 eundem

344 4833 574 4894 uterque
619 4824 904 4887 lectionem
966 4818 1251 4888 cxscribit,
1277 4822 1540 4877 Eusebius
1586 4820 1906 4898 prolixiores

341 4917 609 4970 exhibet:
658 4931 780 4969 nam
839 4914 1200 4988 Hieronymus
1258 4928 1361 4967 una
1426 4912 1675 4967 alterave.
1725 4910 1910 4964 vocula

345 5015 652 5071 contentus,
686 5007 968 5062 lectionem
1008 5007 1136 5061 item
1179 5002 1501 5060 Hebraicam
1530 5001 1740 5070 adjicit,
1767 5001 1908 5070 quod

344 5094 526 5152 rarius
562 5110 785 5165 prestat
817 5100 1099 5155 Eusebius.

740 5204 821 5262 ni.
849 5204 979 5264 Nihil
1000 5202 1134 5261 dubii
1155 5214 1233 5266 rupi
1254 5214 1507 5264 τησιέηυς.

418 5283 527 5340 Res
570 5298 636 5340 ex
670 5299 729 5339 se
757 5288 903 5341 clara
940 5297 996 5341 et
1026 5298 1208 5357 aperta
1243 5297 1359 5349 est,
1385 5286 1569 5350 hosce,
1598 5298 1733 5354 quos
1766 5298 1907 5337 nunc

344 5378 573 5443 edimus,
606 5390 892 5447 germanos
916 5390 969 5433 et
997 5395 1155 5434 veros
1180 5394 1299 5436 esse
1326 5378 1543 5437 Eusebii
1577 5377 1630 5431 in
1661 5375 1909 5431 l’iesaiam

348 5469 800 5533 (lonnmentarios.
853 5468 906 5521 Id
962 5468 1270 5540 Hieronymi
1344 5470 1647 5535 testimonio
1699 5466 1909 5548 conspi-

420 5632 497 5704 (5)
528 5631 658 5687 Vide
686 5638 889 5686 tornum
919 5631 1271 5700 superiorem.

2019 1845 2279 1898 suscitabo
2332 1849 2477 1901 vobis
2540 1847 2758 1915 Medos,
2837 1850 2950 1919 ipse
3019 1851 3261 1906 historiae
3334 1861 3590 1915 eventus,

2021 1921 2408 1991 testimonium.
2432 1949 2485 1994 et
2545 1940 2702 1996 ﬁdem
2753 1942 2899 1996 addit
2948 1958 2963 1995 :
3003 1957 3120 2010 qua:
3169 1943 3393 1996 historia
3449 1942 3595 2011 apud

2018 2025 2258 2093 Graecos,
2290 2027 2381 2095 qui
2420 2029 2744 2094 Chaldaica,
2777 2032 3062 2100 Assyriaca
3104 2040 3159 2087 et
3211 2032 3413 2086 Medica
3452 2032 3591 2086 scri-

2018 2126 2260 2183 pserunt,
2294 2120 2565 2185 reperitur
2596 2138 2609 2174 :
2638 2135 2870 2189 quorum
2921 2135 3019 2176 nos
3070 2122 3379 2175 testimonia
3417 2121 3587 2175 multa

2016 2204 2331 2274 collegimus
2355 2208 2415 2259 in.
2437 2208 2706 2262 Chronicis
2736 2210 2957 2263 nostris.
2998 2227 3018 2261 ›

2015 2306 2096 2355 IV.
2129 2309 2235 2367 Quo
2273 2312 2496 2371 tempore
2540 2311 2647 2360 haec
2667 2311 3025 2362 Commentaria
3066 2310 3311 2360 Eusebius
3351 2310 3585 2360 ediderit.

2088 2390 2211 2444 llaec
2248 2405 2411 2459 porro
2466 2408 2569 2446 una
2623 2392 2676 2447 in
2736 2393 2820 2449 bis
2858 2393 3277 2448 Commentariis
3330 2393 3611 2461 temporis-

2018 2488 2142 2533 nota
2176 2492 2474 2550 comparet.
2510 2484 2635 2537 Post
2664 2483 2807 2537 edita
2845 2498 3037 2553 nempe
3069 2484 3352 2547 Chronica,
3388 2483 3450 2536 id
3476 2493 3585 2559 est,

2014 2580 2134 2638 post
2180 2585 2378 2623 annum
2425 2571 2552 2636 524,
2578 2571 2952 2641 Expositiones
2995 2576 3048 2626 in
3085 2571 3333 2626 Hesaiam
3386 2571 3588 2635 edidit»,

2013 2674 2118 2728 quo
2180 2671 2359 2714 autem
2431 2676 2608 2723 anno,
2670 2677 2737 2716 ne
2799 2662 3106 2732 conjectare
3182 2662 3398 2732 quidem
3455 2674 3586 2730 pos-

2018 2766 2222 2806 SUIIIUS.

2017 2932 2053 2986 Ι.
2095 2932 2355 3006 Eusebius
2386 2952 2541 3003 parce
2572 2945 2621 2990 et
2652 2936 2821 3006 sobrie
2858 2936 2924 3006 de
2968 2935 3110 2991 Filio
3137 2936 3233 2990 Dei
3262 2936 3491 3006 loquitur
3533 2935 3599 2987 in

2084 3001 2166 3054 his
2225 3001 2645 3058 Conmentariis.
2719 3004 2780 3059 ll.
2854 3004 3050 3059 Contra
3108 3008 3285 3058 alheos
3324 3001 3377 3059 et
3424 3020 3580 3072 gene-

2087 3072 2308 3125 thliacos
2340 3075 2597 3144 interdum
2626 3075 2752 3144 agit.
2778 3073 2863 3126 lll.
2890 3074 3163 3144 Apostolos
3198 3074 3585 3144 quatuordecim

2095 3152 2367 3225 nutrierat.
2399 3141 2488 3197 IV.
2535 3141 2837 3225 Singularis
2868 3141 3279 3225 de'inartgrious
3328 3142 3582 3225 narratio.

2091 3206 2152 3261 V.
2186 3209 2492 3279 Principum
2541 3206 2869 3265 sa'c'ularium
2913 3227 3033 3279 erga
3077 3206 3364 3264 Ecclesium
3399 3212 3586 3279 pietas.

2019 3320 2055 3367 l.
2080 3319 2325 3368 Eusebius
2362 3333 2509 3381 parce
2535 3324 2588 3368 et
2608 3318 2769 3368 sobrie
2798 3320 2861 3368 de
2899 3319 3025 3368 Filio
3046 3318 3142 3368 Dei
3187 3320 3405 3381 loquitur
3431 3321 3482 3367 in
3513 3319 3615 3368 bis'

2606 3381 2995 3430 Commentariis.

2083 3459 2182 3524 Qui
2241 3460 2292 3513 in
2345 3460 2757 3513 Commentariis
2810 3460 2861 3512 in
2919 3458 3162 3513 Psalmos
3234 3471 3471 3512 errorem
3515 3458 3587 3510 de

2019 3549 2152 3604 Filio
2190 3549 2280 3604 Dei
2322 3564 2478 3603 suum
2536 3550 2735 3617 passim
2792 3549 3122 3618 insperserat
3168 3548 3446 3613 Eusebius,
3495 3547 3583 3600 hic

2015 3658 2179 3711 parce
2224 3653 2277 3697 et
2319 3642 2500 3698 sobrie
2541 3657 2603 3697 ea
2656 3643 2721 3696 de
2774 3656 2831 3696 re
2862 3648 2920 3694 ut
2970 3638 3259 3709 plurimum
3302 3639 3581 3707 loquitur:

2018 3733 2367 3801 quamobrem
2410 3733 2769 3803 Hieronymus
2798 3730 2888 3799 qui
2918 3728 3254 3784 Psalmorum
3285 3727 3587 3797 Expositio.

2019 3838 2141 3876 nem
2170 3822 2437 3877 Arianicis
2467 3822 2746 3876 erroribus
2777 3834 3050 3890 aspersam
3089 3833 3209 3874 esse
3245 3818 3585 3883 testiﬁcatur,
3674 3886 3679 3887 ί

2019 3916 2148 3968 nihil
2186 3915 2488 3984 hujusmodi
2526 3916 2779 3970 observat
2804 3916 2856 3969 in
2897 3916 3001 3970 hoc
3031 3914 3442 3969 commentario.
3475 3912 3580 3967 Sed

2017 4007 2139 4074 quia
2168 3992 2397 4059 arduum
2439 4016 2524 4060 est
2563 4007 2652 4060 diu
2690 4008 3023 4075 multumque
3055 4007 3312 4067 scribere,
3355 4004 3484 4072 quin
3519 4018 3585 4058 ex

2017 4105 2194 4151 Illeltle
2242 4097 2520 4166 scriptoris
2565 4098 2769 4167 aliquid
2821 4097 2901 4151 vel
2952 4097 3320 4166 imprudenter
3366 4094 3580 4155 emuat,

2017 4204 2120 4243 non
2169 4190 2400 4244 obscure
2441 4191 2767 4245 sententiam
2803 4202 2953 4242 suam
2994 4188 3173 4255 prodit
3208 4186 3469 4241 Eusebius
3513 4187 3579 4239 ad

2015 4293 2134 4347 cap.
2166 4295 2321 4343 mn,
2354 4282 2441 4334 nhi
2478 4280 2530 4332 in
2563 4281 2675 4333 haec
2710 4277 2870 4333 verba
2905 4295 2918 4329 :
2958 4274 3097 4343 Ἐγὼ
3127 4277 3154 4327 ὁ
3186 4276 3337 4340 Θεὸς,
3370 4277 3464 4329 καὶ
3483 4278 3584 4329 οὐκ

2016 4372 2129 4428 ἔστι
2160 4372 2334 4443 παρὲξ
2363 4372 2496 4442 ἐμοῦ
2543 4371 2749 4434 σώζων,
2778 4371 2828 4424 id
2863 4379 2945 4424 est
2970 4387 2984 4423 :
3022 4387 3040 4419 ι
3072 4369 3178 4435 Ego
3203 4368 3363 4431 Deus,
3391 4377 3445 4420 et
3475 4382 3580 4420 non

2013 4474 2094 4518 est
2111 4474 2305 4532 praeter
2329 4479 2413 4517 me
2438 4464 2529 4531 qui
2559 4463 2763 4516 salvum
2784 4461 2963 4525 faciat,
2980 4479 2998 4511 ι
3018 4460 3196 4514 sicille
3211 4459 3372 4512 habet
3396 4475 3409 4510 :
3434 4459 3580 4521 Μιᾶς

2012 4554 2118 4622 γὰρ
2156 4553 2321 4623 οὔσης
2358 4554 2551 4623 ἀρχῆς,
2585 4552 2681 4622 μία
2711 4552 2795 4621 εἴη
2827 4550 2891 4603 ἂν
2916 4553 2949 4620 ἡ
2987 4550 3195 4619 Θεότης,
3229 4543 3261 4623 ᾖ
3294 4565 3584 4630 συμπαρα-

2011 4642 2340 4713 λαμϐάνεται
2385 4643 2477 4694 καὶ
2524 4640 2681 4711 ὴτοῦ
2731 4638 3066 4707 Μονογενοῦς
3094 4640 3258 4691 αὑτοῦ
3312 4638 3577 4707 θεολογεα.

2013 4733 2125 4788 lloc
2174 4743 2256 4786 est
2291 4751 2303 4785 :
2346 4749 2364 4783 ι
2395 4731 2527 4785 Nam
2562 4747 2681 4785 cum
2717 4746 2881 4785 unum
2933 4741 3002 4785 snt
3065 4731 3426 4800 principium,
3477 4745 3581 4783 una

2013 4825 2173 4880 fuerit
2217 4834 2272 4878 et
2303 4825 2498 4886 deitas,
2544 4836 2777 4890 quacum
2810 4824 3106 4877 assumitur
3155 4821 3425 4891 Unigeniti
3458 4821 3577 4889 ejus

2014 4916 2370 4986 theologiam
2426 4914 2517 4968 ubi
2570 4900 2675 4968 non
2728 4914 2849 4969 ideo
2896 4913 3017 4967 Filii
3072 4914 3397 4983 theologiam
3455 4926 3577 4966 cum

2013 5017 2233 5076 paterna
2268 5005 2468 5065 deitate
2513 5007 2715 5060 assumi
2749 5005 2885 5069 vult,
2919 5006 3058 5073 quod
3110 5005 3281 5059 deitas
3322 5004 3439 5059 Filii
3471 5019 3576 5058 una

2012 5100 2311 5166 eademque
2341 5099 2413 5151 sit
2442 5104 2606 5165 atque
2638 5106 2865 5166 paterna
2891 5116 2905 5151 :
2937 5112 3058 5151 nam
3090 5112 3209 5151 eam
3246 5096 3334 5151 ille
3362 5105 3576 5151 senten-

2014 5191 2138 5243 tiam
2171 5199 2229 5243 ut
2280 5188 2640 5244 Sabellianam
2683 5189 2913 5258 respuit;
2951 5189 3049 5242 sed
3092 5188 3250 5258 quod.
3280 5189 3349 5242 ob
3383 5187 3577 5247 simili-

2015 5281 2252 5333 tudinem
2303 5280 2609 5348 quamdam,
2657 5280 2724 5334 ab
2756 5290 2878 5334 ortu
2931 5279 3069 5334 Deus
3118 5279 3419 5348 appellatus
3470 5279 3579 5342 sit,

2013 5373 2276 5442 siquidem
2306 5372 2550 5441 principii
2576 5381 2630 5427 et
2658 5372 2875 5435 deitatis
2906 5372 3166 5437 unitatem
3200 5371 3251 5425 in
3279 5370 3393 5425 solo
3415 5370 3578 5437 Patre

2015 5460 2219 5520 servari
2253 5464 2328 5519 ait
2357 5464 2465 5533 hic,
2495 5472 2548 5519 et
2580 5464 2778 5533 passim
2810 5463 3155 5534 apertiusque
3203 5463 3255 5518 in
3290 5463 3410 5520 aliis
3444 5476 3578 5534 ope-
