4068 6198
320 233 396 289 85

306 603 320 653 i

1269 227 1781 285 COMMENTARIA
1824 228 1890 282 ΙΝ
1931 227 2187 284 lSAlAM.
2230 259 2295 268 —
2332 226 2728 284 ΡΒᾸΞΈΑἸῚΟ.

3554 237 3625 286 86

328 346 535 407 ribus,
610 349 673 394 ut
738 344 1204 392 commonstratur
1266 355 1317 391 ιιι
1382 340 1840 409 prmliminaribus
1889 357 1913 394 ιι

2019 350 2403 404 ,acceuentes,
2442 347 2787 407 usurparent.
2818 337 3017 392 Locum
3072 337 3268 394 afferre
3314 357 3382 396 ue
3425 343 3623 413 pigeat.

329 432 815 489 Commentarium
848 429 899 481 in
938 426 1209 493 Psalmos,
1244 429 1333 483 ubi
1367 430 1582 486 videsis.

490 539 556 588 ll.
576 537 747 590 Contra
770 536 948 584 atheus
968 539 1021 583 et
1042 533 1388 596 genethliacos
1409 535 1658 585 interdum
1679 539 1797 600 agit.

426 620 566 689 Quia
631 619 846 675 Eusebii
903 633 1052 682 mvo,
1103 618 1246 671 athei
1305 618 1494 681 multi,
1546 629 1603 674 et
1660 621 1933 690 religionis

352 713 554 767 nullius
606 711 854 765 homines
927 718 1126 773 erant,
1177 709 1270 779 qui
1329 709 1441 766 fato
1499 727 1689 767 omnes
1752 730 1932 769 rerum

351 813 572 858 eventus
607 802 983 865 ascriberent;
1018 800 1261 867 ejusdem
1307 799 1495 855 farinre
1538 802 1787 857 homines
1819 818 1935 871 pas-

351 894 449 946 sim
479 894 779 946 insectatur
808 891 1076 945 Eusebius
1111 890 1224 955 hic,
1259 900 1315 944 ut
1348 891 1399 945 in
1429 890 1852 950 Commentariis
1878 896 1930 949 in

346 982 622 1036 Psalmos:
648 983 741 1037 ubi
771 992 884 1036 tum
915 981 1144 1046 ratione,
1164 991 1274 1035 tum
1303 983 1567 1051 exemplis
1590 986 1927 1055 comprobat,

341 1072 582 1126 numinis
624 1072 970 1141 providentia
1012 1070 1269 1124 mundum
1307 1071 1698 1126 administrari.
1743 1090 1761 1123 ι
1793 1068 1927 1129 Nam

340 1176 459 1214 cum
497 1161 775 1229 sapientes
811 1159 971 1229 hujus
1019 1157 1220 1224 saeculi,
1250 1177 1269 1211 ι
1304 1160 1385 1214 sic
1434 1159 1523 1214 ille
1554 1160 1621 1214 ad
1667 1175 1789 1231 cap.
1823 1178 1889 1215 χι,
1912 1201 1927 1228 ,

345 1271 363 1303 ι
391 1251 576 1305 omnia
625 1259 926 1320 spontaneo
975 1250 1190 1305 cuidam
1230 1265 1410 1304 rerum
1457 1251 1660 1316 motui,
1707 1267 1771 1307 ac
1822 1252 1927 1306 for-

341 1343 478 1397 tuito
526 1341 763 1397 naturali
821 1342 971 1397 casui
1021 1350 1077 1395 et
1122 1339 1233 1395 fato
1263 1343 1573 1409 aseribant;
1619 1347 1927 1401 necessario

336 1448 583 1503 praesens
630 1448 831 1500 sermo,
890 1432 1092 1487 nullam
1137 1447 1320 1487 rerum
1375 1433 1603 1490 fortuito
1655 1451 1781 1491 casu
1827 1454 1924 1492 ex-

339 1521 556 1587 sistere,
585 1522 681 1576 sed
715 1521 898 1575 omnia
936 1536 1061 1575 eum
1110 1536 1364 1575 mensura
1408 1531 1462 1575 et
1498 1540 1725 1579 numero
1756 1541 1785 1579 a
1823 1525 1926 1579 Do-

340 1614 513 1679 mino,
556 1614 645 1683 qui
677 1613 819 1668 Deus
858 1614 1208 1683 praedicatur,
1255 1614 1553 1669 constituta
1604 1615 1791 1683 fuisse,
1825 1619 1921 1673 de-

2038 431 2118 483 Ad
2149 430 2293 484 illum
2326 431 2530 489 llesaiae
2556 446 2768 483 versum
2793 444 2911 496 cap.
2939 444 3061 484 xuv
3088 450 3100 483 :
3125 425 3314 496 Οὗτος
3335 432 3487 499 ἐρεῖ·
3515 433 3625 489 Τοῦ

2041 522 2189 576 Θεοῦ
2220 526 2369 591 ειμι,
2406 524 2502 575 καὶ
2547 518 2725 586 οὗτος
2767 520 3063 587 βοήσεται
3112 521 3210 576 ἐπὶ
3257 521 3337 588 τῷ
3382 525 3625 593 ὀνόματι

2050 613 2282 675 Ἰακὼϐ,
2330 614 2426 666 καὶ
2476 613 2674 680 ἕτερος
2721 610 3033 679 ἐπιγφάψει
3091 610 3165 680 τῇ
3217 612 3365 681 χειρὶ
3412 613 3618 669 αῠτθῦο

2042 704 2153 757 Τοῦ
2187 703 2335 758 Θεοῦ
2364 706 2499 773 εἰμι,
2536 704 2632 757 καὶ
2664 702 2760 755 ἐπὶ
2797 702 2876 767 τῷ
2906 704 3150 771 ὀνόματι
3184 705 3430 773 Ἰσραὴλ
3466 705 3622 773 βοή-

2034 810 2235 848 σεται·
2274 794 2324 848 id
2374 804 2456 849 est
2500 813 2511 846 :
2549 812 2565 845 ι
2599 792 2695 846 llic
2741 793 2881 847 dicet
2914 812 2925 845 :
2971 794 3061 848 Dei
3100 809 3250 859 sum,
3279 805 3335 849 et
3382 796 3472 850 hic
3511 796 3623 851 cla-

2035 886 2203 939 mabit
2252 887 2301 939 in
2353 886 2571 939 nomine
2615 884 2812 948 lacob;
2864 894 2919 938 et
2966 886 3105 939 alius
3149 886 3420 942 describet
3455 904 3623 943 manu»

2034 990 2129 1029 sua
2160 994 2170 1027 :
2200 974 2289 1027 Dei
2332 990 2474 1040 sum,
2507 985 2561 1027 et
2612 974 2663 1027 in
2702 975 2922 1028 nomine
2954 974 3122 1029 Israel
3163 974 3451 1042 clamabit;
3485 997 3503 1030 ι
3540 979 3620 1035 sic

2034 1066 2195 1119 habet
2233 1066 2319 1119 ille
2361 1084 2373 1119 :
2421 1065 2709 1135 Θαυμάσαι
2742 1064 2799 1117 δὲ
2852 1064 3000 1130 ἔστι,
3051 1067 3145 1119 καὶ
3198 1067 3618 1139 καταπλαγῆναι

2031 1156 2243 1226 ἀληθῶς
2295 1155 2394 1226 τὴν
2446 1155 2554 1207 τῶν
2605 1156 2957 1226 προᾳητικῶν
3020 1155 3192 1223 λόγων
3246 1157 3493 1229 δύναμιν,
3542 1158 3619 1223 ὡς

2030 1250 2210 1311 αὐτοῖς
2244 1248 2426 1319 ἔργοις
2471 1246 2537 1300 τὰ
2587 1248 2999 1318 ἀποτελέσματα
3052 1248 3487 1321 παρειλήφαμεν.
3527 1251 3615 1305 Ἐν

2030 1338 2159 1409 γοῦν
2195 1343 2305 1402 τοῖς
2344 1340 2468 1391 καθ’
2518 1341 2665 1409 ἡμᾶς
2718 1340 2917 1402 αὐτοὺς
2972 1341 3285 1410 γενομένοις
3330 1342 3612 1413 διωγμοῖς.

2031 1432 2256 1495 πολλοὺς
2290 1432 2397 1485 τῶν
2439 1432 2749 1505 ἀλλοφύλων
2797 1434 2966 1486 ἐθνῶν
2998 1433 3361 1505 ἐθεασάμεθα,
3404 1450 3613 1505 προαρ-

2030 1523 2299 1589 πάζοντας
2342 1526 2553 1587 ἑαυτοῖς
2587 1524 2681 1587 τὰς
2723 1524 2829 1578 τῶν
2878 1524 3047 1592 ἁγίων
3086 1526 3294 1597 ἀνδρῶν
3339 1542 3614 1597 neos-mov-

2032 1616 2179 1683 ρέας·
2227 1611 2300 1668 ὢν
2341 1618 2367 1668 ὁ
2417 1616 2513 1685 μὲν
2548 1616 2737 1669 ἑαυτὸν
2777 1614 2969 1668 Ἰακὼϐ
3018 1616 3235 1680 ἐκάλει,
3289 1618 3383 1669 καὶ
3427 1616 3614 1687 ἔτερος

340 1704 585 1758 clarat.»
634 1703 755 1757 Pari
805 1705 967 1758 modo
1023 1703 1296 1758 invehitur
1343 1704 1395 1758 in
1443 1719 1537 1759 eos
1578 1707 1701 1775 qui,
1752 1710 1913 1764 motui

2040 1704 2276 1775 Ἰσραὴλ,
2335 1705 2491 1768 ἄλλος
2524 1707 2580 1759 δὲ
2637 1705 2924 1777 Ἰερεμίαν,
2980 1707 3073 1760 καὶ
3117 1706 3342 1760 Ἡσαΐαν
3386 1684 3610 1776 ἔτερος,

347 1804 625 1848 astrorum
682 1794 859 1848 omnia
934 1795 1308 1858 ascribentes,
1358 1796 1600 1865 genesim
1662 1797 1925 1868 cujusque

348 1885 739 1953 explorabant:
770 1887 860 1957 qui
894 1886 1209 1956 frequentes
1260 1886 1353 1940 illa
1386 1895 1704 1955 tempestate
1737 1898 1918 1943 erant.

353 1974 611 2045 Legimus
653 1992 781 2032 sane
817 1977 1097 2031 Eusebium
1136 1977 1496 2043 Emesenum,
1540 1981 1685 2048 quod
1728 1980 1923 2033 ἀποτε-

346 2065 688 2138 λεσματικὴν
759 2077 1065 2133 exerceret,
1124 2083 1153 2121 a
1208 2066 1367 2137 plebe
1435 2067 1651 2137 pulsum
1724 2070 1921 2126 throno

342 2155 515 2212 fuisse
1124 2222 1129 2229 ι

467 2246 552 2296 ΙΙΙ.
592 2248 856 2310 Apostolos
878 2252 1252 2312 quatuordecim
1278 2260 1504 2304 numerat
1529 2254 1788 2304 Eusebius.

408 2331 695 2400 Apostolus
736 2335 1152 2401 quatuordecim
1206 2347 1456 2392 recenset
1501 2338 1790 2402 Eusebius,
1836 2337 1919 2391 ni-

337 2424 533 2477 mirum
582 2424 868 2479 duodecim
910 2426 1033 2481 illos
1064 2428 1346 2498 pristinos,
1378 2428 1602 2485 Matthia
1638 2430 1691 2485 in
1736 2431 1915 2484 locum

330 2513 482 2570 Iuda:
549 2518 845 2583 proditoris
894 2518 1277 2573 duodecimum
1345 2519 1525 2576 locum
1587 2528 1913 2589 occupante,

333 2603 558 2659 Paulum
585 2617 639 2660 et
666 2604 929 2662 Iacobum
963 2607 1185 2663 fratrem
1222 2609 1467 2675 Domini;
1498 2626 1620 2665 nam
1654 2610 1913 2666 Jacobum

330 2694 479 2749 illum
513 2696 736 2752 fratrem
769 2696 1005 2773 Domini,
1034 2699 1197 2752 alium
1228 2716 1258 2753 a
1287 2698 1488 2755 Jacobo
1517 2701 1720 2771 Alphzei
1754 2712 1909 2773 putat

328 2803 473 2843 esse.
524 2788 661 2843 Tres
720 2790 905 2858 itaque
951 2790 1277 2861 ὁμωνύμους
1336 2792 1610 2863 apostolos
1663 2805 1913 2851 numerat

336 2878 620 2945 Eusebius,
660 2880 918 2935 Jacobum
970 2882 1198 2937 fratrem
1242 2881 1489 2950 Joannis,
1526 2884 1786 2941 Iacobum
1816 2888 1911 2942 Al-

334 2970 597 3070 phariiet
647 2969 908 3027 Jacobum
959 2971 1181 3070 fratrem
1222 2973 1473 3042 Domini,
1518 2992 1677 3047 quem
1722 2978 1798 3034 ait
1841 2980 1909 3035 ab
1941 3012 1993 3070 (τΓ

333 3060 449 3127 ipso
469 3059 682 3115 Christo
701 3062 1007 3132 episcopum
1027 3060 1533 3133 Jerosolymitanum
1556 3070 1908 3126 constitutum

335 3151 522 3204 luisse.
571 3149 723 3207 llune
750 3169 912 3222 porro
952 3155 1127 3210 locum
1166 3155 1529 3228 Hieronymus
1570 3174 1634 3215 ex
1674 3160 1910 3219 Eusebio

332 3244 400 3297 ad
439 3245 655 3298 verbum
701 3262 860 3316 pene,
911 3257 970 3303 ut
1004 3250 1205 3317 passim
1253 3250 1424 3315 solet,
1473 3253 1781 3314 transtulit.
1818 3256 1907 3324 qui

331 3343 508 3389 tamen
543 3350 661 3390 eam
708 3338 877 3407 ipsam
921 3339 1230 3408 opinionem
1265 3341 1318 3394 in
1358 3341 1498 3397 libro
1540 3341 1737 3399 Contra
1780 3343 1909 3400 Hel-

325 3426 525 3479 vidium
569 3438 880 3498 oppugnat,
933 3431 1175 3501 duosque
1242 3442 1449 3488 tantum
1495 3433 1729 3491 Jacobos
1788 3451 1910 3493 esse

325 3517 588 3573 defendit.
616 3519 800 3575 Trium
838 3538 1001 3600 porro
1044 3522 1369 3579 Jacoborum
1397 3528 1705 3597 opinionem
1738 3527 1909 3584 Euse-

324 3610 446 3665 bius
488 3627 557 3665 es
603 3611 840 3682 Origene
873 3624 1154 3670 mutuatus
1186 3616 1441 3672 videtur:
1476 3632 1598 3671 nam
1652 3618 1697 3673 is
1745 3634 1906 3689 quem

325 3703 426 3758 sibi
459 3702 692 3758 alterum
738 3703 856 3771 ejus
894 3706 1169 3774 opinionis
1208 3718 1491 3763 auctorem
1523 3708 1748 3763 ascribit
1802 3711 1906 3766 Eu-

323 3794 531 3860 sebius,
571 3795 666 3848 lib.
695 3810 731 3848 ιι
774 3794 919 3850 Hist.
944 3797 1096 3865 σεεμ,
1129 3814 1250 3868 cap.
1280 3799 1333 3867 l,
1369 3799 1627 3855 Clemens
1659 3802 1908 3857 videlicet

319 3885 747 3949 Alexandrinus,
779 3886 995 3942 Eusebii
1035 3890 1323 3945 sententia:
1350 3890 1694 3955 adversatur,
1725 3893 1817 3946 δύο
1847 3894 1904 3947 δὲ

318 3974 580 4042 γεγόνασι
615 3975 882 4039 Ἰάκωῦοι,
914 3977 993 4032 sic
1040 3978 1149 4042 ille,
1179 3976 1260 4044 εἷς
1290 3982 1318 4033 ὁ
1359 3979 1596 4044 Mirator
1632 3982 1818 4053 ἕτερος
1850 3985 1905 4038 δὲ

318 4068 347 4118 ὸ
376 4067 787 4136 separaui-mei;
825 4085 839 4121 :
884 4086 902 4119 ι
934 4068 1049 4123 Duo
1077 4076 1257 4124 autem
1314 4067 1499 4125 Jacobi
1540 4071 1726 4138 fuere;
1769 4073 1906 4127 alius

314 4157 519 4225 justus,
545 4172 568 4209 ο
616 4156 730 4211 sive
760 4157 966 4224 Minor;
1020 4177 1039 4209 ι
1070 4158 1210 4215 alius
1245 4160 1337 4229 qui
1389 4161 1571 4230 capite
1623 4172 1904 4219 truncatus

319 4254 426 4308 est,
451 4263 474 4295 ι
503 4257 599 4299 seu
639 4245 829 4315 Major.
858 4246 967 4302 Nec
1002 4247 1214 4303 felicius
1238 4254 1426 4304 eodem
1463 4249 1623 4314 libro,
1660 4265 1781 4321 cap.
1806 4252 1899 4316 25,

2027 1797 2119 1849 καὶ
2176 1797 2369 1867 Δανιὴλ
2413 1798 2572 1851 πάλιν
2618 1798 2793 1860 ἄλλος.
2843 1798 3079 1860 Τοιαῦτα
3125 1798 3255 1866 γοῦν
3307 1796 3609 1867 ἐπιγραφό-

2029 1903 2178 1955 μενοι
2249 1888 2486 1956 ὀνόματα
2546 1887 2638 1939 ἐπὶ
2690 1886 2750 1939 τὸ
2820 1888 3115 1957 μαρτύριον
3171 1888 3265 1941 τοῦ
3322 1887 3457 1940 Θεοῦ
3514 1888 3613 1942 σὺν

2025 1977 2204 2047 πολλῷ
2234 1978 2423 2049 θάρσει
2453 1978 2546 2030 καὶ
2581 1978 2862 2048 παρῤησίᾳ
2897 1976 3178 2047 παρῄεσαν
3198 1994 3210 2007 ’
3248 1977 3283 2029 ἃ
3310 1977 3375 2046 δὴ
3408 1978 3608 2047 σημαί-

2022 2081 2185 2119 νουσα
2228 2066 2600 2136 ήνπροφητεὶα
2645 2066 2841 2136 φησιν·
2883 2061 3070 2131 Οὗτος
3113 2065 3251 2133 ἐρεῖ·
3303 2065 3413 2119 Τοῦ
3461 2066 3609 2119 Θεοῦ

2020 2159 2157 2225 ειμι,
2182 2174 2234 2209 κ.
2265 2175 2313 2209 τ.
2341 2156 2390 2209 λ.
2421 2156 2530 2210 lloe
2553 2167 2671 2211 est:
2707 2176 2724 2207 ι
2751 2156 3111 2227 Mirari‘plaue
3140 2158 3286 2212 subit
3313 2156 3609 2227 prophetiae

2020 2250 2132 2303 vim
2165 2260 2217 2303 et
2245 2248 2565 2312 etIicaciam,
2595 2259 2651 2303 et
2684 2264 2847 2318 quam
2886 2262 3014 2303 vere
3040 2250 3117 2304 rei
3149 2260 3405 2309 eventum
3434 2248 3608 2304 oculis

2019 2338 2446 2408 perceperimus.
2494 2336 2629 2390 Nam
2661 2337 2711 2390 in
2748 2335 3219 2407 perseeutionibus
3247 2345 3435 2402 nostro
3471 2346 3606 2389 tem-

2019 2444 2151 2498 pore
2179 2428 2490 2491 concitatis,
2516 2428 2715 2483 multos
2757 2443 2823 2482 ex
2860 2427 3184 2495 alienigenis
3229 2426 3479 2495 gentibus
3524 2425 3609 2479 vi-

2019 2521 2218 2584 dimus,
2267 2521 2357 2589 qui
2415 2530 2729 2575 sanctorum
2791 2520 3034 2573 virorum
3092 2520 3311 2573 nomina
3370 2531 3605 2585 usurpa-

2017 2610 2175 2675 bant;
2213 2610 2352 2665 alius
2384 2612 2584 2680 quippe
2612 2625 2734 2665 sese
2778 2609 3041 2665 Jacobqu
3088 2608 3425 2677 appellabat;
3463 2611 3605 2664 alius

2016 2703 2294 2766 lsraelem,
2329 2702 2467 2756 alius
2514 2701 2843 2767 Jeremiam;
2891 2702 2979 2755 hic
3015 2699 3294 2763 llesaiam,
3344 2700 3449 2753 iste
3488 2698 3599 2754 Da-

2016 2792 2236 2848 nielem.
2291 2776 2503 2846 Etenim
2558 2793 2640 2846 bis
2694 2792 2798 2845 sibi
2852 2790 3106 2860 ascriptis
3161 2788 3491 2855 nominibus,
3525 2790 3597 2843 ad

2017 2883 2336 2954 martyrium
2401 2897 2498 2952 pro
2552 2882 2661 2936 Deo
2717 2879 3059 2935 subeundum
3123 2893 3246 2934 cum
3299 2876 3496 2933 ﬁducia
3545 2887 3602 2933 et

2016 2975 2321 3031 constantia
2356 2974 2707 3028 accedebant.
2734 2971 2863 3039 Quae
2899 2970 3179 3043 prophetia
3205 2969 3434 3036 indicat,
3466 2970 3593 3025 dum

2018 3068 2095 3124 ait
2143 3087 2155 3121 :
2206 3066 2306 3121 Hic
2334 3066 2467 3119 dicet
2501 3081 2519 3118 :
2550 3065 2643 3119 Dei
2677 3080 2823 3131 sum,
2858 3075 2961 3119 etc.
3013 3082 3033 3116 ι

2124 3158 2183 3209 V.
2213 3156 2497 3220 Principum
2519 3158 2823 3207 saecularium
2849 3169 2970 3218 erga
2995 3155 3268 3204 Ecclesiam
3303 3156 3479 3218 pietas.

2085 3237 2145 3295 lu
2204 3241 2347 3295 hunc
2400 3256 2615 3295 versum
2674 3254 2795 3309 cap.
2848 3253 2973 3293 xux
3010 3257 3023 3293 :
3057 3257 3075 3290 ι
3114 3239 3176 3293 Et
3230 3250 3393 3294 erunt
3442 3253 3599 3311 reges

2013 3333 2226 3388 uutritii
2261 3332 2367 3397 tui,
2402 3341 2457 3386 et
2505 3332 2705 3400 regina:
2743 3330 2988 3385 nutrices
3034 3340 3179 3396 tum,
3205 3349 3225 3382 ι
3272 3330 3388 3385 haec
3431 3331 3597 3386 habet

2011 3423 2281 3479 Eusebius
2317 3432 2619 3478 memoratu
2674 3422 2835 3492 plane
2884 3421 3088 3491 digna:
3132 3439 3150 3473 ι
3181 3421 3335 3488 Quod
3380 3423 3449 3478 ad
3498 3423 3593 3478 lit-

2016 3525 2185 3571 teram
2222 3515 2503 3584 impletum
2556 3514 2687 3583 ipsis
2725 3512 2902 3569 oculis
2928 3514 3226 3580 cernimus,
3263 3516 3389 3569 dum
3431 3515 3467 3571 ii
3499 3516 3594 3583 qui

2010 3620 2324 3677 supremum
2379 3604 2667 3675 imperium
2705 3604 2975 3669 obtinent,
3025 3604 3361 3670 Ecclesium,
3412 3607 3591 3661 nutri-

2012 3698 2207 3751 tiorum
2244 3697 2438 3758 instar,
2484 3703 2699 3764 gestant
2726 3704 2782 3749 et
2818 3695 3047 3750 fovent:
3086 3710 3150 3749 ac
3202 3696 3403 3764 regina:
3451 3710 3589 3765 gen-

2011 3786 2163 3849 tium,
2197 3785 2247 3838 id
2283 3791 2386 3846 est,
2427 3783 2764 3854 singularum
2811 3784 3050 3853 gentium
3096 3792 3150 3839 et
3183 3784 3588 3853 provinciarum

2009 3876 2384 3950 magistratus,
2428 3893 2665 3948 superno
2705 3878 2819 3947 regi
2870 3877 3280 3943 ministrantes,
3330 3887 3588 3950 tanquam

2008 3971 2270 4034 nutrices,
2328 3969 2655 4039 pauperibus
2717 3968 2974 4025 Ecclesia:
3030 3969 3385 4041 imperatorio
3453 3979 3589 4027 nutu

2004 4076 2271 4117 annonam
2320 4060 2710 4129 suppeditant:
2745 4075 2915 4128 quare
2955 4060 3197 4116 nutrices
3230 4061 3349 4131 ejus
3389 4077 3590 4118 vocan-

2007 4160 2124 4215 tur;
2155 4152 2268 4205 sive
2294 4150 2589 4204 seeundum
2609 4149 3016 4219 Symmachum,
3041 4168 3060 4202 ι
3087 4149 3170 4206 lac
3198 4152 3536 4221 praebentes;
3560 4170 3584 4207 ι

2005 4243 2082 4296 sic
2125 4243 2267 4295 enim
2302 4239 2468 4294 habet
2523 4258 2536 4293 :
2582 4239 2650 4293 Et
2694 4240 2887 4310 regina:
2926 4257 3107 4297 eorum
3140 4244 3225 4298 lac
3259 4246 3582 4300 nrwbsbunt.

320 4332 685 4404 Hegesippum
711 4346 770 4388 ut
796 4336 897 4390 sibi
928 4336 1313 4407 astipulantem
1339 4337 1515 4393 affert.
1549 4337 1639 4394 Ille
1670 4356 1901 4411 namque
1936 4342 1978 4396 Ι)
2008 4334 2140 4399 Quis
2169 4343 2349 4387 amem
2401 4341 2726 4387 “1801073105
2772 4331 3056 4402 ντειιΐεειοε
3104 4351 3335 4392 cernens
3392 4336 3446 4390 in
3494 4352 3587 4393 ec-

316 4420 583 4479 Jacobum
630 4427 845 4495 quidem
891 4442 1012 4483 cum
1060 4428 1319 4499 apostolis
1354 4428 1655 4486 Ecclesium
1686 4431 1904 4488 Jeroso-

322 4516 638 4587 lymitanam
674 4521 879 4576 rexisse
922 4522 1033 4586 ait,
1079 4537 1179 4578 nec
1214 4524 1335 4579 ideo
1385 4534 1561 4579 tamen
1611 4527 1784 4596 ipsum
1834 4543 1899 4582 ex

323 4610 393 4663 l2
427 4612 795 4679 apostolorum
840 4629 1067 4669 numero
1111 4629 1217 4669 non
1266 4615 1456 4683 fuisse,
1497 4618 1583 4674 vel
1638 4621 1899 4687 declarat,

318 4700 403 4755 vel
438 4702 635 4757 innuit.
668 4701 820 4768 Quod
862 4720 990 4759 vero
1023 4706 1075 4760 in
1105 4705 1540 4764 Commentariis
1572 4710 1626 4763 in
1654 4710 1901 4767 Psalmos

316 4791 397 4845 ait
449 4790 735 4858 Eusebius,
766 4794 910 4848 haud
945 4794 1163 4852 dillicile
1197 4813 1319 4853 esse
1361 4798 1628 4868 cujusque
1679 4810 1899 4870 aposto-

316 4877 498 4934 lorum
549 4882 745 4935 tribqu
794 4886 1109 4953 assignare,
1153 4886 1241 4941 hic
1289 4887 1616 4942 confirmare
1664 4889 1897 4955 videtur,

319 4970 450 5023 dum
490 4969 570 5024 ait
618 4969 814 5027 Judam
879 4975 1182 5044 apostolum
1235 4977 1570 5047 proditorem
1629 4992 1695 5033 ex
1756 4980 1899 5035 tribu

317 5059 581 5128 prraim
612 5062 802 5119 fuisse.

466 5175 546 5224 IV.
575 5176 851 5239 Singularis
873 5178 1074 5229 Eusebii
1095 5181 1158 5230 de
1185 5182 1478 5243 martyribus
1500 5187 1731 5234 narratio.

392 5258 684 5328 Singulare
735 5274 961 5330 prorsus
1003 5273 1089 5317 est
1129 5264 1273 5332 quod
1310 5265 1476 5320 habet
1522 5267 1789 5322 Eusebius
1833 5268 1900 5323 de

316 5350 386 5405 iis
436 5351 563 5420 qui,
604 5367 671 5405 ex
704 5353 1000 5419 gentilibus
1031 5354 1097 5409 ad
1135 5356 1291 5411 fidem
1340 5358 1621 5423 conversi,
1653 5360 1719 5413 ad
1752 5374 1897 5413 mar-

316 5443 520 5512 tyrium
567 5444 931 5509 accedebant;
980 5447 1124 5514 quod
1156 5449 1384 5516 scilicet,
1419 5450 1654 5521 propriis
1704 5452 1898 5521 positis

315 5531 652 5597 nominibus,
680 5534 981 5603 priscorum
1016 5538 1455 5607 patriarcharum
1499 5549 1555 5594 et
1600 5542 1893 5611 propheta-

315 5636 439 5678 rum
477 5625 770 5687 vocabula.
816 5627 881 5683 ad
927 5643 1116 5685 necem
1153 5644 1253 5688 oro
1294 5629 1513 5689 Christo
1564 5632 1895 5689 subeundam

2006 4424 2168 4478 clesia
2205 4423 2295 4477 Dei
2329 4438 2504 4492 genua
2546 4421 2787 4489 ﬂectere,
2817 4439 2881 4479 ac
2917 4425 2971 4478 in
3004 4424 3242 4481 frontem
3274 4425 3425 4481 humi
3463 4442 3583 4498 pro-

2004 4513 2294 4577 cumbere,
2338 4527 2443 4567 non
2506 4514 2740 4568 fateatur
2792 4513 2933 4571 hanc
2986 4516 3323 4585 prophetiam
3379 4517 3448 4572 ad
3492 4517 3579 4573 lit~

2007 4613 2173 4657 teram
2220 4604 2543 4672 completam
2596 4620 2753 4671 esse,
2803 4624 2908 4678 qua
2955 4610 3157 4664 diserte
3205 4609 3316 4664 ait:
3346 4608 3584 4680 c-Super

2005 4696 2197 4751 faciem
2224 4705 2378 4751 terra:
2404 4696 2707 4753 adorabunt
2732 4709 2805 4765 te,
2833 4712 2887 4756 et
2924 4699 3217 4768 pulverem.
3250 4700 3583 4770 pedumtuo-

2012 4804 2131 4843 rum
2161 4789 2417 4858 litigent.»
2455 4788 2552 4844 Ubi
2579 4791 2729 4845 vides
2759 4792 2886 4844 item
2919 4806 3129 4847 morem
3159 4790 3580 4860 genuectendi,

2003 4896 2068 4935 ac
2096 4880 2150 4934 in
2186 4890 2385 4935 terram
2422 4883 2834 4949 procumbeudi,
2872 4884 2959 4939 hic
2991 4896 3050 4939 ut
3080 4884 3136 4939 in
3162 4884 3580 4941 Commentariis

2004 4969 2056 5028 in
2104 4969 2350 5024 Psalmos
2381 4970 2685 5040 praedicari.

2713 5059 2748 5131 θ
2784 5060 2871 5115 Iv.

2002 5150 2044 5205 Ι.
2084 5149 2859 5225 υιιιιιινοωε-,Ιιιάιινονιιιιιἱ
3009 5152 3329 5225 patriarcha
3358 5163 3408 5207 et
3452 5171 3582 5225 apo-

2071 5220 2222 5275 stolis
2272 5221 2412 5287 apud
2454 5219 2691 5273 Juda’os.
2755 5218 2841 5276 ΙΙΙ.
2891 5218 3148 5275 Eusebius
3203 5220 3428 5280 Hel:er
3479 5218 3580 5279 do-

2071 5299 2211 5428 ;(ore
2250 5299 2325 5343 est
2360 5305 2505 5342 usus.
2538 5287 2625 5342 IV.
2654 5289 2739 5341 Ait
2782 5299 2976 5344 terram
3010 5307 3111 5345 non
3157 5308 3265 5347 esse
3320 5296 3581 5366 spltam'ca

2096 5375 2262 5413 arma.
2457 5384 2462 5393 -

2430 5449 2466 5498 Ι.
2504 5449 2811 5499 Deuteroses
2842 5451 3140 5507 Iudaeorum.

2072 5533 2288 5592 Judazos
2324 5548 2641 5607 plerumque
2674 5536 2990 5607 insectatur,
3021 5543 3135 5611 qui,
3161 5544 3387 5599 dimisso
3424 5542 3575 5597 Scri«

2000 5636 2285 5701 pturarum
2322 5643 2451 5685 vero
2502 5629 2739 5698 tramite,
2778 5649 2797 5684 ι
2827 5632 3098 5691 fabulosas
3150 5636 3461 5693 dcuteroses
3505 5638 3574 5691 ad
