4068 6198
370 116 437 169 87
1054 109 1320 168 EUSEBII
1359 109 1840 168 CESARIE’NSIS
1879 107 2029 162 OPP.
2076 104 2253 161 PARS
2291 105 2378 161 111.
2422 137 2490 146 —
2527 105 2939 163 EXEGETICA.
3552 112 3622 165 88

373 230 620 285 lectionis
651 229 1069 299 explicationem
1101 228 1441 283 adhiberent.
1476 226 1738 280 Doctores
1770 237 1947 277 autem
1978 228 2023 284 Α
2053 220 2263 273 videtur
2298 221 2624 290 Epiphanius
2657 222 2787 275 hair.
2820 238 3014 287 xxxiii,
3049 240 3197 279 num.
3227 227 3293 279 4:
3329 229 3494 290 ὕῦτος
3516 229 3623 299 γὰρ

369 326 630 390 ipsorum,
655 321 745 390 qui
789 320 1091 374 doctrinam
1132 301 1611 389 'cauponabantur,
1652 330 1682 369 e
1716 330 1773 369 re
1815 330 1934 371 can-

2046 312 2073 361 ὁ
2114 308 2373 379 Ἰώσηπος
2423 310 2526 361 τῶν
2579 311 2708 379 παρ’
2740 310 2924 373 αὐτοῖς
2972 309 3357 380 ἀξιωματικῶν
3415 312 3623 383 ἀνδρῶν

368 427 534 478 pones
562 410 691 464 dicti
726 418 889 463 sunt:
926 409 1018 477 qui
1051 409 1232 463 vinum
1268 424 1406 483 aqua
1451 407 1775 469 miscebant,
1816 405 1941 459 dum

366 516 619 556 sermone
665 500 717 554 in
755 514 950 568 aquam
1003 498 1259 563 resoluto,
1303 512 1506 552 meram
1548 507 1602 551 et
1633 496 1941 550 restrictam

364 594 671 647 divinarmn
727 591 1133 659 Scripturarum
1197 601 1476 652 mentem,
1526 603 1624 657 per
1663 600 1942 641 commen-

367 684 513 736 tilias
568 696 697 736 suas
766 682 1086 738 deuteroses
1151 680 1439 736 fmdarcnt.
1473 696 1493 729 ι
1552 676 1718 731 Erant
1780 690 1943 744 porro

364 774 709 838 deuteroses,
760 773 874 827 sive
924 772 1175 827 secunda:
1230 772 1586 835 traditiones,
1644 768 1942 838 Epiphanio

367 870 503 916 teste
532 863 664 916 hair.
696 877 890 924 χχχιιι,
926 877 978 915 n.
1005 861 1062 925 9,
1090 859 1456 930 qundwplicis
1479 858 1721 927 generis;
1755 858 1942 927 prima;

366 950 567 1017 Bloysis
602 951 822 1004 nomine
859 948 1421 1013 circumferebantur;
1465 948 1718 1001 secundm
1769 945 1940 1001 Rabbi

367 1034 602 1099 Ἀκιὸας
636 1034 807 1087 tertiae
836 1033 1023 1099 Addm,
1089 1033 1205 1087 sive
1239 1031 1423 1096 Judte;
1461 1039 1667 1100 quarta:
1706 1030 1940 1084 ﬁliorum

360 1126 690 1179 Assamontei
734 1134 911 1179 erant.
942 1124 1285 1178 Traditiones
1326 1122 1444 1176 illas
1482 1121 1693 1177 Hebrzei
1743 1130 1942 1176 vocant

358 1224 547 1283 nam,
580 1217 779 1283 Misna,
809 1216 953 1286 quod
1006 1215 1145 1270 idem
1186 1224 1342 1269 sonat
1375 1223 1539 1283 atque
1568 1214 1799 1267 secunda
1836 1222 1942 1267 tra-

360 1310 511 1361 ditio.
542 1309 623 1362 An
656 1325 818 1378 porro
846 1309 949 1363 illae
979 1309 1046 1362 ab
1079 1307 1319 1376 antiquis
1356 1307 1587 1360 laudatae
1624 1305 1939 1361 traditiones

360 1401 560 1453 etedem
617 1400 1112 1468 atquehodiernaa
1166 1400 1307 1463 sint,
1366 1399 1669 1454 edisserere
1714 1413 1819 1455 non
1852 1407 1936 1455 est

350 1491 591 1545 instituti
635 1492 828 1547 nostri.

544 1603 606 1652 ll.
631 1604 709 1653 De
735 1605 1023 1665 patriarchis
1048 1610 1102 1655 et
1130 1604 1364 1666 apostolis
1387 1606 1515 1666 apud
1536 1605 1748 1654 Judzeos.

427 1686 579 1753 Quod
629 1688 695 1741 ad
748 1688 1091 1757 patriarchas
1129 1686 1478 1750 Judreorum,
1528 1702 1650 1757 quae
1699 1686 1936 1757 dignitas

358 1777 575 1831 nonnisi
617 1787 740 1847 post
777 1779 927 1833 urbis
966 1777 1238 1832 excidium
1271 1786 1527 1847 usurpata
1573 1785 1815 1847 putatur,
1846 1792 1951 1853 eo-_

354 1884 475 1924 rum
526 1874 863 1928 mentionem
918 1872 1049 1927 facit
1102 1873 1368 1927 Eusebius
1413 1871 1479 1926 ad
1519 1879 1679 1941 caput
1726 1870 1937 1926 Hesaiae

353 1972 435 2024 nt,
462 1975 516 2014 v.
543 1963 596 2023 4,
634 1963 719 2017 his
760 1950 979 2018 verbis:
1007 1963 1104 2026 Τίς
1145 1958 1237 2017 οὖν
1265 1964 1407 2035 ὁρῶν
1448 1964 1576 2028 τοὺς
1620 1963 1769 2035 παρὰ
1807 1964 1937 2017 Ἰου-

352 2048 523 2114 δαίοις
562 2052 1000 2123 ὀνομαζομένους
1038 2054 1413 2124 πατριάρχας,
1449 2054 1766 2116 νεανίσκους
1804 2054 1937 2124 ἀλη-

352 2139 480 2203 οῶς,
511 2141 571 2193 οὐ
599 2141 697 2211 τὴν
729 2143 838 2195 τῶν
874 2144 1143 2212 σωμάτων
1169 2143 1407 2214 ἠλικίαν,
1446 2143 1582 2196 άλλά
1614 2144 1714 2206 τὰς
1756 2144 1934 2215 ψυχὰς

352 2229 581 2293 ἀτελεῖς,
620 2232 713 2283 καὶ
742 2231 939 2295 ἐνδεεῖς
975 2233 1220 2301 φρενῶν;
1255 2232 1383 2295 τούς
1421 2249 1478 2285 τε
1508 2232 1726 2295 λοιποὺς
1754 2232 1933 2286 αὐτῶν

352 2318 724 2384 διδασκάλους,
761 2322 863 2375 οὐκ
894 2322 961 2375 ἂν
988 2323 1132 2376 εἴποι
1166 2325 1475 2395 ἐμπαίκτας
1506 2322 1672 2388 εἶναι,
1719 2324 1813 2377 καὶ
1839 2322 1934 2387 οὓς

352 2408 383 2475 ἡ
416 2408 723 2478 προφητεία
747 2409 971 2481 ὲδήλου;
1006 2408 1059 2465 Id
1088 2420 1170 2465 est.
1203 2432 1214 2467 :
1249 2429 1268 2463 ι
1296 2412 1429 2478 Quis
1469 2426 1599 2483 ergo
1625 2412 1933 2482 conspectis

352 2498 497 2560 illis,
549 2499 639 2567 qui
689 2501 829 2569 apud
874 2500 1088 2557 .lndazos
1142 2503 1465 2573 patriarcha:
1511 2513 1796 2569 vocantur,
1840 2520 1933 2561 eos

353 2604 459 2644 non
489 2605 751 2658 corporea
794 2600 1024 2657 statura,
1053 2593 1147 2653 sed
1183 2594 1349 2647 animi
1392 2593 1832 2660 imperfectione,
1867 2611 1933 2653 ac

352 2680 550 2734 mentis
600 2681 931 2752 indigentia,
980 2698 1106 2738 vere
1153 2698 1351 2753 pueros
1397 2699 1502 2739 non
1556 2694 1749 2752 vocet;
1798 2686 1931 2742 reli-

351 2786 596 2839 quosque
621 2786 808 2826 eormn
837 2773 1110 2841 doctores,
1160 2790 1266 2829 non
1301 2775 1451 2830 dicat
1480 2790 1602 2833 esse
1632 2777 1930 2843 derisores,

352 2860 535 2926 quales
566 2862 849 2930 prephetia
891 2862 1124 2917 indicat?
1151 2882 1177 2945 ι.
1207 2864 1377 2919 Erant
1405 2880 1568 2934 porro
1607 2870 1935 2936 patriarcha

353 2950 627 3019 principes
652 2950 893 3006 Judaicae
919 2953 1115 3021 gentis,
1152 2962 1285 3011 teste
1312 2955 1613 3025 Epiphanio
1638 2960 1770 3016 liter.
1799 2977 1945 3028 xxx,

355 3059 504 3096 num.
530 3044 585 3106 4,
616 3054 665 3098 et
701 3043 902 3100 Codice
946 3045 1325 3103 Theodosiano
1356 3047 1393 3102 l.
1425 3063 1538 3114 xvt,
1577 3050 1660 3105 tit.
1688 3052 1742 3107 8.
1778 3051 1933 3111 Hunc

352 3148 484 3187 vero
537 3134 755 3189 Eusebii
810 3135 988 3190 locum
1035 3136 1115 3191 sic
1164 3139 1422 3209 exprimit
1465 3138 1832 3212 Hieronymus
1878 3145 1931 3200 in

353 3225 603 3280 eumdem
654 3227 979 3282 versiculum
1020 3245 1032 3281 :
1068 3245 1087 3279 ι
1119 3228 1538 3288 Considerentus
1589 3235 1936 3303 patriarchas

352 3316 685 3383 .ludworum,
713 3329 769 3374 et
794 3319 1042 3389 juvenes,
1079 3322 1196 3377 sive
1226 3338 1447 3394 pueros,
1478 3324 1934 3400 eﬂeminatosque

351 3424 416 3463 ac
444 3409 657 3467 deliciis
692 3412 991 3478 allluentes,
1021 3424 1078 3471 et
1118 3415 1393 3487 impletam
1441 3421 1780 3490 prophetiam
1811 3437 1935 3479 esse

352 3514 676 3568 cernemus;
712 3524 731 3557 ι
772 3504 824 3559 id
874 3520 941 3559 ex
977 3506 1234 3571 Eusebio,
1288 3518 1347 3563 ut
1395 3520 1452 3565 et
1497 3510 1755 3583 pleraque
1801 3514 1932 3584 alia,

354 3600 656 3648 mutuatus.
687 3594 762 3648 De
794 3596 1056 3665 apostolis
1084 3596 1209 3651 item
1244 3596 1556 3655 Judzeorum
1596 3603 1761 3657 verba
1802 3603 1934 3659 facit

349 3678 616 3737 Eusebius
656 3685 722 3738 ad
763 3696 1122 3753 caput.xvtn,
1151 3689 1284 3755 ν.1,
1324 3688 1378 3741 Ὁ
1425 3689 1826 3745 ἀποστέλλων
1863 3692 1934 3747 ἐν

352 3770 635 3841 σαλάσσῃ
670 3773 892 3841 ὅμηρα·
931 3777 985 3830 id
1017 3788 1102 3833 cst
1134 3798 1147 3834 :
1184 3799 1201 3831 ι
1232 3780 1332 3847 Qui
1364 3780 1531 3836 mittit
1577 3781 1630 3836 in
1656 3797 1805 3839 mare
1834 3785 1934 3840 ob-

350 3860 539 3914 sides:
570 3878 591 3911 ι
640 3862 729 3916 ubi
778 3864 1141 3934 Symmachus
1185 3868 1371 3933 vertit,
1416 3870 1764 3924 ἀποστέλλων
1799 3872 1933 3927 ἀπο-

351 3949 569 4011 στόλους
591 3950 939 4026 ὲνθαλάσσῃι
965 3975 984 4008 ‹
1008 3955 1108 4024 Qui
1139 3959 1304 4013 mittit
1327 3959 1601 4029 apostolos
1622 3960 1673 4014 in
1703 3976 1881 4030 mare;
1909 3981 1928 4015 ι

351 4039 466 4093 lucc
492 4042 637 4095 cnim
663 4042 848 4110 adjicit
877 4046 984 4100 :Ui'
1021 4064 1081 4101 τε
1109 4047 1395 4112 ἀπόστολοι
1424 4048 1625 4115 αὐτῶν,
1650 4050 1933 4115 ἐπιστολὰς

352 4130 593 4201 βιϐλίνας
625 4135 994 4207 κομιζόμενοι,
1026 4139 1282 4213 ὑπεράνω
1315 4159 1376 4195 τε
1410 4140 1519 4196 τῶν
1553 4140 1759 4195 ὑδάτων
1805 4159 1933 4195 ναυ-

349 4221 681 4292 τιλλόμενοι,
721 4225 817 4278 καὶ
879 4227 980 4298 τὴν
1031 4229 1305 4284 Θάλασσαν
1351 4230 1710 4301 ἐμπλέοντες,
1756 4233 1931 4287 ἀπαν-

351 4313 517 4383 ταχοῦ
564 4316 666 4386 γῆς
716 4316 1008 4388 διέτρεχον,
1053 4319 1144 4372 τὸν
1190 4320 1443 4391 περὶτοῦ
1485 4321 1735 4392 Σωτῆρος
1774 4322 1930 4393 ἡμῶν

318 4470 323 4473 ν
352 4406 786 4473 ἑνδιαὸάλλοντες
830 4410 1007 4479 λόγον.
1049 4414 1404 4479 ’Δποστόλους
1428 4416 1485 4469 δὲ
1513 4416 1679 4469 εἰσέτι
1714 4416 1809 4470 καὶ
1836 4417 1931 4471 νῦν

351 4493 471 4560 ἔθος
513 4499 661 4551 ἐστὶν
712 4500 987 4566 Ἰουδαίοις
1032 4503 1317 4573 ὀνομάζειν
1381 4505 1509 4569 τοὺς
1544 4504 1613 4560 τὰ
1666 4505 1932 4574 ἐγκύκλια

349 4586 656 4661 γράμ’ματα
704 4594 857 4665 παρά
905 4594 1012 4648 τῶν
1055 4596 1332 4667 ἀρχόντων
1388 4598 1567 4657 αὐτῶν
1614 4600 1930 4670 ἐπικομιζο-

363 4679 574 4748 μένους.
619 4681 733 4739 Hoc
779 4694 867 4739 est
919 4704 933 4740 :
987 4704 1006 4736 ι
1036 4686 1386 4757 Apostolique
1408 4703 1624 4757 eorum,
1673 4690 1933 4761 epistolas

355 4767 589 4829 hiblinas
622 4773 957 4841 deferentes,
997 4792 1063 4831 ac
1092 4792 1254 4847 supra
1283 4780 1503 4834 dorsum
1551 4796 1834 4850 aquarum,
1876 4791 1932 4838 et

355 4863 408 4914 in
446 4866 581 4919 mari
610 4865 951 4937 navigantes,
1001 4868 1199 4938 ubique
1236 4879 1501 4925 terrarum
1532 4872 1931 4941 discurrebant,

354 4968 657 5010 sermonem
710 4958 780 5012 de
835 4956 1129 5016 Servatore
1196 4969 1385 5017 nostro
1435 4962 1724 5019 calumniis
1777 4963 1930 5019 velli-

354 5054 557 5098 rantes.
584 5047 866 5115 Apostolos
890 5065 1022 5106 vero
1050 5054 1214 5108 etiam
1246 5068 1386 5109 nunc
1420 5053 1586 5109 Judaei
1620 5067 1933 5123 nuncupare

355 5134 536 5188 solent
568 5149 685 5201 eos,
733 5140 824 5207 qtti
881 5142 1179 5199 circulares
1227 5145 1529 5215 principum
1572 5160 1791 5200 suorum
1841 5144 1932 5199 lit-

358 5235 500 5279 teras
534 5225 958 5298 circumquaque
984 5233 1285 5288 deferunt.)
1314 5234 1437 5292 llaec
1470 5251 1631 5307 porro
1660 5245 1929 5305 postrema

353 5316 542 5382 verba,
572 5318 903 5384 ἀποστόλους
947 5325 1003 5376 δὲ
1047 5326 1212 5380 εἰσέτι
1259 5328 1352 5381 καὶ
1394 5320 1517 5393 νῦν,
1540 5337 1668 5394 etc.,
1699 5329 1929 5398 ascripta

358 5407 524 5472 habes
547 5411 685 5479 apud
709 5410 1118 5479 (Ecumenium,
1140 5418 1209 5471 ad
1238 5416 1529 5485 Epistolam
1552 5420 1620 5472 ad
1644 5418 1927 5474 Romanos.

355 5498 431 5554 De
482 5501 742 5571 apostolis
792 5501 1096 5560 Iuda-orum
1170 5508 1385 5576 paulum
1450 5510 1658 5567 diversa
1717 5509 1931 5567 tradere

2044 400 2355 471 ἐναρίθμιος
2402 395 2487 470 ἦν.
2520 400 2639 452 Εἰσὶ
2682 400 2737 453 δὲ
2772 395 2915 454 οὗτοι
2959 400 3095 472 μετὰ
3139 402 3229 454 τὸν
3277 403 3621 475 πατριάρχην

2045 488 2327 543 ἀπόστολοι
2391 488 2743 559 καλούμενον
2795 489 3214 564 προσεδρεύουσι
3266 492 3323 545 δὲ
3380 494 3459 563 τῷ
3515 511 3621 548 πα-

2044 582 2300 653 τριάρχῃ,
2332 580 2427 632 καὶ
2460 582 2555 634 σὺν
2596 580 2744 650 αὑτῷ
2788 582 3064 645 πολλάκις,
3097 584 3190 635 καὶ
3235 586 3292 636 ὲν
3330 586 3485 639 νυκτὶ
3527 582 3622 639 καὶ

2042 674 2099 726 ὲν
2141 674 2340 744 ἡμέρᾳ,
2392 672 2627 743 συνεχῶς
2674 673 2950 741 διάγουσι,
2998 673 3086 726 διὰ
3121 673 3182 726 τὸ
3228 675 3623 745 συμϐουλεύειν

2042 765 2137 817 καὶ
2186 764 2476 835 ἀναφέρειν
2541 762 2687 833 αὐτῷ
2734 762 2803 815 τὰ
2848 763 2987 816 κατὰ
3032 763 3123 816 τὸν
3178 764 3358 835 νόμον.
3398 763 3453 818 Id
3500 776 3615 820 est:

2049 874 2068 907 ι
2100 856 2309 911 Etenim
2361 856 2448 909 hic
2508 855 2620 923 ipse
2669 852 2934 923 Josephus
2983 854 3125 909 inter
3165 856 3423 924 dignitate
3482 873 3622 926 pra:-

2042 954 2249 1001 5tantes
2297 944 2443 999 viros
2508 958 2672 1013 penes
2729 942 2935 999 ludaros
2993 945 3434 998 numerabatur:
3483 960 3623 1013 quos

2042 1047 2163 1107 post
2204 1036 2566 1111 patriarcham
2610 1035 2881 1106 apostolos
2918 1036 3217 1089 nominant.
3261 1036 3514 1091 Assident
3562 1037 3616 1092 hi

2042 1122 2385 1192 patriarcha),
2417 1130 2469 1177 et
2520 1136 2642 1175 cum
2691 1136 2756 1176 eo
2807 1122 3002 1191 saepius
3049 1122 3139 1176 diu
3180 1132 3450 1194 noctuque
3494 1141 3620 1179 ver-

2041 1221 2231 1267 santur
2257 1230 2269 1265 :
2299 1212 2440 1283 quod
2489 1213 2661 1267 eidem
2698 1227 2727 1267 a
2764 1212 3008 1267 consiliis
3042 1213 3178 1279 sint,
3220 1222 3275 1267 et
3320 1214 3387 1268 de
3433 1215 3497 1269 iis
3534 1230 3621 1270 re-

2040 1302 2250 1367 ferant,
2298 1318 2417 1372 quae
2465 1302 2530 1356 ad
2569 1302 2737 1373 legem
2793 1302 3067 1372 pertinere
3105 1302 3417 1357 videntur.»
3466 1303 3617 1371 Quos

2041 1396 2204 1467 igitur
2250 1396 2316 1449 ad
2372 1396 2582 1451 litteras
2626 1394 2768 1473 ultro
2817 1395 3068 1465 citroque
3118 1396 3367 1450 ferendas
3415 1396 3628 1450 consti-

2040 1497 2184 1541 tutos
2218 1489 2293 1541 ait
2342 1485 2639 1549 Eusebius,
2688 1486 2908 1541 eosdem
2956 1495 3167 1552 contra,
3221 1495 3379 1542 noctu
3420 1486 3617 1555 diuque

1964 1570 2013 1630 B
2044 1588 2223 1631 astare
2272 1578 2617 1647 patriarchae,
2666 1576 2880 1647 ipsique
2917 1591 2945 1629 a
2987 1577 3231 1631 consiliis
3263 1591 3385 1633 esse
3436 1588 3621 1631 narrat

2038 1668 2394 1738 Epiphanius.
2451 1668 2648 1723 Verum
2705 1668 2921 1724 Eusebii
2969 1669 3259 1738 explicatio
3312 1684 3433 1724 cum
3487 1685 3626 1725 voce

2041 1758 2367 1822 ἀπόστολος,
2414 1757 2465 1812 id
2521 1767 2604 1813 est
2653 1760 2865 1826 missus,
2915 1761 3088 1829 magis
3139 1762 3410 1815 consentit
3458 1780 3471 1813 :
3527 1762 3615 1815 cui

2037 1849 2435 1905 accinitCodex
2461 1846 2868 1905 Theodosianus
2886 1850 2960 1904 De
2991 1849 3220 1916 Iudaeis,
3257 1851 3350 1908 lib.
3380 1866 3491 1917 xiv,
3526 1852 3620 1921 qui

2038 1939 2117 1993 sic
2150 1939 2313 1995 habet
2340 1958 2352 1993 :
2396 1958 2414 1991 ι
2446 1939 2882 2008 Superstitionis,
2916 1940 3121 2008 inquit,
3151 1940 3378 2008 indigna:
3410 1950 3527 2006 est,
3562 1949 3622 1995 ut

2037 2028 2467 2098 archisynagogi,
2498 2030 2612 2084 sive
2658 2030 2956 2099 presbyteri
3005 2027 3330 2093 Judteornm,
3356 2030 3439 2082 vel
3482 2045 3625 2097 quos

2038 2116 2140 2185 ipsi
2189 2118 2464 2186 apostolos
2519 2127 2742 2184 vocant,
2784 2120 2875 2187 qui
2932 2118 2997 2171 ad
3046 2119 3366 2189 exigendum
3420 2132 3617 2173 aurum

2034 2214 2196 2273 atque
2242 2214 2544 2274 argentum,
2572 2220 2601 2259 a
2642 2206 2946 2275 patriarcha
2994 2214 3142 2261 certo
3188 2214 3431 2275 tempore
3476 2207 3613 2263 diri-

2033 2303 2250 2365 guntur,
2292 2312 2321 2349 a
2360 2296 2587 2367 singulis
2620 2306 2864 2352 exactam
2910 2312 3176 2352 summam
3221 2308 3386 2367 atque
3425 2313 3615 2354 susce-

2033 2394 2202 2455 ptam,
2250 2387 2315 2441 ad
2351 2387 2598 2443 eumdem
2632 2396 2929 2458 reportent.
2966 2406 2985 2440 »
3032 2386 3138 2443 Sed
3172 2388 3402 2445 fortasse
3438 2390 3629 2446 conci—

2034 2475 2226 2531 lientur
2272 2478 2575 2545 opiniones,
2618 2478 2661 2533 si
2704 2478 2966 2543 dicamus,
3010 2478 3282 2547 apostolos
3311 2478 3618 2535 Iudaeorum

2037 2572 2323 2632 atrumque
2352 2566 2673 2635 praestitisse
2700 2582 2925 2635 munus;
2963 2576 3022 2622 ut
3054 2567 3261 2635 scilicet
3290 2570 3616 2639 patriarcha!

2034 2655 2357 2723 assiderent,
2384 2671 2451 2712 ac
2477 2657 2596 2728 ejus
2630 2656 2782 2727 jussa
2814 2666 2868 2712 et
2901 2658 3161 2729 epistolas
3188 2658 3335 2716 ultro
3368 2661 3619 2732 citroque

2040 2742 2336 2799 deferrent.

2294 2894 2379 2944 ιιι.
2408 2894 2656 2945 Eusebius
2677 2895 2891 2946 Hebrm
2911 2898 3114 2948 doctore
3134 2904 3213 2949 est
3234 2913 3367 2949 usus.

2105 3041 2187 3096 Ad
2216 3051 2379 3112 caput
2408 3057 2540 3101 vero
2566 3058 2599 3096 v
2628 3043 2705 3098 ait
2734 3041 2975 3111 Iudaeos,
3001 3045 3092 3116 qui
3125 3045 3194 3101 ab
3234 3047 3519 3101 atheorum
3559 3054 3617 3101 et

2037 3131 2440 3187 idololatrarum
2470 3132 2747 3188 consortio
2770 3133 2991 3188 minime
3021 3135 3407 3205 abhorrebant,
3441 3136 3618 3190 solum

2035 3221 2471 3277 Christianorum
2504 3221 2918 3295 contubernium
2949 3225 3237 3289 aversari,
3276 3224 3486 3293 piteque
3532 3241 3620 3280 re-

2034 3312 2257 3384 ligionis
2304 3313 2539 3369 cultores
2576 3313 2778 3382 ubique
2811 3311 3010 3382 pellere
3038 3321 3095 3368 et
3141 3328 3358 3369 vexare.
3400 3312 3510 3368 Nec
3536 3324 3621 3368 ta-

2036 3418 2156 3458 men
2187 3404 2407 3458 insitum
2436 3403 2566 3458 illud
2592 3401 2904 3458 Judaeorum
2934 3402 3134 3457 animis
3164 3403 3216 3457 in
3246 3403 3613 3458 Christianum

2036 3508 2230 3549 nomen
2281 3494 2462 3549 odium
2521 3493 2809 3550 Eusebium
2863 3494 3166 3561 deterruit,
3217 3494 3504 3565 quominus
3556 3494 3612 3549 in

2034 3584 2451 3640 Commentariis
2497 3584 2610 3639 suis
2642 3584 2872 3641 Hebraeo
2914 3587 3137 3642 doctore
3170 3586 3241 3641 sit
3270 3600 3420 3650 usus,
3450 3601 3479 3640 a
3509 3600 3619 3654 quo

2034 3690 2140 3731 non
2183 3676 2348 3731 semel
2378 3691 2437 3731 se
2484 3666 2962 3746 interpretationes
3006 3676 3241 3731 mutuari
3277 3691 3405 3731 suas
3444 3676 3616 3745 profi-

2036 3773 2195 3821 tetur.
2224 3764 2313 3831 Et,
2341 3766 2485 3835 quod
2514 3765 2773 3822 observes
2800 3767 2988 3832 velim,
3018 3767 3325 3837 ubicunque
3355 3767 3617 3850 Eusebii-vs

2034 3871 2095 3911 se
2138 3856 2202 3911 ab
2232 3854 2459 3911 Hebrteo
2489 3856 2734 3923 doctore,
2764 3857 2850 3912 vel
2895 3858 2964 3913 ab
2999 3856 3239 3913 Hebmis
3271 3857 3472 3926 aliquid
3503 3856 3617 3911 edi-

2034 3946 2233 4003 dicisse
2263 3947 2371 4013 ait,
2419 3946 2619 4003 ibidem
2659 3946 3021 4020 Hieronymus
3049 3963 3109 4006 se
3151 3949 3380 4019 idipsum
3413 3948 3480 4003 ab
3511 3946 3618 4003 lle-

2039 4038 2195 4094 brteo
2227 4039 2450 4094 doctore
2477 4039 2752 4111 accepisse
2782 4039 3121 4094 testificatur.

2136 4148 2223 4199 IV.
2251 4149 2503 4202 Eusebius
2526 4152 2597 4201 ait
2617 4155 2799 4201 terram
2824 4163 2923 4200 non
2950 4161 3061 4199 esse
3077 4150 3315 4211 sphierica
3339 4150 3505 4201 forma.

2110 4233 2723 4305 Eusebiusplerutnque
2753 4234 2807 4287 in
2836 4232 3261 4287 Commentariis
3292 4232 3344 4286 in
3371 4232 3618 4288 Psahnos

2036 4325 2167 4382 dicit
2190 4326 2449 4381 mundum
2479 4322 2741 4394 spbaarica
2773 4321 2943 4377 forma
2965 4334 3116 4385 esse;
3150 4321 3244 4376 sed
3273 4322 3449 4375 addita
3481 4337 3617 4377 cau-

2040 4417 2205 4483 tione,
2253 4429 2373 4472 eam
2421 4429 2545 4471 esse
2594 4413 2949 4483 quorumdam
2999 4412 3305 4482 opinionem
3352 4415 3461 4479 ait,
3512 4430 3613 4470 nec

2038 4511 2272 4567 obscure
2311 4507 2621 4564 subindicat
2650 4521 2711 4562 se
2744 4505 2874 4560 item
2906 4506 3095 4561 eadem
3135 4506 3403 4560 sententia
3438 4521 3561 4563 esse
3592 4526 3611 4562 :

2036 4613 2137 4654 nec
2169 4608 2350 4653 tamen
2381 4597 2434 4651 id
2463 4604 2651 4666 aperte
2698 4596 2939 4666 profiteri
2972 4595 3163 4662 audet,
3202 4597 3329 4664 quia
3365 4594 3614 4653 fortassis

2038 4692 2196 4761 longe
2226 4689 2371 4746 aliud
2411 4688 2756 4744 aestimabant
2792 4686 2937 4741 illius
2982 4686 3162 4749 stimuli
3195 4686 3507 4742 Christiani.
3541 4688 3611 4741 At

2037 4782 2127 4838 hic
2188 4788 2413 4837 coactus
2480 4778 2776 4834 secundum
2832 4777 3107 4847 vulgarem
3179 4776 3611 4833 Christianorum

2036 4881 2274 4928 mentem
2327 4870 2476 4926 illum
2529 4868 2743 4925 Besaite
2796 4868 2971 4923 locum
3016 4884 3138 4938 cap.
3186 4885 3255 4924 ιι.
3296 4869 3608 4937 explanare,

2044 4981 2063 5015 ι
2095 4962 2196 5029 Qui
2228 4961 2420 5017 statuit
2446 4960 2645 5017 ctelum
2687 4960 2842 5028 quasi
2879 4958 3163 5025 fornicem,
3195 4971 3250 5015 et
3278 4960 3520 5015 extendit
3553 4968 3613 5013 ut

2038 5052 2441 5108 tabernaculum
2486 5051 2554 5106 ad
2586 5050 2965 5117 habitandum,
2994 5068 3013 5103 ι
3063 5051 3128 5104 ad
3160 5051 3366 5106 Cosmae
3394 5051 3608 5120 Opinio-

2037 5158 2159 5198 nem
2186 5157 2419 5219 prorsus
2445 5142 2655 5198 accedit
2681 5160 2697 5199 :
2728 5160 2747 5193 ι
2778 5142 2999 5206 Deinde,
3022 5144 3213 5213 inquit,
3247 5158 3548 5198 sermonem
3575 5160 3611 5199 e

2040 5244 2181 5289 terra
2208 5233 2447 5305 erigens,
2476 5234 2761 5289 universos
2789 5234 3008 5300 excitat,
3047 5242 3105 5288 ut
3131 5235 3403 5290 ccelestem
3439 5233 3607 5290 forni-

2034 5340 2176 5389 cem,
2200 5335 2256 5379 et
2285 5324 2724 5395 bemiSphaerium
2750 5325 2877 5379 illud
2897 5338 3057 5393 supra
3086 5333 3281 5378 terram
3307 5324 3525 5390 elatum,
3549 5333 3606 5379 et

2038 5430 2265 5471 camera:
2303 5416 2475 5471 instar
2500 5417 2751 5472 omnibus
2794 5415 3097 5480 imminens,
3137 5415 3505 5479 admirentur;
3539 5430 3604 5470 ac

2038 5507 2273 5579 cogitent
2301 5517 2500 5579 quanta
2528 5509 2597 5565 sit
2620 5508 2791 5563 virtus
2820 5504 2960 5576 ejus,
2988 5506 3078 5577 qui
3103 5506 3297 5563 calum
3329 5505 3603 5574 condidit;
