4068 6198
255 210 323 267 ες
1306 199 1812 257 COMMENTABIA
1854 202 1866 256 1

1968 201 2222 256 lSMAM.
2244 231 2323 246 .—
2361 203 2515 259 CAP.
2556 204 2598 258 Ι.
3519 212 3581 268 9f

260 324 778 393 cousiderentque,
838 334 951 375 non
996 319 1115 374 sine
1152 332 1315 374 causa
1352 321 1420 371 ab
1466 333 1532 373 eo
1566 317 1765 373 malum
1814 326 1895 372 ta-
1922 322 1970 383 Α
2000 317 2156 383 vidit,
2199 332 2307 372 non
2342 302 2528 387 parem
2576 318 2680 375 illis
2714 319 2767 375 in
2818 320 3219 393 philosopbieis
3253 332 3577 383 astronomi-

263 415 564 471 bernaculi
616 415 797 469 instar
835 410 1203 467 constitutum
1257 410 1451 476 luisse,
1498 425 1733 478 superne
1766 412 1887 479 qui-
1989 408 2176 477 eisque
2210 407 2458 476 peritiam
2492 409 2708 466 indidit.
2749 410 2890 477 Quid
2925 413 3069 468 enim
3115 416 3182 469 ad
3235 419 3579 474 sanctitatem

268 508 401 563 dem
436 520 745 576 expansum
777 519 955 575 supra
990 503 1198 567 omnia,
1226 517 1347 572 qua:
1380 502 1521 556 intra
1559 501 1730 571 ipsum
1761 516 1891 557 eon-
1991 515 2317 569 morumque
2348 500 2719 557 sinceritatem
2767 504 3021 559 conferat
3055 505 3280 573 hujusce
3319 509 3394 562 rei
3446 513 3569 564 noti-

276 598 564 661 tinentur;
599 595 667 649 iis
714 609 863 649 vero
889 594 982 664 qui
1024 608 1191 663 supra
1232 590 1430 647 cmlum
1462 599 1612 653 sunt,
1648 590 1890 644 substra-
1991 589 2587 645 lia?Verumbacde’re
2618 592 2865 661 pluribus
2887 604 3066 650 actum
3085 597 3240 649 estin
3266 598 3579 666 prmfatione

280 696 399 740 tum
448 687 511 740 ad
560 685 937 741 domicilium.
966 704 987 738 ι
1040 683 1173 750 Quae
1238 680 1507 752 ipsissima
1550 689 1632 735 est
1680 679 1890 735 Cosma:
1988 681 2056 736 ad
2096 682 2304 736 Cosmze
2333 681 2577 752 Egyptii
2624 685 3047 755 Topographiam
3094 687 3479 744 Christianam.
3531 692 3580 746 ls

287 777 543 849 Egyptii,
588 793 654 831 ac
686 792 846 848 pene
874 778 1119 833 omnium
1165 783 1408 829 veterum
1451 772 1705 835 Patrum,
1757 786 1883 827 sen-

289 867 468 929 tentia,
510 866 913 938 Chrysostomi
956 865 1185 929 scilicet,
1218 862 1494 919 Severiani
1533 861 1880 926 Gabalorum,

285 957 558 1025 Augustini
590 967 651 1011 et
684 957 955 1022 aliorum,
984 957 1076 1027 qui
1104 956 1302 1012 ewlum
1334 957 1387 1009 in
1420 954 1643 1009 fornicis
1674 968 1877 1009 morem

281 1059 431 1101 term
474 1048 804 1112 imminere.
848 1065 915 1103 ae
947 1051 1306 1118 undequaque
1341 1046 1511 1101 muris
1552 1045 1878 1100 [iratissimis

280 1151 432 1194 teme
462 1139 650 1208 inniti,
674 1141 936 1195 arbitrati
966 1150 1113 1204 sunt,
1144 1139 1537 1208 antipodasque
1571 1146 1875 1206 negarunt:

282 1230 377 1283 rati
411 1245 515 1283 non
548 1246 721 1299 posse
756 1230 1008 1285 homines
1038 1230 1092 1283 in
1129 1228 1394 1297 oppositis
1432 1240 1586 1282 terra:
1632 1227 1877 1297 partibus

280 1322 516 1377 adversis
546 1324 809 1393 vestigiis
856 1333 1026 1391 stare,
1057 1322 1391 1391 splnermque
1412 1321 1719 1391 opinionem
1751 1336 1874 1374 eum

280 1415 555 1483 Scriptura
587 1416 777 1469 divina
811 1429 1075 1483 pugnare.
1104 1412 1369 1467 Nimirum
1400 1413 1574 1476 Deus,
1601 1413 1691 1481 qui
1724 1412 1875 1467 nobis

1986 773 2131 826 enim
2169 788 2276 827 non
2312 774 2473 831 modo
2520 774 2744 830 Patrum
2790 778 3099 846 opinionem
3149 797 3247 849 pro
3268 782 3432 843 ’νὴ-ἰ,Ιί
3480 785 3578 837 de-

1986 863 2175 933 fendit,
2206 876 2259 919 et
2306 868 2374 921 ab
2408 877 2722 922 extcrorum
2772 881 2969 924 conatu
3009 872 3291 927 vindicare
3339 877 3571 945 satagit;

1980 955 2077 1009 sed
2120 956 2307 1019 etiam,
2353 965 2611 1027 quantum
2666 959 2895 1016 facultas
2946 963 3174 1018 humana
3231 975 3435 1033 potest,
3479 982 3576 1020 ex-

1984 1048 2145 1113 plicat
2193 1056 2245 1102 et
2276 1048 2472 1115 aperit,
2520 1051 2613 1118 qui
2663 1051 2873 1120 possint
2923 1054 3216 1109 secundum
3253 1067 3574 1112 sanctorum

1981 1138 2199 1193 Patrum
2251 1141 2609 1206 sententiam,
2658 1158 2850 1198 cursus
2921 1145 3072 1211 solis,
3126 1146 3358 1216 eelipses
3411 1148 3572 1213 inme,

1985 1241 2255 1283 astrorum
2323 1243 2531 1295 mutus,
2588 1242 2893 1303 ea'tcraque
2944 1237 3125 1291 omnia
3193 1238 3441 1305 intelligi.
3496 1238 3569 1292 lbi

1987 1323 2207 1376 videsis.
2257 1321 2381 1376 l'lmc
2437 1324 2488 1377 iu
2534 1326 2876 1381 eruditorum
2930 1329 3274 1383 commodum
3333 1331 3573 1399 prmmit-

1987 1414 2143 1465 tciula
2194 1412 2466 1468 duximus.
2509 1416 2587 1469 Tu
2624 1431 2772 1481 vero,
2825 1419 3053 1474 candide
3114 1418 3306 1485 lector,
3354 1419 3474 1474 vale
3518 1429 3573 1473 et

282 1516 493 1561 sanctos
523 1508 647 1561 illos
683 1508 737 1560 in
772 1507 1038 1561 doctrina:
1086 1519 1406 1574 morumque
1442 1505 1729 1572 magistros
1761 1518 1886 1572 pro-
1918 1492 1960 1547 η
1993 1502 2074 1555 bis
2102 1502 2302 1558 fruere.

284 1655 2239 1682 .———_——_-_————_—.-—n———-

880 1822 1675 1955 ΕΥΣΕΒΙΟΥ
1756 1818 2981 1955 ΥΠΟΜΝΗΜΑΤΑ

1585 2063 1757 2148 ΕΙΣ
1815 2065 2211 2150 ΗΣΑΙᾹΝ
2229 2126 2247 2147 .

532 2384 1095 2500 EUSEBII
1178 2384 2231 2506 COMMENTARIA
2313 2393 2471 2535 IN
2551 2388 3235 2507 HESAIAM.

817 2760 1229 2820 ΚΕΦΑΔΔΙΟΝ
1250 2764 1328 2821 A'.

350 2876 365 2907 ι
412 2857 659 2928 Ὂρασις
705 2856 771 2925 ἣν
808 2856 916 2924 ἴδεν
960 2858 1187 2921 Ἡσαΐας
1236 2857 1351 2921 υἱὸς
1391 2856 1602 2928 Ἀμὼς,
1650 2858 1716 2928 ἥν
1758 2856 1867 2909 ἴδεν
1893 2840 1935 2896 C

277 2949 412 3001 κατὰ
440 2948 546 3017 τῆς
585 2947 847 3009 Ἰουδαίας
886 2948 981 3001 καὶ
1013 2948 1155 3002 κατὰ
1207 2949 1564 3019 Ἰερουσαλὴμ
1616 2949 1674 3001 ὲν
1711 2948 1863 3018 βασι-

276 3041 388 3109 λείᾳ
422 3038 645 3101 Ὁζίου,
687 3040 782 3091 καὶ
826 3038 1197 3111 Ἰωαθὰμ,καὶ
1233 3040 1421 3111 Ἀχὰζ,
1458 3041 1553 3096 καῖ⁸
1595 3039 1861 3105 Ἐζεκίου,

277 3129 324 3182 re»!
365 3130 727 3183 ἐϐασίλευσαν
766 3130 869 3201 τῆς
922 3131 1198 3195 Ἰουδαίας.
1239 3134 1461 3198 Ἄκουε,
1492 3133 1722 3206 οὐρανὲ,
1768 3134 1866 3188 καὶ

276 3221 556 3285 ὲνωτίζου.
591 3222 683 3293 γῆ,
723 3223 803 3275 ὃτι
833 3222 1036 3295 Κύριος
1066 3225 1345 3297 ἐλάλησεν.
1384 3226 1548 3289 Υίοὺς
1597 3226 1865 3297 ἐγέννησα

276 3312 364 3364 καὶ
390 3312 625 3381 {amor
654 3314 810 3367 αὐτοὶ
837 3315 895 3367 δέ
931 3333 998 3386 με
1027 3316 1321 3389 ἠθέτησαν.
1358 3337 1377 3371 ι
1409 3318 1668 3383 Σύνθετος
1706 3322 1735 3373 ὁ
1771 3319 1866 3373 ἄν·

273 3406 491 3475 θρωπος
523 3407 587 3457 ἐκ
619 3405 798 3477 ψυχῆς
826 3409 919 3461 καὶ
946 3406 1213 3479 σώματος·
1240 3411 1273 3474 ἡ
1308 3410 1443 3483 σὰρξ
1470 3412 1578 3465 ἀπὸ
1608 3412 1709 3482 τῆς
1736 3415 1861 3483 γῆς,

272 3497 477 3567 ἡψυχὴ
519 3497 769 3568 οὐρανία.
817 3499 968 3552 Ἐπεὶ
1006 3497 1100 3553 οὖν
1144 3501 1280 3573 πρὸς
1319 3502 1605 3575 ἀμφότερα
1628 3504 1861 3575 αὐτῶνὴ

272 3590 563 3656 συγγένειά
586 3591 757 3654 ἐστιν,
783 3590 1002 3644 ἐπὶτῶν
1028 3592 1373 3647 οἰκειοτάτων
1403 3596 1566 3649 αὐτοῦ
1602 3596 1698 3668 τὴν
1729 3615 1865 3669 μαρ-

268 3681 458 3751 τυρίαν
512 3681 727 3751 ἐλέγχει
762 3698 775 3711 ο
828 3702 847 3732 ι
899 3682 1065 3746 Υίοὺς
1110 3684 1376 3755 ἐγέννησα
1439 3689 1534 3741 καὶ
1582 3688 1795 3758 ὖψωσα.
1837 3708 1856 3741 ›

267 3770 303 3821 Γ
305 3772 585 3841 εννὴσεως
643 3772 758 3843 εἴδη
821 3772 941 3825 δύο·
976 3776 1009 3845 ή
1038 3775 1134 3845 μὲν
1165 3777 1199 3845 ή
1224 3777 1362 3831 κατὰ
1387 3778 1518 3832 Θεὸν
1560 3780 1859 3852 μόρφωσις,

265 3862 321 3927 ἐξ
353 3864 542 3933 ἔργων
600 3864 697 3917 καὶ
733 3865 1045 3937 παραδοχῆς
1093 3866 1380 3938 δογμάτων
1423 3871 1815 3943 ἐπιτελουμένη
1842 3890 1856 3904 ο

263 3954 334 4019 ὡς
362 3957 541 4026 γεννᾷ
570 3955 781 4019 Παῦλος
798 3956 865 4008 δι’
888 3958 1222 4026 Εὑαγγελίου
1243 3961 1370 4025 τοὺς
1394 3962 1642 4033 μαθητὰς
1672 3965 1857 4019 αὑτοῦ.

343 4242 362 4272 ι
396 4222 586 4290 Ἔγνω
616 4222 743 4292 βοῦς
763 4225 857 4277 τὸν
877 4227 1241 4298 κτησάμενον,
1264 4228 1356 4281 καὶ
1384 4227 1505 4291 ὄνος
1527 4226 1624 4299 τὴν
1653 4186 1858 4302 φάτνην

2602 2761 2833 2816 CAPUT
2884 2762 2926 2814 ι.

2048 2856 2210 2912 Vens.
2255 2856 2309 2921 l,
2357 2855 2411 2910 9..
2476 2875 2495 2907 ι
2530 2854 2679 2911 νίιίο
2712 2869 2876 2923 quam
2934 2852 3066 2909 vidit
3132 2852 3359 2912 liesaias
3410 2853 3559 2910 ﬁlius

1972 2947 2159 3011 Amos,
2193 2961 2358 3014 quam
2393 2945 2529 3001 vidit
2557 2954 2752 3001 contra
2790 2942 3054 3010 Judaaam,
3085 2952 3140 2998 et
3179 2952 3366 3000 contra
3389 2941 3553 2999 Jeru-

1969 3039 2162 3106 salem,
2189 3039 2546 3109 regnantibus
2576 3037 2731 3102 Ozia,
2776 3037 3051 3102 Joatbam,
3104 3037 3288 3091 Achaz
3321 3044 3375 3090 et
3417 3036 3555 3091 Eae.

1968 3130 2115 3196 (-hia,
2145 3132 2239 3200 qui
2282 3139 2649 3201 regnaverunt
2700 3131 2755 3184 in
2802 3129 3010 3188 Iudaea.
3057 3129 3196 3185 Audi
3231 3128 3451 3194 caelum,
3497 3138 3555 3183 et

1969 3222 2196 3276 auribus
2222 3222 2439 3291 percipe
2485 3232 2654 3286 terra,
2702 3223 2831 3293 quia
2874 3221 3137 3277 Dominus
3167 3220 3384 3276 locutus
3442 3231 3548 3276 est.

1968 3314 2133 3369 Filios
2160 3316 2321 3384 genui
2344 3323 2404 3368 et
2427 3314 2659 3369 exaltavi
2691 3330 2706 3368 :
2738 3314 2812 3368 illi
2848 3323 3029 3367 autem
3060 3321 3385 3383 spreverunt
3405 3327 3545 3367 me.»

1968 3405 2142 3461 llumo
2171 3421 2237 3461 ex
2265 3408 2448 3462 anima
2479 3417 2531 3461 et
2559 3420 2791 3474 corpore
2814 3406 3143 3465 constitutus
3173 3414 3258 3460 est
3282 3424 3294 3459 :
3323 3420 3450 3460 caro
3482 3419 3548 3459 ex

1969 3508 2136 3559 terra,
2192 3499 2373 3553 anima
2427 3497 2672 3553 caelestis
2724 3497 2964 3551 exsistit.
3029 3497 3165 3563 Quia
3220 3512 3353 3552 vero
3422 3511 3546 3551 cum

1967 3600 2198 3658 utroque
2226 3605 2416 3645 eorum
2445 3589 2830 3659 cognationem
2859 3589 3022 3642 habet
3051 3589 3214 3642 homo
3233 3630 3248 3654 ,
3288 3591 3435 3643 circa
3475 3603 3543 3643 ea

1965 3698 2087 3753 qua:
2142 3683 2239 3753 ipsi
2307 3682 2547 3737 maxime
2593 3678 2811 3750 propria
2889 3686 3017 3733 sunt
3083 3678 3393 3733 teStimonio
3448 3693 3555 3733 suo

1966 3777 2141 3845 ipsum
2172 3776 2419 3844 coarguit
2452 3791 2466 3828 τ
2496 3794 2515 3827 ι
2539 3773 2707 3832 Filios
2739 3773 2900 3841 genui
2926 3778 2981 3826 et
3013 3769 3272 3828 exaltavi.
3305 3790 3323 3821 ι
3370 3767 3551 3825 Gene-

1964 3866 2198 3921 rationis
2250 3866 2368 3920 duae
2418 3865 2630 3934 species
2674 3872 2821 3930 sunt,
2872 3877 3101 3933 quarum
3150 3862 3254 3916 alia
3308 3870 3409 3921 est.
3457 3860 3553 3917 illa

1964 3956 2265 4010 secundum
2323 3955 2496 4011 Deum
2551 3953 2746 4019 forma,
2792 3968 2913 4021 quae
2952 3968 3021 4007 ex
3060 3951 3315 4020 operibus
3370 3956 3424 4005 et
3478 3963 3545 4004 ex

1965 4047 2345 4103 mandatorum
2401 4045 2751 4115 perceptione
2796 4044 3076 4115 perﬁcitur
3117 4061 3132 4098 :
3172 4058 3278 4111 qua
3334 4042 3553 4097 ratione

1964 4138 2169 4193 Paulus
2195 4138 2488 4207 discipulos
2520 4150 2647 4191 suos
2680 4150 2778 4206 per
2805 4136 3159 4207 Evangelium
3190 4136 3384 4206 gignit.

2034 4227 2200 4284 Vsus.
2240 4228 2294 4283 5.
2335 4247 2354 4281 ι
2389 4228 2653 4299 Cognovit
2680 4229 2779 4284 bos
2820 4243 3217 4299 possessorem,
3256 4238 3313 4283 et
3361 4226 3553 4279 asinus

263 4312 363 4365 τοῦ
410 4312 604 4385 κυρίου
643 4314 811 4368 αὑτοῦ
837 4335 849 4349 ι
901 4318 1117 4391 Ἰσραὴλ
1144 4320 1200 4374 δέ
1246 4337 1312 4390 με
1357 4320 1459 4372 οὐκ
1498 4320 1657 4388 ἔγνω,
1702 4322 1796 4375 καὶ
1830 4325 1858 4377 ὁ

1968 4333 2201 4389 praesepe
2229 4318 2433 4374 domini
2472 4320 2575 4384 sui,
2608 4318 2777 4375 Israel
2800 4330 2981 4376 autem
3007 4335 3095 4375 me
3124 4335 3231 4375 non
3264 4317 3540 4388 cognovit,

263 4402 394 4466 λαός
420 4421 490 4473 με
522 4404 586 4456 οὐ
613 4406 867 4475 συνῆκεν.
884 4427 903 4456 ι
928 4406 1065 4471 Βοῦς
1092 4408 1189 4477 μὲν
1211 4408 1304 4461 καὶ
1326 4408 1465 4473 ὄνος,
1498 4413 1698 4481 φυσικῇ
1724 4428 1860 4479 φαν-

264 4494 433 4564 τασίᾳ
459 4496 587 4558 τοὺς
599 4496 898 4567 τρέφοντας
920 4498 1375 4568 ἐπιγινώσκουσιν
1392 4516 1407 4532 ·
1436 4502 1484 4553 ol
1507 4502 1564 4554 δὲ
1589 4501 1859 4573 τοσαύτης

264 4585 597 4649 ἀξιωθέντες
628 4588 781 4659 παρὰ
808 4589 902 4643 τοῦ
928 4589 1063 4643 Θεοῦ
1088 4590 1364 4662 προνοίας,
1384 4591 1460 4653 ὡς
1491 4592 1563 4663 μὴ
1595 4592 1753 4663 μόνον
1773 4593 1859 4646 λο-

266 4680 460 4744 γικοὺς
490 4680 856 4749 καταστῆναι,
888 4679 1026 4733 ἀλλὰ
1059 4680 1155 4734 καὶ
1194 4680 1323 4734 λαὸν
1352 4682 1488 4737 Θεοῦ
1522 4685 1858 4755 χρηματίσαι

266 4766 694 4839 καταξιωθῆναι,
725 4772 858 4825 υἱῶν
915 4789 974 4824 τε
1013 4773 1355 4844 προσηγορίᾳ
1379 4774 1702 4845 τιμηθῆναι,
1748 4778 1858 4831 οὐδ’

264 4859 474 4930 tanta);
525 4863 639 4925 τοῖς
690 4862 905 4931 ἀλόγοις
940 4863 1221 4934 θρέμμασι
1259 4864 1355 4918 τὸν
1398 4869 1735 4937 γεννήσαντα
1764 4869 1861 4924 καὶ

266 4952 569 5023 θρέψαντα,
606 4957 917 5028 τιμήσαντὰ
946 4973 1005 5009 τε
1046 4957 1147 5010 καὶ
1187 4957 1479 5027 ὑψῶσαντα
1519 4961 1718 5025 αὐτοὺς
1746 4961 1860 5015 Κύ-

265 5063 379 5115 ριον
406 5046 677 5114 ἔγνωσαν.
709 5044 875 5119 Οἶμαι
894 5049 952 5103 δὲ
974 5048 1062 5103 διὰ
1086 5050 1292 5103 τούτων
1319 5052 1673 5123 προφητικῶς
1693 5053 1861 5107 αἰνίτ-

261 5137 472 5201 τεσθαι,
487 5138 567 5201 ὡς
582 5139 675 5192 τὸν
684 5141 728 5193 Χ
738 5141 919 5210 ριστὸν
931 5141 1024 5195 τοῦ
1034 5141 1171 5196 Θεοῦ
1186 5142 1347 5197 αὑτὸν
1374 5143 1501 5197 ὄντα
1514 5143 1604 5198 τὸν
1632 5145 1715 5198 Κύ
1725 5163 1857 5218 ριον,

264 5226 452 5295 μόνοις
481 5228 670 5292 αὐτοῖς
692 5230 752 5296 ἐξ
784 5232 1039 5285 ἁπάντων
1077 5231 1188 5285 τῶν
1230 5232 1399 5287 ἐθνῶν
1445 5234 1858 5309 ἐπιδημήσαντα

260 5318 404 5383 κατά
448 5320 550 5391 τὴν
622 5322 1070 5395 ἐνανθρώπησιν,
1155 5325 1215 5376 οὐ
1272 5326 1691 5396 παραδέξονται,
1739 5330 1861 5384 οὐδὲ

258 5412 662 5481 ἰτειγνῶσονται
694 5414 879 5481 αὐτὸν,
928 5416 1049 5470 οὐδὲ
1080 5416 1393 5486 νοήσουσιν,
1428 5419 1542 5473 ἀλλ’
1576 5420 1693 5473 οὐδὲ
1728 5438 1861 5476 συν-ι·

258 5504 473 5572 trust.
1656 5554 1659 5555 ,

334 5613 352 5643 ι
393 5594 534 5649 Οὐαὶ
580 5596 731 5663 ἔθνος
776 5600 1115 5673 ἁμαρτωλὸν,
1145 5605 1271 5670 λαὸς
1297 5605 1507 5677 πλήρης
1544 5606 1853 5678 ἁμαρτίας,

1959 4421 2014 4465 et
2048 4410 2283 4480 populus
2318 4426 2405 4464 me
2442 4426 2549 4467 non
2589 4410 2883 4467 intellexit.
2912 4428 2934 4463 ν
2971 4410 3075 4466 Bos
3102 4410 3321 4478 quidem
3350 4416 3405 4462 et
3435 4408 3548 4461 asi-

1961 4517 2063 4556 nus
2100 4517 2165 4558 ex
2211 4500 2442 4557 naturali
2500 4501 2761 4557 instinctu
2798 4514 2915 4565 eos,
2962 4501 3056 4569 qui
3089 4497 3407 4551 alimentum
3437 4496 3546 4551 sibi

1960 4593 2345 4664 suppeditant,
2400 4593 2904 4667 cognoscuntzqui
2960 4605 3101 4646 vero
3139 4599 3292 4643 tanta
3350 4605 3381 4643 a
3435 4589 3553 4643 Deo

1960 4684 2305 4752 providentia
2331 4685 2534 4754 dignati
2561 4693 2721 4749 sunt,
2753 4694 2810 4739 ut
2854 4698 2960 4738 non
3001 4681 3161 4735 modo
3191 4680 3549 4734 rationabiles

1961 4784 2165 4840 essent,
2195 4776 2290 4831 sed
2316 4776 2479 4831 etiam
2521 4775 2753 4846 populus
2789 4776 2883 4829 Dei
2914 4783 3258 4837 vocarentur,
3283 4772 3547 4826 ﬁliorum-

1959 4878 2067 4931 que
2096 4865 2315 4921 nomine
2340 4876 2692 4929 ornarentur,
2730 4880 2837 4920 non
2886 4864 3006 4934 pari
3040 4873 3204 4932 atque
3243 4862 3400 4917 bruta
3451 4860 3544 4929 jn-

1961 4962 2145 5012 ntenta
2180 4956 2340 5011 modo
2368 4972 2492 5011 cum
2525 4959 2617 5027 qui
2650 4971 2709 5012 se
2738 4956 2945 5026 genuit,
2981 4954 3260 5019 enutrivit,
3300 4954 3545 5008 honora-

1958 5047 2045 5101 vit-
2094 5056 2152 5103 et
2204 5048 2485 5114 exaltavit,
2542 5048 2829 5103 Dominum
2878 5062 3172 5119 agnovere.
3232 5046 3328 5101 liis
3380 5062 3548 5114 porro

1960 5139 2196 5196 arbitror
2218 5143 2537 5213 proplietice
2569 5141 2925 5207 subindicari,
2952 5143 3067 5196 fore
3091 5149 3147 5193 ut
3175 5139 3345 5195 Judmi
3370 5140 3547 5206 illum,

1960 5240 2052 5309 qui
2100 5236 2350 5294 Christus
2401 5237 2494 5292 Dei
2543 5243 2599 5290 et
2636 5235 2756 5304 ipse
2801 5235 3104 5300 Dominus,
3144 5236 3349 5309 quique
3400 5239 3544 5309 apud

1962 5332 2106 5397 illos,
2144 5347 2258 5402 prae
2286 5331 2409 5385 aliis
2438 5329 2696 5385 omnibus
2722 5329 2994 5399 gentibus,
3041 5329 3202 5399 homo
3229 5333 3544 5402 peregrina-

1965 5434 2053 5481 tus
2086 5431 2195 5488 est,
2232 5437 2340 5478 non
2368 5421 2737 5490 susciperent,
2771 5435 2947 5491 neque
2979 5434 3394 5492 cognoscerent,
3441 5436 3541 5479 nec

1964 5524 2143 5572 mento
2174 5514 2554 5584 intelligerent.

2042 5606 2207 5663 γης.
2252 5607 2302 5663 4.
2366 5624 2386 5660 σ
2414 5606 2533 5689 γυ),
2564 5606 2707 5676 genti
2763 5608 3084 5679 pcceatriei,
3135 5609 3329 5680 populo
3377 5606 3539 5677 pleno
