4068 6198
450 201 511 256 91
1130 195 1402 253 EUSEBII
1438 194 1922 252 CESARIENSIS
1959 195 2108 252 OPP.
2153 197 2330 251 PARS
2367 196 2453 250 111.
2496 226 2566 239 -
2603 193 3019 251 EXEGETICA.
3514 242 3519 246 .
3645 194 3715 247 92

418 292 754 383 ,iniquitate,
784 312 976 366 semini
1018 310 1183 377 malo,
1216 311 1341 366 filiis
1379 311 1602 380 iniquis.
1656 310 2031 379 Dereliquistis

2144 312 2360 384 σπέρμα
2383 311 2636 382 πονηρὸν,
2658 309 2764 361 υἱοὶ
2790 308 3000 379 ἄνομοι.
3038 305 3456 374 Ἐγκατελίπετε
3490 302 3581 357 τὸν
3604 304 3716 356 Κύ-
3756 313 3768 351 τ
3790 366 3799 373 ,

450 406 756 469 Dominum,
792 412 846 457 et
884 402 1141 457 irritastis
1189 412 1440 457 sanctum
1491 402 1654 457 Israel
1687 422 1699 456 :
1732 403 2025 457 abalienati

426 482 571 549 sunt
635 506 960 548 retrorsum.
993 512 1012 545 ι
1079 491 1205 546 ldeo
1263 508 1393 561 ergo
1447 491 1758 547 Judaeorum
1812 503 2026 563 gentem

449 586 694 656 coarguit
750 586 1115 655 miseramque
1171 585 1432 655 praedicat
1486 586 1726 654 Spiritus
1783 597 2027 650 sanctus,

449 678 570 744 quia
606 676 846 729 omnium
877 675 1035 743 plane
1070 676 1313 744 gentium
1358 677 1597 731 deterior
1648 685 1752 741 est,
1802 685 1857 732 et
1903 677 2029 746 quia

451 766 524 820 illi
560 781 735 833 neque
760 780 825 819 ex
851 765 1162 833 adoptione,
1208 775 1385 835 neque
1416 782 1482 821 ex
1523 768 1734 823 honore
1768 766 2032 823 divinitus

451 858 555 911 sibi
606 857 824 921 collato,
877 856 1103 910 exaltati
1153 857 1434 923 videlicet,
1488 874 1551 913 ac
1598 859 2033 926 pru'cellcntibus

452 951 771 1004 muneribus
806 948 871 1001 ab
900 962 965 1001 eo
993 950 1201 1015 donati,
1235 951 1510 1019 quidpiam
1558 952 1806 1006 utilitatis
1845 968 2032 1021 perce~

454 1050 647 1107 perunt
678 1057 691 1093 :
726 1042 832 1093 imo
872 1057 999 1095 vero
1028 1056 1095 1095 ue
1123 1041 1186 1095 εκ
1223 1042 1394 1111 plagis
1444 1042 1667 1111 quidem
1696 1052 1749 1097 et
1793 1044 2033 1114 castiga-

456 1131 713 1194 tionibus,
768 1132 921 1197 queis
963 1148 992 1184 a
1040 1132 1149 1185 Deo
1190 1132 1505 1201 frequenter
1557 1133 1607 1187 vi
1655 1134 1861 1189 amoris
1913 1150 2037 1202 per-

462 1231 636 1284 moto,
674 1222 971 1288 impietatis
1000 1238 1111 1276 suae
1163 1238 1327 1277 causa
1365 1222 1545 1278 allecti
1593 1234 1741 1291 sunt,
1794 1226 2037 1294 resipue-

456 1321 581 1364 runt
611 1327 626 1365 :
661 1327 807 1376 nam,
852 1330 870 1361 ι
898 1328 1056 1375 quem
1088 1314 1265 1382 diligit
1301 1314 1581 1378 Dominus,
1634 1315 1888 1384 castigat,
1936 1315 2035 1370 lla-

468 1400 632 1469 gellat
659 1409 837 1453 autem
871 1416 1084 1455 omnem
1119 1402 1308 1466 lilium,
1342 1418 1501 1473 quem
1530 1403 1725 1473 accipit
1749 1406 1814 1459 ¹⁶.
1845 1422 1863 1456 ι
1906 1405 2037 1471 Quis

456 1501 634 1543 autem
672 1491 761 1544 ille
796 1491 917 1557 fuit,
964 1507 1120 1557 quem
1153 1492 1557 1561 dereliquerunt
1582 1533 1597 1557 ,
1631 1494 1738 1548 nisi
1766 1494 2035 1562 Christus,

455 1595 614 1647 quem
661 1581 783 1648 quia
833 1581 1185 1635 irritaverunt
1236 1590 1290 1636 et
1330 1582 1764 1652 dereliquerunt,
1805 1600 1867 1640 ea
1918 1601 2038 1654 qua:

455 1672 859 1738 subsequuntur
890 1674 1129 1741 perpessi
1163 1674 1328 1727 sunt?

528 1762 687 1815 Vens.
729 1764 783 1824 5,
816 1764 868 1817 6.
916 1780 934 1812 ι
968 1761 1107 1828 Quid
1139 1762 1318 1816 adhuc
1348 1765 1734 1831 percutiamini
1767 1766 2029 1834 adjicien-

456 1864 538 1908 tes
571 1853 957 1921 iniquitatem?
986 1868 1151 1907 onme
1197 1864 1362 1922 caput
1409 1855 1461 1907 in
1511 1854 1716 1921 labore,
1771 1865 1824 1910 et
1876 1872 2039 1912 omne

452 1960 549 2000 cor
589 1945 641 1998 in
695 1944 959 2006 tristitia;
997 1960 1025 1996 a
1067 1943 1295 2012 pedibus
1328 1959 1500 2014 usque
1523 1946 1589 1999 ad
1622 1956 1785 2017 caput
1818 1963 1927 2002 non
1954 1956 2039 2003 est

454 2035 510 2090 in
542 2049 607 2088 eo
636 2035 868 2089 sanitas.
922 2032 1149 2099 Vulnus,
1200 2033 1363 2098 livor,
1416 2035 1573 2105 plaga
1630 2048 1867 2091 tumens.
1922 2037 2036 2091 Non

454 2126 583 2181 licet
607 2126 871 2192 malagma
909 2125 1191 2193 imponere
1213 2164 1228 2189 ,
1264 2141 1437 2194 neque
1462 2127 1666 2191 oleum,
1700 2144 1874 2194 neque
1904 2129 2037 2197 liga-

455 2228 655 2270 menta.
682 2233 706 2262 ι
746 2216 848 2279 Qui
882 2214 997 2267 ﬁeri
1035 2222 1267 2281 poterat,
1302 2222 1359 2266 ut
1390 2214 1535 2268 aliud
1570 2217 1636 2268 ad
1669 2217 1960 2270 sanitatem
1983 2227 2039 2277 et

457 2305 685 2359 salutem
728 2303 1124 2358 restituendam
1155 2302 1510 2371 pbarmacum
1546 2307 1889 2375 reperirent,
1942 2309 2034 2376 qui

457 2395 743 2449 Dominum
804 2394 1140 2463 abnegarent
1183 2408 1195 2444 :
1242 2408 1401 2462 quem
1460 2410 1565 2450 non
1617 2407 1886 2452 noverunt
1935 2414 2037 2454 nec

459 2486 843 2560 intellexerunt
889 2480 1177 2539 advenisSe
1221 2486 1325 2540 sibi
1383 2487 1687 2541 animarum
1739 2489 2034 2555 medicum,

457 2579 547 2647 qui
584 2578 731 2634 solus
782 2594 999 2643 omnem
1049 2582 1299 2634 morbum
1344 2586 1399 2633 et
1461 2593 1680 2636 omnem
1729 2580 2034 2637 animarum

458 2667 831 2723 inﬁrmitatem
859 2683 1053 2722 curare
1084 2668 1331 2737 poterat?

533 2756 699 2811 Vens.
737 2756 789 2818 7,
838 2756 889 2810 8.
954 2773 973 2806 ι
1013 2755 1181 2810 Terra
1242 2764 1420 2810 vestra
1482 2757 1733 2823 deserta,
1784 2757 2037 2815 civitates

459 2856 653 2901 vestra:
700 2862 975 2900 succensa:
1018 2847 1129 2915 igni
1166 2866 1177 2899 :
1219 2847 1500 2915 regionem
1559 2857 1799 2902 vestram
1850 2864 2035 2904 coram

463 2936 620 2990 vobis
651 2936 811 2989 alieni
862 2936 1172 2990 devorant:
1214 2945 1271 2990 et.
1312 2936 1557 2991 desolata
1609 2948 1712 3003 est,
1765 2953 1957 2995 eversa
2007 2956 2035 2994 a

460 3026 672 3098 populis
703 3026 917 3090 alienis,
943 3028 1086 3081 sicut
1109 3026 1519 3082 tabernaculum
1540 3026 1593 3081 in
1615 3028 1797 3094 vinea,
1826 3039 1877 3086 et
1900 3032 2041 3086 sicut

462 3118 818 3190 tugurium-in
865 3120 1267 3184 cucumerario,
1322 3120 1467 3174 sicut
1514 3120 1710 3175 civitas
1744 3122 1989 3178 obsessa.
2018 3143 2035 3176 ι

459 3208 540 3264 Ad
564 3210 864 3264 custodiam
896 3209 1167 3265 fructuum
1206 3212 1258 3264 in
1291 3211 1464 3266 vineis
1496 3212 1835 3267 nascentium
1870 3214 2046 3284 figun-

464 3310 552 3355 tur
592 3302 847 3356 tentoria.
907 3302 1041 3356 Cum
1095 3318 1224 3372 ergo
1278 3303 1439 3359 vinea
1489 3304 1724 3374 pr0priis
1772 3303 2043 3366 fnuctibus

462 3393 631 3460 probe
687 3393 951 3446 instructa
1012 3401 1131 3460 est,
1180 3394 1328 3449 omni
1375 3409 1509 3450 cura
1573 3405 1628 3451 et
1676 3395 2046 3454 sollicitudine

470 3481 767 3535 tentorium
802 3492 1081 3546 servatur,
1118 3483 1191 3537 ita
1217 3494 1273 3537 nt
1301 3494 1486 3539 custos
1515 3486 1804 3557 diligenter
1837 3485 2048 3555 prospi-

463 3566 591 3632 ciat,
625 3581 712 3629 ne,
740 3566 832 3635 qui
861 3568 913 3621 in
952 3569 1033 3622 via
1062 3580 1412 3637 praetereunt,
1452 3573 1661 3629 fructus
1707 3574 1825 3644 ejus
1857 3576 2045 3629 decer-

436 3665 614 3721 pant.
657 3656 791 3711 Cum
844 3662 1022 3714 autem
1068 3662 1226 3715 vinea
1285 3662 1624 3718 infructuosa
1678 3675 1782 3731 est,
1836 3665 1967 3720 illud
2013 3681 2042 3719 υ

462 3749 710 3815 custode,
738 3757 795 3802 ut
822 3760 1248 3805 consentaneum
1279 3762 1382 3818 est,
1424 3754 1731 3825 negligitur.
1757 3756 2040 3822 Quamob—

465 3851 577 3889 rem
615 3836 971 3892 lsraeliticum
1006 3840 1258 3908 populum
1291 3842 1610 3899 derelictum
1679 3846 1744 3900 iri
1798 3847 2047 3903 intermi-

466 3937 650 3992 natur,
731 3938 920 3997 utpote
980 3930 1072 3999 qui
1132 3942 1559 3989 consentaneum
1627 3936 1865 3993 fructum
1935 3955 2042 3994 non

464 4019 701 4073 emittat.
731 4020 1054 4076 'l‘imendum
1090 4024 1273 4094 itaque
1307 4027 1463 4087 nobis
1496 4038 1600 4092 est,
1626 4043 1693 4083 ne
1723 4030 2044 4087 infructuosi

466 4108 656 4176 simus,
693 4122 750 4164 ut
775 4128 841 4168 ne
862 4130 925 4167 ex
952 4114 1033 4169 ira
1064 4115 1157 4169 Dei
1187 4118 1526 4175 deseramur.
1563 4118 1800 4191 Spiritus
1822 4112 2045 4177 sanctus

466 4204 670 4270 estqui
721 4218 817 4258 nos
855 4207 1113 4261 custodit.
1156 4208 1312 4263 ‘Cum
1371 4210 1535 4279 igitur
1593 4212 1775 4267 anima
1828 4213 2042 4269 fructus

2138 419 2268 471 ριον,
2294 403 2386 454 καὶ
2403 400 2788 472 παρωργίσατε
2814 398 2903 451 τὸν
2922 399 3073 466 ἆγιον
3105 395 3200 449 τοῦ
3226 392 3460 466 Ἰσραήλν
3479 393 3712 465 ἀπηλλοο

2133 492 2442 563 τριώθησαν
2472 494 2550 555 είς
2572 491 2639 544 τὰ
2660 490 2852 543 όπίσω.
2882 509 2900 542 ι
2933 489 3030 542 Διά
3052 487 3226 540 ταῦτα
3260 480 3389 555 γοῦν
3424 483 3716 554 ἀπελέγχει

2132 585 2193 636 τὸ
2238 583 2506 636 Ἰουδαίων
2558 582 2728 644 ἔθνος,
2766 580 2860 634 καὶ
2884 578 3157 644 ταλανίζει
3188 577 3383 640 αύτοὺς
3403 575 3465 628 τὸ
3497 574 3718 644 Πνεῦμα

2134 676 2193 727 τὸ
2221 676 2405 743 ἅγιον,
2457 674 2533 737 ὡς
2578 674 2794 726 πάντων
2826 671 2933 737 τῶν
2962 670 3131 723 ἐθνῶν
3156 668 3393 740 χείρους,
3417 666 3515 720 -καὶ
3544 666 3619 728 ὠς
3658 665 3720 717 τὸ

2138 769 2302 840 μηδὲν
2340 766 2740 837 ὠφεληθέντας,
2780 765 2916 835 μήτε
2947 765 3009 815 ὲκ
3036 763 3133 832 τῆς
3168 760 3457 825 υἱοθεσίας,
3485 760 3620 831 μήτε
3661 758 3721 822 ἐξ

2133 856 2201 930 ἧς
2232 857 2382 928 παρά
2406 855 2543 909 Θεοῦ
2568 856 2733 926 τιμῆς
2760 853 3067 924 ἠξιώθησαν
3086 869 3098 882 ·
3125 850 3429 920 ύψωθέντες
3448 851 3543 903 καὶ
3572 848 3720 901 πλεί-

2138 965 2277 1003 στων
2323 948 2462 1000 ὅσων
2496 945 2790 1015 ὲξαιρέτων
2820 942 2969 1012 παρά
2990 939 3157 993 αὑτοῦ
3182 939 3569 1008 τετυχηκότες·
3603 935 3719 989 ἀλλ’
3794 984 3803 991 .

2135 1039 2256 1092 οὐδὲ
2281 1038 2338 1104 ὲξ
2362 1032 2435 1090 ῶν
2461 1037 2720 1098 πολλάκις
2746 1033 3062 1104 ἐπλήγησαν
3094 1032 3160 1084 δι’
3176 1029 3478 1100 ὑπερϐολὴν
3500 1028 3722 1099 ἀγάπης

2137 1129 2271 1184 Θεοῦ
2299 1132 2629 1200 τυπτόμενοι
2660 1126 2751 1180 xul
2822 1123 3193 1192 κολαζόμενοι,
3220 1121 3328 1173 τῶν
3359 1118 3721 1189 ἀσεϐημάτων

2138 1220 2316 1274 αὐτῶν
2355 1221 2539 1273 ἕνεκεν
2564 1237 2577 1249 ο
2618 1238 2636 1271 ι
2687 1222 2783 1270 Ὃν
2831 1216 2938 1287 γάρ
2979 1215 3172 1284 ἀγαπᾷ
3215 1211 3418 1281 Κύριος
3452 1207 3718 1270 παιδεύει,

2142 1312 2395 1383 μαστιγοῖ
2420 1310 2475 1363 δὲ
2508 1310 2685 1362 πάντα
2702 1308 2835 1371 υἱὸν,
2854 1307 2911 1360 ὃν
2932 1304 3312 1375 παραδέχεται.
3330 1320 3347 1351 ι
3364 1300 3459 1363 Τίς
3490 1299 3546 1351 δὲ
3566 1294 3633 1369 ἦν
3661 1296 3721 1351 ὃν

2140 1400 2515 1470 ἐγκατέλιπον,
2540 1401 2619 1471 ἢό
2636 1398 2885 1469 Χριστός
2906 1396 2964 1450 ὃν
2986 1395 3075 1449 διά
3101 1395 3162 1446 τὸ
3191 1390 3611 1464 παρωργικέναιν
3627 1388 3721 1442 καὶ

2141 1491 2677 1561 ὲγκαταλελοιπέναι,
2724 1489 2793 1543 τά
2812 1488 2940 1558 ea;
2971 1485 3332 1555 ἐπιλεγόμενα
3358 1480 3718 1544 πεπόνθασιν;

2218 1773 2236 1804 ι
2280 1753 2343 1806 Τί
2392 1753 2472 1805 ἔτι
2523 1751 2767 1822 πληγῆτε
2822 1748 3205 1821 προστιθέντες
3255 1743 3518 1815 ἀνομίαν;
3574 1742 3721 1794 πᾶσα

2143 1844 2350 1914 κεφαλὴ
2378 1844 2457 1906 εἰς
2497 1843 2678 1905 πόνον,
2704 1840 2798 1893 καὶ
2841 1826 2989 1893 πᾶσα
3037 1836 3233 1909 καρδία
3266 1837 3346 1897 είς
3373 1834 3549 1899 λύπην
3570 1849 3583 1862 ·
3616 1830 3723 1884 ἀπὸ

2143 1934 2321 1988 ποδῶν
2368 1934 2472 1996 ἕως
2513 1930 2756 2002 κεφαλὴν
2801 1930 2901 1983 οὐκ
2934 1928 3078 1981 ἔστιν
3117 1930 3174 1980 ἐν
3219 1925 3367 1996 αύτῷ
3413 1922 3719 1994 όλοκληρία.

2142 2026 2397 2097 Τραῦμα,
2434 2024 2671 2095 pomo,
2727 2022 2908 2092 πληγὴ
2960 2019 3386 2089 φλεγμαίνουσα.
3443 2017 3557 2069 Οὐκ
3607 2014 3724 2067 ἔστι

2145 2112 2409 2183 μάλαγμα
2432 2110 2720 2173 ἐπιθεῖναι,
2747 2108 2872 2162 οὔτε
2897 2108 3095 2170 ἔλαιον,
3130 2106 3251 2159 οὔτε
3281 2104 3670 2175 καταδεσμούς.
3698 2122 3721 2157 δ

2140 2203 2263 2266 Πῶς
2303 2204 2359 2255 δὲ
2398 2203 2491 2254 καὶ
2530 2196 2638 2253 οἷόν
2689 2218 2747 2252 τε
2801 2196 2868 2270 ἦν
2909 2199 3095 2268 ἕτερον
3145 2196 3341 2259 αὐτοὺς
3402 2195 3592 2263 ὑγείας
3631 2196 3726 2248 καὶ

2141 2291 2416 2363 σωτηρίας
2460 2289 2742 2359 ποιητικὸν
2775 2287 3029 2360 εὑρέσθαι
3073 2286 3364 2357 φάρμακον
3405 2284 3726 2355 ἀρνησαμέ-

2138 2400 2262 2446 νους
2305 2381 2395 2434 τὸν
2441 2380 2671 2450 Κύριον
2727 2377 2861 2449 μηδὲ
2906 2375 3287 2446 ἐπεγνωκότας
3343 2375 3528 2440 αὑτὸν,
3589 2372 3727 2443 μηδὲ

2142 2477 2417 2539 συνιέντας
2450 2475 2858 2547 ἐπιδημήσαντα
2874 2474 3054 2535 αὐτοῖς
3076 2472 3167 2523 τὸν
3193 2470 3298 2524 τῶν
3313 2467 3499 2539 ψυχῶν
3519 2466 3723 2539 ἰατρὸν,

2139 2570 2231 2622 τὸν
2264 2570 2422 2640 μόνον
2456 2569 2635 2620 πᾶσαν
2666 2565 2818 2618 νόσον
2852 2564 2945 2616 καὶ
2991 2564 3171 2615 πᾶσαν
3220 2558 3488 2631 μαλακίαν
3531 2554 3721 2626 ψυχῶν

2138 2660 2276 2733 όμοῦ
2303 2662 2398 2714 καὶ
2419 2658 2686 2728 σωμάτων
2718 2653 2970 2708 ἰάσασθαι
2998 2652 3295 2721 δυνάμενον
3317 2690 3332 2714 ,

2216 2770 2233 2802 ι
2278 2751 2343 2804 Ἡ
2373 2752 2445 2820 γῆ
2477 2747 2631 2819 ὑμῶν
2670 2745 2896 2817 ἕρημος,
2933 2745 2991 2796 αἱ
3035 2743 3218 2805 πόλεις
3260 2739 3417 2811 ὑμῶν
3459 2739 3727 2811 πυρίκαυ-

2144 2860 2257 2897 στοι
2286 2843 2385 2912 τὴν
2425 2839 2608 2910 χώραν
2637 2836 2790 2909 ὑμῶν
2828 2836 3059 2888 ἐνώπιον
3088 2832 3243 2904 ὑμῶν
3298 2831 3568 2904 ἀλλότριοι
3596 2848 3726 2884 κατ-

2143 2936 2412 2989 εσθίουσιν
2444 2933 2647 3003 αὑτήν·
2691 2931 2785 2983 καὶ
2823 2928 3107 2997 ἡρέμωται
3139 2924 3596 2994 κατεστραμμένη
3623 2921 3727 2977 ὑπὸ

2144 3028 2287 3081 λαῶν
2341 3025 2655 3096 ἀλλοτρίων,
2712 3022 2788 3084 ὡς
2840 3018 3013 3090 σκηνὴ
3062 3021 3119 3071 ὲν
3174 3016 3475 3089 ἀμπελῶνι,
3528 3015 3622 3068 xui.
3652 3015 3728 3077 ὡς

2145 3118 2589 3191 όπωροφυλάκιον
2638 3121 2695 3171 ὲν
2730 3116 3064 3186 σικυηλάτῳ,
3097 3117 3174 3179 ὼς
3228 3115 3383 3177 πόλις
3414 3113 3731 3183 πολιορκου-

2150 3210 2281 3280 μένη
2299 3209 2393 3277 (4).
2408 3226 2425 3259 ι
2451 3210 2545 3271 Εἰς
2561 3206 2803 3280 φρουρὰν
2814 3206 2920 3258 τῶν
2942 3207 2998 3258 ὲν
3014 3206 3132 3265 ταῖς
3147 3202 3412 3273 ἀμπέλοις
3435 3198 3662 3271 καρπῶν
3674 3200 3729 3251 αἱ

2148 3300 2345 3370 σκηναὶ
2377 3301 2699 3371 πήγνυνται.
2733 3299 2901 3351 Ὅταν
2926 3296 3023 3367 μὲν
3054 3290 3144 3347 οῦν
3168 3293 3364 3364 εύθηνῇ
3385 3295 3494 3353 τοῖς
3512 3291 3733 3354 οἰκείοις

2149 3396 2383 3464 καρποῖς
2415 3395 2447 3463 ὴ
2474 3391 2745 3463 ἄμπελος,
2787 3387 3198 3456 σπουδάζεταιή
3228 3384 3399 3455 σκηνὴ
3432 3383 3524 3436 καὶ
3550 3382 3733 3451 πάσης

2148 3484 2389 3549 ἀξιοῦται
2445 3482 2796 3553 ἐπιμελείας*
2842 3479 2984 3532 ὥστε
3028 3477 3120 3531 ἀπ’
3167 3476 3337 3545 αὐτῆς
3378 3470 3733 3526 κατοπτεύειν

2146 3578 2237 3630 τὸν
2265 3576 2501 3646 φύλακα,
2536 3575 2744 3644 μήποτε
2774 3570 3047 3642 τρυγῶσιν
3069 3567 3240 3636 αὐτὴν
3272 3566 3323 3617 οἱ
3345 3563 3726 3634 παραπορευόο

2158 3684 2307 3740 μενοι
2353 3667 2452 3736 τὴν
2502 3664 2641 3718 ὁδόν.
2693 3663 2857 3715 Ὅταν
2910 3660 2968 3713 δὲ
3020 3659 3269 3729 ἄκαρπος
3315 3651 3390 3729 ᾖ,
3449 3653 3735 3725 ἀμελεῖται

2149 3757 2463 3827 ἀναγκαίως
2504 3756 2603 3824 τῆς
2638 3750 2885 3823 ἀμπέλου
2930 3749 2998 3802 τά
3040 3747 3407 3817 φυλακτήρια.
3448 3743 3545 3796 Διὰ
3576 3742 3735 3796 τοῦτο

2147 3847 2241 3901 τοῦ
2286 3842 2681 3916 Ἰσραηλιτικοῦ
2711 3840 2839 3896 λαοῦ
2870 3842 2969 3911 τὴν
2997 3838 3381 3908 ὲγκατάλειψιν
3399 3835 3629 3898 ἀπειλεῖ,
3659 3836 3734 3897 ὡς

2153 3941 2227 4013 μὴ
2254 3935 2730 4011 καρποφοροῦντος
2756 3934 2826 3988 τά
2866 3933 3245 3988 ἐπιϐάλλοντα.
3280 3928 3609 4000 Φοϐηθῶμεν
3640 3922 3733 3979 οὖν

2149 4028 2287 4084 εἶναι
2336 4031 2595 4101 ἄκαρποι,
2649 4026 2724 4098 μὴ
2752 4023 3272 4094 ὲγκαταλειιρθῶμεν
3300 4021 3403 4073 ὑπὸ
3424 4020 3523 4089 τῆς
3565 4017 3734 4088 όργῆς

2148 4121 2243 4175 τοῦ
2272 4117 2427 4175 Θεοῦ.
2464 4122 2537 4173 Τὸ
2586 4118 2856 4188 φυλάσσον
2903 4118 3071 4187 ἡμᾶς,
3104 4115 3165 4167 τὸ
3210 4113 3436 4182 Πνεῦμα
3480 4111 3541 4163 τδ
3581 4110 3734 4179 ἅγιόν

2151 4212 2317 4264 ἐστιν.
2358 4212 2527 4265 Ὅταν
2573 4210 2671 4280 μὲν
2713 4205 2804 4262 οὖν
2848 4207 3171 4276 καρποφορῇ
3221 4204 3253 4273 ὴ
3299 4202 3444 4272 ψυχὴ
3470 4200 3595 4265 ἄξια
3627 4200 3735 4253 τῶν

465 4302 794 4346 ωιετηοιυιη
826 4297 1206 4362 penuariorum
1246 4299 1438 4365 dignos
1483 4300 1712 4369 profert,
1763 4311 1877 4358 tum
1907 4308 2039 4373 ‘per‘

2150 4302 2384 4356 αἰωνίων
2434 4299 2751 4369 ἀποθηκῶν,
2802 4297 3107 4368 παραμένει
3156 4296 3250 4348 καὶ
3295 4294 3587 4361 φυλάσσει,
3640 4294 3737 4346 καὶ

469 4392 653 4437 manet
682 4383 773 4439 ille
812 4394 1017 4452 custos,
1061 4397 1116 4443 et
1144 4388 1436 4458 singularis
1459 4390 1558 4445 feri
1596 4392 1820 4447 insidias
1855 4394 2042 4463 procul

469 4474 674 4544 abigit;
708 4490 833 4530 cum
865 4486 1045 4531 autem
1082 4494 1242 4532 uvam
1266 4479 1409 4535 fellis
1437 4489 1491 4534 et
1517 4482 1737 4538 botrum
1773 4485 2042 4540 amaritu-

468 4562 610 4619 dinis
641 4566 875 4634 profert,
932 4568 1328 4625 infructuosam
1381 4572 1621 4626 animam
1664 4573 1755 4628 ille
1798 4575 2041 4631 deserit:

468 4663 518 4706 et
545 4662 669 4709 tunc
695 4658 748 4710 in
771 4660 1019 4727 quemvis
1050 4660 1266 4715 brutum
1296 4663 1616 4730 cogitat-um,
1640 4674 1695 4719 et
1719 4664 1772 4717 in
1795 4668 2044 4735 quamvis

470 4745 899 4804 irrationabilem
948 4752 1447 4822 concupiscentiam
1497 4755 1697 4809 decidit
1757 4755 1871 4810 illa.
1928 4754 2043 4810 Ple

469 4850 699 4907 rumque
747 4854 910 4909 porro
942 4840 1226 4910 Scriptura
1263 4841 1519 4898 lsraelem
1570 4845 1784 4900 vineam
1844 4845 2049 4915 tropice

472 4937 775 4997 nuncupat;
815 4935 956 5005 ut',t
982 4929 1205 4986 Vineam
1239 4947 1304 4987 ex
1349 4933 1587 5005 Egypto
1631 4935 1992 5003 transtulisti;
2024 4955 2043 4989 ο

470 5024 545 5083 et,
610 5038 629 5072 ι
657 5019 824 5077 Vinea
858 5021 999 5077 facta
1035 5033 1119 5079 est
1151 5025 1350 5081 dilecto
1380 5023 1429 5058 "
1451 5040 1490 5089 ;›
1540 5035 1616 5091 et,
1676 5043 1694 5078 ι
1720 5027 1833 5097 Ego
1866 5036 2047 5082 autem

474 5108 708 5177 plantavi
743 5122 793 5168 te
833 5114 1045 5170 vineam
1094 5113 1451 5183 fructuosam,
1499 5126 1668 5172 totam
1718 5132 1902 5172 veram
1950 5119 1992 5175 ³.
2025 5137 2044 5171 ι

2149 4392 2430 4464 πόρρωθεν
2469 4390 2723 4460 ἀπείργει
2754 4388 2853 4451 τάς
2891 4386 2986 4439 τοῦ
3031 4385 3214 4455 μονιοῦ
3246 4383 3340 4436 τοῦ
3386 4384 3580 4454 ἀγρίου
3614 4385 3736 4437 ἐπι-

2149 4483 2373 4546 ϐουλάςο
2412 4482 2538 4534 ὅταν
2575 4480 2630 4533 δὲ
2662 4476 2933 4547 σταφυλὴν
2971 4476 3133 4545 χολῆς
3166 4476 3386 4545 γεωργῇ
3413 4474 3508 4526 καὶ
3540 4472 3737 4543 βότρυν

2149 4573 2373 4643 πικρίας
2404 4572 2633 4643 ἐκφέρῃ,
2659 4567 3239 4638 ὲγκαταλιμπάνειτὴν
3267 4566 3512 4637 ἄκαρπον
3533 4565 3733 4634 ψυχήν·
3786 4644 3797 4649 ψ

2152 4666 2245 4717 καὶ
2272 4663 2389 4715 τότε
2421 4663 2526 4715 ὑπὸ
2556 4661 2760 4723 παντὸς
2791 4656 3053 4728 λογισμοῦ
3084 4655 3383 4728 θηριώδους
3418 4656 3513 4709 καὶ
3557 4655 3737 4725 πάσης

2147 4757 2342 4825 ἀλόγου
2374 4755 2675 4826 ἐπιθυμίας
2700 4755 3112 4808 καταπεσείται.
3149 4748 3425 4819 Πολλαχοῦ
3458 4749 3515 4801 δὲ
3542 4764 3701 4817 τροπι
3723 4777 3737 4788 -

2148 4847 2259 4912 κῶς
2273 4846 2568 4917 ἀμπελῶνα
2587 4845 2676 4898 τὸν
2710 4843 2925 4915 Ἰσραὴλ
2947 4845 2974 4896 ό
3005 4842 3163 4908 λόγος
3187 4836 3582 4912 προσαγορεύει
3601 4853 3613 4865 ·
3660 4836 3739 4898 ὡς

2146 4938 2227 5002 τὸ,
2254 4954 2272 4988 ι
2306 4934 2585 5007 Ἄμπελον
2614 4936 2673 5001 ἐξ
2709 4932 2987 5001 Αἰγύπτου
3022 4934 3285 5003 μετῆρας·
3310 4931 3462 4991 ικαὶ,
3484 4949 3501 4979 ι
3534 4928 3739 4996 Ἀμπε-

2148 5026 2254 5079 λὼν
2287 5024 2516 5096 ἐγενήθη
2536 5024 2614 5094 τῷ
2640 5022 2998 5094 ἠγαπημένῳ·
3015 5040 3033 5073 ι
3050 5022 3165 5087 καὶ,
3191 5040 3209 5073 ι
3233 5020 3374 5088 Ἐγὼ
3393 5020 3448 5072 δὲ
3465 5016 3738 5087 ἐφύτευσά

2154 5136 2212 5172 σε
2238 5118 2482 5188 ἄμπελον
2535 5115 2909 5187 καρποφόρον,
2962 5115 3143 5168 πᾶσαν
3167 5111 3446 5183 ἀληθινήν.
3480 5128 3498 5161 ι
3531 5109 3593 5162 Εἰ
3617 5108 3674 5161 δὲ
3707 5109 3736 5159 ό

551 5228 595 5259 ³·
624 5226 785 5282 Prov.
816 5232 1005 5295 111,19..
1083 5234 1103 5264 ³
1126 5232 1267 5285 Psal.
1300 5248 1485 5297 um,
1518 5232 1572 5287 9.
1626 5243 1645 5272 ¹
1671 5242 1687 5262 ⁶
1714 5238 1827 5296 Jsa.
1856 5255 1911 5303 v,
1946 5238 1996 5290 l.
2021 5236 2039 5267 ³

2144 5254 2177 5292 τ.
2211 5251 2270 5301 tt,
2299 5236 2391 5294 2|.

546 5324 623 5392 (4)
658 5321 751 5398 llis
774 5323 967 5398 similia
1000 5327 1163 5398 habet
1191 5325 1628 5398 Hieronymusin
1667 5329 1811 5382 hunc
1845 5329 2045 5393 locum,

477 5403 642 5467 atque
677 5392 747 5447 ita
778 5392 1016 5462 loquitur
1042 5416 1055 5453 :
1092 5416 1110 5449 ι
1143 5394 1199 5452 ln
1230 5392 1606 5453 cucun'terario
1637 5413 1874 5467 quoque,
1902 5400 2045 5467 quod

479 5462 624 5537 LXX
667 5479 940 5531 pomorum
999 5470 1289 5521 custodiam
1338 5477 1553 5534 vocant,
1621 5462 1869 5537 parvulas
1913 5462 2048 5522 fiunt

481 5534 677 5588 casune
724 5543 941 5602 propter
978 5537 1227 5590 ardorem
1270 5538 1400 5592 solis
1449 5552 1509 5591 ac
1554 5534 1732 5593 radios
1777 5538 2043 5593 declinan-

484 5605 611 5659 dos:
636 5615 689 5661 ct
719 5604 843 5658 inde
868 5603 948 5661 vel
983 5605 1339 5674 bomincs,vcl
1360 5607 1633 5675 bestiolas,
1655 5624 1771 5680 qua:
1799 5609 2042 5666 insidiari

2161 5326 2335 5381 solent
2382 5322 2521 5376 uatis
2546 5320 2814 5391 frugibus,
2838 5321 3080 5391 abigunt.
3135 5319 3271 5373 Cum
3324 5316 3730 5391 antemablata

2154 5387 3005 5463 fuerintistiusmodigenimitia,
3047 5398 3325 5463 remanent
3365 5388 3572 5443 arentia
3623 5387 3734 5463 fru-

2155 5467 2320 5521 ticum
2365 5457 2736 5528 umbracula,
2788 5462 3091 5528 casulmque
3140 5459 3423 5514 recedente
3473 5457 3734 5512 custode:

2152 5537 2277 5605 quia
2305 5527 2410 5608 non
2444 5532 2604 5589 habet
2633 5533 2774 5608 ultra
2803 5531 2947 5608 quod
2978 5527 3232 5608 servetLr
3260 5539 3313 5584 et
3345 5538 3537 5585 Caetera
3562 5569 3576 5595 ,
3613 5539 3740 5596 qua

2154 5603 2279 5663 item
2321 5604 2406 5659 ille
2444 5603 2742 5672 transtulit,
2774 5603 2867 5657 sed
2895 5603 3254 5663 συνοπτικῶς.
