4036 6214
202 255 270 312 ες,
1211 245 1713 301 communia
1755 246 1792 300 ll

1896 245 2111 301 smn.
2155 276 2220 286 -
2259 220 2412 299 CAP.
2453 245 2492 299 ι.
3390 248 3460 304 θι

213 368 434 438 Ἰσραὴλ
454 365 734 434 ἀμπελὼν,
773 364 942 433 σκηνὴ
967 365 1063 433 τῆς
1088 362 1330 433 ἀμπέλου
1356 363 1557 432 ταύτης
1589 365 1617 415 6
1642 357 1787 426 οἶκος

1896 361 2043 427 Quod
2067 362 2111 417 si
2142 361 2303 416 lsrael
2328 364 2479 415 vinea
2518 359 2699 426 fuerit,
2735 360 3140 415 tabernaculum
3182 376 3312 417 sane
3341 364 3458 433 ejus

202 460 346 528 τάχα
388 459 417 510 6
446 457 542 510 τοῦ
582 456 710 509 ναοῦ
736 472 750 485 ·
782 456 1049 527 σκήνωμα
1081 452 1189 522 γάρ
1226 451 1383 522 6651;;
1419 452 1655 519 ἐλέγετο,
1674 455 1787 516 καὶ,

213 566 226 591 ν
264 550 555 617 σκήνωμα,
598 541 655 599 οὗ
696 545 1112 614 κατεσκήνωσεν
1148 544 1204 594 ἐν
1225 542 1552 613 ἀνθρώποις.
1598 563 1615 593 ι
1647 544 1793 605 Ἕως

210 636 313 690 ’,ἐν
350 634 442 690 οὖν
486 638 570 689 ὅτε
618 636 789 687 ἐποίει
826 635 1036 704 καρπὸν
1070 633 1256 696 πολὺν,
1297 634 1391 686 καὶ
1427 636 1459 705 ή
1507 634 1680 704 σκηνὴ
1708 634 1794 687 διὰ

210 738 311 797 την
349 725 457 777 τῶν
503 724 730 794 καρπῶν
772 722 1018 792 φυλακὴν
1066 722 1439 790 συνειστήκει·
1489 722 1612 774 ἐπεὶ
1662 721 1717 772 δὲ
1766 723 1795 773 6

212 818 485 885 φυτεύσας
502 817 671 887 αὐτὴν
700 816 881 886 ἔμεινε
901 813 996 866 τοῦ
1023 812 1245 881 ποιῆσαι
1264 811 1555 880 σταφυλὴν,
1572 812 1791 882 ἐποίησε

212 907 270 961 δὲ
302 907 561 969 ἀκάνθας,
578 902 663 967 αἷς
686 904 773 956 τὸν
791 903 992 972 Κύριον
1016 901 1414 968 ἐστεφάνωσαν,
1441 901 1535 952 καὶ
1551 900 1790 970 ἐστράφη

210 999 361 1052 πᾶσα
391 998 471 1059 εἰς
502 998 727 1066 πικρίαν
748 1013 760 1024 ·
800 995 1024 1064 ἐποίησε
1056 992 1162 1063 γάρ
1204 991 1475 1061 σταφυλὴν
1507 991 1668 1062 χολῆς
1700 992 1794 1044 καὶ

213 1088 407 1158 βότρυν
452 1086 710 1157 πικρίας·
744 1085 824 1137 διὸ
861 1085 953 1139 καὶ
1000 1086 1081 1148 είς
1124 1083 1184 1134 τὸ
1229 1082 1423 1153 βρῶμα
1468 1082 1673 1135 ἔδωκαν
1716 1082 1793 1152 τῷ

212 1179 405 1248 Κυρίῳ
452 1177 613 1246 χολήν
636 1194 649 1205 ·
692 1177 780 1229 διὰ
808 1175 965 1227 τοῦτο
1012 1174 1408 1243 ἐγκατελείφθη
1432 1177 1464 1240 ἡ
1498 1175 1668 1244 σκηνὴ
1701 1173 1791 1227 τοῦ

209 1267 552 1335 ἀμπελῶνος.
584 1287 602 1315 ε
648 1265 776 1317 Ἰδοὺ
812 1264 939 1335 γὰρ,
974 1265 1161 1333 φησὶν,
1195 1265 1415 1332 ἀφίεται
1445 1264 1570 1333 ὑμῖν
1597 1265 1623 1315 6
1649 1261 1793 1327 οἳκος

212 1355 370 1424 ὑμῶν
420 1355 651 1425 ἔρημος·
699 1373 718 1406 ι
764 1355 887 1407 τότε
934 1353 1224 1424 ἐπληρώθη
1279 1357 1310 1423 ἡ
1362 1354 1560 1423 ἀπειλὴ
1611 1354 1748 1423 αῦτη
1776 1371 1789 1383 ·

218 1464 236 1496 ι
271 1444 697 1514 Ἐγκατελείφθη
738 1444 847 1515 γάρ
887 1446 963 1507 ὼς
994 1446 1164 1516 σκηνὴ
1201 1447 1258 1497 ἐν
1298 1445 1604 1516 ἀμπελῶνι.
1644 1464 1661 1495 ι
1705 1444 1793 1510 Ἐξ

213 1536 425 1589 ἐκείνου
459 1536 642 1588 λοιπὸν
675 1537 769 1587 καὶ
810 1538 928 1599 ταῖς
960 1535 1210 1604 νεφέλαις
1254 1536 1555 1588 ἐνετείλατο
1587 1534 1681 1587 τοῦ
1719 1535 1792 1606 μὴ

216 1627 405 1697 βρέξαι
433 1628 526 1679 ἐπὶ
564 1628 654 1680 τὸν
687 1626 1006 1696 ἀμπελῶνα.
1040 1626 1138 1678 Διά
1178 1626 1334 1679 τοῦτο
1363 1627 1545 1679 οὐκέτι
1577 1627 1793 1698 προφῆ-

1894 455 2088 509 domus
2123 453 2302 522 templi
2331 454 2434 507 erit
2463 472 2474 507 :
2502 468 2623 507 nam
2657 451 3069 507 tabernaculum
3103 452 3295 523 gloriae
3327 455 3461 509 dici-

1897 554 2001 609 tur,
2048 552 2123 608 et,
2181 543 2669 615 «tabernaculum,
2722 543 2809 597 ubi
2857 543 3119 597 habitavit
3174 542 3227 596 in
3285 542 3461 598 homi-

1894 636 2051 689 nibus
2086 635 2128 689 ⁸.
2159 654 2178 687 ι
2240 636 2423 690 Donec
2458 637 2640 704 itaque
2686 637 2912 690 multum
2949 635 3180 689 fructum
3212 633 3460 703 protulit,

1896 722 2305 777 tabernaculum
2360 723 2425 777 ad
2482 726 2754 779 fructuum
2806 725 3108 779 custodiam
3164 722 3459 779 subSIitit:

1895 816 2021 882 quia
2063 831 2191 870 vero
2228 816 2319 884 qui
2360 817 2625 885 plantavit
2664 831 2819 881 eam,
2868 817 3199 885 exspectavit
3226 828 3282 870 ut
3315 818 3461 872 face-

1896 913 1972 957 ret
2024 920 2207 967 uvam,
2262 905 2393 959 fecit
2432 916 2611 960 autem
2665 907 2869 977 spinas,
2933 905 3127 974 quibus
3179 906 3456 960 Dominum

1893 1005 2243 1060 coronarunt,
2308 1005 2415 1050 tota
2451 1012 2716 1052 conversa
2758 1007 2841 1052 est
2892 998 2944 1051 in
3002 998 3457 1051 amaritudinem:

1895 1085 2022 1139 fecit
2067 1087 2209 1140 enim
2263 1102 2419 1140 uvam
2470 1086 2611 1142 fellis
2658 1099 2711 1142 et
2771 1088 2980 1140 botruut
3035 1087 3457 1141 amaritudinis:

1895 1173 2119 1242 ideoque
2151 1175 2203 1227 in
2238 1183 2422 1244 potum
2469 1176 2694 1229 Domino
2745 1175 2814 1229 fel
2860 1176 3168 1242 dederunt;
3212 1192 3274 1232 ua
3330 1192 3460 1231 sane

1893 1266 1959 1320 de
1987 1279 2149 1321 causa
2179 1266 2588 1321 tabernaculum
2621 1267 2792 1321 vinea:
2832 1266 3144 1321 derelictum
3173 1277 3253 1323 est
3289 1286 3303 1322 :
3336 1285 3455 1322 nam

1900 1372 1917 1405 ι
1946 1369 2113 1417 ecce,
2178 1356 2393 1423 inquit,
2457 1354 2795 1424 relinquetur
2848 1357 3001 1411 vobis
3048 1359 3237 1413 domus
3282 1370 3459 1414 vestra

1894 1444 2107 1498 deserta
2167 1446 2206 1497 '.
2234 1464 2252 1496 ο
2298 1444 2448 1498 Tunc
2489 1459 2617 1499 vere
2652 1445 2869 1515 impleta
2913 1457 2997 1501 est
3040 1448 3126 1502 illa
3164 1436 3462 1503 commina-

1897 1534 1993 1595 tio,
2051 1535 2251 1588 etenim
2290 1551 2308 1583 ι
2338 1533 2599 1588 derelicta
2648 1542 2733 1588 est
2767 1537 2907 1590 sicut
2957 1537 3365 1592 tabernaculum
3404 1540 3457 1593 in

1894 1630 2093 1682 vinea:
2131 1647 2149 1680 ι
2178 1628 2377 1683 exinde
2426 1643 2557 1682 vero
2603 1628 2834 1684 nubibus
2881 1630 3156 1686 mandavit
3203 1647 3271 1687 ne
3312 1633 3461 1700 plue-

214 1733 305 1769 ται
333 1718 459 1786 παρ’
487 1718 689 1779 αὐτοῖς,
722 1716 904 1768 οὐκέτι
939 1716 1162 1787 οὐρανία
1196 1717 1354 1787 χάρις
1372 1733 1388 1748 ·
1421 1716 1556 1768 ἀλλά
1574 1718 1792 1784 γέγονεν

1898 1728 2018 1773 rent
2071 1733 2234 1788 super
2284 1720 2516 1773 vineam.
2574 1718 2781 1774 Idcirco
2841 1735 2946 1775 non
2999 1721 3138 1774 ultra
3184 1723 3461 1791 propheta:

215 1811 298 1871 είς
326 1808 518 1878 χέρσον
547 1808 638 1859 καὶ
661 1807 1051 1875 καταπάτημα,
1080 1807 1133 1858 οἱ
1156 1823 1216 1858 τε
1269 1807 1511 1877 φραγμοὶ
1537 1806 1632 1859 τοῦ
1662 1806 1788 1858 ναοῦ

217 1899 427 1950 ἐκείνου
479 1897 890 1969 καθῃρέθησαν,
940 1899 967 1949 6
1002 1896 1418 1967 ύπερασπισμὸς
1469 1896 1575 1948 τῶν
1624 1896 1791 1962 ἁγίων

215 1988 516 2057 δυνάμεων,
563 1989 667 2059 κᾲν
716 2005 765 2040 τι
803 1988 1141 2059 ἐργάσωνται
1184 1986 1325 2039 κατά
1357 1987 1448 2039 τὸν
1480 1987 1662 2056 νόμον,
1712 1986 1790 2047 είς

217 2079 493 2132 ἀπώλειάν
529 2082 661 2132 ἐστι.
704 2099 720 2129 ι
757 2081 864 2132 Καὶ
902 2080 976 2141 ὡς
1004 2077 1472 2148 ὀπωροφυλάκιον,
1513 2076 1698 2146 φησὶν,
1735 2077 1790 2127 ἐν

218 2166 546 2235 σικυηλάτῳ.
594 2185 610 2217 ›
646 2167 907 2236 Σημαίνει
941 2167 1119 2219 τοίνυν
1154 2166 1243 2219 διά
1274 2165 1465 2218 τούτου
1505 2164 1602 2235 τὴν
1658 2181 1792 2217 παν-

222 2256 348 2327 τελῆ
374 2257 547 2309 αὐτῶν
575 2255 882 2327 ἀκαρπίαν·
913 2256 1015 2319 ἕως
1050 2257 1147 2326 μὲν
1176 2254 1284 2326 γάρ
1319 2254 1547 2325 καρπῶν
1572 2252 1790 2318 ἀγαθῶν

218 2349 593 2419 πεπλήρωται,
646 2349 738 2402 τὸν
769 2348 1110 2420 φρουροῦντα
1154 2349 1248 2401 καὶ
1296 2348 1635 2417 φυλάσσοντα
1668 2346 1790 2399 ἐκέ-

218 2455 409 2512 352,19;
422 2439 701 2510 ﬂquhv
721 2439 1050 2509 πηξάμενος,
1069 2438 1272 2492 ἄνωθεν
1288 2439 1381 2506 ἀφ’
1396 2437 1600 2507 ὑψηλοῦ
1614 2438 1792 2506 ἀφορᾷ

219 2533 312 2585 καὶ
344 2534 687 2602 περισκοπεῖ,
722 2531 816 2583 καὶ
857 2530 1113 2598 φυλάττει
1137 2530 1227 2581 τὸν
1266 2528 1581 2597 ἀμπελῶνα.
1606 2528 1731 2581 Είδ’
1763 2532 1791 2582 6

216 2622 404 2675 τούτου
438 2621 649 2692 καρπὸς
675 2618 970 2692 ἀφαιρεθῇ,
1003 2618 1307 2689 τηνικαῦτα
1330 2622 1358 2671 6
1387 2618 1579 2686 φύλαξ,
1609 2620 1685 2681 ὡς
1716 2620 1790 2690 μὴ

217 2715 299 2777 είς
334 2712 559 2782 μάταιον
590 2711 804 2781 κάμνῃ,
854 2710 951 2780 τὴν
988 2711 1191 2782 σκηνὴν
1237 2708 1441 2780 ἔρημον
1478 2710 1789 2778 ἀπολιπὼν,

212 2806 491 2877 ἀναχωρεῖ
516 2806 613 2875 τῆς
634 2804 895 2873 φυλακῆς.

1893 1821 2057 1877 penes
2085 1808 2201 1861 illos
2226 1815 2368 1871 sunt,
2404 1823 2508 1861 non
2548 1809 2791 1863 celestis
2825 1812 3032 1879 gratia;
3062 1813 3154 1867 sed
3196 1828 3459 1867 conversa

1890 1905 1975 1951 est
2007 1898 2060 1949 in
2106 1897 2310 1949 aridam
2342 1907 2396 1949 et
2438 1896 2491 1951 in
2525 1899 2995 1975 conculcationem
3020 1939 3035 1963 ,
3077 1915 3231 1968 sepes
3280 1905 3458 1970 templi

1891 1985 2033 2040 illius
2063 1985 2357 2039 destructa
2385 1994 2533 2052 sunt,
2581 2001 2797 2061 necnon
2844 1998 3155 2041 sanctarum
3197 1990 3460 2045 virtutum

1893 2077 2358 2147 propugnaculum
2403 2095 2417 2131 :
2457 2091 2523 2132 ac
2573 2078 2791 2131 etiamsi
2835 2079 3109 2148 quidpiam
3166 2083 3459 2136 secundum

1893 2168 2066 2237 legem
2100 2175 2285 2236 agant,
2311 2167 2364 2221 id
2398 2166 2503 2221 illis
2530 2167 2583 2220 in
2612 2167 2907 2236 perniciem
2954 2170 3138 2223 vertit.
3174 2188 3196 2222 ι
3224 2171 3290 2224 Et
3322 2171 3464 2225 sicut

1894 2256 2190 2326 tugurium,
2216 2257 2314 2323 ait,
2353 2256 2406 2310 in
2435 2257 2837 2312 cucumerario.
2866 2276 2885 2310 ι
2934 2257 3024 2313 llis
3076 2260 3258 2330 itaque
3290 2261 3462 2331 signi-

1892 2347 2019 2401 ficat
2055 2348 2424 2403 omnimodam
2454 2349 2595 2417 apud
2635 2348 2757 2403 illos
2792 2348 3069 2405 fructuum
3097 2353 3463 2411 vacuitatem:

1893 2438 2063 2492 donec
2092 2438 2236 2492 enim
2286 2438 2447 2493 bonis
2496 2437 2761 2493 fructibus
2787 2439 3136 2509 implebatur,
3181 2442 3462 2497 custodem

1895 2528 1960 2581 ad
1988 2526 2297 2596 praesidium
2321 2527 2602 2581 obtinebat
2632 2541 2780 2595 eum,
2822 2529 2913 2597 qui
2959 2539 3168 2585 structo
3219 2534 3465 2586 taberna-

1892 2617 2040 2681 culo,
2075 2632 2106 2672 e
2135 2615 2352 2672 sublimi
2389 2619 2640 2672 observat
2668 2627 2725 2673 et
2768 2619 2991 2689 respicit
3022 2621 3257 2675 vineam.
3311 2620 3463 2687 Quod

1890 2696 1935 2761 si
1963 2708 2172 2761 fructus
2204 2706 2327 2776 ejus
2359 2707 2656 2773 auferatur,
2694 2704 2820 2762 tunc
2848 2717 3051 2773 custos,
3079 2724 3146 2763 ne
3174 2708 3228 2762 in
3262 2724 3462 2764 vanum

1893 2796 2120 2860 laboret,
2155 2796 2564 2851 tabernaculum
2599 2796 2879 2853 desertum
2909 2798 3241 2869 relinquens,
3277 2802 3464 2856 absce-

1892 2889 1971 2946 dit
1999 2903 2029 2943 a
2055 2888 2320 2944 custodia.

315 3070 475 3133 «Kal.
520 3070 569 3121 εί
624 3069 697 3140 μὴ
747 3068 944 3141 Κύριος
1000 3066 1225 3121 Σαϐαὼθ
1278 3066 1631 3135 ἐγκατέλιπεν
1660 3067 1791 3138 ἡμῖν

1969 3059 2131 3115 Vens.
2173 3056 2226 3128 9,
2276 3059 2360 3114 10.
2427 3079 2444 3112 ι
2478 3060 2546 3116 Et
2584 3061 2691 3117 nisi
2730 3060 2990 3117 Dominus
3039 3060 3283 3117 Sabaoth
3340 3062 3465 3118 reli-

224 3146 470 3232 σλπέρμα,
499 3159 573 3221 ὡς
599 3158 801 3228 Σόδομα
830 3158 895 3211 ἂν
921 3158 1280 3231 ἐγενήθημεν,
1307 3145 1403 3211 καὶ
1432 3158 1508 3221 ὡς
1540 3159 1792 3230 Γόμορρα

222 3253 290 3305 ἂν
316 3249 696 3321 ὡμοιώθημεν.
736 3249 1023 3302 Ἀκούσατε
1055 3250 1212 3317 λόγον
1258 3249 1464 3322 Κυρίου
1485 3288 1499 3313 ,
1535 3248 1794 3321 ἄρχοντες

222 3345 498 3415 Σοδόμων·
547 3347 839 3415 προσέχετε
870 3342 1031 3413 νόμον
1073 3340 1229 3408 Θεοῦ,
1263 3339 1389 3403 λαὸς
1422 3339 1722 3410 Γομόρρας.
1769 3357 1787 3390 ι

235 3435 555 3507 Ἐπειδήπερ
579 3435 672 3488 ἐπὶ
695 3437 760 3505 τῇ
800 3434 908 3487 τῶν
942 3434 1192 3504 πατέρων
1240 3433 1409 3503 ἀρετῇ
1462 3430 1795 3501 σεμνυνόμε-

220 3544 329 3589 νοι,
373 3527 512 3596 μέγα
556 3524 838 3595 ἐφρόνουν,
868 3523 944 3586 ὡς
967 3523 1060 3575 τοῦ
1103 3521 1354 3594 Ἀϐραὰμ
1394 3521 1547 3583 ὄντες
1572 3520 1796 3591 σπέρμα

221 3618 316 3670 καὶ
355 3615 447 3669 τοῦ
496 3614 710 3686 Ἰσραὴλ
742 3615 1029 3682 ἀπόγονοι·
1077 3614 1301 3676 είκότως
1346 3613 1406 3664 τὸ
1452 3611 1795 3681 μεγάλαυχον

222 3708 401 3761 αὐτῶν
426 3709 453 3760 6
483 3706 638 3775 λόγος
668 3707 932 3771 ταπεινοῖ,
960 3705 1051 3758 καὶ
1079 3704 1139 3757 τὸ
1166 3704 1391 3775 μάταιον
1422 3703 1589 3774 οἴημα
1611 3703 1798 3757 καθαι-

223 3802 310 3870 ρεῖ
332 3816 344 3830 ·
377 3800 500 3859 τοὺς
533 3798 629 3867 μὲν
663 3797 927 3867 ἄρχοντας
960 3794 1051 3849 τοῦ
1082 3794 1365 3865 διαϐοήτου
1410 3793 1652 3865 Ἰσραὴλ,
1697 3793 1794 3845 Σο-

219 3889 400 3958 δόμων
420 3889 681 3957 ἄρχοντας
700 3887 1002 3957 όνομάζων,
1027 3885 1188 3939 αὑτὸν
1211 3884 1267 3937 δὲ
1285 3884 1375 3937 τὸν
1391 3882 1796 3956 χρηματίζοντα

221 3977 349 4029 λαὸν
379 3976 471 4029 τοῦ
500 3975 659 4040 Θεοῦ,
688 3975 815 4029 λαὸν
848 3976 1129 4049 Ιῖομόρρας
1156 3974 1463 4037 ἀποκαλῶν,
1489 3975 1561 4038 ὡς
1581 3974 1669 4027 διὰ
1688 3974 1796 4026 τῶν

224 4068 356 4121 ἰσων
391 4067 840 4137 ἐπιτηδευμάτων
879 4069 991 4130 τοῖς
1033 4066 1199 4120 πάλαι
1240 4066 1574 4136 ἀσεϐήσασιν
1601 4066 1797 4135 ὁμοιω-

222 4155 410 4209 θέντα·
453 4155 700 4225 Σοδόμων
748 4155 972 4226 ἀρχουσι
1020 4155 1113 4209 καὶ
1158 4155 1440 4225 Γόμόρρας
1474 4153 1587 4223 λαῷ
1617 4171 1796 4223 παρα-

221 4245 404 4299 ϐάλλει
424 4246 640 4309 αὐτοὺς,
663 4245 751 4299 διά
770 4246 868 4317 τὴν
888 4245 1185 4316 μέλλουσαν
1206 4248 1387 4308 αὐτοῖς
1412 4244 1794 4297 ἐπελεύσεσθαι

1895 3150 2101 3221 quisset
2141 3149 2298 3205 nobis
2342 3165 2568 3217 semen,
2604 3151 2760 3220 quasi
2803 3150 3037 3206 Sodoma
3071 3151 3382 3219 fuissemus,
3408 3164 3465 3209 et

1895 3242 2212 3298 Gomorrbm
2240 3241 2445 3296 similes
2470 3255 2730 3297 essemus.
2760 3241 2957 3296 Audite
2982 3243 3201 3295 verbum
3223 3243 3467 3309 Domini,

1896 3332 2167 3403 principes
2193 3329 2580 3395 Sodomorum,
2614 3330 2875 3385 attendite
2911 3330 3012 3399 legi
3061 3331 3175 3394 Dei,
3222 3332 3454 3400 papulus

1895 3406 2228 3478 Gomorrbae.
2259 3438 2277 3470 ι
2340 3420 2472 3486 Quia
2508 3419 2575 3473 de
2623 3428 2836 3488 patrum
2890 3420 3091 3488 virtute
3145 3419 3463 3489 gloriantes,

1899 3524 2156 3581 magnum
2204 3509 2507 3578 sapiebant,
2555 3516 2741 3576 utpote
2774 3510 2863 3577 qui
2903 3510 3134 3562 Abrahae
3180 3524 3363 3563 semen
3407 3518 3463 3564 ct

1898 3602 2116 3657 lsraelis
2161 3609 2388 3669 nepotes
2434 3607 2619 3653 essent
2647 3639 2661 3664 ,
2700 3598 2912 3652 illorum
2950 3599 3310 3667 arrogantiam
3341 3600 3465 3668 jure

1899 3691 2171 3761 deprimit,
2226 3703 2531 3757 vanamque
2575 3702 2764 3741 eorum
2820 3688 3127 3757 opinionem
3179 3690 3244 3742 de
3288 3691 3465 3743 medio

1900 3783 2059 3848 tollit,
2093 3783 2218 3836 dum
2246 3780 2491 3851 praeclari
2519 3779 2669 3835 illius
2703 3779 2919 3835 lsraelis
2964 3780 3249 3849 principes,
3294 3779 3465 3835 Sodo~

1899 3886 2108 3927 morum
2151 3872 2427 3939 priuetpes
2456 3877 2755 3935 nuncupat,
2796 3878 2849 3923 et
2880 3868 3133 3938 populum
3163 3867 3309 3921 illtnu
3348 3869 3463 3938 Dei,

1897 3963 2155 4035 populum
2205 3959 2521 4037 Gomorrbae
2578 3969 2776 4025 vocat;
2831 3968 3017 4028 utpote
3072 3959 3160 4027 qui
3202 3960 3271 4013 ob
3316 3960 3465 4029 paria

1898 4054 2079 4110 studia
2114 4053 2219 4105 illis
2249 4052 2377 4105 olim
2410 4050 2589 4118 impiis
2634 4050 2829 4104 similis
2859 4048 3097 4103 evaserit
3130 4067 3142 4103 :
3180 4050 3296 4104 sive
3347 4049 3467 4104 illos

1897 4145 2245 4215 principibus
2294 4143 2654 4198 Sodomorum
2703 4149 2756 4192 et
2795 4138 3116 4194 Gomortbze
3165 4151 3467 4209 comparat,

1897 4238 1964 4291 ob
1991 4246 2274 4289 venturum
2308 4232 2412 4285 illis
2444 4229 2751 4295 excidium;
2798 4238 2859 4283 ut
2893 4229 3087 4284 accidit
3121 4230 3331 4299 populis
3361 4226 3464 4281 So-

223 4339 606 4408 καταστροφήν
625 4356 639 4368 ·
676 4338 751 4401 ὡς
782 4342 894 4402 τοῖς
915 4339 983 4391 τὰ
1005 4339 1213 4409 Σόδομα
1237 4338 1331 4391 καὶ
1359 4337 1611 4408 Γόμορρα
1643 4337 1763 4407 οίκή
1779 4366 1792 4376 -

1901 4328 2059 4381 doma
2108 4333 2162 4377 et
2220 4321 2583 4376 Gotnurrltam
2627 4318 2991 4374 incolentibus
3018 4360 3032 4382 ,
3076 4320 3169 4389 qui
3218 4318 3460 4372 omnium

226 4444 383 4480 σασιν
436 4428 660 4499 ἀνδράσι
689 4429 905 4482 πάντων
939 4428 1239 4499 ἀνθρώπων
1274 4428 1655 4490 ἀσεϐεστάτοις
1702 4444 1796 4495 γε-

223 4517 409 4570 νέσθαι
434 4518 945 4589 μνημονευομένας.
1240 4514 1243 4517 ¹
1468 4514 1471 4519 ’

298 4628 318 4659 ι
351 4609 415 4660 Τί
450 4625 537 4679 μοι
574 4610 773 4679 πλῆθος
794 4610 900 4663 τῶν
924 4610 1121 4664 θυσιῶν
1166 4609 1338 4681 ὑμῶν,
1372 4609 1519 4678 λέγει
1548 4608 1790 4677 Κύριος;

222 4697 447 4769 Πλήρης
505 4700 621 4769 είμὶ
685 4700 1146 4770 ὁλοκαυτωμάτων
1203 4700 1371 4769 κριῶν
1407 4718 1421 4730 ·
1477 4702 1572 4753 καὶ
1629 4699 1793 4770 στέαρ

218 4789 422 4861 ἀρνῶν,
459 4792 552 4842 καὶ
594 4786 731 4861 αἷμα
776 4792 991 4863 ταύρων
1037 4792 1129 4844 καὶ
1170 4792 1388 4860 τράγων
1417 4793 1478 4844 οὐ
1515 4790 1792 4860 βούλομαι,

218 4879 329 4932 οὐδ’
360 4879 423 4933 ἂν
478 4881 711 4953 ἔρχησθε
765 4882 991 4953 ὀφθῆναί
1037 4900 1146 4952 μοι.
1208 4882 1304 4945 Τίς
1343 4882 1450 4953 γὰρ
1506 4880 1795 4951 ἐξεζήτησε

218 4969 391 5022 ταῦτα
415 4972 479 5022 ἐκ
494 4972 601 5023 τῶν
627 4972 822 5043 χειρῶν
841 4974 1022 5043 ὑμῶν;
1056 4993 1073 5025 ι
1106 4974 1250 5044 Πρὸς
1279 4969 1370 5026 οὖν
1392 4972 1517 5035 τοὺς
1543 4971 1611 5024 τά
1630 4971 1797 5025 δεινό-

218 5078 358 5116 τατα
388 5061 528 5115 κατά
563 5061 656 5115 τοῦ
696 5063 900 5134 Κυρίου
932 5064 1327 5134 τολμήσαντας,
1370 5062 1579 5123 θυσίαις
1617 5061 1673 5114 δὲ
1707 5062 1799 5114 καὶ

220 5149 494 5214 σπονδαῖς,
518 5152 611 5203 καὶ
632 5154 753 5214 ταῖς
781 5151 968 5213 ἄλλαις
994 5152 1132 5204 κατά
1150 5152 1239 5203 τὸν
1267 5152 1428 5221 νόμον
1460 5154 1797 5221 σωματικαῖς

216 5237 496 5307 λατρείαις
549 5239 863 5292 ἱλάσκεσθαι
900 5241 991 5292 τὸν
1029 5239 1160 5291 Θεὸν
1201 5240 1537 5310 νομίζοντας,
1572 5242 1601 5293 6
1641 5239 1795 5307 λόγος

216 5329 562 5384 ἀποτείνεται
617 5332 865 5399 φάσκων,
910 5351 927 5382 ι
978 5332 1044 5384 Τί
1102 5350 1192 5403 μοι
1218 5333 1419 5403 πλῆθος
1454 5333 1559 5385 τῶν
1596 5332 1793 5385 θυσιῶν

217 5422 246 5471 ὑ
256 5420 394 5489 μῶν,
426 5419 570 5488 λέγει
596 5423 830 5492 Κύριος;
864 5441 882 5475 ι
920 5425 1013 5476 καὶ
1042 5424 1109 5476 τά
1135 5423 1278 5491 ἑξῆς.

288 5620 309 5649 δ
342 5618 484 5674 Paul.
513 5636 717 5686 mm,
750 5624 837 5679 co.
915 5626 936 5656 ι
981 5623 1169 5682 Matth.
1200 5637 1356 5688 xxxtt,
1382 5598 1479 5691 τε,

1903 4421 2180 4475 bomtnum
2212 4414 2515 4487 itnpiissimi
2544 4414 2673 4469 olim
2704 4412 2872 4469 fuisse
2914 4421 3305 4469 memorantur.

1976 4601 2117 4656 Vens
2158 4602 2216 4654 11
2246 4640 2261 4666 ,
2303 4599 2390 4654 12.
2438 4616 2455 4649 ι
2485 4596 2622 4662 Quid
2670 4595 2800 4649 mihi
2842 4592 3123 4648 multitudo
3161 4592 3462 4648 sacriﬁcio-

1902 4710 2018 4749 rum
2044 4701 2369 4757 vestrorum,
2416 4690 2548 4745 dicit
2577 4688 2879 4743 Dominus?
2926 4688 3126 4742 Plenus
3164 4701 3281 4741 sum
3316 4685 3471 4740 bolo-

1898 4786 2101 4841 caustis
2123 4786 2353 4839 arietum
2381 4800 2394 4836 :
2424 4792 2478 4839 et
2512 4784 2723 4854 adipem
2750 4796 3031 4852 agnorum,
3058 4788 3113 4834 et
3143 4779 3459 4848 sanguinem

1901 4887 2178 4933 taurorum
2224 4885 2277 4931 et
2308 4877 2592 4931 hircorum
2626 4875 2769 4941 nolo,
2808 4888 2912 4927 nec
2969 4870 3196 4925 veniatis
3239 4871 3291 4923 in
3335 4884 3468 4923 con-

1900 4980 2143 5038 spectum
2196 4984 2395 5022 meum.
2431 4968 2564 5033 Quis
2597 4968 2738 5022 enim
2777 4964 3058 5032 requisivit
3102 4961 3220 5016 hmc
3264 4962 3327 5014 de
3358 4976 3471 5013 ma-

1910 5057 2069 5111 nibus
2116 5056 2357 5111 vestris?
2398 5076 2415 5108 ›
2446 5055 2751 5123 Eositaque
2806 5066 2986 5106 sermo
3052 5050 3311 5119 respicit,
3380 5048 3469 5116 qui

1903 5148 2105 5201 atrocia
2149 5156 2337 5201 contra
2374 5146 2654 5200 Dominum
2679 5141 2900 5213 aggredi
2954 5141 3094 5205 ausi,
3140 5137 3471 5203 sacrificiis.

1902 5238 2255 5292 libarninibus
2326 5237 2555 5305 aliisque
2608 5234 2905 5289 secundum
2972 5232 3140 5299 legem
3198 5232 3471 5299 corporeis

1901 5327 2221 5403 ministeriis
2254 5328 2419 5382 Deum
2448 5343 2505 5380 se
2539 5325 2756 5395 placare
2786 5338 2944 5394 posse
2971 5332 3162 5393 putant
3194 5338 3208 5375 :
3238 5321 3427 5390 aitque
3454 5337 3469 5374 ;

1905 5418 2087 5483 «Quid
2156 5418 2285 5472 mihi
2344 5417 2630 5472 multitudo
2682 5414 3074 5471 sacrificiorum
3131 5422 3471 5474 vestrorum,

1899 5508 2028 5561 dicit
2062 5509 2355 5565 Dominus?
2384 5527 2405 5560 ι
2439 5517 2492 5563 et
2518 5516 2735 5581 cartera.
