  <div class='ocr_page' id='page_1' title='image "/cluster/home/n/w/nwhite01/storage/ocr_20150623/24/hvd.32044073501801/055.png"; bbox 0 0 4068 6198; ppageno 0'>
   <div class='ocr_carea' id='block_1_1' title="bbox 538 218 3802 289">
    <p class='ocr_par' dir='ltr' id='par_1_1' title="bbox 538 218 3802 289">
     <span class='ocr_line' id='line_1_1' title="bbox 538 218 3802 289; baseline 0.001 -12"><span class='ocrx_word' id='word_1_1' title='bbox 538 233 607 289; x_wconf 81' lang='lat'><strong>95</strong></span> <span class='ocrx_word' id='word_1_2' title='bbox 1224 221 1492 280; x_wconf 77' lang='lat' dir='ltr'><strong>EUSEBII</strong></span> <span class='ocrx_word' id='word_1_3' title='bbox 1531 218 2002 277; x_wconf 63' lang='lat' dir='ltr'><strong>CESARIENSIS</strong></span> <span class='ocrx_word' id='word_1_4' title='bbox 2038 218 2190 285; x_wconf 81' lang='lat' dir='ltr'><strong>OPP.</strong></span> <span class='ocrx_word' id='word_1_5' title='bbox 2233 219 2411 275; x_wconf 77' lang='lat' dir='ltr'><strong>PARS</strong></span> <span class='ocrx_word' id='word_1_6' title='bbox 2446 219 2536 276; x_wconf 86' lang='lat' dir='ltr'><strong>Ill.</strong></span> <span class='ocrx_word' id='word_1_7' title='bbox 2588 250 2633 258; x_wconf 85' lang='lat'><strong>—-</strong></span> <span class='ocrx_word' id='word_1_8' title='bbox 2685 218 3095 277; x_wconf 75' lang='lat' dir='ltr'><strong>EXEGETICA.</strong></span> <span class='ocrx_word' id='word_1_9' title='bbox 3734 225 3802 279; x_wconf 80' lang='lat'><strong>96</strong></span> 
     </span>
    </p>
   </div>
   <div class='ocr_carea' id='block_1_2' title="bbox 618 340 2118 413">
    <p class='ocr_par' dir='ltr' id='par_1_2' title="bbox 618 341 2118 409">
     <span class='ocr_line' id='line_1_2' title="bbox 618 341 2118 409; baseline -0.006 -6"><span class='ocrx_word' id='word_1_10' title='bbox 618 350 777 405; x_wconf 74' lang='lat' dir='ltr'><strong>Vens.</strong></span> <span class='ocrx_word' id='word_1_11' title='bbox 826 348 1008 402; x_wconf 70' lang='lat'><strong>15-15.</strong></span> <span class='ocrx_word' id='word_1_12' title='bbox 1054 365 1072 399; x_wconf 83' lang='grc' dir='ltr'><strong>ι</strong></span> <span class='ocrx_word' id='word_1_13' title='bbox 1102 344 1329 401; x_wconf 79' lang='lat' dir='ltr'><strong>Calcare</strong></span> <span class='ocrx_word' id='word_1_14' title='bbox 1379 344 1578 399; x_wconf 82' lang='lat' dir='ltr'><strong>atrium</strong></span> <span class='ocrx_word' id='word_1_15' title='bbox 1620 357 1797 397; x_wconf 89' lang='lat' dir='ltr'><strong>meum</strong></span> <span class='ocrx_word' id='word_1_16' title='bbox 1836 357 1945 398; x_wconf 89' lang='lat' dir='ltr'><strong>non</strong></span> <span class='ocrx_word' id='word_1_17' title='bbox 1985 341 2118 409; x_wconf 83' lang='lat' dir='ltr'><strong>adji-</strong></span> 
     </span>
    </p>
   </div>
   <div class='ocr_carea' id='block_1_3' title="bbox 2221 340 3802 413">
    <p class='ocr_par' dir='ltr' id='par_1_3' title="bbox 2301 340 3802 413">
     <span class='ocr_line' id='line_1_3' title="bbox 2301 340 3802 413; baseline 0.003 -21"><span class='ocrx_word' id='word_1_18' title='bbox 2301 359 2319 392; x_wconf 79' lang='grc' dir='ltr'><strong>ι</strong></span> <span class='ocrx_word' id='word_1_19' title='bbox 2358 343 2555 395; x_wconf 84' lang='grc' dir='ltr'>Πατεῖν</span> <span class='ocrx_word' id='word_1_20' title='bbox 2610 342 2695 412; x_wconf 74' lang='grc' dir='ltr'>τὴν</span> <span class='ocrx_word' id='word_1_21' title='bbox 2746 342 2917 413; x_wconf 74' lang='grc' dir='ltr'>αὐλήν</span> <span class='ocrx_word' id='word_1_22' title='bbox 2968 358 3070 413; x_wconf 81' lang='grc' dir='ltr'><strong>μου</strong></span> <span class='ocrx_word' id='word_1_23' title='bbox 3111 342 3172 393; x_wconf 76' lang='grc' dir='ltr'><strong>ού</strong></span> <span class='ocrx_word' id='word_1_24' title='bbox 3218 340 3610 412; x_wconf 76' lang='grc' dir='ltr'>προσθήσεσθε.</span> <span class='ocrx_word' id='word_1_25' title='bbox 3678 343 3802 397; x_wconf 76' lang='grc' dir='ltr'><strong>Ἐὰν</strong></span> 
     </span>
    </p>
   </div>
   <div class='ocr_carea' id='block_1_4' title="bbox 541 432 2121 503">
    <p class='ocr_par' dir='ltr' id='par_1_4' title="bbox 541 432 2121 503">
     <span class='ocr_line' id='line_1_4' title="bbox 541 432 2121 503; baseline -0.006 -9"><span class='ocrx_word' id='word_1_26' title='bbox 541 437 722 493; x_wconf 80' lang='lat' dir='ltr'><strong>cistis.</strong></span> <span class='ocrx_word' id='word_1_27' title='bbox 761 435 817 490; x_wconf 89' lang='lat' dir='ltr'><strong>Si</strong></span> <span class='ocrx_word' id='word_1_28' title='bbox 857 434 1086 490; x_wconf 83' lang='lat' dir='ltr'><strong>tuleritis</strong></span> <span class='ocrx_word' id='word_1_29' title='bbox 1122 434 1378 501; x_wconf 80' lang='lat' dir='ltr'><strong>similam,</strong></span> <span class='ocrx_word' id='word_1_30' title='bbox 1405 448 1606 488; x_wconf 89' lang='lat' dir='ltr'><strong>vanum</strong></span> <span class='ocrx_word' id='word_1_31' title='bbox 1637 432 1961 503; x_wconf 86' lang='lat' dir='ltr'><strong>thymiama,</strong></span> <span class='ocrx_word' id='word_1_32' title='bbox 1992 432 2121 486; x_wconf 92' lang='lat' dir='ltr'><strong>abo-</strong></span> 
     </span>
    </p>
   </div>
   <div class='ocr_carea' id='block_1_5' title="bbox 543 523 2121 590">
    <p class='ocr_par' dir='ltr' id='par_1_5' title="bbox 543 523 2121 590">
     <span class='ocr_line' id='line_1_5' title="bbox 543 523 2121 590; baseline -0.004 -7"><span class='ocrx_word' id='word_1_33' title='bbox 543 530 770 584; x_wconf 87' lang='lat' dir='ltr'><strong>minatio</strong></span> <span class='ocrx_word' id='word_1_34' title='bbox 796 528 926 581; x_wconf 86' lang='lat' dir='ltr'><strong>mihi</strong></span> <span class='ocrx_word' id='word_1_35' title='bbox 952 537 1055 581; x_wconf 90' lang='lat' dir='ltr'><strong>est.</strong></span> <span class='ocrx_word' id='word_1_36' title='bbox 1104 525 1432 581; x_wconf 86' lang='lat' dir='ltr'><strong>Neomenias</strong></span> <span class='ocrx_word' id='word_1_37' title='bbox 1470 534 1705 589; x_wconf 86' lang='lat' dir='ltr'><strong>vestras,</strong></span> <span class='ocrx_word' id='word_1_38' title='bbox 1757 532 1813 579; x_wconf 90' lang='lat' dir='ltr'><strong>et</strong></span> <span class='ocrx_word' id='word_1_39' title='bbox 1858 523 2121 590; x_wconf 85' lang='lat' dir='ltr'><strong>Sabbata,</strong></span> 
     </span>
    </p>
   </div>
   <div class='ocr_carea' id='block_1_6' title="bbox 542 613 2120 688">
    <p class='ocr_par' dir='ltr' id='par_1_6' title="bbox 542 613 2120 688">
     <span class='ocr_line' id='line_1_6' title="bbox 542 613 2120 688; baseline -0.004 -12"><span class='ocrx_word' id='word_1_40' title='bbox 542 630 597 676; x_wconf 88' lang='lat' dir='ltr'><strong>et</strong></span> <span class='ocrx_word' id='word_1_41' title='bbox 626 620 766 674; x_wconf 91' lang='lat' dir='ltr'><strong>diem</strong></span> <span class='ocrx_word' id='word_1_42' title='bbox 804 634 1055 688; x_wconf 85' lang='lat' dir='ltr'><strong>magnam</strong></span> <span class='ocrx_word' id='word_1_43' title='bbox 1096 632 1202 672; x_wconf 90' lang='lat' dir='ltr'><strong>non</strong></span> <span class='ocrx_word' id='word_1_44' title='bbox 1229 618 1347 673; x_wconf 85' lang='lat' dir='ltr'><strong>fero</strong></span> <span class='ocrx_word' id='word_1_45' title='bbox 1384 633 1400 672; x_wconf 87' lang='lat'><strong>:</strong></span> <span class='ocrx_word' id='word_1_46' title='bbox 1428 613 1699 686; x_wconf 83' lang='lat' dir='ltr'><strong>jejunium</strong></span> <span class='ocrx_word' id='word_1_47' title='bbox 1751 624 1806 670; x_wconf 86' lang='lat' dir='ltr'><strong>et</strong></span> <span class='ocrx_word' id='word_1_48' title='bbox 1855 614 2120 670; x_wconf 87' lang='lat' dir='ltr'><strong>cessatio-</strong></span> 
     </span>
    </p>
   </div>
   <div class='ocr_carea' id='block_1_7' title="bbox 543 707 2123 765">
    <p class='ocr_par' dir='ltr' id='par_1_7' title="bbox 543 707 2123 765">
     <span class='ocr_line' id='line_1_7' title="bbox 543 707 2123 765; baseline -0.002 0"><span class='ocrx_word' id='word_1_49' title='bbox 543 726 666 765; x_wconf 87' lang='lat' dir='ltr'><strong>nem</strong></span> <span class='ocrx_word' id='word_1_50' title='bbox 699 718 753 765; x_wconf 83' lang='lat' dir='ltr'><strong>et</strong></span> <span class='ocrx_word' id='word_1_51' title='bbox 785 710 1103 764; x_wconf 89' lang='lat' dir='ltr'><strong>neomenias</strong></span> <span class='ocrx_word' id='word_1_52' title='bbox 1135 718 1352 765; x_wconf 85' lang='lat' dir='ltr'><strong>vestras</strong></span> <span class='ocrx_word' id='word_1_53' title='bbox 1384 719 1439 764; x_wconf 91' lang='lat' dir='ltr'><strong>et</strong></span> <span class='ocrx_word' id='word_1_54' title='bbox 1493 707 1865 764; x_wconf 88' lang='lat' dir='ltr'><strong>solemnitates</strong></span> <span class='ocrx_word' id='word_1_55' title='bbox 1910 717 2123 762; x_wconf 83' lang='lat' dir='ltr'><strong>vestras</strong></span> 
     </span>
    </p>
   </div>
   <div class='ocr_carea' id='block_1_8' title="bbox 539 800 2121 857">
    <p class='ocr_par' dir='ltr' id='par_1_8' title="bbox 539 800 2121 857">
     <span class='ocr_line' id='line_1_8' title="bbox 539 800 2121 857; baseline -0.003 0"><span class='ocrx_word' id='word_1_56' title='bbox 539 803 655 857; x_wconf 88' lang='lat' dir='ltr'><strong>odit</strong></span> <span class='ocrx_word' id='word_1_57' title='bbox 694 802 874 855; x_wconf 89' lang='lat' dir='ltr'><strong>anima</strong></span> <span class='ocrx_word' id='word_1_58' title='bbox 913 816 1052 855; x_wconf 88' lang='lat' dir='ltr'><strong>mea.</strong></span> <span class='ocrx_word' id='word_1_59' title='bbox 1092 800 1248 855; x_wconf 84' lang='lat' dir='ltr'><strong>Facti</strong></span> <span class='ocrx_word' id='word_1_60' title='bbox 1289 801 1425 857; x_wconf 88' lang='lat' dir='ltr'><strong>estis</strong></span> <span class='ocrx_word' id='word_1_61' title='bbox 1476 800 1609 856; x_wconf 85' lang='lat' dir='ltr'><strong>mihi</strong></span> <span class='ocrx_word' id='word_1_62' title='bbox 1660 801 1712 853; x_wconf 92' lang='lat' dir='ltr'><strong>in</strong></span> <span class='ocrx_word' id='word_1_63' title='bbox 1764 800 2121 854; x_wconf 73' lang='lat' dir='ltr'><strong>satietatem:</strong></span> 
     </span>
    </p>
   </div>
   <div class='ocr_carea' id='block_1_9' title="bbox 543 890 2125 963">
    <p class='ocr_par' dir='ltr' id='par_1_9' title="bbox 543 890 2125 963">
     <span class='ocr_line' id='line_1_9' title="bbox 543 890 2125 963; baseline -0.001 -16"><span class='ocrx_word' id='word_1_64' title='bbox 543 909 647 948; x_wconf 89' lang='lat' dir='ltr'><strong>non</strong></span> <span class='ocrx_word' id='word_1_65' title='bbox 681 894 822 947; x_wconf 90' lang='lat' dir='ltr'><strong>ultra</strong></span> <span class='ocrx_word' id='word_1_66' title='bbox 862 893 1106 948; x_wconf 84' lang='lat' dir='ltr'><strong>tolerabo</strong></span> <span class='ocrx_word' id='word_1_67' title='bbox 1132 901 1356 963; x_wconf 88' lang='lat' dir='ltr'><strong>peccata</strong></span> <span class='ocrx_word' id='word_1_68' title='bbox 1386 902 1592 949; x_wconf 86' lang='lat' dir='ltr'><strong>vestra.</strong></span> <span class='ocrx_word' id='word_1_69' title='bbox 1625 891 1841 948; x_wconf 86' lang='lat' dir='ltr'><strong>Etcum</strong></span> <span class='ocrx_word' id='word_1_70' title='bbox 1861 890 2125 945; x_wconf 81' lang='lat' dir='ltr'><strong>extende-</strong></span> 
     </span>
    </p>
   </div>
   <div class='ocr_carea' id='block_1_10' title="bbox 541 984 2123 1052">
    <p class='ocr_par' dir='ltr' id='par_1_10' title="bbox 541 984 2123 1052">
     <span class='ocr_line' id='line_1_10' title="bbox 541 984 2123 1052; baseline -0.001 -13"><span class='ocrx_word' id='word_1_71' title='bbox 541 986 664 1039; x_wconf 88' lang='lat' dir='ltr'><strong>ritis</strong></span> <span class='ocrx_word' id='word_1_72' title='bbox 694 1000 886 1039; x_wconf 89' lang='lat' dir='ltr'><strong>manus</strong></span> <span class='ocrx_word' id='word_1_73' title='bbox 926 993 1137 1039; x_wconf 89' lang='lat' dir='ltr'><strong>vestras</strong></span> <span class='ocrx_word' id='word_1_74' title='bbox 1180 985 1247 1039; x_wconf 87' lang='lat' dir='ltr'><strong>ad</strong></span> <span class='ocrx_word' id='word_1_75' title='bbox 1291 1000 1397 1052; x_wconf 90' lang='lat' dir='ltr'><strong>me,</strong></span> <span class='ocrx_word' id='word_1_76' title='bbox 1441 993 1686 1040; x_wconf 84' lang='lat' dir='ltr'><strong>avertam</strong></span> <span class='ocrx_word' id='word_1_77' title='bbox 1747 984 1934 1039; x_wconf 89' lang='lat' dir='ltr'><strong>oculos</strong></span> <span class='ocrx_word' id='word_1_78' title='bbox 1974 997 2123 1039; x_wconf 89' lang='lat' dir='ltr'><strong>meos</strong></span> 
     </span>
    </p>
   </div>
   <div class='ocr_carea' id='block_1_11' title="bbox 541 1073 2119 1144">
    <p class='ocr_par' dir='ltr' id='par_1_11' title="bbox 541 1073 2119 1144">
     <span class='ocr_line' id='line_1_11' title="bbox 541 1073 2119 1144; baseline -0.001 -16"><span class='ocrx_word' id='word_1_79' title='bbox 541 1090 571 1128; x_wconf 93' lang='lat' dir='ltr'><strong>a</strong></span> <span class='ocrx_word' id='word_1_80' title='bbox 600 1074 756 1129; x_wconf 82' lang='lat' dir='ltr'><strong>vobis</strong></span> <span class='ocrx_word' id='word_1_81' title='bbox 792 1094 806 1127; x_wconf 89' lang='lat'><strong>:</strong></span> <span class='ocrx_word' id='word_1_82' title='bbox 836 1084 891 1128; x_wconf 92' lang='lat' dir='ltr'><strong>et</strong></span> <span class='ocrx_word' id='word_1_83' title='bbox 924 1074 968 1127; x_wconf 92' lang='lat' dir='ltr'><strong>si</strong></span> <span class='ocrx_word' id='word_1_84' title='bbox 994 1073 1485 1143; x_wconf 90' lang='lat' dir='ltr'><strong>multiplicaveritis</strong></span> <span class='ocrx_word' id='word_1_85' title='bbox 1512 1074 1992 1144; x_wconf 74' lang='lat' dir='ltr'><strong>supplicationem,</strong></span> <span class='ocrx_word' id='word_1_86' title='bbox 2014 1087 2119 1127; x_wconf 88' lang='lat' dir='ltr'><strong>nou</strong></span> 
     </span>
    </p>
   </div>
   <div class='ocr_carea' id='block_1_12' title="bbox 541 1165 2119 1237">
    <p class='ocr_par' dir='ltr' id='par_1_12' title="bbox 541 1165 2119 1237">
     <span class='ocr_line' id='line_1_12' title="bbox 541 1165 2119 1237; baseline -0.003 -16"><span class='ocrx_word' id='word_1_87' title='bbox 541 1166 829 1221; x_wconf 79' lang='lat' dir='ltr'><strong>exaudiam</strong></span> <span class='ocrx_word' id='word_1_88' title='bbox 866 1181 987 1221; x_wconf 90' lang='lat' dir='ltr'><strong>vos:</strong></span> <span class='ocrx_word' id='word_1_89' title='bbox 1016 1182 1141 1220; x_wconf 91' lang='lat' dir='ltr'><strong>nam</strong></span> <span class='ocrx_word' id='word_1_90' title='bbox 1166 1181 1359 1221; x_wconf 90' lang='lat' dir='ltr'><strong>manus</strong></span> <span class='ocrx_word' id='word_1_91' title='bbox 1378 1176 1571 1221; x_wconf 70' lang='lat' dir='ltr'><strong>vestra:</strong></span> <span class='ocrx_word' id='word_1_92' title='bbox 1596 1167 1859 1237; x_wconf 80' lang='lat' dir='ltr'><strong>sanguine</strong></span> <span class='ocrx_word' id='word_1_93' title='bbox 1893 1165 2119 1235; x_wconf 65' lang='lat' dir='ltr'><strong>plenam</strong></span> 
     </span>
    </p>
   </div>
   <div class='ocr_carea' id='block_1_13' title="bbox 542 1257 2123 1329">
    <p class='ocr_par' dir='ltr' id='par_1_13' title="bbox 542 1257 2123 1329">
     <span class='ocr_line' id='line_1_13' title="bbox 542 1257 2123 1329; baseline -0.001 -16"><span class='ocrx_word' id='word_1_94' title='bbox 542 1257 647 1313; x_wconf 89' lang='lat' dir='ltr'><strong>Sed</strong></span> <span class='ocrx_word' id='word_1_95' title='bbox 673 1258 798 1327; x_wconf 87' lang='lat' dir='ltr'><strong>quia</strong></span> <span class='ocrx_word' id='word_1_96' title='bbox 830 1273 934 1313; x_wconf 90' lang='lat' dir='ltr'><strong>non</strong></span> <span class='ocrx_word' id='word_1_97' title='bbox 967 1268 1342 1329; x_wconf 86' lang='lat' dir='ltr'><strong>cognoverunt</strong></span> <span class='ocrx_word' id='word_1_98' title='bbox 1373 1258 1687 1323; x_wconf 88' lang='lat' dir='ltr'><strong>Dominum,</strong></span> <span class='ocrx_word' id='word_1_99' title='bbox 1735 1268 1791 1313; x_wconf 91' lang='lat' dir='ltr'><strong>et</strong></span> <span class='ocrx_word' id='word_1_100' title='bbox 1834 1258 1961 1329; x_wconf 76' lang='lat' dir='ltr'><strong>quia</strong></span> <span class='ocrx_word' id='word_1_101' title='bbox 2015 1271 2123 1313; x_wconf 83' lang='lat' dir='ltr'><strong>non</strong></span> 
     </span>
    </p>
   </div>
   <div class='ocr_carea' id='block_1_14' title="bbox 458 1340 2125 1420">
    <p class='ocr_par' dir='ltr' id='par_1_14' title="bbox 458 1340 2125 1420">
     <span class='ocr_line' id='line_1_14' title="bbox 458 1340 2125 1420; baseline 0.001 -18"><span class='ocrx_word' id='word_1_102' title='bbox 458 1340 459 1343; x_wconf 42' lang='grc'><em>“</em></span> <span class='ocrx_word' id='word_1_103' title='bbox 542 1348 931 1403; x_wconf 82' lang='lat' dir='ltr'><strong>intellexerunt</strong></span> <span class='ocrx_word' id='word_1_104' title='bbox 995 1365 1141 1416; x_wconf 88' lang='lat' dir='ltr'><strong>eum,</strong></span> <span class='ocrx_word' id='word_1_105' title='bbox 1194 1350 1321 1418; x_wconf 90' lang='lat' dir='ltr'><strong>quia</strong></span> <span class='ocrx_word' id='word_1_106' title='bbox 1381 1349 1791 1420; x_wconf 87' lang='lat' dir='ltr'><strong>dereliquerunt</strong></span> <span class='ocrx_word' id='word_1_107' title='bbox 1848 1364 2009 1413; x_wconf 87' lang='lat' dir='ltr'><strong>eum,</strong></span> <span class='ocrx_word' id='word_1_108' title='bbox 2072 1358 2125 1403; x_wconf 91' lang='lat' dir='ltr'><strong>et</strong></span> 
     </span>
    </p>
   </div>
   <div class='ocr_carea' id='block_1_15' title="bbox 544 1440 2121 1505">
    <p class='ocr_par' dir='ltr' id='par_1_15' title="bbox 544 1440 2121 1505">
     <span class='ocr_line' id='line_1_15' title="bbox 544 1440 2121 1505; baseline 0.001 -13"><span class='ocrx_word' id='word_1_109' title='bbox 544 1440 899 1495; x_wconf 87' lang='lat' dir='ltr'><strong>irritaverunt</strong></span> <span class='ocrx_word' id='word_1_110' title='bbox 944 1450 1193 1495; x_wconf 88' lang='lat' dir='ltr'><strong>sanctum</strong></span> <span class='ocrx_word' id='word_1_111' title='bbox 1244 1441 1408 1496; x_wconf 87' lang='lat' dir='ltr'><strong>Israet</strong></span> <span class='ocrx_word' id='word_1_112' title='bbox 1440 1460 1454 1495; x_wconf 89' lang='lat'><strong>:</strong></span> <span class='ocrx_word' id='word_1_113' title='bbox 1489 1449 1545 1495; x_wconf 92' lang='lat' dir='ltr'><strong>et</strong></span> <span class='ocrx_word' id='word_1_114' title='bbox 1602 1442 1668 1495; x_wconf 84' lang='lat' dir='ltr'><strong>ad</strong></span> <span class='ocrx_word' id='word_1_115' title='bbox 1724 1442 1838 1496; x_wconf 67' lang='lat' dir='ltr'><strong>haec</strong></span> <span class='ocrx_word' id='word_1_116' title='bbox 1905 1441 2121 1505; x_wconf 88' lang='lat' dir='ltr'><strong>omnia,</strong></span> 
     </span>
    </p>
   </div>
   <div class='ocr_carea' id='block_1_16' title="bbox 544 1530 2126 1601">
    <p class='ocr_par' dir='ltr' id='par_1_16' title="bbox 544 1530 2126 1601">
     <span class='ocr_line' id='line_1_16' title="bbox 544 1530 2126 1601; baseline 0.002 -18"><span class='ocrx_word' id='word_1_117' title='bbox 544 1530 673 1598; x_wconf 89' lang='lat' dir='ltr'><strong>quia</strong></span> <span class='ocrx_word' id='word_1_118' title='bbox 711 1545 902 1585; x_wconf 86' lang='lat' dir='ltr'><strong>manus</strong></span> <span class='ocrx_word' id='word_1_119' title='bbox 927 1546 1119 1585; x_wconf 90' lang='lat' dir='ltr'><strong>eorum</strong></span> <span class='ocrx_word' id='word_1_120' title='bbox 1156 1532 1420 1601; x_wconf 80' lang='lat' dir='ltr'><strong>sanguine</strong></span> <span class='ocrx_word' id='word_1_121' title='bbox 1446 1530 1619 1600; x_wconf 68' lang='lat' dir='ltr'><strong>plena:</strong></span> <span class='ocrx_word' id='word_1_122' title='bbox 1652 1531 1895 1597; x_wconf 89' lang='lat' dir='ltr'><strong>fuerunt,</strong></span> <span class='ocrx_word' id='word_1_123' title='bbox 1920 1532 1990 1585; x_wconf 93' lang='lat' dir='ltr'><strong>ob</strong></span> <span class='ocrx_word' id='word_1_124' title='bbox 2020 1546 2126 1586; x_wconf 68' lang='lat' dir='ltr'><strong>cae-</strong></span> 
     </span>
    </p>
   </div>
   <div class='ocr_carea' id='block_1_17' title="bbox 542 1620 2123 1692">
    <p class='ocr_par' dir='ltr' id='par_1_17' title="bbox 542 1620 2123 1692">
     <span class='ocr_line' id='line_1_17' title="bbox 542 1620 2123 1692; baseline 0.002 -19"><span class='ocrx_word' id='word_1_125' title='bbox 542 1621 662 1675; x_wconf 91' lang='lat' dir='ltr'><strong>dem</strong></span> <span class='ocrx_word' id='word_1_126' title='bbox 696 1620 920 1687; x_wconf 80' lang='lat' dir='ltr'><strong>Christi,</strong></span> <span class='ocrx_word' id='word_1_127' title='bbox 946 1637 1107 1690; x_wconf 87' lang='lat' dir='ltr'><strong>quam</strong></span> <span class='ocrx_word' id='word_1_128' title='bbox 1133 1632 1252 1692; x_wconf 90' lang='lat' dir='ltr'><strong>post</strong></span> <span class='ocrx_word' id='word_1_129' title='bbox 1283 1630 1576 1677; x_wconf 78' lang='lat' dir='ltr'><strong>sexcentos</strong></span> <span class='ocrx_word' id='word_1_130' title='bbox 1608 1622 1963 1690; x_wconf 86' lang='lat' dir='ltr'><strong>interemptos</strong></span> <span class='ocrx_word' id='word_1_131' title='bbox 1999 1636 2123 1692; x_wconf 91' lang='lat' dir='ltr'><strong>pro-</strong></span> 
     </span>
    </p>
   </div>
   <div class='ocr_carea' id='block_1_18' title="bbox 539 1712 2123 1783">
    <p class='ocr_par' dir='ltr' id='par_1_18' title="bbox 539 1712 2123 1783">
     <span class='ocr_line' id='line_1_18' title="bbox 539 1712 2123 1783; baseline 0.003 -20"><span class='ocrx_word' id='word_1_132' title='bbox 539 1712 754 1779; x_wconf 83' lang='lat' dir='ltr'><strong>pltetas,</strong></span> <span class='ocrx_word' id='word_1_133' title='bbox 781 1722 1185 1781; x_wconf 87' lang='lat' dir='ltr'><strong>perpetrarunt,</strong></span> <span class='ocrx_word' id='word_1_134' title='bbox 1223 1722 1277 1766; x_wconf 89' lang='lat' dir='ltr'><strong>et</strong></span> <span class='ocrx_word' id='word_1_135' title='bbox 1310 1712 1578 1781; x_wconf 86' lang='lat' dir='ltr'><strong>sanguine</strong></span> <span class='ocrx_word' id='word_1_136' title='bbox 1623 1713 1813 1783; x_wconf 85' lang='lat' dir='ltr'><strong>repleti</strong></span> <span class='ocrx_word' id='word_1_137' title='bbox 1841 1721 2001 1779; x_wconf 88' lang='lat' dir='ltr'><strong>sunt;</strong></span> <span class='ocrx_word' id='word_1_138' title='bbox 2038 1713 2123 1767; x_wconf 86' lang='lat' dir='ltr'><strong>bis</strong></span> 
     </span>
    </p>
   </div>
   <div class='ocr_carea' id='block_1_19' title="bbox 538 1803 2121 1875">
    <p class='ocr_par' dir='ltr' id='par_1_19' title="bbox 538 1803 2121 1875">
     <span class='ocr_line' id='line_1_19' title="bbox 538 1803 2121 1875; baseline 0.003 -21"><span class='ocrx_word' id='word_1_139' title='bbox 538 1804 789 1859; x_wconf 86' lang='lat' dir='ltr'><strong>omnibus</strong></span> <span class='ocrx_word' id='word_1_140' title='bbox 824 1804 1133 1865; x_wconf 89' lang='lat' dir='ltr'><strong>recensitis,</strong></span> <span class='ocrx_word' id='word_1_141' title='bbox 1174 1818 1385 1859; x_wconf 89' lang='lat' dir='ltr'><strong>necnon</strong></span> <span class='ocrx_word' id='word_1_142' title='bbox 1421 1803 1559 1872; x_wconf 80' lang='lat' dir='ltr'><strong>legis</strong></span> <span class='ocrx_word' id='word_1_143' title='bbox 1592 1805 1864 1859; x_wconf 88' lang='lat' dir='ltr'><strong>solutione</strong></span> <span class='ocrx_word' id='word_1_144' title='bbox 1886 1844 1901 1869; x_wconf 89' lang='lat'><strong>,</strong></span> <span class='ocrx_word' id='word_1_145' title='bbox 1934 1805 2121 1875; x_wconf 86' lang='lat' dir='ltr'><strong>templi</strong></span> 
     </span>
    </p>
   </div>
   <div class='ocr_carea' id='block_1_20' title="bbox 539 1893 2145 1969">
    <p class='ocr_par' dir='ltr' id='par_1_20' title="bbox 539 1893 2145 1969">
     <span class='ocr_line' id='line_1_20' title="bbox 539 1893 2145 1969; baseline 0.002 -23"><span class='ocrx_word' id='word_1_146' title='bbox 539 1893 778 1956; x_wconf 81' lang='lat' dir='ltr'><strong>excidio,</strong></span> <span class='ocrx_word' id='word_1_147' title='bbox 811 1908 875 1948; x_wconf 90' lang='lat' dir='ltr'><strong>ac</strong></span> <span class='ocrx_word' id='word_1_148' title='bbox 913 1894 1242 1969; x_wconf 85' lang='lat' dir='ltr'><strong>omnimodis</strong></span> <span class='ocrx_word' id='word_1_149' title='bbox 1293 1893 1608 1962; x_wconf 86' lang='lat' dir='ltr'><strong>suppliciis;</strong></span> <span class='ocrx_word' id='word_1_150' title='bbox 1661 1894 1904 1961; x_wconf 87' lang='lat' dir='ltr'><strong>peccati,</strong></span> <span class='ocrx_word' id='word_1_151' title='bbox 1969 1895 2145 1963; x_wconf 85' lang='lat' dir='ltr'><strong>cujus-</strong></span> 
     </span>
    </p>
   </div>
   <div class='ocr_carea' id='block_1_21' title="bbox 537 1982 2125 2053">
    <p class='ocr_par' dir='ltr' id='par_1_21' title="bbox 537 1982 2125 2053">
     <span class='ocr_line' id='line_1_21' title="bbox 537 1982 2125 2053; baseline 0 -16"><span class='ocrx_word' id='word_1_152' title='bbox 537 1998 700 2038; x_wconf 91' lang='lat' dir='ltr'><strong>causa</strong></span> <span class='ocrx_word' id='word_1_153' title='bbox 734 1985 851 2039; x_wconf 67' lang='lat' dir='ltr'><strong>haec</strong></span> <span class='ocrx_word' id='word_1_154' title='bbox 881 1984 1125 2053; x_wconf 89' lang='lat' dir='ltr'><strong>perpessi</strong></span> <span class='ocrx_word' id='word_1_155' title='bbox 1158 1992 1307 2049; x_wconf 86' lang='lat' dir='ltr'><strong>sunt,</strong></span> <span class='ocrx_word' id='word_1_156' title='bbox 1340 1982 1577 2051; x_wconf 87' lang='lat' dir='ltr'><strong>speciem</strong></span> <span class='ocrx_word' id='word_1_157' title='bbox 1602 1983 1796 2037; x_wconf 85' lang='lat' dir='ltr'><strong>edocet</strong></span> <span class='ocrx_word' id='word_1_158' title='bbox 1825 2000 1839 2036; x_wconf 91' lang='lat'><strong>:</strong></span> <span class='ocrx_word' id='word_1_159' title='bbox 1871 1982 2125 2053; x_wconf 88' lang='lat' dir='ltr'><strong>ipsosque</strong></span> 
     </span>
    </p>
   </div>
   <div class='ocr_carea' id='block_1_22' title="bbox 538 2070 2122 2138">
    <p class='ocr_par' dir='ltr' id='par_1_22' title="bbox 538 2070 2122 2138">
     <span class='ocr_line' id='line_1_22' title="bbox 538 2070 2122 2138; baseline -0.001 -12"><span class='ocrx_word' id='word_1_160' title='bbox 538 2081 787 2135; x_wconf 86' lang='lat' dir='ltr'><strong>accusat,</strong></span> <span class='ocrx_word' id='word_1_161' title='bbox 817 2088 923 2126; x_wconf 89' lang='lat' dir='ltr'><strong>non</strong></span> <span class='ocrx_word' id='word_1_162' title='bbox 955 2073 1022 2126; x_wconf 91' lang='lat' dir='ltr'><strong>de</strong></span> <span class='ocrx_word' id='word_1_163' title='bbox 1059 2072 1332 2126; x_wconf 85' lang='lat' dir='ltr'><strong>idolorum</strong></span> <span class='ocrx_word' id='word_1_164' title='bbox 1365 2071 1536 2134; x_wconf 89' lang='lat' dir='ltr'><strong>cultu,</strong></span> <span class='ocrx_word' id='word_1_165' title='bbox 1576 2086 1683 2125; x_wconf 92' lang='lat' dir='ltr'><strong>non</strong></span> <span class='ocrx_word' id='word_1_166' title='bbox 1726 2072 1792 2126; x_wconf 85' lang='lat' dir='ltr'><strong>de</strong></span> <span class='ocrx_word' id='word_1_167' title='bbox 1831 2070 2122 2138; x_wconf 84' lang='lat' dir='ltr'><strong>adulterio,</strong></span> 
     </span>
    </p>
   </div>
   <div class='ocr_carea' id='block_1_23' title="bbox 538 2145 2123 2228">
    <p class='ocr_par' dir='ltr' id='par_1_23' title="bbox 538 2145 2123 2228">
     <span class='ocr_line' id='line_1_23' title="bbox 538 2145 2123 2228; baseline 0.001 -15"><span class='ocrx_word' id='word_1_168' title='bbox 538 2175 639 2215; x_wconf 90' lang='lat' dir='ltr'><strong>nec</strong></span> <span class='ocrx_word' id='word_1_169' title='bbox 677 2162 745 2213; x_wconf 90' lang='lat' dir='ltr'><strong>de</strong></span> <span class='ocrx_word' id='word_1_170' title='bbox 770 2161 1035 2225; x_wconf 85' lang='lat' dir='ltr'><strong>avaritia;</strong></span> <span class='ocrx_word' id='word_1_171' title='bbox 1070 2161 1166 2214; x_wconf 87' lang='lat' dir='ltr'><strong>sed</strong></span> <span class='ocrx_word' id='word_1_172' title='bbox 1203 2162 1271 2214; x_wconf 86' lang='lat' dir='ltr'><strong>de</strong></span> <span class='ocrx_word' id='word_1_173' title='bbox 1298 2162 1465 2213; x_wconf 66' lang='lat' dir='ltr'><strong>caede.</strong></span> <span class='ocrx_word' id='word_1_174' title='bbox 1498 2159 1632 2213; x_wconf 85' lang='lat' dir='ltr'><strong>Nam</strong></span> <span class='ocrx_word' id='word_1_175' title='bbox 1666 2145 1815 2213; x_wconf 70' lang='lat' dir='ltr'><strong>omni</strong></span> <span class='ocrx_word' id='word_1_176' title='bbox 1847 2161 2123 2228; x_wconf 87' lang='lat' dir='ltr'><strong>impietate</strong></span> 
     </span>
    </p>
   </div>
   <div class='ocr_carea' id='block_1_24' title="bbox 535 2238 2119 2319">
    <p class='ocr_par' dir='ltr' id='par_1_24' title="bbox 535 2238 2119 2319">
     <span class='ocr_line' id='line_1_24' title="bbox 535 2238 2119 2319; baseline 0.001 -15"><span class='ocrx_word' id='word_1_177' title='bbox 535 2260 590 2304; x_wconf 91' lang='lat' dir='ltr'><strong>et</strong></span> <span class='ocrx_word' id='word_1_178' title='bbox 622 2251 911 2319; x_wconf 89' lang='lat' dir='ltr'><strong>iniquitate</strong></span> <span class='ocrx_word' id='word_1_179' title='bbox 960 2251 1203 2305; x_wconf 84' lang='lat' dir='ltr'><strong>deterior</strong></span> <span class='ocrx_word' id='word_1_180' title='bbox 1249 2258 1334 2305; x_wconf 88' lang='lat' dir='ltr'><strong>est</strong></span> <span class='ocrx_word' id='word_1_181' title='bbox 1372 2264 1562 2305; x_wconf 85' lang='lat' dir='ltr'><strong>eorum</strong></span> <span class='ocrx_word' id='word_1_182' title='bbox 1599 2260 1790 2306; x_wconf 88' lang='lat' dir='ltr'><strong>contra</strong></span> <span class='ocrx_word' id='word_1_183' title='bbox 1834 2238 2119 2305; x_wconf 87' lang='lat' dir='ltr'><strong>Dominum</strong></span> 
     </span>
    </p>
   </div>
   <div class='ocr_carea' id='block_1_25' title="bbox 538 2338 2122 2411">
    <p class='ocr_par' dir='ltr' id='par_1_25' title="bbox 538 2338 2122 2411">
     <span class='ocr_line' id='line_1_25' title="bbox 538 2338 2122 2411; baseline 0.001 -18"><span class='ocrx_word' id='word_1_184' title='bbox 538 2341 799 2406; x_wconf 89' lang='lat' dir='ltr'><strong>insania;</strong></span> <span class='ocrx_word' id='word_1_185' title='bbox 834 2342 947 2397; x_wconf 59' lang='lat' dir='ltr'><strong>haec</strong></span> <span class='ocrx_word' id='word_1_186' title='bbox 990 2342 1190 2411; x_wconf 84' lang='lat' dir='ltr'><strong>quippe</strong></span> <span class='ocrx_word' id='word_1_187' title='bbox 1238 2355 1341 2394; x_wconf 76' lang='lat' dir='ltr'><strong>vox</strong></span> <span class='ocrx_word' id='word_1_188' title='bbox 1387 2339 1601 2395; x_wconf 85' lang='lat' dir='ltr'><strong>illorum</strong></span> <span class='ocrx_word' id='word_1_189' title='bbox 1652 2351 1783 2395; x_wconf 88' lang='lat' dir='ltr'><strong>est:</strong></span> <span class='ocrx_word' id='word_1_190' title='bbox 1838 2360 1857 2393; x_wconf 72' lang='grc' dir='ltr'><strong>ι</strong></span> <span class='ocrx_word' id='word_1_191' title='bbox 1887 2338 2122 2410; x_wconf 79' lang='lat' dir='ltr'><strong>Sanguis</strong></span> 
     </span>
    </p>
   </div>
   <div class='ocr_carea' id='block_1_26' title="bbox 538 2428 2119 2501">
    <p class='ocr_par' dir='ltr' id='par_1_26' title="bbox 538 2428 2119 2501">
     <span class='ocr_line' id='line_1_26' title="bbox 538 2428 2119 2501; baseline 0.002 -20"><span class='ocrx_word' id='word_1_192' title='bbox 538 2428 658 2497; x_wconf 80' lang='lat' dir='ltr'><strong>ejus</strong></span> <span class='ocrx_word' id='word_1_193' title='bbox 690 2444 854 2499; x_wconf 84' lang='lat' dir='ltr'><strong>super</strong></span> <span class='ocrx_word' id='word_1_194' title='bbox 885 2445 984 2486; x_wconf 89' lang='lat' dir='ltr'><strong>nos</strong></span> <span class='ocrx_word' id='word_1_195' title='bbox 1021 2440 1074 2485; x_wconf 87' lang='lat' dir='ltr'><strong>et</strong></span> <span class='ocrx_word' id='word_1_196' title='bbox 1105 2444 1268 2501; x_wconf 89' lang='lat' dir='ltr'><strong>super</strong></span> <span class='ocrx_word' id='word_1_197' title='bbox 1302 2429 1442 2484; x_wconf 82' lang='lat' dir='ltr'><strong>filios</strong></span> <span class='ocrx_word' id='word_1_198' title='bbox 1473 2439 1690 2484; x_wconf 86' lang='lat' dir='ltr'><strong>nostros</strong></span> <span class='ocrx_word' id='word_1_199' title='bbox 1714 2430 1757 2483; x_wconf 79' lang='grc'><strong>⁸.</strong></span> <span class='ocrx_word' id='word_1_200' title='bbox 1788 2447 1807 2481; x_wconf 73' lang='grc' dir='ltr'><strong>ι</strong></span> <span class='ocrx_word' id='word_1_201' title='bbox 1850 2429 1948 2484; x_wconf 81' lang='lat' dir='ltr'><strong>llic</strong></span> <span class='ocrx_word' id='word_1_202' title='bbox 1990 2444 2119 2485; x_wconf 87' lang='lat' dir='ltr'><strong>san-</strong></span> 
     </span>
    </p>
   </div>
   <div class='ocr_carea' id='block_1_27' title="bbox 536 2511 2119 2591">
    <p class='ocr_par' dir='ltr' id='par_1_27' title="bbox 536 2511 2119 2591">
     <span class='ocr_line' id='line_1_27' title="bbox 536 2511 2119 2591; baseline 0.003 -19"><span class='ocrx_word' id='word_1_203' title='bbox 536 2522 657 2590; x_wconf 87' lang='lat' dir='ltr'><strong>guis</strong></span> <span class='ocrx_word' id='word_1_204' title='bbox 683 2521 804 2576; x_wconf 89' lang='lat' dir='ltr'><strong>illos</strong></span> <span class='ocrx_word' id='word_1_205' title='bbox 835 2522 1083 2591; x_wconf 89' lang='lat' dir='ltr'><strong>pristinis</strong></span> <span class='ocrx_word' id='word_1_206' title='bbox 1132 2515 1475 2591; x_wconf 81' lang='lat' dir='ltr'><strong>optimisque</strong></span> <span class='ocrx_word' id='word_1_207' title='bbox 1521 2511 1967 2589; x_wconf 82' lang='lat' dir='ltr'><strong>possessionibus</strong></span> <span class='ocrx_word' id='word_1_208' title='bbox 2003 2521 2119 2589; x_wconf 92' lang='lat' dir='ltr'><strong>pri-</strong></span> 
     </span>
    </p>
   </div>
   <div class='ocr_carea' id='block_1_28' title="bbox 538 2611 2120 2685">
    <p class='ocr_par' dir='ltr' id='par_1_28' title="bbox 538 2611 2120 2685">
     <span class='ocr_line' id='line_1_28' title="bbox 538 2611 2120 2685; baseline 0.002 -19"><span class='ocrx_word' id='word_1_209' title='bbox 538 2615 684 2668; x_wconf 79' lang='lat' dir='ltr'><strong>vavit</strong></span> <span class='ocrx_word' id='word_1_210' title='bbox 716 2633 728 2667; x_wconf 93' lang='lat'><strong>:</strong></span> <span class='ocrx_word' id='word_1_211' title='bbox 759 2615 847 2670; x_wconf 89' lang='lat' dir='ltr'><strong>bic</strong></span> <span class='ocrx_word' id='word_1_212' title='bbox 875 2615 1102 2685; x_wconf 85' lang='lat' dir='ltr'><strong>sanguis</strong></span> <span class='ocrx_word' id='word_1_213' title='bbox 1126 2614 1246 2670; x_wconf 87' lang='lat' dir='ltr'><strong>illos</strong></span> <span class='ocrx_word' id='word_1_214' title='bbox 1271 2629 1367 2684; x_wconf 84' lang='lat' dir='ltr'><strong>per</strong></span> <span class='ocrx_word' id='word_1_215' title='bbox 1401 2618 1573 2668; x_wconf 86' lang='lat' dir='ltr'><strong>totum</strong></span> <span class='ocrx_word' id='word_1_216' title='bbox 1604 2612 1795 2667; x_wconf 85' lang='lat' dir='ltr'><strong>orbem</strong></span> <span class='ocrx_word' id='word_1_217' title='bbox 1825 2611 2120 2683; x_wconf 86' lang='lat' dir='ltr'><strong>inquilinos</strong></span> 
     </span>
    </p>
   </div>
   <div class='ocr_carea' id='block_1_29' title="bbox 538 2703 740 2760">
    <p class='ocr_par' dir='ltr' id='par_1_29' title="bbox 538 2703 740 2760">
     <span class='ocr_line' id='line_1_29' title="bbox 538 2703 740 2760; baseline 0 0"><span class='ocrx_word' id='word_1_218' title='bbox 538 2703 740 2760; x_wconf 70' lang='grc' dir='ltr'>είΐυοίι.</span> 
     </span>
    </p>
   </div>
   <div class='ocr_carea' id='block_1_30' title="bbox 612 2792 2122 2864">
    <p class='ocr_par' dir='ltr' id='par_1_30' title="bbox 612 2792 2122 2864">
     <span class='ocr_line' id='line_1_30' title="bbox 612 2792 2122 2864; baseline -0.001 -13"><span class='ocrx_word' id='word_1_219' title='bbox 612 2796 777 2852; x_wconf 73' lang='lat' dir='ltr'><strong>Vsus.</strong></span> <span class='ocrx_word' id='word_1_220' title='bbox 824 2798 911 2864; x_wconf 78' lang='grc'><strong>16,</strong></span> <span class='ocrx_word' id='word_1_221' title='bbox 938 2797 1023 2853; x_wconf 84' lang='lat' dir='ltr'><strong>l7.</strong></span> <span class='ocrx_word' id='word_1_222' title='bbox 1067 2795 1424 2862; x_wconf 71' lang='lat' dir='ltr'><strong>c-Lavamini,</strong></span> <span class='ocrx_word' id='word_1_223' title='bbox 1460 2795 1647 2851; x_wconf 88' lang='lat' dir='ltr'><strong>mundi</strong></span> <span class='ocrx_word' id='word_1_224' title='bbox 1683 2803 1879 2864; x_wconf 83' lang='lat' dir='ltr'><strong>estote,</strong></span> <span class='ocrx_word' id='word_1_225' title='bbox 1908 2792 2122 2849; x_wconf 75' lang='lat' dir='ltr'><strong>auferte</strong></span> 
     </span>
    </p>
   </div>
   <div class='ocr_carea' id='block_1_31' title="bbox 536 2885 2113 2942">
    <p class='ocr_par' dir='ltr' id='par_1_31' title="bbox 536 2885 2113 2942">
     <span class='ocr_line' id='line_1_31' title="bbox 536 2885 2113 2942; baseline -0.003 0"><span class='ocrx_word' id='word_1_226' title='bbox 536 2888 775 2942; x_wconf 88' lang='lat' dir='ltr'><strong>malitias</strong></span> <span class='ocrx_word' id='word_1_227' title='bbox 819 2887 889 2942; x_wconf 89' lang='lat' dir='ltr'><strong>de</strong></span> <span class='ocrx_word' id='word_1_228' title='bbox 928 2889 1216 2942; x_wconf 89' lang='lat' dir='ltr'><strong>animabus</strong></span> <span class='ocrx_word' id='word_1_229' title='bbox 1263 2888 1462 2942; x_wconf 82' lang='lat' dir='ltr'><strong>vestris</strong></span> <span class='ocrx_word' id='word_1_230' title='bbox 1507 2887 1577 2941; x_wconf 88' lang='lat' dir='ltr'><strong>ab</strong></span> <span class='ocrx_word' id='word_1_231' title='bbox 1638 2886 1813 2941; x_wconf 84' lang='lat' dir='ltr'><strong>oculis</strong></span> <span class='ocrx_word' id='word_1_232' title='bbox 1863 2885 2113 2941; x_wconf 82' lang='lat' dir='ltr'><strong>vestris:</strong></span> 
     </span>
    </p>
   </div>
   <div class='ocr_carea' id='block_1_32' title="bbox 2228 433 3803 505">
    <p class='ocr_par' dir='ltr' id='par_1_32' title="bbox 2228 433 3803 505">
     <span class='ocr_line' id='line_1_32' title="bbox 2228 433 3803 505; baseline -0.001 -19"><span class='ocrx_word' id='word_1_233' title='bbox 2228 434 2429 505; x_wconf 83' lang='grc' dir='ltr'>φέρητε</span> <span class='ocrx_word' id='word_1_234' title='bbox 2464 434 2769 503; x_wconf 74' lang='grc' dir='ltr'>σεμίδαλιν,</span> <span class='ocrx_word' id='word_1_235' title='bbox 2818 434 3043 504; x_wconf 88' lang='grc' dir='ltr'>μάταιον</span> <span class='ocrx_word' id='word_1_236' title='bbox 3078 433 3347 504; x_wconf 70' lang='grc' dir='ltr'>θυμίαμα,</span> <span class='ocrx_word' id='word_1_237' title='bbox 3388 434 3662 504; x_wconf 74' lang='grc' dir='ltr'>βδέλυγμά</span> <span class='ocrx_word' id='word_1_238' title='bbox 3716 433 3803 503; x_wconf 88' lang='grc' dir='ltr'><strong>μοί</strong></span> 
     </span>
    </p>
   </div>
   <div class='ocr_carea' id='block_1_33' title="bbox 2224 524 3803 595">
    <p class='ocr_par' dir='ltr' id='par_1_33' title="bbox 2224 524 3803 595">
     <span class='ocr_line' id='line_1_33' title="bbox 2224 524 3803 595; baseline 0.001 -19"><span class='ocrx_word' id='word_1_239' title='bbox 2224 526 2360 578; x_wconf 76' lang='grc' dir='ltr'>ἐστι.</span> <span class='ocrx_word' id='word_1_240' title='bbox 2407 526 2515 587; x_wconf 79' lang='grc' dir='ltr'><strong>Τὰς</strong></span> <span class='ocrx_word' id='word_1_241' title='bbox 2563 524 2857 595; x_wconf 76' lang='grc' dir='ltr'><strong>νουμηνίας</strong></span> <span class='ocrx_word' id='word_1_242' title='bbox 2900 526 3088 595; x_wconf 80' lang='grc' dir='ltr'>ὑμῶν,</span> <span class='ocrx_word' id='word_1_243' title='bbox 3146 525 3239 578; x_wconf 73' lang='grc' dir='ltr'>καὶ</span> <span class='ocrx_word' id='word_1_244' title='bbox 3276 525 3343 577; x_wconf 76' lang='grc' dir='ltr'>τὰ</span> <span class='ocrx_word' id='word_1_245' title='bbox 3388 525 3660 588; x_wconf 83' lang='grc' dir='ltr'>Σάϐϐατα,</span> <span class='ocrx_word' id='word_1_246' title='bbox 3711 526 3803 577; x_wconf 63' lang='grc' dir='ltr'>καὶ.</span> 
     </span>
    </p>
   </div>
   <div class='ocr_carea' id='block_1_34' title="bbox 2224 597 3803 689">
    <p class='ocr_par' dir='ltr' id='par_1_34' title="bbox 2224 597 3803 689">
     <span class='ocr_line' id='line_1_34' title="bbox 2224 597 3803 689; baseline -0.001 -19"><span class='ocrx_word' id='word_1_247' title='bbox 2224 618 2440 689; x_wconf 79' lang='grc' dir='ltr'>ἡμέραν</span> <span class='ocrx_word' id='word_1_248' title='bbox 2473 616 2713 687; x_wconf 77' lang='grc' dir='ltr'><strong>μεγάλην</strong></span> <span class='ocrx_word' id='word_1_249' title='bbox 2744 618 2842 669; x_wconf 81' lang='grc' dir='ltr'>οὐκ</span> <span class='ocrx_word' id='word_1_250' title='bbox 2877 618 3159 687; x_wconf 86' lang='grc' dir='ltr'>ἀνέχομαι,</span> <span class='ocrx_word' id='word_1_251' title='bbox 3191 597 3445 686; x_wconf 80' lang='grc' dir='ltr'>νηστείαν</span> <span class='ocrx_word' id='word_1_252' title='bbox 3480 618 3574 669; x_wconf 78' lang='grc' dir='ltr'><strong>καὶ</strong></span> <span class='ocrx_word' id='word_1_253' title='bbox 3608 617 3803 687; x_wconf 81' lang='grc' dir='ltr'>ἀργίαν</span> 
     </span>
    </p>
   </div>
   <div class='ocr_carea' id='block_1_35' title="bbox 2223 706 3803 779">
    <p class='ocr_par' dir='ltr' id='par_1_35' title="bbox 2223 706 3803 779">
     <span class='ocr_line' id='line_1_35' title="bbox 2223 706 3803 779; baseline -0.001 -18"><span class='ocrx_word' id='word_1_254' title='bbox 2223 709 2319 762; x_wconf 67' lang='grc' dir='ltr'><strong>καὶ</strong></span> <span class='ocrx_word' id='word_1_255' title='bbox 2348 708 2448 771; x_wconf 77' lang='grc' dir='ltr'><strong>τὰς</strong></span> <span class='ocrx_word' id='word_1_256' title='bbox 2478 707 2773 778; x_wconf 79' lang='grc' dir='ltr'>νουμηνίας</span> <span class='ocrx_word' id='word_1_257' title='bbox 2802 706 2954 777; x_wconf 83' lang='grc' dir='ltr'>ὑμῶν</span> <span class='ocrx_word' id='word_1_258' title='bbox 2991 710 3085 761; x_wconf 73' lang='grc' dir='ltr'><strong>καὶ</strong></span> <span class='ocrx_word' id='word_1_259' title='bbox 3111 708 3210 771; x_wconf 77' lang='grc' dir='ltr'><strong>τὰς</strong></span> <span class='ocrx_word' id='word_1_260' title='bbox 3243 708 3434 779; x_wconf 79' lang='grc' dir='ltr'>ἑορτὰς</span> <span class='ocrx_word' id='word_1_261' title='bbox 3470 708 3623 778; x_wconf 86' lang='grc' dir='ltr'>ὑμῶν</span> <span class='ocrx_word' id='word_1_262' title='bbox 3658 709 3803 777; x_wconf 89' lang='grc' dir='ltr'>μισεί</span> 
     </span>
    </p>
   </div>
   <div class='ocr_carea' id='block_1_36' title="bbox 2221 798 3804 870">
    <p class='ocr_par' dir='ltr' id='par_1_36' title="bbox 2221 798 3804 870">
     <span class='ocr_line' id='line_1_36' title="bbox 2221 798 3804 870; baseline 0.001 -19"><span class='ocrx_word' id='word_1_263' title='bbox 2221 800 2254 868; x_wconf 82' lang='grc' dir='ltr'><strong>ή</strong></span> <span class='ocrx_word' id='word_1_264' title='bbox 2291 799 2436 870; x_wconf 71' lang='grc' dir='ltr'>ψυχή</span> <span class='ocrx_word' id='word_1_265' title='bbox 2483 816 2606 869; x_wconf 84' lang='grc' dir='ltr'>μου.</span> <span class='ocrx_word' id='word_1_266' title='bbox 2643 798 2970 869; x_wconf 76' lang='grc' dir='ltr'>Ἐγενηοητέ</span> <span class='ocrx_word' id='word_1_267' title='bbox 3006 816 3094 869; x_wconf 82' lang='grc' dir='ltr'><strong>μοι</strong></span> <span class='ocrx_word' id='word_1_268' title='bbox 3123 802 3200 859; x_wconf 84' lang='grc' dir='ltr'>εἰς</span> <span class='ocrx_word' id='word_1_269' title='bbox 3235 799 3553 870; x_wconf 79' lang='grc' dir='ltr'>πλησμονήν</span> <span class='ocrx_word' id='word_1_270' title='bbox 3576 816 3588 829; x_wconf 87' lang='grc'><strong>·</strong></span> <span class='ocrx_word' id='word_1_271' title='bbox 3620 800 3804 852; x_wconf 73' lang='grc' dir='ltr'>οὐκέτι</span> 
     </span>
    </p>
   </div>
   <div class='ocr_carea' id='block_1_37' title="bbox 2223 890 3804 962">
    <p class='ocr_par' dir='ltr' id='par_1_37' title="bbox 2223 890 3804 962">
     <span class='ocr_line' id='line_1_37' title="bbox 2223 890 3804 962; baseline -0.001 -18"><span class='ocrx_word' id='word_1_272' title='bbox 2223 891 2408 962; x_wconf 77' lang='grc' dir='ltr'>ἀνήσω</span> <span class='ocrx_word' id='word_1_273' title='bbox 2466 891 2556 955; x_wconf 78' lang='grc' dir='ltr'>τὰς</span> <span class='ocrx_word' id='word_1_274' title='bbox 2591 891 2864 962; x_wconf 69' lang='grc' dir='ltr'>ἁμαρτίας</span> <span class='ocrx_word' id='word_1_275' title='bbox 2896 890 3069 961; x_wconf 79' lang='grc' dir='ltr'>ὑμῶν.</span> <span class='ocrx_word' id='word_1_276' title='bbox 3123 892 3292 943; x_wconf 84' lang='grc' dir='ltr'>Ὅταν</span> <span class='ocrx_word' id='word_1_277' title='bbox 3340 891 3438 954; x_wconf 88' lang='grc' dir='ltr'><strong>τάς</strong></span> <span class='ocrx_word' id='word_1_278' title='bbox 3487 893 3679 962; x_wconf 87' lang='grc' dir='ltr'>χεῖρας</span> <span class='ocrx_word' id='word_1_279' title='bbox 3709 892 3804 943; x_wconf 79' lang='grc' dir='ltr'><strong>ὲκ-</strong></span> 
     </span>
    </p>
   </div>
   <div class='ocr_carea' id='block_1_38' title="bbox 2221 982 3806 1055">
    <p class='ocr_par' dir='ltr' id='par_1_38' title="bbox 2221 982 3806 1055">
     <span class='ocr_line' id='line_1_38' title="bbox 2221 982 3806 1055; baseline 0 -19"><span class='ocrx_word' id='word_1_280' title='bbox 2221 984 2432 1053; x_wconf 88' lang='grc' dir='ltr'>τείνητε</span> <span class='ocrx_word' id='word_1_281' title='bbox 2466 983 2595 1055; x_wconf 77' lang='grc' dir='ltr'>πρὸς</span> <span class='ocrx_word' id='word_1_282' title='bbox 2625 983 2713 1053; x_wconf 86' lang='grc' dir='ltr'><strong>μὲ,</strong></span> <span class='ocrx_word' id='word_1_283' title='bbox 2743 983 3070 1054; x_wconf 62' lang='grc' dir='ltr'>ἀποστρέψω</span> <span class='ocrx_word' id='word_1_284' title='bbox 3097 984 3219 1045; x_wconf 76' lang='grc' dir='ltr'>τοὺς</span> <span class='ocrx_word' id='word_1_285' title='bbox 3244 982 3550 1053; x_wconf 86' lang='grc' dir='ltr'>ὀφθαλμούς</span> <span class='ocrx_word' id='word_1_286' title='bbox 3578 1000 3677 1053; x_wconf 85' lang='grc' dir='ltr'>μου</span> <span class='ocrx_word' id='word_1_287' title='bbox 3708 984 3806 1052; x_wconf 85' lang='grc' dir='ltr'>ἀφ’</span> 
     </span>
    </p>
   </div>
   <div class='ocr_carea' id='block_1_39' title="bbox 2226 1070 3809 1142">
    <p class='ocr_par' dir='ltr' id='par_1_39' title="bbox 2226 1070 3809 1142">
     <span class='ocr_line' id='line_1_39' title="bbox 2226 1070 3809 1142; baseline -0.001 -17"><span class='ocrx_word' id='word_1_288' title='bbox 2226 1071 2379 1142; x_wconf 81' lang='grc' dir='ltr'>ὑμῶν</span> <span class='ocrx_word' id='word_1_289' title='bbox 2397 1090 2409 1102; x_wconf 87' lang='grc'><em>’</em></span> <span class='ocrx_word' id='word_1_290' title='bbox 2448 1074 2542 1125; x_wconf 74' lang='grc' dir='ltr'><strong>καὶ</strong></span> <span class='ocrx_word' id='word_1_291' title='bbox 2567 1072 2661 1125; x_wconf 76' lang='grc' dir='ltr'><strong>ἐὰν</strong></span> <span class='ocrx_word' id='word_1_292' title='bbox 2691 1071 3000 1142; x_wconf 85' lang='grc' dir='ltr'>πληθύνητε</span> <span class='ocrx_word' id='word_1_293' title='bbox 3021 1072 3116 1142; x_wconf 74' lang='grc' dir='ltr'><strong>τὴν</strong></span> <span class='ocrx_word' id='word_1_294' title='bbox 3138 1070 3340 1141; x_wconf 85' lang='grc' dir='ltr'>δέησιν,</span> <span class='ocrx_word' id='word_1_295' title='bbox 3368 1071 3467 1123; x_wconf 77' lang='grc' dir='ltr'><strong>οὐκ</strong></span> <span class='ocrx_word' id='word_1_296' title='bbox 3491 1070 3809 1124; x_wconf 55' lang='grc' dir='ltr'>είσακούσοέ</span> 
     </span>
    </p>
   </div>
   <div class='ocr_carea' id='block_1_40' title="bbox 2229 1161 3801 1235">
    <p class='ocr_par' dir='ltr' id='par_1_40' title="bbox 2229 1161 3801 1235">
     <span class='ocr_line' id='line_1_40' title="bbox 2229 1161 3801 1235; baseline -0.001 -20"><span class='ocrx_word' id='word_1_297' title='bbox 2229 1181 2325 1233; x_wconf 87' lang='grc' dir='ltr'><strong>μαι</strong></span> <span class='ocrx_word' id='word_1_298' title='bbox 2354 1164 2506 1233; x_wconf 81' lang='grc' dir='ltr'>ὑμῶν</span> <span class='ocrx_word' id='word_1_299' title='bbox 2529 1180 2543 1195; x_wconf 88' lang='grc'><strong>·</strong></span> <span class='ocrx_word' id='word_1_300' title='bbox 2579 1164 2634 1216; x_wconf 90' lang='grc' dir='ltr'>αἱ</span> <span class='ocrx_word' id='word_1_301' title='bbox 2664 1163 2772 1235; x_wconf 79' lang='grc' dir='ltr'>γὰρ</span> <span class='ocrx_word' id='word_1_302' title='bbox 2808 1166 2991 1233; x_wconf 80' lang='grc' dir='ltr'>χεῖρες</span> <span class='ocrx_word' id='word_1_303' title='bbox 3032 1161 3184 1232; x_wconf 81' lang='grc' dir='ltr'>ὑμῶν</span> <span class='ocrx_word' id='word_1_304' title='bbox 3220 1162 3449 1232; x_wconf 77' lang='grc' dir='ltr'>αἵματος</span> <span class='ocrx_word' id='word_1_305' title='bbox 3485 1162 3733 1233; x_wconf 77' lang='grc' dir='ltr'>πλήρεις.</span> <span class='ocrx_word' id='word_1_306' title='bbox 3779 1181 3801 1213; x_wconf 70' lang='grc' dir='ltr'><strong>ι</strong></span> 
     </span>
    </p>
   </div>
   <div class='ocr_carea' id='block_1_41' title="bbox 2237 1252 3813 1325">
    <p class='ocr_par' dir='ltr' id='par_1_41' title="bbox 2237 1252 3813 1325">
     <span class='ocr_line' id='line_1_41' title="bbox 2237 1252 3813 1325; baseline -0.001 -18"><span class='ocrx_word' id='word_1_307' title='bbox 2237 1253 2373 1307; x_wconf 80' lang='grc' dir='ltr'>Ἀλλ’</span> <span class='ocrx_word' id='word_1_308' title='bbox 2389 1256 2469 1307; x_wconf 85' lang='grc' dir='ltr'>ὅτι</span> <span class='ocrx_word' id='word_1_309' title='bbox 2489 1254 2564 1325; x_wconf 82' lang='grc' dir='ltr'>μὴ</span> <span class='ocrx_word' id='word_1_310' title='bbox 2590 1253 2833 1322; x_wconf 81' lang='grc' dir='ltr'><strong>ἔγνωσαν</strong></span> <span class='ocrx_word' id='word_1_311' title='bbox 2852 1253 2943 1306; x_wconf 83' lang='grc' dir='ltr'><strong>τὸν</strong></span> <span class='ocrx_word' id='word_1_312' title='bbox 2975 1252 3200 1324; x_wconf 79' lang='grc' dir='ltr'><strong>Κύριον,</strong></span> <span class='ocrx_word' id='word_1_313' title='bbox 3227 1253 3320 1305; x_wconf 75' lang='grc' dir='ltr'>καὶ</span> <span class='ocrx_word' id='word_1_314' title='bbox 3342 1253 3423 1305; x_wconf 84' lang='grc' dir='ltr'>ὃτι</span> <span class='ocrx_word' id='word_1_315' title='bbox 3457 1254 3530 1324; x_wconf 80' lang='grc' dir='ltr'>μὴ</span> <span class='ocrx_word' id='word_1_316' title='bbox 3565 1253 3813 1323; x_wconf 75' lang='grc' dir='ltr'>συνῆκαν</span> 
     </span>
    </p>
   </div>
   <div class='ocr_carea' id='block_1_42' title="bbox 2226 1344 3809 1416">
    <p class='ocr_par' dir='ltr' id='par_1_42' title="bbox 2226 1344 3809 1416">
     <span class='ocr_line' id='line_1_42' title="bbox 2226 1344 3809 1416; baseline -0.001 -16"><span class='ocrx_word' id='word_1_317' title='bbox 2226 1347 2416 1409; x_wconf 77' lang='grc' dir='ltr'>αὐτὸν,</span> <span class='ocrx_word' id='word_1_318' title='bbox 2464 1348 2545 1399; x_wconf 83' lang='grc' dir='ltr'>ὅτι</span> <span class='ocrx_word' id='word_1_319' title='bbox 2582 1346 2941 1415; x_wconf 81' lang='grc' dir='ltr'><strong>ἐγκατέλιπον</strong></span> <span class='ocrx_word' id='word_1_320' title='bbox 2989 1347 3173 1409; x_wconf 74' lang='grc' dir='ltr'>αὐτὸν,</span> <span class='ocrx_word' id='word_1_321' title='bbox 3211 1346 3306 1399; x_wconf 70' lang='grc' dir='ltr'><strong>καὶ</strong></span> <span class='ocrx_word' id='word_1_322' title='bbox 3357 1344 3683 1416; x_wconf 78' lang='grc' dir='ltr'>παρώξυναν</span> <span class='ocrx_word' id='word_1_323' title='bbox 3712 1347 3809 1399; x_wconf 78' lang='grc' dir='ltr'><strong>τὸν</strong></span> 
     </span>
    </p>
   </div>
   <div class='ocr_carea' id='block_1_43' title="bbox 2225 1437 3807 1510">
    <p class='ocr_par' dir='ltr' id='par_1_43' title="bbox 2225 1437 3807 1510">
     <span class='ocr_line' id='line_1_43' title="bbox 2225 1437 3807 1510; baseline 0.001 -18"><span class='ocrx_word' id='word_1_324' title='bbox 2225 1439 2379 1507; x_wconf 81' lang='grc' dir='ltr'>ἀγιον</span> <span class='ocrx_word' id='word_1_325' title='bbox 2415 1437 2507 1492; x_wconf 89' lang='grc' dir='ltr'><strong>τοῦ</strong></span> <span class='ocrx_word' id='word_1_326' title='bbox 2553 1439 2766 1510; x_wconf 80' lang='grc' dir='ltr'>Ἰσραὴλ</span> <span class='ocrx_word' id='word_1_327' title='bbox 2787 1479 2801 1502; x_wconf 98' lang='grc'><strong>,</strong></span> <span class='ocrx_word' id='word_1_328' title='bbox 2844 1440 2938 1492; x_wconf 79' lang='grc' dir='ltr'>καὶ</span> <span class='ocrx_word' id='word_1_329' title='bbox 2981 1439 3119 1508; x_wconf 89' lang='grc' dir='ltr'>πρὸς</span> <span class='ocrx_word' id='word_1_330' title='bbox 3153 1439 3325 1492; x_wconf 78' lang='grc' dir='ltr'>ἅπασι</span> <span class='ocrx_word' id='word_1_331' title='bbox 3360 1438 3589 1503; x_wconf 79' lang='grc' dir='ltr'><strong>τούτοις,</strong></span> <span class='ocrx_word' id='word_1_332' title='bbox 3635 1440 3716 1492; x_wconf 82' lang='grc' dir='ltr'>ὅτι</span> <span class='ocrx_word' id='word_1_333' title='bbox 3746 1440 3807 1493; x_wconf 76' lang='grc' dir='ltr'><strong>αἱ</strong></span> 
     </span>
    </p>
   </div>
   <div class='ocr_carea' id='block_1_44' title="bbox 2224 1530 3809 1601">
    <p class='ocr_par' dir='ltr' id='par_1_44' title="bbox 2224 1530 3809 1601">
     <span class='ocr_line' id='line_1_44' title="bbox 2224 1530 3809 1601; baseline -0.001 -16"><span class='ocrx_word' id='word_1_334' title='bbox 2224 1533 2407 1601; x_wconf 79' lang='grc' dir='ltr'>χεῖρες</span> <span class='ocrx_word' id='word_1_335' title='bbox 2457 1530 2636 1582; x_wconf 77' lang='grc' dir='ltr'>αὐτῶν</span> <span class='ocrx_word' id='word_1_336' title='bbox 2688 1530 2976 1599; x_wconf 86' lang='grc' dir='ltr'>γεγόνασιν</span> <span class='ocrx_word' id='word_1_337' title='bbox 3028 1531 3259 1599; x_wconf 80' lang='grc' dir='ltr'>αἵματος</span> <span class='ocrx_word' id='word_1_338' title='bbox 3298 1531 3523 1600; x_wconf 75' lang='grc' dir='ltr'>πλήρεις</span> <span class='ocrx_word' id='word_1_339' title='bbox 3565 1530 3655 1583; x_wconf 78' lang='grc' dir='ltr'>διὰ</span> <span class='ocrx_word' id='word_1_340' title='bbox 3702 1530 3809 1600; x_wconf 83' lang='grc' dir='ltr'><strong>τῆς</strong></span> 
     </span>
    </p>
   </div>
   <div class='ocr_carea' id='block_1_45' title="bbox 2226 1620 3805 1693">
    <p class='ocr_par' dir='ltr' id='par_1_45' title="bbox 2226 1620 3805 1693">
     <span class='ocr_line' id='line_1_45' title="bbox 2226 1620 3805 1693; baseline 0 -18"><span class='ocrx_word' id='word_1_341' title='bbox 2226 1622 2368 1675; x_wconf 87' lang='grc' dir='ltr'><strong>κατά</strong></span> <span class='ocrx_word' id='word_1_342' title='bbox 2400 1621 2494 1674; x_wconf 87' lang='grc' dir='ltr'><strong>τοῦ</strong></span> <span class='ocrx_word' id='word_1_343' title='bbox 2523 1623 2761 1693; x_wconf 78' lang='grc' dir='ltr'>Χριστοῦ</span> <span class='ocrx_word' id='word_1_344' title='bbox 2792 1623 3126 1693; x_wconf 77' lang='grc' dir='ltr'>μιαιφονίας,</span> <span class='ocrx_word' id='word_1_345' title='bbox 3160 1622 3228 1692; x_wconf 77' lang='grc' dir='ltr'>ἣν</span> <span class='ocrx_word' id='word_1_346' title='bbox 3254 1622 3390 1691; x_wconf 84' lang='grc' dir='ltr'>μετὰ</span> <span class='ocrx_word' id='word_1_347' title='bbox 3428 1622 3624 1693; x_wconf 88' lang='grc' dir='ltr'>μυρίας</span> <span class='ocrx_word' id='word_1_348' title='bbox 3657 1620 3805 1692; x_wconf 88' lang='grc' dir='ltr'>προ-</span> 
     </span>
    </p>
   </div>
   <div class='ocr_carea' id='block_1_46' title="bbox 2158 1688 3803 1783">
    <p class='ocr_par' dir='ltr' id='par_1_46' title="bbox 2158 1688 3803 1783">
     <span class='ocr_line' id='line_1_46' title="bbox 2158 1688 3803 1783; baseline 0 -19"><span class='ocrx_word' id='word_1_349' title='bbox 2158 1688 2198 1742; x_wconf 78' lang='grc' dir='ltr'>Β</span> <span class='ocrx_word' id='word_1_350' title='bbox 2228 1688 2587 1783; x_wconf 77' lang='grc' dir='ltr'>φητοκτονίας</span> <span class='ocrx_word' id='word_1_351' title='bbox 2612 1688 2959 1782; x_wconf 67' lang='grc' dir='ltr'>εἰργάσαντο,</span> <span class='ocrx_word' id='word_1_352' title='bbox 2984 1713 3078 1765; x_wconf 71' lang='grc' dir='ltr'>καὶ</span> <span class='ocrx_word' id='word_1_353' title='bbox 3102 1688 3389 1781; x_wconf 80' lang='grc' dir='ltr'>γεγόνασιν</span> <span class='ocrx_word' id='word_1_354' title='bbox 3415 1688 3645 1782; x_wconf 72' lang='grc' dir='ltr'>αἵματος</span> <span class='ocrx_word' id='word_1_355' title='bbox 3666 1688 3803 1783; x_wconf 78' lang='grc' dir='ltr'>πλή-</span> 
     </span>
    </p>
   </div>
   <div class='ocr_carea' id='block_1_47' title="bbox 2228 1801 3802 1873">
    <p class='ocr_par' dir='ltr' id='par_1_47' title="bbox 2228 1801 3802 1873">
     <span class='ocr_line' id='line_1_47' title="bbox 2228 1801 3802 1873; baseline 0.001 -18"><span class='ocrx_word' id='word_1_356' title='bbox 2228 1818 2363 1873; x_wconf 88' lang='grc' dir='ltr'>ρεις,</span> <span class='ocrx_word' id='word_1_357' title='bbox 2385 1802 2561 1855; x_wconf 87' lang='grc' dir='ltr'>πάντα</span> <span class='ocrx_word' id='word_1_358' title='bbox 2592 1801 2724 1871; x_wconf 86' lang='grc' dir='ltr'>γοῦν</span> <span class='ocrx_word' id='word_1_359' title='bbox 2751 1801 3056 1866; x_wconf 85' lang='grc' dir='ltr'>διεξελθὼν,</span> <span class='ocrx_word' id='word_1_360' title='bbox 3080 1802 3174 1855; x_wconf 68' lang='grc' dir='ltr'><strong>κα)⁸</strong></span> <span class='ocrx_word' id='word_1_361' title='bbox 3202 1802 3299 1873; x_wconf 76' lang='grc' dir='ltr'>τὴν</span> <span class='ocrx_word' id='word_1_362' title='bbox 3326 1802 3420 1856; x_wconf 87' lang='grc' dir='ltr'><strong>τοῦ</strong></span> <span class='ocrx_word' id='word_1_363' title='bbox 3444 1804 3608 1873; x_wconf 88' lang='grc' dir='ltr'>νόμου</span> <span class='ocrx_word' id='word_1_364' title='bbox 3630 1803 3802 1869; x_wconf 82' lang='grc' dir='ltr'>λύσιν,</span> 
     </span>
    </p>
   </div>
   <div class='ocr_carea' id='block_1_48' title="bbox 2226 1892 3803 1964">
    <p class='ocr_par' dir='ltr' id='par_1_48' title="bbox 2226 1892 3803 1964">
     <span class='ocr_line' id='line_1_48' title="bbox 2226 1892 3803 1964; baseline 0.001 -20"><span class='ocrx_word' id='word_1_365' title='bbox 2226 1893 2320 1945; x_wconf 70' lang='grc' dir='ltr'><strong>καὶ</strong></span> <span class='ocrx_word' id='word_1_366' title='bbox 2352 1892 2448 1945; x_wconf 90' lang='grc' dir='ltr'><strong>τοῦ</strong></span> <span class='ocrx_word' id='word_1_367' title='bbox 2482 1892 2612 1945; x_wconf 90' lang='grc' dir='ltr'>ναοῦ</span> <span class='ocrx_word' id='word_1_368' title='bbox 2636 1893 2734 1964; x_wconf 79' lang='grc' dir='ltr'><strong>τὴν</strong></span> <span class='ocrx_word' id='word_1_369' title='bbox 2762 1894 3077 1957; x_wconf 83' lang='grc' dir='ltr'>κατάλυσιν,</span> <span class='ocrx_word' id='word_1_370' title='bbox 3112 1894 3204 1947; x_wconf 79' lang='grc' dir='ltr'><strong>καὶ</strong></span> <span class='ocrx_word' id='word_1_371' title='bbox 3237 1893 3333 1958; x_wconf 87' lang='grc' dir='ltr'>τὰς</span> <span class='ocrx_word' id='word_1_372' title='bbox 3358 1894 3699 1958; x_wconf 83' lang='grc' dir='ltr'>παντοδαπὰς</span> <span class='ocrx_word' id='word_1_373' title='bbox 3719 1911 3769 1946; x_wconf 86' lang='grc' dir='ltr'><strong>τι</strong></span> <span class='ocrx_word' id='word_1_374' title='bbox 3791 1923 3803 1933; x_wconf 89' lang='lat'><strong>-</strong></span> 
     </span>
    </p>
   </div>
   <div class='ocr_carea' id='block_1_49' title="bbox 2230 1978 3805 2058">
    <p class='ocr_par' dir='ltr' id='par_1_49' title="bbox 2230 1978 3805 2058">
     <span class='ocr_line' id='line_1_49' title="bbox 2230 1978 3805 2058; baseline 0.002 -22"><span class='ocrx_word' id='word_1_375' title='bbox 2230 1985 2461 2056; x_wconf 83' lang='grc' dir='ltr'>μωρίας,</span> <span class='ocrx_word' id='word_1_376' title='bbox 2510 1986 2575 2038; x_wconf 84' lang='grc' dir='ltr'>τὸ</span> <span class='ocrx_word' id='word_1_377' title='bbox 2622 1981 2760 2049; x_wconf 72' lang='grc' dir='ltr'>εἶδος</span> <span class='ocrx_word' id='word_1_378' title='bbox 2791 1987 2889 2057; x_wconf 86' lang='grc' dir='ltr'><strong>τῆς</strong></span> <span class='ocrx_word' id='word_1_379' title='bbox 2932 1986 3210 2058; x_wconf 85' lang='grc' dir='ltr'>ἁμαρτίας</span> <span class='ocrx_word' id='word_1_380' title='bbox 3253 1985 3513 2051; x_wconf 78' lang='grc' dir='ltr'>ἐδίδαξεν,</span> <span class='ocrx_word' id='word_1_381' title='bbox 3562 1978 3622 2039; x_wconf 74' lang='grc' dir='ltr'>οὗ</span> <span class='ocrx_word' id='word_1_382' title='bbox 3646 1985 3805 2056; x_wconf 83' lang='grc' dir='ltr'>χάριν</span> 
     </span>
    </p>
   </div>
   <div class='ocr_carea' id='block_1_50' title="bbox 2227 2074 3807 2149">
    <p class='ocr_par' dir='ltr' id='par_1_50' title="bbox 2227 2074 3807 2149">
     <span class='ocr_line' id='line_1_50' title="bbox 2227 2074 3807 2149; baseline 0.002 -24"><span class='ocrx_word' id='word_1_383' title='bbox 2227 2074 2565 2129; x_wconf 88' lang='grc' dir='ltr'>πεπόνθασι·</span> <span class='ocrx_word' id='word_1_384' title='bbox 2608 2078 2700 2128; x_wconf 70' lang='grc' dir='ltr'><strong>καὶ</strong></span> <span class='ocrx_word' id='word_1_385' title='bbox 2740 2080 3036 2149; x_wconf 83' lang='grc' dir='ltr'>κατηγορεῖ</span> <span class='ocrx_word' id='word_1_386' title='bbox 3074 2076 3273 2137; x_wconf 74' lang='grc' dir='ltr'>αὐτῶν,</span> <span class='ocrx_word' id='word_1_387' title='bbox 3310 2076 3410 2128; x_wconf 81' lang='grc' dir='ltr'><strong>οὐκ</strong></span> <span class='ocrx_word' id='word_1_388' title='bbox 3446 2075 3681 2129; x_wconf 81' lang='grc' dir='ltr'>είδὼλων</span> <span class='ocrx_word' id='word_1_389' title='bbox 3718 2076 3807 2130; x_wconf 89' lang='grc' dir='ltr'>θε-</span> 
     </span>
    </p>
   </div>
   <div class='ocr_carea' id='block_1_51' title="bbox 2227 2164 3809 2237">
    <p class='ocr_par' dir='ltr' id='par_1_51' title="bbox 2227 2164 3809 2237">
     <span class='ocr_line' id='line_1_51' title="bbox 2227 2164 3809 2237; baseline 0.005 -23"><span class='ocrx_word' id='word_1_390' title='bbox 2227 2164 2482 2233; x_wconf 85' lang='grc' dir='ltr'>ραπείαν,</span> <span class='ocrx_word' id='word_1_391' title='bbox 2509 2166 2630 2218; x_wconf 78' lang='grc' dir='ltr'>οὐδὲ</span> <span class='ocrx_word' id='word_1_392' title='bbox 2656 2168 2902 2236; x_wconf 85' lang='grc' dir='ltr'>μοιχείαν</span> <span class='ocrx_word' id='word_1_393' title='bbox 2933 2168 3026 2218; x_wconf 73' lang='grc' dir='ltr'><strong>καὶ</strong></span> <span class='ocrx_word' id='word_1_394' title='bbox 3057 2166 3388 2231; x_wconf 82' lang='grc' dir='ltr'>πλεονεξίαν,</span> <span class='ocrx_word' id='word_1_395' title='bbox 3422 2166 3557 2218; x_wconf 86' lang='grc' dir='ltr'><strong>ἀλλά</strong></span> <span class='ocrx_word' id='word_1_396' title='bbox 3589 2184 3809 2237; x_wconf 81' lang='grc' dir='ltr'>μιαιφο-</span> 
     </span>
    </p>
   </div>
   <div class='ocr_carea' id='block_1_52' title="bbox 2223 2256 3810 2327">
    <p class='ocr_par' dir='ltr' id='par_1_52' title="bbox 2223 2256 3810 2327">
     <span class='ocr_line' id='line_1_52' title="bbox 2223 2256 3810 2327; baseline 0.003 -20"><span class='ocrx_word' id='word_1_397' title='bbox 2223 2256 2360 2309; x_wconf 87' lang='grc' dir='ltr'>νίαν.</span> <span class='ocrx_word' id='word_1_398' title='bbox 2393 2257 2583 2327; x_wconf 83' lang='grc' dir='ltr'>Πάσης</span> <span class='ocrx_word' id='word_1_399' title='bbox 2617 2258 2727 2327; x_wconf 85' lang='grc' dir='ltr'><strong>γὰρ</strong></span> <span class='ocrx_word' id='word_1_400' title='bbox 2765 2256 3083 2319; x_wconf 90' lang='grc' dir='ltr'>δυσσεϐείας</span> <span class='ocrx_word' id='word_1_401' title='bbox 3126 2259 3218 2310; x_wconf 75' lang='grc' dir='ltr'><strong>καὶ</strong></span> <span class='ocrx_word' id='word_1_402' title='bbox 3250 2257 3615 2327; x_wconf 85' lang='grc' dir='ltr'>παρανομίας,</span> <span class='ocrx_word' id='word_1_403' title='bbox 3648 2258 3810 2327; x_wconf 75' lang='grc' dir='ltr'>χαλε-</span> 
     </span>
    </p>
   </div>
   <div class='ocr_carea' id='block_1_53' title="bbox 2225 2346 3808 2419">
    <p class='ocr_par' dir='ltr' id='par_1_53' title="bbox 2225 2346 3808 2419">
     <span class='ocr_line' id='line_1_53' title="bbox 2225 2346 3808 2419; baseline 0.002 -20"><span class='ocrx_word' id='word_1_404' title='bbox 2225 2348 2446 2419; x_wconf 78' lang='grc' dir='ltr'>πωτέρα</span> <span class='ocrx_word' id='word_1_405' title='bbox 2474 2350 2507 2419; x_wconf 77' lang='grc' dir='ltr'>ἠ</span> <span class='ocrx_word' id='word_1_406' title='bbox 2531 2348 2672 2401; x_wconf 87' lang='grc' dir='ltr'><strong>κατά</strong></span> <span class='ocrx_word' id='word_1_407' title='bbox 2704 2346 2800 2400; x_wconf 89' lang='grc' dir='ltr'><strong>τοῦ</strong></span> <span class='ocrx_word' id='word_1_408' title='bbox 2828 2348 3039 2419; x_wconf 84' lang='grc' dir='ltr'>Κυρίου</span> <span class='ocrx_word' id='word_1_409' title='bbox 3072 2347 3237 2418; x_wconf 85' lang='grc' dir='ltr'>μανία</span> <span class='ocrx_word' id='word_1_410' title='bbox 3261 2366 3274 2379; x_wconf 90' lang='grc'><strong>·</strong></span> <span class='ocrx_word' id='word_1_411' title='bbox 3306 2347 3488 2401; x_wconf 72' lang='grc' dir='ltr'>αὐτῶν</span> <span class='ocrx_word' id='word_1_412' title='bbox 3521 2347 3631 2419; x_wconf 89' lang='grc' dir='ltr'><strong>γάρ</strong></span> <span class='ocrx_word' id='word_1_413' title='bbox 3658 2349 3808 2402; x_wconf 75' lang='grc' dir='ltr'>ἐστιν</span> 
     </span>
    </p>
   </div>
   <div class='ocr_carea' id='block_1_54' title="bbox 2223 2432 3809 2509">
    <p class='ocr_par' dir='ltr' id='par_1_54' title="bbox 2223 2432 3809 2509">
     <span class='ocr_line' id='line_1_54' title="bbox 2223 2432 3809 2509; baseline 0 -18"><span class='ocrx_word' id='word_1_414' title='bbox 2223 2440 2256 2509; x_wconf 83' lang='grc' dir='ltr'>ἡ</span> <span class='ocrx_word' id='word_1_415' title='bbox 2281 2438 2451 2509; x_wconf 78' lang='grc' dir='ltr'>φωνὴ,</span> <span class='ocrx_word' id='word_1_416' title='bbox 2492 2458 2509 2490; x_wconf 76' lang='grc' dir='ltr'><strong>ι</strong></span> <span class='ocrx_word' id='word_1_417' title='bbox 2558 2439 2631 2491; x_wconf 78' lang='grc' dir='ltr'><strong>Τὸ</strong></span> <span class='ocrx_word' id='word_1_418' title='bbox 2653 2432 2792 2508; x_wconf 73' lang='grc' dir='ltr'>αἷμα</span> <span class='ocrx_word' id='word_1_419' title='bbox 2822 2437 2986 2491; x_wconf 82' lang='grc' dir='ltr'>αὑτοῦ</span> <span class='ocrx_word' id='word_1_420' title='bbox 3004 2434 3147 2509; x_wconf 62' lang='grc' dir='ltr'><strong>ἐφνὴ</strong></span> <span class='ocrx_word' id='word_1_421' title='bbox 3158 2440 3264 2509; x_wconf 85' lang='grc' dir='ltr'>μᾶς</span> <span class='ocrx_word' id='word_1_422' title='bbox 3289 2438 3385 2491; x_wconf 58' lang='grc' dir='ltr'><strong>καὶ⁵</strong></span> <span class='ocrx_word' id='word_1_423' title='bbox 3425 2436 3518 2489; x_wconf 67' lang='grc' dir='ltr'>ἐπὶ</span> <span class='ocrx_word' id='word_1_424' title='bbox 3544 2437 3614 2491; x_wconf 82' lang='grc' dir='ltr'>τὰ</span> <span class='ocrx_word' id='word_1_425' title='bbox 3641 2438 3809 2491; x_wconf 89' lang='grc' dir='ltr'>τέκνα</span> 
     </span>
    </p>
   </div>
   <div class='ocr_carea' id='block_1_55' title="bbox 2221 2523 3807 2599">
    <p class='ocr_par' dir='ltr' id='par_1_55' title="bbox 2221 2523 3807 2599">
     <span class='ocr_line' id='line_1_55' title="bbox 2221 2523 3807 2599; baseline 0.001 -19"><span class='ocrx_word' id='word_1_426' title='bbox 2221 2530 2401 2599; x_wconf 79' lang='grc' dir='ltr'>ἡμῶν.</span> <span class='ocrx_word' id='word_1_427' title='bbox 2449 2549 2465 2579; x_wconf 74' lang='grc' dir='ltr'><strong>ι</strong></span> <span class='ocrx_word' id='word_1_428' title='bbox 2494 2528 2665 2582; x_wconf 82' lang='grc' dir='ltr'>Τοῦτο</span> <span class='ocrx_word' id='word_1_429' title='bbox 2692 2530 2753 2581; x_wconf 85' lang='grc' dir='ltr'><strong>τὸ</strong></span> <span class='ocrx_word' id='word_1_430' title='bbox 2778 2523 2935 2599; x_wconf 78' lang='grc' dir='ltr'>αἷμα,</span> <span class='ocrx_word' id='word_1_431' title='bbox 2962 2529 3062 2599; x_wconf 87' lang='grc' dir='ltr'><strong>τῆς</strong></span> <span class='ocrx_word' id='word_1_432' title='bbox 3089 2528 3322 2591; x_wconf 81' lang='grc' dir='ltr'>παλαιᾶς</span> <span class='ocrx_word' id='word_1_433' title='bbox 3357 2526 3553 2589; x_wconf 79' lang='grc' dir='ltr'>αὐτοὺς</span> <span class='ocrx_word' id='word_1_434' title='bbox 3584 2527 3807 2597; x_wconf 77' lang='grc' dir='ltr'>ἐστέρη-</span> 
     </span>
    </p>
   </div>
   <div class='ocr_carea' id='block_1_56' title="bbox 2225 2614 3808 2692">
    <p class='ocr_par' dir='ltr' id='par_1_56' title="bbox 2225 2614 3808 2692">
     <span class='ocr_line' id='line_1_56' title="bbox 2225 2614 3808 2692; baseline -0.003 -20"><span class='ocrx_word' id='word_1_435' title='bbox 2225 2636 2316 2673; x_wconf 91' lang='grc' dir='ltr'><strong>σεν</strong></span> <span class='ocrx_word' id='word_1_436' title='bbox 2346 2619 2640 2692; x_wconf 80' lang='grc' dir='ltr'>εύκληρίας</span> <span class='ocrx_word' id='word_1_437' title='bbox 2661 2636 2674 2649; x_wconf 71' lang='grc' dir='ltr'><strong>ο</strong></span> <span class='ocrx_word' id='word_1_438' title='bbox 2708 2619 2869 2673; x_wconf 85' lang='grc' dir='ltr'>τοῦτο</span> <span class='ocrx_word' id='word_1_439' title='bbox 2899 2620 2959 2673; x_wconf 85' lang='grc' dir='ltr'><strong>τὸ</strong></span> <span class='ocrx_word' id='word_1_440' title='bbox 2998 2614 3139 2689; x_wconf 77' lang='grc' dir='ltr'>αἷμα</span> <span class='ocrx_word' id='word_1_441' title='bbox 3169 2618 3453 2690; x_wconf 79' lang='grc' dir='ltr'>μετοίκους</span> <span class='ocrx_word' id='word_1_442' title='bbox 3498 2616 3808 2686; x_wconf 60' lang='grc' dir='ltr'>τῆςηοίκου-</span> 
     </span>
    </p>
   </div>
   <div class='ocr_carea' id='block_1_57' title="bbox 2227 2712 2687 2783">
    <p class='ocr_par' dir='ltr' id='par_1_57' title="bbox 2227 2712 2687 2783">
     <span class='ocr_line' id='line_1_57' title="bbox 2227 2712 2687 2783; baseline 0.002 -18"><span class='ocrx_word' id='word_1_443' title='bbox 2227 2712 2394 2783; x_wconf 80' lang='grc' dir='ltr'>μένης</span> <span class='ocrx_word' id='word_1_444' title='bbox 2419 2712 2687 2783; x_wconf 76' lang='grc' dir='ltr'>ἀπέφηνε.</span> 
     </span>
    </p>
   </div>
   <div class='ocr_carea' id='block_1_58' title="bbox 2299 2800 3806 2874">
    <p class='ocr_par' dir='ltr' id='par_1_58' title="bbox 2299 2800 3806 2874">
     <span class='ocr_line' id='line_1_58' title="bbox 2299 2800 3806 2874; baseline 0.001 -18"><span class='ocrx_word' id='word_1_445' title='bbox 2299 2824 2317 2855; x_wconf 80' lang='grc' dir='ltr'><strong>ι</strong></span> <span class='ocrx_word' id='word_1_446' title='bbox 2353 2802 2634 2856; x_wconf 87' lang='grc' dir='ltr'>Λούσασθε</span> <span class='ocrx_word' id='word_1_447' title='bbox 2654 2843 2668 2869; x_wconf 91' lang='grc'><strong>,</strong></span> <span class='ocrx_word' id='word_1_448' title='bbox 2702 2802 2935 2874; x_wconf 69' lang='grc' dir='ltr'>καθαροὶ</span> <span class='ocrx_word' id='word_1_449' title='bbox 2973 2800 3220 2871; x_wconf 79' lang='grc' dir='ltr'>γένεσθε,</span> <span class='ocrx_word' id='word_1_450' title='bbox 3248 2801 3475 2872; x_wconf 80' lang='grc' dir='ltr'>ἀφέλετε</span> <span class='ocrx_word' id='word_1_451' title='bbox 3508 2802 3606 2865; x_wconf 84' lang='grc' dir='ltr'>τὰς</span> <span class='ocrx_word' id='word_1_452' title='bbox 3640 2817 3806 2874; x_wconf 80' lang='grc' dir='ltr'>πονη-</span> 
     </span>
    </p>
   </div>
   <div class='ocr_carea' id='block_1_59' title="bbox 2228 2894 3805 2968">
    <p class='ocr_par' dir='ltr' id='par_1_59' title="bbox 2228 2894 3805 2968">
     <span class='ocr_line' id='line_1_59' title="bbox 2228 2894 3805 2968; baseline -0.001 -17"><span class='ocrx_word' id='word_1_453' title='bbox 2228 2898 2351 2967; x_wconf 87' lang='grc' dir='ltr'>ρίας</span> <span class='ocrx_word' id='word_1_454' title='bbox 2383 2897 2491 2950; x_wconf 76' lang='grc' dir='ltr'><strong>ἀπὸ</strong></span> <span class='ocrx_word' id='word_1_455' title='bbox 2531 2896 2640 2950; x_wconf 85' lang='grc' dir='ltr'><strong>τῶν</strong></span> <span class='ocrx_word' id='word_1_456' title='bbox 2671 2896 2860 2967; x_wconf 73' lang='grc' dir='ltr'>ψυχῶν</span> <span class='ocrx_word' id='word_1_457' title='bbox 2893 2896 3048 2967; x_wconf 82' lang='grc' dir='ltr'>ὑμῶν</span> <span class='ocrx_word' id='word_1_458' title='bbox 3083 2898 3347 2951; x_wconf 79' lang='grc' dir='ltr'>ἀπέναντι</span> <span class='ocrx_word' id='word_1_459' title='bbox 3375 2899 3483 2951; x_wconf 87' lang='grc' dir='ltr'><strong>τῶν</strong></span> <span class='ocrx_word' id='word_1_460' title='bbox 3514 2894 3805 2968; x_wconf 81' lang='grc' dir='ltr'>ὀφθαλμῶν</span> 
     </span>
    </p>
   </div>
   <div class='ocr_carea' id='block_1_60' title="bbox 538 2977 2118 3068">
    <p class='ocr_par' dir='ltr' id='par_1_60' title="bbox 538 2977 2114 3046">
     <span class='ocr_line' id='line_1_60' title="bbox 538 2977 2114 3046; baseline 0 -15"><span class='ocrx_word' id='word_1_461' title='bbox 538 2978 803 3046; x_wconf 84' lang='lat' dir='ltr'><strong>quiescite</strong></span> <span class='ocrx_word' id='word_1_462' title='bbox 854 2993 883 3031; x_wconf 92' lang='lat' dir='ltr'><strong>a</strong></span> <span class='ocrx_word' id='word_1_463' title='bbox 925 2978 1150 3033; x_wconf 89' lang='lat' dir='ltr'><strong>malitiis</strong></span> <span class='ocrx_word' id='word_1_464' title='bbox 1185 2979 1386 3033; x_wconf 80' lang='lat' dir='ltr'><strong>vestris</strong></span> <span class='ocrx_word' id='word_1_465' title='bbox 1410 3015 1427 3043; x_wconf 88' lang='lat'><strong>,</strong></span> <span class='ocrx_word' id='word_1_466' title='bbox 1464 2977 1655 3032; x_wconf 87' lang='lat' dir='ltr'><strong>discite</strong></span> <span class='ocrx_word' id='word_1_467' title='bbox 1684 2977 1821 3033; x_wconf 89' lang='lat' dir='ltr'><strong>bene</strong></span> <span class='ocrx_word' id='word_1_468' title='bbox 1849 2977 2055 3034; x_wconf 87' lang='lat' dir='ltr'><strong>facere.</strong></span> <span class='ocrx_word' id='word_1_469' title='bbox 2095 2996 2114 3031; x_wconf 74' lang='grc' dir='ltr'><strong>ι</strong></span> 
     </span>
    </p>
   </div>
   <div class='ocr_carea' id='block_1_61' title="bbox 2221 2977 3803 3068">
    <p class='ocr_par' dir='ltr' id='par_1_61' title="bbox 2226 2987 3803 3062">
     <span class='ocr_line' id='line_1_61' title="bbox 2226 2987 3803 3062; baseline 0 -19"><span class='ocrx_word' id='word_1_470' title='bbox 2226 2989 2402 3059; x_wconf 84' lang='grc' dir='ltr'>ὑμῶν·</span> <span class='ocrx_word' id='word_1_471' title='bbox 2438 2987 2721 3041; x_wconf 81' lang='grc' dir='ltr'>παύσασθε</span> <span class='ocrx_word' id='word_1_472' title='bbox 2771 2988 2880 3041; x_wconf 82' lang='grc' dir='ltr'><strong>ἀπὸ</strong></span> <span class='ocrx_word' id='word_1_473' title='bbox 2922 2989 3030 3042; x_wconf 87' lang='grc' dir='ltr'><strong>τῶν</strong></span> <span class='ocrx_word' id='word_1_474' title='bbox 3079 2990 3352 3062; x_wconf 79' lang='grc' dir='ltr'>πονηριῶν</span> <span class='ocrx_word' id='word_1_475' title='bbox 3402 2988 3575 3060; x_wconf 86' lang='grc' dir='ltr'>ὑμῶν,</span> <span class='ocrx_word' id='word_1_476' title='bbox 3606 2989 3803 3060; x_wconf 74' lang='grc' dir='ltr'>μάθετε</span> 
     </span>
    </p>
   </div>
   <div class='ocr_carea' id='block_1_62' title="bbox 538 3070 2121 3141">
    <p class='ocr_par' dir='ltr' id='par_1_62' title="bbox 538 3070 2121 3141">
     <span class='ocr_line' id='line_1_62' title="bbox 538 3070 2121 3141; baseline 0.002 -18"><span class='ocrx_word' id='word_1_477' title='bbox 538 3070 841 3123; x_wconf 78' lang='lat' dir='ltr'><strong>Admodum</strong></span> <span class='ocrx_word' id='word_1_478' title='bbox 899 3078 1301 3139; x_wconf 85' lang='lat' dir='ltr'><strong>consequenter</strong></span> <span class='ocrx_word' id='word_1_479' title='bbox 1351 3080 1642 3141; x_wconf 86' lang='lat' dir='ltr'><strong>postquam</strong></span> <span class='ocrx_word' id='word_1_480' title='bbox 1683 3072 1860 3141; x_wconf 89' lang='lat' dir='ltr'><strong>prima</strong></span> <span class='ocrx_word' id='word_1_481' title='bbox 1909 3070 2121 3127; x_wconf 81' lang='lat' dir='ltr'><strong>dixerat</strong></span> 
     </span>
    </p>
   </div>
   <div class='ocr_carea' id='block_1_63' title="bbox 537 3159 2118 3232">
    <p class='ocr_par' dir='ltr' id='par_1_63' title="bbox 537 3159 2118 3232">
     <span class='ocr_line' id='line_1_63' title="bbox 537 3159 2118 3232; baseline 0.003 -20"><span class='ocrx_word' id='word_1_482' title='bbox 537 3159 701 3224; x_wconf 86' lang='lat' dir='ltr'><strong>Deus,</strong></span> <span class='ocrx_word' id='word_1_483' title='bbox 733 3160 820 3214; x_wconf 87' lang='lat' dir='ltr'><strong>bis</strong></span> <span class='ocrx_word' id='word_1_484' title='bbox 867 3160 997 3214; x_wconf 86' lang='lat' dir='ltr'><strong>item</strong></span> <span class='ocrx_word' id='word_1_485' title='bbox 1036 3170 1365 3216; x_wconf 86' lang='lat' dir='ltr'><strong>memoratos</strong></span> <span class='ocrx_word' id='word_1_486' title='bbox 1412 3161 1774 3215; x_wconf 86' lang='lat' dir='ltr'><strong>Sodomorum</strong></span> <span class='ocrx_word' id='word_1_487' title='bbox 1818 3161 2118 3232; x_wconf 86' lang='lat' dir='ltr'><strong>principes,</strong></span> 
     </span>
    </p>
   </div>
   <div class='ocr_carea' id='block_1_64' title="bbox 534 3249 2121 3321">
    <p class='ocr_par' dir='ltr' id='par_1_64' title="bbox 534 3249 2121 3321">
     <span class='ocr_line' id='line_1_64' title="bbox 534 3249 2121 3321; baseline 0.001 -18"><span class='ocrx_word' id='word_1_488' title='bbox 534 3262 599 3303; x_wconf 88' lang='lat' dir='ltr'><strong>ac</strong></span> <span class='ocrx_word' id='word_1_489' title='bbox 632 3250 885 3318; x_wconf 88' lang='lat' dir='ltr'><strong>populum</strong></span> <span class='ocrx_word' id='word_1_490' title='bbox 912 3249 1231 3304; x_wconf 77' lang='lat' dir='ltr'><strong>Gomorrhae</strong></span> <span class='ocrx_word' id='word_1_491' title='bbox 1255 3249 1308 3304; x_wconf 92' lang='lat' dir='ltr'><strong>in</strong></span> <span class='ocrx_word' id='word_1_492' title='bbox 1342 3265 1492 3321; x_wconf 88' lang='lat' dir='ltr'><strong>spem</strong></span> <span class='ocrx_word' id='word_1_493' title='bbox 1528 3250 1725 3306; x_wconf 89' lang='lat' dir='ltr'><strong>bonam</strong></span> <span class='ocrx_word' id='word_1_494' title='bbox 1764 3250 2028 3306; x_wconf 77' lang='lat' dir='ltr'><strong>transfert</strong></span> <span class='ocrx_word' id='word_1_495' title='bbox 2064 3258 2121 3307; x_wconf 90' lang='lat' dir='ltr'><strong>et</strong></span> 
     </span>
    </p>
   </div>
   <div class='ocr_carea' id='block_1_65' title="bbox 534 3341 2120 3413">
    <p class='ocr_par' dir='ltr' id='par_1_65' title="bbox 534 3341 2120 3413">
     <span class='ocr_line' id='line_1_65' title="bbox 534 3341 2120 3413; baseline 0.003 -18"><span class='ocrx_word' id='word_1_496' title='bbox 534 3349 763 3406; x_wconf 84' lang='lat' dir='ltr'><strong>evocat;</strong></span> <span class='ocrx_word' id='word_1_497' title='bbox 816 3341 862 3395; x_wconf 90' lang='lat' dir='ltr'><strong>si</strong></span> <span class='ocrx_word' id='word_1_498' title='bbox 912 3342 1174 3396; x_wconf 88' lang='lat' dir='ltr'><strong>malitiam</strong></span> <span class='ocrx_word' id='word_1_499' title='bbox 1208 3342 1567 3413; x_wconf 90' lang='lat' dir='ltr'><strong>deponentes,</strong></span> <span class='ocrx_word' id='word_1_500' title='bbox 1620 3351 1675 3397; x_wconf 90' lang='lat' dir='ltr'><strong>et</strong></span> <span class='ocrx_word' id='word_1_501' title='bbox 1732 3358 1763 3398; x_wconf 90' lang='lat' dir='ltr'><strong>a</strong></span> <span class='ocrx_word' id='word_1_502' title='bbox 1814 3342 2120 3399; x_wconf 85' lang='lat' dir='ltr'><strong>voluntario</strong></span> 
     </span>
    </p>
   </div>
   <div class='ocr_carea' id='block_1_66' title="bbox 536 3433 2117 3506">
    <p class='ocr_par' dir='ltr' id='par_1_66' title="bbox 536 3433 2117 3506">
     <span class='ocr_line' id='line_1_66' title="bbox 536 3433 2117 3506; baseline 0.004 -19"><span class='ocrx_word' id='word_1_503' title='bbox 536 3433 630 3487; x_wconf 91' lang='lat' dir='ltr'><strong>illo</strong></span> <span class='ocrx_word' id='word_1_504' title='bbox 664 3435 964 3489; x_wconf 80' lang='lat' dir='ltr'><strong>secundum</strong></span> <span class='ocrx_word' id='word_1_505' title='bbox 993 3449 1316 3506; x_wconf 88' lang='lat' dir='ltr'><strong>corpoream</strong></span> <span class='ocrx_word' id='word_1_506' title='bbox 1352 3435 1524 3506; x_wconf 89' lang='lat' dir='ltr'><strong>legem</strong></span> <span class='ocrx_word' id='word_1_507' title='bbox 1553 3435 1704 3491; x_wconf 91' lang='lat' dir='ltr'><strong>cultu</strong></span> <span class='ocrx_word' id='word_1_508' title='bbox 1736 3437 2117 3504; x_wconf 87' lang='lat' dir='ltr'><strong>abscedentes,</strong></span> 
     </span>
    </p>
   </div>
   <div class='ocr_carea' id='block_1_67' title="bbox 538 3524 2117 3600">
    <p class='ocr_par' dir='ltr' id='par_1_67' title="bbox 538 3524 2117 3600">
     <span class='ocr_line' id='line_1_67' title="bbox 538 3524 2117 3600; baseline 0.004 -21"><span class='ocrx_word' id='word_1_509' title='bbox 538 3524 686 3579; x_wconf 78' lang='lat' dir='ltr'><strong>Novo</strong></span> <span class='ocrx_word' id='word_1_510' title='bbox 713 3524 1087 3595; x_wconf 83' lang='lat' dir='ltr'><strong>Testamento,</strong></span> <span class='ocrx_word' id='word_1_511' title='bbox 1106 3542 1370 3599; x_wconf 60' lang='lat' dir='ltr'><strong>novaeque</strong></span> <span class='ocrx_word' id='word_1_512' title='bbox 1395 3528 1498 3598; x_wconf 86' lang='lat' dir='ltr'><strong>legi</strong></span> <span class='ocrx_word' id='word_1_513' title='bbox 1528 3538 1583 3584; x_wconf 91' lang='lat' dir='ltr'><strong>et</strong></span> <span class='ocrx_word' id='word_1_514' title='bbox 1612 3529 1778 3584; x_wconf 90' lang='lat' dir='ltr'><strong>verbo</strong></span> <span class='ocrx_word' id='word_1_515' title='bbox 1802 3528 2117 3600; x_wconf 83' lang='lat' dir='ltr'><strong>obsequen-</strong></span> 
     </span>
    </p>
   </div>
   <div class='ocr_carea' id='block_1_68' title="bbox 538 3617 2118 3692">
    <p class='ocr_par' dir='ltr' id='par_1_68' title="bbox 538 3617 2118 3692">
     <span class='ocr_line' id='line_1_68' title="bbox 538 3617 2118 3692; baseline 0.004 -21"><span class='ocrx_word' id='word_1_516' title='bbox 538 3627 619 3672; x_wconf 78' lang='lat' dir='ltr'><strong>tes</strong></span> <span class='ocrx_word' id='word_1_517' title='bbox 648 3617 869 3673; x_wconf 90' lang='lat' dir='ltr'><strong>fuerint.</strong></span> <span class='ocrx_word' id='word_1_518' title='bbox 906 3618 1270 3687; x_wconf 86' lang='lat' dir='ltr'><strong>Quamobrem</strong></span> <span class='ocrx_word' id='word_1_519' title='bbox 1304 3632 1590 3691; x_wconf 77' lang='lat' dir='ltr'><strong>pOStquam</strong></span> <span class='ocrx_word' id='word_1_520' title='bbox 1628 3638 1690 3676; x_wconf 89' lang='lat' dir='ltr'><strong>ea</strong></span> <span class='ocrx_word' id='word_1_521' title='bbox 1737 3637 1854 3692; x_wconf 87' lang='lat' dir='ltr'><strong>quae</strong></span> <span class='ocrx_word' id='word_1_522' title='bbox 1898 3620 2118 3678; x_wconf 77' lang='lat' dir='ltr'><strong>Veteris</strong></span> 
     </span>
    </p>
   </div>
   <div class='ocr_carea' id='block_1_69' title="bbox 535 3705 2115 3780">
    <p class='ocr_par' dir='ltr' id='par_1_69' title="bbox 535 3705 2115 3780">
     <span class='ocr_line' id='line_1_69' title="bbox 535 3705 2115 3780; baseline 0.004 -20"><span class='ocrx_word' id='word_1_523' title='bbox 535 3705 868 3761; x_wconf 89' lang='lat' dir='ltr'><strong>Testamenti</strong></span> <span class='ocrx_word' id='word_1_524' title='bbox 896 3719 1077 3775; x_wconf 88' lang='lat' dir='ltr'><strong>erant,</strong></span> <span class='ocrx_word' id='word_1_525' title='bbox 1104 3712 1335 3779; x_wconf 88' lang='lat' dir='ltr'><strong>carptim</strong></span> <span class='ocrx_word' id='word_1_526' title='bbox 1368 3711 1579 3780; x_wconf 84' lang='lat' dir='ltr'><strong>tetigit,</strong></span> <span class='ocrx_word' id='word_1_527' title='bbox 1614 3710 1747 3765; x_wconf 86' lang='lat' dir='ltr'><strong>Novi</strong></span> <span class='ocrx_word' id='word_1_528' title='bbox 1781 3712 2115 3767; x_wconf 86' lang='lat' dir='ltr'><strong>Testamenti</strong></span> 
     </span>
    </p>
   </div>
   <div class='ocr_carea' id='block_1_70' title="bbox 536 3801 2115 3872">
    <p class='ocr_par' dir='ltr' id='par_1_70' title="bbox 536 3801 2115 3872">
     <span class='ocr_line' id='line_1_70' title="bbox 536 3801 2115 3872; baseline 0.004 -20"><span class='ocrx_word' id='word_1_529' title='bbox 536 3802 798 3868; x_wconf 85' lang='lat' dir='ltr'><strong>mysteria</strong></span> <span class='ocrx_word' id='word_1_530' title='bbox 833 3801 1063 3855; x_wconf 89' lang='lat' dir='ltr'><strong>inducit.</strong></span> <span class='ocrx_word' id='word_1_531' title='bbox 1120 3802 1249 3868; x_wconf 76' lang='lat' dir='ltr'><strong>Qua:</strong></span> <span class='ocrx_word' id='word_1_532' title='bbox 1280 3802 1393 3870; x_wconf 88' lang='lat' dir='ltr'><strong>ipse</strong></span> <span class='ocrx_word' id='word_1_533' title='bbox 1437 3802 1492 3854; x_wconf 91' lang='lat' dir='ltr'><strong>in</strong></span> <span class='ocrx_word' id='word_1_534' title='bbox 1524 3801 1834 3872; x_wconf 86' lang='lat' dir='ltr'><strong>Evangeliis</strong></span> <span class='ocrx_word' id='word_1_535' title='bbox 1870 3804 2115 3869; x_wconf 76' lang='lat' dir='ltr'><strong>tradidit,</strong></span> 
     </span>
    </p>
   </div>
   <div class='ocr_carea' id='block_1_71' title="bbox 535 3884 2117 3963">
    <p class='ocr_par' dir='ltr' id='par_1_71' title="bbox 535 3884 2117 3963">
     <span class='ocr_line' id='line_1_71' title="bbox 535 3884 2117 3963; baseline 0.008 -28"><span class='ocrx_word' id='word_1_536' title='bbox 535 3884 741 3951; x_wconf 86' lang='lat' dir='ltr'><strong>dicens,</strong></span> <span class='ocrx_word' id='word_1_537' title='bbox 778 3904 795 3936; x_wconf 82' lang='grc'><em>‹</em></span> <span class='ocrx_word' id='word_1_538' title='bbox 826 3884 937 3940; x_wconf 83' lang='lat' dir='ltr'><strong>Nisi</strong></span> <span class='ocrx_word' id='word_1_539' title='bbox 990 3888 1113 3957; x_wconf 87' lang='lat' dir='ltr'><strong>quis</strong></span> <span class='ocrx_word' id='word_1_540' title='bbox 1169 3899 1391 3944; x_wconf 90' lang='lat' dir='ltr'><strong>renatus</strong></span> <span class='ocrx_word' id='word_1_541' title='bbox 1423 3888 1588 3943; x_wconf 88' lang='lat' dir='ltr'><strong>fuerit</strong></span> <span class='ocrx_word' id='word_1_542' title='bbox 1613 3906 1681 3944; x_wconf 81' lang='lat' dir='ltr'><strong>ex</strong></span> <span class='ocrx_word' id='word_1_543' title='bbox 1722 3906 1864 3961; x_wconf 88' lang='lat' dir='ltr'><strong>aqua</strong></span> <span class='ocrx_word' id='word_1_544' title='bbox 1891 3902 1946 3948; x_wconf 92' lang='lat' dir='ltr'><strong>et</strong></span> <span class='ocrx_word' id='word_1_545' title='bbox 1993 3892 2117 3963; x_wconf 89' lang='lat' dir='ltr'><strong>Spi-</strong></span> 
     </span>
    </p>
   </div>
   <div class='ocr_carea' id='block_1_72' title="bbox 537 3976 2116 4050">
    <p class='ocr_par' dir='ltr' id='par_1_72' title="bbox 537 3976 2116 4050">
     <span class='ocr_line' id='line_1_72' title="bbox 537 3976 2116 4050; baseline 0.007 -23"><span class='ocrx_word' id='word_1_546' title='bbox 537 3976 664 4041; x_wconf 81' lang='lat' dir='ltr'><strong>ritu,</strong></span> <span class='ocrx_word' id='word_1_547' title='bbox 703 3991 805 4031; x_wconf 80' lang='lat' dir='ltr'><strong>non</strong></span> <span class='ocrx_word' id='word_1_548' title='bbox 840 3978 1063 4033; x_wconf 85' lang='lat' dir='ltr'><strong>intrabit</strong></span> <span class='ocrx_word' id='word_1_549' title='bbox 1103 3979 1155 4033; x_wconf 90' lang='lat' dir='ltr'><strong>in</strong></span> <span class='ocrx_word' id='word_1_550' title='bbox 1192 3993 1420 4050; x_wconf 86' lang='lat' dir='ltr'><strong>regnum</strong></span> <span class='ocrx_word' id='word_1_551' title='bbox 1453 3980 1712 4036; x_wconf 70' lang='lat' dir='ltr'><strong>cmlorum</strong></span> <span class='ocrx_word' id='word_1_552' title='bbox 1738 3984 1781 4035; x_wconf 83' lang='grc'><strong>⁷.</strong></span> <span class='ocrx_word' id='word_1_553' title='bbox 1812 3982 2116 4050; x_wconf 68' lang='lat' dir='ltr'><strong>i-«Quae-</strong></span> 
     </span>
    </p>
   </div>
   <div class='ocr_carea' id='block_1_73' title="bbox 535 4066 2113 4152">
    <p class='ocr_par' dir='ltr' id='par_1_73' title="bbox 535 4066 2113 4152">
     <span class='ocr_line' id='line_1_73' title="bbox 535 4066 2113 4152; baseline 0.006 -32"><span class='ocrx_word' id='word_1_554' title='bbox 535 4066 640 4121; x_wconf 83' lang='lat' dir='ltr'><strong>rite</strong></span> <span class='ocrx_word' id='word_1_555' title='bbox 664 4067 953 4136; x_wconf 88' lang='lat' dir='ltr'><strong>judicium,</strong></span> <span class='ocrx_word' id='word_1_556' title='bbox 988 4070 1218 4126; x_wconf 90' lang='lat' dir='ltr'><strong>liberate</strong></span> <span class='ocrx_word' id='word_1_557' title='bbox 1249 4072 1864 4152; x_wconf 38' lang='lat' dir='ltr'><strong>Oppressumnjudicate</strong></span> <span class='ocrx_word' id='word_1_558' title='bbox 1887 4074 2113 4143; x_wconf 88' lang='lat' dir='ltr'><strong>pupillo,</strong></span> 
     </span>
    </p>
   </div>
   <div class='ocr_carea' id='block_1_74' title="bbox 533 4158 2111 4232">
    <p class='ocr_par' dir='ltr' id='par_1_74' title="bbox 533 4158 2111 4232">
     <span class='ocr_line' id='line_1_74' title="bbox 533 4158 2111 4232; baseline 0.005 -18"><span class='ocrx_word' id='word_1_559' title='bbox 533 4158 805 4215; x_wconf 71' lang='lat' dir='ltr'><strong>defendite</strong></span> <span class='ocrx_word' id='word_1_560' title='bbox 827 4161 1064 4217; x_wconf 82' lang='lat' dir='ltr'><strong>viduam.</strong></span> <span class='ocrx_word' id='word_1_561' title='bbox 1096 4182 1112 4215; x_wconf 75' lang='grc' dir='ltr'><strong>ι</strong></span> <span class='ocrx_word' id='word_1_562' title='bbox 1158 4163 1212 4218; x_wconf 88' lang='lat' dir='ltr'><strong>Id</strong></span> <span class='ocrx_word' id='word_1_563' title='bbox 1245 4173 1328 4219; x_wconf 87' lang='lat' dir='ltr'><strong>est</strong></span> <span class='ocrx_word' id='word_1_564' title='bbox 1352 4180 1380 4217; x_wconf 91' lang='lat' dir='ltr'><strong>a</strong></span> <span class='ocrx_word' id='word_1_565' title='bbox 1422 4165 1631 4219; x_wconf 89' lang='lat' dir='ltr'><strong>malitia</strong></span> <span class='ocrx_word' id='word_1_566' title='bbox 1656 4166 1926 4232; x_wconf 88' lang='lat' dir='ltr'><strong>translati,</strong></span> <span class='ocrx_word' id='word_1_567' title='bbox 1970 4166 2111 4222; x_wconf 86' lang='lat' dir='ltr'><strong>uein</strong></span> 
     </span>
    </p>
   </div>
   <div class='ocr_carea' id='block_1_75' title="bbox 534 4251 2111 4327">
    <p class='ocr_par' dir='ltr' id='par_1_75' title="bbox 534 4251 2111 4327">
     <span class='ocr_line' id='line_1_75' title="bbox 534 4251 2111 4327; baseline 0.005 -24"><span class='ocrx_word' id='word_1_568' title='bbox 534 4263 603 4310; x_wconf 85' lang='lat' dir='ltr'><strong>eo</strong></span> <span class='ocrx_word' id='word_1_569' title='bbox 628 4251 935 4319; x_wconf 88' lang='lat' dir='ltr'><strong>steteritis;</strong></span> <span class='ocrx_word' id='word_1_570' title='bbox 968 4253 1063 4307; x_wconf 85' lang='lat' dir='ltr'><strong>sed</strong></span> <span class='ocrx_word' id='word_1_571' title='bbox 1094 4254 1259 4308; x_wconf 85' lang='lat' dir='ltr'><strong>vitam</strong></span> <span class='ocrx_word' id='word_1_572' title='bbox 1307 4254 1509 4310; x_wconf 89' lang='lat' dir='ltr'><strong>virtute</strong></span> <span class='ocrx_word' id='word_1_573' title='bbox 1538 4263 1789 4310; x_wconf 88' lang='lat' dir='ltr'><strong>ornatam</strong></span> <span class='ocrx_word' id='word_1_574' title='bbox 1824 4255 2111 4327; x_wconf 84' lang='lat' dir='ltr'><strong>suscipite.</strong></span> 
     </span>
    </p>
   </div>
   <div class='ocr_carea' id='block_1_76' title="bbox 608 4509 2115 4586">
    <p class='ocr_par' dir='ltr' id='par_1_76' title="bbox 608 4509 2115 4586">
     <span class='ocr_line' id='line_1_76' title="bbox 608 4509 2115 4586; baseline 0.007 -23"><span class='ocrx_word' id='word_1_575' title='bbox 608 4509 774 4567; x_wconf 74' lang='lat' dir='ltr'><strong>Vens.</strong></span> <span class='ocrx_word' id='word_1_576' title='bbox 810 4512 897 4568; x_wconf 86' lang='lat' dir='ltr'><strong>l8.</strong></span> <span class='ocrx_word' id='word_1_577' title='bbox 945 4531 963 4565; x_wconf 76' lang='grc' dir='ltr'><strong>ι</strong></span> <span class='ocrx_word' id='word_1_578' title='bbox 996 4513 1061 4567; x_wconf 84' lang='lat' dir='ltr'><strong>Et</strong></span> <span class='ocrx_word' id='word_1_579' title='bbox 1100 4514 1301 4582; x_wconf 82' lang='lat' dir='ltr'><strong>venite,</strong></span> <span class='ocrx_word' id='word_1_580' title='bbox 1337 4524 1392 4570; x_wconf 91' lang='lat' dir='ltr'><strong>et</strong></span> <span class='ocrx_word' id='word_1_581' title='bbox 1424 4516 1966 4586; x_wconf 83' lang='lat' dir='ltr'><strong>disceptemus,&#39;dicit</strong></span> <span class='ocrx_word' id='word_1_582' title='bbox 2007 4520 2115 4574; x_wconf 89' lang='lat' dir='ltr'><strong>Do-</strong></span> 
     </span>
    </p>
   </div>
   <div class='ocr_carea' id='block_1_77' title="bbox 536 4604 2115 4681">
    <p class='ocr_par' dir='ltr' id='par_1_77' title="bbox 536 4604 2115 4681">
     <span class='ocr_line' id='line_1_77' title="bbox 536 4604 2115 4681; baseline 0.006 -24"><span class='ocrx_word' id='word_1_583' title='bbox 536 4604 717 4659; x_wconf 89' lang='lat' dir='ltr'><strong>minus</strong></span> <span class='ocrx_word' id='word_1_584' title='bbox 754 4624 765 4658; x_wconf 92' lang='lat'><strong>:</strong></span> <span class='ocrx_word' id='word_1_585' title='bbox 800 4614 855 4659; x_wconf 90' lang='lat' dir='ltr'><strong>et</strong></span> <span class='ocrx_word' id='word_1_586' title='bbox 908 4607 953 4661; x_wconf 90' lang='lat' dir='ltr'><strong>si</strong></span> <span class='ocrx_word' id='word_1_587' title='bbox 1005 4606 1211 4661; x_wconf 87' lang='lat' dir='ltr'><strong>fuerint</strong></span> <span class='ocrx_word' id='word_1_588' title='bbox 1264 4620 1487 4676; x_wconf 88' lang='lat' dir='ltr'><strong>peccata</strong></span> <span class='ocrx_word' id='word_1_589' title='bbox 1516 4619 1699 4664; x_wconf 90' lang='lat' dir='ltr'><strong>vestra</strong></span> <span class='ocrx_word' id='word_1_590' title='bbox 1745 4619 1805 4665; x_wconf 90' lang='lat' dir='ltr'><strong>ut</strong></span> <span class='ocrx_word' id='word_1_591' title='bbox 1852 4626 2115 4681; x_wconf 89' lang='lat' dir='ltr'><strong>purpura,</strong></span> 
     </span>
    </p>
   </div>
   <div class='ocr_carea' id='block_1_78' title="bbox 534 4696 2111 4768">
    <p class='ocr_par' dir='ltr' id='par_1_78' title="bbox 534 4696 2111 4768">
     <span class='ocr_line' id='line_1_78' title="bbox 534 4696 2111 4768; baseline 0.006 -22"><span class='ocrx_word' id='word_1_592' title='bbox 534 4696 899 4763; x_wconf 88' lang='lat' dir='ltr'><strong>quasiuivem</strong></span> <span class='ocrx_word' id='word_1_593' title='bbox 941 4696 1239 4765; x_wconf 88' lang='lat' dir='ltr'><strong>dealbabo;</strong></span> <span class='ocrx_word' id='word_1_594' title='bbox 1280 4707 1336 4753; x_wconf 89' lang='lat' dir='ltr'><strong>et</strong></span> <span class='ocrx_word' id='word_1_595' title='bbox 1366 4699 1410 4754; x_wconf 91' lang='lat' dir='ltr'><strong>si</strong></span> <span class='ocrx_word' id='word_1_596' title='bbox 1444 4699 1648 4754; x_wconf 82' lang='lat' dir='ltr'><strong>fuerint</strong></span> <span class='ocrx_word' id='word_1_597' title='bbox 1696 4710 1757 4756; x_wconf 91' lang='lat' dir='ltr'><strong>ut</strong></span> <span class='ocrx_word' id='word_1_598' title='bbox 1805 4704 2111 4768; x_wconf 89' lang='lat' dir='ltr'><strong>coccinum,</strong></span> 
     </span>
    </p>
   </div>
   <div class='ocr_carea' id='block_1_79' title="bbox 533 4786 2111 4864">
    <p class='ocr_par' dir='ltr' id='par_1_79' title="bbox 533 4786 2111 4864">
     <span class='ocr_line' id='line_1_79' title="bbox 533 4786 2111 4864; baseline 0.004 -24"><span class='ocrx_word' id='word_1_599' title='bbox 533 4786 688 4857; x_wconf 87' lang='lat' dir='ltr'><strong>quasi</strong></span> <span class='ocrx_word' id='word_1_600' title='bbox 726 4786 902 4841; x_wconf 89' lang='lat' dir='ltr'><strong>lanam</strong></span> <span class='ocrx_word' id='word_1_601' title='bbox 939 4788 1223 4845; x_wconf 90' lang='lat' dir='ltr'><strong>dealbabo.</strong></span> <span class='ocrx_word' id='word_1_602' title='bbox 1261 4808 1280 4842; x_wconf 70' lang='grc' dir='ltr'><strong>ι</strong></span> <span class='ocrx_word' id='word_1_603' title='bbox 1315 4790 1520 4847; x_wconf 88' lang='lat' dir='ltr'><strong>Deinde</strong></span> <span class='ocrx_word' id='word_1_604' title='bbox 1547 4794 1703 4864; x_wconf 89' lang='lat' dir='ltr'><strong>quasi</strong></span> <span class='ocrx_word' id='word_1_605' title='bbox 1752 4793 1805 4846; x_wconf 91' lang='lat' dir='ltr'><strong>in</strong></span> <span class='ocrx_word' id='word_1_606' title='bbox 1854 4792 2111 4847; x_wconf 87' lang='lat' dir='ltr'><strong>tribunali</strong></span> 
     </span>
    </p>
   </div>
   <div class='ocr_carea' id='block_1_80' title="bbox 532 4881 2114 4955">
    <p class='ocr_par' dir='ltr' id='par_1_80' title="bbox 532 4881 2114 4955">
     <span class='ocr_line' id='line_1_80' title="bbox 532 4881 2114 4955; baseline 0.005 -23"><span class='ocrx_word' id='word_1_607' title='bbox 532 4894 634 4949; x_wconf 82' lang='lat' dir='ltr'><strong>ego</strong></span> <span class='ocrx_word' id='word_1_608' title='bbox 678 4888 733 4933; x_wconf 88' lang='lat' dir='ltr'><strong>et</strong></span> <span class='ocrx_word' id='word_1_609' title='bbox 766 4896 862 4935; x_wconf 83' lang='lat' dir='ltr'><strong>vos</strong></span> <span class='ocrx_word' id='word_1_610' title='bbox 901 4881 1267 4951; x_wconf 77' lang='lat' dir='ltr'><strong>disceptamus</strong></span> <span class='ocrx_word' id='word_1_611' title='bbox 1305 4898 1450 4955; x_wconf 85' lang='lat' dir='ltr'><strong>:ego</strong></span> <span class='ocrx_word' id='word_1_612' title='bbox 1507 4887 1726 4955; x_wconf 84' lang='lat' dir='ltr'><strong>quidem</strong></span> <span class='ocrx_word' id='word_1_613' title='bbox 1782 4900 2114 4940; x_wconf 85' lang='lat' dir='ltr'><strong>enumerans</strong></span> 
     </span>
    </p>
   </div>
   <div class='ocr_carea' id='block_1_81' title="bbox 534 4970 2111 5044">
    <p class='ocr_par' dir='ltr' id='par_1_81' title="bbox 534 4970 2111 5044">
     <span class='ocr_line' id='line_1_81' title="bbox 534 4970 2111 5044; baseline 0.005 -25"><span class='ocrx_word' id='word_1_614' title='bbox 534 4979 735 5036; x_wconf 85' lang='lat' dir='ltr'><strong>quanta</strong></span> <span class='ocrx_word' id='word_1_615' title='bbox 768 4970 868 5025; x_wconf 91' lang='lat' dir='ltr'><strong>sim</strong></span> <span class='ocrx_word' id='word_1_616' title='bbox 897 4985 925 5023; x_wconf 91' lang='lat' dir='ltr'><strong>a</strong></span> <span class='ocrx_word' id='word_1_617' title='bbox 947 4971 1099 5026; x_wconf 86' lang='lat' dir='ltr'><strong>vobis</strong></span> <span class='ocrx_word' id='word_1_618' title='bbox 1131 4986 1443 5042; x_wconf 86' lang='lat' dir='ltr'><strong>perpessus,</strong></span> <span class='ocrx_word' id='word_1_619' title='bbox 1471 4985 1527 5029; x_wconf 86' lang='lat' dir='ltr'><strong>et</strong></span> <span class='ocrx_word' id='word_1_620' title='bbox 1561 4983 1766 5044; x_wconf 89' lang='lat' dir='ltr'><strong>quanta</strong></span> <span class='ocrx_word' id='word_1_621' title='bbox 1802 4975 1958 5029; x_wconf 85' lang='lat' dir='ltr'><strong>vobis</strong></span> <span class='ocrx_word' id='word_1_622' title='bbox 1990 4990 2111 5028; x_wconf 87' lang='lat' dir='ltr'><strong>mu-</strong></span> 
     </span>
    </p>
   </div>
   <div class='ocr_carea' id='block_1_82' title="bbox 538 5062 2110 5135">
    <p class='ocr_par' dir='ltr' id='par_1_82' title="bbox 538 5062 2110 5135">
     <span class='ocr_line' id='line_1_82' title="bbox 538 5062 2110 5135; baseline 0.008 -25"><span class='ocrx_word' id='word_1_623' title='bbox 538 5074 664 5113; x_wconf 89' lang='lat' dir='ltr'><strong>nera</strong></span> <span class='ocrx_word' id='word_1_624' title='bbox 697 5062 1021 5117; x_wconf 87' lang='lat' dir='ltr'><strong>contulerim</strong></span> <span class='ocrx_word' id='word_1_625' title='bbox 1053 5081 1067 5117; x_wconf 88' lang='lat'><strong>:</strong></span> <span class='ocrx_word' id='word_1_626' title='bbox 1094 5079 1157 5119; x_wconf 83' lang='lat' dir='ltr'><strong>ac</strong></span> <span class='ocrx_word' id='word_1_627' title='bbox 1193 5066 1466 5134; x_wconf 90' lang='lat' dir='ltr'><strong>quomodo</strong></span> <span class='ocrx_word' id='word_1_628' title='bbox 1496 5075 1619 5135; x_wconf 88' lang='lat' dir='ltr'><strong>post</strong></span> <span class='ocrx_word' id='word_1_629' title='bbox 1664 5075 1810 5120; x_wconf 90' lang='lat' dir='ltr'><strong>tanta</strong></span> <span class='ocrx_word' id='word_1_630' title='bbox 1845 5067 2110 5133; x_wconf 87' lang='lat' dir='ltr'><strong>facinora,</strong></span> 
     </span>
    </p>
   </div>
   <div class='ocr_carea' id='block_1_83' title="bbox 537 5152 2113 5227">
    <p class='ocr_par' dir='ltr' id='par_1_83' title="bbox 537 5152 2113 5227">
     <span class='ocr_line' id='line_1_83' title="bbox 537 5152 2113 5227; baseline 0.004 -22"><span class='ocrx_word' id='word_1_631' title='bbox 537 5152 778 5206; x_wconf 86' lang='lat' dir='ltr'><strong>omnium</strong></span> <span class='ocrx_word' id='word_1_632' title='bbox 814 5155 1083 5211; x_wconf 89' lang='lat' dir='ltr'><strong>malorum</strong></span> <span class='ocrx_word' id='word_1_633' title='bbox 1127 5166 1437 5212; x_wconf 90' lang='lat' dir='ltr'><strong>vestrorum</strong></span> <span class='ocrx_word' id='word_1_634' title='bbox 1468 5155 1700 5223; x_wconf 88' lang='lat' dir='ltr'><strong>oblitus,</strong></span> <span class='ocrx_word' id='word_1_635' title='bbox 1734 5169 1949 5214; x_wconf 84' lang='lat' dir='ltr'><strong>vestras</strong></span> <span class='ocrx_word' id='word_1_636' title='bbox 1975 5172 2113 5227; x_wconf 70' lang='lat' dir='ltr'><strong>pra:-</strong></span> 
     </span>
    </p>
   </div>
   <div class='ocr_carea' id='block_1_84' title="bbox 541 5243 2110 5319">
    <p class='ocr_par' dir='ltr' id='par_1_84' title="bbox 541 5243 2110 5319">
     <span class='ocr_line' id='line_1_84' title="bbox 541 5243 2110 5319; baseline 0.007 -24"><span class='ocrx_word' id='word_1_637' title='bbox 541 5243 687 5297; x_wconf 82' lang='lat' dir='ltr'><strong>dicto</strong></span> <span class='ocrx_word' id='word_1_638' title='bbox 712 5249 973 5314; x_wconf 89' lang='lat' dir='ltr'><strong>sanguine</strong></span> <span class='ocrx_word' id='word_1_639' title='bbox 1000 5260 1302 5319; x_wconf 89' lang='lat' dir='ltr'><strong>purpureas</strong></span> <span class='ocrx_word' id='word_1_640' title='bbox 1336 5249 1549 5304; x_wconf 90' lang='lat' dir='ltr'><strong>animas</strong></span> <span class='ocrx_word' id='word_1_641' title='bbox 1573 5249 2011 5315; x_wconf 86' lang='lat' dir='ltr'><strong>emundaverim,</strong></span> <span class='ocrx_word' id='word_1_642' title='bbox 2046 5264 2110 5306; x_wconf 83' lang='lat' dir='ltr'><strong>as</strong></span> 
     </span>
    </p>
   </div>
   <div class='ocr_carea' id='block_1_85' title="bbox 536 5334 2115 5411">
    <p class='ocr_par' dir='ltr' id='par_1_85' title="bbox 536 5334 2115 5411">
     <span class='ocr_line' id='line_1_85' title="bbox 536 5334 2115 5411; baseline 0.008 -27"><span class='ocrx_word' id='word_1_643' title='bbox 536 5351 632 5403; x_wconf 75' lang='lat' dir='ltr'><strong>per</strong></span> <span class='ocrx_word' id='word_1_644' title='bbox 695 5334 973 5391; x_wconf 88' lang='lat' dir='ltr'><strong>lavacrum</strong></span> <span class='ocrx_word' id='word_1_645' title='bbox 1036 5340 1469 5411; x_wconf 86' lang='lat' dir='ltr'><strong>regenerationis</strong></span> <span class='ocrx_word' id='word_1_646' title='bbox 1521 5339 1645 5396; x_wconf 88' lang='lat' dir='ltr'><strong>nive</strong></span> <span class='ocrx_word' id='word_1_647' title='bbox 1712 5340 2115 5411; x_wconf 81' lang='lat' dir='ltr'><strong>splendidiores</strong></span> 
     </span>
    </p>
   </div>
   <div class='ocr_carea' id='block_1_86' title="bbox 592 5476 1617 5548">
    <p class='ocr_par' dir='ltr' id='par_1_86' title="bbox 592 5476 1617 5548">
     <span class='ocr_line' id='line_1_86' title="bbox 592 5476 1617 5548; baseline 0.008 -18"><span class='ocrx_word' id='word_1_648' title='bbox 592 5478 612 5508; x_wconf 83' lang='grc'><strong>⁸</strong></span> <span class='ocrx_word' id='word_1_649' title='bbox 642 5476 1012 5547; x_wconf 76' lang='lat' dir='ltr'><strong>Matllt.xxvn,</strong></span> <span class='ocrx_word' id='word_1_650' title='bbox 1035 5480 1125 5535; x_wconf 72' lang='lat'><strong>25.</strong></span> <span class='ocrx_word' id='word_1_651' title='bbox 1204 5483 1225 5515; x_wconf 84' lang='grc'><strong>⁷</strong></span> <span class='ocrx_word' id='word_1_652' title='bbox 1256 5482 1415 5539; x_wconf 81' lang='lat' dir='ltr'><strong>Joan.</strong></span> <span class='ocrx_word' id='word_1_653' title='bbox 1448 5497 1531 5548; x_wconf 80' lang='grc' dir='ltr'>ιιι,</span> <span class='ocrx_word' id='word_1_654' title='bbox 1564 5482 1617 5538; x_wconf 82' lang='lat'><strong>5.</strong></span> 
     </span>
    </p>
   </div>
   <div class='ocr_carea' id='block_1_87' title="bbox 609 5596 2108 5670">
    <p class='ocr_par' dir='ltr' id='par_1_87' title="bbox 609 5596 2108 5670">
     <span class='ocr_line' id='line_1_87' title="bbox 609 5596 2108 5670; baseline 0 -18"><span class='ocrx_word' id='word_1_655' title='bbox 609 5598 684 5669; x_wconf 79' lang='lat'><strong>(5}</strong></span> <span class='ocrx_word' id='word_1_656' title='bbox 752 5596 874 5654; x_wconf 71' lang='lat' dir='ltr'><strong>llaec</strong></span> <span class='ocrx_word' id='word_1_657' title='bbox 908 5597 1032 5655; x_wconf 88' lang='lat' dir='ltr'><strong>item</strong></span> <span class='ocrx_word' id='word_1_658' title='bbox 1068 5600 1321 5670; x_wconf 80' lang='lat' dir='ltr'><strong>exprimit</strong></span> <span class='ocrx_word' id='word_1_659' title='bbox 1353 5599 1712 5669; x_wconf 77' lang='lat' dir='ltr'><strong>ilicronymus</strong></span> <span class='ocrx_word' id='word_1_660' title='bbox 1738 5600 1803 5658; x_wconf 85' lang='lat' dir='ltr'><strong>ad</strong></span> <span class='ocrx_word' id='word_1_661' title='bbox 1834 5600 1977 5659; x_wconf 84' lang='lat' dir='ltr'><strong>hunc</strong></span> <span class='ocrx_word' id='word_1_662' title='bbox 2006 5598 2108 5658; x_wconf 87' lang='lat' dir='ltr'><strong>loc.</strong></span> 
     </span>
    </p>
   </div>
   <div class='ocr_carea' id='block_1_88' title="bbox 2227 3077 3805 3149">
    <p class='ocr_par' dir='ltr' id='par_1_88' title="bbox 2227 3077 3805 3149">
     <span class='ocr_line' id='line_1_88' title="bbox 2227 3077 3805 3149; baseline -0.001 -16"><span class='ocrx_word' id='word_1_663' title='bbox 2227 3077 2392 3133; x_wconf 77' lang='grc' dir='ltr'>καλὸν</span> <span class='ocrx_word' id='word_1_664' title='bbox 2426 3081 2621 3132; x_wconf 82' lang='grc' dir='ltr'>ποιεῖν.</span> <span class='ocrx_word' id='word_1_665' title='bbox 2664 3097 2687 3129; x_wconf 87' lang='grc'><strong><em>›</em></strong></span> <span class='ocrx_word' id='word_1_666' title='bbox 2715 3077 2928 3149; x_wconf 80' lang='grc' dir='ltr'>Σφόδρα</span> <span class='ocrx_word' id='word_1_667' title='bbox 2968 3078 3099 3147; x_wconf 86' lang='grc' dir='ltr'>γοῦν</span> <span class='ocrx_word' id='word_1_668' title='bbox 3142 3077 3451 3142; x_wconf 83' lang='grc' dir='ltr'>ἀκολούθως</span> <span class='ocrx_word' id='word_1_669' title='bbox 3494 3077 3563 3132; x_wconf 85' lang='grc' dir='ltr'><strong>τά</strong></span> <span class='ocrx_word' id='word_1_670' title='bbox 3613 3077 3805 3146; x_wconf 85' lang='grc' dir='ltr'>πρῶτα</span> 
     </span>
    </p>
   </div>
   <div class='ocr_carea' id='block_1_89' title="bbox 2226 3170 3805 3243">
    <p class='ocr_par' dir='ltr' id='par_1_89' title="bbox 2226 3170 3805 3243">
     <span class='ocr_line' id='line_1_89' title="bbox 2226 3170 3805 3243; baseline 0 -19"><span class='ocrx_word' id='word_1_671' title='bbox 2226 3171 2465 3243; x_wconf 77' lang='grc' dir='ltr'>εἰρηκὼς</span> <span class='ocrx_word' id='word_1_672' title='bbox 2489 3174 2518 3225; x_wconf 87' lang='grc' dir='ltr'><strong>ό</strong></span> <span class='ocrx_word' id='word_1_673' title='bbox 2543 3170 2697 3235; x_wconf 82' lang='grc' dir='ltr'>Θεὸς,</span> <span class='ocrx_word' id='word_1_674' title='bbox 2732 3171 2811 3224; x_wconf 78' lang='grc' dir='ltr'>ἔτι</span> <span class='ocrx_word' id='word_1_675' title='bbox 2840 3171 3127 3225; x_wconf 73' lang='grc' dir='ltr'>καὶταῦτα</span> <span class='ocrx_word' id='word_1_676' title='bbox 3148 3172 3284 3243; x_wconf 84' lang='grc' dir='ltr'>πρὸς</span> <span class='ocrx_word' id='word_1_677' title='bbox 3311 3173 3435 3235; x_wconf 78' lang='grc' dir='ltr'>τοὺς</span> <span class='ocrx_word' id='word_1_678' title='bbox 3468 3170 3805 3242; x_wconf 85' lang='grc' dir='ltr'>δηλωθέντας</span> 
     </span>
    </p>
   </div>
   <div class='ocr_carea' id='block_1_90' title="bbox 2226 3260 3805 3334">
    <p class='ocr_par' dir='ltr' id='par_1_90' title="bbox 2226 3260 3805 3334">
     <span class='ocr_line' id='line_1_90' title="bbox 2226 3260 3805 3334; baseline -0.001 -18"><span class='ocrx_word' id='word_1_679' title='bbox 2226 3261 2492 3334; x_wconf 79' lang='grc' dir='ltr'>ἄρχοντας</span> <span class='ocrx_word' id='word_1_680' title='bbox 2522 3262 2790 3332; x_wconf 78' lang='grc' dir='ltr'>Σοδόμων,</span> <span class='ocrx_word' id='word_1_681' title='bbox 2817 3261 2909 3314; x_wconf 75' lang='grc' dir='ltr'><strong>καὶ</strong></span> <span class='ocrx_word' id='word_1_682' title='bbox 2943 3261 3033 3314; x_wconf 76' lang='grc' dir='ltr'><strong>τὸν</strong></span> <span class='ocrx_word' id='word_1_683' title='bbox 3065 3261 3191 3314; x_wconf 74' lang='grc' dir='ltr'>λαὸν</span> <span class='ocrx_word' id='word_1_684' title='bbox 3224 3260 3506 3332; x_wconf 80' lang='grc' dir='ltr'>Γομόρρας</span> <span class='ocrx_word' id='word_1_685' title='bbox 3534 3260 3805 3332; x_wconf 79' lang='grc' dir='ltr'>διεξέρχε-</span> 
     </span>
    </p>
   </div>
   <div class='ocr_carea' id='block_1_91' title="bbox 2225 3348 3804 3423">
    <p class='ocr_par' dir='ltr' id='par_1_91' title="bbox 2225 3348 3804 3423">
     <span class='ocr_line' id='line_1_91' title="bbox 2225 3348 3804 3423; baseline -0.003 -16"><span class='ocrx_word' id='word_1_686' title='bbox 2225 3370 2315 3407; x_wconf 87' lang='grc' dir='ltr'><strong>ται</strong></span> <span class='ocrx_word' id='word_1_687' title='bbox 2344 3353 2443 3423; x_wconf 88' lang='grc'>(5),</span> <span class='ocrx_word' id='word_1_688' title='bbox 2494 3353 2587 3405; x_wconf 72' lang='grc' dir='ltr'><strong>ἐπὶ</strong></span> <span class='ocrx_word' id='word_1_689' title='bbox 2621 3350 2832 3421; x_wconf 77' lang='grc' dir='ltr'>ἀγαθὰς</span> <span class='ocrx_word' id='word_1_690' title='bbox 2859 3351 3080 3414; x_wconf 82' lang='grc' dir='ltr'>ἐλπίδας</span> <span class='ocrx_word' id='word_1_691' title='bbox 3121 3351 3316 3412; x_wconf 77' lang='grc' dir='ltr'>αὐτοὺς</span> <span class='ocrx_word' id='word_1_692' title='bbox 3342 3348 3804 3420; x_wconf 83' lang='grc' dir='ltr'>προκαλούμενος,</span> 
     </span>
    </p>
   </div>
   <div class='ocr_carea' id='block_1_92' title="bbox 2224 3438 3807 3513">
    <p class='ocr_par' dir='ltr' id='par_1_92' title="bbox 2224 3438 3807 3513">
     <span class='ocr_line' id='line_1_92' title="bbox 2224 3438 3807 3513; baseline -0.001 -19"><span class='ocrx_word' id='word_1_693' title='bbox 2224 3443 2274 3495; x_wconf 83' lang='grc' dir='ltr'><strong>εί</strong></span> <span class='ocrx_word' id='word_1_694' title='bbox 2309 3440 2668 3513; x_wconf 83' lang='grc' dir='ltr'>μεταθέμενοι</span> <span class='ocrx_word' id='word_1_695' title='bbox 2715 3440 2812 3510; x_wconf 87' lang='grc' dir='ltr'><strong>τῆς</strong></span> <span class='ocrx_word' id='word_1_696' title='bbox 2860 3440 3057 3503; x_wconf 85' lang='grc' dir='ltr'>κακίας</span> <span class='ocrx_word' id='word_1_697' title='bbox 3086 3440 3179 3493; x_wconf 72' lang='grc' dir='ltr'>καὶ</span> <span class='ocrx_word' id='word_1_698' title='bbox 3212 3440 3310 3510; x_wconf 85' lang='grc' dir='ltr'><strong>τῆς</strong></span> <span class='ocrx_word' id='word_1_699' title='bbox 3354 3438 3807 3511; x_wconf 80' lang='grc' dir='ltr'>ὲθελοθρησκείας</span> 
     </span>
    </p>
   </div>
   <div class='ocr_carea' id='block_1_93' title="bbox 2224 3525 3803 3601">
    <p class='ocr_par' dir='ltr' id='par_1_93' title="bbox 2224 3525 3803 3601">
     <span class='ocr_line' id='line_1_93' title="bbox 2224 3525 3803 3601; baseline -0.001 -18"><span class='ocrx_word' id='word_1_700' title='bbox 2224 3530 2323 3601; x_wconf 88' lang='grc' dir='ltr'><strong>τῆς</strong></span> <span class='ocrx_word' id='word_1_701' title='bbox 2378 3525 2519 3583; x_wconf 79' lang='grc' dir='ltr'>κατὰ</span> <span class='ocrx_word' id='word_1_702' title='bbox 2572 3528 2662 3581; x_wconf 67' lang='grc' dir='ltr'>τὸν</span> <span class='ocrx_word' id='word_1_703' title='bbox 2721 3527 3032 3599; x_wconf 75' lang='grc' dir='ltr'>σωματικὸν</span> <span class='ocrx_word' id='word_1_704' title='bbox 3088 3527 3253 3597; x_wconf 90' lang='grc' dir='ltr'>νόμον</span> <span class='ocrx_word' id='word_1_705' title='bbox 3304 3528 3764 3600; x_wconf 79' lang='grc' dir='ltr'>ἀναχωρήσαντες</span> <span class='ocrx_word' id='word_1_706' title='bbox 3789 3568 3803 3593; x_wconf 92' lang='grc'><strong>,</strong></span> 
     </span>
    </p>
   </div>
   <div class='ocr_carea' id='block_1_94' title="bbox 2226 3616 3805 3691">
    <p class='ocr_par' dir='ltr' id='par_1_94' title="bbox 2226 3616 3805 3691">
     <span class='ocr_line' id='line_1_94' title="bbox 2226 3616 3805 3691; baseline -0.001 -17"><span class='ocrx_word' id='word_1_707' title='bbox 2226 3620 2458 3691; x_wconf 81' lang='grc' dir='ltr'>ὑπήκοοι</span> <span class='ocrx_word' id='word_1_708' title='bbox 2485 3620 2727 3688; x_wconf 80' lang='grc' dir='ltr'>γένοιντο</span> <span class='ocrx_word' id='word_1_709' title='bbox 2756 3618 2857 3688; x_wconf 86' lang='grc' dir='ltr'><strong>τῆς</strong></span> <span class='ocrx_word' id='word_1_710' title='bbox 2886 3617 3094 3688; x_wconf 86' lang='grc' dir='ltr'>Καινῆς</span> <span class='ocrx_word' id='word_1_711' title='bbox 3133 3617 3410 3690; x_wconf 81' lang='grc' dir='ltr'>Διαθήκης</span> <span class='ocrx_word' id='word_1_712' title='bbox 3437 3620 3529 3671; x_wconf 76' lang='grc' dir='ltr'>καὶ</span> <span class='ocrx_word' id='word_1_713' title='bbox 3558 3616 3651 3672; x_wconf 89' lang='grc' dir='ltr'><strong>τοῦ</strong></span> <span class='ocrx_word' id='word_1_714' title='bbox 3681 3637 3805 3675; x_wconf 83' lang='grc' dir='ltr'>και-</span> 
     </span>
    </p>
   </div>
   <div class='ocr_carea' id='block_1_95' title="bbox 2223 3708 3805 3783">
    <p class='ocr_par' dir='ltr' id='par_1_95' title="bbox 2223 3708 3805 3783">
     <span class='ocr_line' id='line_1_95' title="bbox 2223 3708 3805 3783; baseline -0.001 -17"><span class='ocrx_word' id='word_1_715' title='bbox 2223 3712 2314 3766; x_wconf 89' lang='grc' dir='ltr'><strong>νοῦ</strong></span> <span class='ocrx_word' id='word_1_716' title='bbox 2346 3713 2511 3783; x_wconf 81' lang='grc' dir='ltr'>νόμου</span> <span class='ocrx_word' id='word_1_717' title='bbox 2546 3712 2641 3763; x_wconf 80' lang='grc' dir='ltr'>καὶ</span> <span class='ocrx_word' id='word_1_718' title='bbox 2672 3710 2850 3777; x_wconf 81' lang='grc' dir='ltr'>λόγου.</span> <span class='ocrx_word' id='word_1_719' title='bbox 2883 3708 2973 3761; x_wconf 83' lang='grc' dir='ltr'>Διὸ</span> <span class='ocrx_word' id='word_1_720' title='bbox 3005 3708 3140 3779; x_wconf 85' lang='grc' dir='ltr'><strong>μετά</strong></span> <span class='ocrx_word' id='word_1_721' title='bbox 3160 3709 3258 3780; x_wconf 81' lang='grc' dir='ltr'><strong>τὴν</strong></span> <span class='ocrx_word' id='word_1_722' title='bbox 3284 3709 3588 3781; x_wconf 84' lang='grc' dir='ltr'>παρόρασιν</span> <span class='ocrx_word' id='word_1_723' title='bbox 3618 3710 3724 3763; x_wconf 89' lang='grc' dir='ltr'><strong>τῶν</strong></span> <span class='ocrx_word' id='word_1_724' title='bbox 3748 3713 3805 3765; x_wconf 86' lang='grc' dir='ltr'>ὲν</span> 
     </span>
    </p>
   </div>
   <div class='ocr_carea' id='block_1_96' title="bbox 2222 3799 3805 3875">
    <p class='ocr_par' dir='ltr' id='par_1_96' title="bbox 2222 3799 3805 3875">
     <span class='ocr_line' id='line_1_96' title="bbox 2222 3799 3805 3875; baseline -0.001 -19"><span class='ocrx_word' id='word_1_725' title='bbox 2222 3806 2289 3875; x_wconf 76' lang='grc' dir='ltr'>τῇ</span> <span class='ocrx_word' id='word_1_726' title='bbox 2315 3802 2525 3873; x_wconf 75' lang='grc' dir='ltr'>Παλαιᾷ</span> <span class='ocrx_word' id='word_1_727' title='bbox 2548 3800 2813 3872; x_wconf 74' lang='grc' dir='ltr'>Διαθήκῃ,</span> <span class='ocrx_word' id='word_1_728' title='bbox 2839 3799 2909 3852; x_wconf 73' lang='grc' dir='ltr'>τὰ</span> <span class='ocrx_word' id='word_1_729' title='bbox 2936 3799 3037 3869; x_wconf 79' lang='grc' dir='ltr'><strong>τῆς</strong></span> <span class='ocrx_word' id='word_1_730' title='bbox 3063 3800 3271 3871; x_wconf 80' lang='grc' dir='ltr'>Καινῆς</span> <span class='ocrx_word' id='word_1_731' title='bbox 3303 3800 3577 3872; x_wconf 76' lang='grc' dir='ltr'>Διαθήκης</span> <span class='ocrx_word' id='word_1_732' title='bbox 3597 3801 3805 3869; x_wconf 76' lang='grc' dir='ltr'>εἰσάγει</span> 
     </span>
    </p>
   </div>
   <div class='ocr_carea' id='block_1_97' title="bbox 2227 3890 3807 3963">
    <p class='ocr_par' dir='ltr' id='par_1_97' title="bbox 2227 3890 3807 3963">
     <span class='ocr_line' id='line_1_97' title="bbox 2227 3890 3807 3963; baseline -0.003 -18"><span class='ocrx_word' id='word_1_733' title='bbox 2227 3893 2528 3963; x_wconf 75' lang='grc' dir='ltr'>μυστήρια.</span> <span class='ocrx_word' id='word_1_734' title='bbox 2555 3893 2620 3944; x_wconf 75' lang='lat' dir='ltr'><strong>&quot;A</strong></span> <span class='ocrx_word' id='word_1_735' title='bbox 2647 3890 2711 3961; x_wconf 74' lang='grc' dir='ltr'>δὴ</span> <span class='ocrx_word' id='word_1_736' title='bbox 2745 3891 2839 3942; x_wconf 81' lang='grc' dir='ltr'><strong>καὶ</strong></span> <span class='ocrx_word' id='word_1_737' title='bbox 2864 3891 2920 3942; x_wconf 78' lang='grc' dir='ltr'><strong>ὲν</strong></span> <span class='ocrx_word' id='word_1_738' title='bbox 2948 3892 3062 3953; x_wconf 88' lang='grc' dir='ltr'>τοῖς</span> <span class='ocrx_word' id='word_1_739' title='bbox 3083 3890 3437 3959; x_wconf 78' lang='grc' dir='ltr'>Εὐαγγελίοις</span> <span class='ocrx_word' id='word_1_740' title='bbox 3466 3890 3628 3953; x_wconf 81' lang='grc' dir='ltr'>αὐτὸς</span> <span class='ocrx_word' id='word_1_741' title='bbox 3666 3908 3807 3961; x_wconf 88' lang='grc' dir='ltr'>παρ-</span> 
     </span>
    </p>
   </div>
   <div class='ocr_carea' id='block_1_98' title="bbox 2223 3978 3799 4050">
    <p class='ocr_par' dir='ltr' id='par_1_98' title="bbox 2223 3978 3799 4050">
     <span class='ocr_line' id='line_1_98' title="bbox 2223 3978 3799 4050; baseline -0.003 -16"><span class='ocrx_word' id='word_1_742' title='bbox 2223 3980 2396 4035; x_wconf 83' lang='grc' dir='ltr'>εδίδου</span> <span class='ocrx_word' id='word_1_743' title='bbox 2431 3981 2633 4049; x_wconf 83' lang='grc' dir='ltr'>λέγων·</span> <span class='ocrx_word' id='word_1_744' title='bbox 2678 3997 2696 4029; x_wconf 79' lang='grc' dir='ltr'><strong>ι</strong></span> <span class='ocrx_word' id='word_1_745' title='bbox 2748 3978 2875 4031; x_wconf 80' lang='grc' dir='ltr'>Ἐὰν</span> <span class='ocrx_word' id='word_1_746' title='bbox 2907 3980 2979 4050; x_wconf 86' lang='grc' dir='ltr'>μή</span> <span class='ocrx_word' id='word_1_747' title='bbox 3036 3996 3121 4043; x_wconf 86' lang='grc' dir='ltr'><strong>τις</strong></span> <span class='ocrx_word' id='word_1_748' title='bbox 3156 3979 3488 4049; x_wconf 78' lang='grc' dir='ltr'>ἀναγεννηθῇ</span> <span class='ocrx_word' id='word_1_749' title='bbox 3517 3979 3574 4044; x_wconf 77' lang='grc' dir='ltr'>ἐξ</span> <span class='ocrx_word' id='word_1_750' title='bbox 3608 3978 3799 4041; x_wconf 76' lang='grc' dir='ltr'>ὓδατος</span> 
     </span>
    </p>
   </div>
   <div class='ocr_carea' id='block_1_99' title="bbox 2223 4068 3804 4142">
    <p class='ocr_par' dir='ltr' id='par_1_99' title="bbox 2223 4068 3804 4142">
     <span class='ocr_line' id='line_1_99' title="bbox 2223 4068 3804 4142; baseline -0.003 -17"><span class='ocrx_word' id='word_1_751' title='bbox 2223 4073 2318 4126; x_wconf 73' lang='grc' dir='ltr'>καὶ</span> <span class='ocrx_word' id='word_1_752' title='bbox 2341 4072 2671 4142; x_wconf 89' lang='grc' dir='ltr'>πνεύματος,</span> <span class='ocrx_word' id='word_1_753' title='bbox 2706 4070 2767 4122; x_wconf 81' lang='grc' dir='ltr'><strong>ού</strong></span> <span class='ocrx_word' id='word_1_754' title='bbox 2804 4069 2876 4139; x_wconf 81' lang='grc' dir='ltr'><strong>μὴ</strong></span> <span class='ocrx_word' id='word_1_755' title='bbox 2910 4069 3130 4142; x_wconf 80' lang='grc' dir='ltr'>εἰσέλθῃ</span> <span class='ocrx_word' id='word_1_756' title='bbox 3158 4072 3238 4132; x_wconf 87' lang='grc' dir='ltr'>εἰς</span> <span class='ocrx_word' id='word_1_757' title='bbox 3262 4071 3361 4140; x_wconf 74' lang='grc' dir='ltr'><strong>τὴν</strong></span> <span class='ocrx_word' id='word_1_758' title='bbox 3395 4068 3669 4140; x_wconf 83' lang='grc' dir='ltr'>βασιλείαν</span> <span class='ocrx_word' id='word_1_759' title='bbox 3696 4069 3804 4122; x_wconf 85' lang='grc' dir='ltr'><strong>τῶν</strong></span> 
     </span>
    </p>
   </div>
   <div class='ocr_carea' id='block_1_100' title="bbox 2221 4164 3804 4238">
    <p class='ocr_par' dir='ltr' id='par_1_100' title="bbox 2221 4164 3804 4238">
     <span class='ocr_line' id='line_1_100' title="bbox 2221 4164 3804 4238; baseline -0.001 -18"><span class='ocrx_word' id='word_1_760' title='bbox 2221 4166 2521 4238; x_wconf 74' lang='grc' dir='ltr'>οὐρανῶν.»</span> <span class='ocrx_word' id='word_1_761' title='bbox 2539 4196 2609 4205; x_wconf 96' lang='grc'><strong>-</strong></span> <span class='ocrx_word' id='word_1_762' title='bbox 2637 4185 2655 4219; x_wconf 82' lang='grc' dir='ltr'><strong>ι</strong></span> <span class='ocrx_word' id='word_1_763' title='bbox 2699 4164 3069 4236; x_wconf 77' lang='grc' dir='ltr'>Ἑκζητήσατε</span> <span class='ocrx_word' id='word_1_764' title='bbox 3096 4165 3300 4235; x_wconf 88' lang='grc' dir='ltr'>κρίσιν,</span> <span class='ocrx_word' id='word_1_765' title='bbox 3329 4164 3564 4235; x_wconf 73' lang='grc' dir='ltr'>ῥύσασθε</span> <span class='ocrx_word' id='word_1_766' title='bbox 3589 4164 3804 4219; x_wconf 90' lang='grc' dir='ltr'>ἀδικού-</span> 
     </span>
    </p>
   </div>
   <div class='ocr_carea' id='block_1_101' title="bbox 2226 4256 3797 4332">
    <p class='ocr_par' dir='ltr' id='par_1_101' title="bbox 2226 4256 3797 4332">
     <span class='ocr_line' id='line_1_101' title="bbox 2226 4256 3797 4332; baseline -0.003 -20"><span class='ocrx_word' id='word_1_767' title='bbox 2226 4276 2409 4329; x_wconf 88' lang='grc' dir='ltr'>μενον,</span> <span class='ocrx_word' id='word_1_768' title='bbox 2459 4259 2683 4332; x_wconf 85' lang='grc' dir='ltr'>κρίνατε</span> <span class='ocrx_word' id='word_1_769' title='bbox 2739 4256 2999 4328; x_wconf 83' lang='grc' dir='ltr'>ὀρφανῷ,</span> <span class='ocrx_word' id='word_1_770' title='bbox 3049 4256 3140 4309; x_wconf 81' lang='grc' dir='ltr'>κα¹ι</span> <span class='ocrx_word' id='word_1_771' title='bbox 3196 4256 3518 4309; x_wconf 83' lang='grc' dir='ltr'>δικαιώσατε</span> <span class='ocrx_word' id='word_1_772' title='bbox 3572 4258 3740 4328; x_wconf 78' lang='grc' dir='ltr'>χήρᾳ.</span> <span class='ocrx_word' id='word_1_773' title='bbox 3779 4275 3797 4308; x_wconf 76' lang='grc' dir='ltr'><strong>ι</strong></span> 
     </span>
    </p>
   </div>
   <div class='ocr_carea' id='block_1_102' title="bbox 2144 4344 3801 4425">
    <p class='ocr_par' dir='ltr' id='par_1_102' title="bbox 2144 4344 3801 4425">
     <span class='ocr_line' id='line_1_102' title="bbox 2144 4344 3801 4425; baseline -0.001 -25"><span class='ocrx_word' id='word_1_774' title='bbox 2144 4363 2198 4425; x_wconf 75' lang='grc' dir='ltr'><strong>ι)</strong></span> <span class='ocrx_word' id='word_1_775' title='bbox 2228 4349 2433 4416; x_wconf 84' lang='grc' dir='ltr'>Ἤγουν</span> <span class='ocrx_word' id='word_1_776' title='bbox 2465 4346 2861 4415; x_wconf 85' lang='grc' dir='ltr'>μεταϐαλόντες</span> <span class='ocrx_word' id='word_1_777' title='bbox 2902 4346 3001 4415; x_wconf 89' lang='grc' dir='ltr'><strong>τῆς</strong></span> <span class='ocrx_word' id='word_1_778' title='bbox 3034 4344 3253 4407; x_wconf 84' lang='grc' dir='ltr'>κακίας,</span> <span class='ocrx_word' id='word_1_779' title='bbox 3290 4345 3363 4413; x_wconf 83' lang='grc' dir='ltr'>μὴ</span> <span class='ocrx_word' id='word_1_780' title='bbox 3398 4345 3559 4416; x_wconf 86' lang='grc' dir='ltr'>μέχρι</span> <span class='ocrx_word' id='word_1_781' title='bbox 3612 4347 3801 4399; x_wconf 86' lang='grc' dir='ltr'>τούτου</span> 
     </span>
    </p>
   </div>
   <div class='ocr_carea' id='block_1_103' title="bbox 2226 4434 3458 4508">
    <p class='ocr_par' dir='ltr' id='par_1_103' title="bbox 2226 4434 3458 4508">
     <span class='ocr_line' id='line_1_103' title="bbox 2226 4434 3458 4508; baseline -0.002 -19"><span class='ocrx_word' id='word_1_782' title='bbox 2226 4438 2405 4508; x_wconf 84' lang='grc' dir='ltr'>στῆτε,</span> <span class='ocrx_word' id='word_1_783' title='bbox 2438 4437 2527 4489; x_wconf 83' lang='grc' dir='ltr'><strong>τὸν</strong></span> <span class='ocrx_word' id='word_1_784' title='bbox 2548 4436 2603 4488; x_wconf 81' lang='grc' dir='ltr'>δὲ</span> <span class='ocrx_word' id='word_1_785' title='bbox 2624 4436 2743 4487; x_wconf 74' lang='grc' dir='ltr'>κατ’</span> <span class='ocrx_word' id='word_1_786' title='bbox 2769 4436 2971 4506; x_wconf 79' lang='grc' dir='ltr'>ἀρετὴν</span> <span class='ocrx_word' id='word_1_787' title='bbox 2996 4434 3294 4488; x_wconf 87' lang='grc' dir='ltr'>ἀναλάϐετε</span> <span class='ocrx_word' id='word_1_788' title='bbox 3326 4435 3458 4504; x_wconf 88' lang='grc' dir='ltr'>βίον.</span> 
     </span>
    </p>
   </div>
   <div class='ocr_carea' id='block_1_104' title="bbox 2297 4526 3797 4601">
    <p class='ocr_par' dir='ltr' id='par_1_104' title="bbox 2297 4526 3797 4601">
     <span class='ocr_line' id='line_1_104' title="bbox 2297 4526 3797 4601; baseline 0.002 -22"><span class='ocrx_word' id='word_1_789' title='bbox 2297 4547 2315 4579; x_wconf 78' lang='grc' dir='ltr'><strong>ι</strong></span> <span class='ocrx_word' id='word_1_790' title='bbox 2352 4529 2462 4581; x_wconf 68' lang='grc' dir='ltr'><strong>Καὶ</strong></span> <span class='ocrx_word' id='word_1_791' title='bbox 2496 4528 2669 4591; x_wconf 85' lang='grc' dir='ltr'>δεῦτε,</span> <span class='ocrx_word' id='word_1_792' title='bbox 2704 4529 2799 4580; x_wconf 75' lang='grc' dir='ltr'><strong>καὶ</strong></span> <span class='ocrx_word' id='word_1_793' title='bbox 2831 4526 3205 4597; x_wconf 82' lang='grc' dir='ltr'>διαλεχθῶμεν</span> <span class='ocrx_word' id='word_1_794' title='bbox 3248 4527 3351 4597; x_wconf 85' lang='grc'>(6),</span> <span class='ocrx_word' id='word_1_795' title='bbox 3382 4526 3530 4595; x_wconf 87' lang='grc' dir='ltr'>λέγει</span> <span class='ocrx_word' id='word_1_796' title='bbox 3572 4529 3797 4601; x_wconf 86' lang='grc' dir='ltr'>Κύριος·</span> 
     </span>
    </p>
   </div>
   <div class='ocr_carea' id='block_1_105' title="bbox 2220 4611 3801 4687">
    <p class='ocr_par' dir='ltr' id='par_1_105' title="bbox 2220 4611 3801 4687">
     <span class='ocr_line' id='line_1_105' title="bbox 2220 4611 3801 4687; baseline -0.001 -16"><span class='ocrx_word' id='word_1_797' title='bbox 2220 4620 2315 4671; x_wconf 72' lang='grc' dir='ltr'><strong>καὶ</strong></span> <span class='ocrx_word' id='word_1_798' title='bbox 2355 4619 2449 4671; x_wconf 77' lang='grc' dir='ltr'>ἐὰν</span> <span class='ocrx_word' id='word_1_799' title='bbox 2493 4611 2625 4671; x_wconf 81' lang='grc' dir='ltr'>ὦσιν</span> <span class='ocrx_word' id='word_1_800' title='bbox 2655 4618 2709 4670; x_wconf 79' lang='grc' dir='ltr'><strong>αἱ</strong></span> <span class='ocrx_word' id='word_1_801' title='bbox 2765 4615 3030 4687; x_wconf 82' lang='grc' dir='ltr'>ἁμαρτίαι</span> <span class='ocrx_word' id='word_1_802' title='bbox 3068 4615 3225 4686; x_wconf 82' lang='grc' dir='ltr'>ὑμῶν</span> <span class='ocrx_word' id='word_1_803' title='bbox 3274 4616 3349 4679; x_wconf 82' lang='grc' dir='ltr'>ὡς</span> <span class='ocrx_word' id='word_1_804' title='bbox 3380 4618 3677 4686; x_wconf 84' lang='grc' dir='ltr'>φοινικοῦν,</span> <span class='ocrx_word' id='word_1_805' title='bbox 3724 4618 3801 4680; x_wconf 83' lang='grc' dir='ltr'>ὡς</span> 
     </span>
    </p>
   </div>
   <div class='ocr_carea' id='block_1_106' title="bbox 2219 4700 3800 4780">
    <p class='ocr_par' dir='ltr' id='par_1_106' title="bbox 2219 4700 3800 4780">
     <span class='ocr_line' id='line_1_106' title="bbox 2219 4700 3800 4780; baseline -0.003 -17"><span class='ocrx_word' id='word_1_806' title='bbox 2219 4710 2374 4780; x_wconf 87' lang='grc' dir='ltr'>χιόνα</span> <span class='ocrx_word' id='word_1_807' title='bbox 2422 4707 2697 4763; x_wconf 84' lang='grc' dir='ltr'>λευκανῶ·</span> <span class='ocrx_word' id='word_1_808' title='bbox 2732 4707 2827 4761; x_wconf 76' lang='grc' dir='ltr'>ἐὰν</span> <span class='ocrx_word' id='word_1_809' title='bbox 2853 4707 2910 4759; x_wconf 77' lang='grc' dir='ltr'>δὲ</span> <span class='ocrx_word' id='word_1_810' title='bbox 2943 4700 3076 4759; x_wconf 82' lang='grc' dir='ltr'>ὦσιν</span> <span class='ocrx_word' id='word_1_811' title='bbox 3109 4706 3185 4770; x_wconf 84' lang='grc' dir='ltr'>ὡς</span> <span class='ocrx_word' id='word_1_812' title='bbox 3211 4708 3485 4771; x_wconf 86' lang='grc' dir='ltr'>κόκκινον,</span> <span class='ocrx_word' id='word_1_813' title='bbox 3526 4710 3601 4773; x_wconf 81' lang='grc' dir='ltr'>ὡς</span> <span class='ocrx_word' id='word_1_814' title='bbox 3657 4708 3800 4779; x_wconf 86' lang='grc' dir='ltr'>ἔριον</span> 
     </span>
    </p>
   </div>
   <div class='ocr_carea' id='block_1_107' title="bbox 2220 4795 3802 4871">
    <p class='ocr_par' dir='ltr' id='par_1_107' title="bbox 2220 4795 3802 4871">
     <span class='ocr_line' id='line_1_107' title="bbox 2220 4795 3802 4871; baseline -0.003 -17"><span class='ocrx_word' id='word_1_815' title='bbox 2220 4800 2486 4855; x_wconf 88' lang='grc' dir='ltr'>λευκανῶ,</span> <span class='ocrx_word' id='word_1_816' title='bbox 2528 4820 2545 4852; x_wconf 77' lang='grc' dir='ltr'><strong>ι</strong></span> <span class='ocrx_word' id='word_1_817' title='bbox 2576 4795 2691 4852; x_wconf 78' lang='grc' dir='ltr'><strong>Εἶθ’</strong></span> <span class='ocrx_word' id='word_1_818' title='bbox 2723 4799 2797 4862; x_wconf 83' lang='grc' dir='ltr'>ὡς</span> <span class='ocrx_word' id='word_1_819' title='bbox 2826 4799 2883 4850; x_wconf 83' lang='grc' dir='ltr'>ὲν</span> <span class='ocrx_word' id='word_1_820' title='bbox 2915 4797 3249 4870; x_wconf 84' lang='grc' dir='ltr'>δικαστηρίῳ</span> <span class='ocrx_word' id='word_1_821' title='bbox 3263 4800 3659 4871; x_wconf 84' lang='grc' dir='ltr'>διελεγχθῶμεν</span> <span class='ocrx_word' id='word_1_822' title='bbox 3688 4799 3802 4869; x_wconf 75' lang='grc' dir='ltr'><strong>ἐγώ</strong></span> 
     </span>
    </p>
   </div>
   <div class='ocr_carea' id='block_1_108' title="bbox 2220 4889 3801 4963">
    <p class='ocr_par' dir='ltr' id='par_1_108' title="bbox 2220 4889 3801 4963">
     <span class='ocr_line' id='line_1_108' title="bbox 2220 4889 3801 4963; baseline -0.002 -16"><span class='ocrx_word' id='word_1_823' title='bbox 2220 4911 2278 4947; x_wconf 89' lang='grc' dir='ltr'><strong>τε</strong></span> <span class='ocrx_word' id='word_1_824' title='bbox 2304 4894 2396 4946; x_wconf 77' lang='grc' dir='ltr'><strong>καὶ</strong></span> <span class='ocrx_word' id='word_1_825' title='bbox 2429 4894 2586 4963; x_wconf 78' lang='grc' dir='ltr'>ὑμεῖς</span> <span class='ocrx_word' id='word_1_826' title='bbox 2605 4910 2617 4922; x_wconf 77' lang='grc'><em>’</em></span> <span class='ocrx_word' id='word_1_827' title='bbox 2653 4890 2764 4959; x_wconf 74' lang='grc' dir='ltr'><strong>ἐγὼ</strong></span> <span class='ocrx_word' id='word_1_828' title='bbox 2793 4889 2888 4960; x_wconf 81' lang='grc' dir='ltr'><strong>μὲν</strong></span> <span class='ocrx_word' id='word_1_829' title='bbox 2915 4890 3015 4942; x_wconf 82' lang='grc' dir='ltr'>ὅσα</span> <span class='ocrx_word' id='word_1_830' title='bbox 3042 4890 3288 4944; x_wconf 87' lang='grc' dir='ltr'>πέπονθα</span> <span class='ocrx_word' id='word_1_831' title='bbox 3311 4892 3587 4962; x_wconf 76' lang='grc' dir='ltr'>ὑφ’ύμῶν,</span> <span class='ocrx_word' id='word_1_832' title='bbox 3618 4892 3718 4944; x_wconf 79' lang='grc' dir='ltr'>ὅσα</span> <span class='ocrx_word' id='word_1_833' title='bbox 3741 4908 3801 4944; x_wconf 89' lang='grc' dir='ltr'><strong>τε</strong></span> 
     </span>
    </p>
   </div>
   <div class='ocr_carea' id='block_1_109' title="bbox 2223 4978 3803 5051">
    <p class='ocr_par' dir='ltr' id='par_1_109' title="bbox 2223 4978 3803 5051">
     <span class='ocr_line' id='line_1_109' title="bbox 2223 4978 3803 5051; baseline 0.001 -20"><span class='ocrx_word' id='word_1_834' title='bbox 2223 4980 2368 5051; x_wconf 80' lang='grc' dir='ltr'>ὑμᾶς</span> <span class='ocrx_word' id='word_1_835' title='bbox 2396 4978 2582 5049; x_wconf 75' lang='grc' dir='ltr'>ἔτυχον</span> <span class='ocrx_word' id='word_1_836' title='bbox 2616 4978 2987 5049; x_wconf 82' lang='grc' dir='ltr'>εὐεργετήσας</span> <span class='ocrx_word' id='word_1_837' title='bbox 3027 4980 3557 5051; x_wconf 88' lang='grc' dir='ltr'>καταριθμούμενος,</span> <span class='ocrx_word' id='word_1_838' title='bbox 3601 4980 3695 5033; x_wconf 65' lang='grc' dir='ltr'><strong>καὶ</strong></span> <span class='ocrx_word' id='word_1_839' title='bbox 3726 4980 3803 5043; x_wconf 85' lang='grc' dir='ltr'>ὡς</span> 
     </span>
    </p>
   </div>
   <div class='ocr_carea' id='block_1_110' title="bbox 2223 5070 3801 5142">
    <p class='ocr_par' dir='ltr' id='par_1_110' title="bbox 2223 5070 3801 5142">
     <span class='ocr_line' id='line_1_110' title="bbox 2223 5070 3801 5142; baseline 0 -19"><span class='ocrx_word' id='word_1_840' title='bbox 2223 5071 2363 5142; x_wconf 70' lang='grc' dir='ltr'>μετὰ</span> <span class='ocrx_word' id='word_1_841' title='bbox 2388 5071 2626 5125; x_wconf 84' lang='grc' dir='ltr'>τοσαῦτα</span> <span class='ocrx_word' id='word_1_842' title='bbox 2658 5072 3111 5142; x_wconf 82' lang='grc' dir='ltr'>πλημμελήματα</span> <span class='ocrx_word' id='word_1_843' title='bbox 3146 5073 3364 5126; x_wconf 86' lang='grc' dir='ltr'>πάντων</span> <span class='ocrx_word' id='word_1_844' title='bbox 3397 5070 3581 5124; x_wconf 83' lang='grc' dir='ltr'>κακῶν</span> <span class='ocrx_word' id='word_1_845' title='bbox 3620 5072 3801 5142; x_wconf 80' lang='grc' dir='ltr'>ἀμνή-</span> 
     </span>
    </p>
   </div>
   <div class='ocr_carea' id='block_1_111' title="bbox 2222 5160 3802 5233">
    <p class='ocr_par' dir='ltr' id='par_1_111' title="bbox 2222 5160 3802 5233">
     <span class='ocr_line' id='line_1_111' title="bbox 2222 5160 3802 5233; baseline 0.002 -20"><span class='ocrx_word' id='word_1_846' title='bbox 2222 5178 2403 5213; x_wconf 91' lang='grc' dir='ltr'>στειαν</span> <span class='ocrx_word' id='word_1_847' title='bbox 2439 5160 2778 5230; x_wconf 83' lang='grc' dir='ltr'>ποιούμενος,</span> <span class='ocrx_word' id='word_1_848' title='bbox 2812 5162 3236 5232; x_wconf 87' lang='grc' dir='ltr'>πεφοινιγμένας</span> <span class='ocrx_word' id='word_1_849' title='bbox 3252 5161 3401 5233; x_wconf 87' lang='grc' dir='ltr'>ὑμῶν</span> <span class='ocrx_word' id='word_1_850' title='bbox 3424 5160 3521 5223; x_wconf 87' lang='grc' dir='ltr'><strong>τάς</strong></span> <span class='ocrx_word' id='word_1_851' title='bbox 3538 5161 3713 5231; x_wconf 70' lang='grc' dir='ltr'>ψυχὰς</span> <span class='ocrx_word' id='word_1_852' title='bbox 3738 5162 3802 5216; x_wconf 82' lang='grc' dir='ltr'>ὲκ</span> 
     </span>
    </p>
   </div>
   <div class='ocr_carea' id='block_1_112' title="bbox 2218 5246 3802 5325">
    <p class='ocr_par' dir='ltr' id='par_1_112' title="bbox 2218 5246 3802 5325">
     <span class='ocr_line' id='line_1_112' title="bbox 2218 5246 3802 5325; baseline 0.003 -26"><span class='ocrx_word' id='word_1_853' title='bbox 2218 5246 2310 5299; x_wconf 88' lang='grc' dir='ltr'><strong>τοῦ</strong></span> <span class='ocrx_word' id='word_1_854' title='bbox 2351 5247 2741 5319; x_wconf 86' lang='grc' dir='ltr'>προλεχθέντος</span> <span class='ocrx_word' id='word_1_855' title='bbox 2794 5249 3028 5318; x_wconf 78' lang='grc' dir='ltr'>αἵματος</span> <span class='ocrx_word' id='word_1_856' title='bbox 3074 5248 3355 5325; x_wconf 73' lang='grc' dir='ltr'>ἐκάθηρα,</span> <span class='ocrx_word' id='word_1_857' title='bbox 3411 5249 3802 5321; x_wconf 86' lang='grc' dir='ltr'>λαμπροτέρας</span> 
     </span>
    </p>
   </div>
   <div class='ocr_carea' id='block_1_113' title="bbox 2218 5340 3802 5417">
    <p class='ocr_par' dir='ltr' id='par_1_113' title="bbox 2218 5340 3802 5417">
     <span class='ocr_line' id='line_1_113' title="bbox 2218 5340 3802 5417; baseline 0.003 -23"><span class='ocrx_word' id='word_1_858' title='bbox 2218 5341 2393 5410; x_wconf 86' lang='grc' dir='ltr'>χιόνος</span> <span class='ocrx_word' id='word_1_859' title='bbox 2432 5340 2602 5406; x_wconf 78' lang='grc' dir='ltr'>αὐτάς</span> <span class='ocrx_word' id='word_1_860' title='bbox 2626 5342 2715 5398; x_wconf 85' lang='grc' dir='ltr'>διὰ</span> <span class='ocrx_word' id='word_1_861' title='bbox 2745 5345 2843 5417; x_wconf 83' lang='grc' dir='ltr'><strong>τῆς</strong></span> <span class='ocrx_word' id='word_1_862' title='bbox 2867 5345 2959 5400; x_wconf 86' lang='grc' dir='ltr'><strong>τοῦ</strong></span> <span class='ocrx_word' id='word_1_863' title='bbox 2992 5344 3217 5415; x_wconf 85' lang='grc' dir='ltr'>λουτροῦ</span> <span class='ocrx_word' id='word_1_864' title='bbox 3254 5344 3674 5414; x_wconf 84' lang='grc' dir='ltr'>παλιγγενεσίας</span> <span class='ocrx_word' id='word_1_865' title='bbox 3702 5361 3802 5399; x_wconf 82' lang='grc' dir='ltr'>κα-</span> 
     </span>
    </p>
   </div>
   <div class='ocr_carea' id='block_1_114' title="bbox 2293 5590 3482 5670">
    <p class='ocr_par' dir='ltr' id='par_1_114' title="bbox 2293 5590 3482 5670">
     <span class='ocr_line' id='line_1_114' title="bbox 2293 5590 3482 5670; baseline -0.003 -17"><span class='ocrx_word' id='word_1_866' title='bbox 2293 5594 2370 5667; x_wconf 86' lang='lat'><strong>(6)</strong></span> <span class='ocrx_word' id='word_1_867' title='bbox 2409 5594 2537 5670; x_wconf 76' lang='lat' dir='ltr'><strong>Reg.</strong></span> <span class='ocrx_word' id='word_1_868' title='bbox 2570 5594 2810 5655; x_wconf 83' lang='lat' dir='ltr'><strong>secunda</strong></span> <span class='ocrx_word' id='word_1_869' title='bbox 2844 5610 3025 5664; x_wconf 77' lang='lat' dir='ltr'><strong>manu,</strong></span> <span class='ocrx_word' id='word_1_870' title='bbox 3065 5590 3482 5665; x_wconf 69' lang='grc' dir='ltr'>διελεγχθῶμεν.</span> 
     </span>
    </p>
   </div>
  </div>
