4068 6198
259 243 325 298 97
1270 237 1771 296 COMMENTARIA
1809 238 1878 297 IN
1918 237 2155 297 ISMAM
2216 269 2288 282 —-
2323 240 2476 300 CAP.
2517 240 2560 295 l.
3477 249 3544 301 98

259 357 589 431 ται-τῆσας·
631 357 792 431 ὖμεϊς
815 358 872 413 δὲ
900 358 956 412 εί
995 375 1081 424 τις
1117 356 1248 430 ύμῖν
1294 359 1431 432 πρὸς
1467 359 1565 432 τὴν
1599 361 1863 434 τοσαύτην

1973 357 2095 417 illas
2144 360 2554 424 constituerim,
2609 371 2707 414 vos
2761 364 2964 428 autem,
3018 358 3063 414 si
3116 359 3299 431 aliqua
3352 373 3542 417 contra

262 451 433 522 χάριν
458 450 682 503 ’ἐνεσται
709 449 881 518 λόγος,
918 451 1000 513 εἰς
1029 449 1263 520 φανερὸν
1296 449 1485 503 τοῦτον
1518 450 1702 519 ἄγετε.

348 559 373 593 ι
407 542 528 594 Καὶ
557 542 652 594 ἐὰν
675 540 863 611 θέλητε
895 541 992 594 καὶ
1026 540 1387 612 εἰσακούσητέ
1419 557 1543 611 μου,
1573 541 1644 594 τὰ
1683 542 1864 612 ἀγαθὰ

266 631 377 704 τῆς
413 633 522 702 γῆς
551 631 784 702 φαγεσθε
808 650 822 664 ·
862 631 958 686 ἐὰν
974 631 1056 703 ,μὴ
1076 631 1289 702 θέλητε,
1339 632 1474 704 μηδέ
1499 633 1863 706 είσακούσητὲ

278 742 406 796 μου.
445 726 685 796 μάχαιρα
715 725 864 796 ὑμᾶς
884 724 1203 778 κατέδεται·
1236 725 1297 778 τὸ
1325 723 1435 795 γὰρ
1459 725 1634 797 στόμα
1655 728 1863 799 Κυρίου

278 815 505 886 ἐλάλησε
555 815 752 870 ταῦτα.
810 834 829 868 ο
896 813 1165 868 Ἐνταῦθα
1214 813 1272 868 δὲ
1314 815 1343 868 ὁ
1387 815 1547 885 λόγος
1591 816 1668 880 ὡς
1722 817 1861 888 πρὸς

292 906 570 970 Ἰουδαίους
591 906 1000 977 διαλεγόμενος,
1031 901 1122 959 οἷα
1150 905 1391 974 νηπίους,
1414 907 1611 971 αὐτοὺς
1648 905 1736 961 διὰ
1763 908 1864 978 τῆς

281 995 596 1066 σωματικῆς
629 995 965 1064 ἐπαγγελίας
981 995 1260 1049 πείθεσθαι
1274 997 1388 1059 τοῖς
1405 996 1711 1068 εἰρημένοις
1732 1015 1865 1068 προ-

275 1085 488 1154 τρέπει·
524 1085 668 1156 πρὸς
713 1087 773 1139 δὲ
819 1085 911 1139 τὸν
942 1085 1118 1156 ἀληθῆ
1163 1085 1345 1154 λόγον,
1393 1086 1496 1156 γῆς
1539 1086 1638 1158 τῆς
1679 1086 1860 1158 ψυχῆς

271 1177 560 1246 νοουμένης
613 1176 756 1230 κατὰ
804 1178 905 1247 τὴν
952 1178 1220 1248 σωτήριον
1275 1175 1624 1248 παραϐολήν·
1683 1177 1716 1247 ἢ
1768 1177 1860 1229 τὸν

274 1267 592 1337 ἐπουράνιον
621 1265 840 1334 λέγεται
863 1264 1269 1337 παραδέχεσθαι
1305 1265 1526 1337 σπόρον,
1565 1266 1859 1320 ἀκόλουθόν

276 1361 415 1411 ἐστιν
443 1357 630 1426 ἀγαθὰ
648 1357 828 1428 ψυχῆς
855 1359 994 1411 νοεῖν
1015 1357 1133 1427 ἦτοι
1147 1356 1246 1420 τὰς
1277 1359 1396 1410 κατ’
1421 1357 1621 1428 ἀρετὴν
1654 1375 1858 1429 προκο-
1875 1381 1886 1393 ·

273 1449 378 1511 πΞις
412 1450 510 1502 καὶ
542 1446 875 1510 τελειώσεις,
909 1449 942 1517 ἢ
985 1445 1054 1500 τὰ
1089 1445 1475 1517 ἐπηγγελμένα
1512 1449 1654 1519 αὐτῇ
1691 1448 1747 1500 ἔν
1788 1449 1856 1520 τῇ

271 1538 379 1590 τῶν
424 1539 674 1610 οὐρανῶν
714 1537 986 1608 βασιλείᾳ.
1028 1537 1190 1591 Ὀθεν
1220 1539 1357 1610 πρὸς
1406 1538 1506 1609 μὲν
1547 1538 1644 1609 τὴν
1677 1537 1856 1607 λέξιν,

271 1630 466 1683 αὐτίκα
499 1634 610 1693 τοῖς
637 1629 814 1698 λόγοις
839 1628 1197 1701 ἐπηκολούθει
1227 1631 1260 1700 ὴ
1293 1628 1382 1682 διὰ
1409 1629 1518 1683 τῶν
1547 1629 1724 1702 ἔργων
1762 1629 1856 1682 ἐκ·

1966 463 2172 512 tantam
2219 455 2450 526 gratiam
2487 455 2644 509 adest
2676 453 2839 519 ratio,
2867 468 2987 508 eam
3025 454 3236 524 publice
3283 458 3540 525 proferte.

1985 587 1992 590 -
2037 547 2204 604 Vsus.
2231 545 2319 613 l9,
2345 545 2439 601 20.
2485 564 2504 597 ι
2553 545 2618 600 Et
2646 546 2691 602 si
2722 544 3004 601 volueritis
3031 555 3086 601 et
3117 547 3396 603 audieritis
3425 564 3534 613 me,

1964 637 2103 693 bona
2166 645 2328 691 terrae
2376 634 2709 700 comedetis;
2761 629 2903 705 quod
2968 635 3015 690 si
3065 635 3384 704 nolueritis,
3441 654 3543 695 nec

1964 725 2248 781 audieritis
2299 738 2385 779 me
2415 764 2431 790 ,
2501 723 2712 793 gladius
2763 738 2858 780 vos
2917 724 3197 779 devorabit
3239 745 3251 780 :
3306 742 3428 781 nam
3480 743 3543 784 os

1965 817 2176 872 Domini
2210 815 2326 871 haec
2372 815 2612 871 locutum
2666 825 2772 872 est.
2804 834 2823 869 ι
2857 815 2954 871 Hic
2981 818 3138 886 quasi
3168 816 3381 875 Jutlmos
3410 821 3542 874 allo-

1964 923 2161 981 quens,
2215 908 2361 978 ipsos
2405 922 2506 962 ceu
2559 905 2796 962 infantes
2825 921 2924 976 per
2956 921 3273 975 corpoream
3308 910 3543 978 promis-

1962 999 2175 1054 sionem
2214 997 2485 1062 hortatur,
2514 1007 2572 1051 ut
2603 997 2767 1052 dictis
2797 999 3178 1066 obtemperent
3204 1013 3219 1062 ;
3257 1009 3315 1052 at
3342 1014 3540 1055 secun-

1962 1089 2089 1144 dum
2124 1102 2309 1143 veram
2345 1085 2682 1156 intelligendi
2729 1087 3014 1149 rationem,
3066 1102 3189 1141 cum
3239 1098 3382 1142 terra
3439 1104 3538 1159 pro

1961 1177 2138 1232 anima
2173 1177 2471 1247 reputanda
2511 1176 2604 1242 sit,
2635 1177 2932 1231 secundum
2964 1176 3267 1232 Salvatoris
3301 1179 3538 1247 parabo-

1960 1266 2068 1321 lam
2104 1280 2118 1324 :
2151 1282 2275 1338 qua:
2306 1276 2449 1320 terra
2479 1268 2703 1320 caeleste
2749 1280 2928 1320 semen
2977 1267 3255 1336 suscipere
3307 1268 3538 1336 dicitur;

1961 1357 2087 1412 hinc
2117 1357 2470 1428 consequitur
2492 1357 2687 1410 anima:
2725 1357 2862 1410 bona
2899 1357 2988 1412 hic
3019 1371 3140 1413 esse
3171 1357 3539 1428 intelligenda,

1959 1443 2169 1498 scilicet
2198 1443 2498 1513 profectum
2532 1454 2587 1500 et
2620 1444 3010 1515 perfectionem
3043 1445 3334 1499 secundum
3371 1446 3544 1500 virtu-

1961 1543 2068 1588 tem
2097 1545 2408 1603 acccptam,
2461 1535 2548 1590 vel
2602 1535 2744 1590 bona
2796 1535 2897 1605 ipsl
2949 1536 3002 1590 in
3058 1551 3224 1606 regno
3271 1537 3540 1591 caalorum

1959 1625 2250 1695 promisSa.
2294 1627 2640 1696 Quapmpter
2680 1627 2980 1681 secundum
3031 1625 3274 1680 litteram
3299 1627 3539 1696 quidem,

272 1719 435 1785 ϐασις
455 1740 470 1752 ·
497 1723 838 1793 παραχρῆμα
869 1722 979 1793 γὰρ
1012 1722 1106 1775 καὶ
1127 1722 1226 1775 οὐκ
1255 1724 1336 1786 εἰς
1365 1721 1583 1794 μακρὰν
1610 1724 1659 1774 οἱ
1690 1723 1850 1776 ἀπει-

1966 1718 2123 1773 verba
2165 1732 2346 1770 rerum
2394 1725 2620 1770 eventus
2677 1732 2802 1770 mox
2851 1726 3177 1772 consecutus
3235 1727 3357 1783 est;
3412 1734 3538 1772 nam

272 1811 562 1883 θησαν-τες,
589 1816 654 1884 τῇ
684 1814 789 1867 τῶν
827 1813 1101 1884 πολεμίων
1142 1815 1389 1886 μαχαίρᾳ
1431 1814 1810 1886 παρεδόθησαν
1834 1832 1848 1844 ·

273 1904 620 1959 ἐπελθόντων
644 1887 846 1968 ἀὐτοῖς
887 1905 1174 1976 Ῥωμαίων
1200 1945 1214 1970 ,
1269 1907 1364 1959 καὶ
1420 1907 1659 1977 πολέμου
1705 1906 1854 1978 νόμῳ

274 1996 492 2058 πάντας
520 1995 933 2066 χειρωσαμένων
953 2014 966 2027 ·
1003 1997 1052 2050 εί
1084 1997 1141 2052 δὲ
1181 1997 1276 2050 καὶ
1307 1996 1586 2066 διαϐολική
1618 1997 1704 2060 τίς
1737 1998 1854 2048 ἐστι

276 2085 540 2157 μάχαιρα,
573 2086 854 2160 καὶταύτῃ
877 2087 1080 2141 ἔκδοτοι
1106 2088 1384 2157 γεγόνασι,
1415 2085 1503 2140 διὰ
1536 2087 1597 2139 τὸ
1623 2085 1844 2156 ἀπειθῆ-

275 2192 362 2229 σαι
393 2180 452 2248 τῇ
488 2177 682 2249 κλήσει
707 2178 804 2248 τῆς
830 2177 923 2230 τοῦ
947 2176 1083 2232 Θεοῦ
1112 2179 1357 2250 χάριτος.

342 2352 505 2416 «Πῶς
537 2352 758 2421 ἐγένετο
801 2353 976 2424 πόρνη
1023 2352 1179 2416 πόλις
1223 2352 1391 2424 πιστὴ
1433 2351 1590 2416 Σιὼν,
1645 2353 1859 2424 πλήρης

271 2444 530 2515 κρίσεως;
567 2444 626 2496 ἐν
665 2437 1045 2516 ᾗδικαιοσύνη
1083 2442 1352 2514 ἐκοιμήθη
1386 2444 1444 2496 ἐν
1491 2443 1649 2513 αὐτῇ,
1688 2443 1860 2496 νῦνδέ

271 2535 540 2604 φονευταί.
569 2552 694 2586 ι-ι
725 2534 861 2587 Τίνα
886 2534 995 2588 τῶν
1027 2533 1320 2605 προφητῶν
1343 2533 1440 2586 οὐκ
1459 2533 1786 2586 ἀπέκτειναν
1813 2533 1860 2585 οἱ

273 2626 498 2696 πατέρες
518 2626 550 2678 ύ
557 2625 676 2695 μῶν
695 2624 792 2678 καὶ
812 2625 1002 2695 ύμεῖς;
1028 2643 1046 2677 ι
1069 2625 1324 2678 Διδάσκει
1339 2623 1517 2676 τοίνυν
1541 2624 1568 2674 ὁ
1586 2623 1742 2692 λόγος
1758 2622 1860 2692 (7),

271 2717 344 2781 ὣς
398 2716 568 2770 πάλαι
601 2715 702 2786 μὲν
736 2716 836 2785 τὴν
869 2715 1024 2768 πόλιν
1074 2715 1294 2786 ᾤκησαν
1342 2714 1531 2784 ἄνδρες
1550 2713 1750 2776 πιστοὶ,
1795 2712 1862 2766 δι’

271 2799 346 2858 ὧν
379 2807 543 2875 πιστὴ
576 2804 730 2868 πόλις
753 2803 1152 2875 ἐχρημάτιζεν·
1186 2802 1374 2874 ὥσπερ
1409 2802 1475 2856 ἂν
1509 2803 1562 2855 ετ
1582 2819 1665 2865 τις
1697 2804 1862 2864 είποι,

272 2894 482 2946 πιστῶν
518 2893 669 2955 πόλις
691 2910 704 2923 ·
751 2893 887 2945 ἀλλὰ
922 2892 1016 2957 καὶ
1053 2890 1266 2962 πλήρης
1293 2890 1528 2962 κρίσεως
1558 2886 1626 2962 ἦν
1659 2891 1754 2945 καὶ
1785 2890 1864 2943 δι-

271 2985 588 3055 καιοσύνης,
620 2985 696 3048 ὡς
735 2985 802 3038 ἂν
841 2983 1113 3054 ἐναρέτων
1153 2982 1341 3052 ψυχῶν
1377 2982 1690 3054 οἰκητήριον
1733 2999 1862 3035 ποτε

268 3077 566 3149 γενομένη·
592 3077 671 3128 διὸ
686 3075 1045 3147 κεκοιμᾶσθαι
1066 3076 1122 3128 ἐν
1147 3077 1282 3146 αὐτῇ
1310 3074 1674 3145 δικαιοσύνην,
1700 3091 1860 3128 τουτ-

270 3172 437 3232 έστιν,
487 3168 761 3238 ἐνοικῆσαι
811 3169 906 3221 καὶ
960 3166 1374 3222 ἀναπεπαῦσθαι
1413 3166 1649 3238 εἴρηται.
1686 3167 1861 3220 Πάλαι

273 3261 378 3331 γὰρ
401 3261 616 3331 πλήρης
647 3259 849 3313 τούτων
877 3259 1138 3330 ἐτύγχανε
1159 3275 1173 3288 ·
1218 3258 1358 3330 τάχα
1405 3275 1508 3310 που
1551 3257 1695 3311 κατὰ
1736 3259 1863 3320 τοῦς

273 3353 492 3421 χρόνους
533 3352 719 3416 Δαυῖδ,
749 3353 807 3415 ὃς
841 3351 1056 3423 πρῶτος
1103 3349 1235 3404 ἐλὼν
1269 3350 1366 3422 τὴν
1399 3350 1552 3403 πόλιν
1586 3352 1650 3403 ἐκ
1684 3350 1863 3421 χειρὸς

273 3442 602 3512 ἀλλοφύλων,
634 3444 734 3515 τὴν
764 3443 991 3496 κιϐωτὸν
1021 3443 1113 3496 τοῦ
1169 3441 1304 3495 Θεοῦ
1332 3443 1423 3495 καὶ
1446 3441 1544 3512 τὴν
1575 3441 1777 3512 σκηνὴν
1805 3442 1862 3496 ἐν

274 3536 402 3606 αὐτῇ
437 3537 838 3604 κατεστήσατο,
868 3533 1029 3596 αὐτός
1080 3550 1138 3587 τε
1168 3532 1337 3604 αὐτὴν
1365 3531 1548 3602 ᾤκησε
1597 3530 1863 3602 βασίλειον

273 3627 558 3696 ἀποδείξας
588 3625 808 3692 ἑαυτοῦ,
833 3627 909 3690 ὡς
932 3626 1267 3698 χρηματίσαι
1294 3623 1447 3678 πόλιν
1478 3624 1658 3677 Δαυῖδ.

345 3827 364 3858 σ
389 3806 466 3859 Τὸ
489 3805 753 3876 ἀργύριον
782 3800 936 3875 ὑμῶν
973 3802 1257 3872 ἀδόκιμον·
1301 3801 1349 3853 οἱ
1391 3799 1628 3871 κάπηλοί
1665 3816 1759 3852 σου
1785 3797 1866 3868 μί-

273 3914 462 3966 σγονσι
495 3897 591 3949 τὸν
622 3891 766 3949 οἶνον
789 3895 960 3948 ὕδατι.
985 3913 1002 3945 ι
1036 3889 1143 3947 Ἦν
1169 3893 1277 3964 γὰρ
1307 3892 1368 3946 τὸ
1399 3891 1662 3964 ἀργύριον
1684 3889 1863 3943 αὐτῶν

272 3991 553 4062 ἀδόκιμον,
593 3987 783 4059 ἐπειδὴ
825 3986 963 4058 μετὰ
994 3985 1054 4038 τὸ
1085 3981 1466 4054 ἐκπορνεῦσαι,
1517 3982 1610 4036 καὶ
1672 3997 1863 4050 φονευ-

273 4082 366 4145 τέις
385 4078 668 4150 γενέσθαι,
713 4074 1133 4148 προσεποιοῦντο
1163 4072 1472 4134 θεοσεϐείας
1504 4071 1659 4140 λόγον
1682 4072 1864 4138 ἀπαγ-

273 4173 482 4240 γέλλειν
515 4171 612 4223 καὶ
643 4169 742 4230 τὰς
770 4166 919 4230 θείας
951 4164 1172 4238 Γραφὰς
1199 4162 1577 4236 διερμηνεύειν
1606 4161 1701 4215 καὶ
1739 4161 1864 4213 δευ-

273 4263 537 4334 τερὼσεις
573 4258 812 4331 μυθικὰς
840 4257 1108 4312 ποιεῖσθαι
1137 4255 1246 4309 τῶν
1265 4253 1726 4324 ἀναγνωσμάτων.
1758 4252 1865 4304 Καὶ

1890 3035 1937 3098 C

1955 1808 2265 1873 confestim,
2318 1821 2419 1863 nec
2461 1807 2630 1863 multo
2671 1818 2792 1877 post
2823 1809 3004 1876 elapso
3042 1818 3304 1876 tempore,
3350 1809 3540 1865 immo-

1956 1898 2122 1969 rigeri
2149 1897 2223 1952 illi
2255 1897 2441 1968 gladio
2470 1897 2816 1951 inimicorum
2843 1898 3027 1952 traditi
3052 1907 3198 1964 sunt,
3224 1899 3538 1967 irrumpen-

1958 1988 2103 2043 tibus
2137 1987 2406 2042 Romanis
2435 2003 2500 2042 ac
2540 1986 2665 2043 belli
2691 1987 2804 2056 lege
2829 1988 3041 2042 cunctis
3081 1987 3133 2042 in
3167 1988 3538 2058 captivitatem

1955 2079 2392 2148 redactis;quod
2443 2079 2489 2132 si
2545 2076 2850 2133 diabolicus
2903 2078 3120 2148 gladius
3175 2077 3368 2144 fuerit,
3415 2079 3542 2134 huic

1958 2185 2176 2241 quoque
2217 2170 2382 2226 dediti
2422 2181 2574 2239 sunt,
2619 2170 2763 2242 quod
2811 2171 3028 2225 vocanti
3070 2171 3258 2242 gratia:
3297 2169 3392 2225 Dei
3432 2186 3541 2226 non

1959 2260 2421 2330 obtemperarent.

2037 2350 2198 2408 Vsus.
2238 2353 2330 2410 2i.
2376 2371 2398 2406 ι
2444 2354 2725 2422 Quomodo
2758 2358 2899 2414 facta
2941 2366 3022 2414 est
3053 2359 3316 2412 meretrix
3343 2358 3542 2414 civitas

1963 2443 2139 2500 ﬁdelis
2170 2443 2323 2510 Sion,
2355 2444 2512 2515 plena
2535 2445 2765 2515 judicii?
2796 2448 2849 2502 itt
2881 2463 2984 2517 qua
3008 2447 3222 2516 justitia
3260 2449 3542 2512 dormivit,

1963 2549 2110 2589 nunc
2145 2537 2328 2589 autem
2361 2535 2670 2590 homicidae.
2709 2555 2730 2588 ι
2773 2567 2844 2577 -
2883 2553 2902 2586 ι
2948 2535 3116 2602 Quem
3151 2537 3543 2606 prOphetarntn

1963 2636 2073 2675 non
2111 2620 2504 2676 interfecerunt
2543 2616 2723 2692 patres
2779 2623 2944 2679 vestri
2992 2633 3048 2677 et
3074 2639 3170 2678 vos
3197 2623 3264 2677 °?
3311 2643 3330 2674 ι
3375 2623 3540 2678 Docet

1966 2711 2130 2782 igitur
2151 2711 2282 2765 olim
2315 2711 2532 2781 quidem
2581 2713 2858 2767 civitatem
2911 2713 3204 2768 incoluisse
3254 2713 3438 2768 ﬁdeles
3463 2715 3542 2768 vi-

1968 2815 2078 2868 ros,
2110 2816 2342 2871 quorum
2383 2816 2548 2857 causa
2577 2801 2773 2857 civitas
2823 2800 2998 2856 ﬁdelis
3041 2801 3366 2868 vocabatur;
3409 2817 3472 2857 ac
3495 2804 3541 2857 si

1967 2890 2092 2960 quis
2120 2891 2346 2957 diceret,
2376 2892 2572 2947 civitas
2616 2889 2894 2958 ﬁdelium;
2931 2891 3042 2946 imo
3077 2890 3244 2946 etiam
3272 2891 3430 2962 plena
3455 2891 3546 2961 ju-

1970 2982 2098 3037 dicii
2129 2992 2324 3038 eratet
2365 2982 2621 3053 iustitiae,
2661 2992 2844 3054 utpote
2890 2997 3007 3052 qua:
3058 2983 3354 3066 probarunt
3411 2981 3542 3036 olim

1967 3071 2274 3128 animarum
2304 3073 2640 3128 domicilium
2688 3073 2852 3130 fuerit
2886 3092 2901 3128 :
2954 3089 3124 3144 quare
3147 3072 3356 3142 justitia
3397 3073 3450 3127 in
3479 3089 3542 3126 ea

1967 3163 2320 3230 dormivisse,
2351 3165 2403 3219 id
2435 3175 2539 3230 est,
2575 3165 2914 3221 inhabitasse
2937 3174 2992 3220 et
3014 3164 3284 3234 quievisse
3322 3164 3544 3219 dicitur.

1965 3254 2108 3311 Olim
2147 3257 2350 3328 quippe
2382 3257 2581 3314 talibus
2635 3256 2794 3327 plena
2845 3256 2974 3311 viris
3024 3265 3175 3321 erat;
3217 3265 3276 3310 ιιι
3314 3254 3547 3309 fortasse

1968 3355 2211 3417 tempore
2271 3347 2511 3412 Davidis,
2568 3347 2659 3418 qui
2715 3347 2926 3416 primus
2976 3348 3168 3418 urbem
3219 3346 3418 3413 eripuit
3475 3360 3544 3398 ex

1967 3437 2220 3491 manibus
2268 3417 2732 3506 ‘allolthylorum,
2785 3450 2970 3490 arcam
3031 3417 3126 3490 Dei
3176 3443 3232 3488 et
3294 3433 3546 3487 taberna-

1968 3525 2151 3580 culum
2191 3524 2268 3580 ibi
2312 3525 2540 3605 .posuit,
2599 3523 2654 3578 in
2709 3538 2880 3593 eaque
2932 3523 3046 3592 ipse
3103 3522 3384 3586 habitavit,
3453 3536 3543 3574 re-

1967 3617 2222 3686 giamque
2259 3613 2591 3680 constituit,
2631 3612 2706 3667 ita
2741 3622 2800 3668 ut
2846 3612 3040 3668 civitas
3090 3610 3261 3664 David
3300 3611 3546 3680 appella-

1969 3716 2138 3763 retur.

2036 3799 2201 3854 Vens.
2239 3797 2330 3853 τε.
2365 3817 2383 3850 ι
2424 3797 2720 3867 Argentum
2771 3804 3011 3851 vestrum
3064 3809 3170 3851 non
3207 3793 3491 3864 probatum
3525 3809 3544 3848 :

1968 3904 2240 3960 caupones
2281 3890 2356 3944 ιιιί
2398 3889 2583 3943 vinum
2639 3902 2779 3957 aqua
2819 3887 3074 3943 miscent.
3117 3903 3136 3938 ι
3183 3885 3422 3953 Eratque
3455 3898 3545 3938 ar-

1968 3989 2188 4047 gentum
2209 3994 2397 4033 corum
2433 3993 2539 4032 non
2564 3977 2876 4046 probatum,
2911 3976 3036 4044 quia
3063 3984 3347 4044 postquam
3372 3973 3549 4029 forni-

1967 4069 2102 4124 carii
2128 4079 2184 4124 et
2207 4069 2491 4124 homicida:
2514 4077 2639 4123 sunt
2661 4065 2862 4132 effecti,
2886 4081 2945 4120 se
2965 4081 3105 4120 vera:
3129 4066 3400 4136 religionis
3429 4081 3548 4121 ver-

1969 4161 2094 4215 bum
2120 4163 2444 4215 annuntiare
2477 4170 2532 4215 et
2574 4159 2787 4214 divinas
2837 4159 3150 4228 Scriptttras
3201 4156 3545 4227 interpretari

1969 4250 2328 4317 simulabant,
2362 4236 2793 4306 dunt-fabttlosas
2839 4249 3158 4304 deuteroses
3190 4250 3258 4303 ad
3299 4247 3547 4302 lectionis

273 4355 427 4408 αύτοὶ
456 4353 518 4406 δέ
546 4354 596 4404 ot
613 4348 934 4404 ’διδάσκαλοι
963 4347 1138 4402 αὐτῶν
1163 4345 1566 4416 καπηλεύοντες
1593 4343 1690 4414 τὴν
1724 4341 1863 4395 διδα-

1971 4345 2389 4416 cxplicationem
2418 4342 2757 4398 adhiberent.
2809 4342 3067 4396 Doctores
3106 4355 3235 4412 vero
3281 4338 3545 4405 ipsorum,

273 4446 529 4506 σκαλίαν,
559 4442 794 4513 κάπηλοι
830 4440 1121 4512 προσφυῶς
1151 4437 1544 4510 ὠνομάσθησαν
1583 4435 1868 4507 μιγνύντες

269 4538 361 4589 τὸν
394 4532 542 4588 οἶνον
578 4535 750 4596 ῦόατι,
802 4533 946 4604 λόγῳ
989 4531 1332 4603 ἐξυδαροῦντι
1374 4530 1462 4583 τὸν
1502 4529 1738 4602 ἄκρατον
1773 4527 1867 4580 καὶ

272 4623 669 4680 ἐπιστυπτικδν
692 4626 801 4678 τῶν
837 4624 1206 4678 θεοπνεύστων
1239 4621 1471 4693 Γραφῶν
1501 4620 1626 4674 νοῦν
1650 4619 1736 4671 διὰ
1768 4622 1866 4689 τῆς

276 4719 520 4791 μυθικῆς
542 4717 724 4774 αὐτῶν
755 4719 849 4771 καὶ
881 4715 1152 4791 ληρώδους
1172 4712 1565 4782 δευτερώσεως.

353 4922 373 4956 ι
394 4903 459 4957 Οἱ
515 4901 767 4974 ἄρχοντές
802 4917 895 4954 σου
923 4897 1225 4960 ἀπειθοῦσι,
1267 4888 1810 4948 κοινωνοὶκλεπτῶν.
1842 4906 1860 4936 ι

278 4994 438 5046 οὕτω
477 4992 803 5062 καλούμνοι
852 4990 956 5043 ὑπὸ
995 4988 1086 5042 τοῦ
1122 4989 1375 5058 Σωτῆρος
1422 4984 1521 5052 οὐχ
1547 4982 1822 5051 ὑπήκουον
1851 4995 1862 5006 ·

278 5083 470 5146 ἁπλῶς
499 5083 557 5136 δὲ
585 5085 778 5145 εἰπεῖν,
798 5081 917 5152 θεῷ
946 5078 1279 5141 ἀπειθοῦσιν,
1306 5074 1642 5134 ἐκκλίνοντες
1665 5071 1756 5124 ἀπ’
1782 5069 1876 5121 αύ-

271 5175 379 5230 τοῦ
408 5176 507 5228 καὶ
549 5177 660 5237 τοῖς
689 5171 1132 5242 διατεταγμένοις
1164 5169 1254 5222 ὑπ’
1289 5166 1453 5220 αὑτοῦ
1490 5163 1565 5235 μὴ
1607 5160 1876 5232 ἐμμένον-

274 5281 394 5332 τες,
443 5283 464 5315 ι
495 5264 817 5334 ἀγαπῶντες
849 5262 1016 5334 δῶρα,
1054 5260 1339 5322 διώκοντες
1379 5255 1744 5325 ἀνταπόδομα,
1790 5253 1881 5323 ὀρ-

276 5357 475 5423 φανοῖς
506 5355 569 5406 ού
601 5355 897 5424 κρίνοντες,
927 5351 1019 5403 καὶ
1069 5348 1250 5421 κρίσιν
1277 5345 1460 5417 χηρῶν
1490 5345 1552 5397 οὐ
1585 5341 1881 5414 προσέχον-

354 5465 376 5495 ⁸
413 5468 455 5520 Α
498 5473 516 5518 t
574 5479 673 5528 vtt,
708 5464 800 5518 52.

1975 4439 2066 4508 qui
2100 4437 2401 4492 doctrinam
2439 4435 2916 4502 cauponabautur,
2972 4445 3002 4486 e
3029 4446 3085 4485 te
3115 4441 3391 4497 caupones
3417 4427 3548 4481 dicti

1975 4537 2122 4594 sunt,
2158 4526 2247 4596 qui
2275 4527 2457 4577 vinum
2493 4537 2634 4592 aqua
2681 4522 3000 4584 miscebant,
3043 4519 3167 4571 dum
3215 4530 3465 4570 sermone
3495 4517 3549 4568 in

1975 4633 2166 4687 aquam
2223 4614 2494 4679 resoluto,
2524 4628 2733 4668 meram
2781 4623 2836 4669 et
2889 4611 3194 4667 restrictum
3244 4608 3547 4661 divinarum

1975 4707 2379 4776 St'l‘ipllll‘al‘tlttt
2419 4713 2649 4758 mentem
2695 4719 2792 4774 per
2829 4699 3230 4757 comtnentitias
3260 4712 3386 4753 suas
3416 4697 3550 4751 dcu-

1977 4806 2184 4848 trroses
2211 4793 2503 4847 fmdarent.

2053 4884 2216 4938 Vens.
2246 4881 2339 4936 25.
2381 4901 2398 4934 ι
2435 4881 2716 4950 Principes
2738 4879 2812 4934 ltti
2843 4893 2945 4932 non
2981 4876 3385 4945 obtetttperant,
3417 4871 3538 4930 soci

1978 4975 2176 5028 furum.
2208 4991 2229 5026 ι
2271 4973 2364 5027 Sic
2412 4972 2589 5029 vocati
2625 4986 2654 5024 a
2705 4968 3001 5023 Servatore
3051 4980 3157 5018 non
3205 4965 3551 5030 obtempera-

1975 5063 2230 5117 batttziu
2269 5078 2502 5126 summa,
2559 5062 2667 5115 Deo
2719 5065 3044 5128 repugnant,
3098 5053 3435 5108 declinantes
3486 5049 3556 5101 ab

1976 5169 2062 5219 eo,
2094 5164 2151 5209 et
2177 5155 2230 5208 in
2260 5154 2548 5226 praeceptis
2575 5153 2692 5218 ejus
2721 5166 2825 5204 Itnn
2861 5156 3167 5208 manentes,
3206 5163 3224 5194 ο
3263 5142 3548 5212 diligentes

1982 5259 2228 5309 munera,
2269 5243 2678 5300 retributionem
2729 5244 3138 5307 persequentes,
3187 5232 3394 5305 pupillo
3447 5246 3554 5284 llCTI

1975 5336 2305 5405 iudicantes,
2339 5341 2393 5386 ct
2433 5343 2654 5385 causam
2705 5327 2876 5380 vidua:
2930 5337 3035 5376 non
3091 5324 3436 5377 attendentes
3475 5337 3486 5370 ;
3533 5335 3551 5367 ι

355 5560 435 5627 (Ἡ
481 5558 607 5613 ηερε
650 5554 926 5612 nonnullis
971 5554 1191 5627 adjectis
1243 5549 1533 5627 manifeste
1580 5543 1858 5605 transtulit
1921 5540 2304 5612 llicronyntus,
2341 5537 2431 5609 qui
2483 5535 2554 5590 ait
2593 5553 2605 5588 :
2640 5532 2749 5590 Nec
2792 5531 2995 5603 ambigo
3036 5532 3200 5624 [niese
3233 5532 3284 5585 in
3327 5546 3385 5583 ra
3426 5545 3552 5583 sca-

277 5623 391 5685 ςιόσ
425 5631 584 5696 riras,
613 5638 668 5684 et
704 5639 930 5692 extera,
961 5639 1077 5694 qum
1113 5623 1186 5678 ibi
1215 5623 1436 5678 vitlcsis.
