4068 6198
554 257 625 311 99
1230 250 1492 307 EUSEBII
1534 248 2019 304 CESARIENSIS
2059 247 2209 304 OPP.
2256 244 2430 301 PARS
2469 246 2556 302 Ill.
2613 246 3109 304 —EXEGETICA.

3715 258 3811 309 {00

553 382 675 421 cum
696 362 966 434 proditore
987 361 1121 417 Juda
1140 360 1351 417 iurante
1368 367 1774 424 concurrentes,
1795 357 1935 428 juris
1957 359 2124 428 tequi-

2229 373 2337 420 τες.
2365 376 2382 409 ι
2419 356 2511 427 Τῷ
2534 352 2624 410 οῦν
2657 358 2889 431 προδότῃ
2903 360 3073 430 Ἰούδᾳ
3101 360 3382 415 κλέπτοντι
3406 366 3691 431 συνιόντες,
3717 370 3812 439 τῂν

556 465 719 510 tatem
752 453 909 507 donis
953 453 1371 507 venumdabant.

628 546 789 601 Vsus.
820 546 1053 601 25-26.
1109 565 1127 598 ι
1165 545 1452 616 Propterea
1520 547 1637 601 hare
1690 545 1821 600 dicit
1874 542 2129 599 Dominus
2204 596 2213 605 ,

557 636 816 692 Dominus
847 638 1086 691 Sabaoth
1120 657 1131 690 :
1163 636 1251 692 Va:
1283 638 1592 707 potentibus
1614 636 1777 690 Israel
1812 655 1826 690 :
1863 652 1973 689 non
2006 650 2126 687 ces-

557 728 703 782 sabit
745 728 885 780 enim
920 727 1070 780 furor
1103 742 1254 781 meus
1305 728 1357 781 in
1390 727 1743 791 adversariis,
1785 737 1838 779 et
1867 726 2127 794 judicium

558 818 623 870 de
652 818 896 871 hostibus
943 817 1074 871 meis
1104 816 1316 870 faciam.
1357 816 1421 870 Et
1451 816 1677 870 inferam
1711 830 1925 867 manum
1957 827 2130 865 meam

559 916 743 961 contra
787 916 857 971 te,
904 916 956 959 et
990 906 1332 959 inllammabu
1379 917 1428 959 te
1478 907 1543 959 ad
1602 921 1794 974 purum
1829 920 1844 957 :
1876 905 2130 957 immori-

559 1014 718 1067 geros
765 1006 943 1049 autem
990 998 1213 1063 perdam
1266 1006 1319 1051 et
1377 996 1721 1051 consiliarios
1774 1004 1895 1049 tuos
1940 993 2132 1048 sicula

557 1089 845 1157 principio.
912 1107 930 1139 ι
969 1087 1327 1141 lnﬂammabo
1379 1096 1431 1139 te
1486 1087 1653 1157 igitur
1697 1086 1761 1138 ad
1808 1100 2026 1153 purum,
2080 1083 2131 1137 id

557 1188 661 1240 est,
713 1179 777 1231 ad
823 1178 1162 1247 purgandum
1204 1185 1258 1231 et
1304 1177 1723 1230 discernendum
1768 1176 2042 1244 improbos
2065 1174 2131 1227 al)

555 1268 798 1323 urbanis.
853 1268 1033 1332 Quare
1092 1267 1390 1319 secundmn
1446 1266 1836 1336 Symmachum
1891 1264 2149 1318 dicitnrz‘

561 1377 582 1411 ι
619 1359 687 1411 Et
717 1357 1064 1411 inﬂammabo
1094 1357 1159 1410 ad
1189 1372 1379 1426 purum
1410 1357 1638 1409 scoriam
1668 1364 1842 1419 tuam;
1884 1371 1902 1405 ι
1938 1368 2131 1407 secun-

557 1452 683 1505 dum
736 1450 983 1519 Aquilam
1038 1465 1204 1502 vero:
1253 1466 1271 1499 ι
1324 1449 1387 1502 Ει
1428 1446 1769 1501 inllammabo
1818 1445 1881 1498 ad
1941 1460 2130 1514 purum

563 1543 782 1595 acinum
833 1553 1004 1593 tuum.
1044 1559 1062 1591 ι
1115 1538 1576 1605 Quemadmodum
1627 1538 1769 1590 enim
1815 1536 1907 1604 qui
1962 1545 2134 1589 a‘sret

562 1631 769 1685 ferrum
798 1632 919 1699 igne
952 1639 1204 1700 purgant,
1238 1629 1468 1683 scoriam
1498 1627 1789 1695 abjiciunt,
1820 1636 1877 1680 et
1909 1627 1998 1694 qni
2034 1629 2129 1679 bo-

2233 446 2498 518 ὀρθότητα
2524 448 2616 499 τοῦ
2642 448 2847 500 δικαίου
2875 448 3065 520 δώροις
3088 450 3449 522 ἐπίπρασκον.

2310 556 2327 588 ι
2359 538 2457 590 Διά
2478 538 2633 590 τοῦτο
2665 538 2785 591 τάδε
2810 538 2957 607 λέγει
2980 541 3185 611 Κύριος
3218 542 3245 593 δ
3270 543 3547 613 Δεσπότης
3568 544 3813 611 Σαϐαὼθ,

2235 628 2367 680 0ύαί
2402 630 2451 681 οἰ
2494 629 2765 697 ἰσχύοντες
2812 629 3053 700 Ἰσραήλ⁸
3100 632 3160 683 ού
3208 632 3471 686 παύσεται
3505 634 3614 706 γάρ
3665 652 3764 704 μου
3791 638 3817 688 ό

2235 720 2403 791 θυμὸς
2431 724 2487 774 ἐν
2514 725 2625 783 τοῖς
2652 723 3011 787 ὑπεναντίοις,
3047 724 3141 776 καὶ
3174 726 3351 795 κρίσιν
3377 726 3440 778 ὲκ
3470 727 3577 779 τῶν
3610 727 3816 799 ἐχθρῶν

2238 829 2338 882 μου
2378 814 2618 883 ποιήσω’
2657 814 2751 865 καὶ
2783 814 2968 879 ἐπάξω
3003 815 3101 885 τὴν
3141 818 3299 887 χεῖρά
3346 836 3445 887 μου
3484 819 3576 871 ἐπὶ
3611 821 3695 884 σὲ,
3728 822 3820 873 καὶ

2236 898 2472 969 πυρώσω
2524 917 2582 953 σε
2618 904 2696 964 εἰς
2726 902 2985 974 καθαρὸν,
3017 905 3142 966 τοῦς
3190 905 3247 957 δὲ
3297 907 3658 973 ἀπειθοῦντας
3716 912 3823 964 ἀπ-

2233 994 2423 1055 ολέσω,
2453 993 2544 1045 καὶ
2578 994 2704 1055 τοὺς
2750 993 3082 1063 συμϐούλους
3128 1013 3218 1047 σου
3249 997 3322 1061 ώς
3368 999 3427 1051 τὸ
3457 1000 3548 1051 ἀπ’
3574 1001 3771 1069 ἀρχῆς.
3797 1016 3819 1052 ι

2236 1079 2481 1150 Πυρώσω
2520 1097 2577 1131 σε
2599 1076 2689 1133 οῦν
2723 1082 2801 1144 εἰς
2823 1082 3079 1150 καθαρὸν,
3108 1084 3398 1147 τουτέστιν,
3427 1089 3517 1139 ἐπὶ
3545 1088 3621 1157 τῷ
3654 1088 3823 1142 καθᾶ-

2239 1187 2324 1239 ραι
2361 1171 2453 1221 καὶ
2481 1169 2752 1239 διακρῖναι
2815 1174 2939 1233 τοὺς
2978 1172 3212 1240 φαύλους
3274 1176 3381 1228 ἀπὸ
3411 1176 3518 1228 τῶν
3557 1179 3819 1232 ἀστείων.

2236 1259 2328 1311 Διὸ
2366 1261 2507 1313 κατὰ
2540 1260 2629 1312 τὸν
2666 1261 2961 1332 Σύμμαχον
3003 1265 3241 1334 εἴρηται·
3282 1285 3298 1315 ι
3326 1267 3431 1319 Καὶ
3463 1268 3699 1336 πυρώσω
3744 1271 3822 1333 είς

2236 1352 2471 1422 καθαρὸν
2498 1352 2593 1422 τὴν
2628 1354 2864 1423 σκωρίαν
2890 1371 2981 1406 σου
3002 1372 3014 1384 ·
3041 1375 3061 1407 ι
3101 1358 3242 1410 κατά
3265 1359 3320 1410 δὲ
3351 1359 3424 1427 (8)
3453 1360 3543 1411 τὸν
3572 1360 3820 1415 Ἀκύλαν

2240 1457 2258 1489 ι
2291 1441 2398 1492 Καὶ
2424 1440 2669 1511 πυρώσω¹
2690 1442 2768 1503 είς
2800 1441 3037 1513 καθαρὸν
3057 1444 3117 1496 τὸ
3142 1447 3475 1516 γιγαρτῶδές
3496 1465 3607 1501 σου.
3644 1470 3661 1499 ι
3698 1451 3823 1502 Ὥσ-

2236 1547 2339 1600 περ
2366 1529 2473 1600 γὰρ
2504 1532 2551 1581 οί
2585 1530 2935 1602 καθαίροντες
2970 1532 3057 1585 διὰ
3091 1534 3183 1586 τοῦ
3224 1536 3394 1607 πυρὸς
3438 1538 3639 1606 χαλκὸν
3674 1540 3704 1609 ἢ
3743 1539 3821 1591 σί-

2235 1620 2419 1691 δηρον,
2450 1621 2548 1690 τὴν
2575 1622 2816 1691 σκωρίαν
2844 1622 3232 1689 ἀποϐάλλουσι,
3282 1628 3374 1679 καὶ
3408 1630 3454 1679 οἰ
3483 1630 3604 1691 τοὺς
3631 1630 3823 1700 βότρυς

557 1730 673 1775 trus
717 1723 891 1775 vinea:
942 1722 994 1773 in
1054 1720 1415 1773 torcularibus
1471 1725 1746 1783 premunt,
1804 1719 2018 1769 acinmn
2072 1726 2128 1770 et

2236 1713 2335 1781 τῆς
2366 1710 2609 1781 ἀμπέλου
2638 1713 2694 1763 ὲν
2714 1715 2833 1774 ταῖς
2866 1712 3045 1782 ληνοῖς
3068 1715 3363 1779 πιέζοντες,
3387 1717 3445 1769 τὸ
3468 1718 3819 1790 γιγαρτῶδεςν

555 1810 823 1880 superflua
845 1809 1174 1863 calcatarum
1206 1822 1431 1861 uvarum
1459 1805 1770 1875 expellunt;
1804 1808 2016 1870 eodem,
2050 1808 2129 1858 in-

557 1901 695 1969 quit,
727 1899 883 1953 modo
918 1910 971 1952 et
1003 1914 1102 1967 ego
1135 1897 1489 1951 inllammabo
1538 1895 1603 1948 ad
1652 1910 1845 1964 purum
1910 1897 2128 1949 acinum

560 2001 730 2042 ιιιιιιιι.

544 2134 547 2139 ,
629 2080 793 2134 Vens.
817 2082 907 2135 27.
941 2099 957 2129 ι
993 2080 1057 2133 Et
1082 2088 1201 2147 post
1222 2079 1336 2133 hzee
1364 2078 1641 2133 vocaberis
1664 2079 1857 2132 civitas
1877 2079 2131 2147 justitiaz,

566 2168 883 2235 metropolis
923 2166 1099 2219 fidelis
1130 2167 1259 2219 Sion
1296 2185 1310 2219 :
1346 2182 1468 2217 nam
1492 2166 1632 2219 cum
1660 2167 1863 2234 judicio
1896 2168 2129 2221 salvabi-

558 2267 645 2311 tur
678 2257 965 2325 captivitas
994 2258 1133 2323 ejus.
1170 2274 1187 2306 ι
1234 2256 1589 2310 Communem
1634 2257 1913 2310 civitatem
1947 2266 2129 2326 postea

552 2347 983 2402 constituendam
1017 2346 1328 2413 alloquitur,
1374 2362 1541 2414 quam
1580 2346 1807 2413 justitia:
1851 2330 2129 2400 civitatem

554 2448 734 2501 vocat,
770 2447 823 2491 et
854 2437 1196 2504 metropolim
1242 2436 1453 2489 fidelem
1506 2436 1660 2500 Sion,
1706 2438 1804 2505 pia:
1855 2437 2131 2506 religionis

554 2528 859 2584 institutum
902 2536 1177 2581 etctntum
1226 2527 1325 2581 hoc
1376 2527 1597 2581 nomine
1648 2542 1940 2581 exornans.
1987 2529 2132 2581 Sane

554 2632 688 2673 vero
720 2618 810 2672 ille
838 2619 968 2671 olim
994 2618 1133 2685 apud
1160 2615 1630 2685 Judzeossapiens
1654 2617 1960 2682 exciderat;
1992 2633 2133 2671 nunc

555 2718 735 2763 autem
764 2709 818 2762 in
839 2708 1092 2762 universa
1120 2715 1263 2761 terra
1297 2722 1393 2776 per
1417 2706 1617 2761 Christi
1648 2707 1938 2761 Ecclesiam
1973 2706 2131 2775 erigi-

555 2810 662 2865 tur,
696 2800 945 2855 fundatus
976 2814 1138 2869 supra
1186 2809 1415 2868 petram.
1455 2798 1517 2852 Hi
1563 2814 1690 2853 vero
1732 2809 1858 2851 sunt
1899 2800 2134 2867 pulcltrre

551 2890 794 2948 civitatis
839 2888 1116 2956 praesules,
1160 2889 1375 2956 judices
1421 2895 1476 2939 et
1519 2886 1835 2949 consiliarii,
1885 2886 1974 2954 qui
2023 2886 2131 2939 ini-

558 2982 692 3034 tium
735 2980 804 3032 ab
855 2977 1115 3046 apostolis
1160 2985 1217 3030 et
1269 2976 1547 3045 discipulis
1601 2976 1905 3032 Salvatoris
1960 2977 2129 3030 nostri

557 3076 919 3137 acceperunt:
958 3054 1023 3119 ex
1062 3080 1248 3120 eorum
1283 3079 1412 3119 vero
1444 3068 1789 3121 successione
1808 3068 2129 3132 etiamnum,

556 3159 708 3226 quasi
726 3171 791 3211 ex
819 3158 959 3211 bono
975 3158 1181 3212 semine
1208 3157 1313 3212 orti
1340 3158 1708 3227 resplendenl,
1746 3160 1838 3213 Dei
1873 3159 2129 3213 Ecclesia:

556 3246 811 3315 praesides
845 3247 1149 3301 constituti.
1190 3247 1402 3301 Etenim
1448 3248 1539 3317 qui
1576 3248 1719 3317 apud
1753 3249 1917 3303 Deum
1954 3250 2127 3304 salute

556 3337 700 3405 digni
730 3337 949 3405 jndicati
979 3336 1197 3402 fuerint,
1234 3338 1292 3404 ii,
1330 3338 1530 3409 inquit,
1568 3339 1668 3392 soli
1711 3340 1976 3407 promissa
2001 3355 2127 3393 con-

556 3438 892 3496 sequentur:
930 3429 1055 3482 dutn
1096 3428 1265 3483 Judaei
1295 3428 1497 3483 frustra
1542 3430 1914 3500 imaginantur
1961 3432 2126 3484 tOtius

556 3520 732 3586 gentis
761 3533 874 3573 sua:
896 3519 1314 3573 conversionem
1348 3518 1481 3572 fore.
1513 3517 1911 3573 Liberationem
1948 3529 2123 3572 autem

556 3624 587 3657 ιι
626 3608 938 3675 captivitate
990 3609 1392 3677 intelligendum
1446 3618 1523 3662 est
1593 3624 1708 3663 esse
1773 3610 2123 3663 mulationem

556 3698 858 3751 animarum
915 3700 982 3752 ab
1024 3715 1205 3753 errore
1265 3700 1327 3752 ad
1362 3715 1543 3751 veram
1588 3700 1680 3752 Dei
1710 3701 2071 3769 cognitiOnem
2109 3720 2121 3754 :

556 3804 717 3856 quam
773 3788 1021 3840 S.tl\':tl0l‘
1071 3789 1390 3853 declaravit,
1427 3804 1568 3853 cum,
1615 3800 1837 3858 accepto
1874 3790 1925 3843 in
1966 3806 2125 3859 syna-

556 3891 687 3943 goga
738 3876 943 3928 llesaia:
986 3876 1144 3941 libro,
1200 3878 1445 3946 lectaque
1492 3868 1745 3931 clausula
1777 3893 1845 3932 ex
1894 3894 2121 3948 persona

555 3973 671 4040 ejus
706 3974 818 4025 limo
846 3970 1163 4034 dicente°n
1214 3974 1450 4042 Spiritus
1482 3976 1691 4029 Domini
1722 3991 1888 4045 super
1920 3993 2023 4040 me,
2058 3993 2122 4032 eo

555 4060 697 4128 quod
750 4061 963 4114 tinxerit
1020 4076 1136 4127 me,
1179 4064 1556 4132 evangelizare
1607 4067 1929 4133 pauperibus
1975 4068 2123 4121 misit

556 4162 662 4212 me,
699 4168 713 4195 ι
752 4158 870 4202 etc.
904 4188 918 4214 ,
962 4149 1220 4218 replieato
1266 4151 1407 4205 libro
1464 4152 1646 4205 intulit
1679 4169 1743 4207 ιι
1786 4153 1954 4209 Hodie
2010 4157 2123 4208 lucc

557 4236 834 4306 Scriptura
871 4238 1087 4307 impleta
1134 4248 1216 4295 est
1268 4242 1320 4294 in
1367 4243 1588 4296 auribus
1622 4244 1833 4309 vestris,
1868 4264 1888 4297 ι
1923 4246 2121 4300 docens

555 4343 613 4379 se
641 4329 1034 4395 redemptorem
1073 4330 1427 4383 humanarum
1466 4333 1771 4386 animarum
1797 4348 1937 4389 esse.

628 4588 787 4641 Vens.
822 4587 911 4641 28.
951 4608 969 4641 ι
1006 4590 1072 4644 Et
1100 4601 1452 4647 conterentur
1489 4595 1657 4665 iniqui
1680 4639 1692 4662 ,
1725 4608 1776 4649 et
1807 4611 2121 4665 peccatores

494 4698 507 4709 ί
554 4678 733 4745 simul,
757 4691 807 4732 et
830 4681 922 4748 qui
955 4682 1357 4751 dereliquerunt
1389 4685 1667 4740 Dominum
1694 4690 2065 4744 ronﬁcientur.
2094 4712 2110 4741 ι

555 4766 659 4821 Sed
695 4770 759 4823 de
796 4770 970 4824 medio
1001 4773 1264 4827 tollendos
1294 4790 1414 4830 esse
1447 4766 1523 4830 ait
1553 4780 1805 4845 nequitize
1842 4781 2113 4835 doctores.

551 4860 778 4924 Quinam
812 4876 941 4915 vero
970 4862 1004 4915 ii
1036 4876 1240 4928 essent,
1271 4864 1322 4919 in
1356 4868 1784 4934 praacedentibus
1811 4870 2119 4923 declaratur

554 4950 636 5003 liis
667 4951 881 5005 verbis:
922 4969 940 5003 ι
973 4952 1059 5006 Va:
1079 4955 1223 5022 genti
1259 4956 1545 5023 peccatrici
1606 4959 1799 5027 Dopulo
1832 4958 1987 5026 pleno
2014 4960 2117 5011 ini-

551 5043 790 5104 quitatis.
832 5062 848 5093 ι

626 5129 899 5188 “£35.29.
945 5152 964 5184 ι
1008 5135 1141 5198 Quia
1196 5139 1595 5192 confundantur
1623 5155 1785 5208 super
1824 5140 1961 5193 idola
1992 5154 2112 5204 sua,

552 5232 671 5282 qua:
718 5219 817 5287 ipsi
872 5226 1145 5291 volebant,
1185 5236 1240 5281 et
1274 5228 1676 5282 confundentur
1722 5244 1884 5297 super
1928 5230 2113 5283 hortos

550 5324 700 5373 SUOS.
734 5325 870 5378 Quos
903 5320 1344 5386 concupiverunt.
1375 5340 1392 5372 ι
1426 5320 1689 5376 Caeterum
1721 5321 1941 5388 pudoris
1990 5337 2113 5374 sen-

620 5405 639 5432 ⁹
678 5403 808 5467 Luc,
847 5420 911 5471 tv,
954 5414 1041 5473 13,
1070 5412 1159 5465 2|.

2240 1804 2333 1855 καὶ
2367 1802 2433 1854 τὰ
2464 1802 2698 1871 περισσά
2750 1802 2857 1855 τῶν
2880 1804 3293 1874 έκπατηθέντων
3328 1807 3568 1877 βοτρύων
3597 1806 3822 1880 ἀπορῤΓ

2234 1910 2449 1955 πτουσι,
2481 1893 2571 1944 τὸν
2633 1891 2794 1946 αὐτὸν
2827 1894 3025 1964 τρόπον
3054 1894 3227 1963 κάγὼ,
3269 1898 3421 1966 φησὶ,
3467 1896 3705 1967 πυρώσω
3744 1900 3822 1962 εἰς

2230 1982 2471 2052 καθαρὸν
2504 1983 2563 2033 τὸ
2596 1983 2929 2053 γιγαρτῶδές
2960 2001 3073 2039 σου.
3500 1982 3503 1985 ’

2310 2091 2325 2121 ι
2353 2071 2460 2122 Καὶ
2497 2072 2635 2138 μετὰ
2664 2071 2836 2123 ταῦτα
2863 2070 3111 2145 κληθήσῃ
3145 2074 3295 2136 πόλις
3319 2075 3684 2145 δικαιοσύνης,
3725 2092 3827 2146 μη-

2230 2160 2479 2229 τρόπολις
2516 2160 2679 2230 πιστὴ
2710 2162 2874 2212 Σιών·
2921 2163 3057 2230 μετά
3091 2163 3196 2233 γάρ
3230 2165 3494 2235 κρίματος
3523 2166 3827 2236 σωθήσεται

2232 2252 2264 2317 ἡ
2298 2249 2639 2318 αἰχμαλωσία
2675 2250 2865 2320 αὐτῆς.
2890 2269 2907 2300 ι
2939 2251 3015 2320 Τῇ
3060 2252 3198 2320 μετὰ
3231 2253 3403 2307 ταῦτα
3444 2256 3827 2328 συστησομένῃ

2232 2343 2381 2411 κοινῇ
2418 2340 2590 2406 πόλει,
2622 2340 2689 2410 ἦν
2712 2358 2830 2393 τινα
2861 2340 2957 2393 καὶ
2990 2342 3143 2393 πόλιν
3168 2342 3512 2413 δικαιοσύνης
3546 2344 3823 2413 ὀνομάζει,

2233 2431 2324 2483 καὶ
2355 2432 2681 2501 μητρόπολιν
2718 2432 2913 2502 πιστὴν
2943 2433 3103 2497 Σιὼν,
3138 2434 3280 2486 οῦτω
3309 2434 3620 2506 προσειπὼν
3650 2436 3712 2487 τὸ
3735 2437 3827 2488 σύ-

2236 2537 2413 2591 στημα
2455 2521 2548 2573 τοῦ
2593 2521 2873 2591 θεοφιλοῦς
2930 2524 3344 2593 πολιτεύματος.
3393 2525 3450 2576 '0
3508 2524 3675 2577 πάλαι
3727 2526 3825 2594 μὲν

2235 2613 2449 2673 συνετὸς
2496 2611 2645 2681 παρά
2690 2612 2963 2676 Ἰουδαίοις
3040 2613 3434 2667 διεπεπτώκει·
3482 2614 3575 2668 νῦν
3610 2617 3822 2669 δὲκαθ’

2233 2702 2357 2770 ὅλης
2381 2703 2477 2771 τῆς
2508 2703 2834 2771 οἰκουμένης
2857 2703 2943 2755 διά
2972 2705 3069 2774 τῆς
3092 2704 3183 2757 τοῦ
3217 2706 3452 2775 Χριστοῦ
3497 2706 3821 2777 Ἐκκλησὶας

2235 2795 2527 2863 ἐγήγερται
2562 2792 3022 2863 τεθεμελιωμένος
3050 2796 3141 2847 ἐπὶ
3174 2796 3272 2866 τὴν
3308 2797 3533 2866 πέτραν.
3566 2798 3730 2849 Αὐτοὶ
3764 2797 3820 2849 δὲ

2234 2886 2333 2956 τῆς
2356 2884 2526 2954 καλῆς
2548 2884 2754 2947 πόλεως
2777 2886 2824 2937 οἰ
2848 2886 3209 2956 προεστῶτες,
3238 2880 3439 2957 κριταὶ,
3463 2889 3556 2940 καὶ
3584 2888 3646 2940 σύ
3656 2888 3820 2959 μϐου-

2234 2976 2337 3039 λοι,
2371 2975 2419 3028 oi
2451 2974 2626 3045 ἀρχὴν
2675 2976 2773 3044 μὲν
2810 2975 2915 3028 ἀπὸ
2945 2975 3050 3029 τῶν
3085 2977 3395 3032 ἀποστόλων
3433 2980 3525 3031 καὶ
3558 2978 3815 3047 μαθητῶν

2234 3068 2327 3121 τοῦ
2353 3069 2603 3138 Σωτῆρος
2629 3068 2788 3138 ἡμῶν
2813 3068 3094 3139 εἰλήφασιν
3115 3088 3127 3100 ·
3160 3072 3221 3122 ὲκ
3247 3071 3301 3124 δὲ
3336 3073 3433 3142 τῆς
3458 3073 3677 3126 ἐκείνων
3707 3070 3821 3126 δια-

2233 3158 2394 3227 δοχῆς
2442 3158 2607 3209 εἰσέτι
2643 3159 2736 3210 καὶ
2768 3157 2882 3222 νῦν,
2914 3158 3099 3230 ῶσπερ
3149 3162 3213 3213 ὲκ
3268 3162 3580 3232 σπέρματος
3614 3161 3820 3232 ἀγαθοῦ

2233 3246 2428 3314 φύντες
2456 3246 2874 3317 διαλάμπουσιν,
2899 3249 3149 3320 πρόεδροι
3178 3251 3275 3319 τῆς
3305 3251 3398 3303 τοῦ
3432 3252 3566 3305 Θεοῦ
3596 3254 3823 3325 Ἐκκλη-

2234 3340 2355 3402 σίας
2388 3340 2748 3402 καθεστῶτες.
2799 3342 2860 3393 Οί
2888 3341 2997 3411 γὰρ
3033 3342 3307 3412 σωτηρίας
3335 3342 3473 3405 ἄξιοι
3523 3344 3673 3412 παρὰ
3704 3344 3823 3414 Θεῷ

2232 3429 2527 3501 κριθέντες,
2546 3431 2695 3501 μόνοι
2713 3430 3011 3495 τεύξονται,
3034 3432 3185 3501 φησὶ,
3208 3436 3307 3502 τῆς
3336 3433 3691 3501 ἐπαγγελίας,
3712 3435 3823 3487 τῶν

2243 3520 2508 3573 Ἰουδαίων
2551 3521 2725 3591 μάτην
2768 3521 3184 3591 φανταζομένων
3220 3524 3550 3595 ἐπιστροφὴν
3603 3524 3821 3579 ἔσεσθαι

2230 3609 2321 3661 τοῦ
2349 3610 2546 3673 παντὸς
2569 3612 2749 3663 αὐτῶν
2772 3611 2977 3675 ἔθνους.
3007 3614 3395 3684 Αἰχμαλωσίας
3422 3614 3477 3667 δὲ
3508 3615 3822 3688 ἐλευθερίαν

2230 3698 2333 3769 χρὴ
2358 3703 2518 3763 νοεῖν,
2554 3702 2651 3771 τὴν
2684 3701 2791 3753 ἀπὸ
2816 3703 2916 3772 τῆς
2954 3704 3162 3775 πλάνης
3218 3708 3311 3759 ἐπὶ
3360 3707 3458 3777 τὴν
3513 3706 3688 3778 ἀληθῆ
3725 3708 3818 3761 τοῦ

2228 3789 2361 3842 Θεοῦ
2394 3791 2592 3858 γνῶσιν
2629 3793 2931 3864 μεταϐολὴν
2958 3796 3065 3849 τῶν
3090 3798 3275 3869 ψυχῶν
3301 3818 3311 3830 ⁸
3350 3800 3417 3870 ἢν
3446 3800 3536 3853 καὶ
3565 3802 3593 3853 ὁ
3628 3802 3819 3873 Σωτὴρ

2229 3879 2485 3951 παρίστη,
2517 3883 2751 3952 ὁπηνίκα
2795 3887 2852 3937 ὲν
2883 3890 2945 3957 τῇ
2972 3894 3259 3961 συναγωγῇ
3294 3890 3474 3943 λαϐὼν
3500 3893 3596 3962 τὴν
3634 3890 3814 3960 βίϐλον

2225 3968 2318 4020 τοῦ
2360 3971 2601 4036 Ἡσαΐου,
2630 3975 2727 4045 τήν
2750 3993 2809 4027 τε
2835 3980 3138 4050 περικοπὴν
3160 3982 3422 4049 ἀναγνοὺς
3445 3981 3541 4052 τὴν
3564 3986 3627 4034 ἐκ
3652 3998 3815 4052 προσ-

2225 4060 2373 4115 ώπου
2418 4064 2581 4117 αὑτοῦ
2618 4068 2868 4137 φήσασαν
2888 4086 2901 4099 ο
2951 4090 2968 4121 ι
2996 4072 3217 4143 Πνεῦμα
3249 4076 3453 4144 Κυρίου
3493 4076 3579 4126 ἐπ’
3605 4075 3723 4143 ἐμὲ,
3755 4065 3815 4125 οὗ

2226 4154 2429 4207 εἵνεκεν
2456 4154 2639 4227 ἔχρισέ
2663 4176 2751 4227 με,
2778 4162 3227 4229 εὐαγγελίσασθαι
3256 4167 3489 4233 πτωχοῖς
3509 4164 3815 4217 ἀπέσταλκέ

2228 4262 2297 4319 με
2319 4263 2331 4274 ⁸
2367 4247 2599 4317 κηρύξαι
2632 4250 3000 4319 αἰχμαλώτοις
3036 4252 3227 4319 ἄφεσιν
3252 4270 3264 4282 ·
3296 4272 3313 4305 ι
3354 4256 3445 4306 καὶ
3478 4254 3684 4319 πτύξας
3718 4255 3814 4324 τὴν

2154 4370 2195 4421 D
2227 4337 2426 4407 βίϐλον,
2465 4336 2581 4393 εἶπε
2607 4358 2619 4369 ·
2658 4360 2677 4391 ι
2702 4345 2948 4413 Σήμερον
2990 4347 3021 4413 ἡ
3056 4345 3245 4414 Γραφὴ
3290 4345 3424 4415 αῦτη
3458 4347 3813 4417 πεπλήρωται

2224 4429 2281 4477 ὲν
2302 4430 2412 4489 τοῖς
2440 4428 2570 4481 ὠσὶν
2599 4430 2751 4499 ὑμῶν
2773 4448 2784 4459 ·
2818 4452 2834 4482 ι
2863 4433 3127 4486 διδάσκων
3156 4434 3239 4504 δὴ,
3266 4434 3339 4497 ὡς
3371 4435 3529 4497 αὐτὸς
3558 4438 3640 4507 εἰη
3670 4439 3699 4489 ὁ
3722 4438 3811 4492 λυ-

2219 4520 2429 4588 τρωτης
2460 4521 2563 4572 τῶν
2596 4522 2951 4591 ἀνθρωπίνων
2972 4524 3181 4593 ψυχῶν.

2294 4630 2309 4658 ι
2340 4611 2447 4662 Καὶ
2484 4614 2925 4684 συντριϐησονται
2957 4618 3004 4668 οἱ
3038 4617 3248 4685 ἄνομοι,
3282 4634 3373 4669 και
3403 4618 3449 4669 οἱ
3483 4618 3805 4689 ἁμαρτωλοὶ

2218 4703 2348 4771 ἅμα,
2386 4704 2480 4755 καὶ
2513 4707 2558 4755 οἱ
2588 4706 3041 4771 ἐγκαταλιπόντες
3082 4708 3174 4759 τὸν
3204 4707 3408 4780 Κύριον
3457 4708 3808 4779 συντελεσθῆ-

2223 4808 2423 4848 σονται.
2463 4812 2478 4843 ι
2530 4793 2666 4846 Ἀλλ’
2698 4796 2941 4848 ἐκποδὼν
2989 4796 3234 4862 γίνεσθαι
3261 4798 3386 4861 τοὺς
3415 4798 3514 4867 τῆς
3544 4798 3808 4867 πονηρίας

2219 4882 2591 4948 διδασκάλους.
2624 4885 2777 4948 Τίνες
2830 4886 2885 4938 δὲ
2921 4881 3060 4955 ἦσαν
3104 4881 3267 4948 οὗτοι,
3316 4886 3552 4952 ἐδίδαξεν
3593 4886 3621 4937 ὁ
3652 4886 3808 4957 λόγος

2218 4972 2305 5024 διὰ
2333 4972 2441 5024 τῶν
2473 4974 2798 5043 ἔμπροσθεν,
2832 4975 3031 5029 εἰπών·
3075 4997 3091 5027 ι
3116 4978 3251 5030 Οὐαὶ
3282 4978 3429 5039 ἔθνος
3450 4978 3801 5048 ἀμαρτωλόνο

2218 5060 2344 5124 λαὸς
2374 5048 2585 5134 πλήρης
2614 5061 2859 5133 ἀνομίας.
2890 5082 2906 5113 ι

2294 5174 2312 5202 ‹
2338 5154 2481 5206 Διότι
2510 5155 3061 5227 καταισχυνθήσονται
3096 5158 3187 5209 ἐπὶ
3210 5160 3320 5219 τοῖς
3348 5154 3583 5218 εἰδώλοις
3601 5155 3800 5217 αὐτῶν,

2218 5244 2253 5298 ἃ
2292 5245 2441 5297 αύτοί
2473 5246 2784 5314 ἠϐούλοντο,
2844 5249 2938 5300 καὶ
2985 5248 3502 5317 ἐπαισχυνθήσονται
3554 5248 3646 5298 ἐπὶ
3695 5248 3804 5307 τοῖς

2222 5335 2415 5404 κήποις
2468 5335 2667 5401 αὐτῶν,
2702 5336 2736 5390 ἃ.
2763 5336 3137 5407 ἐπεθύμησαν.
3170 5358 3185 5385 ι
3241 5336 3385 5406 Πλὴν
3422 5337 3513 5388 ἐπὶ
3560 5339 3672 5397 τοῖς
3721 5335 3802 5387 αἰ-

620 5518 876 5614 ςξξμιίερθ
931 5518 1342 5594 interpretatio,
1386 5538 1545 5614 teste
1624 5528 1989 5600 Hieronymo,
2040 5543 2121 5587 est
2186 5535 2569 5596 Theo-xlotionis
2618 5560 2631 5609 ;
2687 5556 2853 5610 quare
2903 5542 3135 5613 ~Aquila:
3215 5558 3409 5598 nomen
3495 5544 3781 5614 irrepsisse

549 5593 779 5644 videtur.
