4068 6198
307 281 405 334 101

1317 280 1816 338 COMMENTAIUA
1861 284 1924 338 IN
1967 285 2216 341 ISAIAM.
2255 316 2316 328 --
2359 287 2510 343 CAP.
2551 290 2614 345 ll.

3499 303 3599 355 102

311 401 513 470 qpot;
547 397 773 466 αἱσλύνη
801 398 865 449 ἐκ
901 398 1315 468 συναισθήσεως
1353 400 1535 462 αὐτοῖς
1567 402 1886 472 ἐγγενομέντ

1991 453 1993 462 _
2029 417 2142 466 sus,
2178 417 2335 472 quem
2371 406 2436 459 de
2460 405 2617 461 foedis
2646 406 2762 461 suis
2789 409 2956 476 gestis
2981 413 3290 483 pereepturi
3323 425 3466 484 sunt,
3493 417 3598 474 im-

311 490 423 562 τῆς
473 490 826 560 ἀναισχύντου
856 491 953 543 καὶ
985 489 1236 553 ἀναιδοῦς
1289 492 1664 562 προαιρέσεως
1695 495 1920 564 μεταϐο-

317 581 428 655 λὴν
456 583 634 644 αὐτοῖς
659 581 886 651 ἔμελλεν
911 582 1255 652 ὲμποιήσειν.

403 693 424 726 ι
440 675 682 726 Ἔσονται
703 674 812 744 γὰρ
827 673 906 736 ὡς
930 671 1244 744 τερέϐινθος
1264 674 1672 746 ἀποϐεϐληκυῖα
1702 678 1769 732 τά
1795 679 1919 748 φῦλ-

327 764 413 828 λα,
451 765 539 818 καὶ
571 765 646 828 ὠς
678 765 1012 835 παράδεισος
1058 763 1202 836 ὕδωρ
1237 764 1310 834 μὴ
1368 765 1504 834 ἔχων
1525 784 1536 797 ·
1562 787 1580 818 ι
1645 771 1692 821 οἱ
1749 770 1915 824 πάλαι

326 855 473 918 ὄντες
498 854 758 925 ἀμπελὼν
799 855 1009 925 Κυρίου
1049 854 1297 919 Σαϐαὼθ,
1346 857 1439 909 καὶ
1471 858 1625 910 ἐλαία
1677 859 1910 924 εῦσκιος.

323 948 383 999 Εἰ
414 947 542 1016 γοῦν
563 965 648 1010 τις
681 947 940 1000 θεάσαιτο
965 946 1066 1009 τὰς
1089 947 1217 1016 παρ’
1243 946 1427 1010 αὐτοῖς
1447 947 1554 1002 τῶν
1585 950 1745 1004 θείων
1773 953 1912 1024 Γρα-

318 1039 430 1108 quin
462 1027 819 1108 ἐπαγγελίας,
867 1038 1112 1109 νομικῶν
1144 1054 1203 1090 τε
1239 1040 1330 1091 καὶ
1364 1043 1716 1110 προφητικῶν
1766 1047 1908 1116 Γρα-

317 1131 431 1199 φῶν
465 1132 825 1199 ἀναγνώσεις,
859 1130 1056 1200 βίϐλων
1089 1148 1146 1182 τε
1194 1131 1479 1202 ἱστορικῶν
1513 1134 1606 1186 καὶ
1638 1137 1909 1207 στιχηρῶν

313 1222 491 1290 λόγον,
523 1223 805 1294 ὑμνῳδίας
834 1240 892 1276 τε
920 1223 1176 1294 τρόπους,
1211 1224 1302 1276 καὶ
1335 1224 1684 1295 ψαλμῳδίας’
1721 1227 1906 1296 ὄψεται

313 1313 645 1382 παράδεισον
672 1312 910 1384 ἀληθῶς,
961 1314 1054 1366 καὶ
1085 1312 1325 1383 λειμῶνα
1355 1316 1624 1370 παντοίων
1665 1319 1902 1386 ἀγαθῶν.

311 1401 371 1454 Εἰ
398 1403 456 1454 δὲ
491 1401 748 1472 ζητήσειε
796 1403 928 1472 παρ’
959 1403 1140 1466 αὐτοῖς
1169 1403 1258 1456 τὸν
1300 1403 1538 1475 ἔμψυχον
1566 1406 1660 1460 καὶ
1685 1408 1904 1478 γόνιμον

310 1495 404 1545 καὶ
434 1493 612 1556 ζῶντα
646 1493 838 1560 Λόγον,
868 1489 930 1544 οὗ
957 1495 986 1545 6
1014 1493 1181 1546 πίνων
1211 1496 1390 1566 πηγὴν
1419 1497 1528 1562 ’ἐξει
1557 1497 1744 1558 ὓδατος
1770 1499 1903 1563 ζῶν-

309 1600 398 1647 τος
424 1584 719 1654 ἁλλομένου
754 1585 834 1647 είς
861 1581 1008 1654 ζωὴν
1034 1583 1248 1638 αἰώνιον
1273 1603 1284 1616 '
1311 1586 1410 1639 οῦκ
1440 1588 1505 1641 iv
1526 1588 1695 1659 εὖροι.

393 1863 414 1895 ι
443 1845 555 1896 Καὶ
585 1844 731 1897 ἔσται
830 1847 1188 1918 ξσχίιςξαύτῶν
1219 1851 1293 1913 ὡς
1326 1850 1547 1922 καλάμη
1573 1855 1892 1919 στυππείου,

313 1935 416 1987 καὶ
465 1936 521 1988 αί
561 1937 809 2007 ἐργασίαι
844 1939 1014 1992 αὐτῶν
1039 1939 1114 2003 ὡς
1146 1942 1336 1996 σπινθῖτ
1350 1959 1440 2012 ρες
1465 1959 1478 1972 ο
1505 1942 1599 1995 καὶ
1625 1960 1896 1996 κατακαυ-

312 2025 578 2095 θήσονται
600 2028 649 2079 οί
680 2029 882 2099 ἄνομοι,
913 2031 1005 2083 καὶ
1032 2032 1081 2084 οἱ
1104 2032 1421 2104 ἁμαρτωλοὶ
1470 2035 1587 2104 ἅμα
1612 2052 1625 2065 ’
1668 2037 1762 2089 καὶ
1795 2038 1894 2090 οὐκ

310 2110 466 2163 ἔσται
495 2115 525 2164 6
552 2114 772 2166 σϐἐσων.
798 2134 816 2165 ι
851 2115 923 2167 Οὐ
954 2115 1122 2179 σίτου,
1148 2118 1268 2169 οὐδέ
1299 2136 1440 2182 τινος
1467 2121 1654 2190 ἐτέρου
1690 2121 1797 2173 τῶν
1827 2123 1892 2174 ἀ-

306 2204 585 2270 ναγκαίων
608 2204 848 2276 καλάμη,
875 2206 972 2259 διὰ
997 2207 1053 2259 τὸ
1073 2207 1382 2280 ἀφῃρῆσθαι
1405 2211 1500 2263 ἀπ’
1532 2209 1711 2263 αὐτῶν
1741 2212 1890 2282 ἰσχύ-

303 2310 430 2345 οντα
457 2295 552 2347 καὶ
589 2295 898 2365 ίσχῦουσαν,
955 2296 1049 2350 καὶ
1095 2299 1248 2368 ίσχὺν
1275 2299 1462 2368 ἄρτου,
1518 2301 1611 2353 καὶ
1642 2301 1713 2354 τά
1741 2302 1887 2372 ἑξῆς.

301 2384 391 2435 Διὸ
412 2384 535 2436 οὐδὲ
585 2385 840 2438 δύνανται
883 2385 1063 2453 λέγειν
1105 2391 1218 2451 τοῖς
1261 2389 1496 2459 Χριστοῦ
1542 2392 1811 2464 μαθηταῖς
1837 2395 1891 2446 ὀ-

303 2475 468 2541 μοίως
491 2491 506 2504 .
558 2476 787 2531 duim;
825 2477 1081 2549 ξσχύομεν
1106 2480 1164 2532 ὲν
1210 2478 1287 2550 τῷ
1318 2480 1704 2552 ἐνδυναμοῦντι
1745 2484 1890 2553 ἡμᾶς

298 2565 442 2636 Θεῷ·
470 2585 488 2617 ι
524 2569 642 2633 καὶ,
679 2589 696 2619 ι
716 2569 814 2631 Τίς
859 2572 1008 2641 ἡμᾶς
1030 2571 1251 2643 χωρίσει
1288 2573 1396 2626 ἀπὺ
1423 2575 1520 2645 τῆς
1547 2577 1770 2649 ἀγάπης
1793 2577 1886 2630 τοῦ

297 2658 570 2730 Χριστοῦ;
605 2659 842 2732 θλίψιςῆ
878 2665 1241 2735 στενοχωρία;
1272 2684 1289 2714 ι
1325 2666 1418 2718 καὶ
1446 2666 1514 2720 τὰ
1548 2666 1697 2738 ἑξῆς.
1732 2669 1888 2722 οὕτω

296 2749 349 2804 δὲ
371 2751 594 2819 γέγονεν
623 2751 802 2804 αὐτῶν
853 2754 886 2824 ἡ
919 2755 1070 2824 ἰσχὺς
1103 2755 1178 2819 ὡς
1202 2756 1422 2827 καλάμη
1461 2761 1780 2825 στυππεῖον,
1813 2762 1888 2824 ὡς

303 2844 377 2916 μὴ
431 2846 589 2915 μόνον
621 2846 882 2899 ἀπολέσαι
915 2848 1014 2918 τὴν
1063 2847 1400 2919 ἐλευθερίαν,
1446 2843 1566 2922 ὲνῇ
1623 2852 1886 2923 πρότερον

300 2936 534 3006 ἐκόμων,
584 2937 877 3008 αὐτονομίᾳ
921 2938 1015 2991 καὶ
1072 2938 1316 3011 βασιλείᾳ
1367 2940 1542 3012 οἰκείᾳ
1590 2939 1882 3012 χρώμενοι,

2023 493 2240 561 pudenti
2259 504 2313 549 et
2333 496 2700 553 inverecundo
2722 504 2912 555 eorum
2936 504 3218 572 preposito
3241 516 3596 564 mutationem

2022 581 2230 636 afferet.

2090 673 2252 727 Vens.
2283 675 2370 732 50.
2408 693 2426 727 ι
2453 677 2620 732 Erunt
2650 680 2791 734 enim
2826 681 2964 736 sicut
2999 684 3334 740 terebinthus
3359 687 3596 744 deﬂuen-

2019 763 2161 818 tibus
2220 765 2380 833 foliis,
2439 776 2494 821 et
2558 769 2696 824 sicut
2737 773 3023 838 paradisus
3064 776 3180 829 sine
3213 792 3350 845 aqua
3387 797 3400 832 :
3441 799 3459 831 ι
3501 783 3592 850 qui

2016 853 2146 907 olim
2172 865 2326 908 erant
2356 858 2513 912 vinea
2540 859 2752 916 Domini
2783 861 3043 926 Sabaoth,
3068 875 3122 918 et
3150 866 3288 921 oliva
3315 871 3590 927 umbrosa.

2017 942 2074 997 Si
2112 946 2234 1013 quis
2265 947 2410 1000 enim
2446 953 2748 1018 respexerit
2769 953 2833 1005 ad
2865 956 3130 1023 promissa
3160 973 3278 1025 qua:
3317 959 3368 1012 in
3396 961 3592 1018 divinis

2015 1032 2312 1104 Scripturis
2337 1053 2502 1107 penes
2531 1040 2647 1096 illos
2675 1043 2965 1108 habentur,
2998 1047 3066 1099 ad
3109 1046 3354 1117 legalium
3385 1060 3441 1104 et
3460 1067 3588 1120 pro-

2010 1124 2350 1192 pheticarum
2385 1128 2816 1200 Scripturarum
2867 1134 3164 1202 lectiones,
3213 1139 3275 1192 ad
3327 1141 3585 1198 librorum

2001 1225 2120 1269 tam
2173 1217 2576 1285 historicorum,
2617 1237 2778 1291 quam
2825 1203 3174 1282 metricorum
3227 1241 3573 1298 concentum,

2008 1305 2196 1360 modos
2220 1316 2272 1360 et
2297 1308 2652 1376 psalmodias,
2682 1314 2728 1368 is
2755 1313 2882 1372 vere
2913 1319 3244 1385 paradisum,
3278 1330 3331 1374 et
3359 1334 3575 1390 pratum

2006 1393 2163 1482 bonis
2189 1398 2441 1453 omnibus
2486 1402 2748 1470 repletum
2785 1405 2984 1462 videat.
3017 1409 3170 1474 Quod
3203 1411 3249 1464 si
3281 1415 3400 1478 quis
3431 1413 3573 1482 apud

2005 1481 2122 1536 illos
2144 1484 2464 1550 animatum,
2493 1489 2668 1544 fertile
2699 1506 2763 1546 ac
2794 1495 2985 1548 vivens
3016 1497 3250 1551 Verbum
3282 1481 3579 1574 quaesierit,

2003 1588 2067 1628 cx
2123 1592 2230 1644 quo
2287 1579 2534 1649 quisquis
2588 1583 2829 1650 biberit,
2892 1587 3114 1642 habebit
3171 1587 3374 1644 fontem
3427 1607 3581 1660 aqua:

2005 1666 2168 1730 vivae,
2202 1667 2450 1727 salientis
2503 1671 2554 1723 in
2605 1673 2770 1727 vitam
2812 1685 3104 1744 aeternam;
3144 1679 3457 1749 neutiquam
3491 1682 3576 1737 in-

1934 1739 1976 1792 B
2007 1755 2206 1810 veniat.

2069 1844 2234 1900 Vsus.
2259 1848 2350 1904 51.
2382 1867 2403 1902 ι
2437 1850 2504 1904 Ει
2539 1850 2642 1905 erit
2685 1851 2944 1909 fortitudo
2969 1856 3187 1910 illorum
3228 1867 3288 1911 ut
3333 1859 3576 1914 calamus

1996 1944 2206 2006 stuppae
2236 1949 2290 1993 et
2315 1954 2450 2007 opus
2477 1955 2665 1995 eorum
2696 1950 2752 1994 ut
2781 1943 3067 1998 scintillae:
3094 1955 3150 1999 et
3183 1947 3574 2002 comburentur

1997 2025 2168 2093 iniqui
2214 2036 2269 2082 et
2315 2039 2627 2098 peccatores
2665 2031 2846 2097 simul,
2886 2042 2940 2087 et
2969 2049 3076 2088 non
3110 2037 3214 2091 erit
3232 2037 3322 2106 qui
3363 2039 3572 2092 exstin-

1994 2126 2142 2186 guat.
2183 2136 2201 2169 ι
2230 2117 2348 2173 Non
2390 2118 2682 2187 frumenti,
2723 2129 2818 2176 aut
2865 2123 3091 2183 alterius
3141 2125 3439 2195 cujuspiam
3476 2143 3570 2182 ue-

1995 2209 2253 2264 cessarim
2307 2209 2408 2275 rei,
2465 2208 2710 2264 calamus
2736 2251 2750 2276 ,
2791 2211 2918 2281 quia
2973 2214 3188 2270 ablatus
3235 2226 3320 2271 est
3357 2217 3424 2271 ab
3462 2217 3572 2272 illis

1993 2298 2253 2356 robustus
2277 2311 2330 2354 et
2372 2301 2618 2365 robusta,
2661 2302 2826 2356 robur
2878 2305 3052 2372 panis,
3084 2314 3187 2359 etc.
3230 2306 3354 2362 Ideo
3392 2308 3573 2362 dicere

1991 2393 2514 2461 nequeuntperinde
2549 2401 2712 2462 atque
2741 2393 2944 2449 Christi
2986 2395 3240 2466 discipuli
3269 2418 3280 2453 :
3315 2415 3334 2448 ι
3374 2397 3568 2453 Omnia

1990 2496 2278 2551 possumus
2329 2482 2382 2536 in
2419 2496 2502 2546 eo,
2558 2483 2650 2551 qui
2698 2498 2796 2538 nos
2833 2484 3102 2539 confortat
3154 2487 3263 2539 Deo
3301 2488 3382 2550 '°;
3420 2506 3438 2538 ι
3468 2496 3564 2542 et:

1996 2589 2014 2623 σ
2047 2572 2180 2639 Quis
2213 2587 2312 2627 nos
2344 2573 2618 2641 separabit
2639 2588 2668 2626 a
2706 2574 2972 2628 charitate
2995 2575 3243 2630 Christi?
3270 2578 3566 2643 tribulatio,

1989 2671 2056 2715 an
2093 2661 2342 2732 angustia
2389 2661 2486 2711 “?
2529 2681 2550 2712 ι
2598 2668 2652 2713 et
2701 2669 2917 2715 cratera.
2968 2662 3041 2715 Ita
3095 2678 3258 2731 porro
3309 2663 3570 2719 fortitudo

1988 2767 2174 2807 eorum
2212 2759 2271 2804 ut
2311 2749 2555 2803 calamus
2579 2759 2787 2818 stuppa:
2825 2752 2963 2804 facta
3003 2760 3126 2814 est;
3179 2761 3234 2804 ιιι
3266 2767 3370 2805 non
3399 2755 3559 2807 modo

1989 2840 2323 2904 libertatem,
2352 2853 2456 2908 qua
2506 2838 2658 2907 prius
2681 2839 2903 2908 proprio
2916 2840 3038 2910 jure
3064 2856 3128 2896 ac
3158 2856 3328 2911 regno
3352 2852 3567 2897 utentes

1985 2930 2267 2993 ﬂorebant,
2295 2929 2649 2992 amitterent,
2683 2931 2777 2984 sed
2806 2930 2967 2984 etiam
2998 2931 3278 3000 quibusvis
3306 2931 3566 2987 Romanis

299 3026 435 3080 ἀλλά
462 3029 558 3079 καὶ
590 3030 701 3091 τοῖς
725 3027 948 3097 τυχοῦσι
991 3027 1275 3099 Ῥωμαίων
1307 3029 1666 3100 στρατιώταις
1689 3031 1886 3101 ἀνδρά-

1991 3018 2249 3075 militibus
2277 3019 2570 3074 servirent.
2595 3017 2793 3072 Eorum
2818 3018 3018 3088 quippe
3038 3035 3202 3090 opera
3229 3020 3368 3090 ignis
3395 3036 3561 3075 causa

301 3135 353 3170 σι
385 3118 669 3172 δουλεύειν.
703 3120 814 3171 Καὶ
839 3119 1016 3173 αὐτῶν
1043 3119 1152 3189 γὰρ
1178 3121 1231 3172 αἱ
1258 3121 1508 3189 ἐργασίαι
1538 3122 1668 3192 πυρὶ
1693 3123 1882 3185 αἴτιαι,

299 3209 394 3260 ᾶτε
435 3208 498 3260 οὗ
529 3209 726 3279 χρυσον
743 3209 863 3262 οὐδὲ
900 3210 1138 3280 ἄργυρον
1172 3209 1291 3262 οὐδὲ
1324 3209 1504 3273 λίθους
1537 3212 1774 3280 τιμίους,
1799 3211 1887 3275 ξύ-

295 3297 383 3352 λον
426 3299 481 3352 δὲ
514 3300 673 3369 μόνον
715 3301 807 3353 καὶ
843 3299 1094 3370 καλάμην
1127 3299 1572 3371 οίκοδομούντων.
1627 3302 1790 3372 Ὁρᾷς
1832 3303 1886 3354 ὂ-

298 3407 410 3452 πως
455 3390 798 3460 πυρπὸλησιν
847 3390 942 3442 καὶ
995 3392 1320 3462 ἐμπρησμὸν
1367 3391 1582 3444 ἀπειλεῖ
1634 3391 1815 3454 αὐτοῖς
1857 3393 1886 3443 6

293 3479 446 3547 λόγος
475 3496 488 3508 ·
545 3480 638 3532 καὶ
675 3481 834 3533 τοῦτο
864 3479 1016 3545 τέλος
1072 3481 1171 3551 τῆς
1222 3480 1500 3550 παρούσης
1552 3481 1672 3534 κατ’
1705 3481 1883 3534 αὐτῶν

293 3573 658 3642 προφητείας·
686 3572 716 3624 ὃ
751 3573 815 3643 δὴ
849 3572 943 3625 καὶ
968 3571 1308 3643 παραχρῆμα
1335 3561 1471 3643 πρὸς
1503 3572 1644 3636 λέξιν
1679 3572 1879 3642 ἀπέϐη,

290 3662 388 3714 καὶ
421 3663 522 3713 οὐκ
559 3664 641 3724 εἰς
679 3661 898 3732 μακρὰν
931 3661 1071 3732 μετά
1098 3661 1196 3732 τὴν
1227 3660 1365 3713 κατά
1411 3660 1505 3736 τοῦ
1540 3660 1791 3731 Σωτῆρος
1818 3663 1882 3731 ἡ-

294 3750 412 3821 μῶν
441 3751 642 3822 τόλμαν
665 3750 1108 3823 πυρποληθείσης
1134 3751 1318 3814 αὐτοῖς
1349 3751 1448 3818 τῆς
1473 3751 1876 3823 μητροπόλεως,

288 3842 400 3898 τῶν
434 3859 494 3894 τε
542 3844 600 3894 ἐν
637 3845 772 3913 αὐτῇ
818 3843 1030 3896 ἀσεϐῶν
1072 3845 1136 3896 ἐκ
1164 3842 1271 3895 τῶν
1304 3842 1516 3897 οἰκείων
1565 3843 1878 3914 σπινθήρων

286 3935 348 3986 τὺ
378 3933 644 3987 ἄσϐεστον
673 3935 783 4005 πῦρ
831 3934 892 3986 τὸ
924 3935 1157 3996 αἰώνιον,
1197 3934 1292 3986 καὶ
1318 3933 1416 4002 τὴν
1443 3935 1506 3987 ἐκ
1544 3933 1678 3986 Θεοῦ
1712 3934 1877 4005 ὀργὴν

285 4028 344 4080 ἓν
366 4028 397 4096 ἡ
410 4026 554 4096 ρξ
575 4027 745 4095 ὀργῆς
776 4027 956 4090 αὐτοῖς
976 4026 1443 4096 ταμιευσαμένων.

837 4115 1232 4168 ΚΕΦΑΛΑΙΟΝ
1269 4115 1343 4168 B'.

360 4226 378 4255 ι
403 4207 461 4258 '0
489 4205 650 4272 λόγος
676 4206 704 4256 6
736 4205 1023 4274 γενόμενος
1059 4205 1206 4275 παρά
1241 4204 1446 4276 Κυρίου
1475 4205 1612 4276 πρὸς
1649 4205 1876 4258 Ἡσαΐαν

282 4298 400 4350 υἱον
428 4297 615 4366 Ἀμώς
639 4297 766 4366 περὶ
797 4297 892 4366 τῆς
922 4296 1177 4354 Ἰουδαίας
1200 4296 1292 4348 καὶ
1326 4295 1455 4366 περὶ
1486 4295 1872 4366 Ἰερουσαλήμο

1991 3104 2258 3163 fuerunt:
2302 3107 2502 3177 quippe
2539 3107 2632 3176 qui
2672 3120 2777 3160 non
2819 3122 3049 3173 aurum,
3097 3124 3202 3163 non
3259 3119 3562 3178 argentum.

1990 3214 2095 3253 non
2135 3197 2344 3268 lapides
2376 3198 2671 3266 pretiosos,
2702 3197 2797 3252 sed
2840 3197 3045 3276 lignum
3091 3208 3295 3252 tantum
3322 3208 3375 3252 et
3416 3199 3564 3255 cala-

1990 3305 2134 3344 mum
2185 3288 2542 3344 azdilicarent.
2585 3288 2769 3344 Videu‘
2796 3287 3066 3357 quomodo
3108 3289 3353 3344 ﬂammas
3388 3300 3442 3345 et
3475 3291 3564 3344 in-

1987 3379 2236 3434 cendium
2276 3379 2641 3432 comminetur
2664 3377 2837 3446 ipsis?
2863 3377 2926 3430 Et
2954 3377 3041 3431 bic
3062 3378 3184 3432 fluis
3213 3385 3296 3432 est
3333 3393 3564 3447 praesen-

1988 3468 2056 3523 tis
2094 3476 2288 3522 contra
2329 3466 2451 3521 illos
2506 3466 2828 3535 prophetize,
2877 3465 3031 3532 cujus
3078 3477 3302 3521 eventus
3352 3468 3562 3536 statim,

1986 3576 2162 3631 neque
2200 3561 2274 3614 ita
2305 3559 2476 3613 multo
2503 3566 2625 3627 post
2670 3565 3042 3626 perpetratum
3089 3566 3276 3611 contra
3310 3558 3562 3616 Salvato-

1984 3668 2098 3708 rem
2145 3660 2395 3706 nostrum
2451 3648 2682 3712 facinus,
2735 3648 2803 3702 ad
2853 3647 3089 3701 litteram
3139 3649 3382 3717 contigit,
3433 3665 3557 3702 cum
3612 3651 3618 3664 ‘

1983 3759 2171 3799 eorum
2203 3743 2518 3812 metropolis
2544 3743 2794 3798 incendio
2824 3743 3019 3798 tradita
3051 3751 3152 3804 est,
3192 3751 3246 3796 et
3285 3742 3430 3811 impii
3457 3743 3557 3795 lto-

1983 3835 2159 3888 mines
2194 3832 2248 3886 in
2276 3847 2337 3887 ea
2384 3841 2792 3887 commorantcs
2837 3847 2903 3886 ex
2951 3831 3199 3885 scintillis
3237 3831 3349 3884 suis
3377 3832 3555 3900 ignem

1983 3927 2478 3998 iucxstingnibilem
2509 3940 2572 3981 ac
2609 3935 2869 3981 a‘tcrnunt
2895 3965 2910 3988 ,
2952 3926 3196 3995 iramque
3239 3924 3330 3980 Dei
3374 3924 3428 3979 itt
3467 3923 3558 3978 die

1984 4022 2076 4075 irae
2106 4019 2209 4074 sibi
2242 4018 2682 4072 recondiderunt.

2593 4104 2822 4160 CAPUT
2868 4105 2930 4158 11.

2054 4200 2216 4254 νειιε,
2251 4199 2368 4251 1-4.
2411 4214 2430 4247 ι
2477 4193 2708 4247 Verbum
2740 4194 2880 4261 quod
2910 4193 3110 4246 factum
3144 4201 3226 4248 est
3257 4208 3286 4246 ιι
3326 4189 3554 4247 Domino

1981 4291 2046 4344 ad
2077 4289 2322 4343 llesaiam
2349 4287 2516 4341 lilium
2538 4286 2702 4339 Amos
2721 4285 2862 4338 circa
2889 4283 3127 4338 Judzeam
3146 4279 3548 4338 etJerusalem:

279 4393 365 4445 ὅτι
397 4390 554 4443 ἔσται
579 4391 636 4442 ἐν
668 4391 788 4450 ταῖς
824 4387 1076 4456 ἐσχάταις
1117 4387 1351 4457 ἡμέραις
1385 4386 1622 4455 ἐμφανὲς
1659 4384 1717 4438 τὸ
1749 4385 1874 4455 ὅρος

1991 4383 2106 4449 quia
2163 4381 2269 4434 erit
2325 4378 2377 4432 in
2436 4376 2753 4432 novissimis
2777 4375 2968 4430 diebus
3020 4375 3342 4441 conspicuus
3395 4385 3552 4424 mons

278 4482 377 4537 τοῦ
405 4479 638 4553 Κυρίου,
675 4479 768 4532 καὶ
798 4481 826 4531 6
877 4475 1020 4540 οἶκος
1064 4477 1155 4529 τοῦ
1184 4476 1317 4529 Θεοῦ
1348 4477 1431 4528 ἐπ’
1468 4476 1648 4546 ἀκρων
1676 4477 1783 4528 τῶν
1816 4477 1872 4528 6-

283 4575 448 4642 ρέων,
486 4572 580 4624 καὶ
623 4569 968 4639 ὑψωθήσεται
997 4567 1248 4638 ὑπεράνω
1285 4566 1392 4618 τῶν
1429 4565 1650 4635 βουνῶν,
1684 4566 1776 4618 καὶ
1811 4567 1872 4634 ἧ-

279 4667 470 4732 ξουσιν
497 4664 582 4715 ἐπ’
609 4661 740 4713 αὐτὸ
769 4661 942 4712 πάντα
967 4658 1032 4711 τὰ
1054 4657 1180 4728 ἔθνη
1230 4657 1339 4709 Καὶ
1367 4655 1718 4727 πορεύσονται

281 4753 482 4816 πολλὰ,
513 4751 607 4802 καὶ
644 4749 827 4820 ἐροῦσι
847 4766 859 4778 ·
903 4748 1086 4810 Δεῦτε,
1122 4749 1213 4801 καὶ
1238 4745 1525 4815 ἀναθῶμεν
1548 4747 1626 4808 είς
1652 4746 1710 4798 τὸ
1744 4747 1866 4816 ὅρος

283 4844 519 4916 Κυρίου,
544 4843 634 4893 καὶ
659 4842 737 4904 εἰς
764 4841 855 4892 τὸν
883 4835 1027 4891 οἷκον
1052 4837 1144 4891 τοῦ
1165 4836 1299 4890 Θεοῦ
1330 4833 1520 4888 Ἰακὼϐ
1539 4851 1552 4863 ο
1590 4837 1682 4888 καὶ
1704 4837 1868 4903 ἀναγ-

283 4936 434 5002 γελεῖ
468 4935 603 5003 ἡμῖν
632 4931 726 5001 τὴν
759 4930 877 4983 ὁδὸν
909 4929 1092 4994 αὐτοῦ,
1139 4931 1232 4983 καὶ
1268 4926 1642 4997 πορευσόμεθα
1685 4929 1740 4981 ἐν
1775 4928 1868 4980 αὖ-

282 5031 371 5098 τῇ.
405 5029 503 5080 Ἐκ
532 5023 641 5095 γὰρ
672 5024 807 5077 Σιὼν
855 5022 1190 5087 ἐξελεύσεται
1225 5022 1405 5091 νόμος.
1441 5021 1534 5074 καὶ
1571 5021 1727 5088 λόγος
1755 5021 1868 5074 Κυ-

284 5119 406 5187 ρίου
448 5115 510 5182 ἐξ
556 5113 928 5186 Ἰερουσαλήμ.
980 5112 1085 5164 Καὶ
1128 5115 1303 5182 κρινεῖ
1335 5111 1437 5163 ἀνὰ
1474 5113 1636 5182 μέσον
1688 5111 1792 5163 τῶν
1823 5113 1877 5162 ἑ-

281 5205 453 5269 θνῶν,
481 5203 578 5256 καὶ
597 5201 866 5271 ἐξελέγξει
892 5201 1017 5253 λαὸν
1047 5200 1210 5253 πολὺν
1242 5201 1421 5262 αὑτός.
1449 5219 1466 5251 ι
1498 5200 1668 5262 Λὺτδς
1699 5197 1754 5250 δὲ
1784 5199 1876 5251 καὶ

278 5295 558 5367 διέκρινεν
577 5295 682 5349 ἀνά
711 5294 876 5364 μέσον
897 5292 1005 5345 τῶν
1046 5291 1233 5352 ἐθνῶν,
1266 5291 1531 5360 ἀφορίσας
1555 5287 1732 5358 ἑαυτῷ
1753 5289 1876 5350 τοὺς

280 5385 494 5452 ἀξίους,
533 5386 628 5437 καὶ
676 5383 1033 5452 ἐκλεξάμενος
1077 5381 1202 5442 τοὺς
1233 5379 1462 5449 κλητοὺς
1508 5377 1615 5430 ἀπὸ
1643 5377 1749 5429 τῶν
1795 5375 1876 5447 μὴ

279 5479 564 5530 tacitum.
610 5475 792 5538 υῦτως
815 5471 908 5528 οὖν
942 5472 1046 5525 ἀνά
1079 5473 1239 5542 μέσον
1269 5470 1375 5522 τῶν
1404 5467 1572 5523 ἐθνῶν
1600 5468 1878 5538 διακρίνας

280 5567 312 5618 6
339 5563 702 5632 εὐαγγελικὸς
749 5563 934 5632 νόμος,
964 5561 1088 5613 λαὺν
1124 5559 1289 5613 πολὺν
1328 5557 1573 5628 ἦλεγξεν,
1604 5557 1720 5626 ἤτοι
1752 5557 1876 5618 τοὺς

358 5681 401 5710 ³⁸
421 5678 666 5733 l‘bilinn.
702 5691 773 5740 tv,
822 5675 904 5731 l5.
986 5675 1023 5706 ¹¹
1054 5673 1210 5729 llorn.
1254 5690 1368 5741 vttt,
1406 5675 1495 5728 55.

1983 4470 2194 4525 Domini
2245 4479 2300 4523 et
2349 4469 2541 4523 domus
2581 4467 2675 4521 Dei
2718 4481 2881 4534 supra
2928 4467 3184 4520 verticem
3237 4461 3547 4514 montium:

1979 4575 2034 4618 et
2102 4561 2408 4617 elevabilur
2462 4573 2624 4627 super
2677 4557 2888 4613 colles:
2943 4567 2996 4611 et
3045 4553 3259 4608 venient
3309 4552 3372 4604 ad
3424 4565 3549 4604 eum

1979 4667 2168 4708 mnncs
2222 4659 2432 4720 gentes.
2487 4647 2552 4702 Et
2587 4648 2740 4703 ibunt
2791 4646 2983 4717 populi
3031 4642 3181 4697 multi
3214 4650 3268 4695 et
3318 4640 3544 4694 dicent:

1981 4745 2200 4808 \‘enite,
2262 4740 2622 4804 ascendamus
2675 4739 2741 4792 ad
2794 4747 3031 4791 montem
3097 4731 3312 4785 Domini
3369 4738 3425 4783 et
3482 4731 3547 4782 ad

1978 4837 2195 4890 domum
2227 4833 2316 4886 Dei
2345 4830 2511 4886 Jacob
2537 4847 2551 4883 :
2585 4839 2636 4884 et
2665 4826 3007 4882 annuntiabit
3027 4823 3180 4879 nobis
3201 4822 3345 4875 viam
3373 4835 3546 4881 suam,

1978 4937 2033 4980 et
2075 4927 2389 4980 inccdemns
2425 4921 2480 4976 in
2523 4937 2610 4974 ea.
2663 4918 2796 4972 Nam
2844 4933 2908 4971 ex
2949 4917 3078 4971 Sion
3122 4914 3289 4968 exibit
3336 4913 3442 4970 lex.
3496 4922 3548 4964 et

1981 5018 2202 5070 verbum
2254 5013 2464 5068 Domini
2502 5027 2564 5064 ex
2613 5009 2934 5064 Jerusalem.
2987 5005 3052 5058 Et
3099 5001 3365 5073 jndicabit
3411 5001 3547 5053 inter

1977 5121 2185 5180 gentes,
2240 5117 2297 5161 et
2343 5114 2536 5174 arguet
2583 5099 2838 5171 pupulum
2895 5097 3118 5152 multum
3181 5093 3315 5160 ipse.
3357 5113 3375 5142 ι
3433 5093 3548 5158 Ipse

1976 5207 2156 5252 autem
2177 5196 2444 5263 judicavit
2465 5187 2607 5248 inter
2631 5199 2846 5259 gentes,
2878 5201 2970 5241 eos
2999 5185 3087 5253 qui
3128 5198 3188 5236 sc
3215 5182 3359 5250 digni
3391 5191 3546 5234 erant

1975 5289 2077 5343 sibi
2118 5303 2433 5373 segregans,
2462 5292 2792 5349 vocatosque
2826 5295 2854 5330 a
2888 5293 2991 5330 non
3036 5275 3240 5328 vocatis
3291 5273 3542 5341 seligens.

1977 5377 2070 5431 Sic
2100 5360 2395 5444 itaque‘lex
2438 5370 2772 5436 evangelica,
2819 5367 2872 5420 itt
2917 5364 3094 5419 med-io
3135 5364 3376 5434 gentium
3409 5360 3546 5425 diju-

1977 5468 2189 5532 dicans,
2229 5467 2456 5521 multum
2491 5459 3051 5532 populumcoarguit;
3101 5459 3212 5512 sive
3242 5455 3328 5518 iis,
3358 5453 3448 5521 qui
3491 5451 3542 5502 in

1977 5574 2036 5612 se
2055 5557 2402 5612 crediderunt
2429 5555 2493 5608 dc
2521 5552 2749 5622 pristino
2773 5565 2962 5606 errore
2988 5567 3084 5606 suo
3108 5547 3405 5610 convictis;
3428 5541 3541 5598 sive
