4036 6214
417 238 521 296 165

1146 232 1414 292 EUSEBII
1454 231 1937 290 CESARlENSIS
1974 231 2125 292 OPP.
2155 232 2336 292 PARS
2374 234 2460 291 III.
2502 262 2573 275 -—
2612 233 3025 292 EXEGETICA.

3608 245 3723 298 NH

419 356 508 419 iis,
540 351 633 422 qui
672 364 777 405 non
807 349 1181 415 credinerunt,
1218 356 1277 403 ut
1313 356 1506 420 suapte
1534 347 1694 418 culpa
1728 348 2008 419 pereunti-

2119 352 2189 413 εἰς
2218 349 2380 403 αὐτὸν
2414 347 2846 410 πεπιστευκότας
2894 345 3203 414 ἀπελέγξας
3257 348 3357 420 τὴν
3408 349 3468 402 ἐν
3523 352 3721 415 αὐτοῖς

420 445 544 508 bus,
576 441 897 498 confutatis.

495 658 519 695 ι
560 641 625 696 Et
660 639 1007 712 confringent
1037 638 1252 708 gladios
1294 652 1430 696 suos
1462 638 1517 694 in
1560 645 1769 701 aratra,
1800 645 1856 694 et
1884 636 2005 692 lan-

422 751 550 792 ceas
589 749 715 791 suas
767 734 819 788 in
873 733 1081 789 falces:
1117 742 1173 789 et
1224 747 1333 788 non
1384 730 1586 786 levabit
1634 745 1767 801 gens
1813 738 2002 785 contra

419 835 639 901 gentem
692 827 956 897 gladium,
1004 835 1062 883 et
1116 839 1223 880 non
1273 825 1683 882 exercebantur
1732 824 1878 879 ultra
1936 825 2005 878 ad

422 922 687 991 praelium.
726 939 746 973 ι
798 918 916 973 Non
972 918 1114 973 ultra
1154 916 1406 973 bellicam
1445 928 1619 972 artem
1648 916 1916 984 ediscunt,
1949 916 2003 971 in

418 1028 527 1081 qua
550 1027 609 1067 se
632 1000 781 1083 prius
818 1025 849 1065 a
876 1025 1062 1079 puero,
1105 1012 1263 1077 quasi
1312 1009 1645 1072 necessaria,
1696 1022 1793 1077 per
1845 1023 2006 1079 agros

328 1172 331 1173 ν
418 1111 477 1158 et
504 1104 667 1158 urbes
696 1103 1046 1167 exercebant,
1087 1101 1393 1156 vicinorum
1429 1101 1670 1156 hostium
1713 1098 2007 1156 formidine

417 1193 700 1249 commoti.
740 1194 851 1248 lmo
875 1193 1038 1247 etiam
1068 1191 1157 1261 qui
1185 1192 1477 1246 Dominum
1537 1200 1784 1247 nostrum
1818 1188 2006 1245 Iesum

422 1286 701 1340 Christum
783 1293 1195 1354 susceperunt,
1260 1282 1411 1337 omni
1478 1281 1761 1353 praeliandi
1828 1282 2009 1336 studio

424 1375 679 1444 exempti,
714 1375 766 1428 in
800 1388 930 1441 pace
953 1373 1168 1428 demum
1200 1381 1521 1440 versantur;
1560 1372 1631 1426 ita
1659 1382 1718 1427 ut
1741 1385 1848 1426 non
1873 1370 2011 1426 ulte-

426 1466 541 1520 rius
607 1468 674 1520 ab
740 1465 1067 1520 adversariis
1138 1463 1506 1535 potestatibus
1574 1472 2007 1535 oppugnentur,

425 1571 603 1626 neque
656 1556 994 1612 damonibus
1068 1555 1120 1610 in
1180 1570 1243 1611 se
1306 1553 1436 1609 olim
1504 1553 1794 1623 imperium
1862 1552 2008 1608 obti-

424 1646 679 1700 nantibus
744 1646 945 1703 subditi
996 1645 1126 1700 sint.
1170 1643 1383 1711 Quibus
1438 1643 1701 1699 Servator
1747 1642 1863 1713 ipse
1910 1656 2006 1713 pa-
2042 1686 2055 1713 _.

2109 441 2379 513 προτέραν
2412 440 2641 509 πλάνην,
2684 438 2719 508 ἢ
2770 439 2897 502 τοὺς
2934 439 3009 510 μὴ
3040 439 3120 502 είς
3150 440 3313 495 αὐτὸν
3341 445 3721 496 πεπιστευκό-

2107 550 2206 596 τας
2244 530 2469 601 ἐλέγξας
2495 530 2646 601 παρά
2690 530 2789 600 τὴν
2842 529 3021 586 αὐτῶν
3059 532 3238 587 αἰτίαν
3270 533 3714 603 ἀπολλυμένους.

2183 650 2205 683 ι
2227 631 2337 685 Καὶ
2369 630 2698 700 συγκόψουσι
2720 627 2820 691 τὰς
2853 628 3130 699 μαχαίρας
3157 625 3343 681 αὐτῶν
3368 627 3450 689 εἰς
3473 626 3715 698 ἄροτρα,

2109 724 2205 779 καὶ
2233 724 2331 786 τὰς
2365 722 2588 786 meum;
2626 720 2916 783 αὐτῶν.είς
2938 719 3182 790 δρέπανα
3203 734 3216 749 ⁸
3252 718 3347 772 καὶ
3382 718 3442 771 ού
3477 719 3556 789 μὴ
3602 720 3716 790 ἄρῃ

2112 813 2263 875 ἔθνος
2290 812 2375 865 ἐπ’
2399 810 2551 874 ἔθνος
2582 809 2879 880 μάχαιραν,
2907 808 3002 861 καὶ
3023 808 3085 860 οὐ
3123 807 3197 879 μή
3230 806 3475 877 μάθωσιν
3496 806 3583 859 ἐτι
3616 825 3719 859 πο-

2111 906 2319 977 λεμεῖν.
2348 923 2365 953 ι
2404 901 2603 955 Οὐκέτι
2636 900 2746 972 γὰρ
2778 899 3119 952 διδάσκονται
3148 898 3217 951 τὰ
3245 897 3539 969 πολεμικά,
3570 899 3609 951 ὃ.
3646 898 3719 968 δὴ

2112 996 2375 1068 πρότερον
2395 994 2470 1059 ὼς
2495 994 2767 1062 ἀναγκαῖα
2790 994 2853 1046 ὲκ
2877 991 3080 1046 παίδων
3108 990 3227 1043 κατ’
3257 991 3459 1061 ἀγροὺς
3482 990 3583 1042 καὶ
3608 1006 3721 1042 κα-

2112 1089 2183 1143 τὰ
2234 1088 2417 1152 πόλεις
2446 1080 2726 1157 ἠσκοῦντο
2752 1085 2838 1139 διὰ
2872 1084 2961 1139 τὸν
3008 1083 3120 1138 ἀπὸ
3171 1082 3278 1136 τῶν
3312 1081 3717 1154 πλησιοχώρων

2116 1180 2389 1252 πολεμίων
2427 1178 2591 1249 φόῦον
2616 1195 2630 1208 ο
2667 1177 2803 1232 ἀλλὰ
2839 1177 2931 1230 καὶ
2956 1176 3006 1230 οἱ
3029 1174 3451 1244 καταδεξάμενοι
3471 1174 3563 1226 τὸν
3590 1175 3715 1225 K5-

2115 1289 2227 1344 ριον
2273 1272 2428 1343 ἡμῶν
2466 1268 2671 1342 Ἰησοῦν
2701 1269 2958 1340 Χριστὸν,
2995 1268 3176 1337 πάσης
3227 1265 3529 1336 πολεμικῆς
3565 1283 3715 1336 προ-

2112 1365 2375 1434 αιρέσεως
2409 1362 2835 1430 ἀπαλλαγέντες,
2869 1361 2927 1417 ὲν
2957 1361 3150 1432 εἰρήνῃ
3172 1358 3356 1411 λοιπὸν
3386 1358 3671 1434 διάγουσιν
3696 1374 3710 1384 ο

2112 1456 2189 1519 ὡς
2228 1455 2425 1527 μηκέτι
2462 1455 2567 1507 ὑπὸ
2603 1454 2706 1507 τῶν
2730 1435 3118 1524 ἀντικειμένων
3143 1451 3423 1520 δυνάμεων
3450 1449 3718 1519 πολεμεῖ-

2116 1544 2261 1611 σθαι,
2301 1544 2434 1617 μηδὲ
2466 1544 2809 1617 ὑποχειρίους
2837 1540 2975 1597 εἶναι
3008 1542 3117 1596 τῶν
3148 1541 3313 1620 πάλαι
3353 1541 3713 1610 κρατούντων

2115 1640 2293 1695 αὐτῶν
2340 1639 2632 1710 δαιμόνων.
2661 1633 2757 1702 υἷς
2786 1638 2879 1691 καὶ
2912 1639 2939 1691 ὁ
2968 1637 3159 1708 Σωτὴρ
3180 1637 3340 1698 αὐτὸς
3372 1638 3470 1708 τὴν
3504 1636 3710 1689 ἑαυτοῦ

424 1753 542 1791 cem
591 1751 892 1805 procurans
938 1750 1093 1792 suam
1130 1736 1249 1791 ait:
1302 1728 1329 1786 ἰ
1366 1733 1565 1790 Pacem
1598 1748 1775 1789 meam
1804 1732 1880 1789 do
1915 1746 2009 1788 vo-

2119 1732 2387 1805 προξενῶν
2422 1708 2641 1803 εἰρήνην
2676 1729 2845 1800 φησί’
2895 1747 2913 1779 ι
2941 1729 3176 1799 Εἰρήνην
3201 1728 3470 1808 τὴνιὲμήν
3508 1728 3709 1799 δίδωμι

423 1829 509 1885 liis
538 1830 603 1884 “.
652 1845 670 1880 ι

495 1920 654 1974 Vens.
691 1920 746 1974 5.
789 1937 808 1970 ι
850 1918 917 1973 Et
962 1932 1131 1984 nunc,
1169 1918 1369 1974 domus
1411 1916 1601 1981 Iacob,
1638 1915 1845 1980 venite,
1891 1891 2003 1969 anf-

419 2009 668 2067 bulcmus
704 2010 758 2064 in
807 2009 1014 2064 lumine
1058 2009 1296 2065 Domini.
1329 2027 1349 2061 ι
1380 2007 1797 2078 Consequenter
1826 2009 2011 2077 itaque

419 2103 709 2171 prOpheta,
731 2108 1019 2169 postquam
1044 2101 1285 2166 gentium
1313 2100 1676 2161 vocationem,
1703 2105 1761 2152 et
1785 2095 2010 2150 effusam

424 2193 479 2247 in
521 2206 712 2245 omnes
760 2188 1012 2244 homines
1068 2202 1257 2255 pacem
1314 2188 1626 2253 recensuit,
1678 2202 1836 2241 suum
1883 2199 2012 2252 erga

426 2282 729 2336 familiares
777 2293 906 2334 suos
956 2278 1213 2333 affectum
1269 2287 1670 2333 commonstrat
1700 2293 1715 2331 :
1745 2274 2002 2347 populum

426 2389 586 2428 suum
617 2369 1140 2437 commonefaciens,
1174 2378 1237 2424 ut
1293 2366 1495 2423 Christi
1545 2367 1782 2439 gratiam
1830 2365 2011 2421 omni-

426 2465 526 2519 bus
553 2464 805 2532 gentibus
847 2461 1032 2517 datam
1077 2470 1131 2517 et
1182 2459 1363 2515 lumen
1410 2459 1784 2529 evangelicum
1838 2458 2014 2514 susci-

427 2556 589 2626 piat:
635 2569 907 2625 seseque,
965 2553 1033 2608 ad
1090 2552 1476 2608 concitandum
1533 2549 2015 2622 instigandumque

423 2646 729 2717 populant,
793 2645 985 2700 iisdem
1050 2643 1396 2706 adnumerat,
1451 2650 1754 2710 auctorque
1812 2650 1896 2696 est
1954 2650 2015 2695 ut

426 2740 598 2795 lucem
636 2738 849 2793 Domini
909 2736 1126 2793 adeant.
1166 2734 1364 2790 Lucem
1408 2749 1570 2805 porro
1595 2733 1809 2789 Domini
1856 2742 2016 2789 vocat

426 2830 598 2900 legem
652 2827 787 2883 Novi
840 2828 1178 2882 Testamenti
1230 2842 1296 2882 ex
1348 2825 1480 2881 Sion
1540 2825 1928 2895 prodeuntem,
1956 2834 2013 2881 et

425 2920 670 2976 salutare
691 2917 1178 2986 evangelicumque
1206 2915 1458 2969 verbum.

497 3006 666 3063 Vens.
694 3006 749 3061 6.
782 3024 802 3057 ι
841 3004 1056 3096 Dimisit
1079 3002 1226 3057 enim
1269 3002 1525 3074 populum
1567 3016 1725 3059 suum
1746 3038 1763 3066 ,
1794 3003 2009 3058 domum
2040 3039 2083 3096 ο

428 3098 596 3153 Israel
645 3110 662 3151 :
715 3097 843 3165 quia
896 3094 1107 3164 repleta
1167 3100 1253 3148 est
1310 3102 1373 3149 ut
1434 3108 1464 3148 a
1527 3093 1797 3162 principio
1864 3103 2011 3149 terra

428 3203 618 3243 eorum
679 3187 953 3244 vaticiniis
991 3229 1006 3255 ,
1069 3196 1132 3244 ut
1196 3198 1343 3243 terra
1405 3185 1837 3257 alienigenarum
1886 3202 1903 3243 :
1960 3195 2015 3241 et

429 3281 583 3335 multi
659 3281 752 3336 filii
806 3281 1125 3352 alienigenae
1166 3279 1295 3335 facti
1348 3288 1475 3334 sunt
1518 3279 1621 3334 eis.
1660 3296 1681 3330 ι
1726 3277 1822 3334 llic
1859 3278 2014 3348 quasi

431 3372 542 3426 Deo
587 3370 958 3427 defensionem
1039 3385 1241 3441 parans
1276 3413 1292 3437 ,
1372 3384 1598 3426 causam
1676 3368 1835 3425 affert
1917 3385 2015 3425 cur

428 3477 525 3517 eos
557 3462 824 3518 dimiserit
858 3462 943 3518 his
992 3460 1175 3518 verbis
1206 3479 1219 3516 :
1254 3479 1272 3513 ι
1302 3461 1443 3528 Quia
1493 3461 1701 3532 repleta
1753 3468 1858 3524 est,
1896 3472 1955 3515 ut
1983 3476 2012 3514 a

428 3554 715 3625 principio,
767 3561 912 3608 terra
969 3567 1159 3607 eorum
1207 3552 1507 3618 vaticiniis,
1563 3570 1583 3604 ι
1641 3559 1695 3608 et
1743 3562 1947 3607 caetera
1996 3569 2011 3604 :

428 3646 625 3717 quibus
668 3645 913 3701 declarat
957 3644 1133 3713 ipsum
1180 3659 1289 3698 non
1345 3643 1465 3698 sine
1511 3657 1680 3698 causa
1729 3657 1826 3699 eos
1858 3644 2015 3699 dimi-

428 3754 589 3794 SISSG.

500 3830 667 3883 Vens.
703 3827 817 3883 7-9.
863 3843 879 3876 ι
920 3823 1147 3894 chleta
1188 3832 1274 3879 est
1321 3824 1465 3877 enim
1510 3832 1658 3878 terra
1700 3838 1887 3879 eorum
1935 3840 2018 3881 ar-

432 3929 596 3987 gento
628 3927 684 3972 et
716 3931 884 3983 auro,
933 3923 989 3969 et
1030 3930 1138 3970 non
1182 3923 1301 3970 erat
1337 3929 1598 3970 numerus
1631 3916 2015 3970 thesaurorum

436 4012 685 4065 illorum:
724 4017 778 4063 et
810 4008 1013 4077 repleta
1047 4017 1133 4063 est
1161 4017 1304 4062 terra
1339 4007 1521 4077 equis,
1561 4014 1616 4062 et
1648 4008 2017 4063 innumerabi-

433 4102 511 4156 les
541 4113 735 4153 currus
768 4097 887 4166 ejus
914 4116 928 4152 :
962 4108 1016 4153 et
1051 4099 1255 4170 repleta
1288 4107 1373 4155 est
1406 4107 1554 4153 terra
1590 4099 2019 4155 abominatioiii-

433 4195 535 4248 bus
556 4206 781 4261 operum
806 4206 1061 4246 manuum
1085 4206 1274 4248 eorum
1293 4235 1308 4259 ,
1336 4199 1393 4247 et
1414 4191 1782 4247 adoraverunt
1802 4206 1864 4246 ea
1894 4207 2015 4263 qua:

434 4284 683 4339 fecerunt
726 4283 878 4355 digiti
910 4297 1133 4338 eorum:
1175 4292 1232 4339 et
1267 4283 1577 4339 incurvavit
1622 4297 1682 4338 se
1729 4283 1923 4347 homo,
1961 4293 2017 4337 et

2111 1825 2260 1895 ὑμῖν.

2187 1934 2205 1967 ι
2238 1914 2348 1969 Καὶ
2377 1914 2492 1977 νῦν,
2522 1914 2550 1966 ό
2578 1909 2725 1976 οἶκος
2752 1912 2845 1966 τοῦ
2888 1911 3103 1975 Ἰακὼϐ,
3141 1911 3318 1975 δεῦτε,
3349 1910 3710 1983 πορευθῶμεν

2110 2008 2168 2061 ἐν
2197 2006 2275 2078 τῷ
2298 2008 2436 2075 φωτὶ
2462 2005 2688 2077 Κυρίου.
2718 2025 2735 2055 ι
2782 2003 3112 2067 Ἀκολούθως
3141 2004 3318 2057 τοίνυν
3343 2007 3371 2057 ὁ
3394 2005 3706 2075 προφήτης,

2112 2097 2400 2165 διεξελθὼν
2438 2096 2547 2151 τῶν
2587 2096 2756 2149 ἐθνῶν
2799 2096 2899 2166 τήν
2937 2092 3151 2165 κλῆσιν,
3188 2096 3281 2149 καὶ
3315 2096 3414 2166 τὴν
3449 2095 3710 2165 χυθεῖσαν

2114 2191 2194 2252 είς
2226 2188 2433 2251 πάντας
2454 2186 2775 2261 ἀνθρώπους
2807 2187 3050 2259 εἰρήνην,
3085 2185 3183 2258 τὴν
3211 2189 3288 2251 εἰς
3310 2189 3435 2252 τοὺς
3471 2187 3711 2253 οἰκείως

2114 2277 2446 2331 ἐνδείκνυται
2467 2260 2867 2347 φιλοστοργίαν,
2897 2276 3230 2347 παρακαλῶν
3259 2278 3349 2330 τὸν
3364 2277 3491 2330 λαὸν
3512 2279 3707 2343 αὐτοῦ,

2115 2368 2476 2433 ὑποδέξασθαι
2498 2368 2595 2438 τὴν
2619 2369 2753 2421 πᾶσι
2778 2370 2890 2431 τοῖς
2910 2367 3087 2420 ἔθνεσι
3102 2367 3438 2438 δωρηθεῖσαν
3457 2367 3550 2420 τοῦ
3576 2369 3712 2439 Χρι-

2117 2457 2243 2512 στοῦ
2268 2459 2449 2529 χάριν,
2484 2458 2575 2510 καὶ
2606 2457 2667 2510 τὸ
2706 2456 2820 2526 φῶς
2852 2456 2913 2510 τὺ
2955 2456 3327 2525 εὐαγγελικόν.
3360 2459 3707 2527 Συγκαταλέ-

2115 2568 2201 2620 γει
2226 2550 2282 2603 δὲ
2314 2552 2543 2613 ἐκείνοις
2570 2550 2665 2604 καὶ
2693 2549 2904 2615 ἑαυτὸν,
2934 2551 3013 2613 εἰς
3040 2550 3354 2623 προτροπὴν
3384 2553 3477 2604 καὶ
3498 2552 3709 2624 παρόρ-

2118 2659 2285 2714 μησιν
2304 2640 2397 2696 τοῦ
2437 2641 2593 2707 λαοῦ;
2622 2639 3023 2712 παραινετικῶς
3051 2641 3382 2712 παρακαλῶν
3409 2641 3503 2695 τοῦ
3528 2644 3709 2711 ςωτὸς

2116 2735 2322 2806 Κυρίου
2356 2734 2784 2805 μεταλαγχάνειν
2803 2751 2816 2764 ⁸
2843 2733 2959 2804 φῶς
2989 2734 3193 2806 Κυρίου
3224 2734 3504 2805 ὀνομάζων
3526 2735 3621 2786 τὸν
3644 2737 3707 2786 ἐκ

2116 2824 2253 2879 Σιὼν
2282 2826 2611 2897 προελθόντα
2632 2826 2795 2896 νόμον
2820 2826 2922 2896 τῆς
2937 2826 3145 2897 Καινῆς
3171 2826 3462 2898 Διαθήκης,
3487 2826 3581 2880 καί
3613 2826 3727 2878 τὸν

2117 2918 2385 2988 σωτήριον
2418 2918 2513 2970 καὶ
2543 2918 2896 2986 εὐαγγελικὸν
2924 2918 3103 2986 λόγον.

2195 3027 2213 3058 ι
2238 3008 2431 3079 ’Δνῆκε
2458 3008 2565 3081 γὰρ
2588 3009 2678 3062 τὸν
2699 3008 2823 3061 λαὸν
2846 3008 3032 3074 αὐτοῦ,
3060 3008 3150 3063 τὸν
3173 3006 3320 3064 οἷκον
3360 3009 3596 3082 Ἰσραὴλ,
3621 3011 3705 3064 ὅτι

2116 3096 2357 3170 ἐπλήσθη
2392 3098 2467 3161 ὡς
2490 3100 2550 3153 τὸ
2577 3100 2671 3153 ἀπ’
2692 3101 2915 3173 ἀρχῆςή
2939 3101 3089 3174 χώρα
3104 3101 3283 3156 αὐτῶν
3312 3101 3706 3173 κλῃδονισμῶν,

2114 3191 2190 3254 ὡς
2221 3192 2253 3260 ή
2284 3190 2763 3259 τῶνάλλοιρύλων,
2802 3193 2896 3246 καὶ
2932 3193 3098 3247 τέκνα
3133 3192 3302 3247 πολλὰ
3345 3194 3617 3264 ἀλλόφυλα
3652 3198 3710 3247 ἐ-

2115 3279 2315 3351 γενήθη
2344 3281 2546 3344 αὐτοῖς.
2577 3301 2594 3331 ι
2629 3281 2727 3335 Διά
2757 3282 2809 3335 τί
2834 3282 2892 3335 δὲ
2920 3283 3082 3337 αὐτὸν
3104 3284 3323 3353 ἀνῆκεν,
3358 3284 3549 3356 ὥσπερ
3569 3286 3709 3338 ἀποο

2115 3371 2440 3443 λογούμενος
2476 3372 2616 3444 ὑπὲρ
2642 3372 2737 3426 τοῦ
2787 3373 2944 3437 Θεοῦ,
2978 3374 3079 3437 τὰς
3107 3374 3285 3438 αἰτίας
3327 3376 3539 3445 τίθησιν
3574 3377 3708 3447 ἑξῆς

2116 3462 2413 3533 ἐπιφέρων·
2453 3464 2605 3518 ι”υτι
2627 3465 2933 3537 ἐνεπλήσθη
2966 3468 2998 3538 ἡ
3032 3466 3183 3538 χώρα
3210 3467 3387 3520 αὐτῶν
3420 3467 3495 3531 ὡς
3520 3467 3583 3520 τὸ
3608 3467 3708 3541 ἀπ’

2117 3554 2292 3626 ἀρχῆς
2321 3555 2716 3627 κλῃδονισμῶν,
2741 3580 2758 3609 ο
2817 3559 2912 3611 καὶ
2938 3558 3005 3612 τὰ
3032 3557 3155 3630 ἑξῆς
3181 3575 3193 3589 ·
3246 3559 3310 3612 δι’
3334 3552 3407 3612 ὧν
3436 3559 3709 3631 παρίστη-

2119 3661 2224 3711 σιν,
2248 3646 2328 3698 ὃτι
2354 3647 2426 3719 μὴ
2458 3646 2667 3715 ἀλόγως
2698 3648 2892 3712 αὐτοὺς
2916 3650 3137 3721 ἀνῆκεν.

2195 3843 2213 3874 ι
2268 3823 2603 3896 Ἐνεπλήσθη
2655 3826 2830 3897 γάρή
2875 3827 3028 3899 χώρα
3071 3829 3252 3881 αὐτῶν
3303 3829 3569 3901 ἀργυρίου
3610 3831 3707 3884 καὶ

2119 3917 2363 3987 χρυσίου,
2400 3919 2492 3970 καὶ
2525 3917 2624 3971 οὐκ
2648 3914 2718 3995 ’ἦν
2757 3919 2989 3990 ἀριθμὸς
3021 3920 3129 3973 τῶν
3164 3920 3455 3993 θησαυρῶν
3489 3921 3702 3976 αὐτῶν⁹

2120 4009 2213 4061 καὶ
2245 4009 2548 4080 ἐνεπλήσθη
2584 4010 2617 4080 ἡ
2646 4010 2719 4080 γῆ
2749 4011 2953 4076 ἵππων,
2982 4014 3077 4066 καὶ
3098 4014 3198 4067 οὐκ
3230 4009 3297 4083 ἦν
3332 4015 3563 4084 ἀριθμὸς
3596 4016 3705 4067 τῶν

2121 4100 2381 4171 ἁρμάτων
2419 4101 2631 4155 αὐτῶν·
2669 4102 2763 4155 καὶ
2796 4103 3099 4175 ἐνεπλήσθη
3133 4107 3165 4177 ή
3202 4106 3274 4175 γῆ
3319 4105 3706 4176 βδελυγμάτων

2118 4188 2225 4241 τῶν
2283 4189 2458 4260 ἔργων
2501 4191 2609 4243 τῶν
2649 4193 2845 4263 χειρῶν
2896 4194 3105 4259 αὐτῶν,
3160 4197 3252 4248 καὶ
3286 4198 3705 4269 προσεκύνησαν

2120 4274 2201 4343 οἷς
2232 4281 2495 4352 ἐποίησαν
2526 4284 2574 4333 οἰ
2605 4282 2857 4337 δάκτυλοι
2893 4284 3073 4339 αὐτῶν
3092 4302 3106 4316 ο
3138 4287 3231 4339 καὶ
3265 4286 3461 4347 ἔκυψεν
3491 4288 3706 4360 ἄνθρωο

433 4375 756 4431 humiliatus
799 4383 887 4431 est
945 4375 1046 4429 vir.
1093 4393 1112 4427 ι
1170 4374 1410 4441 Eorum,
1462 4389 1856 4445 quorumnam,
1911 4374 2014 4430 nisi

2122 4387 2241 4434 πος,
2284 4371 2380 4423 καὶ
2412 4372 2747 4444 ἐταπεινώθη
2800 4375 2957 4447 ἀνήρ.
3014 4396 3031 4425 ι
3071 4376 3244 4429 Τίνων
3278 4377 3475 4442 αὐτῶν,
3511 4377 3542 4447 ἢ
3596 4377 3707 4431 τῶν

434 4468 862 4537 alienigenarum
888 4466 1259 4521 habitatorum
1278 4466 1370 4537 qui
1405 4468 1772 4521 adoraverunt
1800 4480 1863 4522 ea
1894 4482 2015 4537 qua:

433 4557 686 4614 fecerunt
709 4557 861 4627 digiti
891 4557 1116 4612 eorum?
1159 4556 1283 4612 Haec
1307 4573 1471 4627 porro
1499 4559 1683 4615 omnia
1718 4568 1912 4630 gentes
1942 4559 2017 4614 si-

431 4650 696 4721 gniﬁcant
735 4649 1091 4720 alienigenas,
1127 4664 1249 4720 qua:
1296 4650 1351 4704 in
1394 4642 1698 4705 Jerusalem
1743 4659 1801 4706 ct
1833 4651 1887 4704 in
1917 4649 2015 4705 Ju-

436 4742 551 4794 «ιω
577 4740 904 4795 habitatura:
934 4749 1114 4796 erant.
1161 4741 1294 4807 Quae
1335 4749 1457 4811 post
1499 4740 1803 4796 Salvatoris
1843 4741 2012 4796 nostri

432 4832 752 4896 adventum,
776 4839 830 4885 et
855 4838 975 4900 post
996 4830 1257 4887 emissam
1279 4829 1452 4885 lucem
1476 4829 1870 4900 evangelicam,
1893 4844 2013 4899 qute

439 4918 767 4975 illuminavit
820 4933 1010 4976 omnes
1072 4928 1307 4990 gentes,
1358 4919 1626 4988 completa
1675 4929 1840 4975 sunt:
1887 4920 2012 4989 quia

440 5012 764 5078 prophetam
815 5026 921 5067 nun
964 5012 1274 5076 audierunt,
1325 5024 1388 5064 se
1441 5010 1515 5065 ita
1570 5011 2008 5080 compellantem,

444 5117 466 5150 ι
507 5099 717 5169 Venite,
753 5104 1097 5160 ambulemus
1132 5103 1185 5159 in
1219 5103 1428 5160 lumine
1465 5102 1703 5159 Domini.
1744 5122 1765 5155 ι

512 5279 675 5338 Vens.
714 5281 895 5336 l0-l2.
928 5304 947 5337 ι
982 5286 1049 5341 Et
1075 5300 1181 5342 non
1209 5284 1479 5341 dimittam
1510 5298 1644 5341 eos:
1678 5292 1734 5341 et
1776 5283 2015 5356 ingredi-

441 5374 573 5427 mini
608 5374 660 5427 in
715 5383 920 5442 petras,
967 5387 1019 5431 et
1058 5378 1457 5435 abscondimini
1493 5378 1563 5433 in”
1602 5388 1744 5433 terra
1793 5391 1824 5430 a
1876 5374 2017 5430 facie

443 5462 657 5518 timoris
689 5464 897 5519 Domini
929 5473 985 5520 et
1028 5480 1058 5520 a
1093 5468 1261 5547 gloria
1297 5468 1641 5547 fortitudinis
1672 5466 1792 5548 eius
1826 5484 1840 5522 :
1893 5481 2015 5522 cum

517 5606 558 5637 “
581 5604 735 5661 Joan.
765 5594 873 5672 XIV,
902 5607 991 5662 27.

2123 4462 2433 4532 ἀλλοφύλων
2466 4465 2763 4536 οἰκητόρων
2796 4467 2844 4519 οἳ
2880 4469 2973 4520 καὶ
3010 4469 3422 4539 προσεκύνησαν
3449 4465 3529 4532 οἷς
3559 4469 3706 4522 εποί-

2122 4568 2262 4623 ησαν
2295 4555 2342 4606 οἰ
2377 4552 2631 4607 δάκτυλοι
2682 4555 2891 4621 αὐτῶνς
2942 4556 3129 4609 Ταῦτα
3169 4559 3345 4610 πάντα
3391 4556 3707 4629 σημαντικά

2121 4644 2378 4713 τυγχάνει
2420 4643 2731 4713 ἀλλοφύλων
2769 4645 2958 4707 ἐθνῶν,
2994 4648 3293 4717 μελλόντων
3331 4652 3498 4702 οἰκεῖν
3534 4650 3706 4720 αὑτήν

2124 4749 2183 4786 τε
2215 4733 2312 4805 τὴν
2349 4733 2706 4806 Ἰερουσαλὴμ
2750 4738 2846 4790 καὶ
2872 4736 2969 4807 τὴν
3014 4738 3271 4792 Ἰουδαίαν
3304 4739 3505 4811 χώραν.
3548 4740 3613 4791 Ἀ
3637 4739 3710 4811 δὴ

2125 4825 2426 4897 ἐπληροῦτο
2470 4825 2610 4897 μετὰ
2644 4826 2743 4897 τὴν
2777 4827 2869 4881 τοῦ
2904 4829 3155 4901 Σωτῆρος
3184 4830 3341 4902 ἡμῶν
3382 4834 3705 4903 παρουσίαν,

2123 4916 2218 4969 καὶ
2255 4916 2392 4987 μετὰ
2424 4916 2515 4969 τὸν
2556 4916 2713 4985 λόγον
2744 4920 2835 4972 τὸν
2882 4921 3192 4988 φωτίσαντα
3228 4921 3403 4975 πάντα
3436 4921 3504 4974 τὰ
3536 4921 3663 4991 ἔθνη
3688 4939 3705 4952 ·

2123 5010 2309 5080 ἐπειδὴ
2351 5010 2426 5081 μὴ
2469 5010 2788 5080 ὑπήκουσαν
2820 5012 2913 5065 τοῦ
2964 5013 3293 5085 κεκληκότος
3336 5014 3533 5076 αὐτοὺς
3567 5030 3709 5081 προ-

2124 5101 2322 5170 φήτουο
2359 5118 2377 5151 ι
2422 5100 2585 5154 Δεῦτε
2635 5102 2727 5154 καὶ⁵
2775 5103 3129 5175 πορευθῶμεν
3172 5106 3229 5157 ἐν
3280 5103 3360 5176 τῷ
3403 5105 3542 5174 φωτὶ
3591 5106 3711 5157 Κυ-’

2129 5192 2265 5261 ρίου.
2302 5210 2321 5244 ι
2565 5186 2569 5192 ’

2207 5300 2225 5333 ι
2261 5284 2371 5336 Καὶ
2402 5284 2464 5337 οὐ
2498 5284 2573 5357 μὴ
2612 5285 2796 5357 ἀνήσω
2839 5288 3069 5351 αὐτοὺς,
3100 5289 3195 5341 καὶ
3227 5288 3596 5343 συνεισελθετε
3628 5290 3709 5351 είς

2124 5370 2223 5435 τὰς
2260 5374 2484 5444 πέτρας,
2516 5376 2612 5429 καὶ
2644 5375 2951 5448 κρύπτεσθε
2982 5380 3061 5441 εἰς
3092 5380 3190 5449 τὴν
3220 5380 3321 5450 γῆν
3350 5381 3457 5433 ἀπὸ
3487 5378 3709 5449 προσώο

2128 5482 2228 5559 που
2262 5465 2357 5519 τοῦ
2384 5466 2546 5535 φόϐου
2576 5468 2806 5541 Κυρίου,
2839 5470 2930 5523 καὶ
2958 5471 3065 5524 ἀπὺ
3090 5472 3188 5543 τῆς
3215 5471 3373 5544 δόξης
3402 5474 3499 5545 τῆς
3526 5470 3709 5542 ἰσχύος
