  <div class='ocr_page' id='page_1' title='image "/cluster/home/n/w/nwhite01/storage/ocr_20150623/24/hvd.32044073501801/060.png"; bbox 0 0 4036 6214; ppageno 0'>
   <div class='ocr_carea' id='block_1_1' title="bbox 307 309 412 368">
    <p class='ocr_par' dir='ltr' id='par_1_1' title="bbox 307 309 412 368">
     <span class='ocr_line' id='line_1_1' title="bbox 307 309 412 368; baseline 0 0"><span class='ocrx_word' id='word_1_1' title='bbox 307 309 412 368; x_wconf 75' lang='grc'>105</span> 
     </span>
    </p>
   </div>
   <div class='ocr_carea' id='block_1_2' title="bbox 1283 295 2591 357">
    <p class='ocr_par' dir='ltr' id='par_1_2' title="bbox 1283 295 2591 357">
     <span class='ocr_line' id='line_1_2' title="bbox 1283 295 2591 357; baseline -0.005 0"><span class='ocrx_word' id='word_1_2' title='bbox 1283 295 1781 357; x_wconf 75' lang='lat' dir='ltr'>COMMENTARIA</span> <span class='ocrx_word' id='word_1_3' title='bbox 1825 295 1890 354; x_wconf 79' lang='grc' dir='ltr'>ΙΝ</span> <span class='ocrx_word' id='word_1_4' title='bbox 1930 295 2189 354; x_wconf 72' lang='lat' dir='ltr'>ISAIAM.</span> <span class='ocrx_word' id='word_1_5' title='bbox 2228 329 2295 340; x_wconf 88' lang='lat'>--</span> <span class='ocrx_word' id='word_1_6' title='bbox 2332 296 2488 354; x_wconf 77' lang='lat' dir='ltr'>CAP.</span> <span class='ocrx_word' id='word_1_7' title='bbox 2531 297 2591 351; x_wconf 84' lang='lat' dir='ltr'>ll.</span> 
     </span>
    </p>
   </div>
   <div class='ocr_carea' id='block_1_3' title="bbox 3475 301 3578 355">
    <p class='ocr_par' dir='ltr' id='par_1_3' title="bbox 3475 301 3578 355">
     <span class='ocr_line' id='line_1_3' title="bbox 3475 301 3578 355; baseline 0.01 -1"><span class='ocrx_word' id='word_1_8' title='bbox 3475 301 3578 355; x_wconf 71' lang='lat' dir='ltr'>1th</span> 
     </span>
    </p>
   </div>
   <div class='ocr_carea' id='block_1_4' title="bbox 307 394 1921 470">
    <p class='ocr_par' dir='ltr' id='par_1_4' title="bbox 307 396 1904 470">
     <span class='ocr_line' id='line_1_4' title="bbox 307 396 1904 470; baseline -0.009 -10"><span class='ocrx_word' id='word_1_9' title='bbox 307 403 498 470; x_wconf 75' lang='grc' dir='ltr'>αὑτοῦ,</span> <span class='ocrx_word' id='word_1_10' title='bbox 528 404 659 458; x_wconf 80' lang='grc' dir='ltr'>ὅταν</span> <span class='ocrx_word' id='word_1_11' title='bbox 687 399 888 470; x_wconf 82' lang='grc' dir='ltr'>ἀναστῇ</span> <span class='ocrx_word' id='word_1_12' title='bbox 915 397 1148 470; x_wconf 78' lang='grc' dir='ltr'>θραῦσαι</span> <span class='ocrx_word' id='word_1_13' title='bbox 1180 398 1280 469; x_wconf 82' lang='grc' dir='ltr'>τὴν</span> <span class='ocrx_word' id='word_1_14' title='bbox 1325 399 1448 468; x_wconf 79' lang='grc' dir='ltr'>γῆν.</span> <span class='ocrx_word' id='word_1_15' title='bbox 1487 398 1550 449; x_wconf 88' lang='grc' dir='ltr'><strong>Οἱ</strong></span> <span class='ocrx_word' id='word_1_16' title='bbox 1582 397 1688 468; x_wconf 79' lang='grc' dir='ltr'>γὰρ</span> <span class='ocrx_word' id='word_1_17' title='bbox 1711 396 1904 465; x_wconf 74' lang='grc' dir='ltr'>ὀφθαλ-</span> 
     </span>
    </p>
   </div>
   <div class='ocr_carea' id='block_1_5' title="bbox 2027 394 3576 470">
    <p class='ocr_par' dir='ltr' id='par_1_5' title="bbox 2027 394 3576 452">
     <span class='ocr_line' id='line_1_5' title="bbox 2027 394 3576 452; baseline -0.001 -2"><span class='ocrx_word' id='word_1_18' title='bbox 2027 397 2313 450; x_wconf 76' lang='lat' dir='ltr'><strong>iurrexerit</strong></span> <span class='ocrx_word' id='word_1_19' title='bbox 2349 398 2415 448; x_wconf 84' lang='lat' dir='ltr'>ad</span> <span class='ocrx_word' id='word_1_20' title='bbox 2443 396 2827 449; x_wconf 87' lang='lat' dir='ltr'><strong>conterendam</strong></span> <span class='ocrx_word' id='word_1_21' title='bbox 2862 404 3085 452; x_wconf 86' lang='lat' dir='ltr'><strong>terram.</strong></span> <span class='ocrx_word' id='word_1_22' title='bbox 3119 394 3251 449; x_wconf 86' lang='lat' dir='ltr'><strong>Nam</strong></span> <span class='ocrx_word' id='word_1_23' title='bbox 3285 398 3426 450; x_wconf 88' lang='lat' dir='ltr'><strong>oculi</strong></span> <span class='ocrx_word' id='word_1_24' title='bbox 3471 399 3576 451; x_wconf 88' lang='lat' dir='ltr'><strong>Do-</strong></span> 
     </span>
    </p>
   </div>
   <div class='ocr_carea' id='block_1_6' title="bbox 311 486 1903 566">
    <p class='ocr_par' dir='ltr' id='par_1_6' title="bbox 311 486 1903 566">
     <span class='ocr_line' id='line_1_6' title="bbox 311 486 1903 566; baseline -0.006 -18"><span class='ocrx_word' id='word_1_25' title='bbox 311 495 405 565; x_wconf 77' lang='grc' dir='ltr'>μοὶ</span> <span class='ocrx_word' id='word_1_26' title='bbox 437 491 641 566; x_wconf 77' lang='grc' dir='ltr'>Κυρίου</span> <span class='ocrx_word' id='word_1_27' title='bbox 669 489 881 559; x_wconf 70' lang='grc' dir='ltr'>ὑψηλοὶ,</span> <span class='ocrx_word' id='word_1_28' title='bbox 911 490 940 541; x_wconf 87' lang='grc' dir='ltr'>ὁ</span> <span class='ocrx_word' id='word_1_29' title='bbox 966 487 1021 540; x_wconf 79' lang='grc' dir='ltr'>δὲ</span> <span class='ocrx_word' id='word_1_30' title='bbox 1055 486 1340 558; x_wconf 82' lang='grc' dir='ltr'>ἄνθρωπος</span> <span class='ocrx_word' id='word_1_31' title='bbox 1367 487 1642 548; x_wconf 86' lang='grc' dir='ltr'>ταπεινός.</span> <span class='ocrx_word' id='word_1_32' title='bbox 1675 487 1783 540; x_wconf 74' lang='grc' dir='ltr'>Καὶ</span> <span class='ocrx_word' id='word_1_33' title='bbox 1808 499 1903 538; x_wconf 80' lang='lat' dir='ltr'><strong>1a-</strong></span> 
     </span>
    </p>
   </div>
   <div class='ocr_carea' id='block_1_7' title="bbox 309 576 1901 654">
    <p class='ocr_par' dir='ltr' id='par_1_7' title="bbox 309 576 1901 654">
     <span class='ocr_line' id='line_1_7' title="bbox 309 576 1901 654; baseline -0.008 -15"><span class='ocrx_word' id='word_1_34' title='bbox 309 583 708 654; x_wconf 83' lang='grc' dir='ltr'>πεινωθήσεται</span> <span class='ocrx_word' id='word_1_35' title='bbox 740 579 801 633; x_wconf 82' lang='grc' dir='ltr'>τὸ</span> <span class='ocrx_word' id='word_1_36' title='bbox 834 577 967 647; x_wconf 78' lang='grc' dir='ltr'>ύψος</span> <span class='ocrx_word' id='word_1_37' title='bbox 999 577 1106 630; x_wconf 90' lang='grc' dir='ltr'>τῶν</span> <span class='ocrx_word' id='word_1_38' title='bbox 1136 576 1460 649; x_wconf 87' lang='grc' dir='ltr'>ἀνθρώπων,</span> <span class='ocrx_word' id='word_1_39' title='bbox 1487 577 1580 630; x_wconf 72' lang='grc' dir='ltr'>καὶ</span> <span class='ocrx_word' id='word_1_40' title='bbox 1615 577 1901 648; x_wconf 81' lang='grc' dir='ltr'>ὑψωθήσε-</span> 
     </span>
    </p>
   </div>
   <div class='ocr_carea' id='block_1_8' title="bbox 309 669 1902 746">
    <p class='ocr_par' dir='ltr' id='par_1_8' title="bbox 309 669 1902 746">
     <span class='ocr_line' id='line_1_8' title="bbox 309 669 1902 746; baseline -0.006 -14"><span class='ocrx_word' id='word_1_41' title='bbox 309 695 403 732; x_wconf 87' lang='grc' dir='ltr'>ται</span> <span class='ocrx_word' id='word_1_42' title='bbox 440 677 640 746; x_wconf 86' lang='grc' dir='ltr'>Κύριος</span> <span class='ocrx_word' id='word_1_43' title='bbox 687 672 847 743; x_wconf 81' lang='grc' dir='ltr'>μόνος</span> <span class='ocrx_word' id='word_1_44' title='bbox 893 673 950 724; x_wconf 80' lang='grc' dir='ltr'>ἐν</span> <span class='ocrx_word' id='word_1_45' title='bbox 979 673 1045 741; x_wconf 79' lang='grc' dir='ltr'>τῇ</span> <span class='ocrx_word' id='word_1_46' title='bbox 1090 671 1275 742; x_wconf 76' lang='grc' dir='ltr'>ἡμέρᾳ</span> <span class='ocrx_word' id='word_1_47' title='bbox 1303 672 1518 742; x_wconf 77' lang='grc' dir='ltr'>ἐκείνῃ·</span> <span class='ocrx_word' id='word_1_48' title='bbox 1573 669 1754 742; x_wconf 76' lang='grc' dir='ltr'>ἡμέρα</span> <span class='ocrx_word' id='word_1_49' title='bbox 1794 670 1902 740; x_wconf 79' lang='grc' dir='ltr'>γὰρ</span> 
     </span>
    </p>
   </div>
   <div class='ocr_carea' id='block_1_9' title="bbox 314 763 1899 843">
    <p class='ocr_par' dir='ltr' id='par_1_9' title="bbox 314 763 1899 843">
     <span class='ocr_line' id='line_1_9' title="bbox 314 763 1899 843; baseline -0.007 -19"><span class='ocrx_word' id='word_1_50' title='bbox 314 771 516 843; x_wconf 84' lang='grc' dir='ltr'>Κυρίου</span> <span class='ocrx_word' id='word_1_51' title='bbox 544 766 775 823; x_wconf 82' lang='grc' dir='ltr'>Σαϐαὼθ</span> <span class='ocrx_word' id='word_1_52' title='bbox 803 765 896 818; x_wconf 74' lang='grc' dir='ltr'>ἐπὶ</span> <span class='ocrx_word' id='word_1_53' title='bbox 927 764 1100 816; x_wconf 85' lang='grc' dir='ltr'>πάντα</span> <span class='ocrx_word' id='word_1_54' title='bbox 1124 764 1385 834; x_wconf 77' lang='grc' dir='ltr'>ὑϐριστὴν</span> <span class='ocrx_word' id='word_1_55' title='bbox 1410 763 1503 816; x_wconf 72' lang='grc' dir='ltr'>καὶ</span> <span class='ocrx_word' id='word_1_56' title='bbox 1528 765 1899 834; x_wconf 60' lang='grc' dir='ltr'>ὑπερήφανον,</span> 
     </span>
    </p>
   </div>
   <div class='ocr_carea' id='block_1_10' title="bbox 247 855 1904 928">
    <p class='ocr_par' dir='ltr' id='par_1_10' title="bbox 247 855 1904 928">
     <span class='ocr_line' id='line_1_10' title="bbox 247 855 1904 928; baseline -0.006 -11"><span class='ocrx_word' id='word_1_57' title='bbox 247 891 249 894; x_wconf 92' lang='grc'>·</span> <span class='ocrx_word' id='word_1_58' title='bbox 315 864 409 916; x_wconf 74' lang='grc' dir='ltr'>καὶ</span> <span class='ocrx_word' id='word_1_59' title='bbox 439 862 533 913; x_wconf 74' lang='grc' dir='ltr'>ἐπὶ</span> <span class='ocrx_word' id='word_1_60' title='bbox 567 861 744 914; x_wconf 90' lang='grc' dir='ltr'>πάντα</span> <span class='ocrx_word' id='word_1_61' title='bbox 778 856 978 928; x_wconf 75' lang='grc' dir='ltr'>ὑψηλὸν</span> <span class='ocrx_word' id='word_1_62' title='bbox 1028 855 1123 908; x_wconf 71' lang='grc' dir='ltr'>καὶ</span> <span class='ocrx_word' id='word_1_63' title='bbox 1160 856 1464 926; x_wconf 88' lang='grc' dir='ltr'>μετέωρον,</span> <span class='ocrx_word' id='word_1_64' title='bbox 1503 857 1597 908; x_wconf 83' lang='grc' dir='ltr'>κα¹ι</span> <span class='ocrx_word' id='word_1_65' title='bbox 1635 871 1904 907; x_wconf 85' lang='grc' dir='ltr'>ταπεινω-</span> 
     </span>
    </p>
   </div>
   <div class='ocr_carea' id='block_1_11' title="bbox 314 948 1903 1028">
    <p class='ocr_par' dir='ltr' id='par_1_11' title="bbox 314 948 1903 1028">
     <span class='ocr_line' id='line_1_11' title="bbox 314 948 1903 1028; baseline -0.006 -18"><span class='ocrx_word' id='word_1_66' title='bbox 314 959 596 1028; x_wconf 79' lang='grc' dir='ltr'>θήσονται·</span> <span class='ocrx_word' id='word_1_67' title='bbox 643 975 660 1005; x_wconf 77' lang='grc' dir='ltr'>ι</span> <span class='ocrx_word' id='word_1_68' title='bbox 696 955 834 1024; x_wconf 76' lang='grc' dir='ltr'>ὅπερ</span> <span class='ocrx_word' id='word_1_69' title='bbox 866 949 1104 1022; x_wconf 81' lang='grc' dir='ltr'>ἡγοῦμαι</span> <span class='ocrx_word' id='word_1_70' title='bbox 1136 951 1262 1022; x_wconf 83' lang='grc' dir='ltr'>περί</span> <span class='ocrx_word' id='word_1_71' title='bbox 1291 950 1390 1019; x_wconf 76' lang='grc' dir='ltr'>τῆς</span> <span class='ocrx_word' id='word_1_72' title='bbox 1422 949 1635 1020; x_wconf 81' lang='grc' dir='ltr'>ἡμέρας</span> <span class='ocrx_word' id='word_1_73' title='bbox 1659 948 1756 1019; x_wconf 79' lang='grc' dir='ltr'>τῆς</span> <span class='ocrx_word' id='word_1_74' title='bbox 1786 949 1903 1020; x_wconf 88' lang='grc' dir='ltr'>κρί-</span> 
     </span>
    </p>
   </div>
   <div class='ocr_carea' id='block_1_12' title="bbox 315 1039 1903 1113">
    <p class='ocr_par' dir='ltr' id='par_1_12' title="bbox 315 1039 1903 1113">
     <span class='ocr_line' id='line_1_12' title="bbox 315 1039 1903 1113; baseline -0.006 -13"><span class='ocrx_word' id='word_1_75' title='bbox 315 1063 452 1109; x_wconf 86' lang='grc' dir='ltr'>σεως</span> <span class='ocrx_word' id='word_1_76' title='bbox 482 1044 735 1113; x_wconf 85' lang='grc' dir='ltr'>λέγεσθαι</span> <span class='ocrx_word' id='word_1_77' title='bbox 756 1059 770 1072; x_wconf 68' lang='grc'><strong>⁸</strong></span> <span class='ocrx_word' id='word_1_78' title='bbox 804 1043 884 1096; x_wconf 78' lang='grc' dir='ltr'>διὸ</span> <span class='ocrx_word' id='word_1_79' title='bbox 912 1043 972 1095; x_wconf 84' lang='grc' dir='ltr'>ού</span> <span class='ocrx_word' id='word_1_80' title='bbox 1009 1042 1137 1111; x_wconf 75' lang='grc' dir='ltr'>περὶ</span> <span class='ocrx_word' id='word_1_81' title='bbox 1171 1040 1346 1112; x_wconf 88' lang='grc' dir='ltr'>μόνων</span> <span class='ocrx_word' id='word_1_82' title='bbox 1387 1039 1652 1092; x_wconf 73' lang='grc' dir='ltr'>Ἰουδαίων</span> <span class='ocrx_word' id='word_1_83' title='bbox 1679 1041 1706 1092; x_wconf 85' lang='grc' dir='ltr'>ὁ</span> <span class='ocrx_word' id='word_1_84' title='bbox 1747 1039 1903 1108; x_wconf 80' lang='grc' dir='ltr'>λόγος</span> 
     </span>
    </p>
   </div>
   <div class='ocr_carea' id='block_1_13' title="bbox 311 1132 1903 1210">
    <p class='ocr_par' dir='ltr' id='par_1_13' title="bbox 311 1132 1903 1210">
     <span class='ocr_line' id='line_1_13' title="bbox 311 1132 1903 1210; baseline -0.003 -21"><span class='ocrx_word' id='word_1_85' title='bbox 311 1139 381 1190; x_wconf 81' lang='grc' dir='ltr'>τὰ</span> <span class='ocrx_word' id='word_1_86' title='bbox 411 1138 654 1210; x_wconf 85' lang='grc' dir='ltr'>παρόντα</span> <span class='ocrx_word' id='word_1_87' title='bbox 683 1134 950 1199; x_wconf 82' lang='grc' dir='ltr'>θεσπίζει,</span> <span class='ocrx_word' id='word_1_88' title='bbox 983 1133 1284 1196; x_wconf 81' lang='grc' dir='ltr'>καθολικῶς</span> <span class='ocrx_word' id='word_1_89' title='bbox 1313 1133 1368 1186; x_wconf 79' lang='grc' dir='ltr'>δὲ</span> <span class='ocrx_word' id='word_1_90' title='bbox 1398 1134 1526 1203; x_wconf 77' lang='grc' dir='ltr'>περὶ</span> <span class='ocrx_word' id='word_1_91' title='bbox 1554 1132 1768 1185; x_wconf 88' lang='grc' dir='ltr'>πάντων</span> <span class='ocrx_word' id='word_1_92' title='bbox 1795 1132 1903 1184; x_wconf 87' lang='grc' dir='ltr'>τῶν</span> 
     </span>
    </p>
   </div>
   <div class='ocr_carea' id='block_1_14' title="bbox 309 1224 1904 1299">
    <p class='ocr_par' dir='ltr' id='par_1_14' title="bbox 309 1224 1904 1299">
     <span class='ocr_line' id='line_1_14' title="bbox 309 1224 1904 1299; baseline -0.004 -16"><span class='ocrx_word' id='word_1_93' title='bbox 309 1230 532 1282; x_wconf 79' lang='grc' dir='ltr'>τοιῶνδε</span> <span class='ocrx_word' id='word_1_94' title='bbox 569 1228 892 1299; x_wconf 83' lang='grc' dir='ltr'>ἀνθρώπων.</span> <span class='ocrx_word' id='word_1_95' title='bbox 929 1227 1321 1297; x_wconf 77' lang='grc' dir='ltr'>Προαναφωνεῖ</span> <span class='ocrx_word' id='word_1_96' title='bbox 1357 1225 1538 1278; x_wconf 82' lang='grc' dir='ltr'>τοίνυν</span> <span class='ocrx_word' id='word_1_97' title='bbox 1584 1224 1904 1296; x_wconf 79' lang='grc' dir='ltr'>καθαίρεσιν</span> 
     </span>
    </p>
   </div>
   <div class='ocr_carea' id='block_1_15' title="bbox 314 1317 1904 1392">
    <p class='ocr_par' dir='ltr' id='par_1_15' title="bbox 314 1317 1904 1392">
     <span class='ocr_line' id='line_1_15' title="bbox 314 1317 1904 1392; baseline -0.003 -17"><span class='ocrx_word' id='word_1_98' title='bbox 314 1322 537 1376; x_wconf 76' lang='grc' dir='ltr'>ἔσεσθαι</span> <span class='ocrx_word' id='word_1_99' title='bbox 567 1323 664 1392; x_wconf 79' lang='grc' dir='ltr'>τῆς</span> <span class='ocrx_word' id='word_1_100' title='bbox 703 1323 760 1373; x_wconf 83' lang='grc' dir='ltr'>ἐν</span> <span class='ocrx_word' id='word_1_101' title='bbox 805 1318 1113 1389; x_wconf 80' lang='grc' dir='ltr'>ἀνθρώποις</span> <span class='ocrx_word' id='word_1_102' title='bbox 1146 1317 1585 1389; x_wconf 83' lang='grc' dir='ltr'>είδωλολατρείας</span> <span class='ocrx_word' id='word_1_103' title='bbox 1606 1335 1618 1347; x_wconf 74' lang='grc'><em>³</em></span> <span class='ocrx_word' id='word_1_104' title='bbox 1660 1319 1818 1388; x_wconf 81' lang='grc' dir='ltr'>μόνον</span> <span class='ocrx_word' id='word_1_105' title='bbox 1849 1318 1904 1372; x_wconf 79' lang='grc' dir='ltr'>δὲ</span> 
     </span>
    </p>
   </div>
   <div class='ocr_carea' id='block_1_16' title="bbox 317 1409 1903 1486">
    <p class='ocr_par' dir='ltr' id='par_1_16' title="bbox 317 1409 1903 1486">
     <span class='ocr_line' id='line_1_16' title="bbox 317 1409 1903 1486; baseline -0.005 -17"><span class='ocrx_word' id='word_1_106' title='bbox 317 1414 470 1486; x_wconf 79' lang='grc' dir='ltr'>παρὰ</span> <span class='ocrx_word' id='word_1_107' title='bbox 511 1418 624 1478; x_wconf 83' lang='grc' dir='ltr'>τοῖς</span> <span class='ocrx_word' id='word_1_108' title='bbox 671 1415 834 1466; x_wconf 79' lang='grc' dir='ltr'>πᾶσιν</span> <span class='ocrx_word' id='word_1_109' title='bbox 877 1411 1186 1484; x_wconf 85' lang='grc' dir='ltr'>ἀνθρώποις</span> <span class='ocrx_word' id='word_1_110' title='bbox 1231 1409 1494 1480; x_wconf 82' lang='grc' dir='ltr'>ὑψοῦσθαι</span> <span class='ocrx_word' id='word_1_111' title='bbox 1544 1409 1636 1463; x_wconf 77' lang='grc' dir='ltr'>τὸν</span> <span class='ocrx_word' id='word_1_112' title='bbox 1679 1410 1903 1481; x_wconf 86' lang='grc' dir='ltr'>Κύριον,</span> 
     </span>
    </p>
   </div>
   <div class='ocr_carea' id='block_1_17' title="bbox 317 1501 1907 1576">
    <p class='ocr_par' dir='ltr' id='par_1_17' title="bbox 317 1501 1907 1576">
     <span class='ocr_line' id='line_1_17' title="bbox 317 1501 1907 1576; baseline -0.003 -17"><span class='ocrx_word' id='word_1_113' title='bbox 317 1507 520 1570; x_wconf 84' lang='grc' dir='ltr'>παντὸς</span> <span class='ocrx_word' id='word_1_114' title='bbox 562 1505 857 1576; x_wconf 79' lang='grc' dir='ltr'>ὑψώματος</span> <span class='ocrx_word' id='word_1_115' title='bbox 901 1502 1265 1574; x_wconf 74' lang='grc' dir='ltr'>ἐπαιρομένου</span> <span class='ocrx_word' id='word_1_116' title='bbox 1305 1501 1445 1554; x_wconf 78' lang='grc' dir='ltr'>κατὰ</span> <span class='ocrx_word' id='word_1_117' title='bbox 1500 1502 1598 1571; x_wconf 74' lang='grc' dir='ltr'>τῆς</span> <span class='ocrx_word' id='word_1_118' title='bbox 1653 1502 1907 1568; x_wconf 72' lang='grc' dir='ltr'>γνώσεως</span> 
     </span>
    </p>
   </div>
   <div class='ocr_carea' id='block_1_18' title="bbox 315 1597 1092 1667">
    <p class='ocr_par' dir='ltr' id='par_1_18' title="bbox 315 1597 1092 1667">
     <span class='ocr_line' id='line_1_18' title="bbox 315 1597 1092 1667; baseline -0.008 -13"><span class='ocrx_word' id='word_1_119' title='bbox 315 1601 413 1654; x_wconf 74' lang='grc' dir='ltr'>τοῦ</span> <span class='ocrx_word' id='word_1_120' title='bbox 446 1599 580 1653; x_wconf 84' lang='grc' dir='ltr'>Θεοῦ</span> <span class='ocrx_word' id='word_1_121' title='bbox 601 1640 615 1663; x_wconf 90' lang='grc'>,</span> <span class='ocrx_word' id='word_1_122' title='bbox 643 1597 1092 1667; x_wconf 87' lang='grc' dir='ltr'>ταπεινουμένου.</span> 
     </span>
    </p>
   </div>
   <div class='ocr_carea' id='block_1_19' title="bbox 397 1686 1905 1760">
    <p class='ocr_par' dir='ltr' id='par_1_19' title="bbox 397 1686 1905 1760">
     <span class='ocr_line' id='line_1_19' title="bbox 397 1686 1905 1760; baseline -0.006 -14"><span class='ocrx_word' id='word_1_123' title='bbox 397 1715 416 1746; x_wconf 75' lang='grc' dir='ltr'>ι</span> <span class='ocrx_word' id='word_1_124' title='bbox 451 1695 562 1748; x_wconf 72' lang='grc' dir='ltr'>Καὶ</span> <span class='ocrx_word' id='word_1_125' title='bbox 594 1695 684 1746; x_wconf 80' lang='grc' dir='ltr'>ἐπὶ</span> <span class='ocrx_word' id='word_1_126' title='bbox 714 1694 897 1745; x_wconf 79' lang='grc' dir='ltr'>πᾶσαν</span> <span class='ocrx_word' id='word_1_127' title='bbox 925 1688 1115 1760; x_wconf 78' lang='grc' dir='ltr'>κέδρον</span> <span class='ocrx_word' id='word_1_128' title='bbox 1149 1688 1241 1741; x_wconf 81' lang='grc' dir='ltr'>τοῦ</span> <span class='ocrx_word' id='word_1_129' title='bbox 1279 1687 1512 1740; x_wconf 86' lang='grc' dir='ltr'>Λιϐάνου</span> <span class='ocrx_word' id='word_1_130' title='bbox 1538 1686 1645 1738; x_wconf 86' lang='grc' dir='ltr'>τῶν</span> <span class='ocrx_word' id='word_1_131' title='bbox 1687 1686 1905 1756; x_wconf 83' lang='grc' dir='ltr'>ὑψηλῶν</span> 
     </span>
    </p>
   </div>
   <div class='ocr_carea' id='block_1_20' title="bbox 2007 490 3578 554">
    <p class='ocr_par' dir='ltr' id='par_1_20' title="bbox 2007 490 3578 554">
     <span class='ocr_line' id='line_1_20' title="bbox 2007 490 3578 554; baseline 0.003 -11"><span class='ocrx_word' id='word_1_132' title='bbox 2007 491 2141 544; x_wconf 89' lang='lat' dir='ltr'><strong>mini</strong></span> <span class='ocrx_word' id='word_1_133' title='bbox 2177 491 2458 554; x_wconf 83' lang='lat' dir='ltr'>sublimes,</span> <span class='ocrx_word' id='word_1_134' title='bbox 2494 490 2655 544; x_wconf 77' lang='lat' dir='ltr'><strong>homo</strong></span> <span class='ocrx_word' id='word_1_135' title='bbox 2684 501 2862 544; x_wconf 83' lang='lat' dir='ltr'><strong>autem</strong></span> <span class='ocrx_word' id='word_1_136' title='bbox 2895 491 3136 546; x_wconf 84' lang='lat' dir='ltr'>humilis.</span> <span class='ocrx_word' id='word_1_137' title='bbox 3168 490 3235 544; x_wconf 86' lang='lat' dir='ltr'><strong>Et</strong></span> <span class='ocrx_word' id='word_1_138' title='bbox 3267 493 3578 547; x_wconf 88' lang='lat' dir='ltr'><strong>humiliabi-</strong></span> 
     </span>
    </p>
   </div>
   <div class='ocr_carea' id='block_1_21' title="bbox 2008 581 3583 645">
    <p class='ocr_par' dir='ltr' id='par_1_21' title="bbox 2008 581 3583 645">
     <span class='ocr_line' id='line_1_21' title="bbox 2008 581 3583 645; baseline 0.001 -12"><span class='ocrx_word' id='word_1_139' title='bbox 2008 591 2094 635; x_wconf 91' lang='lat' dir='ltr'>tur</span> <span class='ocrx_word' id='word_1_140' title='bbox 2133 581 2364 635; x_wconf 89' lang='lat' dir='ltr'><strong>altitudo</strong></span> <span class='ocrx_word' id='word_1_141' title='bbox 2397 581 2698 645; x_wconf 86' lang='lat' dir='ltr'>hominum,</span> <span class='ocrx_word' id='word_1_142' title='bbox 2737 590 2793 636; x_wconf 85' lang='lat' dir='ltr'>et</span> <span class='ocrx_word' id='word_1_143' title='bbox 2821 582 3158 636; x_wconf 75' lang='lat' dir='ltr'><strong>exaltabitur</strong></span> <span class='ocrx_word' id='word_1_144' title='bbox 3200 581 3457 637; x_wconf 82' lang='lat' dir='ltr'>Dominus</span> <span class='ocrx_word' id='word_1_145' title='bbox 3494 601 3583 636; x_wconf 80' lang='lat' dir='ltr'><strong>so-</strong></span> 
     </span>
    </p>
   </div>
   <div class='ocr_carea' id='block_1_22' title="bbox 2006 673 3580 744">
    <p class='ocr_par' dir='ltr' id='par_1_22' title="bbox 2006 673 3580 744">
     <span class='ocr_line' id='line_1_22' title="bbox 2006 673 3580 744; baseline 0.003 -18"><span class='ocrx_word' id='word_1_146' title='bbox 2006 674 2087 728; x_wconf 91' lang='lat' dir='ltr'>lus</span> <span class='ocrx_word' id='word_1_147' title='bbox 2127 675 2180 726; x_wconf 92' lang='lat' dir='ltr'><strong>in</strong></span> <span class='ocrx_word' id='word_1_148' title='bbox 2219 674 2306 728; x_wconf 84' lang='lat' dir='ltr'>die</span> <span class='ocrx_word' id='word_1_149' title='bbox 2341 673 2464 726; x_wconf 85' lang='lat' dir='ltr'><strong>illa:</strong></span> <span class='ocrx_word' id='word_1_150' title='bbox 2510 675 2627 728; x_wconf 82' lang='lat' dir='ltr'><strong>dies</strong></span> <span class='ocrx_word' id='word_1_151' title='bbox 2675 673 2818 729; x_wconf 90' lang='lat' dir='ltr'><strong>enim</strong></span> <span class='ocrx_word' id='word_1_152' title='bbox 2873 674 3087 728; x_wconf 86' lang='lat' dir='ltr'><strong>Domini</strong></span> <span class='ocrx_word' id='word_1_153' title='bbox 3123 673 3366 729; x_wconf 90' lang='lat' dir='ltr'><strong>Sabaoth</strong></span> <span class='ocrx_word' id='word_1_154' title='bbox 3417 691 3580 744; x_wconf 84' lang='lat' dir='ltr'><strong>super</strong></span> 
     </span>
    </p>
   </div>
   <div class='ocr_carea' id='block_1_23' title="bbox 2003 765 3582 835">
    <p class='ocr_par' dir='ltr' id='par_1_23' title="bbox 2003 765 3582 835">
     <span class='ocr_line' id='line_1_23' title="bbox 2003 765 3582 835; baseline -0.001 -15"><span class='ocrx_word' id='word_1_155' title='bbox 2003 781 2218 821; x_wconf 85' lang='lat' dir='ltr'>onmem</span> <span class='ocrx_word' id='word_1_156' title='bbox 2251 765 2705 821; x_wconf 88' lang='lat' dir='ltr'><strong>contumeliosum</strong></span> <span class='ocrx_word' id='word_1_157' title='bbox 2741 774 2796 820; x_wconf 84' lang='lat' dir='ltr'>et</span> <span class='ocrx_word' id='word_1_158' title='bbox 2823 767 3138 834; x_wconf 88' lang='lat' dir='ltr'><strong>superbum,</strong></span> <span class='ocrx_word' id='word_1_159' title='bbox 3181 777 3235 819; x_wconf 85' lang='lat' dir='ltr'>et</span> <span class='ocrx_word' id='word_1_160' title='bbox 3272 782 3435 835; x_wconf 83' lang='lat' dir='ltr'>super</span> <span class='ocrx_word' id='word_1_161' title='bbox 3463 784 3582 821; x_wconf 88' lang='lat' dir='ltr'><strong>um-</strong></span> 
     </span>
    </p>
   </div>
   <div class='ocr_carea' id='block_1_24' title="bbox 2007 858 3576 922">
    <p class='ocr_par' dir='ltr' id='par_1_24' title="bbox 2007 858 3576 922">
     <span class='ocr_line' id='line_1_24' title="bbox 2007 858 3576 922; baseline -0.002 -10"><span class='ocrx_word' id='word_1_162' title='bbox 2007 875 2130 914; x_wconf 87' lang='lat' dir='ltr'>nem</span> <span class='ocrx_word' id='word_1_163' title='bbox 2175 860 2450 914; x_wconf 81' lang='lat' dir='ltr'><strong>excelsum</strong></span> <span class='ocrx_word' id='word_1_164' title='bbox 2491 869 2547 912; x_wconf 91' lang='lat' dir='ltr'>et</span> <span class='ocrx_word' id='word_1_165' title='bbox 2585 858 2910 922; x_wconf 82' lang='lat' dir='ltr'>sublimem,</span> <span class='ocrx_word' id='word_1_166' title='bbox 2963 867 3014 910; x_wconf 86' lang='lat' dir='ltr'>et</span> <span class='ocrx_word' id='word_1_167' title='bbox 3061 859 3512 914; x_wconf 83' lang='lat' dir='ltr'><strong>bumiliabuntur.</strong></span> <span class='ocrx_word' id='word_1_168' title='bbox 3557 878 3576 909; x_wconf 69' lang='grc' dir='ltr'>ι</span> 
     </span>
    </p>
   </div>
   <div class='ocr_carea' id='block_1_25' title="bbox 2003 950 3580 1020">
    <p class='ocr_par' dir='ltr' id='par_1_25' title="bbox 2003 950 3580 1020">
     <span class='ocr_line' id='line_1_25' title="bbox 2003 950 3580 1020; baseline 0.001 -18"><span class='ocrx_word' id='word_1_169' title='bbox 2003 951 2136 1018; x_wconf 73' lang='lat' dir='ltr'><strong>Qua:</strong></span> <span class='ocrx_word' id='word_1_170' title='bbox 2161 961 2294 1020; x_wconf 90' lang='lat' dir='ltr'><strong>puto</strong></span> <span class='ocrx_word' id='word_1_171' title='bbox 2323 950 2389 1004; x_wconf 90' lang='lat' dir='ltr'>de</span> <span class='ocrx_word' id='word_1_172' title='bbox 2415 951 2503 1004; x_wconf 81' lang='lat' dir='ltr'>die</span> <span class='ocrx_word' id='word_1_173' title='bbox 2529 950 2720 1019; x_wconf 85' lang='lat' dir='ltr'><strong>judicii</strong></span> <span class='ocrx_word' id='word_1_174' title='bbox 2747 950 2957 1018; x_wconf 87' lang='lat' dir='ltr'><strong>prolata</strong></span> <span class='ocrx_word' id='word_1_175' title='bbox 2993 950 3179 1006; x_wconf 81' lang='lat' dir='ltr'><strong>fuisse.</strong></span> <span class='ocrx_word' id='word_1_176' title='bbox 3214 951 3580 1018; x_wconf 79' lang='lat' dir='ltr'>Quamobrem</span> 
     </span>
    </p>
   </div>
   <div class='ocr_carea' id='block_1_26' title="bbox 2007 1042 3584 1106">
    <p class='ocr_par' dir='ltr' id='par_1_26' title="bbox 2007 1042 3584 1106">
     <span class='ocr_line' id='line_1_26' title="bbox 2007 1042 3584 1106; baseline -0.001 -8"><span class='ocrx_word' id='word_1_177' title='bbox 2007 1060 2112 1098; x_wconf 89' lang='lat' dir='ltr'>non</span> <span class='ocrx_word' id='word_1_178' title='bbox 2157 1046 2225 1098; x_wconf 92' lang='lat' dir='ltr'>de</span> <span class='ocrx_word' id='word_1_179' title='bbox 2271 1042 2475 1098; x_wconf 68' lang='lat' dir='ltr'><strong>Judmis</strong></span> <span class='ocrx_word' id='word_1_180' title='bbox 2511 1053 2718 1097; x_wconf 89' lang='lat' dir='ltr'><strong>tantum</strong></span> <span class='ocrx_word' id='word_1_181' title='bbox 2755 1044 2869 1098; x_wconf 65' lang='lat' dir='ltr'><strong>haec</strong></span> <span class='ocrx_word' id='word_1_182' title='bbox 2926 1044 3278 1106; x_wconf 81' lang='lat' dir='ltr'><strong>vaticinatur,</strong></span> <span class='ocrx_word' id='word_1_183' title='bbox 3326 1045 3417 1097; x_wconf 82' lang='lat' dir='ltr'>sed</span> <span class='ocrx_word' id='word_1_184' title='bbox 3457 1046 3584 1097; x_wconf 84' lang='lat' dir='ltr'><strong>uni-</strong></span> 
     </span>
    </p>
   </div>
   <div class='ocr_carea' id='block_1_27' title="bbox 2005 1135 3585 1204">
    <p class='ocr_par' dir='ltr' id='par_1_27' title="bbox 2005 1135 3585 1204">
     <span class='ocr_line' id='line_1_27' title="bbox 2005 1135 3585 1204; baseline 0 -16"><span class='ocrx_word' id='word_1_185' title='bbox 2005 1137 2208 1190; x_wconf 82' lang='lat' dir='ltr'><strong>versim</strong></span> <span class='ocrx_word' id='word_1_186' title='bbox 2241 1137 2307 1191; x_wconf 90' lang='lat' dir='ltr'>de</span> <span class='ocrx_word' id='word_1_187' title='bbox 2331 1135 2588 1192; x_wconf 91' lang='lat' dir='ltr'><strong>omnibus</strong></span> <span class='ocrx_word' id='word_1_188' title='bbox 2619 1137 2925 1204; x_wconf 77' lang='lat' dir='ltr'><strong>huiusmodi</strong></span> <span class='ocrx_word' id='word_1_189' title='bbox 2962 1137 3292 1191; x_wconf 90' lang='lat' dir='ltr'><strong>hominibus.</strong></span> <span class='ocrx_word' id='word_1_190' title='bbox 3326 1136 3585 1189; x_wconf 70' lang='lat' dir='ltr'><strong>Pnenun-</strong></span> 
     </span>
    </p>
   </div>
   <div class='ocr_carea' id='block_1_28' title="bbox 2010 1223 3583 1298">
    <p class='ocr_par' dir='ltr' id='par_1_28' title="bbox 2010 1223 3583 1298">
     <span class='ocr_line' id='line_1_28' title="bbox 2010 1223 3583 1298; baseline 0.001 -20"><span class='ocrx_word' id='word_1_191' title='bbox 2010 1227 2109 1280; x_wconf 86' lang='lat' dir='ltr'><strong>tiat</strong></span> <span class='ocrx_word' id='word_1_192' title='bbox 2163 1227 2348 1296; x_wconf 90' lang='lat' dir='ltr'><strong>itaque</strong></span> <span class='ocrx_word' id='word_1_193' title='bbox 2398 1230 2748 1282; x_wconf 74' lang='lat' dir='ltr'><strong>evertendam</strong></span> <span class='ocrx_word' id='word_1_194' title='bbox 2786 1223 2907 1282; x_wconf 85' lang='lat' dir='ltr'><strong>esse</strong></span> <span class='ocrx_word' id='word_1_195' title='bbox 2943 1227 3084 1298; x_wconf 85' lang='lat' dir='ltr'><strong>apud</strong></span> <span class='ocrx_word' id='word_1_196' title='bbox 3118 1227 3366 1282; x_wconf 85' lang='lat' dir='ltr'><strong>homines</strong></span> <span class='ocrx_word' id='word_1_197' title='bbox 3412 1228 3583 1282; x_wconf 84' lang='lat' dir='ltr'><strong>idolo-</strong></span> 
     </span>
    </p>
   </div>
   <div class='ocr_carea' id='block_1_29' title="bbox 2009 1319 3585 1389">
    <p class='ocr_par' dir='ltr' id='par_1_29' title="bbox 2009 1319 3585 1389">
     <span class='ocr_line' id='line_1_29' title="bbox 2009 1319 3585 1389; baseline 0 -17"><span class='ocrx_word' id='word_1_198' title='bbox 2009 1319 2246 1383; x_wconf 84' lang='lat' dir='ltr'><strong>latriam,</strong></span> <span class='ocrx_word' id='word_1_199' title='bbox 2283 1319 2568 1389; x_wconf 89' lang='lat' dir='ltr'><strong>solumque</strong></span> <span class='ocrx_word' id='word_1_200' title='bbox 2604 1320 2655 1374; x_wconf 93' lang='lat' dir='ltr'><strong>in</strong></span> <span class='ocrx_word' id='word_1_201' title='bbox 2693 1321 3002 1374; x_wconf 88' lang='lat' dir='ltr'><strong>hominibus</strong></span> <span class='ocrx_word' id='word_1_202' title='bbox 3032 1320 3380 1374; x_wconf 81' lang='lat' dir='ltr'><strong>exaltandum</strong></span> <span class='ocrx_word' id='word_1_203' title='bbox 3413 1319 3585 1373; x_wconf 86' lang='lat' dir='ltr'><strong>Domi-</strong></span> 
     </span>
    </p>
   </div>
   <div class='ocr_carea' id='block_1_30' title="bbox 2012 1412 3587 1482">
    <p class='ocr_par' dir='ltr' id='par_1_30' title="bbox 2012 1412 3587 1482">
     <span class='ocr_line' id='line_1_30' title="bbox 2012 1412 3587 1482; baseline 0.002 -20"><span class='ocrx_word' id='word_1_204' title='bbox 2012 1425 2136 1462; x_wconf 90' lang='lat' dir='ltr'>num</span> <span class='ocrx_word' id='word_1_205' title='bbox 2168 1426 2308 1472; x_wconf 84' lang='lat' dir='ltr'><strong>esse,</strong></span> <span class='ocrx_word' id='word_1_206' title='bbox 2359 1413 2612 1479; x_wconf 75' lang='lat' dir='ltr'><strong>depressa</strong></span> <span class='ocrx_word' id='word_1_207' title='bbox 2637 1413 2780 1464; x_wconf 85' lang='lat' dir='ltr'><strong>omni</strong></span> <span class='ocrx_word' id='word_1_208' title='bbox 2821 1422 3025 1476; x_wconf 69' lang='lat' dir='ltr'><strong>contra</strong></span> <span class='ocrx_word' id='word_1_209' title='bbox 3082 1412 3172 1466; x_wconf 90' lang='lat' dir='ltr'>Dei</span> <span class='ocrx_word' id='word_1_210' title='bbox 3226 1413 3587 1482; x_wconf 75' lang='lat' dir='ltr'><strong>cognitionem</strong></span> 
     </span>
    </p>
   </div>
   <div class='ocr_carea' id='block_1_31' title="bbox 2009 1503 2702 1573">
    <p class='ocr_par' dir='ltr' id='par_1_31' title="bbox 2009 1503 2702 1573">
     <span class='ocr_line' id='line_1_31' title="bbox 2009 1503 2702 1573; baseline 0.003 -17"><span class='ocrx_word' id='word_1_211' title='bbox 2009 1503 2329 1573; x_wconf 84' lang='lat' dir='ltr'><strong>insurgeute</strong></span> <span class='ocrx_word' id='word_1_212' title='bbox 2360 1505 2702 1558; x_wconf 84' lang='lat' dir='ltr'><strong>celsitudine-</strong></span> 
     </span>
    </p>
   </div>
   <div class='ocr_carea' id='block_1_32' title="bbox 2085 1689 3592 1759">
    <p class='ocr_par' dir='ltr' id='par_1_32' title="bbox 2085 1689 3592 1759">
     <span class='ocr_line' id='line_1_32' title="bbox 2085 1689 3592 1759; baseline 0.003 -19"><span class='ocrx_word' id='word_1_213' title='bbox 2085 1689 2251 1744; x_wconf 73' lang='lat' dir='ltr'><strong>V&#39;ens.</strong></span> <span class='ocrx_word' id='word_1_214' title='bbox 2283 1689 2475 1744; x_wconf 73' lang='lat'>15-17.</span> <span class='ocrx_word' id='word_1_215' title='bbox 2517 1709 2536 1740; x_wconf 79' lang='grc' dir='ltr'>ι</span> <span class='ocrx_word' id='word_1_216' title='bbox 2565 1690 2630 1744; x_wconf 84' lang='grc' dir='ltr'>Ει</span> <span class='ocrx_word' id='word_1_217' title='bbox 2654 1705 2815 1759; x_wconf 82' lang='lat' dir='ltr'><strong>super</strong></span> <span class='ocrx_word' id='word_1_218' title='bbox 2833 1706 3022 1745; x_wconf 90' lang='lat' dir='ltr'><strong>omnes</strong></span> <span class='ocrx_word' id='word_1_219' title='bbox 3050 1695 3242 1746; x_wconf 87' lang='lat' dir='ltr'><strong>eedros</strong></span> <span class='ocrx_word' id='word_1_220' title='bbox 3271 1690 3463 1746; x_wconf 88' lang='lat' dir='ltr'><strong>Libani</strong></span> <span class='ocrx_word' id='word_1_221' title='bbox 3497 1709 3592 1745; x_wconf 79' lang='lat' dir='ltr'>ex-</span> 
     </span>
    </p>
   </div>
   <div class='ocr_carea' id='block_1_33' title="bbox 317 1762 1921 1870">
    <p class='ocr_par' dir='ltr' id='par_1_33' title="bbox 317 1777 1900 1870">
     <span class='ocr_line' id='line_1_33' title="bbox 317 1777 1900 1870; baseline -0.008 -29"><span class='ocrx_word' id='word_1_222' title='bbox 317 1786 420 1870; x_wconf 57' lang='grc' dir='ltr'>ριαὶ</span> <span class='ocrx_word' id='word_1_223' title='bbox 455 1783 769 1855; x_wconf 81' lang='grc' dir='ltr'>μετεώρων,</span> <span class='ocrx_word' id='word_1_224' title='bbox 805 1783 897 1836; x_wconf 74' lang='grc' dir='ltr'>καὶ</span> <span class='ocrx_word' id='word_1_225' title='bbox 936 1780 1027 1834; x_wconf 70' lang='grc' dir='ltr'>ἐπὶ</span> <span class='ocrx_word' id='word_1_226' title='bbox 1060 1781 1166 1834; x_wconf 82' lang='grc' dir='ltr'>πᾶν</span> <span class='ocrx_word' id='word_1_227' title='bbox 1198 1777 1411 1850; x_wconf 80' lang='grc' dir='ltr'>δένδρον</span> <span class='ocrx_word' id='word_1_228' title='bbox 1445 1778 1668 1848; x_wconf 81' lang='grc' dir='ltr'>βαλάνου</span> <span class='ocrx_word' id='word_1_229' title='bbox 1703 1779 1900 1840; x_wconf 71' lang='grc' dir='ltr'>Βασάν,</span> 
     </span>
    </p>
   </div>
   <div class='ocr_carea' id='block_1_34' title="bbox 2027 1762 3590 1870">
    <p class='ocr_par' dir='ltr' id='par_1_34' title="bbox 2027 1782 3590 1854">
     <span class='ocr_line' id='line_1_34' title="bbox 2027 1782 3590 1854; baseline -0.003 -15"><span class='ocrx_word' id='word_1_230' title='bbox 2027 1785 2192 1840; x_wconf 77' lang='lat' dir='ltr'><strong>celsas</strong></span> <span class='ocrx_word' id='word_1_231' title='bbox 2227 1794 2282 1837; x_wconf 88' lang='lat' dir='ltr'>et</span> <span class='ocrx_word' id='word_1_232' title='bbox 2315 1782 2596 1845; x_wconf 81' lang='lat' dir='ltr'><strong>sublimes,</strong></span> <span class='ocrx_word' id='word_1_233' title='bbox 2629 1794 2686 1836; x_wconf 89' lang='lat' dir='ltr'>et</span> <span class='ocrx_word' id='word_1_234' title='bbox 2731 1798 2894 1852; x_wconf 88' lang='lat' dir='ltr'><strong>super</strong></span> <span class='ocrx_word' id='word_1_235' title='bbox 2927 1798 3144 1838; x_wconf 88' lang='lat' dir='ltr'><strong>omnem</strong></span> <span class='ocrx_word' id='word_1_236' title='bbox 3185 1798 3443 1854; x_wconf 89' lang='lat' dir='ltr'><strong>quercum</strong></span> <span class='ocrx_word' id='word_1_237' title='bbox 3487 1783 3590 1836; x_wconf 83' lang='lat' dir='ltr'><strong>Da-</strong></span> 
     </span>
    </p>
   </div>
   <div class='ocr_carea' id='block_1_35' title="bbox 325 1869 1903 1945">
    <p class='ocr_par' dir='ltr' id='par_1_35' title="bbox 325 1869 1903 1945">
     <span class='ocr_line' id='line_1_35' title="bbox 325 1869 1903 1945; baseline -0.007 -14"><span class='ocrx_word' id='word_1_238' title='bbox 325 1878 422 1932; x_wconf 71' lang='lat' dir='ltr'><strong>)tai.</strong></span> <span class='ocrx_word' id='word_1_239' title='bbox 472 1878 564 1930; x_wconf 74' lang='grc' dir='ltr'>ἐπὶ</span> <span class='ocrx_word' id='word_1_240' title='bbox 607 1878 710 1929; x_wconf 81' lang='grc' dir='ltr'>πᾶν</span> <span class='ocrx_word' id='word_1_241' title='bbox 756 1874 951 1945; x_wconf 48' lang='grc' dir='ltr'>ὺῂλὸν</span> <span class='ocrx_word' id='word_1_242' title='bbox 995 1873 1142 1944; x_wconf 75' lang='grc' dir='ltr'>ὅρος,</span> <span class='ocrx_word' id='word_1_243' title='bbox 1195 1871 1290 1924; x_wconf 69' lang='grc' dir='ltr'>καὶ</span> <span class='ocrx_word' id='word_1_244' title='bbox 1342 1871 1435 1922; x_wconf 70' lang='grc' dir='ltr'>ἐπὶ</span> <span class='ocrx_word' id='word_1_245' title='bbox 1485 1871 1662 1922; x_wconf 88' lang='grc' dir='ltr'>πάντα</span> <span class='ocrx_word' id='word_1_246' title='bbox 1718 1869 1903 1940; x_wconf 75' lang='grc' dir='ltr'>βουνδν</span> 
     </span>
    </p>
   </div>
   <div class='ocr_carea' id='block_1_36' title="bbox 329 1960 1907 2040">
    <p class='ocr_par' dir='ltr' id='par_1_36' title="bbox 329 1960 1907 2040">
     <span class='ocr_line' id='line_1_36' title="bbox 329 1960 1907 2040; baseline -0.008 -17"><span class='ocrx_word' id='word_1_247' title='bbox 329 1969 552 2040; x_wconf 72' lang='grc' dir='ltr'>ὑψηλὸν,</span> <span class='ocrx_word' id='word_1_248' title='bbox 582 1969 673 2021; x_wconf 75' lang='grc' dir='ltr'>καὶ</span> <span class='ocrx_word' id='word_1_249' title='bbox 710 1968 802 2019; x_wconf 69' lang='grc' dir='ltr'>ἐπὶ</span> <span class='ocrx_word' id='word_1_250' title='bbox 840 1964 1014 2018; x_wconf 87' lang='grc' dir='ltr'>πάντα</span> <span class='ocrx_word' id='word_1_251' title='bbox 1049 1964 1259 2035; x_wconf 87' lang='grc' dir='ltr'>πύργον</span> <span class='ocrx_word' id='word_1_252' title='bbox 1289 1961 1510 2032; x_wconf 78' lang='grc' dir='ltr'>ὑψηλὸν,</span> <span class='ocrx_word' id='word_1_253' title='bbox 1543 1961 1636 2014; x_wconf 68' lang='grc' dir='ltr'>καὶ</span> <span class='ocrx_word' id='word_1_254' title='bbox 1672 1960 1763 2012; x_wconf 72' lang='grc' dir='ltr'>ἐπὶ</span> <span class='ocrx_word' id='word_1_255' title='bbox 1797 1962 1907 2012; x_wconf 78' lang='grc' dir='ltr'>πᾶν</span> 
     </span>
    </p>
   </div>
   <div class='ocr_carea' id='block_1_37' title="bbox 329 2052 1908 2132">
    <p class='ocr_par' dir='ltr' id='par_1_37' title="bbox 329 2052 1908 2132">
     <span class='ocr_line' id='line_1_37' title="bbox 329 2052 1908 2132; baseline -0.008 -16"><span class='ocrx_word' id='word_1_256' title='bbox 329 2066 508 2132; x_wconf 85' lang='grc' dir='ltr'>τεῖχος</span> <span class='ocrx_word' id='word_1_257' title='bbox 559 2060 779 2130; x_wconf 78' lang='grc' dir='ltr'>ὑψηλὸν,</span> <span class='ocrx_word' id='word_1_258' title='bbox 826 2059 918 2113; x_wconf 82' lang='grc' dir='ltr'>καὶ</span> <span class='ocrx_word' id='word_1_259' title='bbox 967 2059 1058 2112; x_wconf 76' lang='grc' dir='ltr'>ἐπὶ</span> <span class='ocrx_word' id='word_1_260' title='bbox 1092 2059 1199 2111; x_wconf 80' lang='grc' dir='ltr'>πᾶν</span> <span class='ocrx_word' id='word_1_261' title='bbox 1251 2056 1434 2109; x_wconf 86' lang='grc' dir='ltr'>πλοῖον</span> <span class='ocrx_word' id='word_1_262' title='bbox 1479 2053 1774 2121; x_wconf 75' lang='grc' dir='ltr'>θαλάσσης,</span> <span class='ocrx_word' id='word_1_263' title='bbox 1813 2052 1908 2105; x_wconf 73' lang='grc' dir='ltr'>καὶ</span> 
     </span>
    </p>
   </div>
   <div class='ocr_carea' id='block_1_38' title="bbox 333 2143 1907 2213">
    <p class='ocr_par' dir='ltr' id='par_1_38' title="bbox 333 2143 1907 2213">
     <span class='ocr_line' id='line_1_38' title="bbox 333 2143 1907 2213; baseline -0.008 -6"><span class='ocrx_word' id='word_1_264' title='bbox 333 2156 424 2207; x_wconf 77' lang='grc' dir='ltr'>ἐπὶ</span> <span class='ocrx_word' id='word_1_265' title='bbox 459 2156 636 2206; x_wconf 80' lang='grc' dir='ltr'>πᾶσαν</span> <span class='ocrx_word' id='word_1_266' title='bbox 676 2151 802 2204; x_wconf 88' lang='grc' dir='ltr'>θέαν</span> <span class='ocrx_word' id='word_1_267' title='bbox 838 2151 1034 2203; x_wconf 80' lang='grc' dir='ltr'>πλοίων</span> <span class='ocrx_word' id='word_1_268' title='bbox 1068 2148 1296 2212; x_wconf 82' lang='grc' dir='ltr'>κάλλους</span> <span class='ocrx_word' id='word_1_269' title='bbox 1317 2165 1329 2177; x_wconf 84' lang='grc'>·</span> <span class='ocrx_word' id='word_1_270' title='bbox 1367 2146 1459 2199; x_wconf 73' lang='grc' dir='ltr'>καὶ</span> <span class='ocrx_word' id='word_1_271' title='bbox 1501 2143 1907 2213; x_wconf 78' lang='grc' dir='ltr'>ταπεινωθήσε-</span> 
     </span>
    </p>
   </div>
   <div class='ocr_carea' id='block_1_39' title="bbox 329 2235 1909 2316">
    <p class='ocr_par' dir='ltr' id='par_1_39' title="bbox 329 2235 1909 2316">
     <span class='ocr_line' id='line_1_39' title="bbox 329 2235 1909 2316; baseline -0.008 -16"><span class='ocrx_word' id='word_1_272' title='bbox 329 2265 418 2300; x_wconf 91' lang='grc' dir='ltr'>ται</span> <span class='ocrx_word' id='word_1_273' title='bbox 453 2248 560 2310; x_wconf 78' lang='grc' dir='ltr'>πᾶς</span> <span class='ocrx_word' id='word_1_274' title='bbox 589 2245 891 2316; x_wconf 84' lang='grc' dir='ltr'>ἄνθρωπος,</span> <span class='ocrx_word' id='word_1_275' title='bbox 939 2245 1032 2297; x_wconf 70' lang='grc' dir='ltr'>καὶ</span> <span class='ocrx_word' id='word_1_276' title='bbox 1072 2245 1318 2295; x_wconf 83' lang='grc' dir='ltr'>πεσεῖται</span> <span class='ocrx_word' id='word_1_277' title='bbox 1364 2239 1522 2312; x_wconf 72' lang='grc' dir='ltr'>ὕϐρις</span> <span class='ocrx_word' id='word_1_278' title='bbox 1557 2239 1666 2290; x_wconf 89' lang='grc' dir='ltr'>τῶν</span> <span class='ocrx_word' id='word_1_279' title='bbox 1699 2235 1909 2308; x_wconf 74' lang='grc' dir='ltr'>ἀνθρώσ-</span> 
     </span>
    </p>
   </div>
   <div class='ocr_carea' id='block_1_40' title="bbox 329 2325 1912 2398">
    <p class='ocr_par' dir='ltr' id='par_1_40' title="bbox 329 2325 1912 2398">
     <span class='ocr_line' id='line_1_40' title="bbox 329 2325 1912 2398; baseline -0.008 -9"><span class='ocrx_word' id='word_1_280' title='bbox 329 2354 466 2390; x_wconf 80' lang='grc' dir='ltr'>πων.</span> <span class='ocrx_word' id='word_1_281' title='bbox 513 2355 532 2386; x_wconf 74' lang='grc' dir='ltr'>ι</span> <span class='ocrx_word' id='word_1_282' title='bbox 582 2334 856 2387; x_wconf 86' lang='grc' dir='ltr'>Ἐπιϐαλῶ</span> <span class='ocrx_word' id='word_1_283' title='bbox 885 2336 969 2386; x_wconf 82' lang='grc' dir='ltr'>ἐπ’</span> <span class='ocrx_word' id='word_1_284' title='bbox 1003 2333 1200 2395; x_wconf 79' lang='grc' dir='ltr'>αὐτοὺς</span> <span class='ocrx_word' id='word_1_285' title='bbox 1233 2330 1292 2384; x_wconf 87' lang='grc' dir='ltr'>τδ</span> <span class='ocrx_word' id='word_1_286' title='bbox 1325 2328 1537 2383; x_wconf 86' lang='grc' dir='ltr'>δίκτυόν</span> <span class='ocrx_word' id='word_1_287' title='bbox 1575 2345 1700 2398; x_wconf 89' lang='grc' dir='ltr'>μου,</span> <span class='ocrx_word' id='word_1_288' title='bbox 1732 2325 1912 2389; x_wconf 84' lang='grc' dir='ltr'>καθὼς</span> 
     </span>
    </p>
   </div>
   <div class='ocr_carea' id='block_1_41' title="bbox 326 2418 1915 2496">
    <p class='ocr_par' dir='ltr' id='par_1_41' title="bbox 326 2418 1915 2496">
     <span class='ocr_line' id='line_1_41' title="bbox 326 2418 1915 2496; baseline -0.008 -15"><span class='ocrx_word' id='word_1_289' title='bbox 326 2429 395 2481; x_wconf 76' lang='grc' dir='ltr'>τά</span> <span class='ocrx_word' id='word_1_290' title='bbox 425 2425 647 2480; x_wconf 81' lang='grc' dir='ltr'>πετεινὰ</span> <span class='ocrx_word' id='word_1_291' title='bbox 672 2425 764 2478; x_wconf 81' lang='grc' dir='ltr'>τοῦ</span> <span class='ocrx_word' id='word_1_292' title='bbox 792 2422 1024 2496; x_wconf 76' lang='grc' dir='ltr'>ούρανοῦ</span> <span class='ocrx_word' id='word_1_293' title='bbox 1055 2420 1272 2486; x_wconf 78' lang='grc' dir='ltr'>κατάξω</span> <span class='ocrx_word' id='word_1_294' title='bbox 1305 2421 1520 2484; x_wconf 87' lang='grc' dir='ltr'>αύτούς,</span> <span class='ocrx_word' id='word_1_295' title='bbox 1550 2418 1704 2490; x_wconf 89' lang='grc' dir='ltr'>Τάχα</span> <span class='ocrx_word' id='word_1_296' title='bbox 1731 2418 1788 2470; x_wconf 82' lang='grc' dir='ltr'>δὲ</span> <span class='ocrx_word' id='word_1_297' title='bbox 1822 2418 1915 2469; x_wconf 72' lang='grc' dir='ltr'>καὶ</span> 
     </span>
    </p>
   </div>
   <div class='ocr_carea' id='block_1_42' title="bbox 329 2511 1915 2590">
    <p class='ocr_par' dir='ltr' id='par_1_42' title="bbox 329 2511 1915 2590">
     <span class='ocr_line' id='line_1_42' title="bbox 329 2511 1915 2590; baseline -0.007 -16"><span class='ocrx_word' id='word_1_298' title='bbox 329 2520 470 2574; x_wconf 81' lang='grc' dir='ltr'>κατὰ</span> <span class='ocrx_word' id='word_1_299' title='bbox 509 2518 605 2590; x_wconf 81' lang='grc' dir='ltr'>τὴν</span> <span class='ocrx_word' id='word_1_300' title='bbox 654 2516 1112 2589; x_wconf 83' lang='grc' dir='ltr'>προσδοκωμένην</span> <span class='ocrx_word' id='word_1_301' title='bbox 1159 2515 1252 2567; x_wconf 83' lang='grc' dir='ltr'>τοῦ</span> <span class='ocrx_word' id='word_1_302' title='bbox 1302 2514 1508 2586; x_wconf 83' lang='grc' dir='ltr'>Κυρίου</span> <span class='ocrx_word' id='word_1_303' title='bbox 1557 2513 1771 2584; x_wconf 77' lang='grc' dir='ltr'>ἡμέραν</span> <span class='ocrx_word' id='word_1_304' title='bbox 1815 2511 1915 2580; x_wconf 76' lang='grc' dir='ltr'>τῆς</span> 
     </span>
    </p>
   </div>
   <div class='ocr_carea' id='block_1_43' title="bbox 330 2601 1916 2681">
    <p class='ocr_par' dir='ltr' id='par_1_43' title="bbox 330 2601 1916 2681">
     <span class='ocr_line' id='line_1_43' title="bbox 330 2601 1916 2681; baseline -0.005 -20"><span class='ocrx_word' id='word_1_305' title='bbox 330 2608 585 2681; x_wconf 88' lang='grc' dir='ltr'>κρίσεως,</span> <span class='ocrx_word' id='word_1_306' title='bbox 607 2607 705 2678; x_wconf 80' lang='grc' dir='ltr'>τὴν</span> <span class='ocrx_word' id='word_1_307' title='bbox 731 2605 842 2658; x_wconf 89' lang='grc' dir='ltr'>τῶν</span> <span class='ocrx_word' id='word_1_308' title='bbox 869 2605 1124 2658; x_wconf 81' lang='grc' dir='ltr'>τοιούτων</span> <span class='ocrx_word' id='word_1_309' title='bbox 1151 2604 1370 2658; x_wconf 82' lang='grc' dir='ltr'>πάντων</span> <span class='ocrx_word' id='word_1_310' title='bbox 1395 2603 1670 2656; x_wconf 86' lang='grc' dir='ltr'>ἀπώλειαν</span> <span class='ocrx_word' id='word_1_311' title='bbox 1697 2601 1916 2654; x_wconf 76' lang='grc' dir='ltr'>ἔσεσθαι</span> 
     </span>
    </p>
   </div>
   <div class='ocr_carea' id='block_1_44' title="bbox 333 2689 1917 2770">
    <p class='ocr_par' dir='ltr' id='par_1_44' title="bbox 333 2689 1917 2770">
     <span class='ocr_line' id='line_1_44' title="bbox 333 2689 1917 2770; baseline -0.005 -19"><span class='ocrx_word' id='word_1_312' title='bbox 333 2696 665 2770; x_wconf 79' lang='grc' dir='ltr'>προφητεύει</span> <span class='ocrx_word' id='word_1_313' title='bbox 685 2713 701 2725; x_wconf 78' lang='grc'><em>“</em></span> <span class='ocrx_word' id='word_1_314' title='bbox 731 2689 830 2748; x_wconf 77' lang='grc' dir='ltr'>ὧδέ</span> <span class='ocrx_word' id='word_1_315' title='bbox 863 2711 978 2756; x_wconf 86' lang='grc' dir='ltr'>πως</span> <span class='ocrx_word' id='word_1_316' title='bbox 1019 2693 1362 2764; x_wconf 82' lang='grc' dir='ltr'>αἰνιξάμενος</span> <span class='ocrx_word' id='word_1_317' title='bbox 1391 2690 1917 2761; x_wconf 83' lang='grc' dir='ltr'>ἐπικεκαλυμμένως</span> 
     </span>
    </p>
   </div>
   <div class='ocr_carea' id='block_1_45' title="bbox 331 2782 1920 2862">
    <p class='ocr_par' dir='ltr' id='par_1_45' title="bbox 331 2782 1920 2862">
     <span class='ocr_line' id='line_1_45' title="bbox 331 2782 1920 2862; baseline -0.007 -18"><span class='ocrx_word' id='word_1_318' title='bbox 331 2793 456 2854; x_wconf 70' lang='grc' dir='ltr'>τοὺς</span> <span class='ocrx_word' id='word_1_319' title='bbox 477 2788 811 2862; x_wconf 74' lang='grc' dir='ltr'>κρατοῦντας</span> <span class='ocrx_word' id='word_1_320' title='bbox 833 2787 926 2840; x_wconf 73' lang='grc' dir='ltr'>τοῦ</span> <span class='ocrx_word' id='word_1_321' title='bbox 948 2786 1143 2849; x_wconf 87' lang='grc' dir='ltr'>αἰῶνος</span> <span class='ocrx_word' id='word_1_322' title='bbox 1157 2784 1368 2848; x_wconf 89' lang='grc' dir='ltr'>τούτου,</span> <span class='ocrx_word' id='word_1_323' title='bbox 1384 2785 1479 2837; x_wconf 76' lang='grc' dir='ltr'>καὶ</span> <span class='ocrx_word' id='word_1_324' title='bbox 1506 2784 1574 2837; x_wconf 82' lang='grc' dir='ltr'>τά</span> <span class='ocrx_word' id='word_1_325' title='bbox 1595 2783 1838 2852; x_wconf 53' lang='grc' dir='ltr'>ύψηὰσιὶ</span> <span class='ocrx_word' id='word_1_326' title='bbox 1853 2782 1920 2834; x_wconf 80' lang='grc' dir='ltr'>τά</span> 
     </span>
    </p>
   </div>
   <div class='ocr_carea' id='block_1_46' title="bbox 333 2873 1922 2953">
    <p class='ocr_par' dir='ltr' id='par_1_46' title="bbox 333 2873 1922 2953">
     <span class='ocr_line' id='line_1_46' title="bbox 333 2873 1922 2953; baseline -0.007 -17"><span class='ocrx_word' id='word_1_327' title='bbox 333 2881 638 2952; x_wconf 80' lang='grc' dir='ltr'>ἀξιώματα,</span> <span class='ocrx_word' id='word_1_328' title='bbox 652 2879 750 2944; x_wconf 83' lang='grc' dir='ltr'>τάς</span> <span class='ocrx_word' id='word_1_329' title='bbox 765 2897 826 2932; x_wconf 91' lang='grc' dir='ltr'>τε</span> <span class='ocrx_word' id='word_1_330' title='bbox 838 2879 1011 2953; x_wconf 84' lang='grc' dir='ltr'>ἀρχάς</span> <span class='ocrx_word' id='word_1_331' title='bbox 1027 2878 1121 2931; x_wconf 69' lang='grc' dir='ltr'>καὶ</span> <span class='ocrx_word' id='word_1_332' title='bbox 1135 2877 1231 2940; x_wconf 78' lang='grc' dir='ltr'>τὰς</span> <span class='ocrx_word' id='word_1_333' title='bbox 1247 2875 1514 2940; x_wconf 80' lang='grc' dir='ltr'>ἐξουσίας,</span> <span class='ocrx_word' id='word_1_334' title='bbox 1529 2875 1622 2930; x_wconf 81' lang='grc' dir='ltr'>καί</span> <span class='ocrx_word' id='word_1_335' title='bbox 1637 2877 1761 2937; x_wconf 78' lang='grc' dir='ltr'>τοὺς</span> <span class='ocrx_word' id='word_1_336' title='bbox 1772 2877 1828 2926; x_wconf 82' lang='grc' dir='ltr'>ἐν</span> <span class='ocrx_word' id='word_1_337' title='bbox 1844 2873 1922 2943; x_wconf 80' lang='grc' dir='ltr'>τῷ</span> 
     </span>
    </p>
   </div>
   <div class='ocr_carea' id='block_1_47' title="bbox 337 2966 1872 3045">
    <p class='ocr_par' dir='ltr' id='par_1_47' title="bbox 337 2966 1872 3045">
     <span class='ocr_line' id='line_1_47' title="bbox 337 2966 1872 3045; baseline -0.003 -20"><span class='ocrx_word' id='word_1_338' title='bbox 337 2974 441 3045; x_wconf 77' lang='grc' dir='ltr'>βίῳ</span> <span class='ocrx_word' id='word_1_339' title='bbox 464 2972 912 3044; x_wconf 84' lang='grc' dir='ltr'>κοσμοκράτορας</span> <span class='ocrx_word' id='word_1_340' title='bbox 937 2971 1062 3033; x_wconf 75' lang='grc' dir='ltr'>τοὺς</span> <span class='ocrx_word' id='word_1_341' title='bbox 1090 2969 1182 3022; x_wconf 72' lang='grc' dir='ltr'>τὸν</span> <span class='ocrx_word' id='word_1_342' title='bbox 1210 2968 1342 3021; x_wconf 78' lang='grc' dir='ltr'>Θεὸν</span> <span class='ocrx_word' id='word_1_343' title='bbox 1376 2967 1450 3039; x_wconf 80' lang='grc' dir='ltr'>μὴ</span> <span class='ocrx_word' id='word_1_344' title='bbox 1473 2966 1872 3036; x_wconf 81' lang='grc' dir='ltr'>ὲπεγνωκότας.</span> 
     </span>
    </p>
   </div>
   <div class='ocr_carea' id='block_1_48' title="bbox 2013 1875 3592 1946">
    <p class='ocr_par' dir='ltr' id='par_1_48' title="bbox 2013 1875 3592 1946">
     <span class='ocr_line' id='line_1_48' title="bbox 2013 1875 3592 1946; baseline 0.001 -17"><span class='ocrx_word' id='word_1_345' title='bbox 2013 1891 2137 1938; x_wconf 92' lang='lat' dir='ltr'><strong>san,</strong></span> <span class='ocrx_word' id='word_1_346' title='bbox 2176 1885 2232 1929; x_wconf 84' lang='lat' dir='ltr'>et</span> <span class='ocrx_word' id='word_1_347' title='bbox 2260 1890 2428 1944; x_wconf 83' lang='lat' dir='ltr'><strong>super</strong></span> <span class='ocrx_word' id='word_1_348' title='bbox 2457 1890 2672 1928; x_wconf 91' lang='lat' dir='ltr'><strong>omnem</strong></span> <span class='ocrx_word' id='word_1_349' title='bbox 2712 1885 2952 1929; x_wconf 89' lang='lat' dir='ltr'><strong>montem</strong></span> <span class='ocrx_word' id='word_1_350' title='bbox 2995 1875 3295 1942; x_wconf 83' lang='lat' dir='ltr'><strong>excelsum,</strong></span> <span class='ocrx_word' id='word_1_351' title='bbox 3333 1887 3388 1930; x_wconf 90' lang='lat' dir='ltr'>et</span> <span class='ocrx_word' id='word_1_352' title='bbox 3431 1892 3592 1946; x_wconf 88' lang='lat' dir='ltr'><strong>super</strong></span> 
     </span>
    </p>
   </div>
   <div class='ocr_carea' id='block_1_49' title="bbox 2013 1968 3592 2043">
    <p class='ocr_par' dir='ltr' id='par_1_49' title="bbox 2013 1968 3592 2043">
     <span class='ocr_line' id='line_1_49' title="bbox 2013 1968 3592 2043; baseline 0 -22"><span class='ocrx_word' id='word_1_353' title='bbox 2013 1968 2470 2043; x_wconf 77' lang='lat' dir='ltr'><strong>omnemcollem</strong></span> <span class='ocrx_word' id='word_1_354' title='bbox 2498 1969 2798 2034; x_wconf 78' lang='lat' dir='ltr'><strong>excelsum,</strong></span> <span class='ocrx_word' id='word_1_355' title='bbox 2836 1979 2891 2023; x_wconf 90' lang='lat' dir='ltr'>et</span> <span class='ocrx_word' id='word_1_356' title='bbox 2924 1985 3090 2038; x_wconf 86' lang='lat' dir='ltr'><strong>super</strong></span> <span class='ocrx_word' id='word_1_357' title='bbox 3133 1983 3352 2022; x_wconf 89' lang='lat' dir='ltr'><strong>omnem</strong></span> <span class='ocrx_word' id='word_1_358' title='bbox 3399 1971 3592 2022; x_wconf 86' lang='lat' dir='ltr'><strong>turrim</strong></span> 
     </span>
    </p>
   </div>
   <div class='ocr_carea' id='block_1_50' title="bbox 2014 2059 3595 2130">
    <p class='ocr_par' dir='ltr' id='par_1_50' title="bbox 2014 2059 3595 2130">
     <span class='ocr_line' id='line_1_50' title="bbox 2014 2059 3595 2130; baseline 0.002 -18"><span class='ocrx_word' id='word_1_359' title='bbox 2014 2059 2324 2126; x_wconf 78' lang='lat' dir='ltr'><strong>sublimem,</strong></span> <span class='ocrx_word' id='word_1_360' title='bbox 2353 2070 2409 2114; x_wconf 90' lang='lat' dir='ltr'>et</span> <span class='ocrx_word' id='word_1_361' title='bbox 2456 2075 2621 2130; x_wconf 88' lang='lat' dir='ltr'><strong>super</strong></span> <span class='ocrx_word' id='word_1_362' title='bbox 2661 2075 2886 2114; x_wconf 90' lang='lat' dir='ltr'><strong>omnem</strong></span> <span class='ocrx_word' id='word_1_363' title='bbox 2929 2075 3140 2114; x_wconf 90' lang='lat' dir='ltr'><strong>murum</strong></span> <span class='ocrx_word' id='word_1_364' title='bbox 3191 2061 3505 2123; x_wconf 77' lang='lat' dir='ltr'><strong>excelsum,</strong></span> <span class='ocrx_word' id='word_1_365' title='bbox 3539 2074 3595 2115; x_wconf 82' lang='lat' dir='ltr'>et</span> 
     </span>
    </p>
   </div>
   <div class='ocr_carea' id='block_1_51' title="bbox 2014 2152 3594 2223">
    <p class='ocr_par' dir='ltr' id='par_1_51' title="bbox 2014 2152 3594 2223">
     <span class='ocr_line' id='line_1_51' title="bbox 2014 2152 3594 2223; baseline -0.001 -17"><span class='ocrx_word' id='word_1_366' title='bbox 2014 2167 2176 2219; x_wconf 86' lang='lat' dir='ltr'><strong>super</strong></span> <span class='ocrx_word' id='word_1_367' title='bbox 2225 2167 2441 2206; x_wconf 88' lang='lat' dir='ltr'><strong>omnem</strong></span> <span class='ocrx_word' id='word_1_368' title='bbox 2497 2167 2691 2206; x_wconf 83' lang='lat' dir='ltr'><strong>navem</strong></span> <span class='ocrx_word' id='word_1_369' title='bbox 2748 2152 2960 2217; x_wconf 88' lang='lat' dir='ltr'><strong>maris,</strong></span> <span class='ocrx_word' id='word_1_370' title='bbox 3036 2162 3091 2207; x_wconf 70' lang='grc' dir='ltr'>εἰ.</span> <span class='ocrx_word' id='word_1_371' title='bbox 3151 2168 3318 2223; x_wconf 85' lang='lat' dir='ltr'><strong>super</strong></span> <span class='ocrx_word' id='word_1_372' title='bbox 3378 2169 3594 2208; x_wconf 87' lang='lat' dir='ltr'><strong>omnem</strong></span> 
     </span>
    </p>
   </div>
   <div class='ocr_carea' id='block_1_52' title="bbox 2017 2244 3597 2313">
    <p class='ocr_par' dir='ltr' id='par_1_52' title="bbox 2017 2244 3597 2313">
     <span class='ocr_line' id='line_1_52' title="bbox 2017 2244 3597 2313; baseline 0.003 -17"><span class='ocrx_word' id='word_1_373' title='bbox 2017 2254 2294 2312; x_wconf 82' lang='lat' dir='ltr'><strong>aspectum</strong></span> <span class='ocrx_word' id='word_1_374' title='bbox 2336 2244 2750 2313; x_wconf 74' lang='lat' dir='ltr'><strong>pulchritudinis</strong></span> <span class='ocrx_word' id='word_1_375' title='bbox 2797 2246 3014 2298; x_wconf 81' lang='lat' dir='ltr'><strong>navium</strong></span> <span class='ocrx_word' id='word_1_376' title='bbox 3056 2257 3073 2297; x_wconf 91' lang='lat'><strong>:</strong></span> <span class='ocrx_word' id='word_1_377' title='bbox 3121 2254 3177 2299; x_wconf 89' lang='lat' dir='ltr'>et</span> <span class='ocrx_word' id='word_1_378' title='bbox 3225 2245 3597 2300; x_wconf 84' lang='lat' dir='ltr'><strong>bumiliabitnr</strong></span> 
     </span>
    </p>
   </div>
   <div class='ocr_carea' id='block_1_53' title="bbox 2017 2332 3596 2403">
    <p class='ocr_par' dir='ltr' id='par_1_53' title="bbox 2017 2332 3596 2403">
     <span class='ocr_line' id='line_1_53' title="bbox 2017 2332 3596 2403; baseline 0.001 -19"><span class='ocrx_word' id='word_1_379' title='bbox 2017 2334 2198 2388; x_wconf 83' lang='lat' dir='ltr'><strong>omnis</strong></span> <span class='ocrx_word' id='word_1_380' title='bbox 2230 2335 2414 2398; x_wconf 86' lang='lat' dir='ltr'><strong>homo,</strong></span> <span class='ocrx_word' id='word_1_381' title='bbox 2455 2346 2509 2387; x_wconf 88' lang='lat' dir='ltr'>et</span> <span class='ocrx_word' id='word_1_382' title='bbox 2547 2335 2706 2388; x_wconf 62' lang='lat' dir='ltr'><strong>callet</strong></span> <span class='ocrx_word' id='word_1_383' title='bbox 2738 2332 2968 2388; x_wconf 85' lang='lat' dir='ltr'><strong>altitudo</strong></span> <span class='ocrx_word' id='word_1_384' title='bbox 2999 2333 3260 2388; x_wconf 83' lang='lat' dir='ltr'><strong>virorum.</strong></span> <span class='ocrx_word' id='word_1_385' title='bbox 3297 2352 3315 2386; x_wconf 74' lang='grc' dir='ltr'>ι</span> <span class='ocrx_word' id='word_1_386' title='bbox 3353 2333 3596 2403; x_wconf 84' lang='lat' dir='ltr'><strong>lnjiciaiu</strong></span> 
     </span>
    </p>
   </div>
   <div class='ocr_carea' id='block_1_54' title="bbox 2019 2426 3598 2496">
    <p class='ocr_par' dir='ltr' id='par_1_54' title="bbox 2019 2426 3598 2496">
     <span class='ocr_line' id='line_1_54' title="bbox 2019 2426 3598 2496; baseline -0.001 -16"><span class='ocrx_word' id='word_1_387' title='bbox 2019 2426 2072 2480; x_wconf 93' lang='lat' dir='ltr'><strong>in</strong></span> <span class='ocrx_word' id='word_1_388' title='bbox 2113 2441 2208 2480; x_wconf 87' lang='lat' dir='ltr'>eos</span> <span class='ocrx_word' id='word_1_389' title='bbox 2251 2437 2366 2480; x_wconf 90' lang='lat' dir='ltr'><strong>rete</strong></span> <span class='ocrx_word' id='word_1_390' title='bbox 2398 2441 2601 2489; x_wconf 90' lang='lat' dir='ltr'><strong>meum,</strong></span> <span class='ocrx_word' id='word_1_391' title='bbox 2647 2428 2901 2496; x_wconf 82' lang='lat' dir='ltr'><strong>ipsosque</strong></span> <span class='ocrx_word' id='word_1_392' title='bbox 2949 2427 3124 2480; x_wconf 82' lang='lat' dir='ltr'><strong>instar</strong></span> <span class='ocrx_word' id='word_1_393' title='bbox 3160 2426 3436 2480; x_wconf 81' lang='lat' dir='ltr'><strong>volnerum</strong></span> <span class='ocrx_word' id='word_1_394' title='bbox 3473 2428 3598 2479; x_wconf 72' lang='lat' dir='ltr'><strong>emli</strong></span> 
     </span>
    </p>
   </div>
   <div class='ocr_carea' id='block_1_55' title="bbox 2021 2519 3597 2590">
    <p class='ocr_par' dir='ltr' id='par_1_55' title="bbox 2021 2519 3597 2590">
     <span class='ocr_line' id='line_1_55' title="bbox 2021 2519 3597 2590; baseline -0.001 -17"><span class='ocrx_word' id='word_1_395' title='bbox 2021 2519 2324 2573; x_wconf 84' lang='lat' dir='ltr'><strong>detraham.</strong></span> <span class='ocrx_word' id='word_1_396' title='bbox 2359 2520 2614 2573; x_wconf 85' lang='lat' dir='ltr'><strong>Fortasse</strong></span> <span class='ocrx_word' id='word_1_397' title='bbox 2644 2537 2776 2575; x_wconf 84' lang='lat' dir='ltr'><strong>vero</strong></span> <span class='ocrx_word' id='word_1_398' title='bbox 2805 2519 3048 2574; x_wconf 92' lang='lat' dir='ltr'><strong>omnium</strong></span> <span class='ocrx_word' id='word_1_399' title='bbox 3077 2522 3375 2590; x_wconf 90' lang='lat' dir='ltr'><strong>perniciem</strong></span> <span class='ocrx_word' id='word_1_400' title='bbox 3411 2521 3462 2574; x_wconf 92' lang='lat' dir='ltr'><strong>in</strong></span> <span class='ocrx_word' id='word_1_401' title='bbox 3509 2519 3597 2573; x_wconf 85' lang='lat' dir='ltr'><strong>illa</strong></span> 
     </span>
    </p>
   </div>
   <div class='ocr_carea' id='block_1_56' title="bbox 2022 2613 3600 2684">
    <p class='ocr_par' dir='ltr' id='par_1_56' title="bbox 2022 2613 3600 2684">
     <span class='ocr_line' id='line_1_56' title="bbox 2022 2613 3600 2684; baseline 0.001 -18"><span class='ocrx_word' id='word_1_402' title='bbox 2022 2621 2332 2682; x_wconf 78' lang='lat' dir='ltr'><strong>exspectata</strong></span> <span class='ocrx_word' id='word_1_403' title='bbox 2399 2613 2612 2667; x_wconf 90' lang='lat' dir='ltr'><strong>Domini</strong></span> <span class='ocrx_word' id='word_1_404' title='bbox 2663 2613 2750 2666; x_wconf 90' lang='lat' dir='ltr'>die</span> <span class='ocrx_word' id='word_1_405' title='bbox 2813 2614 2929 2668; x_wconf 82' lang='lat' dir='ltr'><strong>fore</strong></span> <span class='ocrx_word' id='word_1_406' title='bbox 2988 2615 3346 2678; x_wconf 82' lang='lat' dir='ltr'><strong>vaticinatur,</strong></span> <span class='ocrx_word' id='word_1_407' title='bbox 3406 2615 3600 2684; x_wconf 87' lang='lat' dir='ltr'><strong>hisque</strong></span> 
     </span>
    </p>
   </div>
   <div class='ocr_carea' id='block_1_57' title="bbox 2022 2704 3601 2774">
    <p class='ocr_par' dir='ltr' id='par_1_57' title="bbox 2022 2704 3601 2774">
     <span class='ocr_line' id='line_1_57' title="bbox 2022 2704 3601 2774; baseline 0 -15"><span class='ocrx_word' id='word_1_408' title='bbox 2022 2704 2253 2759; x_wconf 88' lang='lat' dir='ltr'><strong>obscure</strong></span> <span class='ocrx_word' id='word_1_409' title='bbox 2291 2704 2605 2759; x_wconf 85' lang='lat' dir='ltr'><strong>subimlicat</strong></span> <span class='ocrx_word' id='word_1_410' title='bbox 2649 2707 2922 2774; x_wconf 85' lang='lat' dir='ltr'><strong>principes</strong></span> <span class='ocrx_word' id='word_1_411' title='bbox 2968 2706 3130 2774; x_wconf 88' lang='lat' dir='ltr'><strong>hujus</strong></span> <span class='ocrx_word' id='word_1_412' title='bbox 3174 2706 3397 2771; x_wconf 65' lang='lat' dir='ltr'><strong>saeculi,</strong></span> <span class='ocrx_word' id='word_1_413' title='bbox 3437 2707 3601 2760; x_wconf 81' lang='lat' dir='ltr'><strong>celsi-</strong></span> 
     </span>
    </p>
   </div>
   <div class='ocr_carea' id='block_1_58' title="bbox 2025 2794 3601 2866">
    <p class='ocr_par' dir='ltr' id='par_1_58' title="bbox 2025 2794 3601 2866">
     <span class='ocr_line' id='line_1_58' title="bbox 2025 2794 3601 2866; baseline 0.001 -20"><span class='ocrx_word' id='word_1_414' title='bbox 2025 2794 2261 2857; x_wconf 83' lang='lat' dir='ltr'><strong>tudines,</strong></span> <span class='ocrx_word' id='word_1_415' title='bbox 2293 2795 2605 2860; x_wconf 77' lang='lat' dir='ltr'><strong>dignitates,</strong></span> <span class='ocrx_word' id='word_1_416' title='bbox 2641 2795 2982 2864; x_wconf 82' lang='lat' dir='ltr'><strong>principatus</strong></span> <span class='ocrx_word' id='word_1_417' title='bbox 3031 2805 3086 2849; x_wconf 87' lang='lat' dir='ltr'>et</span> <span class='ocrx_word' id='word_1_418' title='bbox 3135 2805 3458 2866; x_wconf 81' lang='lat' dir='ltr'><strong>poteSIates,</strong></span> <span class='ocrx_word' id='word_1_419' title='bbox 3493 2797 3601 2850; x_wconf 81' lang='lat' dir='ltr'><strong>lui-</strong></span> 
     </span>
    </p>
   </div>
   <div class='ocr_carea' id='block_1_59' title="bbox 2019 2885 3596 2958">
    <p class='ocr_par' dir='ltr' id='par_1_59' title="bbox 2019 2885 3596 2958">
     <span class='ocr_line' id='line_1_59' title="bbox 2019 2885 3596 2958; baseline 0.002 -19"><span class='ocrx_word' id='word_1_420' title='bbox 2019 2885 2214 2956; x_wconf 79' lang='lat' dir='ltr'><strong>jusque</strong></span> <span class='ocrx_word' id='word_1_421' title='bbox 2257 2888 2440 2941; x_wconf 84' lang='lat' dir='ltr'><strong>mundi</strong></span> <span class='ocrx_word' id='word_1_422' title='bbox 2478 2898 2758 2952; x_wconf 88' lang='lat' dir='ltr'><strong>rectores,</strong></span> <span class='ocrx_word' id='word_1_423' title='bbox 2806 2888 2896 2958; x_wconf 92' lang='lat' dir='ltr'>qui</span> <span class='ocrx_word' id='word_1_424' title='bbox 2937 2887 3104 2942; x_wconf 88' lang='lat' dir='ltr'><strong>Deum</strong></span> <span class='ocrx_word' id='word_1_425' title='bbox 3149 2905 3256 2944; x_wconf 91' lang='lat' dir='ltr'><strong>non</strong></span> <span class='ocrx_word' id='word_1_426' title='bbox 3307 2899 3596 2945; x_wconf 84' lang='lat' dir='ltr'><strong>noverunt.</strong></span> 
     </span>
    </p>
   </div>
   <div class='ocr_carea' id='block_1_60' title="bbox 419 3057 1921 3160">
    <p class='ocr_par' dir='ltr' id='par_1_60' title="bbox 419 3057 1921 3133">
     <span class='ocr_line' id='line_1_60' title="bbox 419 3057 1921 3133; baseline -0.006 -16"><span class='ocrx_word' id='word_1_427' title='bbox 419 3084 438 3116; x_wconf 75' lang='grc' dir='ltr'>ι</span> <span class='ocrx_word' id='word_1_428' title='bbox 499 3065 608 3117; x_wconf 69' lang='grc' dir='ltr'>Καὶ</span> <span class='ocrx_word' id='word_1_429' title='bbox 657 3063 998 3133; x_wconf 78' lang='grc' dir='ltr'>ὑψωθήσεται</span> <span class='ocrx_word' id='word_1_430' title='bbox 1049 3061 1253 3131; x_wconf 83' lang='grc' dir='ltr'>Κύριος</span> <span class='ocrx_word' id='word_1_431' title='bbox 1305 3059 1465 3130; x_wconf 86' lang='grc' dir='ltr'>μόνος</span> <span class='ocrx_word' id='word_1_432' title='bbox 1513 3059 1570 3110; x_wconf 82' lang='grc' dir='ltr'>ὲν</span> <span class='ocrx_word' id='word_1_433' title='bbox 1617 3060 1684 3128; x_wconf 83' lang='grc' dir='ltr'>τῇ</span> <span class='ocrx_word' id='word_1_434' title='bbox 1739 3057 1921 3128; x_wconf 78' lang='grc' dir='ltr'>ἡμέρᾳ</span> 
     </span>
    </p>
   </div>
   <div class='ocr_carea' id='block_1_61' title="bbox 2027 3057 3601 3160">
    <p class='ocr_par' dir='ltr' id='par_1_61' title="bbox 2101 3070 3601 3136">
     <span class='ocr_line' id='line_1_61' title="bbox 2101 3070 3601 3136; baseline 0.002 -14"><span class='ocrx_word' id='word_1_435' title='bbox 2101 3070 2262 3126; x_wconf 68' lang='lat' dir='ltr'><strong>Vens.</strong></span> <span class='ocrx_word' id='word_1_436' title='bbox 2304 3071 2499 3136; x_wconf 75' lang='grc'>18,19.</span> <span class='ocrx_word' id='word_1_437' title='bbox 2538 3091 2556 3123; x_wconf 79' lang='grc' dir='ltr'>ι</span> <span class='ocrx_word' id='word_1_438' title='bbox 2595 3071 2661 3126; x_wconf 82' lang='lat' dir='ltr'><strong>Et</strong></span> <span class='ocrx_word' id='word_1_439' title='bbox 2693 3071 3023 3126; x_wconf 80' lang='lat' dir='ltr'><strong>exaltabitur</strong></span> <span class='ocrx_word' id='word_1_440' title='bbox 3054 3071 3317 3127; x_wconf 89' lang='lat' dir='ltr'><strong>Dominus</strong></span> <span class='ocrx_word' id='word_1_441' title='bbox 3351 3071 3500 3126; x_wconf 85' lang='lat' dir='ltr'><strong>solus</strong></span> <span class='ocrx_word' id='word_1_442' title='bbox 3546 3071 3601 3125; x_wconf 88' lang='lat' dir='ltr'>in</span> 
     </span>
    </p>
   </div>
   <div class='ocr_carea' id='block_1_62' title="bbox 338 3148 1917 3230">
    <p class='ocr_par' dir='ltr' id='par_1_62' title="bbox 338 3148 1917 3230">
     <span class='ocr_line' id='line_1_62' title="bbox 338 3148 1917 3230; baseline -0.006 -20"><span class='ocrx_word' id='word_1_443' title='bbox 338 3157 551 3230; x_wconf 80' lang='grc' dir='ltr'>ἐκείνῃ,</span> <span class='ocrx_word' id='word_1_444' title='bbox 597 3156 688 3210; x_wconf 74' lang='grc' dir='ltr'>καὶ</span> <span class='ocrx_word' id='word_1_445' title='bbox 731 3154 797 3207; x_wconf 79' lang='grc' dir='ltr'>τά</span> <span class='ocrx_word' id='word_1_446' title='bbox 831 3153 1180 3226; x_wconf 82' lang='grc' dir='ltr'>χειροποίητα</span> <span class='ocrx_word' id='word_1_447' title='bbox 1235 3152 1412 3206; x_wconf 88' lang='grc' dir='ltr'>πάντα</span> <span class='ocrx_word' id='word_1_448' title='bbox 1455 3148 1917 3221; x_wconf 73' lang='grc' dir='ltr'>κατακρύψουσιν,</span> 
     </span>
    </p>
   </div>
   <div class='ocr_carea' id='block_1_63' title="bbox 339 3240 1922 3317">
    <p class='ocr_par' dir='ltr' id='par_1_63' title="bbox 339 3240 1922 3317">
     <span class='ocr_line' id='line_1_63' title="bbox 339 3240 1922 3317; baseline -0.007 -14"><span class='ocrx_word' id='word_1_449' title='bbox 339 3250 752 3317; x_wconf 83' lang='grc' dir='ltr'>είσενέγκαντες</span> <span class='ocrx_word' id='word_1_450' title='bbox 782 3249 861 3305; x_wconf 81' lang='grc' dir='ltr'>εἰς</span> <span class='ocrx_word' id='word_1_451' title='bbox 906 3246 973 3298; x_wconf 84' lang='grc' dir='ltr'>τά</span> <span class='ocrx_word' id='word_1_452' title='bbox 1023 3246 1257 3317; x_wconf 77' lang='grc' dir='ltr'>σπήλαια</span> <span class='ocrx_word' id='word_1_453' title='bbox 1303 3244 1396 3297; x_wconf 74' lang='grc' dir='ltr'>καὶ</span> <span class='ocrx_word' id='word_1_454' title='bbox 1430 3245 1509 3305; x_wconf 89' lang='grc' dir='ltr'>εἰς</span> <span class='ocrx_word' id='word_1_455' title='bbox 1550 3242 1647 3304; x_wconf 77' lang='grc' dir='ltr'>τὰς</span> <span class='ocrx_word' id='word_1_456' title='bbox 1685 3240 1922 3311; x_wconf 75' lang='grc' dir='ltr'>σχισμὰς</span> 
     </span>
    </p>
   </div>
   <div class='ocr_carea' id='block_1_64' title="bbox 342 3334 1922 3413">
    <p class='ocr_par' dir='ltr' id='par_1_64' title="bbox 342 3334 1922 3413">
     <span class='ocr_line' id='line_1_64' title="bbox 342 3334 1922 3413; baseline -0.008 -16"><span class='ocrx_word' id='word_1_457' title='bbox 342 3344 452 3397; x_wconf 86' lang='grc' dir='ltr'>τῶν</span> <span class='ocrx_word' id='word_1_458' title='bbox 476 3341 708 3413; x_wconf 83' lang='grc' dir='ltr'>πετρῶν,</span> <span class='ocrx_word' id='word_1_459' title='bbox 727 3341 820 3393; x_wconf 67' lang='grc' dir='ltr'>καὶ</span> <span class='ocrx_word' id='word_1_460' title='bbox 840 3342 918 3404; x_wconf 91' lang='grc' dir='ltr'>εἰς</span> <span class='ocrx_word' id='word_1_461' title='bbox 947 3340 1044 3402; x_wconf 73' lang='grc' dir='ltr'>τὰς</span> <span class='ocrx_word' id='word_1_462' title='bbox 1061 3339 1310 3410; x_wconf 88' lang='grc' dir='ltr'>τρώγλας</span> <span class='ocrx_word' id='word_1_463' title='bbox 1329 3337 1428 3405; x_wconf 81' lang='grc' dir='ltr'>τῆς</span> <span class='ocrx_word' id='word_1_464' title='bbox 1453 3335 1577 3406; x_wconf 82' lang='grc' dir='ltr'>γῆς,</span> <span class='ocrx_word' id='word_1_465' title='bbox 1611 3334 1719 3387; x_wconf 82' lang='grc' dir='ltr'>ἀπὸ</span> <span class='ocrx_word' id='word_1_466' title='bbox 1750 3350 1922 3406; x_wconf 81' lang='grc' dir='ltr'>προσ-</span> 
     </span>
    </p>
   </div>
   <div class='ocr_carea' id='block_1_65' title="bbox 337 3425 1925 3503">
    <p class='ocr_par' dir='ltr' id='par_1_65' title="bbox 337 3425 1925 3503">
     <span class='ocr_line' id='line_1_65' title="bbox 337 3425 1925 3503; baseline -0.008 -14"><span class='ocrx_word' id='word_1_467' title='bbox 337 3435 493 3489; x_wconf 83' lang='grc' dir='ltr'>ὡπου</span> <span class='ocrx_word' id='word_1_468' title='bbox 536 3434 629 3488; x_wconf 80' lang='grc' dir='ltr'>τοῦ</span> <span class='ocrx_word' id='word_1_469' title='bbox 705 3434 870 3503; x_wconf 77' lang='grc' dir='ltr'>φόϐου</span> <span class='ocrx_word' id='word_1_470' title='bbox 909 3433 1136 3501; x_wconf 83' lang='grc' dir='ltr'>Κυρίου,</span> <span class='ocrx_word' id='word_1_471' title='bbox 1171 3431 1264 3485; x_wconf 71' lang='grc' dir='ltr'>καὶ</span> <span class='ocrx_word' id='word_1_472' title='bbox 1313 3429 1420 3482; x_wconf 77' lang='grc' dir='ltr'>άπὸ</span> <span class='ocrx_word' id='word_1_473' title='bbox 1462 3429 1560 3497; x_wconf 78' lang='grc' dir='ltr'>τῆς</span> <span class='ocrx_word' id='word_1_474' title='bbox 1609 3426 1769 3497; x_wconf 80' lang='grc' dir='ltr'>δόξης</span> <span class='ocrx_word' id='word_1_475' title='bbox 1825 3425 1925 3495; x_wconf 83' lang='grc' dir='ltr'>τῆς</span> 
     </span>
    </p>
   </div>
   <div class='ocr_carea' id='block_1_66' title="bbox 346 3515 1926 3600">
    <p class='ocr_par' dir='ltr' id='par_1_66' title="bbox 346 3515 1926 3600">
     <span class='ocr_line' id='line_1_66' title="bbox 346 3515 1926 3600; baseline -0.011 -17"><span class='ocrx_word' id='word_1_476' title='bbox 346 3530 528 3600; x_wconf 85' lang='grc' dir='ltr'>ἰσχύος</span> <span class='ocrx_word' id='word_1_477' title='bbox 560 3526 747 3591; x_wconf 83' lang='grc' dir='ltr'>αὐτοῦ,</span> <span class='ocrx_word' id='word_1_478' title='bbox 783 3527 909 3579; x_wconf 82' lang='grc' dir='ltr'>ὅταν</span> <span class='ocrx_word' id='word_1_479' title='bbox 936 3527 1140 3594; x_wconf 80' lang='grc' dir='ltr'>ἀναστῇ</span> <span class='ocrx_word' id='word_1_480' title='bbox 1168 3520 1399 3592; x_wconf 82' lang='grc' dir='ltr'>θραῦσαι</span> <span class='ocrx_word' id='word_1_481' title='bbox 1425 3519 1522 3589; x_wconf 79' lang='grc' dir='ltr'>τὴν</span> <span class='ocrx_word' id='word_1_482' title='bbox 1550 3519 1672 3588; x_wconf 78' lang='grc' dir='ltr'>γῆν.</span> <span class='ocrx_word' id='word_1_483' title='bbox 1707 3537 1724 3568; x_wconf 75' lang='grc' dir='ltr'>ι</span> <span class='ocrx_word' id='word_1_484' title='bbox 1765 3515 1926 3568; x_wconf 78' lang='grc' dir='ltr'>Ἀλλά</span> 
     </span>
    </p>
   </div>
   <div class='ocr_carea' id='block_1_67' title="bbox 345 3610 1920 3690">
    <p class='ocr_par' dir='ltr' id='par_1_67' title="bbox 345 3610 1920 3690">
     <span class='ocr_line' id='line_1_67' title="bbox 345 3610 1920 3690; baseline -0.011 -12"><span class='ocrx_word' id='word_1_485' title='bbox 345 3626 438 3678; x_wconf 74' lang='grc' dir='ltr'>καὶ</span> <span class='ocrx_word' id='word_1_486' title='bbox 474 3626 522 3677; x_wconf 83' lang='grc' dir='ltr'>οἰ</span> <span class='ocrx_word' id='word_1_487' title='bbox 561 3621 796 3685; x_wconf 78' lang='grc' dir='ltr'>ἀσεϐεῖς,</span> <span class='ocrx_word' id='word_1_488' title='bbox 837 3621 937 3690; x_wconf 72' lang='grc' dir='ltr'>τῆς</span> <span class='ocrx_word' id='word_1_489' title='bbox 967 3618 1061 3672; x_wconf 82' lang='grc' dir='ltr'>τοῦ</span> <span class='ocrx_word' id='word_1_490' title='bbox 1093 3618 1298 3689; x_wconf 86' lang='grc' dir='ltr'>Κυρίου</span> <span class='ocrx_word' id='word_1_491' title='bbox 1343 3613 1644 3681; x_wconf 75' lang='grc' dir='ltr'>ἐπιστάσης</span> <span class='ocrx_word' id='word_1_492' title='bbox 1683 3610 1920 3681; x_wconf 85' lang='grc' dir='ltr'>ἡμέρας,</span> 
     </span>
    </p>
   </div>
   <div class='ocr_carea' id='block_1_68' title="bbox 345 3701 1926 3783">
    <p class='ocr_par' dir='ltr' id='par_1_68' title="bbox 345 3701 1926 3783">
     <span class='ocr_line' id='line_1_68' title="bbox 345 3701 1926 3783; baseline -0.012 -12"><span class='ocrx_word' id='word_1_493' title='bbox 345 3719 442 3780; x_wconf 78' lang='grc' dir='ltr'>τὰς</span> <span class='ocrx_word' id='word_1_494' title='bbox 468 3716 624 3780; x_wconf 79' lang='grc' dir='ltr'>δόξας</span> <span class='ocrx_word' id='word_1_495' title='bbox 648 3713 847 3776; x_wconf 71' lang='grc' dir='ltr'>αὐτῶν,</span> <span class='ocrx_word' id='word_1_496' title='bbox 875 3714 941 3776; x_wconf 73' lang='grc' dir='ltr'>ἃς</span> <span class='ocrx_word' id='word_1_497' title='bbox 972 3710 1113 3783; x_wconf 83' lang='grc' dir='ltr'>εἰχον</span> <span class='ocrx_word' id='word_1_498' title='bbox 1141 3709 1404 3782; x_wconf 87' lang='grc' dir='ltr'>πρότερον</span> <span class='ocrx_word' id='word_1_499' title='bbox 1438 3709 1495 3759; x_wconf 82' lang='grc' dir='ltr'>ὲν</span> <span class='ocrx_word' id='word_1_500' title='bbox 1521 3707 1587 3775; x_wconf 79' lang='grc' dir='ltr'>τῇ</span> <span class='ocrx_word' id='word_1_501' title='bbox 1617 3704 1763 3774; x_wconf 83' lang='grc' dir='ltr'>ψυχῇ</span> <span class='ocrx_word' id='word_1_502' title='bbox 1798 3701 1926 3772; x_wconf 73' lang='grc' dir='ltr'>περὶ</span> 
     </span>
    </p>
   </div>
   <div class='ocr_carea' id='block_1_69' title="bbox 347 3795 1928 3879">
    <p class='ocr_par' dir='ltr' id='par_1_69' title="bbox 347 3795 1928 3879">
     <span class='ocr_line' id='line_1_69' title="bbox 347 3795 1928 3879; baseline -0.011 -17"><span class='ocrx_word' id='word_1_503' title='bbox 347 3811 447 3879; x_wconf 79' lang='grc' dir='ltr'>τῆς</span> <span class='ocrx_word' id='word_1_504' title='bbox 496 3808 752 3863; x_wconf 83' lang='grc' dir='ltr'>πολυθέου</span> <span class='ocrx_word' id='word_1_505' title='bbox 798 3806 1027 3878; x_wconf 83' lang='grc' dir='ltr'>πλάνης,</span> <span class='ocrx_word' id='word_1_506' title='bbox 1065 3801 1512 3876; x_wconf 87' lang='grc' dir='ltr'>κατακρύψουσιν</span> <span class='ocrx_word' id='word_1_507' title='bbox 1542 3799 1599 3850; x_wconf 85' lang='grc' dir='ltr'>ὲν</span> <span class='ocrx_word' id='word_1_508' title='bbox 1631 3799 1752 3859; x_wconf 90' lang='grc' dir='ltr'>ταῖς</span> <span class='ocrx_word' id='word_1_509' title='bbox 1782 3795 1928 3866; x_wconf 82' lang='grc' dir='ltr'>διερ-</span> 
     </span>
    </p>
   </div>
   <div class='ocr_carea' id='block_1_70' title="bbox 355 3887 1928 3972">
    <p class='ocr_par' dir='ltr' id='par_1_70' title="bbox 355 3887 1928 3972">
     <span class='ocr_line' id='line_1_70' title="bbox 355 3887 1928 3972; baseline -0.011 -17"><span class='ocrx_word' id='word_1_510' title='bbox 355 3902 613 3972; x_wconf 80' lang='grc' dir='ltr'>ρωγυίαις</span> <span class='ocrx_word' id='word_1_511' title='bbox 641 3901 817 3956; x_wconf 82' lang='grc' dir='ltr'>αὐτῶν</span> <span class='ocrx_word' id='word_1_512' title='bbox 845 3898 1124 3961; x_wconf 76' lang='grc' dir='ltr'>διανοίαις,</span> <span class='ocrx_word' id='word_1_513' title='bbox 1158 3893 1446 3949; x_wconf 80' lang='grc' dir='ltr'>ὲκϐαλοῦσί</span> <span class='ocrx_word' id='word_1_514' title='bbox 1488 3908 1546 3944; x_wconf 88' lang='grc' dir='ltr'>τε</span> <span class='ocrx_word' id='word_1_515' title='bbox 1579 3891 1670 3944; x_wconf 70' lang='grc' dir='ltr'>καὶ</span> <span class='ocrx_word' id='word_1_516' title='bbox 1694 3887 1928 3958; x_wconf 77' lang='grc' dir='ltr'>ἀπορρί-</span> 
     </span>
    </p>
   </div>
   <div class='ocr_carea' id='block_1_71' title="bbox 347 3983 1930 4065">
    <p class='ocr_par' dir='ltr' id='par_1_71' title="bbox 347 3983 1930 4065">
     <span class='ocr_line' id='line_1_71' title="bbox 347 3983 1930 4065; baseline -0.009 -18"><span class='ocrx_word' id='word_1_517' title='bbox 347 3996 512 4065; x_wconf 80' lang='grc' dir='ltr'>ψουσι</span> <span class='ocrx_word' id='word_1_518' title='bbox 548 3993 640 4048; x_wconf 77' lang='grc' dir='ltr'>τοῦ</span> <span class='ocrx_word' id='word_1_519' title='bbox 689 3993 899 4047; x_wconf 75' lang='grc' dir='ltr'>ἑαυτῶν</span> <span class='ocrx_word' id='word_1_520' title='bbox 931 3990 1194 4061; x_wconf 76' lang='grc' dir='ltr'>λογισμοῦ</span> <span class='ocrx_word' id='word_1_521' title='bbox 1245 3990 1422 4041; x_wconf 80' lang='grc' dir='ltr'>πᾶσαν</span> <span class='ocrx_word' id='word_1_522' title='bbox 1462 3987 1558 4057; x_wconf 73' lang='grc' dir='ltr'>τὴν</span> <span class='ocrx_word' id='word_1_523' title='bbox 1590 3985 1760 4054; x_wconf 81' lang='grc' dir='ltr'>ψευδῆ</span> <span class='ocrx_word' id='word_1_524' title='bbox 1802 3983 1930 4053; x_wconf 78' lang='grc' dir='ltr'>περὶ</span> 
     </span>
    </p>
   </div>
   <div class='ocr_carea' id='block_1_72' title="bbox 345 4083 1042 4155">
    <p class='ocr_par' dir='ltr' id='par_1_72' title="bbox 345 4083 1042 4155">
     <span class='ocr_line' id='line_1_72' title="bbox 345 4083 1042 4155; baseline -0.004 -16"><span class='ocrx_word' id='word_1_525' title='bbox 345 4087 457 4139; x_wconf 83' lang='grc' dir='ltr'>τῶν</span> <span class='ocrx_word' id='word_1_526' title='bbox 488 4086 718 4139; x_wconf 77' lang='grc' dir='ltr'>εἰδώλων</span> <span class='ocrx_word' id='word_1_527' title='bbox 759 4083 1042 4155; x_wconf 75' lang='grc' dir='ltr'>ὑπόληψιν.</span> 
     </span>
    </p>
   </div>
   <div class='ocr_carea' id='block_1_73' title="bbox 427 4166 1931 4247">
    <p class='ocr_par' dir='ltr' id='par_1_73' title="bbox 427 4166 1931 4247">
     <span class='ocr_line' id='line_1_73' title="bbox 427 4166 1931 4247; baseline -0.007 -20"><span class='ocrx_word' id='word_1_528' title='bbox 427 4197 445 4227; x_wconf 73' lang='grc' dir='ltr'>ι</span> <span class='ocrx_word' id='word_1_529' title='bbox 483 4178 562 4247; x_wconf 79' lang='grc' dir='ltr'>Τῇ</span> <span class='ocrx_word' id='word_1_530' title='bbox 590 4177 698 4247; x_wconf 80' lang='grc' dir='ltr'>γὰρ</span> <span class='ocrx_word' id='word_1_531' title='bbox 724 4174 907 4247; x_wconf 75' lang='grc' dir='ltr'>ἡμέρα</span> <span class='ocrx_word' id='word_1_532' title='bbox 934 4174 1119 4247; x_wconf 80' lang='grc' dir='ltr'>ἐκείνῃ</span> <span class='ocrx_word' id='word_1_533' title='bbox 1159 4172 1375 4226; x_wconf 79' lang='grc' dir='ltr'>ἐκϐαλεῖ</span> <span class='ocrx_word' id='word_1_534' title='bbox 1402 4170 1686 4238; x_wconf 78' lang='grc' dir='ltr'>ἄνθρωπος</span> <span class='ocrx_word' id='word_1_535' title='bbox 1720 4167 1789 4219; x_wconf 73' lang='grc' dir='ltr'>τά</span> <span class='ocrx_word' id='word_1_536' title='bbox 1818 4166 1931 4236; x_wconf 84' lang='grc' dir='ltr'>βδε-</span> 
     </span>
    </p>
   </div>
   <div class='ocr_carea' id='block_1_74' title="bbox 347 4259 1931 4339">
    <p class='ocr_par' dir='ltr' id='par_1_74' title="bbox 347 4259 1931 4339">
     <span class='ocr_line' id='line_1_74' title="bbox 347 4259 1931 4339; baseline -0.008 -17"><span class='ocrx_word' id='word_1_537' title='bbox 347 4269 602 4339; x_wconf 85' lang='grc' dir='ltr'>λύγματα</span> <span class='ocrx_word' id='word_1_538' title='bbox 633 4267 800 4322; x_wconf 76' lang='grc' dir='ltr'>αὐτοῦ</span> <span class='ocrx_word' id='word_1_539' title='bbox 835 4267 904 4321; x_wconf 75' lang='grc' dir='ltr'>τὰ</span> <span class='ocrx_word' id='word_1_540' title='bbox 931 4267 1149 4339; x_wconf 80' lang='grc' dir='ltr'>ἀργυρᾶ</span> <span class='ocrx_word' id='word_1_541' title='bbox 1186 4265 1282 4318; x_wconf 68' lang='grc' dir='ltr'>καὶ</span> <span class='ocrx_word' id='word_1_542' title='bbox 1309 4263 1376 4316; x_wconf 80' lang='grc' dir='ltr'>τά</span> <span class='ocrx_word' id='word_1_543' title='bbox 1421 4263 1616 4334; x_wconf 78' lang='grc' dir='ltr'>χρυσᾶ,</span> <span class='ocrx_word' id='word_1_544' title='bbox 1645 4260 1680 4313; x_wconf 77' lang='grc' dir='ltr'>ἂ</span> <span class='ocrx_word' id='word_1_545' title='bbox 1710 4259 1931 4328; x_wconf 78' lang='grc' dir='ltr'>ἐποίησε</span> 
     </span>
    </p>
   </div>
   <div class='ocr_carea' id='block_1_75' title="bbox 353 4349 1930 4432">
    <p class='ocr_par' dir='ltr' id='par_1_75' title="bbox 353 4349 1930 4432">
     <span class='ocr_line' id='line_1_75' title="bbox 353 4349 1930 4432; baseline -0.008 -20"><span class='ocrx_word' id='word_1_546' title='bbox 353 4363 678 4432; x_wconf 76' lang='grc' dir='ltr'>προσκυνεῖν</span> <span class='ocrx_word' id='word_1_547' title='bbox 730 4358 842 4422; x_wconf 82' lang='grc' dir='ltr'>τοῖς</span> <span class='ocrx_word' id='word_1_548' title='bbox 896 4357 1142 4429; x_wconf 86' lang='grc' dir='ltr'>ματαίοις</span> <span class='ocrx_word' id='word_1_549' title='bbox 1184 4357 1276 4412; x_wconf 77' lang='grc' dir='ltr'>καὶ</span> <span class='ocrx_word' id='word_1_550' title='bbox 1325 4357 1445 4417; x_wconf 86' lang='grc' dir='ltr'>ταῖς</span> <span class='ocrx_word' id='word_1_551' title='bbox 1497 4351 1797 4422; x_wconf 87' lang='grc' dir='ltr'>νυκτερίσι,</span> <span class='ocrx_word' id='word_1_552' title='bbox 1836 4349 1930 4402; x_wconf 77' lang='grc' dir='ltr'>τοῦ</span> 
     </span>
    </p>
   </div>
   <div class='ocr_carea' id='block_1_76' title="bbox 2025 3163 3602 3228">
    <p class='ocr_par' dir='ltr' id='par_1_76' title="bbox 2025 3163 3602 3228">
     <span class='ocr_line' id='line_1_76' title="bbox 2025 3163 3602 3228; baseline -0.001 -11"><span class='ocrx_word' id='word_1_553' title='bbox 2025 3163 2114 3217; x_wconf 88' lang='lat' dir='ltr'>die</span> <span class='ocrx_word' id='word_1_554' title='bbox 2149 3164 2258 3228; x_wconf 90' lang='lat' dir='ltr'><strong>illa,</strong></span> <span class='ocrx_word' id='word_1_555' title='bbox 2303 3174 2357 3218; x_wconf 87' lang='lat' dir='ltr'>et</span> <span class='ocrx_word' id='word_1_556' title='bbox 2383 3165 2563 3218; x_wconf 86' lang='lat' dir='ltr'><strong>omnia</strong></span> <span class='ocrx_word' id='word_1_557' title='bbox 2596 3164 2905 3218; x_wconf 79' lang='lat' dir='ltr'><strong>manufacta</strong></span> <span class='ocrx_word' id='word_1_558' title='bbox 2951 3163 3319 3224; x_wconf 84' lang='lat' dir='ltr'><strong>abscondent,</strong></span> <span class='ocrx_word' id='word_1_559' title='bbox 3368 3163 3602 3217; x_wconf 76' lang='lat' dir='ltr'><strong>inferen-</strong></span> 
     </span>
    </p>
   </div>
   <div class='ocr_carea' id='block_1_77' title="bbox 2027 3256 3602 3328">
    <p class='ocr_par' dir='ltr' id='par_1_77' title="bbox 2027 3256 3602 3328">
     <span class='ocr_line' id='line_1_77' title="bbox 2027 3256 3602 3328; baseline -0.001 -18"><span class='ocrx_word' id='word_1_560' title='bbox 2027 3266 2110 3312; x_wconf 84' lang='lat' dir='ltr'>tes</span> <span class='ocrx_word' id='word_1_561' title='bbox 2154 3257 2207 3311; x_wconf 92' lang='lat' dir='ltr'>in</span> <span class='ocrx_word' id='word_1_562' title='bbox 2249 3257 2538 3328; x_wconf 86' lang='lat' dir='ltr'><strong>speluncas</strong></span> <span class='ocrx_word' id='word_1_563' title='bbox 2589 3266 2644 3310; x_wconf 92' lang='lat' dir='ltr'>et</span> <span class='ocrx_word' id='word_1_564' title='bbox 2686 3257 2737 3310; x_wconf 91' lang='lat' dir='ltr'>in</span> <span class='ocrx_word' id='word_1_565' title='bbox 2779 3256 3053 3311; x_wconf 90' lang='lat' dir='ltr'><strong>scissuras</strong></span> <span class='ocrx_word' id='word_1_566' title='bbox 3102 3267 3412 3324; x_wconf 87' lang='lat' dir='ltr'><strong>petrarum,</strong></span> <span class='ocrx_word' id='word_1_567' title='bbox 3446 3264 3502 3310; x_wconf 92' lang='lat' dir='ltr'>et</span> <span class='ocrx_word' id='word_1_568' title='bbox 3548 3257 3602 3309; x_wconf 87' lang='lat' dir='ltr'>in</span> 
     </span>
    </p>
   </div>
   <div class='ocr_carea' id='block_1_78' title="bbox 2026 3349 3606 3418">
    <p class='ocr_par' dir='ltr' id='par_1_78' title="bbox 2026 3349 3606 3418">
     <span class='ocr_line' id='line_1_78' title="bbox 2026 3349 3606 3418; baseline -0.001 -15"><span class='ocrx_word' id='word_1_569' title='bbox 2026 3349 2293 3403; x_wconf 80' lang='lat' dir='ltr'><strong>foramina</strong></span> <span class='ocrx_word' id='word_1_570' title='bbox 2339 3359 2520 3412; x_wconf 83' lang='lat' dir='ltr'><strong>teme,</strong></span> <span class='ocrx_word' id='word_1_571' title='bbox 2555 3365 2584 3402; x_wconf 88' lang='lat' dir='ltr'>a</span> <span class='ocrx_word' id='word_1_572' title='bbox 2630 3350 2766 3404; x_wconf 75' lang='lat' dir='ltr'><strong>facie</strong></span> <span class='ocrx_word' id='word_1_573' title='bbox 2809 3350 3018 3406; x_wconf 85' lang='lat' dir='ltr'><strong>timoris</strong></span> <span class='ocrx_word' id='word_1_574' title='bbox 3055 3350 3299 3414; x_wconf 90' lang='lat' dir='ltr'><strong>Domini,</strong></span> <span class='ocrx_word' id='word_1_575' title='bbox 3336 3361 3391 3403; x_wconf 90' lang='lat' dir='ltr'>et</span> <span class='ocrx_word' id='word_1_576' title='bbox 3431 3364 3460 3403; x_wconf 86' lang='lat' dir='ltr'>a</span> <span class='ocrx_word' id='word_1_577' title='bbox 3494 3349 3606 3418; x_wconf 81' lang='lat' dir='ltr'><strong>glo-</strong></span> 
     </span>
    </p>
   </div>
   <div class='ocr_carea' id='block_1_79' title="bbox 2026 3441 3602 3511">
    <p class='ocr_par' dir='ltr' id='par_1_79' title="bbox 2026 3441 3602 3511">
     <span class='ocr_line' id='line_1_79' title="bbox 2026 3441 3602 3511; baseline 0 -17"><span class='ocrx_word' id='word_1_578' title='bbox 2026 3441 2106 3494; x_wconf 82' lang='lat' dir='ltr'>ria</span> <span class='ocrx_word' id='word_1_579' title='bbox 2141 3441 2363 3496; x_wconf 83' lang='lat' dir='ltr'><strong>virtutis</strong></span> <span class='ocrx_word' id='word_1_580' title='bbox 2395 3441 2556 3509; x_wconf 83' lang='lat' dir='ltr'><strong>ejus:</strong></span> <span class='ocrx_word' id='word_1_581' title='bbox 2593 3459 2717 3496; x_wconf 91' lang='lat' dir='ltr'>cum</span> <span class='ocrx_word' id='word_1_582' title='bbox 2753 3441 3062 3496; x_wconf 80' lang='lat' dir='ltr'><strong>surrexerit</strong></span> <span class='ocrx_word' id='word_1_583' title='bbox 3098 3443 3165 3496; x_wconf 88' lang='lat' dir='ltr'>ad</span> <span class='ocrx_word' id='word_1_584' title='bbox 3199 3443 3602 3511; x_wconf 87' lang='lat' dir='ltr'><strong>percutiendum</strong></span> 
     </span>
    </p>
   </div>
   <div class='ocr_carea' id='block_1_80' title="bbox 2029 3531 3605 3601">
    <p class='ocr_par' dir='ltr' id='par_1_80' title="bbox 2029 3531 3605 3601">
     <span class='ocr_line' id='line_1_80' title="bbox 2029 3531 3605 3601; baseline 0.001 -18"><span class='ocrx_word' id='word_1_585' title='bbox 2029 3539 2250 3584; x_wconf 89' lang='lat' dir='ltr'><strong>terram.</strong></span> <span class='ocrx_word' id='word_1_586' title='bbox 2295 3550 2314 3582; x_wconf 73' lang='grc' dir='ltr'>ι</span> <span class='ocrx_word' id='word_1_587' title='bbox 2367 3531 2506 3596; x_wconf 85' lang='lat' dir='ltr'><strong>Quin</strong></span> <span class='ocrx_word' id='word_1_588' title='bbox 2553 3533 2714 3585; x_wconf 90' lang='lat' dir='ltr'><strong>etiam</strong></span> <span class='ocrx_word' id='word_1_589' title='bbox 2770 3533 2954 3601; x_wconf 88' lang='lat' dir='ltr'><strong>impii,</strong></span> <span class='ocrx_word' id='word_1_590' title='bbox 3003 3531 3325 3587; x_wconf 76' lang='lat' dir='ltr'><strong>adveniente</strong></span> <span class='ocrx_word' id='word_1_591' title='bbox 3391 3531 3605 3586; x_wconf 86' lang='lat' dir='ltr'><strong>Domini</strong></span> 
     </span>
    </p>
   </div>
   <div class='ocr_carea' id='block_1_81' title="bbox 2029 3624 3604 3702">
    <p class='ocr_par' dir='ltr' id='par_1_81' title="bbox 2029 3624 3604 3702">
     <span class='ocr_line' id='line_1_81' title="bbox 2029 3624 3604 3702; baseline 0 -24"><span class='ocrx_word' id='word_1_592' title='bbox 2029 3624 2138 3688; x_wconf 88' lang='lat' dir='ltr'><strong>die,</strong></span> <span class='ocrx_word' id='word_1_593' title='bbox 2174 3626 2456 3695; x_wconf 83' lang='lat' dir='ltr'><strong>opiniones</strong></span> <span class='ocrx_word' id='word_1_594' title='bbox 2490 3641 2641 3689; x_wconf 87' lang='lat' dir='ltr'><strong>suas,</strong></span> <span class='ocrx_word' id='word_1_595' title='bbox 2674 3641 2813 3695; x_wconf 82' lang='lat' dir='ltr'><strong>quas</strong></span> <span class='ocrx_word' id='word_1_596' title='bbox 2843 3627 2986 3702; x_wconf 80' lang='lat' dir='ltr'><strong>circa</strong></span> <span class='ocrx_word' id='word_1_597' title='bbox 3027 3625 3350 3696; x_wconf 85' lang='lat' dir='ltr'><strong>pluralitatis</strong></span> <span class='ocrx_word' id='word_1_598' title='bbox 3381 3626 3604 3678; x_wconf 88' lang='lat' dir='ltr'><strong>deorum</strong></span> 
     </span>
    </p>
   </div>
   <div class='ocr_carea' id='block_1_82' title="bbox 2031 3705 3609 3788">
    <p class='ocr_par' dir='ltr' id='par_1_82' title="bbox 2031 3705 3609 3788">
     <span class='ocr_line' id='line_1_82' title="bbox 2031 3705 3609 3788; baseline -0.005 -13"><span class='ocrx_word' id='word_1_599' title='bbox 2031 3734 2274 3775; x_wconf 88' lang='lat' dir='ltr'><strong>errorem</strong></span> <span class='ocrx_word' id='word_1_600' title='bbox 2314 3729 2495 3772; x_wconf 90' lang='lat' dir='ltr'><strong>mente</strong></span> <span class='ocrx_word' id='word_1_601' title='bbox 2523 3718 2673 3788; x_wconf 90' lang='lat' dir='ltr'><strong>prius</strong></span> <span class='ocrx_word' id='word_1_602' title='bbox 2715 3705 3012 3780; x_wconf 84' lang='lat' dir='ltr'><strong>tenebant,</strong></span> <span class='ocrx_word' id='word_1_603' title='bbox 3059 3717 3112 3770; x_wconf 93' lang='lat' dir='ltr'>iu</span> <span class='ocrx_word' id='word_1_604' title='bbox 3161 3714 3405 3770; x_wconf 86' lang='lat' dir='ltr'><strong>discissis</strong></span> <span class='ocrx_word' id='word_1_605' title='bbox 3435 3724 3488 3768; x_wconf 87' lang='lat' dir='ltr'>et</span> <span class='ocrx_word' id='word_1_606' title='bbox 3527 3715 3609 3768; x_wconf 82' lang='lat' dir='ltr'>di-</span> 
     </span>
    </p>
   </div>
   <div class='ocr_carea' id='block_1_83' title="bbox 2033 3809 3603 3883">
    <p class='ocr_par' dir='ltr' id='par_1_83' title="bbox 2033 3809 3603 3883">
     <span class='ocr_line' id='line_1_83' title="bbox 2033 3809 3603 3883; baseline -0.006 -16"><span class='ocrx_word' id='word_1_607' title='bbox 2033 3813 2208 3883; x_wconf 90' lang='lat' dir='ltr'><strong>ruptis</strong></span> <span class='ocrx_word' id='word_1_608' title='bbox 2255 3811 2531 3866; x_wconf 85' lang='lat' dir='ltr'><strong>mentibus</strong></span> <span class='ocrx_word' id='word_1_609' title='bbox 2576 3812 2688 3864; x_wconf 88' lang='lat' dir='ltr'><strong>suis</strong></span> <span class='ocrx_word' id='word_1_610' title='bbox 2739 3809 3127 3873; x_wconf 88' lang='lat' dir='ltr'><strong>occultabunt,</strong></span> <span class='ocrx_word' id='word_1_611' title='bbox 3181 3818 3345 3874; x_wconf 80' lang='lat' dir='ltr'><strong>atque</strong></span> <span class='ocrx_word' id='word_1_612' title='bbox 3389 3822 3603 3859; x_wconf 83' lang='lat' dir='ltr'><strong>omnem</strong></span> 
     </span>
    </p>
   </div>
   <div class='ocr_carea' id='block_1_84' title="bbox 2032 3900 3606 3973">
    <p class='ocr_par' dir='ltr' id='par_1_84' title="bbox 2032 3900 3606 3973">
     <span class='ocr_line' id='line_1_84' title="bbox 2032 3900 3606 3973; baseline -0.004 -16"><span class='ocrx_word' id='word_1_613' title='bbox 2032 3904 2343 3958; x_wconf 85' lang='lat' dir='ltr'><strong>mendacem</strong></span> <span class='ocrx_word' id='word_1_614' title='bbox 2380 3903 2448 3957; x_wconf 91' lang='lat' dir='ltr'>de</span> <span class='ocrx_word' id='word_1_615' title='bbox 2491 3901 2651 3957; x_wconf 78' lang='lat' dir='ltr'><strong>idolis</strong></span> <span class='ocrx_word' id='word_1_616' title='bbox 2680 3902 2990 3973; x_wconf 87' lang='lat' dir='ltr'><strong>opinionem</strong></span> <span class='ocrx_word' id='word_1_617' title='bbox 3033 3900 3397 3955; x_wconf 82' lang='lat' dir='ltr'><strong>eliininahunt</strong></span> <span class='ocrx_word' id='word_1_618' title='bbox 3429 3910 3483 3952; x_wconf 90' lang='lat' dir='ltr'>et</span> <span class='ocrx_word' id='word_1_619' title='bbox 3513 3900 3606 3951; x_wconf 85' lang='lat' dir='ltr'><strong>ab-</strong></span> 
     </span>
    </p>
   </div>
   <div class='ocr_carea' id='block_1_85' title="bbox 2026 3995 2843 4064">
    <p class='ocr_par' dir='ltr' id='par_1_85' title="bbox 2026 3995 2843 4064">
     <span class='ocr_line' id='line_1_85' title="bbox 2026 3995 2843 4064; baseline 0 -17"><span class='ocrx_word' id='word_1_620' title='bbox 2026 3996 2225 4063; x_wconf 86' lang='lat' dir='ltr'><strong>jicieut</strong></span> <span class='ocrx_word' id='word_1_621' title='bbox 2263 4011 2328 4050; x_wconf 82' lang='lat' dir='ltr'><strong>ex</strong></span> <span class='ocrx_word' id='word_1_622' title='bbox 2361 3995 2694 4064; x_wconf 75' lang='lat' dir='ltr'><strong>cogitatione</strong></span> <span class='ocrx_word' id='word_1_623' title='bbox 2723 4010 2843 4049; x_wconf 89' lang='lat' dir='ltr'><strong>sua.</strong></span> 
     </span>
    </p>
   </div>
   <div class='ocr_carea' id='block_1_86' title="bbox 2092 4167 3612 4236">
    <p class='ocr_par' dir='ltr' id='par_1_86' title="bbox 2092 4167 3612 4236">
     <span class='ocr_line' id='line_1_86' title="bbox 2092 4167 3612 4236; baseline -0.002 -14"><span class='ocrx_word' id='word_1_624' title='bbox 2092 4167 2254 4224; x_wconf 73' lang='lat' dir='ltr'><strong>Vsus.</strong></span> <span class='ocrx_word' id='word_1_625' title='bbox 2279 4169 2474 4223; x_wconf 82' lang='lat'><strong>20-22.</strong></span> <span class='ocrx_word' id='word_1_626' title='bbox 2499 4187 2516 4221; x_wconf 84' lang='grc' dir='ltr'>ι</span> <span class='ocrx_word' id='word_1_627' title='bbox 2543 4168 2677 4223; x_wconf 85' lang='lat' dir='ltr'><strong>Nam</strong></span> <span class='ocrx_word' id='word_1_628' title='bbox 2709 4171 2761 4223; x_wconf 93' lang='lat' dir='ltr'><strong>in</strong></span> <span class='ocrx_word' id='word_1_629' title='bbox 2780 4168 2868 4224; x_wconf 91' lang='lat' dir='ltr'>die</span> <span class='ocrx_word' id='word_1_630' title='bbox 2893 4168 2981 4223; x_wconf 90' lang='lat' dir='ltr'><strong>illa</strong></span> <span class='ocrx_word' id='word_1_631' title='bbox 3010 4168 3190 4236; x_wconf 90' lang='lat' dir='ltr'><strong>ejiciet</strong></span> <span class='ocrx_word' id='word_1_632' title='bbox 3216 4169 3380 4222; x_wconf 90' lang='lat' dir='ltr'><strong>homo</strong></span> <span class='ocrx_word' id='word_1_633' title='bbox 3406 4167 3612 4221; x_wconf 87' lang='lat' dir='ltr'><strong>abomi-</strong></span> 
     </span>
    </p>
   </div>
   <div class='ocr_carea' id='block_1_87' title="bbox 2037 4259 3614 4334">
    <p class='ocr_par' dir='ltr' id='par_1_87' title="bbox 2037 4259 3614 4334">
     <span class='ocr_line' id='line_1_87' title="bbox 2037 4259 3614 4334; baseline -0.004 -18"><span class='ocrx_word' id='word_1_634' title='bbox 2037 4264 2284 4318; x_wconf 88' lang='lat' dir='ltr'><strong>nationes</strong></span> <span class='ocrx_word' id='word_1_635' title='bbox 2336 4279 2464 4318; x_wconf 89' lang='lat' dir='ltr'><strong>snas</strong></span> <span class='ocrx_word' id='word_1_636' title='bbox 2511 4273 2799 4334; x_wconf 79' lang='lat' dir='ltr'><strong>argenteas</strong></span> <span class='ocrx_word' id='word_1_637' title='bbox 2839 4272 2894 4316; x_wconf 87' lang='lat' dir='ltr'>et</span> <span class='ocrx_word' id='word_1_638' title='bbox 2933 4277 3148 4325; x_wconf 87' lang='lat' dir='ltr'><strong>aureas,</strong></span> <span class='ocrx_word' id='word_1_639' title='bbox 3175 4275 3312 4331; x_wconf 86' lang='lat' dir='ltr'><strong>quas</strong></span> <span class='ocrx_word' id='word_1_640' title='bbox 3364 4259 3512 4322; x_wconf 81' lang='lat' dir='ltr'><strong>fecit,</strong></span> <span class='ocrx_word' id='word_1_641' title='bbox 3553 4267 3614 4310; x_wconf 92' lang='lat' dir='ltr'>ut</span> 
     </span>
    </p>
   </div>
   <div class='ocr_carea' id='block_1_88' title="bbox 2037 4352 3611 4426">
    <p class='ocr_par' dir='ltr' id='par_1_88' title="bbox 2037 4352 3611 4426">
     <span class='ocr_line' id='line_1_88' title="bbox 2037 4352 3611 4426; baseline -0.003 -17"><span class='ocrx_word' id='word_1_642' title='bbox 2037 4357 2295 4410; x_wconf 79' lang='lat' dir='ltr'><strong>ailoraret</strong></span> <span class='ocrx_word' id='word_1_643' title='bbox 2325 4371 2463 4408; x_wconf 86' lang='lat' dir='ltr'><strong>vana</strong></span> <span class='ocrx_word' id='word_1_644' title='bbox 2494 4365 2551 4408; x_wconf 90' lang='lat' dir='ltr'>et</span> <span class='ocrx_word' id='word_1_645' title='bbox 2592 4354 3036 4426; x_wconf 80' lang='lat' dir='ltr'><strong>vespertiliones,</strong></span> <span class='ocrx_word' id='word_1_646' title='bbox 3072 4363 3132 4409; x_wconf 90' lang='lat' dir='ltr'>ut</span> <span class='ocrx_word' id='word_1_647' title='bbox 3180 4352 3512 4424; x_wconf 79' lang='lat' dir='ltr'><strong>ingrediatur</strong></span> <span class='ocrx_word' id='word_1_648' title='bbox 3559 4353 3611 4404; x_wconf 95' lang='lat' dir='ltr'><strong>in</strong></span> 
     </span>
    </p>
   </div>
   <div class='ocr_carea' id='block_1_89' title="bbox 355 4439 1921 4521">
    <p class='ocr_par' dir='ltr' id='par_1_89' title="bbox 355 4439 1921 4521">
     <span class='ocr_line' id='line_1_89' title="bbox 355 4439 1921 4521; baseline -0.007 -16"><span class='ocrx_word' id='word_1_649' title='bbox 355 4452 616 4505; x_wconf 84' lang='grc' dir='ltr'>εἰσελθεῖν</span> <span class='ocrx_word' id='word_1_650' title='bbox 649 4453 728 4515; x_wconf 89' lang='grc' dir='ltr'>είς</span> <span class='ocrx_word' id='word_1_651' title='bbox 769 4451 868 4514; x_wconf 81' lang='grc' dir='ltr'>τὰς</span> <span class='ocrx_word' id='word_1_652' title='bbox 903 4447 1154 4521; x_wconf 87' lang='grc' dir='ltr'>τρώγλας</span> <span class='ocrx_word' id='word_1_653' title='bbox 1186 4448 1284 4518; x_wconf 76' lang='grc' dir='ltr'>τῆς</span> <span class='ocrx_word' id='word_1_654' title='bbox 1337 4445 1563 4518; x_wconf 80' lang='grc' dir='ltr'>στερεᾶς</span> <span class='ocrx_word' id='word_1_655' title='bbox 1597 4439 1802 4513; x_wconf 80' lang='grc' dir='ltr'>πέτρας</span> <span class='ocrx_word' id='word_1_656' title='bbox 1839 4441 1921 4494; x_wconf 56' lang='grc' dir='ltr'>καῖ</span> 
     </span>
    </p>
   </div>
   <div class='ocr_carea' id='block_1_90' title="bbox 2027 4439 3611 4521">
    <p class='ocr_par' dir='ltr' id='par_1_90' title="bbox 2042 4443 3611 4516">
     <span class='ocr_line' id='line_1_90' title="bbox 2042 4443 3611 4516; baseline -0.003 -15"><span class='ocrx_word' id='word_1_657' title='bbox 2042 4448 2304 4502; x_wconf 81' lang='lat' dir='ltr'><strong>foramina</strong></span> <span class='ocrx_word' id='word_1_658' title='bbox 2348 4448 2495 4503; x_wconf 71' lang='lat' dir='ltr'><strong>dura:</strong></span> <span class='ocrx_word' id='word_1_659' title='bbox 2534 4457 2700 4513; x_wconf 74' lang='lat' dir='ltr'><strong>petrae</strong></span> <span class='ocrx_word' id='word_1_660' title='bbox 2731 4457 2786 4502; x_wconf 93' lang='lat' dir='ltr'>et</span> <span class='ocrx_word' id='word_1_661' title='bbox 2821 4448 3092 4502; x_wconf 89' lang='lat' dir='ltr'><strong>scissuras</strong></span> <span class='ocrx_word' id='word_1_662' title='bbox 3125 4455 3426 4516; x_wconf 89' lang='lat' dir='ltr'><strong>petrarum,</strong></span> <span class='ocrx_word' id='word_1_663' title='bbox 3459 4460 3486 4496; x_wconf 90' lang='lat' dir='ltr'>a</span> <span class='ocrx_word' id='word_1_664' title='bbox 3532 4443 3611 4497; x_wconf 73' lang='lat' dir='ltr'><strong>fa-</strong></span> 
     </span>
    </p>
   </div>
   <div class='ocr_carea' id='block_1_91' title="bbox 353 4532 1936 4615">
    <p class='ocr_par' dir='ltr' id='par_1_91' title="bbox 353 4532 1936 4615">
     <span class='ocr_line' id='line_1_91' title="bbox 353 4532 1936 4615; baseline -0.009 -18"><span class='ocrx_word' id='word_1_665' title='bbox 353 4545 454 4608; x_wconf 72' lang='grc' dir='ltr'>τάς</span> <span class='ocrx_word' id='word_1_666' title='bbox 486 4543 720 4615; x_wconf 83' lang='grc' dir='ltr'>σχισμὰς</span> <span class='ocrx_word' id='word_1_667' title='bbox 757 4542 868 4595; x_wconf 88' lang='grc' dir='ltr'>τῶν</span> <span class='ocrx_word' id='word_1_668' title='bbox 897 4541 1112 4612; x_wconf 87' lang='grc' dir='ltr'>πετρῶν</span> <span class='ocrx_word' id='word_1_669' title='bbox 1147 4541 1256 4594; x_wconf 83' lang='grc' dir='ltr'>άπὸ</span> <span class='ocrx_word' id='word_1_670' title='bbox 1292 4537 1584 4611; x_wconf 80' lang='grc' dir='ltr'>προσώπου</span> <span class='ocrx_word' id='word_1_671' title='bbox 1626 4534 1720 4587; x_wconf 82' lang='grc' dir='ltr'>τοῦ</span> <span class='ocrx_word' id='word_1_672' title='bbox 1771 4532 1936 4602; x_wconf 82' lang='grc' dir='ltr'>φόϐου</span> 
     </span>
    </p>
   </div>
   <div class='ocr_carea' id='block_1_92' title="bbox 358 4625 1938 4703">
    <p class='ocr_par' dir='ltr' id='par_1_92' title="bbox 358 4625 1938 4703">
     <span class='ocr_line' id='line_1_92' title="bbox 358 4625 1938 4703; baseline -0.007 -16"><span class='ocrx_word' id='word_1_673' title='bbox 358 4635 564 4702; x_wconf 86' lang='grc' dir='ltr'>Κυρίου</span> <span class='ocrx_word' id='word_1_674' title='bbox 602 4636 695 4687; x_wconf 67' lang='grc' dir='ltr'>καὶ</span> <span class='ocrx_word' id='word_1_675' title='bbox 723 4633 830 4687; x_wconf 78' lang='grc' dir='ltr'>ἀπὸ</span> <span class='ocrx_word' id='word_1_676' title='bbox 880 4633 978 4703; x_wconf 83' lang='grc' dir='ltr'>τῆς</span> <span class='ocrx_word' id='word_1_677' title='bbox 1018 4631 1175 4702; x_wconf 82' lang='grc' dir='ltr'>δόξης</span> <span class='ocrx_word' id='word_1_678' title='bbox 1220 4631 1319 4700; x_wconf 83' lang='grc' dir='ltr'>τῆς</span> <span class='ocrx_word' id='word_1_679' title='bbox 1360 4629 1539 4699; x_wconf 81' lang='grc' dir='ltr'>ἰσχύος</span> <span class='ocrx_word' id='word_1_680' title='bbox 1584 4626 1772 4686; x_wconf 82' lang='grc' dir='ltr'>αὑτοῦ,</span> <span class='ocrx_word' id='word_1_681' title='bbox 1813 4625 1938 4677; x_wconf 79' lang='grc' dir='ltr'>ὅταν</span> 
     </span>
    </p>
   </div>
   <div class='ocr_carea' id='block_1_93' title="bbox 353 4719 1940 4801">
    <p class='ocr_par' dir='ltr' id='par_1_93' title="bbox 353 4719 1940 4801">
     <span class='ocr_line' id='line_1_93' title="bbox 353 4719 1940 4801; baseline -0.008 -18"><span class='ocrx_word' id='word_1_682' title='bbox 353 4731 564 4800; x_wconf 79' lang='grc' dir='ltr'>ἀναστῇ</span> <span class='ocrx_word' id='word_1_683' title='bbox 616 4728 850 4801; x_wconf 82' lang='grc' dir='ltr'>θραῦσαι</span> <span class='ocrx_word' id='word_1_684' title='bbox 902 4728 1001 4797; x_wconf 81' lang='grc' dir='ltr'>τὴν</span> <span class='ocrx_word' id='word_1_685' title='bbox 1044 4728 1166 4798; x_wconf 77' lang='grc' dir='ltr'>γῆν,</span> <span class='ocrx_word' id='word_1_686' title='bbox 1219 4746 1232 4776; x_wconf 90' lang='grc' dir='ltr'>ι</span> <span class='ocrx_word' id='word_1_687' title='bbox 1288 4721 1789 4794; x_wconf 81' lang='grc' dir='ltr'>Εἰδωλολατρούσης</span> <span class='ocrx_word' id='word_1_688' title='bbox 1841 4719 1940 4790; x_wconf 80' lang='grc' dir='ltr'>τῆς</span> 
     </span>
    </p>
   </div>
   <div class='ocr_carea' id='block_1_94' title="bbox 369 4810 1942 4894">
    <p class='ocr_par' dir='ltr' id='par_1_94' title="bbox 369 4810 1942 4894">
     <span class='ocr_line' id='line_1_94' title="bbox 369 4810 1942 4894; baseline -0.011 -15"><span class='ocrx_word' id='word_1_689' title='bbox 369 4824 746 4894; x_wconf 78' lang='grc' dir='ltr'>Ἰερουσαλὴμ,</span> <span class='ocrx_word' id='word_1_690' title='bbox 797 4821 995 4893; x_wconf 82' lang='grc' dir='ltr'>μᾶλλον</span> <span class='ocrx_word' id='word_1_691' title='bbox 1040 4820 1096 4872; x_wconf 77' lang='grc' dir='ltr'>δὲ</span> <span class='ocrx_word' id='word_1_692' title='bbox 1142 4819 1361 4887; x_wconf 83' lang='grc' dir='ltr'>ἀπάσης</span> <span class='ocrx_word' id='word_1_693' title='bbox 1401 4815 1802 4887; x_wconf 81' lang='grc' dir='ltr'>πεπυρωμένης</span> <span class='ocrx_word' id='word_1_694' title='bbox 1843 4810 1942 4880; x_wconf 82' lang='grc' dir='ltr'>τῆς</span> 
     </span>
    </p>
   </div>
   <div class='ocr_carea' id='block_1_95' title="bbox 380 4905 1943 4986">
    <p class='ocr_par' dir='ltr' id='par_1_95' title="bbox 380 4905 1943 4986">
     <span class='ocr_line' id='line_1_95' title="bbox 380 4905 1943 4986; baseline -0.011 -14"><span class='ocrx_word' id='word_1_695' title='bbox 380 4918 648 4981; x_wconf 83' lang='grc' dir='ltr'>Ἰουδαίας,</span> <span class='ocrx_word' id='word_1_696' title='bbox 680 4918 958 4986; x_wconf 87' lang='grc' dir='ltr'>κατεχεῖτο</span> <span class='ocrx_word' id='word_1_697' title='bbox 995 4913 1193 4985; x_wconf 85' lang='grc' dir='ltr'>τρόπον</span> <span class='ocrx_word' id='word_1_698' title='bbox 1220 4911 1340 4963; x_wconf 79' lang='grc' dir='ltr'>τινὰ</span> <span class='ocrx_word' id='word_1_699' title='bbox 1365 4909 1464 4978; x_wconf 77' lang='grc' dir='ltr'>τῆς</span> <span class='ocrx_word' id='word_1_700' title='bbox 1499 4907 1756 4968; x_wconf 85' lang='grc' dir='ltr'>Ἰουδαίας</span> <span class='ocrx_word' id='word_1_701' title='bbox 1778 4908 1808 4957; x_wconf 80' lang='grc' dir='ltr'>ὁ</span> <span class='ocrx_word' id='word_1_702' title='bbox 1835 4905 1943 4956; x_wconf 86' lang='grc' dir='ltr'>Βα-</span> 
     </span>
    </p>
   </div>
   <div class='ocr_carea' id='block_1_96' title="bbox 360 4997 1945 5078">
    <p class='ocr_par' dir='ltr' id='par_1_96' title="bbox 360 4997 1945 5078">
     <span class='ocr_line' id='line_1_96' title="bbox 360 4997 1945 5078; baseline -0.009 -16"><span class='ocrx_word' id='word_1_703' title='bbox 360 5011 639 5064; x_wconf 77' lang='grc' dir='ltr'>ϐυλωνίων</span> <span class='ocrx_word' id='word_1_704' title='bbox 679 5009 944 5078; x_wconf 87' lang='grc' dir='ltr'>πόλεμος·</span> <span class='ocrx_word' id='word_1_705' title='bbox 979 5006 1050 5069; x_wconf 85' lang='grc' dir='ltr'>οἰ,</span> <span class='ocrx_word' id='word_1_706' title='bbox 1083 5007 1264 5058; x_wconf 74' lang='grc' dir='ltr'>πᾶσαν</span> <span class='ocrx_word' id='word_1_707' title='bbox 1305 4998 1779 5073; x_wconf 80' lang='grc' dir='ltr'>καταδῃώσαντες,</span> <span class='ocrx_word' id='word_1_708' title='bbox 1811 4997 1945 5049; x_wconf 87' lang='grc' dir='ltr'>ἀπε-</span> 
     </span>
    </p>
   </div>
   <div class='ocr_carea' id='block_1_97' title="bbox 361 5089 1947 5174">
    <p class='ocr_par' dir='ltr' id='par_1_97' title="bbox 361 5089 1947 5174">
     <span class='ocr_line' id='line_1_97' title="bbox 361 5089 1947 5174; baseline -0.012 -15"><span class='ocrx_word' id='word_1_709' title='bbox 361 5105 586 5158; x_wconf 83' lang='grc' dir='ltr'>κτόνασι</span> <span class='ocrx_word' id='word_1_710' title='bbox 634 5103 730 5174; x_wconf 86' lang='grc' dir='ltr'>μὲν</span> <span class='ocrx_word' id='word_1_711' title='bbox 773 5102 899 5163; x_wconf 82' lang='grc' dir='ltr'>τοὺς</span> <span class='ocrx_word' id='word_1_712' title='bbox 939 5097 1442 5168; x_wconf 86' lang='grc' dir='ltr'>κατειλημμένους·</span> <span class='ocrx_word' id='word_1_713' title='bbox 1498 5092 1694 5162; x_wconf 88' lang='grc' dir='ltr'>γύναια</span> <span class='ocrx_word' id='word_1_714' title='bbox 1744 5090 1800 5142; x_wconf 79' lang='grc' dir='ltr'>δὲ</span> <span class='ocrx_word' id='word_1_715' title='bbox 1851 5089 1947 5141; x_wconf 72' lang='grc' dir='ltr'>καὶ</span> 
     </span>
    </p>
   </div>
   <div class='ocr_carea' id='block_1_98' title="bbox 363 5179 1948 5263">
    <p class='ocr_par' dir='ltr' id='par_1_98' title="bbox 363 5179 1948 5263">
     <span class='ocr_line' id='line_1_98' title="bbox 363 5179 1948 5263; baseline -0.011 -14"><span class='ocrx_word' id='word_1_716' title='bbox 363 5196 558 5258; x_wconf 85' lang='grc' dir='ltr'>παῖδας</span> <span class='ocrx_word' id='word_1_717' title='bbox 604 5193 950 5263; x_wconf 79' lang='grc' dir='ltr'>άπεκόμισαν</span> <span class='ocrx_word' id='word_1_718' title='bbox 989 5191 1068 5253; x_wconf 87' lang='grc' dir='ltr'>είς</span> <span class='ocrx_word' id='word_1_719' title='bbox 1112 5190 1210 5260; x_wconf 82' lang='grc' dir='ltr'>τὴν</span> <span class='ocrx_word' id='word_1_720' title='bbox 1245 5185 1455 5240; x_wconf 81' lang='grc' dir='ltr'>ἑαυτῶν</span> <span class='ocrx_word' id='word_1_721' title='bbox 1495 5185 1619 5255; x_wconf 78' lang='grc' dir='ltr'>γῆν.</span> <span class='ocrx_word' id='word_1_722' title='bbox 1662 5179 1807 5250; x_wconf 80' lang='grc' dir='ltr'>Πλὴν</span> <span class='ocrx_word' id='word_1_723' title='bbox 1849 5179 1948 5249; x_wconf 80' lang='grc' dir='ltr'>τῆς</span> 
     </span>
    </p>
   </div>
   <div class='ocr_carea' id='block_1_99' title="bbox 364 5273 1949 5357">
    <p class='ocr_par' dir='ltr' id='par_1_99' title="bbox 364 5273 1949 5357">
     <span class='ocr_line' id='line_1_99' title="bbox 364 5273 1949 5357; baseline -0.011 -16"><span class='ocrx_word' id='word_1_724' title='bbox 364 5287 555 5356; x_wconf 66' lang='grc' dir='ltr'>ὲῳόδου</span> <span class='ocrx_word' id='word_1_725' title='bbox 579 5283 1110 5357; x_wconf 83' lang='grc' dir='ltr'>προαπηγγελμένης</span> <span class='ocrx_word' id='word_1_726' title='bbox 1138 5282 1233 5333; x_wconf 72' lang='grc' dir='ltr'>καὶ</span> <span class='ocrx_word' id='word_1_727' title='bbox 1265 5277 1562 5350; x_wconf 78' lang='grc' dir='ltr'>μελλούσης</span> <span class='ocrx_word' id='word_1_728' title='bbox 1595 5273 1836 5336; x_wconf 73' lang='grc' dir='ltr'>ἔσεσθαι,</span> <span class='ocrx_word' id='word_1_729' title='bbox 1871 5287 1949 5324; x_wconf 86' lang='grc' dir='ltr'>το-</span> 
     </span>
    </p>
   </div>
   <div class='ocr_carea' id='block_1_100' title="bbox 367 5364 1951 5442">
    <p class='ocr_par' dir='ltr' id='par_1_100' title="bbox 367 5364 1951 5442">
     <span class='ocr_line' id='line_1_100' title="bbox 367 5364 1951 5442; baseline -0.013 -9"><span class='ocrx_word' id='word_1_730' title='bbox 367 5381 556 5433; x_wconf 83' lang='grc' dir='ltr'>σοῦτον</span> <span class='ocrx_word' id='word_1_731' title='bbox 589 5383 698 5442; x_wconf 86' lang='grc' dir='ltr'>τοῖς</span> <span class='ocrx_word' id='word_1_732' title='bbox 729 5376 1002 5437; x_wconf 80' lang='grc' dir='ltr'>Ἰουδαίοις</span> <span class='ocrx_word' id='word_1_733' title='bbox 1035 5372 1225 5440; x_wconf 86' lang='grc' dir='ltr'>γέγονε</span> <span class='ocrx_word' id='word_1_734' title='bbox 1255 5371 1441 5440; x_wconf 84' lang='grc' dir='ltr'>δεῖμα,</span> <span class='ocrx_word' id='word_1_735' title='bbox 1475 5370 1568 5422; x_wconf 70' lang='grc' dir='ltr'>καὶ</span> <span class='ocrx_word' id='word_1_736' title='bbox 1598 5365 1838 5434; x_wconf 85' lang='grc' dir='ltr'>ἀγωνίας</span> <span class='ocrx_word' id='word_1_737' title='bbox 1870 5364 1951 5424; x_wconf 87' lang='grc' dir='ltr'>εἰς</span> 
     </span>
    </p>
   </div>
   <div class='ocr_carea' id='block_1_101' title="bbox 341 5455 1952 5532">
    <p class='ocr_par' dir='ltr' id='par_1_101' title="bbox 341 5455 1952 5532">
     <span class='ocr_line' id='line_1_101' title="bbox 341 5455 1952 5532; baseline -0.012 -6"><span class='ocrx_word' id='word_1_738' title='bbox 341 5473 528 5526; x_wconf 78' lang='grc' dir='ltr'>,τοῦτο</span> <span class='ocrx_word' id='word_1_739' title='bbox 563 5470 942 5531; x_wconf 81' lang='grc' dir='ltr'>πεπτώκασιν,</span> <span class='ocrx_word' id='word_1_740' title='bbox 979 5468 1054 5529; x_wconf 79' lang='grc' dir='ltr'>ὡς</span> <span class='ocrx_word' id='word_1_741' title='bbox 1107 5465 1162 5516; x_wconf 82' lang='grc' dir='ltr'>ὲν</span> <span class='ocrx_word' id='word_1_742' title='bbox 1197 5463 1494 5532; x_wconf 81' lang='grc' dir='ltr'>’σπηλαίοις</span> <span class='ocrx_word' id='word_1_743' title='bbox 1541 5461 1634 5514; x_wconf 77' lang='grc' dir='ltr'>καὶ</span> <span class='ocrx_word' id='word_1_744' title='bbox 1677 5461 1797 5520; x_wconf 84' lang='grc' dir='ltr'>ταῖς</span> <span class='ocrx_word' id='word_1_745' title='bbox 1844 5455 1952 5508; x_wconf 87' lang='grc' dir='ltr'>τῶν</span> 
     </span>
    </p>
   </div>
   <div class='ocr_carea' id='block_1_102' title="bbox 338 5537 1952 5636">
    <p class='ocr_par' dir='ltr' id='par_1_102' title="bbox 338 5537 1952 5636">
     <span class='ocr_line' id='line_1_102' title="bbox 338 5537 1952 5636; baseline -0.012 -18"><span class='ocrx_word' id='word_1_746' title='bbox 338 5537 512 5636; x_wconf 68' lang='grc' dir='ltr'>³όρῶν</span> <span class='ocrx_word' id='word_1_747' title='bbox 553 5565 798 5634; x_wconf 77' lang='grc' dir='ltr'>ῥωγμαῖς</span> <span class='ocrx_word' id='word_1_748' title='bbox 831 5555 1338 5630; x_wconf 88' lang='grc' dir='ltr'>κατακρύπτεσθαι,</span> <span class='ocrx_word' id='word_1_749' title='bbox 1367 5555 1458 5606; x_wconf 76' lang='grc' dir='ltr'>καὶ</span> <span class='ocrx_word' id='word_1_750' title='bbox 1493 5553 1692 5613; x_wconf 79' lang='grc' dir='ltr'>τόπους</span> <span class='ocrx_word' id='word_1_751' title='bbox 1719 5548 1952 5611; x_wconf 82' lang='grc' dir='ltr'>ἀϐάτους</span> 
     </span>
    </p>
   </div>
   <div class='ocr_carea' id='block_1_103' title="bbox 368 5642 1954 5727">
    <p class='ocr_par' dir='ltr' id='par_1_103' title="bbox 368 5642 1954 5727">
     <span class='ocr_line' id='line_1_103' title="bbox 368 5642 1954 5727; baseline -0.013 -14"><span class='ocrx_word' id='word_1_752' title='bbox 368 5656 834 5727; x_wconf 81' lang='grc' dir='ltr'>καταλαμϐάνειν,</span> <span class='ocrx_word' id='word_1_753' title='bbox 859 5655 1075 5725; x_wconf 84' lang='grc' dir='ltr'>ἁπάσης</span> <span class='ocrx_word' id='word_1_754' title='bbox 1099 5652 1277 5706; x_wconf 84' lang='grc' dir='ltr'>αὐτῶν</span> <span class='ocrx_word' id='word_1_755' title='bbox 1300 5648 1592 5717; x_wconf 79' lang='grc' dir='ltr'>ἁτονούσης</span> <span class='ocrx_word' id='word_1_756' title='bbox 1614 5643 1792 5714; x_wconf 81' lang='grc' dir='ltr'>χειρὸς</span> <span class='ocrx_word' id='word_1_757' title='bbox 1819 5642 1954 5711; x_wconf 81' lang='grc' dir='ltr'>πρὸς</span> 
     </span>
    </p>
   </div>
   <div class='ocr_carea' id='block_1_104' title="bbox 369 5742 1283 5822">
    <p class='ocr_par' dir='ltr' id='par_1_104' title="bbox 369 5742 1283 5822">
     <span class='ocr_line' id='line_1_104' title="bbox 369 5742 1283 5822; baseline -0.012 -20"><span class='ocrx_word' id='word_1_758' title='bbox 369 5752 470 5822; x_wconf 71' lang='grc' dir='ltr'>τὴν</span> <span class='ocrx_word' id='word_1_759' title='bbox 504 5749 612 5801; x_wconf 84' lang='grc' dir='ltr'>τῶν</span> <span class='ocrx_word' id='word_1_760' title='bbox 655 5747 916 5798; x_wconf 77' lang='grc' dir='ltr'>ἐπιόντων</span> <span class='ocrx_word' id='word_1_761' title='bbox 950 5742 1283 5796; x_wconf 86' lang='grc' dir='ltr'>ἀντίστασιν.</span> 
     </span>
    </p>
   </div>
   <div class='ocr_carea' id='block_1_105' title="bbox 613 5832 1307 5902">
    <p class='ocr_par' dir='ltr' id='par_1_105' title="bbox 613 5832 1307 5902">
     <span class='ocr_line' id='line_1_105' title="bbox 613 5832 1307 5902; baseline -0.014 0"><span class='ocrx_word' id='word_1_762' title='bbox 613 5841 886 5902; x_wconf 73' lang='grc' dir='ltr'>ιἈΤιιοι.</span> <span class='ocrx_word' id='word_1_763' title='bbox 923 5835 1040 5896; x_wconf 76' lang='lat' dir='ltr'><strong>Gtt.</strong></span> <span class='ocrx_word' id='word_1_764' title='bbox 1079 5832 1307 5895; x_wconf 72' lang='lat' dir='ltr'>XXIV.</span> 
     </span>
    </p>
   </div>
   <div class='ocr_carea' id='block_1_106' title="bbox 2040 4536 3613 4610">
    <p class='ocr_par' dir='ltr' id='par_1_106' title="bbox 2040 4536 3613 4610">
     <span class='ocr_line' id='line_1_106' title="bbox 2040 4536 3613 4610; baseline -0.004 -14"><span class='ocrx_word' id='word_1_765' title='bbox 2040 4543 2123 4596; x_wconf 79' lang='lat' dir='ltr'>cie</span> <span class='ocrx_word' id='word_1_766' title='bbox 2172 4541 2384 4595; x_wconf 84' lang='lat' dir='ltr'><strong>timoris</strong></span> <span class='ocrx_word' id='word_1_767' title='bbox 2428 4541 2642 4595; x_wconf 90' lang='lat' dir='ltr'><strong>Domini</strong></span> <span class='ocrx_word' id='word_1_768' title='bbox 2698 4549 2752 4594; x_wconf 87' lang='lat' dir='ltr'>et</span> <span class='ocrx_word' id='word_1_769' title='bbox 2798 4555 2826 4592; x_wconf 89' lang='lat' dir='ltr'>a</span> <span class='ocrx_word' id='word_1_770' title='bbox 2878 4540 3045 4610; x_wconf 81' lang='lat' dir='ltr'><strong>gloria</strong></span> <span class='ocrx_word' id='word_1_771' title='bbox 3095 4537 3430 4592; x_wconf 79' lang='lat' dir='ltr'><strong>fortitudinis</strong></span> <span class='ocrx_word' id='word_1_772' title='bbox 3474 4536 3613 4605; x_wconf 88' lang='lat' dir='ltr'><strong>ejus,</strong></span> 
     </span>
    </p>
   </div>
   <div class='ocr_carea' id='block_1_107' title="bbox 2043 4626 3616 4688">
    <p class='ocr_par' dir='ltr' id='par_1_107' title="bbox 2043 4626 3616 4688">
     <span class='ocr_line' id='line_1_107' title="bbox 2043 4626 3616 4688; baseline -0.004 0"><span class='ocrx_word' id='word_1_773' title='bbox 2043 4651 2164 4688; x_wconf 90' lang='lat' dir='ltr'>cum</span> <span class='ocrx_word' id='word_1_774' title='bbox 2195 4635 2497 4688; x_wconf 73' lang='lat' dir='ltr'><strong>surrexerit</strong></span> <span class='ocrx_word' id='word_1_775' title='bbox 2531 4634 2599 4688; x_wconf 89' lang='lat' dir='ltr'>ad</span> <span class='ocrx_word' id='word_1_776' title='bbox 2627 4635 3014 4687; x_wconf 89' lang='lat' dir='ltr'><strong>conterendam</strong></span> <span class='ocrx_word' id='word_1_777' title='bbox 3046 4639 3274 4685; x_wconf 89' lang='lat' dir='ltr'><strong>terram.</strong></span> <span class='ocrx_word' id='word_1_778' title='bbox 3313 4648 3331 4681; x_wconf 74' lang='grc' dir='ltr'>ι</span> <span class='ocrx_word' id='word_1_779' title='bbox 3367 4630 3497 4682; x_wconf 91' lang='lat' dir='ltr'>Dum</span> <span class='ocrx_word' id='word_1_780' title='bbox 3525 4626 3616 4682; x_wconf 80' lang='lat' dir='ltr'>Je-</span> 
     </span>
    </p>
   </div>
   <div class='ocr_carea' id='block_1_108' title="bbox 2044 4717 3615 4791">
    <p class='ocr_par' dir='ltr' id='par_1_108' title="bbox 2044 4717 3615 4791">
     <span class='ocr_line' id='line_1_108' title="bbox 2044 4717 3615 4791; baseline -0.006 -12"><span class='ocrx_word' id='word_1_781' title='bbox 2044 4727 2280 4780; x_wconf 84' lang='lat' dir='ltr'><strong>rusalent</strong></span> <span class='ocrx_word' id='word_1_782' title='bbox 2316 4725 2454 4778; x_wconf 86' lang='lat' dir='ltr'><strong>idola</strong></span> <span class='ocrx_word' id='word_1_783' title='bbox 2486 4724 2722 4787; x_wconf 89' lang='lat' dir='ltr'><strong>coleret,</strong></span> <span class='ocrx_word' id='word_1_784' title='bbox 2757 4723 2864 4776; x_wconf 88' lang='lat' dir='ltr'>imo</span> <span class='ocrx_word' id='word_1_785' title='bbox 2897 4721 3078 4791; x_wconf 91' lang='lat' dir='ltr'><strong>potius</strong></span> <span class='ocrx_word' id='word_1_786' title='bbox 3116 4735 3238 4774; x_wconf 89' lang='lat' dir='ltr'>cum</span> <span class='ocrx_word' id='word_1_787' title='bbox 3286 4729 3396 4774; x_wconf 86' lang='lat' dir='ltr'><strong>tota</strong></span> <span class='ocrx_word' id='word_1_788' title='bbox 3429 4717 3615 4773; x_wconf 73' lang='lat' dir='ltr'><strong>ludam</strong></span> 
     </span>
    </p>
   </div>
   <div class='ocr_carea' id='block_1_109' title="bbox 2047 4814 3618 4886">
    <p class='ocr_par' dir='ltr' id='par_1_109' title="bbox 2047 4814 3618 4886">
     <span class='ocr_line' id='line_1_109' title="bbox 2047 4814 3618 4886; baseline -0.009 -8"><span class='ocrx_word' id='word_1_789' title='bbox 2047 4823 2457 4886; x_wconf 87' lang='lat' dir='ltr'><strong>incenderetur,</strong></span> <span class='ocrx_word' id='word_1_790' title='bbox 2499 4819 2549 4872; x_wconf 90' lang='lat' dir='ltr'><strong>in</strong></span> <span class='ocrx_word' id='word_1_791' title='bbox 2577 4817 2762 4873; x_wconf 75' lang='lat' dir='ltr'><strong>Jutkea</strong></span> <span class='ocrx_word' id='word_1_792' title='bbox 2803 4817 3056 4872; x_wconf 80' lang='lat' dir='ltr'><strong>diﬂ’usum</strong></span> <span class='ocrx_word' id='word_1_793' title='bbox 3099 4814 3500 4885; x_wconf 85' lang='lat' dir='ltr'><strong>quodammodo</strong></span> <span class='ocrx_word' id='word_1_794' title='bbox 3533 4822 3618 4866; x_wconf 87' lang='lat' dir='ltr'>est</span> 
     </span>
    </p>
   </div>
   <div class='ocr_carea' id='block_1_110' title="bbox 2046 4907 3620 4986">
    <p class='ocr_par' dir='ltr' id='par_1_110' title="bbox 2046 4907 3620 4986">
     <span class='ocr_line' id='line_1_110' title="bbox 2046 4907 3620 4986; baseline -0.01 -16"><span class='ocrx_word' id='word_1_795' title='bbox 2046 4914 2465 4986; x_wconf 85' lang='lat' dir='ltr'><strong>Babyloniorum</strong></span> <span class='ocrx_word' id='word_1_796' title='bbox 2499 4912 2694 4965; x_wconf 90' lang='lat' dir='ltr'><strong>bellum</strong></span> <span class='ocrx_word' id='word_1_797' title='bbox 2723 4928 2735 4963; x_wconf 91' lang='lat'>:</span> <span class='ocrx_word' id='word_1_798' title='bbox 2769 4910 2884 4978; x_wconf 91' lang='lat' dir='ltr'><strong>qui,</strong></span> <span class='ocrx_word' id='word_1_799' title='bbox 2915 4909 3003 4961; x_wconf 90' lang='lat' dir='ltr'><strong>illa</strong></span> <span class='ocrx_word' id='word_1_800' title='bbox 3033 4907 3246 4976; x_wconf 87' lang='lat' dir='ltr'><strong>penitus</strong></span> <span class='ocrx_word' id='word_1_801' title='bbox 3276 4913 3507 4967; x_wconf 70' lang='lat' dir='ltr'><strong>vasrata,</strong></span> <span class='ocrx_word' id='word_1_802' title='bbox 3534 4917 3620 4957; x_wconf 86' lang='lat' dir='ltr'>ca-</span> 
     </span>
    </p>
   </div>
   <div class='ocr_carea' id='block_1_111' title="bbox 2047 5001 3620 5080">
    <p class='ocr_par' dir='ltr' id='par_1_111' title="bbox 2047 5001 3620 5080">
     <span class='ocr_line' id='line_1_111' title="bbox 2047 5001 3620 5080; baseline -0.01 -17"><span class='ocrx_word' id='word_1_803' title='bbox 2047 5020 2170 5080; x_wconf 92' lang='lat' dir='ltr'><strong>ptos</strong></span> <span class='ocrx_word' id='word_1_804' title='bbox 2210 5009 2354 5062; x_wconf 84' lang='lat' dir='ltr'><strong>viros</strong></span> <span class='ocrx_word' id='word_1_805' title='bbox 2397 5006 2824 5065; x_wconf 82' lang='lat' dir='ltr'><strong>interiecerant;</strong></span> <span class='ocrx_word' id='word_1_806' title='bbox 2871 5001 3126 5054; x_wconf 89' lang='lat' dir='ltr'><strong>mulieres</strong></span> <span class='ocrx_word' id='word_1_807' title='bbox 3159 5013 3287 5052; x_wconf 86' lang='lat' dir='ltr'><strong>vero</strong></span> <span class='ocrx_word' id='word_1_808' title='bbox 3325 5007 3380 5050; x_wconf 88' lang='lat' dir='ltr'>et</span> <span class='ocrx_word' id='word_1_809' title='bbox 3424 5010 3620 5064; x_wconf 89' lang='lat' dir='ltr'><strong>pueros</strong></span> 
     </span>
    </p>
   </div>
   <div class='ocr_carea' id='block_1_112' title="bbox 2051 5087 3622 5156">
    <p class='ocr_par' dir='ltr' id='par_1_112' title="bbox 2051 5087 3622 5156">
     <span class='ocr_line' id='line_1_112' title="bbox 2051 5087 3622 5156; baseline -0.01 0"><span class='ocrx_word' id='word_1_810' title='bbox 2051 5103 2103 5156; x_wconf 93' lang='lat' dir='ltr'><strong>in</strong></span> <span class='ocrx_word' id='word_1_811' title='bbox 2135 5110 2335 5156; x_wconf 88' lang='lat' dir='ltr'><strong>terram</strong></span> <span class='ocrx_word' id='word_1_812' title='bbox 2373 5114 2524 5154; x_wconf 89' lang='lat' dir='ltr'><strong>suam</strong></span> <span class='ocrx_word' id='word_1_813' title='bbox 2575 5095 2986 5150; x_wconf 88' lang='lat' dir='ltr'><strong>transtulerunt.</strong></span> <span class='ocrx_word' id='word_1_814' title='bbox 3027 5091 3298 5146; x_wconf 66' lang='lat' dir='ltr'><strong>Caeterum</strong></span> <span class='ocrx_word' id='word_1_815' title='bbox 3337 5102 3458 5142; x_wconf 91' lang='lat' dir='ltr'>cum</span> <span class='ocrx_word' id='word_1_816' title='bbox 3497 5087 3622 5140; x_wconf 88' lang='lat' dir='ltr'><strong>talis</strong></span> 
     </span>
    </p>
   </div>
   <div class='ocr_carea' id='block_1_113' title="bbox 2051 5183 3622 5264">
    <p class='ocr_par' dir='ltr' id='par_1_113' title="bbox 2051 5183 3622 5264">
     <span class='ocr_line' id='line_1_113' title="bbox 2051 5183 3622 5264; baseline -0.013 -17"><span class='ocrx_word' id='word_1_817' title='bbox 2051 5192 2286 5264; x_wconf 88' lang='lat' dir='ltr'><strong>irruptio</strong></span> <span class='ocrx_word' id='word_1_818' title='bbox 2332 5188 2696 5262; x_wconf 66' lang='lat' dir='ltr'><strong>praenuntiata</strong></span> <span class='ocrx_word' id='word_1_819' title='bbox 2738 5185 2929 5239; x_wconf 78' lang='lat' dir='ltr'><strong>fuisset</strong></span> <span class='ocrx_word' id='word_1_820' title='bbox 2961 5193 3016 5239; x_wconf 90' lang='lat' dir='ltr'>et</span> <span class='ocrx_word' id='word_1_821' title='bbox 3055 5183 3233 5236; x_wconf 77' lang='lat' dir='ltr'><strong>futura</strong></span> <span class='ocrx_word' id='word_1_822' title='bbox 3265 5187 3428 5240; x_wconf 87' lang='lat' dir='ltr'><strong>esset,</strong></span> <span class='ocrx_word' id='word_1_823' title='bbox 3473 5187 3622 5232; x_wconf 85' lang='lat' dir='ltr'><strong>tanto</strong></span> 
     </span>
    </p>
   </div>
   <div class='ocr_carea' id='block_1_114' title="bbox 2051 5269 3625 5352">
    <p class='ocr_par' dir='ltr' id='par_1_114' title="bbox 2051 5269 3625 5352">
     <span class='ocr_line' id='line_1_114' title="bbox 2051 5269 3625 5352; baseline -0.011 -14"><span class='ocrx_word' id='word_1_824' title='bbox 2051 5283 2218 5338; x_wconf 68' lang='lat' dir='ltr'><strong>Judaei</strong></span> <span class='ocrx_word' id='word_1_825' title='bbox 2251 5293 2399 5338; x_wconf 92' lang='lat' dir='ltr'><strong>metu</strong></span> <span class='ocrx_word' id='word_1_826' title='bbox 2436 5277 2714 5352; x_wconf 89' lang='lat' dir='ltr'><strong>perterriti</strong></span> <span class='ocrx_word' id='word_1_827' title='bbox 2753 5285 2898 5338; x_wconf 90' lang='lat' dir='ltr'><strong>sunt,</strong></span> <span class='ocrx_word' id='word_1_828' title='bbox 2929 5285 2986 5330; x_wconf 91' lang='lat' dir='ltr'>et</span> <span class='ocrx_word' id='word_1_829' title='bbox 3027 5275 3081 5328; x_wconf 92' lang='lat' dir='ltr'><strong>in</strong></span> <span class='ocrx_word' id='word_1_830' title='bbox 3115 5281 3293 5326; x_wconf 87' lang='lat' dir='ltr'><strong>tantas</strong></span> <span class='ocrx_word' id='word_1_831' title='bbox 3349 5269 3625 5338; x_wconf 75' lang='lat' dir='ltr'><strong>angustius</strong></span> 
     </span>
    </p>
   </div>
   <div class='ocr_carea' id='block_1_115' title="bbox 2055 5359 3624 5442">
    <p class='ocr_par' dir='ltr' id='par_1_115' title="bbox 2055 5359 3624 5442">
     <span class='ocr_line' id='line_1_115' title="bbox 2055 5359 3624 5442; baseline -0.014 -9"><span class='ocrx_word' id='word_1_832' title='bbox 2055 5376 2284 5441; x_wconf 87' lang='lat' dir='ltr'><strong>redacti,</strong></span> <span class='ocrx_word' id='word_1_833' title='bbox 2338 5386 2393 5428; x_wconf 95' lang='lat' dir='ltr'>ut</span> <span class='ocrx_word' id='word_1_834' title='bbox 2437 5375 2488 5428; x_wconf 92' lang='lat' dir='ltr'>in</span> <span class='ocrx_word' id='word_1_835' title='bbox 2529 5369 2801 5442; x_wconf 87' lang='lat' dir='ltr'><strong>speluncis</strong></span> <span class='ocrx_word' id='word_1_836' title='bbox 2857 5375 2912 5421; x_wconf 86' lang='lat' dir='ltr'>et</span> <span class='ocrx_word' id='word_1_837' title='bbox 2967 5366 3020 5419; x_wconf 96' lang='lat' dir='ltr'><strong>in</strong></span> <span class='ocrx_word' id='word_1_838' title='bbox 3065 5363 3323 5418; x_wconf 91' lang='lat' dir='ltr'><strong>montium</strong></span> <span class='ocrx_word' id='word_1_839' title='bbox 3368 5359 3624 5415; x_wconf 88' lang='lat' dir='ltr'><strong>scissuris</strong></span> 
     </span>
    </p>
   </div>
   <div class='ocr_carea' id='block_1_116' title="bbox 2055 5459 3624 5531">
    <p class='ocr_par' dir='ltr' id='par_1_116' title="bbox 2055 5459 3624 5531">
     <span class='ocr_line' id='line_1_116' title="bbox 2055 5459 3624 5531; baseline -0.015 -4"><span class='ocrx_word' id='word_1_840' title='bbox 2055 5485 2176 5526; x_wconf 85' lang='lat' dir='ltr'><strong>sese</strong></span> <span class='ocrx_word' id='word_1_841' title='bbox 2211 5466 2570 5531; x_wconf 83' lang='lat' dir='ltr'><strong>occultarent,</strong></span> <span class='ocrx_word' id='word_1_842' title='bbox 2611 5473 2666 5516; x_wconf 92' lang='lat' dir='ltr'>et</span> <span class='ocrx_word' id='word_1_843' title='bbox 2697 5461 2840 5516; x_wconf 88' lang='lat' dir='ltr'><strong>invia</strong></span> <span class='ocrx_word' id='word_1_844' title='bbox 2876 5459 2991 5513; x_wconf 89' lang='lat' dir='ltr'><strong>loca</strong></span> <span class='ocrx_word' id='word_1_845' title='bbox 3030 5464 3304 5526; x_wconf 84' lang='lat' dir='ltr'><strong>peterent,</strong></span> <span class='ocrx_word' id='word_1_846' title='bbox 3351 5469 3474 5508; x_wconf 89' lang='lat' dir='ltr'>cum</span> <span class='ocrx_word' id='word_1_847' title='bbox 3514 5465 3624 5504; x_wconf 80' lang='lat' dir='ltr'><strong>ma-</strong></span> 
     </span>
    </p>
   </div>
   <div class='ocr_carea' id='block_1_117' title="bbox 2057 5548 3627 5619">
    <p class='ocr_par' dir='ltr' id='par_1_117' title="bbox 2057 5548 3627 5619">
     <span class='ocr_line' id='line_1_117' title="bbox 2057 5548 3627 5619; baseline -0.015 0"><span class='ocrx_word' id='word_1_848' title='bbox 2057 5578 2160 5619; x_wconf 90' lang='lat' dir='ltr'>nus</span> <span class='ocrx_word' id='word_1_849' title='bbox 2209 5575 2396 5616; x_wconf 88' lang='lat' dir='ltr'><strong>eorum</strong></span> <span class='ocrx_word' id='word_1_850' title='bbox 2441 5557 2505 5614; x_wconf 88' lang='lat' dir='ltr'>ad</span> <span class='ocrx_word' id='word_1_851' title='bbox 2555 5555 2928 5612; x_wconf 88' lang='lat' dir='ltr'><strong>obsistendum</strong></span> <span class='ocrx_word' id='word_1_852' title='bbox 2972 5548 3352 5607; x_wconf 83' lang='lat' dir='ltr'><strong>invadentibns</strong></span> <span class='ocrx_word' id='word_1_853' title='bbox 3401 5557 3627 5616; x_wconf 74' lang='lat' dir='ltr'><strong>prorsus</strong></span> 
     </span>
    </p>
   </div>
   <div class='ocr_carea' id='block_1_118' title="bbox 2058 5651 2484 5709">
    <p class='ocr_par' dir='ltr' id='par_1_118' title="bbox 2058 5651 2484 5709">
     <span class='ocr_line' id='line_1_118' title="bbox 2058 5651 2484 5709; baseline -0.021 -1"><span class='ocrx_word' id='word_1_854' title='bbox 2058 5651 2262 5709; x_wconf 88' lang='lat' dir='ltr'><strong>debiles</strong></span> <span class='ocrx_word' id='word_1_855' title='bbox 2284 5657 2484 5706; x_wconf 81' lang='lat' dir='ltr'><strong>essent.</strong></span> 
     </span>
    </p>
   </div>
  </div>
