4068 6198
483 289 584 343 {’07

1083 419 1310 475 CAPUT
1347 421 1434 475 Ill.

553 513 710 568 \‘sns.
757 509 876 566 1-2.
911 527 930 562 ι
968 507 1106 565 Ecce
1151 477 1411 564 lfuminus
1465 508 1706 562 Sabaoth
1763 505 1970 560 auferet
2014 519 2042 556 a

474 606 652 656 Judaea
683 610 739 657 et
774 618 804 657 a
839 600 1166 666 Jerusalem,
1210 603 1493 656 robustqu
1524 610 1578 656 et
1617 601 1926 661 robustam,
1966 611 2045 650 ro-

475 699 573 748 hur
603 695 760 763 panis
787 704 844 750 et
878 695 1046 750 robur
1091 709 1266 764 aquae,
1311 693 1584 764 gigantem
1637 701 1689 744 et
1735 693 1926 744 fortem
1967 688 2046 743 vi-

472 800 618 846 rum,
690 785 1008 840 bellatorem
1076 795 1130 839 et
1179 783 1438 851 judicent,
1492 790 1548 836 et
1591 781 1949 851 prophetam,
1991 790 2046 836 et

471 873 730 940 ariolum,
770 886 822 930 et
852 891 1060 931 senem.
1095 895 1112 926 ι
1151 875 1206 930 ld
1241 890 1403 944 porro
1433 874 1709 943 continget
1759 872 1893 944 illis,
1937 887 2043 926 non

471 966 543 1022 ob
573 968 956 1031 idololatriam,
983 974 1082 1020 nec
1112 966 1181 1020 ob
1215 966 1321 1020 alia
1358 964 1603 1036 quaedam
1639 963 1914 1030 facinora;
1952 965 2044 1018 sed

473 1061 543 1113 ob
572 1059 743 1116 solum
785 1059 1067 1114 consilium
1102 1074 1226 1112 vere
1268 1059 1514 1129 impium,
1555 1059 1823 1114 nefarium
1851 1068 1907 1113 et
1952 1057 2046 1112 im-

476 1152 705 1221 probum
761 1160 949 1206 contra
1015 1151 1305 1207 Dominum
1375 1153 1590 1206 initum.
1660 1152 2046 1207 Animadverte

477 1242 638 1310 igitur
683 1257 790 1310 quo
832 1249 990 1310 pacto
1046 1251 1165 1309 post
1223 1241 1341 1296 illas
1388 1257 1580 1297 omnes
1618 1243 1881 1298 adversus
1925 1241 2046 1297 illos

472 1335 765 1388 iutentatas
808 1333 1005 1397 minas,
1039 1333 1122 1388 his
1166 1335 1344 1388 verbis
1373 1332 1570 1387 inferat
1603 1351 1616 1386 :

537 1441 558 1476 ι
583 1425 865 1479 Peccatum
895 1437 1073 1480 autem
1104 1422 1314 1488 eorum,
1347 1426 1500 1494 quasi
1536 1427 1915 1493 Sodomorum,
1941 1443 2042 1483 an-

466 1520 846 1574 nuntiaveruut
860 1530 913 1575 et
929 1521 1358 1580 declaraveruut.
1377 1522 1465 1576 Va?
1478 1522 1672 1577 animo:
1687 1537 1896 1590 eorum,
1913 1524 2044 1594 quia

466 1613 700 1667 inierunt
731 1613 1019 1667 consilium
1056 1613 1251 1666 malum
1272 1623 1457 1667 contra
1495 1615 1723 1684 seipsos,
1757 1615 2040 1672 dicentes:

463 1706 753 1774 Alligemus
805 1704 1035 1775 justum,
1077 1705 1202 1775 quia
1253 1704 1488 1762 difficilis
1529 1707 1686 1762 nobis
1715 1719 1818 1763 est.
1860 1726 1878 1760 ι
1916 1707 2039 1763 Htec

461 1797 656 1867 quippe
676 1811 837 1850 causa
858 1796 1124 1850 minarum
1147 1797 1389 1851 omnium
1415 1808 1548 1852 erat.
1570 1797 1707 1853 Hinc
1730 1813 1891 1868 porro
1916 1798 2035 1854 sine

462 1887 832 1943 controversia
883 1887 1098 1956 probari
1153 1889 1364 1942 :estimo
1405 1889 1519 1943 haec
1566 1898 1691 1958 post
1736 1889 2035 1958 “Salvatoris

461 1986 752 2038 adventum
791 1983 948 2036 linem
990 1984 1289 2052 accepisse.
1323 1980 1625 2037 Cunfcrtim
1669 1998 1798 2053 ergo
1842 1992 1898 2039 et
1929 1999 2036 2038 una

462 2076 756 2130 secundum
802 2075 1179 2142 pr0pltetiam,
1223 2074 1404 2127 omnia
1456 2074 1525 2128 ab
1573 2072 1873 2128 Jerusalem
1907 2085 1962 2128 et
2005 2088 2035 2127 a

457 2165 638 2222 Judaaa
674 2166 994 2222 defecerunt
1029 2175 1083 2220 et
1129 2166 1308 2220 ablata
1359 2177 1517 2232 sunt,
1558 2181 1664 2218 non
1706 2167 1841 2231 alio,
1873 2182 2032 2234 quam

457 2267 789 2315 structarum
823 2268 1012 2313 contra
1045 2257 1389 2311 Salvatorem
1431 2265 1678 2310 nostrum
1715 2257 2032 2311 insidiarum

457 2363 721 2421 tempore.
765 2351 841 2405 Ac
877 2351 1054 2420 primo
1083 2348 1246 2404 ablati
1310 2359 1439 2403 sunt
1493 2348 1746 2403 robustus
1777 2358 1832 2402 et
1869 2348 2033 2403 robu-

454 2450 561 2506 sta,
599 2441 736 2506 sive,
771 2442 1068 2495 secundum
1122 2439 1394 2507 Aquilam,
1447 2458 1466 2490 ι
1517 2438 1746 2493 ΓυΙειυιῐι
1779 2447 1835 2493 et
1880 2439 2035 2495 fulci-

453 2542 695 2588 mentum
718 2574 731 2595 ,
773 2552 791 2584 ι
827 2533 932 2597 vel,
957 2533 1248 2586 secundum
1281 2531 1690 2603 Symmachum,
1714 2549 1735 2582 ι
1770 2541 2034 2585 sustenta-

455 2625 634 2681 culum
651 2638 703 2682 et
726 2627 1062 2680 sustentatio.
1079 2644 1098 2677 ι
1119 2625 1272 2692 Quod
1299 2624 1562 2696 intelligas
1583 2624 1881 2680 secundum
1910 2639 2034 2694 apo-

453 2723 702 2779 stolicum
732 2735 1067 2781 sermonem,
1095 2720 1183 2788 qui
1218 2718 1465 2772 homines
1490 2722 1676 2772 sancta
1719 2718 1829 2772 vita
1874 2732 2032 2772 exor-

457 2822 638 2877 natos,
655 2809 935 2866 columnas
960 2817 1014 2862 ct
1042 2808 1443 2861 firmamentum
1467 2805 1698 2859 vocavit.
1720 2801 1786 2856 Et
1811 2802 2029 2873 quidem

456 2906 620 2956 etiam
654 2900 793 2970 apud
821 2900 1064 2970 priscum
1099 2898 1244 2951 illum
1276 2896 1530 2967 populum
1591 2895 1812 2966 quidam
1849 2904 2028 2960 erant,

453 2989 543 3056 qui
574 3003 675 3057 pro
707 2986 870 3040 totius
897 2987 1072 3055 gentis
1095 2985 1464 3040 sustentaculo
1509 2984 1701 3040 haberi
1734 2994 1983 3056 poterant
2010 3004 2022 3040 :

1152 278 1417 335 EUSEBH
1454 271 1933 334 C/ESARIENSIS
1969 275 2116 332 ΟΡΡ.
2163 276 2341 332 PARS
2382 276 2466 332 ΙΙΙ.
2510 309 2576 317 -
2617 275 3029 331 EXEGETICA.

2073 401 2122 456 Α

3635 276 3720 330 108

2701 409 3095 467 ΚΕΦΑΛΑΙΟΝ
3135 415 3203 465 Γ¹.

2225 527 2242 556 ι
2288 507 2416 559 Ἰδοὺ
2449 507 2513 577 δὴ
2541 509 2569 560 ό
2606 506 2873 576 δεσπότης
2903 505 3108 577 Κύριος
3147 504 3376 560 Σαϐαὼθ
3416 505 3605 576 ἀφελεῖ
3629 505 3724 559 ἀπὺ

2149 596 2248 667 τῆς
2306 591 2564 664 Ἰουδαίας
2620 597 2715 650 καὶ
2759 597 2866 650 ἀπὸ
2922 596 3298 669 Ἰερουσαλὴμ,
3345 596 3600 667 ἰσχύοντα
3641 598 3725 650 καὶ

2152 687 2439 758 ἰσχύουσαν
2463 729 2478 753 ,
2518 690 2671 760 ἰσχὺν
2701 689 2866 759 ἄρτου
2905 677 2996 741 καὶ
3046 690 3198 759 ἰσχὺν
3229 687 3457 755 ὕδατος,
3503 689 3728 759 γίγαντα

2150 778 2243 834 καὶ
2273 773 2523 851 ἰσχύοντα
2545 779 2849 852 ἄνθρωπον,
2875 781 3202 852 πολεμιστὴν
3222 780 3316 835 καὶ
3332 781 3614 852 δικαστὴν,
3640 783 3728 836 καὶ

2153 875 2460 945 προφήτην,
2485 875 2578 927 καὶ
2602 874 2925 946 στοχαστὴν,
2959 876 3052 928 καὶ
3087 873 3476 946 πρεσϐύτερον.
3519 893 3537 926 ι
3561 875 3730 928 Τοῦτο

2148 965 2204 1019 δὲ
2237 984 2298 1020 συ
2308 967 2572 1038 μϐήσεται
2597 961 2799 1030 αὐτοῖς,
2823 965 2944 1019 οὔτε
2966 967 3030 1020 δι’
3058 966 3512 1037 εἰδωλολατρείαν,
3530 966 3649 1020 οὕτε
3662 965 3728 1020 δι’

2149 1053 2342 1130 ἑτέρας
2384 1057 2612 1128 πράξεις
2653 1059 2832 1122 τινάςο
2881 1057 2969 1113 διὰ
3013 1058 3180 1131 μόνην
3224 1059 3281 1113 δὲ
3323 1059 3518 1131 βουλὴν
3571 1059 3726 1114 ἄθεον

2149 1146 2384 1220 ἀληθῶς,
2422 1149 2514 1202 καὶ
2555 1148 2748 1219 ἀσεϐῆ,
2786 1145 2881 1202 καὶ
2919 1149 3180 1220 πονηρὰν,
3208 1149 3304 1221 τὴν
3330 1148 3468 1202 κατὰ
3499 1149 3591 1203 τοῦ
3626 1153 3729 1204 Κυ-

2153 1231 2287 1310 ρίου.
2329 1241 2437 1294 Θέα
2476 1239 2607 1311 γοῦν
2646 1243 2794 1307 ὅπως
2833 1244 2970 1315 μετά
3020 1243 3199 1306 πάσας
3236 1242 3333 1305 τὰς
3385 1238 3507 1295 κατ’
3551 1241 3730 1298 αὐτῶν

2148 1333 2377 1398 ἀπειλὰς
2406 1335 2601 1403 ἐπάγει
2628 1334 2801 1404 λέγων
2821 1352 2834 1366 ·

2223 1443 2240 1476 ε
2276 1425 2386 1496 Τὴν
2409 1419 2466 1479 δὲ
2494 1427 2766 1498 ἁμαρτίαν
2796 1427 2975 1481 αὐτῶν
3004 1428 3080 1492 ὡς
3111 1428 3357 1500 Σοδόμων
3391 1428 3734 1501 ἀπήγγειλαν

2146 1517 2240 1570 καὶ
2284 1517 2627 1586 ἐνεφάνισαν.
2679 1519 2815 1571 Οὐαὶ
2851 1521 2916 1590 τῇ
2961 1518 3106 1589 ψυχῇ
3156 1519 3356 1584 αὐτῶν,
3416 1521 3497 1573 ὅτι
3546 1518 3735 1591 βεϐού-

2145 1609 2358 1665 λευνται
2404 1613 2599 1684 βουλὴν
2652 1613 2890 1685 πονηρὰν
2927 1615 3047 1668 καθ’
3095 1615 3305 1668 ἑαυτῶν
3353 1616 3624 1682 εἰπόντες,
3651 1619 3730 1670 ὅτι

2146 1703 2409 1773 Δήσωμεν
2437 1703 2529 1758 τὸν
2556 1704 2784 1767 δίκαιον,
2813 1706 2893 1759 ὅτι
2911 1707 3244 1779 δύσχρηστος
3273 1711 3404 1779 ἡμῖν
3431 1711 3567 1763 ἐστι.
3609 1729 3626 1762 ι
3660 1711 3733 1763 Τὸ

2143 1794 2250 1866 γὰρ
2273 1795 2444 1849 αἴτιον
2474 1797 2581 1850 τῶν
2605 1797 3014 1869 ἀπειλουμένων
3039 1801 3294 1854 ἁπάντων
3321 1801 3480 1855 τοῦτο
3503 1798 3591 1874 ἦν.
3621 1804 3731 1857 Καὶ

2138 1887 2202 1939 ὲκ
2249 1887 2455 1941 τούτων
2521 1889 2578 1943 δὲ
2622 1891 3039 1962 ἀναμφιλέκτως
3083 1889 3234 1964 οἶμαι
3280 1893 3629 1948 συνίστασθαι
3669 1895 3731 1946 τὸ

2142 1979 2280 2050 μετά
2313 1982 2409 2052 τὴν
2447 1983 2714 2054 σωτήριον
2749 1984 3054 2054 παρουσίαν
3085 1983 3257 2038 ταῦτα
3287 1979 3474 2047 τέλους
3503 1996 3727 2054 τετυχη-

2140 2070 2311 2124 κέναι.
2356 2073 2591 2144 ’Λθρὸως
2634 2071 2728 2128 οὖν
2768 2075 2979 2142 ἐξέλιπε
3015 2077 3110 2128 καὶ
3156 2073 3404 2148 ἀφῃρέθη
3450 2075 3590 2129 κατά
3628 2075 3730 2146 τὴν

2139 2164 2494 2233 προφητείαν,
2546 2165 2654 2219 ἀπό
2702 2183 2760 2219 τε
2807 2166 2908 2236 τῆς
2966 2167 3317 2237 Ἰερουσαλὴμ
3344 2168 3438 2219 καὶ
3479 2167 3588 2218 ἀπὸ
3624 2166 3732 2236 τῆς

2150 2252 2425 2315 Ἰουδαίας,
2471 2254 2608 2323 ὁμοῦ
2643 2255 2711 2308 τὰ
2752 2255 2950 2317 πάντα,
2991 2255 3089 2307 ούκ
3135 2252 3320 2308 ἄλλοτε
3367 2255 3398 2326 ἢ
3440 2255 3581 2309 κατά
3623 2260 3732 2330 τὴν

2133 2343 2227 2396 τοῦ
2259 2344 2508 2416 Σωτῆρος
2533 2346 2688 2416 ἡμῶν
2719 2346 3030 2417 ἐπιϐουλήν.
3056 2347 3166 2400 Καὶ
3201 2345 3413 2417 πρῶτον
3443 2348 3732 2420 ἀφῃρέθη-

2135 2451 2234 2488 σαν
2289 2436 2541 2506 ἰσχύοντα
2584 2438 2676 2490 καὶ
2723 2438 3048 2508 ἰσχύουσαν·
3087 2437 3119 2509 ἢ
3155 2438 3296 2492 κατὰ
3327 2439 3418 2493 τὸν
3465 2437 3730 2499 Ἀκύλαν.

2141 2545 2158 2578 t
2217 2527 2451 2600 ἔρεισμα
2483 2530 2593 2582 καὶ¹
2622 2531 2907 2602 ὲρεισμόν·
2951 2549 2968 2582 ι
3016 2531 3048 2601 ἢ
3095 2529 3232 2583 κατὰ
3269 2529 3360 2584 τὸν
3404 2529 3728 2604 Σύμμαχον,

2139 2639 2157 2670 ‹
2193 2621 2468 2692 στήριγμα
2495 2623 2585 2675 καὶ
2618 2623 2936 2693 στηριγμόν.
2975 2643 2992 2674 ι
3025 2624 3199 2693 Ὅπερ
3226 2625 3440 2694 νοήσεις
3470 2625 3609 2678 κατὰ
3635 2626 3730 2678 τὸν

2134 2713 2690 2783 ἀποστολικὸνελόγον,
2725 2713 2784 2777 ὃς
2813 2715 2938 2778 τοὺς
2970 2713 3166 2785 βίῳτῷ
3191 2713 3331 2767 κατά
3355 2711 3487 2768 Θεὸν
3510 2717 3730 2788 ἐμπρέ-

2136 2822 2335 2870 ποντας
2370 2806 2592 2870 στύλους
2628 2823 2685 2858 τε
2730 2807 2822 2859 καὶ
2866 2807 3144 2878 ἑδραίωμα
3178 2806 3446 2877 ὠνόμασε.
3495 2807 3727 2872 Πάντως

2132 2896 2189 2950 δέ
2219 2914 2319 2949 που
2352 2898 2445 2951 καὶ
2485 2896 2636 2968 παρὰ
2658 2897 2735 2968 τῷ
2768 2897 3018 2969 προτέρῳ
3045 2895 3158 2966 λαῷ
3188 2890 3327 2967 ἦσάν
3359 2910 3501 2959 τινες
3529 2895 3728 2968 ὥσπερ

2116 2987 2483 3060 ,ἑδραιώματα
2517 2989 2608 3042 τοῦ
2645 2991 2844 3053 παντὸς
2877 2989 3056 3043 αύτῶν
3088 2989 3305 3052 ἔθνους,
3349 2987 3442 3052 οὒς
3480 2988 3724 3061 ἀρθήσε-

452 3093 589 3149 quos
633 3079 695 3133 de
738 3078 913 3132 medio
955 3093 1142 3131 eorum
1177 3076 1448 3132 tollendos
1478 3091 1600 3132 esse
1637 3078 2019 3132 comminatur.

2135 3081 2255 3136 σθαι
2287 3083 2380 3135 ἀπ’
2417 3082 2592 3134 αὐτῶν
2625 3082 2653 3134 ὁ
2682 3083 2839 3150 λόγος
2866 3082 3095 3135 ἀπειλεῖ.

527 3194 545 3227 ι
597 3175 966 3243 Roburpanis
995 3182 1048 3227 et
1099 3175 1268 3227 robur
1307 3189 1481 3243 aqme.
1534 3194 1552 3227 ι
1604 3170 1731 3229 Ηωο
1759 3189 1889 3228 vero
1926 3175 2032 3245 spi-

451 3266 633 3323 rituali
665 3284 814 3322 more.
843 3267 1140 3335 accipiens,
1171 3267 1427 3321 advertas
1454 3267 1634 3331 velim,
1669 3283 1771 3321 non
1808 3283 2026 3337 panem,

451 3375 557 3413 non
601 3374 796 3427 aquam
835 3353 1186 3412 auferendam
1235 3373 1354 3412 esse
1402 3359 1529 3425 dici,
1587 3360 1682 3413 sed
1727 3359 1894 3414 robur
1940 3377 2029 3430 pa-

452 3449 534 3503 rtis
581 3459 635 3502 et
691 3449 855 3502 robur
914 3444 1101 3518 :iquae;
1154 3448 1299 3517 quod
1359 3462 1424 3502 ex
1472 3447 1695 3503 alterius
1744 3452 2027 3519 pr0phcta:

449 3539 632 3596 verbis
688 3538 990 3607 intelligas:
1057 3557 1077 3590 ι
1123 3536 1288 3601 Ecce,
1354 3538 1555 3608 inquit,
1611 3540 1726 3595 dies
1775 3542 2019 3609 veniunt,

448 3633 579 3686 dicit
615 3632 905 3696 Dominus,
954 3641 1009 3686 et
1061 3631 1269 3684 mittam
1317 3631 1512 3684 famem
1565 3647 1730 3700 super
1790 3642 2020 3699 terram;

454 3742 559 3781 non
607 3723 801 3780 fantem
853 3709 1006 3794 panis
1035 3763 1050 3786 ,
1109 3737 1209 3777 nec
1251 3723 1396 3777 sitim
1444 3740 1630 3793 aqum;
1679 3726 1772 3780 sed
1825 3726 2022 3781 fatnem

449 3815 954 3872 audiettdi‘verbum
991 3814 1202 3891 Domini
1234 3815 1298 3869 “.
1335 3835 1353 3868 ι
1387 3816 1480 3869 Est
1513 3817 1673 3885 igitur
1713 3818 1906 3871 anima:
1937 3835 2026 3889 pa-

448 3909 552 3973 nis,
589 3921 765 3961 sermo
798 3907 1070 3977 quispiam
1115 3907 1298 3963 alendi
1350 3908 1397 3960 vi
1435 3908 1724 3977 praeditus;
1757 3910 2026 3963 similiter-

447 4009 551 4067 que
580 4005 739 4066 potus
781 3996 1154 4052 rationabilis:
1189 4013 1422 4068 quorum
1459 3999 1561 4054 etsi
1600 3997 1770 4054 Judzei
1809 4016 1865 4056 se
1906 4019 2024 4072 par-

450 4087 639 4157 ticipes
665 4103 786 4144 esse
821 4097 1040 4160 putent,
1087 4093 1217 4146 dum
1250 4090 1463 4145 divinas
1512 4089 1821 4162 Scriptutas
1852 4103 2026 4148 trans.

448 4191 698 4243 currunt,
739 4191 794 4235 et
835 4181 979 4236 circa
1023 4183 1367 4252 disciplinam
1405 4185 1909 4257 promissiouesque
1937 4204 2023 4240 ea-

451 4289 567 4326 rum
611 4272 849 4326 studiose
892 4284 1221 4328 versantur:
1266 4285 1323 4328 at
1359 4277 1526 4330 robur
1564 4277 1859 4332 nutrientis
1899 4292 2020 4332 ser-

437 4365 662 4430 monis,
701 4361 1034 4434 Vivilicaeque
1069 4376 1229 4422 terra:
1273 4369 1628 4439 alimentum,
1685 4389 1841 4426 nemo
1880 4375 2018 4442 apud

2211 3193 2229 3225 ‹
2279 3175 2453 3244 ’ἰσχὺν
2497 3175 2662 3244 ἄρτου
2711 3175 2804 3228 καὶ
2854 3175 3006 3245 ἰσχὺν
3049 3173 3257 3237 ὕδατος.
3320 3192 3338 3224 ι
3389 3173 3613 3244 Νοητῶς
3664 3174 3724 3227 δὲ

2131 3265 2607 3338 ὲκλαμϐανόμενος
2632 3267 2824 3331 ταῦτα,
2851 3269 2972 3338 ὅρα,
3000 3267 3080 3319 ὅτι
3100 3267 3198 3319 οὐκ
3221 3267 3402 3336 ἄρτον,
3420 3263 3726 3339 οὕτε,ἱ’›δωρ

2129 3355 2282 3413 εἶπεν
2318 3359 2568 3429 ἀφελεῖν,
2615 3358 2728 3411 ἀλλ’
2769 3360 2921 3428 ἰσχὺν
2961 3357 3126 3430 ἄρτου
3165 3357 3257 3409 καὶ
3295 3357 3445 3426 ἰσχὺν
3486 3357 3688 3421 ὓδατος
3711 3378 3724 3390 ο

2129 3454 2264 3524 ὅπερ
2289 3453 2503 3523 νοήσεις
2525 3453 2618 3520 ἀφ’
2649 3451 2836 3522 ἑτέρου
2869 3452 3145 3522 προφήτου
3176 3451 3445 3520 φήσαντος
3465 3465 3477 3477 ·
3515 3467 3531 3498 ι
3581 3449 3730 3504 Ἰδοὺ

2126 3546 2331 3616 ἡμέραι
2366 3543 2632 3614 ἔρχονται,
2662 3543 2809 3610 λέγει
2840 3542 3041 3614 Κύριος
3063 3583 3076 3606 ,
3112 3542 3204 3595 καὶ
3233 3540 3516 3594 ἀποστελῶ
3553 3540 3649 3612 λιρ
3662 3540 3731 3595 δν

2128 3640 2220 3691 ἐπὶ
2255 3638 2353 3707 τὴν
2395 3635 2529 3707 γῆν·
2576 3635 2637 3688 ού
2681 3633 2835 3705 λιμὸν
2871 3635 3053 3705 ἄρτου,
3115 3633 3229 3687 οὐδὲ
3284 3631 3441 3702 δίψαν
3482 3632 3729 3698 ὓδατος,

2132 3727 2267 3782 ἀλλὰ
2295 3726 2452 3797 λιμὸν
2484 3724 2575 3778 τοῦ
2612 3724 2841 3777 ἀκούσαι
2879 3722 3032 3792 λόγον
3064 3722 3288 3794 Κυρίου.
3331 3742 3348 3774 ι
3392 3724 3578 3779 Ἔστιν
3622 3721 3731 3778 οὖν

2125 3818 2306 3890 ψυχῆς
2336 3819 2496 3889 ἄρτος
2529 3816 2818 3889 θρεπτικὸς
2862 3832 2945 3878 τις
2971 3813 3127 3883 λόγος
3156 3853 3166 3874 ,
3207 3815 3307 3894 ,καὶ
3339 3815 3502 3869 ποτὸν
3533 3815 3730 3870 ὡσαύ-

2125 3929 2232 3974 τως
2273 3909 2520 3977 λογικόν·
2572 3903 2647 3961 ὧν
2694 3909 2740 3960 εἰ
2796 3905 2891 3960 καὶ
2939 3905 3216 3976 νομίζουσι
3272 3905 3727 3976 μεταλαμϐάνειν

2142 3999 2408 4054 Ἰουδαίων
2442 3998 2647 4062 παῖδες,
2683 4000 2740 4051 ὲν
2771 3995 2849 4068 τῷ
2876 3996 2977 4060 τὰς
3021 3996 3171 4060 θείας
3211 3996 3517 4068 διέρχεσθαι
3567 3997 3727 4067 Γρα-

2127 4091 2253 4162 φάς,
2283 4092 2379 4146 καὶ
2409 4091 2540 4164 περὶ
2569 4090 2670 4153 τὰς
2697 4087 3030 4160 ἐκμαθήσεις
3054 4088 3146 4141 καὶ
3171 4086 3498 4156 ἐπαγγελίας
3525 4088 3728 4142 αὐτῶν

2127 4183 2468 4255 φιλοκαλεῖν·
2497 4182 2635 4237 ἀλλά
2667 4181 2765 4254 τὴν
2801 4180 2877 4253 (6)
2915 4179 3066 4248 ἰσχὺν
3105 4178 3212 4231 τῶν
3259 4179 3567 4250 ορεπτικῶν
3625 4181 3730 4236 λό-

2125 4295 2258 4345 γων,
2294 4277 2388 4330 καὶ
2419 4277 2480 4328 τὸ
2523 4274 2811 4347 Θρεπτικὺν
2840 4273 2940 4342 τῆς
2971 4271 3234 4334 ζωοποιοῦ
3267 4273 3372 4342 γῆς
3399 4273 3500 4326 οὐκ
3527 4271 3598 4326 ἂν
3635 4273 3733 4328 εὖ-

2129 4387 2240 4440 ροις
2275 4370 2404 4440 παρ’
2445 4369 2647 4429 αὐτοῖς.
2695 4367 2893 4435 ’Ἄρτου
2921 4363 3097 4416 τοίνυν
3132 4363 3291 4416 πάλιν
3317 4364 3416 4416 οὐκ
3443 4363 3733 4436 αἰσθητοῦ

449 4471 592 4526 Ipsos
645 4457 896 4527 reperiat.
945 4456 1142 4512 Panem
1205 4474 1333 4530 ergo
1387 4463 1640 4516 sensiletn
1704 4467 2015 4536 neutiquam

2134 4463 2490 4534 μνημονεύει⁹
2534 4460 2648 4513 ἀλλ’
2683 4459 2803 4512 οὐδὲ
2854 4456 3056 4510 ὑδάτων
3103 4455 3212 4509 τῶν
3255 4458 3312 4508 ὲν
3366 4460 3733 4528 καταχρήσει

438 4561 741 4617 memorat;
783 4567 878 4606 nec
922 4567 1090 4621 aquas
1135 4553 1323 4607 itidem
1366 4571 1486 4624 qua:
1519 4557 1629 4610 triti
1672 4573 1734 4612 ac
1778 4575 2019 4614 commn-

449 4645 530 4699 nis
557 4647 666 4700 sint
701 4661 859 4711 usus;
893 4648 986 4700 sed
1023 4645 1170 4700 illum
1209 4649 1389 4715 potius
1419 4666 1650 4718 panem,
1689 4653 1755 4705 de
1795 4669 1901 4720 quo
1940 4654 2017 4707 ait

449 4737 612 4791 David
648 4754 662 4790 :
700 4756 717 4788 ε
754 4736 952 4792 Panem
988 4738 1108 4792 cmli
1145 4738 1290 4792 dedit
1325 4740 1428 4802 eis,
1473 4758 1665 4811 panem
1701 4745 2017 4814 angelorum

441 4833 788 4889 manducavit
815 4833 975 4887 homo
1001 4832 1097 4884 η.)
1133 4831 1312 4899 Aquas
1342 4833 1467 4886 item
1502 4834 1676 4900 ipsum
1709 4836 2029 4890 meminisse

442 4924 672 4979 dicimus
721 4924 1066 4993 spirituales,
1123 4926 1192 4979 de
1255 4925 1451 4994 quibus
1512 4926 1677 4979 lsaias
1731 4929 2002 4996 propheta

443 5015 568 5070 alibi
602 5016 648 5050 “
681 5017 805 5072 talia
843 5017 1012 5072 fatur:
1055 5037 1071 5069 ι
1109 5018 1184 5073 Ει
1215 5018 1466 5072 ltaurient
1500 5033 1695 5087 aquam
1737 5036 1857 5072 cum
1884 5036 2016 5088 gau-

440 5107 523 5161 dio
569 5109 637 5164 de
669 5109 913 5166 fontibus
943 5109 1247 5167 Salutaris:
1293 5131 1310 5163 »
1346 5111 1473 5180 quin
1503 5121 1558 5164 et
1584 5111 1697 5180 ipse
1729 5110 2012 5166 Salvator:

438 5214 456 5247 ι
511 5195 702 5251 Omnis
729 5201 816 5268 qui
851 5201 1078 5257 bibitex
1118 5202 1219 5256 bac
1260 5216 1418 5270 aqua,
1469 5200 1615 5254 sitiet
1651 5200 1883 5268 iterum;
1925 5201 2016 5270 qui

438 5303 573 5345 vero
609 5289 804 5345 biberit
857 5307 924 5346 ex
976 5307 1152 5362 aqua,
1204 5308 1366 5363 quam
1405 5307 1503 5364 ego
1537 5293 1675 5348 dabo
1709 5294 1780 5360 ei,
1818 5293 1911 5348 (let
1960 5296 2013 5348 in

436 5394 498 5435 eo
547 5380 667 5437 fons
705 5395 856 5452 aqua:
887 5385 1138 5440 salientis
1169 5385 1223 5440 in
1266 5384 1432 5440 vitam
1458 5393 1717 5439 :eteruatu
1750 5385 1812 5438 ιε.
1845 5403 1863 5437 ‹
1903 5384 2014 5438 llu-

513 5559 558 5592 "
589 5560 754 5616 Amos
801 5572 924 5624 vnt,
967 5559 1046 5616 ll.
1115 5561 1167 5593 '“
1202 5561 1343 5617 Psal.
1374 5560 1699 5627 Lxxvtt',°21i.

1777 5562 1820 5593 “
1843 5561 1982 5634 Cap.
2008 5577 2107 5631 ιιι,
2128 5563 2183 5618 5.

2124 4549 2307 4627 κοινῇ·
2365 4553 2572 4606 ἐκείνου
2620 4551 2675 4604 δὲ
2723 4548 2928 4620 ,μᾶλλον
2981 4551 3106 4621 περὶ
3155 4541 3214 4601 οὗ
3268 4566 3428 4620 φησιν
3475 4552 3502 4602 ὁ
3541 4553 3732 4608 Acuta

2130 4667 2148 4699 ι
2184 4650 2344 4718 ἄρτον
2365 4643 2594 4717 ούρανοῦ
2628 4643 2822 4696 ἔδωκεν
2856 4642 3057 4704 αὐτοῖς,
3097 4641 3258 4715 ἄρτον
3288 4641 3534 4710 ἀγγέλων
3567 4645 3728 4714 ἔφα..

2121 4757 2217 4808 γεν
2263 4737 2563 4807 ἄνθρωπος.
2626 4757 2643 4787 ι
2701 4734 2936 4786 Ὑδάτων
2975 4751 3034 4786 τε
3081 4733 3477 4804 διαμεμνῆσῡαί
3519 4752 3728 4806 φαμεν

2121 4834 2282 4887 αὐτὸν
2313 4829 2539 4901 νοητῶν,
2576 4829 2702 4898 περὶ
2731 4821 2804 4879 ὦν
2843 4826 3004 4890 αὑτός
3036 4826 3136 4878 πού
3169 4843 3332 4898 φησιν
3360 4828 3386 4878 ό
3415 4829 3729 4900 προφήτης

2139 4924 2363 4987 Ἠσαίας
2383 4942 2396 4955 ·
2434 4941 2451 4973 ‹
2473 4923 2583 4974 Καὶ
2599 4922 2951 4990 ἀντλήσουσιν
2968 4917 3111 4990 ὕδωρ
3144 4920 3258 4990 μετ’
3285 4916 3630 4990 εὐφροσύνης
3651 4923 3730 4977 ὲκ

2126 5017 2233 5070 τῶν
2269 5015 2457 5086 πηγῶν
2491 5013 2583 5066 τοῦ
2615 5011 2888 5082 Σωτηρίου
2912 5027 2923 5038 ·
2961 5029 2978 5060 ι
3003 5011 3094 5063 καὶ
3127 5011 3230 5080 μὴν
3260 5012 3351 5062 καὶ
3368 5010 3568 5072 αὐτὸςὸ
3590 5012 3731 5066 Σω-

2121 5111 2253 5180 τήρ·
2306 5127 2324 5158 ί
2363 5108 2478 5170 Πᾶς
2520 5107 2547 5158 ὁ
2577 5106 2746 5158 πίνων
2777 5106 2839 5156 ὲκ
2870 5100 2964 5154 τοῦ
2995 5101 3184 5165 ὕδατος
3212 5101 3398 5154 τούτου
3419 5140 3432 5163 ,
3480 5099 3727 5174 διψήσει

2119 5201 2306 5253 πάλιν’
2334 5199 2391 5262 ὃς
2417 5198 2460 5251 δ’
2488 5197 2552 5251 ἂν
2585 5199 2684 5270 πίῃ
2715 5199 2776 5249 ὲκ
2801 5196 2893 5249 τοῦ
2923 5195 3112 5258 ὓδατος
3135 5189 3193 5248 οὗ
3216 5193 3325 5261 ἐγὼ
3343 5193 3497 5245 δώσω
3525 5195 3728 5268 αὐτῷ,

2117 5296 2403 5365 γενήσεται
2433 5293 2489 5344 ὲν
2521 5290 2669 5361 αύτῷ
2699 5289 2847 5360 πηγὴ
2889 5288 3078 5350 ὕδατος
3119 5286 3409 5356 ἁλλομένου
3439 5288 3518 5350 είς
3548 5286 3730 5363 ζωὴν

2119 5383 2356 5441 αἰώνιον.
2412 5403 2429 5436 ι
2473 5383 2638 5447 Σύνες
2669 5383 2723 5436 δὲ
2764 5381 3008 5454 ἀκριϐῶς
3049 5380 3146 5443 τὰς
3195 5378 3317 5448 περ).
3352 5376 3554 5432 τούτων
3605 5381 3728 5438 τοῦ

2261 5563 2305 5599 ⁸⁸
2329 5561 2488 5618 Joan.
2514 5576 2586 5628 tv,
2617 5563 2698 5626 15,
2727 5561 2812 5618 Η.

504 5747 647 5813 (9α6)
679 5747 837 5806 llunc
867 5748 992 5804 item
1027 5747 1202 5806 locum
1232 5751 1506 5822 expressit
1533 5748 1911 5820 Hieronymus,
1942 5750 2094 5810 initio
2123 5751 2339 5809 secundi
2381 5749 2528 5806 libri.
