4068 6198
308 200 329 253 Ι
339 202 415 254 L9

1301 198 1805 259 COMMENTARIA
1847 204 1912 259 IN
1955 207 2209 263 lSAIAM.
2252 234 2318 251 -—
2355 212 2506 266 CAP.
2547 208 2634 269 Ill.

3501 229 3603 282 Ηυ

311 320 618 391 πμςήτου
651 320 858 389 φωνάς’
903 316 965 375 οὒ
1002 322 1112 394 γὰρ
1150 324 1373 396 εἴρηκεν
1404 327 1591 390 ἁπλῶς
1625 329 1903 401 ἀφαιρεοήη

2027 332 2116 400 jus
2147 348 2309 402 porro
2339 336 2614 404 praphetae
2647 350 2708 389 ea
2756 337 2823 393 de
2854 353 2913 393 re
2944 352 3105 395 voces
3144 352 3393 397 accurate
3444 342 3605 399 intel-

323 414 528 467 σεσθαι
549 414 663 467 τῶν
707 415 971 469 Ἰουδαίων
989 416 1152 488 ἄρτον
1180 436 1241 471 τε
1259 419 1352 473 καὶ
1378 420 1541 492 ὕδωρ,
1572 422 1686 475 ἀλλ’
1717 442 1733 472 ι
1773 426 1923 495 ἰσχὺν

325 507 506 580 ἄρτου
527 508 619 559 καὶ
645 509 794 577 ἰσχὺν
817 507 1040 571 ὓδατος·
1085 528 1105 561 ι
1127 511 1222 563 καὶ
1237 510 1319 563 δεῖ
1343 513 1489 582 ἡμᾶς
1514 513 1718 567 οἴεσθαι
1746 515 1922 569 τοιοῦ-

330 595 430 651 τόν
455 616 506 654 τι
527 599 789 652 διδάσκειν
820 599 1106 668 βούλεσθαι
1135 602 1317 655 αὐτόν.
1357 603 1547 673 Ἡμεῖς
1572 604 1680 675 γὰρ
1702 608 1813 669 τοῖς
1843 609 1918 659 ἱε-

341 689 456 758 ροῖς
483 691 966 759 περιτυγχάνοντες
1007 692 1206 760 λόγοις,
1260 695 1354 746 καὶ
1392 696 1489 759 τὰς
1534 696 1684 762 θείας
1730 700 1919 769 ἀναγιι-

343 779 620 843 νώσκοντες
685 782 931 853 Γραφάς,
1002 779 1121 837 εἶτα
1181 786 1453 851 συνιέντες
1507 790 1694 855 αὑτὰς,
1763 793 1917 862 ἰσχὺν

337 873 488 941 ἄρτου
524 874 722 944 νοητοῦ
771 875 1073 945 δεχόμεθα·
1118 896 1136 929 ι
1180 879 1253 931 Οὐ
1282 879 1390 951 γὰρ
1430 883 1515 933 ἐπ’
1545 882 1695 954 ἄρτῳ
1750 886 1913 956 μόνῳ,

332 966 473 1034 φησὶ,
527 963 760 1035 ζήσεται
815 968 1136 1037 ἄνθρωπος’
1196 969 1311 1023 ἀλλ’
1360 973 1451 1024 ἐπὶ
1497 974 1659 1026 παντὶ
1710 976 1914 1046 ῥήματι

327 1055 743 1127 ἐκπορευομένῳ
802 1058 889 1111 διὰ
947 1060 1214 1130 στόματος
1267 1061 1424 1117 Θεοῦ.
1494 1084 1513 1115 ι
1576 1066 1807 1136 Ὁμοίως
1854 1068 1913 1119 δὲ

324 1150 531 1219 νοήσεις
563 1151 662 1203 καὶ
711 1153 797 1219 ἐφ’
848 1151 1057 1205 ὑδάτων
1108 1152 1335 1223 νοητῶν.
1398 1155 1640 1209 Ἰουδαῖοί
1696 1174 1758 1226 γε
1808 1159 1911 1231 μὴν

322 1240 500 1309 ἔχουσι
541 1242 641 1312 μὲν
666 1247 758 1295 τὸν
782 1243 946 1315 ἄρτον
987 1244 1082 1296 καὶ
1108 1244 1169 1297 τὸ
1205 1244 1350 1316 ὕδωρ
1375 1247 1450 1299 ἔτι
1471 1260 1484 1277 ⁵
1524 1250 1913 1322 πολυπραγμο-

325 1331 471 1385 νοῦσι
487 1335 598 1406 γὰρ
626 1334 696 1385 τὰ
719 1334 1001 1397 Μωῡσέως
1018 1336 1342 1407 γράμματα,
1372 1340 1464 1391 καὶ
1482 1340 1908 1405 ἀναγινώσκουσι

325 1423 414 1476 τὸν
449 1424 609 1495 νόμον
629 1443 643 1454 ·
682 1427 869 1496 ἐπειδὴ
905 1426 963 1479 δὲ
996 1426 1359 1495 γινώσκουσιν
1389 1431 1561 1495 οὐδὲν,
1596 1434 1696 1485 οὐκ
1727 1434 1908 1503 ἔχουσι

329 1516 425 1587 τὴν
452 1519 601 1585 ίσγίιν
630 1518 724 1571 τοῦ
756 1520 945 1590 ἄρτου,
986 1519 1111 1573 οὔτε
1146 1523 1250 1593 μὴν
1270 1523 1367 1593 τὴν
1398 1525 1548 1593 ἰσχὺν
1578 1526 1669 1578 τοῦ
1694 1528 1901 1592 ὓδατος.

334 1605 500 1658 ιΫιλὸν
543 1612 640 1675 γὰρ
692 1610 873 1672 αὐτοῖς
922 1610 1015 1661 καὶ
1061 1611 1221 1680 μόνον
1269 1612 1329 1665 τὸ
1385 1616 1617 1685 γράμμα
1659 1616 1900 1683 δέδοται,

2032 422 2208 492 ligas:
2262 438 2366 477 non
2406 430 2551 478 enim
2599 426 2921 497 simpliciter
2962 431 3134 495 dixit,
3171 432 3521 488 auferendum
3570 453 3598 486 a

2029 514 2229 571 Judazis
2263 531 2385 572 esse
2417 532 2610 587 panem
2657 531 2712 573 et
2749 535 2988 590 aquam;
3032 523 3123 578 sed
3164 542 3182 575 ι
3235 527 3401 582 robur
3446 528 3599 595 panis

2027 617 2080 660 et
2112 609 2277 662 robur
2304 624 2495 677 aqum:
2533 631 2551 664 ι
2589 628 2792 682 parque
2825 623 2910 668 est
2950 624 3008 667 ut
3037 631 3135 670 nos
3166 631 3287 671 eum
3324 619 3596 688 quidpiam

2027 700 2200 755 simile
2238 701 2466 756 edocere
2526 705 2871 760 arbitremur.
2924 706 3033 762 Nos
3076 710 3274 779 quippe
3324 712 3376 766 in
3396 715 3598 787 .sacris

2025 792 2368 846 sermonibus
2410 805 2714 861 versantes,
2766 811 2829 850 ac
2871 797 3081 853 divinas
3124 796 3434 870 Scrlpturas
3475 820 3599 874 per-

2024 895 2165 948 saape
2209 882 2465 952 legentes,
2518 900 2582 940 ac
2633 888 2849 941 demum
2891 890 3034 957 ipsas
3077 889 3473 959 intelligentes,
3506 897 3594 949 hic

2022 974 2322 1041 spiritualis
2364 977 2519 1045 panis
2563 978 2671 1029 vim
2708 978 3099 1049 intelligimus:
3143 998 3161 1031 ι
3204 980 3315 1035 Νοη
3361 985 3502 1038 ειιίιιι
3537 984 3592 1041 iu

2021 1079 2163 1132 pane
2216 1066 2365 1131 solo,
2430 1068 2539 1132 ait,
2588 1069 2726 1122 vivet
2773 1070 2971 1134 homo;
3038 1073 3131 1125 sed
3192 1073 3242 1125 in
3280 1076 3425 1128 omni
3466 1091 3591 1129 ver-

2020 1155 2091 1209 bo
2138 1158 2278 1225 quod
2325 1159 2601 1226 egreditur
2644 1175 2739 1227 per
2781 1175 2842 1214 os
2876 1161 2967 1215 Dei
2997 1158 3059 1213 ¹⁷.
3107 1180 3125 1213 ι
3169 1162 3353 1229 Aquas
3390 1166 3595 1231 pariter

2018 1250 2331 1317 spirituales
2376 1252 2649 1321 intelligas
2690 1263 2928 1321 oportet.
2955 1252 3127 1308 Judaei
3155 1270 3287 1309 sane
3320 1272 3511 1326 panem
3536 1270 3594 1313 et

2016 1355 2214 1408 aquam
2257 1340 2459 1395 habent
2490 1343 2799 1411 hactenus;
2836 1359 2958 1397 nam
2988 1328 3188 1416 Moysis
3241 1349 3444 1417 scripta
3492 1365 3592 1404 cu-

2018 1433 2222 1487 riosius
2266 1434 2555 1501 evolvunt,
2596 1418 2879 1507 legemque
2906 1440 3250 1510 Sperlegunt;
3286 1443 3409 1511 quia
3462 1457 3592 1497 vero

2015 1521 2149 1574 nihil
2186 1520 2528 1593 intelligunt,
2578 1527 2744 1579 robur
2794 1529 2948 1595 panis
2997 1545 3102 1583 non
3146 1531 3367 1596 habent,
3416 1548 3591 1603 neque

2014 1612 2181 1665 robur
2214 1629 2368 1683 aqua;
2398 1617 2661 1671 obtinent.
2720 1616 2843 1671 Sola
2896 1620 3095 1690 quippe
3137 1630 3191 1675 et
3233 1626 3375 1677 nuda
3410 1622 3589 1678 littera

341 1696 508 1768 ἄρτου
545 1702 635 1769 μὲν
664 1702 758 1752 καὶ
782 1700 971 1764 ὓδατος
1003 1700 1271 1771 ὑπόληψιν
1322 1702 1461 1773 ἔχον,
1495 1705 1690 1775 τρέφον
1723 1707 1778 1759 δὲ
1809 1710 1903 1761 αύ-

2011 1718 2269 1759 concessa
2310 1706 2418 1759 illis
2456 1715 2571 1771 est,
2622 1724 2741 1776 qua:
2793 1710 3007 1776 quidem
3059 1712 3295 1781 aliquam
3345 1715 3500 1783 panis
3534 1725 3591 1769 et

347 1793 477 1855 τοὺς
506 1796 618 1847 κατ’
644 1794 826 1846 οὐδένα
848 1796 1043 1865 τρόπον
1075 1797 1154 1857 είς
1187 1794 1399 1861 εὐεξίαν
1429 1797 1525 1868 τὴν
1547 1799 1764 1868 νοητήν.
1798 1800 1908 1851 Καὶ

356 1887 687 1956 μαρτυρήσει
723 1888 938 1954 γράφων
970 1889 994 1939 ό
1023 1886 1234 1951 Παῦλος
1257 1906 1269 1918 ·
1317 1907 1335 1939 ι
1388 1891 1550 1959 Ἀχρι
1586 1890 1695 1960 γὰρ
1738 1893 1908 1962 σήμε-

362 1992 473 2044 ρον,
518 1977 673 2045 ἡνίκα
710 1975 1122 2043 ἀναγινώσκεται
1166 1980 1436 2051 Μωῦσῆς,
1495 1979 1759 2051 κάλυμμα
1814 1981 1905 2032 ἐπὶ

356 2068 451 2137 τὴν
483 2068 693 2138 καρδίαν
722 2068 894 2122 αὐτῶν
936 2073 1137 2135 κεῖται,
1185 2091 1203 2124 ι
1258 2072 1331 2143 μὴ
1371 2073 1902 2143 ἀνακαλυπτόμενον,

347 2155 425 2207 ὅτι
449 2156 507 2207 ἐν
534 2158 749 2229 Χριστῷ
786 2163 1153 2231 καταργεῖται.
1184 2162 1296 2216 Καὶ
1335 2161 1457 2216 καθ’
1478 2163 1664 2235 ἓτερον
1700 2163 1757 2215 δὲ
1784 2162 1907 2231 τρό-

342 2266 437 2300 πον
461 2250 770 2323 ἀφῃρῆσθαί
811 2270 991 2323 φαμεν
1034 2256 1097 2306 ὲκ
1136 2255 1235 2325 τῆς
1276 2255 1543 2309 Ἰουδαίων
1583 2255 1905 2325 συναγωγῆς

334 2341 478 2411 ἰσχὺν
500 2342 666 2413 ἄρτου
694 2346 788 2397 καὶ
822 2347 975 2416 ἰσχὺν
1004 2346 1193 2409 ὓδατος
1215 2364 1228 2376 ·
1252 2348 1347 2400 καὶ
1375 2347 1532 2417 λόγος
1563 2349 1680 2401 ἐστὶ
1715 2365 1906 2418 μυστιο

326 2432 435 2495 κός.
476 2434 666 2505 Ἡμεῖς
702 2436 803 2505 μὲν
832 2436 943 2508 γάρ
968 2437 1125 2490 οἱδιά
1153 2438 1389 2502 πίστεως
1416 2440 1741 2511 κεκλημένοι
1769 2440 1904 2512 πρὸς

324 2527 610 2598 ἁγιασμὸν,
637 2529 732 2581 τὸν
757 2528 920 2601 ἄρτον
949 2529 1149 2601 ἔχομεν
1179 2533 1269 2585 τὸν
1285 2532 1345 2597 ἐξ
1371 2533 1625 2604 οὐρανοῦ,
1660 2534 1902 2587 τουτέστι

323 2616 570 2687 Χριστὸν,
621 2619 742 2689 ἢτοι
781 2620 843 2672 τὸ
880 2621 1040 2692 σῶμα
1087 2622 1272 2676 αὑτοῦ.
1316 2621 1380 2675 Εἰ
1417 2622 1473 2675 δὲ
1504 2622 1565 2694 δή
1601 2641 1683 2686 τις
1706 2623 1899 2693 ἔροιτο,

320 2708 443 2761 ποία
468 2709 553 2772 τίς
590 2711 741 2761 ἐστιν
776 2712 810 2781 ἡ
842 2713 996 2781 ἰσχὺς
1029 2711 1215 2777 αὑτοῦ,
1265 2714 1442 2782 φαμὲν
1478 2714 1558 2765 ὅτι
1610 2711 1898 2776 ζωοποιόςν

318 2800 497 2854 δίδωσι
540 2802 650 2874 γὰρ
689 2804 771 2874 τῷ
812 2805 1004 2875 κόσμῳ
1056 2804 1223 2875 ζωήν.
1264 2807 1567 2877 Προσίεμεν
1609 2806 1666 2857 δὲ
1704 2807 1904 2875 ὁμοίως

324 2892 504 2963 καὶτῇ
531 2894 619 2946 διὰ
645 2895 740 2947 τοῦ
783 2896 940 2963 ἁγίου
971 2895 1347 2965 βαπτίσματος
1381 2897 1585 2966 χάριτι,
1622 2896 1714 2947 τού
1746 2896 1903 2962 ἁγιά-

323 2985 506 3049 ζοντος
532 2988 675 3057 ἡμᾶς
706 2987 897 3052 ὓδατος
918 2989 1022 3060 τὴν
1056 2990 1208 3057 ἰσχὺν
1237 2984 1375 3041 εἶναι
1414 2988 1681 3056 λέγοντες,
1722 2988 1898 3060 ἀμαρ-

322 3080 455 3131 τιῶν
494 3080 777 3142 ἀπόθεσιν,
820 3081 1180 3151 ἁναγέννησιν
1227 3080 1602 3150 πνευματικὴν
1640 3080 1720 3141 εἰς
1765 3095 1900 3149 συμ-

324 3170 564 3242 μορφίαν
733 3175 809 3236 είς
852 3173 1015 3226 αὐτὸν
1056 3173 1146 3224 τὸν
1186 3171 1454 3243 Χριστόν
1499 3171 1591 3223 καὶ
1631 3169 1765 3241 πρὸς
1808 3170 1901 3223 ἐπὶ

315 3263 549 3329 τούτοις,
594 3266 904 3337 παρρησίαν
931 3266 1137 3318 εἰσόδου
1164 3266 1261 3335 τῆς
1290 3265 1368 3326 είς
1391 3262 1487 3333 τὴν
1518 3261 1625 3314 τῶν
1657 3262 1899 3333 οὐρανῶν

314 3356 615 3419 βασιλείαν.
685 3358 813 3411 Ἐὰν
884 3358 993 3428 γάρ
1064 3375 1169 3421 τις,
1222 3357 1374 3425 φησι,
1416 3373 1435 3405 ι
1476 3354 1549 3425 μὴ
1577 3355 1807 3425 γεννηθῇ
1841 3356 1898 3423 ἐξ

309 3443 506 3507 ὕδατος
551 3449 647 3498 καὶ
710 3446 1037 3517 πνεύματος,
1086 3448 1145 3499 of.
1206 3445 1428 3498 δύναται
1487 3443 1748 3497 εἰσελθεῖν
1816 3446 1899 3507 είς

302 3537 411 3605 τὴν
466 3536 746 3605 βασιλείαν
804 3538 913 3590 τῶν
957 3537 1224 3609 οὐρανῶν.
1269 3558 1288 3589 ι
1336 3537 1687 3607 Ἑστέρηνται
1734 3536 1791 3589 δὲ
1848 3538 1897 3589 οἱ

316 3628 570 3701 Ἰουδαῖοι
616 3629 728 3682 τῶν
756 3629 1011 3682 τοιούτων
1053 3629 1300 3697 ἀγαθῶν*
1340 3630 1399 3681 οὐ
1446 3630 1557 3701 γάρ
1606 3632 1720 3682 ἐστι
1767 3628 1895 3698 παρ’

307 3699 503 3783 αὐτοῖς
538 3722 691 3790 ἰσχὺς
726 3723 913 3791 ἄρτου,
951 3721 1222 3774 τουτέστιν
1255 3722 1288 3790 ἡ
1318 3722 1375 3773 ἐν
1399 3721 1622 3791 Χριστῴ
1666 3718 1895 3785 ζωοποί-

307 3831 350 3884 η
363 3831 465 3877 σις,
494 3813 595 3865 οῦδ
624 3814 806 3883 ἔχουσι
829 3814 926 3885 τὴν
954 3812 1047 3865 τοῦ
1073 3812 1260 3874 ὓδατος
1291 3811 1437 3882 ἰσχύν
1464 3830 1476 3842 ·
1506 3814 1895 3883 ἀπομεμένηκε

305 3905 425 3976 γὰρ
448 3906 507 3958 ἐν
533 3906 712 3968 αὐτοῖς
747 3904 1112 3967 ἀναπόνιπτος
1137 3906 1169 3975 ἡ
1208 3903 1451 3975 ἁμαρτία
1470 3919 1485 3933 ο
1525 3904 1625 3956 οὐκ
1661 3901 1897 3956 εἰσελαύ-

304 4015 497 4053 νουσιν
524 4000 605 4061 εἰς
632 3998 731 4067 τὴν
761 3998 867 4050 τῶν
901 3995 1145 4066 οὐρανῶν
1187 3995 1483 4065 βασιλείαν,
1517 3994 1608 4048 τὸν
1652 3993 1896 4063 εἰσκομί-

302 4090 476 4156 (ma
515 4090 750 4163 Χριστὸν
790 4088 1168 4158 ἀτιμάζοντες.
1213 4088 1286 4140 Οὐ
1332 4087 1441 4158 γὰρ
1487 4088 1772 4139 ἐπίστευον
1811 4085 1896 4138 λέ-

300 4199 515 4253 γον-τισι
537 4182 680 4250 Ἐγὼ
713 4184 826 4253 εἰμι
918 4181 1055 4244 ὁδὸς,
1076 4202 1095 4231 δ
1121 4183 1236 4243 καὶ,
1257 4200 1274 4231 ι
1300 4179 1440 4247 Ἐγώ
1468 4180 1585 4247 εἰμι
1619 4180 1649 4246 ἡ
1678 4176 1836 4247 θύρα.
1871 4195 1888 4228 ι

442 4278 555 4329 Καὶ
586 4275 1072 4344 πεντηκόνταρχον,
1103 4274 1195 4325 καὶ
1223 4269 1537 4341 θαυμαστὸν
1570 4267 1890 4339 σύμϐουλον,

303 4370 405 4423 καὶ
456 4368 621 4437 σοφὸν
656 4367 1013 4437 ἀρχιτέκτονα
1033 4406 1047 4429 ,
1076 4366 1171 4418 καὶ
1206 4364 1422 4417 συνετὸν
1454 4361 1751 4433 ἀκροατήν.
1782 4360 1893 4412 Καὶ
1923 4395 1969 4452 D

304 4460 596 4529 ἐπιστήσω
619 4458 938 4519 νεανίσκους
963 4456 1223 4526 ἄρχοντας
1250 4452 1447 4514 αὐτῶν,
1476 4452 1571 4503 καὶ
1591 4452 1890 4520 ἐμπαῖκται

302 4550 691 4621 κυριεύσουσιν
730 4548 926 4602 αὐτῶν.
977 4566 994 4598 ι
1036 4548 1111 4617 (7)
1146 4546 1240 4609 Τίς
1279 4543 1371 4598 οὖν
1405 4543 1548 4615 ὁρῶν
1587 4542 1714 4605 τοὺς
1741 4540 1892 4611 παρά

318 4643 602 4706 Ἰουδαίοις
673 4638 1105 4712 ὀνομαζομένους
1171 4637 1534 4709 πατριάρχας,
1574 4634 1889 4698 νεανίσκους

307 4733 555 4804 ἀληθῶς,
580 4734 642 4786 ού
680 4734 780 4804 τὴν
805 4732 915 4785 τῶν
947 4734 1211 4803 σωμάτων
1238 4730 1473 4802 ἡλικίαν,
1502 4727 1636 4781 ἀλλὰ
1662 4727 1759 4789 τὰς
1792 4725 1893 4795 ψυ-

305 4828 413 4899 χὰς
446 4827 658 4890 ἀτελεῖς
692 4827 786 4879 καὶ
810 4824 1009 4888 ἐνδεεῖς
1047 4824 1277 4895 φρενῶν,
1310 4821 1434 4884 τούς
1465 4836 1525 4872 τε
1558 4818 1776 4880 λοιποὺς
1799 4817 1895 4869 αὑ-

306 4919 417 4971 τῶν
448 4918 825 4981 διδασκάλους,
865 4919 964 4970 οὐκ
994 4916 1057 4969 ἂν
1097 4916 1239 4968 εἴποι
1265 4913 1576 4985 ἐμπαίκτας
1606 4906 1766 4973 εἶναι,
1802 4909 1894 4961 καί

306 5008 403 5071 οὓς
430 5011 468 5079 ἡ
507 5007 813 5079 προερητεία
846 5007 1065 5077 ἐδήλου,

388 5216 407 5248 ι
440 5195 551 5251 Καὶ
569 5198 927 5266 συμπεσεῖται
956 5196 984 5247 ὁ
1017 5194 1166 5257 λαὸς,
1204 5192 1487 5263 ἄνθρωπος
1523 5192 1657 5261 πρὸς
1679 5190 1893 5262 ἄνθρω-

306 5304 437 5354 πον,
462 5290 555 5343 καὶ
588 5288 875 5358 ἄνθρωπος
908 5286 1044 5358 πρὸς
1071 5285 1161 5338 τὸν
1191 5284 1415 5353 πλησίον
1448 5282 1641 5337 αὐτοῦ’
1673 5302 1689 5333 ι
1720 5282 1887 5353 μηδε-

382 5454 424 5484 ¹⁷
444 5452 637 5507 Matth.
666 5450 812 5513 “,4.
892 5446 935 5478 ¹⁸
958 5445 995 5499 ll
1017 5445 1145 5501 Cor.
1177 5458 1257 5509 ιιι,
1294 5443 1381 5501 l5.
1462 5444 1502 5476 ¹⁹
1532 5441 1689 5499 Joan.
1718 5457 1798 5507 ιιι,
1828 5440 1881 5495 5.

379 5596 457 5667 (7)
489 5595 589 5650 llic
620 5592 1007 5667 Hieronymus,
1038 5588 1508 5667 ¢_Cousiderenm_s
1541 5587 1879 5667 patriarchas

304 5657 653 5723 ludicrum;
682 5674 733 5719 et
765 5657 1010 5729 iuvenes,
1045 5662 1155 5716 sive
1180 5676 1397 5730 pueros,
1438 5657 1879 5727 eﬂcminatosque

2013 1809 2167 1863 aqua:
2195 1796 2458 1852 rationem
2489 1807 2546 1852 et
2577 1799 2887 1866 opinionem
2928 1802 3142 1867 habeat,
3188 1820 3364 1875 neque
3407 1814 3589 1860 tamen

2014 1888 2134 1941 illos
2168 1889 2441 1944 ullatenus
2470 1890 2583 1944 alat
2613 1893 2678 1944 ad
2707 1891 2906 1945 bonam
2937 1894 3162 1962 spiritus
3194 1898 3584 1951 valetudinem.

2010 1978 2183 2044 Quam
2226 1996 2339 2034 rem
2378 1980 2576 2036 Paulus
2629 1984 2989 2047 testificatur,
3038 1984 3124 2039 his
3148 1987 3369 2040 verbis:
3421 2006 3440 2037 ι
3479 1984 3585 2041 Sed

2010 2086 2180 2141 usque
2209 2072 2260 2126 in
2290 2070 2612 2128 hodiernum
2649 2075 2814 2140 diem,
2849 2091 2972 2131 cum
3000 2076 3197 2149 legitur
3224 2077 3454 2149 Moyses,
3491 2094 3586 2134 vc-

2009 2162 2186 2217 lamen
2226 2164 2460 2232 positum
2503 2174 2590 2218 est
2623 2180 2785 2232 super
2829 2182 2925 2221 cor
2972 2183 3158 2222 eorum
3191 2168 3258 2234 ’⁸,
3293 2187 3310 2219 ι
3350 2183 3457 2223 non
3497 2183 3584 2223 re-

2007 2255 2263 2321 velatum,
2294 2257 2419 2326 quia
2455 2258 2506 2312 in
2547 2258 2770 2314 Christo
2800 2259 3063 2315 aufertur.
3100 2260 3222 2315 Alio
3255 2260 3380 2316 item
3423 2261 3581 2316 mod:

2007 2343 2237 2399 dicimus
2264 2344 2505 2401 ablatum
2540 2348 2709 2403 fuisse
2749 2364 2778 2402 a
2817 2347 3129 2417 .[udaaorum
3173 2366 3444 2422 synagoga
3495 2366 3583 2406 ro-

2006 2436 2109 2489 bur
2143 2437 2302 2506 panis
2331 2448 2384 2492 et
2438 2438 2605 2494 robur
2647 2455 2802 2510 aqua:
2832 2459 2846 2495 :
2890 2457 3071 2495 sermo
3103 2452 3281 2497 autem
3324 2444 3581 2511 mysticus

2005 2536 2107 2581 est.
2157 2527 2267 2583 Nos
2318 2531 2517 2601 quippe
2572 2531 2661 2601 qui
2715 2547 2812 2602 per
2863 2532 3019 2587 ﬁdem
3067 2535 3240 2587 vocati
3296 2549 3484 2588 sumus
3511 2536 3580 2588 ad

2006 2619 2519 2686 sanetillcationem,
2561 2635 2752 2688 panem
2804 2625 3065 2676 haoemus
3106 2625 3171 2675 de
3221 2626 3383 2689 cielo,
3440 2623 3578 2678 scili-

2004 2724 2092 2765 cet
2119 2710 2416 2775 Christum,
2461 2713 2576 2766 sive
2606 2728 2807 2782 corpus
2838 2714 2976 2783 ejus.
3013 2714 3164 2779 Quod
3194 2715 3236 2767 si
3274 2715 3399 2784 quis
3431 2731 3577 2784 qua:-

2005 2810 2111 2867 rat,
2152 2804 2427 2871 quodnam
2474 2804 2545 2857 sit
2598 2804 2763 2859 rohur
2800 2804 2948 2872 ejus,
3006 2806 3253 2870 dicimus,
3303 2806 3574 2860 vivilicum

2004 2906 2165 2947 esse:
2204 2907 2328 2946 nam
2362 2894 2455 2949 dat
2489 2895 2657 2949 vitam
2703 2897 2926 2951 mundo.
2964 2897 3287 2951 Accedimus
3328 2897 3575 2952 similiter

2010 2984 2076 3037 ad
2109 2986 2338 3055 gratiam
2383 2987 2529 3042 sacri
2568 2987 2861 3058 baptismi:
2906 3003 2970 3042 ac
3014 2989 3243 3043 dicimus
3284 3005 3436 3059 aqua:
3479 3005 3574 3044 nos

2002 3077 2397 3133 s’anctilicantis
2464 3078 2631 3135 robur
2699 3094 2823 3135 esse
2883 3090 3228 3150 peccatorum
3282 3081 3574 3149 depositio-

2002 3185 2148 3235 nem,
2185 3172 2652 3239 regenerationem
2689 3172 3028 3240 Spiritualem
3079 3174 3146 3225 ad
3196 3172 3556 3227 conformatio

2001 3275 2126 3314 nem
2167 3260 2219 3313 in
2254 3261 2429 3329 ipsum
2471 3261 2746 3315 Christum
2780 3277 2795 3325 ;
2839 3262 2906 3316 ad
2956 3263 3071 3316 haec
3118 3276 3267 3327 vero,
3321 3262 3572 3317 ﬁduciam

2000 3353 2340 3423 ingrediendi
2392 3355 2443 3408 in
2474 3369 2698 3419 regnum
2744 3352 3008 3407 caelorum
3038 3369 3058 3418 ς
3095 3368 3219 3406 nam
3252 3354 3367 3408 ait:
3401 3372 3420 3405 ι
3459 3353 3570 3411 Nisi

1998 3445 2123 3512 quis
2161 3454 2379 3498 renatus
2424 3444 2592 3499 fuerit
2621 3460 2686 3498 ex
2737 3459 2875 3512 aqua
2921 3453 2978 3497 et
3027 3445 3253 3510 Spiritu,
3304 3460 3411 3498 non
3467 3462 3567 3514 po-

2000 3544 2106 3591 test
2146 3536 2347 3591 iutrare
2384 3537 2434 3589 in
2476 3550 2702 3605 regnum
2733 3533 3081 3589 cmlorum".
3132 3554 3151 3586 ι
3187 3534 3354 3589 Judaei
3390 3547 3569 3592 autem

2001 3628 2084 3681 his
2144 3627 2299 3681 bonis
2354 3628 2673 3698 privautur:
2737 3640 2840 3679 non
2887 3627 3032 3679 enim
3096 3641 3259 3695 penes
3318 3627 3437 3681 illos
3487 3640 3566 3682 est

1999 3717 2167 3770 robur
2199 3731 2377 3786 pams,
2428 3718 2482 3772 id
2517 3727 2618 3780 est,
2668 3716 2964 3771 viviﬁcatio
3010 3716 3061 3769 in
3097 3717 3353 3769 Christo:
3394 3730 3566 3786 neque

1998 3807 2126 3861 item
2178 3808 2342 3863 robur
2372 3823 2525 3878 aqua:
2557 3808 2846 3863 obtinent:
2906 3822 3027 3861 nam
3074 3822 3240 3877 penes
3285 3806 3403 3861 illos
3436 3822 3565 3877 pec-

1997 3907 2174 3954 catum
2207 3900 2325 3956 sine
2351 3901 2626 3955 ablutione
2676 3908 2962 3967 remanet;
3012 3915 3187 3968 neque
3227 3901 3293 3955 ad
3342 3917 3563 3973 regnum

1997 3990 2261 4044 cmlorum
2304 3990 2550 4051 tendunt.
2594 3991 2686 4059 qui
2732 3989 3008 4044 Christum
3045 4004 3110 4043 eo
3159 3990 3442 4045 ducentem
3482 3993 3569 4047 de-

1997 4082 2189 4135 decore
2229 4080 2524 4135 alfeceriut.
2584 4081 2767 4149 Neque
2804 4081 2948 4133 enim
2985 4081 3332 4136 crediderunt
3382 4083 3567 4138 dicen-

1998 4175 2073 4240 ti,
2113 4193 2133 4225 ι
2172 4175 2281 4243 Ego
2310 4190 2429 4228 sum
2460 4175 2543 4227 via
2575 4174 2643 4238 '°,
2684 4192 2703 4224 ι
2739 4182 2815 4238 et,
2852 4191 2869 4224 ι
2909 4174 3019 4244 Ego
3056 4191 3173 4228 sum
3204 4177 3400 4229 ostium
3432 4176 3495 4231 ".
3538 4193 3562 4229 ι

2070 4268 2230 4322 Vens.
2268 4267 2385 4321 5-4.
2444 4286 2462 4319 ι
2500 4266 2565 4319 Ει
2604 4267 2903 4336 principem
2946 4282 3110 4336 super
3151 4268 3563 4337 quinquaginta,

1996 4368 2051 4413 et
2089 4357 2458 4413 admirabilem
2504 4356 2911 4423 consiliarium,
2947 4368 3001 4410 et
3042 4356 3340 4425 sapientem
3393 4355 3567 4409 archi-

1998 4458 2195 4503 tectum
2234 4456 2290 4500 et
2342 4448 2658 4517 prudentem
2730 4447 3055 4501 auditorem.
3118 4445 3184 4498 Et
3241 4445 3563 4500 constituam

1992 4556 2190 4611 pueros
2220 4540 2489 4609 principes
2530 4554 2741 4604 eorum,
2785 4549 2840 4594 et
2888 4539 3160 4594 derisores
3207 4537 3565 4591 dominabun-

1992 4643 2082 4689 tur
2116 4634 2215 4689 eis.
2254 4654 2273 4686 ι
2308 4634 2440 4699 Quis
2486 4647 2616 4704 ergo
2668 4633 2968 4702 conspectis
3016 4631 3108 4695 iis,
3146 4630 3237 4699 qui
3290 4629 3430 4699 apud
3467 4627 3562 4683 Ju-

1993 4729 2139 4783 daeos
2165 4728 2493 4796 patriarcha:
2531 4738 2829 4790 vocantur;
2864 4740 2969 4778 non
3008 4738 3134 4778 vere
3179 4738 3399 4794 pueros,
3455 4738 3562 4778 nou

1994 4835 2253 4889 corporea
2278 4828 2509 4879 statura,
2540 4818 2633 4872 sed
2666 4819 2831 4871 animi
2854 4816 3292 4884 imperfectione,
3324 4832 3385 4869 ac
3415 4830 3565 4869 meu-

1996 4913 2065 4967 tis
2113 4908 2445 4981 indigentia,
2510 4919 2802 4976 nuncupet,
2859 4909 3195 4977 reliquosque
3231 4923 3417 4963 eorum
3461 4906 3565 4963 do-

1990 5014 2208 5060 ctores.
2257 5017 2362 5055 non
2414 5002 2689 5055 derisores
2743 5001 2918 5066 dicat,
2966 5011 3020 5053 et
3058 4999 3247 5069 quales
3295 4999 3384 5053 hic
3431 5014 3563 5069 pro-

1992 5098 2153 5165 pheta
2195 5094 2501 5164 signilicat?

2069 5185 2229 5254 Vens.
2272 5186 2325 5239 5.
2368 5203 2386 5236 ι
2436 5184 2502 5238 Et
2547 5185 2717 5237 irruet
2766 5183 3013 5251 populus,
3067 5184 3227 5237 homo
3271 5184 3337 5236 ad
3382 5183 3559 5239 homi-

1996 5293 2142 5345 nem,
2173 5288 2226 5332 et
2264 5282 2426 5333 homo
2457 5278 2521 5330 ad
2554 5277 2859 5346 proximum
2896 5292 3049 5330 suum
3078 5293 3093 5329 :
3144 5295 3162 5327 ι
3198 5278 3337 5347 quod
3384 5275 3564 5332 nullus

1956 5438 2183 5497 “Joan.
2214 5454 2327 5505 xw,
2364 5440 2417 5493 6.
2495 5439 2537 5470 ’ί
2568 5437 2787 5503 Joan.x,
2814 5438 2862 5492 7.

1990 5601 2053 5640 ac
2086 5586 2293 5642 deliciis
2325 5585 2630 5659 aﬂluentcs}
2666 5597 2720 5643 et
2749 5588 3021 5658 impletam
3071 5588 3406 5660 prophetiam
3438 5599 3560 5642 esse

1988 5671 2295 5714 cernemus.
2328 5677 2347 5710 ι
