4068 6198
456 247 549 301 ill

1118 230 1383 291 EUSERH
1421 228 1901 290 CESARlENSIS
1940 232 2092 289 OPP.
2135 231 2316 290 PARS
2356 233 2443 291 lll.
2486 270 2553 277 ——
2592 234 3005 292 EXEGETICA.

3599 240 3701 297 ΗΞ

453 369 587 421 οτι-10
652 372 823 426 esset,
872 374 1047 429 neque
1110 359 1327 414 verbum
1372 357 1464 411 Dei
1507 358 1558 410 in
1628 356 1735 412 illis
1783 370 2013 411 versare-

2131 359 2259 427 μιᾶς
2291 359 2495 425 τάξεως
2522 357 2706 427 οὔσης,
2741 355 2875 427 μηδὲ
2902 354 3058 425 λόγου
3097 352 3233 413 Θεοῦ
3263 355 3323 410 ἐν
3349 354 3528 419 αὐτοῖς
3554 358 3696 412 πολι-

453 471 555 515 tnr.

524 549 681 603 Vens.
730 544 851 599 6-8.
908 562 925 595 ι
975 543 1111 610 Quia
1166 542 1536 613 apprehcmlet
1592 541 1750 596 homo
1796 541 2019 597 fratrem

448 656 600 697 suum
630 677 647 704 ,
686 648 780 692 aint
819 638 1174 692 domesticum
1223 634 1393 705 patris
1439 635 1547 697 sui,
1592 634 1796 697 dicens,
1847 632 2022 690 Vesti-

452 742 694 787 mentum
743 731 932 797 habes,
966 730 1219 799 princeps
1245 737 1363 782 esto
1396 726 1572 791 nobis,
1604 737 1659 780 et
1692 725 1842 781 cibus
1870 741 2021 781 meus

446 816 545 880 sub
589 834 640 878 te
689 824 778 878 sit.
827 822 890 874 Et
936 820 1272 889 respondens
1318 820 1370 873 in
1425 818 1510 872 die
1557 818 1645 871 illa
1697 819 1873 874 dicet:
1904 818 2018 873 Non

447 934 543 972 ero
572 916 822 988 princeps
858 922 1011 974 tuus;
1059 928 1165 966 non
1199 911 1342 965 enim
1376 910 1428 964 in
1464 912 1623 965 domo
1655 924 1771 964 mea
1811 921 1895 966 est
1922 928 2017 982 pa-

449 1010 554 1070 nis,
603 1019 777 1074 neque
822 1002 1226 1057 vestimentum.
1260 998 1378 1054 Non
1412 1014 1507 1054 ero
1539 1000 1791 1069 princeps
1835 1000 2018 1069 populi

448 1102 649 1171 hujus:
693 1096 817 1166 quia
848 1093 1175 1162 relinquitur
1216 1090 1538 1156 Jerusalem,
1582 1101 1637 1146 et
1674 1090 1858 1146 Jndaaa
1898 1106 2019 1145 cor-

450 1194 579 1247 ruit.
630 1209 650 1243 ι
701 1190 878 1256 Quare
929 1185 981 1239 in
1034 1192 1239 1239 tantam
1285 1184 1483 1238 mentis
1524 1184 1803 1252 penuriam
1846 1192 1898 1238 et
1936 1185 2019 1239 in-

446 1282 745 1351 digentiam
779 1288 1043 1332 venturos
1091 1276 1211 1330 illos
1253 1290 1373 1331 esse
1404 1275 1572 1341 dicit,
1624 1284 1682 1330 ut
1726 1291 1898 1345 neque
1928 1291 2019 1330 ve-

444 1375 756 1427 stimentum
820 1381 995 1437 neque
1065 1381 1267 1437 panem
1328 1366 1586 1432 habeant,
1632 1367 1704 1420 ita
1758 1376 1815 1419 ut
1855 1367 2018 1421 vesti—

444 1473 685 1518 mentum
728 1458 1090 1529 spiritualiter
1127 1456 1301 1527 accipi
1337 1458 1529 1526 possit,
1566 1471 1661 1527 pro
1698 1457 1898 1512 decoro
1926 1472 2012 1511 or.

442 1565 683 1624 natoque
724 1565 1000 1618 sermone,
1032 1551 1124 1622 qui
1171 1551 1369 1604 animae
1409 1564 1597 1605 eorum
1630 1550 2013 1620 turpitudinem

444 1645 697 1713 obtegat,
734 1641 888 1709 panis
923 1650 1103 1693 autem
1158 1639 1382 1710 intelligi
1422 1639 1591 1708 possit
1628 1640 1710 1705 is,
1760 1641 1853 1710 qui
1900 1640 2016 1694 ani-

440 1752 588 1792 tuam
621 1734 881 1788 enutriat.

521 1847 539 1879 ι
579 1829 642 1881 Ει
682 1828 879 1896 lingua:
911 1839 1097 1880 eorum
1130 1838 1253 1878 cum
1286 1824 1603 1892 iniquitate,
1640 1824 1873 1878 Domino
1910 1840 2017 1877 non

443 1920 929 1989 obtemperantes:
971 1916 1230 1987 quoniam
1274 1930 1419 1969 nunc
1463 1914 1747 1969 lmmiliata
1791 1925 1876 1971 est
1906 1916 2019 1986 glo-

446 2013 524 2065 ria
569 2026 782 2065 eorum.
826 2030 842 2062 ι
876 2012 1067 2065 Annon
1116 2008 1327 2075 linguas
1366 2021 1496 2061 suas
1523 2018 1858 2062 exacuerunt
1890 2025 2020 2062 con-

450 2113 533 2154 tra
578 2102 897 2163 Dominum,
938 2099 1152 2167 quando
1194 2099 1357 2151 hasce
1408 2098 1603 2166 impias
1653 2099 1885 2153 emisere
1924 2113 2019 2152 vo-

438 2208 558 2256 ees,
596 2210 613 2241 ι
660 2191 844 2255 Tolle,
891 2189 1014 2244 tolle
1070 2204 1233 2253 eum;
1308 2198 1363 2242 et
1417 2190 1636 2258 sanguis
1684 2190 1801 2259 ejus
1858 2203 2019 2258 super

443 2298 543 2337 nos
592 2292 649 2337 et
684 2298 846 2351 super
885 2281 1026 2335 ﬁlios
1065 2291 1280 2336 nostros
1306 2280 1399 2335 ’⁸2
1429 2300 1449 2332 ι
1486 2280 1637 2334 Tunc
1689 2294 1876 2334 revera
1920 2279 2019 2333 lin-

443 2391 548 2445 gna
583 2388 772 2429 eorum
824 2384 879 2428 et
918 2372 1097 2427 studia
1135 2387 1349 2436 eorum,
1388 2372 1682 2426 secundum
1726 2368 2014 2440 Aquilam,

443 2477 631 2521 contra
673 2464 959 2521 Dominum
1011 2463 1190 2529 fuere,
1243 2464 1312 2519 ad
1356 2461 1793 2519 exacerbandum
1838 2460 2013 2528 illum,

443 2559 742 2612 secundum
777 2556 1189 2627 Symmachum.

514 2654 679 2707 Vsus.
716 2650 868 2706 9-12.
899 2667 917 2699 ι
947 2647 1012 2701 Ει
1034 2647 1227 2719 lingua:
1246 2661 1434 2702 eorum
1470 2645 1667 2716 iniqua:
1702 2659 1717 2698 :
1757 2659 1879 2715 qua:
1914 2645 2019 2700 Do-

440 2746 578 2801 mini
644 2753 769 2799 sunt
824 2754 927 2795 non
990 2740 1236 2795 credunt.
1296 2736 1481 2807 Itaque
1537 2750 1680 2791 nunc
1734 2736 2016 2791 humiliata

438 2839 616 2908 gloria
646 2848 854 2898 eorum,
887 2842 942 2887 et
978 2830 1223 2887 confusio
1254 2828 1431 2883 vultus
1466 2842 1655 2883 eorum
1683 2827 1884 2881 restitit
1913 2825 2013 2879 eis.

445 2933 731 2985 Peccatum
761 2935 938 2980 autem
974 2939 1133 2978 suum
1177 2921 1334 2992 quasi
1363 2920 1722 2975 Sodomorum
1754 2918 2018 2983 praedica-

2126 450 2439 519 τευομένου.

2199 558 2217 589 ι
2258 540 2379 593 Ὅτι
2421 539 2741 610 ἐπιλήψεται
2784 537 3069 607 ἄνθρωπος
3101 538 3196 592 τοῦ
3238 539 3468 611 ἀδελφοῦ
3517 542 3699 607 αὐτοῦ,

2121 628 2155 698 ἢ
2189 630 2283 682 τοῦ
2331 630 2532 683 οἰκείου
2578 627 2676 683 τοῦ
2733 630 2937 701 πατρὸς
2980 629 3169 694 αὑτοῦ,
3222 628 3433 699 λέγων·
3474 634 3703 705 Ἰμάτιον

2122 718 2286 788 ἔχεις,
2326 720 2566 791 ἀρχηγὸς
2599 720 2758 789 γενοῦ
2795 722 2971 793 ἡμῶν,
3016 721 3111 774 καὶ
3144 721 3204 775 τὸ
3246 721 3445 795 βρῶμα
3470 726 3532 778 τὸ
3572 727 3703 797 ἐμὸν

2121 810 2225 863 ὑπὸ
2266 812 2324 863 σὲ
2365 812 2525 866 ἔστω.
2565 814 2677 866 Καὶ
2716 814 3035 886 ἀποκριθεὶς
3074 817 3133 869 ἐν
3180 820 3246 889 τῇ
3283 818 3466 887 ἡμέρᾳ
3517 818 3703 891 ἐκείνῃ

2122 906 2266 976 ἐρεῖ·
2301 904 2414 958 Ούκ
2444 905 2638 976 ἔσομαί
2686 924 2780 959 σου
2814 908 3083 979 ἀρχηγόςο
3124 910 3184 961 ού
3214 908 3321 980 γὰρ
3367 911 3424 963 ἐν
3460 909 3537 980 τῷ
3567 912 3703 981 οἴκῳ

2124 995 2225 1067 μοῦ
2260 998 2403 1050 ἐστιν
2450 997 2642 1069 ἄρτος,
2672 998 2789 1051 οὐδὲ
2823 999 3056 1070 ἱμάτιον.
3088 1001 3201 1054 Ούκ
3231 1001 3422 1072 ἔσομαι
3459 1003 3701 1073 ἀρχηγὸς

2118 1088 2212 1141 τοῦ
2269 1088 2397 1143 λαοῦ
2446 1088 2668 1155 τούτου,
2718 1091 2799 1144 ὅτι
2850 1092 3058 1148 ἀνεῖται
3119 1094 3498 1165 Ἰερουσαλὴμ,
3533 1096 3625 1147 καὶ
3660 1097 3695 1165 ἡ

2132 1180 2357 1233 Ἰουδαία
2392 1180 2782 1251 συμπέπτωκε.
2826 1202 2844 1234 ι
2886 1183 2977 1236 Διὸ
3015 1185 3109 1238 κα)⁵
3150 1186 3229 1248 εἰς
3263 1184 3526 1256 τοσαύτην
3557 1204 3701 1239 πτω-

2117 1273 2266 1343 χείαν
2309 1272 2518 1343 φρενῶν
2549 1275 2641 1327 καὶ
2678 1274 2881 1328 ἔνδειαν
2920 1276 3133 1331 ἐλάσειν
3179 1276 3374 1341 αύτούς
3409 1295 3591 1348 φησιν,
3625 1278 3701 1340 ὡς

2122 1363 2254 1433 μηδὲ
2301 1363 2542 1432 ἱματίου,
2575 1366 2708 1435 μηδέ
2761 1366 2927 1437 ἄρτου
2973 1369 3259 1439 εύπορεῖνο
3312 1370 3525 1439 ἱματίου
3580 1370 3698 1439 μὲν,

2116 1454 2550 1523 ἐκλαμϐάνεσθαι
2590 1456 2887 1528 δυναμένου
2935 1460 3175 1530 νοητῶς,
3224 1459 3319 1513 τοῦ
3368 1461 3699 1531 εὐσχήμονος

2117 1546 2210 1597 καὶ
2237 1546 2460 1616 κοσμίου
2493 1546 2649 1615 λόγου
2681 1548 2771 1601 τοῦ
2804 1549 3168 1613 καλύπτοντος
3191 1551 3369 1604 αὐτῶν
3395 1550 3494 1619 τῆς
3524 1551 3700 1621 ψυχῆς

2117 1635 2214 1705 τὴν
2244 1636 2657 1709 ἀσχημοσύνηνο
2692 1638 2857 1710 ἄρτου
2886 1640 2941 1695 δὲ
2970 1640 3064 1693 τοῦ
3094 1641 3191 1711 τῆς
3219 1640 3456 1703 διανοίας
3487 1641 3701 1711 θρεπτι-

2051 1712 2092 1766 B
2122 1726 2239 1779 κοῦ.

2197 1837 2214 1868 ι
2259 1819 2366 1871 Καὶ
2412 1820 2469 1872 αἱ
2501 1819 2741 1889 γλῶσσαι
2782 1821 2961 1874 αὐτῶν
3000 1822 3137 1893 μετά
3184 1824 3431 1895 ἀνομίας,
3464 1824 3531 1878 τὰ
3567 1825 3698 1896 πρὸς

2120 1911 2321 1983 Κύριον
2359 1912 2742 1977 ἀπειθοῦντες⁸
2787 1916 2918 1968 διότι
2963 1916 3057 1971 νῦν
3110 1915 3447 1987 ἐταπεινώθη
3500 1920 3531 1988 ἡ
3574 1917 3695 1980 δόξα

2120 2003 2319 2059 αὐτῶν.
2362 2024 2379 2056 ι
2415 2005 2491 2075 (8)
2524 2006 2593 2059 Ἢ
2633 2007 2755 2077 οὐχὶ
2779 2007 2878 2071 τὰς
2907 2009 3115 2063 ἑαυτῶν
3145 2010 3419 2081 ἠκόνησαν
3451 2010 3696 2079 γλώσσας

2119 2101 2259 2153 κατά
2290 2100 2383 2153 τοῦ
2418 2100 2646 2171 Κυρίου,
2682 2103 2917 2173 ὁπηνίκα
2946 2106 3044 2167 τὰς
3082 2105 3297 2167 ἀσεϐεῖς
3323 2106 3552 2175 ἠφίεσαν
3591 2124 3699 2173 φω-

2119 2190 2215 2251 νὰς
2252 2189 2529 2257 λέγοντες·
2561 2208 2579 2240 ‹
2611 2188 2762 2261 Αἶρε,
2798 2188 2919 2261 αἶρε
2950 2194 3128 2245 αὐτόν·
3160 2194 3221 2246 τὸ
3243 2188 3382 2264 αἷμα
3413 2194 3575 2247 αὐτοῦ
3613 2198 3698 2263 ἐφ’

2115 2281 2265 2350 ἡμᾶς
2299 2280 2393 2331 καὶ
2425 2281 2519 2331 ἐπὶ
2544 2280 2610 2333 τὰ
2647 2282 2810 2333 τέκνα
2851 2283 3043 2352 ἡμῶν;
3085 2305 3102 2334 ι
3152 2286 3285 2337 Τότε
3314 2285 3421 2354 γὰρ
3447 2285 3521 2347 ὡς
3567 2286 3698 2355 ἁλη-

2119 2371 2226 2435 θῶς
2256 2372 2288 2441 ἡ
2324 2370 2543 2439 γλῶσσα
2592 2372 2773 2426 αὐτῶν
2817 2376 2909 2427 καὶ
2950 2374 3017 2428 τὰ
3048 2375 3454 2446 ἐπιτηδεύματα
3495 2376 3694 2437 αὐτῶν,

2117 2462 2258 2516 κατά
2292 2463 2382 2517 τὸν
2426 2464 2849 2528 Ἀκύλαν,.κατά
2878 2466 2971 2519 τοῦ
3018 2467 3221 2538 Κυρίου
3254 2467 3495 2537 γέγονεν,
3526 2471 3604 2531 εἰς
3638 2470 3698 2522 τὸ

2117 2556 2527 2625 παρκπικρᾶναι
2553 2555 2733 2620 αὐτὸν,
2766 2556 2906 2609 κατά
2937 2557 3253 2629 Σύμμαχον.

2195 2662 2213 2694 ι
2256 2644 2370 2697 Καὶ
2403 2648 2455 2698 al
2487 2646 2729 2714 γλῶσσαι
2763 2648 2942 2702 αὐτῶν
2984 2649 3121 2719 μετά
3165 2650 3414 2722 ἀνομίας,
3457 2652 3527 2706 τὰ
3562 2653 3697 2725 πρὸς

2118 2737 2318 2809 Κύριον
2365 2739 2735 2805 ἀπειθοῦντες.
2790 2742 2934 2795 Διότι
2967 2742 3062 2797 νῦν
3107 2743 3442 2817 ἐταπεινώθη
3490 2749 3523 2818 ἡ
3570 2748 3695 2813 δόξα

2118 2829 2315 2895 αὐτῶν,
2351 2833 2444 2884 καὶ
2473 2832 2505 2903 ἡ
2541 2832 2769 2904 αἰσχύνη
2805 2834 2984 2887 αὐτῶν
3015 2834 3109 2889 τοῦ
3142 2836 3434 2907 προσώπου
3463 2839 3691 2910 ἀντέστη

2117 2921 2318 2983 αὐτοῖς.
2355 2922 2465 2992 Τὴν
2508 2922 2562 2975 δὲ
2611 2924 2885 2995 ἁμαρτίαν
2916 2924 3096 2979 αὐτῶν
3127 2928 3202 2990 ὼς
3244 2926 3491 2998 Σοδόμων
3524 2929 3693 2999 ἀνήγ-

443 3031 570 3077 runt
612 3028 667 3075 et
710 3017 1078 3091 publicarunt.
1123 3012 1217 3067 Va:
1267 3014 1458 3068 animm
1486 3025 1695 3073 eorum,
1732 3012 1857 3080 quia
1882 3008 2013 3063 inie-

2117 3012 2301 3080 γει).αν
2358 3014 2452 3066 καὶ
2496 3014 2837 3084 ἐνεφάνισαν.
2872 3017 3007 3069 υύαὶ
3042 3020 3108 3088 τῇ
3150 3018 3293 3090 ψυχῇ
3335 3020 3532 3083 αὐτῶν,
3564 3020 3691 3073 διότι

443 3122 570 3168 runt
605 3110 886 3168 consilium
911 3107 1109 3163 malum
1175 3116 1364 3161 contra
1394 3119 1475 3170 se,
1507 3104 1781 3158 dicentes:
1808 3101 2012 3169 Allige-

441 3222 563 3261 mus
585 3206 814 3276 justum,
853 3202 979 3272 quia
1008 3199 1214 3255 inutilis
1244 3206 1327 3253 est
1348 3196 1521 3251 nobis.
1569 3195 1757 3265 Itaque
1810 3196 2014 3249 fructvs

442 3314 668 3369 operum
720 3310 943 3351 suorum
1013 3291 1320 3348 comedent.
1368 3289 1458 3345 Va:
1488 3288 1693 3358 iniquo,
1736 3286 1877 3342 mala
1916 3301 2014 3355 pro

443 3393 699 3463 operibus
762 3402 1016 3444 manuum
1056 3385 1173 3454 ejus
1224 3384 1483 3440 evenient
1519 3382 1592 3436 ei.
1617 3380 1817 3451 Popnle
1842 3394 2013 3445 meus,

445 3493 733 3537 exactores
761 3479 924 3535 vestri
957 3480 1239 3533 demetunt
1269 3490 1389 3542 vos,
1430 3484 1484 3529 et
1524 3474 1804 3544 exigentes
1840 3472 2016 3527 domi-

445 3585 648 3628 nantur
679 3572 851 3626 vobis.
893 3568 1098 3639 Popule
1126 3582 1299 3631 meus,
1345 3566 1436 3638 qui
1481 3565 1669 3622 beatos
1696 3578 1795 3619 vos
1818 3562 2015 3633 praedi-

441 3674 601 3727 cunt,
636 3663 909 3731 decipiunt
938 3673 1053 3723 vos,
1086 3666 1138 3713 et
1176 3658 1428 3711 semitam
1474 3655 1671 3725 pedum
1713 3664 2015 3709 vestrorum

440 3759 687 3811 turbant.
728 3773 746 3806 ι
784 3754 915 3807 Cum
940 3749 1149 3805 Judaici
1180 3748 1361 3819 populi
1387 3746 1683 3816 principes,
1707 3743 2014 3798 Judmorum

437 3848 582 3901 bona
619 3844 718 3898 sibi
752 3842 1009 3911 colligere
1047 3838 1242 3892 vellent
1273 3854 1367 3908 per
1386 3836 1651 3907 primitias
1674 3845 1727 3889 et
1753 3837 2012 3899 decimas,

445 3936 692 4003 aliasque
729 3946 816 3986 res
852 3931 976 3996 sibi,
1008 3940 1189 4001 utpote
1218 3928 1555 3998 principibus
1588 3936 1640 3981 et
1672 3928 2012 3991 doctoribus,

438 4027 672 4089 oblatas,
714 4040 817 4078 non
860 4023 1108 4079 sinebant
1154 4036 1248 4077 eos
1300 4021 1365 4074 ad
1418 4019 1617 4074 Christi
1653 4019 2012 4087 cognitionem

446 4120 724 4173 accedere.
750 4116 883 4171 Cum
925 4130 1057 4189 ergo
1094 4129 1257 4192 supra
1311 4122 1609 4167 memorata
1651 4111 1797 4164 lucra
1835 4112 2015 4179 exige~

441 4220 605 4276 rent,
642 4211 759 4264 ideo
795 4217 1082 4279 peccantes
1109 4222 1214 4262 non
1244 4204 1653 4275 coarguebant,
1691 4203 1782 4257 sed
1834 4202 2014 4256 omnia

444 4306 510 4358 ad
539 4302 903 4358 adulationem
955 4301 1009 4357 in
1063 4298 1348 4367 colloquiis
1396 4304 1780 4367 temperantes,
1827 4294 2015 4348 beatos

2119 3102 2492 3173 βεϐούλευνται
2510 3104 2701 3177 βουλὴν
2720 3108 2961 3180 πονηρὰν
2991 3108 3113 3162 καθ’
3141 3110 3369 3177 ἑαυτῶν,
3407 3112 3651 3175 εἰπόντες
3675 3130 3683 3142 ·

2113 3199 2376 3268 Δήσωμεν
2405 3199 2494 3251 τὸν
2523 3199 2752 3264 δίκαιον,
2775 3203 2855 3255 ὃτι
2878 3202 3212 3274 δύσχρηστος
3238 3206 3367 3275 ἡμῖν
3395 3208 3562 3261 ἐστιν.
3583 3205 3697 3259 Τοί-

2116 3308 2211 3344 νυν
2248 3292 2317 3344 τά
2337 3292 2648 3362 γεννήματα
2683 3293 2791 3348 τῶν
2824 3292 3001 3363 ἔργων
3028 3294 3207 3347 αὐτῶν
3241 3295 3523 3363 φάγονται.
3559 3298 3695 3350 Ούαὶ

2115 3382 2193 3454 τῷ
2224 3383 2429 3455 ἀνόμῳ,
2474 3384 2684 3455 πονηρὰ
2714 3384 2854 3437 κατὰ
2887 3385 2953 3437 τά
2984 3385 3121 3456 ἔργα
3151 3384 3258 3438 τῶν
3300 3386 3499 3458 χειρῶν
3528 3389 3693 3441 αὐτοῦ

2116 3474 2452 3545 συμϐήσεται
2475 3475 2641 3546 αὐτῷ.
2673 3477 2814 3541 Λαός
2850 3494 2973 3547 μου,
3005 3479 3053 3529 οί
3083 3478 3389 3550 πράκτορες
3418 3480 3570 3551 ὑμῶν
3600 3498 3695 3534 κα-

2114 3565 2393 3637 λαμῶνται
2452 3568 2615 3639 ὑμᾶς,
2676 3570 2769 3623 καὶ
2827 3570 2875 3621 οἱ
2932 3569 3291 3635 ἀπαιτοῦντες
3347 3573 3695 3645 κυριεύουσιν

2114 3649 2290 3729 ὑμῶν.
2343 3659 2485 3723 Λαός
2532 3678 2654 3730 μου,
2714 3662 2760 3713 οί
2810 3662 3209 3734 μακαρίζοντες
3243 3664 3386 3734 ὑμᾶς
3417 3664 3695 3719 πλανῶσιν

2114 3750 2281 3821 ὑμᾶς,
2317 3753 2410 3805 καὶ
2442 3754 2538 3824 τὴν
2564 3753 2748 3825 τρίϐον
2780 3755 2888 3807 τῶν
2915 3755 3089 3809 ποδῶν
3122 3756 3276 3828 ὑμῶν
3323 3758 3694 3830 ἐκταράσσου-

2118 3860 2170 3896 σι
2192 3844 2288 3911 (9).
2324 3864 2343 3895 ι
2373 3845 2691 3917 Βουλόμενοι
2731 3848 2799 3900 τὰ
2832 3848 2983 3920 παρά
3031 3850 3126 3901 τοῦ
3162 3850 3292 3903 λαοῦ
3338 3852 3588 3921 συνάγειν
3642 3856 3694 3906 οἱ

2116 3935 2373 4007 ἄρχοντες
2400 3937 2494 3991 τοῦ
2545 3939 2813 3993 Ἰουδαίων
2837 3941 3021 4005 ἔθνους
3048 3941 3115 3994 δι’
3136 3943 3398 4015 ἀπαρχῶν
3422 3945 3514 3997 καὶ
3531 3944 3692 3997 δεκα-

2114 4026 2244 4090 τῶν,
2266 4028 2359 4081 ica“.
2375 4028 2549 4083 ἄλλων
2567 4030 2675 4083 τῶν
2699 4030 2882 4095 αὐτοῖς
2903 4034 2977 4095 ὼς
2998 4032 3223 4104 ἄρχουσι
3248 4035 3339 4087 καὶ
3357 4034 3694 4098 διδασκάλοις

2116 4119 2597 4189 προσφερομένων,
2661 4121 2760 4174 οὐκ
2821 4123 3122 4194 ἐπέτρεπον
3175 4124 3273 4196 τὴν
3326 4127 3407 4190 εἰς
3458 4126 3694 4197 Χριστὸν

2115 4208 2317 4275 γνῶσιν
2358 4212 2556 4275 αὐτοὺς
2600 4212 2909 4268 ἀναλαϐεῖν,
2969 4216 3349 4281 ’Λπαιτοῦντες
3398 4219 3574 4272 τοίνυν
3625 4219 3697 4272 τὰ

2116 4299 2483 4380 προλεχθέντα
2526 4301 2714 4373 κέρδη,
2747 4302 2953 4356 τούτων
2996 4304 3158 4358 ἕνεκα
3188 4306 3309 4359 οὐδὲ
3353 4308 3477 4371 τοὺς
3513 4309 3697 4380 ἁμαρ·

410 4378 415 4383 ’
439 4411 538 4453 eos
564 4394 965 4466 przedicabant;
999 4400 1059 4447 et
1082 4407 1112 4444 a
1138 4398 1285 4443 recta
1313 4389 1400 4441 via
1430 4389 1493 4441 ad
1525 4387 1699 4441 saluta
1712 4401 1769 4439 re
1789 4385 2011 4439 verbum

2117 4376 2374 4458 τάνοντας
2423 4394 2681 4464 ἤλεγχον·
2736 4396 2913 4449 πάντα
2964 4395 3019 4447 δὲ
3066 4397 3202 4468 πρὸς
3250 4398 3536 4453 κολακείαν
3554 4376 3697 4472 ’ὁμι-

442 4490 678 4543 ducente
726 4494 1060 4549 avertentes,
1105 4497 1329 4554 gressus
1378 4482 1574 4534 animae
1603 4495 1786 4534 eorum
1827 4479 2011 4533 devia-

439 4581 596 4636 bant.

508 4762 671 4818 Vens.
702 4759 883 4816 15-14.
920 4777 939 4810 ι
974 4758 1079 4813 Sed
1104 4770 1247 4811 nunc
1275 4756 1632 4811 constituetur
1653 4754 2009 4822 injudicium,

428 4857 596 4911 sistet
630 4857 681 4908 in
720 4852 977 4919 judicium
1030 4848 1283 4917 populum
1330 4864 1530 4902 suum:
1587 4848 1702 4917 ipse
1752 4847 2011 4904 Dominus

431 4950 493 5003 in
519 4947 784 5019 judicium
816 4948 996 4999 veniet
1039 4958 1160 4998 cum
1216 4939 1526 4996 senioribus
1570 4941 1749 5010 populi
1794 4951 1852 4996 et
1887 4956 2010 4995 cum

434 5040 775 5110 principibus
830 5040 967 5108 ejus.
1004 5054 1024 5088 ι
1061 5036 1364 5089 Admodum
1411 5044 1818 5100 consentanee,
1860 5043 2013 5101 post-

434 5149 595 5203 quam
624 5134 854 5202 primum
887 5127 1193 5185 Salvatoris
1228 5129 1520 5181 adventum
1578 5140 1642 5180 ac
1703 5125 2009 5195 principum

435 5224 617 5296 populi
646 5225 983 5278 eversionem
1000 5221 1325 5275 vaticinatus
1352 5228 1470 5285 est,
1504 5219 1725 5272 secundi
1747 5219 2008 5271 adventus

420 5322 550 5390 vejus
571 5318 816 5373 notitiam
839 5316 1002 5371 tradit
1020 5314 1104 5369 his
1131 5313 1339 5367 verbis:
1369 5330 1386 5362 ι
1411 5311 1529 5379 Ipse
1546 5310 1804 5365 Dominus
1827 5310 2007 5365 veniet

504 5441 549 5470 "
579 5437 738 5491 Joan.
770 5451 883 5501 xu,
922 5435 1007 5489 l5.
1039 5434 1229 5489 Matth.
1272 5448 1443 5499 uvu,
1470 5433 1566 5497 25.

408 5546 417 5557 ⁸
506 5556 580 5671 (θξ
617 5553 749 5607 lline
772 5563 986 5622 quoque
1029 5549 1389 5671 hieronymus
1420 5554 1665 5621 quadam
1693 5556 1989 5623 excerpsit.

506 5628 557 5671 (Ω
623 5624 746 5671 “me.
796 5625 867 5671 lla
914 5630 1169 5671 exot'ttntt
1217 5620 1614 5671 lteronvmus:
1669 5643 1687 5671 ι
1730 5624 1989 5671 Lonnitnr

506 5556 560 5623 (8
617 5556 749 5607 lline
772 5563 986 5622 quoque
1032 5556 1389 5671 Ilierunyntus
1420 5556 1665 5621 quadam
1693 5556 1989 5623 excerpsit.

506 5556 580 5698 (9;
623 5624 746 5678 lla'c
796 5625 867 5677 ita
914 5630 1169 5699 exprtunt
1217 5620 1615 5699 lteronymus:
1669 5643 1687 5676 ι
1729 5624 1994 5693 Loquitur

432 5692 611 5753 autem
649 5710 823 5750 sermo
855 5692 1201 5757 propheticus
1233 5692 1671 5751 contra’Scribas
1717 5707 1771 5753 et
1812 5692 1991 5752 Pliari~

2117 4482 2355 4547 λοῦντες,
2391 4486 2723 4555 ἐμακάριζον
2755 4486 2954 4550 αύτούς
2975 4503 2991 4517 ·
3040 4491 3135 4542 καὶ
3165 4490 3566 4563 ἀποτρέποντες
3595 4496 3698 4566 τῆς

2118 4574 2333 4639 εὐθείας
2370 4575 2511 4639 ὁδοῦ,
2542 4576 2641 4646 τῆς
2670 4578 2910 4651 ἀγούσης
2954 4580 3048 4633 ἐπὶ
3090 4582 3181 4635 τὸν
3215 4584 3479 4656 σωτήριον
3515 4586 3694 4656 λόγον,

2116 4668 2429 4742 διέστρεφον
2453 4671 2631 4724 αὐτῶν
2662 4673 2731 4727 τά
2768 4673 2869 4744 τῆς
2894 4673 3073 4745 ψυχῆς
3107 4674 3348 4747 βήματα.

2195 4781 2213 4813 ι
2268 4762 2426 4815 Ἀλλά
2464 4763 2558 4816 νῦν
2587 4765 2987 4836 καταστήσεται
3018 4769 3099 4829 είς
3145 4767 3346 4839 κρίσιν,
3381 4769 3477 4822 καὶ
3507 4771 3694 4840 στήσει

2126 4855 2207 4916 είς
2250 4853 2428 4924 κρίσιν
2458 4855 2549 4908 τὸν
2580 4855 2707 4909 λαὸν
2738 4856 2936 4910 αὐτοῦ’
2971 4858 3134 4920 αὐτὸς
3162 4860 3367 4933 Κύριος
3392 4864 3470 4925 είς
3513 4862 3695 4933 κρίσιν

2118 4943 2237 5014 ἣξει
2271 4944 2408 5015 μετὰ
2439 4945 2548 4999 τῶν
2597 4947 2982 5020 πρεσϐυτέρων
3009 4949 3102 5003 τοῦ
3136 4950 3267 5005 λαοῦ
3298 4954 3389 5006 καὶ
3418 4953 3554 5023 μετά
3585 4952 3697 5007 τῶν

2117 5037 2391 5108 ἀρχόντων
2419 5038 2606 5091 αὑτοῦ.
2638 5059 2657 5090 ι
2684 5038 2895 5112 Σφόδρα
2922 5040 2979 5095 δέ
3006 5042 3316 5107 ἀκολούθως
3343 5044 3441 5116 τὴν
3474 5043 3697 5115 πρώτην

2116 5127 2209 5181 τοῦ
2243 5129 2491 5201 Σωτῆρος
2518 5131 2822 5199 παρουσίαν
2867 5132 3152 5199 θεσπίσας,
3182 5134 3279 5188 καὶ
3321 5135 3417 5207 τὴν
3445 5136 3552 5188 τῶν
3597 5137 3697 5206 ἀρ·

2116 5220 2315 5290 χόντων
2347 5222 2440 5275 τοῦ
2473 5222 2601 5276 λαοῦ
2643 5224 2992 5298 διαστροφὴν,
3018 5227 3132 5298 ,τῆς
3175 5226 3427 5298 δευτέρας
3459 5227 3697 5296 ἀφίξεως

2116 5312 2282 5366 αὐτοῦ
2312 5315 2647 5385 παραδίδωσι
2672 5318 2772 5389 τὴν
2798 5318 3023 5388 γνῶσιν,
3052 5318 3243 5387 λέγων’
3272 5319 3472 5383 «Αὐτὸς
3492 5321 3697 5390 Κύριος

2105 5574 2262 5622 satos,
2320 5561 2408 5629 qui
2466 5562 2643 5632 turpis
2694 5561 2826 5616 lucri
2860 5560 3053 5629 gratia,
3105 5568 3165 5613 ut
3209 5558 3518 5632 acciperent
3553 5558 3696 5613 deci-

2108 5647 2242 5695 mas,
2276 5650 2293 5685 ι
2328 5647 2458 5701 etc.,
2497 5631 2585 5689 ubi
2615 5636 2744 5689 item
2775 5648 2892 5702 qua:
2922 5631 3560 5700 subsequunturlegcsis.
