4068 6198
329 335 423 390 H3
1267 326 1779 382 COMMENTARIA
1822 327 1886 382 IN
1928 329 2179 385 ISAIAM.
2220 362 2285 372 —
2324 330 2476 387 CAP.
2519 331 2608 389 IV.

327 456 444 526 ἣξει
463 457 540 517 εἰς
565 451 753 524 κρίσιν.
783 469 798 499 ι
822 448 920 503 καὶ
951 449 1019 500 τὰ
1037 445 1180 516 ἑξῆς.
1214 466 1229 497 ι
1253 446 1442 517 Ὑμεῖς
1468 447 1524 500 δὲ
1548 447 1893 518 ἐνεπυρίσατε

2008 448 2061 503 in
2114 447 2399 518 judicium,
2442 470 2459 504 ι
2489 461 2594 505 ctc.
2629 472 2646 501 ι
2683 450 2789 506 Vos
2816 463 2996 510 autem
3022 456 3340 515 incendistis
3367 462 3574 519 vineam

330 548 422 599 τὴν
447 543 719 614 ἀμπελῶνά
766 559 894 611 μου,
959 539 1056 592 καὶ
1098 537 1320 608 ἁρπαγὴ
1346 537 1437 589 τοῦ
1461 537 1676 607 πτωχοῦ
1701 540 1758 590 ὲν
1789 539 1899 599 τοῖς

338 639 498 698 οἴκοις
528 635 677 705 ὑμῶν.
709 653 728 684 ι
771 632 881 694 Οὓς
914 630 990 693 ὡς
1022 630 1410 699 παραστάντας
1451 629 1530 699 τῷ
1558 628 1651 682 τοῦ
1694 628 1897 700 Κυρίου

346 728 526 797 βήματι
572 725 1015 794 καταμέμφεται,
1079 721 1173 773 καὶ
1227 721 1305 782 εἰς
1357 721 1649 791 πρόσωπον
1703 719 1898 784 αὐτοὺς

345 819 623 889 ἀπεὶέγχεν
677 818 807 871 λαὸν
844 816 901 869 δὲ
941 814 1106 868 αὑτοῦ
1145 813 1428 878 ἀποκαλεῖ,
1473 815 1565 866 καὶ
1606 814 1899 884 ἀμπελῶνα

346 909 484 963 αὑτοῦ
510 907 1013 980 ἐμπεπυρισμένον,
1045 908 1172 971 τοὺς
1213 905 1354 960 κατά
1404 907 1761 978 συναρπαγὴν
1804 908 1897 960 καὶ

338 1002 635 1076 διαστροφὴν
670 1004 782 1056 τῶν
815 1001 1152 1056 διδασκάλων
1193 1001 1602 1073 ἠπατημένους,
1637 1001 1730 1065 οὓς
1765 1004 1897 1057 ἀνα-

333 1095 638 1167 καλούμενος
666 1096 778 1150 καὶ.
805 1095 944 1166 πρὸς
969 1093 1159 1147 ἑαυτὸν
1203 1093 1566 1165 ἐπιστρέφων,
1601 1093 1898 1166 ἀποτρέπει

328 1186 415 1256 τῆς
441 1186 541 1239 τῶν
567 1186 980 1258 πφλεχθὲντων
1010 1183 1333 1254 διαστρόφου
1361 1182 1728 1246 διδασκαλίας.

395 1298 411 1329 ι
448 1279 509 1330 Τί
536 1280 698 1349 ὑμεῖς
745 1277 985 1331 ἀδικεῖτε
1025 1275 1118 1329 τὸν
1164 1275 1295 1328 λαόν
1331 1293 1456 1346 μου,
1511 1276 1603 1328 καὶ
1640 1275 1700 1328 τὸ
1734 1275 1900 1348 πρόσ-

326 1385 461 1422 ωπον
494 1368 595 1422 τῶν
644 1369 880 1439 πτωχῶν
909 1367 1334 1437 tutam-rivers;
1370 1386 1387 1419 ι
1428 1366 1588 1430 Ἐθος
1621 1370 1735 1430 τοῖς
1777 1365 1897 1421 ἀδι-

329 1460 472 1513 κοῦσι
520 1463 611 1514 καὶ
648 1459 1072 1530 ἀποστεροῦσιν,
1109 1459 1328 1513 ἐπειδὰν
1365 1458 1719 1528 ἐγκαλοῦνται
1749 1460 1900 1532 παρά

328 1549 426 1601 τῶν
457 1549 816 1622 ⁴ἓβικημλ-Ξνων,
851 1549 1043 1619 ὕϐρεσι
1075 1550 1168 1603 καὶ
1201 1549 1492 1621 λοιδορίαις
1519 1549 1899 1620 καταισχύνειν

333 1643 535 1706 αὐτοὺς,
556 1642 979 1708 ὲξευτελίξοντες
997 1642 1088 1694 καὶ
1109 1642 1320 1711 πληγὰς
1337 1641 1706 1706 ἀπειλοῦντες.
1729 1643 1899 1696 Τοῦτο

335 1731 423 1786 οὖν
458 1751 604 1804 φησι,
648 1735 759 1804 Τὴν
799 1736 929 1805 ὑμῖν
982 1735 1365 1806 προσήκουσαν
1415 1735 1480 1787 ὲκ
1529 1733 1628 1805 τῆς
1685 1735 1898 1799 ἀδικίας

2003 555 2205 604 meam,
2240 552 2294 596 et
2357 543 2546 610 rapina
2599 546 2853 614 pauperis
2904 547 2958 600 in
3008 549 3259 606 domibus
3306 555 3520 608 vestris.
3553 575 3573 608 ι

2010 631 2156 698 Quos
2213 643 2271 686 ut
2332 633 2586 689 tribunali
2647 636 2854 691 Domini
2908 649 3157 695 astantes
3205 641 3472 714 objurgat,
3524 657 3579 703 ct

2005 726 2150 794 ipsos
2203 740 2386 780 coram
2451 729 2720 797 coarguit.
2773 729 3033 799 Populum
3092 743 3271 788 autem
3317 752 3472 804 suum
3525 752 3579 794 et

2002 818 2217 871 vineam
2256 833 2408 873 suam
2450 819 2736 874 incensam
2767 833 2920 876 vocat
2951 838 3065 887 eos,
3094 825 3186 894 qui
3214 841 3282 881 cx
3313 831 3495 898 rapina
3525 843 3581 886 et

2003 909 2362 979 perversitate
2399 911 2677 966 doctorum
2723 911 2932 982 decepti
2974 924 3101 968 sunt
3131 931 3146 968 :
3173 932 3307 986 quos
3343 933 3578 975 evocans

2001 1011 2052 1057 et
2075 1003 2140 1056 ad
2172 1017 2232 1058 se
2270 1005 2570 1070 reducens,
2605 1018 2633 1056 a
2670 1020 2928 1074 perversa
2953 1019 3372 1064 memoratarum
3400 1013 3578 1066 homi-

2003 1109 2133 1148 num
2165 1094 2410 1149 doctrina
2439 1094 2661 1149 avertit.

2080 1274 2368 1332 VERS.15.
2423 1295 2440 1328 ι
2479 1276 2616 1343 Quid
2662 1293 2758 1334 vos
2812 1277 3006 1346 injuria
3063 1282 3272 1337 alii-citis
3326 1287 3578 1356 populum

2001 1382 2202 1432 meum,
2221 1379 2274 1422 et
2295 1369 2498 1422 vultum
2518 1385 2811 1440 pauperum
2828 1373 3244 1430 confunditis?»
3270 1376 3387 1432 Mos
3405 1390 3487 1433 est
3513 1381 3579 1434 iis

2004 1465 2095 1532 qui
2129 1463 2381 1531 injuriam
2423 1465 2660 1519 inferunt
2702 1476 2756 1521 et
2786 1467 3082 1538 abripiunt,
3115 1479 3174 1524 ut
3213 1487 3333 1528 cum
3367 1489 3394 1526 a
3438 1474 3580 1532 laesis

2003 1556 2434 1625 expostulantur,
2483 1559 2826 1614 contumeliis
2869 1569 2923 1614 et
2960 1563 3222 1617 conviciis
3273 1565 3416 1634 ipsos
3443 1581 3580 1620 con-

2001 1645 2281 1710 fundant,
2342 1648 2736 1716 vilipendentes
2799 1665 2863 1704 ac
2923 1651 3110 1721 plagas
3159 1656 3579 1710 comminantes.

2004 1736 2116 1791 lloc
2145 1738 2318 1808 igitur
2352 1740 2458 1803 ait,
2502 1739 2899 1809 Congruenlem
2934 1744 3084 1798 vobis
3111 1760 3175 1800 cx
3209 1746 3352 1800 illata
3384 1748 3577 1817 injuria

343 1827 589 1897 αἰσχύνην
617 1829 840 1899 ταύτην,
871 1830 934 1881 ὲκ
957 1828 1058 1900 τῆς
1088 1828 1405 1901 τυραννίδος
1433 1828 1593 1900 ὑμῶν
1612 1832 1724 1893 τοῖς
1753 1847 1893 1884 πτω-

2001 1831 2288 1898 pudorem,
2320 1830 2604 1900 tyrannica
2652 1831 2706 1890 vi
2731 1841 2965 1899 utentes,
3008 1835 3063 1888 in
3093 1850 3361 1906 pauperes
3397 1839 3580 1892 refun-

347 1926 457 1993 χοίς
496 1922 860 1994 περιτρέπετε.

428 2033 444 2065 ι
476 2015 604 2068 Τάδε
630 2015 777 2083 λέγει
811 2014 1022 2086 Κύριος·
1063 2007 1292 2069 Ἀνθ’ὧν
1319 2012 1611 2085 ὑψώθησαν
1646 2013 1702 2067 αἱ
1733 2013 1897 2083 θυγα-

351 2103 499 2173 τέρες
530 2105 681 2167 Σιὼν,
727 2104 818 2158 καὶ
846 2102 1210 2175 ἐπορεύθησαν
1253 2103 1444 2175 ὑψηλῷ
1488 2103 1765 2176 τραχήλῳ,
1803 2104 1896 2160 καὶ

343 2199 402 2250 ἐν
438 2198 686 2267 νεύμασιν
727 2197 1028 2268 ὀφθαλμῶν,
1066 2199 1159 2252 καὶ
1203 2200 1271 2269 τῇ
1313 2197 1512 2269 πορείᾳ.
1555 2197 1661 2251 τῶν
1701 2197 1893 2263 ποδῶν,

332 2292 440 2362 ἅμα
485 2291 740 2364 σύρουσαι
791 2293 916 2355 τοὺς
962 2291 1220 2363 χιτῶνας,
1267 2291 1361 2345 καὶ
1402 2294 1514 2354 τοῖς
1567 2291 1725 2345 ποσὶν
1779 2290 1896 2362 ἅμα

327 2389 632 2453 παίζουσαι·
668 2390 763 2442 καὶ
805 2388 1136 2443 ταπεινώσει
1167 2387 1372 2461 Κύριος
1404 2389 1432 2440 ὁ
1466 2387 1598 2450 Θεὸς
1623 2386 1895 2460 ἀρχούσας

320 2481 616 2554 θυγατέρας
654 2480 814 2542 Σιὼν,
847 2483 942 2535 καὶ
979 2481 1182 2553 Κύριος
1221 2478 1565 2549 ἀποκαλύψει
1607 2479 1668 2532 τὸ
1710 2479 1897 2551 σχῆμα

318 2575 504 2628 αὐτῶν.
539 2593 558 2626 ι
600 2573 837 2628 Δύναται
864 2574 921 2626 δὲ
954 2572 1127 2627 ταῦτα
1158 2574 1231 2645 μὴ
1263 2574 1391 2644 περὶ
1419 2571 1596 2643 μόνων
1619 2571 1894 2642 γυναικῶν

315 2665 581 2736 λέγεσθαι,
610 2665 750 2720 ἀλλά
794 2667 891 2720 καὶ
929 2667 1059 2737 περί
1084 2666 1270 2737 ψυχῶν
1303 2664 1518 2736 χαύνων
1548 2667 1642 2719 καὶ
1668 2665 1895 2738 τεθηλυ-

314 2761 506 2832 μένων.

856 2849 1154 2902 ΚΕΦΑΔΑΙ
1162 2850 1252 2902 ΟΝ
1287 2853 1359 2903 Δν.

389 2964 409 2996 ι
443 2947 556 2998 Καὶ
598 2944 955 3016 ἐπιλήψονται
989 2945 1129 2996 ἑπτὰ
1165 2946 1423 3012 γυναῖκες
1452 2943 1739 3014 ἀνθρώπου
1776 2941 1898 3007 ἐνὸς

312 3037 590 3107 λέγουσαι·
617 3039 718 3091 Τὸν
754 3039 919 3110 ἄρτον
947 3036 1104 3108 ἡμῶν
1143 3037 1453 3110 φαγόμεθα,
1481 3036 1576 3091 καὶ
1599 3036 1669 3090 τὰ
1703 3036 1895 3107 ἱμάτια

311 3131 475 3202 ἡμῶν
508 3130 962 3202 περιδαλούμεθαο
1004 3130 1141 3202 πλὴν
1166 3132 1227 3184 τὸ
1269 3133 1438 3203 ὄνομα
1469 3131 1532 3185 τὸ
1576 3131 1666 3184 σὺν
1693 3130 1894 3201 κεκλή-

313 3221 434 3275 σθω
466 3220 552 3289 ἐφ’
580 3222 738 3290 ἡμᾶς.
767 3240 786 3272 ι
820 3219 914 3292 Μὴ
947 3219 1056 3292 γὰρ
1081 3221 1248 3275 ὲνδεῖν
1268 3239 1321 3274 τι
1346 3221 1537 3284 αὑταῖς
1579 3220 1612 3291 ἢ
1648 3219 1806 3291 μόνον
1832 3220 1894 3272 τὸ

308 3312 480 3368 αὐτοῦ
523 3313 710 3384 ὄνομα,
753 3313 847 3367 καὶ
880 3313 1056 3368 δοκεῖν
1095 3313 1239 3386 ἔχειν
1277 3315 1372 3368 τὸν
1419 3312 1757 3385 προεστῶτα.
1805 3313 1897 3367 Διὸ

303 3403 382 3466 ὡς
407 3405 548 3476 πρὸς
587 3404 814 3458 σπάνιόν
845 3421 970 3458 τινα
1009 3405 1219 3472 τοῦτον,
1249 3405 1359 3459 τῶν
1392 3404 1603 3459 πολλῶν
1631 3404 1897 3460 ἀπολωλό-

302 3514 434 3562 των,
460 3497 598 3566 φασὶ
632 3496 768 3568 πρὸς
796 3496 958 3550 αὐτόν
977 3512 990 3526 ο
1025 3515 1043 3549 ι
1090 3497 1235 3568 Πλὴν
1281 3497 1342 3550 τὸ
1371 3496 1542 3569 ὄνομά
1585 3514 1678 3550 σου
1707 3496 1896 3569 κεκλή-

300 3587 421 3640 σθω
453 3589 542 3658 ἐφ’
574 3589 747 3659 ἡμᾶς,
784 3607 804 3640 ι
852 3587 948 3642 καί
987 3587 1054 3641 τὰ
1079 3587 1227 3660 ἑξῆς.

388 3790 408 3823 ι
450 3772 529 3842 Τῇ
559 3771 616 3825 δὲ
646 3771 835 3844 ἡμέρᾳ
859 3772 1042 3846 ἐκείνῃ
1068 3771 1363 3844 ἐπιλάμψει
1408 3774 1436 3825 ὁ
1472 3772 1602 3838 Θεὸς
1641 3774 1699 3826 ὲν
1730 3772 1890 3844 βουλῇ

303 3860 461 3934 μετὰ
481 3861 633 3933 6657‘;
665 3863 759 3915 ἐπὶ
786 3865 885 3934 τῆς
913 3863 1033 3933 γῆς,
1068 3860 1162 3916 τοῦ
1199 3862 1415 3932 ὑψῶσαι
1443 3864 1536 3916 καὶ
1563 3863 1783 3930 δοξάσαι
1828 3862 1893 3916 τὸ

293 3952 672 4022 καταλειφθὲν
706 3952 799 4007 τοῦ
853 3953 1091 4025 Ἰσραήλ.
1151 3954 1261 4007 Καὶ
1296 3952 1449 4006 ἔσται
1484 3954 1544 4006 τὸ
1573 3952 1892 4022 ὑπολειφθὲν

292 4048 364 4097 ἐν
398 4043 562 4111 Σιὼν,
589 4044 685 4098 καὶ
706 4045 768 4097 τὸ
795 4043 1150 4112 καταλειφθὲν
1185 4045 1241 4097 ὲν
1284 4043 1658 4116 Ἰερουσαλὴμ,
1688 4044 1737 4098 οἳ
1771 4042 1894 4115 κλη-

291 4138 567 4208 θήσονται
608 4139 827 4202 πάντες,
870 4139 919 4190 oi
948 4137 1248 4209 γραφέντες
1293 4139 1374 4201 είς
1411 4136 1553 4209 ζωὴν
1595 4138 1652 4190 ὲν
1704 4137 1892 4209 Ἰερου-

291 4230 517 4300 σαλήμ.
551 4249 571 4281 ι
607 4231 717 4284 Καὶ
741 4230 888 4284 ἐστιν
911 4229 1054 4301 ἔργῳ
1079 4229 1413 4303 παραλαϐεῖν
1435 4231 1581 4294 ὅπως
1614 4231 1660 4284 οἱ
1686 4230 1890 4301 πρῶτοι

284 4327 365 4378 ὲκ
387 4322 490 4376 τοῦ
531 4323 748 4395 Ἰσραὴλ
785 4326 865 4388 εἰς
899 4323 990 4377 τὸν
1021 4324 1256 4397 Χριστὸν
1290 4322 1734 4387 πεπιστευκότες,
1763 4324 1892 4376 ἀπό-

287 4416 506 4477 στολοι,
537 4415 635 4469 καὶ
661 4415 922 4487 μαθηταὶ,
948 4417 1042 4470 καὶ
1080 4415 1465 4486 εὐαγγελισταὶ
1493 4413 1586 4468 τοῦ
1614 4414 1887 4487 Σωτῆρος,

2004 1921 2153 1974 ditis.

2073 2014 2236 2067 Vens.
2285 2011 2466 2077 16,17.
2502 2032 2522 2065 ‹
2559 2011 2685 2069 llaec
2711 2013 2842 2069 dicit
2866 2015 3123 2070 Dominus
3165 2016 3316 2072 :Pro
3343 2033 3409 2074 eo
3435 2023 3577 2088 quod

1999 2103 2226 2159 elevatae
2281 2115 2408 2160 sunt
2451 2105 2578 2162 filia:
2620 2105 2781 2174 Sion,
2830 2118 2886 2163 et
2935 2107 3350 2166 ambulaverunt
3395 2123 3579 2166 erecto

1999 2195 2160 2260 collo,
2189 2206 2244 2252 et
2272 2196 2494 2252 nutibus
2526 2197 2833 2264 oculorum,
2868 2209 2924 2256 et
2959 2215 3147 2270 gressu
3191 2203 3386 2273 pedum
3415 2204 3578 2259 simul

2003 2290 2280 2344 trahentes
2324 2289 2558 2354 tunicas,
2605 2296 2659 2343 et
2710 2289 2940 2359 pedibus
2985 2291 3150 2346 simul
3191 2292 3438 2350 ludentes
3478 2303 3580 2351 τοι

2005 2379 2316 2436 humiliabit
2391 2381 2659 2436 Dominus
2719 2381 2866 2438 Deus
2927 2383 3291 2454 principatum
3354 2397 3576 2458 agentes

1999 2473 2140 2528 ﬁlias
2177 2473 2330 2538 Sion,
2369 2483 2425 2528 et
2465 2474 2722 2529 Dominus
2750 2474 3009 2530 revelabit
3040 2478 3281 2532 habitum
3313 2493 3521 2535 earum.
3549 2500 3570 2535 ι

1939 2573 1945 2579 “
2004 2565 2238 2621 Possunt
2289 2567 2404 2620 haec
2459 2582 2565 2622 non
2596 2567 2663 2624 de
2706 2569 3024 2623 mulieribus
3076 2579 3303 2634 tantum,
3363 2574 3454 2628 sed
3509 2576 3576 2628 de

2001 2659 2253 2714 mollibus
2306 2659 2469 2714 etiam
2528 2669 2586 2715 et
2675 2661 3003 2716 eﬂeminatis
3068 2664 3354 2720 animabus
3429 2665 3572 2721 dicta

1998 2749 2023 2804 Ι“
2024 2751 2186 2806 uisse.

2599 2842 2831 2898 CAPUT
2879 2843 2969 2900 IV.

2071 2934 2238 2993 νεκε.
2292 2936 2346 2990 1.
2403 2955 2422 2988 ι
2475 2935 2538 2990 Ει
2597 2936 3009 3007 apprebemlent
3057 2947 3262 3009 septem
3315 2940 3574 2996 mulieres

1999 3028 2272 3084 hominem
2323 3044 2512 3097 unum,
2569 3030 2834 3097 dicentes,
2883 3029 3080 3086 Panem
3138 3042 3380 3088 nostrum
3422 3050 3576 3102 man-

1998 3124 2364 3190 dueabimus,
2433 3134 2490 3180 et
2545 3125 2891 3181 vestimentis
2963 3127 3163 3182 nostris
3217 3130 3572 3198 operiemur:

1999 3227 2254 3271 caeterum
2292 3232 2488 3271 nomen
2529 3227 2675 3271 tuum
2728 3228 2955 3273 vocetur
3003 3236 3167 3289 super
3222 3237 3340 3277 nos.
3381 3243 3399 3275 ι
3431 3223 3572 3280 Nihil

1996 3310 2140 3365 enim
2182 3310 2334 3364 aiunt
2373 3310 2560 3364 deesse
2609 3309 2738 3373 sibi,
2779 3309 2885 3364 nisi
2927 3327 3120 3366 nomen
3170 3311 3290 3381 ejus
3335 3323 3572 3370 tantum-

1997 3400 2174 3463 modo,
2213 3409 2272 3455 et
2323 3408 2382 3454 ut
2432 3408 2720 3468 patronum
2775 3400 2976 3458 habere
3019 3404 3326 3462 videantur.
3371 3408 3575 3475 Quam-

1994 3491 2181 3546 obrem
2221 3504 2367 3554 eum,
2405 3498 2595 3557 utpote
2630 3492 2747 3561 qui,
2783 3492 2965 3547 multis
2993 3494 3044 3548 in
3083 3497 3377 3564 perniciem
3409 3501 3571 3568 dalis,

1994 3595 2251 3653 perrarus
2283 3580 2356 3636 sit
2388 3580 2631 3646 relictus,
2689 3582 2770 3638 sic
2822 3582 3190 3653 alloquuntur,
3245 3607 3264 3640 ι
3305 3589 3570 3648 Caeterum

1995 3689 2194 3730 nomen
2224 3683 2372 3729 tuutn
2404 3682 2627 3728 vocetur
2655 3687 2818 3743 super
2848 3689 2965 3738 nos,
3005 3694 3025 3730 ι
3055 3685 3110 3732 et
3139 3687 3356 3735 CIBle3.

2065 3768 2228 3824 VERS.
2258 3767 2316 3833 Ξ,
2345 3769 2397 3822 5.
2437 3787 2455 3819 ι
2489 3767 2543 3823 ιιι
2573 3767 2659 3821 die
2684 3767 2771 3822 illa
2813 3769 3052 3826 illncebit
3079 3773 3216 3828 neiis
3243 3772 3296 3826 in
3341 3753 3574 3830 consilio

1993 3876 2116 3917 cum
2148 3861 2319 3930 gloria
2355 3876 2520 3932 super
2551 3870 2776 3928 terram,
2803 3862 2870 3918 ad
2894 3863 3250 3920 exaltandum
3274 3875 3331 3922 et
3365 3867 3572 3938 glorili-

1991 3955 2224 4010 candum
2287 3955 2430 4025 quod
2494 3955 2812 4010 derelictum
2867 3964 2953 4011 est
3008 3971 3074 4011 ex
3136 3955 3320 4014 Israel.
3364 3959 3430 4013 Et
3467 3960 3572 4015 erit

1992 4049 2136 4120 quod
2169 4048 2420 4104 relictum
2444 4060 2527 4102 est
2559 4049 2611 4103 in
2643 4050 2796 4116 Sion,
2842 4058 2898 4104 et
2940 4054 3086 4121 quod
3125 4053 3372 4107 relictum
3402 4053 3453 4106 in
3481 4052 3572 4107 Je-

1993 4140 2251 4204 rusalem,
2284 4141 2374 4210 qui
2412 4142 2753 4196 vocabuntur
2774 4156 2989 4209 omnes,
3025 4144 3115 4213 qui
3145 4145 3334 4215 scripti
3363 4153 3487 4199 sunt
3513 4146 3565 4199 in

1991 4232 2099 4285 vita
2133 4230 2186 4284 in
2229 4229 2556 4285 Jerusalem.
2589 4249 2611 4285 ι
2656 4230 2810 4287 Licet
2839 4243 3018 4287 autem
3065 4234 3182 4304 ipso
3226 4249 3389 4304 opere
3443 4249 3568 4304 per—

1990 4325 2226 4394 spicere,
2286 4323 2556 4392 quomodo
2605 4323 2764 4392 primi
2809 4338 2874 4378 ex
2909 4323 3134 4390 lsraele,
3161 4327 3251 4395 qui
3307 4327 3356 4379 in
3411 4325 3569 4379 (Zbri-

1990 4428 2132 4472 stum
2164 4415 2532 4480 crediderunt,
2560 4415 2814 4485 apostoli,
2846 4417 3096 4486 discipuli
3131 4429 3186 4472 et
3215 4416 3568 4480 evangelista:

285 4507 606 4578 «meum
651 4509 746 4562 καὶ
776 4507 1162 4579 ὲδοξάσθησαν,
1214 4506 1290 4571 ὡς
1325 4505 1600 4577 πανταχοῦ
1647 4505 1750 4576 γῆς
1795 4506 1890 4560 καὶ

1996 4507 2320 4573 Servatoris,
2379 4506 2601 4562 exaltati
2642 4519 2697 4562 et
2734 4507 2907 4576 gloria
2945 4509 3124 4564 aﬂecti
3177 4509 3328 4574 sint,
3389 4509 3462 4563 ita
3509 4519 3568 4562 ut

289 4599 426 4654 καθ’
457 4599 590 4670 ὅλης
614 4599 710 4669 τῆς
735 4599 1060 4670 οίκουμένης
1080 4601 1367 4669 ἐπιφανεῖς
1396 4598 1596 4660 αὐτοὺς
1614 4597 1884 4666 γενέσθαιο

1992 4600 2188 4670 ubique
2236 4609 2505 4654 terrarum
2534 4612 2599 4652 ac
2624 4612 2722 4668 per
2763 4599 3070 4655 universum
3113 4600 3300 4654 orbem
3353 4598 3567 4670 conspi-

287 4693 396 4744 καὶ
429 4691 604 4744 εἰσέτι
636 4692 730 4744 καὶ
759 4690 855 4745 νῦν
890 4691 1040 4762 παρὰ
1074 4693 1206 4745 πᾶσι
1238 4693 1350 4754 τοῖς
1379 4688 1614 4752 ἔθνεσιν,
1665 4689 1890 4760 Ἕλλησί

1996 4694 2075 4748 cui
2109 4693 2449 4747 evaderent:
2485 4701 2541 4746 ct
2574 4692 2641 4747 ad
2682 4692 2788 4748 hoc
2825 4707 2994 4762 usque
3039 4703 3252 4763 tempus
3282 4693 3424 4760 apud
3449 4706 3567 4746 orn-

283 4801 356 4836 τε
389 4784 495 4837 καὶ
527 4781 842 4856 βαρϐάροις,
864 4783 1182 4848 δοξάζεσθαι
1209 4782 1390 4836 αὐτῶν
1413 4784 1506 4836 καὶ
1528 4780 1765 4854 τοῦνομα
1796 4783 1890 4836 καὶ

1996 4802 2084 4842 nes
2124 4797 2334 4857 gentes,
2370 4796 2480 4840 tam
2505 4785 2727 4841 Graecas
2763 4801 2925 4858 quam
2959 4785 3245 4851 barbaras,
3279 4799 3474 4839 nomen
3513 4795 3569 4838 et

282 4877 394 4947 τὴν
422 4877 799 4930 διδασκαλίαν.
833 4877 1003 4932 Μόνοι
1037 4873 1129 4931 οὖν
1171 4869 1317 4930 οὗτοι
1351 4876 1496 4945 ἆγιοι
1527 4875 1887 4947 κληθήσονται

1996 4875 2231 4932 doctrina
2262 4891 2453 4931 eorum
2495 4876 2831 4933 celebretur.
2867 4877 2932 4931 lli
2961 4891 3094 4942 ergo
3124 4875 3229 4930 soli
3279 4878 3452 4930 sanctl
3474 4889 3569 4930 vo-

276 4971 340 5021 οἱ
371 4967 813 5033 καταξιωθέντες
835 4969 1112 5041 γραφῆναι
1138 4969 1219 5032 είς
1244 4969 1344 5040 τὴν
1373 4967 1588 5022 αίώνιον
1618 4965 1763 5037 ζωὴν
1785 4967 1884 5038 τῆς

277 5062 625 5134 ἐπουρανίου
680 5063 1056 5136 Ἰερουσαλήμ.
1105 5064 1216 5116 Καὶ
1249 5060 1459 5123 τούτοις
1507 5059 1754 5130 παράθες
1786 5058 1880 5112 τοῦ

275 5157 554 5229 Σωτῆρος
605 5155 760 5228 ἡμῶν
797 5155 896 5226 τὴν
947 5156 1083 5228 πρὸς
1126 5156 1254 5220 τοὺς
1308 5151 1638 5217 ἀποστόλους
1675 5150 1877 5224 φωνὴν,

272 5249 355 5302 δι’
388 5245 466 5321 ἧς
497 5253 737 5322 εἴρηται,
762 5269 780 5303 ι
808 5251 928 5306 Ὅτι
957 5250 1029 5309 τὰ
1075 5251 1317 5324 ὀνόματα
1363 5246 1514 5319 ὑμῶν
1558 5245 1772 5318 ἐγράφη
1822 5246 1879 5300 έν

270 5346 402 5408 τοῖς
438 5343 713 5414 οὐρανοῖς.
745 5361 764 5396 ι

359 5453 382 5486 ι
428 5437 563 5488 Ὅτι
584 5435 842 5489 ὲκπλυνεῖ
862 5434 1064 5507 Κύριος
1085 5434 1176 5490 τὸν
1199 5433 1368 5504 ῥύπον
1389 5449 1496 5486 των
1514 5431 1644 5485 υἱῶν
1664 5431 1757 5485 καὶ
1777 5437 1882 5488 των

273 5526 616 5599 Θυχατέρων
640 5527 804 5591 Σιὼν,
833 5529 927 5581 καὶ
939 5528 1000 5582 τὸ
1019 5521 1161 5598 αἷμα
1191 5525 1548 5596 Ἰερουσαλὴμ
1567 5521 1885 5594 ἐκκαθαριεῖ

269 5621 346 5675 ἐκ
380 5621 559 5692 μέσου
594 5619 778 5676 αὐτῶν
813 5622 871 5674 ἐν
917 5619 1184 5692 πνεύματι
1218 5619 1450 5691 κρίσεως
1485 5618 1576 5673 καὶ
1615 5615 1881 5688 πνεύματι

363 5803 416 5836 ’³
444 5801 576 5857 Luc.
607 5819 662 5866 κ,
697 5803 790 5856 ‘20.

1992 4966 2285 5030 canuntur,
2313 4967 2405 5034 qui
2439 4965 2591 5034 digni
2617 4965 2788 5022 habiti
2822 4972 2949 5020 sunt
3001 4975 3063 5017 ut
3100 4964 3468 5019 scriberentur
3513 4961 3566 5017 in

1989 5067 2191 5112 aeterna
2246 5059 2356 5111 vita
2420 5057 2660 5114 caelestis
2707 5055 3027 5112 Jerusalem.
3077 5054 3171 5111 llis
3227 5069 3390 5125 porro
3430 5054 3569 5110 adde

1990 5145 2290 5202 Salvatoris
2322 5149 2490 5204 nostri
2519 5162 2707 5202 vocem
2747 5148 2814 5201 ad
2847 5145 3126 5216 apostolos
3151 5146 3425 5220 emissam,
3461 5162 3563 5216 qua

1991 5239 2215 5306 dicitur,
2272 5259 2291 5293 ι
2325 5241 2458 5308 Quia
2483 5240 2697 5296 nomina
2743 5249 2921 5296 vestra
2961 5238 3162 5308 scripta
3201 5249 3328 5295 sunt
3369 5239 3420 5294 in
3455 5255 3591 5301 εωο,

1985 5331 2052 5388 lis
2080 5332 2143 5386 ”.
2172 5351 2189 5385 ι

2066 5425 2236 5483 Vens.
2274 5427 2393 5484 5.6.
2440 5446 2459 5480 ι
2490 5425 2626 5495 Quia
2671 5426 2857 5482 abluet
2899 5425 3158 5482 Dominus
3205 5395 3394 5482 sordes
3427 5425 3563 5480 lilio~

1995 5539 2114 5580 rum
2147 5534 2202 5580 et
2232 5523 2470 5580 ﬁliarum
2503 5523 2656 5592 Sion,
2679 5532 2732 5578 et
2757 5521 3078 5592 sanguinem
3110 5520 3412 5578 Jerusalem
3442 5536 3563 5591 pur-

2002 5614 2149 5686 gabit
2183 5631 2248 5672 cx
2280 5615 2458 5672 medio
2491 5629 2678 5676 eorum
2735 5613 2791 5672 in
2820 5615 3013 5688 spiritu
3051 5611 3241 5685 judicii
3280 5623 3336 5669 et
3368 5610 3561 5684 spirits
