4068 6198
512 357 613 416 115

1172 342 1443 413 ΕΠΞΕἙΠ
1481 353 1960 414 CESARIENSiS
1998 355 2149 414 OPP.
2189 356 2372 412 PARS
2407 356 2498 411 III.
2537 387 2603 396 —
2642 353 3052 412 EXEGETICA.

3644 360 3739 412 illi

513 459 944 558 combustionis..
961 475 1029 530 Et
1053 474 1250 542 veniet,
1279 486 1334 530 et
1361 477 1469 531 erit
1502 487 1644 532 totus
1683 477 1841 533 locus
1874 478 2076 534 montis

2199 477 2444 539 ιαύσεως.
2481 473 2589 528 Καὶ
2617 474 2756 544 ἥξει,
2812 473 2907 526 καὶ
2943 472 3094 524 ἔσται
3126 471 3232 533 πᾶς
3281 470 3444 532 τόπος
3476 468 3569 521 τοῦ
3599 468 3745 540 ὅρους

515 564 745 628 Sion,et
777 568 960 641 omnia
988 578 1108 634 qua:
1141 563 1193 617 in
1239 564 1468 618 circuitu
1517 564 1633 634 ejus
1686 573 1831 632 sunt,
1879 567 2074 619 nebula

511 657 619 712 diei
649 657 1020 722 obumbrabit,
1063 666 1118 712 et
1141 658 1294 728 quasi
1343 656 1513 721 fumo,
1575 667 1629 713 et
1683 659 1833 728 quasi
1877 659 2080 712 lumine

515 760 676 804 noctu
707 751 951 812 ardente,
981 749 1130 804 omni
1176 749 1346 816 gloria
1398 749 1702 820 obtegetur.
1768 749 1830 805 Et
1881 752 1990 805 erit
2029 753 2081 804 in

512 842 761 896 umbram
797 842 864 895 ab
893 851 1049 904 aestu,
1087 850 1141 896 et
1169 841 1220 894 in
1249 841 1638 910 protectionem
1690 851 1742 895 et
1769 841 2085 898 absconsio-

513 947 633 986 nem
679 947 708 985 a
737 932 934 986 duritie
967 943 1021 986 et
1046 933 1245 1002 pluvia.
1278 950 1296 982 ι
1341 931 1640 984 Lavacrum
1702 932 2082 1002 regeneratio-

517 1024 623 1086 nis,
669 1024 814 1092 quod
863 1023 1015 1090 prius
1063 1021 1374 1076 declarabat
1437 1023 1521 1076 his
1585 1022 1787 1087 verbis,
1841 1040 1859 1074 ι
1913 1021 2085 1076 Lava-

516 1112 674 1178 inini,
699 1113 884 1167 mundi
915 1121 1112 1176 estote,
1140 1130 1160 1163 ι
1192 1113 1357 1166 etiam
1389 1129 1532 1166 nunc
1559 1123 1742 1181 aperte
1774 1112 2080 1183 pollicetur.

519 1203 642 1259 Haec
670 1220 832 1275 porro
863 1205 993 1258 dicit
1021 1205 1087 1259 de
1115 1205 1202 1269 iis,
1235 1206 1326 1274 qui
1366 1221 1490 1260 cum
1519 1207 1682 1262 caedis
1713 1206 1912 1261 Christi
1956 1223 2084 1277 par-

519 1297 715 1364 ticipes
747 1295 997 1360 fuissent,
1053 1311 1152 1350 nec
1189 1296 1418 1350 multum
1486 1307 1672 1366 postea
1724 1297 2085 1366 resipuerunt,

518 1399 576 1441 et
603 1387 952 1456 Evangelium
991 1388 1162 1458 ipsius
1196 1400 1552 1456 agnoverunt.
1599 1389 1734 1443 Hinc
1769 1391 1833 1444 de
1875 1389 2087 1443 ﬁliabus

518 1481 647 1536 Sion
685 1483 811 1550 agit,
842 1497 960 1550 qua:
1008 1482 1057 1534 in
1092 1481 1357 1550 superiori
1415 1482 1653 1537 clausula
1700 1483 2089 1537 incusabantur

519 1573 605 1627 his
630 1574 810 1627 verbis
836 1595 848 1628 :
883 1593 900 1624 ι
937 1574 1070 1639 Quia
1098 1573 1346 1632 exaltatzr
1373 1573 1798 1638 suntfilia-Sion,
1827 1583 1878 1627 et
1904 1583 2086 1628 erecta

517 1665 728 1720 cervice
779 1665 1165 1728 incedebant,»
1212 1678 1266 1720 et
1315 1675 1530 1720 cetera.
1569 1666 1903 1735 Sanguinem
1961 1679 2088 1719 vero

2185 566 2346 630 Σιὼν,
2370 565 2462 617 καὶ
2495 564 2671 617 πάντα
2700 564 2768 616 τὰ
2796 561 3105 633 περικύκλῳ
3133 560 3302 630 αὐτῆς
3331 559 3542 612 σκιάσει
3565 558 3748 629 νεφέλη

2185 658 2414 729 ἡμέρας,
2438 655 2533 708 καὶ
2563 655 2636 718 ὡς
2676 653 2905 717 καπνοῦ,
2931 653 3022 705 καὶ
3053 653 3130 716 ὡς
3150 651 3326 720 φωτὸς
3348 651 3638 720 καιομένου
3669 667 3752 703 νυ-

2185 752 2330 814 κτὸς,
2349 751 2498 820 πάσῃ
2511 751 2576 819 τῇ
2595 747 2722 820 δόξῃ
2737 746 3194 816 σκεπασθὴσεται.
3214 745 3324 796 Kal.
3342 743 3492 796 ἔσται
3509 745 3588 806 εἰς
3605 741 3756 795 σκιὰν

2183 843 2290 898 ἀπὸ
2309 841 2607 911 καύματος,
2642 839 2736 892 καὶ
2767 841 2824 892 ὲν
2861 839 3034 908 σκέπη
3077 838 3172 890 καὶ
3205 839 3262 889 ὲν
3303 834 3622 906 ἀποκρύφῳ,
3653 835 3758 888 ἀπὸ

2188 934 2552 1006 σκληρότητος
2580 933 2674 985 καὶ
2704 930 2882 983 ὑετοῦ.
2919 949 2937 981 ι
2971 927 3163 997 Σαφῶς
3192 929 3299 999 γὰρ
3327 928 3386 980 τὸ
3417 927 3639 998 λουτρὸν
3661 926 3759 995 τῆς

2190 1025 2633 1094 παλιγγενεσίας,
2658 1024 2685 1076 ὃ
2701 1025 2795 1076 καὶ
2813 1021 2900 1075 διά
2914 1021 3024 1073 τῶν
3044 1020 3348 1091 ἔμπροσθεν
3367 1019 3550 1090 ἐδήλου
3565 1019 3759 1088 λέγων’

2195 1136 2214 1169 ο
2254 1117 2554 1178 Λούσασθε,
2581 1117 2672 1168 καὶ
2698 1115 2927 1186 καθαροὶ
2949 1113 3192 1182 γένεσθε,
3223 1134 3239 1164 ι
3263 1115 3363 1166 καὶ
3388 1113 3480 1166 νῦν
3502 1112 3760 1182 ἐπαγγέλ-

2188 1209 2358 1262 λεται.
2389 1209 2548 1274 Λέγει
2573 1208 2629 1261 δὲ
2663 1207 2837 1262 ταῦτα
2865 1204 3125 1276 περὶτῶν
3163 1205 3634 1276 κεκοινωνηκότων
3669 1204 3766 1275 μὲν

2187 1305 2257 1374 τῇ
2287 1302 2427 1355 κατὰ
2459 1300 2551 1354 τοῦ
2580 1301 2830 1370 Σωτῆρος
2869 1297 3170 1369 μιαιφονίᾳ,
3216 1297 3409 1368 μικρὸν
3451 1297 3507 1350 δὲ
3541 1296 3767 1368 ὕστερον

2193 1393 2603 1465 μεταϐαλόντων
2627 1392 2721 1444 καὶ
2745 1391 3127 1461 γνωρισὰντων
3151 1388 3316 1442 αὐτοῦ
3336 1389 3396 1440 τὸ
3418 1387 3764 1456 Εύαγγέλιον.

2189 1486 2301 1538 Καὶ
2331 1483 2634 1555 θυγατέρας
2662 1481 2798 1534 Σιὼν
2828 1481 3097 1552 ἐπιφέρει,
3136 1481 3235 1544 τὰς
3265 1482 3322 1533 ὲν
3352 1484 3416 1552 τῇ
3462 1479 3769 1553 ἔμπροσθεν

2189 1579 2462 1648 περικοπῇ
2493 1575 2982 1645 κατηγορηθείσας,
3017 1577 3073 1627 ὲν
3114 1574 3191 1644 τῷ
3226 1573 3475 1642 λέγεσθαι
3503 1591 3516 1604 ·
3557 1592 3577 1624 ι
3632 1571 3772 1625 ’.ἄνθ’

2189 1663 2264 1722 ὧν
2297 1668 2589 1739 ύψώθησαν
2629 1669 2682 1719 αἱ
2725 1666 3022 1738 θυγατέρες
3067 1665 3226 1728 Σιὼν,
3268 1666 3362 1719 καὶ
3399 1664 3773 1736 ἐπορεύθησαν

516 1755 820 1809 Jerusalem
870 1757 1009 1810 miro
1062 1771 1194 1811 sane
1244 1757 1402 1812 modo
1444 1767 1602 1810 vocat
1654 1757 1860 1811 caedem
1917 1757 1984 1810 ibi
2033 1756 2084 1810 in

2199 1761 2380 1833 ὑψηλῷ
2407 1761 2684 1833 τραχήλῳ,
2727 1781 2742 1811 ι
2792 1761 2886 1813 καὶ
2918 1760 2985 1813 τὰ
3015 1759 3225 1822 τούτοις
3253 1759 3513 1828 ἑπόμενα.
3545 1752 3690 1828 Αἷμα
3714 1756 3771 1809 δὲ

518 1847 808 1900 Servatore
830 1856 1194 1915 perpetratam
1222 1861 1236 1899 :
1269 1847 1396 1916 quia
1433 1847 1622 1900 isthaec
1667 1861 1829 1900 causa
1863 1845 1962 1899 fuit
1993 1861 2086 1899 ex-

2202 1823 2912 1921 Ὶερούσαλὴμμαστῶς
2943 1851 3208 1904 ἀποκαλεῖ
3236 1851 3334 1922 τὴν
3360 1823 3509 1904 κατὰ
3534 1823 3630 1904 τού
3665 1850 3771 1902 Σω-

528 1942 838 1996 tremaeloci
873 1943 1016 1997 illius
1067 1941 1410 1996 vastationis.
1455 1941 1520 1994 Et
1554 1943 1870 1996 consideres
1914 1941 2072 1995 velim

518 2050 700 2089 annon
735 2036 824 2090 hic
853 2051 1030 2090 sermo
1062 2037 1306 2104 apprime
1351 2037 1643 2090 conveniat
1688 2050 1808 2088 cum
1858 2049 2092 2104 evange-

522 2129 630 2182 lico
673 2127 762 2181 illo
809 2126 1119 2180 testimonio
1168 2125 1233 2179 de
1281 2125 1571 2179 Servatore
1611 2135 1820 2186 nostro,
1859 2124 1951 2178 ubi
2007 2124 2088 2178 sic

519 2221 768 2280 habetur,
802 2237 820 2270 ι
847 2217 964 2286 Ipse
999 2232 1095 2271 vos
1125 2218 1426 2286 baptizabit
1466 2219 1518 2270 in
1561 2217 1765 2284 Spiritu
1809 2228 1999 2272 sancto
2034 2228 2090 2271 et

520 2308 646 2377 igne
670 2308 737 2359 “.
769 2326 788 2359 ι
827 2306 957 2360 Illud
989 2306 1156 2370 enim,
1198 2324 1215 2356 ι
1245 2305 1298 2358 in
1340 2306 1535 2374 spiritu
1581 2305 1770 2373 judicii
1800 2316 1853 2360 et
1892 2307 1945 2360 in
1977 2307 2090 2375 spi-

521 2403 627 2456 ritu
651 2398 1069 2463 combustionis,
1106 2418 1125 2450 ι
1162 2399 1297 2453 nihil
1336 2397 1518 2452 diﬂ‘ert
1559 2398 1625 2452 ab
1669 2398 1781 2464 illo,
1834 2415 1852 2450 ι
1885 2398 1937 2451 in
1970 2398 2091 2466 Spi-

521 2493 629 2546 ritu
658 2499 848 2546 sancto
869 2501 922 2544 et
944 2491 1087 2562 igne.
1127 2508 1147 2543 ι
1184 2489 1326 2560 lgnei
1359 2503 1486 2543 vero
1523 2502 1801 2543 sermones
1849 2487 1957 2541 illis
1997 2489 2092 2540 ad-

522 2583 677 2648 moti,
710 2560 1054 2652 peccalorum
1084 2580 1522 2636 emundationem
1548 2581 1902 2649 peragebant.
1934 2560 2112 2632 ltem-I

523 2691 629 2744 que
661 2674 911 2729 Salvator
943 2684 1129 2728 noster
1156 2674 1211 2727 in
1247 2671 1542 2742 Evangelio
1567 2672 1766 2726 dicitur
1815 2673 2094 2741 baptizare

523 2782 630 2820 non
667 2767 719 2820 in
760 2782 898 2835 aqua
925 2805 942 2830 ,
982 2766 1074 2820 sed
1126 2764 1179 2819 in
1239 2764 1444 2834 Spiritu
1512 2773 1566 2816 et
1613 2763 1752 2832 igne.
1809 2761 1919 2816 Hoc
1948 2761 2093 2816 enim

524 2862 715 2913 citocet
755 2856 1014 2920 Joannes,
1058 2857 1126 2912 de
1164 2871 1222 2911 se
1259 2856 1475 2924 quidem
1535 2855 1741 2918 dicens,
1790 2872 1808 2905 ι
1838 2853 1948 2924 Ego
1999 2867 2096 2908 vos

526 2950 741 3016 baptizo
773 2949 824 3000 in
854 2963 992 3016 aqua
1012 2948 1095 3012 ";
1128 2967 1146 2998 ι
1174 2948 1239 3000 de
1255 2946 1536 3000 Salvatore
1563 2956 1765 3008 autem,
1797 2962 1816 2996 ι
1858 2942 1976 3014 Ipse
1999 2957 2099 2999 vos

528 3036 824 3106 baptizabit
854 3036 906 3090 in
941 3035 1144 3103 Spiritu
1175 3044 1364 3089 sancto
1397 3043 1452 3088 et
1490 3035 1612 3103 igne
1629 3035 1698 3088 “.
1728 3053 1746 3085 ι

1151 3311 1378 3368 CAPUT
1419 3312 1481 3365 ν.

606 3407 766 3461 Vens.
802 3407 855 3460 l.
895 3424 914 3458 ι
943 3405 1185 3461 Cantabo
1209 3405 1408 3460 dilecto
1442 3405 1714 3460 canticum
1745 3405 1934 3461 Dilecti
1973 3408 2103 3471 mei,

531 3501 703 3554 vineae
729 3513 880 3553 meae.
912 3499 1081 3554 Vinea
1111 3497 1247 3552 facta
1273 3507 1355 3552 est
1380 3497 1573 3553 dilecto
1600 3499 1652 3552 in
1684 3513 1873 3564 cornu,
1896 3499 1948 3553 in
1987 3499 2104 3553 loco

531 3591 739 3661 pingui.
770 3610 789 3642 ι
825 3590 938 3646 Hoc
969 3591 1130 3660 igitur
1163 3591 1397 3656 cantico,
1429 3605 1550 3658 quze
1575 3591 1626 3644 in
1663 3592 1816 3646 vinea
1849 3607 1947 3646 sua
1975 3605 2103 3660 ope-

531 3696 684 3740 ratus
721 3695 806 3740 est
830 3694 1132 3748 enumerat,
1161 3684 1435 3751 vineaeque
1487 3683 1889 3752 improbitatem
1942 3700 2100 3738 coar-

532 3779 679 3846 guit:
713 3792 776 3830 ac
807 3792 869 3829 ea
900 3791 1019 3843 qme
1049 3775 1148 3842 ipsi
1183 3784 1439 3827 eventura
1465 3783 1592 3827 sunt
1615 3774 1961 3828 vaticinatur.
2017 3774 2106 3827 Di-

533 3872 676 3921 citur
700 3883 830 3936 ergo
862 3868 914 3920 in
945 3881 1110 3920 cornu
1139 3878 1280 3929 esse,
1323 3865 1446 3932 quia
1492 3865 1542 3918 in
1578 3880 1690 3933 ipsa
1733 3865 2102 3934 Hierosolyma

535 3960 684 4027 regia
719 3957 1029 4027 metropolis
1080 3957 1362 4012 consistit:
1415 3955 1550 4011 solet
1595 3967 1772 4011 autem
1824 3955 2104 4025 Scriptura

538 4067 739 4106 cornua
770 4051 924 4121 regni
954 4063 1278 4104 memorare.

608 4232 770 4287 Vens.
805 4233 858 4286 9..
907 4252 926 4285 ι
975 4233 1038 4286 Et
1084 4247 1265 4301 sepem
1312 4232 1675 4302 circumposui
1707 4240 1762 4285 et
1793 4230 2018 4295 vallavi,
2049 4241 2110 4287 et

536 4328 779 4398 plantavi
810 4327 1019 4380 vineam
1056 4324 1258 4379 Sorec:
1292 4334 1345 4393 et
1372 4325 1630 4378 aediﬁcavi
1664 4324 1853 4377 turrim
1909 4326 1960 4378 in
2007 4341 2112 4380 me-

538 4421 629 4475 dio
659 4418 797 4486 ejus,
845 4428 899 4470 et
943 4417 1285 4484 protorcular
1319 4414 1426 4468 fodi
1475 4418 1526 4467 in
1575 4430 1659 4469 ea.
1693 4433 1711 4465 ι
1750 4414 1943 4484 Sepem
1983 4430 2111 4468 vero

2189 1945 2354 2018 τῆρος
2391 1941 2756 2015 προαχθεῖσαν
2791 1944 2846 1994 ἐν
2881 1943 3014 2014 αὐτῇ
3063 1943 3395 2013 μιαιφονίαν,
3435 1941 3523 1994 διὰ
3553 1942 3614 1994 τὸ
3645 1939 3769 1994 ταὼ

2191 2057 2292 2112 την
2319 2039 2496 2093 αἰτίαν
2520 2037 2800 2104 γεγονέναι
2823 2037 2920 2107 τῆς
2947 2037 3178 2106 ἐσχάτης
3201 2035 3436 2106 ἐρημίας
3463 2035 3558 2087 τοῦ
3585 2034 3772 2086 τόπου.

2191 2133 2304 2185 Καὶ
2337 2131 2434 2182 θέα
2463 2131 2511 2180 εί
2555 2127 2631 2200 μὴ
2673 2128 2878 2198 σφόδρα
2907 2127 3195 2196 σύμφωνός
3231 2130 3377 2179 ἐστιν
3405 2128 3433 2178 6
3462 2126 3656 2197 παρὼν
3685 2125 3776 2178 λό-

2191 2239 2288 2292 γος
2308 2224 2374 2291 τῇ
2394 2220 2723 2291 εὐαγγελικῇ
2753 2219 3027 2290 μαρτυρίᾳ
3047 2236 3114 2272 πε
3125 2221 3176 2290 ρ).
3201 2219 3295 2271 τοῦ
3321 2219 3570 2289 Σωτῆρος
3593 2221 3626 2288 ή
3635 2219 3778 2288 μῶν,

2192 2314 2226 2384 ἡ
2259 2312 2501 2365 ἐδίδασκε
2535 2310 2769 2379 λέγουσα
2793 2329 2806 2341 ·
2843 2330 2860 2360 r
2890 2311 3065 2372 Αὐτὸς
3085 2311 3228 2380 ὑμᾶς
3256 2308 3505 2378 βαπτίσει
3526 2310 3583 2360 ἐν
3611 2309 3778 2361 Πνεύ-

2199 2421 2327 2475 ματι
2368 2404 2508 2474 ἁγίῳ
2555 2404 2648 2455 καὶ
2677 2403 2831 2473 πυρί.
2867 2421 2884 2453 ›
2923 2402 2996 2453 Τὸ
3028 2400 3158 2472 γὰρ,
3197 2421 3215 2452 ι
3262 2403 3318 2454 ὲν
3352 2400 3621 2471 πνεύματι
3655 2402 3781 2472 κρίο

2195 2511 2333 2557 σεως
2385 2494 2478 2546 καὶ
2531 2491 2803 2562 πνεύματι
2862 2489 3106 2552 καύσεως
3144 2509 3161 2540 ι
3187 2487 3304 2552 τοῦ,
3348 2506 3366 2538 ι
3405 2487 3464 2539 ἐν
3499 2486 3783 2557 Πνεύματι

2196 2587 2335 2657 ἁγίῳ
2359 2586 2452 2639 καὶ
2481 2603 2550 2637 πυ
2563 2585 2633 2655 ρὶ,
2665 2603 2680 2634 ι
2717 2584 2869 2636 οὐδὲν
2896 2581 3159 2652 διαφέρει.
3179 2581 3288 2635 Καὶ
3315 2581 3365 2632 οἱ
3394 2578 3702 2650 πυρωτικοὶ
3724 2577 3783 2630 δὲ

2195 2679 2365 2748 λόγοι,
2397 2678 2802 2746 καθαπτόμενοι
2836 2673 3034 2738 αὐτῶν,
3074 2672 3337 2743 κάθαρσιν
3368 2670 3646 2723 ὲνεποίουν
3675 2668 3784 2721 τῶν

2197 2769 2632 2842 ἁμαρτημάτων.
2675 2767 2786 2820 Καὶ
2823 2769 2850 2820 6
2879 2765 3070 2836 Σωτὴρ
3107 2765 3306 2835 ὁμοίως
3340 2765 3397 2815 ὲν
3426 2761 3504 2832 τῷ
3539 2762 3781 2830 Εὐαγγέ-

2197 2861 2297 2932 λίῳ
2344 2860 2627 2931 βαπτίσειν
2659 2859 2878 2926 λέγεται
2903 2857 3025 2926 οὐχὶ
3064 2855 3235 2918 ὕδατι,
3262 2854 3375 2908 ἀλλ’
3402 2857 3459 2907 ὲν
3502 2855 3783 2926 Πνεύματι

2201 2955 2294 3007 καὶ
2338 2954 2396 3007 ὲν
2442 2952 2595 3023 πυρί.
2631 2950 2802 3004 Τοῦτο
2834 2949 2944 3019 γὰρ
2979 2948 3220 3015 ἐδίδαξεν
3261 2948 3290 2999 6
3344 2948 3619 3019 Ἰωάννης,
3657 2947 3782 3017 περὶ

2206 3046 2304 3118 μὲν
2351 3044 2544 3098 ἑαυτοῦ
2591 3042 2782 3107 εἰπὼν,
2836 3059 2852 3094 ι
2916 3041 3058 3111 Ἐγὼ
3102 3042 3200 3112 μὲν
3245 3041 3390 3112 ὑμᾶς
3436 3040 3686 3111 βαπτίζω
3724 3039 3783 3090 ὲν

2124 3153 2165 3211 c
2201 3139 2374 3191 ύδατισ
2421 3158 2437 3188 ι
2473 3138 2600 3208 περὶ
2625 3136 2682 3190 δὲ
2714 3136 2808 3189 τοῦ
2850 3135 3127 3206 Σωτῆροςι
3157 3155 3176 3185 ι
3218 3135 3388 3197 Δύτδς
3418 3135 3562 3204 ὑμᾶς
3589 3129 3783 3201 βαπτί-

2206 3246 2286 3286 σει
2318 3230 2375 3280 ἑν
2409 3227 2682 3298 Πνεύματι
2713 3227 2851 3296 ἁγίῳ
2883 3225 2978 3277 καὶ
3001 3226 3151 3294 πυρί.
3192 3243 3211 3274 ι

2719 3317 3114 3371 ΚΕΦΑΛΑΙΟΝ
3159 3317 3231 3368 Ε’·.

2282 3430 2300 3462 ι
2337 3412 2487 3482 ’ᾼσω
2520 3411 2584 3482 δὴ
2629 3408 2708 3480 τῷ
2752 3408 3094 3477 ἠγαπημένῳ
3135 3403 3285 3477 ᾆσμα
3325 3403 3419 3458 τοῦ
3471 3401 3792 3473 Ἀγαπητοῦ

2209 3523 2330 3577 μου,
2365 3505 2444 3575 τῷ
2472 3502 2755 3574 ἀμπελῶνί
2787 3518 2908 3573 μου.
2956 3497 3239 3570 ’Δμπελὼν
3266 3495 3501 3568 ἐγενήθη
3540 3495 3620 3566 τῷ
3647 3497 3791 3566 im:-

2205 3597 2434 3668 πημένῳ
2475 3598 2534 3649 ὲν
2565 3595 2775 3664 κέρατι,
2809 3595 2867 3645 ὲν
2902 3592 3050 3662 τόπῳ
3079 3591 3242 3644 πίονι.
3289 3609 3310 3642 ι
3342 3591 3441 3643 Διὰ
3475 3591 3658 3645 τοίνυν
3691 3591 3797 3663 τῆς

2205 3689 2349 3760 ᾠδῆς
2371 3687 2575 3758 ταύτης
2611 3685 2709 3750 τὰς
2735 3688 2814 3748 είς
2854 3684 2945 3737 τὸν
2975 3683 3273 3755 ἀμπελῶνα
3303 3681 3495 3736 ἑαυτοῦ
3522 3683 3798 3754 ἐργασίας

2207 3782 2647 3853 καταριθμεῖται,
2701 3779 2795 3831 καὶ
2839 3776 2931 3830 τοῦ
2980 3773 3300 3847 ἀμπελῶνος
3340 3772 3440 3845 τὴν
3485 3772 3800 3845 μοχθηρίαν

2207 3874 2443 3942 ἐλέγχει·
2491 3869 2733 3934 θεσπίζει
2767 3868 2824 3921 δὲ
2863 3865 3055 3919 καὶτὰ
3090 3864 3350 3936 μέλλοντα
3391 3863 3538 3933 αὐτῷ
3577 3861 3797 3934 συμϐή-

2209 3964 2416 4018 σεσθαι.
2449 3962 2680 4030 Λέγεται
2711 3959 2842 4029 γοῦν
2871 3960 2929 4010 ὲν
2965 3958 3157 4028 κέρατι
3187 3950 3347 4021 εἶναι,
3387 3954 3475 4008 διὰ
3506 3954 3568 4007 τὸ
3601 3952 3799 4024 συστῆ-

2209 4076 2296 4112 ναι
2325 4056 2608 4127 βασιλικὴν
2651 4051 2982 4124 μητρόπολιν
3022 4052 3080 4103 ἐν
3121 4050 3256 4120 αύτῇ
3293 4051 3359 4119 τῇ
3400 4046 3797 4119 Ἰερουσαλήμ·

2209 4147 2367 4200 εἴωθε
2397 4146 2505 4217 γὰρ
2533 4147 2566 4215 ἡ
2597 4144 2632 4195 Γ
2641 4142 2784 4215 ραφὴ
2813 4143 3021 4213 κέρατα
3042 4139 3142 4208 τῆς
3176 4138 3450 4208 βασιλείας
3481 4135 3802 4208 ὀνομάζειν.

2291 4259 2309 4291 ι
2342 4240 2448 4291 Καὶ
2474 4235 2726 4308 φραγμὸν
2743 4231 3042 4304 περιέθηκα
3064 4231 3160 4283 καὶ
3181 4229 3532 4299 ἐχαράκωσα,
3553 4229 3652 4281 καὶ
3674 4225 3805 4296 ὲφύ-

2211 4348 2379 4385 τευσα
2426 4329 2666 4400 ἄμπελον
2709 4326 2922 4396 Σορήκ’
2963 4322 3058 4376 καὶ
3097 4319 3424 4390 ᾠκοδόμησα
3473 4318 3694 4390 πύργον
3746 4321 3806 4371 ἐν

2220 4426 2368 4494 μέσῳ
2399 4420 2584 4484 αὐτοῦ,
2621 4419 2712 4472 καὶ
2743 4416 3030 4488 προλήνιον
3053 4411 3239 4484 ὧρυξα
3264 4412 3322 4466 ὲν
3367 4409 3516 4481 αύτῷ
3592 4429 3610 4464 ι
3645 4412 3808 4484 Περι-

539 4511 926 4582 circumposuit
947 4511 1017 4574 ei,
1041 4508 1289 4562 videlicet
1309 4506 1454 4560 omni
1483 4505 1696 4575 populo,
1717 4521 1874 4574 quem
1906 4507 2097 4573 angeli:

2221 4515 2414 4585 έθηκεν
2464 4509 2557 4565 οὖν
2603 4508 2748 4579 αύτῴ
2792 4507 3064 4578 φραγμὸν,
3109 4503 3308 4575 δηλαδὴ
3349 4501 3426 4572 τῷ
3452 4505 3620 4556 παντὶ
3663 4503 3807 4575 λαῷ,

539 4609 967 4673 circumquaque
1027 4599 1275 4654 munivit.
1325 4598 1447 4652 Alio
1499 4599 1624 4652 item
1677 4599 1838 4652 modo
1890 4598 2112 4652 vallavit

539 4713 685 4761 eam,
727 4695 1003 4765 prophetis
1047 4703 1100 4747 et
1143 4690 1345 4746 sanctis
1381 4690 1512 4743 viris
1564 4690 1734 4758 ipsam
1776 4690 2007 4744 fulciens
2057 4700 2113 4743 et

541 4800 872 4846 sustentans.
900 4785 1040 4854 Quin
1084 4783 1246 4838 etiam
1295 4781 1559 4851 plantavit
1589 4796 1708 4835 eam
1754 4783 1965 4835 vineam
2009 4783 2108 4835 So-

544 4901 662 4949 rec,
722 4898 884 4953 quam
945 4879 1306 4950 Symmachus
1373 4875 1784 4944 interpretatur,
1862 4875 2114 4929 electam.

541 4977 672 5044 Qua:
702 4985 879 5029 autem
918 4972 1106 5026 isthaac
1129 4969 1285 5022 vinea
1319 4975 1458 5030 erat,
1504 4965 1606 5019 nisi
1642 4965 1800 5034 plane
1830 4964 2114 5035 Scriptura

548 5071 810 5124 divinitus
865 5065 1148 5134 inspirata,
1201 5071 1254 5116 et
1308 5060 1410 5131 piae
1463 5058 1738 5126 religionis
1784 5073 1985 5122 sermo,
2033 5058 2118 5112 vel

547 5163 711 5215 etiam
739 5162 918 5230 ipsum
943 5157 1034 5212 Dei
1065 5153 1324 5218 Verbum,
1355 5153 1496 5221 quod
1552 5151 1606 5204 in
1653 5149 1962 5220 Evangeliis
2003 5150 2117 5206 haec

549 5261 616 5312 de
643 5272 700 5312 se
727 5260 884 5313 docet
916 5272 978 5312 ac
1017 5254 1276 5324 loquitur,
1326 5271 1344 5303 ι
1375 5251 1484 5320 Ego
1522 5265 1640 5304 sum
1694 5248 1820 5303 vitis
1868 5264 2017 5310 vera,
2059 5259 2114 5302 et

547 5349 711 5404 Pater
741 5363 891 5402 meus
931 5347 1164 5417 agricola
1197 5354 1280 5400 est
1300 5342 1388 5395 ’⁷2
1423 5361 1442 5394 ι
1487 5339 1566 5397 Ex
1594 5343 1712 5410 ipso
1746 5340 1941 5410 quippe
1968 5341 2116 5408 prior

511 5455 518 5460 ·
551 5442 677 5495 item
705 5439 931 5510 populus
960 5441 1260 5494 divinarum
1297 5435 1702 5504 disciplinarum
1728 5431 2116 5501 plantationem

548 5530 776 5601 accepit.
805 5529 1149 5582 Protorcular
1183 5541 1368 5583 autem
1401 5525 1538 5580 fodit
1575 5525 1628 5577 in
1666 5536 1753 5586 ea,
1786 5520 1960 5576 altare
2009 5521 2116 5574 sri-

551 5623 680 5679 licet
716 5621 949 5692 positum
980 5631 1102 5675 ante
1132 5621 1407 5690 templum.

623 5805 668 5837 "
707 5803 895 5858 Matth.
922 5815 1005 5868 tu,
1033 5800 1119 5857 Η.
1195 5799 1237 5831 ³⁸
1271 5797 1427 5854 Joau.
1474 5814 1514 5864 ι,
1547 5799 1633 5855 ἐϋ.
1712 5799 1754 5829 ’⁸
1786 5794 1919 5854 Ibid.
1963 5798 2048 5852 55.

2218 4607 2434 4667 πάντως
2457 4622 2557 4657 που
2579 4603 2829 4672 ἀγγέλοις
2852 4599 3015 4654 αὑτὸν
3038 4595 3398 4669 περιφράξας.
3442 4595 3809 4668 Ἐχαράκωσε

2217 4698 2274 4750 δὲ
2305 4698 2396 4749 καὶ
2438 4694 2610 4757 ἄλλως
2638 4692 2816 4756 αὐτὸν,
2868 4689 3177 4759 προφήταις
3206 4688 3300 4740 καὶ⁵
3332 4686 3507 4754 ἁγίοις
3539 4687 3811 4758 ἀνδράσιν
3916 4672 3924 4681 ’

2221 4784 2603 4855 ὑποστηρίξας.
2656 4779 2814 4834 Ἀλλὰ
2857 4778 2950 4831 καὶ
2979 4775 3378 4845 κατεφύτευσεν
3413 4773 3586 4842 αὐτὴν
3625 4773 3812 4843 ἄμπε-

2215 4879 2306 4932 λον
2329 4878 2509 4950 Σορήκ
2527 4892 2540 4905 ·
2569 4875 2636 4946 ῆν
2653 4876 2681 4927 6
2705 4873 2999 4943 Σύμμαχος
3027 4871 3370 4940 ὴρμήνευσεν
3394 4867 3686 4937 ἐκλεκτήν.
3713 4866 3813 4929 Τίς

2215 4970 2270 5022 δὲ
2297 4964 2364 5039 ἦν
2395 4967 2533 5038 αὓτη
2569 4968 2602 5037 ἡ
2629 4962 2872 5036 ἄμπελος
2902 4960 2937 5034 ἢ
2988 4961 3206 5024 πάντως
3240 4977 3341 5012 που
3369 4961 3402 5029 ή
3445 4957 3814 5021 θεόπνευστος

2217 5060 2429 5132 Γραφὴ,
2457 5059 2551 5112 καὶ
2573 5061 2602 5112 6
2630 5058 2729 5128 τῆς
2751 5052 3059 5117 θεοσεϐείας
3084 5051 3262 5121 λόγος,
3286 5051 3319 5124 ἢ
3346 5051 3438 5104 καὶ
3464 5048 3629 5112 αὐτὸς
3661 5051 3691 5102 6
3714 5046 3815 5101 τοῦ

2219 5151 2355 5205 Θεοῦ
2383 5151 2577 5219 Λόγος,
2614 5150 2643 5201 6
2685 5149 2744 5202 ὲν
2787 5145 3143 5217 Εὐαγγελίοις
3185 5144 3314 5216 περὶ
3350 5139 3546 5197 ἑαυτοῦ
3587 5139 3814 5206 διδάξας

2223 5245 2317 5297 καὶ
2350 5242 2541 5308 εἰπὼν,
2573 5262 2592 5295 ι
2646 5240 2788 5311 Ἐγώ
2823 5242 2940 5311 ειμι
2966 5241 3001 5310 ἡ
3033 5237 3275 5310 ἄμπελος
3313 5233 3626 5305 ἡάληθινὴ,
3661 5233 3759 5287 καὶ
3786 5234 3816 5285 6

2221 5336 2412 5408 Πατήρ
2445 5353 2546 5406 μου
2577 5336 2606 5388 6
2629 5333 2912 5407 γεωργός;
2955 5351 2974 5385 ι
3027 5329 3117 5395 Ἐξ
3141 5326 3308 5381 αὐτοῦ
3334 5325 3443 5396 γὰρ
3472 5326 3565 5378 καὶ
3595 5327 3626 5378 ὁ
3655 5324 3814 5396 πρῶ-

2218 5446 2312 5493 τος
2342 5429 2471 5492 λαδζ
2511 5427 2608 5501 τὴν
2647 5427 2759 5482 τῶν
2791 5427 2952 5481 θείων
2985 5420 3241 5496 μαθητῶν
3285 5417 3684 5492 [μαθημάτων]
3713 5435 3817 5488 φυ-

2223 5519 2372 5572 τείαν
2433 5519 2640 5591 εἴληφε.
2684 5518 2981 5590 Προλήνιον
3024 5509 3118 5568 οὖν
3166 5510 3381 5584 ὀρύττει
3427 5510 3488 5565 ὲν
3519 5507 3675 5579 αὐτῷ
3758 5507 3820 5559 τὸ

2226 5611 2332 5680 πρὸ
2357 5610 2450 5664 τοῦ
2491 5611 2618 5664 ναοῦ
2662 5610 3060 5679 θυσιαστήριον.

2130 5795 2170 5826 ’τ
2202 5791 2355 5847 Juan.
2386 5809 2473 5854 xv,
2511 5793 2554 5845 Ι.
