4068 6198
337 319 442 379 ﬂ?

423 461 440 490 ‹
484 441 598 492 Καὶ
629 439 812 509 ἔμεινα
831 436 933 491 τοῦ
970 437 1197 507 residat
1221 438 1518 508 σταφυλὴν,
1551 440 1642 492 καὶ
1675 440 1928 508 ἐποίησεν
1957 447 2002 501 Α

351 532 610 594 ἀκάνθας.
638 506 741 584 Καὶ
765 529 858 582 νῦν
884 529 936 582 oi
971 506 1308 592 ἐνοικοῦντες
1331 506 1387 582 έν
1429 506 1804 602 ⁹1ερουιιάλὴμ,
1823 506 1930 586 καὶ

357 626 628 696 ἅνθρωπος
652 623 744 676 τοῦ
797 621 992 685 Ἰούδα,
1030 621 1250 694 κρίνατε
1285 623 1343 674 έν
1376 622 1520 693 ἐμοὶ,
1557 623 1652 676 καὶ
1687 624 1789 677 ἀνά
1838 615 1932 694 μέ-

363 736 453 770 σον
478 716 559 770 τοῦ
590 713 915 786 ἀμπελῶνός
949 731 1072 784 μου.
1111 713 1177 765 Τί
1203 715 1419 785 ποιήσω
1447 713 1527 768 ἔτι
1545 715 1624 786 τῷ
1648 715 1929 787 ἀμπελῶνί

367 825 476 878 μου,
499 807 581 860 καὶ
606 807 708 860 οὐκ
738 805 975 875 ἐποίησα
1003 803 1188 876 mare);
1215 805 1349 858 διότι
1376 805 1566 877 ἔμεινα
1587 807 1677 860 τοῦ
1707 807 1928 878 ποιῆσαι

364 897 632 970 σταφυλὴν,
667 897 897 968 ἐποίησε
943 895 1000 948 δὲ
1047 896 1308 960 ἀκάνθας.
1345 897 1460 951 Νῦν
1510 893 1601 952 οὖν
1646 898 1929 967 ἀναγγελῶ

357 991 468 1059 ὑμῖν
491 988 540 1040 τί
562 989 784 1058 ποιήσω
814 985 896 1057 τῷ
924 985 1211 1057 ἀμπελῶνί
1249 1004 1350 1057 μου
1372 1003 1386 1017 ο
1427 988 1637 1057 Ἀφελῶ
1667 989 1759 1043 τὸν
1791 1007 1928 1061 (ppa-

348 1083 470 1152 γμὸν
503 1081 694 1141 αὑτοῦ,
733 1082 830 1135 καὶ
873 1080 1023 1133 ἔσται
1065 1081 1144 1143 είς
1188 1081 1530 1153 διαρπαγήν·
1581 1083 1674 1136 καὶ
1715 1083 1927 1136 καθελῶ

342 1173 426 1226 τὸν
465 1177 643 1243 τοῖχον
689 1171 879 1235 αὑτοῦ,
921 1174 1015 1225 καὶ
1056 1172 1209 1226 ἔσται
1253 1175 1334 1236 εἰς
1373 1175 1779 1247 καταπάτημαο
1832 1177 1928 1230 καὶ

339 1267 516 1337 ἀνήσω
559 1266 658 1318 τὸν
693 1265 994 1336 ἀμπελῶνά
1028 1283 1150 1336 μου,
1189 1267 1284 1319 καὶ
1317 1267 1378 1320 οὐ
1427 1267 1501 1338 μὴ
1551 1267 1781 1338 τιμηθῇν
1818 1268 1925 1320 οὐδ’

340 1357 398 1408 οὐ
426 1357 498 1426 μὴ
529 1359 740 1427 escacf},
771 1357 868 1410 καὶ
895 1357 1227 1428 ἀναϐήσεται
1255 1359 1334 1421 είς
1367 1359 1550 1422 αὐτὸν,
1579 1359 1650 1422 ὡς
1687 1361 1767 1423 εἰς
1800 1360 1926 1432 χέρ-

344 1465 449 1512 σον,
493 1447 727 1505 ἄκανθα.
771 1449 883 1502 Καὶ
923 1451 1045 1514 ταῖς
1079 1449 1329 1519 νεφέλαις
1361 1449 1680 1520 ὲντελοῦμαι
1712 1450 1804 1505 τοῦ
1851 1452 1924 1523 μὴ

347 1538 524 1608 βρέξαι
551 1542 634 1602 εἰς
667 1540 829 1592 αὑτὸν
865 1539 1039 1592 ὑετόν.
1089 1558 1107 1591 ›
1147 1539 1394 1605 Νεφέλας
1425 1540 1599 1611 δηλῶν
1630 1543 1758 1606 τοὺς
1805 1559 1927 1614 προ-

346 1631 543 1699 ῳήτας·
579 1630 715 1683 ἀλλὰ
753 1631 845 1683 καὶ
878 1628 967 1682 διὰ
1013 1629 1072 1681 τὸ
1102 1628 1338 1700 καθαρὸν
1373 1631 1553 1685 αὐτῶν
1587 1632 1681 1685 καὶ
1708 1633 1926 1702 διαυγὲς

349 1719 441 1773 τοῦ
483 1720 619 1790 βίου,
657 1719 884 1789 νεφέλας
931 1719 1131 1782 αὐτοὺς
1165 1719 1350 1773 καλεῖ·
1393 1720 1479 1774 διά
1510 1721 1714 1776 τούτων
1751 1722 1860 1793 γὰρ
1899 1723 1926 1774 6

1308 319 1809 377 COMMENTARIA
1849 295 1913 377 nt
1953 321 2203 378 rssmr.
2244 355 2313 364 --
2349 324 2499 380 car.
2539 321 2608 378 ν.

3501 325 3600 380 118

2107 441 2266 497 Vicus.
2299 442 2415 495 5-6.
2462 461 2480 492 ‹
2535 442 2602 496 Et
2653 441 2959 511 exspectavi
3005 450 3059 494 ut
3101 439 3302 494 faceret
3358 456 3506 506 uvas,
3543 453 3597 498 et

2037 529 2162 581 fecit
2195 529 2402 598 spinas.
2454 529 2518 582 Et
2573 543 2714 583 nunc
2752 529 2840 597 qui
2903 529 3137 584 incolitis
3183 528 3503 594 Jerusalem,
3543 541 3599 585 et

2035 622 2197 675 homo
2255 620 2414 685 Juda,
2449 622 2691 692 judicate
2750 622 2890 676 inter
2941 636 3026 676 me
3094 630 3148 675 et
3207 621 3348 678 inter
3386 622 3598 677 vincant

2032 727 2227 766 meam.
2280 712 2418 779 Quid
2470 715 2660 768 faciam
2709 714 2884 768 adhuc
2907 715 3078 768 vinem
3126 729 3277 780 mete,
3320 715 3462 783 quod
3495 729 3596 767 non

2032 803 2133 856 feci
2167 803 2215 857 ei
2245 804 2268 856 ’ἒ
2296 804 2422 873 quia
2455 804 2762 873 exspectavi
2802 813 2862 858 ut
2913 803 3115 860 faceret
3154 820 3304 871 uvas,
3340 805 3431 860 sed
3474 804 3603 859 fecit

2031 897 2256 963 spinas?
2295 897 2450 951 Nunc
2491 897 2657 967 igitur
2686 897 3024 952 annuntiabo
3053 899 3208 952 vobis
3239 898 3366 966 quid
3403 897 3595 952 l‘aeiam

2031 985 2201 1041 vinea:
2231 1002 2362 1042 mete
2393 1009 2405 1044 :
2433 988 2685 1044 Attl'eram
2717 1004 2896 1059 sepem
2939 987 3081 1058 ejus,
3127 997 3181 1044 et
3232 989 3335 1044 erit
3365 991 3418 1043 in
3457 989 3600 1042 dire-

2029 1078 2267 1148 ptionem
2296 1080 2542 1134 :diruam
2573 1081 2865 1135 maceriam
2890 1079 3029 1150 ejus,
3070 1089 3124 1135 et
3145 1080 3248 1134 erit
3287 1080 3338 1134 in
3377 1079 3600 1134 concul-

2031 1170 2299 1224 c'ationcm
2339 1189 2351 1224 :
2383 1177 2438 1223 et
2463 1170 2761 1240 relinquam
2797 1171 3010 1224 vineam
3053 1184 3249 1235 meam,
3291 1179 3344 1225 et
3373 1185 3479 1224 non
3504 1185 3602 1240 pu-

2030 1259 2255 1324 tabitur,
2299 1276 2474 1330 neque
2501 1260 2756 1324 fodietur,
2788 1270 2842 1314 et
2869 1270 3118 1314 crescent
3151 1260 3202 1314 in
3226 1275 3308 1324 ea,
3343 1269 3600 1330 tanquam

2029 1351 2081 1404 in
2124 1351 2324 1406 inculta
2385 1361 2554 1415 terra,
2613 1353 2802 1422 Spinte.
2843 1352 2907 1405 Et
2937 1351 3170 1406 nubibus
3215 1353 3484 1408 mandabo
3531 1364 3602 1409 ne

2028 1440 2213 1510 pluant
2245 1457 2410 1511 super
2435 1457 2553 1496 eam
2592 1442 2850 1512 pluviam.
2878 1460 2895 1493 ι
2927 1441 3106 1497 Nubes
3138 1457 3342 1497 vocans
3372 1443 3600 1513 prophe-

2034 1545 2113 1586 tas
2147 1549 2161 1587 τ
2195 1549 2328 1602 quos
2365 1535 2434 1586 ob
2479 1535 2772 1604 puritatem
2810 1543 2864 1588 et
2905 1535 3028 1588 vitae
3057 1533 3402 1602 splendorem
3431 1536 3600 1591 nubes

2030 1623 2298 1692 appellat:
2340 1625 2531 1678 horutn
2583 1625 2727 1678 enim
2767 1639 2934 1693 opera
2966 1626 3206 1679 cmlestis
3255 1627 3389 1694 ipsis
3415 1641 3599 1682 sermo

2029 1713 2294 1779 dabatur,
2357 1717 2554 1785 quibus
2599 1715 2860 1772 Dominus
2916 1733 2977 1771 se
3011 1717 3374 1773 discessurum
3427 1719 3598 1773 inter-

355 1810 595 1881 οὐράνιος
627 1810 802 1872 αὐτοῖς
825 1811 1135 1884 ἐχορηγεῖτο
1169 1809 1352 1879 λόγος’
1389 1805 1470 1875 οἷς
1502 1812 1715 1866 ἀπειλεῖ
1744 1813 1773 1864 6
1805 1814 1920 1868 Kti-
1955 1802 1994 1856 Β
2025 1803 2280 1858 minatur.

362 1918 475 1972 ριος
501 1902 823 1970 ἀποστήσειν
855 1901 1042 1956 αὐτῶν.

441 2013 458 2043 ι
492 1995 721 2065 Ἔμεινα
746 1993 836 2048 τοῦ
862 1996 1068 2066 ποιῆσαι
1091 1998 1296 2069 κρίσιν,
1326 1998 1550 2069 ἐποίησε
1581 1998 1636 2052 δὲ
1669 2000 1920 2070 ἀνομίαν,

367 2084 458 2138 καὶ
481 2085 542 2138 οὐ
568 2083 923 2157 δικαιοσύνην,
965 2085 1100 2140 ἀλλά
1133 2090 1399 2160 κραυγήν.
1448 2108 1466 2141 ι
1515 2090 1779 2163 Κραυγὴν
1814 2090 1922 2164 γὰρ

363 2174 542 2244 ἀφίησι
569 2175 716 2227 πᾶσα
742 2176 872 2247 πρὸς
893 2175 1117 2229 θάνατον
1144 2177 1409 2249 ἁμαρτία,
1431 2177 1640 2251 βοὼσης
1662 2180 1760 2251 τῆς
1790 2182 1924 2252 πρά-

349 2265 477 2331 ξεως
508 2267 711 2337 αὐτῆς·
745 2267 883 2321 οὕτω
911 2269 1043 2337 γοῦν
1083 2269 1299 2342 εἴρηται
1326 2271 1406 2339 τὸ,
1447 2291 1465 2323 ι
1506 2272 1660 2344 Φωνὴ
1693 2273 1920 2344 αἵματος

347 2357 500 2410 Ἅϐελ
529 2357 624 2411 τοῦ
650 2359 878 2429 ἀδελφοῦ
907 2377 1000 2413 σου
1031 2360 1132 2433 βοᾷ
1162 2363 1300 2433 πρὸς
1327 2363 1416 2434 με.

409 2557 426 2590 ι
462 2534 537 2595 Θῦ
564 2539 691 2611 ,γὰρ
725 2540 993 2612 έργῶνται
1023 2541 1155 2600 δέκα
1180 2538 1349 2615 ζεύγη
1399 2543 1557 2614 βοῶν,
1590 2547 1802 2618 ποιήσει
1829 2565 1918 2600 κε-

335 2631 529 2704 ράμιον
554 2633 616 2685 ἓν
636 2650 648 2662 ·
677 2633 772 2685 καί
795 2633 1082 2705 ὁσπείρων
1109 2635 1353 2706 ἀρτάϐας
1387 2635 1466 2701 ἒξ,
1501 2639 1713 2711 ποιήσει
1745 2640 1918 2713 μέτρα

328 2724 471 2795 τρία.
513 2743 532 2775 ι
567 2723 838 2787 Σπανεους
882 2725 1037 2789 τινὰς
1064 2727 1191 2790 τοὺς
1235 2731 1293 2782 ὲν
1326 2728 1509 2792 αὐτοῖς
1557 2730 1919 2803 εὑρεθησομέ-

329 2829 448 2877 vce;
475 2815 751 2886 σωτηρίας
776 2814 964 2882 ἀξίους
996 2818 1310 2875 αἰνίττεται.

413 3012 430 3041 ι
473 2993 608 3045 Οὐαὶ
633 2994 679 3045 οἱ
706 2993 1043 3064 ἐγειρόμενοι
1075 2995 1135 3048 τὸ
1163 2996 1329 3068 πρωῒ,
1355 2999 1449 3052 καὶ
1480 2999 1542 3052 τὸ
1575 2973 1767 3073 σίκερα
1793 3001 1915 3056 διώ-

336 3102 547 3148 κοντες,
574 3087 623 3137 οἱ
659 3087 907 3155 μένοντες
945 3087 1006 3140 τὸ
1042 3087 1160 3157 ὀψέ⁶
1193 3091 1224 3142 6
1254 3089 1359 3161 γὰρ
1391 3086 1531 3156 οἶνος
1558 3094 1758 3159 αὐτοὺς
1786 3112 1915 3165 συγ-

335 3179 556 3229 καύσει.
603 3196 622 3228 ι
663 3153 773 3248 ήΤῆς
813 3153 1182 3250 ἀποπολικῆς
1210 3153 1409 3246 λέξεως
1565 3153 1825 3257 ἐξήγησιν
1854 3153 1914 3241 τὸ
1941 3153 1984 3213 c

335 3269 516 3339 πιών
561 3271 710 3324 τοῦτο
743 3271 909 3342 μέρος
946 3272 1045 3343 τῆς
1089 3275 1426 3347 προφητείας
1471 3277 1746 3349 περιέχειο
1782 3279 1914 3334 διότι

330 3362 460 3434 γὰρ,
499 3363 650 3434 φησὶ,
684 3383 702 3413 r
745 3364 985 3417 Μέθυσοι
1020 3363 1296 3434 βασιλείαν
1326 3367 1460 3420 Θεοῦ
1489 3370 1549 3420 οὐ
1588 3369 1915 3444 κληρονομή-

325 3472 503 3509 σουσι·
545 3475 563 3506 ι
589 3457 872 3508 τουτέστιν
895 3457 943 3508 οἱ
966 3456 1090 3527 ἄρτι
1110 3456 1208 3528 τὴν
1241 3460 1304 3511 ὲκ
1336 3460 1436 3529 τῆς
1458 3461 1705 3533 νεότητος
1731 3465 1914 3518 ἄνοιαν

322 3548 675 3619 ἀποθέμενοι,
711 3549 804 3602 καὶ
835 3551 956 3602 ἀντὶ
988 3549 1087 3620 τῆς
1123 3549 1217 3604 τοῦ
1264 3551 1424 3621 λόγου
1456 3554 1737 3628 δυνάμεως
1765 3557 1914 3612 εὐτό-

323 3659 432 3704 νως
483 3641 882 3696 κατα-παλαίειν
935 3643 1000 3699 τὰ
1054 3642 1225 3714 πάθη,
1281 3644 1712 3719 ἀνατρεπόμενοι
1783 3653 1911 3723 παρ’

323 3734 531 3796 αὐτῶν,
559 3737 652 3788 καὶ
678 3730 791 3788 οἷόν
825 3753 944 3788 τινα
987 3735 1156 3808 μέθην
1188 3737 1256 3790 τὰ
1278 3738 1425 3810 πάθη
1464 3741 1909 3810 μεταδιώκοντες.

329 3828 494 3889 Εἰκὸς
523 3829 576 3880 δὲ
597 3830 722 3890 τοὺς
764 3827 1047 3894 Ἰουδαίους
1077 3831 1170 3882 καὶ
1205 3829 1340 3901 μετά
1371 3833 1471 3904 τὴν
1500 3834 1643 3889 κατὰ
1669 3835 1762 3888 τοῦ
1800 3837 1912 3889 Σω-

325 3921 393 3990 τῆ
403 3938 498 3991 ρος
539 3921 692 3990 ἡμῶν
721 3921 944 3991 τόλμαν,
1000 3923 1088 3975 ὅτε
1122 3923 1290 3994 ἐχρῆν
1339 3925 1538 3990 αὐτοὺς
1571 3927 1787 3980 πενθεῖν
1826 3927 1913 3982 διὰ

319 4016 426 4084 τὴν
457 4013 754 4083 μέλλουσαν
789 4013 1192 4085 καταλήψεσθαι
1219 4017 1417 4081 αὐτοὺς
1445 4019 1633 4090 ὀργὴν,
1675 4021 1914 4090 κραιπά-

319 4106 464 4174 λαις,
490 4106 584 4158 καί
617 4105 998 4174 οἰνοφλυγίαις,
1019 4107 1112 4160 καὶ
1140 4112 1206 4180 τῇ
1233 4107 1368 4181 ἄλλῃ
1397 4113 1576 4181 τρυφῇ
1611 4103 1909 4180 σχολάζειν.

318 4195 415 4248 Διὸ
462 4194 840 4258 ταλανίξονται
895 4196 1000 4249 ὑπὸ
1043 4196 1136 4250 τοῦ
1167 4197 1346 4268 λόγου,
1387 4199 1466 4262 ὼς
1497 4199 1913 4271 ἀνεπαισθήτως

319 4286 541 4355 ἔχοντες
557 4286 669 4339 τῶν
689 4287 812 4339 ὅσον
833 4285 985 4340 οὔπω
994 4289 1463 4361 καταληψομένων
1483 4291 1680 4354 αὐτοὺς
1703 4291 1907 4346 κακῶν.

2096 1993 2260 2049 Vsas.
2291 1992 2344 2046 7.
2380 2011 2397 2043 ι
2433 1991 2758 2064 Exspectavi
2800 2001 2858 2046 ut
2899 1991 3102 2047 faceret
3128 1990 3416 2067 judicium,
3470 1992 3596 2048 fecit

2023 2093 2201 2138 autem
2257 2084 2625 2154 iniquitatem,
2680 2093 2735 2140 et
2788 2099 2894 2140 non
2935 2084 3225 2154 justitiam,
3265 2087 3360 2141 sed
3395 2085 3596 2141 clamo-

2024 2191 2160 2231 rem.
2192 2193 2212 2228 ι
2245 2175 2380 2230 Nam
2419 2190 2580 2232 omne
2613 2189 2892 2248 peccatum
2925 2178 2992 2232 ad
3012 2188 3268 2245 mortem,
3296 2178 3591 2234 clamorem

2021 2265 2244 2335 emittit,
2286 2267 2555 2322 clamante
2607 2270 2690 2324 vel
2727 2271 2840 2341 ipsa
2893 2271 3150 2328 actione:
3205 2270 3286 2325 sic
3325 2269 3472 2325 enim
3507 2269 3593 2324 di-

2022 2369 2170 2414 ctum
2211 2370 2314 2424 est,
2357 2378 2376 2413 ι
2406 2361 2521 2416 Vox
2567 2363 2850 2433 sanguinis
2882 2362 3013 2419 Abel
3053 2361 3237 2418 fratris
3279 2361 3356 2416 tui
3401 2361 3596 2416 clamat

2021 2450 2086 2506 ad
2121 2466 2205 2506 me
2227 2451 2293 2506 ³⁸.
2326 2469 2344 2504 ι

2093 2543 2259 2600 νεεδ.
2289 2544 2379 2600 10.
2423 2564 2442 2598 ι
2478 2546 2578 2603 Ubi
2635 2561 2777 2602 enim
2820 2558 2981 2603 arant
3009 2549 3192 2602 decem
3221 2546 3344 2618 iuga
3404 2549 3588 2612 boum,

2021 2635 2186 2692 faciet
2222 2637 2570 2707 lagunculam
2627 2653 2827 2693 unam:
2877 2648 2932 2694 et
2986 2639 3080 2707 qui
3113 2640 3344 2693 seminat
3371 2638 3591 2691 artabas

2019 2744 2135 2792 sex,
2185 2727 2345 2784 faciet
2374 2743 2658 2785 mensuras
2686 2741 2814 2785 tres.
2849 2749 2867 2782 ι
2897 2728 3072 2784 Raros
3111 2729 3368 2798 quosdam
3417 2728 3592 2783 homi-

2017 2836 2136 2883 nes,
2173 2820 2264 2890 qui
2303 2821 2444 2890 apud
2478 2819 2623 2889 ipsos
2659 2821 2829 2875 salute
2858 2820 3003 2890 digni
3056 2819 3410 2888 reperientur,
3460 2819 3589 2874 sub-

2019 2911 2244 2965 indicat.

2089 3001 2253 3056 Vens.
2289 3002 2379 3056 11.
2417 3021 2436 3054 ι
2467 2999 2561 3058 Va:
2599 3004 2666 3058 iis
2690 3003 2779 3072 qui
2806 3017 2964 3058 mane
2993 3011 3242 3074 surgunt,
3278 3013 3331 3057 et
3358 3003 3584 3057 siceram

2017 3106 2456 3166 persequuntur;
2497 3097 2590 3168 qui
2633 3106 2854 3152 manent
2893 3111 3161 3167 vespere:
3219 3097 3404 3150 vinum
3445 3097 3586 3151 enim

2019 3189 2304 3245 eomburet
2359 3204 2474 3247 eos.
2525 3208 2545 3243 ι
2595 3189 2891 3260 Apostolici
2953 3189 3082 3243 dicti
3149 3188 3584 3259 explanationem

2016 3294 2143 3350 pars
2192 3282 2306 3338 haec
2365 3283 2661 3354 prophetiae
2712 3284 2952 3338 continet
2991 3299 3006 3336 :
3041 3297 3160 3336 nam
3209 3283 3348 3347 ideo,
3395 3283 3586 3349 inquit.

2023 3391 2042 3424 ι
2083 3371 2228 3427 Ebrii
2261 3388 2483 3443 regnum
2531 3373 2624 3429 Dei
2675 3389 2781 3428 non
2827 3373 3285 3444 possidebunt”;
3325 3389 3346 3443 ρ
3404 3372 3454 3426 id
3483 3381 3586 3436 est,

2017 3465 2107 3535 qui
2140 3466 2375 3520 nondum
2395 3467 2698 3536 juventutis
2727 3466 3095 3534 insipientiam
3113 3466 3499 3534 deposuerunt,
3533 3477 3590 3520 et

2015 3555 2132 3624 qui,
2169 3571 2292 3610 cum
2338 3555 2678 3610 turbulentos
2725 3556 2891 3609 animi
2946 3568 3122 3608 motus
3170 3565 3391 3609 strenue
3414 3570 3588 3623 oppu-

2024 3661 2192 3717 gnare
2240 3646 2504 3711 debeant,‘
2537 3647 2604 3700 ab
2655 3645 2722 3701 iis
2754 3654 2939 3701 contra
2968 3645 3375 3706 subvertuntur.
3400 3655 3453 3699 et
3486 3662 3584 3700 ceu

2015 3739 2306 3803 quamdam
2361 3737 2703 3804 ebrietatem,
2767 3736 2934 3791 animi
3010 3736 3229 3790 morbos
3284 3746 3584 3792 sectantur.

2018 3831 2322 3888 Verisimile
2368 3847 2532 3904 porro
2575 3839 2658 3885 est
2707 3827 2922 3884 Iudaeos
2970 3839 3091 3899 post
3130 3829 3332 3884 editum
3391 3839 3582 3884 contra

2017 3923 2353 3980 Salvatorem
2400 3932 2646 3978 nostrum
2694 3921 2893 3987 scelus,
2945 3936 3068 3976 cum
3124 3937 3223 3992 par
3259 3922 3582 3989 fuisseteos,

2017 4015 2237 4070 ultionis
2256 4031 2358 4085 qua
2390 4013 2679 4069 invadendi
2705 4023 2861 4068 erant
2895 4023 3063 4078 metu,
3086 4013 3294 4084 lugere,
3321 4013 3581 4082 crapulis,

2017 4107 2390 4169 ebrietatibus,
2440 4105 2668 4175 aliisque
2728 4103 3094 4173 voluptatibus
3150 4119 3398 4160 vacasse.
3443 4105 3586 4173 Qua-

2016 4207 2236 4266 propter
2293 4197 2476 4251 miseri
2536 4212 2564 4249 a
2624 4197 2901 4265 Scriptura
2961 4196 3342 4267 praedicantur.
3398 4207 3582 4266 utpote

2013 4287 2102 4354 qui
2134 4285 2280 4341 nullo
2308 4301 2428 4340 mox
2473 4285 2774 4340 futurorum
2805 4285 3067 4340 malorum
3097 4302 3258 4342 sensu
3302 4301 3582 4340 moveren-

2017 4388 2068 4432 ιιι
2077 4394 2117 4434 Γ.

398 4483 418 4516 ι
451 4463 730 4535 Μετάγάρ
752 4463 985 4536 κιθάρας
1011 4466 1106 4518 καὶ
1138 4464 1458 4537 ψαλτηρίου,
1495 4468 1588 4520 καὶ
1614 4467 1910 4538 τυμπάνων

2091 4469 2253 4527 Vens.
2283 4469 2370 4528 19..
2423 4486 2445 4523 ι
2473 4469 2606 4527 Nam
2654 4487 2776 4527 cum
2800 4473 3034 4537 cithara,
3067 4472 3324 4542 psalterio
3356 4480 3409 4525 et
3439 4479 3582 4542 tym-

315 4556 413 4608 τὸν
439 4552 587 4608 οΣνον
635 4555 881 4609 πίνουσι’
920 4555 989 4614 τὰ
1034 4556 1091 4610 δὲ
1139 4556 1274 4629 ἔργα
1308 4558 1512 4630 Κυρίου
1563 4560 1663 4613 οὐκ
1715 4560 1908 4630 ἐμϐλέ-

316 4664 510 4710 πουσι,
546 4650 640 4701 καὶ
669 4648 749 4702 τὰ
790 4648 927 4718 ἔργα
959 4648 1067 4702 τῶν
1107 4649 1302 4720 χειρῶν
1333 4650 1496 4703 αὑτοῦ
1533 4651 1594 4704 οὐ
1621 4651 1911 4705 κατανοοῦ-

319 4757 429 4792 σιν.
476 4760 493 4789 ι
545 4739 683 4792 Ἀλλ’
717 4739 836 4792 οὐδὲ
874 4741 984 4803 τοῖς
1014 4738 1178 4804 θείοις
1212 4741 1500 4811 προσέχειν
1548 4743 1769 4811 λογίοις,
1813 4745 1906 4797 καὶ

316 4833 423 4903 τὴν
461 4831 674 4884 ἐκεῖθεν
705 4831 970 4902 ὠφέλειαν
1015 4833 1355 4905 καρποῦσθαι
1403 4829 1512 4887 οἷόν
1540 4853 1597 4887 τε
1636 4838 1761 4898 τοὺς
1799 4853 1906 4888 κωο

323 4931 594 4998 μαστικὸν
631 4929 742 4998 βίον
787 4929 1216 5000 ἀσπαζομένους,
1263 4931 1356 4984 καὶ
1404 4929 1543 5003 μέθῃ
1578 4931 1671 4987 καὶ
1719 4931 1911 5002 κορδα-

317 5026 544 5092 κισμοῑς
577 5023 970 5095 κεχρημένους.

393 5218 414 5250 ι
456 5198 648 5252 Τοίνυν
678 5197 1019 5270 αἰχμάλωτος
1055 5201 1083 5254 6
1112 5201 1238 5265 λαός
1275 5219 1372 5272 μου
1411 5199 1667 5270 ἐγενήθη,
1714 5197 1799 5252 διὰ
1847 5198 1908 5251 τὸ

317 5291 397 5362 μὴ
446 5291 645 5346 εἰδέναι
678 5292 872 5355 αὐτοὺς
918 5292 1010 5344 τὸν
1041 5292 1264 5363 Κύριον,
1301 5291 1395 5345 καὶ
1440 5289 1643 5360 πλῆθος
1675 5290 1906 5362 ἐγενήθη

314 5384 532 5453 νεκρῶν
575 5383 662 5437 διὰ
709 5383 864 5455 λιμὸν
897 5386 991 5439 καὶ
1041 5383 1190 5452 δίψος
1235 5383 1421 5447 ὓδατος
1462 5382 1595 5454 (10).
1634 5401 1652 5434 ι
1701 5381 1908 5456 Ῥητῶς

386 5505 437 5537 ⁸⁸
465 5502 605 5559 Gen.
646 5518 721 5568 Iv,
751 5505 837 5559 10.
914 5505 958 5536 ’⁸
990 5504 1006 5556 |
1038 5503 1164 5558 Cor.
1192 5517 1263 5562 vt.
1295 5501 1380 5555 10.

390 5649 512 5718 (10)
553 5647 681 5703 ιιωε
713 5647 784 5701 ita
815 5647 1178 5718 llieronvmus
1211 5646 1397 5711 vertit,
1433 5663 1450 5696 ι
1482 5642 1788 5718 Hmcjuxta
1819 5641 1899 5696 lit-

316 5713 498 5774 teram
526 5719 799 5774 accidisse
837 5720 1033 5787 populo
1071 5717 1378 5774 Iudaeorum
1422 5716 1543 5787 sub_
1572 5713 1900 5782 Vespasiano

315 5803 372 5846 et
435 5789 559 5846 Tito
611 5785 872 5846 [laritanis
913 5785 1299 5857 principibus,
1350 5796 1457 5842 tam
1505 5785 1689 5841 Grates
1738 5798 1897 5852 quant

2017 4565 2172 4634 panis
2205 4564 2386 4617 vinum
2413 4573 2638 4634 potant:
2673 4580 2838 4635 opera
2901 4576 3078 4640 autem
3117 4563 3324 4618 Domini
3352 4579 3454 4616 non
3496 4578 3584 4618 re-

2016 4657 2273 4725 spiciunt,
2310 4667 2366 4711 et
2404 4671 2565 4726 opera
2604 4673 2859 4712 manuum
2882 4659 2996 4724 ejus
3026 4670 3130 4710 non
3164 4654 3523 4709 considerant.
3558 4673 3577 4706 ι

2021 4751 2214 4806 Verum
2244 4767 2342 4807 nec
2376 4752 2492 4806 ﬁeri
2534 4763 2770 4821 poterat,
2805 4763 2863 4807 ιιι
2900 4755 2956 4818 ii,
3000 4751 3091 4822 qui
3125 4749 3380 4806 lascivam
3413 4749 3579 4802 vitam

2017 4845 2505 4915 amplectebantur,
2546 4860 2611 4900 ac
2658 4846 2910 4900 ebrietati
2965 4841 3450 4911 saltationibusque
3494 4843 3582 4894 de-

2014 4935 2109 4990 diti
2161 4944 2339 4998 erant,
2372 4934 2571 4990 divinis
2616 4933 2958 4988 attenderent
3018 4931 3251 4989 oraculis
3311 4932 3377 4985 ab
3412 4930 3584 4998 iisque

2014 5027 2248 5081 fructum
2284 5026 2647 5097 perciperent.

2087 5196 2248 5253 Vrsas.
2293 5197 2378 5254 15.
2416 5217 2434 5251 ι
2467 5198 2635 5269 Igitur
2661 5197 2906 5268 captivus
2932 5197 3161 5268 p0pulus
3209 5211 3363 5252 mens
3406 5196 3584 5252 factus

2014 5299 2116 5356 est,
2147 5305 2214 5346 eo
2243 5291 2385 5361 quod
2413 5306 2516 5344 non
2545 5291 2901 5361 cognoverint
2939 5289 3225 5343 Dominum
3253 5306 3268 5345 :
3306 5301 3359 5344 et
3396 5289 3578 5343 multi-

2019 5385 2144 5439 tudo
2163 5393 2497 5438 mortuorurn
2516 5381 2620 5438 fuit
2639 5395 2860 5454 propter
2881 5383 3074 5437 famem
3099 5391 3155 5437 et
3180 5383 3325 5438 sitim
3354 5395 3528 5453 aquae.
3554 5400 3574 5434 ι

2012 5643 2201 5699 Latina
2259 5651 2454 5725 narrat
2495 5642 2741 5725 historia.
2803 5642 2952 5713 Quod
3000 5642 3369 5715 spiritualiler,
3418 5635 3578 5694 hodie

2011 5731 2228 5784 quoque
2256 5723 2550 5780 patiuntur,
2577 5732 2596 5766 ι
2629 5724 2734 5771 etc.
