4068 6198
458 296 561 352 H9

1122 292 1392 348 EUSEBII
1430 289 1910 350 CJESARIENSIS
1947 289 2098 346 OPP.
2142 289 2326 346 PARS
2362 289 2451 344 lll.
2492 320 2562 330 —
2602 286 3012 344 EXEGETICA.

3612 295 3712 348 ΙΞο

461 413 587 466 Haec
629 408 761 477 ipsis
796 407 863 462 ad
898 406 1132 461 litteram
1164 417 1220 460 et
1253 407 1549 461 secundum
1582 404 1869 460 historiam
1905 419 2034 459 eve-

2141 404 2236 474 μὲν
2287 399 2381 457 οῦν
2430 402 2889 472 ἐπῆλθεν-αὑτοῖς
2935 403 3110 456 ταῦτα
3159 405 3278 458 καθ’
3333 407 3571 477 ἱστορίαν
3623 410 3710 462 ἐπὶ

457 510 652 557 uerunt
683 500 781 553 sub
814 498 1144 566 Vespasiano
1169 509 1222 553 et
1251 499 1489 552 Adriano
1534 497 1902 551 Romanorum
1939 497 2033 550 im-

457 594 837 664 peratoribus;
867 591 1164 646 secundum
1221 601 1460 646 mentem
1513 605 1648 644 vero
1680 590 1842 645 etiam
1893 605 2033 643 nunt:

458 684 769 738 rationabili
810 697 950 752 pane
1004 681 1131 735 vita:
1162 682 1382 752 privati,
1433 680 1573 734 fame
1635 680 1878 735 ccelestis
1931 679 2030 733 ali-

457 777 624 829 menti
658 787 999 844 premuntur,
1059 774 1352 828 secundum
1410 773 1752 839 Scripturam
1805 773 1873 826 de
1928 772 2034 827 illis

459 870 528 921 ita
559 868 895 934 loquentem,
941 887 961 920 ι
997 868 1403 922 Couvertentur
1437 868 1503 920 ad
1536 880 1844 934 vesperam,
1869 875 1922 919 et
1951 865 2033 917 fa-

455 975 596 1012 mem
619 959 894 1027 patientur
926 966 980 1011 ut
1003 958 1177 1025 cauis,
1207 958 1596 1012 etcircuibunt
1616 957 1892 1010 civitatem
1919 955 1986 1009 ³ο.
2010 974 2028 1006 ι

455 1053 532 1103 Ac
590 1065 711 1104 cum
755 1051 1055 1119 principem
1106 1050 1229 1103 vitae
1283 1050 1626 1118 negaverint.
1694 1049 1746 1102 in
1802 1056 2032 1101 mortem

459 1143 656 1197 animm
686 1142 818 1211 lapsi
852 1154 978 1196 sunt
1007 1160 1020 1195 :
1061 1157 1293 1210 cumque
1318 1143 1716 1210 redemptorem
1745 1139 2034 1208 captivita-

460 1236 530 1289 tis
591 1237 920 1301 animarutn,
961 1236 1052 1304 qui
1100 1237 1454 1305 praedicatum
1529 1242 1750 1286 venerat
1801 1233 2030 1302 captivis

459 1328 863 1391 remissionem,
899 1337 951 1383 et
985 1331 1146 1383 cmcis
1178 1329 1325 1382 visus
1351 1323 2031 1389 restitutionem,aversati

458 1420 587 1484 sint,
651 1419 892 1474 inimicis
923 1419 1298 1488 spiritualibus
1330 1419 1539 1482 traditi,
1571 1427 1627 1471 et
1656 1417 2031 1487 captivitatem

458 1511 762 1573 animarum
793 1512 1034 1580 perpessi
1071 1521 1220 1565 sunt.

531 1603 697 1658 Vens.
753 1605 846 1660 20.
897 1622 914 1654 t
953 1603 1045 1658 Vae
1098 1604 1188 1672 qui
1247 1603 1429 1658 dicitis
1468 1602 1668 1657 malum
1721 1603 1948 1663 bonum,
1981 1607 2036 1655 et

455 1694 654 1746 bonum
702 1693 931 1755 malum;
966 1695 1055 1762 qui
1087 1694 1288 1764 ponitis
1321 1694 1576 1748 tenebras
1620 1693 1818 1756 lucem,
1863 1702 1919 1746 et
1953 1691 2033 1744 lu-

2137 492 2543 547 ούεσπασιανοῦ
2588 494 2682 546 καὶ
2731 493 3007 564 Ἀδριανοῦ
3051 495 3334 565 Ῥωμαίων
3385 500 3713 570 αὐτοκρατό-

2138 605 2275 658 ρων’
2314 586 2578 640 καὶκατὰ
2609 585 2847 639 διάνοιαν
2890 587 2946 638 δὲ
2983 587 3337 659 στερηθέντες
3367 589 3460 642 τοῦ
3500 590 3713 659 λογικοῦ

2136 677 2300 748 ἄρτου
2333 677 2433 748 τῆς
2468 676 2635 746 ζωῆς,
2674 676 2752 728 ἔτι
2779 677 2876 729 καὶ
2906 677 3001 730 νῦν
3027 680 3233 749 τροφῆς
3267 681 3589 750 ἐπουρανίου
3618 680 3715 744 τὰς

2134 769 2310 840 ψυχὰς
2345 768 2671 839 λιμώττουσι
2721 769 2863 822 κατὰ
2904 769 3001 840 τὴν
3036 771 3348 840 φάσκουσαν
3382 775 3508 842 περὶ
3540 773 3716 825 αὐτῶν

2135 860 2378 930 Γραφην·
2405 878 2422 908 t
2448 857 2896 927 Ἑπιστρέψουσιν
2914 862 2990 923 εἰς
3009 861 3264 931 ἑσπέραν.
3287 862 3378 914 καὶ
3389 861 3438 913 λι
3447 861 3716 931 μώξουσιν

2135 949 2208 1012 ὼς
2244 949 2412 1012 κύων,
2461 950 2554 1001 καὶ
2576 949 2914 1003 κυκλώσουσι
2962 950 3137 1004 πόλιν.
3169 971 3184 1001 ι
3208 952 3316 1005 Καὶ
3352 952 3441 1004 τὸν
3474 951 3717 1024 ἀρχηγὸν

2135 1039 2190 1090 δὲ
2213 1041 2310 1110 τῆς
2344 1039 2489 1110 ζωῆς
2533 1041 3002 1112 ἁπαρνησάμενοιν
3039 1041 3116 1112 τῷ
3146 1043 3244 1111 τῆς
3276 1042 3451 1112 ψυχῆς
3500 1041 3717 1111 θανάτῳ

2137 1131 2589 1202 περιπεπτώκασι
2613 1151 2626 1163 ·
2683 1135 2772 1187 τόν
2817 1153 2875 1188 τε
2925 1134 3204 1207 λυτρωτὴν
3245 1137 3342 1205 τῆς
3383 1138 3490 1188 τῶν
3529 1134 3717 1204 ψυχῶν

2136 1225 2515 1295 αἰχμαλωσίας
2563 1228 3022 1298 ἁποστραφέντες,
3069 1228 3162 1281 τὸν
3215 1227 3434 1281 ἐλθόντα
3481 1227 3715 1298 κηρῦξαι.

2135 1317 2499 1387 αἰχμαλώτοις
2523 1318 2716 1388 ἄφεσιν
2745 1321 2838 1373 καὶ
2870 1320 3092 1389 τυφλοῖς
3124 1319 3436 1389 ἀνάϐλεψιν,
3459 1323 3571 1382 τοῖς
3601 1337 3716 1390 νοη.

2135 1412 2250 1472 τοῖς
2286 1411 2564 1482 πολεμίοις
2594 1412 2988 1484 παρεδόθησαν,
3028 1413 3123 1466 καὶ
3149 1413 3248 1483 τὴν
3275 1410 3458 1482 ψυχῶν
3490 1411 3716 1481 ὑπέμει-

2137 1521 2234 1558 ναν
2260 1506 2652 1575 αἰχμαλωσίαν.

2213 1615 2230 1645 t
2261 1597 2394 1649 υύαὶ
2419 1598 2469 1649 οἱ
2499 1597 2747 1666 λέγοντες
2776 1599 2835 1650 τὸ
2869 1598 3103 1668 πονηρὸν
3136 1597 3319 1662 καλὸν,
3343 1597 3436 1650 καὶ
3464 1597 3524 1649 τὸ
3556 1595 3718 1650 καλὸν

2139 1693 2406 1765 πονηρόν·
2452 1694 2502 1745 οἰ
2549 1693 2787 1755 τιθέντες
2829 1693 2889 1745 τὸ
2938 1692 3128 1756 σκότος
3175 1691 3310 1762 φῶς,
3361 1693 3455 1744 καὶ
3495 1691 3556 1743 τὸ
3603 1689 3719 1759 φῶς

456 1798 573 1838 cem
618 1784 910 1848 tenebras;
941 1785 1029 1853 qui
1059 1785 1260 1853 ponitis
1290 1799 1539 1839 amarum
1587 1783 1766 1848 dulce,
1794 1795 1850 1838 et
1877 1784 2034 1837 dulce

2142 1787 2362 1849 σκότος·
2397 1786 2448 1838 οἱ
2480 1785 2722 1848 τιθέντες
2761 1785 2821 1837 τὸ
2856 1785 3050 1856 πικρὸν
3097 1785 3290 1854 γλυκὺ,
3326 1787 3418 1838 καὶ
3453 1785 3516 1838 τὸ
3546 1783 3717 1851 γλυκὺ

454 1889 723 1928 amarum.
758 1895 775 1924 ι
827 1875 1056 1946 Etha-c
1111 1890 1330 1946 quoque
1379 1876 1818 1945 praeedeutibus
1864 1875 2037 1941 subji-

457 1969 699 2026 ciuntur,
731 1969 888 2036 quasi
916 1969 982 2022 de
1008 1977 1251 2039 tempore
1293 1968 1502 2025 Christi
1534 1969 1699 2024 dicta.
1747 1967 1884 2022 Nam
1910 1983 2032 2022 cum

456 2059 656 2113 multos
691 2059 957 2114 doctrina:
980 2059 1264 2114 sermones
1295 2075 1324 2113 a
1353 2060 1638 2115 Salvatore
1678 2061 2029 2119 audivissent.

456 2165 667 2206 necnon
699 2161 884 2219 postea
925 2151 994 2205 ab
1025 2151 1288 2220 apostolis
1336 2151 1472 2218 ejus,
1532 2153 1666 2205 nihil
1718 2153 1846 2206 hinc
1892 2150 2032 2204 utili-

459 2243 584 2296 tatis
611 2242 889 2296 consecuti
924 2251 1050 2296 sunt
1077 2281 1094 2306 ,
1139 2243 1232 2296 sed
1257 2243 1309 2295 in
1341 2243 1724 2296 incredulitate
1765 2253 1820 2297 et
1851 2252 2033 2311 gesto-

457 2348 578 2385 rum
606 2332 940 2386 absurditate
970 2333 1407 2401 perseverantes,
1434 2333 1675 2402 peccatis
1703 2331 1817 2387 suis
1845 2347 2030 2388 acces~

458 2425 667 2478 sionem
711 2421 1028 2477 attulerunt.
1084 2422 1205 2477 Alio
1257 2423 1385 2478 item
1439 2424 1600 2478 modo
1649 2423 1763 2479 haec
1805 2423 1891 2488 iis,
1936 2425 2029 2493 qui

456 2515 609 2586 prius
646 2515 1061 2580 incusabantur,
1097 2515 1472 2570 conveniunt:
1510 2515 1710 2571 etenim
1747 2515 1908 2573 iidem
1937 2534 2028 2571 sa-

459 2624 584 2662 nam
621 2608 926 2663 doctrinam
975 2617 1314 2669 aversantes,
1356 2617 1410 2662 et
1444 2608 1496 2662 in
1540 2609 1714 2664 lucem
1752 2609 2028 2679 Evangelii

458 2701 717 2756 salutaris
751 2700 1064 2770 blasphema
1096 2700 1458 2769 proferentes,
1507 2708 1874 2770 putautesque
1915 2701 2032 2756 dul~

457 2802 551 2841 ces
585 2787 708 2842 illos
755 2803 819 2842 ac
875 2787 1052 2842 alendi
1107 2789 1156 2841 vi
1207 2788 1465 2857 praeditos
1510 2787 1810 2844 Salvatoris
1860 2792 2031 2845 nostri

459 2894 765 2944 sermones,
817 2895 1032 2934 amaros
1081 2896 1225 2948 esse,
1288 2881 1564 2950 improbas
1621 2883 1932 2938 econtrario
1980 2893 2032 2938 et

426 2969 728 3038 ~tualignas
779 2970 1157 3038 cogitationes,
1217 2982 1276 3025 ut
1321 2973 1493 3026 bonas
1540 2973 2030 3042 amplectebantur,

460 3076 526 3114 ac
576 3061 830 3116 tenebras
876 3062 1106 3126 erroris,
1161 3078 1280 3132 qua:
1334 3073 1569 3118 mentem
1604 3080 1756 3117 suam
1792 3080 2028 3133 occupa-

2142 1877 2357 1946 πικρόν.
2386 1895 2403 1927 ι
2462 1877 2570 1928 Καὶ
2618 1876 2790 1929 ταῦτα
2838 1875 2893 1928 δὲ
2938 1877 3051 1938 τοῖς
3096 1875 3472 1946 προλεχθεῖσιν
3530 1875 3719 1927 ἕπεται

2140 1966 2216 2030 ώς
2255 1967 2345 2018 ἐπὶ
2382 1965 2639 2038 Χριστοῦ.
2687 1966 2904 2019 Πολλῶν
2942 1965 3052 2037 γὰρ
3099 1965 3502 2030 ἐπακούσαντες
3571 1966 3718 2018 διδα-

2144 2057 2417 2112 σκαλικῶν
2469 2057 2640 2127 λόγων
2669 2058 2762 2111 τοῦ
2817 2059 3085 2128 Σωτῆρος,
3135 2057 3242 2111 τῶν
3290 2075 3350 2110 τε
3399 2058 3514 2128 μετ’
3558 2059 3718 2111 αὑτὸν

2140 2149 2453 2202 ἀποστόλων
2490 2149 2676 2212 αὑτοῦ,
2711 2149 2864 2202 οὐδὲν
2915 2150 3012 2219 μὲν
3060 2150 3195 2220 πρὸς
3235 2149 3502 2218 ὠφέλειαν
3547 2152 3716 2220 ἐκαρ-

2140 2237 2372 2290 ποῦντοο
2429 2238 2587 2309 τῇδὲ
2639 2239 2868 2308 ἀπιστία
2917 2237 3266 2307 ἐπιμένοντες
3316 2239 3408 2290 καὶ
3450 2241 3563 2300 τοῖς
3608 2239 3716 2292 τῶν

2139 2327 2314 2397 ἔργων
2361 2329 2695 2398 ἀτοπήμασι,
2728 2327 3042 2398 προσθήκας
3075 2327 3354 2382 ἐποιοῦντο
3403 2327 3511 2383 τῶν
3538 2329 3718 2400 ἁμαρν

2137 2419 2416 2490 τημάτων.
2465 2419 2575 2472 Καὶ
2619 2419 2792 2481 ἄλλως
2825 2419 2881 2472 δὲ
2915 2419 3086 2472 ταῦτα
3136 2423 3249 2484 τοῖς
3297 2420 3548 2491 ἀνωτέρω
3585 2437 3718 2473 κατ-

2139 2511 2485 2584 ηγορηθεῖσιν
2523 2511 2772 2582 ἁρμόζε.·
2802 2515 2850 2565 oi
2883 2513 2992 2584 γὰρ
3019 2513 3171 2566 αὐτοὶ
3202 2513 3294 2566 τὸν
3325 2515 3449 2585 ὑγιῆ
3475 2515 3720 2585 διαστρέ-

2139 2621 2330 2672 φοντες
2359 2603 2536 2672 λόγον,
2569 2605 2662 2658 καὶ
2694 2605 2754 2656 τὸ
2791 2603 2905 2673 φῶς
2937 2605 3030 2658 τοῦ
3064 2605 3332 2676 σωτηρίου
3385 2607 3717 2674 Εὐαγγελίου

2142 2697 2607 2768 βλασφημοῦντες,
2651 2698 2879 2769 πικρούς
2918 2715 2978 2750 τε
3019 2693 3315 2762 εἶναιτοὺς
3360 2699 3578 2767 γλυκεῖς
3625 2701 3718 2753 καὶ

2138 2789 2437 2860 τροφίμους
2488 2789 2581 2842 τοῦ
2635 2790 2887 2860 Σωτῆρος
2930 2791 3087 2862 ἡμῶν
3130 2792 3328 2861 ,λόγους
3383 2791 3713 2863 ἡγούμενοι,

2141 2881 2408 2934 ἀνάπαλιν
2440 2883 2564 2946 τοὺς
2612 2883 2916 2954 μοχθηροὺς
2970 2885 3061 2936 καὶ
3116 2890 3384 2956 πονηροὺς
3427 2886 3714 2956 λογισμοὺς

2139 2971 2214 3035 ὡς
2246 2971 2481 3039 ἀγαθοὺς
2510 2973 2917 3044 προσεδέχοντο,
2957 2975 3050 3028 καὶ
3079 2975 3139 3027 τὸ
3171 2977 3358 3039 σκότος
3384 2977 3482 3047 τῆς
3511 2977 3715 3046 πλάνης

2139 3065 2201 3116 τὸ
2233 3065 2454 3134 συνέχον
2482 3065 2660 3118 αὐτῶν
2688 3065 2788 3128 τὰς
2815 3067 3012 3136 ψυχὰς,
3044 3069 3100 3119 ἐν
3131 3067 3284 3138 χώρα
3321 3070 3494 3137 φωτὸς
3527 3069 3715 3122 ἐτίθεν-

453 3155 611 3219 bant,
657 3156 778 3208 vice
821 3153 1040 3208 luminis
1081 3155 1394 3224 ponebant:
1443 3155 1666 3210 malitia».
1711 3171 1840 3211 vero
1873 3172 2033 3214 acer-

2141 3175 2196 3210 το
2217 3172 2230 3188 ³
2256 3157 2356 3227 τῆς
2384 3174 2442 3209 τε
2465 3158 2664 3220 κακίας
2691 3157 2788 3227 τὴν
2824 3158 3028 3228 πικρὰν
3061 3159 3153 3212 καὶ
3185 3161 3510 3233 δηλητήριον
3537 3161 3714 3229 φύσιν,

459 3246 583 3300 bam
611 3257 665 3300 et
687 3246 978 3302 exitiosam
1011 3257 1286 3312 naturam,
1334 3249 1490 3318 quasi
1543 3249 1756 3304 dulcem
1798 3251 2033 3320 aliquam

461 3338 793 3410 voluptatem
828 3341 1321 3410 persequebantur.
1360 3343 1425 3396 Et
1459 3358 1590 3398 sane
1624 3346 1690 3400 ad
1725 3345 1828 3400 hoc
1867 3361 2037 3416 usque

467 3443 676 3500 tempus
709 3433 896 3487 videas
917 3433 1156 3501 ejusdem
1211 3436 1382 3490 moris
1429 3432 1646 3491 Iudaeos
1705 3451 1864 3492 esse:
1915 3454 2036 3492 nam

467 3523 742 3594 Evangelii
777 3525 1057 3579 veritatem
1097 3537 1419 3582 aversantur
1448 3569 1464 3594 ,
1519 3529 1691 3585 aniles
1729 3540 1914 3585 autetn
1956 3529 2039 3584 fa-

462 3613 644 3681 bulas,
669 3625 724 3670 et
749 3617 1067 3687 ignorantiae
1116 3621 1371 3675 tenebras
1409 3629 1708 3676 sectantur.
1751 3621 1868 3677 Hoc
1903 3621 2037 3678 alie-

462 3718 557 3764 ctu
595 3710 866 3776 instructi,
900 3711 1173 3767 Christum
1201 3713 1418 3782 quidem
1447 3715 1804 3784 abnegarunt,
1834 3716 2035 3771 Barabv

465 3803 589 3855 ham
617 3815 745 3855 vero
775 3803 1146 3871 expetierunt,
1180 3819 1304 3858 cum
1333 3804 1635 3861 latronibus
1671 3816 1727 3860 et
1769 3807 2038 3862 facinoro-

464 3894 542 3947 sis
598 3895 906 3962 portiouem
985 3911 1136 3949 suam
1192 3907 1472 3967 ponentes.
1518 3897 1631 3952 lmo
1689 3900 1851 3953 etiam
1913 3917 2036 3955 cum

465 3985 642 4039 atheis
678 3996 733 4038 et
765 3987 944 4053 impiis
976 3988 1287 4043 nationibus
1332 3992 1667 4059 congregati,
1715 3992 2032 4049 idololatras

468 4074 685 4145 quidem
729 4077 1025 4146 recipiunt,
1054 4079 1284 4148 probum
1330 4090 1508 4134 autem
1541 4092 1595 4135 et
1645 4090 2037 4151 temperantem

465 4166 665 4221 Christi
701 4168 954 4237 populum
988 4179 1312 4223 aversantur
1337 4181 1392 4225 et
1427 4183 1845 4242 persequuntur.

545 4259 701 4312 Vens.
721 4259 810 4325 21,
835 4259 926 4314 22.
951 4280 970 4312 ι
993 4262 1086 4316 Vat
1103 4262 1193 4330 qui
1215 4267 1484 4331 sapientes
1503 4265 1634 4319 estis
1666 4266 1718 4320 in
1750 4268 2042 4321 vobismet-

473 4351 626 4420 ipsis,
667 4360 721 4407 et
772 4368 953 4406 coram
993 4354 1147 4408 vobis
1179 4354 1331 4422 .ipsis
1383 4358 1696 4424 prudentes.
1749 4358 1838 4412 Va:
1875 4361 2042 4415 fortes

467 4445 663 4511 vestri,
697 4447 786 4514 qui
823 4446 1008 4500 bibunt
1033 4446 1240 4512 vinum,
1286 4457 1341 4500 et
1371 4459 1640 4516 potentes,
1687 4453 1776 4519 qui
1815 4451 2041 4505 miscent

465 4539 714 4594 siceram.
749 4558 767 4591 ι
792 4540 1094 4594 Secundum
1125 4539 1266 4594 aliud
1296 4557 1422 4595 vero
1448 4540 1804 4612 propositum,
1828 4543 2040 4599 Judteo-

469 4648 591 4686 rum
641 4634 883 4704 magistri
931 4633 1228 4688 Salvatoris
1271 4636 1612 4690 sermonibus
1655 4637 1891 4690 animum
1935 4653 2041 4691 non

473 4722 819 4789 adhibentes,
852 4743 910 4781 se
945 4728 1080 4796 ipsis
1129 4727 1391 4798 improbis
1423 4729 1736 4784 doctoribus
1774 4710 1904 4784 sunt
1933 4732 2040 4798 ttsi,

471 4829 657 4887 utpote
710 4820 986 4889 sapientes
1031 4822 1086 4874 in
1138 4822 1355 4891 scipsis,
1399 4833 1454 4877 et
1501 4838 1684 4877 coram
1732 4827 2042 4893 semetipsis

471 4912 792 4980 prudentes.
831 4913 1034 4968 Deinde
1070 4929 1221 4980 vero,
1270 4916 1424 4986 quasi
1458 4925 1707 4984 potentes
1729 4925 1785 4970 et
1817 4919 2041 4972 multum

476 5007 614 5072 apud
639 5006 848 5074 plebem
897 5010 1224 5065 auctoritate
1275 5011 1544 5074 valentes,
1595 5012 1831 5066 animam
1889 5029 2040 5068 suam

476 5095 737 5154 ebrietate
769 5101 1202 5168 circumdedere,
1232 5103 1552 5174 ignorantia:
1581 5105 1824 5159 tenebris
1859 5107 2038 5175 sopiti.

477 5187 593 5238 Jaut
632 5204 761 5243 vero
791 5192 910 5247 aliis
950 5194 1198 5248 dulosum
1257 5205 1441 5263 potum
1485 5194 1778 5259 miscuere,
1819 5196 1910 5263 qui
1955 5210 2046 5250 vu-

479 5283 633 5330 catur
663 5279 857 5345 Sicera,
893 5300 1164 5354 quemque
1211 5287 1537 5355 interpretes
1567 5285 1680 5349 alii,
1721 5288 2040 5341 ebrietatem

479 5367 845 5437 appellarunt.
880 5371 990 5429 lloc
1022 5392 1184 5446 porro
1215 5377 1459 5432 fecerunt
1509 5388 1879 5448 cauponantes
1921 5394 2045 5434 ver-

475 5457 603 5514 bum
641 5460 754 5514 Dei.

553 5551 713 5606 Vens.
751 5552 842 5608 ‘24.
892 5573 909 5605 ι
948 5555 1118 5615 Radix
1151 5577 1336 5618 eorum
1369 5563 1546 5635 pulvis
1577 5564 1704 5629 erit,
1747 5573 1804 5619 et
1828 5561 1923 5620 ﬂos
1953 5577 2046 5620 co-

547 5751 592 5786 ”
632 5756 954 5821 Psal.'t.vttt.
985 5759 1035 5812 7.

2139 3247 2328 3318 ὥσπερ
2359 3247 2481 3300 τινὰ
2520 3247 2794 3318 γλυκερὰν
2835 3249 3026 3319 ἡδονὴν
3077 3251 3425 3305 κατεδίωκον,
3473 3252 3632 3315 ’Ἱδοις
3673 3253 3716 3305 δ’

2136 3337 2202 3391 ἂν
2231 3338 2397 3391 εἰσέτι
2431 3339 2523 3391 καὶ
2554 3338 2649 3391 νῦν
2678 3338 2952 3402 τοιούτους
2987 3340 3117 3403 τοῦς
3143 3341 3250 3393 τῶν
3288 3342 3553 3395 Ἰουδαίων
3589 3346 3719 3396 παῖ-

2137 3431 2251 3495 δας,
2294 3430 2392 3501 τὴν
2438 3429 2536 3500 μὲν
2569 3430 2822 3500 ἀλήθειαν
2865 3430 2957 3482 τοῦ
3007 3430 3336 3498 Εὑαγγελίου
3381 3434 3721 3504 ἀποστρεφο-

2142 3524 2357 3596 μένους,
2383 3524 2508 3587 τοὺς
2534 3523 2590 3576 δὲ
2623 3522 2886 3593 γραώδεις
2919 3523 3119 3593 μύθους
3153 3525 3246 3576 καὶ
3277 3524 3337 3576 τὸ
3365 3525 3464 3595 τῆς
3496 3526 3720 3594 ἀγνοίας

2140 3617 2330 3679 σκότος
2383 3615 2831 3688 μεταδιώκοντας.
2877 3615 3062 3689 Ταύτῃ
3097 3618 3163 3688 τῇ
3209 3619 3524 3689 προαιρέσει
3549 3620 3723 3691 ἠρνή-

2141 3727 2302 3764 σαντο
2337 3709 2436 3780 μὲν
2479 3708 2571 3762 τὸν
2602 3709 2856 3780 Χριστὸν,
2888 3709 3159 3779 ᾐτήσαντο
3202 3709 3258 3761 δὲ
3287 3709 3377 3761 τὸν
3404 3706 3718 3780 Βαραϐϐᾶν,

2144 3801 2280 3873 μετὰ
2326 3801 2536 3873 λῃστῶν
2583 3801 2677 3854 καὶ
2734 3800 3054 3873 κακούργων
3104 3801 3201 3873 τὴν
3251 3801 3460 3854 ἑαυτῶν
3503 3800 3721 3872 θέμενοι

2147 3896 2356 3968 μερίδα.
2401 3895 2560 3949 Ἀλλὰ
2600 3897 2838 3960 καὶτοῖς
2880 3895 3061 3960 ἀθέοις
3115 3897 3209 3949 καὶ
3254 3895 3504 3948 ἀσεϐέσιν
3546 3895 3720 3948 ἔθνεσι.

2145 3987 2651 4060 συναγελαζόμενοι,
2685 3991 2812 4052 τοὺς
2871 3990 2966 4060 μὲν
3009 3988 3400 4059 εἰδωλολάτρας
3432 3987 3722 4058 ἀποδέχωο

2141 4099 2262 4145 ται,
2299 4081 2389 4133 τὸν
2426 4081 2484 4134 δὲ
2525 4081 2720 4153 σεμνὸν
2772 4083 2866 4135 καὶ
2910 4079 3160 4150 σώφρονα
3199 4080 3291 4132 τοῦ
3326 4080 3558 4150 Χριστοῦ
3595 4078 3722 4131 λαὸν

2142 4173 2575 4244 ἀποστρέφονται
2608 4175 2702 4226 καὶ
2734 4172 3040 4227 διώκουσιν.

2220 4286 2237 4316 t
2262 4266 2399 4319 Ούαὶ
2435 4269 2483 4319 οἱ
2528 4266 2736 4320 συνετοὶ
2781 4267 2839 4317 ἐν
2874 4267 3109 4338 ἐαυτρῖς,
3148 4263 3242 4316 καὶ
3283 4261 3512 4316 ἐνώπιον
3541 4261 3720 4314 αὐτῶν

2143 4359 2524 4428 ἐπιστήμονες.
2575 4359 2711 4411 Οὐαὶ
2753 4359 2802 4409 οἱ
2849 4355 3121 4425 ἰσχύοντες
3163 4353 3337 4424 ὑμῶν,
3384 4355 3434 4406 οἱ
3477 4354 3722 4416 πίνοντες

2145 4450 2234 4502 τὸν
2257 4446 2415 4511 οἶνον,
2452 4451 2546 4502 καὶ
2572 4449 2620 4501 οἱ
2649 4448 2901 4500 δυνάσται
2927 4448 2976 4498 οἱ
2996 4446 3348 4517 κεραννύντες
3377 4445 3447 4498 τὰ
3472 4446 3716 4516 σίκερα.»

2151 4541 2286 4594 Καθ’
2341 4541 2532 4612 ἑτέραν
2586 4539 2642 4591 δὲ
2691 4536 2942 4608 ἐπιϐολὴν
2999 4537 3070 4607 μὴ
3125 4536 3479 4607 προσέχοντες
3523 4537 3572 4587 οἱ
3614 4537 3723 4590 τῶν

2161 4637 2427 4691 Ἰουδαίων
2450 4635 2759 4706 καθηγηταί
2787 4636 2901 4697 τοῖς
2927 4633 3020 4686 τοῦ
3044 4634 3293 4703 Σωτῆρος
3311 4631 3509 4700 λόγοις,
3536 4635 3723 4695 κακοῖς

2147 4729 2480 4792 διδασκάλοις
2512 4727 2663 4780 αὐτοὶ
2698 4728 2908 4790 ἑαυτοῖς
2949 4725 3267 4796 ἐχρήσαντο,
3307 4723 3383 4786 ὡς
3433 4722 3640 4774 συνετοὶ
3664 4722 3724 4773 ἐν

2148 4825 2377 4885 ἑαυτοῖς,
2419 4821 2512 4873 καὶ
2563 4819 2792 4873 ἐνώπιον
2829 4818 3039 4871 ἑαυτῶν
3088 4819 3467 4887 ἐπιστήμονες.
3495 4816 3724 4866 Ἔπειτα

2148 4916 2224 4979 ὡς
2261 4913 2533 4985 ἰσχύοντες
2564 4913 2658 4965 καὶ
2689 4910 2857 4964 πολλὰ
2895 4911 3181 4980 δυνάμενοι
3222 4910 3279 4961 ἐν
3315 4907 3392 4978 τῷ
3424 4907 3555 4977 λαῷ,
3584 4906 3726 4981 μέθῃ

2155 5009 2254 5080 μὲν
2282 5008 2378 5077 τὴν
2410 5005 2617 5060 ἑαυτῶν
2651 5005 2826 5076 ψυχὴν
2861 5023 2925 5057 πε
2937 5004 3234 5077 ριέϐαλλον,
3263 5002 3340 5073 τῷ
3378 5002 3474 5070 τῆς
3502 5002 3725 5070 ἀγνοίας

2155 5102 2332 5172 σκότῳ
2363 5099 2710 5170 καρούμενοι.
2747 5098 2883 5169 Ἤδη
2913 5097 2968 5149 δὲ
3009 5098 3102 5150 καὶ
3140 5096 3344 5167 ἑτέροις
3388 5094 3546 5146 ποτὸν
3580 5092 3725 5145 δεδο-

2153 5193 2413 5264 λιωμένον
2459 5192 2708 5264 ἐκίρνων,
2759 5191 2820 5243 τὸ
2861 5190 3190 5263 καλούμενον
3241 5188 3464 5260 σίκερα·
3501 5188 3637 5257 ὅπερ
3676 5189 3726 5239 οἱ

2147 5285 2323 5338 λοιποὶ
2371 5284 2703 5354 ἐρμηνευταὶ
2757 5281 3008 5352 μέθυσμα
3057 5281 3374 5350 ὠνόμασαν·
3430 5277 3524 5332 καὶ
3571 5276 3734 5331 τοῦτο

2150 5379 2437 5449 ἔπραττον,
2478 5376 2875 5448 καπηλεύοντες
2904 5375 2994 5428 τὸν
3021 5374 3177 5442 λόγον
3211 5372 3303 5426 τοῦ
3331 5371 3487 5425 Θεοῦ.

2231 5585 2250 5618 t
2289 5565 2351 5619 'H
2389 5564 2513 5637 ῥίζα
2545 5565 2721 5621 αὐτῶν
2760 5567 2786 5618 ὁ
2814 5563 2939 5635 χοῦς
2972 5561 3141 5625 ἔσται,
3177 5559 3270 5614 καὶ
3301 5559 3360 5614 τὸ
3413 5557 3569 5623 ἄνθος
3625 5553 3719 5612 αὺ-
