4068 6198
491 283 514 302 δ

275 275 379 333 1‘21

281 397 401 453 τῶν
436 397 582 450 ὡσεὶ
615 395 891 466 κονιορτὸς
919 394 1278 465 ἀναϐήσεται.
1304 417 1320 448 ι
1343 396 1406 450 'H
1425 397 1716 470 ὡραιότης,
1751 400 1904 471 φησι,

292 489 396 546 τοῦ
437 490 723 563 σώματος,
751 492 840 544 καὶ
875 492 908 562 ἡ
940 490 1035 544 τοῦ
1077 490 1309 544 πλούτου
1339 491 1465 555 δόξα
1505 494 1600 545 καὶ
1639 493 1733 546 τοῦ
1766 511 1903 547 παν-

302 586 405 648 τὸς
434 584 622 647 ἔθνους
647 586 677 655 ἡ
712 584 1034 653 εὐπρέπεια,
1059 586 1184 638 ὅσον
1211 584 1422 638 οὐδέπω
1452 585 1730 657 κονιορτοῦ
1751 587 1906 658 δίκην

309 676 855 746 διασκεδασθήσεται.
896 694 916 728 ι
940 678 1014 730 Οὐ
1038 677 1148 748 γὰρ
1178 676 1446 747 ἠθέλησαν
1466 677 1558 730 τὸν
1598 679 1762 748 νόμον
1796 681 1908 732 Κυ-

323 771 438 840 ρίου
486 769 748 821 Σαδαώθο
801 768 939 822 ἀλλὰ
979 769 1042 822 τὸ
1089 769 1271 838 λόγιον
1326 769 1420 822 τοῦ
1472 771 1628 837 ἁγίου
1692 771 1906 842 Ἰσραὴλ

321 860 653 930 παριξυναν.
690 880 710 911 ι
746 861 910 912 Ποῖον
939 862 1125 931 νόμον,
1161 861 1193 932 ἢ
1227 862 1367 931 τάχα
1399 863 1525 933 περὶ
1557 857 1617 916 οὗ
1646 863 1906 935 ἀνωτέρω

319 951 506 1019 ἔλεγεν,
528 971 544 1000 ι
571 952 671 1004 Ἐκ
719 951 832 1021 γὰρ
871 950 1010 1004 Σιὼν
1043 951 1384 1015 ἐξελεύσεται
1418 952 1601 1023 νόμος,
1631 953 1722 1005 καὶ
1751 953 1904 1021 λόγος

315 1044 506 1113 Κυρίου
541 1041 601 1106 ἐξ
642 1043 1035 1113 Ἱερουσαλήμς
1071 1062 1090 1092 ι
1135 1040 1374 1112 Ἐπειδὴ.
1404 1041 1588 1110 φησὶν,
1617 1041 1718 1094 οὐκ
1743 1042 1906 1112 ἠϐου-

309 1133 543 1203 λήθησαν
575 1135 670 1186 τὸν
709 1135 876 1204 νόμον
909 1135 1006 1205 τῆς
1047 1134 1240 1204 καινῆς
1274 1135 1549 1206 Διαθήκης
1573 1151 1587 1164 ⁶
1635 1134 1769 1187 ἀλλὰ
1815 1136 1904 1187 τὸν

310 1225 482 1288 ζῶντα
507 1226 605 1278 τοῦ
641 1227 780 1279 Θεοῦ
809 1227 982 1294 Λόγον
1011 1225 1354 1297 παρώξυναν.

383 1338 399 1366 ι
431 1316 639 1368 Τούτου
668 1317 831 1387 χάριν
863 1314 1123 1386 ἐθυμώθη
1166 1313 1370 1384 Κύριος
1406 1314 1497 1366 ἐπὶ
1525 1314 1617 1367 τὸν
1648 1314 1777 1368 λαὸν
1809 1316 1905 1368 αὐ-

314 1409 431 1462 τοῦ’
459 1430 473 1458 ι
498 1409 558 1461 ὃν
581 1409 743 1471 αὐτὸς
771 1409 869 1478 μὲν
902 1406 1162 1476 ἠϐούλετο
1191 1407 1389 1458 οἰκεῖον
1419 1405 1582 1458 αὑτοῦ
1614 1405 1740 1458 λαὸν
1765 1401 1904 1459 εἶναί

317 1519 375 1554 τε
412 1499 922 1573 κα¹ιχρηματίζειν’
967 1501 1016 1551 οἱ
1065 1499 1109 1551 δ’
1144 1499 1242 1550 οὐκ
1289 1497 1592 1553 ἐϐούλοντο.
1639 1499 1903 1570 Σημαίνει

321 1593 376 1645 δὲ
403 1593 490 1646 διὰ
514 1594 711 1646 τούτων
739 1592 1018 1661 πολεμίων
1047 1588 1232 1659 ἔφοδον
1262 1591 1356 1642 καὶ
1385 1589 1592 1660 πλῆθος
1621 1589 1727 1643 τῶν
1753 1591 1905 1644 ἀναι-

332 1688 633 1756 ρουμένων·
669 1685 742 1748 ὡς
763 1685 858 1739 καὶ
889 1683 1030 1737 αὐτὰ
1067 1682 1401 1754 πληροῦσθαι
1441 1681 1512 1736 τὰ
1544 1683 1646 1753 ὄρη
1696 1684 1902 1753 νεκρῶν

338 1780 622 1847 σωμᾶτων,
663 1779 756 1830 καὶ
791 1777 884 1846 τὴν
923 1775 1107 1846 χώραν
1154 1775 1371 1829 ἃπασαν
1421 1775 1530 1828 τῶν
1566 1775 1904 1846 θνησιμαίων

342 1869 524 1921 αὐτῶν
555 1869 747 1939 μεστὴν
771 1869 1027 1936 γενέσθαι.
1055 1869 1240 1922 Πάντα
1269 1869 1325 1920 δὲ
1348 1868 1521 1920 ταῦτα
1551 1868 1735 1930 αὐτοῖς
1766 1884 1904 1937 συμ-

345 1961 568 2031 ϐήσεται
600 1965 658 2014 ἐκ
685 1961 782 2030 τῆς
814 1961 916 2012 τῶν
936 1960 1198 2030 πολεμίων
1228 1960 1438 2029 ἐφόδου·
1468 1960 1535 2029 ἢν
1563 1961 1664 2012 οὐκ
1695 1957 1755 2022 ἐξ
1781 1961 1906 2011 ἑαυ-

349 2054 458 2105 τῶν
511 2055 852 2122 ἐποιήσαντο·
903 2051 1023 2115 Θεὸς
1071 2052 1127 2105 δὲ
1172 2048 1310 2123 ¹ἦγεν
1351 2052 1566 2116 αὐτοὺς,
1624 2051 1906 2123 μονονουχὶ

352 2143 523 2213 σύρων
557 2144 643 2196 καὶ
676 2143 845 2196 ἕλκων
889 2143 978 2195 ἐπὶ
1004 2143 1103 2214 τὴν
1134 2143 1243 2196 τῶν
1272 2143 1756 2216 καταγορηθέντων
1809 2160 1908 2196 πο-

337 2235 588 2307 λιορκίαν.

402 2348 420 2380 ι
463 2329 594 2381 Ἀλλ’
624 2329 704 2382 ἔτι
743 2332 775 2400 ἡ
825 2330 948 2401 χεὶρ
977 2327 1156 2400 ὑψηλὴ
1180 2345 1194 2359 ⁸
1232 2328 1516 2400 τοιγαροῦν
1545 2327 1668 2399 ἀρεῖ
1701 2327 1905 2399 σύσση-

330 2439 425 2491 μον
457 2424 562 2484 τοῖς
593 2421 770 2475 ἔθνεσι
798 2425 910 2485 τοῖς
947 2420 1239 2492 μακρόθεν,
1267 2421 1360 2473 καὶ
1392 2423 1568 2491 συριεῖ
1593 2420 1789 2482 αὐτοὺς
1810 2418 1905 2472 ἀπ’

326 2515 486 2585 ἄκρου
515 2515 615 2583 τῆς
645 2515 770 2584 γῆς.
800 2533 817 2564 ι
869 2512 1079 2584 ’Υψηλὴ
1125 2511 1254 2581 γοῦν
1286 2515 1319 2583 ἡ
1352 2511 1446 2564 τοῦ
1475 2510 1609 2564 Θεοῦ
1641 2512 1762 2583 χεὶρ
1785 2511 1905 2564 κατ’

325 2605 494 2659 αὐτῶν
527 2606 743 2676 ὑπῆρχε
781 2606 871 2659 διὰ
907 2606 969 2658 τὸ
1001 2605 1258 2675 ἐπίμονον
1291 2604 1466 2658 αὐτῶν
1499 2604 1598 2674 τῆς
1627 2603 1902 2666 ἀπιστίας.

323 2699 392 2751 Τὸ
418 2700 524 2770 γὰρ
552 2699 618 2769 δὴ
648 2702 853 2770 χεῖρον,
884 2699 966 2752 ὅτι
993 2697 1127 2750 οὐδὲ»
1149 2697 1351 2750 τούτων
1391 2697 1711 2766 γινομένων,
1747 2695 1902 2766 φησὶν

324 2791 717 2862 ἐπιεικέστεροι
770 2789 1084 2858 γεγόνασιν,
1138 2789 1270 2842 ἀλλᾶ
1322 2790 1433 2851 τοῖς
1479 2788 1663 2851 αὐτοῖς
1713 2787 1907 2858 ἐπιμέ-

327 2900 526 2935 νουσιν.

405 2998 420 3028 ι
445 2978 556 3030 Καὶ
576 2975 754 3046 βοήσει
775 2975 843 3027 δι’
865 2973 1062 3036 αὐτοὺς
1079 2974 1135 3025 ἐν
1150 2974 1214 3042 τῇ
1242 2971 1426 3043 ἡμέρα
1456 2971 1639 3042 ἐκείνῃ
1660 2971 1735 3033 ὡς
1755 2969 1908 3042 φωνὴ

1271 271 1774 332 COMMENTARIA
1812 275 1878 330 IN
1918 275 2162 334 ISAIAM.
2203 311 2274 322 --
2309 280 2459 336 CAP.
2500 280 2590 337 Vl.

3466 285 3499 338 Ἰ
3510 286 3578 340 ίὶὲ

1936 403 1981 462 Α
2010 415 2128 453 rum
2158 400 2312 470 quasi
2358 402 2531 470 pulvis
2567 409 2842 456 ascendet.
2875 419 2896 454 ι
2943 400 3188 470 Species,
3231 400 3424 471 inquit,
3451 420 3578 457 cor-

2006 492 2170 561 poris,
2218 493 2531 546 divitiarum
2586 493 2754 561 gloria
2810 501 2867 546 et
2938 493 3100 546 totius
3152 494 3328 560 gentis
3389 496 3576 561 decor,

2006 583 2241 654 pulveris
2266 584 2580 639 fereinstar
2603 585 2980 655 dissipabitur.
3035 603 3053 636 ι
3091 583 3387 640 Noluerunt
3433 587 3576 642 enim

2006 675 2174 748 legem
2207 677 2420 731 Domini
2475 678 2755 742 Sabaoth;
2806 678 2899 732 sed
2946 678 3166 732 verbum
3199 679 3372 733 sancti
3413 679 3579 734 Israel

2007 769 2386 825 irritaverunt.
2413 789 2432 822 ι
2471 771 2641 836 Quam
2669 770 2865 836 legem,
2900 770 3000 824 nisi
3032 783 3148 823 eam
3190 771 3257 824 de
3285 786 3387 840 qua
3419 787 3580 840 supe-

2006 863 2119 917 rius
2156 863 2395 925 dicebat,
2431 881 2448 914 ι
2478 861 2613 916 Nam
2648 864 2713 915 de
2742 861 2870 914 Sion
2906 863 3077 916 exibit
3128 862 3236 926 lex,
3271 872 3326 917 et
3353 863 3578 918 verbum

2007 952 2216 1008 Domini
2256 953 2323 1008 de
2355 951 2698 1008 Jerusalem?
2735 972 2752 1006 ι
2806 952 2965 1021 Quia,
2999 954 3196 1022 inquit,
3225 954 3356 1008 Novi
3389 954 3581 1010 Testa-

2007 1045 2174 1097 menti
2233 1045 2406 1113 legem
2440 1043 2768 1111 noluerunt;
2833 1045 2942 1100 imo
2997 1047 3157 1101 etiam
3201 1044 3435 1101 Verbum
3487 1047 3580 1101 Dei

2005 1136 2195 1190 vivens
2221 1135 2598 1190 irritaverunt.

2080 1315 2248 1371 Vens.
2276 1317 2368 1372 25.
2415 1336 2433 1369 ι
2471 1316 2594 1372 Ideo
2623 1319 2794 1373 iratus
2823 1327 2907 1372 est
2954 1320 3214 1376 Dominus
3241 1321 3297 1376 in
3324 1322 3578 1392 populum

2005 1423 2188 1462 suum.
2225 1426 2245 1460 ι
2288 1408 2456 1475 Quem
2491 1410 2606 1479 ipse
2638 1411 2856 1480 quidem
2889 1413 3167 1482 proprium
3190 1415 3291 1468 sibi
3324 1414 3580 1484 populum

2005 1513 2127 1554 esse
2158 1509 2212 1555 et
2238 1501 2499 1570 appellari
2530 1502 2775 1566 volebat;
2812 1503 2910 1574 ipsi
2949 1521 3077 1560 vero
3118 1506 3450 1560 abnuerunt.
3483 1504 3580 1559 His

2004 1604 2167 1658 porro
2207 1591 2477 1660 significat
2510 1592 2864 1648 inimicorum
2919 1595 3274 1665 irruptionem
3306 1612 3369 1650 ac
3411 1612 3581 1652 caeso-

2005 1697 2124 1737 rum
2161 1683 2564 1738 multitudinem
2596 1727 2611 1750 ,
2651 1687 2722 1740 ita
2754 1697 2811 1740 ut
2849 1689 3010 1742 etiam
3059 1699 3268 1743 montes
3299 1683 3583 1744 cadaveri-

1936 1753 1978 1806 Β
2009 1775 2108 1827 bus
2139 1772 2470 1841 repleantur,
2506 1781 2565 1828 et
2592 1776 2845 1830 universa
2885 1778 3032 1847 regio
3065 1777 3366 1832 morticinis
3393 1794 3584 1840 eorum

2007 1866 2160 1936 plena
2195 1869 2410 1924 evadat.
2441 1866 2566 1923 Haec
2613 1879 2794 1923 autem
2828 1870 3008 1924 omnia
3051 1885 3113 1922 ex
3155 1871 3388 1925 hostium
3433 1871 3588 1926 iuva-

2006 1960 2159 2014 sione
2184 1960 2314 2030 ipsis
2353 1961 2650 2014 evenient:
2694 1977 2856 2029 quam
2891 1962 2992 2030 ipsi
3029 1977 3136 2015 non
3183 1971 3380 2032 suopte
3434 1972 3596 2018 motu.

2007 2051 2258 2106 fecerunt
2291 2095 2306 2120 ,
2339 2054 2432 2107 sed
2457 2052 2567 2107 Deo
2596 2063 2820 2124 agente,
2849 2063 2903 2108 ct
2932 2062 3142 2107 tantum
3191 2068 3299 2108 non
3337 2053 3588 2108 trahente

2007 2158 2072 2198 ac
2098 2143 2335 2214 pellente
2361 2144 2483 2199 illos
2506 2144 2572 2198 ad
2609 2160 2824 2199 reorum
2874 2145 3236 2200 obsidionem.

2079 2325 2242 2380 Vens.
2267 2325 2357 2380 96.
2410 2345 2427 2378 ι
2468 2326 2575 2382 Sed
2608 2327 2829 2396 insuper
2866 2342 3057 2381 manus
3091 2326 3186 2382 Dei
3212 2325 3455 2382 excelsa:
3482 2325 3585 2398 igi-

2009 2427 2094 2472 tur
2125 2419 2365 2474 elevahit
2395 2420 2608 2490 signum
2638 2420 2889 2490 gentibus
2941 2419 3277 2488 longinquis,
3325 2429 3377 2474 et
3409 2417 3586 2473 trahet

2007 2526 2100 2566 eas
2126 2510 2193 2566 ab
2222 2520 2472 2566 extremo
2504 2522 2681 2567 terrae.
2728 2531 2746 2563 ι
2793 2511 3012 2566 Excelsa
3052 2513 3217 2582 igitur
3251 2519 3438 2567 contra
3469 2511 3587 2566 illos

2008 2602 2111 2655 fuit
2144 2618 2337 2656 manus
2373 2603 2494 2669 Dei,
2523 2604 2592 2656 ob
2640 2601 3044 2657 incredulitatis
3096 2617 3284 2656 eorum
3335 2617 3588 2671 persevev

2005 2693 2263 2750 rantiam.
2311 2693 2464 2759 Quod
2519 2692 2666 2748 enim
2711 2693 2954 2747 deterius
2991 2702 3095 2756 est,
3134 2708 3201 2746 ne
3237 2692 3341 2746 illis
3367 2692 3583 2762 quidem

2009 2784 2080 2838 ita
2116 2775 2297 2855 gestis.
2325 2784 2594 2858 mquiores
2639 2783 2769 2837 facti
2804 2790 2963 2848 sunt,
3003 2781 3096 2836 sed
3133 2782 3322 2836 eodem
3360 2781 3411 2834 in
3440 2790 3584 2834 statu

2011 2886 2382 2946 perseverant.

2082 2968 2247 3024 Vens.
2273 2967 2362 3023 50.
2411 2986 2431 3021 ι
2469 2969 2536 3024 Ει
2565 2967 2823 3024 clamabit
2866 2975 3087 3037 propter
3123 2981 3218 3020 eos
3264 2965 3316 3019 in
3355 2964 3442 3018 die
3490 2963 3582 3018 illa

327 3070 606 3138 θαλάσσης
666 3065 1101 3136 κυμαινούσης.»
1171 3063 1436 3117 Ἐνταῦθα
1490 3059 1582 3116 οὖν
1638 3062 1907 3135 προσήκει

2010 3063 2165 3134 quasi
2206 3078 2307 3117 vox
2342 3063 2511 3116 maris
2543 3061 2843 3115 aestuantis.
2872 3079 2891 3112 ι
2929 3059 3026 3112 llic
3051 3060 3586 3113 animadvertendum

327 3161 626 3229 ἐπιστῆσαι
671 3160 755 3210 τὸν
796 3157 958 3219 νοῦν,
1011 3155 1086 3220 ὡς
1131 3156 1192 3208 τὸ
1239 3155 1444 3227 πλῆθος
1485 3154 1595 3208 τῶν
1633 3154 1906 3228 πολεμίων

326 3256 479 3324 φωνῇ
514 3252 780 3321 θαλάσσης
813 3250 1071 3319 ἐξομοιοῖ.

853 3341 1252 3394 ΚΕΦΑΛΑΙΟΝ
1286 3343 1375 3408 ς’.

394 3458 414 3490 ε
444 3438 556 3491 Καὶ
584 3437 800 3505 ἐγένετο
827 3433 919 3487 τοῦ
968 3433 1235 3497 ἐνιαυτοῦ,
1267 3430 1326 3487 οῦ
1357 3431 1626 3486 ἀπέθανεν
1668 3431 1846 3497 Ὀζίας
1880 3433 1910 3484 6

320 3530 595 3603 βασιλεύς.
624 3550 642 3580 ι
682 3528 783 3581 Διὰ
820 3528 873 3579 τί
899 3526 973 3604 μὴ
1005 3525 1083 3578 ἔτι
1112 3525 1313 3589 ζῶντος
1354 3525 1529 3590 Ὀζίου
1558 3524 1657 3596 τὴν
1691 3541 1911 3595 προκει-

322 3627 494 3692 μένην
519 3622 642 3691 ὅιᾷιν
673 3619 841 3691 ἐώρα,
869 3619 983 3672 ἀλλ’
1013 3621 1070 3672 ἐν
1093 3618 1169 3689 τῷ
1194 3617 1303 3670 ἔτει
1326 3609 1368 3686 ᾧ
1394 3615 1660 3670 ἀπέθανεν
1685 3633 1698 3682 ;
1734 3613 1906 3688 οἶμαι,

320 3717 440 3777 ὅτι,
490 3713 576 3767 διὰ
623 3714 683 3767 τὸ
734 3712 1044 3784 ἐπαρθῆναι
1100 3710 1296 3770 αὑτὸν,
1349 3709 1443 3762 καὶ
1499 3709 1597 3780 τὴν
1647 3707 1910 3779 μηδαμῶς

326 3811 710 3880 πῳσήκουσαν
739 3805 889 3873 αὐτῷ
923 3802 1238 3874 ἐγχειρῆσαι
1273 3799 1464 3853 θυσίαν
1503 3804 1906 3871 προσενεγκεῖν,

322 3900 471 3954 ὥστε
500 3901 592 3952 καὶ
623 3899 720 3968 τὴν
751 3897 957 3968 λέπραν
985 3894 1288 3963 ὲπανθῆσαι
1311 3893 1388 3971 τῷ
1415 3892 1692 3963 προσώπῳ
1721 3890 1908 3955 αὐτοῦ,

321 3995 479 4056 εἰκὸς
509 3988 576 4062 ἦν
615 3987 1094 4061 ἀνακεχωρηκέναι
1131 3987 1230 4056 τὴν
1262 3985 1422 4056 χάριν
1447 3983 1542 4037 τοῦ
1569 3984 1703 4037 Θεοῦ
1735 3985 1912 4039 πάντα

324 4086 415 4138 τὸν
459 4085 650 4155 χρόνον
699 4083 799 4151 τῆς
835 4077 1002 4134 αὐτοῦ
1038 4079 1202 4149 ζωῆς,
1239 4078 1360 4131 καθ’
1396 4077 1454 4130 δν
1501 4077 1912 4149 λελεπρωμένος

325 4178 568 4247 κατῴκει
601 4175 697 4246 τὴν
738 4170 1119 4244 Ἰερουσαλήμ.
1148 4170 1365 4243 Λεπροῦ
1402 4169 1509 4241 γὰρ
1541 4169 1800 4239 βασιλέως
1830 4171 1907 4221 οἰ-

327 4271 552 4332 κοῦντος
581 4269 672 4321 τὸν
693 4267 878 4329 τόπον,
907 4264 1130 4328 εἰκότως
1154 4264 1570 4334 ἁνακεχωρήκει
1600 4264 1632 4332 ή
1665 4260 1790 4327 δόξα
1817 4260 1910 4314 τοῦ

324 4362 488 4415 Θεοῦ.
536 4361 688 4413 Ἐπεὶ
719 4360 778 4412 δὲ
821 4357 1076 4411 ἐτελεύτα
1110 4357 1208 4428 μὲν
1240 4359 1464 4418 ἐκεῖνος,
1521 4355 1741 4407 Ἰωάθαν
1781 4353 1838 4406 δὲ
1882 4355 1910 4406 ὁ

327 4455 444 4517 υἱὸς
475 4451 640 4506 αὐτοῦ
673 4452 770 4523 τὴν
803 4449 1074 4522 βασιλείαν
1101 4449 1389 4515 διεδέξατο,
1441 4449 1569 4519 περὶ
1609 4439 1670 4500 οὗ
1716 4446 1916 4517 γέγρα-

329 4563 486 4606 πται,
513 4565 530 4594 ι
557 4544 667 4598 Καὶ
696 4543 918 4614 ἐποίησε
938 4542 998 4596 τὸ
1017 4541 1171 4604 εὑθές
1185 4543 1240 4594 ἐν
1256 4540 1550 4610 ὀφθαλμοῖς
1565 4539 1788 4611 Κυρίου·
1806 4560 1822 4590 ι
1845 4541 1920 4591 εί-

330 4639 506 4701 κότως
533 4636 649 4689 κατ’
674 4635 835 4688 αὐτὸν
852 4636 1058 4687 ἐκεῖνον
1074 4633 1163 4686 τὸν
1180 4631 1420 4685 ἐνιαυτὸν
1445 4632 1500 4683 ἐν
1525 4624 1568 4697 ᾧ
1594 4631 1621 4681 6
1643 4629 1917 4695 λελεπρω-

333 4731 494 4802 μένος
531 4728 856 4798 μετηλλάχει
899 4725 989 4779 τὸν
1034 4724 1168 4796 βίον,
1207 4727 1235 4776 6
1276 4723 1333 4776 δὲ
1370 4723 1661 4794 εὐάρεστος
1694 4721 1770 4792 τῷ
1800 4720 1919 4792 Θεῴ

331 4823 428 4894 τὴν
478 4821 756 4891 βασιλείαν
801 4818 1093 4882 διεδέξατο,
1147 4811 1303 4879 αὖθις
1341 4816 1376 4886 ἡ
1421 4814 1546 4882 δόξα
1581 4812 1788 4885 Κυρίου
1831 4813 1921 4864 ἐπ-

331 4916 491 4985 ανῄει
526 4915 620 4967 ἐπὶ
649 4913 737 4965 τὸν
782 4908 950 4974 οἷκον,
979 4910 1187 4988 δηλαδὴ
1210 4908 1303 4961 τὸν
1333 4907 1460 4961 ναὸν
1483 4905 1711 4977 Κυρίου.
1748 4906 1812 4957 Ὃ
1848 4903 1913 4974 δὴ

330 5008 424 5060 καὶ
453 5008 660 5078 ἱστορεῖ
680 5006 708 5058 6
733 5003 1248 5076 προφήτηςλὲγων,‹
1271 5001 1380 5055 Καὶ
1394 4998 1611 5068 ἐγένετο
1623 4995 1716 5050 τοῦ
1739 4999 1917 5049 ἐνιαυ-

330 5098 448 5160 τοῦ,
479 5091 541 5150 οὗ
570 5097 839 5151 ἀπέθανεν
876 5095 1056 5160 Ὀζίας
1079 5099 1108 5149 6
1134 5094 1402 5166 βασιλεὺς,
1432 5087 1570 5144 εἶδον
1597 5091 1688 5144 τὸν
1713 5089 1916 5160 Κύριον

333 5190 646 5260 καθήμενον
691 5189 784 5241 ἐπὶ
826 5188 1016 5260 θρόνου
1061 5186 1266 5258 ὑψηλοῦ
1305 5188 1399 5240 καὶ
1448 5183 1779 5256 ἐπηρμένου·
1825 5184 1918 5236 καὶ

335 5283 552 5354 πλήρης
577 5285 606 5336 6
637 5277 784 5346 οἶκος
821 5282 921 5350 τῆς
956 5281 1113 5352 δόξης
1156 5277 1342 5335 αὑτοῦ.
1365 5297 1382 5329 ι
1418 5273 1584 5348 Οἶμαι
1615 5276 1672 5328 δέ
1707 5277 1800 5329 καὶ
1828 5275 1916 5329 διὰ

331 5376 542 5429 τούτων
568 5374 938 5447 παρίστασθαι
963 5374 1046 5437 τίς
1070 5373 1185 5425 ποτ’
1206 5367 1273 5442 ἦν
1300 5373 1327 5425 6
1349 5369 1437 5423 διὰ
1467 5369 1644 5439 πάσης
1664 5370 1763 5440 τῆς
1788 5387 1917 5441 προ-

330 5469 567 5538 φητείας
606 5467 938 5538 δηλούμενος
980 5464 1184 5537 Κύριος
1232 5462 1478 5519 Σαόαώθ.
1505 5464 1601 5528 Τίς
1644 5463 1698 5517 δέ
1723 5455 1914 5528 οὗτος

343 5559 405 5616 '0
439 5559 753 5629 Μονογενὴς
772 5558 918 5622 Υἱὸς,
945 5560 972 5611 6
996 5558 1072 5613 ὢν
1101 5558 1182 5622 εἰς
1208 5557 1298 5611 τὸν
1332 5556 1528 5610 κόλπον
1562 5555 1654 5608 τοῦ
1681 5554 1916 5626 Πατρός,

409 5745 450 5775 ³⁸
482 5742 543 5798 ιν
581 5744 713 5812 Reg.
755 5753 850 5806 xv,
880 5739 968 5794 54.

2009 3166 2113 3223 est,
2172 3155 2348 3224 ipsum
2415 3153 2818 3208 multitudinem
2873 3151 3111 3206 hostium
3159 3151 3326 3205 maris
3381 3151 3584 3204 sonitni

2010 3263 2200 3318 compa
2211 3262 2353 3301 rare.

2619 3335 2849 3392 CAPUT
2893 3335 2973 3390 Vl.

2084 3427 2247 3483 Vleas.
2280 3429 2330 3482 1.
2378 3447 2396 3479 ι
2427 3429 2491 3480 Ει
2515 3429 2717 3482 factum
2753 3437 2838 3481 est
2887 3430 2949 3504 in,
2987 3444 3152 3490 anno,
3195 3443 3301 3496 quo
3345 3435 3592 3481 mortuus

2009 3531 2092 3573 est
2145 3537 2237 3574 rex
2285 3519 2464 3575 Ozias.
2495 3539 2513 3571 ›
2551 3520 2730 3586 Quare
2791 3535 2895 3572 non
2959 3521 3173 3573 vivente
3227 3520 3406 3573 adhuc
3455 3520 3590 3573 Ozia

2011 3612 2147 3665 hanc
2177 3611 2438 3664 visionem
2485 3609 2695 3674 habuit,
2746 3610 2838 3662 sed
2887 3624 2951 3663 eo
3001 3624 3143 3662 anno
3171 3623 3278 3675 quo
3311 3608 3397 3661 ille
3442 3624 3590 3660 mor-

2014 3717 2134 3760 tuus
2162 3705 2282 3759 est?
2311 3704 2435 3772 quia
2468 3704 2555 3758 ille
2578 3705 2753 3758 elatus
2775 3703 2980 3768 animo,
3008 3701 3333 3756 sacrilicium
3362 3699 3585 3767 olfcrre,

2011 3799 2160 3868 quod
2188 3797 2348 3852 oﬂicii
2381 3797 2461 3850 sui
2491 3812 2598 3850 non
2622 3806 2763 3862 erat,
2782 3811 3069 3866 aggressus
3097 3803 3202 3857 est,
3250 3792 3320 3846 ita
3351 3800 3409 3844 ut
3440 3791 3587 3861 lepra

2013 3893 2065 3946 in
2119 3891 2266 3945 vultu
2315 3891 2430 3960 ejus
2465 3898 2801 3958 erumperet,
2854 3889 3093 3942 arbitror
3147 3901 3245 3954 par
3296 3884 3483 3946 fuisse,
3530 3891 3592 3938 ut

2013 3987 2183 4052 gratia
2213 3983 2304 4038 Dei
2340 3983 2616 4037 recederet
2651 3990 2763 4034 toto
2788 3983 2910 4033 vitae
2958 3979 3103 4034 illius
3160 3989 3424 4046 tempore,
3481 3990 3591 4046 quo

2015 4075 2258 4144 leprosus
2283 4071 2561 4127 habitabat
2598 4070 2648 4124 in
2697 4067 3020 4124 Jerusalem.
3060 4067 3197 4122 Nam
3224 4072 3438 4138 leproso
3465 4081 3594 4134 rege

2016 4166 2191 4220 locum
2218 4164 2512 4226 incolente,
2539 4161 2708 4230 gloria
2738 4161 2830 4214 Dei
2860 4161 3055 4215 merito
3088 4168 3410 4214 recesserat.
3434 4157 3592 4209 Post-

2013 4273 2178 4328 quam
2205 4265 2383 4308 autem
2431 4253 2660 4308 obiisset
2697 4253 2810 4317 ille,
2870 4262 2926 4308 et
2983 4251 3234 4308 Joatham
3288 4251 3429 4304 ﬁlius
3472 4248 3592 4316 ejus

2015 4365 2239 4420 regnum
2265 4348 2592 4418 excepisset,
2624 4347 2689 4400 de
2735 4359 2842 4415 quo
2873 4345 3137 4416 scriptmn
3171 4351 3274 4405 est,
3316 4360 3333 4392 I
3366 4340 3430 4393 Et
3459 4339 3589 4392 fecit

1947 4439 1995 4497 D
2025 4452 2226 4495 rectum
2281 4440 2333 4494 in
2385 4438 2557 4494 oculis
2603 4437 2813 4494 Domini
2850 4437 2927 4502 ³¹;
2986 4456 3005 4488 ι
3060 4435 3182 4504 jure
3227 4435 3414 4485 eodem
3472 4432 3591 4498 ipso

2018 4549 2182 4597 anno,
2221 4549 2326 4602 quo
2384 4540 2439 4588 et
2489 4532 2739 4601 leprosus
2772 4530 2936 4582 vitam
2977 4529 3210 4593 obierat,
3249 4535 3300 4578 et
3350 4525 3434 4578 vir
3479 4524 3594 4578 Deo

2018 4626 2254 4696 placitus
2303 4640 2531 4694 regnum
2570 4633 2883 4693 exceperat,
2930 4621 3099 4691 gloria
3168 4617 3380 4672 Domini
3429 4631 3593 4685 super

2017 4719 2236 4772 domum
2262 4731 2477 4772 reversa
2505 4725 2612 4780 est,
2641 4714 2850 4769 scilicet
2882 4726 3043 4782 super
3069 4711 3322 4777 templum
3351 4706 3588 4761 Domini.

2018 4811 2171 4879 Quod
2228 4811 2480 4866 videlicet
2511 4819 2736 4864 enarrat
2781 4806 3043 4878 prepbeta
3099 4803 3318 4856 dicens:
3368 4820 3386 4853 ι
3419 4801 3483 4854 Et
3514 4799 3594 4851 fa-

2019 4914 2166 4959 ctum
2197 4914 2277 4958 est
2314 4905 2364 4958 in
2402 4917 2565 4969 anno,
2596 4917 2704 4970 quo
2741 4909 2988 4953 mortuus
3015 4906 3097 4950 est
3148 4910 3240 4948 rex
3273 4892 3456 4957 Ozias,
3484 4892 3593 4946 vidi

2021 4997 2306 5052 Dominum
2369 4996 2649 5050 sedentem
2699 5009 2864 5064 super
2909 4994 3162 5046 thronum
3211 4987 3485 5043 excelsum
3541 4996 3595 5043 et

2022 5089 2333 5145 elevatum:
2372 5098 2426 5142 et
2473 5089 2629 5158 plena
2672 5098 2789 5142 erat
2821 5089 3013 5142 domus
3059 5083 3226 5152 gloria
3258 5081 3393 5148 ejus.
3435 5101 3453 5133 ι
3496 5081 3598 5136 ΔΕ-

2024 5184 2186 5239 stimo
2211 5183 2298 5236 his
2323 5181 2641 5251 signiﬁcari,
2667 5179 2788 5250 quis
2825 5180 2897 5235 sit
2938 5179 3026 5233 ille
3064 5177 3322 5231 Dominus
3353 5175 3596 5230 Sabaoth

2026 5275 2079 5329 in
2133 5273 2234 5329 hac
2298 5282 2410 5328 tota
2468 5271 2754 5342 prophetia
2810 5271 3098 5326 indicatus.
3153 5267 3352 5338 Ecquis
3413 5275 3595 5322 autem

2025 5366 2157 5422 ille?
2202 5365 2524 5437 Unigenitus
2557 5363 2752 5425 Filius,
2785 5363 2876 5433 qui
2909 5371 2993 5417 est
3024 5361 3076 5416 in
3110 5361 3233 5416 sinu
3266 5360 3463 5425 Patris,
3502 5359 3594 5430 qui

2025 5461 2355 5515 descendens
2381 5473 2444 5512 ex
2471 5456 2691 5526 propria
2729 5453 3124 5522 magnitudine,
3156 5454 3282 5508 inde
3317 5466 3440 5506 sese
3470 5448 3598 5503 visi-

2027 5551 2191 5608 bilem
2229 5561 2284 5606 et
2323 5547 2871 5619 comprehensibilem
2901 5548 3213 5603 hominibus
3237 5541 3598 5599 ellicit.Visus
