4068 6198
475 291 577 347 I25

1136 285 1406 345 EllSEBII
1443 281 1922 343 CESARIENSIS
1960 283 2110 341 OPP.
2152 279 2332 339 PARS
2368 278 2456 336 III.
2495 311 2566 321 —-
2609 276 3020 336 EXEGETICA.

3538 260 3716 340 ’ω

471 417 552 458 est
580 412 633 457 et
661 402 992 467 Abrahamo,
1034 416 1157 458 cum
1192 403 1329 460 dixit
1366 401 1441 467 ei,
1479 420 1498 453 ι
1529 399 1735 456 Semini
1776 408 1868 454 tuo
1909 398 2043 453 dabo

2151 396 2598 451 ὐποκαταϐαίνων
2654 396 2746 451 τοῦ
2801 396 2929 449 ίδίου
2981 392 3264 466 μεγέθους,
3318 394 3624 468 σμικρύνων
3664 400 3716 452 δὲ

478 508 677 549 terram
708 496 847 550 hanc
874 496 940 547 ⁸².
977 492 1192 564 [Infert
1220 494 1407 564 itaque
1442 492 1747 563 Scriptura,
1777 509 1797 544 ι
1824 491 1890 546 Ει
1914 491 2044 545 ωάί-

476 588 662 642 ticavit
688 587 759 643 ibi
784 586 956 642 altare
986 586 1237 651 Domino,
1274 586 1364 654 qui
1397 585 1544 639 visus
1581 584 1757 638 fuerat
1805 584 1855 638 ei
1892 582 1935 614 ³³
1968 600 1982 650 ;
2019 601 2038 634 ι

470 696 535 734 ac
576 695 816 749 rursum,
864 697 883 731 ι
913 678 1194 734 Abraham
1228 677 1405 733 factus
1436 686 1520 734 est
1551 690 1819 731 annorum
1876 691 2045 730 nona-

470 774 645 841 ginta,
686 780 740 826 et
777 771 927 825 visus
978 780 1063 825 est
1107 770 1154 825 ei
1195 769 1456 825 Dominus
1495 768 1579 835 ";
1632 786 1651 821 ο
1710 768 2041 837 iterumque,

477 882 497 912 ε
529 863 594 916 Et
637 862 783 917 visus
816 870 900 916 est
928 861 1185 916 Dominus
1226 860 1459 915 Abrahae
1496 859 1561 913 ad
1594 873 1853 927 quercum
1879 858 2047 912 Mam.

470 956 568 1009 bre
599 954 665 1008 ⁸⁵.
697 973 716 1006 ι
752 955 826 1010 De
863 953 1015 1007 Isaac
1050 967 1268 1023 quoque
1309 952 1512 1006 dictum
1548 960 1654 1015 est,
1694 969 1712 1002 ι
1750 950 1817 1005 Ει
1856 950 2044 1020 profe-

472 1058 597 1102 ctus
624 1055 709 1101 est
739 1055 791 1101 et
822 1046 1071 1102 ascendit
1102 1046 1166 1099 ad
1205 1054 1424 1115 puteum
1463 1043 1779 1114 juramenti,
1817 1054 1871 1098 et
1897 1045 2047 1099 visus

471 1148 557 1193 est
587 1140 847 1194 Dominus
878 1139 979 1209 ipsi
1027 1138 1081 1192 in
1118 1146 1279 1192 nocte
1307 1136 1396 1189 illa
1434 1135 1498 1188 ".
1538 1154 1556 1186 ι
1605 1134 1948 1207 Rursumque
1981 1136 2047 1189 de

469 1231 638 1287 Iacob
691 1232 907 1291 dicitur.
965 1248 983 1281 r
1020 1229 1132 1301 Ego
1172 1245 1290 1283 sum
1343 1229 1506 1293 Deus,
1566 1228 1657 1296 qui
1709 1228 1859 1281 visus
1925 1242 2043 1281 sum

471 1324 609 1388 tibi;
650 1343 669 1376 ι
704 1325 797 1380 sed
829 1324 995 1378 etiam
1049 1338 1171 1377 cum
1220 1322 1369 1375 venit
1416 1340 1433 1371 ι
1481 1323 1534 1374 in
1590 1320 1779 1375 Betbel
1819 1320 1933 1389 ipse
1991 1330 2046 1374 et

471 1416 722 1487 p0pulus,
756 1415 847 1487 qui
874 1432 997 1471 cum
1028 1431 1095 1471 eo
1126 1423 1268 1479 erat,
1299 1413 1591 1469 aediﬁcavit
1622 1412 1692 1466 ibi
1736 1411 1949 1465 altare:
1993 1420 2047 1465 et

468 1510 681 1563 vocavit
717 1523 912 1562 nomen
949 1508 1139 1562 domus
1187 1505 1417 1571 Bethel;
1455 1506 1524 1560 ibi
1554 1506 1694 1558 enim
1736 1504 1837 1573 ipsi
1874 1518 2045 1573 appa-

470 1602 581 1653 ruit
616 1602 754 1655 Deus
775 1602 860 1667 ³⁷;
902 1618 921 1652 ›
968 1600 1277 1669 iterumque
1322 1599 1522 1652 dictum
1552 1606 1658 1661 est,
1706 1615 1723 1648 ι
1756 1594 1919 1650 Visus
1964 1605 2047 1650 est

469 1703 650 1747 autem
697 1694 839 1748 Deus
879 1690 1049 1747 Iacob
1093 1691 1274 1745 adhuc
1328 1691 1379 1744 in
1428 1689 1573 1744 Luza
1604 1688 1693 1755 ⁸⁸;
1731 1707 1749 1740 ι
1802 1688 2045 1757 aliasque

472 1790 612 1843 dixit
657 1788 731 1842 illi
781 1787 833 1840 in
882 1784 1123 1841 hominis
1151 1782 1338 1852 specie
1366 1798 1661 1852 apparens,
1700 1799 1718 1832 ι
1750 1779 1865 1834 Non
1900 1780 2040 1834 ultra

469 1878 759 1933 vocabitur
782 1890 976 1929 nomen
1008 1883 1157 1927 tuum
1188 1871 1362 1927 Iacob
1396 1890 1410 1925 :
1459 1872 1554 1925 sed
1609 1870 1770 1926 lsrael
1798 1870 1908 1925 erit
1941 1885 2042 1926 no-

467 1974 593 2022 men
641 1975 791 2021 tuum
824 1966 889 2019 ”.
918 1983 937 2018 ›
970 1962 1200 2029 Quando
1250 1964 1465 2017 vocavit
1512 1977 1709 2016 nomen
1752 1962 1877 2026 loci,
1906 1963 2043 2032 Spe—

464 2061 568 2113 cies
599 2058 723 2123 Dei,
754 2058 962 2121 dicens,
991 2074 1010 2107 r
1041 2054 1162 2110 Vidi
1192 2055 1335 2109 enim
1370 2056 1535 2108 Deum
1569 2055 1708 2109 facie
1737 2056 1802 2108 ad
1825 2054 2041 2117 faciem,

465 2164 522 2205 et
546 2150 692 2205 salva
733 2149 876 2203 facta
903 2156 986 2201 est
1012 2146 1191 2199 anima
1247 2161 1364 2198 mea
1391 2146 1458 2197 ⁸ο.
1499 2165 1518 2196 ι
1566 2145 1782 2215 Moyses
1823 2161 2041 2213 quoque

466 2246 635 2299 Deum
688 2240 779 2310 qui
824 2236 1046 2294 oracula
1109 2238 1210 2291 sibi
1260 2236 1475 2302 edebat,
1537 2237 1750 2306 rogavit
1812 2237 2040 2300 dicens,

472 2352 490 2383 ι
529 2331 585 2386 Si
618 2330 798 2384 inveni
831 2327 1063 2397 gratiam
1094 2326 1147 2380 in
1185 2334 1473 2395 conspectu
1509 2334 1622 2388 tuo,
1655 2326 1881 2379 ostende
1912 2326 2039 2379 mihi

466 2423 720 2492 teipsum,
748 2418 1191 2489 cognoscibiliter
1249 2426 1301 2470 te
1351 2418 1563 2470 videam
1607 2418 1674 2469 δι.
1702 2434 1721 2467 ι
1783 2414 1877 2468 Ille
1912 2430 2042 2470 vero

466 2517 745 2588 respondit
779 2516 829 2570 ei
858 2515 1066 2579 dicens,
1100 2531 1118 2564 ι
1154 2511 1221 2566 Ει
1251 2512 1352 2567 hoc
1376 2514 1603 2566 verbum
1650 2513 1794 2584 quod
1834 2512 2044 2567 locutus

467 2626 550 2675 es,
598 2608 835 2662 faciam:
894 2604 1149 2660 invenisti
1200 2604 1346 2658 enim
1400 2605 1705 2671 gratiamin
1750 2614 2041 2672 conspectu

466 2715 588 2755 meo
608 2699 673 2751 δ’.
710 2718 729 2752 ι
766 2697 1015 2755 Ezechiel
1044 2698 1170 2753 item
1202 2712 1325 2751 eum
1350 2697 1438 2767 qui
1473 2697 1624 2751 sedet
1653 2711 1816 2767 super
1847 2698 2043 2751 cheru-

465 2794 577 2848 bim
610 2793 764 2858 vidit,
795 2790 952 2861 quasi
996 2791 1233 2859 speciem
1275 2788 1544 2844 hominis:
1595 2803 1623 2841 a
1679 2788 1878 2842 lumbis
1930 2787 2045 2855 ejus

466 2899 639 2955 usque
678 2886 745 2938 ad
799 2885 964 2939 imum
1006 2884 1148 2953 ignis
1187 2891 1329 2947 erat,
1376 2890 1430 2935 et
1479 2896 1510 2933 a
1550 2881 1749 2935 lumbis
1798 2882 1915 2951 ejus
1947 2897 2041 2935 us-

466 2990 572 3046 que
602 2975 668 3029 ad
696 2989 990 3039 summum,
1040 2973 1253 3044 species
1294 2971 1507 3026 electri.
1542 2971 1751 3039 Quibus
1791 2973 2045 3028 omnibus

2147 490 2358 554 ἑαυτὸν,
2387 488 2445 554 ἐξ
2478 488 2684 543 ἐκείνου
2711 489 2905 561 ὁρατὸν
2927 489 3020 541 καὶ
3047 487 3389 558 καταληπτὸν
3422 488 3720 561 ἀνθρώποις

2146 584 2311 636 ποιεῖ.
2352 580 2529 652 Ὠφθη
2576 581 2671 633 καὶ
2712 579 2790 651 τῷ
2831 578 3098 651 Ἀϐραὰμ,
3143 580 3305 649 ἡνίκα
3349 575 3501 633 εἶπεν
3550 582 3718 653 αὐτῷ·

2153 692 2172 724 r
2198 673 2481 745 Σπέρματί
2517 689 2610 726 σου
2631 671 2787 725 δώσω
2806 671 2903 743 τὴν
2924 673 3024 744 γῆν
3041 670 3241 743 ταύτην
3260 673 3277 738 (
3287 672 3392 742 Η).
3416 692 3434 725 ι
3457 673 3726 743 Ἐπιλέγει

2146 761 2238 820 οὖν
2284 767 2318 837 ὴ
2372 766 2561 837 Γραφή
2584 781 2597 793 ·
2636 765 2785 819 tKal
2832 764 3176 836 ᾠκοδόμησεν
3205 768 3319 818 ἐκεῖ
3344 767 3728 839 θυσιαστήριον

2146 856 2223 927 τῷ
2257 858 2445 928 Κυρίῳ
2473 856 2550 928 τῷ
2578 856 2794 927 ὀφθέντι
2822 857 2997 928 αὐτῷ’
3026 878 3044 910 ι
3070 859 3163 911 καὶ
3204 858 3392 912 πάλιψ
3428 879 3445 910 t
3481 860 3729 931 Ἀϐραὰμ

2149 950 2361 1017 ἐγένετο
2398 950 2534 1002 ὲτῶν
2582 950 2926 1021 ἐνενήκοντα,
2959 950 3052 1003 καὶ
3093 950 3244 1021 ὤφθη
3276 951 3421 1022 αὐτῷ
3452 951 3655 1023 Κύριος
3675 969 3721 1003 ἰ

2149 1044 2245 1097 καὶ
2278 1042 2439 1096 πάλιν
2459 1058 2472 1071 ·
2501 1060 2519 1091 t
2541 1042 2651 1095 Kal
2685 1040 2838 1112 ὤφθη
2870 1040 3072 1111 Κύριος
3115 1041 3190 1111 τῷ
3227 1042 3472 1114 Ἀϐραὰμ
3499 1042 3634 1115 πρὸς
3660 1047 3725 1115 τῇ

2148 1133 2270 1205 δρυῒ
2294 1138 2359 1206 τῇ
2377 1134 2644 1206 Μαμϐρῆ.
2675 1155 2692 1185 ι
2726 1134 2837 1188 Kal
2865 1136 2992 1206 περὶ
3019 1134 3115 1187 τοῦ
3131 1134 3313 1188 Ἰσαὰκ
3338 1134 3570 1208 εἴρηται⁸
3592 1137 3732 1189 «Kal

2149 1228 2442 1300 ἐπορεύθη,
2488 1228 2580 1280 καὶ
2605 1226 2771 1297 ἀνέϐη
2822 1226 2916 1280 ἐπὶ
2975 1225 3034 1279 τὸ
3068 1227 3243 1297 φρέαρ
3279 1225 3372 1280 τοῦ
3407 1228 3593 1297 ὅρκου,
3637 1227 3733 1281 καὶ

2149 1318 2304 1390 ὤφθη
2343 1320 2546 1389 Κύριος
2585 1317 2731 1388 αύτῷ
2774 1320 2831 1369 ὲν
2858 1320 2923 1387 τῇ
2971 1318 3123 1370 νυκτὶ
3158 1318 3358 1388 ἐκείνῃ*
3387 1338 3404 1368 ›
3444 1318 3538 1371 καὶ
3576 1314 3733 1384 αὖθις

2149 1412 2241 1465 ἐπὶ
2270 1410 2364 1464 τοῦ
2408 1409 2601 1463 Ἰακὼὸ
2623 1410 2864 1482 εἴρηται·
2899 1429 2916 1460 t
2957 1407 3097 1477 Ἐγώ
3122 1411 3236 1479 εἰμι
3262 1412 3290 1463 6
3313 1408 3462 1474 Θεὸς,
3495 1410 3524 1461 6
3548 1410 3737 1480 ὀφθείς

2150 1520 2264 1557 σοι·
2295 1522 2313 1555 ι
2352 1502 2488 1556 ἀλλὰ
2530 1502 2623 1557 καὶ
2648 1504 2736 1555 ὅτε
2774 1498 2937 1573 ἦλθεν
2972 1522 2989 1553 ι
3014 1505 3091 1565 είς
3135 1501 3335 1573 Βαιθὴλ
3363 1502 3529 1567 αὐτὸς
3573 1504 3734 1556 καί.ιό

2148 1594 2275 1659 λαὸς
2315 1597 2344 1647 6
2396 1598 2513 1667 μετ’
2568 1594 2756 1657 αὑτοῦ,
2792 1594 3136 1665 ᾠκοδόμησεν
3183 1596 3299 1647 ἐκεῖ
3331 1593 3733 1666 θυσιαστήριον,

2149 1690 2244 1742 καὶ
2276 1688 2501 1742 ἐκάλεσε
2525 1688 2585 1740 τὸ
2611 1687 2781 1757 ὄνομα
2810 1686 2900 1739 τοῦ
2930 1685 3078 1739 οἴκου
3103 1684 3334 1757 Βαιθήλ·
3366 1688 3484 1740 ἐκεῖ
3504 1686 3610 1757 γὰρ
3640 1687 3730 1739 αύ-

2147 1780 2226 1851 τῷ
2267 1781 2440 1853 ἐφάνη
2482 1782 2510 1833 6
2555 1779 2705 1843 Θεὸς.
2733 1798 2751 1830 ι
2799 1779 2910 1831 Kal
2951 1779 3112 1831 πάλιν
3152 1778 3387 1851 εἴρηται-
3427 1779 3642 1851 «Ὤφθη
3679 1780 3735 1832 δὲ

2147 1876 2176 1927 6
2216 1872 2349 1936 Θεὸς
2387 1873 2466 1944 τῷ
2514 1871 2709 1926 Ἰακὼϐ
2754 1870 2848 1925 καὶ
2895 1871 2973 1924 ἔτι
3006 1873 3061 1923 ὲν
3108 1874 3319 1937 Λουςᾶο
3348 1892 3366 1924 ι
3405 1874 3500 1926 καὶ
3549 1872 3733 1926 ἄλλοτε

2146 1961 2298 2018 εἶπεν
2324 1965 2470 2035 αὑτῷ
2494 1965 2550 2017 ὲν
2597 1966 2833 2035 σχήματι
2867 1963 3151 2035 ἀνθρώπου
3204 1965 3418 2033 ὀφθείς·
3450 1985 3467 2015 ι
3502 1966 3613 2018 Οὐκ
3657 1963 3735 2017 ἔτι

2148 2057 2474 2128 κληθήσεται
2513 2055 2573 2107 τὺ
2615 2056 2785 2125 ὄνομα
2816 2072 2907 2108 σου
2935 2055 3128 2108 Ἰακώϐ
3149 2072 3163 2086 ο
3192 2056 3305 2108 ἀλλ’
3341 2056 3557 2129 Ἰσραὴλ
3582 2056 3734 2109 ἔσται

2144 2150 2207 2202 τὸ
2241 2148 2411 2218 ὄνομά
2439 2164 2531 2200 σου
2553 2164 2565 2176 ·
2595 2165 2613 2198 ›
2642 2147 2728 2199 ὅτε
2765 2148 2858 2199 καὶ
2890 2146 3114 2199 ἐκάλεσε
3138 2149 3198 2199 τὸ
3244 2148 3413 2217 ὄνομα
3449 2148 3542 2201 τοῦ
3565 2147 3733 2199 τόπου

2140 2234 2316 2301 Εἶδος
2368 2234 2515 2289 Θεοῦ
2545 2233 2741 2287 εἰπών·
2777 2254 2795 2285 t
2819 2232 2970 2289 Εἶδον
3002 2237 3107 2308 γὰρ
3135 2237 3264 2289 Θεὸν
3286 2238 3574 2308 πρόσωπον
3597 2236 3733 2307 πρὸς

2146 2329 2455 2400 πρόσωπον,
2506 2329 2597 2383 καὶ
2648 2329 2826 2400 ἐσώθη
2863 2346 2961 2403 μου
2999 2331 3030 2399 ἡ
3080 2330 3245 2401 ψυχή.
3280 2349 3298 2381 ι
3338 2330 3448 2383 Ka‘t
3492 2328 3732 2397 Μωῡσῆς

2145 2422 2203 2475 δὲ
2225 2421 2316 2475 τὸν
2340 2422 2749 2494 χρηματίζοντα
2776 2421 2924 2493 αύτῷ
2948 2420 3077 2474 Θεὸν
3107 2422 3351 2475 ἱκέτευσε
3380 2421 3555 2491 λέγων
3577 2438 3589 2450 ·
3626 2440 3642 2469 ι
3670 2420 3734 2472 El

2143 2513 2354 2587 εὕρηκα
2387 2514 2547 2584 χάριν
2574 2513 2803 2567 ὲνώπιόν
2841 2530 2954 2576 σου,
3011 2514 3310 2584 ὲμφὰνισόν
3345 2531 3435 2584 μοι
3468 2510 3729 2567 σεαυτόν·

2144 2606 2402 2675 γνωστῶς
2435 2604 2529 2658 ἴδω
2568 2622 2648 2658 σε.
2677 2625 2695 2658 ι
2750 2606 2806 2658 Ὀ
2850 2605 2906 2658 δὲ
2952 2605 3284 2675 ἀπεκρίνατο
3318 2604 3468 2675 αὐτῴ
3516 2604 3693 2672 λέγων
3717 2617 3731 2630 ⁸

2152 2714 2169 2745 ι
2199 2696 2309 2748 Kal
2360 2694 2548 2748 τοῦτόν
2598 2713 2679 2748 σοι
2724 2694 2813 2747 τὸν
2856 2695 3016 2762 λόγον
3077 2694 3135 2747 ὃν
3187 2696 3413 2765 εἴρηκας
3485 2695 3729 2764 ποιήσω’

2146 2787 2387 2860 εὕρηκας
2418 2786 2528 2859 γὰρ
2562 2789 2723 2859 χάριν
2749 2786 2979 2841 ἐνώπιόν
3010 2804 3131 2857 μου.
3161 2806 3177 2837 ι
3224 2786 3384 2840 Ἀλλὰ
3423 2789 3518 2841 καὶ
3548 2790 3575 2839 6
3636 2786 3729 2837 Ἰε-

2147 2879 2335 2952 ζεκιὴλ
2388 2880 2479 2933 τὸν
2527 2880 2620 2932 ἐπὶ
2668 2879 2777 2932 τῶν
2820 2879 3084 2950 χερουὸὶμ
3120 2877 3423 2949 καθήμενον
3455 2876 3612 2940 εἶδεν,
3658 2877 3733 2937 ὡς

2147 2973 2335 3044 ὅρασιν
2379 2970 2689 3043 ἀνθρώπου,
2740 2970 2847 3024 ἀπὸ
2894 2970 2993 3041 τῆς
3039 2970 3240 3039 ὀσφύος
3291 2971 3452 3024 αὑτοῦ
3490 2972 3583 3025 xal
3630 2969 3729 3030 ἕως

466 3068 759 3122 ediscimus
816 3066 1053 3122 visiones
1098 3082 1127 3121 a
1179 3067 1457 3137 praedictis
1511 3065 1645 3119 viris
1688 3066 1901 3120 habitas
1937 3082 2041 3121 non

2150 3064 2303 3116 κάτω
2334 3061 2468 3133 πῦρ,
2521 3063 2616 3115 καὶ
2649 3062 2757 3115 ἀπὸ
2792 3061 2892 3131 τῆς
2925 3059 3125 3128 ὀσφύος
3166 3060 3330 3114 αὑτοῦ
3362 3063 3454 3112 καὶ
3489 3061 3594 3122 ἕως
3623 3058 3729 3112 ἄνω

465 3158 673 3213 similes
703 3156 911 3224 fuisse,
955 3158 1049 3213 sed
1098 3158 1383 3224 diversas;
1444 3172 1567 3211 nam
1626 3156 1794 3229 Moysi
1827 3158 2043 3227 quidem

2152 3153 2312 3225 ὑπὲρ,
2341 3154 2530 3224 ὅρασιν
2559 3152 2849 3224 ἠλέκτρου.
2887 3152 2962 3203 Δι’
2990 3144 3065 3203 ὧν
3102 3151 3358 3204 ἁπάντων
3390 3151 3732 3221 μανθάνομεν

468 3252 672 3305 dictum
723 3259 845 3315 est,
887 3270 906 3303 ι
938 3249 1052 3305 Non
1092 3252 1299 3322 poteris
1350 3251 1535 3306 videre
1581 3248 1771 3304 faciem
1820 3266 2042 3306 meam:

468 3357 573 3397 non
600 3343 743 3396 enim
772 3343 978 3397 videbit
1003 3344 1166 3399 homo
1198 3343 1390 3398 faciem
1429 3357 1627 3407 meam,
1659 3351 1714 3397 et
1744 3343 1889 3398 vivet
1914 3343 1978 3397 “.
2019 3363 2044 3397 ι

468 3436 747 3504 Siquidem
794 3434 972 3490 vultus
1002 3435 1094 3490 Dei
1128 3435 1314 3501 Verbi,
1340 3446 1395 3491 et
1422 3435 1596 3490 deitas
1626 3432 1899 3506 Unigeniti
1925 3436 2043 3491 Filii

466 3523 587 3592 Dei,
633 3525 845 3582 mortali
902 3536 1111 3583 natum
1152 3528 1663 3598 comprehensibilis
1718 3529 2043 3599 neutiquam

465 3617 649 3672 fuerit.
707 3619 973 3675 Ezechieli
1029 3630 1210 3675 autem
1268 3619 1430 3676 Verbi
1500 3620 1671 3690 gloria
1724 3636 1819 3689 per
1876 3621 2045 3692 aenig-

466 3721 610 3764 mata
636 3712 747 3766 visa
802 3711 941 3768 fuit:
976 3713 1208 3767 Abrahae
1263 3728 1391 3767 vero
1438 3716 1538 3770 sub
1590 3713 1825 3767 hominis
1870 3712 2042 3767 forma

470 3804 701 3873 ﬁgurate
732 3806 883 3860 visus
914 3817 1018 3869 est,
1070 3807 1142 3859 ita
1197 3815 1253 3859 ut
1310 3806 1410 3860 sub
1451 3822 1653 3875 quercu
1696 3807 2043 3873 consisteret,

468 3898 637 3966 pedes
664 3896 930 3960 ablueret,
964 3905 1018 3950 et
1049 3911 1249 3951 mensae
1270 3910 1496 3951 consors
1529 3905 1695 3950 esset.
1753 3894 2045 3951 Similiter-

471 4001 579 4055 que
618 4002 740 4040 cum
794 3987 996 4042 Iacobo
1052 3988 1217 4043 homo
1275 3988 1486 4043 luctans
1544 3987 1847 4053 inducitur,
1882 4002 2042 4056 quem

473 4076 754 4149 Scriptura
778 4078 995 4149 quidem
1022 4078 1301 4133 hominem
1335 4077 1609 4148 appellat;
1658 4077 1748 4131 ille
1796 4092 1927 4131 vero
1950 4076 2042 4149 qui

470 4168 751 4223 oraculum
793 4169 1009 4233 edebat,
1057 4186 1075 4220 ι
1117 4167 1234 4222 Non
1301 4168 1615 4235 vmzabitur,
1681 4167 1881 4237 inquit,
1948 4181 2046 4220 no-

471 4278 593 4317 men
651 4273 799 4317 tuum
849 4260 1055 4328 Iacob;
1104 4263 1197 4317 sed
1257 4262 1420 4317 Israel
1475 4263 1581 4317 erit
1622 4276 1814 4317 nomen
1870 4270 2041 4326 tuum,

470 4356 593 4426 quia
628 4355 784 4409 fortis
815 4354 960 4409 fuisti
994 4369 1116 4409 cum
1156 4355 1265 4409 Deo
1285 4354 1374 4422 “;
1416 4373 1434 4406 ι
1478 4354 1619 4409 unde
1657 4364 1711 4407 et
1758 4353 1929 4408 Iacob
1966 4355 2045 4407 di-

2148 3246 2247 3315 οὐχ
2278 3244 2467 3315 ὁμοίας
2516 3242 2611 3306 τὰς
2640 3243 2904 3304 ὀπτασίας
2927 3240 3250 3310 γεγενῆσθαι
3280 3244 3391 3303 τοῖς
3427 3236 3727 3310 προλεχθεῖ-

2150 3354 2256 3402 σιν,
2308 3336 2442 3391 ἀλλὰ
2489 3334 2813 3405 διαφόρους·
2856 3330 2934 3401 τῷ
2983 3332 3079 3401 μὲν
3126 3332 3234 3402 γὰρ
3267 3332 3471 3401 Μωῦσῇ
3522 3329 3727 3397 εἴρητω

2153 3447 2172 3480 t
2199 3430 2273 3481 Οὐ
2304 3428 2507 3499 δυνήσῃ
2539 3424 2667 3477 ἰδεῖν
2696 3422 2758 3474 τὸ
2789 3420 3077 3493 πρόσωπόν
3114 3437 3213 3490 μου
3236 3436 3249 3448 ο
3283 3418 3343 3469 ού
3376 3418 3483 3488 γὰρ
3518 3416 3602 3488 ἴδῃ
3633 3413 3725 3467 ἄν·

2149 3522 2365 3594 θρωπος
2402 3521 2460 3573 τὸ
2504 3516 2790 3590 πρόσωπόν
2845 3532 2980 3585 μου,
3028 3513 3122 3565 καὶ
3170 3513 3410 3582 ζήσεται·
3438 3530 3455 3562 ι
3507 3510 3567 3562 τὸ
3620 3504 3731 3575 γὰρ

2149 3614 2437 3685 πρόσωπον
2466 3610 2561 3664 τοῦ
2597 3608 2731 3662 Θεοῦ
2772 3606 2944 3678 Λόγου
2978 3605 3073 3659 καὶ
3113 3608 3145 3676 ἡ
3178 3603 3369 3676 θεότης
3415 3603 3510 3656 τοῦ
3547 3602 3723 3687 Ιξίονο-

2146 3705 2339 3777 γενοῦς
2385 3703 2514 3757 Υἱοῦ
2549 3703 2641 3755 τοῦ
2675 3700 2810 3754 Θεοῦ
2862 3700 3028 3773 θνητῇ
3078 3698 3235 3767 φύσει
3282 3699 3381 3751 οὐκ
3419 3697 3483 3751 ἂν
3522 3694 3734 3765 γένοιτο

2146 3798 2463 3868 καταληπτή
2486 3813 2499 3826 ⁸
2539 3796 2633 3848 καὶ
2680 3793 2758 3864 τῷ
2800 3791 3060 3863 Ἰεζεκιὴλ
3090 3792 3147 3844 δὲ
3181 3794 3213 3862 ἡ
3270 3790 3361 3844 τοῦ
3398 3790 3571 3858 Λόγου
3604 3783 3729 3851 δόξβ

2146 3887 2211 3941 δι’
2248 3884 2585 3955 αἰνιγμάτων
2621 3882 2942 3953 ὲθεωρεῖτο·
2982 3880 3062 3952 τῷ
3102 3880 3161 3933 δὲ
3205 3881 3454 3952 Ἀϐραὰμ
3489 3883 3733 3949 ἐσχημα-

2146 3977 2396 4049 τισμένος
2428 3977 2637 4047 ἑωρᾶτο
2686 3976 2743 4027 ὲν
2789 3972 3078 4044 ἀνθρώπου
3126 3976 3329 4044 μορφῇ,
3376 3972 3450 4034 ὡς
3499 3970 3593 4025 καὶ
3630 3965 3734 4019 ὑπὸ

2146 4070 2244 4141 τὴν
2275 4068 2407 4140 δρῦν
2440 4065 2715 4136 γενέσθαι,
2748 4065 2843 4119 καὶ
2869 4066 2996 4129 τοὺς
3023 4064 3187 4127 πόδας
3220 4062 3607 4132 ἀπονίψασθαι,
3637 4056 3732 4112 καὶ

2146 4161 2427 4234 τραπέζης
2475 4161 2831 4229 κοινωνῆσαι·
2868 4158 3069 4229 ὁμοίως
3121 4157 3213 4208 καί
3256 4157 3345 4208 ἐπὶ
3385 4155 3478 4208 τοῦ
3536 4148 3731 4208 Ἰακὼϐ

2146 4252 2431 4324 ἄνθρωπος
2459 4253 2705 4323 εἰσῆκται
2738 4249 3003 4311 παλαίων,
3038 4247 3095 4299 ὃν
3122 4249 3154 4317 ή
3186 4247 3282 4317 μὲν
3310 4246 3498 4317 Γραφὴ
3523 4244 3733 4313 ἄνθρω-

2149 4363 2246 4399 πον
2278 4344 2553 4415 ὀνομάζει,
2588 4344 2746 4406 αὐτὸς
2774 4342 2829 4394 δὲ
2861 4344 2889 4394 6
2934 4340 3308 4412 χρηματίζων,
3355 4357 3371 4387 ι
3398 4339 3473 4391 Οὐ
3522 4334 3729 4406 κληθή-

470 4423 652 4511 nebat,
689 4465 709 4498 ι
746 4445 862 4501 Vidi
891 4446 1034 4501 enim
1069 4445 1234 4499 Deum
1271 4445 1410 4500 facie
1435 4447 1500 4500 ad
1523 4445 1740 4511 faciem,
1794 4455 1847 4499 et
1894 4444 2040 4499 salva

2149 4455 2299 4490 σεται
2343 4440 2402 4490 τὸ
2444 4437 2613 4507 ὄνομά
2670 4452 2784 4498 σου,
2837 4434 3022 4504 φησὶν,
3085 4430 3298 4483 Ἰακώὸο
3350 4430 3463 4482 ἀλλ’
3512 4423 3732 4499 Ἰσραὴλ

467 4537 613 4593 facta
648 4538 929 4592 estanima
961 4552 1081 4591 mea
1110 4535 1177 4589 “.
1207 4554 1225 4588 ι
1258 4534 1354 4589 llic
1384 4550 1512 4589 vero
1543 4536 1801 4605 propheta
1834 4550 2042 4605 sequo-

468 4642 575 4697 que
607 4627 833 4699 gloriam
866 4626 982 4696 ejus
1017 4627 1219 4683 vidisse
1256 4627 1593 4690 testiﬁcatur.
1639 4627 1807 4697 Igitur
1847 4627 2042 4682 Salva-

468 4719 600 4775 turis
632 4721 800 4775 nostri
827 4720 952 4775 Iesu
977 4720 1175 4776 Christi
1196 4718 1447 4790 gloriam,
1471 4729 1529 4772 ut
1551 4720 1604 4774 in
1632 4719 1881 4789 pnesenti
1919 4735 2043 4773 nar-

470 4822 576 4879 rat,
609 4815 932 4883 conspexit:
965 4829 1071 4868 non
1100 4813 1257 4885 plane
1284 4813 1555 4882 corporis,
1574 4812 1669 4866 sed
1693 4812 1889 4865 mentis
1911 4826 2041 4866 ocu-

466 4902 535 4956 lis
570 4919 600 4958 a
634 4904 839 4976 Spiritu
885 4916 1075 4960 sancto
1120 4905 1445 4960 illustratis:
1483 4904 1622 4959 sicut
1657 4904 1801 4959 enim
1845 4919 2043 4973 corpo-

467 4993 543 5047 ris
581 4997 719 5049 oculi
760 5011 789 5050 a
840 4995 978 5051 lucis
1027 4998 1181 5052 radio
1225 4998 1469 5051 exterius
1513 4996 1931 5049 subministrato
1974 4995 2041 5047 ad

470 5086 748 5140 scnsibilia
812 5088 1042 5143 videnda
1102 5091 1408 5160 juvantur;
1469 5087 1656 5141 eodem
1710 5087 1870 5140 modo
1913 5102 2043 5157 pur—

471 5187 608 5247 gatae
653 5181 853 5234 mentis
891 5181 1059 5246 oculi,
1102 5182 1171 5236 ab
1212 5180 1540 5249 intelligihili
1598 5180 1718 5233 luce
1766 5178 2039 5245 irradiati,

471 5269 650 5325 divina
690 5273 1044 5342 contemplari
1084 5282 1335 5343 possunt.
1375 5272 1737 5339 Quamobrem
1780 5267 2041 5325 Servator

546 5431 592 5462 "
616 5429 751 5485 Gen.
783 5445 882 5493 xu,
922 5432 977 5485 7.
1051 5432 1096 5465 ⁸³
1124 5434 1263 5487 Ibid.

480 5501 705 5557 "-Gen.
754 5517 943 5563 vam,
986 5505 1041 5558 5.
1117 5504 1158 5535 ³³
1189 5503 1323 5558 Gen.
1376 5518 1549 5562 xxx”.
1614 5503 1703 5557 7.8.

475 5572 522 5608 “
549 5570 682 5626 Gen.
711 5589 884 5641 xxx",
914 5572 1006 5641 28,
1067 5572 1111 5603 ’⁸⁸
1150 5571 1285 5627 Gen.
1318 5589 1487 5629 mut.
1527 5573 1613 5628 50.

1362 5433 1405 5463 ³⁸
1437 5431 1573 5487 Gen.
1617 5447 1747 5493 xvii,
1789 5431 1839 5482 l.

1930 5428 1976 5460 ³⁸
2000 5427 2136 5483 Gen.
2180 5443 2337 5495 xvttt,
2383 5428 2431 5482 Ι.
2508 5428 2553 5457 ³⁸
2590 5425 2726 5482 Gen.
2778 5422 3091 5495 κινῇ-ἓξ..
3144 5422 3392 5495 Δξτψϐρῐι.
3456 5430 3641 5495 xxxv”

1779 5478 1978 5556 “Ibid.
2001 5478 2043 5553 εἷς

2167 5478 2209 5530 δῖ
2236 5478 2847 5564 ΕξῦιΙῘχιχιιῖίίὸῘ⁸¹
2873 5478 3006 5549 Ibid.
3034 5484 3119 5541 Η.
3142 5490 3186 5521 ⁸³
3218 5491 3385 5545 Exod.
3409 5504 3597 5550 xum,
3627 5478 3714 5533 ΞΟ-

2144 4528 2296 4580 ἔσται
2335 4527 2395 4579 τὸ
2427 4526 2597 4597 ὄνομα
2627 4543 2739 4587 σου,
2770 4526 2849 4577 ὃτι
2876 4524 3164 4593 ὲνίσχυσας
3196 4521 3330 4591 μετὰ
3362 4520 3525 4573 Θεοῦ·
3550 4540 3567 4571 ι
3607 4515 3729 4570 ὅθεν

2144 4621 2237 4673 xal
2283 4617 2476 4671 Ἰακὼὸ
2505 4618 2689 4685 ἔλεγεν
2708 4634 2722 4647 ’
2765 4637 2783 4668 r
2806 4614 2957 4669 Εἶδον
2986 4614 3095 4685 γὰρ
3117 4613 3249 4665 Θεὸν
3278 4613 3568 4684 πρόσωπον
3596 4607 3731 4679 πρὸς

2144 4709 2453 4781 πρόσωπον,
2504 4709 2596 4761 καὶ
2641 4706 2818 4778 ἐσώθη
2867 4724 2966 4777 μου
3014 4708 3046 4776 ἡ
3098 4705 3264 4776 ψυχή.
3295 4724 3312 4755 ι
3360 4705 3417 4757 '0
3445 4704 3501 4757 δὲ
3539 4696 3729 4769 παρὼν

2143 4802 2433 4874 προφήτης
2484 4801 2610 4852 ἰδεῖν
2655 4800 2748 4853 καὶ
2803 4799 2963 4861 αὐτὸς
3015 4799 3373 4869 μαρτυρεῖται
3421 4796 3518 4867 τὴν
3568 4790 3725 4854 δόξαν

2149 4893 2331 4947 αὑτοῦ.
2358 4891 2566 4945 υὺκοῦν
2584 4890 2684 4960 τῆς
2706 4889 2800 4942 τοῦ
2831 4888 3082 4960 Σωτῆρος
3111 4887 3267 4958 ἡμῶν
3296 4887 3467 4959 Ἰησοῦ
3489 4875 3727 4957 Χριστοῦ

2148 4985 2304 5051 δόξαν
2332 4985 2418 5037 διὰ
2446 4983 2553 5036 τῶν
2576 4983 2951 5055 προκειμένων
2974 4981 3238 5053 ἑώρακεν,
3260 4983 3320 5033 οὐ
3357 4981 3570 5043 πάντως
3598 4988 3728 5043 σαρ-

2150 5078 2243 5141 κὸς
2275 5077 2589 5148 ὀφθαλμοῖς,
2626 5079 2738 5139 τοῖς
2776 5075 2832 5129 δὲ
2872 5075 2971 5147 τῆς
2997 5074 3255 5136 διανοίας,
3297 5068 3727 5142 πεφωτισμένοις

2150 5171 2256 5224 ὑπὸ
2297 5168 2390 5222 τοῦ
2442 5170 2600 5239 ἁγίου
2634 5168 2951 5239 Πνεύματος
2972 5184 2983 5195 ·
3012 5166 3087 5229 ὡς
3116 5166 3223 5237 γὰρ
3260 5166 3308 5217 οἱ
3340 5163 3435 5218 τοῦ
3475 5164 3723 5232 σώματος

2150 5263 2254 5316 ὑπὸ
2286 5263 2383 5335 τῆς
2423 5261 2620 5327 ἔξωθεν
2638 5260 3049 5334 χορηγουμένης
3078 5258 3171 5311 τοῦ
3192 5256 3366 5326 φωτὸς
3395 5255 3572 5325 αὐγῆς
3602 5264 3723 5302 συν-

3170 5420 3211 5451 ³⁷
3254 5418 3392 5473 Gen.
3456 5430 3618 5477 xxxv,
3669 5406 3718 5456 7-

551 5731 669 5801 (l6)
706 5730 825 5786 Ila‘c
855 5746 1063 5801 quoque
1104 5730 1459 5796 Hieronymus
1501 5734 1773 5794 exprimit,
1808 5730 1901 5787 scd
1946 5729 2306 5789 paucioribus.
