  <div class='ocr_page' id='page_1' title='image "/cluster/home/n/w/nwhite01/storage/ocr_20150623/24/hvd.32044073501801/070.png"; bbox 0 0 4068 6198; ppageno 0'>
   <div class='ocr_carea' id='block_1_1' title="bbox 291 300 3586 363">
    <p class='ocr_par' dir='ltr' id='par_1_1' title="bbox 291 300 3586 363">
     <span class='ocr_line' id='line_1_1' title="bbox 291 300 3586 363; baseline 0.002 -6"><span class='ocrx_word' id='word_1_1' title='bbox 291 302 406 357; x_wconf 67' lang='lat'><strong>{9.5</strong></span> <span class='ocrx_word' id='word_1_2' title='bbox 1293 300 1797 360; x_wconf 72' lang='lat' dir='ltr'><strong>COMMENTARIA</strong></span> <span class='ocrx_word' id='word_1_3' title='bbox 1840 304 1904 361; x_wconf 86' lang='lat' dir='ltr'><strong>IN</strong></span> <span class='ocrx_word' id='word_1_4' title='bbox 1946 304 2203 363; x_wconf 76' lang='lat' dir='ltr'><strong>ISAIAM.</strong></span> <span class='ocrx_word' id='word_1_5' title='bbox 2236 337 2307 349; x_wconf 94' lang='lat'>—</span> <span class='ocrx_word' id='word_1_6' title='bbox 2341 303 2496 363; x_wconf 83' lang='lat' dir='ltr'><strong>CAP.</strong></span> <span class='ocrx_word' id='word_1_7' title='bbox 2538 304 2628 363; x_wconf 75' lang='lat' dir='ltr'><strong>VI.</strong></span> <span class='ocrx_word' id='word_1_8' title='bbox 3478 302 3586 363; x_wconf 66' lang='grc'><strong>926</strong></span> 
     </span>
    </p>
   </div>
   <div class='ocr_carea' id='block_1_2' title="bbox 302 413 1925 491">
    <p class='ocr_par' dir='ltr' id='par_1_2' title="bbox 302 413 1915 490">
     <span class='ocr_line' id='line_1_2' title="bbox 302 413 1915 490; baseline -0.002 -18"><span class='ocrx_word' id='word_1_9' title='bbox 302 414 617 490; x_wconf 77' lang='grc' dir='ltr'>ιργοῦνται</span> <span class='ocrx_word' id='word_1_10' title='bbox 672 429 749 480; x_wconf 83' lang='grc' dir='ltr'><strong>εις</strong></span> <span class='ocrx_word' id='word_1_11' title='bbox 774 415 832 469; x_wconf 82' lang='grc' dir='ltr'>τὸ</span> <span class='ocrx_word' id='word_1_12' title='bbox 857 413 1083 486; x_wconf 74' lang='grc' dir='ltr'>βλέπειν</span> <span class='ocrx_word' id='word_1_13' title='bbox 1111 415 1177 471; x_wconf 77' lang='grc' dir='ltr'><strong>τὰ</strong></span> <span class='ocrx_word' id='word_1_14' title='bbox 1208 416 1462 488; x_wconf 78' lang='grc' dir='ltr'>αἰσθητὰ,</span> <span class='ocrx_word' id='word_1_15' title='bbox 1486 419 1578 474; x_wconf 83' lang='grc' dir='ltr'>τὸν</span> <span class='ocrx_word' id='word_1_16' title='bbox 1605 419 1765 473; x_wconf 77' lang='grc' dir='ltr'>αὐτὸν</span> <span class='ocrx_word' id='word_1_17' title='bbox 1792 420 1915 490; x_wconf 75' lang='grc' dir='ltr'>τρό-</span> 
     </span>
    </p>
   </div>
   <div class='ocr_carea' id='block_1_3' title="bbox 2027 413 3583 491">
    <p class='ocr_par' dir='ltr' id='par_1_3' title="bbox 2027 417 3583 491">
     <span class='ocr_line' id='line_1_3' title="bbox 2027 417 3583 491; baseline 0.002 -18"><span class='ocrx_word' id='word_1_18' title='bbox 2027 420 2132 475; x_wconf 71' lang='lat' dir='ltr'><strong>haec</strong></span> <span class='ocrx_word' id='word_1_19' title='bbox 2170 419 2390 476; x_wconf 90' lang='lat' dir='ltr'><strong>docuit:</strong></span> <span class='ocrx_word' id='word_1_20' title='bbox 2436 439 2457 471; x_wconf 73' lang='grc' dir='ltr'><strong><em>ο</em></strong></span> <span class='ocrx_word' id='word_1_21' title='bbox 2485 420 2633 474; x_wconf 90' lang='lat' dir='ltr'><strong>Beati</strong></span> <span class='ocrx_word' id='word_1_22' title='bbox 2676 419 2879 473; x_wconf 89' lang='lat' dir='ltr'><strong>mundo</strong></span> <span class='ocrx_word' id='word_1_23' title='bbox 2928 417 3115 481; x_wconf 85' lang='lat' dir='ltr'><strong>corde,</strong></span> <span class='ocrx_word' id='word_1_24' title='bbox 3170 418 3425 490; x_wconf 84' lang='lat' dir='ltr'><strong>quoniam</strong></span> <span class='ocrx_word' id='word_1_25' title='bbox 3480 419 3583 491; x_wconf 83' lang='lat' dir='ltr'><strong>ipsi</strong></span> 
     </span>
    </p>
   </div>
   <div class='ocr_carea' id='block_1_4' title="bbox 311 498 1925 582">
    <p class='ocr_par' dir='ltr' id='par_1_4' title="bbox 311 498 1910 582">
     <span class='ocr_line' id='line_1_4' title="bbox 311 498 1910 582; baseline 0 -19"><span class='ocrx_word' id='word_1_26' title='bbox 311 525 425 563; x_wconf 74' lang='grc' dir='ltr'><strong>παν</strong></span> <span class='ocrx_word' id='word_1_27' title='bbox 458 508 531 562; x_wconf 81' lang='grc' dir='ltr'><strong>τά</strong></span> <span class='ocrx_word' id='word_1_28' title='bbox 564 508 665 578; x_wconf 80' lang='grc' dir='ltr'>τῆς</span> <span class='ocrx_word' id='word_1_29' title='bbox 691 498 1110 580; x_wconf 76' lang='grc' dir='ltr'>κεκαθαρμένης</span> <span class='ocrx_word' id='word_1_30' title='bbox 1130 508 1306 581; x_wconf 81' lang='grc' dir='ltr'>ψυχῆς</span> <span class='ocrx_word' id='word_1_31' title='bbox 1337 511 1561 581; x_wconf 76' lang='grc' dir='ltr'>ὄμματα</span> <span class='ocrx_word' id='word_1_32' title='bbox 1588 512 1693 565; x_wconf 82' lang='grc' dir='ltr'><strong>ὑπὸ</strong></span> <span class='ocrx_word' id='word_1_33' title='bbox 1723 511 1910 582; x_wconf 86' lang='grc' dir='ltr'>νοεροῦ</span> 
     </span>
    </p>
   </div>
   <div class='ocr_carea' id='block_1_5' title="bbox 2027 498 2629 582">
    <p class='ocr_par' dir='ltr' id='par_1_5' title="bbox 2027 512 2629 567">
     <span class='ocr_line' id='line_1_5' title="bbox 2027 512 2629 567; baseline -0.005 -1"><span class='ocrx_word' id='word_1_34' title='bbox 2027 513 2186 566; x_wconf 82' lang='lat' dir='ltr'><strong>Deum</strong></span> <span class='ocrx_word' id='word_1_35' title='bbox 2228 513 2489 567; x_wconf 85' lang='lat' dir='ltr'><strong>videbunt</strong></span> <span class='ocrx_word' id='word_1_36' title='bbox 2509 512 2574 567; x_wconf 79' lang='lat'><strong>“.</strong></span> <span class='ocrx_word' id='word_1_37' title='bbox 2611 530 2629 563; x_wconf 76' lang='grc' dir='ltr'><strong>ι</strong></span> 
     </span>
    </p>
   </div>
   <div class='ocr_carea' id='block_1_6' title="bbox 318 600 3587 678">
    <p class='ocr_par' dir='ltr' id='par_1_6' title="bbox 318 600 3587 678">
     <span class='ocr_line' id='line_1_6' title="bbox 318 600 3587 678; baseline 0.002 -25"><span class='ocrx_word' id='word_1_38' title='bbox 318 600 508 670; x_wconf 71' lang='grc' dir='ltr'>φωτὸς</span> <span class='ocrx_word' id='word_1_39' title='bbox 557 600 1030 671; x_wconf 78' lang='grc' dir='ltr'>καταυγαζόμενα,</span> <span class='ocrx_word' id='word_1_40' title='bbox 1080 602 1150 655; x_wconf 76' lang='grc' dir='ltr'><strong>τὰ</strong></span> <span class='ocrx_word' id='word_1_41' title='bbox 1195 601 1312 656; x_wconf 87' lang='grc' dir='ltr'>θεῖα</span> <span class='ocrx_word' id='word_1_42' title='bbox 1339 605 1695 659; x_wconf 78' lang='grc' dir='ltr'><strong>κατοπτεύειν</strong></span> <span class='ocrx_word' id='word_1_43' title='bbox 1730 605 1971 659; x_wconf 87' lang='grc' dir='ltr'>δύναται.</span> <span class='ocrx_word' id='word_1_44' title='bbox 2009 605 2098 658; x_wconf 74' lang='grc' dir='ltr'><strong>Διὸ</strong></span> <span class='ocrx_word' id='word_1_45' title='bbox 2124 606 2216 659; x_wconf 74' lang='grc' dir='ltr'><strong>καὶ</strong></span> <span class='ocrx_word' id='word_1_46' title='bbox 2243 609 2271 660; x_wconf 99' lang='lat'><strong>6</strong></span> <span class='ocrx_word' id='word_1_47' title='bbox 2299 608 2491 678; x_wconf 82' lang='grc' dir='ltr'>Σωτὴρ</span> <span class='ocrx_word' id='word_1_48' title='bbox 2516 604 2665 659; x_wconf 78' lang='grc' dir='ltr'>τοῦτ’</span> <span class='ocrx_word' id='word_1_49' title='bbox 2696 605 2941 659; x_wconf 77' lang='grc' dir='ltr'>ἐδίδασκε</span> <span class='ocrx_word' id='word_1_50' title='bbox 2960 621 2974 635; x_wconf 74' lang='grc'><strong><em>⁸</em></strong></span> <span class='ocrx_word' id='word_1_51' title='bbox 3010 623 3029 656; x_wconf 75' lang='grc' dir='ltr'><strong>ι</strong></span> <span class='ocrx_word' id='word_1_52' title='bbox 3058 605 3331 676; x_wconf 82' lang='grc' dir='ltr'><strong>Μακάριοι</strong></span> <span class='ocrx_word' id='word_1_53' title='bbox 3352 606 3400 659; x_wconf 83' lang='lat' dir='ltr'><strong>oi</strong></span> <span class='ocrx_word' id='word_1_54' title='bbox 3426 604 3587 659; x_wconf 84' lang='grc' dir='ltr'>καθα-</span> 
     </span>
    </p>
   </div>
   <div class='ocr_carea' id='block_1_7' title="bbox 329 690 1690 765">
    <p class='ocr_par' dir='ltr' id='par_1_7' title="bbox 329 690 1690 765">
     <span class='ocr_line' id='line_1_7' title="bbox 329 690 1690 765; baseline 0.005 -23"><span class='ocrx_word' id='word_1_55' title='bbox 329 692 416 760; x_wconf 79' lang='lat' dir='ltr'><strong>po&#39;t</strong></span> <span class='ocrx_word' id='word_1_56' title='bbox 449 693 512 759; x_wconf 80' lang='grc' dir='ltr'><strong>τῇ</strong></span> <span class='ocrx_word' id='word_1_57' title='bbox 550 690 771 761; x_wconf 74' lang='grc' dir='ltr'>καρδία,</span> <span class='ocrx_word' id='word_1_58' title='bbox 809 693 892 745; x_wconf 84' lang='grc' dir='ltr'>ὅτι</span> <span class='ocrx_word' id='word_1_59' title='bbox 927 692 1082 746; x_wconf 71' lang='grc' dir='ltr'>αὐτοὶ</span> <span class='ocrx_word' id='word_1_60' title='bbox 1108 693 1201 747; x_wconf 82' lang='grc' dir='ltr'>τὸν</span> <span class='ocrx_word' id='word_1_61' title='bbox 1234 693 1370 748; x_wconf 78' lang='grc' dir='ltr'>Θεὸν</span> <span class='ocrx_word' id='word_1_62' title='bbox 1398 696 1640 765; x_wconf 79' lang='grc' dir='ltr'>όψονται.</span> <span class='ocrx_word' id='word_1_63' title='bbox 1672 717 1690 749; x_wconf 77' lang='grc' dir='ltr'><strong>ι</strong></span> 
     </span>
    </p>
   </div>
   <div class='ocr_carea' id='block_1_8' title="bbox 409 782 1917 859">
    <p class='ocr_par' dir='ltr' id='par_1_8' title="bbox 409 782 1917 859">
     <span class='ocr_line' id='line_1_8' title="bbox 409 782 1917 859; baseline 0.009 -26"><span class='ocrx_word' id='word_1_64' title='bbox 409 802 425 833; x_wconf 81' lang='grc' dir='ltr'><strong>ι</strong></span> <span class='ocrx_word' id='word_1_65' title='bbox 447 782 548 834; x_wconf 75' lang='grc' dir='ltr'><strong>Καὶ</strong></span> <span class='ocrx_word' id='word_1_66' title='bbox 579 783 830 854; x_wconf 73' lang='grc' dir='ltr'>σεραφὶμ</span> <span class='ocrx_word' id='word_1_67' title='bbox 863 784 1213 855; x_wconf 84' lang='grc' dir='ltr'>εἰστήκεισαν</span> <span class='ocrx_word' id='word_1_68' title='bbox 1254 784 1441 859; x_wconf 80' lang='grc' dir='ltr'><strong>κύκλῳ</strong></span> <span class='ocrx_word' id='word_1_69' title='bbox 1468 790 1655 853; x_wconf 83' lang='grc' dir='ltr'>αὑτοῦ,</span> <span class='ocrx_word' id='word_1_70' title='bbox 1698 790 1756 856; x_wconf 84' lang='grc' dir='ltr'><strong>ἒξ</strong></span> <span class='ocrx_word' id='word_1_71' title='bbox 1786 790 1917 845; x_wconf 86' lang='grc' dir='ltr'>πτέ-</span> 
     </span>
    </p>
   </div>
   <div class='ocr_carea' id='block_1_9' title="bbox 332 873 1918 953">
    <p class='ocr_par' dir='ltr' id='par_1_9' title="bbox 332 873 1918 953">
     <span class='ocr_line' id='line_1_9' title="bbox 332 873 1918 953; baseline 0.006 -28"><span class='ocrx_word' id='word_1_72' title='bbox 332 890 487 944; x_wconf 84' lang='grc' dir='ltr'>ρυγες</span> <span class='ocrx_word' id='word_1_73' title='bbox 512 873 588 943; x_wconf 86' lang='grc' dir='ltr'>τῷ</span> <span class='ocrx_word' id='word_1_74' title='bbox 624 875 730 937; x_wconf 72' lang='grc' dir='ltr'>ἑνὶ,</span> <span class='ocrx_word' id='word_1_75' title='bbox 768 876 864 928; x_wconf 71' lang='grc' dir='ltr'><strong>καὶ</strong></span> <span class='ocrx_word' id='word_1_76' title='bbox 899 875 957 941; x_wconf 80' lang='grc' dir='ltr'><strong>ἒξ</strong></span> <span class='ocrx_word' id='word_1_77' title='bbox 1007 877 1278 948; x_wconf 76' lang='grc' dir='ltr'><strong>πτέρυγες</strong></span> <span class='ocrx_word' id='word_1_78' title='bbox 1305 878 1384 949; x_wconf 79' lang='grc' dir='ltr'><strong>τῷ</strong></span> <span class='ocrx_word' id='word_1_79' title='bbox 1416 881 1514 934; x_wconf 77' lang='grc' dir='ltr'>ἐνί.</span> <span class='ocrx_word' id='word_1_80' title='bbox 1542 899 1561 931; x_wconf 76' lang='grc' dir='ltr'><strong>ι</strong></span> <span class='ocrx_word' id='word_1_81' title='bbox 1614 881 1918 953; x_wconf 83' lang='grc' dir='ltr'>Ἀσώματοί</span> 
     </span>
    </p>
   </div>
   <div class='ocr_carea' id='block_1_10' title="bbox 327 966 1917 1042">
    <p class='ocr_par' dir='ltr' id='par_1_10' title="bbox 327 966 1917 1042">
     <span class='ocr_line' id='line_1_10' title="bbox 327 966 1917 1042; baseline 0.008 -26"><span class='ocrx_word' id='word_1_82' title='bbox 327 982 460 1028; x_wconf 84' lang='grc' dir='ltr'>τινες</span> <span class='ocrx_word' id='word_1_83' title='bbox 491 966 639 1020; x_wconf 86' lang='grc' dir='ltr'>θεῖαι</span> <span class='ocrx_word' id='word_1_84' title='bbox 673 969 768 1021; x_wconf 74' lang='grc' dir='ltr'>καὶ</span> <span class='ocrx_word' id='word_1_85' title='bbox 813 968 1178 1040; x_wconf 79' lang='grc' dir='ltr'>ὑπερκόσμιοι</span> <span class='ocrx_word' id='word_1_86' title='bbox 1230 970 1505 1042; x_wconf 85' lang='grc' dir='ltr'>δυνάμεις,</span> <span class='ocrx_word' id='word_1_87' title='bbox 1534 973 1601 1037; x_wconf 74' lang='grc' dir='ltr'>ἃς</span> <span class='ocrx_word' id='word_1_88' title='bbox 1627 975 1721 1027; x_wconf 81' lang='grc' dir='ltr'>καὶ</span> <span class='ocrx_word' id='word_1_89' title='bbox 1750 978 1777 1028; x_wconf 90' lang='grc' dir='ltr'><strong>ό</strong></span> <span class='ocrx_word' id='word_1_90' title='bbox 1810 978 1917 1028; x_wconf 87' lang='grc' dir='ltr'><strong>Δα-</strong></span> 
     </span>
    </p>
   </div>
   <div class='ocr_carea' id='block_1_11' title="bbox 325 1057 1915 1137">
    <p class='ocr_par' dir='ltr' id='par_1_11' title="bbox 325 1057 1915 1137">
     <span class='ocr_line' id='line_1_11' title="bbox 325 1057 1915 1137; baseline 0.007 -29"><span class='ocrx_word' id='word_1_91' title='bbox 325 1057 434 1127; x_wconf 81' lang='grc' dir='ltr'>νιήλ</span> <span class='ocrx_word' id='word_1_92' title='bbox 478 1058 674 1130; x_wconf 86' lang='grc' dir='ltr'>ἐδήλου</span> <span class='ocrx_word' id='word_1_93' title='bbox 718 1061 926 1129; x_wconf 84' lang='grc' dir='ltr'>λέγων,</span> <span class='ocrx_word' id='word_1_94' title='bbox 988 1080 1007 1114; x_wconf 76' lang='lat' dir='ltr'><strong>t</strong></span> <span class='ocrx_word' id='word_1_95' title='bbox 1033 1063 1215 1116; x_wconf 84' lang='grc' dir='ltr'>Χίλιαι</span> <span class='ocrx_word' id='word_1_96' title='bbox 1260 1064 1492 1133; x_wconf 76' lang='grc' dir='ltr'><strong>χιλιάδες</strong></span> <span class='ocrx_word' id='word_1_97' title='bbox 1543 1066 1915 1137; x_wconf 77' lang='grc' dir='ltr'><strong>ἐλειτούργουν</strong></span> 
     </span>
    </p>
   </div>
   <div class='ocr_carea' id='block_1_12' title="bbox 320 1148 1916 1228">
    <p class='ocr_par' dir='ltr' id='par_1_12' title="bbox 320 1148 1916 1228">
     <span class='ocr_line' id='line_1_12' title="bbox 320 1148 1916 1228; baseline 0.006 -27"><span class='ocrx_word' id='word_1_98' title='bbox 320 1148 487 1219; x_wconf 68' lang='grc' dir='ltr'>αὐτῷ,</span> <span class='ocrx_word' id='word_1_99' title='bbox 530 1150 632 1203; x_wconf 71' lang='grc' dir='ltr'>καὶ</span> <span class='ocrx_word' id='word_1_100' title='bbox 670 1150 865 1222; x_wconf 88' lang='grc' dir='ltr'>μύριαι</span> <span class='ocrx_word' id='word_1_101' title='bbox 912 1154 1173 1224; x_wconf 83' lang='grc' dir='ltr'>μυριάδες</span> <span class='ocrx_word' id='word_1_102' title='bbox 1220 1160 1676 1227; x_wconf 69' lang='grc' dir='ltr'>παρειστήκεισαν</span> <span class='ocrx_word' id='word_1_103' title='bbox 1710 1158 1916 1228; x_wconf 77' lang='grc' dir='ltr'>ἔμπρο-</span> 
     </span>
    </p>
   </div>
   <div class='ocr_carea' id='block_1_13' title="bbox 323 1241 1920 1318">
    <p class='ocr_par' dir='ltr' id='par_1_13' title="bbox 323 1241 1920 1318">
     <span class='ocr_line' id='line_1_13' title="bbox 323 1241 1920 1318; baseline 0.006 -23"><span class='ocrx_word' id='word_1_104' title='bbox 323 1242 447 1295; x_wconf 85' lang='grc' dir='ltr'>σθεν</span> <span class='ocrx_word' id='word_1_105' title='bbox 474 1243 668 1299; x_wconf 75' lang='grc' dir='ltr'>αὑτοῦ.</span> <span class='ocrx_word' id='word_1_106' title='bbox 700 1263 719 1295; x_wconf 74' lang='grc' dir='ltr'><strong>ι</strong></span> <span class='ocrx_word' id='word_1_107' title='bbox 738 1244 843 1297; x_wconf 83' lang='grc' dir='ltr'>Δύο</span> <span class='ocrx_word' id='word_1_108' title='bbox 871 1246 968 1314; x_wconf 86' lang='grc' dir='ltr'>μὲν</span> <span class='ocrx_word' id='word_1_109' title='bbox 998 1241 1228 1301; x_wconf 77' lang='grc' dir='ltr'>εἶναιτὰ</span> <span class='ocrx_word' id='word_1_110' title='bbox 1258 1250 1497 1318; x_wconf 75' lang='grc' dir='ltr'>σεραφὶμ</span> <span class='ocrx_word' id='word_1_111' title='bbox 1525 1250 1771 1303; x_wconf 84' lang='grc' dir='ltr'>ἐντεῦθεν</span> <span class='ocrx_word' id='word_1_112' title='bbox 1802 1251 1920 1304; x_wconf 82' lang='grc' dir='ltr'>ἐνό-</span> 
     </span>
    </p>
   </div>
   <div class='ocr_carea' id='block_1_14' title="bbox 328 1333 1916 1411">
    <p class='ocr_par' dir='ltr' id='par_1_14' title="bbox 328 1333 1916 1411">
     <span class='ocr_line' id='line_1_14' title="bbox 328 1333 1916 1411; baseline 0.006 -27"><span class='ocrx_word' id='word_1_113' title='bbox 328 1349 492 1404; x_wconf 84' lang='grc' dir='ltr'>μισαν</span> <span class='ocrx_word' id='word_1_114' title='bbox 526 1333 707 1389; x_wconf 71' lang='grc' dir='ltr'>ἄλλοι*</span> <span class='ocrx_word' id='word_1_115' title='bbox 754 1334 863 1403; x_wconf 80' lang='grc' dir='ltr'><strong>ἐγὼ</strong></span> <span class='ocrx_word' id='word_1_116' title='bbox 892 1335 972 1398; x_wconf 85' lang='grc' dir='ltr'>δὲ,</span> <span class='ocrx_word' id='word_1_117' title='bbox 1020 1338 1325 1408; x_wconf 78' lang='grc' dir='ltr'><strong>ἐπιστήσας</strong></span> <span class='ocrx_word' id='word_1_118' title='bbox 1358 1342 1422 1409; x_wconf 76' lang='grc' dir='ltr'><strong>τῇ</strong></span> <span class='ocrx_word' id='word_1_119' title='bbox 1457 1339 1668 1411; x_wconf 74' lang='grc' dir='ltr'>διανοίᾳ.</span> <span class='ocrx_word' id='word_1_120' title='bbox 1696 1341 1794 1411; x_wconf 81' lang='grc' dir='ltr'>τῆς</span> <span class='ocrx_word' id='word_1_121' title='bbox 1827 1341 1916 1393; x_wconf 79' lang='grc' dir='ltr'><strong>λε⁴</strong></span> 
     </span>
    </p>
   </div>
   <div class='ocr_carea' id='block_1_15' title="bbox 326 1425 1914 1501">
    <p class='ocr_par' dir='ltr' id='par_1_15' title="bbox 326 1425 1914 1501">
     <span class='ocr_line' id='line_1_15' title="bbox 326 1425 1914 1501; baseline 0.006 -25"><span class='ocrx_word' id='word_1_122' title='bbox 326 1425 530 1497; x_wconf 80' lang='grc' dir='ltr'>τούσης</span> <span class='ocrx_word' id='word_1_123' title='bbox 567 1427 793 1497; x_wconf 71' lang='grc' dir='ltr'>Γραφῆς</span> <span class='ocrx_word' id='word_1_124' title='bbox 846 1427 1030 1497; x_wconf 84' lang='grc' dir='ltr'>κύκλῳ</span> <span class='ocrx_word' id='word_1_125' title='bbox 1060 1429 1223 1484; x_wconf 72' lang='grc' dir='ltr'>αὑτοῦ</span> <span class='ocrx_word' id='word_1_126' title='bbox 1266 1430 1337 1482; x_wconf 79' lang='grc' dir='ltr'><strong>τὰ</strong></span> <span class='ocrx_word' id='word_1_127' title='bbox 1384 1432 1627 1501; x_wconf 69' lang='grc' dir='ltr'>σεραφὶμ</span> <span class='ocrx_word' id='word_1_128' title='bbox 1673 1434 1914 1496; x_wconf 79' lang='grc' dir='ltr'>ἑστάναι,</span> 
     </span>
    </p>
   </div>
   <div class='ocr_carea' id='block_1_16' title="bbox 2094 780 3588 851">
    <p class='ocr_par' dir='ltr' id='par_1_16' title="bbox 2094 780 3588 851">
     <span class='ocr_line' id='line_1_16' title="bbox 2094 780 3588 851; baseline -0.001 -13"><span class='ocrx_word' id='word_1_129' title='bbox 2094 784 2257 839; x_wconf 69' lang='lat' dir='ltr'><strong>Vsus.</strong></span> <span class='ocrx_word' id='word_1_130' title='bbox 2296 783 2351 837; x_wconf 73' lang='grc'><strong>2.</strong></span> <span class='ocrx_word' id='word_1_131' title='bbox 2397 801 2416 834; x_wconf 77' lang='grc' dir='ltr'><strong>ι</strong></span> <span class='ocrx_word' id='word_1_132' title='bbox 2449 782 2514 836; x_wconf 86' lang='lat' dir='ltr'><strong>Et</strong></span> <span class='ocrx_word' id='word_1_133' title='bbox 2552 780 2823 851; x_wconf 87' lang='lat' dir='ltr'><strong>serapbim</strong></span> <span class='ocrx_word' id='word_1_134' title='bbox 2851 781 3068 835; x_wconf 89' lang='lat' dir='ltr'><strong>stabant</strong></span> <span class='ocrx_word' id='word_1_135' title='bbox 3103 780 3155 833; x_wconf 91' lang='lat' dir='ltr'><strong>in</strong></span> <span class='ocrx_word' id='word_1_136' title='bbox 3191 780 3420 835; x_wconf 92' lang='lat' dir='ltr'><strong>circuitu</strong></span> <span class='ocrx_word' id='word_1_137' title='bbox 3446 780 3588 849; x_wconf 81' lang='lat' dir='ltr'><strong>eius,</strong></span> 
     </span>
    </p>
   </div>
   <div class='ocr_carea' id='block_1_17' title="bbox 2021 873 3591 944">
    <p class='ocr_par' dir='ltr' id='par_1_17' title="bbox 2021 873 3591 944">
     <span class='ocr_line' id='line_1_17' title="bbox 2021 873 3591 944; baseline -0.001 -11"><span class='ocrx_word' id='word_1_138' title='bbox 2021 892 2113 934; x_wconf 83' lang='lat' dir='ltr'><strong>sex</strong></span> <span class='ocrx_word' id='word_1_139' title='bbox 2138 878 2236 932; x_wconf 72' lang='lat' dir='ltr'><strong>alae</strong></span> <span class='ocrx_word' id='word_1_140' title='bbox 2274 876 2390 938; x_wconf 94' lang='lat' dir='ltr'><strong>uni,</strong></span> <span class='ocrx_word' id='word_1_141' title='bbox 2421 885 2475 930; x_wconf 90' lang='lat' dir='ltr'><strong>et</strong></span> <span class='ocrx_word' id='word_1_142' title='bbox 2500 890 2593 929; x_wconf 79' lang='lat' dir='ltr'><strong>sex</strong></span> <span class='ocrx_word' id='word_1_143' title='bbox 2622 874 2721 928; x_wconf 60' lang='lat' dir='ltr'><strong>alae</strong></span> <span class='ocrx_word' id='word_1_144' title='bbox 2750 873 2929 927; x_wconf 89' lang='lat' dir='ltr'><strong>alteri.</strong></span> <span class='ocrx_word' id='word_1_145' title='bbox 2964 892 2982 924; x_wconf 73' lang='grc' dir='ltr'><strong>ι</strong></span> <span class='ocrx_word' id='word_1_146' title='bbox 3012 873 3350 943; x_wconf 76' lang='lat' dir='ltr'><strong>lucorporea:</strong></span> <span class='ocrx_word' id='word_1_147' title='bbox 3391 888 3591 944; x_wconf 82' lang='lat' dir='ltr'><strong>nempe</strong></span> 
     </span>
    </p>
   </div>
   <div class='ocr_carea' id='block_1_18' title="bbox 2022 965 3587 1039">
    <p class='ocr_par' dir='ltr' id='par_1_18' title="bbox 2022 965 3587 1039">
     <span class='ocr_line' id='line_1_18' title="bbox 2022 965 3587 1039; baseline -0.002 -16"><span class='ocrx_word' id='word_1_148' title='bbox 2022 970 2289 1039; x_wconf 55' lang='lat' dir='ltr'><strong>quasdam,</strong></span> <span class='ocrx_word' id='word_1_149' title='bbox 2330 968 2531 1022; x_wconf 64' lang='lat' dir='ltr'><strong>divina:</strong></span> <span class='ocrx_word' id='word_1_150' title='bbox 2567 975 2619 1022; x_wconf 91' lang='lat' dir='ltr'><strong>et</strong></span> <span class='ocrx_word' id='word_1_151' title='bbox 2661 981 2823 1036; x_wconf 82' lang='lat' dir='ltr'><strong>supra</strong></span> <span class='ocrx_word' id='word_1_152' title='bbox 2872 965 3129 1019; x_wconf 91' lang='lat' dir='ltr'><strong>mundum</strong></span> <span class='ocrx_word' id='word_1_153' title='bbox 3182 966 3372 1036; x_wconf 74' lang='lat' dir='ltr'><strong>posita:</strong></span> <span class='ocrx_word' id='word_1_154' title='bbox 3412 968 3587 1021; x_wconf 74' lang='lat' dir='ltr'><strong>virtu-</strong></span> 
     </span>
    </p>
   </div>
   <div class='ocr_carea' id='block_1_19' title="bbox 2019 1058 3589 1130">
    <p class='ocr_par' dir='ltr' id='par_1_19' title="bbox 2019 1058 3589 1130">
     <span class='ocr_line' id='line_1_19' title="bbox 2019 1058 3589 1130; baseline -0.001 -15"><span class='ocrx_word' id='word_1_155' title='bbox 2019 1071 2120 1125; x_wconf 88' lang='lat' dir='ltr'><strong>tes,</strong></span> <span class='ocrx_word' id='word_1_156' title='bbox 2155 1076 2290 1130; x_wconf 87' lang='lat' dir='ltr'><strong>quas</strong></span> <span class='ocrx_word' id='word_1_157' title='bbox 2322 1059 2507 1114; x_wconf 91' lang='lat' dir='ltr'><strong>Daniel</strong></span> <span class='ocrx_word' id='word_1_158' title='bbox 2528 1059 2860 1120; x_wconf 86' lang='lat' dir='ltr'><strong>declarabat.</strong></span> <span class='ocrx_word' id='word_1_159' title='bbox 2903 1058 3089 1113; x_wconf 89' lang='lat' dir='ltr'><strong>dicens</strong></span> <span class='ocrx_word' id='word_1_160' title='bbox 3129 1073 3144 1111; x_wconf 92' lang='lat'><strong>:</strong></span> <span class='ocrx_word' id='word_1_161' title='bbox 3205 1076 3225 1110; x_wconf 81' lang='grc' dir='ltr'><strong>ι</strong></span> <span class='ocrx_word' id='word_1_162' title='bbox 3254 1058 3417 1113; x_wconf 79' lang='lat' dir='ltr'><strong>Millia</strong></span> <span class='ocrx_word' id='word_1_163' title='bbox 3460 1058 3589 1114; x_wconf 79' lang='lat' dir='ltr'><strong>mil-</strong></span> 
     </span>
    </p>
   </div>
   <div class='ocr_carea' id='block_1_20' title="bbox 2017 1151 3591 1215">
    <p class='ocr_par' dir='ltr' id='par_1_20' title="bbox 2017 1151 3591 1215">
     <span class='ocr_line' id='line_1_20' title="bbox 2017 1151 3591 1215; baseline -0.001 -8"><span class='ocrx_word' id='word_1_164' title='bbox 2017 1154 2148 1208; x_wconf 90' lang='lat' dir='ltr'><strong>lium</strong></span> <span class='ocrx_word' id='word_1_165' title='bbox 2190 1154 2576 1207; x_wconf 88' lang='lat' dir='ltr'><strong>ministrabant</strong></span> <span class='ocrx_word' id='word_1_166' title='bbox 2613 1153 2683 1215; x_wconf 91' lang='lat' dir='ltr'><strong>ei,</strong></span> <span class='ocrx_word' id='word_1_167' title='bbox 2724 1163 2779 1206; x_wconf 91' lang='lat' dir='ltr'><strong>et</strong></span> <span class='ocrx_word' id='word_1_168' title='bbox 2817 1153 2999 1209; x_wconf 84' lang='lat' dir='ltr'><strong>decies</strong></span> <span class='ocrx_word' id='word_1_169' title='bbox 3037 1152 3235 1207; x_wconf 84' lang='lat' dir='ltr'><strong>millies</strong></span> <span class='ocrx_word' id='word_1_170' title='bbox 3286 1152 3421 1207; x_wconf 89' lang='lat' dir='ltr'><strong>dena</strong></span> <span class='ocrx_word' id='word_1_171' title='bbox 3470 1151 3591 1206; x_wconf 83' lang='lat' dir='ltr'><strong>mil-</strong></span> 
     </span>
    </p>
   </div>
   <div class='ocr_carea' id='block_1_21' title="bbox 2019 1242 3593 1314">
    <p class='ocr_par' dir='ltr' id='par_1_21' title="bbox 2019 1242 3593 1314">
     <span class='ocr_line' id='line_1_21' title="bbox 2019 1242 3593 1314; baseline 0 -16"><span class='ocrx_word' id='word_1_172' title='bbox 2019 1245 2089 1299; x_wconf 85' lang='lat' dir='ltr'><strong>lia</strong></span> <span class='ocrx_word' id='word_1_173' title='bbox 2131 1244 2383 1298; x_wconf 83' lang='lat' dir='ltr'><strong>astabant</strong></span> <span class='ocrx_word' id='word_1_174' title='bbox 2423 1245 2474 1298; x_wconf 92' lang='lat' dir='ltr'><strong>in</strong></span> <span class='ocrx_word' id='word_1_175' title='bbox 2515 1253 2809 1313; x_wconf 90' lang='lat' dir='ltr'><strong>conspectu</strong></span> <span class='ocrx_word' id='word_1_176' title='bbox 2850 1244 2968 1314; x_wconf 90' lang='lat' dir='ltr'><strong>ejus</strong></span> <span class='ocrx_word' id='word_1_177' title='bbox 3007 1244 3074 1298; x_wconf 80' lang='lat'><strong>&quot;.</strong></span> <span class='ocrx_word' id='word_1_178' title='bbox 3125 1263 3144 1297; x_wconf 76' lang='grc' dir='ltr'><strong>ι</strong></span> <span class='ocrx_word' id='word_1_179' title='bbox 3193 1244 3327 1298; x_wconf 87' lang='lat' dir='ltr'><strong>Hinc</strong></span> <span class='ocrx_word' id='word_1_180' title='bbox 3368 1242 3459 1299; x_wconf 83' lang='lat' dir='ltr'><strong>alii</strong></span> <span class='ocrx_word' id='word_1_181' title='bbox 3498 1258 3593 1300; x_wconf 75' lang='lat' dir='ltr'><strong>ar-</strong></span> 
     </span>
    </p>
   </div>
   <div class='ocr_carea' id='block_1_22' title="bbox 2017 1337 3592 1406">
    <p class='ocr_par' dir='ltr' id='par_1_22' title="bbox 2017 1337 3592 1406">
     <span class='ocr_line' id='line_1_22' title="bbox 2017 1337 3592 1406; baseline -0.002 -11"><span class='ocrx_word' id='word_1_182' title='bbox 2017 1339 2203 1395; x_wconf 88' lang='lat' dir='ltr'><strong>bitrati</strong></span> <span class='ocrx_word' id='word_1_183' title='bbox 2263 1346 2390 1393; x_wconf 92' lang='lat' dir='ltr'><strong>sunt</strong></span> <span class='ocrx_word' id='word_1_184' title='bbox 2452 1338 2559 1391; x_wconf 89' lang='lat' dir='ltr'><strong>duo</strong></span> <span class='ocrx_word' id='word_1_185' title='bbox 2613 1351 2733 1391; x_wconf 90' lang='lat' dir='ltr'><strong>esse</strong></span> <span class='ocrx_word' id='word_1_186' title='bbox 2785 1337 3061 1405; x_wconf 87' lang='lat' dir='ltr'><strong>seraphim</strong></span> <span class='ocrx_word' id='word_1_187' title='bbox 3103 1356 3115 1391; x_wconf 92' lang='lat'>:</span> <span class='ocrx_word' id='word_1_188' title='bbox 3158 1351 3258 1406; x_wconf 88' lang='lat' dir='ltr'><strong>ego</strong></span> <span class='ocrx_word' id='word_1_189' title='bbox 3285 1337 3592 1392; x_wconf 82' lang='lat' dir='ltr'><strong>accuratius</strong></span> 
     </span>
    </p>
   </div>
   <div class='ocr_carea' id='block_1_23' title="bbox 2018 1426 3591 1498">
    <p class='ocr_par' dir='ltr' id='par_1_23' title="bbox 2018 1426 3591 1498">
     <span class='ocr_line' id='line_1_23' title="bbox 2018 1426 3591 1498; baseline -0.001 -14"><span class='ocrx_word' id='word_1_190' title='bbox 2018 1430 2300 1498; x_wconf 83' lang='lat' dir='ltr'><strong>explorata</strong></span> <span class='ocrx_word' id='word_1_191' title='bbox 2343 1427 2643 1496; x_wconf 72' lang='lat' dir='ltr'><strong>Scriptum</strong></span> <span class='ocrx_word' id='word_1_192' title='bbox 2684 1437 2888 1491; x_wconf 86' lang='lat' dir='ltr'><strong>mente,</strong></span> <span class='ocrx_word' id='word_1_193' title='bbox 2932 1442 3052 1496; x_wconf 75' lang='lat' dir='ltr'><strong>qua:</strong></span> <span class='ocrx_word' id='word_1_194' title='bbox 3078 1426 3178 1492; x_wconf 86' lang='lat' dir='ltr'><strong>ait,</strong></span> <span class='ocrx_word' id='word_1_195' title='bbox 3222 1428 3496 1497; x_wconf 89' lang='lat' dir='ltr'><strong>seraphim</strong></span> <span class='ocrx_word' id='word_1_196' title='bbox 3536 1426 3591 1482; x_wconf 89' lang='lat' dir='ltr'><strong>in</strong></span> 
     </span>
    </p>
   </div>
   <div class='ocr_carea' id='block_1_24' title="bbox 331 1516 1916 1597">
    <p class='ocr_par' dir='ltr' id='par_1_24' title="bbox 331 1516 1916 1597">
     <span class='ocr_line' id='line_1_24' title="bbox 331 1516 1916 1597; baseline 0.006 -29"><span class='ocrx_word' id='word_1_197' title='bbox 331 1516 571 1588; x_wconf 67' lang='grc' dir='ltr'>ἠγοῦμαι</span> <span class='ocrx_word' id='word_1_198' title='bbox 618 1518 790 1573; x_wconf 87' lang='grc' dir='ltr'>ταῦτα</span> <span class='ocrx_word' id='word_1_199' title='bbox 842 1521 1106 1588; x_wconf 76' lang='grc' dir='ltr'>στεφάνου</span> <span class='ocrx_word' id='word_1_200' title='bbox 1156 1520 1311 1593; x_wconf 87' lang='grc' dir='ltr'>δίκην</span> <span class='ocrx_word' id='word_1_201' title='bbox 1353 1524 1686 1594; x_wconf 79' lang='grc' dir='ltr'>πανταχόθεν</span> <span class='ocrx_word' id='word_1_202' title='bbox 1728 1526 1916 1597; x_wconf 82' lang='grc' dir='ltr'>ὥσπερ</span> 
     </span>
    </p>
   </div>
   <div class='ocr_carea' id='block_1_25' title="bbox 342 1607 1917 1687">
    <p class='ocr_par' dir='ltr' id='par_1_25' title="bbox 342 1607 1917 1687">
     <span class='ocr_line' id='line_1_25' title="bbox 342 1607 1917 1687; baseline 0.006 -27"><span class='ocrx_word' id='word_1_203' title='bbox 342 1607 513 1676; x_wconf 75' lang='grc' dir='ltr'>μέγαν</span> <span class='ocrx_word' id='word_1_204' title='bbox 557 1609 777 1678; x_wconf 77' lang='grc' dir='ltr'>βασιλέα</span> <span class='ocrx_word' id='word_1_205' title='bbox 818 1610 1239 1682; x_wconf 79' lang='grc' dir='ltr'>δορυφοροῦντα.</span> <span class='ocrx_word' id='word_1_206' title='bbox 1294 1613 1390 1679; x_wconf 78' lang='grc' dir='ltr'><strong>’Ἐξ</strong></span> <span class='ocrx_word' id='word_1_207' title='bbox 1430 1614 1485 1666; x_wconf 85' lang='grc' dir='ltr'>δὲ</span> <span class='ocrx_word' id='word_1_208' title='bbox 1527 1616 1794 1687; x_wconf 77' lang='grc' dir='ltr'>πτέρυγες</span> <span class='ocrx_word' id='word_1_209' title='bbox 1838 1616 1917 1687; x_wconf 82' lang='grc' dir='ltr'>τῷ</span> 
     </span>
    </p>
   </div>
   <div class='ocr_carea' id='block_1_26' title="bbox 344 1700 1913 1779">
    <p class='ocr_par' dir='ltr' id='par_1_26' title="bbox 344 1700 1913 1779">
     <span class='ocr_line' id='line_1_26' title="bbox 344 1700 1913 1779; baseline 0.005 -26"><span class='ocrx_word' id='word_1_210' title='bbox 344 1700 426 1753; x_wconf 67' lang='grc' dir='ltr'>ἐνὶ</span> <span class='ocrx_word' id='word_1_211' title='bbox 442 1700 682 1769; x_wconf 83' lang='grc' dir='ltr'>λέγονται</span> <span class='ocrx_word' id='word_1_212' title='bbox 703 1703 1161 1772; x_wconf 68' lang='grc' dir='ltr'>προσπεφυκέναι,</span> <span class='ocrx_word' id='word_1_213' title='bbox 1177 1704 1252 1773; x_wconf 80' lang='grc' dir='ltr'><strong>τῷ</strong></span> <span class='ocrx_word' id='word_1_214' title='bbox 1270 1706 1498 1760; x_wconf 74' lang='grc' dir='ltr'>ἕκαστον</span> <span class='ocrx_word' id='word_1_215' title='bbox 1522 1710 1913 1779; x_wconf 78' lang='grc' dir='ltr'>κεκοσμῆσθαι,</span> 
     </span>
    </p>
   </div>
   <div class='ocr_carea' id='block_1_27' title="bbox 353 1788 1915 1871">
    <p class='ocr_par' dir='ltr' id='par_1_27' title="bbox 353 1788 1915 1871">
     <span class='ocr_line' id='line_1_27' title="bbox 353 1788 1915 1871; baseline 0.007 -28"><span class='ocrx_word' id='word_1_216' title='bbox 353 1788 544 1863; x_wconf 79' lang='grc' dir='ltr'>ὥσπερ</span> <span class='ocrx_word' id='word_1_217' title='bbox 580 1793 849 1863; x_wconf 78' lang='grc' dir='ltr'>πτέρυξιν,</span> <span class='ocrx_word' id='word_1_218' title='bbox 892 1796 1149 1865; x_wconf 79' lang='grc' dir='ltr'>ἐμφύτοις</span> <span class='ocrx_word' id='word_1_219' title='bbox 1178 1797 1401 1867; x_wconf 81' lang='grc' dir='ltr'>ἀρεταῖς</span> <span class='ocrx_word' id='word_1_220' title='bbox 1435 1800 1529 1852; x_wconf 71' lang='grc' dir='ltr'>καὶ</span> <span class='ocrx_word' id='word_1_221' title='bbox 1570 1803 1915 1871; x_wconf 85' lang='grc' dir='ltr'>μετεωροπό·</span> 
     </span>
    </p>
   </div>
   <div class='ocr_carea' id='block_1_28' title="bbox 363 1880 1914 1964">
    <p class='ocr_par' dir='ltr' id='par_1_28' title="bbox 363 1880 1914 1964">
     <span class='ocr_line' id='line_1_28' title="bbox 363 1880 1914 1964; baseline 0.006 -30"><span class='ocrx_word' id='word_1_222' title='bbox 363 1899 501 1954; x_wconf 87' lang='grc' dir='ltr'>ροις,</span> <span class='ocrx_word' id='word_1_223' title='bbox 544 1880 623 1947; x_wconf 75' lang='grc' dir='ltr'>αἷς</span> <span class='ocrx_word' id='word_1_224' title='bbox 666 1885 977 1956; x_wconf 83' lang='grc' dir='ltr'>διιπτάμενα</span> <span class='ocrx_word' id='word_1_225' title='bbox 1028 1888 1091 1940; x_wconf 82' lang='grc' dir='ltr'>δι’</span> <span class='ocrx_word' id='word_1_226' title='bbox 1146 1889 1375 1960; x_wconf 83' lang='grc' dir='ltr'>ούρανοῦ</span> <span class='ocrx_word' id='word_1_227' title='bbox 1427 1892 1523 1944; x_wconf 77' lang='grc' dir='ltr'>καὶ</span> <span class='ocrx_word' id='word_1_228' title='bbox 1572 1891 1914 1964; x_wconf 73' lang='grc' dir='ltr'>αἰθεροςρόροι</span> 
     </span>
    </p>
   </div>
   <div class='ocr_carea' id='block_1_29' title="bbox 364 1975 1918 2055">
    <p class='ocr_par' dir='ltr' id='par_1_29' title="bbox 364 1975 1918 2055">
     <span class='ocr_line' id='line_1_29' title="bbox 364 1975 1918 2055; baseline 0.006 -27"><span class='ocrx_word' id='word_1_229' title='bbox 364 1975 636 2047; x_wconf 77' lang='grc' dir='ltr'>φέρονται,</span> <span class='ocrx_word' id='word_1_230' title='bbox 658 1981 870 2046; x_wconf 82' lang='grc' dir='ltr'>νοηταῖς</span> <span class='ocrx_word' id='word_1_231' title='bbox 892 1996 991 2031; x_wconf 84' lang='grc' dir='ltr'>τισι</span> <span class='ocrx_word' id='word_1_232' title='bbox 1019 1979 1277 2051; x_wconf 83' lang='grc' dir='ltr'>χρώμενα</span> <span class='ocrx_word' id='word_1_233' title='bbox 1306 1982 1628 2054; x_wconf 85' lang='grc' dir='ltr'>ἐνεργείαις,</span> <span class='ocrx_word' id='word_1_234' title='bbox 1664 1984 1918 2055; x_wconf 86' lang='grc' dir='ltr'>πραγμά-</span> 
     </span>
    </p>
   </div>
   <div class='ocr_carea' id='block_1_30' title="bbox 2018 1520 3593 1589">
    <p class='ocr_par' dir='ltr' id='par_1_30' title="bbox 2018 1520 3593 1589">
     <span class='ocr_line' id='line_1_30' title="bbox 2018 1520 3593 1589; baseline 0.001 -14"><span class='ocrx_word' id='word_1_235' title='bbox 2018 1522 2245 1578; x_wconf 89' lang='lat' dir='ltr'><strong>circuitu</strong></span> <span class='ocrx_word' id='word_1_236' title='bbox 2286 1522 2402 1589; x_wconf 85' lang='lat' dir='ltr'><strong>ejus</strong></span> <span class='ocrx_word' id='word_1_237' title='bbox 2456 1521 2693 1583; x_wconf 88' lang='lat' dir='ltr'><strong>stetisse,</strong></span> <span class='ocrx_word' id='word_1_238' title='bbox 2756 1520 2965 1575; x_wconf 65' lang='lat' dir='ltr'><strong>aestimo</strong></span> <span class='ocrx_word' id='word_1_239' title='bbox 3012 1521 3111 1576; x_wconf 91' lang='lat' dir='ltr'><strong>hos</strong></span> <span class='ocrx_word' id='word_1_240' title='bbox 3166 1535 3383 1576; x_wconf 72' lang='lat' dir='ltr'><strong>corona:</strong></span> <span class='ocrx_word' id='word_1_241' title='bbox 3421 1521 3593 1576; x_wconf 87' lang='lat' dir='ltr'><strong>instar</strong></span> 
     </span>
    </p>
   </div>
   <div class='ocr_carea' id='block_1_31' title="bbox 2018 1612 3593 1683">
    <p class='ocr_par' dir='ltr' id='par_1_31' title="bbox 2018 1612 3593 1683">
     <span class='ocr_line' id='line_1_31' title="bbox 2018 1612 3593 1683; baseline -0.001 -16"><span class='ocrx_word' id='word_1_242' title='bbox 2018 1629 2138 1667; x_wconf 90' lang='lat' dir='ltr'><strong>emn</strong></span> <span class='ocrx_word' id='word_1_243' title='bbox 2176 1614 2413 1682; x_wconf 84' lang='lat' dir='ltr'><strong>undique</strong></span> <span class='ocrx_word' id='word_1_244' title='bbox 2452 1629 2549 1667; x_wconf 90' lang='lat' dir='ltr'><strong>ceu</strong></span> <span class='ocrx_word' id='word_1_245' title='bbox 2584 1626 2761 1681; x_wconf 91' lang='lat' dir='ltr'><strong>regem</strong></span> <span class='ocrx_word' id='word_1_246' title='bbox 2796 1628 3048 1683; x_wconf 84' lang='lat' dir='ltr'><strong>magnum</strong></span> <span class='ocrx_word' id='word_1_247' title='bbox 3072 1612 3327 1683; x_wconf 88' lang='lat' dir='ltr'><strong>stipasse.</strong></span> <span class='ocrx_word' id='word_1_248' title='bbox 3356 1613 3463 1669; x_wconf 82' lang='lat' dir='ltr'><strong>Sex</strong></span> <span class='ocrx_word' id='word_1_249' title='bbox 3496 1628 3593 1667; x_wconf 86' lang='lat' dir='ltr'><strong>au—</strong></span> 
     </span>
    </p>
   </div>
   <div class='ocr_carea' id='block_1_32' title="bbox 2021 1705 3593 1777">
    <p class='ocr_par' dir='ltr' id='par_1_32' title="bbox 2021 1705 3593 1777">
     <span class='ocr_line' id='line_1_32' title="bbox 2021 1705 3593 1777; baseline 0.001 -18"><span class='ocrx_word' id='word_1_250' title='bbox 2021 1716 2127 1761; x_wconf 91' lang='lat' dir='ltr'><strong>tem</strong></span> <span class='ocrx_word' id='word_1_251' title='bbox 2181 1706 2280 1760; x_wconf 70' lang='lat' dir='ltr'><strong>alte</strong></span> <span class='ocrx_word' id='word_1_252' title='bbox 2318 1705 2409 1759; x_wconf 91' lang='lat' dir='ltr'><strong>uni</strong></span> <span class='ocrx_word' id='word_1_253' title='bbox 2450 1719 2569 1759; x_wconf 91' lang='lat' dir='ltr'><strong>esse</strong></span> <span class='ocrx_word' id='word_1_254' title='bbox 2622 1705 2897 1768; x_wconf 87' lang='lat' dir='ltr'><strong>dicuntur,</strong></span> <span class='ocrx_word' id='word_1_255' title='bbox 2938 1706 3083 1775; x_wconf 90' lang='lat' dir='ltr'><strong>quod</strong></span> <span class='ocrx_word' id='word_1_256' title='bbox 3136 1706 3332 1777; x_wconf 78' lang='lat' dir='ltr'><strong>singuli</strong></span> <span class='ocrx_word' id='word_1_257' title='bbox 3389 1706 3593 1761; x_wconf 87' lang='lat' dir='ltr'><strong>innatis</strong></span> 
     </span>
    </p>
   </div>
   <div class='ocr_carea' id='block_1_33' title="bbox 2018 1794 3595 1870">
    <p class='ocr_par' dir='ltr' id='par_1_33' title="bbox 2018 1794 3595 1870">
     <span class='ocr_line' id='line_1_33' title="bbox 2018 1794 3595 1870; baseline 0 -17"><span class='ocrx_word' id='word_1_258' title='bbox 2018 1806 2073 1853; x_wconf 87' lang='lat' dir='ltr'><strong>et</strong></span> <span class='ocrx_word' id='word_1_259' title='bbox 2108 1795 2431 1851; x_wconf 83' lang='lat' dir='ltr'><strong>sublimibus</strong></span> <span class='ocrx_word' id='word_1_260' title='bbox 2468 1794 2759 1851; x_wconf 83' lang='lat' dir='ltr'><strong>virtutibus</strong></span> <span class='ocrx_word' id='word_1_261' title='bbox 2797 1798 2950 1867; x_wconf 89' lang='lat' dir='ltr'><strong>quasi</strong></span> <span class='ocrx_word' id='word_1_262' title='bbox 2992 1797 3091 1852; x_wconf 89' lang='lat' dir='ltr'><strong>alis</strong></span> <span class='ocrx_word' id='word_1_263' title='bbox 3128 1809 3433 1854; x_wconf 91' lang='lat' dir='ltr'><strong>ornentur:</strong></span> <span class='ocrx_word' id='word_1_264' title='bbox 3474 1800 3595 1870; x_wconf 87' lang='lat' dir='ltr'><strong>qui-</strong></span> 
     </span>
    </p>
   </div>
   <div class='ocr_carea' id='block_1_34' title="bbox 2019 1888 3597 1957">
    <p class='ocr_par' dir='ltr' id='par_1_34' title="bbox 2019 1888 3597 1957">
     <span class='ocr_line' id='line_1_34' title="bbox 2019 1888 3597 1957; baseline 0 -14"><span class='ocrx_word' id='word_1_265' title='bbox 2019 1889 2119 1943; x_wconf 86' lang='lat' dir='ltr'><strong>bus</strong></span> <span class='ocrx_word' id='word_1_266' title='bbox 2148 1888 2399 1943; x_wconf 85' lang='lat' dir='ltr'><strong>volantes</strong></span> <span class='ocrx_word' id='word_1_267' title='bbox 2429 1904 2527 1957; x_wconf 89' lang='lat' dir='ltr'><strong>per</strong></span> <span class='ocrx_word' id='word_1_268' title='bbox 2567 1888 2762 1943; x_wconf 71' lang='lat' dir='ltr'><strong>cmlum</strong></span> <span class='ocrx_word' id='word_1_269' title='bbox 2822 1898 2877 1943; x_wconf 89' lang='lat' dir='ltr'><strong>et</strong></span> <span class='ocrx_word' id='word_1_270' title='bbox 2909 1904 3089 1942; x_wconf 91' lang='lat' dir='ltr'><strong>aerem</strong></span> <span class='ocrx_word' id='word_1_271' title='bbox 3133 1892 3401 1955; x_wconf 82' lang='lat' dir='ltr'><strong>feruntur,</strong></span> <span class='ocrx_word' id='word_1_272' title='bbox 3435 1891 3597 1945; x_wconf 91' lang='lat' dir='ltr'><strong>intel-</strong></span> 
     </span>
    </p>
   </div>
   <div class='ocr_carea' id='block_1_35' title="bbox 2020 1979 3597 2050">
    <p class='ocr_par' dir='ltr' id='par_1_35' title="bbox 2020 1979 3597 2050">
     <span class='ocr_line' id='line_1_35' title="bbox 2020 1979 3597 2050; baseline 0.003 -18"><span class='ocrx_word' id='word_1_273' title='bbox 2020 1979 2209 2050; x_wconf 90' lang='lat' dir='ltr'><strong>ligibili</strong></span> <span class='ocrx_word' id='word_1_274' title='bbox 2235 1979 2467 2049; x_wconf 88' lang='lat' dir='ltr'><strong>quadam</strong></span> <span class='ocrx_word' id='word_1_275' title='bbox 2526 1980 2718 2050; x_wconf 84' lang='lat' dir='ltr'><strong>agendi</strong></span> <span class='ocrx_word' id='word_1_276' title='bbox 2766 1980 2817 2033; x_wconf 89' lang='lat' dir='ltr'><strong>vi</strong></span> <span class='ocrx_word' id='word_1_277' title='bbox 2865 1988 3099 2042; x_wconf 85' lang='lat' dir='ltr'><strong>utentes,</strong></span> <span class='ocrx_word' id='word_1_278' title='bbox 3141 1995 3247 2049; x_wconf 88' lang='lat' dir='ltr'><strong>qua</strong></span> <span class='ocrx_word' id='word_1_279' title='bbox 3299 1981 3454 2036; x_wconf 89' lang='lat' dir='ltr'><strong>nobis</strong></span> <span class='ocrx_word' id='word_1_280' title='bbox 3506 1996 3597 2037; x_wconf 81' lang='lat' dir='ltr'><strong>res</strong></span> 
     </span>
    </p>
   </div>
   <div class='ocr_carea' id='block_1_36' title="bbox 367 2069 1925 2147">
    <p class='ocr_par' dir='ltr' id='par_1_36' title="bbox 367 2069 1919 2147">
     <span class='ocr_line' id='line_1_36' title="bbox 367 2069 1919 2147; baseline 0.006 -28"><span class='ocrx_word' id='word_1_281' title='bbox 367 2084 475 2120; x_wconf 89' lang='grc' dir='ltr'><strong>των</strong></span> <span class='ocrx_word' id='word_1_282' title='bbox 497 2069 647 2122; x_wconf 85' lang='grc' dir='ltr'>τινῶν</span> <span class='ocrx_word' id='word_1_283' title='bbox 685 2071 928 2141; x_wconf 73' lang='grc' dir='ltr'>ἀρρήτων</span> <span class='ocrx_word' id='word_1_284' title='bbox 972 2074 1103 2143; x_wconf 80' lang='grc' dir='ltr'>ἡμῖν</span> <span class='ocrx_word' id='word_1_285' title='bbox 1153 2073 1618 2136; x_wconf 83' lang='grc' dir='ltr'>ἀποτελεστικαῖς.</span> <span class='ocrx_word' id='word_1_286' title='bbox 1674 2074 1762 2138; x_wconf 79' lang='grc' dir='ltr'>Ὠς</span> <span class='ocrx_word' id='word_1_287' title='bbox 1809 2076 1919 2147; x_wconf 83' lang='grc' dir='ltr'><strong>γὰρ</strong></span> 
     </span>
    </p>
   </div>
   <div class='ocr_carea' id='block_1_37' title="bbox 2027 2069 3595 2147">
    <p class='ocr_par' dir='ltr' id='par_1_37' title="bbox 2027 2070 3595 2141">
     <span class='ocr_line' id='line_1_37' title="bbox 2027 2070 3595 2141; baseline 0.003 -17"><span class='ocrx_word' id='word_1_288' title='bbox 2027 2071 2281 2139; x_wconf 86' lang='lat' dir='ltr'><strong>quasdam</strong></span> <span class='ocrx_word' id='word_1_289' title='bbox 2313 2084 2544 2126; x_wconf 86' lang='lat' dir='ltr'><strong>arcanas</strong></span> <span class='ocrx_word' id='word_1_290' title='bbox 2580 2079 2903 2141; x_wconf 89' lang='lat' dir='ltr'><strong>operantur.</strong></span> <span class='ocrx_word' id='word_1_291' title='bbox 2943 2070 3409 2138; x_wconf 85' lang='lat' dir='ltr'><strong>Quemadmodum</strong></span> <span class='ocrx_word' id='word_1_292' title='bbox 3448 2073 3595 2128; x_wconf 92' lang='lat' dir='ltr'><strong>enim</strong></span> 
     </span>
    </p>
   </div>
   <div class='ocr_carea' id='block_1_38' title="bbox 362 2159 1919 2236">
    <p class='ocr_par' dir='ltr' id='par_1_38' title="bbox 362 2159 1919 2236">
     <span class='ocr_line' id='line_1_38' title="bbox 362 2159 1919 2236; baseline 0.003 -21"><span class='ocrx_word' id='word_1_293' title='bbox 362 2160 422 2215; x_wconf 78' lang='grc' dir='ltr'><strong>ἐν</strong></span> <span class='ocrx_word' id='word_1_294' title='bbox 446 2159 738 2231; x_wconf 78' lang='grc' dir='ltr'>ἀνθρώποις</span> <span class='ocrx_word' id='word_1_295' title='bbox 764 2163 811 2216; x_wconf 82' lang='grc' dir='ltr'><strong>οἰ</strong></span> <span class='ocrx_word' id='word_1_296' title='bbox 844 2162 981 2230; x_wconf 73' lang='grc' dir='ltr'>ἅγιοι</span> <span class='ocrx_word' id='word_1_297' title='bbox 1003 2161 1100 2215; x_wconf 91' lang='grc' dir='ltr'><strong>τοῦ</strong></span> <span class='ocrx_word' id='word_1_298' title='bbox 1126 2162 1260 2215; x_wconf 85' lang='grc' dir='ltr'>Θεοῦ</span> <span class='ocrx_word' id='word_1_299' title='bbox 1292 2163 1645 2235; x_wconf 80' lang='grc' dir='ltr'>χαρισμάτων</span> <span class='ocrx_word' id='word_1_300' title='bbox 1672 2167 1919 2236; x_wconf 82' lang='grc' dir='ltr'>μετεῖχον</span> 
     </span>
    </p>
   </div>
   <div class='ocr_carea' id='block_1_39' title="bbox 351 2252 1921 2325">
    <p class='ocr_par' dir='ltr' id='par_1_39' title="bbox 351 2252 1921 2325">
     <span class='ocr_line' id='line_1_39' title="bbox 351 2252 1921 2325; baseline 0.005 -22"><span class='ocrx_word' id='word_1_301' title='bbox 351 2252 680 2321; x_wconf 81' lang='grc' dir='ltr'>κρειττόνων,</span> <span class='ocrx_word' id='word_1_302' title='bbox 711 2253 787 2316; x_wconf 85' lang='grc' dir='ltr'>ὡς</span> <span class='ocrx_word' id='word_1_303' title='bbox 815 2253 1173 2325; x_wconf 81' lang='grc' dir='ltr'>προφητεύειν</span> <span class='ocrx_word' id='word_1_304' title='bbox 1204 2254 1271 2307; x_wconf 75' lang='grc' dir='ltr'><strong>τά</strong></span> <span class='ocrx_word' id='word_1_305' title='bbox 1300 2254 1579 2325; x_wconf 82' lang='grc' dir='ltr'>μέλλοντα,</span> <span class='ocrx_word' id='word_1_306' title='bbox 1616 2258 1709 2311; x_wconf 75' lang='grc' dir='ltr'>καὶ</span> <span class='ocrx_word' id='word_1_307' title='bbox 1733 2257 1921 2321; x_wconf 80' lang='grc' dir='ltr'>νόσους</span> 
     </span>
    </p>
   </div>
   <div class='ocr_carea' id='block_1_40' title="bbox 346 2342 1918 2417">
    <p class='ocr_par' dir='ltr' id='par_1_40' title="bbox 346 2342 1918 2417">
     <span class='ocr_line' id='line_1_40' title="bbox 346 2342 1918 2417; baseline 0.005 -20"><span class='ocrx_word' id='word_1_308' title='bbox 346 2342 539 2409; x_wconf 65' lang='lat' dir='ltr'><strong>liceat,</strong></span> <span class='ocrx_word' id='word_1_309' title='bbox 576 2345 670 2397; x_wconf 76' lang='grc' dir='ltr'>καὶ</span> <span class='ocrx_word' id='word_1_310' title='bbox 712 2347 940 2417; x_wconf 81' lang='grc' dir='ltr'>νεκροὺς</span> <span class='ocrx_word' id='word_1_311' title='bbox 977 2346 1222 2417; x_wconf 84' lang='grc' dir='ltr'>ἀνιστᾷν,</span> <span class='ocrx_word' id='word_1_312' title='bbox 1270 2348 1366 2399; x_wconf 79' lang='grc' dir='ltr'>καὶ</span> <span class='ocrx_word' id='word_1_313' title='bbox 1413 2346 1688 2416; x_wconf 81' lang='grc' dir='ltr'>γλώσσαις</span> <span class='ocrx_word' id='word_1_314' title='bbox 1718 2350 1918 2416; x_wconf 82' lang='grc' dir='ltr'>λαλεῖν,</span> 
     </span>
    </p>
   </div>
   <div class='ocr_carea' id='block_1_41' title="bbox 343 2436 1920 2515">
    <p class='ocr_par' dir='ltr' id='par_1_41' title="bbox 343 2436 1920 2515">
     <span class='ocr_line' id='line_1_41' title="bbox 343 2436 1920 2515; baseline 0.006 -28"><span class='ocrx_word' id='word_1_315' title='bbox 343 2436 525 2504; x_wconf 77' lang='grc' dir='ltr'>σοφίας</span> <span class='ocrx_word' id='word_1_316' title='bbox 572 2454 633 2489; x_wconf 90' lang='grc' dir='ltr'><strong>τε</strong></span> <span class='ocrx_word' id='word_1_317' title='bbox 704 2438 800 2491; x_wconf 72' lang='grc' dir='ltr'><strong>καὶ</strong></span> <span class='ocrx_word' id='word_1_318' title='bbox 852 2436 1109 2506; x_wconf 83' lang='grc' dir='ltr'>γνώσεως</span> <span class='ocrx_word' id='word_1_319' title='bbox 1167 2439 1447 2509; x_wconf 80' lang='grc' dir='ltr'>μετέχειν’</span> <span class='ocrx_word' id='word_1_320' title='bbox 1492 2440 1524 2510; x_wconf 78' lang='grc' dir='ltr'>ἢ</span> <span class='ocrx_word' id='word_1_321' title='bbox 1579 2441 1672 2495; x_wconf 81' lang='grc' dir='ltr'>καὶ</span> <span class='ocrx_word' id='word_1_322' title='bbox 1734 2441 1920 2515; x_wconf 85' lang='grc' dir='ltr'>ὥσπερ</span> 
     </span>
    </p>
   </div>
   <div class='ocr_carea' id='block_1_42' title="bbox 339 2526 1922 2604">
    <p class='ocr_par' dir='ltr' id='par_1_42' title="bbox 339 2526 1922 2604">
     <span class='ocr_line' id='line_1_42' title="bbox 339 2526 1922 2604; baseline 0.003 -22"><span class='ocrx_word' id='word_1_323' title='bbox 339 2526 473 2582; x_wconf 75' lang='grc' dir='ltr'>κατά</span> <span class='ocrx_word' id='word_1_324' title='bbox 495 2528 557 2580; x_wconf 80' lang='grc' dir='ltr'>τὸ</span> <span class='ocrx_word' id='word_1_325' title='bbox 594 2526 757 2599; x_wconf 82' lang='grc' dir='ltr'>σῶμα</span> <span class='ocrx_word' id='word_1_326' title='bbox 786 2534 1037 2597; x_wconf 79' lang='grc' dir='ltr'>φυσικοῖς</span> <span class='ocrx_word' id='word_1_327' title='bbox 1076 2530 1449 2602; x_wconf 80' lang='grc' dir='ltr'>αἰσθητηρίοις</span> <span class='ocrx_word' id='word_1_328' title='bbox 1489 2533 1808 2604; x_wconf 82' lang='grc' dir='ltr'>κεχρήμεθα</span> <span class='ocrx_word' id='word_1_329' title='bbox 1831 2534 1922 2587; x_wconf 84' lang='grc' dir='ltr'>τὸν</span> 
     </span>
    </p>
   </div>
   <div class='ocr_carea' id='block_1_43' title="bbox 337 2620 1922 2695">
    <p class='ocr_par' dir='ltr' id='par_1_43' title="bbox 337 2620 1922 2695">
     <span class='ocr_line' id='line_1_43' title="bbox 337 2620 1922 2695; baseline 0.003 -20"><span class='ocrx_word' id='word_1_330' title='bbox 337 2620 563 2692; x_wconf 73' lang='grc' dir='ltr'>ἀριθμὸν</span> <span class='ocrx_word' id='word_1_331' title='bbox 608 2622 791 2685; x_wconf 81' lang='grc' dir='ltr'>πέντε,</span> <span class='ocrx_word' id='word_1_332' title='bbox 846 2622 991 2675; x_wconf 78' lang='grc' dir='ltr'>οὕτω</span> <span class='ocrx_word' id='word_1_333' title='bbox 1034 2641 1133 2676; x_wconf 90' lang='grc' dir='ltr'><strong>που</strong></span> <span class='ocrx_word' id='word_1_334' title='bbox 1179 2624 1320 2694; x_wconf 86' lang='grc' dir='ltr'>τάχα</span> <span class='ocrx_word' id='word_1_335' title='bbox 1376 2624 1474 2695; x_wconf 82' lang='grc' dir='ltr'>τὴν</span> <span class='ocrx_word' id='word_1_336' title='bbox 1526 2625 1634 2678; x_wconf 88' lang='grc' dir='ltr'>τῶν</span> <span class='ocrx_word' id='word_1_337' title='bbox 1674 2627 1922 2695; x_wconf 76' lang='grc' dir='ltr'>ἀγγέλων</span> 
     </span>
    </p>
   </div>
   <div class='ocr_carea' id='block_1_44' title="bbox 342 2713 1922 2788">
    <p class='ocr_par' dir='ltr' id='par_1_44' title="bbox 342 2713 1922 2788">
     <span class='ocr_line' id='line_1_44' title="bbox 342 2713 1922 2788; baseline 0.003 -22"><span class='ocrx_word' id='word_1_338' title='bbox 342 2713 495 2782; x_wconf 65' lang='grc' dir='ltr'>ςύσιν</span> <span class='ocrx_word' id='word_1_339' title='bbox 530 2714 699 2778; x_wconf 78' lang='grc' dir='ltr'>εἰκὸς,</span> <span class='ocrx_word' id='word_1_340' title='bbox 729 2714 997 2785; x_wconf 88' lang='grc' dir='ltr'>δυνάμεσι</span> <span class='ocrx_word' id='word_1_341' title='bbox 1038 2716 1206 2779; x_wconf 82' lang='grc' dir='ltr'>θείαις</span> <span class='ocrx_word' id='word_1_342' title='bbox 1235 2718 1343 2771; x_wconf 80' lang='grc' dir='ltr'>τισὶ</span> <span class='ocrx_word' id='word_1_343' title='bbox 1375 2718 1467 2770; x_wconf 87' lang='grc' dir='ltr'><strong>καί</strong></span> <span class='ocrx_word' id='word_1_344' title='bbox 1495 2734 1656 2771; x_wconf 87' lang='grc' dir='ltr'>τινων</span> <span class='ocrx_word' id='word_1_345' title='bbox 1684 2718 1922 2788; x_wconf 82' lang='grc' dir='ltr'>παραδό-</span> 
     </span>
    </p>
   </div>
   <div class='ocr_carea' id='block_1_45' title="bbox 338 2805 1918 2880">
    <p class='ocr_par' dir='ltr' id='par_1_45' title="bbox 338 2805 1918 2880">
     <span class='ocr_line' id='line_1_45' title="bbox 338 2805 1918 2880; baseline 0.003 -22"><span class='ocrx_word' id='word_1_346' title='bbox 338 2805 437 2873; x_wconf 78' lang='grc' dir='ltr'>ξων</span> <span class='ocrx_word' id='word_1_347' title='bbox 468 2808 869 2877; x_wconf 79' lang='grc' dir='ltr'>ἐνεργητικαῖς,</span> <span class='ocrx_word' id='word_1_348' title='bbox 914 2810 1046 2878; x_wconf 88' lang='grc' dir='ltr'>ήμῖν</span> <span class='ocrx_word' id='word_1_349' title='bbox 1086 2808 1141 2862; x_wconf 79' lang='grc' dir='ltr'>δὲ</span> <span class='ocrx_word' id='word_1_350' title='bbox 1205 2808 1529 2877; x_wconf 82' lang='grc' dir='ltr'>ἀγνώστοις,</span> <span class='ocrx_word' id='word_1_351' title='bbox 1584 2808 1918 2880; x_wconf 66' lang='grc' dir='ltr'>κεχρῆσθαυ</span> 
     </span>
    </p>
   </div>
   <div class='ocr_carea' id='block_1_46' title="bbox 341 2899 1922 2973">
    <p class='ocr_par' dir='ltr' id='par_1_46' title="bbox 341 2899 1922 2973">
     <span class='ocr_line' id='line_1_46' title="bbox 341 2899 1922 2973; baseline 0.003 -22"><span class='ocrx_word' id='word_1_352' title='bbox 341 2899 405 2962; x_wconf 57' lang='grc' dir='ltr'>ἃς</span> <span class='ocrx_word' id='word_1_353' title='bbox 444 2899 510 2969; x_wconf 74' lang='grc' dir='ltr'>δὴ</span> <span class='ocrx_word' id='word_1_354' title='bbox 542 2901 816 2971; x_wconf 74' lang='grc' dir='ltr'>πτέρυγας</span> <span class='ocrx_word' id='word_1_355' title='bbox 860 2903 889 2953; x_wconf 90' lang='grc' dir='ltr'><strong>ό</strong></span> <span class='ocrx_word' id='word_1_356' title='bbox 932 2901 1087 2969; x_wconf 84' lang='grc' dir='ltr'>λόγος</span> <span class='ocrx_word' id='word_1_357' title='bbox 1131 2901 1411 2973; x_wconf 84' lang='grc' dir='ltr'>ὠνόμασεν</span> <span class='ocrx_word' id='word_1_358' title='bbox 1437 2919 1451 2932; x_wconf 72' lang='grc'><strong><em>⁸</em></strong></span> <span class='ocrx_word' id='word_1_359' title='bbox 1498 2902 1621 2955; x_wconf 75' lang='grc' dir='ltr'>ἐπεὶ</span> <span class='ocrx_word' id='word_1_360' title='bbox 1660 2904 1755 2955; x_wconf 77' lang='grc' dir='ltr'>καὶ</span> <span class='ocrx_word' id='word_1_361' title='bbox 1794 2901 1922 2973; x_wconf 77' lang='grc' dir='ltr'>περὶ</span> 
     </span>
    </p>
   </div>
   <div class='ocr_carea' id='block_1_47' title="bbox 352 2993 1917 3069">
    <p class='ocr_par' dir='ltr' id='par_1_47' title="bbox 352 2993 1917 3069">
     <span class='ocr_line' id='line_1_47' title="bbox 352 2993 1917 3069; baseline 0.001 -21"><span class='ocrx_word' id='word_1_362' title='bbox 352 2993 451 3048; x_wconf 78' lang='grc' dir='ltr'>τῶν</span> <span class='ocrx_word' id='word_1_363' title='bbox 480 2995 689 3065; x_wconf 85' lang='grc' dir='ltr'>ἀνέμων</span> <span class='ocrx_word' id='word_1_364' title='bbox 718 2996 958 3068; x_wconf 77' lang='grc' dir='ltr'>εἴρηται·</span> <span class='ocrx_word' id='word_1_365' title='bbox 998 3014 1016 3047; x_wconf 85' lang='grc'><strong><em>‹</em></strong></span> <span class='ocrx_word' id='word_1_366' title='bbox 1054 2996 1121 3055; x_wconf 87' lang='grc' dir='ltr'><strong>Ὀ¹</strong></span> <span class='ocrx_word' id='word_1_367' title='bbox 1147 2997 1470 3068; x_wconf 85' lang='grc' dir='ltr'>περιπατῶν</span> <span class='ocrx_word' id='word_1_368' title='bbox 1503 2997 1596 3051; x_wconf 76' lang='grc' dir='ltr'>ἐπὶ</span> <span class='ocrx_word' id='word_1_369' title='bbox 1623 2997 1917 3069; x_wconf 82' lang='grc' dir='ltr'>πτερύγων</span> 
     </span>
    </p>
   </div>
   <div class='ocr_carea' id='block_1_48' title="bbox 348 3086 1926 3160">
    <p class='ocr_par' dir='ltr' id='par_1_48' title="bbox 348 3086 1926 3160">
     <span class='ocr_line' id='line_1_48' title="bbox 348 3086 1926 3160; baseline 0.004 -21"><span class='ocrx_word' id='word_1_370' title='bbox 348 3086 564 3157; x_wconf 68' lang='grc' dir='ltr'>ἀνέμων</span> <span class='ocrx_word' id='word_1_371' title='bbox 583 3105 596 3118; x_wconf 70' lang='grc' dir='ltr'><strong>ο</strong></span> <span class='ocrx_word' id='word_1_372' title='bbox 625 3107 644 3139; x_wconf 71' lang='grc' dir='ltr'><strong>ι</strong></span> <span class='ocrx_word' id='word_1_373' title='bbox 674 3089 731 3140; x_wconf 77' lang='grc' dir='ltr'><strong>ού</strong></span> <span class='ocrx_word' id='word_1_374' title='bbox 759 3089 977 3151; x_wconf 87' lang='grc' dir='ltr'>πάντως</span> <span class='ocrx_word' id='word_1_375' title='bbox 1003 3089 1378 3143; x_wconf 77' lang='grc' dir='ltr'>ἐκπιπτόντων</span> <span class='ocrx_word' id='word_1_376' title='bbox 1406 3090 1563 3160; x_wconf 84' lang='grc' dir='ltr'>ήμῶν</span> <span class='ocrx_word' id='word_1_377' title='bbox 1602 3092 1695 3145; x_wconf 75' lang='grc' dir='ltr'>ἐπὶ</span> <span class='ocrx_word' id='word_1_378' title='bbox 1724 3090 1795 3145; x_wconf 82' lang='grc' dir='ltr'>τὰ</span> <span class='ocrx_word' id='word_1_379' title='bbox 1820 3108 1926 3145; x_wconf 89' lang='grc' dir='ltr'>σω-</span> 
     </span>
    </p>
   </div>
   <div class='ocr_carea' id='block_1_49' title="bbox 350 3180 1927 3254">
    <p class='ocr_par' dir='ltr' id='par_1_49' title="bbox 350 3180 1927 3254">
     <span class='ocr_line' id='line_1_49' title="bbox 350 3180 1927 3254; baseline 0.003 -21"><span class='ocrx_word' id='word_1_380' title='bbox 350 3180 562 3248; x_wconf 72' lang='grc' dir='ltr'>ματικὰ</span> <span class='ocrx_word' id='word_1_381' title='bbox 588 3182 851 3251; x_wconf 85' lang='grc' dir='ltr'>σχήματα,</span> <span class='ocrx_word' id='word_1_382' title='bbox 876 3181 953 3244; x_wconf 84' lang='grc' dir='ltr'>ὡς</span> <span class='ocrx_word' id='word_1_383' title='bbox 980 3180 1086 3234; x_wconf 84' lang='grc' dir='ltr'>τῶν</span> <span class='ocrx_word' id='word_1_384' title='bbox 1114 3181 1333 3252; x_wconf 85' lang='grc' dir='ltr'>ἀνέμων</span> <span class='ocrx_word' id='word_1_385' title='bbox 1366 3182 1566 3254; x_wconf 86' lang='grc' dir='ltr'>ὀρνέων</span> <span class='ocrx_word' id='word_1_386' title='bbox 1603 3183 1757 3254; x_wconf 87' lang='grc' dir='ltr'>δίκην</span> <span class='ocrx_word' id='word_1_387' title='bbox 1803 3201 1927 3237; x_wconf 84' lang='grc' dir='ltr'>πτε-</span> 
     </span>
    </p>
   </div>
   <div class='ocr_carea' id='block_1_50' title="bbox 344 3272 718 3342">
    <p class='ocr_par' dir='ltr' id='par_1_50' title="bbox 344 3272 718 3342">
     <span class='ocr_line' id='line_1_50' title="bbox 344 3272 718 3342; baseline 0.008 -20"><span class='ocrx_word' id='word_1_388' title='bbox 344 3272 718 3342; x_wconf 82' lang='grc' dir='ltr'>ρυσσομένων.</span> 
     </span>
    </p>
   </div>
   <div class='ocr_carea' id='block_1_51' title="bbox 416 3366 1919 3439">
    <p class='ocr_par' dir='ltr' id='par_1_51' title="bbox 416 3366 1919 3439">
     <span class='ocr_line' id='line_1_51' title="bbox 416 3366 1919 3439; baseline -0.001 -21"><span class='ocrx_word' id='word_1_389' title='bbox 416 3384 436 3416; x_wconf 73' lang='grc' dir='ltr'><strong>ι</strong></span> <span class='ocrx_word' id='word_1_390' title='bbox 465 3367 576 3420; x_wconf 81' lang='grc' dir='ltr'><strong>Καὶ</strong></span> <span class='ocrx_word' id='word_1_391' title='bbox 613 3370 733 3430; x_wconf 84' lang='grc' dir='ltr'>ταῖς</span> <span class='ocrx_word' id='word_1_392' title='bbox 772 3366 873 3439; x_wconf 76' lang='grc' dir='ltr'>μὲν</span> <span class='ocrx_word' id='word_1_393' title='bbox 910 3367 1029 3421; x_wconf 78' lang='grc' dir='ltr'>δυσὶ</span> <span class='ocrx_word' id='word_1_394' title='bbox 1062 3367 1470 3423; x_wconf 84' lang='grc' dir='ltr'>κατεκάλυπτον</span> <span class='ocrx_word' id='word_1_395' title='bbox 1506 3367 1567 3419; x_wconf 84' lang='grc' dir='ltr'>τὸ</span> <span class='ocrx_word' id='word_1_396' title='bbox 1610 3367 1919 3438; x_wconf 88' lang='grc' dir='ltr'>πρόσωπον,</span> 
     </span>
    </p>
   </div>
   <div class='ocr_carea' id='block_1_52' title="bbox 337 3430 1994 3523">
    <p class='ocr_par' dir='ltr' id='par_1_52' title="bbox 337 3430 1994 3523">
     <span class='ocr_line' id='line_1_52' title="bbox 337 3430 1994 3523; baseline -0.002 -10"><span class='ocrx_word' id='word_1_397' title='bbox 337 3459 435 3513; x_wconf 75' lang='grc' dir='ltr'><strong>καὶ</strong></span> <span class='ocrx_word' id='word_1_398' title='bbox 482 3462 603 3521; x_wconf 88' lang='grc' dir='ltr'>ταῖς</span> <span class='ocrx_word' id='word_1_399' title='bbox 640 3459 761 3512; x_wconf 72' lang='grc' dir='ltr'>δυσὶ</span> <span class='ocrx_word' id='word_1_400' title='bbox 812 3458 1219 3513; x_wconf 85' lang='grc' dir='ltr'>κατεκάλυπτον</span> <span class='ocrx_word' id='word_1_401' title='bbox 1260 3462 1384 3523; x_wconf 81' lang='grc' dir='ltr'>τοὺς</span> <span class='ocrx_word' id='word_1_402' title='bbox 1437 3459 1623 3522; x_wconf 85' lang='grc' dir='ltr'>πόδας,</span> <span class='ocrx_word' id='word_1_403' title='bbox 1671 3460 1764 3512; x_wconf 69' lang='grc' dir='ltr'><strong>καὶ</strong></span> <span class='ocrx_word' id='word_1_404' title='bbox 1803 3460 1920 3522; x_wconf 82' lang='grc' dir='ltr'>ταῖς</span> <span class='ocrx_word' id='word_1_405' title='bbox 1949 3430 1994 3488; x_wconf 74' lang='lat' dir='ltr'>c</span> 
     </span>
    </p>
   </div>
   <div class='ocr_carea' id='block_1_53' title="bbox 337 3550 1923 3624">
    <p class='ocr_par' dir='ltr' id='par_1_53' title="bbox 337 3550 1923 3624">
     <span class='ocr_line' id='line_1_53' title="bbox 337 3550 1923 3624; baseline -0.003 -17"><span class='ocrx_word' id='word_1_406' title='bbox 337 3554 493 3607; x_wconf 75' lang='grc' dir='ltr'>δυσὶν</span> <span class='ocrx_word' id='word_1_407' title='bbox 536 3552 820 3607; x_wconf 84' lang='grc' dir='ltr'>ἐπέταντο.</span> <span class='ocrx_word' id='word_1_408' title='bbox 848 3572 865 3602; x_wconf 78' lang='grc' dir='ltr'><strong>ι</strong></span> <span class='ocrx_word' id='word_1_409' title='bbox 916 3553 989 3606; x_wconf 89' lang='grc' dir='ltr'>Τὸ</span> <span class='ocrx_word' id='word_1_410' title='bbox 1043 3553 1332 3624; x_wconf 88' lang='grc' dir='ltr'>πρόσωπον</span> <span class='ocrx_word' id='word_1_411' title='bbox 1377 3550 1556 3605; x_wconf 88' lang='grc' dir='ltr'>τοίνυν</span> <span class='ocrx_word' id='word_1_412' title='bbox 1600 3551 1923 3614; x_wconf 80' lang='grc' dir='ltr'>ἐκάλυπτον,</span> 
     </span>
    </p>
   </div>
   <div class='ocr_carea' id='block_1_54' title="bbox 341 3645 1928 3717">
    <p class='ocr_par' dir='ltr' id='par_1_54' title="bbox 341 3645 1928 3717">
     <span class='ocr_line' id='line_1_54' title="bbox 341 3645 1928 3717; baseline 0 -20"><span class='ocrx_word' id='word_1_413' title='bbox 341 3647 407 3697; x_wconf 82' lang='grc' dir='ltr'>οὺ</span> <span class='ocrx_word' id='word_1_414' title='bbox 454 3645 515 3697; x_wconf 79' lang='grc' dir='ltr'>τὸ</span> <span class='ocrx_word' id='word_1_415' title='bbox 558 3645 653 3698; x_wconf 88' lang='grc' dir='ltr'><strong>τοῦ</strong></span> <span class='ocrx_word' id='word_1_416' title='bbox 700 3646 927 3716; x_wconf 82' lang='grc' dir='ltr'>Κυρίου,</span> <span class='ocrx_word' id='word_1_417' title='bbox 960 3646 1036 3710; x_wconf 84' lang='grc' dir='ltr'>ὡς</span> <span class='ocrx_word' id='word_1_418' title='bbox 1065 3647 1131 3699; x_wconf 82' lang='grc' dir='ltr'>ἂν</span> <span class='ocrx_word' id='word_1_419' title='bbox 1159 3646 1364 3717; x_wconf 84' lang='grc' dir='ltr'>οἰηθείη</span> <span class='ocrx_word' id='word_1_420' title='bbox 1386 3664 1503 3709; x_wconf 71' lang='grc' dir='ltr'>τις,</span> <span class='ocrx_word' id='word_1_421' title='bbox 1530 3646 1664 3699; x_wconf 87' lang='grc' dir='ltr'><strong>άλλά</strong></span> <span class='ocrx_word' id='word_1_422' title='bbox 1701 3646 1763 3699; x_wconf 81' lang='grc' dir='ltr'>τὸ</span> <span class='ocrx_word' id='word_1_423' title='bbox 1803 3647 1928 3698; x_wconf 68' lang='grc' dir='ltr'><strong>ἑαυα-⁵</strong></span> 
     </span>
    </p>
   </div>
   <div class='ocr_carea' id='block_1_55' title="bbox 347 3734 1927 3806">
    <p class='ocr_par' dir='ltr' id='par_1_55' title="bbox 347 3734 1927 3806">
     <span class='ocr_line' id='line_1_55' title="bbox 347 3734 1927 3806; baseline -0.001 -17"><span class='ocrx_word' id='word_1_424' title='bbox 347 3735 490 3789; x_wconf 69' lang='grc' dir='ltr'><strong>τῶνσ</strong></span> <span class='ocrx_word' id='word_1_425' title='bbox 531 3735 603 3799; x_wconf 82' lang='grc' dir='ltr'>ὡς</span> <span class='ocrx_word' id='word_1_426' title='bbox 644 3736 720 3806; x_wconf 84' lang='grc' dir='ltr'>μὴ</span> <span class='ocrx_word' id='word_1_427' title='bbox 748 3735 951 3806; x_wconf 80' lang='grc' dir='ltr'>τολμᾷν</span> <span class='ocrx_word' id='word_1_428' title='bbox 994 3736 1182 3798; x_wconf 82' lang='grc' dir='ltr'>ἀτενὲς</span> <span class='ocrx_word' id='word_1_429' title='bbox 1219 3737 1429 3806; x_wconf 80' lang='grc' dir='ltr'>ἀφορᾷν</span> <span class='ocrx_word' id='word_1_430' title='bbox 1473 3736 1553 3798; x_wconf 88' lang='grc' dir='ltr'><strong>είς</strong></span> <span class='ocrx_word' id='word_1_431' title='bbox 1591 3736 1651 3788; x_wconf 89' lang='grc' dir='ltr'>τὸ</span> <span class='ocrx_word' id='word_1_432' title='bbox 1691 3734 1927 3805; x_wconf 86' lang='grc' dir='ltr'>θεωρού-</span> 
     </span>
    </p>
   </div>
   <div class='ocr_carea' id='block_1_56' title="bbox 352 3827 1929 3899">
    <p class='ocr_par' dir='ltr' id='par_1_56' title="bbox 352 3827 1929 3899">
     <span class='ocr_line' id='line_1_56' title="bbox 352 3827 1929 3899; baseline 0.001 -20"><span class='ocrx_word' id='word_1_433' title='bbox 352 3845 535 3898; x_wconf 82' lang='grc' dir='ltr'>μενον.</span> <span class='ocrx_word' id='word_1_434' title='bbox 592 3829 720 3881; x_wconf 79' lang='grc' dir='ltr'><strong>«Διὸ</strong></span> <span class='ocrx_word' id='word_1_435' title='bbox 766 3828 941 3891; x_wconf 72' lang='grc' dir='ltr'>οὐδεὶς</span> <span class='ocrx_word' id='word_1_436' title='bbox 985 3828 1126 3896; x_wconf 78' lang='grc' dir='ltr'>ἔγνω</span> <span class='ocrx_word' id='word_1_437' title='bbox 1163 3829 1254 3881; x_wconf 81' lang='grc' dir='ltr'>τὸν</span> <span class='ocrx_word' id='word_1_438' title='bbox 1296 3828 1443 3892; x_wconf 81' lang='grc' dir='ltr'>Υίὸν,</span> <span class='ocrx_word' id='word_1_439' title='bbox 1481 3830 1529 3881; x_wconf 86' lang='grc' dir='ltr'><strong>εί</strong></span> <span class='ocrx_word' id='word_1_440' title='bbox 1576 3827 1649 3899; x_wconf 80' lang='grc' dir='ltr'>μὴ</span> <span class='ocrx_word' id='word_1_441' title='bbox 1700 3828 1860 3899; x_wconf 88' lang='grc' dir='ltr'>μόνος</span> <span class='ocrx_word' id='word_1_442' title='bbox 1899 3828 1929 3880; x_wconf 90' lang='grc' dir='ltr'><strong>ό</strong></span> 
     </span>
    </p>
   </div>
   <div class='ocr_carea' id='block_1_57' title="bbox 347 3919 1930 3991">
    <p class='ocr_par' dir='ltr' id='par_1_57' title="bbox 347 3919 1930 3991">
     <span class='ocr_line' id='line_1_57' title="bbox 347 3919 1930 3991; baseline 0.001 -19"><span class='ocrx_word' id='word_1_443' title='bbox 347 3922 617 3990; x_wconf 79' lang='grc' dir='ltr'>γεννήσας</span> <span class='ocrx_word' id='word_1_444' title='bbox 665 3920 827 3973; x_wconf 77' lang='grc' dir='ltr'>αὑτὸν</span> <span class='ocrx_word' id='word_1_445' title='bbox 879 3921 1086 3991; x_wconf 85' lang='grc' dir='ltr'>Πατήρ.</span> <span class='ocrx_word' id='word_1_446' title='bbox 1118 3940 1137 3972; x_wconf 76' lang='grc' dir='ltr'><strong>ι</strong></span> <span class='ocrx_word' id='word_1_447' title='bbox 1196 3919 1529 3974; x_wconf 82' lang='grc' dir='ltr'>Ἐκάλυπτον</span> <span class='ocrx_word' id='word_1_448' title='bbox 1580 3920 1637 3973; x_wconf 83' lang='grc' dir='ltr'>δὲ</span> <span class='ocrx_word' id='word_1_449' title='bbox 1678 3920 1930 3984; x_wconf 73' lang='grc' dir='ltr'>καὶτοὺς</span> 
     </span>
    </p>
   </div>
   <div class='ocr_carea' id='block_1_58' title="bbox 343 4012 1930 4083">
    <p class='ocr_par' dir='ltr' id='par_1_58' title="bbox 343 4012 1930 4083">
     <span class='ocr_line' id='line_1_58' title="bbox 343 4012 1930 4083; baseline 0.001 -18"><span class='ocrx_word' id='word_1_450' title='bbox 343 4014 537 4076; x_wconf 81' lang='grc' dir='ltr'>πόδας,</span> <span class='ocrx_word' id='word_1_451' title='bbox 583 4012 651 4065; x_wconf 81' lang='grc' dir='ltr'><strong>τά</strong></span> <span class='ocrx_word' id='word_1_452' title='bbox 695 4013 897 4082; x_wconf 77' lang='grc' dir='ltr'>ἔσχατα</span> <span class='ocrx_word' id='word_1_453' title='bbox 949 4012 1048 4081; x_wconf 81' lang='grc' dir='ltr'>τῆς</span> <span class='ocrx_word' id='word_1_454' title='bbox 1089 4012 1296 4074; x_wconf 80' lang='grc' dir='ltr'>οἰκείας</span> <span class='ocrx_word' id='word_1_455' title='bbox 1346 4012 1571 4083; x_wconf 87' lang='grc' dir='ltr'>πορείας</span> <span class='ocrx_word' id='word_1_456' title='bbox 1615 4013 1708 4068; x_wconf 75' lang='grc' dir='ltr'>καὶ</span> <span class='ocrx_word' id='word_1_457' title='bbox 1751 4012 1827 4078; x_wconf 84' lang='grc' dir='ltr'><strong>ὡς</strong></span> <span class='ocrx_word' id='word_1_458' title='bbox 1862 4013 1930 4067; x_wconf 83' lang='grc' dir='ltr'>ἂν</span> 
     </span>
    </p>
   </div>
   <div class='ocr_carea' id='block_1_59' title="bbox 346 4102 1931 4175">
    <p class='ocr_par' dir='ltr' id='par_1_59' title="bbox 346 4102 1931 4175">
     <span class='ocr_line' id='line_1_59' title="bbox 346 4102 1931 4175; baseline -0.003 -14"><span class='ocrx_word' id='word_1_459' title='bbox 346 4109 492 4161; x_wconf 77' lang='grc' dir='ltr'>εἴποι</span> <span class='ocrx_word' id='word_1_460' title='bbox 519 4123 623 4168; x_wconf 86' lang='grc' dir='ltr'>τις,</span> <span class='ocrx_word' id='word_1_461' title='bbox 650 4104 717 4157; x_wconf 78' lang='grc' dir='ltr'><strong>τά</strong></span> <span class='ocrx_word' id='word_1_462' title='bbox 748 4104 965 4175; x_wconf 83' lang='grc' dir='ltr'>βήματα</span> <span class='ocrx_word' id='word_1_463' title='bbox 1011 4102 1104 4157; x_wconf 83' lang='grc' dir='ltr'><strong>τοῦ</strong></span> <span class='ocrx_word' id='word_1_464' title='bbox 1139 4104 1255 4173; x_wconf 82' lang='grc' dir='ltr'>βίου</span> <span class='ocrx_word' id='word_1_465' title='bbox 1290 4104 1385 4167; x_wconf 61' lang='grc' dir='ltr'><strong>τὰς</strong></span> <span class='ocrx_word' id='word_1_466' title='bbox 1416 4102 1640 4174; x_wconf 82' lang='grc' dir='ltr'>πράξεις</span> <span class='ocrx_word' id='word_1_467' title='bbox 1680 4105 1931 4158; x_wconf 83' lang='grc' dir='ltr'>ἐπισκιά-</span> 
     </span>
    </p>
   </div>
   <div class='ocr_carea' id='block_1_60' title="bbox 344 4194 1932 4270">
    <p class='ocr_par' dir='ltr' id='par_1_60' title="bbox 344 4194 1932 4270">
     <span class='ocr_line' id='line_1_60' title="bbox 344 4194 1932 4270; baseline -0.003 -18"><span class='ocrx_word' id='word_1_468' title='bbox 344 4199 532 4262; x_wconf 66' lang='lat' dir='ltr'><strong>(ma,</strong></span> <span class='ocrx_word' id='word_1_469' title='bbox 584 4199 658 4267; x_wconf 80' lang='grc' dir='ltr'>μὴ</span> <span class='ocrx_word' id='word_1_470' title='bbox 706 4196 1041 4259; x_wconf 64' lang='grc' dir='ltr'>ἀκαλύπτοις</span> <span class='ocrx_word' id='word_1_471' title='bbox 1084 4197 1211 4250; x_wconf 76' lang='grc' dir='ltr'>ποσὶ</span> <span class='ocrx_word' id='word_1_472' title='bbox 1268 4194 1348 4266; x_wconf 81' lang='grc' dir='ltr'>τῷ</span> <span class='ocrx_word' id='word_1_473' title='bbox 1397 4194 1604 4248; x_wconf 76' lang='grc' dir='ltr'>ἑαυτῶν</span> <span class='ocrx_word' id='word_1_474' title='bbox 1648 4198 1932 4270; x_wconf 67' lang='grc' dir='ltr'>παραστής</span> 
     </span>
    </p>
   </div>
   <div class='ocr_carea' id='block_1_61' title="bbox 347 4288 758 4359">
    <p class='ocr_par' dir='ltr' id='par_1_61' title="bbox 347 4288 758 4359">
     <span class='ocr_line' id='line_1_61' title="bbox 347 4288 758 4359; baseline -0.01 -16"><span class='ocrx_word' id='word_1_475' title='bbox 347 4307 495 4343; x_wconf 83' lang='grc' dir='ltr'>κοιεν</span> <span class='ocrx_word' id='word_1_476' title='bbox 531 4288 758 4359; x_wconf 83' lang='grc' dir='ltr'>βασιλεῖ.</span> 
     </span>
    </p>
   </div>
   <div class='ocr_carea' id='block_1_62' title="bbox 429 4381 1928 4455">
    <p class='ocr_par' dir='ltr' id='par_1_62' title="bbox 429 4381 1928 4455">
     <span class='ocr_line' id='line_1_62' title="bbox 429 4381 1928 4455; baseline 0.001 -21"><span class='ocrx_word' id='word_1_477' title='bbox 429 4402 448 4434; x_wconf 78' lang='grc' dir='ltr'><strong>ι</strong></span> <span class='ocrx_word' id='word_1_478' title='bbox 475 4384 588 4436; x_wconf 71' lang='grc' dir='ltr'><strong>Καὶ</strong></span> <span class='ocrx_word' id='word_1_479' title='bbox 607 4382 906 4453; x_wconf 83' lang='grc' dir='ltr'>ὲκέκραγον</span> <span class='ocrx_word' id='word_1_480' title='bbox 927 4383 1111 4453; x_wconf 75' lang='grc' dir='ltr'>ἕτερος</span> <span class='ocrx_word' id='word_1_481' title='bbox 1139 4381 1273 4455; x_wconf 81' lang='grc' dir='ltr'>πρὸς</span> <span class='ocrx_word' id='word_1_482' title='bbox 1294 4382 1499 4455; x_wconf 69' lang='grc' dir='ltr'>ἕτερον,</span> <span class='ocrx_word' id='word_1_483' title='bbox 1526 4381 1734 4450; x_wconf 81' lang='grc' dir='ltr'>Ἀγιος,</span> <span class='ocrx_word' id='word_1_484' title='bbox 1755 4381 1928 4450; x_wconf 77' lang='grc' dir='ltr'>ἅγιος,</span> 
     </span>
    </p>
   </div>
   <div class='ocr_carea' id='block_1_63' title="bbox 351 4474 1930 4547">
    <p class='ocr_par' dir='ltr' id='par_1_63' title="bbox 351 4474 1930 4547">
     <span class='ocr_line' id='line_1_63' title="bbox 351 4474 1930 4547; baseline -0.002 -18"><span class='ocrx_word' id='word_1_485' title='bbox 351 4477 504 4543; x_wconf 70' lang='grc' dir='ltr'>ἅγιος</span> <span class='ocrx_word' id='word_1_486' title='bbox 557 4474 759 4545; x_wconf 79' lang='grc' dir='ltr'>Κύριος</span> <span class='ocrx_word' id='word_1_487' title='bbox 812 4474 1076 4526; x_wconf 78' lang='grc' dir='ltr'><strong>Σαὸαώθ’</strong></span> <span class='ocrx_word' id='word_1_488' title='bbox 1135 4475 1345 4547; x_wconf 78' lang='grc' dir='ltr'>πλήρης</span> <span class='ocrx_word' id='word_1_489' title='bbox 1403 4476 1549 4528; x_wconf 77' lang='grc' dir='ltr'>πᾶσα</span> <span class='ocrx_word' id='word_1_490' title='bbox 1607 4476 1641 4545; x_wconf 86' lang='grc' dir='ltr'><strong>ή</strong></span> <span class='ocrx_word' id='word_1_491' title='bbox 1695 4474 1767 4543; x_wconf 85' lang='grc' dir='ltr'>γῆ</span> <span class='ocrx_word' id='word_1_492' title='bbox 1832 4477 1930 4544; x_wconf 77' lang='grc' dir='ltr'>τῆς</span> 
     </span>
    </p>
   </div>
   <div class='ocr_carea' id='block_1_64' title="bbox 351 4564 1932 4637">
    <p class='ocr_par' dir='ltr' id='par_1_64' title="bbox 351 4564 1932 4637">
     <span class='ocr_line' id='line_1_64' title="bbox 351 4564 1932 4637; baseline 0.001 -19"><span class='ocrx_word' id='word_1_493' title='bbox 351 4568 509 4636; x_wconf 74' lang='grc' dir='ltr'>δόξης</span> <span class='ocrx_word' id='word_1_494' title='bbox 560 4564 743 4623; x_wconf 73' lang='grc' dir='ltr'>αὑτοῦ.</span> <span class='ocrx_word' id='word_1_495' title='bbox 769 4585 786 4617; x_wconf 77' lang='grc' dir='ltr'><strong>ι</strong></span> <span class='ocrx_word' id='word_1_496' title='bbox 827 4566 901 4621; x_wconf 83' lang='grc' dir='ltr'><strong>Ού</strong></span> <span class='ocrx_word' id='word_1_497' title='bbox 953 4566 1078 4635; x_wconf 84' lang='grc' dir='ltr'>μίαν</span> <span class='ocrx_word' id='word_1_498' title='bbox 1100 4567 1208 4637; x_wconf 82' lang='grc' dir='ltr'><strong>γὰρ</strong></span> <span class='ocrx_word' id='word_1_499' title='bbox 1233 4566 1461 4636; x_wconf 70' lang='grc' dir='ltr'>ἠφίεσαν</span> <span class='ocrx_word' id='word_1_500' title='bbox 1491 4566 1693 4637; x_wconf 76' lang='grc' dir='ltr'>φωνὴν,</span> <span class='ocrx_word' id='word_1_501' title='bbox 1722 4565 1841 4619; x_wconf 83' lang='grc' dir='ltr'>οὐδὲ</span> <span class='ocrx_word' id='word_1_502' title='bbox 1866 4568 1932 4620; x_wconf 87' lang='grc' dir='ltr'>ἀ·</span> 
     </span>
    </p>
   </div>
   <div class='ocr_carea' id='block_1_65' title="bbox 350 4658 1933 4732">
    <p class='ocr_par' dir='ltr' id='par_1_65' title="bbox 350 4658 1933 4732">
     <span class='ocr_line' id='line_1_65' title="bbox 350 4658 1933 4732; baseline -0.001 -19"><span class='ocrx_word' id='word_1_503' title='bbox 350 4659 528 4732; x_wconf 81' lang='grc' dir='ltr'>Θρόως</span> <span class='ocrx_word' id='word_1_504' title='bbox 552 4659 687 4728; x_wconf 80' lang='grc' dir='ltr'>ὁμοῦ</span> <span class='ocrx_word' id='word_1_505' title='bbox 710 4660 886 4712; x_wconf 82' lang='grc' dir='ltr'>πάντα</span> <span class='ocrx_word' id='word_1_506' title='bbox 909 4661 1061 4730; x_wconf 84' lang='grc' dir='ltr'>κοινῇ</span> <span class='ocrx_word' id='word_1_507' title='bbox 1088 4658 1289 4728; x_wconf 86' lang='grc' dir='ltr'>ταύτην</span> <span class='ocrx_word' id='word_1_508' title='bbox 1316 4659 1647 4730; x_wconf 83' lang='grc' dir='ltr'>ἀνέπεμπον,</span> <span class='ocrx_word' id='word_1_509' title='bbox 1677 4658 1791 4712; x_wconf 88' lang='grc' dir='ltr'>ἀλλ’</span> <span class='ocrx_word' id='word_1_510' title='bbox 1816 4658 1933 4711; x_wconf 76' lang='grc' dir='ltr'>ἓτε-</span> 
     </span>
    </p>
   </div>
   <div class='ocr_carea' id='block_1_66' title="bbox 2024 2160 3594 2228">
    <p class='ocr_par' dir='ltr' id='par_1_66' title="bbox 2024 2160 3594 2228">
     <span class='ocr_line' id='line_1_66' title="bbox 2024 2160 3594 2228; baseline 0.003 -13"><span class='ocrx_word' id='word_1_511' title='bbox 2024 2160 2166 2215; x_wconf 87' lang='lat' dir='ltr'><strong>inter</strong></span> <span class='ocrx_word' id='word_1_512' title='bbox 2192 2160 2459 2225; x_wconf 87' lang='lat' dir='ltr'><strong>homines,</strong></span> <span class='ocrx_word' id='word_1_513' title='bbox 2494 2161 2673 2216; x_wconf 82' lang='lat' dir='ltr'><strong>sancti</strong></span> <span class='ocrx_word' id='word_1_514' title='bbox 2726 2161 2841 2228; x_wconf 91' lang='lat' dir='ltr'><strong>Dei,</strong></span> <span class='ocrx_word' id='word_1_515' title='bbox 2883 2162 3272 2218; x_wconf 86' lang='lat' dir='ltr'><strong>charismatum</strong></span> <span class='ocrx_word' id='word_1_516' title='bbox 3308 2164 3594 2220; x_wconf 86' lang='lat' dir='ltr'><strong>meliorum</strong></span> 
     </span>
    </p>
   </div>
   <div class='ocr_carea' id='block_1_67' title="bbox 2021 2252 3599 2321">
    <p class='ocr_par' dir='ltr' id='par_1_67' title="bbox 2021 2252 3599 2321">
     <span class='ocr_line' id='line_1_67' title="bbox 2021 2252 3599 2321; baseline 0.003 -15"><span class='ocrx_word' id='word_1_517' title='bbox 2021 2254 2318 2321; x_wconf 80' lang='lat' dir='ltr'><strong>participes</strong></span> <span class='ocrx_word' id='word_1_518' title='bbox 2355 2262 2537 2317; x_wconf 90' lang='lat' dir='ltr'><strong>erant,</strong></span> <span class='ocrx_word' id='word_1_519' title='bbox 2561 2252 2635 2307; x_wconf 88' lang='lat' dir='ltr'><strong>ita</strong></span> <span class='ocrx_word' id='word_1_520' title='bbox 2672 2262 2730 2307; x_wconf 92' lang='lat' dir='ltr'><strong>ut</strong></span> <span class='ocrx_word' id='word_1_521' title='bbox 2761 2253 2943 2308; x_wconf 79' lang='lat' dir='ltr'><strong>futura</strong></span> <span class='ocrx_word' id='word_1_522' title='bbox 2975 2256 3426 2321; x_wconf 69' lang='lat' dir='ltr'><strong>prmnuntiarent,</strong></span> <span class='ocrx_word' id='word_1_523' title='bbox 3456 2271 3599 2311; x_wconf 81' lang='lat' dir='ltr'><strong>mor-</strong></span> 
     </span>
    </p>
   </div>
   <div class='ocr_carea' id='block_1_68' title="bbox 2023 2343 3599 2417">
    <p class='ocr_par' dir='ltr' id='par_1_68' title="bbox 2023 2343 3599 2417">
     <span class='ocr_line' id='line_1_68' title="bbox 2023 2343 3599 2417; baseline 0.004 -21"><span class='ocrx_word' id='word_1_524' title='bbox 2023 2343 2123 2396; x_wconf 88' lang='lat' dir='ltr'><strong>bos</strong></span> <span class='ocrx_word' id='word_1_525' title='bbox 2159 2351 2441 2407; x_wconf 86' lang='lat' dir='ltr'><strong>curarent,</strong></span> <span class='ocrx_word' id='word_1_526' title='bbox 2482 2352 2728 2398; x_wconf 89' lang='lat' dir='ltr'><strong>mortuos</strong></span> <span class='ocrx_word' id='word_1_527' title='bbox 2767 2345 3122 2413; x_wconf 86' lang='lat' dir='ltr'><strong>suscitarent,</strong></span> <span class='ocrx_word' id='word_1_528' title='bbox 3186 2346 3461 2417; x_wconf 83' lang='lat' dir='ltr'><strong>variisque</strong></span> <span class='ocrx_word' id='word_1_529' title='bbox 3492 2345 3599 2401; x_wconf 78' lang='lat' dir='ltr'><strong>lin-</strong></span> 
     </span>
    </p>
   </div>
   <div class='ocr_carea' id='block_1_69' title="bbox 2024 2434 3600 2507">
    <p class='ocr_par' dir='ltr' id='par_1_69' title="bbox 2024 2434 3600 2507">
     <span class='ocr_line' id='line_1_69' title="bbox 2024 2434 3600 2507; baseline 0.005 -21"><span class='ocrx_word' id='word_1_530' title='bbox 2024 2435 2145 2504; x_wconf 81' lang='lat' dir='ltr'><strong>guis</strong></span> <span class='ocrx_word' id='word_1_531' title='bbox 2172 2434 2545 2503; x_wconf 84' lang='lat' dir='ltr'><strong>loquerentur,</strong></span> <span class='ocrx_word' id='word_1_532' title='bbox 2579 2438 2848 2507; x_wconf 88' lang='lat' dir='ltr'><strong>sapientia</strong></span> <span class='ocrx_word' id='word_1_533' title='bbox 2883 2446 2936 2493; x_wconf 92' lang='lat' dir='ltr'><strong>et</strong></span> <span class='ocrx_word' id='word_1_534' title='bbox 2968 2438 3197 2493; x_wconf 87' lang='lat' dir='ltr'><strong>scientia</strong></span> <span class='ocrx_word' id='word_1_535' title='bbox 3227 2438 3481 2494; x_wconf 85' lang='lat' dir='ltr'><strong>instructi</strong></span> <span class='ocrx_word' id='word_1_536' title='bbox 3518 2454 3600 2494; x_wconf 89' lang='lat' dir='ltr'><strong>es-</strong></span> 
     </span>
    </p>
   </div>
   <div class='ocr_carea' id='block_1_70' title="bbox 2021 2528 3599 2600">
    <p class='ocr_par' dir='ltr' id='par_1_70' title="bbox 2021 2528 3599 2600">
     <span class='ocr_line' id='line_1_70' title="bbox 2021 2528 3599 2600; baseline 0.001 -17"><span class='ocrx_word' id='word_1_537' title='bbox 2021 2538 2179 2593; x_wconf 86' lang='lat' dir='ltr'><strong>sent;</strong></span> <span class='ocrx_word' id='word_1_538' title='bbox 2224 2538 2318 2583; x_wconf 88' lang='lat' dir='ltr'><strong>aut</strong></span> <span class='ocrx_word' id='word_1_539' title='bbox 2345 2528 2804 2597; x_wconf 86' lang='lat' dir='ltr'><strong>quemadmodum</strong></span> <span class='ocrx_word' id='word_1_540' title='bbox 2840 2528 3140 2585; x_wconf 88' lang='lat' dir='ltr'><strong>secundum</strong></span> <span class='ocrx_word' id='word_1_541' title='bbox 3165 2544 3388 2600; x_wconf 89' lang='lat' dir='ltr'><strong>corpus,</strong></span> <span class='ocrx_word' id='word_1_542' title='bbox 3440 2539 3599 2585; x_wconf 87' lang='lat' dir='ltr'><strong>natu-</strong></span> 
     </span>
    </p>
   </div>
   <div class='ocr_carea' id='block_1_71' title="bbox 2023 2620 3599 2689">
    <p class='ocr_par' dir='ltr' id='par_1_71' title="bbox 2023 2620 3599 2689">
     <span class='ocr_line' id='line_1_71' title="bbox 2023 2620 3599 2689; baseline 0.003 -16"><span class='ocrx_word' id='word_1_543' title='bbox 2023 2620 2226 2674; x_wconf 83' lang='lat' dir='ltr'><strong>ralibus</strong></span> <span class='ocrx_word' id='word_1_544' title='bbox 2271 2620 2527 2676; x_wconf 88' lang='lat' dir='ltr'><strong>sensibus</strong></span> <span class='ocrx_word' id='word_1_545' title='bbox 2582 2620 2789 2674; x_wconf 91' lang='lat' dir='ltr'><strong>utimur</strong></span> <span class='ocrx_word' id='word_1_546' title='bbox 2836 2634 3062 2675; x_wconf 91' lang='lat' dir='ltr'><strong>numero</strong></span> <span class='ocrx_word' id='word_1_547' title='bbox 3098 2620 3375 2689; x_wconf 87' lang='lat' dir='ltr'><strong>quinque;</strong></span> <span class='ocrx_word' id='word_1_548' title='bbox 3435 2622 3506 2675; x_wconf 85' lang='lat' dir='ltr'><strong>ita</strong></span> <span class='ocrx_word' id='word_1_549' title='bbox 3542 2631 3599 2677; x_wconf 82' lang='lat' dir='ltr'><strong>et</strong></span> 
     </span>
    </p>
   </div>
   <div class='ocr_carea' id='block_1_72' title="bbox 2025 2711 3590 2782">
    <p class='ocr_par' dir='ltr' id='par_1_72' title="bbox 2025 2711 3590 2782">
     <span class='ocr_line' id='line_1_72' title="bbox 2025 2711 3590 2782; baseline 0.003 -17"><span class='ocrx_word' id='word_1_550' title='bbox 2025 2712 2339 2782; x_wconf 72' lang='lat' dir='ltr'><strong>angelorum</strong></span> <span class='ocrx_word' id='word_1_551' title='bbox 2379 2722 2632 2767; x_wconf 89' lang='lat' dir='ltr'><strong>naturam</strong></span> <span class='ocrx_word' id='word_1_552' title='bbox 2682 2711 2887 2767; x_wconf 85' lang='lat' dir='ltr'><strong>divinis</strong></span> <span class='ocrx_word' id='word_1_553' title='bbox 2925 2713 3275 2781; x_wconf 82' lang='lat' dir='ltr'><strong>quibusdam,</strong></span> <span class='ocrx_word' id='word_1_554' title='bbox 3316 2728 3380 2768; x_wconf 87' lang='lat' dir='ltr'><strong>ac</strong></span> <span class='ocrx_word' id='word_1_555' title='bbox 3421 2715 3590 2770; x_wconf 77' lang='lat' dir='ltr'><strong>mira-</strong></span> 
     </span>
    </p>
   </div>
   <div class='ocr_carea' id='block_1_73' title="bbox 2022 2801 3599 2873">
    <p class='ocr_par' dir='ltr' id='par_1_73' title="bbox 2022 2801 3599 2873">
     <span class='ocr_line' id='line_1_73' title="bbox 2022 2801 3599 2873; baseline 0.004 -18"><span class='ocrx_word' id='word_1_556' title='bbox 2022 2802 2210 2856; x_wconf 87' lang='lat' dir='ltr'><strong>bilium</strong></span> <span class='ocrx_word' id='word_1_557' title='bbox 2279 2801 2647 2858; x_wconf 77' lang='lat' dir='ltr'><strong>eﬂ&#39;ectricibus</strong></span> <span class='ocrx_word' id='word_1_558' title='bbox 2713 2803 3009 2858; x_wconf 91' lang='lat' dir='ltr'><strong>virtutibus</strong></span> <span class='ocrx_word' id='word_1_559' title='bbox 3077 2804 3383 2873; x_wconf 90' lang='lat' dir='ltr'><strong>ignotisque</strong></span> <span class='ocrx_word' id='word_1_560' title='bbox 3441 2806 3599 2861; x_wconf 90' lang='lat' dir='ltr'><strong>nobis</strong></span> 
     </span>
    </p>
   </div>
   <div class='ocr_carea' id='block_1_74' title="bbox 2022 2892 3601 2965">
    <p class='ocr_par' dir='ltr' id='par_1_74' title="bbox 2022 2892 3601 2965">
     <span class='ocr_line' id='line_1_74' title="bbox 2022 2892 3601 2965; baseline 0.002 -18"><span class='ocrx_word' id='word_1_561' title='bbox 2022 2894 2098 2948; x_wconf 92' lang='lat' dir='ltr'><strong>uti</strong></span> <span class='ocrx_word' id='word_1_562' title='bbox 2140 2892 2434 2949; x_wconf 86' lang='lat' dir='ltr'><strong>verisimile</strong></span> <span class='ocrx_word' id='word_1_563' title='bbox 2468 2902 2575 2959; x_wconf 87' lang='lat' dir='ltr'><strong>est,</strong></span> <span class='ocrx_word' id='word_1_564' title='bbox 2605 2908 2743 2965; x_wconf 90' lang='lat' dir='ltr'><strong>quas</strong></span> <span class='ocrx_word' id='word_1_565' title='bbox 2774 2893 2984 2949; x_wconf 89' lang='lat' dir='ltr'><strong>scilicet</strong></span> <span class='ocrx_word' id='word_1_566' title='bbox 3022 2892 3135 2949; x_wconf 79' lang='lat' dir='ltr'><strong>alas</strong></span> <span class='ocrx_word' id='word_1_567' title='bbox 3174 2893 3456 2965; x_wconf 86' lang='lat' dir='ltr'><strong>Scriptura</strong></span> <span class='ocrx_word' id='word_1_568' title='bbox 3504 2910 3601 2950; x_wconf 88' lang='lat' dir='ltr'><strong>vo-</strong></span> 
     </span>
    </p>
   </div>
   <div class='ocr_carea' id='block_1_75' title="bbox 2057 2985 3599 3056">
    <p class='ocr_par' dir='ltr' id='par_1_75' title="bbox 2057 2985 3599 3056">
     <span class='ocr_line' id='line_1_75' title="bbox 2057 2985 3599 3056; baseline -0.001 -15"><span class='ocrx_word' id='word_1_569' title='bbox 2057 2995 2131 3041; x_wconf 82' lang='lat' dir='ltr'><strong>at.</strong></span> <span class='ocrx_word' id='word_1_570' title='bbox 2177 2985 2619 3056; x_wconf 85' lang='lat' dir='ltr'><strong>Quandoquidem</strong></span> <span class='ocrx_word' id='word_1_571' title='bbox 2654 2987 2723 3041; x_wconf 92' lang='lat' dir='ltr'><strong>de</strong></span> <span class='ocrx_word' id='word_1_572' title='bbox 2757 2988 2935 3040; x_wconf 87' lang='lat' dir='ltr'><strong>ventis</strong></span> <span class='ocrx_word' id='word_1_573' title='bbox 2997 2988 3160 3041; x_wconf 89' lang='lat' dir='ltr'><strong>etiam</strong></span> <span class='ocrx_word' id='word_1_574' title='bbox 3228 2987 3427 3042; x_wconf 90' lang='lat' dir='ltr'><strong>dictum</strong></span> <span class='ocrx_word' id='word_1_575' title='bbox 3496 2996 3599 3052; x_wconf 87' lang='lat' dir='ltr'><strong>est,</strong></span> 
     </span>
    </p>
   </div>
   <div class='ocr_carea' id='block_1_76' title="bbox 2027 3074 3601 3146">
    <p class='ocr_par' dir='ltr' id='par_1_76' title="bbox 2027 3074 3601 3146">
     <span class='ocr_line' id='line_1_76' title="bbox 2027 3074 3601 3146; baseline 0.001 -19"><span class='ocrx_word' id='word_1_576' title='bbox 2027 3094 2046 3127; x_wconf 77' lang='grc' dir='ltr'><strong>ι</strong></span> <span class='ocrx_word' id='word_1_577' title='bbox 2076 3075 2179 3143; x_wconf 87' lang='lat' dir='ltr'><strong>Qui</strong></span> <span class='ocrx_word' id='word_1_578' title='bbox 2219 3074 2458 3129; x_wconf 87' lang='lat' dir='ltr'><strong>ambulat</strong></span> <span class='ocrx_word' id='word_1_579' title='bbox 2510 3090 2674 3146; x_wconf 87' lang='lat' dir='ltr'><strong>super</strong></span> <span class='ocrx_word' id='word_1_580' title='bbox 2718 3089 2925 3145; x_wconf 88' lang='lat' dir='ltr'><strong>pennas</strong></span> <span class='ocrx_word' id='word_1_581' title='bbox 2974 3084 3257 3130; x_wconf 89' lang='lat' dir='ltr'><strong>ventorum</strong></span> <span class='ocrx_word' id='word_1_582' title='bbox 3301 3075 3380 3141; x_wconf 66' lang='lat' dir='ltr'><strong>“l;</strong></span> <span class='ocrx_word' id='word_1_583' title='bbox 3430 3093 3448 3126; x_wconf 75' lang='grc' dir='ltr'><strong>ι</strong></span> <span class='ocrx_word' id='word_1_584' title='bbox 3510 3075 3601 3129; x_wconf 91' lang='lat' dir='ltr'><strong>ubi</strong></span> 
     </span>
    </p>
   </div>
   <div class='ocr_carea' id='block_1_77' title="bbox 2024 3166 3601 3237">
    <p class='ocr_par' dir='ltr' id='par_1_77' title="bbox 2024 3166 3601 3237">
     <span class='ocr_line' id='line_1_77' title="bbox 2024 3166 3601 3237; baseline -0.003 -14"><span class='ocrx_word' id='word_1_585' title='bbox 2024 3184 2123 3223; x_wconf 88' lang='lat' dir='ltr'><strong>nos</strong></span> <span class='ocrx_word' id='word_1_586' title='bbox 2162 3184 2269 3223; x_wconf 90' lang='lat' dir='ltr'><strong>non</strong></span> <span class='ocrx_word' id='word_1_587' title='bbox 2325 3167 2391 3221; x_wconf 84' lang='lat' dir='ltr'><strong>ad</strong></span> <span class='ocrx_word' id='word_1_588' title='bbox 2430 3180 2723 3237; x_wconf 89' lang='lat' dir='ltr'><strong>corporeas</strong></span> <span class='ocrx_word' id='word_1_589' title='bbox 2776 3167 2977 3236; x_wconf 86' lang='lat' dir='ltr'><strong>liguras</strong></span> <span class='ocrx_word' id='word_1_590' title='bbox 3039 3166 3400 3229; x_wconf 90' lang='lat' dir='ltr'><strong>decurrimus,</strong></span> <span class='ocrx_word' id='word_1_591' title='bbox 3447 3166 3601 3234; x_wconf 89' lang='lat' dir='ltr'><strong>quasi</strong></span> 
     </span>
    </p>
   </div>
   <div class='ocr_carea' id='block_1_78' title="bbox 2022 3256 3564 3327">
    <p class='ocr_par' dir='ltr' id='par_1_78' title="bbox 2022 3256 3564 3327">
     <span class='ocr_line' id='line_1_78' title="bbox 2022 3256 3564 3327; baseline -0.005 -12"><span class='ocrx_word' id='word_1_592' title='bbox 2022 3262 2230 3316; x_wconf 88' lang='lat' dir='ltr'><strong>scilicet</strong></span> <span class='ocrx_word' id='word_1_593' title='bbox 2266 3260 2437 3323; x_wconf 87' lang='lat' dir='ltr'><strong>venti,</strong></span> <span class='ocrx_word' id='word_1_594' title='bbox 2464 3260 2635 3313; x_wconf 86' lang='lat' dir='ltr'><strong>instar</strong></span> <span class='ocrx_word' id='word_1_595' title='bbox 2658 3258 2859 3321; x_wconf 91' lang='lat' dir='ltr'><strong>avium,</strong></span> <span class='ocrx_word' id='word_1_596' title='bbox 2900 3257 3093 3327; x_wconf 90' lang='lat' dir='ltr'><strong>pennis</strong></span> <span class='ocrx_word' id='word_1_597' title='bbox 3132 3256 3381 3311; x_wconf 89' lang='lat' dir='ltr'><strong>instructi</strong></span> <span class='ocrx_word' id='word_1_598' title='bbox 3437 3257 3564 3309; x_wconf 88' lang='lat' dir='ltr'><strong>sint.</strong></span> 
     </span>
    </p>
   </div>
   <div class='ocr_carea' id='block_1_79' title="bbox 2100 3349 3606 3421">
    <p class='ocr_par' dir='ltr' id='par_1_79' title="bbox 2100 3349 3606 3421">
     <span class='ocr_line' id='line_1_79' title="bbox 2100 3349 3606 3421; baseline 0.001 -18"><span class='ocrx_word' id='word_1_599' title='bbox 2100 3370 2119 3403; x_wconf 75' lang='grc' dir='ltr'><strong>ι</strong></span> <span class='ocrx_word' id='word_1_600' title='bbox 2174 3353 2237 3406; x_wconf 86' lang='lat' dir='ltr'><strong>Et</strong></span> <span class='ocrx_word' id='word_1_601' title='bbox 2276 3352 2484 3407; x_wconf 87' lang='lat' dir='ltr'><strong>duabus</strong></span> <span class='ocrx_word' id='word_1_602' title='bbox 2530 3351 2748 3421; x_wconf 88' lang='lat' dir='ltr'><strong>quidem</strong></span> <span class='ocrx_word' id='word_1_603' title='bbox 2815 3352 3070 3421; x_wconf 86' lang='lat' dir='ltr'><strong>tegebant</strong></span> <span class='ocrx_word' id='word_1_604' title='bbox 3118 3350 3335 3416; x_wconf 79' lang='lat' dir='ltr'><strong>faciem,</strong></span> <span class='ocrx_word' id='word_1_605' title='bbox 3397 3349 3606 3404; x_wconf 80' lang='lat' dir='ltr'><strong>duabus</strong></span> 
     </span>
    </p>
   </div>
   <div class='ocr_carea' id='block_1_80' title="bbox 2026 3438 3603 3509">
    <p class='ocr_par' dir='ltr' id='par_1_80' title="bbox 2026 3438 3603 3509">
     <span class='ocr_line' id='line_1_80' title="bbox 2026 3438 3603 3509; baseline -0.002 -13"><span class='ocrx_word' id='word_1_606' title='bbox 2026 3451 2206 3497; x_wconf 90' lang='lat' dir='ltr'><strong>autem</strong></span> <span class='ocrx_word' id='word_1_607' title='bbox 2234 3440 2483 3495; x_wconf 86' lang='lat' dir='ltr'><strong>velabant</strong></span> <span class='ocrx_word' id='word_1_608' title='bbox 2521 3440 2709 3509; x_wconf 65' lang='lat' dir='ltr'><strong>pelles,</strong></span> <span class='ocrx_word' id='word_1_609' title='bbox 2767 3449 2825 3492; x_wconf 87' lang='lat' dir='ltr'><strong>et</strong></span> <span class='ocrx_word' id='word_1_610' title='bbox 2877 3439 3088 3494; x_wconf 84' lang='lat' dir='ltr'><strong>duabus</strong></span> <span class='ocrx_word' id='word_1_611' title='bbox 3126 3440 3400 3494; x_wconf 84' lang='lat' dir='ltr'><strong>volabant.</strong></span> <span class='ocrx_word' id='word_1_612' title='bbox 3428 3457 3448 3491; x_wconf 72' lang='grc' dir='ltr'><strong>ι</strong></span> <span class='ocrx_word' id='word_1_613' title='bbox 3494 3438 3603 3493; x_wconf 84' lang='lat' dir='ltr'><strong>Fa-</strong></span> 
     </span>
    </p>
   </div>
   <div class='ocr_carea' id='block_1_81' title="bbox 2028 3530 3600 3601">
    <p class='ocr_par' dir='ltr' id='par_1_81' title="bbox 2028 3530 3600 3601">
     <span class='ocr_line' id='line_1_81' title="bbox 2028 3530 3600 3601; baseline -0.001 -14"><span class='ocrx_word' id='word_1_614' title='bbox 2028 3534 2167 3588; x_wconf 91' lang='lat' dir='ltr'><strong>ciem</strong></span> <span class='ocrx_word' id='word_1_615' title='bbox 2192 3533 2374 3601; x_wconf 91' lang='lat' dir='ltr'><strong>itaque</strong></span> <span class='ocrx_word' id='word_1_616' title='bbox 2410 3530 2687 3592; x_wconf 86' lang='lat' dir='ltr'><strong>velabant,</strong></span> <span class='ocrx_word' id='word_1_617' title='bbox 2713 3544 2818 3584; x_wconf 91' lang='lat' dir='ltr'><strong>non</strong></span> <span class='ocrx_word' id='word_1_618' title='bbox 2862 3530 3096 3591; x_wconf 87' lang='lat' dir='ltr'><strong>Domini,</strong></span> <span class='ocrx_word' id='word_1_619' title='bbox 3138 3539 3197 3583; x_wconf 91' lang='lat' dir='ltr'><strong>ut</strong></span> <span class='ocrx_word' id='word_1_620' title='bbox 3245 3531 3368 3598; x_wconf 91' lang='lat' dir='ltr'><strong>quis</strong></span> <span class='ocrx_word' id='word_1_621' title='bbox 3410 3539 3600 3601; x_wconf 91' lang='lat' dir='ltr'><strong>putet,</strong></span> 
     </span>
    </p>
   </div>
   <div class='ocr_carea' id='block_1_82' title="bbox 2028 3619 3607 3692">
    <p class='ocr_par' dir='ltr' id='par_1_82' title="bbox 2028 3619 3607 3692">
     <span class='ocr_line' id='line_1_82' title="bbox 2028 3619 3607 3692; baseline -0.004 -12"><span class='ocrx_word' id='word_1_622' title='bbox 2028 3625 2123 3680; x_wconf 86' lang='lat' dir='ltr'><strong>sed</strong></span> <span class='ocrx_word' id='word_1_623' title='bbox 2162 3639 2351 3679; x_wconf 86' lang='lat' dir='ltr'><strong>suam:</strong></span> <span class='ocrx_word' id='word_1_624' title='bbox 2392 3622 2538 3692; x_wconf 90' lang='lat' dir='ltr'><strong>quod</strong></span> <span class='ocrx_word' id='word_1_625' title='bbox 2578 3638 2683 3677; x_wconf 93' lang='lat' dir='ltr'><strong>non</strong></span> <span class='ocrx_word' id='word_1_626' title='bbox 2720 3621 2982 3675; x_wconf 85' lang='lat' dir='ltr'><strong>auderent</strong></span> <span class='ocrx_word' id='word_1_627' title='bbox 3010 3619 3279 3691; x_wconf 86' lang='lat' dir='ltr'><strong>objectam</strong></span> <span class='ocrx_word' id='word_1_628' title='bbox 3318 3636 3432 3675; x_wconf 86' lang='lat' dir='ltr'><strong>rem</strong></span> <span class='ocrx_word' id='word_1_629' title='bbox 3472 3620 3607 3674; x_wconf 81' lang='lat' dir='ltr'><strong>deli-</strong></span> 
     </span>
    </p>
   </div>
   <div class='ocr_carea' id='block_1_83' title="bbox 2028 3712 3602 3782">
    <p class='ocr_par' dir='ltr' id='par_1_83' title="bbox 2028 3712 3602 3782">
     <span class='ocr_line' id='line_1_83' title="bbox 2028 3712 3602 3782; baseline -0.003 -10"><span class='ocrx_word' id='word_1_630' title='bbox 2028 3717 2113 3772; x_wconf 84' lang='lat' dir='ltr'><strong>xis</strong></span> <span class='ocrx_word' id='word_1_631' title='bbox 2162 3716 2334 3772; x_wconf 91' lang='lat' dir='ltr'><strong>oculis</strong></span> <span class='ocrx_word' id='word_1_632' title='bbox 2402 3716 2622 3771; x_wconf 85' lang='lat' dir='ltr'><strong>intueri.</strong></span> <span class='ocrx_word' id='word_1_633' title='bbox 2693 3714 2919 3782; x_wconf 69' lang='lat' dir='ltr'><strong>«Quare</strong></span> <span class='ocrx_word' id='word_1_634' title='bbox 2971 3727 3133 3769; x_wconf 90' lang='lat' dir='ltr'><strong>nemo</strong></span> <span class='ocrx_word' id='word_1_635' title='bbox 3195 3713 3345 3767; x_wconf 88' lang='lat' dir='ltr'><strong>novit</strong></span> <span class='ocrx_word' id='word_1_636' title='bbox 3384 3712 3602 3778; x_wconf 87' lang='lat' dir='ltr'><strong>Filium,</strong></span> 
     </span>
    </p>
   </div>
   <div class='ocr_carea' id='block_1_84' title="bbox 2029 3803 3605 3880">
    <p class='ocr_par' dir='ltr' id='par_1_84' title="bbox 2029 3803 3605 3880">
     <span class='ocr_line' id='line_1_84' title="bbox 2029 3803 3605 3880; baseline -0.004 -17"><span class='ocrx_word' id='word_1_637' title='bbox 2029 3809 2137 3863; x_wconf 89' lang='lat' dir='ltr'><strong>nisi</strong></span> <span class='ocrx_word' id='word_1_638' title='bbox 2176 3810 2265 3879; x_wconf 91' lang='lat' dir='ltr'><strong>qui</strong></span> <span class='ocrx_word' id='word_1_639' title='bbox 2307 3808 2491 3880; x_wconf 85' lang='lat' dir='ltr'><strong>genuit</strong></span> <span class='ocrx_word' id='word_1_640' title='bbox 2528 3807 2702 3878; x_wconf 90' lang='lat' dir='ltr'><strong>ipsum</strong></span> <span class='ocrx_word' id='word_1_641' title='bbox 2733 3806 2914 3861; x_wconf 81' lang='lat' dir='ltr'><strong>Pater.</strong></span> <span class='ocrx_word' id='word_1_642' title='bbox 2940 3824 2960 3860; x_wconf 77' lang='grc' dir='ltr'><strong>ι</strong></span> <span class='ocrx_word' id='word_1_643' title='bbox 3005 3804 3176 3861; x_wconf 90' lang='lat' dir='ltr'><strong>Pedes</strong></span> <span class='ocrx_word' id='word_1_644' title='bbox 3213 3819 3429 3876; x_wconf 89' lang='lat' dir='ltr'><strong>quoque</strong></span> <span class='ocrx_word' id='word_1_645' title='bbox 3466 3803 3605 3859; x_wconf 85' lang='lat' dir='ltr'><strong>vela-</strong></span> 
     </span>
    </p>
   </div>
   <div class='ocr_carea' id='block_1_85' title="bbox 2028 3897 3607 3970">
    <p class='ocr_par' dir='ltr' id='par_1_85' title="bbox 2028 3897 3607 3970">
     <span class='ocr_line' id='line_1_85' title="bbox 2028 3897 3607 3970; baseline -0.004 -14"><span class='ocrx_word' id='word_1_646' title='bbox 2028 3899 2191 3967; x_wconf 84' lang='lat' dir='ltr'><strong>bant,</strong></span> <span class='ocrx_word' id='word_1_647' title='bbox 2236 3901 2441 3955; x_wconf 89' lang='lat' dir='ltr'><strong>scilicet</strong></span> <span class='ocrx_word' id='word_1_648' title='bbox 2507 3910 2752 3955; x_wconf 81' lang='lat' dir='ltr'><strong>extrema</strong></span> <span class='ocrx_word' id='word_1_649' title='bbox 2810 3897 3209 3970; x_wconf 87' lang='lat' dir='ltr'><strong>progressionis</strong></span> <span class='ocrx_word' id='word_1_650' title='bbox 3262 3910 3397 3963; x_wconf 64' lang='lat' dir='ltr'><strong>suae,</strong></span> <span class='ocrx_word' id='word_1_651' title='bbox 3443 3905 3497 3953; x_wconf 91' lang='lat' dir='ltr'><strong>et</strong></span> <span class='ocrx_word' id='word_1_652' title='bbox 3545 3908 3607 3951; x_wconf 88' lang='lat' dir='ltr'><strong>ut</strong></span> 
     </span>
    </p>
   </div>
   <div class='ocr_carea' id='block_1_86' title="bbox 2030 3989 3607 4063">
    <p class='ocr_par' dir='ltr' id='par_1_86' title="bbox 2030 3989 3607 4063">
     <span class='ocr_line' id='line_1_86' title="bbox 2030 3989 3607 4063; baseline -0.002 -19"><span class='ocrx_word' id='word_1_653' title='bbox 2030 3990 2554 4063; x_wconf 80' lang='lat' dir='ltr'><strong>quispiam’dixerit,</strong></span> <span class='ocrx_word' id='word_1_654' title='bbox 2590 3990 2715 4045; x_wconf 65' lang='lat' dir='ltr'><strong>vita!</strong></span> <span class='ocrx_word' id='word_1_655' title='bbox 2740 4004 2983 4061; x_wconf 90' lang='lat' dir='ltr'><strong>gressus,</strong></span> <span class='ocrx_word' id='word_1_656' title='bbox 3041 4004 3154 4059; x_wconf 88' lang='lat' dir='ltr'><strong>quo</strong></span> <span class='ocrx_word' id='word_1_657' title='bbox 3192 3989 3435 4045; x_wconf 85' lang='lat' dir='ltr'><strong>actiones</strong></span> <span class='ocrx_word' id='word_1_658' title='bbox 3475 4001 3607 4043; x_wconf 83' lang='lat' dir='ltr'><strong>suas</strong></span> 
     </span>
    </p>
   </div>
   <div class='ocr_carea' id='block_1_87' title="bbox 2030 4080 3608 4150">
    <p class='ocr_par' dir='ltr' id='par_1_87' title="bbox 2030 4080 3608 4150">
     <span class='ocr_line' id='line_1_87' title="bbox 2030 4080 3608 4150; baseline -0.003 -12"><span class='ocrx_word' id='word_1_659' title='bbox 2030 4083 2431 4145; x_wconf 82' lang='lat' dir='ltr'><strong>inumbrarent,</strong></span> <span class='ocrx_word' id='word_1_660' title='bbox 2464 4090 2621 4135; x_wconf 88' lang='lat' dir='ltr'><strong>utne</strong></span> <span class='ocrx_word' id='word_1_661' title='bbox 2664 4081 2822 4135; x_wconf 84' lang='lat' dir='ltr'><strong>nudis</strong></span> <span class='ocrx_word' id='word_1_662' title='bbox 2861 4080 3088 4150; x_wconf 86' lang='lat' dir='ltr'><strong>pedibus</strong></span> <span class='ocrx_word' id='word_1_663' title='bbox 3148 4080 3260 4150; x_wconf 87' lang='lat' dir='ltr'><strong>regi</strong></span> <span class='ocrx_word' id='word_1_664' title='bbox 3316 4094 3416 4135; x_wconf 89' lang='lat' dir='ltr'><strong>suo</strong></span> <span class='ocrx_word' id='word_1_665' title='bbox 3461 4087 3608 4135; x_wconf 83' lang='lat' dir='ltr'><strong>asta-</strong></span> 
     </span>
    </p>
   </div>
   <div class='ocr_carea' id='block_1_88' title="bbox 2034 4184 2175 4230">
    <p class='ocr_par' dir='ltr' id='par_1_88' title="bbox 2034 4184 2175 4230">
     <span class='ocr_line' id='line_1_88' title="bbox 2034 4184 2175 4230; baseline -0.014 0"><span class='ocrx_word' id='word_1_666' title='bbox 2034 4184 2175 4230; x_wconf 86' lang='lat' dir='ltr'><strong>rent.</strong></span> 
     </span>
    </p>
   </div>
   <div class='ocr_carea' id='block_1_89' title="bbox 2108 4379 3606 4444">
    <p class='ocr_par' dir='ltr' id='par_1_89' title="bbox 2108 4379 3606 4444">
     <span class='ocr_line' id='line_1_89' title="bbox 2108 4379 3606 4444; baseline -0.003 -6"><span class='ocrx_word' id='word_1_667' title='bbox 2108 4384 2272 4438; x_wconf 76' lang='lat' dir='ltr'><strong>Vsus.</strong></span> <span class='ocrx_word' id='word_1_668' title='bbox 2318 4382 2372 4435; x_wconf 78' lang='lat'><strong>3.</strong></span> <span class='ocrx_word' id='word_1_669' title='bbox 2449 4398 2470 4434; x_wconf 81' lang='grc' dir='ltr'><strong>ι</strong></span> <span class='ocrx_word' id='word_1_670' title='bbox 2516 4380 2581 4435; x_wconf 87' lang='lat' dir='ltr'><strong>Et</strong></span> <span class='ocrx_word' id='word_1_671' title='bbox 2641 4379 2955 4436; x_wconf 88' lang='lat' dir='ltr'><strong>clamabant</strong></span> <span class='ocrx_word' id='word_1_672' title='bbox 3018 4380 3157 4436; x_wconf 90' lang='lat' dir='ltr'><strong>alter</strong></span> <span class='ocrx_word' id='word_1_673' title='bbox 3224 4381 3291 4434; x_wconf 90' lang='lat' dir='ltr'><strong>ad</strong></span> <span class='ocrx_word' id='word_1_674' title='bbox 3348 4379 3606 4444; x_wconf 90' lang='lat' dir='ltr'><strong>alterum,</strong></span> 
     </span>
    </p>
   </div>
   <div class='ocr_carea' id='block_1_90' title="bbox 2034 4472 3609 4543">
    <p class='ocr_par' dir='ltr' id='par_1_90' title="bbox 2034 4472 3609 4543">
     <span class='ocr_line' id='line_1_90' title="bbox 2034 4472 3609 4543; baseline -0.004 -10"><span class='ocrx_word' id='word_1_675' title='bbox 2034 4477 2282 4535; x_wconf 87' lang='lat' dir='ltr'><strong>Sanctus.</strong></span> <span class='ocrx_word' id='word_1_676' title='bbox 2316 4483 2557 4539; x_wconf 90' lang='lat' dir='ltr'><strong>sanctus,</strong></span> <span class='ocrx_word' id='word_1_677' title='bbox 2584 4483 2804 4529; x_wconf 79' lang='lat' dir='ltr'><strong>sanctus</strong></span> <span class='ocrx_word' id='word_1_678' title='bbox 2847 4474 3105 4531; x_wconf 89' lang='lat' dir='ltr'><strong>Dominus</strong></span> <span class='ocrx_word' id='word_1_679' title='bbox 3136 4472 3408 4527; x_wconf 87' lang='lat' dir='ltr'><strong>Sabaoth:</strong></span> <span class='ocrx_word' id='word_1_680' title='bbox 3452 4473 3609 4543; x_wconf 83' lang='lat' dir='ltr'><strong>plena</strong></span> 
     </span>
    </p>
   </div>
   <div class='ocr_carea' id='block_1_91' title="bbox 2033 4565 3609 4637">
    <p class='ocr_par' dir='ltr' id='par_1_91' title="bbox 2033 4565 3609 4637">
     <span class='ocr_line' id='line_1_91' title="bbox 2033 4565 3609 4637; baseline -0.004 -13"><span class='ocrx_word' id='word_1_681' title='bbox 2033 4578 2117 4624; x_wconf 87' lang='lat' dir='ltr'><strong>est</strong></span> <span class='ocrx_word' id='word_1_682' title='bbox 2164 4569 2339 4623; x_wconf 92' lang='lat' dir='ltr'><strong>omnis</strong></span> <span class='ocrx_word' id='word_1_683' title='bbox 2390 4578 2532 4622; x_wconf 88' lang='lat' dir='ltr'><strong>terra</strong></span> <span class='ocrx_word' id='word_1_684' title='bbox 2579 4566 2747 4637; x_wconf 89' lang='lat' dir='ltr'><strong>gloria</strong></span> <span class='ocrx_word' id='word_1_685' title='bbox 2784 4565 2921 4636; x_wconf 85' lang='lat' dir='ltr'><strong>ejus.</strong></span> <span class='ocrx_word' id='word_1_686' title='bbox 2954 4585 2972 4619; x_wconf 77' lang='grc' dir='ltr'><strong>ι</strong></span> <span class='ocrx_word' id='word_1_687' title='bbox 3015 4566 3129 4621; x_wconf 84' lang='grc' dir='ltr'>Νοη</span> <span class='ocrx_word' id='word_1_688' title='bbox 3189 4580 3351 4619; x_wconf 90' lang='lat' dir='ltr'><strong>unam</strong></span> <span class='ocrx_word' id='word_1_689' title='bbox 3411 4566 3609 4635; x_wconf 84' lang='lat' dir='ltr'><strong>quippe</strong></span> 
     </span>
    </p>
   </div>
   <div class='ocr_carea' id='block_1_92' title="bbox 2033 4654 3610 4726">
    <p class='ocr_par' dir='ltr' id='par_1_92' title="bbox 2033 4654 3610 4726">
     <span class='ocr_line' id='line_1_92' title="bbox 2033 4654 3610 4726; baseline -0.002 -15"><span class='ocrx_word' id='word_1_690' title='bbox 2033 4657 2351 4711; x_wconf 88' lang='lat' dir='ltr'><strong>emittebant</strong></span> <span class='ocrx_word' id='word_1_691' title='bbox 2387 4669 2595 4721; x_wconf 88' lang='lat' dir='ltr'><strong>vocem,</strong></span> <span class='ocrx_word' id='word_1_692' title='bbox 2625 4670 2797 4726; x_wconf 91' lang='lat' dir='ltr'><strong>neque</strong></span> <span class='ocrx_word' id='word_1_693' title='bbox 2828 4670 3017 4711; x_wconf 81' lang='lat' dir='ltr'><strong>omnes</strong></span> <span class='ocrx_word' id='word_1_694' title='bbox 3043 4654 3203 4710; x_wconf 90' lang='lat' dir='ltr'><strong>simul</strong></span> <span class='ocrx_word' id='word_1_695' title='bbox 3256 4656 3397 4710; x_wconf 86' lang='lat' dir='ltr'><strong>hanc</strong></span> <span class='ocrx_word' id='word_1_696' title='bbox 3425 4655 3610 4725; x_wconf 80' lang='lat' dir='ltr'><strong>proie-</strong></span> 
     </span>
    </p>
   </div>
   <div class='ocr_carea' id='block_1_93' title="bbox 351 4746 1925 4839">
    <p class='ocr_par' dir='ltr' id='par_1_93' title="bbox 351 4750 1925 4825">
     <span class='ocr_line' id='line_1_93' title="bbox 351 4750 1925 4825; baseline -0.001 -20"><span class='ocrx_word' id='word_1_697' title='bbox 351 4770 447 4825; x_wconf 80' lang='grc' dir='ltr'><strong>ρον</strong></span> <span class='ocrx_word' id='word_1_698' title='bbox 488 4752 625 4822; x_wconf 84' lang='grc' dir='ltr'>πρὸς</span> <span class='ocrx_word' id='word_1_699' title='bbox 664 4752 723 4805; x_wconf 80' lang='grc' dir='ltr'><strong>τὸ</strong></span> <span class='ocrx_word' id='word_1_700' title='bbox 761 4752 945 4819; x_wconf 80' lang='grc' dir='ltr'>ἓτερον</span> <span class='ocrx_word' id='word_1_701' title='bbox 988 4752 1248 4821; x_wconf 78' lang='grc' dir='ltr'>ἐμφαῖνον</span> <span class='ocrx_word' id='word_1_702' title='bbox 1278 4751 1340 4804; x_wconf 86' lang='grc' dir='ltr'>τὸ</span> <span class='ocrx_word' id='word_1_703' title='bbox 1381 4751 1574 4805; x_wconf 84' lang='grc' dir='ltr'>ἐαυτοῦ</span> <span class='ocrx_word' id='word_1_704' title='bbox 1603 4750 1807 4822; x_wconf 87' lang='grc' dir='ltr'>Θαῦμα,</span> <span class='ocrx_word' id='word_1_705' title='bbox 1839 4753 1925 4805; x_wconf 60' lang='grc' dir='ltr'>καὶ</span> 
     </span>
    </p>
   </div>
   <div class='ocr_carea' id='block_1_94' title="bbox 2027 4746 3607 4839">
    <p class='ocr_par' dir='ltr' id='par_1_94' title="bbox 2042 4746 3607 4815">
     <span class='ocr_line' id='line_1_94' title="bbox 2042 4746 3607 4815; baseline -0.002 -13"><span class='ocrx_word' id='word_1_706' title='bbox 2042 4750 2252 4815; x_wconf 89' lang='lat' dir='ltr'><strong>rebanl,</strong></span> <span class='ocrx_word' id='word_1_707' title='bbox 2276 4749 2369 4804; x_wconf 90' lang='lat' dir='ltr'><strong>sed</strong></span> <span class='ocrx_word' id='word_1_708' title='bbox 2400 4747 2537 4802; x_wconf 90' lang='lat' dir='ltr'><strong>alter</strong></span> <span class='ocrx_word' id='word_1_709' title='bbox 2577 4750 2644 4803; x_wconf 91' lang='lat' dir='ltr'><strong>ad</strong></span> <span class='ocrx_word' id='word_1_710' title='bbox 2674 4748 2927 4815; x_wconf 87' lang='lat' dir='ltr'><strong>alterum,</strong></span> <span class='ocrx_word' id='word_1_711' title='bbox 2990 4746 3408 4802; x_wconf 88' lang='lat' dir='ltr'><strong>admirationem</strong></span> <span class='ocrx_word' id='word_1_712' title='bbox 3454 4761 3607 4801; x_wconf 90' lang='lat' dir='ltr'><strong>suam</strong></span> 
     </span>
    </p>
   </div>
   <div class='ocr_carea' id='block_1_95' title="bbox 356 4843 1931 4915">
    <p class='ocr_par' dir='ltr' id='par_1_95' title="bbox 356 4843 1931 4915">
     <span class='ocr_line' id='line_1_95' title="bbox 356 4843 1931 4915; baseline 0.001 -20"><span class='ocrx_word' id='word_1_713' title='bbox 356 4846 453 4914; x_wconf 76' lang='grc' dir='ltr'>τὴν</span> <span class='ocrx_word' id='word_1_714' title='bbox 496 4843 758 4912; x_wconf 75' lang='grc' dir='ltr'>ἔκπληξιν</span> <span class='ocrx_word' id='word_1_715' title='bbox 800 4843 897 4913; x_wconf 80' lang='grc' dir='ltr'>τὴν</span> <span class='ocrx_word' id='word_1_716' title='bbox 936 4845 1029 4896; x_wconf 75' lang='grc' dir='ltr'>ἐπὶ</span> <span class='ocrx_word' id='word_1_717' title='bbox 1070 4843 1147 4914; x_wconf 79' lang='grc' dir='ltr'><strong>τῷ</strong></span> <span class='ocrx_word' id='word_1_718' title='bbox 1196 4844 1584 4915; x_wconf 86' lang='grc' dir='ltr'>θεωρουμένῳ·</span> <span class='ocrx_word' id='word_1_719' title='bbox 1635 4844 1834 4914; x_wconf 81' lang='grc' dir='ltr'>μᾶλλον</span> <span class='ocrx_word' id='word_1_720' title='bbox 1875 4844 1931 4897; x_wconf 81' lang='grc' dir='ltr'>δὲ</span> 
     </span>
    </p>
   </div>
   <div class='ocr_carea' id='block_1_96' title="bbox 357 4936 1933 5007">
    <p class='ocr_par' dir='ltr' id='par_1_96' title="bbox 357 4936 1933 5007">
     <span class='ocr_line' id='line_1_96' title="bbox 357 4936 1933 5007; baseline 0.001 -19"><span class='ocrx_word' id='word_1_721' title='bbox 357 4936 826 5006; x_wconf 73' lang='grc' dir='ltr'>ύπερεξέπληττεν</span> <span class='ocrx_word' id='word_1_722' title='bbox 852 4936 991 4989; x_wconf 85' lang='grc' dir='ltr'><strong>αύτά</strong></span> <span class='ocrx_word' id='word_1_723' title='bbox 1016 4938 1049 5007; x_wconf 88' lang='grc' dir='ltr'><strong>ή</strong></span> <span class='ocrx_word' id='word_1_724' title='bbox 1083 4936 1190 4989; x_wconf 83' lang='grc' dir='ltr'>ἀπὸ</span> <span class='ocrx_word' id='word_1_725' title='bbox 1217 4936 1325 4991; x_wconf 81' lang='grc' dir='ltr'>τῶν</span> <span class='ocrx_word' id='word_1_726' title='bbox 1358 4936 1705 5007; x_wconf 73' lang='grc' dir='ltr'>ὑψηλοτάτων</span> <span class='ocrx_word' id='word_1_727' title='bbox 1731 4938 1823 4990; x_wconf 77' lang='grc' dir='ltr'>ἐπὶ</span> <span class='ocrx_word' id='word_1_728' title='bbox 1864 4936 1933 4989; x_wconf 76' lang='grc' dir='ltr'><strong>τά</strong></span> 
     </span>
    </p>
   </div>
   <div class='ocr_carea' id='block_1_97' title="bbox 353 5025 1934 5099">
    <p class='ocr_par' dir='ltr' id='par_1_97' title="bbox 353 5025 1934 5099">
     <span class='ocr_line' id='line_1_97' title="bbox 353 5025 1934 5099; baseline 0.001 -18"><span class='ocrx_word' id='word_1_729' title='bbox 353 5029 587 5081; x_wconf 83' lang='grc' dir='ltr'>ταπεινά</span> <span class='ocrx_word' id='word_1_730' title='bbox 622 5028 919 5092; x_wconf 74' lang='grc' dir='ltr'>κατάϐασις</span> <span class='ocrx_word' id='word_1_731' title='bbox 952 5028 1047 5082; x_wconf 89' lang='grc' dir='ltr'><strong>τοῦ</strong></span> <span class='ocrx_word' id='word_1_732' title='bbox 1078 5028 1211 5083; x_wconf 88' lang='grc' dir='ltr'>Θεοῦ</span> <span class='ocrx_word' id='word_1_733' title='bbox 1246 5029 1438 5096; x_wconf 87' lang='grc' dir='ltr'>Λόγου.</span> <span class='ocrx_word' id='word_1_734' title='bbox 1483 5028 1811 5099; x_wconf 85' lang='grc' dir='ltr'>Ἐκέκραγον</span> <span class='ocrx_word' id='word_1_735' title='bbox 1838 5025 1934 5083; x_wconf 82' lang='grc' dir='ltr'>οὖν</span> 
     </span>
    </p>
   </div>
   <div class='ocr_carea' id='block_1_98' title="bbox 349 5118 1931 5191">
    <p class='ocr_par' dir='ltr' id='par_1_98' title="bbox 349 5118 1931 5191">
     <span class='ocr_line' id='line_1_98' title="bbox 349 5118 1931 5191; baseline 0 -17"><span class='ocrx_word' id='word_1_736' title='bbox 349 5121 452 5189; x_wconf 72' lang='grc' dir='ltr'>οὐχ</span> <span class='ocrx_word' id='word_1_737' title='bbox 490 5118 641 5183; x_wconf 74' lang='grc' dir='ltr'>ἅπαξ</span> <span class='ocrx_word' id='word_1_738' title='bbox 673 5122 763 5174; x_wconf 78' lang='grc' dir='ltr'>τὸν</span> <span class='ocrx_word' id='word_1_739' title='bbox 800 5122 1071 5191; x_wconf 86' lang='grc' dir='ltr'>ἀγιασμὸν</span> <span class='ocrx_word' id='word_1_740' title='bbox 1111 5121 1297 5183; x_wconf 80' lang='grc' dir='ltr'>αὑτοῦ,</span> <span class='ocrx_word' id='word_1_741' title='bbox 1327 5121 1461 5176; x_wconf 85' lang='grc' dir='ltr'>ἀλλὰ</span> <span class='ocrx_word' id='word_1_742' title='bbox 1497 5124 1591 5175; x_wconf 71' lang='grc' dir='ltr'>καὶ</span> <span class='ocrx_word' id='word_1_743' title='bbox 1633 5122 1892 5185; x_wconf 81' lang='grc' dir='ltr'>πολλάκις</span> <span class='ocrx_word' id='word_1_744' title='bbox 1917 5139 1931 5155; x_wconf 75' lang='grc' dir='ltr'><strong>ο</strong></span> 
     </span>
    </p>
   </div>
   <div class='ocr_carea' id='block_1_99' title="bbox 356 5211 1937 5286">
    <p class='ocr_par' dir='ltr' id='par_1_99' title="bbox 356 5211 1937 5286">
     <span class='ocr_line' id='line_1_99' title="bbox 356 5211 1937 5286; baseline 0.004 -23"><span class='ocrx_word' id='word_1_745' title='bbox 356 5212 565 5281; x_wconf 70' lang='grc' dir='ltr'>μᾶλλον</span> <span class='ocrx_word' id='word_1_746' title='bbox 598 5211 655 5264; x_wconf 77' lang='grc' dir='ltr'>δὲ</span> <span class='ocrx_word' id='word_1_747' title='bbox 691 5214 770 5275; x_wconf 88' lang='grc' dir='ltr'><strong>εἰς</strong></span> <span class='ocrx_word' id='word_1_748' title='bbox 814 5212 1185 5286; x_wconf 80' lang='grc' dir='ltr'>ἀναρίθμητον</span> <span class='ocrx_word' id='word_1_749' title='bbox 1222 5213 1315 5267; x_wconf 76' lang='grc' dir='ltr'>καὶ</span> <span class='ocrx_word' id='word_1_750' title='bbox 1344 5216 1422 5277; x_wconf 88' lang='grc' dir='ltr'><strong>εἰς</strong></span> <span class='ocrx_word' id='word_1_751' title='bbox 1454 5214 1701 5285; x_wconf 78' lang='grc' dir='ltr'>ἄπειρον,</span> <span class='ocrx_word' id='word_1_752' title='bbox 1733 5217 1827 5268; x_wconf 78' lang='grc' dir='ltr'>καὶ</span> <span class='ocrx_word' id='word_1_753' title='bbox 1858 5218 1937 5280; x_wconf 85' lang='grc' dir='ltr'><strong>εἰς</strong></span> 
     </span>
    </p>
   </div>
   <div class='ocr_carea' id='block_1_100' title="bbox 353 5303 1937 5378">
    <p class='ocr_par' dir='ltr' id='par_1_100' title="bbox 353 5303 1937 5378">
     <span class='ocr_line' id='line_1_100' title="bbox 353 5303 1937 5378; baseline 0.004 -24"><span class='ocrx_word' id='word_1_754' title='bbox 353 5304 445 5359; x_wconf 65' lang='grc' dir='ltr'>ἀεὶ</span> <span class='ocrx_word' id='word_1_755' title='bbox 490 5303 1067 5373; x_wconf 83' lang='grc' dir='ltr'>ύπερεκπληττόμενα.</span> <span class='ocrx_word' id='word_1_756' title='bbox 1093 5304 1401 5375; x_wconf 84' lang='grc' dir='ltr'>Προγνώσει</span> <span class='ocrx_word' id='word_1_757' title='bbox 1446 5307 1623 5359; x_wconf 81' lang='grc' dir='ltr'>τοίνυν</span> <span class='ocrx_word' id='word_1_758' title='bbox 1664 5306 1757 5359; x_wconf 90' lang='grc' dir='ltr'><strong>τοῦ</strong></span> <span class='ocrx_word' id='word_1_759' title='bbox 1808 5308 1937 5378; x_wconf 86' lang='grc' dir='ltr'>μέλ-</span> 
     </span>
    </p>
   </div>
   <div class='ocr_carea' id='block_1_101' title="bbox 351 5393 1938 5469">
    <p class='ocr_par' dir='ltr' id='par_1_101' title="bbox 351 5393 1938 5469">
     <span class='ocr_line' id='line_1_101' title="bbox 351 5393 1938 5469; baseline 0 -21"><span class='ocrx_word' id='word_1_760' title='bbox 351 5395 539 5458; x_wconf 66' lang='grc' dir='ltr'>λοντος</span> <span class='ocrx_word' id='word_1_761' title='bbox 600 5393 1049 5465; x_wconf 69' lang='grc' dir='ltr'>ὑπερεθαύμαζω</span> <span class='ocrx_word' id='word_1_762' title='bbox 1091 5394 1160 5447; x_wconf 84' lang='grc' dir='ltr'><strong>τὰ</strong></span> <span class='ocrx_word' id='word_1_763' title='bbox 1212 5398 1469 5466; x_wconf 70' lang='grc' dir='ltr'>σεραφὶμ,</span> <span class='ocrx_word' id='word_1_764' title='bbox 1514 5398 1627 5469; x_wconf 79' lang='grc' dir='ltr'><strong>ὃδὴ</strong></span> <span class='ocrx_word' id='word_1_765' title='bbox 1676 5400 1769 5451; x_wconf 76' lang='grc' dir='ltr'>καὶ</span> <span class='ocrx_word' id='word_1_766' title='bbox 1816 5401 1938 5453; x_wconf 84' lang='grc' dir='ltr'>ἀκο-</span> 
     </span>
    </p>
   </div>
   <div class='ocr_carea' id='block_1_102' title="bbox 351 5485 1926 5560">
    <p class='ocr_par' dir='ltr' id='par_1_102' title="bbox 351 5485 1926 5560">
     <span class='ocr_line' id='line_1_102' title="bbox 351 5485 1926 5560; baseline 0.001 -18"><span class='ocrx_word' id='word_1_767' title='bbox 351 5488 561 5550; x_wconf 73' lang='grc' dir='ltr'>λούθως</span> <span class='ocrx_word' id='word_1_768' title='bbox 587 5491 700 5551; x_wconf 87' lang='grc' dir='ltr'>τοῖς</span> <span class='ocrx_word' id='word_1_769' title='bbox 738 5485 1102 5557; x_wconf 82' lang='grc' dir='ltr'>θεσπίσμασιν</span> <span class='ocrx_word' id='word_1_770' title='bbox 1123 5487 1371 5551; x_wconf 77' lang='grc' dir='ltr'>ἐτελεῖτο,</span> <span class='ocrx_word' id='word_1_771' title='bbox 1411 5490 1547 5560; x_wconf 86' lang='grc' dir='ltr'><strong>μετά</strong></span> <span class='ocrx_word' id='word_1_772' title='bbox 1576 5490 1672 5552; x_wconf 85' lang='grc' dir='ltr'>τὴν</span> <span class='ocrx_word' id='word_1_773' title='bbox 1711 5492 1790 5553; x_wconf 81' lang='grc' dir='ltr'><strong>εἰς</strong></span> <span class='ocrx_word' id='word_1_774' title='bbox 1832 5492 1926 5544; x_wconf 82' lang='grc' dir='ltr'>άν-</span> 
     </span>
    </p>
   </div>
   <div class='ocr_carea' id='block_1_103' title="bbox 352 5580 1928 5652">
    <p class='ocr_par' dir='ltr' id='par_1_103' title="bbox 352 5580 1928 5652">
     <span class='ocr_line' id='line_1_103' title="bbox 352 5580 1928 5652; baseline -0.001 -17"><span class='ocrx_word' id='word_1_775' title='bbox 352 5580 612 5651; x_wconf 79' lang='grc' dir='ltr'>θρώπους</span> <span class='ocrx_word' id='word_1_776' title='bbox 653 5580 745 5633; x_wconf 78' lang='grc' dir='ltr'><strong>τοῦ</strong></span> <span class='ocrx_word' id='word_1_777' title='bbox 781 5580 1031 5651; x_wconf 78' lang='grc' dir='ltr'>Σωτῆρος</span> <span class='ocrx_word' id='word_1_778' title='bbox 1070 5580 1222 5651; x_wconf 75' lang='grc' dir='ltr'>ἡμῶν</span> <span class='ocrx_word' id='word_1_779' title='bbox 1252 5582 1572 5652; x_wconf 84' lang='grc' dir='ltr'>παρουσίαν.</span> <span class='ocrx_word' id='word_1_780' title='bbox 1608 5581 1696 5645; x_wconf 79' lang='grc' dir='ltr'><strong>Ἐξ</strong></span> <span class='ocrx_word' id='word_1_781' title='bbox 1723 5582 1928 5634; x_wconf 81' lang='grc' dir='ltr'>ἐκείνου</span> 
     </span>
    </p>
   </div>
   <div class='ocr_carea' id='block_1_104' title="bbox 431 5756 1953 5831">
    <p class='ocr_par' dir='ltr' id='par_1_104' title="bbox 431 5756 1953 5831">
     <span class='ocr_line' id='line_1_104' title="bbox 431 5756 1953 5831; baseline 0.003 -19"><span class='ocrx_word' id='word_1_782' title='bbox 431 5756 477 5788; x_wconf 74' lang='grc'>⁸⁸</span> <span class='ocrx_word' id='word_1_783' title='bbox 506 5756 697 5812; x_wconf 69' lang='lat' dir='ltr'><strong>Matth.</strong></span> <span class='ocrx_word' id='word_1_784' title='bbox 745 5775 796 5824; x_wconf 72' lang='grc' dir='ltr'><strong>ν,</strong></span> <span class='ocrx_word' id='word_1_785' title='bbox 829 5759 877 5812; x_wconf 89' lang='grc'><strong>8.</strong></span> <span class='ocrx_word' id='word_1_786' title='bbox 961 5760 999 5790; x_wconf 66' lang='grc'><strong>⁸⁷</strong></span> <span class='ocrx_word' id='word_1_787' title='bbox 1031 5760 1163 5817; x_wconf 68' lang='lat' dir='ltr'><strong>I‘in.</strong></span> <span class='ocrx_word' id='word_1_788' title='bbox 1199 5764 1416 5831; x_wconf 81' lang='lat' dir='ltr'><strong>vn,lO.</strong></span> <span class='ocrx_word' id='word_1_789' title='bbox 1497 5762 1540 5793; x_wconf 75' lang='lat'><strong><em>“</em></strong></span> <span class='ocrx_word' id='word_1_790' title='bbox 1578 5761 1716 5817; x_wconf 76' lang='lat' dir='ltr'><strong>Psal.</strong></span> <span class='ocrx_word' id='word_1_791' title='bbox 1756 5774 1871 5826; x_wconf 82' lang='lat' dir='ltr'><strong>CIII,</strong></span> <span class='ocrx_word' id='word_1_792' title='bbox 1902 5761 1953 5817; x_wconf 85' lang='lat'><strong>3.</strong></span> 
     </span>
    </p>
   </div>
   <div class='ocr_carea' id='block_1_105' title="bbox 2039 4836 3613 4909">
    <p class='ocr_par' dir='ltr' id='par_1_105' title="bbox 2039 4836 3613 4909">
     <span class='ocr_line' id='line_1_105' title="bbox 2039 4836 3613 4909; baseline -0.001 -14"><span class='ocrx_word' id='word_1_793' title='bbox 2039 4840 2383 4902; x_wconf 78' lang='lat' dir='ltr'><strong>exhibentes,</strong></span> <span class='ocrx_word' id='word_1_794' title='bbox 2432 4855 2637 4895; x_wconf 90' lang='lat' dir='ltr'><strong>necnon</strong></span> <span class='ocrx_word' id='word_1_795' title='bbox 2708 4849 2981 4908; x_wconf 87' lang='lat' dir='ltr'><strong>stuporem</strong></span> <span class='ocrx_word' id='word_1_796' title='bbox 3033 4853 3099 4893; x_wconf 81' lang='lat' dir='ltr'><strong>ex</strong></span> <span class='ocrx_word' id='word_1_797' title='bbox 3162 4838 3251 4893; x_wconf 86' lang='lat' dir='ltr'><strong>tali</strong></span> <span class='ocrx_word' id='word_1_798' title='bbox 3302 4836 3613 4909; x_wconf 90' lang='lat' dir='ltr'><strong>spectaculo</strong></span> 
     </span>
    </p>
   </div>
   <div class='ocr_carea' id='block_1_106' title="bbox 2041 4930 3611 5003">
    <p class='ocr_par' dir='ltr' id='par_1_106' title="bbox 2041 4930 3611 5003">
     <span class='ocr_line' id='line_1_106' title="bbox 2041 4930 3611 5003; baseline -0.001 -16"><span class='ocrx_word' id='word_1_799' title='bbox 2041 4944 2362 5003; x_wconf 84' lang='lat' dir='ltr'><strong>conceptum</strong></span> <span class='ocrx_word' id='word_1_800' title='bbox 2391 4952 2405 5000; x_wconf 92' lang='lat'><strong>;</strong></span> <span class='ocrx_word' id='word_1_801' title='bbox 2442 4934 2547 4988; x_wconf 89' lang='lat' dir='ltr'><strong>imo</strong></span> <span class='ocrx_word' id='word_1_802' title='bbox 2574 4933 2756 5003; x_wconf 89' lang='lat' dir='ltr'><strong>potius</strong></span> <span class='ocrx_word' id='word_1_803' title='bbox 2796 4931 3253 5001; x_wconf 82' lang='lat' dir='ltr'><strong>obstupescebant</strong></span> <span class='ocrx_word' id='word_1_804' title='bbox 3280 4932 3350 4986; x_wconf 93' lang='lat' dir='ltr'><strong>ob</strong></span> <span class='ocrx_word' id='word_1_805' title='bbox 3384 4930 3611 4985; x_wconf 84' lang='lat' dir='ltr'><strong>descen-</strong></span> 
     </span>
    </p>
   </div>
   <div class='ocr_carea' id='block_1_107' title="bbox 2040 5008 3650 5085">
    <p class='ocr_par' dir='ltr' id='par_1_107' title="bbox 2040 5008 3650 5085">
     <span class='ocr_line' id='line_1_107' title="bbox 2040 5008 3650 5085; baseline -0.004 0"><span class='ocrx_word' id='word_1_806' title='bbox 2040 5044 2157 5085; x_wconf 89' lang='lat' dir='ltr'><strong>sum</strong></span> <span class='ocrx_word' id='word_1_807' title='bbox 2192 5028 2285 5084; x_wconf 92' lang='lat' dir='ltr'><strong>Dei</strong></span> <span class='ocrx_word' id='word_1_808' title='bbox 2320 5028 2483 5084; x_wconf 84' lang='lat' dir='ltr'><strong>Verbi</strong></span> <span class='ocrx_word' id='word_1_809' title='bbox 2521 5045 2585 5083; x_wconf 84' lang='lat' dir='ltr'><strong>ex</strong></span> <span class='ocrx_word' id='word_1_810' title='bbox 2614 5026 2930 5082; x_wconf 83' lang='lat' dir='ltr'><strong>celsissimis</strong></span> <span class='ocrx_word' id='word_1_811' title='bbox 2965 5025 3031 5079; x_wconf 88' lang='lat' dir='ltr'><strong>ad</strong></span> <span class='ocrx_word' id='word_1_812' title='bbox 3075 5025 3319 5081; x_wconf 87' lang='lat' dir='ltr'><strong>humilia.</strong></span> <span class='ocrx_word' id='word_1_813' title='bbox 3366 5024 3481 5080; x_wconf 80' lang='lat' dir='ltr'><strong>Non</strong></span> <span class='ocrx_word' id='word_1_814' title='bbox 3521 5039 3613 5079; x_wconf 87' lang='lat' dir='ltr'><strong>se-</strong></span> <span class='ocrx_word' id='word_1_815' title='bbox 3637 5008 3650 5023; x_wconf 70' lang='grc'><em>’</em></span> 
     </span>
    </p>
   </div>
   <div class='ocr_carea' id='block_1_108' title="bbox 2043 5115 3609 5187">
    <p class='ocr_par' dir='ltr' id='par_1_108' title="bbox 2043 5115 3609 5187">
     <span class='ocr_line' id='line_1_108' title="bbox 2043 5115 3609 5187; baseline -0.003 -15"><span class='ocrx_word' id='word_1_816' title='bbox 2043 5118 2147 5172; x_wconf 91' lang='lat' dir='ltr'><strong>mel</strong></span> <span class='ocrx_word' id='word_1_817' title='bbox 2180 5118 2383 5187; x_wconf 91' lang='lat' dir='ltr'><strong>itaque,</strong></span> <span class='ocrx_word' id='word_1_818' title='bbox 2439 5132 2613 5186; x_wconf 78' lang='lat' dir='ltr'><strong>neque</strong></span> <span class='ocrx_word' id='word_1_819' title='bbox 2651 5117 2848 5184; x_wconf 63' lang='lat' dir='ltr'><strong>saepius</strong></span> <span class='ocrx_word' id='word_1_820' title='bbox 2884 5125 3088 5172; x_wconf 87' lang='lat' dir='ltr'><strong>tantum</strong></span> <span class='ocrx_word' id='word_1_821' title='bbox 3127 5115 3609 5172; x_wconf 72' lang='lat' dir='ltr'><strong>sanctificationem</strong></span> 
     </span>
    </p>
   </div>
   <div class='ocr_carea' id='block_1_109' title="bbox 2039 5210 3612 5281">
    <p class='ocr_par' dir='ltr' id='par_1_109' title="bbox 2039 5210 3612 5281">
     <span class='ocr_line' id='line_1_109' title="bbox 2039 5210 3612 5281; baseline -0.003 -16"><span class='ocrx_word' id='word_1_822' title='bbox 2039 5212 2155 5281; x_wconf 84' lang='lat' dir='ltr'><strong>ejus</strong></span> <span class='ocrx_word' id='word_1_823' title='bbox 2188 5210 2530 5274; x_wconf 84' lang='lat' dir='ltr'><strong>clamabant;</strong></span> <span class='ocrx_word' id='word_1_824' title='bbox 2554 5212 2646 5264; x_wconf 89' lang='lat' dir='ltr'><strong>sed</strong></span> <span class='ocrx_word' id='word_1_825' title='bbox 2678 5213 2729 5263; x_wconf 90' lang='lat' dir='ltr'><strong>in</strong></span> <span class='ocrx_word' id='word_1_826' title='bbox 2774 5210 3043 5266; x_wconf 80' lang='lat' dir='ltr'><strong>inﬁnitum</strong></span> <span class='ocrx_word' id='word_1_827' title='bbox 3075 5220 3284 5280; x_wconf 87' lang='lat' dir='ltr'><strong>tempus</strong></span> <span class='ocrx_word' id='word_1_828' title='bbox 3313 5224 3377 5264; x_wconf 89' lang='lat' dir='ltr'><strong>ac</strong></span> <span class='ocrx_word' id='word_1_829' title='bbox 3398 5223 3612 5279; x_wconf 87' lang='lat' dir='ltr'><strong>semper</strong></span> 
     </span>
    </p>
   </div>
   <div class='ocr_carea' id='block_1_110' title="bbox 2040 5303 3612 5376">
    <p class='ocr_par' dir='ltr' id='par_1_110' title="bbox 2040 5303 3612 5376">
     <span class='ocr_line' id='line_1_110' title="bbox 2040 5303 3612 5376; baseline -0.003 -17"><span class='ocrx_word' id='word_1_830' title='bbox 2040 5315 2265 5376; x_wconf 88' lang='lat' dir='ltr'><strong>stupore</strong></span> <span class='ocrx_word' id='word_1_831' title='bbox 2324 5303 2559 5374; x_wconf 89' lang='lat' dir='ltr'><strong>perculsi</strong></span> <span class='ocrx_word' id='word_1_832' title='bbox 2626 5305 3105 5372; x_wconf 80' lang='lat' dir='ltr'><strong>vociferabantur;</strong></span> <span class='ocrx_word' id='word_1_833' title='bbox 3144 5319 3206 5361; x_wconf 82' lang='lat' dir='ltr'><strong>ex</strong></span> <span class='ocrx_word' id='word_1_834' title='bbox 3261 5303 3426 5359; x_wconf 77' lang='lat' dir='ltr'><strong>futuri</strong></span> <span class='ocrx_word' id='word_1_835' title='bbox 3481 5315 3612 5372; x_wconf 88' lang='lat' dir='ltr'><strong>ergo</strong></span> 
     </span>
    </p>
   </div>
   <div class='ocr_carea' id='block_1_111' title="bbox 2042 5393 3609 5467">
    <p class='ocr_par' dir='ltr' id='par_1_111' title="bbox 2042 5393 3609 5467">
     <span class='ocr_line' id='line_1_111' title="bbox 2042 5393 3609 5467; baseline -0.001 -19"><span class='ocrx_word' id='word_1_836' title='bbox 2042 5395 2382 5465; x_wconf 77' lang='lat' dir='ltr'><strong>pra-scientia</strong></span> <span class='ocrx_word' id='word_1_837' title='bbox 2419 5395 2692 5465; x_wconf 79' lang='lat' dir='ltr'><strong>serapltim</strong></span> <span class='ocrx_word' id='word_1_838' title='bbox 2732 5410 3074 5467; x_wconf 89' lang='lat' dir='ltr'><strong>summopere</strong></span> <span class='ocrx_word' id='word_1_839' title='bbox 3103 5393 3609 5456; x_wconf 89' lang='lat' dir='ltr'><strong>mirabanturillud,</strong></span> 
     </span>
    </p>
   </div>
   <div class='ocr_carea' id='block_1_112' title="bbox 2040 5485 3610 5557">
    <p class='ocr_par' dir='ltr' id='par_1_112' title="bbox 2040 5485 3610 5557">
     <span class='ocr_line' id='line_1_112' title="bbox 2040 5485 3610 5557; baseline -0.003 -15"><span class='ocrx_word' id='word_1_840' title='bbox 2040 5488 2181 5555; x_wconf 87' lang='lat' dir='ltr'><strong>quod</strong></span> <span class='ocrx_word' id='word_1_841' title='bbox 2241 5488 2475 5552; x_wconf 88' lang='lat' dir='ltr'><strong>scilicet,</strong></span> <span class='ocrx_word' id='word_1_842' title='bbox 2514 5496 2911 5557; x_wconf 85' lang='lat' dir='ltr'><strong>consequenter</strong></span> <span class='ocrx_word' id='word_1_843' title='bbox 2948 5490 3013 5544; x_wconf 91' lang='lat' dir='ltr'><strong>ad</strong></span> <span class='ocrx_word' id='word_1_844' title='bbox 3038 5490 3314 5555; x_wconf 85' lang='lat' dir='ltr'><strong>vaticinia,</strong></span> <span class='ocrx_word' id='word_1_845' title='bbox 3358 5496 3479 5555; x_wconf 89' lang='lat' dir='ltr'><strong>post</strong></span> <span class='ocrx_word' id='word_1_846' title='bbox 3514 5485 3610 5539; x_wconf 85' lang='lat' dir='ltr'><strong>ad-</strong></span> 
     </span>
    </p>
   </div>
   <div class='ocr_carea' id='block_1_113' title="bbox 2046 5579 3609 5649">
    <p class='ocr_par' dir='ltr' id='par_1_113' title="bbox 2046 5579 3609 5649">
     <span class='ocr_line' id='line_1_113' title="bbox 2046 5579 3609 5649; baseline -0.002 -14"><span class='ocrx_word' id='word_1_847' title='bbox 2046 5592 2266 5637; x_wconf 81' lang='lat' dir='ltr'><strong>ventum</strong></span> <span class='ocrx_word' id='word_1_848' title='bbox 2299 5581 2598 5638; x_wconf 81' lang='lat' dir='ltr'><strong>Salvatoris</strong></span> <span class='ocrx_word' id='word_1_849' title='bbox 2630 5582 2801 5637; x_wconf 83' lang='lat' dir='ltr'><strong>nostri</strong></span> <span class='ocrx_word' id='word_1_850' title='bbox 2850 5583 2917 5639; x_wconf 83' lang='lat' dir='ltr'><strong>ad</strong></span> <span class='ocrx_word' id='word_1_851' title='bbox 2969 5582 3241 5647; x_wconf 86' lang='lat' dir='ltr'><strong>homines,</strong></span> <span class='ocrx_word' id='word_1_852' title='bbox 3284 5579 3609 5649; x_wconf 85' lang='lat' dir='ltr'><strong>completum</strong></span> 
     </span>
    </p>
   </div>
  </div>
