4068 6198
463 309 569 366 €21
1165 300 1435 358 EUSEBH
1473 298 1955 356 CAESARIENSIS
1989 294 2142 353 OPP.
2182 294 2361 349 PARS
2397 293 2486 348 111.
2526 323 2597 334 -
2632 291 3042 349 EXEGETICA.
3606 301 3698 359 193

460 442 567 486 est.
604 426 735 480 llinc
765 422 907 477 enim
939 436 1133 477 revera
1168 423 1222 475 in
1255 422 1495 475 omnium
1527 421 1763 489 gentium
1791 420 2032 475 notitiam!

2093 415 2245 487 ιγὰρ
2286 414 2362 478 ὡς
2400 412 2616 483 ἀληθῶς
2660 413 2826 468 πᾶσιν
2860 413 3105 486 ἐγνώσθη
3147 417 3262 479 τοῖς
3288 415 3484 481 ἔθνεσι,
3516 420 3601 471 καὶ
3628 423 3699 483 εἰς

464 521 629 579 venit,
674 526 732 571 et
779 517 831 569 in
889 530 1109 569 onmem
1156 523 1379 579 terram,
1428 527 1536 566 non
1573 512 1731 566 modo
1770 510 2032 581 cognitio,

2138 509 2318 560 πᾶσαν
2348 505 2624 578 ἐκηρύχθη
2663 504 2761 577 τὴν
2807 506 2931 577 γῆν,
2974 507 3033 559 ού
3084 507 3242 577 μόνον
3267 509 3300 579 ἠ
3324 510 3543 577 γνῶσις,
3582 511 3705 566 ἀλλὰ

463 610 553 663 sed
569 609 728 661 etiam
748 606 915 676 gloria
936 605 1216 673 theologia:
1249 605 1421 672 ipsum
1459 603 1751 671 spectantis
1775 601 2032 671 pervasit.

1648 603 1751 657 ntis
1775 601 2032 671 pervasit.
2137 600 2234 653 καὶ
2264 600 2297 670 ἡ
2323 593 2455 662 δόΕᾶ
2476 598 2577 667 τῆς
2607 598 2733 669 περὶ
2764 597 2932 651 αὑτοῦ
2961 598 3254 668 θεολογίας.

538 699 700 753 Vens.
741 698 797 751 4.
834 719 851 749 ι
884 699 949 752 Ει
986 696 1255 752 sublatum
1284 706 1366 750 est
1394 695 1805 763 snperliminare
1828 710 1857 747 a
1882 709 2035 758 voce,

2213 710 2232 743 ι
2264 691 2371 743 Καὶ
2412 688 2623 761 ἐπήρθη
2665 690 2968 761 ὑπέρθυρον
3006 691 3113 744 ἀπὸ
3142 693 3239 762 τῆς
3268 692 3469 762 φωνῆς,
3502 688 3568 763 ἦς
3597 692 3712 746 ἐκέ-

464 808 570 861 qua
601 792 957 846 clamabant:
990 800 1045 845 et
1087 790 1277 843 domus
1319 792 1517 855 repleta
1560 796 1641 842 est
1684 788 1848 840 fumo.
1878 803 1897 837 ι
1942 785 2038 842 llis

2138 801 2366 855 κραγον,
2399 784 2491 837 καὶ
2536 784 2565 835 6
2607 778 2757 845 οἶκος
2804 782 3045 856 ἐπλήσθη
3082 784 3311 837 καπνοῦ.
3346 803 3363 835 ι
3415 786 3712 840 Αίνίττεται

464 879 840 934 subindicatur
870 878 985 932 fore
1014 888 1092 944 ut,
1128 888 1239 931 toto
1273 878 1408 931 orbe
1461 877 1631 948 gloria
1665 875 1780 945 ejus
1811 876 2037 945 repleto,

2108 876 2317 943 τοίνυν
2363 878 2391 928 6
2440 875 2617 943 λόγος,
2663 874 2739 938 ὼς
2777 874 2905 946 ἄρα,
2941 876 3318 947 πληρουμένης
3359 877 3459 947 τῆς
3488 879 3589 948 γῆς
3616 880 3714 949 τῆς

466 964 802 1025 ‘revelaretnr
851 970 894 1023 is
936 968 1120 1036 quieo
1170 968 1224 1021 in
1263 967 1380 1022 loco
1409 973 1626 1032 stabat,
1664 967 1736 1021 ita
1784 977 1864 1033 ut,
1909 968 2040 1022 sub-

2139 964 2297 1036 δόξης
2326 964 2512 1028 αὐτοῦ,
2543 964 2879 1035 γυμνοῦσθαι
2915 965 3139 1035 ἔμελλεν
3163 967 3191 1017 6
3220 967 3277 1018 ἐν
3308 966 3498 1037 ἐκείνῳ
3529 966 3607 1037 τῷ
3632 967 3718 1019 τό-

468 1060 581 1115 lato
623 1060 1020 1129 snperliminari
1047 1097 1064 1124 ,
1103 1059 1494 1128 comprehendi
1542 1068 1726 1130 posset
1770 1077 1783 1112 :
1832 1060 2041 1113 locum-

2144 1074 2250 1128 πῳ,
2284 1057 2359 1120 ὡς
2388 1056 2601 1109 καὶτοῦ
2646 1057 2953 1131 ύπερθύρου
2995 1058 3273 1129 ἀρθέντος,
3305 1059 3716 1130 καταληφθήσε-

468 1167 576 1220 que
621 1152 770 1207 furno
818 1150 1131 1218 replendum
1190 1166 1344 1215 esse,
1408 1151 1516 1221 igni
1578 1152 1834 1206 traditum
1870 1170 1883 1205 :
1915 1167 2039 1205 nam

2144 1147 2291 1212 σθαι,
2343 1147 2549 1201 καπνοῦ
2599 1166 2658 1201 τε
2709 1148 2923 1221 πλήρης
2954 1150 3169 1202 ἔσεσθαι
3199 1149 3521 1220 παραδοθεὶς
3562 1151 3714 1219 πυρί·

469 1246 650 1298 {inuitus
681 1244 817 1310 ignis
847 1245 1061 1313 signum
1102 1254 1208 1297 est.
1252 1243 1347 1299 llis
1374 1260 1503 1314 ergo
1536 1244 1817 1313 Scriptura
1854 1248 2040 1297 incen-

2143 1240 2315 1309 πυρὸς
2347 1240 2456 1313 γὰρ
2507 1244 2729 1312 σημεῖον
2771 1244 2800 1295 6
2852 1242 3075 1305 καπνός.
3127 1242 3371 1313 ᾙνίξατο
3408 1242 3588 1295 τοίνυν
3635 1242 3720 1294 διὰ

470 1337 618 1391 dium
672 1336 791 1388 loco
833 1335 957 1390 huic
992 1346 1313 1391 eventurum
1352 1336 1585 1390 obscure
1644 1337 1845 1389 indicat
1882 1354 1894 1391 :
1932 1351 2041 1404 quo

2142 1334 2347 1388 τούτων
2373 1336 2403 1388 6
2435 1335 2611 1403 λόγος,
2647 1336 2739 1389 τὸν
2768 1335 2861 1387 ἐπὶ
2891 1334 3033 1387 τέλει
3061 1333 3422 1405 κατειληφότα
3444 1334 3534 1387 τὸν
3562 1334 3720 1386 τόπον

469 1439 709 1498 peracto,
738 1428 938 1497 repleta
971 1439 1055 1483 est
1086 1430 1347 1483 universa
1394 1438 1535 1482 terra
1562 1427 1731 1497 gloria
1774 1428 1984 1481 Domini
2022 1446 2037 1481 :

2144 1428 2493 1499 ἐμπρησμόν·
2522 1427 2639 1497 μεθ’
2663 1428 2723 1480 ὃν
2748 1427 3039 1499 ἐπληρώθη
3080 1429 3230 1480 πᾶσα
3263 1428 3296 1497 ἡ
3334 1426 3403 1497 γῆ
3436 1426 3537 1495 τῆς
3568 1426 3724 1495 δόξης

470 1534 576 1573 non
630 1534 732 1573 una
789 1520 950 1572 doino
1004 1529 1061 1573 ut
1110 1530 1295 1582 antea,
1357 1518 1451 1572 sed
1510 1518 1813 1573 innumeris
1871 1519 2045 1574 multo

2144 1518 2370 1589 Κυρίου·
2405 1518 2504 1571 οὑκ
2528 1518 2606 1571 ἔτι
2640 1519 2758 1581 ἐνὸς
2788 1518 2959 1583 οἴκου,
2992 1517 3200 1589 μυρίων
3228 1516 3283 1570 δὲ
3318 1516 3439 1569 καθ’
3466 1517 3599 1588 ὅλην
3628 1516 3727 1588 τὴν

471 1612 937 1680 ιιι-αιειιιιιιίοιίὺυε
966 1628 1065 1679 per
1106 1612 1412 1666 universam
1449 1620 1651 1665 terram
1685 1610 1955 1665 excitatis.

2144 1610 2467 1680 οἰκουμένην
2498 1609 2630 1662 πολὺ
2666 1610 2987 1681 κρειττόνων
3015 1609 3223 1662 ἐκείνου
3253 1609 3584 1662 συστάντων.

543 1705 707 1758 Vens.
748 1703 799 1758 5.
836 1723 853 1755 ι
880 1704 943 1757 Ει
971 1704 1105 1770 dixi,
1135 1702 1178 1759 Ο
1201 1704 1363 1758 miser
1379 1718 1500 1773 ego,
1525 1703 1651 1772 quia
1682 1712 2044 1771 compunctus
2082 1772 2091 1773 ί

2221 1719 2239 1750 ι
2274 1700 2385 1752 Καὶ
2429 1697 2574 1767 εἶπαί
2619 1695 2691 1752 '0
2716 1699 2883 1763 τάλας
2912 1698 3043 1767 ἐγὼ,
3074 1701 3154 1753 ὅτι
3185 1699 3613 1769 κατανένυγμαι,
3647 1700 3728 1751 ὅτι

471 1812 589 1849 sum
621 1795 781 1863 :quia
805 1798 966 1850 homo
990 1812 1111 1851 cmn
1144 1796 1273 1860 sint,
1302 1807 1358 1851 et
1382 1795 1589 1864 impura
1622 1793 1762 1849 labia
1791 1795 2041 1860 habeam,
2076 1824 2077 1827 η

2147 1790 2433 1862 ἄνθρωπος
2474 1790 2549 1844 ὢν
2582 1791 2677 1845 καὶ
2714 1791 3000 1862 ἀκάθαρτα
3022 1791 3091 1844 τά
3119 1792 3271 1862 χείλη
3301 1791 3457 1861 ἔχων,
3484 1794 3542 1844 ἐν
3579 1791 3733 1861 μέσῳ

472 1896 526 1947 in
554 1894 729 1946 medio
756 1892 937 1961 populi
971 1894 1180 1961 impura
1218 1889 1357 1944 labia
1393 1888 1645 1944 habentis
1678 1903 1779 1958 ego
1816 1888 1998 1942 habito
2025 1905 2039 1941 :

2145 1882 2275 1935 λαοῦ
2310 1883 2596 1955 ἀκάθαρτα
2629 1882 2785 1955 χείλη
2826 1883 3036 1953 ἔχοντος
3064 1883 3174 1951 ἐγὼ
3201 1883 3354 1936 οἰκῶ·
3391 1883 3485 1936 καὶ
3514 1883 3608 1935 τὸν
3639 1882 3731 1951 βα-

470 1996 526 2037 et
557 1999 733 2053 regem
770 1984 1053 2038 Dominutn
1096 1981 1334 2037 Sabaoth
1363 1981 1469 2035 vidi
1504 1980 1678 2036 oculis
1722 1981 1876 2034 meis.
1909 1998 1927 2031 ι
1975 1980 2045 2034 Se

2148 1976 2302 2031 σιλέα
2350 1978 2555 2050 Κύριον
2604 1976 2831 2032 Σαϐαὼθ
2882 1973 3017 2029 εἶδον
3045 1978 3155 2039 τοῖς
3190 1976 3490 2047 ὀφθαλμοῖς
3538 1995 3662 2047 μου.
3711 1996 3729 2026 ι

472 2087 650 2131 autem
683 2077 952 2145 impurum
989 2090 1111 2129 esse
1141 2075 1451 2138 conﬁtetur,
1487 2088 1592 2127 non
1626 2072 1806 2125 anima
1833 2112 1847 2135 ,
1874 2088 2046 2140 neque

2158 2071 2441 2141 Ὁμολογεῖ
2488 2071 2544 2123 δὲ
2587 2070 2896 2141 ἀκάθαρτος
2943 2065 3079 2122 εἶναι
3128 2069 3189 2121 ού
3230 2068 3325 2139 τὴν
3368 2068 3564 2139 ψυχὴν,
3616 2067 3734 2120 ἀλλ’

476 2177 587 2222 toto
636 2182 905 2235 corpore,
958 2168 1218 2235 quoniam
1278 2164 1483 2216 nullius
1538 2162 1762 2230 impura:
1817 2162 2045 2214 actionis

2144 2163 2264 2215 οὐδὲ
2295 2163 2355 2213 τὸ
2389 2162 2564 2231 σῶμα·
2602 2162 2724 2213 ἐπεὶ
2749 2161 3017 2231 μηδεμίαν
3048 2159 3227 2229 ἑαυτῷ
3250 2159 3557 2230 ἀκάθαρτον
3590 2161 3734 2230 πρᾶ-

472 2261 575 2316 sibi
603 2259 853 2315 conscius
894 2269 1041 2323 erat;
1082 2258 1177 2313 sed
1209 2257 1325 2313 sola
1366 2254 1469 2310 sibi
1501 2254 1641 2308 labia
1679 2256 1889 2322 impura
1924 2267 2044 2305 esse

2147 2250 2227 2315 ξιν
2264 2250 2497 2321 συνῄδει·
2537 2251 2672 2320 μόνα
2709 2250 2766 2303 δέ
2814 2250 2880 2303 τὰ
2917 2250 3068 2322 χείλη
3120 2251 3403 2322 ἀκάθαρτα
3436 2250 3733 2320 ἐσχηκέναι

474 2350 588 2414 ait,
617 2348 772 2418 quasi
806 2347 1057 2402 videlicet
1086 2347 1351 2416 reliquum
1381 2362 1585 2415 corpus
1611 2359 1665 2399 et
1694 2346 1876 2398 anima
1909 2358 2041 2411 pura

2145 2344 2312 2415 φησι,
2353 2344 2429 2407 ὡς
2490 2344 2583 2397 τοῦ
2631 2344 2819 2397 λοιποῦ
2857 2345 3107 2416 σώματος
3147 2346 3295 2417 αύτῷ
3333 2346 3736 2418 καθαρεύοντος

474 2440 660 2506 fuerit,
697 2439 999 2494 secundum
1029 2436 1182 2503 illud,
1228 2454 1247 2487 ι
1276 2436 1423 2489 Beati
1461 2437 1661 2489 mundo
1681 2436 1865 2498 corde,
1907 2450 2044 2503 quo-

2146 2439 2239 2491 καὶ
2288 2438 2387 2508 τῆς
2431 2437 2627 2507 ψυχῆς,
2673 2438 2814 2491 κατά
2855 2440 2936 2503 τὸ,
2968 2459 2985 2490 ι
3018 2440 3292 2511 Μακάριοι
3321 2440 3371 2491 οἱ
3402 2440 3637 2510 καθαροὶ
3666 2442 3737 2511 τῇ

476 2532 623 2585 niam
683 2530 784 2600 ipsi
837 2528 1006 2584 Deum
1066 2528 1325 2582 videbunt
1371 2526 1437 2580 ‘9.
1473 2544 1493 2579 ι
1547 2526 1717 2581 Labia
1747 2542 1878 2581 vero
1935 2540 2042 2579 non

2147 2530 2362 2601 καρδίᾳ,
2399 2531 2479 2583 ὅτι
2531 2531 2685 2583 αὐτοὶ
2714 2530 2804 2583 τὸν
2850 2532 2979 2584 Θεὸν
3025 2532 3244 2600 ὄψονται
3279 2532 3392 2602 (l2)
3452 2534 3612 2585 »Καὶ
3668 2533 3739 2585 τὰ

476 2622 696 2677 aliunde
748 2622 956 2690 impura
1008 2618 1262 2683 habebat,
1321 2634 1484 2688 quam
1530 2634 1561 2673 a
1598 2618 1873 2687 colloquio
1920 2633 2043 2671 eum

2146 2620 2297 2689 χείλη
2320 2620 2377 2673 δὲ
2404 2618 2686 2691 ἀκάθαρτα
2710 2616 2855 2690 εἶχεν
2877 2623 2977 2674 οὐκ
3006 2621 3243 2687 ἄλλοθεν,
3276 2624 3308 2693 ἢ
3338 2622 3444 2676 ἀπὸ
3468 2622 3569 2692 τῆς
3597 2622 3740 2695 πρὸς

477 2715 707 2785 impuris
754 2712 1064 2769 hominibus
1110 2712 1264 2765 inito.
1312 2709 1446 2764 Nam
1489 2711 1614 2780 quia
1644 2727 1765 2764 cum
1820 2710 2047 2779 impuris

2146 2714 2272 2777 τοὺς
2299 2712 2639 2781 ἀκαθάρτους
2665 2714 2897 2785 ὁμιλίας.
2918 2714 3279 2782 Ἠναγκάζετο
3306 2715 3432 2786 γάρ,
3459 2715 3536 2779 ὼς
3564 2716 3740 2781 εἰκὸς,

474 2806 610 2861 viris
654 2805 993 2868 versabatur,
1046 2819 1232 2857 eorum
1292 2803 1641 2873 improbitate
1692 2802 1852 2872 digna
1884 2801 2046 2857 verba

2148 2806 2475 2876 ἀκαθάρτοις
2522 2807 2745 2877 ἀνδράσι
2786 2808 3153 2879 προσομιλῶν,
3189 2807 3313 2872 ἄξια
3364 2808 3463 2878 τῆς
3508 2808 3742 2860 ἐκείνων

476 2899 728 2968 proferre
753 2905 999 2955 coactus.
1041 2896 1165 2951 inde
1196 2896 1354 2951 labiis
1387 2896 1632 2963 impurus
1658 2904 1798 2949 erat.

2150 2898 2482 2968 φθέγγεσθαι
2512 2898 2832 2969 μοχθηρίας,
2866 2899 2933 2951 δι’
2964 2894 3039 2953 ὧν
3071 2899 3359 2969 ἐμολύνετο
3384 2901 3451 2953 τά
3483 2899 3662 2970 χείλη.

554 2985 712 3040 Vens.
754 2986 806 3049 6,
850 2984 901 3038 7.
930 3004 947 3035 ι
975 2984 1038 3037 Et
1068 2986 1264 3039 missus
1297 2996 1380 3040 est
1414 2985 1480 3038 ad
1506 3000 1594 3041 me
1634 3002 1774 3039 unus
1798 2986 1864 3040 de
1894 3000 2047 3041 sera-

2228 3010 2245 3042 t
2279 2993 2385 3044 Kal
2413 2991 2691 3063 ἀπεστάλη
2725 2993 2860 3063 πρὸς
2895 2992 2965 3061 μὲ
3003 2991 3059 3043 ἓν
3104 2992 3212 3044 τῶν
3252 2992 3512 3064 σεραιρὶμ,
3545 2996 3645 3047 καὶ
3682 2995 3743 3046 ἐν

476 3078 648 3148 phim,
677 3086 728 3129 et
752 3076 802 3129 in
830 3091 988 3129 manu
1010 3092 1102 3130 sua
1128 3076 1359 3131 habebat
1382 3079 1669 3133 carbonem
1694 3077 1857 3147 ignis,
1886 3093 2044 3147 quem
2071 3126 2082 3172 ⁴

2153 3079 2217 3147 τῇ
2244 3079 2389 3149 χειρὶ
2412 3078 2575 3131 αὐτοῦ
2596 3077 2737 3150 εἶχεν
2764 3079 3009 3150 ἄνθρακα
3034 3081 3223 3152 πυρὸς,
3249 3081 3306 3133 ὃν
3333 3084 3397 3151 τῇ
3419 3081 3591 3135 λαόίδι
3614 3082 3744 3135 ἔλας-

477 3168 681 3236 forcipe
732 3168 928 3221 tulerat
957 3168 1023 3223 de
1051 3168 1206 3222 altari
1243 3186 1257 3221 :
1292 3178 1345 3223 et
1375 3169 1546 3239 tetigit
1590 3169 1735 3222 labia
1788 3184 1926 3221 mea.
1983 3168 2048 3221 Et
2078 3168 2083 3173 ’

2154 3170 2247 3221 ϐεν
2280 3170 2388 3222 ἀπὸ
2418 3170 2512 3223 τοῦ
2549 3170 2953 3241 θυσιαστηρίου,
3002 3173 3091 3224 καί
3122 3172 3298 3242 ἥψατο
3322 3173 3391 3225 τά
3421 3173 3573 3244 χείλη
3609 3192 3743 3245 μου.

478 3259 635 3322 dixit,
681 3258 820 3312 Ecce
850 3257 1023 3328 tetigit
1057 3259 1157 3313 hoc
1189 3258 1328 3313 labia
1365 3268 1475 3312 tua.
1507 3277 1527 3310 ι
1584 3258 1731 3312 Talis
1769 3268 1851 3312 est
1884 3258 2048 3312 carbo

2152 3262 2263 3314 Καὶ
2317 3258 2456 3313 εἷπε·
2526 3262 2654 3315 Ἰδοὺ
2699 3262 2875 3332 ἥψατο
2925 3262 3080 3315 τοῦτο
3122 3263 3228 3314 τῶν
3277 3264 3495 3332 χειλέων
3546 3282 3666 3318 σου.
3722 3285 3741 3317 ι

481 3352 671 3406 altaris
702 3367 716 3403 :
745 3366 809 3403 ac
860 3350 1095 3405 fortasse
1142 3350 1385 3406 clemens
1441 3351 1528 3405 ille
1574 3351 1832 3405 Dominus
1878 3351 2047 3404 altare

2152 3352 2403 3414 Τοιοῦτός
2458 3353 2604 3405 ἐστιν
2630 3354 2657 3404 6
2684 3353 2889 3424 ἄνθραξ
2916 3354 3009 3405 τοῦ
3030 3353 3432 3423 θυσιαστηρίου,
3463 3353 3603 3423 τάχα
3633 3372 3747 3407 που

478 3457 634 3494 stnnn
672 3440 1008 3494 Salutaribns
1041 3439 1348 3508 bujusmodi
1400 3456 1464 3494 ac
1508 3439 1869 3509 purgantibus
1923 3454 2046 3493 car-

2152 3447 2243 3501 τοῦ
2278 3446 2652 3518 φιλανθρώπου
2700 3448 2903 3519 Κυρίου
2940 3448 3269 3519 πληροῦντος
3306 3449 3365 3501 τὸ
3408 3449 3599 3501 ἑαυτοῦ
3648 3448 3746 3501 θυ-

480 3535 709 3589 bonihus
749 3534 938 3601 replet.
972 3534 1155 3599 Quare
1184 3535 1388 3590 dictum
1425 3542 1507 3587 est
1533 3534 1725 3588 alicubi
1769 3534 1835 3599 ",
1873 3551 1891 3583 ι
1915 3532 2049 3586 Car-

2156 3542 2464 3611 σιαστήριον
2491 3540 2745 3594 τοιούτων
2770 3540 2931 3593 τινῶν
2958 3541 3237 3612 σωτηρίων
3268 3542 3360 3593 καὶ
3387 3541 3751 3611 καθαρτικῶν

478 3630 648 3684 hones
697 3628 945 3684 succensi
999 3639 1127 3683 sunt
1166 3628 1234 3682 ab
1277 3642 1362 3682 eo.
1396 3646 1413 3678 ι
1466 3627 1714 3695 Deosque
1755 3626 1867 3694 ipse
1909 3627 2048 3694 apud

2154 3631 2457 3702 ἀνθράκων.
2494 3633 2583 3685 Διὸ
2612 3632 2855 3692 λέλεκταί
2880 3649 2999 3685 που·
3040 3653 3058 3683 ι
3089 3632 3388 3703 Ἀνθρακες
3416 3632 3752 3703 ἀνήφθησαν

480 3721 718 3791 Moysem
759 3722 900 3790 ignis
958 3734 1290 3774 consumens
1357 3720 1535 3774 dictus
1588 3728 1721 3774 est:
1762 3729 1926 3787 atque
1997 3719 2048 3771 in

2154 3724 2248 3775 ἀπ’
2280 3724 2463 3777 αὑτοῦ.
2506 3743 2524 3775 ι
2580 3724 2687 3777 Καὶ
2714 3727 2741 3777 6
2777 3725 2908 3788 Θεὸς
2933 3725 2988 3777 δὲ
3024 3725 3182 3787 αὐτὸς
3208 3725 3355 3793 παρὰ
3385 3726 3587 3794 Μωῦσῇ
3629 3724 3754 3797 πῦρ

484 3810 796 3878 Evangeliis
850 3811 1109 3864 Servator
1156 3809 1358 3862 dicitur
1410 3808 1695 3877 baptizare
1740 3808 1791 3862 in
1847 3808 2049 3877 Spiritu

2156 3816 2545 3869 καταναλίσκον
2580 3817 2811 3887 εἴρηται·
2842 3818 2933 3869 καὶ
2958 3816 3145 3888 Σωτὴρ
3178 3817 3234 3868 ἐν
3260 3816 3609 3885 Εὑαγγελίοις
3644 3817 3755 3887 βαο

480 3910 670 3956 sancto
705 3909 759 3953 et
814 3899 959 3969 igne.
998 3898 1090 3953 His
1140 3914 1301 3969 porro
1334 3900 1587 3954 omnibus
1608 3902 1921 3967 edocemur,
1960 3915 2052 3954 ne-

2156 3908 2343 3960 πτίσαι
2384 3909 2440 3961 ἐν
2486 3909 2763 3979 Πνεύματι
2806 3911 2946 3981 ἁγίῳ
2987 3911 3081 3964 καὶ
3128 3912 3262 3982 πυρὶ
3297 3910 3751 3991 μεμαρτύρηται·

481 3992 679 4045 minem
707 4005 883 4060 posse,
918 3986 1023 4045 nisi
1059 4005 1154 4059 per
1184 3989 1430 4045 divinum
1453 3990 1651 4061 ignem,
1676 3991 2049 4045 remissionem

2155 3998 2242 4052 διὰ
2272 4000 2476 4054 τούτων
2507 4002 2762 4055 ἁπάντων
2795 4003 3139 4065 παιδεύοντος
3168 4004 3315 4073 ἡμᾶς
3337 4003 3429 4055 τοῦ
3467 3986 3627 4070 λόγου
3672 4004 3755 4077 μὴ

484 4094 833 4155 peccatorum
880 4083 1163 4153 consequi.
1216 4082 1434 4149 ,Merito
1483 4083 1669 4153 itaque
1728 4092 1910 4138 tantus
1964 4082 2053 4173 ille

2156 4092 2329 4156 ἄλλως
2372 4093 2629 4148 δύνασθαί
2656 4111 2778 4149 τινα
2824 4098 3005 4166 τυχεῖν
3050 4097 3293 4163 ἀφέσεως
3328 4096 3757 4166 ἁμαρτημάτων

482 4176 739 4247 propheta
797 4179 1033 4231 carbone
1088 4177 1230 4244 ignis
1276 4186 1553 4247 purgatur.
1608 4178 1864 4242 Qumnam
1920 4190 2057 4231 vero
2156 4184 2190 4254 ἦ
2238 4185 2325 4239 διὰ
2368 4186 2461 4240 τοῦ
2488 4186 2630 4240 θείου
2664 4188 2853 4258 πυρός.
2906 4188 3143 4250 Εἰκότως
3166 4184 3256 4241 οῦν
3286 4188 3379 4240 καὶ
3422 4191 3450 4240 6
3488 4190 3760 4253 τοσοῦτος

485 4268 804 4337 iniquitates
858 4278 912 4322 et
951 4279 1173 4337 peccata
1230 4268 1555 4324 auferuntur
1595 4269 1663 4323 ab
1704 4282 1787 4331 eo,
1838 4268 1940 4321 nisi
1989 4284 2051 4321 ea

2158 4279 2444 4349 προφήτης
2473 4280 2539 4331 δι’
2571 4279 2842 4350 ἄνθρακος
2890 4280 3056 4350 πυρὸς
3106 4279 3439 4350 καθαίρεται.
3486 4281 3663 4345 Ποίας
3698 4284 3761 4336 δὲ

482 4362 682 4430 quibus
736 4359 937 4430 repleta
1000 4360 1139 4414 labia
1200 4375 1296 4413 sua
1361 4375 1483 4415 esse
1534 4359 1871 4414 conﬁtetur?
1924 4359 2054 4414 Post

2157 4367 2384 4438 ἀνομίας
2412 4371 2503 4423 καὶ
2534 4370 2803 4439 ἁμαρτίας
2851 4369 3159 4439 ἀφαιρεῖται
3187 4368 3218 4438 ἢ
3253 4364 3325 4422 ὧν
3352 4370 3419 4422 τὰ
3454 4370 3604 4441 χείλη
3646 4374 3759 4425 αὑ-

486 4464 761 4525 peractam
801 4469 931 4508 vero
978 4468 1163 4508 eorum
1192 4451 1601 4522 purgationem,
1651 4462 2053 4520 consequenter
2086 4472 2092 4528 1

2157 4456 2250 4508 τοῦ
2286 4457 2669 4529 πεπληρῶσθαι
2698 4458 2978 4529 όμολογεῖ;
3009 4458 3160 4511 Μετὰ
3186 4459 3241 4511 δὲ
3272 4459 3371 4531 τὴν
3403 4460 3607 4513 τούτων
3644 4465 3762 4516 κά-

485 4564 615 4603 \°oce
647 4547 886 4603 sedentis
926 4546 979 4600 in
1017 4545 1206 4599 throno
1244 4544 1513 4614 dignatur,
1561 4557 1664 4613 qua
1703 4543 1938 4599 dicitur:

2160 4548 2372 4620 θαρσιν,
2398 4549 2700 4614 ἀκολούθως
2732 4551 2826 4603 καὶ
2856 4554 3004 4621 φωνῇ
3035 4549 3277 4615 ἀξιοῦται
3304 4552 3396 4605 τοῦ
3430 4554 3764 4625 καθημένου

2161 4642 2254 4694 ἐπὶ
2283 4642 2493 4712 θρόνου,
2524 4642 2806 4713 λεγούσης·

563 4733 719 4789 Vens.
763 4734 817 4787 8.
862 4749 881 4783 ι
906 4732 1074 4798 Quem
1108 4726 1365 4784 mittam?
1404 4728 1469 4782 Ει
1491 4728 1612 4795 quis
1639 4728 1737 4783 ibit
1779 4732 1845 4783 ad
1879 4744 2050 4798 popu-

2240 4752 2258 4783 ι
2289 4732 2420 4784 Τίνα
2443 4732 2757 4798 ἀποστελῶ;
2811 4734 2920 4787 Καὶ
2962 4733 3047 4797 τίς
3092 4733 3416 4805 πορεύσεται
3464 4734 3602 4805 πρὸς
3657 4736 3765 4790 τὸν

486 4824 593 4879 hnn
622 4823 803 4878 hunc?
841 4823 904 4877 Et
932 4823 1067 4885 dixi,
1095 4823 1231 4878 Ecce
1259 4838 1386 4895 ego,
1409 4822 1561 4877 mitte
1585 4838 1724 4879 me.»
1759 4821 1872 4877 Hac
1897 4838 2050 4890 voce,

2164 4827 2290 4879 λαὸν
2316 4826 2537 4893 τοῦτον;
2585 4829 2695 4881 Καὶ
2737 4822 3033 4881 εἶπα-Ἰδοὺ
3081 4827 3211 4897 ἐγὼ,
3238 4828 3552 4882 ἀπόστειλον
3586 4846 3683 4899 με.
3736 4849 3758 4881 ι

485 4917 956 4986 qnzeintermedia
1012 4917 1184 4984 posita
1234 4926 1334 4979 est,
1386 4917 1660 4986 prophetae
1714 4915 2051 4973 alacritatem

2174 4918 2489 4991 Ἐδοκίμαζε
2514 4922 2571 4973 δὲ
2596 4922 2702 4993 ἄρα
2728 4921 2949 4994 τοιαύτη
2966 4923 3114 4991 φωνῇ
3143 4921 3323 4991 μέσως
3352 4918 3621 4991 ἀφειμένη
3649 4920 3768 4993 τὴν

486 5016 748 5076 expertus
780 5015 882 5073 est,
925 5018 985 5062 ut
1014 5008 1059 5063 is
1088 5006 1169 5061 vel
1214 5007 1555 5063 bonisaltetn
1606 5006 1865 5077 propositi
1905 5021 2052 5061 mer-

2160 5012 2253 5065 τοῦ
2299 5014 2575 5083 προφήτου
2612 5013 2938 5085 προθυμίαν,
2971 5013 3046 5076 ὡς
3072 5012 3137 5066 ἀν
3172 5012 3271 5082 τῆς
3309 5011 3516 5082 ἀγαθῆς
3548 5029 3764 5083 προαι-

486 5098 671 5153 ccdem
739 5100 1026 5171 reciperet.
1089 5098 1494 5166 Quamobrem,
1567 5113 1673 5153 non
1735 5097 2053 5169 imperantis

2164 5106 2364 5176 ρέσεως
2418 5106 2603 5176 μισθὸν
2644 5107 2929 5178 κτήσηται.
2966 5105 3054 5159 Διὸ
3098 5107 3156 5159 ού
3206 5103 3619 5177 προστακτικῶς
3655 5107 3768 5158 αύ-

488 5206 641 5246 more
680 5191 853 5261 ipsum
897 5194 1058 5264 jussit
1110 5193 1293 5257 abire,
1349 5193 1444 5248 sed
1483 5194 1535 5249 in
1586 5191 1762 5247 medio
1784 5194 2054 5248 sermonis

2162 5194 2252 5248 τὸν
2281 5196 2564 5250 ἐκέλευσεν
2589 5196 2826 5252 ἀπιέναι·
2857 5196 3037 5269 μέσως
3062 5196 3117 5249 δὲ
3146 5195 3349 5268 ἠρώτα,
3383 5195 3466 5259 τίς
3498 5194 3582 5267 είη
3605 5195 3768 5249 ἕτοι-

490 5285 813 5354 iuterrogat,
840 5288 963 5354 quis
989 5288 1061 5341 sit
1091 5286 1158 5341 ad
1187 5286 1238 5341 id
1282 5286 1548 5355 agendum
1587 5296 1831 5356 paratus.

1149 5286 1158 5340 ι
1187 5286 1238 5341 id
1282 5286 1548 5355 agendum
1587 5296 1831 5356 paratus.
2167 5305 2265 5360 μος
2296 5288 2454 5343 τοῦτο
2478 5291 2755 5361 πράττειν.

561 5375 725 5431 Vens.
767 5377 819 5431 9.
867 5394 887 5429 ι
914 5376 975 5434 Et
1019 5379 1187 5447 dixit,
1218 5379 1387 5447 Vade,
1445 5388 1499 5434 et
1551 5379 1639 5435 dic
1668 5379 1863 5449 populo
1895 5379 2055 5435 huic:

2240 5399 2260 5433 ι
2292 5382 2401 5435 Καὶ
2449 5378 2587 5436 εἶπε·
2635 5382 2957 5455 Πορεύθητι,
2987 5382 3077 5436 καὶ
3106 5376 3255 5435 εἷπον
3283 5380 3361 5451 τῷ
3400 5377 3512 5450 λαῷ
3542 5377 3759 5451 τούτῳ·

490 5469 691 5529 Audita
721 5469 951 5525 audietis
1001 5479 1055 5526 et
1087 5487 1191 5526 non
1226 5472 1572 5542 intelligetis;
1608 5482 1664 5528 et
1689 5472 2042 5543 reSpicientes

2164 5472 2327 5545 ’Δκοῇ
2375 5472 2635 5527 ἀκούσετε
2662 5512 2676 5537 ,
2728 5474 2821 5529 καὶ
2854 5474 2916 5527 οὐ
2952 5472 3025 5543 μὴ
3074 5472 3288 5543 συνῆτε·
3317 5471 3410 5524 καὶ
3454 5468 3764 5541 βλέποντες

563 5656 608 5688 δ’
640 5656 828 5711 Matth.
870 5671 921 5722 ν,
947 5658 1003 5711 8.
1077 5656 1122 5687 ⁸ο
1147 5655 1288 5711 Psal.
1314 5674 1447 5723 xui.
1474 5661 1527 5714 9.

576 5750 689 5819 (l2)
749 5752 872 5807 llmc
926 5753 1062 5821 apud
1110 5750 1493 5821 Hieronymum
1531 5755 1796 5811 habentur
1823 5757 1873 5811 in
1920 5759 2061 5813 hunc
2101 5760 2295 5815 locum.
