4068 6198
298 272 401 327 129

1280 256 1789 316 COMMENTARIA
1826 259 1895 315 IN
1931 260 2186 317 ISAIAM.
2227 294 2298 305 —
2333 262 2485 321 CAP.
2527 263 2615 322 Vl.

3463 260 3570 315 £50

301 380 557 454 βλέψετε,
590 378 683 431 καὶ
719 378 781 430 οὑ
823 375 902 447 μὴ
934 373 1103 445 ἴδητε.
1146 391 1166 425 ι
1219 374 1352 427 Τίνα
1380 375 1437 427 δὲ
1469 375 1754 446 βλέποντες
1786 375 1894 446 βλέ-

2007 378 2333 447 respicietis,
2380 391 2434 435 et
2474 398 2579 438 non
2626 382 2898 438 videbitis.
2930 400 2952 435 ι
3012 380 3270 448 Quaenam
3322 377 3569 432 videntes

304 476 495 546 ψουσι,
542 472 635 525 καὶ
676 472 817 533 τίνος
868 470 1007 539 ἀκοῇ
1056 466 1402 530 ἀκούσονται,
1437 468 1499 520 ού
1530 468 1894 539 παρέστησεν

311 569 450 640 ἡμῖν
472 563 773 618 καταλιπὼν
802 563 1029 615 σκοπεῖν
1058 563 1122 615 ἐκ
1138 560 1238 631 τῆς
1250 559 1345 613 τοῦ
1372 560 1530 628 λόγου
1558 560 1895 627 ἀκολουθίας,

316 656 577 724 λεγούσης
604 655 703 715 ὅτι,
734 652 942 706 Τοῦτον
967 652 1027 705 ὃν
1063 652 1127 705 σὺ
1177 650 1428 704 τεθέασαι
1460 651 1685 723 Κύριον,
1716 653 1809 708 καὶ
1839 652 1899 707 ὃν

322 754 433 813 τοῖς
456 753 555 812 σοῖς
576 747 877 818 ὀφθαλμοῖς
917 742 1078 809 εἶδες,
1113 739 1158 798 ὧ
1205 745 1480 816 προφῆτα,
1506 744 1695 798 τοῦτον
1740 748 1833 800 καὶ
1870 750 1898 801 ὁ

326 842 445 903 leo;
471 833 611 902 οὗτός
640 856 784 891 ποτε
819 836 1033 905 casm-
1063 834 1202 888 ἀλλὰ
1227 834 1319 887 καὶ
1349 834 1449 905 τῆς
1494 834 1677 904 φωνῆς
1705 831 1776 905 ἦς
1804 835 1898 889 ἐπὶ

326 932 411 984 τοῦ
446 932 699 1002 παρόντος
730 930 1004 1000 ἀκήκοας,
1039 927 1402 979 ἐπακούσεται
1448 925 1626 997 καιρῷ
1656 944 1761 980 τινι
1802 929 1897 981 καὶ

322 1022 483 1084 αὐτὸς,
521 1024 580 1074 ού
609 1021 719 1091 μὴν
753 1020 849 1072 καὶ
878 1019 1122 1087 συνήσει,
1147 1016 1268 1071 οὑδέ
1300 1016 1587 1084 γνώσεται,
1614 1019 1734 1071 οὑδὲ
1770 1019 1893 1089 βου-

313 1114 521 1183 λήσεται
572 1112 742 1166 αὑτοῦ
792 1111 893 1182 τὴν
928 1110 1090 1181 χάριν
1137 1108 1560 1180 παραδέξασθαι.
1615 1112 1809 1180 Σαφῶς
1838 1113 1895 1165 δὲ

308 1202 392 1255 διά
421 1200 620 1255 τούτων
645 1201 746 1272 τὴν
779 1202 861 1263 εἰς
898 1196 1222 1269 ἀνθρώπους
1249 1197 1413 1251 αὑτοῦ
1443 1199 1745 1271 παρουσίαν
1773 1201 1894 1272 ἐδή-

309 1294 416 1348 λου.

380 1407 400 1440 ι
441 1386 751 1457 Ἐπαχύνθη
789 1384 899 1456 γὰρ
941 1386 975 1455 ἡ
1027 1384 1219 1455 καρδία
1249 1383 1343 1436 τοῦ
1381 1383 1510 1436 λαοῦ
1541 1386 1751 1448 τούτου,
1798 1386 1893 1437 καὶ

311 1486 419 1545 τοῖς
444 1482 573 1534 ὠσὶν
594 1480 773 1533 αὑτῶν
798 1479 1011 1550 βαρέως
1032 1479 1292 1548 ἤκουσαν,
1320 1478 1557 1540 καὶτοὺς
1584 1477 1894 1548 ὀφθαλμοὺς

317 1575 487 1628 αἰτῶν
530 1575 874 1644 ἐκάμμυσαν,
913 1570 1127 1641 μήποτε
1167 1568 1316 1621 ἴδωσι
1367 1571 1478 1631 τοῖς
1517 1568 1831 1640 ὀρθαλμοῖς.
1869 1589 1886 1620 ι

330 1665 390 1716 ’0
426 1664 521 1732 μὲν
549 1663 651 1733 γὰρ
676 1660 887 1731 Σωτὴρ,
918 1660 1015 1713 ἅτε
1050 1658 1164 1727 φῶς
1193 1658 1473 1728 ὑπάρχων,
1508 1659 1724 1713 πάντων
1751 1659 1893 1728 ἐφώ-

327 1752 440 1815 τιζε
480 1753 573 1815 τὰς
598 1753 789 1822 ψυχας·
836 1752 909 1814 ὼς
940 1751 1037 1803 καὶ
1074 1749 1294 1818 τυφλοῖς
1336 1748 1396 1801 τὸ
1430 1748 1646 1819 βλέπειν
1675 1749 1893 1822 χαρίζε-
1924 1734 1967 1789 Β

339 1842 479 1895 σθαι·
524 1844 569 1894 οἱ
600 1842 655 1893 δὲ
681 1844 804 1904 τοὺς
828 1840 1132 1911 ὀφθαλμοὺς
1166 1838 1351 1911 ἕμυον,
1382 1839 1520 1892 ὥστε
1547 1840 1622 1911 μὴ
1656 1840 1893 1910 βλέπεινο

340 1935 437 1987 καλ⁵
464 1933 595 1987 οὑτω
626 1933 900 2003 βλέποντες
923 1934 1017 1986 οὑκ
1042 1931 1284 1985 ἔϐλεπον.
1319 1933 1484 1985 Ὅταν
1542 1932 1650 2003 γάρ
1676 1949 1779 1996 τις,
1807 1934 1894 1985 ἐν-

344 2026 587 2088 ατενίσας
602 2027 695 2078 καὶ
721 2025 950 2096 ἀκριϐῶς
971 2024 1321 2095 θεασάμενος,
1342 2024 1589 2096 ὑπερίδῃ,
1607 2025 1700 2079 καὶ
1724 2042 1895 2078 κατα-

348 2119 575 2190 φρονήσῃ
600 2116 690 2168 τοῦ
719 2116 1002 2185 ὁρωμένου,
1050 2116 1085 2186 ἢ
1141 2115 1287 2187 μύσῃ
1331 2114 1401 2168 τά
1450 2115 1673 2186 ὄμματα
1722 2133 1893 2187 προσ-

341 2208 641 2279 ποιούμενος
682 2209 755 2279 μὴ
803 2208 1120 2279 ἑωρακέναι,
1154 2210 1273 2262 τότε
1304 2208 1514 2278 βλέπων
1538 2208 1638 2262 οὑκ
1667 2204 1795 2262 εἶδε.
1822 2210 1896 2263 Τὸ

329 2301 426 2371 μὲν
454 2299 541 2355 οὖν
565 2301 755 2372 βλέψαι
786 2301 1026 2371 ὑπῆρξεν
1070 2302 1254 2364 αὑτοῖς
1290 2302 1397 2355 ἀπὸ
1421 2302 1520 2371 τῆς
1554 2301 1773 2372 χάριτος
1799 2301 1893 2355 τοῦ

320 2393 585 2463 ὀφθέντος
617 2394 678 2447 τὸ
704 2393 760 2447 δὲ
802 2392 875 2465 μὴ
906 2395 1035 2447 ίδείν
1062 2393 1406 2465 συμϐέϐηκεν
1444 2395 1554 2448 ἀπὸ
1579 2394 1672 2447 τοῦ
1697 2395 1895 2459 αὐτοὺς

322 2485 480 2555 μῦσαι
501 2487 623 2548 τοὺς
646 2485 858 2537 ἑαυτῶν
878 2483 1211 2554 ὀφθαλμοὺς,
1236 2486 1329 2538 καὶ
1356 2487 1788 2558 προσποιηθῆναι
1819 2488 1895 2559 μὴ

319 2576 547 2645 βλέπειν.
575 2576 734 2629 υῦτω
758 2576 817 2629 δὲ
851 2578 947 2630 καὶ
971 2578 1110 2647 ἀκοῇ
1140 2577 1328 2630 ἀκούει
1356 2595 1460 2642 τις,
1490 2580 1584 2632 καὶ
1610 2578 1770 2632 πάλιν
1795 2581 1894 2633 οὑκ

313 2667 514 2719 ἀκούειν
546 2668 768 2720 ἐπειδὰν
799 2669 875 2739 μὴ
908 2671 1038 2739 συνῇ
1069 2669 1136 2722 τὰ
1178 2668 1465 2739 λεγόμενα,
1500 2670 1534 2741 ἢ
1571 2671 1698 2725 ὅταν
1722 2689 1896 2743 παρα-

314 2763 441 2832 κούῃ
485 2763 582 2814 καὶ
615 2764 933 2833 καταφρονῇ
977 2761 1086 2813 τῶν
1132 2760 1457 2831 λεγομένων.
1510 2762 1803 2833 Συμϐαίνει
1836 2763 1894 2817 δέ

313 2853 486 2917 τοῦτο,
521 2856 741 2908 ἐπειδάν
792 2871 880 2916 τις
929 2854 999 2907 τὰ
1046 2848 1157 2908 ὦτα
1205 2855 1398 2910 ἑαυτοῦ
1443 2856 1669 2929 βαρύνῃ,
1706 2856 1893 2930 ῶσπερ

315 2940 633 3008 ἀποφράξας
672 2942 767 2994 καὶ
799 2942 1184 3011 ἀποκωφώσας
1231 2945 1390 2999 αὑτά.
1442 2944 1604 2999 Ταῦτ’
1644 2942 1737 2999 οὑν
1778 2946 1895 2999 ἔσε-

318 3028 442 3082 σθαι
471 3032 595 3098 περὶ
622 3032 711 3085 τὸν
736 3033 846 3086 τῶν
879 3035 1147 3089 Ἰουδαίων
1169 3036 1296 3091 λαὸν
1322 3039 1354 3109 ἡ
1385 3037 1534 3109 φωνὴ
1563 3037 1656 3090 τοῦ
1685 3039 1890 3110 Κυρίου

316 3121 623 3177 ἐθέσπισεν.
666 3125 996 3197 Ἐπληροῦτο
1025 3127 1081 3179 δέ
1121 3128 1180 3181 τὸ
1220 3128 1379 3200 ἔργον
1421 3129 1512 3182 ἐπὶ
1542 3129 1640 3201 τῆς
1665 3128 1758 3181 τοῦ
1788 3130 1891 3183 Σω-

313 3213 485 3285 τῆρος
517 3216 667 3288 ἡμῶν
701 3219 1011 3290 ἐπιδημίας,
1054 3220 1174 3273 καθ’
1202 3222 1288 3292 ῆν,
1326 3222 1569 3293 παρόντα
1608 3223 1769 3275 αὑτὸν
1796 3224 1893 3291 όφ-

315 3306 543 3377 θαλμοίς
564 3309 811 3379 ὁρῶντες,
837 3312 939 3364 οὑκ
961 3312 1206 3374 ἔϐλεπον,
1238 3314 1334 3366 καὶ
1356 3312 1676 3368 διδάσκοντα
1707 3313 1775 3367 τὰ
1801 3332 1893 3385 μυ-

308 3400 511 3471 στήρια
538 3402 637 3472 τῆς
667 3401 938 3471 βασιλείας
965 3404 1025 3456 οὑ
1058 3406 1313 3477 συνῆκαν.

380 3512 399 3543 ‹
434 3493 546 3545 Καὶ
596 3489 747 3547 εἶπα·
800 3495 945 3559 Ἕως
972 3496 1125 3563 πότε,
1160 3496 1366 3569 Κύριε;
1407 3498 1517 3552 Καὶ
1542 3494 1711 3554 εἴπεν·
1749 3500 1892 3564 Ἕως

305 3584 373 3637 ἂν
396 3585 731 3657 ἐρημωθῶσι
750 3588 953 3657 πόλεις,
980 3608 998 3640 ι
1035 3592 1130 3643 καὶ
1155 3590 1223 3643 τὰ
1247 3590 1394 3661 ἑξῆς.
1429 3593 1539 3646 Καὶ
1564 3592 1726 3665 μέχρι
1750 3591 1893 3656 τίνος

304 3678 616 3750 παρατείνῃ
643 3680 705 3731 τὸ
730 3679 1103 3751 ἀρρώστημα;
1142 3683 1250 3734 Καὶ
1278 3684 1453 3754 ἐρωτᾷ
1473 3682 1664 3752 λέγων·
1698 3702 1717 3734 ι
1748 3684 1892 3745 Ἕως

306 3770 472 3831 πότε,
490 3769 660 3841 Κύριε
678 3788 693 3835 ;
718 3790 735 3822 ›
755 3772 809 3824 τί
841 3773 948 3845 γὰρ
965 3774 1117 3827 ἔσται
1144 3775 1294 3839 τέλος
1317 3776 1417 3847 τῆς
1444 3776 1701 3848 τοιαύτης
1717 3775 1892 3829 αὐτῶν

311 3860 577 3930 amata;
606 3862 718 3932 (l5)
740 3880 755 3927 ;
795 3865 1054 3935 Σημαίνει
1079 3862 1172 3919 οὖν
1191 3866 1277 3921 διὰ
1304 3867 1508 3922 τούτων
1533 3869 1631 3940 τὴν
1648 3867 1895 3923 ἐπελθοῦ-

308 3968 417 4004 σαν
435 3952 651 4023 πρώτην
682 3954 787 4006 ὑπὸ
823 3954 1105 4025 Ῥωμαίων
1126 3956 1367 4029 τῷτόπῳ
1393 3958 1727 4031 πολιορκίαν,
1756 3958 1894 4028 μετά

305 4048 380 4100 τὲ
402 4047 550 4101 κατὰ
572 4049 665 4102 τοῦ
690 4050 939 4121 Σωτῆρος
968 4051 1149 4115 αὑτοῖς
1168 4051 1529 4123 τολμηθέντα,
1556 4053 1676 4106 καθ’
1697 4055 1763 4124 ἢν
1785 4052 1892 4105 τῶν

322 4141 594 4193 Ἰουδαίων
617 4140 863 4194 πλεῖσται
890 4140 1073 4204 πόλεις
1096 4143 1186 4194 ἐπὶ
1214 4143 1610 4214 αὐτοκράτορος
1640 4145 1890 4197 υὺεσπα-

312 4232 501 4284 σιανοῦ
544 4231 832 4305 δῃωθεῖσαι
860 4233 1085 4304 ἀφανεῖς
1110 4234 1387 4298 παντελῶς
1413 4234 1771 4306 κατέστησανσ
1817 4235 1893 4300 ῶς

314 4325 451 4395 μηδὲ
482 4326 703 4396 μνήμην
728 4324 905 4379 αὑτῶν
936 4325 1072 4397 μηδέ
1095 4326 1262 4398 ὄνομα
1288 4326 1712 4400 περιλείπεσθαι.
1739 4326 1894 4381 οὕτω

2001 468 2285 536 videbunt,
2313 481 2367 526 et
2394 489 2645 542 quaenam
2679 476 2865 529 auditu
2903 472 3147 537 audient,
3188 486 3295 525 non
3328 468 3569 523 declara-

1998 562 2100 625 vit,
2130 561 2181 616 id
2210 562 2667 621 considerandum
2711 566 2869 621 nobis
2898 564 3211 633 relinquens
3258 576 3321 616 ex
3359 574 3570 614 sermo-

1998 651 2085 705 nis
2122 651 2284 718 serie,
2309 668 2429 723 quae
2456 655 2537 710 sic
2563 656 2729 711 habet
2765 672 2778 708 :
2808 656 2978 722 Quem
3011 664 3064 708 tu
3109 651 3340 706 intueris
3378 650 3567 705 Domi-

1998 758 2147 807 num,
2182 754 2238 798 et
2278 760 2439 816 quem
2470 747 2603 817 ipsis
2640 747 2810 803 oculis
2846 747 3013 813 vides,
3043 761 3075 800 o
3106 744 3388 816 propheta,
3424 743 3573 796 hum:

1998 843 2052 887 et
2078 834 2163 889 hic
2195 837 2424 905 populus
2449 838 2738 906 aliquando
2762 837 2968 892 videbit
2992 852 3008 903 ;
3042 836 3136 891 sed
3162 836 3324 889 etiam
3357 848 3568 893 vocem,

1998 941 2158 995 quam
2203 937 2255 983 tu
2291 929 2346 983 in
2401 931 2654 999 praesenti
2719 929 2999 994 audivisti,
3053 936 3108 983 et
3163 928 3277 996 ipse
3331 925 3564 994 quodam

1999 1029 2238 1090 tempore
2268 1021 2451 1076 audiet
2485 1040 2499 1076 :
2532 1037 2707 1093 neque
2736 1030 2918 1077 tamen
2952 1019 3209 1087 intelliget
3252 1019 3337 1072 vel
3368 1031 3572 1087 cogno-

1996 1121 2152 1179 scet,
2208 1127 2384 1182 neque
2454 1114 2683 1185 gratiam
2750 1115 2868 1182 ejus
2925 1113 3202 1182 suscipere
3250 1112 3417 1164 volet.
3479 1108 3573 1164 His

1997 1212 2178 1258 autem
2235 1213 2425 1274 aperte
2481 1220 2640 1261 suum
2693 1206 2759 1260 ad
2816 1206 3065 1261 homines
3099 1206 3390 1259 adventum
3427 1201 3572 1256 indi-

1994 1296 2176 1350 cabat.

2070 1388 2364 1444 Vens.10.
2432 1390 2851 1461 «Aggravatum
2909 1399 2990 1446 est
3050 1391 3193 1445 enim
3242 1405 3336 1445 cor
3388 1387 3571 1459 p0puli

1998 1477 2177 1547 hujus,
2223 1493 2279 1537 et
2309 1481 2536 1538 auribus
2589 1483 2830 1553 graviter
2882 1482 3211 1546 audierunt,
3273 1491 3330 1537 ct
3381 1481 3571 1536 oculos

1996 1585 2124 1624 SIIOS
2150 1571 2498 1639 clauserunt,
2554 1589 2622 1629 ne
2678 1574 2819 1629 forte
2873 1574 3091 1628 videant
3140 1573 3331 1628 oculis.
3363 1591 3384 1624 ι
3433 1570 3569 1625 Nam

2000 1659 2249 1716 Salvator
2296 1664 2519 1732 quidem
2553 1675 2758 1732 noster,
2804 1666 2985 1720 lumen
3017 1680 3136 1719 cum
3182 1665 3273 1731 sit,
3328 1665 3569 1718 omnium

1999 1752 2210 1807 animas
2237 1753 2601 1820 illuminavit,
2652 1758 2725 1810 ita
2768 1766 2827 1811 ut
2865 1764 2919 1810 et
2944 1756 3107 1811 caacis
3136 1756 3310 1808 visum
3343 1754 3572 1825 largire-

2001 1850 2127 1905 tu‘;
2191 1840 2262 1893 illi
2295 1856 2425 1895 vero
2451 1843 2640 1899 oculos
2679 1836 3025 1908 claudebant,
3063 1855 3123 1899 ut
3153 1860 3259 1900 non
3290 1845 3568 1909 viderent;

1998 1942 2158 2001 atque
2199 1933 2279 1988 sic
2323 1933 2567 1989 videntes
2622 1951 2727 1989 non
2784 1936 3061 1990 videbant.
3100 1936 3232 1989 Cum
3273 1937 3415 1988 enim
3449 1951 3571 2003 quis

1998 2024 2270 2091 intuitus,
2319 2036 2375 2080 et
2425 2041 2483 2081 re
2532 2036 2825 2100 conspecta
2892 2028 3197 2098 diligenter,
3249 2043 3361 2081 rem
3394 2028 3568 2080 visam

1996 2119 2229 2187 despicit
2274 2129 2328 2173 et
2368 2122 2695 2185 contemnit,
2755 2136 2819 2177 ac
2854 2120 3058 2176 claudit
3109 2120 3318 2185 oculos,
3350 2137 3411 2174 se
3460 2136 3567 2175 non

1996 2208 2185 2263 videre
2217 2208 2515 2278 simulans;
2553 2222 2678 2265 tunc
2710 2211 3033 2281 respiciens,
3080 2226 3192 2267 non
3222 2212 3377 2265 vidit.
3416 2209 3570 2279 Quod

1996 2303 2163 2372 igitur
2198 2303 2467 2370 viderent,
2517 2304 2569 2358 id
2612 2319 2678 2359 ex
2725 2307 2903 2375 gratia
2958 2306 3076 2375 ejus
3115 2307 3209 2377 qui
3264 2307 3569 2370 videbatur,

1998 2396 2128 2464 ipsis
2162 2396 2369 2462 inerat;
2413 2398 2553 2465 quod
2590 2408 2769 2453 autem
2821 2416 2927 2454 non
2990 2402 3258 2467 viderent,
3320 2402 3371 2455 id
3405 2416 3473 2454 ex
3506 2416 3571 2455 eo

1997 2488 2247 2543 veniebat
2276 2491 2419 2559 quod
2440 2490 2631 2545 oculos
2657 2490 3011 2557 clauderent,
3060 2504 3116 2548 ct
3148 2510 3209 2549 se
3244 2510 3349 2548 non
3384 2495 3571 2548 videre

1995 2578 2342 2633 simularent.
2380 2579 2457 2633 Ita
2488 2580 2697 2648 pariter
2727 2582 2850 2650 quis
2881 2582 3067 2637 auditu
3103 2583 3274 2646 audit,
3302 2593 3357 2639 et
3389 2596 3569 2638 tamen

1997 2683 2103 2722 non
2148 2672 2339 2735 audit;
2394 2672 2614 2740 quando
2650 2686 2712 2725 ea
2762 2687 2883 2740 qua:
2916 2674 3173 2727 dicuntur
3213 2690 3318 2729 non
3367 2676 3571 2731 intelli—

1994 2760 2116 2831 git,
2152 2771 2246 2816 aut
2276 2778 2398 2817 cum
2428 2763 2589 2818 dictis
2620 2780 2727 2817 non
2762 2764 3135 2833 obtemperat,
3171 2779 3346 2834 eaque
3391 2767 3569 2837 despi-

1994 2852 2090 2909 cit.
2145 2852 2260 2908 Hoc
2290 2868 2456 2922 porro
2486 2854 2776 2924 contingit,
2828 2869 2950 2910 cum
2983 2856 3104 2924 quis
3131 2871 3294 2911 aures
3316 2870 3445 2912 suas
3471 2850 3568 2929 a'g-

1994 2957 2204 3015 gravat,
2262 2960 2353 3001 eas
2409 2948 2566 3016 quasi
2627 2948 2890 3002 obturans
2946 2959 3001 3004 et
3053 2949 3247 3004 surdas
3300 2950 3563 3005 elﬁciens.

1917 3076 1960 3134 Ο
1998 3033 2121 3088 llaec
2146 3034 2312 3105 igitur
2337 3032 2565 3091 Judaico
2588 3036 2786 3107 p0pulo
2823 3036 3004 3092 futura
3049 3054 3190 3106 esse,
3219 3056 3322 3094 vox
3356 3041 3567 3096 Domini

1999 3129 2343 3184 vaticinatur.
2376 3129 2656 3199 lmpletum
2692 3141 2872 3184 autem
2916 3130 3046 3185 illud
3086 3131 3191 3186 fuit
3238 3133 3291 3187 itt
3331 3135 3568 3190 adventu

1994 3220 2297 3275 Salvatoris
2323 3221 2523 3286 nostri,
2552 3237 2681 3291 quo,
2719 3222 2844 3277 dttm
2869 3234 3189 3291 praesentem
3217 3224 3364 3278 illum
3395 3226 3569 3280 oculis

1992 3322 2300 3377 cernerent,
2351 3329 2458 3368 non
2511 3314 2798 3380 videbant,
2857 3324 2911 3369 et
2971 3315 3260 3371 docentem
3310 3320 3568 3387 mysteria

1994 3406 2166 3474 regni,
2197 3419 2300 3459 non
2331 3405 2723 3475 intelligebant.

2065 3498 2230 3553 Vens.
2288 3499 2379 3553 11.
2445 3498 2561 3553 «ΕΙ.
2619 3498 2750 3562 dixi,
2810 3499 3124 3570 Usqtteqno,
3182 3502 3444 3559 Domine?
3501 3506 3569 3563 Et

1992 3588 2151 3653 dixit,
2180 3589 2363 3643 Donec
2406 3586 2720 3641 desolentur
2752 3588 3027 3652 civitates,
3058 3609 3077 3640 ι
3110 3601 3218 3645 etc.
3254 3591 3319 3643 Et
3370 3608 3569 3661 usque-

1993 3698 2098 3753 qno
2128 3681 2343 3736 durabit
2369 3678 2700 3735 inﬁrmitas?
2726 3678 3032 3751 lnterrogat
3056 3682 3264 3745 dicens,
3301 3701 3319 3732 ι
3350 3682 3536 3752 Usque

1994 3788 2126 3842 quo,
2157 3773 2429 3828 Domine?
2463 3792 2481 3823 ι
2514 3774 2636 3842 quis
2670 3773 2812 3826 enim
2834 3772 2955 3827 linis
2980 3775 3082 3826 erit
3117 3771 3424 3840 hujusmodi
3450 3776 3568 3828 illo-

1996 3880 2113 3917 rum
2157 3865 2463 3920 caecitatis?
2507 3864 2606 3919 His
2657 3865 2801 3919 enim
2865 3864 3134 3932 signiﬁcat
3190 3866 3419 3934 primam
3467 3868 3568 3921 sub

1996 3956 2255 4011 Romanis
2292 3956 2531 4011 futuram
2582 3955 2683 4011 loci
2735 3956 3096 4024 obsidionem,
3144 3967 3266 4027 post
3308 3958 3451 4013 edita
3500 3962 3569 4013 ab

1995 4047 2127 4119 ipsis
2161 4060 2349 4104 contra
2380 4048 2721 4125 Salvatorem
2753 4049 3001 4103 facinora
3034 4068 3046 4103 :
3073 4064 3181 4118 qua
3233 4050 3414 4106 multa:
3466 4051 3566 4107 Ju-

1995 4141 2233 4197 dteorum
2259 4141 2512 4196 civitates
2541 4142 2642 4196 sub
2674 4140 3008 4209 Vespasiano
3033 4142 3366 4211 imperatore
3389 4152 3568 4197 vasta-

1999 4244 2085 4298 ιω,
2117 4234 2231 4289 solo
2275 4234 2498 4304 penitus
2536 4243 2765 4302 aquatae
2797 4243 2957 4299 sunt,
3014 4234 3087 4288 ita
3131 4244 3189 4288 ut
3234 4250 3420 4289 earum
3469 4250 3569 4288 nec

1997 4326 2260 4380 memoria
2313 4340 2413 4381 nec
2461 4339 2660 4380 nomen
2726 4323 3140 4395 relinqueretur.
3198 4325 3330 4380 Cum
3385 4335 3567 4380 autem

315 4433 432 4479 πως
466 4416 703 4487 ἐρημίαν
732 4416 967 4487 παντελῆ
1028 4419 1486 4488 προαγορεύοντος
1547 4418 1638 4472 τοῦ
1695 4419 1853 4487 λόγου
1876 4457 1891 4484 ,

1998 4418 2366 4473 omnimodam
2412 4415 2806 4472 desolationem
2847 4432 3027 4473 sermo
3058 4418 3351 4489 signiticet,
3388 4420 3566 4472 conti.

314 4507 623 4579 ἐπληροῦτο
645 4508 701 4562 δὲ
726 4510 817 4562 καὶ
840 4508 978 4581 αὓτη
1006 4510 1146 4563 κατὰ
1174 4512 1301 4573 τοὺς
1341 4512 1618 4585 Ἀδριανοῦ
1652 4511 1893 4583 χρόνους,

314 4602 436 4655 καθ’
465 4600 559 4665 οὓς
586 4601 844 4671 δευτέραν
874 4602 1265 4672 ὑπομείναντες
1302 4603 1540 4657 Ἰουδαῖοι
1561 4602 1893 4674 πολιορκίαν,

312 4695 396 4756 εἰς
426 4693 587 4746 τοῦτο
614 4693 676 4746 τὸ
720 4693 888 4747 κακὸν
914 4694 1298 4766 περιέστησαν,
1339 4694 1414 4758 ὼς
1454 4694 1637 4765 νόμοις
1667 4695 1759 4748 καὶ
1784 4694 1899 4748 δια·-

311 4788 591 4858 τάγμασιν
620 4788 1097 4859 αὑτοκρατορικοϊς
1128 4787 1261 4858 μηδὲ
1292 4786 1351 4852 ἐξ
1377 4787 1621 4841 ἀπόπτου
1647 4787 1746 4859 τὴν
1774 4788 1898 4858 ὲρη-

313 4877 448 4944 μίαν
473 4874 575 4943 τῆς
600 4873 808 4926 ἑαυτῶν
831 4874 1209 4946 μητροπόλεως
1240 4875 1462 4947 θεωρεῖν
1482 4876 1890 4949 ἐπιτρέπεσθαι.

388 4989 407 5020 ι
458 4970 572 5023 Καὶ
601 4969 737 5040 μετά
768 4968 940 5024 ταῦτα
991 4973 1256 5042 μακρυνεί
1282 4973 1310 5024 ό
1342 4971 1474 5035 Θεὸς
1504 4974 1631 5035 τοὺς
1680 4971 1891 5043 ἀνθρώ-

314 5080 474 5125 πους,
507 5062 604 5113 καὶ
628 5064 677 5114 οἱ
707 5062 1150 5132 καταλειφθέντες
1177 5062 1641 5135 πληθυνθήσονται
1671 5065 1763 5116 ἐπὶ
1792 5067 1890 5137 τῆς

309 5155 436 5225 γῆς.
471 5154 587 5208 Καὶ
621 5154 693 5207 ἔτ’
727 5156 810 5207 ἐπ’
851 5155 1019 5226 αὑτῆς
1067 5158 1179 5210 ἐστι
1214 5157 1275 5210 τὸ
1313 5156 1648 5211 ἐπιδέκατον.
1693 5178 1710 5209 ι
1746 5158 1889 5228 Σύμ-

311 5264 489 5317 μαχος
528 5246 757 5311 ἐξέδωκε
777 5264 788 5275 ·
832 5264 850 5299 t
898 5249 1128 5319 Maxpiv
1159 5251 1377 5321 ποιήσει
1412 5249 1613 5321 Κύριος
1640 5250 1765 5313 τοὺς
1797 5248 1890 5303 ἁν-

307 5337 589 5409 θρὼπους.
648 5357 666 5389 ι
704 5339 964 5410 Σημαίνει
1003 5338 1113 5410 γὰρ
1147 5338 1176 5390 ὁ
1206 5338 1361 5407 λόγος
1405 5338 1490 5391 διὰ
1531 5338 1629 5408 τῆς
1679 5337 1890 5389 τοιᾶσδε

304 5432 425 5489 τοῦ.
452 5453 467 5483 ι
496 5435 782 5503 μακρυνεί,
812 5455 828 5482 ι
852 5431 1166 5503 ἑρμηνείας,
1183 5432 1348 5501 ἤγουν
1362 5428 1475 5493 τοῦ,
1498 5449 1516 5479 ι
1540 5427 1757 5500 μακρὰν
1771 5445 1892 5482 ποι-

304 5525 455 5594 ipsi,
495 5545 515 5575 ι
541 5523 609 5594 ἢν
652 5524 792 5576 κατά
819 5524 911 5576 τὸν
949 5524 1107 5577 αὑτὸν
1143 5522 1334 5593 χρόνον
1373 5521 1668 5591 ὑπέμειναν
1689 5522 1890 5591 αἰχμα-

1998 4511 2074 4580 git
2102 4519 2157 4563 et
2182 4508 2269 4562 illa
2300 4508 2524 4563 Adriani
2586 4518 2852 4580 tempore,
2890 4525 3018 4584 cum
3047 4508 3241 4575 Judaei,
3275 4513 3566 4565 secundam

1996 4602 2137 4673 passi
2186 4601 2544 4665 obsidionem,
2607 4602 2662 4657 in
2711 4610 2920 4657 tantum
2961 4601 3289 4657 calamitatis
3337 4602 3568 4656 devene—

1995 4705 2142 4759 runt,
2168 4705 2226 4748 ut
2256 4693 2466 4765 legibus
2507 4704 2561 4747 et
2596 4692 2768 4763 jussis
2808 4692 3210 4763 imperatoriis,
3244 4707 3311 4746 ne
3345 4693 3567 4763 quidem

1997 4787 2183 4857 procul
2219 4785 2537 4855 metropolis
2578 4801 2691 4841 sua:
2729 4786 3039 4841 vastitatem
3073 4786 3390 4854 conspicere
3438 4801 3565 4855 pcr-

2002 4877 2370 4957 mitterentur.

2074 4968 2236 5024 Vens.
2282 4970 2366 5023 12.
2415 4988 2434 5021 ι
2467 4969 2532 5023 Et
2578 4978 2762 5038 postea
2810 4969 3087 5040 elongabit
3121 4969 3261 5025 Deus
3297 4971 3562 5035 homines,

1999 5068 2054 5114 et
2087 5061 2179 5130 qui
2220 5060 2393 5115 relicti
2441 5061 2646 5116 fuerint
2690 5060 3199 5130 multiplicabuntur
3250 5077 3412 5130 super
3458 5072 3567 5117 ter-

2001 5167 2136 5206 ram.
2171 5153 2235 5207 Et
2263 5155 2441 5209 adhuc
2475 5169 2636 5224 super
2667 5169 2788 5209 eam
2820 5164 2903 5209 est
2934 5155 3242 5209 decimatio.
3268 5173 3287 5207 ι
3321 5155 3571 5226 Symma-

1997 5246 2134 5300 chus
2175 5247 2379 5312 edidit,
2439 5265 2458 5299 ι
2489 5247 2674 5318 Longe
2723 5247 2887 5301 l‘aciet
2931 5247 3190 5301 Dmninus
3246 5247 3513 5305 homines.
3543 5269 3565 5305 ι

2000 5337 2113 5393 llac
2163 5338 2647 5410 interpretatione,
2712 5357 2730 5388 σ
2761 5338 3075 5408 elongabit,
3111 5359 3130 5392 ο
3196 5340 3311 5395 sive
3370 5359 3388 5392 α
3418 5341 3573 5412 longe

1998 5428 2180 5492 faciet,
2215 5451 2232 5484 ι
2264 5432 2462 5488 indicat
2495 5431 2771 5501 Scriptura
2809 5431 3182 5500 captivitatem
3212 5432 3380 5499 illam,
3410 5449 3571 5502 quant

2000 5539 2065 5578 eo
2099 5524 2211 5593 ipso
2241 5534 2482 5596 tempore
2511 5523 2793 5581 multitudo
2836 5522 3075 5579 .ludaica‘
3101 5526 3277 5596 gentis
3317 5539 3569 5595 perpcsn

374 5708 497 5779 (l3)
546 5704 671 5760 lltcc
706 5706 835 5760 item
879 5707 932 5759 in
974 5701 1287 5773 Hieronymi
1324 5701 1748 5771 Commentario,
1798 5700 1888 5758 sed
1928 5697 2193 5772 pluribus.
