4068 6198
500 236 593 290 151

1168 228 1437 285 EUSEBII
1474 226 1961 285 CAESARIENSIS
1999 224 2151 279 OPP.
2192 225 2375 282 PARS
2409 227 2501 282 111.
2541 256 2610 265 -
2647 220 3062 280 EXEGETICA.

3643 224 3745 276 152

497 364 604 415 est,
634 365 845 406 necnon
885 348 1273 417 dispersioncm
1308 348 1451 400 illam
1487 362 1615 415 qua,
1646 346 1770 399 dum
1800 343 2046 398 instanti-

2161 342 2360 397 λωσίαν
2407 343 2467 396 τὸ
2524 341 2725 411 πλῆθος
2775 340 2869 393 τοῦ
2937 341 3204 394 Ἰουδαίων
3261 340 3462 406 ἔθνους,
3509 341 3598 395 καὶ
3656 339 3744 391 τὸν

498 445 600 498 bus
630 440 1035 495 calamitatibus
1076 454 1135 492 se
1174 440 1539 507 proriperent,
1576 437 1873 505 disgregati
1911 443 2057 489 sunt.

499 554 518 586 ι
555 533 772 588 Residui
830 547 955 586 vero
1009 531 1512 598 multiplicabuntur
1543 543 1710 597 super
1755 538 1954 580 terram
1989 546 2007 577 ι
2043 544 2057 579 :

493 627 582 679 alii
610 625 820 679 scilicet
850 640 878 677 a
913 624 1121 692 primis.
1145 622 1245 676 Tot
1278 632 1455 675 autem
1489 634 1719 673 numero
1746 619 1845 687 ipsi
1878 628 2056 682 erunt,

491 729 574 778 ut.
621 734 740 770 cum
777 717 964 787 primis
991 715 1311 785 comparati,
1344 712 1524 768 multis
1562 712 1806 782 partibus
1839 711 2055 766 illorum

491 808 894 862 multitudinem
925 817 1205 877 superent.

1086 984 1312 1040 CAPUT
1358 984 1460 1039 Vll.

558 1077 719 1133 Vsus.
764 1076 877 1131 1-5.
925 1095 943 1130 ι
973 1077 1037 1130 Et
1085 1077 1288 1133 factum
1322 1078 1486 1132 estin
1514 1076 1702 1131 diebus
1736 1076 1919 1131 Achaz
1963 1075 2057 1129 ﬁlii

486 1169 737 1224 Joatham
763 1209 777 1231 ,
837 1167 930 1221 ﬁlii
971 1166 1119 1223 Ozize
1150 1170 1290 1238 regis
1336 1168 1474 1222 Juda
1502 1209 1519 1230 ,
1565 1168 1809 1222 ascendit
1856 1166 2056 1220 Raasin

486 1276 582 1312 rex
614 1262 800 1322 Aram,
845 1270 899 1315 et
953 1259 1165 1314 Phacee
1213 1259 1355 1315 ﬁlius
1390 1258 1650 1313 Romelia:
1681 1273 1774 1311 rex
1805 1256 1969 1312 Israel
2001 1258 2056 1312 in

484 1350 807 1417 Jerusalem,
870 1350 934 1405 ad
987 1352 1341 1420 pmliandum
1394 1359 1580 1406 contra
1636 1365 1798 1403 eam:
1838 1358 1893 1402 et
1949 1363 2055 1402 non

483 1453 779 1511 potuerunt
827 1443 1081 1497 obsidere
1124 1458 1265 1498 eam.
1323 1443 1390 1498 Et
1437 1442 1830 1496 nuntiaverunt
1871 1439 2055 1495 domui

2160 433 2550 503 διασκεδασμὸν
2579 433 2638 485 ὃν
2671 431 3125 504 διεσκεδάσθησαν
3158 432 3449 502 φεύγοντες
3490 432 3587 496 τὰς
3618 435 3739 486 ἐπι-ι

2161 526 2417 597 κειμένας
2447 526 2629 588 αὐτοῖς
2660 525 2961 596 συμφοράς.
2999 544 3017 575 ί
3057 527 3166 578 Καὶ
3202 528 3247 577 οἱ
3288 525 3740 593 καταλειφθέντες

2157 620 2214 673 δὲ
2248 618 2711 690 πληθυνθήσονται
2742 618 2833 670 ἐπὶ
2863 617 2965 686 τῆς
2994 618 3098 687 γῆς
3117 635 3129 646 ·
3178 637 3195 667 ι
3232 616 3409 688 ἕτεροι
3437 617 3588 680 ὄντες
3634 614 3739 667 τῶν

2159 713 2461 783 προτέρων.
2494 709 2751 763 Τοσοῦτοι
2795 710 2851 762 δὲ
2879 706 3022 762 οὗτοι
3054 709 3286 770 ἔσονται,
3322 708 3418 774 ὡς,
3456 706 3737 780 παραϐαλ-

2156 804 2417 874 λομένους
2443 804 2638 866 αὐτοὺς
2667 804 2780 865 τοῖς
2810 800 3077 872 πρώτοις,
3112 800 3571 872 πολλοστημόριον
3600 796 3739 852 εἶναι

2157 893 2471 964 νομίζεσθαι
2498 893 2589 946 τοῦ
2618 892 2839 946 ἐκείνων
2869 892 3123 963 πλήθους.

2690 985 3085 1037 ΚΕΦΑΛΑΙΟΝ
3129 987 3201 1037 Ζ’.

2234 1096 2252 1129 ι
2284 1078 2394 1131 Καὶ
2423 1078 2636 1146 ἐγένετο
2657 1094 2711 1129 εν
2735 1079 2852 1139 ταῖς
2880 1076 3114 1147 ἡμέραις
3150 1075 3316 1147 Ἀχάς
3341 1078 3431 1131 τοῦ
3473 1079 3733 1152 Ἰωάθαμ,

2156 1170 2250 1224 τοῦ
2272 1170 2387 1224 υἱοῦ
2424 1171 2595 1235 Ὀζίου
2625 1169 2887 1239 βασιλέως
2924 1168 3113 1232 Ἰούδα,
3150 1169 3314 1241 ἀνέϐη
3354 1172 3609 1224 Ῥαασσ“ιν
3641 1170 3738 1240 βα-

2160 1265 2340 1327 σιλεὺς
2391 1263 2588 1333 Ἀρὰμ,
2620 1264 2714 1316 καὶ
2762 1261 2936 1315 Φακέε
2981 1262 3094 1325 υἱὸς
3154 1261 3446 1333 Ῥωμελίου
3482 1262 3737 1332 βασιλεὺς

2170 1356 2383 1427 Ἰσραὴλ
2412 1354 2503 1407 ἐπὶ
2540 1354 2914 1425 Ἰερουσαλὴμ,
2946 1353 3249 1423 πολεμῆσαι
3280 1353 3449 1424 αὐτήν
3471 1371 3483 1383 -
3515 1354 3608 1406 καὶ
3636 1354 3735 1408 οὐκ

2152 1446 2492 1519 ἠδυνήθησαν
2536 1446 2893 1517 πολιορκῆσαι
2930 1446 3124 1515 αὑτήν.
3174 1445 3284 1498 Καὶ
3334 1445 3611 1516 ἀνηγγέλη
3653 1447 3733 1510 εἰς

484 1533 653 1589 David
687 1535 929 1590 dicentes
957 1552 971 1587 :
999 1535 1293 1590 Consensit
1313 1540 1479 1588 Aram
1515 1549 1637 1587 cum
1679 1533 1957 1603 Ephraim,
2004 1543 2046 1586 et

2150 1539 2245 1593 τὸν
2272 1535 2417 1592 οἷκον
2447 1538 2628 1601 Δαυῖδ,
2664 1538 2909 1605 λέγοντες
2929 1555 2941 1566 ’
2974 1536 3361 1608 Συνεφώνησεν
3390 1538 3565 1607 Ἀρὰμ
3600 1538 3734 1609 πρὸς

483 1628 784 1696 stupefacta
834 1637 917 1681 est
968 1627 1149 1681 anima
1195 1627 1335 1697 ejus,
1384 1636 1440 1680 et
1488 1625 1665 1678 anima
1703 1624 1884 1694 populi
1913 1625 2046 1692 ejus.

2154 1630 2245 1683 τὸν
2288 1631 2555 1702 Ἐφραίμ·
2593 1631 2688 1682 καὶ
2710 1628 2900 1699 ἐξέστη
2928 1630 2960 1699 ἡ
3000 1629 3142 1699 ψυχὴ
3176 1628 3362 1688 αὐτοῦ,
3400 1628 3491 1681 καὶ
3524 1631 3556 1699 ἡ
3586 1627 3730 1698 ψυχὴ

482 1721 625 1774 sicut
658 1720 855 1790 lignum
899 1723 952 1776 in
1004 1721 1135 1776 silva
1186 1735 1216 1772 a
1266 1726 1429 1772 vento
1478 1725 1744 1771 movetur.
1808 1715 1872 1769 Et
1919 1715 2046 1769 dixit

2153 1720 2246 1773 τοῦ
2279 1720 2408 1773 λαοῦ
2439 1719 2625 1781 αὑτοῦ,
2652 1719 2710 1771 ὃν
2734 1720 2934 1789 τρόπον
2959 1720 3015 1770 ὲν
3038 1718 3226 1789 δρυμῷ
3257 1717 3409 1783 ξύλον
3436 1717 3541 1771 ὑπὸ
3571 1717 3731 1771 πνεύ-

483 1810 744 1866 Dominus
772 1814 838 1867 ad
890 1811 1104 1875 Isaiam,
1137 1810 1409 1880 Egredere
1432 1809 1485 1863 in
1524 1822 1812 1862 occursum
1847 1805 2051 1872 Aebaz,

483 1914 541 1960 tu
588 1915 644 1961 et
688 1907 781 1976 qui
842 1904 1132 1960 derelictus
1181 1912 1265 1958 est
1302 1900 1468 1957 Jasuh
1510 1900 1651 1954 ﬁlius
1695 1907 1838 1952 tuus.
1870 1917 1890 1951 ι
1948 1898 2054 1952 Par

482 1995 681 2064 quippe
716 2004 833 2050 erat
861 2006 921 2049 ut
962 1994 1237 2064 propheta:
1278 1992 1456 2056 ﬁlius,
1508 1991 1599 2061 qui
1648 2005 1753 2044 non
1788 2005 1891 2043 una
1928 2004 2049 2042 eum

483 2086 681 2157 populo
713 2096 1026 2155 corruptus,
1056 2087 1148 2140 sed
1192 2094 1431 2153 paternae
1456 2083 1719 2137 doctrinae
1750 2091 1907 2134 tenax
1939 2080 2052 2133 fue-

482 2188 589 2240 rat,
627 2176 753 2229 binc
785 2191 1021 2245 prasens
1049 2175 1425 2229 institueretur
1447 2188 1475 2226 a
1499 2182 1671 2240 patre,
1702 2187 1825 2226 cum
1852 2172 2048 2226 ﬁducia

480 2265 792 2326 accedente,
821 2280 882 2319 ac
902 2264 1051 2333 iussa
1069 2272 1418 2332 exsequente.

560 2446 719 2500 Vsus.
760 2447 814 2501 4.
860 2466 877 2499 ι
902 2446 967 2502 Et
998 2446 1143 2499 dices
1169 2444 1240 2509 ei,
1276 2443 1423 2499 Cave
1463 2452 1523 2498 ut
1546 2444 1821 2513 quiescas,
1882 2452 1938 2498 et
1983 2458 2048 2497 ne

480 2538 698 2602 timeas,
731 2552 907 2607 neque
933 2536 1237 2591 inﬁrmetur
1262 2536 1446 2588 anima
1471 2543 1558 2587 tua
1584 2550 1614 2588 a
1652 2536 1860 2588 duobus
1889 2535 2048 2603 lignis

481 2629 761 2684 titionibus
785 2629 1173 2698 l'umigantibus
1201 2627 1282 2680 his
1314 2667 1329 2693 ,
1362 2645 1382 2679 ι
1426 2627 1622 2696 quibus
1661 2626 1797 2680 nihil
1831 2626 2047 2682 luminis

482 2720 630 2787 insit,
660 2720 749 2774 sed
777 2719 869 2788 qui
900 2719 1171 2774 exstincto
1214 2716 1394 2771 titioni
1425 2726 1633 2770 tantmn
1680 2716 1884 2770 similes
1916 2716 2044 2770 sint.

479 2808 794 2881 Hujusmodi
828 2811 1023 2879 quippe
1053 2817 1178 2863 sunt
1204 2809 1311 2876 duo
1335 2809 1408 2863 illi
1438 2822 1613 2876 reges,
1644 2822 1877 2876 quorum
1902 2816 2045 2861 metu

477 2910 535 2954 et
582 2899 868 2954 formidine
912 2900 1129 2952 teneris.
1176 2899 1400 2953 Etiamsi
1448 2900 1592 2952 enim
1648 2897 1733 2951 vis
1785 2897 1873 2951 illa
1931 2912 2044 2953 mea

480 2992 894 3062 castigationem
952 2991 1294 3055 immittens,
1373 3006 1536 3059 quam
1591 2992 1723 3043 iram
1777 2989 2046 3060 appellare

480 3084 657 3138 solent
694 3083 870 3137 divina
900 3082 1144 3145 oracula,
1200 3097 1292 3136 vos
1321 3082 1551 3137 antehae
1594 3082 1790 3150 saepius
1832 3083 2044 3136 invase-

479 3177 571 3237 rit,
627 3176 693 3229 ad
749 3173 1174 3230 contulationem
1223 3189 1436 3238 eorum,
1479 3174 1569 3245 qui
1614 3189 1778 3241 penes
1832 3188 1927 3227 vos
1972 3173 2045 3227 dii

477 3267 859 3321 vocabantur:
892 3265 1085 3334 quibus
1118 3279 1215 3321 vos
1259 3266 1478 3334 quidem
1527 3264 1795 3327 ﬁdebatis,
1839 3274 1897 3319 at
1927 3264 2045 3320 illos

478 3359 613 3413 nihil
641 3372 761 3413 esse
781 3359 1188 3426 comprobatum
1218 3365 1321 3421 est,
1365 3372 1490 3412 cum
1515 3371 1609 3411 vos
1642 3356 1844 3410 inimici
1880 3356 2043 3411 vestri

477 3450 723 3504 subditos
762 3464 825 3503 ac
857 3448 1133 3503 dedititios
1165 3457 1459 3517 caperent;
1511 3458 1742 3502 attamen
1793 3448 2044 3515 quoniam

477 3542 559 3596 ira
592 3557 706 3595 mea
758 3541 939 3610 iniqua
981 3558 1086 3596 non
1123 3552 1242 3605 est,
1286 3549 1474 3607 utpote
1519 3540 1692 3595 bonus
1739 3539 1899 3606 Deus,
1953 3538 2044 3607 qui

477 3648 574 3688 vos
606 3642 763 3687 antea
812 3634 878 3687 ad
927 3634 1219 3686 utilitatem
1268 3642 1511 3685 vestram
1567 3632 1845 3701 corripui;
1904 3644 2047 3686 nunc

477 3727 672 3781 iterum
708 3726 1074 3779 inﬁrmitatem
1135 3733 1374 3776 vestram
1431 3732 1597 3776 totam
1648 3724 1873 3785 curabo,
1923 3724 2046 3787 si,a

476 3818 705 3888 pristino
732 3831 918 3871 errore
949 3826 1130 3869 vestro
1156 3814 1538 3883 resipiscentes
1559 3852 1574 3877 ,
1620 3815 1705 3883 pie
1734 3829 1893 3882 agere
1922 3828 2047 3867 vere

475 3908 755 3964 ediscatis.

550 3999 713 4055 Vens.
754 3998 807 4061 8,
833 3999 885 4054 9.
908 4016 930 4050 ι
954 3997 1059 4052 Sed
1090 3998 1267 4052 adhuc
1290 3998 1573 4068 sexaginta
1597 3997 1834 4066 quinque
1865 3997 2045 4061 annis,

475 4092 691 4149 deﬁciet
732 4105 959 4159 regnum
1012 4091 1265 4159 Ephraim
1300 4106 1328 4144 a
1363 4090 1578 4160 populo.
1609 4109 1629 4141 ι
1694 4088 1805 4145 Hoc
1843 4090 1971 4143 item
2016 4105 2045 4143 a

476 4185 734 4254 propheta
760 4183 941 4236 Achaz
973 4183 1190 4248 ediscit,
1244 4198 1349 4236 nou
1400 4182 1488 4236 diu
1547 4191 1737 4252 postea
1787 4182 2047 4236 Samaria:

476 4288 698 4344 regnum
728 4272 1038 4327 solvendum
1085 4287 1240 4339 esse,
1273 4272 1489 4328 subdito
1514 4272 1712 4341 populo
1754 4288 1861 4325 una
1918 4286 2042 4325 cum

2156 1830 2325 1883 ματος
2375 1811 2626 1882 σαλευθῇ.
2678 1813 2787 1864 Καὶ
2834 1806 2953 1864 εἷπε
3010 1809 3214 1882 Κύριος
3266 1810 3403 1882 πρὸς
3471 1812 3727 1869 Ἡσαΐαν

2157 1902 2376 1968 Ἔξελθε
2411 1905 2491 1966 εἰς
2513 1902 2836 1974 συνάντησιν
2872 1902 3055 1971 Ἀχὰζ,
3084 1904 3147 1955 σὺ
3175 1904 3267 1955 καὶ
3296 1902 3324 1953 ὁ
3356 1900 3731 1969 καταλειφθεὶς

2166 1994 2376 2048 Ἰασοὺϐ
2408 1997 2437 2047 ὁ
2478 1995 2591 2056 υἱός
2621 2010 2736 2047 σου.
2777 2013 2795 2042 ι
2837 1992 2982 2045 Ἔδει
3014 1992 3070 2045 δὲ
3102 1993 3195 2044 καὶ
3244 1991 3331 2045 τὸν
3375 1992 3488 2044 υἱὸν
3520 1990 3727 2061 προφή-

2151 2105 2267 2147 του,
2317 2087 2389 2156 μὴ
2431 2085 2893 2154 συνδιαφθαρέντα
2936 2084 3014 2153 τῷ
3052 2083 3265 2153 πλήθει,
3299 2082 3730 2151 ὲναπομείναντα

2148 2176 2206 2228 δὲ
2236 2179 2301 2246 τῇ
2348 2179 2578 2246 πατρικῇ
2613 2174 2952 2243 διδασκαλίᾳ,
3002 2173 3398 2244 μαθητεύεσθαι
3432 2172 3491 2235 ἐξ
3520 2173 3727 2225 ἐκείνου

2148 2267 2227 2337 τῷ
2270 2268 2455 2337 πατρὶ,
2496 2267 2586 2319 διὰ
2610 2266 2702 2318 τοῦ
2749 2269 2994 2337 παρεῖναι
3028 2267 3176 2335 αύτῴ
3220 2264 3524 2334 θαρσαλέως
3559 2281 3727 2334 προσ-

2152 2359 2281 2411 ιόντι
2306 2360 2400 2412 καὶ
2433 2359 2720 2429 πράττοντι
2748 2357 2815 2410 τὰ
2844 2358 3193 2428 κελευόμενα.

2224 2470 2243 2500 ς
2285 2452 2391 2503 Καὶ
2421 2451 2566 2520 ἐρεῖς
2592 2450 2767 2520 αὐτῷ·
2802 2450 3036 2516 Φύλαξαι
3074 2450 3164 2503 τοῦ
3199 2452 3487 2520 ἡσυχάσαι,
3529 2449 3622 2502 καὶ
3652 2449 3727 2521 μὴ

2149 2539 2336 2611 φοϐοῦ,
2376 2541 2510 2611 μηδὲ
2549 2541 2843 2594 ἁσθενείτω
2874 2544 2905 2613 ἡ
2934 2541 3078 2613 ψυχή
3116 2558 3206 2594 σου
3238 2542 3345 2594 ἀπὸ
3376 2541 3485 2594 τῶν
3518 2542 3609 2594 δύο
3640 2540 3729 2606 ξύ-

2147 2634 2253 2688 λων
2279 2634 2384 2687 τῶν
2409 2633 2582 2686 δαλῶν
2602 2633 2709 2686 τῶν
2735 2633 3145 2704 καπνιζομένων
3167 2634 3390 2698 τούτων,
3428 2653 3445 2685 ι
3475 2633 3724 2705 οὐδαμῶς

2150 2725 2248 2794 μὲν
2280 2723 2393 2792 φῶς
2430 2724 2693 2794 ἐχόντων,
2728 2724 2869 2795 δαλῷ
2901 2725 2958 2778 δὲ
3011 2725 3171 2795 μόνον
3204 2724 3517 2796 ὲσϐεσμένιρ
3552 2724 3724 2777 ἐοικό-

2147 2835 2273 2869 των.
2305 2816 2549 2871 Τοιοῦτοι
2576 2817 2683 2888 γάρ
2726 2818 2868 2882 τινές
2898 2819 3035 2871 εἰσιν
3063 2819 3111 2871 οἱ
3142 2818 3234 2893 δύο
3278 2818 3533 2888 βασιλεῖς,
3561 2810 3633 2870 ὧν
3666 2817 3723 2868 ἐν

2148 2910 2298 2981 φόϐῳ
2329 2911 2421 2963 καὶ
2452 2909 2621 2977 ἀγῶνι
2651 2910 3011 2981 καθέστηκας.
3044 2910 3105 2963 Εἰ
3136 2909 3243 2980 γὰρ
3272 2910 3367 2963 καὶ
3393 2910 3460 2963 τὰ
3494 2908 3723 2979 μάλιστα

2070 3022 2115 3078 C
2149 3001 2182 3068 ἡ
2216 2999 2530 3071 παιδευτική
2558 3017 2658 3070 μου
2687 2999 2933 3070 δύναμις,
2965 3002 3029 3072 ἢν
3061 3002 3228 3071 ὀργὴν
3254 3000 3544 3053 ἀποκαλεῖν
3569 2998 3720 3052 εἴωθε

2146 3088 2219 3141 τὰ
2264 3089 2437 3158 λόγια,
2486 3091 2748 3161 μετῆλθεν
2802 3092 2943 3160 ὑμᾶς
2976 3090 3035 3142 τὸ
3072 3091 3352 3161 πρότερον,
3388 3091 3467 3153 είς
3507 3089 3721 3159 ἔλεγχον

2144 3181 2252 3234 τῶν
2277 3180 2689 3252 ὀνομαζομένων
2717 3181 2868 3251 ὑμῶν
2898 3180 3055 3242 θεων,
3078 3176 3159 3243 οἷς
3193 3180 3470 3250 ἐθαρσεῖτε
3502 3181 3600 3250 μὲν
3630 3178 3723 3234 αὖε

2145 3274 2248 3335 τοὶ,
2275 3273 2324 3324 οἳ
2350 3272 2407 3324 δὲ
2436 3272 2497 3324 τὸ
2527 3272 2692 3341 μηδὲν
2721 3272 2873 3334 ὄντες
2903 3270 3303 3340 ἀπηλέγχοντο,
3337 3264 3571 3339 ὁπηνίκα
3602 3271 3725 3324 ὑπο-

2145 3363 2379 3433 χειρίους
2404 3363 2547 3431 ὑμᾶς
2577 3357 2715 3414 εἶλον
2744 3363 2793 3413 οἱ
2825 3361 3090 3430 πολέμιον
3123 3362 3289 3430 ὅμως,
3322 3359 3442 3411 ἐπεὶ
3476 3360 3547 3428 μή
3577 3361 3724 3411 ἐστιν

2146 3457 2179 3525 ἡ
2211 3454 2317 3524 ἐμὴ
2346 3452 2482 3523 ὀργὴ
2510 3453 2842 3522 παράνομος,
2868 3452 2941 3514 ὡς
2972 3451 3171 3519 ἀγαθὸς
3194 3450 3323 3513 Θεὸς
3350 3449 3509 3513 αὐτὸς
3541 3450 3633 3501 καὶ
3660 3450 3724 3502 τὸ

2146 3541 2359 3612 πρῶτον
2412 3543 2557 3611 ὑμᾶς
2600 3542 2690 3593 ἐπὶ
2724 3540 2800 3611 τῷ
2844 3541 3175 3612 συμφέροντι
3218 3540 3450 3603 παίσας’
3490 3538 3583 3591 καὶ
3623 3539 3721 3592 νῦν

2146 3630 2300 3697 αὖθις
2350 3635 2457 3687 πᾶν
2490 3633 2549 3685 τὸ
2578 3634 2789 3704 νόσημα
2815 3631 2966 3703 ὑμῶν
3013 3633 3251 3703 ἰάσομαι,
3298 3631 3392 3685 ἐὰν
3412 3672 3426 3693 ,
3459 3632 3721 3701 ἐπιστρα-

2147 3725 2336 3793 φέντες
2369 3725 2466 3795 τῆς
2501 3724 2770 3796 προτέρας
2800 3724 3028 3795 πλάνης,
3065 3724 3285 3795 μάθοιτε
3315 3723 3555 3777 εὐσεϐεῖν
3587 3722 3720 3793 ἁλη-

2147 3816 2273 3879 θῶς.

2223 4020 2241 4053 ι
2295 3999 2430 4053 Ἀλλ’
2465 4000 2546 4053 ἔτι
2593 3998 2857 4070 ἑξήκοντα
2897 3998 3056 4052 πέντε
3100 3998 3233 4052 ἐτῶν
3279 3998 3515 4067 ἐκλείψει
3550 4000 3582 4069 ἡ
3623 3995 3723 4067 βα-

2148 4093 2320 4147 σιλεία
2364 4091 2603 4164 Ἐφραῖμ
2643 4093 2751 4145 ἀπὸ
2802 4091 2950 4145 λαοῦ.
3013 4110 3029 4140 ι
3082 4090 3357 4144 Μανθάνει
3406 4089 3579 4142 τοίνυν
3626 4090 3724 4142 καὶ

2146 4188 2303 4241 τοῦτο
2332 4185 2481 4258 παρὰ
2514 4185 2606 4238 τοῦ
2639 4186 2914 4256 προφήτου
2945 4187 2973 4237 ὁ
3017 4183 3179 4253 Ἀχάζ
3198 4200 3209 4212 ·
3248 4183 3321 4245 ὼς
3354 4183 3475 4236 ὅσον
3505 4182 3655 4235 οὔπω
3685 4184 3720 4252 ἡ

2146 4279 2245 4349 τῆς
2272 4275 2584 4347 Σαμαρείας
2612 4275 2854 4344 βασιλεία
2892 4274 3347 4340 καταλυθήσεται,
3375 4274 3467 4325 τοῦ
3499 4275 3554 4325 ὲν
3578 4273 3715 4342 αύτῇ

476 4365 691 4435 regibus
717 4365 769 4418 in
799 4364 1169 4433 captivitatem
1216 4365 1467 4429 abducto,
1512 4373 1675 4433 atque
1711 4364 1783 4418 ob
1830 4363 2038 4418 nefaria

2150 4369 2564 4441 βασιλευομένου
2609 4366 2739 4419 λαοῦ
2786 4367 2967 4428 αὐτοῖς
3023 4363 3327 4417 ϐασιλεῦσιν
3372 4364 3713 4433 αἰχμαλώτου

476 4467 627 4528 gesta
661 4457 714 4510 in
754 4456 1004 4526 Assyrios
1042 4456 1327 4510 translato.
1381 4456 1539 4522 Quod
1590 4457 1656 4522 si,
1701 4457 1797 4521 ait,
1832 4466 2044 4525 tempus

476 4563 635 4604 nosse
665 4558 939 4617 peroptes,
964 4548 1101 4602 scito
1143 4550 1303 4603 annis
1336 4548 1533 4604 abhinc
1570 4548 1851 4617 sexaginta
1880 4548 2041 4616 quin-

471 4656 580 4712 que
621 4651 905 4695 venturum
936 4639 1285 4709 Assyriorum
1318 4655 1497 4710 regem
1528 4679 1543 4708 ,
1581 4640 1831 4709 ipsosque
1859 4654 2042 4693 omnes

474 4735 716 4804 captivos
741 4734 1119 4797 abducturum,
1154 4731 1206 4785 in
1238 4747 1499 4801 suamque
1554 4732 1827 4802 regionem
1870 4740 2044 4785 trans-

472 4835 815 4899 portaturum
841 4840 979 4881 esse.
1018 4823 1145 4878 llaec
1161 4824 1321 4893 jussit
1350 4824 1490 4878 Deus
1514 4824 1835 4893 prophetam
1864 4837 2037 4877 enun-

476 4920 634 4982 tiare,
671 4926 782 4971 tum
822 4916 922 4986 ipsi
961 4917 1180 4981 Acbaz,
1225 4926 1336 4969 tum
1389 4914 1605 4969 subdito
1654 4915 1850 4984 populo
1881 4931 1897 4969 ε
1932 4930 2039 4983 quo

478 5010 582 5064 illis
611 5020 801 5065 auctor
834 5016 997 5069 esset,
1046 5017 1103 5061 ut
1140 5006 1207 5060 ad
1229 5022 1288 5061 se
1315 5015 1783 5069 converterentur,
1830 5020 1894 5059 ac
1921 5020 2039 5059 cre-

474 5100 683 5164 derent,
744 5114 921 5170 neque
964 5099 1127 5152 dictis
1161 5098 1319 5153 ﬁdem
1372 5106 1648 5168 negarent.
1702 5095 1829 5150 Illos
1879 5110 2038 5163 porro

474 5192 749 5257 sexaginta
778 5192 1017 5260 quinque
1057 5205 1249 5252 armos,
1286 5190 1437 5242 aiunt
1463 5188 1810 5242 Hebrzeorum
1843 5186 1933 5240 ﬁlii
1972 5185 2037 5238 ad

474 5297 640 5335 unum
691 5283 933 5349 expletos
992 5282 1343 5349 deprehendi,
1398 5280 1444 5335 si
1492 5282 1613 5350 quis
1652 5296 1683 5333 a
1732 5295 1837 5333 xxv
1896 5277 2039 5331 ΟΖῘίΒ

478 5371 628 5441 regni
654 5386 795 5425 anno
819 5385 1129 5443 computum
1159 5374 1421 5428 ordiatur.

552 5639 713 5699 Vsus.
756 5641 843 5711 10,
880 5641 967 5699 ll.
1014 5661 1032 5695 ι
1062 5642 1129 5698 Et
1181 5643 1377 5714 adjecit
1430 5644 1687 5703 Dominus
1750 5644 1895 5715 loqui
1963 5645 2028 5701 ad

2143 4460 2526 4532 γενησομένου,
2568 4457 2663 4511 καὶ
2721 4459 2799 4519 εἰς
2838 4457 3153 4527 Ἀσσυρίους
3193 4457 3718 4526 ἁποικισθησομένου

2139 4552 2228 4605 διὰ
2255 4553 2350 4614 τὰς
2382 4548 2820 4620 ὑπερϐαλλούσας
2849 4549 3024 4601 αὐτῶν
3058 4549 3347 4618 ἀθεμίτους
3383 4549 3627 4620 πράξεις.
3654 4550 3721 4603 Ei

2139 4643 2195 4695 δὲ
2238 4642 2332 4695 καὶ
2355 4642 2443 4693 τὸν
2480 4639 2667 4712 χρόνον
2695 4637 2899 4700 ποθεῖς,
2937 4642 3089 4707 φησι,
3126 4638 3336 4708 μαθεῖν,
3366 4639 3618 4705 γίνωσκε,
3642 4638 3723 4702 ὡς

2139 4734 2270 4787 εἵσω
2297 4733 2556 4804 ἑξήκοντα
2589 4733 2681 4785 καὶ
2711 4732 2869 4785 πέντε
2902 4731 3034 4783 ἐτῶν
3054 4773 3068 4793 ,
3099 4731 3292 4793 ἐπιϐὰς
3324 4734 3352 4785 ὁ
3383 4732 3491 4784 τῶν
3537 4732 3721 4782 Ἀσσυ-

2142 4825 2271 4895 ρίων
2309 4823 2579 4893 βασιλεὺς,
2608 4822 2815 4883 πάντας
2854 4823 3048 4885 αὐτοὺς
3075 4822 3299 4894 λήψεται
3331 4823 3423 4874 καὶ
3450 4810 3721 4891 αἰχμαλώ-

2139 4932 2261 4976 τους
2289 4915 2367 4976 είς
2396 4914 2495 4985 τὴν
2522 4912 2714 4965 ἑαυτοῦ
2751 4914 3013 4982 μετοικιεῖ
3042 4910 3243 4983 χώραν.
3276 4910 3459 4963 Ταῦτα
3486 4909 3562 4978 τῷ
3591 4926 3723 4979 προ-

2140 5008 2286 5077 φήτῃ
2314 5005 2492 5072 λέγειν
2519 5006 2547 5056 ὁ
2573 5005 2703 5067 Θεὸς
2738 5004 3099 5075 προσέταττεν
3128 5003 3273 5073 αὐτῴ
3317 5020 3374 5055 τε
3414 5000 3490 5071 τῷ
3527 5000 3715 5071 Ἀχὰζ,

2139 5098 2231 5150 καὶ
2258 5096 2334 5167 τῷ
2364 5097 2451 5149 ὑπ’
2499 5097 2661 5150 αὐτὸν
2690 5096 2804 5168 λαῷ
2824 5114 2837 5126 ·
2876 5096 3177 5168 παρορμῶν
3227 5097 3423 5159 αὐτοὺς
3462 5095 3597 5166 πρὸς
3629 5096 3724 5147 αύ-

2146 5187 2235 5238 ’δν
2272 5188 2633 5257 ἐπιστρέφειν,
2680 5186 2951 5240 πιστεύειν
2980 5204 3036 5239 τε
3072 5187 3163 5239 καὶ
3212 5187 3282 5255 μὴ
3326 5186 3570 5237 ἀπιστεῖν
3604 5188 3722 5247 τοῖς

2148 5278 2485 5349 εἰρημένοις’
2530 5279 2597 5331 τά
2641 5295 2702 5346 γε
2758 5278 2861 5349 μὴν
2908 5278 3165 5347 ἐξήκοντα
3214 5277 3373 5329 πέντε
3412 5275 3504 5346 ἐτη
3556 5274 3720 5342 φασὶν

2156 5369 2419 5440 Ἐϐραίων
2482 5370 2666 5433 παῖδες
2716 5371 2795 5433 είς
2854 5370 2914 5422 τὸ
2960 5368 3186 5439 ἀκριϐὲς
3244 5365 3716 5437 συμπληροῦσθαι,

2144 5461 2290 5523 εἴτις
2314 5460 2561 5533 ἀριθμεῖν
2588 5462 2952 5533 ἄρξηταιτοὺς
2974 5459 3193 5529 χρόνους
3218 5459 3323 5511 ἀπὸ
3348 5457 3439 5511 τοῦ
3464 5458 3717 5527 πέμπτου

2144 5554 2236 5607 καὶ
2262 5553 2504 5606 εἰκοστοῦ
2536 5552 2686 5615 ἔτους
2714 5552 2811 5621 τῆς
2862 5550 3037 5613 ὐζίου
3070 5549 3362 5618 βασιλείας.

2219 5666 2235 5696 ι
2285 5646 2392 5697 Καὶ
2444 5645 2739 5711 προσέθετο
2782 5644 2981 5708 Κύριος
3029 5640 3256 5708 λαλῆσαι
3309 5642 3442 5707 πρὸς

3508 5635 3676 5706 Ἀχάξ
3692 5652 3722 5707 ·,
