  <div class='ocr_page' id='page_1' title='image "/cluster/home/n/w/nwhite01/storage/ocr_20150623/24/hvd.32044073501801/074.png"; bbox 0 0 4068 6198; ppageno 0'>
   <div class='ocr_carea' id='block_1_1' title="bbox 263 242 362 295">
    <p class='ocr_par' dir='ltr' id='par_1_1' title="bbox 263 242 362 295">
     <span class='ocr_line' id='line_1_1' title="bbox 263 242 362 295; baseline 0.02 -2"><span class='ocrx_word' id='word_1_1' title='bbox 263 242 362 295; x_wconf 62' lang='grc' dir='ltr'><strong>ηδ</strong></span> 
     </span>
    </p>
   </div>
   <div class='ocr_carea' id='block_1_2' title="bbox 1250 242 2618 302">
    <p class='ocr_par' dir='ltr' id='par_1_2' title="bbox 1250 242 2618 302">
     <span class='ocr_line' id='line_1_2' title="bbox 1250 242 2618 302; baseline 0.003 -4"><span class='ocrx_word' id='word_1_2' title='bbox 1250 242 1753 299; x_wconf 76' lang='lat' dir='ltr'><strong>COMMENTARIA</strong></span> <span class='ocrx_word' id='word_1_3' title='bbox 1790 243 1859 299; x_wconf 74' lang='lat' dir='ltr'><strong>IN</strong></span> <span class='ocrx_word' id='word_1_4' title='bbox 1900 244 2155 299; x_wconf 75' lang='lat' dir='ltr'><strong>ISAIAM.</strong></span> <span class='ocrx_word' id='word_1_5' title='bbox 2201 277 2261 286; x_wconf 91' lang='lat'><strong>--</strong></span> <span class='ocrx_word' id='word_1_6' title='bbox 2303 243 2457 300; x_wconf 66' lang='lat' dir='ltr'><strong>CAP.</strong></span> <span class='ocrx_word' id='word_1_7' title='bbox 2502 246 2618 302; x_wconf 81' lang='lat' dir='ltr'><strong>VII.</strong></span> 
     </span>
    </p>
   </div>
   <div class='ocr_carea' id='block_1_3' title="bbox 3461 253 3560 308">
    <p class='ocr_par' dir='ltr' id='par_1_3' title="bbox 3461 253 3560 308">
     <span class='ocr_line' id='line_1_3' title="bbox 3461 253 3560 308; baseline 0.03 -3"><span class='ocrx_word' id='word_1_8' title='bbox 3461 253 3560 308; x_wconf 60' lang='grc'><strong>153</strong></span> 
     </span>
    </p>
   </div>
   <div class='ocr_carea' id='block_1_4' title="bbox 268 358 1868 437">
    <p class='ocr_par' dir='ltr' id='par_1_4' title="bbox 268 358 1868 434">
     <span class='ocr_line' id='line_1_4' title="bbox 268 358 1868 434; baseline 0.006 -24"><span class='ocrx_word' id='word_1_9' title='bbox 268 358 508 429; x_wconf 71' lang='grc' dir='ltr'>Αἶτησαι</span> <span class='ocrx_word' id='word_1_10' title='bbox 553 358 772 429; x_wconf 79' lang='grc' dir='ltr'>σεαυτῷ</span> <span class='ocrx_word' id='word_1_11' title='bbox 802 361 1031 430; x_wconf 87' lang='grc' dir='ltr'>σημεῖον</span> <span class='ocrx_word' id='word_1_12' title='bbox 1065 360 1213 431; x_wconf 82' lang='grc' dir='ltr'><strong>παρά</strong></span> <span class='ocrx_word' id='word_1_13' title='bbox 1248 362 1454 434; x_wconf 84' lang='grc' dir='ltr'><strong>Κυρίου</strong></span> <span class='ocrx_word' id='word_1_14' title='bbox 1485 363 1579 417; x_wconf 88' lang='grc' dir='ltr'><strong>τοῦ</strong></span> <span class='ocrx_word' id='word_1_15' title='bbox 1612 364 1747 418; x_wconf 97' lang='grc' dir='ltr'>Θεοῦ</span> <span class='ocrx_word' id='word_1_16' title='bbox 1785 381 1868 419; x_wconf 86' lang='grc' dir='ltr'><strong>σοι</strong></span> 
     </span>
    </p>
   </div>
   <div class='ocr_carea' id='block_1_5' title="bbox 1973 358 3560 437">
    <p class='ocr_par' dir='ltr' id='par_1_5' title="bbox 1986 365 3560 437">
     <span class='ocr_line' id='line_1_5' title="bbox 1986 365 3560 437; baseline 0.003 -19"><span class='ocrx_word' id='word_1_17' title='bbox 1986 365 2168 419; x_wconf 86' lang='lat' dir='ltr'><strong>Achaz</strong></span> <span class='ocrx_word' id='word_1_18' title='bbox 2208 366 2415 433; x_wconf 87' lang='lat' dir='ltr'><strong>dicens,</strong></span> <span class='ocrx_word' id='word_1_19' title='bbox 2452 366 2583 423; x_wconf 87' lang='lat' dir='ltr'><strong>Pete</strong></span> <span class='ocrx_word' id='word_1_20' title='bbox 2611 366 2707 422; x_wconf 97' lang='lat' dir='ltr'><strong>tibi</strong></span> <span class='ocrx_word' id='word_1_21' title='bbox 2732 368 2943 437; x_wconf 84' lang='lat' dir='ltr'><strong>signum</strong></span> <span class='ocrx_word' id='word_1_22' title='bbox 2980 383 3010 423; x_wconf 87' lang='lat' dir='ltr'><strong>a</strong></span> <span class='ocrx_word' id='word_1_23' title='bbox 3045 368 3274 425; x_wconf 89' lang='lat' dir='ltr'><strong>Domino</strong></span> <span class='ocrx_word' id='word_1_24' title='bbox 3301 370 3410 426; x_wconf 85' lang='lat' dir='ltr'><strong>Deo</strong></span> <span class='ocrx_word' id='word_1_25' title='bbox 3446 381 3560 433; x_wconf 86' lang='lat' dir='ltr'><strong>tun,</strong></span> 
     </span>
    </p>
   </div>
   <div class='ocr_carea' id='block_1_6' title="bbox 273 446 1876 526">
    <p class='ocr_par' dir='ltr' id='par_1_6' title="bbox 273 446 1876 526">
     <span class='ocr_line' id='line_1_6' title="bbox 273 446 1876 526; baseline 0.006 -25"><span class='ocrx_word' id='word_1_26' title='bbox 273 450 354 512; x_wconf 76' lang='grc' dir='ltr'><strong>εἰς</strong></span> <span class='ocrx_word' id='word_1_27' title='bbox 399 446 593 518; x_wconf 81' lang='grc' dir='ltr'>βάθος,</span> <span class='ocrx_word' id='word_1_28' title='bbox 635 449 668 519; x_wconf 77' lang='grc' dir='ltr'>ἢ</span> <span class='ocrx_word' id='word_1_29' title='bbox 709 450 788 512; x_wconf 85' lang='grc' dir='ltr'><strong>είς</strong></span> <span class='ocrx_word' id='word_1_30' title='bbox 828 448 984 519; x_wconf 67' lang='grc' dir='ltr'>ὕψος.</span> <span class='ocrx_word' id='word_1_31' title='bbox 1027 469 1045 501; x_wconf 95' lang='lat'><strong>3</strong></span> <span class='ocrx_word' id='word_1_32' title='bbox 1099 451 1244 504; x_wconf 75' lang='grc' dir='ltr'>Ἀντὶ</span> <span class='ocrx_word' id='word_1_33' title='bbox 1271 452 1328 505; x_wconf 85' lang='grc' dir='ltr'>δὲ</span> <span class='ocrx_word' id='word_1_34' title='bbox 1356 449 1472 521; x_wconf 88' lang='grc' dir='ltr'>τοῦ,</span> <span class='ocrx_word' id='word_1_35' title='bbox 1510 474 1527 505; x_wconf 76' lang='grc' dir='ltr'><strong>ι</strong></span> <span class='ocrx_word' id='word_1_36' title='bbox 1567 458 1646 519; x_wconf 83' lang='grc' dir='ltr'><strong>είς</strong></span> <span class='ocrx_word' id='word_1_37' title='bbox 1696 456 1876 526; x_wconf 82' lang='grc' dir='ltr'><strong>βάθος,</strong></span> 
     </span>
    </p>
   </div>
   <div class='ocr_carea' id='block_1_7' title="bbox 280 539 1875 618">
    <p class='ocr_par' dir='ltr' id='par_1_7' title="bbox 280 539 1875 618">
     <span class='ocr_line' id='line_1_7' title="bbox 280 539 1875 618; baseline 0.003 -26"><span class='ocrx_word' id='word_1_38' title='bbox 280 542 315 609; x_wconf 74' lang='grc' dir='ltr'>ἢ</span> <span class='ocrx_word' id='word_1_39' title='bbox 381 541 466 604; x_wconf 84' lang='grc' dir='ltr'>εἰς</span> <span class='ocrx_word' id='word_1_40' title='bbox 501 539 650 609; x_wconf 77' lang='grc' dir='ltr'>ῦψος,</span> <span class='ocrx_word' id='word_1_41' title='bbox 690 560 708 593; x_wconf 92' lang='lat'><strong>3</strong></span> <span class='ocrx_word' id='word_1_42' title='bbox 740 542 771 593; x_wconf 86' lang='lat'><strong>6</strong></span> <span class='ocrx_word' id='word_1_43' title='bbox 807 542 908 611; x_wconf 82' lang='grc' dir='ltr'>μὲν</span> <span class='ocrx_word' id='word_1_44' title='bbox 944 540 1261 613; x_wconf 76' lang='grc' dir='ltr'><strong>Σύμμαχος,</strong></span> <span class='ocrx_word' id='word_1_45' title='bbox 1295 561 1315 594; x_wconf 76' lang='grc' dir='ltr'><strong>ι</strong></span> <span class='ocrx_word' id='word_1_46' title='bbox 1357 544 1588 616; x_wconf 72' lang='grc' dir='ltr'>Αίτησαι</span> <span class='ocrx_word' id='word_1_47' title='bbox 1646 548 1875 618; x_wconf 80' lang='grc' dir='ltr'>σεαυτῷ,</span> 
     </span>
    </p>
   </div>
   <div class='ocr_carea' id='block_1_8' title="bbox 289 630 1876 705">
    <p class='ocr_par' dir='ltr' id='par_1_8' title="bbox 289 630 1876 705">
     <span class='ocr_line' id='line_1_8' title="bbox 289 630 1876 705; baseline 0.004 -21"><span class='ocrx_word' id='word_1_48' title='bbox 289 633 451 703; x_wconf 66' lang='grc' dir='ltr'>φησι,</span> <span class='ocrx_word' id='word_1_49' title='bbox 492 635 701 703; x_wconf 81' lang='grc' dir='ltr'>σημεῖον</span> <span class='ocrx_word' id='word_1_50' title='bbox 736 631 896 704; x_wconf 87' lang='grc' dir='ltr'><strong>παρά</strong></span> <span class='ocrx_word' id='word_1_51' title='bbox 926 633 1135 702; x_wconf 80' lang='grc' dir='ltr'>Κυρίου</span> <span class='ocrx_word' id='word_1_52' title='bbox 1169 630 1305 686; x_wconf 87' lang='grc' dir='ltr'>Θεοῦ</span> <span class='ocrx_word' id='word_1_53' title='bbox 1364 650 1486 687; x_wconf 87' lang='grc' dir='ltr'>σου·</span> <span class='ocrx_word' id='word_1_54' title='bbox 1540 634 1767 705; x_wconf 88' lang='grc' dir='ltr'>βάθυνον</span> <span class='ocrx_word' id='word_1_55' title='bbox 1796 640 1876 701; x_wconf 88' lang='grc' dir='ltr'><strong>είς</strong></span> 
     </span>
    </p>
   </div>
   <div class='ocr_carea' id='block_1_9' title="bbox 296 725 1875 801">
    <p class='ocr_par' dir='ltr' id='par_1_9' title="bbox 296 725 1875 801">
     <span class='ocr_line' id='line_1_9' title="bbox 296 725 1875 801; baseline 0.004 -24"><span class='ocrx_word' id='word_1_56' title='bbox 296 726 449 797; x_wconf 39' lang='lat' dir='ltr'><strong>iubare,</strong></span> <span class='ocrx_word' id='word_1_57' title='bbox 477 726 602 795; x_wconf 80' lang='grc' dir='ltr'>ῆεξς</span> <span class='ocrx_word' id='word_1_58' title='bbox 630 726 766 797; x_wconf 70' lang='grc' dir='ltr'>ὕψος</span> <span class='ocrx_word' id='word_1_59' title='bbox 794 725 943 779; x_wconf 78' lang='grc' dir='ltr'>άνω’</span> <span class='ocrx_word' id='word_1_60' title='bbox 990 744 1009 777; x_wconf 91' lang='lat'><strong>3</strong></span> <span class='ocrx_word' id='word_1_61' title='bbox 1048 726 1078 777; x_wconf 86' lang='lat'><strong>6</strong></span> <span class='ocrx_word' id='word_1_62' title='bbox 1115 726 1171 779; x_wconf 80' lang='grc' dir='ltr'>δὲ</span> <span class='ocrx_word' id='word_1_63' title='bbox 1213 726 1463 792; x_wconf 82' lang='grc' dir='ltr'>Ἀκύλας,</span> <span class='ocrx_word' id='word_1_64' title='bbox 1496 748 1513 779; x_wconf 80' lang='grc' dir='ltr'><strong>ι</strong></span> <span class='ocrx_word' id='word_1_65' title='bbox 1563 728 1875 801; x_wconf 84' lang='grc' dir='ltr'>Ἐπερὼτη-</span> 
     </span>
    </p>
   </div>
   <div class='ocr_carea' id='block_1_10' title="bbox 302 817 1878 892">
    <p class='ocr_par' dir='ltr' id='par_1_10' title="bbox 302 817 1878 892">
     <span class='ocr_line' id='line_1_10' title="bbox 302 817 1878 892; baseline 0.004 -22"><span class='ocrx_word' id='word_1_66' title='bbox 302 836 392 870; x_wconf 90' lang='grc' dir='ltr'><strong>σον</strong></span> <span class='ocrx_word' id='word_1_67' title='bbox 418 818 611 889; x_wconf 84' lang='grc' dir='ltr'>σεαυτῷ</span> <span class='ocrx_word' id='word_1_68' title='bbox 643 820 882 891; x_wconf 88' lang='grc' dir='ltr'>σημεῖον</span> <span class='ocrx_word' id='word_1_69' title='bbox 908 817 1063 890; x_wconf 86' lang='grc' dir='ltr'><strong>παρά</strong></span> <span class='ocrx_word' id='word_1_70' title='bbox 1099 817 1305 890; x_wconf 81' lang='grc' dir='ltr'>Κυρίου</span> <span class='ocrx_word' id='word_1_71' title='bbox 1333 819 1427 873; x_wconf 86' lang='grc' dir='ltr'><strong>τοῦ</strong></span> <span class='ocrx_word' id='word_1_72' title='bbox 1466 820 1600 874; x_wconf 88' lang='grc' dir='ltr'>Θεοῦ</span> <span class='ocrx_word' id='word_1_73' title='bbox 1632 839 1743 874; x_wconf 80' lang='grc' dir='ltr'>σου’</span> <span class='ocrx_word' id='word_1_74' title='bbox 1784 822 1878 892; x_wconf 88' lang='grc' dir='ltr'>βά-</span> 
     </span>
    </p>
   </div>
   <div class='ocr_carea' id='block_1_11' title="bbox 303 907 1921 981">
    <p class='ocr_par' dir='ltr' id='par_1_11' title="bbox 303 907 1921 981">
     <span class='ocr_line' id='line_1_11' title="bbox 303 907 1921 981; baseline 0.004 -21"><span class='ocrx_word' id='word_1_75' title='bbox 303 908 446 961; x_wconf 82' lang='grc' dir='ltr'>θυνον</span> <span class='ocrx_word' id='word_1_76' title='bbox 466 911 541 972; x_wconf 86' lang='grc' dir='ltr'><strong>είς</strong></span> <span class='ocrx_word' id='word_1_77' title='bbox 576 910 738 980; x_wconf 79' lang='grc' dir='ltr'>ᾇδην,</span> <span class='ocrx_word' id='word_1_78' title='bbox 791 907 1125 981; x_wconf 68' lang='grc' dir='ltr'>μετειῦρισον</span> <span class='ocrx_word' id='word_1_79' title='bbox 1160 910 1241 971; x_wconf 89' lang='grc' dir='ltr'><strong>είς</strong></span> <span class='ocrx_word' id='word_1_80' title='bbox 1270 908 1434 978; x_wconf 80' lang='grc' dir='ltr'>ὕψος·</span> <span class='ocrx_word' id='word_1_81' title='bbox 1482 930 1500 961; x_wconf 96' lang='lat'><strong>3</strong></span> <span class='ocrx_word' id='word_1_82' title='bbox 1550 912 1578 963; x_wconf 98' lang='lat'><strong>6</strong></span> <span class='ocrx_word' id='word_1_83' title='bbox 1608 912 1663 965; x_wconf 86' lang='grc' dir='ltr'>δὲ</span> <span class='ocrx_word' id='word_1_84' title='bbox 1691 912 1877 965; x_wconf 88' lang='grc' dir='ltr'>Θεοδο-</span> <span class='ocrx_word' id='word_1_85' title='bbox 1912 929 1921 937; x_wconf 86' lang='grc'><em>’</em></span> 
     </span>
    </p>
   </div>
   <div class='ocr_carea' id='block_1_12' title="bbox 298 1001 1870 1074">
    <p class='ocr_par' dir='ltr' id='par_1_12' title="bbox 298 1001 1870 1074">
     <span class='ocr_line' id='line_1_12' title="bbox 298 1001 1870 1074; baseline 0.004 -21"><span class='ocrx_word' id='word_1_86' title='bbox 298 1002 438 1065; x_wconf 85' lang='grc' dir='ltr'>τίων,</span> <span class='ocrx_word' id='word_1_87' title='bbox 478 1021 496 1052; x_wconf 86' lang='grc'><strong>‹</strong></span> <span class='ocrx_word' id='word_1_88' title='bbox 532 1002 774 1073; x_wconf 80' lang='grc' dir='ltr'>Αίτησαι</span> <span class='ocrx_word' id='word_1_89' title='bbox 804 1001 1013 1072; x_wconf 80' lang='grc' dir='ltr'><strong>σεαυτῷ</strong></span> <span class='ocrx_word' id='word_1_90' title='bbox 1042 1003 1191 1074; x_wconf 81' lang='grc' dir='ltr'>παρὰ</span> <span class='ocrx_word' id='word_1_91' title='bbox 1217 1002 1422 1073; x_wconf 79' lang='grc' dir='ltr'>Κυρίου</span> <span class='ocrx_word' id='word_1_92' title='bbox 1452 1002 1544 1056; x_wconf 87' lang='grc' dir='ltr'><strong>τοῦ</strong></span> <span class='ocrx_word' id='word_1_93' title='bbox 1573 1004 1707 1058; x_wconf 92' lang='grc' dir='ltr'>Θεοῦ</span> <span class='ocrx_word' id='word_1_94' title='bbox 1740 1023 1832 1059; x_wconf 90' lang='grc' dir='ltr'><strong>σου</strong></span> <span class='ocrx_word' id='word_1_95' title='bbox 1856 1024 1870 1036; x_wconf 86' lang='grc'><strong>·</strong></span> 
     </span>
    </p>
   </div>
   <div class='ocr_carea' id='block_1_13' title="bbox 291 1093 1875 1167">
    <p class='ocr_par' dir='ltr' id='par_1_13' title="bbox 291 1093 1875 1167">
     <span class='ocr_line' id='line_1_13' title="bbox 291 1093 1875 1167; baseline 0.003 -20"><span class='ocrx_word' id='word_1_96' title='bbox 291 1093 505 1163; x_wconf 79' lang='grc' dir='ltr'>βάθυνον</span> <span class='ocrx_word' id='word_1_97' title='bbox 529 1097 611 1158; x_wconf 80' lang='grc' dir='ltr'>εἰς</span> <span class='ocrx_word' id='word_1_98' title='bbox 641 1096 801 1167; x_wconf 74' lang='grc' dir='ltr'>ᾅδην,</span> <span class='ocrx_word' id='word_1_99' title='bbox 836 1095 1053 1163; x_wconf 70' lang='grc' dir='ltr'>ῦψωσον</span> <span class='ocrx_word' id='word_1_100' title='bbox 1092 1094 1223 1148; x_wconf 77' lang='grc' dir='ltr'>ἀνω.</span> <span class='ocrx_word' id='word_1_101' title='bbox 1264 1114 1283 1147; x_wconf 98' lang='lat'><strong>3</strong></span> <span class='ocrx_word' id='word_1_102' title='bbox 1319 1095 1609 1150; x_wconf 88' lang='grc' dir='ltr'>Κελεύεται</span> <span class='ocrx_word' id='word_1_103' title='bbox 1642 1097 1821 1152; x_wconf 78' lang='grc' dir='ltr'>τοίνυν</span> <span class='ocrx_word' id='word_1_104' title='bbox 1847 1102 1875 1153; x_wconf 89' lang='lat'><strong>6</strong></span> 
     </span>
    </p>
   </div>
   <div class='ocr_carea' id='block_1_14' title="bbox 301 1180 1875 1261">
    <p class='ocr_par' dir='ltr' id='par_1_14' title="bbox 301 1180 1875 1261">
     <span class='ocr_line' id='line_1_14' title="bbox 301 1180 1875 1261; baseline 0.003 -21"><span class='ocrx_word' id='word_1_105' title='bbox 301 1186 457 1256; x_wconf 75' lang='grc' dir='ltr'>’Λχάζ</span> <span class='ocrx_word' id='word_1_106' title='bbox 490 1191 722 1259; x_wconf 87' lang='grc' dir='ltr'>σημεῖον</span> <span class='ocrx_word' id='word_1_107' title='bbox 760 1190 1017 1259; x_wconf 75' lang='grc' dir='ltr'>αἰτῆσαι,</span> <span class='ocrx_word' id='word_1_108' title='bbox 1062 1186 1130 1239; x_wconf 83' lang='grc' dir='ltr'>δι’</span> <span class='ocrx_word' id='word_1_109' title='bbox 1160 1180 1221 1240; x_wconf 74' lang='grc' dir='ltr'>οὗ</span> <span class='ocrx_word' id='word_1_110' title='bbox 1261 1186 1600 1259; x_wconf 86' lang='grc' dir='ltr'>σωθήσεσθαι</span> <span class='ocrx_word' id='word_1_111' title='bbox 1654 1189 1875 1261; x_wconf 74' lang='grc' dir='ltr'>ἔμελλεν</span> 
     </span>
    </p>
   </div>
   <div class='ocr_carea' id='block_1_15' title="bbox 287 1278 1873 1351">
    <p class='ocr_par' dir='ltr' id='par_1_15' title="bbox 287 1278 1873 1351">
     <span class='ocr_line' id='line_1_15' title="bbox 287 1278 1873 1351; baseline 0.004 -22"><span class='ocrx_word' id='word_1_112' title='bbox 287 1278 440 1341; x_wconf 73' lang='grc' dir='ltr'>αὑτός</span> <span class='ocrx_word' id='word_1_113' title='bbox 468 1296 525 1331; x_wconf 88' lang='grc' dir='ltr'><strong>τε</strong></span> <span class='ocrx_word' id='word_1_114' title='bbox 568 1280 664 1334; x_wconf 71' lang='grc' dir='ltr'><strong>καὶ</strong></span> <span class='ocrx_word' id='word_1_115' title='bbox 689 1282 718 1333; x_wconf 81' lang='lat'><strong>6</strong></span> <span class='ocrx_word' id='word_1_116' title='bbox 762 1282 859 1334; x_wconf 79' lang='grc' dir='ltr'><strong>σὺν</strong></span> <span class='ocrx_word' id='word_1_117' title='bbox 884 1278 1035 1351; x_wconf 75' lang='grc' dir='ltr'>αὐτῷ</span> <span class='ocrx_word' id='word_1_118' title='bbox 1074 1279 1217 1342; x_wconf 83' lang='grc' dir='ltr'>λαός.</span> <span class='ocrx_word' id='word_1_119' title='bbox 1260 1279 1536 1344; x_wconf 80' lang='grc' dir='ltr'>Ἐξουσίαν</span> <span class='ocrx_word' id='word_1_120' title='bbox 1574 1281 1630 1335; x_wconf 82' lang='grc' dir='ltr'>δὲ</span> <span class='ocrx_word' id='word_1_121' title='bbox 1661 1282 1873 1337; x_wconf 85' lang='grc' dir='ltr'>δίδωσιν</span> 
     </span>
    </p>
   </div>
   <div class='ocr_carea' id='block_1_16' title="bbox 289 1369 1873 1445">
    <p class='ocr_par' dir='ltr' id='par_1_16' title="bbox 289 1369 1873 1445">
     <span class='ocr_line' id='line_1_16' title="bbox 289 1369 1873 1445; baseline 0.006 -24"><span class='ocrx_word' id='word_1_122' title='bbox 289 1369 434 1440; x_wconf 71' lang='grc' dir='ltr'>αὐτῷ</span> <span class='ocrx_word' id='word_1_123' title='bbox 474 1374 503 1425; x_wconf 90' lang='lat'><strong>6</strong></span> <span class='ocrx_word' id='word_1_124' title='bbox 536 1373 671 1435; x_wconf 89' lang='grc' dir='ltr'>Θεὸς</span> <span class='ocrx_word' id='word_1_125' title='bbox 714 1372 982 1443; x_wconf 77' lang='grc' dir='ltr'>αἱρέσεως</span> <span class='ocrx_word' id='word_1_126' title='bbox 1012 1371 1108 1425; x_wconf 83' lang='grc' dir='ltr'><strong>τοῦ</strong></span> <span class='ocrx_word' id='word_1_127' title='bbox 1145 1372 1394 1443; x_wconf 81' lang='grc' dir='ltr'>σημείου,</span> <span class='ocrx_word' id='word_1_128' title='bbox 1425 1373 1533 1426; x_wconf 79' lang='grc' dir='ltr'>εἴτε</span> <span class='ocrx_word' id='word_1_129' title='bbox 1578 1376 1643 1428; x_wconf 86' lang='grc' dir='ltr'>ὲκ</span> <span class='ocrx_word' id='word_1_130' title='bbox 1678 1374 1873 1445; x_wconf 80' lang='grc' dir='ltr'>βάθους</span> 
     </span>
    </p>
   </div>
   <div class='ocr_carea' id='block_1_17' title="bbox 291 1463 1872 1538">
    <p class='ocr_par' dir='ltr' id='par_1_17' title="bbox 291 1463 1872 1538">
     <span class='ocr_line' id='line_1_17' title="bbox 291 1463 1872 1538; baseline 0.005 -24"><span class='ocrx_word' id='word_1_131' title='bbox 291 1466 582 1534; x_wconf 70' lang='grc' dir='ltr'>αἰτήσειεν,</span> <span class='ocrx_word' id='word_1_132' title='bbox 616 1464 765 1531; x_wconf 86' lang='grc' dir='ltr'><strong>αύτῷ</strong></span> <span class='ocrx_word' id='word_1_133' title='bbox 791 1465 1013 1535; x_wconf 81' lang='grc' dir='ltr'>δοθῆναι</span> <span class='ocrx_word' id='word_1_134' title='bbox 1052 1463 1230 1527; x_wconf 85' lang='grc' dir='ltr'>τοῦτο,</span> <span class='ocrx_word' id='word_1_135' title='bbox 1276 1465 1341 1518; x_wconf 87' lang='grc' dir='ltr'>ὲκ</span> <span class='ocrx_word' id='word_1_136' title='bbox 1386 1465 1580 1535; x_wconf 83' lang='grc' dir='ltr'>βάθους</span> <span class='ocrx_word' id='word_1_137' title='bbox 1620 1469 1717 1538; x_wconf 84' lang='grc' dir='ltr'><strong>οὐχ</strong></span> <span class='ocrx_word' id='word_1_138' title='bbox 1757 1470 1872 1523; x_wconf 81' lang='grc' dir='ltr'>ἑτέ-</span> 
     </span>
    </p>
   </div>
   <div class='ocr_carea' id='block_1_18' title="bbox 296 1556 1871 1630">
    <p class='ocr_par' dir='ltr' id='par_1_18' title="bbox 296 1556 1871 1630">
     <span class='ocr_line' id='line_1_18' title="bbox 296 1556 1871 1630; baseline 0.003 -20"><span class='ocrx_word' id='word_1_139' title='bbox 296 1576 388 1629; x_wconf 72' lang='grc' dir='ltr'><strong>ρον</strong></span> <span class='ocrx_word' id='word_1_140' title='bbox 432 1560 467 1629; x_wconf 78' lang='grc' dir='ltr'><strong>ἧ</strong></span> <span class='ocrx_word' id='word_1_141' title='bbox 495 1559 589 1612; x_wconf 85' lang='grc' dir='ltr'><strong>τοῦ</strong></span> <span class='ocrx_word' id='word_1_142' title='bbox 614 1559 754 1613; x_wconf 81' lang='grc' dir='ltr'>κατά</span> <span class='ocrx_word' id='word_1_143' title='bbox 783 1560 874 1613; x_wconf 79' lang='grc' dir='ltr'><strong>τὸν</strong></span> <span class='ocrx_word' id='word_1_144' title='bbox 910 1558 1048 1630; x_wconf 74' lang='grc' dir='ltr'>ᾅδην</span> <span class='ocrx_word' id='word_1_145' title='bbox 1068 1575 1079 1588; x_wconf 77' lang='grc'><strong><em>⁸</em></strong></span> <span class='ocrx_word' id='word_1_146' title='bbox 1107 1559 1215 1611; x_wconf 79' lang='grc' dir='ltr'>εἴτε</span> <span class='ocrx_word' id='word_1_147' title='bbox 1248 1556 1307 1623; x_wconf 75' lang='grc' dir='ltr'>ἐξ</span> <span class='ocrx_word' id='word_1_148' title='bbox 1346 1559 1533 1629; x_wconf 74' lang='grc' dir='ltr'>ὕψους,</span> <span class='ocrx_word' id='word_1_149' title='bbox 1564 1562 1658 1614; x_wconf 80' lang='grc' dir='ltr'>καὶ</span> <span class='ocrx_word' id='word_1_150' title='bbox 1690 1562 1871 1615; x_wconf 81' lang='grc' dir='ltr'>αὐτῶν</span> 
     </span>
    </p>
   </div>
   <div class='ocr_carea' id='block_1_19' title="bbox 299 1651 880 1723">
    <p class='ocr_par' dir='ltr' id='par_1_19' title="bbox 299 1651 880 1723">
     <span class='ocr_line' id='line_1_19' title="bbox 299 1651 880 1723; baseline 0.003 -20"><span class='ocrx_word' id='word_1_151' title='bbox 299 1651 406 1703; x_wconf 82' lang='grc' dir='ltr'><strong>τῶν</strong></span> <span class='ocrx_word' id='word_1_152' title='bbox 436 1654 549 1705; x_wconf 81' lang='grc' dir='ltr'>ἄνω</span> <span class='ocrx_word' id='word_1_153' title='bbox 584 1652 880 1723; x_wconf 80' lang='grc' dir='ltr'>μετεώρων.</span> 
     </span>
    </p>
   </div>
   <div class='ocr_carea' id='block_1_20' title="bbox 1984 456 3561 535">
    <p class='ocr_par' dir='ltr' id='par_1_20' title="bbox 1984 456 3561 535">
     <span class='ocr_line' id='line_1_20' title="bbox 1984 456 3561 535; baseline 0.005 -25"><span class='ocrx_word' id='word_1_154' title='bbox 1984 456 2036 511; x_wconf 83' lang='grc' dir='ltr'>ἰη</span> <span class='ocrx_word' id='word_1_155' title='bbox 2069 456 2415 528; x_wconf 80' lang='lat' dir='ltr'><strong>profundum,</strong></span> <span class='ocrx_word' id='word_1_156' title='bbox 2452 470 2547 515; x_wconf 89' lang='lat' dir='ltr'><strong>aut</strong></span> <span class='ocrx_word' id='word_1_157' title='bbox 2582 460 2634 514; x_wconf 91' lang='lat' dir='ltr'><strong>in</strong></span> <span class='ocrx_word' id='word_1_158' title='bbox 2658 460 2887 517; x_wconf 87' lang='lat' dir='ltr'><strong>altum.3</strong></span> <span class='ocrx_word' id='word_1_159' title='bbox 2922 460 3027 516; x_wconf 83' lang='lat' dir='ltr'><strong>Pro</strong></span> <span class='ocrx_word' id='word_1_160' title='bbox 3056 462 3169 529; x_wconf 89' lang='lat' dir='ltr'><strong>illo,</strong></span> <span class='ocrx_word' id='word_1_161' title='bbox 3205 482 3223 515; x_wconf 79' lang='grc' dir='ltr'><strong>ι</strong></span> <span class='ocrx_word' id='word_1_162' title='bbox 3252 464 3306 519; x_wconf 91' lang='lat' dir='ltr'><strong>in</strong></span> <span class='ocrx_word' id='word_1_163' title='bbox 3338 464 3561 535; x_wconf 82' lang='lat' dir='ltr'><strong>profun-</strong></span> 
     </span>
    </p>
   </div>
   <div class='ocr_carea' id='block_1_21' title="bbox 1980 551 3562 626">
    <p class='ocr_par' dir='ltr' id='par_1_21' title="bbox 1980 551 3562 626">
     <span class='ocr_line' id='line_1_21' title="bbox 1980 551 3562 626; baseline 0 -20"><span class='ocrx_word' id='word_1_164' title='bbox 1980 551 2131 616; x_wconf 90' lang='lat' dir='ltr'><strong>dum,</strong></span> <span class='ocrx_word' id='word_1_165' title='bbox 2181 561 2276 606; x_wconf 87' lang='lat' dir='ltr'><strong>aut</strong></span> <span class='ocrx_word' id='word_1_166' title='bbox 2343 553 2396 607; x_wconf 88' lang='lat' dir='ltr'><strong>in</strong></span> <span class='ocrx_word' id='word_1_167' title='bbox 2446 552 2655 611; x_wconf 87' lang='lat' dir='ltr'><strong>altum.</strong></span> <span class='ocrx_word' id='word_1_168' title='bbox 2689 573 2708 605; x_wconf 92' lang='lat'><strong>3</strong></span> <span class='ocrx_word' id='word_1_169' title='bbox 2764 552 3127 624; x_wconf 86' lang='lat' dir='ltr'><strong>Symmachus</strong></span> <span class='ocrx_word' id='word_1_170' title='bbox 3180 555 3400 626; x_wconf 86' lang='lat' dir='ltr'><strong>quidem</strong></span> <span class='ocrx_word' id='word_1_171' title='bbox 3464 557 3562 618; x_wconf 83' lang='lat' dir='ltr'><strong>ait,</strong></span> 
     </span>
    </p>
   </div>
   <div class='ocr_carea' id='block_1_22' title="bbox 1987 642 3560 715">
    <p class='ocr_par' dir='ltr' id='par_1_22' title="bbox 1987 642 3560 715">
     <span class='ocr_line' id='line_1_22' title="bbox 1987 642 3560 715; baseline 0.004 -22"><span class='ocrx_word' id='word_1_172' title='bbox 1987 659 2005 693; x_wconf 79' lang='grc' dir='ltr'><strong>ι</strong></span> <span class='ocrx_word' id='word_1_173' title='bbox 2034 642 2164 696; x_wconf 85' lang='lat' dir='ltr'><strong>Pete</strong></span> <span class='ocrx_word' id='word_1_174' title='bbox 2193 642 2288 697; x_wconf 92' lang='lat' dir='ltr'><strong>tibi</strong></span> <span class='ocrx_word' id='word_1_175' title='bbox 2314 642 2529 711; x_wconf 88' lang='lat' dir='ltr'><strong>signum</strong></span> <span class='ocrx_word' id='word_1_176' title='bbox 2559 659 2588 696; x_wconf 89' lang='lat' dir='ltr'><strong>a</strong></span> <span class='ocrx_word' id='word_1_177' title='bbox 2623 643 2853 700; x_wconf 91' lang='lat' dir='ltr'><strong>Domino</strong></span> <span class='ocrx_word' id='word_1_178' title='bbox 2901 644 3012 700; x_wconf 93' lang='lat' dir='ltr'><strong>Deo</strong></span> <span class='ocrx_word' id='word_1_179' title='bbox 3052 653 3171 712; x_wconf 92' lang='lat' dir='ltr'><strong>tuo,</strong></span> <span class='ocrx_word' id='word_1_180' title='bbox 3224 647 3468 715; x_wconf 81' lang='lat' dir='ltr'><strong>deprime</strong></span> <span class='ocrx_word' id='word_1_181' title='bbox 3505 646 3560 701; x_wconf 89' lang='lat' dir='ltr'><strong>in</strong></span> 
     </span>
    </p>
   </div>
   <div class='ocr_carea' id='block_1_23' title="bbox 1979 731 3561 806">
    <p class='ocr_par' dir='ltr' id='par_1_23' title="bbox 1979 731 3561 806">
     <span class='ocr_line' id='line_1_23' title="bbox 1979 731 3561 806; baseline 0.004 -20"><span class='ocrx_word' id='word_1_182' title='bbox 1979 731 2275 796; x_wconf 79' lang='lat' dir='ltr'><strong>infernum,</strong></span> <span class='ocrx_word' id='word_1_183' title='bbox 2302 744 2398 789; x_wconf 90' lang='lat' dir='ltr'><strong>aut</strong></span> <span class='ocrx_word' id='word_1_184' title='bbox 2441 736 2495 789; x_wconf 91' lang='lat' dir='ltr'><strong>in</strong></span> <span class='ocrx_word' id='word_1_185' title='bbox 2536 736 2810 791; x_wconf 80' lang='lat' dir='ltr'><strong>excelsum</strong></span> <span class='ocrx_word' id='word_1_186' title='bbox 2857 751 3056 805; x_wconf 81' lang='lat' dir='ltr'><strong>supra;</strong></span> <span class='ocrx_word' id='word_1_187' title='bbox 3090 755 3107 788; x_wconf 92' lang='lat'><strong>3</strong></span> <span class='ocrx_word' id='word_1_188' title='bbox 3165 738 3361 806; x_wconf 86' lang='lat' dir='ltr'><strong>Aquila</strong></span> <span class='ocrx_word' id='word_1_189' title='bbox 3406 754 3561 800; x_wconf 86' lang='lat' dir='ltr'><strong>vero,</strong></span> 
     </span>
    </p>
   </div>
   <div class='ocr_carea' id='block_1_24' title="bbox 1984 824 3559 899">
    <p class='ocr_par' dir='ltr' id='par_1_24' title="bbox 1984 824 3559 899">
     <span class='ocr_line' id='line_1_24' title="bbox 1984 824 3559 899; baseline 0.004 -23"><span class='ocrx_word' id='word_1_190' title='bbox 1984 843 2002 876; x_wconf 78' lang='grc' dir='ltr'><strong>ι</strong></span> <span class='ocrx_word' id='word_1_191' title='bbox 2026 824 2175 896; x_wconf 85' lang='lat' dir='ltr'><strong>Roga</strong></span> <span class='ocrx_word' id='word_1_192' title='bbox 2218 827 2315 882; x_wconf 89' lang='lat' dir='ltr'><strong>tibi</strong></span> <span class='ocrx_word' id='word_1_193' title='bbox 2341 828 2554 898; x_wconf 89' lang='lat' dir='ltr'><strong>signum</strong></span> <span class='ocrx_word' id='word_1_194' title='bbox 2590 843 2618 883; x_wconf 85' lang='lat' dir='ltr'><strong>a</strong></span> <span class='ocrx_word' id='word_1_195' title='bbox 2652 828 2880 883; x_wconf 92' lang='lat' dir='ltr'><strong>Domino</strong></span> <span class='ocrx_word' id='word_1_196' title='bbox 2910 830 3021 884; x_wconf 92' lang='lat' dir='ltr'><strong>Deo</strong></span> <span class='ocrx_word' id='word_1_197' title='bbox 3066 839 3179 892; x_wconf 91' lang='lat' dir='ltr'><strong>tuo,</strong></span> <span class='ocrx_word' id='word_1_198' title='bbox 3229 828 3477 899; x_wconf 85' lang='lat' dir='ltr'><strong>deprime</strong></span> <span class='ocrx_word' id='word_1_199' title='bbox 3507 832 3559 884; x_wconf 92' lang='lat' dir='ltr'><strong>iu</strong></span> 
     </span>
    </p>
   </div>
   <div class='ocr_carea' id='block_1_25' title="bbox 1978 917 3557 987">
    <p class='ocr_par' dir='ltr' id='par_1_25' title="bbox 1978 917 3557 987">
     <span class='ocr_line' id='line_1_25' title="bbox 1978 917 3557 987; baseline 0.004 -17"><span class='ocrx_word' id='word_1_200' title='bbox 1978 917 2274 983; x_wconf 82' lang='lat' dir='ltr'><strong>infernum,</strong></span> <span class='ocrx_word' id='word_1_201' title='bbox 2304 919 2453 975; x_wconf 87' lang='lat' dir='ltr'><strong>eleva</strong></span> <span class='ocrx_word' id='word_1_202' title='bbox 2492 920 2543 975; x_wconf 92' lang='lat' dir='ltr'><strong>in</strong></span> <span class='ocrx_word' id='word_1_203' title='bbox 2583 919 2786 985; x_wconf 89' lang='lat' dir='ltr'><strong>altum;</strong></span> <span class='ocrx_word' id='word_1_204' title='bbox 2813 939 2832 972; x_wconf 96' lang='lat'><strong>3</strong></span> <span class='ocrx_word' id='word_1_205' title='bbox 2882 919 3206 987; x_wconf 84' lang='lat' dir='ltr'><strong>Theodotio,</strong></span> <span class='ocrx_word' id='word_1_206' title='bbox 3241 941 3259 973; x_wconf 74' lang='grc' dir='ltr'><strong>ι</strong></span> <span class='ocrx_word' id='word_1_207' title='bbox 3290 922 3421 977; x_wconf 78' lang='lat' dir='ltr'><strong>Pete</strong></span> <span class='ocrx_word' id='word_1_208' title='bbox 3464 922 3557 976; x_wconf 90' lang='lat' dir='ltr'><strong>tibi</strong></span> 
     </span>
    </p>
   </div>
   <div class='ocr_carea' id='block_1_26' title="bbox 1978 1011 3555 1082">
    <p class='ocr_par' dir='ltr' id='par_1_26' title="bbox 1978 1011 3555 1082">
     <span class='ocr_line' id='line_1_26' title="bbox 1978 1011 3555 1082; baseline 0.003 -17"><span class='ocrx_word' id='word_1_209' title='bbox 1978 1011 2192 1081; x_wconf 90' lang='lat' dir='ltr'><strong>signum</strong></span> <span class='ocrx_word' id='word_1_210' title='bbox 2231 1027 2258 1066; x_wconf 88' lang='lat' dir='ltr'><strong>a</strong></span> <span class='ocrx_word' id='word_1_211' title='bbox 2311 1012 2541 1066; x_wconf 92' lang='lat' dir='ltr'><strong>Domino</strong></span> <span class='ocrx_word' id='word_1_212' title='bbox 2572 1013 2679 1067; x_wconf 91' lang='lat' dir='ltr'><strong>Deo</strong></span> <span class='ocrx_word' id='word_1_213' title='bbox 2739 1022 2851 1077; x_wconf 90' lang='lat' dir='ltr'><strong>tuo,</strong></span> <span class='ocrx_word' id='word_1_214' title='bbox 2884 1012 3126 1082; x_wconf 85' lang='lat' dir='ltr'><strong>deprime</strong></span> <span class='ocrx_word' id='word_1_215' title='bbox 3157 1016 3210 1069; x_wconf 93' lang='lat' dir='ltr'><strong>in</strong></span> <span class='ocrx_word' id='word_1_216' title='bbox 3264 1014 3555 1080; x_wconf 78' lang='lat' dir='ltr'><strong>infernum,</strong></span> 
     </span>
    </p>
   </div>
   <div class='ocr_carea' id='block_1_27' title="bbox 1976 1102 3555 1177">
    <p class='ocr_par' dir='ltr' id='par_1_27' title="bbox 1976 1102 3555 1177">
     <span class='ocr_line' id='line_1_27' title="bbox 1976 1102 3555 1177; baseline 0.002 -20"><span class='ocrx_word' id='word_1_217' title='bbox 1976 1102 2130 1158; x_wconf 90' lang='lat' dir='ltr'><strong>eleva</strong></span> <span class='ocrx_word' id='word_1_218' title='bbox 2161 1104 2214 1158; x_wconf 91' lang='lat' dir='ltr'><strong>in</strong></span> <span class='ocrx_word' id='word_1_219' title='bbox 2242 1102 2463 1158; x_wconf 89' lang='lat' dir='ltr'><strong>altum.3</strong></span> <span class='ocrx_word' id='word_1_220' title='bbox 2491 1102 2717 1159; x_wconf 81' lang='lat' dir='ltr'><strong>Juhetur</strong></span> <span class='ocrx_word' id='word_1_221' title='bbox 2741 1119 2870 1175; x_wconf 84' lang='lat' dir='ltr'><strong>ergo</strong></span> <span class='ocrx_word' id='word_1_222' title='bbox 2898 1105 3079 1159; x_wconf 82' lang='lat' dir='ltr'><strong>Achaz</strong></span> <span class='ocrx_word' id='word_1_223' title='bbox 3105 1106 3320 1177; x_wconf 88' lang='lat' dir='ltr'><strong>signum</strong></span> <span class='ocrx_word' id='word_1_224' title='bbox 3347 1116 3555 1176; x_wconf 92' lang='lat' dir='ltr'><strong>petere,</strong></span> 
     </span>
    </p>
   </div>
   <div class='ocr_carea' id='block_1_28' title="bbox 1976 1197 3555 1267">
    <p class='ocr_par' dir='ltr' id='par_1_28' title="bbox 1976 1197 3555 1267">
     <span class='ocr_line' id='line_1_28' title="bbox 1976 1197 3555 1267; baseline 0.004 -18"><span class='ocrx_word' id='word_1_225' title='bbox 1976 1212 2083 1266; x_wconf 89' lang='lat' dir='ltr'><strong>quo</strong></span> <span class='ocrx_word' id='word_1_226' title='bbox 2118 1206 2231 1251; x_wconf 92' lang='lat' dir='ltr'><strong>tum</strong></span> <span class='ocrx_word' id='word_1_227' title='bbox 2279 1197 2413 1266; x_wconf 85' lang='lat' dir='ltr'><strong>ipse,</strong></span> <span class='ocrx_word' id='word_1_228' title='bbox 2466 1207 2575 1251; x_wconf 91' lang='lat' dir='ltr'><strong>tum</strong></span> <span class='ocrx_word' id='word_1_229' title='bbox 2611 1197 2835 1267; x_wconf 87' lang='lat' dir='ltr'><strong>populus</strong></span> <span class='ocrx_word' id='word_1_230' title='bbox 2875 1197 2991 1266; x_wconf 85' lang='lat' dir='ltr'><strong>ejus</strong></span> <span class='ocrx_word' id='word_1_231' title='bbox 3023 1199 3249 1254; x_wconf 86' lang='lat' dir='ltr'><strong>salutem</strong></span> <span class='ocrx_word' id='word_1_232' title='bbox 3290 1214 3555 1256; x_wconf 90' lang='lat' dir='ltr'><strong>consecu-</strong></span> 
     </span>
    </p>
   </div>
   <div class='ocr_carea' id='block_1_29' title="bbox 1978 1287 3556 1361">
    <p class='ocr_par' dir='ltr' id='par_1_29' title="bbox 1978 1287 3556 1361">
     <span class='ocr_line' id='line_1_29' title="bbox 1978 1287 3556 1361; baseline 0.003 -18"><span class='ocrx_word' id='word_1_233' title='bbox 1978 1300 2130 1343; x_wconf 89' lang='lat' dir='ltr'><strong>turus</strong></span> <span class='ocrx_word' id='word_1_234' title='bbox 2176 1299 2315 1343; x_wconf 91' lang='lat' dir='ltr'><strong>erat.</strong></span> <span class='ocrx_word' id='word_1_235' title='bbox 2378 1287 2716 1343; x_wconf 87' lang='lat' dir='ltr'><strong>Facultatem</strong></span> <span class='ocrx_word' id='word_1_236' title='bbox 2757 1300 2937 1344; x_wconf 89' lang='lat' dir='ltr'><strong>autem</strong></span> <span class='ocrx_word' id='word_1_237' title='bbox 2997 1291 3096 1361; x_wconf 88' lang='lat' dir='ltr'><strong>ipsi</strong></span> <span class='ocrx_word' id='word_1_238' title='bbox 3148 1292 3355 1361; x_wconf 66' lang='lat' dir='ltr'><strong>praabet</strong></span> <span class='ocrx_word' id='word_1_239' title='bbox 3411 1292 3556 1349; x_wconf 78' lang='lat' dir='ltr'><strong>Deus</strong></span> 
     </span>
    </p>
   </div>
   <div class='ocr_carea' id='block_1_30' title="bbox 1976 1380 3549 1453">
    <p class='ocr_par' dir='ltr' id='par_1_30' title="bbox 1976 1380 3549 1453">
     <span class='ocr_line' id='line_1_30' title="bbox 1976 1380 3549 1453; baseline 0.003 -20"><span class='ocrx_word' id='word_1_240' title='bbox 1976 1380 2203 1450; x_wconf 88' lang='lat' dir='ltr'><strong>eligendi</strong></span> <span class='ocrx_word' id='word_1_241' title='bbox 2236 1380 2399 1449; x_wconf 86' lang='lat' dir='ltr'><strong>signi.</strong></span> <span class='ocrx_word' id='word_1_242' title='bbox 2449 1394 2513 1433; x_wconf 90' lang='lat' dir='ltr'><strong>ac</strong></span> <span class='ocrx_word' id='word_1_243' title='bbox 2545 1381 2588 1435; x_wconf 92' lang='lat' dir='ltr'><strong>si</strong></span> <span class='ocrx_word' id='word_1_244' title='bbox 2636 1396 2702 1434; x_wconf 78' lang='lat' dir='ltr'><strong>ex</strong></span> <span class='ocrx_word' id='word_1_245' title='bbox 2746 1380 3019 1450; x_wconf 79' lang='lat' dir='ltr'><strong>profundo</strong></span> <span class='ocrx_word' id='word_1_246' title='bbox 3063 1390 3248 1452; x_wconf 90' lang='lat' dir='ltr'><strong>petat;</strong></span> <span class='ocrx_word' id='word_1_247' title='bbox 3306 1399 3373 1439; x_wconf 84' lang='lat' dir='ltr'><strong>ex</strong></span> <span class='ocrx_word' id='word_1_248' title='bbox 3422 1399 3549 1453; x_wconf 84' lang='lat' dir='ltr'><strong>pro-</strong></span> 
     </span>
    </p>
   </div>
   <div class='ocr_carea' id='block_1_31' title="bbox 1977 1469 3557 1541">
    <p class='ocr_par' dir='ltr' id='par_1_31' title="bbox 1977 1469 3557 1541">
     <span class='ocr_line' id='line_1_31' title="bbox 1977 1469 3557 1541; baseline 0.004 -18"><span class='ocrx_word' id='word_1_249' title='bbox 1977 1469 2164 1533; x_wconf 83' lang='lat' dir='ltr'><strong>fundo,</strong></span> <span class='ocrx_word' id='word_1_250' title='bbox 2209 1486 2315 1524; x_wconf 91' lang='lat' dir='ltr'><strong>non</strong></span> <span class='ocrx_word' id='word_1_251' title='bbox 2342 1472 2448 1525; x_wconf 87' lang='lat' dir='ltr'><strong>alio</strong></span> <span class='ocrx_word' id='word_1_252' title='bbox 2477 1471 2689 1525; x_wconf 90' lang='lat' dir='ltr'><strong>scilicet</strong></span> <span class='ocrx_word' id='word_1_253' title='bbox 2730 1488 2890 1541; x_wconf 88' lang='lat' dir='ltr'><strong>quam</strong></span> <span class='ocrx_word' id='word_1_254' title='bbox 2934 1473 3177 1538; x_wconf 81' lang='lat' dir='ltr'><strong>inferno,</strong></span> <span class='ocrx_word' id='word_1_255' title='bbox 3223 1490 3282 1529; x_wconf 92' lang='lat' dir='ltr'><strong>se</strong></span> <span class='ocrx_word' id='word_1_256' title='bbox 3321 1491 3557 1530; x_wconf 83' lang='lat' dir='ltr'><strong>conces-</strong></span> 
     </span>
    </p>
   </div>
   <div class='ocr_carea' id='block_1_32' title="bbox 1976 1565 3552 1638">
    <p class='ocr_par' dir='ltr' id='par_1_32' title="bbox 1976 1565 3552 1638">
     <span class='ocr_line' id='line_1_32' title="bbox 1976 1565 3552 1638; baseline 0.005 -21"><span class='ocrx_word' id='word_1_257' title='bbox 1976 1578 2197 1630; x_wconf 75' lang='lat' dir='ltr'><strong>surum;</strong></span> <span class='ocrx_word' id='word_1_258' title='bbox 2236 1566 2281 1617; x_wconf 83' lang='lat' dir='ltr'><strong>si</strong></span> <span class='ocrx_word' id='word_1_259' title='bbox 2307 1579 2436 1618; x_wconf 89' lang='lat' dir='ltr'><strong>vero</strong></span> <span class='ocrx_word' id='word_1_260' title='bbox 2462 1580 2528 1619; x_wconf 82' lang='lat' dir='ltr'><strong>ex</strong></span> <span class='ocrx_word' id='word_1_261' title='bbox 2567 1565 2697 1629; x_wconf 91' lang='lat' dir='ltr'><strong>alto,</strong></span> <span class='ocrx_word' id='word_1_262' title='bbox 2731 1574 2825 1618; x_wconf 90' lang='lat' dir='ltr'><strong>aut</strong></span> <span class='ocrx_word' id='word_1_263' title='bbox 2859 1579 2925 1619; x_wconf 81' lang='lat' dir='ltr'><strong>ex</strong></span> <span class='ocrx_word' id='word_1_264' title='bbox 2953 1566 3363 1624; x_wconf 83' lang='lat' dir='ltr'><strong>sublimioribus</strong></span> <span class='ocrx_word' id='word_1_265' title='bbox 3391 1569 3552 1638; x_wconf 87' lang='lat' dir='ltr'><strong>locis,</strong></span> 
     </span>
    </p>
   </div>
   <div class='ocr_carea' id='block_1_33' title="bbox 1975 1655 2626 1723">
    <p class='ocr_par' dir='ltr' id='par_1_33' title="bbox 1975 1655 2626 1723">
     <span class='ocr_line' id='line_1_33' title="bbox 1975 1655 2626 1723; baseline -0.002 -15"><span class='ocrx_word' id='word_1_266' title='bbox 1975 1670 2033 1708; x_wconf 89' lang='lat' dir='ltr'><strong>se</strong></span> <span class='ocrx_word' id='word_1_267' title='bbox 2062 1656 2311 1708; x_wconf 86' lang='lat' dir='ltr'><strong>daturum</strong></span> <span class='ocrx_word' id='word_1_268' title='bbox 2340 1655 2626 1723; x_wconf 89' lang='lat' dir='ltr'><strong>pollicetur</strong></span> 
     </span>
    </p>
   </div>
   <div class='ocr_carea' id='block_1_34' title="bbox 384 1732 1868 1817">
    <p class='ocr_par' dir='ltr' id='par_1_34' title="bbox 384 1740 1868 1817">
     <span class='ocr_line' id='line_1_34' title="bbox 384 1740 1868 1817; baseline 0.001 -22"><span class='ocrx_word' id='word_1_269' title='bbox 384 1763 402 1795; x_wconf 77' lang='grc' dir='ltr'><strong>ι</strong></span> <span class='ocrx_word' id='word_1_270' title='bbox 440 1745 552 1796; x_wconf 75' lang='grc' dir='ltr'>Καῖι</span> <span class='ocrx_word' id='word_1_271' title='bbox 578 1740 720 1797; x_wconf 76' lang='grc' dir='ltr'>εἶπεν</span> <span class='ocrx_word' id='word_1_272' title='bbox 750 1742 932 1813; x_wconf 74' lang='grc' dir='ltr'>Ἀχάζ,</span> <span class='ocrx_word' id='word_1_273' title='bbox 959 1742 1035 1795; x_wconf 83' lang='grc' dir='ltr'>Ού</span> <span class='ocrx_word' id='word_1_274' title='bbox 1078 1742 1151 1814; x_wconf 83' lang='grc' dir='ltr'>μὴ</span> <span class='ocrx_word' id='word_1_275' title='bbox 1175 1744 1400 1814; x_wconf 77' lang='grc' dir='ltr'>αἰτήσω,</span> <span class='ocrx_word' id='word_1_276' title='bbox 1438 1745 1547 1798; x_wconf 80' lang='grc' dir='ltr'>οὐδ’</span> <span class='ocrx_word' id='word_1_277' title='bbox 1569 1745 1629 1810; x_wconf 82' lang='grc' dir='ltr'><strong>ού</strong></span> <span class='ocrx_word' id='word_1_278' title='bbox 1664 1745 1737 1817; x_wconf 83' lang='grc' dir='ltr'>μὴ</span> <span class='ocrx_word' id='word_1_279' title='bbox 1762 1763 1868 1799; x_wconf 84' lang='grc' dir='ltr'>πει·</span> 
     </span>
    </p>
   </div>
   <div class='ocr_carea' id='block_1_35' title="bbox 1973 1732 3551 1817">
    <p class='ocr_par' dir='ltr' id='par_1_35' title="bbox 2056 1741 3551 1816">
     <span class='ocr_line' id='line_1_35' title="bbox 2056 1741 3551 1816; baseline 0.007 -21"><span class='ocrx_word' id='word_1_280' title='bbox 2056 1741 2213 1796; x_wconf 73' lang='lat' dir='ltr'><strong>Vens.</strong></span> <span class='ocrx_word' id='word_1_281' title='bbox 2260 1743 2347 1798; x_wconf 74' lang='grc'><strong>12.</strong></span> <span class='ocrx_word' id='word_1_282' title='bbox 2396 1763 2414 1794; x_wconf 78' lang='grc' dir='ltr'><strong>ι</strong></span> <span class='ocrx_word' id='word_1_283' title='bbox 2442 1744 2507 1797; x_wconf 83' lang='grc' dir='ltr'><strong>ΕΙ.</strong></span> <span class='ocrx_word' id='word_1_284' title='bbox 2537 1746 2676 1798; x_wconf 80' lang='lat' dir='ltr'><strong>dixit</strong></span> <span class='ocrx_word' id='word_1_285' title='bbox 2706 1746 2912 1811; x_wconf 84' lang='lat' dir='ltr'><strong>Acnaz,</strong></span> <span class='ocrx_word' id='word_1_286' title='bbox 2944 1745 3060 1802; x_wconf 86' lang='lat' dir='ltr'><strong>Non</strong></span> <span class='ocrx_word' id='word_1_287' title='bbox 3090 1758 3269 1816; x_wconf 83' lang='lat' dir='ltr'><strong>petam</strong></span> <span class='ocrx_word' id='word_1_288' title='bbox 3292 1794 3305 1816; x_wconf 94' lang='lat'><strong>,</strong></span> <span class='ocrx_word' id='word_1_289' title='bbox 3352 1759 3409 1805; x_wconf 85' lang='lat' dir='ltr'><strong>et</strong></span> <span class='ocrx_word' id='word_1_290' title='bbox 3443 1766 3551 1805; x_wconf 89' lang='lat' dir='ltr'><strong>non</strong></span> 
     </span>
    </p>
   </div>
   <div class='ocr_carea' id='block_1_36' title="bbox 318 1832 1871 1908">
    <p class='ocr_par' dir='ltr' id='par_1_36' title="bbox 318 1832 1871 1908">
     <span class='ocr_line' id='line_1_36' title="bbox 318 1832 1871 1908; baseline -0.001 -19"><span class='ocrx_word' id='word_1_291' title='bbox 318 1836 472 1907; x_wconf 89' lang='grc' dir='ltr'>ράσω</span> <span class='ocrx_word' id='word_1_292' title='bbox 507 1836 717 1907; x_wconf 83' lang='grc' dir='ltr'>Κύριον.</span> <span class='ocrx_word' id='word_1_293' title='bbox 761 1856 779 1888; x_wconf 96' lang='lat'><strong>3</strong></span> <span class='ocrx_word' id='word_1_294' title='bbox 819 1837 1114 1889; x_wconf 75' lang='grc' dir='ltr'>’Δναίνεται</span> <span class='ocrx_word' id='word_1_295' title='bbox 1160 1837 1224 1907; x_wconf 85' lang='grc' dir='ltr'>δὴ</span> <span class='ocrx_word' id='word_1_296' title='bbox 1266 1832 1379 1900; x_wconf 75' lang='grc' dir='ltr'>οὖν,</span> <span class='ocrx_word' id='word_1_297' title='bbox 1426 1836 1521 1891; x_wconf 82' lang='grc' dir='ltr'>ἆτε</span> <span class='ocrx_word' id='word_1_298' title='bbox 1556 1838 1620 1908; x_wconf 81' lang='grc' dir='ltr'>δὴ</span> <span class='ocrx_word' id='word_1_299' title='bbox 1669 1836 1871 1908; x_wconf 81' lang='grc' dir='ltr'>ἀσεϐὴς</span> 
     </span>
    </p>
   </div>
   <div class='ocr_carea' id='block_1_37' title="bbox 318 1928 1870 2001">
    <p class='ocr_par' dir='ltr' id='par_1_37' title="bbox 318 1928 1870 2001">
     <span class='ocr_line' id='line_1_37' title="bbox 318 1928 1870 2001; baseline 0.002 -21"><span class='ocrx_word' id='word_1_300' title='bbox 318 1928 417 1991; x_wconf 71' lang='grc' dir='ltr'><strong>ὢν,</strong></span> <span class='ocrx_word' id='word_1_301' title='bbox 444 1928 537 1981; x_wconf 71' lang='grc' dir='ltr'>καὶ</span> <span class='ocrx_word' id='word_1_302' title='bbox 562 1928 629 1999; x_wconf 78' lang='grc' dir='ltr'>μὴ</span> <span class='ocrx_word' id='word_1_303' title='bbox 648 1928 943 2000; x_wconf 81' lang='grc' dir='ltr'>πειθαρχῶν</span> <span class='ocrx_word' id='word_1_304' title='bbox 968 1928 1045 1999; x_wconf 82' lang='grc' dir='ltr'><strong>τῷ</strong></span> <span class='ocrx_word' id='word_1_305' title='bbox 1060 1929 1178 2000; x_wconf 83' lang='grc' dir='ltr'>Θεῷ</span> <span class='ocrx_word' id='word_1_306' title='bbox 1202 1928 1495 1993; x_wconf 87' lang='grc' dir='ltr'>κελεύοντι,</span> <span class='ocrx_word' id='word_1_307' title='bbox 1526 1928 1601 2001; x_wconf 84' lang='grc' dir='ltr'><strong>μὴ</strong></span> <span class='ocrx_word' id='word_1_308' title='bbox 1625 1928 1680 1982; x_wconf 82' lang='grc' dir='ltr'>δὲ</span> <span class='ocrx_word' id='word_1_309' title='bbox 1702 1930 1870 1983; x_wconf 86' lang='grc' dir='ltr'>θέλων</span> 
     </span>
    </p>
   </div>
   <div class='ocr_carea' id='block_1_38' title="bbox 326 2019 1873 2093">
    <p class='ocr_par' dir='ltr' id='par_1_38' title="bbox 326 2019 1873 2093">
     <span class='ocr_line' id='line_1_38' title="bbox 326 2019 1873 2093; baseline 0.001 -20"><span class='ocrx_word' id='word_1_310' title='bbox 326 2020 620 2091; x_wconf 70' lang='grc' dir='ltr'>ἀπόπειραν</span> <span class='ocrx_word' id='word_1_311' title='bbox 645 2020 823 2075; x_wconf 84' lang='grc' dir='ltr'>λαϐεῖν</span> <span class='ocrx_word' id='word_1_312' title='bbox 858 2024 952 2090; x_wconf 75' lang='grc' dir='ltr'><strong>τῆς</strong></span> <span class='ocrx_word' id='word_1_313' title='bbox 974 2021 1061 2074; x_wconf 87' lang='grc' dir='ltr'><strong>τοῦ</strong></span> <span class='ocrx_word' id='word_1_314' title='bbox 1094 2020 1228 2074; x_wconf 90' lang='grc' dir='ltr'>Θεοῦ</span> <span class='ocrx_word' id='word_1_315' title='bbox 1264 2019 1693 2093; x_wconf 82' lang='grc' dir='ltr'>παραδοξοποιοῦ</span> <span class='ocrx_word' id='word_1_316' title='bbox 1723 2021 1873 2075; x_wconf 87' lang='grc' dir='ltr'>δυνά·</span> 
     </span>
    </p>
   </div>
   <div class='ocr_carea' id='block_1_39' title="bbox 329 2128 491 2181">
    <p class='ocr_par' dir='ltr' id='par_1_39' title="bbox 329 2128 491 2181">
     <span class='ocr_line' id='line_1_39' title="bbox 329 2128 491 2181; baseline 0 0"><span class='ocrx_word' id='word_1_317' title='bbox 329 2128 491 2181; x_wconf 80' lang='grc' dir='ltr'>μεως-</span> 
     </span>
    </p>
   </div>
   <div class='ocr_carea' id='block_1_40' title="bbox 391 2196 1871 2273">
    <p class='ocr_par' dir='ltr' id='par_1_40' title="bbox 391 2196 1871 2273">
     <span class='ocr_line' id='line_1_40' title="bbox 391 2196 1871 2273; baseline -0.001 -19"><span class='ocrx_word' id='word_1_318' title='bbox 391 2221 411 2253; x_wconf 74' lang='grc' dir='ltr'><strong><em>σ</em></strong></span> <span class='ocrx_word' id='word_1_319' title='bbox 439 2203 539 2254; x_wconf 79' lang='grc' dir='ltr'>Καὶ</span> <span class='ocrx_word' id='word_1_320' title='bbox 569 2201 719 2255; x_wconf 79' lang='grc' dir='ltr'>εἶπεν</span> <span class='ocrx_word' id='word_1_321' title='bbox 739 2220 751 2231; x_wconf 75' lang='grc' dir='ltr'><strong>ο</strong></span> <span class='ocrx_word' id='word_1_322' title='bbox 800 2201 1087 2255; x_wconf 80' lang='grc' dir='ltr'>Ἀκούσατε</span> <span class='ocrx_word' id='word_1_323' title='bbox 1118 2203 1202 2271; x_wconf 84' lang='grc' dir='ltr'><strong>δὴ,</strong></span> <span class='ocrx_word' id='word_1_324' title='bbox 1232 2196 1380 2267; x_wconf 78' lang='grc' dir='ltr'>οἶκος</span> <span class='ocrx_word' id='word_1_325' title='bbox 1417 2201 1606 2256; x_wconf 78' lang='grc' dir='ltr'><strong>Δαυῖδ·</strong></span> <span class='ocrx_word' id='word_1_326' title='bbox 1655 2202 1745 2273; x_wconf 81' lang='grc' dir='ltr'><strong>Μὴ</strong></span> <span class='ocrx_word' id='word_1_327' title='bbox 1783 2220 1871 2273; x_wconf 90' lang='grc' dir='ltr'>μι-</span> 
     </span>
    </p>
   </div>
   <div class='ocr_carea' id='block_1_41' title="bbox 308 2294 1869 2367">
    <p class='ocr_par' dir='ltr' id='par_1_41' title="bbox 308 2294 1869 2367">
     <span class='ocr_line' id='line_1_41' title="bbox 308 2294 1869 2367; baseline 0.001 -22"><span class='ocrx_word' id='word_1_328' title='bbox 308 2294 435 2364; x_wconf 87' lang='grc' dir='ltr'>κρὸν</span> <span class='ocrx_word' id='word_1_329' title='bbox 464 2295 583 2363; x_wconf 85' lang='grc' dir='ltr'>ύμῖν</span> <span class='ocrx_word' id='word_1_330' title='bbox 628 2295 812 2362; x_wconf 82' lang='grc' dir='ltr'>ἀγῶνα</span> <span class='ocrx_word' id='word_1_331' title='bbox 855 2296 1118 2367; x_wconf 88' lang='grc' dir='ltr'>παρέχειν</span> <span class='ocrx_word' id='word_1_332' title='bbox 1156 2294 1484 2367; x_wconf 82' lang='grc' dir='ltr'>ἀνθρώποις,</span> <span class='ocrx_word' id='word_1_333' title='bbox 1526 2294 1644 2358; x_wconf 84' lang='grc' dir='ltr'><strong>πῶς</strong></span> <span class='ocrx_word' id='word_1_334' title='bbox 1682 2294 1869 2367; x_wconf 82' lang='grc' dir='ltr'>Κυρίῳ</span> 
     </span>
    </p>
   </div>
   <div class='ocr_carea' id='block_1_42' title="bbox 302 2386 1867 2459">
    <p class='ocr_par' dir='ltr' id='par_1_42' title="bbox 302 2386 1867 2459">
     <span class='ocr_line' id='line_1_42' title="bbox 302 2386 1867 2459; baseline 0 -20"><span class='ocrx_word' id='word_1_335' title='bbox 302 2387 556 2457; x_wconf 77' lang='grc' dir='ltr'>παρέχετε</span> <span class='ocrx_word' id='word_1_336' title='bbox 585 2386 805 2455; x_wconf 80' lang='grc' dir='ltr'>ἀγῶνα;</span> <span class='ocrx_word' id='word_1_337' title='bbox 846 2406 863 2438; x_wconf 95' lang='lat'><strong>3</strong></span> <span class='ocrx_word' id='word_1_338' title='bbox 904 2387 1031 2440; x_wconf 72' lang='grc' dir='ltr'><strong>Ἐπὶ</strong></span> <span class='ocrx_word' id='word_1_339' title='bbox 1055 2390 1119 2459; x_wconf 83' lang='grc' dir='ltr'>τῇ</span> <span class='ocrx_word' id='word_1_340' title='bbox 1144 2386 1237 2440; x_wconf 87' lang='grc' dir='ltr'><strong>τοῦ</strong></span> <span class='ocrx_word' id='word_1_341' title='bbox 1266 2388 1459 2458; x_wconf 87' lang='grc' dir='ltr'>ἀνδρὸς</span> <span class='ocrx_word' id='word_1_342' title='bbox 1484 2386 1710 2458; x_wconf 82' lang='grc' dir='ltr'>ἀπονοίᾳ</span> <span class='ocrx_word' id='word_1_343' title='bbox 1742 2404 1867 2457; x_wconf 83' lang='grc' dir='ltr'>σχε-</span> 
     </span>
    </p>
   </div>
   <div class='ocr_carea' id='block_1_43' title="bbox 298 2476 1868 2550">
    <p class='ocr_par' dir='ltr' id='par_1_43' title="bbox 298 2476 1868 2550">
     <span class='ocr_line' id='line_1_43' title="bbox 298 2476 1868 2550; baseline 0.001 -21"><span class='ocrx_word' id='word_1_344' title='bbox 298 2477 513 2541; x_wconf 79' lang='grc' dir='ltr'>τλιάσας</span> <span class='ocrx_word' id='word_1_345' title='bbox 546 2480 574 2530; x_wconf 93' lang='lat'><strong>6</strong></span> <span class='ocrx_word' id='word_1_346' title='bbox 616 2479 937 2549; x_wconf 66' lang='grc' dir='ltr'>προφήτης,</span> <span class='ocrx_word' id='word_1_347' title='bbox 972 2476 1031 2544; x_wconf 64' lang='lat' dir='ltr'><strong>ea</strong></span> <span class='ocrx_word' id='word_1_348' title='bbox 1068 2478 1266 2532; x_wconf 81' lang='grc' dir='ltr'>οἰκείου</span> <span class='ocrx_word' id='word_1_349' title='bbox 1311 2476 1603 2550; x_wconf 83' lang='grc' dir='ltr'>προσώπου</span> <span class='ocrx_word' id='word_1_350' title='bbox 1627 2477 1693 2529; x_wconf 87' lang='grc' dir='ltr'><strong>τά</strong></span> <span class='ocrx_word' id='word_1_351' title='bbox 1738 2476 1868 2547; x_wconf 78' lang='grc' dir='ltr'><strong>ἑξῆς</strong></span> 
     </span>
    </p>
   </div>
   <div class='ocr_carea' id='block_1_44' title="bbox 294 2568 1869 2642">
    <p class='ocr_par' dir='ltr' id='par_1_44' title="bbox 294 2568 1869 2642">
     <span class='ocr_line' id='line_1_44' title="bbox 294 2568 1869 2642; baseline 0.001 -20"><span class='ocrx_word' id='word_1_352' title='bbox 294 2570 543 2637; x_wconf 74' lang='grc' dir='ltr'>ἐπιλέγει,</span> <span class='ocrx_word' id='word_1_353' title='bbox 572 2568 761 2624; x_wconf 84' lang='grc' dir='ltr'>Ταῦτα</span> <span class='ocrx_word' id='word_1_354' title='bbox 787 2570 846 2623; x_wconf 81' lang='grc' dir='ltr'>δὲ</span> <span class='ocrx_word' id='word_1_355' title='bbox 881 2572 911 2622; x_wconf 91' lang='lat'><strong>6</strong></span> <span class='ocrx_word' id='word_1_356' title='bbox 953 2570 1052 2641; x_wconf 86' lang='grc' dir='ltr'><strong>μὲν</strong></span> <span class='ocrx_word' id='word_1_357' title='bbox 1094 2570 1324 2633; x_wconf 82' lang='grc' dir='ltr'>Ἀκύλας</span> <span class='ocrx_word' id='word_1_358' title='bbox 1350 2568 1537 2623; x_wconf 87' lang='grc' dir='ltr'>τοῦτον</span> <span class='ocrx_word' id='word_1_359' title='bbox 1559 2570 1869 2642; x_wconf 81' lang='grc' dir='ltr'>ἡρμήνευσε</span> 
     </span>
    </p>
   </div>
   <div class='ocr_carea' id='block_1_45' title="bbox 291 2660 1872 2736">
    <p class='ocr_par' dir='ltr' id='par_1_45' title="bbox 291 2660 1872 2736">
     <span class='ocr_line' id='line_1_45' title="bbox 291 2660 1872 2736; baseline -0.001 -21"><span class='ocrx_word' id='word_1_360' title='bbox 291 2662 378 2715; x_wconf 84' lang='grc' dir='ltr'><strong>τὸν</strong></span> <span class='ocrx_word' id='word_1_361' title='bbox 404 2664 599 2736; x_wconf 81' lang='grc' dir='ltr'>τρόπον</span> <span class='ocrx_word' id='word_1_362' title='bbox 617 2681 631 2693; x_wconf 70' lang='grc'><strong><em>⁸</em></strong></span> <span class='ocrx_word' id='word_1_363' title='bbox 688 2683 707 2716; x_wconf 73' lang='grc' dir='ltr'><strong>ι</strong></span> <span class='ocrx_word' id='word_1_364' title='bbox 760 2663 1056 2717; x_wconf 79' lang='grc' dir='ltr'>Ἀκούσατε</span> <span class='ocrx_word' id='word_1_365' title='bbox 1089 2664 1174 2735; x_wconf 84' lang='grc' dir='ltr'><strong>δή,</strong></span> <span class='ocrx_word' id='word_1_366' title='bbox 1202 2660 1349 2727; x_wconf 70' lang='grc' dir='ltr'>οἶκος</span> <span class='ocrx_word' id='word_1_367' title='bbox 1378 2663 1567 2717; x_wconf 80' lang='grc' dir='ltr'>Δαυῒδ’</span> <span class='ocrx_word' id='word_1_368' title='bbox 1600 2664 1746 2735; x_wconf 83' lang='grc' dir='ltr'><strong>Μήτι</strong></span> <span class='ocrx_word' id='word_1_369' title='bbox 1771 2661 1872 2715; x_wconf 81' lang='grc' dir='ltr'>ὀλί-</span> 
     </span>
    </p>
   </div>
   <div class='ocr_carea' id='block_1_46' title="bbox 290 2754 1870 2829">
    <p class='ocr_par' dir='ltr' id='par_1_46' title="bbox 290 2754 1870 2829">
     <span class='ocr_line' id='line_1_46' title="bbox 290 2754 1870 2829; baseline -0.001 -20"><span class='ocrx_word' id='word_1_370' title='bbox 290 2774 381 2824; x_wconf 88' lang='grc' dir='ltr'><strong>γον</strong></span> <span class='ocrx_word' id='word_1_371' title='bbox 422 2758 654 2829; x_wconf 83' lang='grc' dir='ltr'>μοχθυῦν</span> <span class='ocrx_word' id='word_1_372' title='bbox 694 2756 929 2829; x_wconf 76' lang='grc' dir='ltr'>ἄνδρας,</span> <span class='ocrx_word' id='word_1_373' title='bbox 972 2757 1054 2812; x_wconf 84' lang='grc' dir='ltr'>ὅτι</span> <span class='ocrx_word' id='word_1_374' title='bbox 1107 2757 1353 2828; x_wconf 78' lang='grc' dir='ltr'>μοχθεῖτε</span> <span class='ocrx_word' id='word_1_375' title='bbox 1387 2756 1480 2810; x_wconf 79' lang='grc' dir='ltr'><strong>καί</strong></span> <span class='ocrx_word' id='word_1_376' title='bbox 1514 2772 1577 2823; x_wconf 88' lang='grc' dir='ltr'><strong>γε</strong></span> <span class='ocrx_word' id='word_1_377' title='bbox 1614 2754 1704 2807; x_wconf 83' lang='grc' dir='ltr'><strong>τὸν</strong></span> <span class='ocrx_word' id='word_1_378' title='bbox 1737 2754 1870 2807; x_wconf 90' lang='grc' dir='ltr'>Θεόν</span> 
     </span>
    </p>
   </div>
   <div class='ocr_carea' id='block_1_47' title="bbox 296 2842 1869 2918">
    <p class='ocr_par' dir='ltr' id='par_1_47' title="bbox 296 2842 1869 2918">
     <span class='ocr_line' id='line_1_47' title="bbox 296 2842 1869 2918; baseline -0.001 -17"><span class='ocrx_word' id='word_1_379' title='bbox 296 2866 423 2918; x_wconf 82' lang='grc' dir='ltr'>μου;</span> <span class='ocrx_word' id='word_1_380' title='bbox 480 2869 498 2900; x_wconf 98' lang='lat'><strong>3</strong></span> <span class='ocrx_word' id='word_1_381' title='bbox 539 2850 598 2901; x_wconf 84' lang='grc' dir='ltr'>Ὀ</span> <span class='ocrx_word' id='word_1_382' title='bbox 645 2849 704 2901; x_wconf 79' lang='grc' dir='ltr'>δὲ</span> <span class='ocrx_word' id='word_1_383' title='bbox 761 2848 1089 2901; x_wconf 85' lang='grc' dir='ltr'>Θεοδοτίων·</span> <span class='ocrx_word' id='word_1_384' title='bbox 1152 2868 1171 2899; x_wconf 81' lang='grc' dir='ltr'><strong>ι</strong></span> <span class='ocrx_word' id='word_1_385' title='bbox 1231 2846 1522 2901; x_wconf 82' lang='grc' dir='ltr'>Ἀκούσατε</span> <span class='ocrx_word' id='word_1_386' title='bbox 1570 2847 1665 2917; x_wconf 84' lang='grc' dir='ltr'><strong>δὴ,</strong></span> <span class='ocrx_word' id='word_1_387' title='bbox 1722 2842 1869 2910; x_wconf 77' lang='grc' dir='ltr'>οἶκος</span> 
     </span>
    </p>
   </div>
   <div class='ocr_carea' id='block_1_48' title="bbox 293 2938 1869 3013">
    <p class='ocr_par' dir='ltr' id='par_1_48' title="bbox 293 2938 1869 3013">
     <span class='ocr_line' id='line_1_48' title="bbox 293 2938 1869 3013; baseline -0.002 -20"><span class='ocrx_word' id='word_1_388' title='bbox 293 2942 483 2994; x_wconf 78' lang='grc' dir='ltr'>Δαυῖδ·</span> <span class='ocrx_word' id='word_1_389' title='bbox 530 2942 620 3013; x_wconf 71' lang='grc' dir='ltr'><strong>Μὴ</strong></span> <span class='ocrx_word' id='word_1_390' title='bbox 670 2941 865 3013; x_wconf 86' lang='grc' dir='ltr'>μικρὸν</span> <span class='ocrx_word' id='word_1_391' title='bbox 916 2939 1105 3007; x_wconf 84' lang='grc' dir='ltr'>ἀγῶνα</span> <span class='ocrx_word' id='word_1_392' title='bbox 1162 2941 1422 3011; x_wconf 84' lang='grc' dir='ltr'>παρέχειν</span> <span class='ocrx_word' id='word_1_393' title='bbox 1457 2938 1733 3010; x_wconf 80' lang='grc' dir='ltr'>ἀνδράσιν,</span> <span class='ocrx_word' id='word_1_394' title='bbox 1787 2938 1869 2991; x_wconf 83' lang='grc' dir='ltr'>ὅτι</span> 
     </span>
    </p>
   </div>
   <div class='ocr_carea' id='block_1_49' title="bbox 292 3028 1868 3104">
    <p class='ocr_par' dir='ltr' id='par_1_49' title="bbox 292 3028 1868 3104">
     <span class='ocr_line' id='line_1_49' title="bbox 292 3028 1868 3104; baseline -0.003 -18"><span class='ocrx_word' id='word_1_395' title='bbox 292 3033 481 3103; x_wconf 80' lang='grc' dir='ltr'>ἀγῶνα</span> <span class='ocrx_word' id='word_1_396' title='bbox 527 3034 788 3104; x_wconf 78' lang='grc' dir='ltr'>παρέχετε</span> <span class='ocrx_word' id='word_1_397' title='bbox 835 3033 930 3087; x_wconf 89' lang='grc' dir='ltr'><strong>καί</strong></span> <span class='ocrx_word' id='word_1_398' title='bbox 965 3050 1029 3101; x_wconf 86' lang='grc' dir='ltr'><strong>γε</strong></span> <span class='ocrx_word' id='word_1_399' title='bbox 1061 3030 1138 3103; x_wconf 82' lang='grc' dir='ltr'>τῷ</span> <span class='ocrx_word' id='word_1_400' title='bbox 1170 3031 1289 3103; x_wconf 82' lang='grc' dir='ltr'>Θεῷ</span> <span class='ocrx_word' id='word_1_401' title='bbox 1327 3049 1459 3103; x_wconf 89' lang='grc' dir='ltr'>μου;</span> <span class='ocrx_word' id='word_1_402' title='bbox 1497 3051 1513 3083; x_wconf 95' lang='lat'><strong>3</strong></span> <span class='ocrx_word' id='word_1_403' title='bbox 1550 3031 1606 3084; x_wconf 85' lang='grc' dir='ltr'><strong>Ὀ</strong></span> <span class='ocrx_word' id='word_1_404' title='bbox 1627 3032 1683 3085; x_wconf 81' lang='grc' dir='ltr'><strong>δὲ</strong></span> <span class='ocrx_word' id='word_1_405' title='bbox 1720 3028 1868 3101; x_wconf 80' lang='grc' dir='ltr'>Σύμ-</span> 
     </span>
    </p>
   </div>
   <div class='ocr_carea' id='block_1_50' title="bbox 296 3121 1866 3199">
    <p class='ocr_par' dir='ltr' id='par_1_50' title="bbox 296 3121 1866 3199">
     <span class='ocr_line' id='line_1_50' title="bbox 296 3121 1866 3199; baseline -0.003 -18"><span class='ocrx_word' id='word_1_406' title='bbox 296 3144 503 3198; x_wconf 75' lang='grc' dir='ltr'>μαχοςο</span> <span class='ocrx_word' id='word_1_407' title='bbox 558 3147 575 3178; x_wconf 77' lang='grc' dir='ltr'><strong>ι</strong></span> <span class='ocrx_word' id='word_1_408' title='bbox 642 3126 927 3180; x_wconf 78' lang='grc' dir='ltr'>’Δκούσατε</span> <span class='ocrx_word' id='word_1_409' title='bbox 964 3126 1050 3199; x_wconf 80' lang='grc' dir='ltr'><strong>δὴ,</strong></span> <span class='ocrx_word' id='word_1_410' title='bbox 1080 3121 1226 3190; x_wconf 81' lang='grc' dir='ltr'>οἶκος</span> <span class='ocrx_word' id='word_1_411' title='bbox 1265 3126 1457 3179; x_wconf 74' lang='grc' dir='ltr'><strong>Δαυῖδο</strong></span> <span class='ocrx_word' id='word_1_412' title='bbox 1492 3125 1583 3198; x_wconf 81' lang='grc' dir='ltr'><strong>Μὴ</strong></span> <span class='ocrx_word' id='word_1_413' title='bbox 1634 3125 1735 3178; x_wconf 79' lang='grc' dir='ltr'><strong>οὐκ</strong></span> <span class='ocrx_word' id='word_1_414' title='bbox 1775 3122 1866 3177; x_wconf 83' lang='grc' dir='ltr'>αῦ-</span> 
     </span>
    </p>
   </div>
   <div class='ocr_carea' id='block_1_51' title="bbox 289 3217 1865 3292">
    <p class='ocr_par' dir='ltr' id='par_1_51' title="bbox 289 3217 1865 3292">
     <span class='ocr_line' id='line_1_51' title="bbox 289 3217 1865 3292; baseline 0 -21"><span class='ocrx_word' id='word_1_415' title='bbox 289 3238 495 3292; x_wconf 85' lang='grc' dir='ltr'>ταρκες</span> <span class='ocrx_word' id='word_1_416' title='bbox 525 3222 648 3290; x_wconf 83' lang='grc' dir='ltr'>ύμῖν</span> <span class='ocrx_word' id='word_1_417' title='bbox 678 3219 879 3273; x_wconf 84' lang='grc' dir='ltr'>κοποῦν</span> <span class='ocrx_word' id='word_1_418' title='bbox 906 3217 1245 3290; x_wconf 83' lang='grc' dir='ltr'>ἀνθρώπους,</span> <span class='ocrx_word' id='word_1_419' title='bbox 1272 3220 1353 3272; x_wconf 82' lang='grc' dir='ltr'>ὅτι</span> <span class='ocrx_word' id='word_1_420' title='bbox 1388 3219 1619 3272; x_wconf 88' lang='grc' dir='ltr'>κοποῦτε</span> <span class='ocrx_word' id='word_1_421' title='bbox 1648 3219 1727 3272; x_wconf 74' lang='grc' dir='ltr'>ἔτι</span> <span class='ocrx_word' id='word_1_422' title='bbox 1771 3219 1865 3274; x_wconf 77' lang='grc' dir='ltr'><strong>καὶ</strong></span> 
     </span>
    </p>
   </div>
   <div class='ocr_carea' id='block_1_52' title="bbox 288 3309 1863 3381">
    <p class='ocr_par' dir='ltr' id='par_1_52' title="bbox 288 3309 1863 3381">
     <span class='ocr_line' id='line_1_52' title="bbox 288 3309 1863 3381; baseline -0.001 -17"><span class='ocrx_word' id='word_1_423' title='bbox 288 3312 376 3364; x_wconf 83' lang='grc' dir='ltr'><strong>τὸν</strong></span> <span class='ocrx_word' id='word_1_424' title='bbox 426 3311 557 3363; x_wconf 86' lang='grc' dir='ltr'>Θεόν</span> <span class='ocrx_word' id='word_1_425' title='bbox 591 3328 725 3381; x_wconf 84' lang='grc' dir='ltr'>μου;</span> <span class='ocrx_word' id='word_1_426' title='bbox 773 3330 791 3361; x_wconf 94' lang='lat'><strong>3</strong></span> <span class='ocrx_word' id='word_1_427' title='bbox 833 3310 992 3362; x_wconf 85' lang='grc' dir='ltr'>Ἔστι</span> <span class='ocrx_word' id='word_1_428' title='bbox 1023 3309 1079 3362; x_wconf 83' lang='grc' dir='ltr'>δὲ</span> <span class='ocrx_word' id='word_1_429' title='bbox 1119 3312 1147 3363; x_wconf 91' lang='lat'><strong>6</strong></span> <span class='ocrx_word' id='word_1_430' title='bbox 1174 3309 1299 3373; x_wconf 89' lang='grc' dir='ltr'>νοῦς</span> <span class='ocrx_word' id='word_1_431' title='bbox 1331 3309 1441 3362; x_wconf 82' lang='grc' dir='ltr'><strong>τῶν</strong></span> <span class='ocrx_word' id='word_1_432' title='bbox 1485 3309 1863 3381; x_wconf 83' lang='grc' dir='ltr'>προκειμένων</span> 
     </span>
    </p>
   </div>
   <div class='ocr_carea' id='block_1_53' title="bbox 287 3402 1865 3475">
    <p class='ocr_par' dir='ltr' id='par_1_53' title="bbox 287 3402 1865 3475">
     <span class='ocr_line' id='line_1_53' title="bbox 287 3402 1865 3475; baseline -0.002 -16"><span class='ocrx_word' id='word_1_433' title='bbox 287 3406 544 3469; x_wconf 85' lang='grc' dir='ltr'>τοιοῦτος·</span> <span class='ocrx_word' id='word_1_434' title='bbox 578 3406 651 3459; x_wconf 80' lang='grc' dir='ltr'>Ού</span> <span class='ocrx_word' id='word_1_435' title='bbox 678 3404 952 3458; x_wconf 86' lang='grc' dir='ltr'>παύσεσθέ</span> <span class='ocrx_word' id='word_1_436' title='bbox 982 3421 1111 3457; x_wconf 88' lang='grc' dir='ltr'>ποτε</span> <span class='ocrx_word' id='word_1_437' title='bbox 1135 3406 1245 3467; x_wconf 87' lang='grc' dir='ltr'>τοῖς</span> <span class='ocrx_word' id='word_1_438' title='bbox 1268 3402 1361 3456; x_wconf 88' lang='grc' dir='ltr'><strong>τοῦ</strong></span> <span class='ocrx_word' id='word_1_439' title='bbox 1384 3403 1518 3457; x_wconf 88' lang='grc' dir='ltr'>Θεοῦ</span> <span class='ocrx_word' id='word_1_440' title='bbox 1538 3402 1865 3475; x_wconf 83' lang='grc' dir='ltr'>ἀνθρώποις,</span> 
     </span>
    </p>
   </div>
   <div class='ocr_carea' id='block_1_54' title="bbox 283 3496 1867 3569">
    <p class='ocr_par' dir='ltr' id='par_1_54' title="bbox 283 3496 1867 3569">
     <span class='ocr_line' id='line_1_54' title="bbox 283 3496 1867 3569; baseline -0.001 -18"><span class='ocrx_word' id='word_1_441' title='bbox 283 3497 427 3567; x_wconf 79' lang='grc' dir='ltr'>λέγω</span> <span class='ocrx_word' id='word_1_442' title='bbox 457 3498 520 3569; x_wconf 79' lang='grc' dir='ltr'>δὴ</span> <span class='ocrx_word' id='word_1_443' title='bbox 568 3500 682 3560; x_wconf 87' lang='grc' dir='ltr'>τοῖς</span> <span class='ocrx_word' id='word_1_444' title='bbox 726 3498 1052 3567; x_wconf 74' lang='grc' dir='ltr'>προφήταις,</span> <span class='ocrx_word' id='word_1_445' title='bbox 1098 3497 1296 3561; x_wconf 80' lang='grc' dir='ltr'>κόπους</span> <span class='ocrx_word' id='word_1_446' title='bbox 1339 3498 1429 3549; x_wconf 79' lang='grc' dir='ltr'><strong>καὶ</strong></span> <span class='ocrx_word' id='word_1_447' title='bbox 1480 3496 1729 3567; x_wconf 84' lang='grc' dir='ltr'>μόχθους,</span> <span class='ocrx_word' id='word_1_448' title='bbox 1774 3498 1867 3550; x_wconf 74' lang='grc' dir='ltr'><strong>καὶ</strong></span> 
     </span>
    </p>
   </div>
   <div class='ocr_carea' id='block_1_55' title="bbox 276 3589 1867 3661">
    <p class='ocr_par' dir='ltr' id='par_1_55' title="bbox 276 3589 1867 3661">
     <span class='ocr_line' id='line_1_55' title="bbox 276 3589 1867 3661; baseline -0.001 -16"><span class='ocrx_word' id='word_1_449' title='bbox 276 3590 502 3661; x_wconf 78' lang='grc' dir='ltr'>ἀγῶνας</span> <span class='ocrx_word' id='word_1_450' title='bbox 572 3592 699 3653; x_wconf 77' lang='grc' dir='ltr'>τοὺς</span> <span class='ocrx_word' id='word_1_451' title='bbox 752 3590 891 3661; x_wconf 81' lang='grc' dir='ltr'>ὑπὲρ</span> <span class='ocrx_word' id='word_1_452' title='bbox 937 3589 1036 3659; x_wconf 84' lang='grc' dir='ltr'>τῆς</span> <span class='ocrx_word' id='word_1_453' title='bbox 1087 3590 1356 3661; x_wconf 81' lang='grc' dir='ltr'>ὑμετέρας</span> <span class='ocrx_word' id='word_1_454' title='bbox 1404 3590 1675 3661; x_wconf 82' lang='grc' dir='ltr'>σωτηρίας</span> <span class='ocrx_word' id='word_1_455' title='bbox 1728 3607 1867 3661; x_wconf 82' lang='grc' dir='ltr'>παρ-</span> 
     </span>
    </p>
   </div>
   <div class='ocr_carea' id='block_1_56' title="bbox 279 3678 1867 3751">
    <p class='ocr_par' dir='ltr' id='par_1_56' title="bbox 279 3678 1867 3751">
     <span class='ocr_line' id='line_1_56' title="bbox 279 3678 1867 3751; baseline -0.001 -18"><span class='ocrx_word' id='word_1_456' title='bbox 279 3681 534 3751; x_wconf 82' lang='grc' dir='ltr'>έχοντες;</span> <span class='ocrx_word' id='word_1_457' title='bbox 573 3681 733 3733; x_wconf 77' lang='grc' dir='ltr'>Ἀλλά</span> <span class='ocrx_word' id='word_1_458' title='bbox 776 3680 841 3750; x_wconf 84' lang='grc' dir='ltr'>δὴ</span> <span class='ocrx_word' id='word_1_459' title='bbox 876 3680 972 3732; x_wconf 72' lang='grc' dir='ltr'><strong>καὶ</strong></span> <span class='ocrx_word' id='word_1_460' title='bbox 1005 3678 1152 3749; x_wconf 80' lang='grc' dir='ltr'>αὐτῷ</span> <span class='ocrx_word' id='word_1_461' title='bbox 1195 3678 1271 3748; x_wconf 85' lang='grc' dir='ltr'>τῷ</span> <span class='ocrx_word' id='word_1_462' title='bbox 1296 3678 1411 3749; x_wconf 67' lang='grc' dir='ltr'><strong>ἐμῷ</strong></span> <span class='ocrx_word' id='word_1_463' title='bbox 1441 3678 1580 3748; x_wconf 82' lang='grc' dir='ltr'>Θεῷ,</span> <span class='ocrx_word' id='word_1_464' title='bbox 1621 3679 1678 3731; x_wconf 84' lang='grc' dir='ltr'>ὃν</span> <span class='ocrx_word' id='word_1_465' title='bbox 1710 3679 1867 3750; x_wconf 83' lang='grc' dir='ltr'>ὑμεῖς</span> 
     </span>
    </p>
   </div>
   <div class='ocr_carea' id='block_1_57' title="bbox 276 3770 1866 3845">
    <p class='ocr_par' dir='ltr' id='par_1_57' title="bbox 276 3770 1866 3845">
     <span class='ocr_line' id='line_1_57' title="bbox 276 3770 1866 3845; baseline -0.001 -20"><span class='ocrx_word' id='word_1_466' title='bbox 276 3775 531 3841; x_wconf 74' lang='grc' dir='ltr'>ἀγνοεῖτε</span> <span class='ocrx_word' id='word_1_467' title='bbox 582 3774 677 3827; x_wconf 71' lang='grc' dir='ltr'><strong>καὶ</strong></span> <span class='ocrx_word' id='word_1_468' title='bbox 732 3772 1013 3845; x_wconf 88' lang='grc' dir='ltr'>άρνεῖσθε,</span> <span class='ocrx_word' id='word_1_469' title='bbox 1071 3775 1139 3842; x_wconf 82' lang='grc' dir='ltr'>τῇ</span> <span class='ocrx_word' id='word_1_470' title='bbox 1196 3770 1444 3839; x_wconf 81' lang='grc' dir='ltr'>πολυθέῳ</span> <span class='ocrx_word' id='word_1_471' title='bbox 1507 3772 1866 3844; x_wconf 82' lang='grc' dir='ltr'>προσέχοντες</span> 
     </span>
    </p>
   </div>
   <div class='ocr_carea' id='block_1_58' title="bbox 278 3862 1863 3935">
    <p class='ocr_par' dir='ltr' id='par_1_58' title="bbox 278 3862 1863 3935">
     <span class='ocr_line' id='line_1_58' title="bbox 278 3862 1863 3935; baseline -0.002 -17"><span class='ocrx_word' id='word_1_472' title='bbox 278 3865 489 3935; x_wconf 74' lang='grc' dir='ltr'>πλάνῃ.</span> <span class='ocrx_word' id='word_1_473' title='bbox 507 3865 772 3935; x_wconf 72' lang='grc' dir='ltr'>σκυλμοὺς</span> <span class='ocrx_word' id='word_1_474' title='bbox 792 3864 885 3917; x_wconf 71' lang='grc' dir='ltr'>καὶ</span> <span class='ocrx_word' id='word_1_475' title='bbox 902 3862 1121 3928; x_wconf 84' lang='grc' dir='ltr'>κόπους,</span> <span class='ocrx_word' id='word_1_476' title='bbox 1146 3864 1239 3917; x_wconf 77' lang='grc' dir='ltr'><strong>καὶ</strong></span> <span class='ocrx_word' id='word_1_477' title='bbox 1265 3863 1482 3932; x_wconf 83' lang='grc' dir='ltr'>ἀγῶνας</span> <span class='ocrx_word' id='word_1_478' title='bbox 1505 3862 1863 3933; x_wconf 80' lang='grc' dir='ltr'>παρέχοντες,</span> 
     </span>
    </p>
   </div>
   <div class='ocr_carea' id='block_1_59' title="bbox 272 3954 1861 4028">
    <p class='ocr_par' dir='ltr' id='par_1_59' title="bbox 272 3954 1861 4028">
     <span class='ocr_line' id='line_1_59' title="bbox 272 3954 1861 4028; baseline -0.001 -19"><span class='ocrx_word' id='word_1_479' title='bbox 272 3956 362 4028; x_wconf 72' lang='grc' dir='ltr'>τῷ</span> <span class='ocrx_word' id='word_1_480' title='bbox 402 3956 477 4028; x_wconf 76' lang='grc' dir='ltr'><strong>μή</strong></span> <span class='ocrx_word' id='word_1_481' title='bbox 519 3955 799 4025; x_wconf 81' lang='grc' dir='ltr'>βούλεσθαι</span> <span class='ocrx_word' id='word_1_482' title='bbox 834 3955 1106 4010; x_wconf 80' lang='grc' dir='ltr'>πιστεύειν</span> <span class='ocrx_word' id='word_1_483' title='bbox 1155 3954 1317 4009; x_wconf 83' lang='grc' dir='ltr'>αὐτοῦ</span> <span class='ocrx_word' id='word_1_484' title='bbox 1347 3958 1465 4020; x_wconf 87' lang='grc' dir='ltr'>ταῖς</span> <span class='ocrx_word' id='word_1_485' title='bbox 1485 3954 1861 4023; x_wconf 76' lang='grc' dir='ltr'>ἐπαγγελίαις,</span> 
     </span>
    </p>
   </div>
   <div class='ocr_carea' id='block_1_60' title="bbox 274 4048 1283 4120">
    <p class='ocr_par' dir='ltr' id='par_1_60' title="bbox 274 4048 1283 4120">
     <span class='ocr_line' id='line_1_60' title="bbox 274 4048 1283 4120; baseline -0.001 -16"><span class='ocrx_word' id='word_1_486' title='bbox 274 4050 422 4120; x_wconf 67' lang='grc' dir='ltr'>μηδὲ</span> <span class='ocrx_word' id='word_1_487' title='bbox 454 4048 524 4103; x_wconf 81' lang='grc' dir='ltr'><strong>τά</strong></span> <span class='ocrx_word' id='word_1_488' title='bbox 554 4048 957 4118; x_wconf 68' lang='grc' dir='ltr'>κεκελευσμένα</span> <span class='ocrx_word' id='word_1_489' title='bbox 992 4049 1283 4120; x_wconf 84' lang='grc' dir='ltr'>πράττειν;</span> 
     </span>
    </p>
   </div>
   <div class='ocr_carea' id='block_1_61' title="bbox 358 4138 1859 4213">
    <p class='ocr_par' dir='ltr' id='par_1_61' title="bbox 358 4138 1859 4213">
     <span class='ocr_line' id='line_1_61' title="bbox 358 4138 1859 4213; baseline 0.001 -21"><span class='ocrx_word' id='word_1_490' title='bbox 358 4160 377 4192; x_wconf 77' lang='grc' dir='ltr'><strong>ι</strong></span> <span class='ocrx_word' id='word_1_491' title='bbox 434 4140 533 4193; x_wconf 84' lang='grc' dir='ltr'>Διά</span> <span class='ocrx_word' id='word_1_492' title='bbox 572 4139 729 4192; x_wconf 83' lang='grc' dir='ltr'>τοῦτο</span> <span class='ocrx_word' id='word_1_493' title='bbox 763 4138 923 4192; x_wconf 81' lang='grc' dir='ltr'>δώσει</span> <span class='ocrx_word' id='word_1_494' title='bbox 972 4138 1172 4213; x_wconf 85' lang='grc' dir='ltr'>Κύριος</span> <span class='ocrx_word' id='word_1_495' title='bbox 1224 4140 1384 4204; x_wconf 79' lang='grc' dir='ltr'>αὐτὸς</span> <span class='ocrx_word' id='word_1_496' title='bbox 1431 4140 1559 4211; x_wconf 77' lang='grc' dir='ltr'>ὑμῖν</span> <span class='ocrx_word' id='word_1_497' title='bbox 1603 4142 1859 4211; x_wconf 86' lang='grc' dir='ltr'>σημεῖον·</span> 
     </span>
    </p>
   </div>
   <div class='ocr_carea' id='block_1_62' title="bbox 293 4230 1861 4303">
    <p class='ocr_par' dir='ltr' id='par_1_62' title="bbox 293 4230 1861 4303">
     <span class='ocr_line' id='line_1_62' title="bbox 293 4230 1861 4303; baseline 0.001 -19"><span class='ocrx_word' id='word_1_498' title='bbox 293 4232 427 4285; x_wconf 76' lang='grc' dir='ltr'><strong>’1δοῦ</strong></span> <span class='ocrx_word' id='word_1_499' title='bbox 458 4230 728 4302; x_wconf 80' lang='grc' dir='ltr'>παρθένος</span> <span class='ocrx_word' id='word_1_500' title='bbox 758 4232 815 4283; x_wconf 80' lang='grc' dir='ltr'>ὲν</span> <span class='ocrx_word' id='word_1_501' title='bbox 844 4231 1041 4303; x_wconf 76' lang='grc' dir='ltr'>γαστρὶ</span> <span class='ocrx_word' id='word_1_502' title='bbox 1069 4230 1316 4302; x_wconf 78' lang='grc' dir='ltr'>λήψεται,</span> <span class='ocrx_word' id='word_1_503' title='bbox 1356 4230 1451 4285; x_wconf 76' lang='grc' dir='ltr'>καὶ</span> <span class='ocrx_word' id='word_1_504' title='bbox 1486 4230 1697 4297; x_wconf 78' lang='grc' dir='ltr'>τέξεται</span> <span class='ocrx_word' id='word_1_505' title='bbox 1728 4232 1861 4296; x_wconf 88' lang='grc' dir='ltr'>υἱὸν,</span> 
     </span>
    </p>
   </div>
   <div class='ocr_carea' id='block_1_63' title="bbox 280 4320 1861 4392">
    <p class='ocr_par' dir='ltr' id='par_1_63' title="bbox 280 4320 1861 4392">
     <span class='ocr_line' id='line_1_63' title="bbox 280 4320 1861 4392; baseline -0.001 -18"><span class='ocrx_word' id='word_1_506' title='bbox 280 4324 376 4374; x_wconf 69' lang='grc' dir='ltr'>καὶ</span> <span class='ocrx_word' id='word_1_507' title='bbox 428 4320 681 4383; x_wconf 81' lang='grc' dir='ltr'>καλέσεις</span> <span class='ocrx_word' id='word_1_508' title='bbox 721 4320 780 4372; x_wconf 89' lang='grc' dir='ltr'><strong>τὸ</strong></span> <span class='ocrx_word' id='word_1_509' title='bbox 837 4320 1006 4389; x_wconf 78' lang='grc' dir='ltr'>ὄνομα</span> <span class='ocrx_word' id='word_1_510' title='bbox 1056 4320 1217 4373; x_wconf 74' lang='grc' dir='ltr'>αὐτοῦ</span> <span class='ocrx_word' id='word_1_511' title='bbox 1278 4320 1643 4392; x_wconf 88' lang='grc' dir='ltr'>Ἐμμανουήλ.</span> <span class='ocrx_word' id='word_1_512' title='bbox 1706 4341 1723 4372; x_wconf 95' lang='lat'><strong>3</strong></span> <span class='ocrx_word' id='word_1_513' title='bbox 1776 4322 1861 4385; x_wconf 90' lang='grc' dir='ltr'>Τί,</span> 
     </span>
    </p>
   </div>
   <div class='ocr_carea' id='block_1_64' title="bbox 1977 1834 3554 1911">
    <p class='ocr_par' dir='ltr' id='par_1_64' title="bbox 1977 1834 3554 1911">
     <span class='ocr_line' id='line_1_64' title="bbox 1977 1834 3554 1911; baseline 0.007 -25"><span class='ocrx_word' id='word_1_514' title='bbox 1977 1834 2201 1889; x_wconf 86' lang='lat' dir='ltr'><strong>tentabo</strong></span> <span class='ocrx_word' id='word_1_515' title='bbox 2248 1834 2556 1888; x_wconf 91' lang='lat' dir='ltr'><strong>Dominum.</strong></span> <span class='ocrx_word' id='word_1_516' title='bbox 2592 1854 2610 1887; x_wconf 96' lang='lat'><strong>3</strong></span> <span class='ocrx_word' id='word_1_517' title='bbox 2664 1834 2902 1891; x_wconf 81' lang='lat' dir='ltr'><strong>Recusat</strong></span> <span class='ocrx_word' id='word_1_518' title='bbox 2957 1839 3211 1894; x_wconf 85' lang='lat' dir='ltr'><strong>videlicet</strong></span> <span class='ocrx_word' id='word_1_519' title='bbox 3255 1850 3313 1895; x_wconf 90' lang='lat' dir='ltr'><strong>ut</strong></span> <span class='ocrx_word' id='word_1_520' title='bbox 3352 1842 3554 1911; x_wconf 84' lang='lat' dir='ltr'><strong>impius</strong></span> 
     </span>
    </p>
   </div>
   <div class='ocr_carea' id='block_1_65' title="bbox 1974 1928 3551 2002">
    <p class='ocr_par' dir='ltr' id='par_1_65' title="bbox 1974 1928 3551 2002">
     <span class='ocr_line' id='line_1_65' title="bbox 1974 1928 3551 2002; baseline 0.004 -22"><span class='ocrx_word' id='word_1_521' title='bbox 1974 1943 2037 1981; x_wconf 91' lang='lat' dir='ltr'><strong>ac</strong></span> <span class='ocrx_word' id='word_1_522' title='bbox 2072 1928 2165 1982; x_wconf 91' lang='lat' dir='ltr'><strong>Dei</strong></span> <span class='ocrx_word' id='word_1_523' title='bbox 2200 1937 2470 1996; x_wconf 63' lang='lat' dir='ltr'><strong>praecepto</strong></span> <span class='ocrx_word' id='word_1_524' title='bbox 2498 1942 2604 1981; x_wconf 92' lang='lat' dir='ltr'><strong>non</strong></span> <span class='ocrx_word' id='word_1_525' title='bbox 2626 1928 2957 1996; x_wconf 83' lang='lat' dir='ltr'><strong>obsequens,</strong></span> <span class='ocrx_word' id='word_1_526' title='bbox 2991 1944 3089 1983; x_wconf 89' lang='lat' dir='ltr'><strong>nec</strong></span> <span class='ocrx_word' id='word_1_527' title='bbox 3112 1930 3303 1986; x_wconf 81' lang='lat' dir='ltr'><strong>volens</strong></span> <span class='ocrx_word' id='word_1_528' title='bbox 3324 1942 3551 2002; x_wconf 81' lang='lat' dir='ltr'><strong>stupen-</strong></span> 
     </span>
    </p>
   </div>
   <div class='ocr_carea' id='block_1_66' title="bbox 1974 2017 3133 2091">
    <p class='ocr_par' dir='ltr' id='par_1_66' title="bbox 1974 2017 3133 2091">
     <span class='ocr_line' id='line_1_66' title="bbox 1974 2017 3133 2091; baseline 0.003 -19"><span class='ocrx_word' id='word_1_529' title='bbox 1974 2020 2053 2072; x_wconf 76' lang='lat' dir='ltr'><strong>da:</strong></span> <span class='ocrx_word' id='word_1_530' title='bbox 2077 2018 2291 2073; x_wconf 88' lang='lat' dir='ltr'><strong>virtutis</strong></span> <span class='ocrx_word' id='word_1_531' title='bbox 2331 2017 2426 2072; x_wconf 84' lang='lat' dir='ltr'><strong>Dei</strong></span> <span class='ocrx_word' id='word_1_532' title='bbox 2454 2018 2882 2088; x_wconf 80' lang='lat' dir='ltr'><strong>experimentum</strong></span> <span class='ocrx_word' id='word_1_533' title='bbox 2914 2035 3133 2091; x_wconf 87' lang='lat' dir='ltr'><strong>capere.</strong></span> 
     </span>
    </p>
   </div>
   <div class='ocr_carea' id='block_1_67' title="bbox 2044 2203 3549 2277">
    <p class='ocr_par' dir='ltr' id='par_1_67' title="bbox 2044 2203 3549 2277">
     <span class='ocr_line' id='line_1_67' title="bbox 2044 2203 3549 2277; baseline 0.003 -18"><span class='ocrx_word' id='word_1_534' title='bbox 2044 2203 2212 2259; x_wconf 76' lang='lat' dir='ltr'><strong>Vens.</strong></span> <span class='ocrx_word' id='word_1_535' title='bbox 2256 2203 2345 2259; x_wconf 75' lang='lat'><strong>1&#39;5.</strong></span> <span class='ocrx_word' id='word_1_536' title='bbox 2393 2223 2412 2257; x_wconf 75' lang='grc' dir='ltr'><strong>ι</strong></span> <span class='ocrx_word' id='word_1_537' title='bbox 2442 2204 2509 2259; x_wconf 87' lang='grc' dir='ltr'>Ει</span> <span class='ocrx_word' id='word_1_538' title='bbox 2550 2205 2707 2272; x_wconf 72' lang='lat' dir='ltr'><strong>dixit,</strong></span> <span class='ocrx_word' id='word_1_539' title='bbox 2732 2206 2929 2261; x_wconf 83' lang='lat' dir='ltr'><strong>Audite</strong></span> <span class='ocrx_word' id='word_1_540' title='bbox 2956 2222 3109 2277; x_wconf 90' lang='lat' dir='ltr'><strong>ergo,</strong></span> <span class='ocrx_word' id='word_1_541' title='bbox 3142 2207 3334 2264; x_wconf 86' lang='lat' dir='ltr'><strong>domus</strong></span> <span class='ocrx_word' id='word_1_542' title='bbox 3358 2208 3549 2276; x_wconf 79' lang='lat' dir='ltr'><strong>David,</strong></span> 
     </span>
    </p>
   </div>
   <div class='ocr_carea' id='block_1_68' title="bbox 1970 2290 3553 2369">
    <p class='ocr_par' dir='ltr' id='par_1_68' title="bbox 1970 2290 3553 2369">
     <span class='ocr_line' id='line_1_68' title="bbox 1970 2290 3553 2369; baseline 0.005 -22"><span class='ocrx_word' id='word_1_543' title='bbox 1970 2290 2240 2365; x_wconf 84' lang='lat' dir='ltr'><strong>Numquid</strong></span> <span class='ocrx_word' id='word_1_544' title='bbox 2266 2310 2456 2365; x_wconf 90' lang='lat' dir='ltr'><strong>parum</strong></span> <span class='ocrx_word' id='word_1_545' title='bbox 2488 2297 2643 2352; x_wconf 82' lang='lat' dir='ltr'><strong>vobis</strong></span> <span class='ocrx_word' id='word_1_546' title='bbox 2665 2308 2747 2353; x_wconf 90' lang='lat' dir='ltr'><strong>est</strong></span> <span class='ocrx_word' id='word_1_547' title='bbox 2773 2298 3079 2354; x_wconf 82' lang='lat' dir='ltr'><strong>molestiam</strong></span> <span class='ocrx_word' id='word_1_548' title='bbox 3105 2300 3345 2369; x_wconf 70' lang='lat' dir='ltr'><strong>przebere</strong></span> <span class='ocrx_word' id='word_1_549' title='bbox 3374 2303 3553 2355; x_wconf 85' lang='lat' dir='ltr'><strong>homi-</strong></span> 
     </span>
    </p>
   </div>
   <div class='ocr_carea' id='block_1_69' title="bbox 1972 2387 3549 2460">
    <p class='ocr_par' dir='ltr' id='par_1_69' title="bbox 1972 2387 3549 2460">
     <span class='ocr_line' id='line_1_69' title="bbox 1972 2387 3549 2460; baseline 0.007 -20"><span class='ocrx_word' id='word_1_550' title='bbox 1972 2387 2150 2454; x_wconf 89' lang='lat' dir='ltr'><strong>nibus,</strong></span> <span class='ocrx_word' id='word_1_551' title='bbox 2189 2404 2286 2443; x_wconf 90' lang='lat' dir='ltr'><strong>cur</strong></span> <span class='ocrx_word' id='word_1_552' title='bbox 2325 2390 2555 2445; x_wconf 92' lang='lat' dir='ltr'><strong>Domino</strong></span> <span class='ocrx_word' id='word_1_553' title='bbox 2608 2391 2911 2446; x_wconf 82' lang='lat' dir='ltr'><strong>molestiam</strong></span> <span class='ocrx_word' id='word_1_554' title='bbox 2978 2393 3266 2460; x_wconf 63' lang='lat' dir='ltr'><strong>praebetis?</strong></span> <span class='ocrx_word' id='word_1_555' title='bbox 3294 2414 3313 2447; x_wconf 92' lang='lat'><strong>3</strong></span> <span class='ocrx_word' id='word_1_556' title='bbox 3360 2397 3549 2451; x_wconf 78' lang='lat' dir='ltr'><strong>Homi-</strong></span> 
     </span>
    </p>
   </div>
   <div class='ocr_carea' id='block_1_70' title="bbox 1972 2479 3546 2555">
    <p class='ocr_par' dir='ltr' id='par_1_70' title="bbox 1972 2479 3546 2555">
     <span class='ocr_line' id='line_1_70' title="bbox 1972 2479 3546 2555; baseline 0.007 -21"><span class='ocrx_word' id='word_1_557' title='bbox 1972 2480 2057 2536; x_wconf 88' lang='lat' dir='ltr'><strong>nis</strong></span> <span class='ocrx_word' id='word_1_558' title='bbox 2092 2479 2377 2536; x_wconf 89' lang='lat' dir='ltr'><strong>stultitiam</strong></span> <span class='ocrx_word' id='word_1_559' title='bbox 2405 2482 2696 2537; x_wconf 83' lang='lat' dir='ltr'><strong>miseratus</strong></span> <span class='ocrx_word' id='word_1_560' title='bbox 2721 2484 3011 2552; x_wconf 81' lang='lat' dir='ltr'><strong>propheta,</strong></span> <span class='ocrx_word' id='word_1_561' title='bbox 3060 2500 3125 2539; x_wconf 80' lang='lat' dir='ltr'><strong>ex</strong></span> <span class='ocrx_word' id='word_1_562' title='bbox 3172 2485 3389 2554; x_wconf 85' lang='lat' dir='ltr'><strong>propria</strong></span> <span class='ocrx_word' id='word_1_563' title='bbox 3420 2502 3546 2555; x_wconf 66' lang='lat' dir='ltr'><strong>pex-</strong></span> 
     </span>
    </p>
   </div>
   <div class='ocr_carea' id='block_1_71' title="bbox 1970 2574 3546 2646">
    <p class='ocr_par' dir='ltr' id='par_1_71' title="bbox 1970 2574 3546 2646">
     <span class='ocr_line' id='line_1_71' title="bbox 1970 2574 3546 2646; baseline 0.003 -20"><span class='ocrx_word' id='word_1_564' title='bbox 1970 2587 2103 2626; x_wconf 87' lang='lat' dir='ltr'><strong>sona</strong></span> <span class='ocrx_word' id='word_1_565' title='bbox 2130 2587 2248 2642; x_wconf 68' lang='lat' dir='ltr'><strong>quae</strong></span> <span class='ocrx_word' id='word_1_566' title='bbox 2279 2585 2579 2643; x_wconf 91' lang='lat' dir='ltr'><strong>sequuntur</strong></span> <span class='ocrx_word' id='word_1_567' title='bbox 2610 2575 2947 2642; x_wconf 88' lang='lat' dir='ltr'><strong>pronuntiat.</strong></span> <span class='ocrx_word' id='word_1_568' title='bbox 2984 2574 3110 2631; x_wconf 58' lang='lat' dir='ltr'><strong>Hiec</strong></span> <span class='ocrx_word' id='word_1_569' title='bbox 3152 2592 3317 2646; x_wconf 88' lang='lat' dir='ltr'><strong>porro</strong></span> <span class='ocrx_word' id='word_1_570' title='bbox 3350 2577 3546 2645; x_wconf 86' lang='lat' dir='ltr'><strong>Aquila</strong></span> 
     </span>
    </p>
   </div>
   <div class='ocr_carea' id='block_1_72' title="bbox 1971 2666 3548 2737">
    <p class='ocr_par' dir='ltr' id='par_1_72' title="bbox 1971 2666 3548 2737">
     <span class='ocr_line' id='line_1_72' title="bbox 1971 2666 3548 2737; baseline 0.003 -18"><span class='ocrx_word' id='word_1_571' title='bbox 1971 2666 2074 2719; x_wconf 91' lang='lat' dir='ltr'><strong>hoc</strong></span> <span class='ocrx_word' id='word_1_572' title='bbox 2127 2666 2285 2720; x_wconf 91' lang='lat' dir='ltr'><strong>modo</strong></span> <span class='ocrx_word' id='word_1_573' title='bbox 2349 2666 2737 2735; x_wconf 87' lang='lat' dir='ltr'><strong>interpretatur</strong></span> <span class='ocrx_word' id='word_1_574' title='bbox 2776 2684 2789 2719; x_wconf 91' lang='lat'><strong>:</strong></span> <span class='ocrx_word' id='word_1_575' title='bbox 2837 2684 2855 2716; x_wconf 79' lang='grc' dir='ltr'><strong>ι</strong></span> <span class='ocrx_word' id='word_1_576' title='bbox 2900 2668 3097 2721; x_wconf 88' lang='lat' dir='ltr'><strong>Audite</strong></span> <span class='ocrx_word' id='word_1_577' title='bbox 3144 2684 3296 2737; x_wconf 90' lang='lat' dir='ltr'><strong>ergo,</strong></span> <span class='ocrx_word' id='word_1_578' title='bbox 3355 2670 3548 2723; x_wconf 87' lang='lat' dir='ltr'><strong>domus</strong></span> 
     </span>
    </p>
   </div>
   <div class='ocr_carea' id='block_1_73' title="bbox 1973 2754 3547 2831">
    <p class='ocr_par' dir='ltr' id='par_1_73' title="bbox 1973 2754 3547 2831">
     <span class='ocr_line' id='line_1_73' title="bbox 1973 2754 3547 2831; baseline 0.002 -21"><span class='ocrx_word' id='word_1_579' title='bbox 1973 2756 2163 2822; x_wconf 83' lang='lat' dir='ltr'><strong>David,</strong></span> <span class='ocrx_word' id='word_1_580' title='bbox 2208 2754 2477 2825; x_wconf 83' lang='lat' dir='ltr'><strong>Numquid</strong></span> <span class='ocrx_word' id='word_1_581' title='bbox 2511 2773 2700 2826; x_wconf 89' lang='lat' dir='ltr'><strong>parum</strong></span> <span class='ocrx_word' id='word_1_582' title='bbox 2736 2757 2975 2828; x_wconf 80' lang='lat' dir='ltr'><strong>alﬂigere</strong></span> <span class='ocrx_word' id='word_1_583' title='bbox 3000 2760 3164 2824; x_wconf 90' lang='lat' dir='ltr'><strong>viros,</strong></span> <span class='ocrx_word' id='word_1_584' title='bbox 3191 2762 3316 2827; x_wconf 89' lang='lat' dir='ltr'><strong>quia</strong></span> <span class='ocrx_word' id='word_1_585' title='bbox 3350 2760 3547 2831; x_wconf 80' lang='lat' dir='ltr'><strong>aﬂligi-</strong></span> 
     </span>
    </p>
   </div>
   <div class='ocr_carea' id='block_1_74' title="bbox 1974 2848 3548 2917">
    <p class='ocr_par' dir='ltr' id='par_1_74' title="bbox 1974 2848 3548 2917">
     <span class='ocr_line' id='line_1_74' title="bbox 1974 2848 3548 2917; baseline 0.005 -17"><span class='ocrx_word' id='word_1_586' title='bbox 1974 2848 2041 2903; x_wconf 92' lang='lat' dir='ltr'><strong>tis</strong></span> <span class='ocrx_word' id='word_1_587' title='bbox 2076 2848 2239 2902; x_wconf 89' lang='lat' dir='ltr'><strong>etiam</strong></span> <span class='ocrx_word' id='word_1_588' title='bbox 2284 2848 2453 2902; x_wconf 91' lang='lat' dir='ltr'><strong>Deum</strong></span> <span class='ocrx_word' id='word_1_589' title='bbox 2486 2850 2705 2903; x_wconf 77' lang='lat' dir='ltr'><strong>meum?</strong></span> <span class='ocrx_word' id='word_1_590' title='bbox 2734 2869 2751 2901; x_wconf 90' lang='lat'><strong>3</strong></span> <span class='ocrx_word' id='word_1_591' title='bbox 2788 2848 3090 2906; x_wconf 88' lang='lat' dir='ltr'><strong>Theodotio</strong></span> <span class='ocrx_word' id='word_1_592' title='bbox 3135 2861 3337 2917; x_wconf 90' lang='lat' dir='ltr'><strong>autem,</strong></span> <span class='ocrx_word' id='word_1_593' title='bbox 3387 2872 3404 2906; x_wconf 75' lang='grc' dir='ltr'><strong>ι</strong></span> <span class='ocrx_word' id='word_1_594' title='bbox 3432 2856 3548 2908; x_wconf 87' lang='lat' dir='ltr'><strong>Au-</strong></span> 
     </span>
    </p>
   </div>
   <div class='ocr_carea' id='block_1_75' title="bbox 1970 2938 3546 3011">
    <p class='ocr_par' dir='ltr' id='par_1_75' title="bbox 1970 2938 3546 3011">
     <span class='ocr_line' id='line_1_75' title="bbox 1970 2938 3546 3011; baseline 0.004 -19"><span class='ocrx_word' id='word_1_595' title='bbox 1970 2938 2082 2993; x_wconf 87' lang='lat' dir='ltr'><strong>dite</strong></span> <span class='ocrx_word' id='word_1_596' title='bbox 2114 2954 2267 3010; x_wconf 89' lang='lat' dir='ltr'><strong>ergo,</strong></span> <span class='ocrx_word' id='word_1_597' title='bbox 2295 2940 2488 2995; x_wconf 90' lang='lat' dir='ltr'><strong>domus</strong></span> <span class='ocrx_word' id='word_1_598' title='bbox 2519 2940 2708 3005; x_wconf 91' lang='lat' dir='ltr'><strong>David,</strong></span> <span class='ocrx_word' id='word_1_599' title='bbox 2740 2940 3010 3010; x_wconf 83' lang='lat' dir='ltr'><strong>Numquid</strong></span> <span class='ocrx_word' id='word_1_600' title='bbox 3034 2957 3221 3011; x_wconf 83' lang='lat' dir='ltr'><strong>parum</strong></span> <span class='ocrx_word' id='word_1_601' title='bbox 3249 2942 3546 2998; x_wconf 88' lang='lat' dir='ltr'><strong>molestiam</strong></span> 
     </span>
    </p>
   </div>
   <div class='ocr_carea' id='block_1_76' title="bbox 1973 3030 3549 3102">
    <p class='ocr_par' dir='ltr' id='par_1_76' title="bbox 1973 3030 3549 3102">
     <span class='ocr_line' id='line_1_76' title="bbox 1973 3030 3549 3102; baseline 0.003 -18"><span class='ocrx_word' id='word_1_602' title='bbox 1973 3030 2217 3100; x_wconf 66' lang='lat' dir='ltr'><strong>praebere</strong></span> <span class='ocrx_word' id='word_1_603' title='bbox 2252 3032 2405 3098; x_wconf 91' lang='lat' dir='ltr'><strong>viris,</strong></span> <span class='ocrx_word' id='word_1_604' title='bbox 2447 3033 2576 3102; x_wconf 89' lang='lat' dir='ltr'><strong>quia</strong></span> <span class='ocrx_word' id='word_1_605' title='bbox 2612 3032 2919 3087; x_wconf 87' lang='lat' dir='ltr'><strong>molestiam</strong></span> <span class='ocrx_word' id='word_1_606' title='bbox 2952 3033 3205 3102; x_wconf 64' lang='lat' dir='ltr'><strong>praebetis</strong></span> <span class='ocrx_word' id='word_1_607' title='bbox 3243 3035 3549 3090; x_wconf 87' lang='lat' dir='ltr'><strong>etiam-Deo</strong></span> 
     </span>
    </p>
   </div>
   <div class='ocr_carea' id='block_1_77' title="bbox 1974 3122 3549 3196">
    <p class='ocr_par' dir='ltr' id='par_1_77' title="bbox 1974 3122 3549 3196">
     <span class='ocr_line' id='line_1_77' title="bbox 1974 3122 3549 3196; baseline 0.003 -20"><span class='ocrx_word' id='word_1_608' title='bbox 1974 3123 2183 3177; x_wconf 63' lang='grc' dir='ltr'>πεδοῖ»</span> <span class='ocrx_word' id='word_1_609' title='bbox 2244 3122 2604 3194; x_wconf 87' lang='lat' dir='ltr'><strong>Symmachus</strong></span> <span class='ocrx_word' id='word_1_610' title='bbox 2656 3139 2807 3188; x_wconf 90' lang='lat' dir='ltr'><strong>vero,</strong></span> <span class='ocrx_word' id='word_1_611' title='bbox 2869 3126 3112 3179; x_wconf 74' lang='lat' dir='ltr'><strong>«Audite</strong></span> <span class='ocrx_word' id='word_1_612' title='bbox 3166 3141 3320 3196; x_wconf 88' lang='lat' dir='ltr'><strong>ergo,</strong></span> <span class='ocrx_word' id='word_1_613' title='bbox 3356 3127 3549 3182; x_wconf 88' lang='lat' dir='ltr'><strong>domus</strong></span> 
     </span>
    </p>
   </div>
   <div class='ocr_carea' id='block_1_78' title="bbox 1978 3214 3547 3286">
    <p class='ocr_par' dir='ltr' id='par_1_78' title="bbox 1978 3214 3547 3286">
     <span class='ocr_line' id='line_1_78' title="bbox 1978 3214 3547 3286; baseline 0.004 -18"><span class='ocrx_word' id='word_1_614' title='bbox 1978 3215 2179 3281; x_wconf 82' lang='lat' dir='ltr'><strong>David,</strong></span> <span class='ocrx_word' id='word_1_615' title='bbox 2221 3216 2415 3272; x_wconf 89' lang='lat' dir='ltr'><strong>Annon</strong></span> <span class='ocrx_word' id='word_1_616' title='bbox 2455 3214 2685 3272; x_wconf 76' lang='lat' dir='ltr'><strong>sulliciet</strong></span> <span class='ocrx_word' id='word_1_617' title='bbox 2726 3218 2884 3272; x_wconf 90' lang='lat' dir='ltr'><strong>vobis</strong></span> <span class='ocrx_word' id='word_1_618' title='bbox 2922 3215 3221 3286; x_wconf 79' lang='lat' dir='ltr'><strong>defatigare</strong></span> <span class='ocrx_word' id='word_1_619' title='bbox 3266 3219 3547 3283; x_wconf 87' lang='lat' dir='ltr'><strong>homines,</strong></span> 
     </span>
    </p>
   </div>
   <div class='ocr_carea' id='block_1_79' title="bbox 1973 3311 3550 3384">
    <p class='ocr_par' dir='ltr' id='par_1_79' title="bbox 1973 3311 3550 3384">
     <span class='ocr_line' id='line_1_79' title="bbox 1973 3311 3550 3384; baseline 0.002 -18"><span class='ocrx_word' id='word_1_620' title='bbox 1973 3314 2098 3382; x_wconf 88' lang='lat' dir='ltr'><strong>quia</strong></span> <span class='ocrx_word' id='word_1_621' title='bbox 2149 3312 2458 3384; x_wconf 79' lang='lat' dir='ltr'><strong>defatigatis</strong></span> <span class='ocrx_word' id='word_1_622' title='bbox 2506 3314 2667 3368; x_wconf 85' lang='lat' dir='ltr'><strong>etiam</strong></span> <span class='ocrx_word' id='word_1_623' title='bbox 2721 3312 2891 3366; x_wconf 93' lang='lat' dir='ltr'><strong>Deum</strong></span> <span class='ocrx_word' id='word_1_624' title='bbox 2933 3312 3207 3367; x_wconf 70' lang='lat' dir='ltr'><strong>meum‘h</strong></span> <span class='ocrx_word' id='word_1_625' title='bbox 3260 3311 3550 3369; x_wconf 66' lang='lat' dir='ltr'><strong>Praesentis</strong></span> 
     </span>
    </p>
   </div>
   <div class='ocr_carea' id='block_1_80' title="bbox 1972 3401 3550 3471">
    <p class='ocr_par' dir='ltr' id='par_1_80' title="bbox 1972 3401 3550 3471">
     <span class='ocr_line' id='line_1_80' title="bbox 1972 3401 3550 3471; baseline 0.001 -15"><span class='ocrx_word' id='word_1_626' title='bbox 1972 3418 2133 3471; x_wconf 89' lang='lat' dir='ltr'><strong>porro</strong></span> <span class='ocrx_word' id='word_1_627' title='bbox 2174 3404 2301 3457; x_wconf 91' lang='lat' dir='ltr'><strong>dicti</strong></span> <span class='ocrx_word' id='word_1_628' title='bbox 2337 3417 2488 3458; x_wconf 85' lang='lat' dir='ltr'><strong>mens</strong></span> <span class='ocrx_word' id='word_1_629' title='bbox 2536 3403 2649 3458; x_wconf 67' lang='lat' dir='ltr'><strong>haec</strong></span> <span class='ocrx_word' id='word_1_630' title='bbox 2704 3414 2807 3466; x_wconf 88' lang='lat' dir='ltr'><strong>est,</strong></span> <span class='ocrx_word' id='word_1_631' title='bbox 2860 3401 3221 3471; x_wconf 84' lang='lat' dir='ltr'><strong>Nunquamne</strong></span> <span class='ocrx_word' id='word_1_632' title='bbox 3262 3404 3550 3458; x_wconf 84' lang='lat' dir='ltr'><strong>cessabitis</strong></span> 
     </span>
    </p>
   </div>
   <div class='ocr_carea' id='block_1_81' title="bbox 1974 3494 3549 3564">
    <p class='ocr_par' dir='ltr' id='par_1_81' title="bbox 1974 3494 3549 3564">
     <span class='ocr_line' id='line_1_81' title="bbox 1974 3494 3549 3564; baseline 0 -16"><span class='ocrx_word' id='word_1_633' title='bbox 1974 3494 2066 3548; x_wconf 75' lang='lat' dir='ltr'><strong>Dei</strong></span> <span class='ocrx_word' id='word_1_634' title='bbox 2092 3495 2424 3561; x_wconf 89' lang='lat' dir='ltr'><strong>hominibus,</strong></span> <span class='ocrx_word' id='word_1_635' title='bbox 2458 3494 2709 3548; x_wconf 88' lang='lat' dir='ltr'><strong>videlicet</strong></span> <span class='ocrx_word' id='word_1_636' title='bbox 2740 3495 3018 3563; x_wconf 88' lang='lat' dir='ltr'><strong>prophetis</strong></span> <span class='ocrx_word' id='word_1_637' title='bbox 3045 3510 3142 3564; x_wconf 90' lang='lat' dir='ltr'><strong>pro</strong></span> <span class='ocrx_word' id='word_1_638' title='bbox 3164 3506 3346 3549; x_wconf 89' lang='lat' dir='ltr'><strong>vestra</strong></span> <span class='ocrx_word' id='word_1_639' title='bbox 3375 3496 3549 3550; x_wconf 74' lang='lat' dir='ltr'><strong>saluta</strong></span> 
     </span>
    </p>
   </div>
   <div class='ocr_carea' id='block_1_82' title="bbox 1973 3583 3549 3653">
    <p class='ocr_par' dir='ltr' id='par_1_82' title="bbox 1973 3583 3549 3653">
     <span class='ocr_line' id='line_1_82' title="bbox 1973 3583 3549 3653; baseline 0.001 -15"><span class='ocrx_word' id='word_1_640' title='bbox 1973 3585 2371 3651; x_wconf 90' lang='lat' dir='ltr'><strong>laborantibus,</strong></span> <span class='ocrx_word' id='word_1_641' title='bbox 2410 3583 2848 3653; x_wconf 83' lang='lat' dir='ltr'><strong>defatigationes,</strong></span> <span class='ocrx_word' id='word_1_642' title='bbox 2899 3584 3117 3639; x_wconf 84' lang='lat' dir='ltr'><strong>labores</strong></span> <span class='ocrx_word' id='word_1_643' title='bbox 3161 3594 3217 3640; x_wconf 92' lang='lat' dir='ltr'><strong>et</strong></span> <span class='ocrx_word' id='word_1_644' title='bbox 3269 3586 3549 3640; x_wconf 85' lang='lat' dir='ltr'><strong>molestias</strong></span> 
     </span>
    </p>
   </div>
   <div class='ocr_carea' id='block_1_83' title="bbox 1974 3674 3548 3745">
    <p class='ocr_par' dir='ltr' id='par_1_83' title="bbox 1974 3674 3548 3745">
     <span class='ocr_line' id='line_1_83' title="bbox 1974 3674 3548 3745; baseline -0.002 -14"><span class='ocrx_word' id='word_1_645' title='bbox 1974 3677 2245 3745; x_wconf 69' lang='lat' dir='ltr'><strong>praebere?</strong></span> <span class='ocrx_word' id='word_1_646' title='bbox 2301 3676 2409 3732; x_wconf 89' lang='lat' dir='ltr'><strong>Sed</strong></span> <span class='ocrx_word' id='word_1_647' title='bbox 2465 3677 2702 3732; x_wconf 88' lang='lat' dir='ltr'><strong>etiamne</strong></span> <span class='ocrx_word' id='word_1_648' title='bbox 2750 3674 2849 3742; x_wconf 85' lang='lat' dir='ltr'><strong>ipsi</strong></span> <span class='ocrx_word' id='word_1_649' title='bbox 2900 3675 3010 3729; x_wconf 88' lang='lat' dir='ltr'><strong>Deo</strong></span> <span class='ocrx_word' id='word_1_650' title='bbox 3061 3689 3203 3737; x_wconf 86' lang='lat' dir='ltr'><strong>meo,</strong></span> <span class='ocrx_word' id='word_1_651' title='bbox 3256 3691 3416 3745; x_wconf 87' lang='lat' dir='ltr'><strong>quem</strong></span> <span class='ocrx_word' id='word_1_652' title='bbox 3449 3690 3548 3728; x_wconf 80' lang='lat' dir='ltr'><strong>vos</strong></span> 
     </span>
    </p>
   </div>
   <div class='ocr_carea' id='block_1_84' title="bbox 1975 3766 3546 3840">
    <p class='ocr_par' dir='ltr' id='par_1_84' title="bbox 1975 3766 3546 3840">
     <span class='ocr_line' id='line_1_84' title="bbox 1975 3766 3546 3840; baseline -0.001 -16"><span class='ocrx_word' id='word_1_653' title='bbox 1975 3770 2234 3840; x_wconf 76' lang='lat' dir='ltr'><strong>ignoratis</strong></span> <span class='ocrx_word' id='word_1_654' title='bbox 2284 3778 2338 3824; x_wconf 88' lang='lat' dir='ltr'><strong>et</strong></span> <span class='ocrx_word' id='word_1_655' title='bbox 2396 3768 2630 3840; x_wconf 77' lang='lat' dir='ltr'><strong>negatis,</strong></span> <span class='ocrx_word' id='word_1_656' title='bbox 2678 3766 2977 3821; x_wconf 89' lang='lat' dir='ltr'><strong>multorum</strong></span> <span class='ocrx_word' id='word_1_657' title='bbox 3029 3766 3311 3820; x_wconf 90' lang='lat' dir='ltr'><strong>numinum</strong></span> <span class='ocrx_word' id='word_1_658' title='bbox 3370 3768 3546 3822; x_wconf 79' lang='lat' dir='ltr'><strong>errori</strong></span> 
     </span>
    </p>
   </div>
   <div class='ocr_carea' id='block_1_85' title="bbox 1973 3857 3545 3930">
    <p class='ocr_par' dir='ltr' id='par_1_85' title="bbox 1973 3857 3545 3930">
     <span class='ocr_line' id='line_1_85' title="bbox 1973 3857 3545 3930; baseline -0.002 -14"><span class='ocrx_word' id='word_1_659' title='bbox 1973 3861 2164 3928; x_wconf 87' lang='lat' dir='ltr'><strong>dediti,</strong></span> <span class='ocrx_word' id='word_1_660' title='bbox 2202 3861 2499 3927; x_wconf 87' lang='lat' dir='ltr'><strong>molestias,</strong></span> <span class='ocrx_word' id='word_1_661' title='bbox 2536 3860 2950 3930; x_wconf 83' lang='lat' dir='ltr'><strong>defatigationes</strong></span> <span class='ocrx_word' id='word_1_662' title='bbox 2993 3868 3048 3912; x_wconf 91' lang='lat' dir='ltr'><strong>et</strong></span> <span class='ocrx_word' id='word_1_663' title='bbox 3087 3859 3305 3914; x_wconf 86' lang='lat' dir='ltr'><strong>labores</strong></span> <span class='ocrx_word' id='word_1_664' title='bbox 3333 3857 3545 3928; x_wconf 66' lang='lat' dir='ltr'><strong>pracbe-</strong></span> 
     </span>
    </p>
   </div>
   <div class='ocr_carea' id='block_1_86' title="bbox 1973 3950 3546 4025">
    <p class='ocr_par' dir='ltr' id='par_1_86' title="bbox 1973 3950 3546 4025">
     <span class='ocr_line' id='line_1_86' title="bbox 1973 3950 3546 4025; baseline 0 -19"><span class='ocrx_word' id='word_1_665' title='bbox 1973 3954 2120 4021; x_wconf 89' lang='lat' dir='ltr'><strong>hitis,</strong></span> <span class='ocrx_word' id='word_1_666' title='bbox 2172 3955 2416 4010; x_wconf 83' lang='lat' dir='ltr'><strong>nolentes</strong></span> <span class='ocrx_word' id='word_1_667' title='bbox 2464 3954 2582 4025; x_wconf 87' lang='lat' dir='ltr'><strong>ejus</strong></span> <span class='ocrx_word' id='word_1_668' title='bbox 2631 3950 2916 4023; x_wconf 87' lang='lat' dir='ltr'><strong>promissis</strong></span> <span class='ocrx_word' id='word_1_669' title='bbox 2956 3950 3117 4007; x_wconf 81' lang='lat' dir='ltr'><strong>ﬁdem</strong></span> <span class='ocrx_word' id='word_1_670' title='bbox 3150 3951 3379 4018; x_wconf 81' lang='lat' dir='ltr'><strong>habere,</strong></span> <span class='ocrx_word' id='word_1_671' title='bbox 3443 3966 3546 4007; x_wconf 85' lang='lat' dir='ltr'><strong>nec</strong></span> 
     </span>
    </p>
   </div>
   <div class='ocr_carea' id='block_1_87' title="bbox 1972 4044 2662 4115">
    <p class='ocr_par' dir='ltr' id='par_1_87' title="bbox 1972 4044 2662 4115">
     <span class='ocr_line' id='line_1_87' title="bbox 1972 4044 2662 4115; baseline 0 -16"><span class='ocrx_word' id='word_1_672' title='bbox 1972 4045 2087 4115; x_wconf 88' lang='lat' dir='ltr'><strong>ejus</strong></span> <span class='ocrx_word' id='word_1_673' title='bbox 2108 4055 2376 4115; x_wconf 70' lang='lat' dir='ltr'><strong>praacepta</strong></span> <span class='ocrx_word' id='word_1_674' title='bbox 2402 4044 2662 4115; x_wconf 76' lang='lat' dir='ltr'><strong>exsequi?</strong></span> 
     </span>
    </p>
   </div>
   <div class='ocr_carea' id='block_1_88' title="bbox 2043 4134 3548 4210">
    <p class='ocr_par' dir='ltr' id='par_1_88' title="bbox 2043 4134 3548 4210">
     <span class='ocr_line' id='line_1_88' title="bbox 2043 4134 3548 4210; baseline 0.002 -21"><span class='ocrx_word' id='word_1_675' title='bbox 2043 4135 2209 4193; x_wconf 75' lang='lat' dir='ltr'><strong>Vens.</strong></span> <span class='ocrx_word' id='word_1_676' title='bbox 2247 4137 2335 4193; x_wconf 74' lang='grc'><strong>14.</strong></span> <span class='ocrx_word' id='word_1_677' title='bbox 2369 4154 2388 4189; x_wconf 74' lang='grc' dir='ltr'><strong>ι</strong></span> <span class='ocrx_word' id='word_1_678' title='bbox 2426 4135 2653 4205; x_wconf 84' lang='lat' dir='ltr'><strong>Propter</strong></span> <span class='ocrx_word' id='word_1_679' title='bbox 2681 4135 2785 4191; x_wconf 93' lang='lat' dir='ltr'><strong>hoc</strong></span> <span class='ocrx_word' id='word_1_680' title='bbox 2814 4136 2966 4191; x_wconf 88' lang='lat' dir='ltr'><strong>dabit</strong></span> <span class='ocrx_word' id='word_1_681' title='bbox 3009 4134 3270 4194; x_wconf 89' lang='lat' dir='ltr'><strong>Dominus</strong></span> <span class='ocrx_word' id='word_1_682' title='bbox 3312 4138 3428 4210; x_wconf 81' lang='lat' dir='ltr'><strong>ipse</strong></span> <span class='ocrx_word' id='word_1_683' title='bbox 3452 4152 3548 4192; x_wconf 77' lang='lat' dir='ltr'><strong>vo-</strong></span> 
     </span>
    </p>
   </div>
   <div class='ocr_carea' id='block_1_89' title="bbox 1972 4228 3547 4301">
    <p class='ocr_par' dir='ltr' id='par_1_89' title="bbox 1972 4228 3547 4301">
     <span class='ocr_line' id='line_1_89' title="bbox 1972 4228 3547 4301; baseline -0.002 -15"><span class='ocrx_word' id='word_1_684' title='bbox 1972 4231 2055 4286; x_wconf 89' lang='lat' dir='ltr'><strong>bis</strong></span> <span class='ocrx_word' id='word_1_685' title='bbox 2105 4233 2313 4299; x_wconf 82' lang='lat' dir='ltr'><strong>signutn</strong></span> <span class='ocrx_word' id='word_1_686' title='bbox 2342 4249 2355 4284; x_wconf 90' lang='lat'><strong>:</strong></span> <span class='ocrx_word' id='word_1_687' title='bbox 2382 4228 2523 4284; x_wconf 84' lang='lat' dir='ltr'><strong>Ecce</strong></span> <span class='ocrx_word' id='word_1_688' title='bbox 2554 4230 2707 4298; x_wconf 91' lang='lat' dir='ltr'><strong>virgo</strong></span> <span class='ocrx_word' id='word_1_689' title='bbox 2740 4228 2794 4283; x_wconf 89' lang='lat' dir='ltr'><strong>in</strong></span> <span class='ocrx_word' id='word_1_690' title='bbox 2828 4240 2984 4285; x_wconf 89' lang='lat' dir='ltr'><strong>utero</strong></span> <span class='ocrx_word' id='word_1_691' title='bbox 3013 4231 3320 4301; x_wconf 91' lang='lat' dir='ltr'><strong>concipiet,</strong></span> <span class='ocrx_word' id='word_1_692' title='bbox 3367 4239 3422 4286; x_wconf 88' lang='lat' dir='ltr'><strong>et</strong></span> <span class='ocrx_word' id='word_1_693' title='bbox 3450 4245 3547 4297; x_wconf 83' lang='lat' dir='ltr'><strong>pa-</strong></span> 
     </span>
    </p>
   </div>
   <div class='ocr_carea' id='block_1_90' title="bbox 1972 4321 3538 4393">
    <p class='ocr_par' dir='ltr' id='par_1_90' title="bbox 1972 4321 3538 4393">
     <span class='ocr_line' id='line_1_90' title="bbox 1972 4321 3538 4393; baseline -0.002 -15"><span class='ocrx_word' id='word_1_694' title='bbox 1972 4325 2077 4378; x_wconf 89' lang='lat' dir='ltr'><strong>riet</strong></span> <span class='ocrx_word' id='word_1_695' title='bbox 2127 4323 2315 4390; x_wconf 83' lang='lat' dir='ltr'><strong>lilium,</strong></span> <span class='ocrx_word' id='word_1_696' title='bbox 2367 4331 2422 4377; x_wconf 90' lang='lat' dir='ltr'><strong>et</strong></span> <span class='ocrx_word' id='word_1_697' title='bbox 2464 4321 2684 4377; x_wconf 85' lang='lat' dir='ltr'><strong>vocabis</strong></span> <span class='ocrx_word' id='word_1_698' title='bbox 2736 4337 2931 4377; x_wconf 90' lang='lat' dir='ltr'><strong>nomen</strong></span> <span class='ocrx_word' id='word_1_699' title='bbox 2982 4325 3099 4393; x_wconf 92' lang='lat' dir='ltr'><strong>ejus</strong></span> <span class='ocrx_word' id='word_1_700' title='bbox 3148 4321 3484 4378; x_wconf 86' lang='lat' dir='ltr'><strong>Emmanuel.</strong></span> <span class='ocrx_word' id='word_1_701' title='bbox 3518 4342 3538 4375; x_wconf 92' lang='lat'><strong>3</strong></span> 
     </span>
    </p>
   </div>
   <div class='ocr_carea' id='block_1_91' title="bbox 284 4413 1868 4502">
    <p class='ocr_par' dir='ltr' id='par_1_91' title="bbox 284 4413 1864 4487">
     <span class='ocr_line' id='line_1_91' title="bbox 284 4413 1864 4487; baseline 0.003 -22"><span class='ocrx_word' id='word_1_702' title='bbox 284 4417 469 4485; x_wconf 55' lang='grc' dir='ltr'>φησιν,</span> <span class='ocrx_word' id='word_1_703' title='bbox 500 4415 616 4467; x_wconf 72' lang='grc' dir='ltr'>ἐστὶ</span> <span class='ocrx_word' id='word_1_704' title='bbox 640 4414 700 4466; x_wconf 89' lang='grc' dir='ltr'><strong>τὸ</strong></span> <span class='ocrx_word' id='word_1_705' title='bbox 729 4416 992 4486; x_wconf 83' lang='grc' dir='ltr'>σωτήριον</span> <span class='ocrx_word' id='word_1_706' title='bbox 1036 4419 1277 4485; x_wconf 83' lang='grc' dir='ltr'>σημεῖον,</span> <span class='ocrx_word' id='word_1_707' title='bbox 1304 4415 1332 4467; x_wconf 87' lang='grc' dir='ltr'>ὃ</span> <span class='ocrx_word' id='word_1_708' title='bbox 1365 4416 1457 4469; x_wconf 73' lang='grc' dir='ltr'><strong>καὶ</strong></span> <span class='ocrx_word' id='word_1_709' title='bbox 1497 4414 1569 4487; x_wconf 81' lang='grc' dir='ltr'>μὴ</span> <span class='ocrx_word' id='word_1_710' title='bbox 1614 4413 1864 4485; x_wconf 86' lang='grc' dir='ltr'>βουλομέ-</span> 
     </span>
    </p>
   </div>
   <div class='ocr_carea' id='block_1_92' title="bbox 1973 4413 3542 4502">
    <p class='ocr_par' dir='ltr' id='par_1_92' title="bbox 1975 4414 3542 4486">
     <span class='ocr_line' id='line_1_92' title="bbox 1975 4414 3542 4486; baseline -0.001 -17"><span class='ocrx_word' id='word_1_711' title='bbox 1975 4416 2122 4483; x_wconf 86' lang='lat' dir='ltr'><strong>Quod</strong></span> <span class='ocrx_word' id='word_1_712' title='bbox 2164 4424 2289 4483; x_wconf 89' lang='lat' dir='ltr'><strong>est,</strong></span> <span class='ocrx_word' id='word_1_713' title='bbox 2314 4414 2488 4483; x_wconf 88' lang='lat' dir='ltr'><strong>inquit</strong></span> <span class='ocrx_word' id='word_1_714' title='bbox 2515 4454 2530 4478; x_wconf 90' lang='lat'><strong>,</strong></span> <span class='ocrx_word' id='word_1_715' title='bbox 2562 4416 2774 4486; x_wconf 89' lang='lat' dir='ltr'><strong>signum</strong></span> <span class='ocrx_word' id='word_1_716' title='bbox 2802 4415 3068 4483; x_wconf 88' lang='lat' dir='ltr'><strong>salutare,</strong></span> <span class='ocrx_word' id='word_1_717' title='bbox 3101 4415 3243 4484; x_wconf 86' lang='lat' dir='ltr'><strong>quod</strong></span> <span class='ocrx_word' id='word_1_718' title='bbox 3268 4414 3420 4469; x_wconf 88' lang='lat' dir='ltr'><strong>vobis</strong></span> <span class='ocrx_word' id='word_1_719' title='bbox 3457 4414 3542 4469; x_wconf 93' lang='lat' dir='ltr'><strong>vel</strong></span> 
     </span>
    </p>
   </div>
   <div class='ocr_carea' id='block_1_93' title="bbox 282 4506 1859 4579">
    <p class='ocr_par' dir='ltr' id='par_1_93' title="bbox 282 4506 1859 4579">
     <span class='ocr_line' id='line_1_93' title="bbox 282 4506 1859 4579; baseline -0.002 -17"><span class='ocrx_word' id='word_1_720' title='bbox 282 4528 393 4573; x_wconf 79' lang='grc' dir='ltr'>νοις</span> <span class='ocrx_word' id='word_1_721' title='bbox 426 4511 557 4578; x_wconf 73' lang='grc' dir='ltr'>ὑμῖν</span> <span class='ocrx_word' id='word_1_722' title='bbox 593 4506 852 4579; x_wconf 57' lang='lat' dir='ltr'><strong>«mpiger;</strong></span> <span class='ocrx_word' id='word_1_723' title='bbox 893 4506 1189 4579; x_wconf 79' lang='grc' dir='ltr'>παράδοξόν</span> <span class='ocrx_word' id='word_1_724' title='bbox 1231 4525 1283 4561; x_wconf 89' lang='grc' dir='ltr'><strong>τι</strong></span> <span class='ocrx_word' id='word_1_725' title='bbox 1322 4507 1504 4565; x_wconf 80' lang='grc' dir='ltr'>θαῦμα</span> <span class='ocrx_word' id='word_1_726' title='bbox 1546 4506 1698 4560; x_wconf 72' lang='grc' dir='ltr'>ἔσται</span> <span class='ocrx_word' id='word_1_727' title='bbox 1728 4507 1859 4559; x_wconf 82' lang='grc' dir='ltr'>ποτὲ</span> 
     </span>
    </p>
   </div>
   <div class='ocr_carea' id='block_1_94' title="bbox 280 4598 1859 4672">
    <p class='ocr_par' dir='ltr' id='par_1_94' title="bbox 280 4598 1859 4672">
     <span class='ocr_line' id='line_1_94' title="bbox 280 4598 1859 4672; baseline -0.002 -18"><span class='ocrx_word' id='word_1_728' title='bbox 280 4603 342 4655; x_wconf 73' lang='grc' dir='ltr'>ἐν</span> <span class='ocrx_word' id='word_1_729' title='bbox 382 4600 709 4672; x_wconf 79' lang='grc' dir='ltr'>ἀνθρώποις,</span> <span class='ocrx_word' id='word_1_730' title='bbox 754 4600 849 4653; x_wconf 76' lang='grc' dir='ltr'><strong>καὶ</strong></span> <span class='ocrx_word' id='word_1_731' title='bbox 897 4601 1118 4669; x_wconf 86' lang='grc' dir='ltr'>σημεῖον</span> <span class='ocrx_word' id='word_1_732' title='bbox 1175 4598 1440 4669; x_wconf 87' lang='grc' dir='ltr'>μηδέποτε</span> <span class='ocrx_word' id='word_1_733' title='bbox 1484 4599 1745 4654; x_wconf 79' lang='grc' dir='ltr'>ἀκουσθὲν</span> <span class='ocrx_word' id='word_1_734' title='bbox 1796 4600 1859 4651; x_wconf 82' lang='grc' dir='ltr'>ὲκ</span> 
     </span>
    </p>
   </div>
   <div class='ocr_carea' id='block_1_95' title="bbox 278 4690 1860 4764">
    <p class='ocr_par' dir='ltr' id='par_1_95' title="bbox 278 4690 1860 4764">
     <span class='ocr_line' id='line_1_95' title="bbox 278 4690 1860 4764; baseline -0.002 -19"><span class='ocrx_word' id='word_1_735' title='bbox 278 4692 377 4745; x_wconf 82' lang='grc' dir='ltr'><strong>τοῦ</strong></span> <span class='ocrx_word' id='word_1_736' title='bbox 418 4692 616 4754; x_wconf 85' lang='grc' dir='ltr'>παντὸς</span> <span class='ocrx_word' id='word_1_737' title='bbox 648 4691 859 4754; x_wconf 83' lang='grc' dir='ltr'>αἰῶνος.</span> <span class='ocrx_word' id='word_1_738' title='bbox 893 4691 1166 4764; x_wconf 86' lang='grc' dir='ltr'>Παρθένος</span> <span class='ocrx_word' id='word_1_739' title='bbox 1194 4692 1383 4761; x_wconf 82' lang='grc' dir='ltr'>κυήσει</span> <span class='ocrx_word' id='word_1_740' title='bbox 1420 4690 1543 4760; x_wconf 87' lang='grc' dir='ltr'>δίχα</span> <span class='ocrx_word' id='word_1_741' title='bbox 1579 4691 1677 4760; x_wconf 79' lang='grc' dir='ltr'>τῆς</span> <span class='ocrx_word' id='word_1_742' title='bbox 1722 4690 1860 4762; x_wconf 86' lang='grc' dir='ltr'>πρὸς</span> 
     </span>
    </p>
   </div>
   <div class='ocr_carea' id='block_1_96' title="bbox 281 4782 1862 4854">
    <p class='ocr_par' dir='ltr' id='par_1_96' title="bbox 281 4782 1862 4854">
     <span class='ocr_line' id='line_1_96' title="bbox 281 4782 1862 4854; baseline -0.001 -17"><span class='ocrx_word' id='word_1_743' title='bbox 281 4785 453 4854; x_wconf 78' lang='grc' dir='ltr'>ἄνδρα</span> <span class='ocrx_word' id='word_1_744' title='bbox 478 4783 780 4847; x_wconf 83' lang='grc' dir='ltr'>κοινωνίας,</span> <span class='ocrx_word' id='word_1_745' title='bbox 814 4784 907 4837; x_wconf 69' lang='grc' dir='ltr'><strong>κα)⁸</strong></span> <span class='ocrx_word' id='word_1_746' title='bbox 934 4783 1065 4837; x_wconf 85' lang='grc' dir='ltr'>Θεὸν</span> <span class='ocrx_word' id='word_1_747' title='bbox 1086 4786 1353 4854; x_wconf 79' lang='grc' dir='ltr'>γεννήσει,</span> <span class='ocrx_word' id='word_1_748' title='bbox 1384 4782 1608 4854; x_wconf 81' lang='grc' dir='ltr'>Σωτῆρα</span> <span class='ocrx_word' id='word_1_749' title='bbox 1630 4782 1720 4836; x_wconf 85' lang='grc' dir='ltr'><strong>τοῦ</strong></span> <span class='ocrx_word' id='word_1_750' title='bbox 1752 4782 1862 4835; x_wconf 87' lang='grc' dir='ltr'><strong>τῶν</strong></span> 
     </span>
    </p>
   </div>
   <div class='ocr_carea' id='block_1_97' title="bbox 281 4864 1865 4947">
    <p class='ocr_par' dir='ltr' id='par_1_97' title="bbox 281 4864 1865 4947">
     <span class='ocr_line' id='line_1_97' title="bbox 281 4864 1865 4947; baseline -0.001 -17"><span class='ocrx_word' id='word_1_751' title='bbox 281 4864 591 4947; x_wconf 78' lang='grc' dir='ltr'>ἀνθρώπων</span> <span class='ocrx_word' id='word_1_752' title='bbox 616 4875 827 4944; x_wconf 84' lang='grc' dir='ltr'>γένους.</span> <span class='ocrx_word' id='word_1_753' title='bbox 851 4875 1050 4929; x_wconf 82' lang='grc' dir='ltr'>Τοῦτον</span> <span class='ocrx_word' id='word_1_754' title='bbox 1078 4876 1237 4930; x_wconf 81' lang='grc' dir='ltr'>αὑτὸν</span> <span class='ocrx_word' id='word_1_755' title='bbox 1259 4876 1347 4928; x_wconf 87' lang='grc' dir='ltr'><strong>τὸν</strong></span> <span class='ocrx_word' id='word_1_756' title='bbox 1378 4875 1635 4946; x_wconf 83' lang='grc' dir='ltr'>μέλλοντα</span> <span class='ocrx_word' id='word_1_757' title='bbox 1666 4875 1865 4947; x_wconf 88' lang='grc' dir='ltr'>λαγχά-</span> 
     </span>
    </p>
   </div>
   <div class='ocr_carea' id='block_1_98' title="bbox 283 4966 1864 5040">
    <p class='ocr_par' dir='ltr' id='par_1_98' title="bbox 283 4966 1864 5040">
     <span class='ocr_line' id='line_1_98' title="bbox 283 4966 1864 5040; baseline 0.001 -20"><span class='ocrx_word' id='word_1_758' title='bbox 283 4985 393 5020; x_wconf 87' lang='grc' dir='ltr'>νειν</span> <span class='ocrx_word' id='word_1_759' title='bbox 430 4966 685 5035; x_wconf 82' lang='grc' dir='ltr'>τοιαύτης</span> <span class='ocrx_word' id='word_1_760' title='bbox 706 4968 1011 5038; x_wconf 84' lang='grc' dir='ltr'>γεννήσεως</span> <span class='ocrx_word' id='word_1_761' title='bbox 1038 4967 1169 5021; x_wconf 82' lang='grc' dir='ltr'>Θεὸν</span> <span class='ocrx_word' id='word_1_762' title='bbox 1195 4969 1417 5038; x_wconf 87' lang='grc' dir='ltr'>σημεῖον</span> <span class='ocrx_word' id='word_1_763' title='bbox 1440 4968 1567 5037; x_wconf 82' lang='grc' dir='ltr'>ὑμῖν</span> <span class='ocrx_word' id='word_1_764' title='bbox 1602 4970 1864 5040; x_wconf 88' lang='grc' dir='ltr'>σωτήριον</span> 
     </span>
    </p>
   </div>
   <div class='ocr_carea' id='block_1_99' title="bbox 281 5056 1863 5130">
    <p class='ocr_par' dir='ltr' id='par_1_99' title="bbox 281 5056 1863 5130">
     <span class='ocr_line' id='line_1_99' title="bbox 281 5056 1863 5130; baseline 0.001 -19"><span class='ocrx_word' id='word_1_765' title='bbox 281 5058 536 5111; x_wconf 79' lang='grc' dir='ltr'>ἐντεῦθεν</span> <span class='ocrx_word' id='word_1_766' title='bbox 579 5056 727 5129; x_wconf 80' lang='grc' dir='ltr'>ἧδηό</span> <span class='ocrx_word' id='word_1_767' title='bbox 770 5058 903 5121; x_wconf 85' lang='grc' dir='ltr'>Θεὸς</span> <span class='ocrx_word' id='word_1_768' title='bbox 950 5059 1210 5130; x_wconf 73' lang='grc' dir='ltr'>παρέχειο</span> <span class='ocrx_word' id='word_1_769' title='bbox 1263 5059 1291 5111; x_wconf 83' lang='grc' dir='ltr'><strong>ὃ</strong></span> <span class='ocrx_word' id='word_1_770' title='bbox 1331 5059 1394 5130; x_wconf 81' lang='grc' dir='ltr'>δὴ</span> <span class='ocrx_word' id='word_1_771' title='bbox 1435 5060 1528 5111; x_wconf 76' lang='grc' dir='ltr'><strong>καὶ</strong></span> <span class='ocrx_word' id='word_1_772' title='bbox 1565 5061 1647 5122; x_wconf 79' lang='grc' dir='ltr'>εἰς</span> <span class='ocrx_word' id='word_1_773' title='bbox 1701 5059 1863 5129; x_wconf 81' lang='grc' dir='ltr'>βάθος</span> 
     </span>
    </p>
   </div>
   <div class='ocr_carea' id='block_1_100' title="bbox 285 5148 1863 5220">
    <p class='ocr_par' dir='ltr' id='par_1_100' title="bbox 285 5148 1863 5220">
     <span class='ocr_line' id='line_1_100' title="bbox 285 5148 1863 5220; baseline 0.003 -21"><span class='ocrx_word' id='word_1_774' title='bbox 285 5151 385 5218; x_wconf 78' lang='grc' dir='ltr'><strong>μὲν</strong></span> <span class='ocrx_word' id='word_1_775' title='bbox 426 5148 492 5201; x_wconf 82' lang='grc' dir='ltr'>δι’</span> <span class='ocrx_word' id='word_1_776' title='bbox 538 5150 603 5218; x_wconf 82' lang='grc' dir='ltr'><strong>ήν</strong></span> <span class='ocrx_word' id='word_1_777' title='bbox 658 5150 944 5219; x_wconf 85' lang='grc' dir='ltr'>ποιήσεται</span> <span class='ocrx_word' id='word_1_778' title='bbox 992 5150 1183 5219; x_wconf 81' lang='grc' dir='ltr'>μέχρις</span> <span class='ocrx_word' id='word_1_779' title='bbox 1233 5149 1358 5220; x_wconf 73' lang='grc' dir='ltr'>ᾅδου</span> <span class='ocrx_word' id='word_1_780' title='bbox 1405 5150 1726 5216; x_wconf 87' lang='grc' dir='ltr'>κατάϐασιν,</span> <span class='ocrx_word' id='word_1_781' title='bbox 1781 5153 1863 5214; x_wconf 86' lang='grc' dir='ltr'><strong>είς</strong></span> 
     </span>
    </p>
   </div>
   <div class='ocr_carea' id='block_1_101' title="bbox 282 5239 1865 5313">
    <p class='ocr_par' dir='ltr' id='par_1_101' title="bbox 282 5239 1865 5313">
     <span class='ocr_line' id='line_1_101' title="bbox 282 5239 1865 5313; baseline 0 -18"><span class='ocrx_word' id='word_1_782' title='bbox 282 5243 415 5313; x_wconf 48' lang='grc' dir='ltr'>Ξίφος</span> <span class='ocrx_word' id='word_1_783' title='bbox 442 5244 501 5295; x_wconf 79' lang='grc' dir='ltr'>δὲ</span> <span class='ocrx_word' id='word_1_784' title='bbox 544 5242 632 5295; x_wconf 82' lang='grc' dir='ltr'><strong>διά</strong></span> <span class='ocrx_word' id='word_1_785' title='bbox 665 5242 763 5312; x_wconf 81' lang='grc' dir='ltr'>τὴν</span> <span class='ocrx_word' id='word_1_786' title='bbox 802 5244 882 5305; x_wconf 88' lang='grc' dir='ltr'><strong>είς</strong></span> <span class='ocrx_word' id='word_1_787' title='bbox 915 5243 1177 5313; x_wconf 77' lang='grc' dir='ltr'>οὐρανοὺς</span> <span class='ocrx_word' id='word_1_788' title='bbox 1207 5242 1487 5297; x_wconf 81' lang='grc' dir='ltr'>ἐπάνοδον.</span> <span class='ocrx_word' id='word_1_789' title='bbox 1524 5244 1595 5296; x_wconf 79' lang='grc' dir='ltr'><strong>Σὺ</strong></span> <span class='ocrx_word' id='word_1_790' title='bbox 1626 5239 1740 5306; x_wconf 75' lang='grc' dir='ltr'>οὖν,</span> <span class='ocrx_word' id='word_1_791' title='bbox 1790 5239 1865 5296; x_wconf 83' lang='grc' dir='ltr'><strong>οἷ-</strong></span> 
     </span>
    </p>
   </div>
   <div class='ocr_carea' id='block_1_102' title="bbox 277 5333 1863 5407">
    <p class='ocr_par' dir='ltr' id='par_1_102' title="bbox 277 5333 1863 5407">
     <span class='ocr_line' id='line_1_102' title="bbox 277 5333 1863 5407; baseline -0.005 -18"><span class='ocrx_word' id='word_1_792' title='bbox 277 5352 377 5399; x_wconf 81' lang='grc' dir='ltr'><strong>κος</strong></span> <span class='ocrx_word' id='word_1_793' title='bbox 409 5334 594 5397; x_wconf 82' lang='grc' dir='ltr'>Δαυῒδ,</span> <span class='ocrx_word' id='word_1_794' title='bbox 630 5333 879 5387; x_wconf 78' lang='grc' dir='ltr'>ἐντεῦθεν</span> <span class='ocrx_word' id='word_1_795' title='bbox 913 5334 1011 5405; x_wconf 75' lang='grc' dir='ltr'>ἢδη</span> <span class='ocrx_word' id='word_1_796' title='bbox 1060 5334 1199 5387; x_wconf 82' lang='grc' dir='ltr'><strong>κατά</strong></span> <span class='ocrx_word' id='word_1_797' title='bbox 1238 5335 1326 5387; x_wconf 90' lang='grc' dir='ltr'><strong>τὸν</strong></span> <span class='ocrx_word' id='word_1_798' title='bbox 1370 5335 1555 5407; x_wconf 83' lang='grc' dir='ltr'>καιρὸν</span> <span class='ocrx_word' id='word_1_799' title='bbox 1586 5335 1683 5404; x_wconf 81' lang='grc' dir='ltr'><strong>τῆς</strong></span> <span class='ocrx_word' id='word_1_800' title='bbox 1730 5336 1863 5405; x_wconf 77' lang='grc' dir='ltr'>πρὸς</span> 
     </span>
    </p>
   </div>
   <div class='ocr_carea' id='block_1_103' title="bbox 276 5424 1854 5497">
    <p class='ocr_par' dir='ltr' id='par_1_103' title="bbox 276 5424 1854 5497">
     <span class='ocr_line' id='line_1_103' title="bbox 276 5424 1854 5497; baseline 0 -18"><span class='ocrx_word' id='word_1_801' title='bbox 276 5431 403 5490; x_wconf 71' lang='grc' dir='ltr'>τοὺς</span> <span class='ocrx_word' id='word_1_802' title='bbox 434 5426 712 5497; x_wconf 79' lang='grc' dir='ltr'>παρόντας</span> <span class='ocrx_word' id='word_1_803' title='bbox 745 5425 1032 5495; x_wconf 88' lang='grc' dir='ltr'>πολεμίους</span> <span class='ocrx_word' id='word_1_804' title='bbox 1069 5424 1341 5496; x_wconf 84' lang='grc' dir='ltr'>συμϐολῆς</span> <span class='ocrx_word' id='word_1_805' title='bbox 1372 5425 1640 5479; x_wconf 83' lang='grc' dir='ltr'>ἀνακαλοῦ</span> <span class='ocrx_word' id='word_1_806' title='bbox 1674 5426 1854 5490; x_wconf 86' lang='grc' dir='ltr'>αὐτὸν,</span> 
     </span>
    </p>
   </div>
   <div class='ocr_carea' id='block_1_104' title="bbox 288 5516 1859 5591">
    <p class='ocr_par' dir='ltr' id='par_1_104' title="bbox 288 5516 1859 5591">
     <span class='ocr_line' id='line_1_104' title="bbox 288 5516 1859 5591; baseline 0.001 -20"><span class='ocrx_word' id='word_1_807' title='bbox 288 5518 644 5590; x_wconf 75' lang='grc' dir='ltr'>Ἐμμανουήλ</span> <span class='ocrx_word' id='word_1_808' title='bbox 675 5516 1049 5588; x_wconf 76' lang='grc' dir='ltr'>ἐπονομάζων,</span> <span class='ocrx_word' id='word_1_809' title='bbox 1076 5518 1214 5587; x_wconf 83' lang='grc' dir='ltr'>ὅπερ</span> <span class='ocrx_word' id='word_1_810' title='bbox 1239 5519 1302 5570; x_wconf 82' lang='grc' dir='ltr'><strong>ἐκ</strong></span> <span class='ocrx_word' id='word_1_811' title='bbox 1324 5518 1420 5589; x_wconf 80' lang='grc' dir='ltr'><strong>τῆς</strong></span> <span class='ocrx_word' id='word_1_812' title='bbox 1446 5518 1739 5591; x_wconf 80' lang='grc' dir='ltr'>ἑρμηνείας</span> <span class='ocrx_word' id='word_1_813' title='bbox 1762 5521 1859 5591; x_wconf 78' lang='grc' dir='ltr'>τὴν</span> 
     </span>
    </p>
   </div>
   <div class='ocr_carea' id='block_1_105' title="bbox 279 5608 1860 5683">
    <p class='ocr_par' dir='ltr' id='par_1_105' title="bbox 279 5608 1860 5683">
     <span class='ocr_line' id='line_1_105' title="bbox 279 5608 1860 5683; baseline -0.001 -19"><span class='ocrx_word' id='word_1_814' title='bbox 279 5612 375 5664; x_wconf 78' lang='grc' dir='ltr'><strong>τοῦ</strong></span> <span class='ocrx_word' id='word_1_815' title='bbox 408 5612 573 5679; x_wconf 78' lang='grc' dir='ltr'>λόγου</span> <span class='ocrx_word' id='word_1_816' title='bbox 609 5610 907 5681; x_wconf 81' lang='grc' dir='ltr'>παρίστησι</span> <span class='ocrx_word' id='word_1_817' title='bbox 947 5608 1205 5681; x_wconf 69' lang='grc' dir='ltr'>δύναμινο</span> <span class='ocrx_word' id='word_1_818' title='bbox 1245 5628 1263 5660; x_wconf 83' lang='lat' dir='ltr'><strong>t</strong></span> <span class='ocrx_word' id='word_1_819' title='bbox 1324 5610 1440 5681; x_wconf 81' lang='grc' dir='ltr'>μεθ’</span> <span class='ocrx_word' id='word_1_820' title='bbox 1489 5610 1644 5682; x_wconf 83' lang='grc' dir='ltr'>ήμῶν</span> <span class='ocrx_word' id='word_1_821' title='bbox 1686 5631 1703 5662; x_wconf 95' lang='lat'><strong>3</strong></span> <span class='ocrx_word' id='word_1_822' title='bbox 1753 5612 1860 5683; x_wconf 87' lang='grc' dir='ltr'><strong>γάρ</strong></span> 
     </span>
    </p>
   </div>
   <div class='ocr_carea' id='block_1_106' title="bbox 288 5699 1860 5776">
    <p class='ocr_par' dir='ltr' id='par_1_106' title="bbox 288 5699 1860 5776">
     <span class='ocr_line' id='line_1_106' title="bbox 288 5699 1860 5776; baseline -0.001 -17"><span class='ocrx_word' id='word_1_823' title='bbox 288 5725 305 5759; x_wconf 78' lang='grc' dir='ltr'><strong>ι</strong></span> <span class='ocrx_word' id='word_1_824' title='bbox 347 5709 376 5760; x_wconf 78' lang='lat'><strong>6</strong></span> <span class='ocrx_word' id='word_1_825' title='bbox 397 5707 534 5768; x_wconf 76' lang='grc' dir='ltr'>θεὸς</span> <span class='ocrx_word' id='word_1_826' title='bbox 567 5727 585 5754; x_wconf 86' lang='lat'><strong>3</strong></span> <span class='ocrx_word' id='word_1_827' title='bbox 619 5703 769 5769; x_wconf 85' lang='grc' dir='ltr'>δηλοῖ</span> <span class='ocrx_word' id='word_1_828' title='bbox 794 5701 1052 5768; x_wconf 73' lang='grc' dir='ltr'>τοῦνομα.</span> <span class='ocrx_word' id='word_1_829' title='bbox 1086 5703 1359 5759; x_wconf 83' lang='grc' dir='ltr'>Πιστεύων</span> <span class='ocrx_word' id='word_1_830' title='bbox 1382 5699 1474 5758; x_wconf 71' lang='grc' dir='ltr'><strong>οὖν</strong></span> <span class='ocrx_word' id='word_1_831' title='bbox 1502 5704 1637 5776; x_wconf 74' lang='grc' dir='ltr'>δῇτα</span> <span class='ocrx_word' id='word_1_832' title='bbox 1659 5702 1734 5773; x_wconf 81' lang='grc' dir='ltr'>τῷ</span> <span class='ocrx_word' id='word_1_833' title='bbox 1766 5721 1860 5772; x_wconf 82' lang='grc' dir='ltr'>ση-</span> 
     </span>
    </p>
   </div>
   <div class='ocr_carea' id='block_1_107' title="bbox 1974 4505 3542 4577">
    <p class='ocr_par' dir='ltr' id='par_1_107' title="bbox 1974 4505 3542 4577">
     <span class='ocr_line' id='line_1_107' title="bbox 1974 4505 3542 4577; baseline -0.003 -14"><span class='ocrx_word' id='word_1_834' title='bbox 1974 4507 2279 4563; x_wconf 89' lang='lat' dir='ltr'><strong>nolentihus</strong></span> <span class='ocrx_word' id='word_1_835' title='bbox 2309 4507 2614 4575; x_wconf 68' lang='lat' dir='ltr'><strong>praebebit?</strong></span> <span class='ocrx_word' id='word_1_836' title='bbox 2656 4509 2977 4576; x_wconf 89' lang='lat' dir='ltr'><strong>stupendum</strong></span> <span class='ocrx_word' id='word_1_837' title='bbox 3011 4507 3280 4577; x_wconf 87' lang='lat' dir='ltr'><strong>quoddam</strong></span> <span class='ocrx_word' id='word_1_838' title='bbox 3309 4505 3542 4560; x_wconf 84' lang='lat' dir='ltr'><strong>miracu-</strong></span> 
     </span>
    </p>
   </div>
   <div class='ocr_carea' id='block_1_108' title="bbox 1972 4596 3545 4665">
    <p class='ocr_par' dir='ltr' id='par_1_108' title="bbox 1972 4596 3545 4665">
     <span class='ocr_line' id='line_1_108' title="bbox 1972 4596 3545 4665; baseline -0.001 -14"><span class='ocrx_word' id='word_1_839' title='bbox 1972 4598 2079 4651; x_wconf 91' lang='lat' dir='ltr'><strong>lum</strong></span> <span class='ocrx_word' id='word_1_840' title='bbox 2125 4596 2414 4665; x_wconf 83' lang='lat' dir='ltr'><strong>aliquando</strong></span> <span class='ocrx_word' id='word_1_841' title='bbox 2452 4596 2504 4651; x_wconf 93' lang='lat' dir='ltr'><strong>in</strong></span> <span class='ocrx_word' id='word_1_842' title='bbox 2535 4597 2847 4653; x_wconf 88' lang='lat' dir='ltr'><strong>hominibus</strong></span> <span class='ocrx_word' id='word_1_843' title='bbox 2876 4598 3020 4663; x_wconf 86' lang='lat' dir='ltr'><strong>erit,</strong></span> <span class='ocrx_word' id='word_1_844' title='bbox 3050 4611 3114 4650; x_wconf 90' lang='lat' dir='ltr'><strong>ac</strong></span> <span class='ocrx_word' id='word_1_845' title='bbox 3152 4596 3367 4665; x_wconf 87' lang='lat' dir='ltr'><strong>signum</strong></span> <span class='ocrx_word' id='word_1_846' title='bbox 3407 4612 3545 4650; x_wconf 85' lang='lat' dir='ltr'><strong>nun-</strong></span> 
     </span>
    </p>
   </div>
   <div class='ocr_carea' id='block_1_109' title="bbox 1971 4686 3545 4758">
    <p class='ocr_par' dir='ltr' id='par_1_109' title="bbox 1971 4686 3545 4758">
     <span class='ocr_line' id='line_1_109' title="bbox 1971 4686 3545 4758; baseline -0.001 -17"><span class='ocrx_word' id='word_1_847' title='bbox 1971 4703 2133 4758; x_wconf 87' lang='lat' dir='ltr'><strong>quam</strong></span> <span class='ocrx_word' id='word_1_848' title='bbox 2162 4688 2311 4744; x_wconf 93' lang='lat' dir='ltr'><strong>omni</strong></span> <span class='ocrx_word' id='word_1_849' title='bbox 2343 4686 2540 4743; x_wconf 69' lang='lat' dir='ltr'><strong>stmulo</strong></span> <span class='ocrx_word' id='word_1_850' title='bbox 2573 4688 2843 4743; x_wconf 90' lang='lat' dir='ltr'><strong>auditum.</strong></span> <span class='ocrx_word' id='word_1_851' title='bbox 2872 4686 3035 4757; x_wconf 85' lang='lat' dir='ltr'><strong>Virgo</strong></span> <span class='ocrx_word' id='word_1_852' title='bbox 3067 4696 3278 4741; x_wconf 89' lang='lat' dir='ltr'><strong>uterum</strong></span> <span class='ocrx_word' id='word_1_853' title='bbox 3309 4687 3545 4757; x_wconf 73' lang='lat' dir='ltr'><strong>gestabit</strong></span> 
     </span>
    </p>
   </div>
   <div class='ocr_carea' id='block_1_110' title="bbox 1972 4778 3539 4850">
    <p class='ocr_par' dir='ltr' id='par_1_110' title="bbox 1972 4778 3539 4850">
     <span class='ocr_line' id='line_1_110' title="bbox 1972 4778 3539 4850; baseline -0.001 -15"><span class='ocrx_word' id='word_1_854' title='bbox 1972 4782 2090 4835; x_wconf 89' lang='lat' dir='ltr'><strong>sine</strong></span> <span class='ocrx_word' id='word_1_855' title='bbox 2123 4779 2227 4834; x_wconf 90' lang='lat' dir='ltr'><strong>ulla</strong></span> <span class='ocrx_word' id='word_1_856' title='bbox 2260 4794 2381 4836; x_wconf 89' lang='lat' dir='ltr'><strong>cum</strong></span> <span class='ocrx_word' id='word_1_857' title='bbox 2424 4780 2542 4834; x_wconf 88' lang='lat' dir='ltr'><strong>viro</strong></span> <span class='ocrx_word' id='word_1_858' title='bbox 2566 4778 2954 4834; x_wconf 87' lang='lat' dir='ltr'><strong>consuetudine</strong></span> <span class='ocrx_word' id='word_1_859' title='bbox 2976 4820 2993 4846; x_wconf 90' lang='lat'><strong>,</strong></span> <span class='ocrx_word' id='word_1_860' title='bbox 3029 4789 3082 4834; x_wconf 91' lang='lat' dir='ltr'><strong>et</strong></span> <span class='ocrx_word' id='word_1_861' title='bbox 3118 4781 3283 4834; x_wconf 91' lang='lat' dir='ltr'><strong>Deum</strong></span> <span class='ocrx_word' id='word_1_862' title='bbox 3320 4780 3539 4850; x_wconf 89' lang='lat' dir='ltr'><strong>gignet,</strong></span> 
     </span>
    </p>
   </div>
   <div class='ocr_carea' id='block_1_111' title="bbox 1971 4870 3541 4941">
    <p class='ocr_par' dir='ltr' id='par_1_111' title="bbox 1971 4870 3541 4941">
     <span class='ocr_line' id='line_1_111' title="bbox 1971 4870 3541 4941; baseline -0.001 -16"><span class='ocrx_word' id='word_1_863' title='bbox 1971 4871 2194 4925; x_wconf 88' lang='lat' dir='ltr'><strong>humani</strong></span> <span class='ocrx_word' id='word_1_864' title='bbox 2224 4871 2438 4941; x_wconf 85' lang='lat' dir='ltr'><strong>generis</strong></span> <span class='ocrx_word' id='word_1_865' title='bbox 2471 4870 2830 4925; x_wconf 78' lang='lat' dir='ltr'><strong>Salvatorem.</strong></span> <span class='ocrx_word' id='word_1_866' title='bbox 2856 4870 3008 4925; x_wconf 81' lang='lat' dir='ltr'><strong>Hunc</strong></span> <span class='ocrx_word' id='word_1_867' title='bbox 3038 4871 3233 4941; x_wconf 88' lang='lat' dir='ltr'><strong>ipsum,</strong></span> <span class='ocrx_word' id='word_1_868' title='bbox 3259 4873 3349 4941; x_wconf 91' lang='lat' dir='ltr'><strong>qui</strong></span> <span class='ocrx_word' id='word_1_869' title='bbox 3380 4870 3541 4924; x_wconf 86' lang='lat' dir='ltr'><strong>talem</strong></span> 
     </span>
    </p>
   </div>
   <div class='ocr_carea' id='block_1_112' title="bbox 1969 4963 3541 5032">
    <p class='ocr_par' dir='ltr' id='par_1_112' title="bbox 1969 4963 3541 5032">
     <span class='ocr_line' id='line_1_112' title="bbox 1969 4963 3541 5032; baseline -0.001 -13"><span class='ocrx_word' id='word_1_870' title='bbox 1969 4976 2148 5020; x_wconf 89' lang='lat' dir='ltr'><strong>ortum</strong></span> <span class='ocrx_word' id='word_1_871' title='bbox 2173 4964 2435 5019; x_wconf 81' lang='lat' dir='ltr'><strong>ducturus</strong></span> <span class='ocrx_word' id='word_1_872' title='bbox 2479 4975 2565 5019; x_wconf 78' lang='lat' dir='ltr'><strong>est</strong></span> <span class='ocrx_word' id='word_1_873' title='bbox 2591 5007 2605 5029; x_wconf 96' lang='lat'><strong>,</strong></span> <span class='ocrx_word' id='word_1_874' title='bbox 2639 4965 2812 5018; x_wconf 79' lang='lat' dir='ltr'><strong>Deum</strong></span> <span class='ocrx_word' id='word_1_875' title='bbox 2838 5004 2855 5029; x_wconf 95' lang='lat'><strong>,</strong></span> <span class='ocrx_word' id='word_1_876' title='bbox 2883 4968 2936 5018; x_wconf 90' lang='lat' dir='ltr'><strong>in</strong></span> <span class='ocrx_word' id='word_1_877' title='bbox 2970 4966 3185 5032; x_wconf 89' lang='lat' dir='ltr'><strong>signum</strong></span> <span class='ocrx_word' id='word_1_878' title='bbox 3213 4964 3367 5017; x_wconf 88' lang='lat' dir='ltr'><strong>vobis</strong></span> <span class='ocrx_word' id='word_1_879' title='bbox 3394 4963 3541 5017; x_wconf 81' lang='lat' dir='ltr'><strong>salu-</strong></span> 
     </span>
    </p>
   </div>
   <div class='ocr_carea' id='block_1_113' title="bbox 1971 5054 3543 5126">
    <p class='ocr_par' dir='ltr' id='par_1_113' title="bbox 1971 5054 3543 5126">
     <span class='ocr_line' id='line_1_113' title="bbox 1971 5054 3543 5126; baseline -0.002 -15"><span class='ocrx_word' id='word_1_880' title='bbox 1971 5067 2086 5111; x_wconf 90' lang='lat' dir='ltr'><strong>tare</strong></span> <span class='ocrx_word' id='word_1_881' title='bbox 2110 5057 2220 5126; x_wconf 88' lang='lat' dir='ltr'><strong>jam</strong></span> <span class='ocrx_word' id='word_1_882' title='bbox 2251 5058 2451 5113; x_wconf 84' lang='lat' dir='ltr'><strong>exhinc</strong></span> <span class='ocrx_word' id='word_1_883' title='bbox 2496 5056 2637 5111; x_wconf 92' lang='lat' dir='ltr'><strong>Deus</strong></span> <span class='ocrx_word' id='word_1_884' title='bbox 2673 5058 2897 5112; x_wconf 80' lang='lat' dir='ltr'><strong>exhibet</strong></span> <span class='ocrx_word' id='word_1_885' title='bbox 2929 5074 2944 5124; x_wconf 92' lang='lat'>;</span> <span class='ocrx_word' id='word_1_886' title='bbox 2981 5057 3125 5126; x_wconf 92' lang='lat' dir='ltr'><strong>quod</strong></span> <span class='ocrx_word' id='word_1_887' title='bbox 3146 5065 3199 5110; x_wconf 92' lang='lat' dir='ltr'><strong>et</strong></span> <span class='ocrx_word' id='word_1_888' title='bbox 3231 5057 3283 5109; x_wconf 90' lang='lat' dir='ltr'><strong>in</strong></span> <span class='ocrx_word' id='word_1_889' title='bbox 3321 5054 3543 5125; x_wconf 83' lang='lat' dir='ltr'><strong>profun-</strong></span> 
     </span>
    </p>
   </div>
   <div class='ocr_carea' id='block_1_114' title="bbox 1968 5145 3540 5217">
    <p class='ocr_par' dir='ltr' id='par_1_114' title="bbox 1968 5145 3540 5217">
     <span class='ocr_line' id='line_1_114' title="bbox 1968 5145 3540 5217; baseline -0.003 -14"><span class='ocrx_word' id='word_1_890' title='bbox 1968 5148 2094 5203; x_wconf 92' lang='lat' dir='ltr'><strong>dum</strong></span> <span class='ocrx_word' id='word_1_891' title='bbox 2120 5156 2250 5203; x_wconf 89' lang='lat' dir='ltr'><strong>etin</strong></span> <span class='ocrx_word' id='word_1_892' title='bbox 2281 5151 2445 5206; x_wconf 92' lang='lat' dir='ltr'><strong>altum</strong></span> <span class='ocrx_word' id='word_1_893' title='bbox 2471 5151 2828 5212; x_wconf 81' lang='lat' dir='ltr'><strong>extendetur;</strong></span> <span class='ocrx_word' id='word_1_894' title='bbox 2858 5150 2911 5203; x_wconf 89' lang='lat' dir='ltr'><strong>in</strong></span> <span class='ocrx_word' id='word_1_895' title='bbox 2948 5146 3270 5217; x_wconf 84' lang='lat' dir='ltr'><strong>profundum</strong></span> <span class='ocrx_word' id='word_1_896' title='bbox 3301 5145 3540 5215; x_wconf 82' lang='lat' dir='ltr'><strong>quidem,</strong></span> 
     </span>
    </p>
   </div>
   <div class='ocr_carea' id='block_1_115' title="bbox 1970 5238 3542 5311">
    <p class='ocr_par' dir='ltr' id='par_1_115' title="bbox 1970 5238 3542 5311">
     <span class='ocr_line' id='line_1_115' title="bbox 1970 5238 3542 5311; baseline -0.002 -17"><span class='ocrx_word' id='word_1_897' title='bbox 1970 5256 2067 5310; x_wconf 89' lang='lat' dir='ltr'><strong>per</strong></span> <span class='ocrx_word' id='word_1_898' title='bbox 2094 5242 2416 5297; x_wconf 85' lang='lat' dir='ltr'><strong>descensum</strong></span> <span class='ocrx_word' id='word_1_899' title='bbox 2450 5259 2606 5297; x_wconf 89' lang='lat' dir='ltr'><strong>suum</strong></span> <span class='ocrx_word' id='word_1_900' title='bbox 2639 5255 2807 5311; x_wconf 89' lang='lat' dir='ltr'><strong>usque</strong></span> <span class='ocrx_word' id='word_1_901' title='bbox 2845 5240 2915 5294; x_wconf 82' lang='lat' dir='ltr'><strong>ad</strong></span> <span class='ocrx_word' id='word_1_902' title='bbox 2949 5239 3255 5303; x_wconf 82' lang='lat' dir='ltr'><strong>infernum;</strong></span> <span class='ocrx_word' id='word_1_903' title='bbox 3291 5238 3342 5291; x_wconf 92' lang='lat' dir='ltr'><strong>in</strong></span> <span class='ocrx_word' id='word_1_904' title='bbox 3372 5238 3542 5291; x_wconf 83' lang='lat' dir='ltr'><strong>altnin</strong></span> 
     </span>
    </p>
   </div>
   <div class='ocr_carea' id='block_1_116' title="bbox 1970 5330 3541 5403">
    <p class='ocr_par' dir='ltr' id='par_1_116' title="bbox 1970 5330 3541 5403">
     <span class='ocr_line' id='line_1_116' title="bbox 1970 5330 3541 5403; baseline -0.001 -17"><span class='ocrx_word' id='word_1_905' title='bbox 1970 5349 2122 5400; x_wconf 91' lang='lat' dir='ltr'><strong>vero,</strong></span> <span class='ocrx_word' id='word_1_906' title='bbox 2164 5350 2258 5403; x_wconf 91' lang='lat' dir='ltr'><strong>per</strong></span> <span class='ocrx_word' id='word_1_907' title='bbox 2290 5351 2443 5389; x_wconf 87' lang='lat' dir='ltr'><strong>suum</strong></span> <span class='ocrx_word' id='word_1_908' title='bbox 2471 5335 2536 5388; x_wconf 89' lang='lat' dir='ltr'><strong>ad</strong></span> <span class='ocrx_word' id='word_1_909' title='bbox 2560 5334 2728 5388; x_wconf 66' lang='lat' dir='ltr'><strong>caelos</strong></span> <span class='ocrx_word' id='word_1_910' title='bbox 2761 5332 3018 5387; x_wconf 92' lang='lat' dir='ltr'><strong>reditum.</strong></span> <span class='ocrx_word' id='word_1_911' title='bbox 3055 5330 3135 5385; x_wconf 87' lang='lat' dir='ltr'><strong>Tu</strong></span> <span class='ocrx_word' id='word_1_912' title='bbox 3163 5347 3314 5403; x_wconf 89' lang='lat' dir='ltr'><strong>ergo,</strong></span> <span class='ocrx_word' id='word_1_913' title='bbox 3347 5333 3541 5386; x_wconf 88' lang='lat' dir='ltr'><strong>domus</strong></span> 
     </span>
    </p>
   </div>
   <div class='ocr_carea' id='block_1_117' title="bbox 1966 5423 3541 5497">
    <p class='ocr_par' dir='ltr' id='par_1_117' title="bbox 1966 5423 3541 5497">
     <span class='ocr_line' id='line_1_117' title="bbox 1966 5423 3541 5497; baseline -0.002 -18"><span class='ocrx_word' id='word_1_914' title='bbox 1966 5426 2138 5481; x_wconf 89' lang='lat' dir='ltr'><strong>David</strong></span> <span class='ocrx_word' id='word_1_915' title='bbox 2167 5468 2182 5493; x_wconf 94' lang='lat'><strong>,</strong></span> <span class='ocrx_word' id='word_1_916' title='bbox 2220 5426 2334 5496; x_wconf 86' lang='lat' dir='ltr'><strong>jam</strong></span> <span class='ocrx_word' id='word_1_917' title='bbox 2382 5428 2435 5481; x_wconf 91' lang='lat' dir='ltr'><strong>in</strong></span> <span class='ocrx_word' id='word_1_918' title='bbox 2487 5437 2727 5497; x_wconf 91' lang='lat' dir='ltr'><strong>tempore</strong></span> <span class='ocrx_word' id='word_1_919' title='bbox 2774 5424 2933 5492; x_wconf 89' lang='lat' dir='ltr'><strong>hujus</strong></span> <span class='ocrx_word' id='word_1_920' title='bbox 2978 5439 3098 5479; x_wconf 93' lang='lat' dir='ltr'><strong>cum</strong></span> <span class='ocrx_word' id='word_1_921' title='bbox 3149 5423 3385 5479; x_wconf 90' lang='lat' dir='ltr'><strong>inimicis</strong></span> <span class='ocrx_word' id='word_1_922' title='bbox 3436 5423 3541 5476; x_wconf 87' lang='lat' dir='ltr'><strong>tuis</strong></span> 
     </span>
    </p>
   </div>
   <div class='ocr_carea' id='block_1_118' title="bbox 1969 5516 3539 5589">
    <p class='ocr_par' dir='ltr' id='par_1_118' title="bbox 1969 5516 3539 5589">
     <span class='ocr_line' id='line_1_118' title="bbox 1969 5516 3539 5589; baseline -0.006 -14"><span class='ocrx_word' id='word_1_923' title='bbox 1969 5534 2334 5589; x_wconf 82' lang='lat' dir='ltr'><strong>congressus,</strong></span> <span class='ocrx_word' id='word_1_924' title='bbox 2382 5534 2547 5574; x_wconf 87' lang='lat' dir='ltr'><strong>evoca</strong></span> <span class='ocrx_word' id='word_1_925' title='bbox 2592 5520 2741 5573; x_wconf 89' lang='lat' dir='ltr'><strong>illum</strong></span> <span class='ocrx_word' id='word_1_926' title='bbox 2771 5557 2787 5581; x_wconf 94' lang='lat'><strong>,</strong></span> <span class='ocrx_word' id='word_1_927' title='bbox 2834 5516 3151 5572; x_wconf 76' lang='lat' dir='ltr'><strong>Etiimanuel</strong></span> <span class='ocrx_word' id='word_1_928' title='bbox 3185 5530 3539 5585; x_wconf 89' lang='lat' dir='ltr'><strong>nnncupaus,</strong></span> 
     </span>
    </p>
   </div>
   <div class='ocr_carea' id='block_1_119' title="bbox 1969 5606 3541 5681">
    <p class='ocr_par' dir='ltr' id='par_1_119' title="bbox 1969 5606 3541 5681">
     <span class='ocr_line' id='line_1_119' title="bbox 1969 5606 3541 5681; baseline -0.003 -16"><span class='ocrx_word' id='word_1_929' title='bbox 1969 5612 2111 5681; x_wconf 91' lang='lat' dir='ltr'><strong>quod</strong></span> <span class='ocrx_word' id='word_1_930' title='bbox 2149 5626 2213 5667; x_wconf 80' lang='lat' dir='ltr'><strong>ex</strong></span> <span class='ocrx_word' id='word_1_931' title='bbox 2261 5610 2570 5681; x_wconf 77' lang='lat' dir='ltr'><strong>signiﬁcatu</strong></span> <span class='ocrx_word' id='word_1_932' title='bbox 2619 5610 2770 5664; x_wconf 89' lang='lat' dir='ltr'><strong>verbi</strong></span> <span class='ocrx_word' id='word_1_933' title='bbox 2812 5611 3063 5666; x_wconf 84' lang='lat' dir='ltr'><strong>virtutem</strong></span> <span class='ocrx_word' id='word_1_934' title='bbox 3115 5609 3355 5664; x_wconf 66' lang='lat' dir='ltr'><strong>declarat</strong></span> <span class='ocrx_word' id='word_1_935' title='bbox 3388 5628 3402 5662; x_wconf 85' lang='lat'><strong><em>;</em></strong></span> <span class='ocrx_word' id='word_1_936' title='bbox 3438 5606 3541 5661; x_wconf 87' lang='lat' dir='ltr'><strong>hoc</strong></span> 
     </span>
    </p>
   </div>
   <div class='ocr_carea' id='block_1_120' title="bbox 1969 5694 3541 5795">
    <p class='ocr_par' dir='ltr' id='par_1_120' title="bbox 1969 5694 3541 5795">
     <span class='ocr_line' id='line_1_120' title="bbox 1969 5694 3541 5795; baseline -0.014 -20"><span class='ocrx_word' id='word_1_937' title='bbox 1969 5703 2166 5774; x_wconf 74' lang='grc' dir='ltr'>ειιιῑρυθ</span> <span class='ocrx_word' id='word_1_938' title='bbox 2186 5718 2399 5773; x_wconf 71' lang='lat' dir='ltr'><strong>nomen,</strong></span> <span class='ocrx_word' id='word_1_939' title='bbox 2428 5723 2445 5756; x_wconf 78' lang='grc' dir='ltr'><strong>ι</strong></span> <span class='ocrx_word' id='word_1_940' title='bbox 2486 5703 2771 5761; x_wconf 84' lang='lat' dir='ltr'><strong>nobiscum</strong></span> <span class='ocrx_word' id='word_1_941' title='bbox 2802 5704 2961 5795; x_wconf 74' lang='lat' dir='ltr'><strong>Deus,</strong></span> <span class='ocrx_word' id='word_1_942' title='bbox 2997 5723 3016 5757; x_wconf 95' lang='lat'><strong>3</strong></span> <span class='ocrx_word' id='word_1_943' title='bbox 3053 5694 3541 5775; x_wconf 74' lang='lat' dir='ltr'><strong>signiﬁcat.‘$iguo</strong></span> 
     </span>
    </p>
   </div>
  </div>
