4068 6198
516 299 620 353 155

1216 289 1484 348 EUSEBll
1519 287 2000 346 CESARIENSIS
2038 285 2188 343 OPP.
2229 283 2409 344 PARS
2452 289 2541 344 lli.
2569 319 2628 327 —-
2653 284 3065 344 EXEGETJCA.

3667 289 3769 342 156

513 413 696 487 itaque
724 415 880 475 fidem
925 414 1130 470 habens
1157 414 1373 469 confide
1403 431 1416 468 :
1443 429 1633 492 neque
1663 412 1804 466 ultra
1841 410 2088 466 Damasci

2198 412 2331 482 μείῳ
2360 411 2572 481 Θάρσει,
2608 409 2701 463 καὶ
2739 407 2936 479 μηκέτι
2971 407 3070 478 μὲν
3099 405 3256 470 θεοὺς
3287 403 3555 459 ἀνακαλοῢ
3591 410 3768 477 Δαμα-

511 507 642 560 deos
683 505 903 559 iuvuces
929 545 943 565 .
971 518 1150 573 neque
1175 517 1272 558 eos
1295 544 1309 566 ,
1341 503 1433 572 qui
1471 518 1574 557 nou
1608 510 1755 567 sunt,
1796 501 2091 555 auxiliares

513 599 608 649 tibi
643 598 894 659 ascribe;
929 598 1024 650 sed
1054 596 1489 661 Emmanuelem,
1529 606 1715 666 utpote
1756 594 1924 648 Deum
1967 608 2090 646 cum

507 689 822 745 hominibus
857 690 1151 753 aliquando
1182 698 1544 752 versatnrum,
1568 687 1786 751 invoca,
1823 702 1945 742 cum
1971 699 2093 756 per-

509 779 652 834 fecta
691 782 886 835 fiducia
925 796 1173 850 sperans,
1207 795 1272 835 ac
1298 779 1532 834 nmniuis
1558 779 1748 832 virtuti
1789 777 1949 832 fidem
1997 777 2092 831 ha-

513 871 671 925 hens.

581 963 688 1018 Sed
729 978 827 1017 nos
863 972 1150 1033 pOStquam
1184 962 1289 1015 huc
1336 959 1692 1021 devenimus,
1743 959 2092 1012 animadver-

510 1064 626 1109 tere
659 1068 756 1123 par
782 1062 888 1116 est,
929 1068 1036 1122 quo
1062 1063 1221 1122 pacto
1246 1051 1534 1121 prolihetia
1587 1050 1767 1105 domui
1817 1050 1985 1103 David
2016 1050 2094 1103 di-

509 1154 657 1199 serte
690 1145 971 1214 prtecipiat
995 1188 1009 1210 ,
1057 1154 1116 1197 ut
1153 1159 1277 1198 eum
1316 1143 1407 1212 qui
1441 1158 1506 1195 ex
1533 1142 1754 1213 Virgine
1784 1129 2092 1196 nasciturus

509 1250 634 1302 est,
666 1237 1078 1292 Einmauuelem
1111 1245 1407 1306 nuncupet.
1439 1233 1573 1288 Nam
1614 1246 1666 1288 tu
1697 1235 1812 1302 ipsa
1841 1274 1855 1298 ,
1901 1234 2093 1287 domus

514 1331 703 1397 David,
735 1346 856 1400 qua:
884 1329 995 1398 jam
1026 1329 1306 1398 propheta:
1336 1328 1466 1381 ades
1492 1365 1507 1390 ,
1551 1325 1778 1396 ejusque
1809 1336 2093 1377 sermones

505 1421 664 1477 audis
695 1463 709 1487 ,
739 1437 863 1476 eum
898 1421 990 1490 qui
1018 1421 1072 1474 in
1106 1419 1368 1474 vaticinio
1397 1418 1593 1482 fertur,
1624 1417 1844 1472 vocabis
1874 1415 2094 1468 Emma-

507 1514 672 1579 nuel;
705 1528 770 1567 ac
796 1514 840 1567 si
871 1512 1074 1567 clarius
1099 1512 1329 1576 diceret,
1363 1508 1499 1562 Eum
1539 1510 1634 1565 tibi
1661 1506 2090 1576 adjutoremfre-

505 1606 764 1675 quentius
785 1620 974 1671 evoca,
1001 1604 1318 1673 plerumque
1351 1601 1759 1656 Emmanuelem
1792 1597 2092 1667 appellans,

512 1711 574 1749 ac
602 1703 658 1748 ut
690 1705 1011 1764 praesentem
1062 1694 1154 1747 tibi
1190 1695 1357 1747 Deum
1389 1691 1722 1745 vociferans.
1749 1689 1901 1744 Licet
1945 1689 2090 1744 enim

2195 501 2347 565 σκοῦ,
2388 501 2520 572 μηδὲ
2548 501 2673 562 τοὺς
2716 499 2789 570 μὴ
2823 498 2980 560 ὄντας
3012 497 3239 568 βοηθοὺς
3269 497 3576 570 ὲπιγράφου
3612 515 3770 550 σεαυ-

2191 592 2284 646 τοῦ
2310 610 2324 622 °
2362 593 2450 646 τὸν
2479 593 2536 645 δὲ
2567 589 2932 662 Ἐμμανουήλ,
2963 590 3039 653 ὡς
3064 590 3128 644 ἂν
3157 590 3288 643 Θεὸν
3316 590 3625 662 ἀνθρώποις
3655 608 3772 643 συν-

2192 685 2451 758 εσόμενόν
2498 703 2661 753 ποτε,
2719 686 2895 751 κάλει,
2933 685 3150 758 θαρσῶν
3193 685 3289 738 σὺν
3323 683 3647 755 πεποιθήσει
3685 700 3775 736 τε·

2191 778 2330 850 λείᾳ,
2367 777 2638 833 πιστεύων
2669 781 2734 850 τῇ
2761 779 2863 851 τῆς
2899 776 3270 851 προσηγορίας
3297 776 3538 847 δυνάμει.

2275 963 2412 1016 Ἀλλ’
2443 962 2675 1016 ἐνταῦθα
2707 959 3031 1034 γενομένους
3060 959 3210 1032 ήμᾶς
3257 961 3547 1031 ἐπιστῆσαι
3603 973 3774 1030 προσ-

2193 1057 2337 1127 ήκει,
2370 1055 2445 1118 ὡς
2473 1054 2716 1126 ἀκριϐῶς
2746 1057 2780 1126 ή
2825 1054 3131 1126 προφητεία
3163 1053 3241 1124 τῷ
3266 1051 3398 1124 οἴκῳ
3421 1051 3582 1105 Δαυῒδ
3605 1067 3778 1123 προσ-

2192 1149 2397 1215 τάττει,
2442 1148 2666 1201 καλέσαι
2713 1146 2804 1201 τὸν
2847 1149 2910 1200 ἐκ
2955 1150 3053 1218 τῆς
3097 1145 3372 1216 Παρθένου
3416 1143 3780 1214 γενησόμενον

2206 1239 2572 1312 Ἐμμανουήλ.
2621 1239 2692 1293 Σὺ
2723 1239 2831 1311 γάρ
2858 1239 3038 1302 αὐτὸς,
3073 1240 3101 1291 6
3130 1233 3276 1301 οἶκος
3313 1235 3491 1295 Δαυῒδ,
3523 1237 3551 1287 6
3580 1235 3674 1288 νῦν
3700 1233 3779 1303 τῷ

2195 1335 2452 1406 προφήτῃ
2509 1332 2834 1404 συμπαρὼν,
2887 1333 2980 1386 καὶ
3030 1329 3222 1384 τούτου
3280 1327 3628 1402 ἀκροώμενος
3667 1327 3778 1380 τῶν

2193 1425 2366 1494 λόγων
2414 1424 2504 1478 τὸν
2543 1424 2936 1495 θεσπιζόμενον
2984 1423 3236 1485 καλέσεις
3289 1419 3664 1492 Ἐμμανουήλ·
3701 1423 3779 1482 ὡς

2193 1518 2242 1569 εί
2309 1517 2638 1589 σαφέστερον
2699 1515 2904 1583 ἔλεγεν,
2981 1510 3273 1566 Ἐπικαλοῦ
3334 1510 3527 1582 βοηθὸν
3597 1507 3779 1578 ἑαυτῷ

2195 1608 2455 1679 συνεχῶς,
2515 1607 2775 1671 πολλάκις
2829 1603 3178 1676 Ἐμμανουήλ
3220 1602 3522 1674 ὀνομάζων,
3569 1601 3661 1655 καὶ
3702 1599 3781 1664 ὡς

2198 1703 2423 1755 συνόντα
2453 1719 2534 1754 σοι
2562 1701 2715 1766 Θεὸν,
2748 1698 2936 1752 τοῦτον
2960 1695 3229 1752 άνακαλού
3240 1714 3398 1767 μενος
3418 1713 3431 1725 ·
3477 1697 3524 1747 εί
3549 1695 3656 1766 γάρ
3683 1692 3783 1748 καὶ

510 1762 843 1854 longissimis
881 1785 1079 1838 abhinc
1114 1783 1450 1852 temporibus
1481 1781 1723 1835 futurum
1749 1781 1842 1844 sit,
1868 1789 1925 1832 ut
1967 1795 2090 1834 eum

2198 1794 2263 1847 τὰ
2290 1794 2522 1865 μάλιστα
2551 1762 2782 1864 μακροῖς
2813 1791 3037 1862 ὕστερον
3064 1762 3330 1862 χρόνοι-ςὴ
3363 1762 3636 1860 Παρθένος
3659 1784 3783 1840 τοῦ-

512 1877 681 1945 Virgo
724 1877 774 1930 in
817 1887 973 1930 utero
1001 1885 1180 1944 gestet
1204 1884 1260 1928 et
1299 1874 1515 1944 pariat;
1543 1875 1762 1942 quando
1801 1872 2096 1942 prophetia:

514 1969 974 2038 complementum
1001 1969 1274 2031 adveniet,
1315 1967 1532 2036 quando
1569 1966 1658 2019 ille
1687 1966 1852 2020 totius
1883 1967 2098 2037 generis

513 2061 737 2115 humani
791 2061 1044 2114 Salvator
1071 2061 1462 2121 declarabitur,
1512 2058 1623 2112 alio
1657 2067 1842 2114 utetur
1877 2059 2098 2113 nomine

512 2172 541 2207 ιι
584 2155 753 2208 salute
780 2155 1054 2217 derivato;
1089 2154 1181 2206 sed
1207 2152 1319 2219 jam
1345 2153 1446 2206 hoc
1487 2161 1733 2220 tempore
1775 2160 1828 2204 ιιι
1854 2191 1870 2216 ,
1902 2151 2098 2206 donms

512 2245 684 2299 David
710 2285 724 2309 ,
772 2259 892 2314 quae
925 2245 1121 2296 bonum
1172 2258 1201 2294 a
1240 2225 1356 2295 Deo.
1397 2243 1593 2311 pignus
1626 2239 1883 2306 accepisti
1915 2279 1931 2303 ,
1971 2253 2095 2292 eum

511 2337 703 2391 invoca
731 2375 747 2401 ,
791 2333 1201 2388 Emmanuelem
1248 2332 1524 2402 appellans
1560 2348 1574 2384 :
1619 2329 1847 2384 salutem
1898 2329 2098 2398 quippe

512 2426 609 2480 tibi
656 2422 901 2479 credenti
949 2433 1003 2477 et
1049 2423 1209 2476 dictis
1257 2422 1659 2491 obtemperanti
1713 2435 1906 2475 nomen
1965 2419 2097 2473 illud

511 2516 847 2572 conciliabit.
888 2513 946 2570 Si
988 2516 1132 2571 enim
1167 2515 1374 2569 dictum
1413 2513 1646 2579 fuisset,
1678 2531 1697 2563 ς
1735 2512 1802 2566 Et
1828 2513 2099 2567 vocabunt

511 2625 710 2664 nomen
749 2610 865 2676 ejus
893 2606 1251 2671 Emmanuel,
1293 2626 1310 2658 ι
1351 2607 1529 2662 visum
1555 2606 1749 2660 fuisset
1773 2607 1824 2659 in
1855 2605 2096 2660 futurum

509 2711 724 2772 tempus
753 2710 917 2754 totam
952 2699 1292 2768 prophetiam
1327 2698 1644 2763 remittere;
1695 2697 1797 2751 hoc
1829 2698 1971 2750 enim
2001 2713 2096 2764 pa-

511 2804 602 2850 cto
629 2792 912 2848 dubitandi
942 2807 1109 2846 Causa
1135 2791 1536 2861 amphibologia
1571 2791 1626 2844 in
1667 2805 1923 2844 sermone
1964 2789 2099 2844 fuis-

513 2899 633 2952 set;
673 2885 1108 2955 quandoquidem
1145 2884 1188 2937 is
1213 2883 1304 2952 qui
1347 2897 1413 2938 ex
1457 2893 1642 2938 sancta
1686 2882 1909 2953 Virgine
1940 2893 2098 2937 natus

511 2987 597 3030 est
643 2976 891 3029 Salvator
935 2984 1136 3039 uoster,
1177 2990 1280 3027 non
1306 2973 1631 3028 Emmanuel
1659 3016 1673 3040 ,
1698 2975 1791 3028 sed
1820 2971 1977 3028 Jesus
2007 2989 2099 3026 vu-

513 3078 669 3121 catus
693 3076 776 3120 est
804 3104 819 3129 ,
861 3065 1157 3118 secundum
1188 3064 1363 3133 angeli
1404 3065 1684 3118 oraculum
1718 3062 1953 3133 Josrpho
1985 3065 2097 3119 edi-

514 3169 628 3213 tum
660 3160 744 3213 his
773 3158 974 3224 verbis,
1009 3177 1028 3209 ι
1070 3157 1146 3210 Ne
1184 3157 1376 3212 timeas
1415 3152 1666 3224 accipere
1699 3155 1924 3208 Mariam
1960 3173 2090 3210 con-

509 3250 691 3323 jttgetn
728 3261 874 3303 tuam
907 3269 921 3303 :
950 3248 1094 3318 quod
1139 3247 1285 3302 enim
1324 3249 1376 3302 in
1409 3263 1472 3302 ea
1506 3258 1689 3301 uatum
1719 3257 1804 3302 est
1826 3289 1841 3312 ,
1873 3264 1935 3302 ex
1971 3248 2094 3317 Spi-

515 3344 620 3398 ritu
652 3352 840 3396 sancto
864 3351 968 3394 est.
1003 3341 1186 3394 Pariet
1211 3349 1390 3394 autem
1433 3338 1600 3393 filium
1627 3381 1641 3405 ,
1667 3351 1721 3395 et
1750 3341 1968 3396 vocabis
2001 3357 2097 3396 no-

513 3451 638 3491 men
669 3435 785 3505 ejus
815 3433 1000 3489 Jesum
1033 3451 1046 3486 :
1079 3434 1193 3502 ipse
1223 3435 1367 3486 enim
1401 3433 1609 3487 salvum
1647 3433 1811 3488 faciet
1843 3435 2095 3505 pepulum

515 3544 674 3586 suum
706 3544 733 3580 a
775 3527 1018 3596 peccatis
1043 3527 1160 3597 ejus
1185 3526 1253 3579 “.
1297 3546 1314 3578 ι
1355 3526 1410 3580 Si
1445 3527 1627 3595 itaque
1655 3525 1830 3593 Jesus,
1867 3543 1971 3580 non
2002 3543 2097 3581 att-

515 3633 624 3677 tem
655 3619 993 3683 Emmanuel,
1025 3634 1220 3673 nomen
1260 3619 1474 3688 accepit
1519 3619 1780 3674 Dominus
1823 3630 2010 3674 noster
2042 3629 2097 3673 et

517 3716 769 3772 Salvator
811 3731 879 3769 ex
930 3715 1148 3783 Virgine
1182 3722 1343 3766 natus
1370 3712 1666 3766 secundum
1713 3713 2048 3782 prophetiam
2079 3730 2093 3777 ;

515 3809 787 3879 quomodo
819 3812 1006 3860 verum
1032 3805 1196 3860 fuerit
1223 3804 1506 3860 oraculum
1537 3804 1750 3870 dicens,
1782 3824 1799 3856 ι
1838 3807 1901 3859 Ει
1932 3821 2098 3860 voca-

516 3903 655 3956 bunt
706 3913 900 3954 nomen
945 3896 1063 3964 eius
1111 3896 1472 3951 Emmanuel?
1511 3917 1530 3949 ι
1572 3897 1936 3964 Quamobrem
1989 3914 2097 3953 non

517 3994 610 4049 illo
663 3991 823 4045 modo
852 3990 1051 4044 dictum
1098 3999 1226 4055 est,
1270 4005 1377 4044 non
1423 3990 1568 4044 enim
1611 3991 1677 4045 ab
1712 3992 1965 4046 onmibus
1997 3993 2100 4048 hoc

517 4081 738 4136 nomine
775 4079 1128 4149 appellandus
1155 4090 1314 4143 erat;
1347 4080 1441 4134 sed
1472 4091 1721 4136 accurate
1750 4082 2099 4151 propheticus

517 4186 696 4228 sermo
742 4171 819 4226 sic
860 4171 1060 4235 habet,
1097 4190 1116 4224 ι
1162 4171 1227 4224 Ει
1288 4171 1532 4227 vocabis.
1581 4191 1599 4224 ι
1638 4171 1716 4226 Tu
1763 4174 1909 4228 enim
1939 4173 2052 4240 ipsa
2079 4215 2094 4240 ,

515 4265 711 4320 domus
747 4262 938 4331 David,
969 4263 1127 4330 cujus
1155 4280 1316 4318 causa
1359 4265 1459 4320 hoc
1485 4265 1798 4320 vaticinium
1844 4266 2100 4321 enuntia-

517 4368 628 4426 tur,
662 4367 886 4426 accepto
916 4356 1109 4412 salutis
1137 4358 1360 4427 pignore
1387 4399 1402 4422 ,
1433 4374 1541 4428 quo
1576 4368 1818 4430 tempore
1845 4375 1966 4414 cum
1999 4361 2098 4413 ini-

2195 1904 2286 1942 τον
2320 1888 2512 1957 κυήσει
2550 1885 2643 1939 καὶ
2674 1885 2886 1950 τέξεται
2907 1901 2920 1915 ’
2962 1885 3048 1936 ὅτε
3091 1883 3182 1935 καὶ
3214 1881 3273 1935 τὸ
3306 1882 3653 1951 ἀποτέλεσμα
3686 1894 3782 1947 γε-

2196 1979 2418 2050 νήσεται
2449 1979 2549 2048 τῆς
2581 1975 2937 2047 προφητείας,
2972 1975 3061 2026 ὅτε
3095 1972 3189 2026 καὶ
3221 1971 3410 2043 Σωτὴρ
3439 1972 3781 2040 ἀναφανήσε-

2197 2086 2286 2122 ται
2315 2066 2408 2121 τοῦ
2435 2067 2636 2130 παντὸς
2661 2066 2966 2138 ἀνθρώπων
2986 2066 3198 2134 γένους,
3227 2063 3305 2134 τῷ
3329 2064 3498 2135 ἑτέρω
3520 2063 3781 2137 χρήσεται

2196 2162 2418 2232 ὀνόματι
2455 2163 2554 2231 τῆς
2584 2159 2856 2229 σωτηρίας
2887 2157 3160 2228 ἐπωνύμῳ
3181 2176 3192 2186 ·
3224 2156 3338 2208 ἀλλ’
3367 2153 3613 2206 ἐντεῦθεν
3653 2153 3780 2224 ήδη,

2199 2254 2285 2315 σὺ,
2313 2254 2340 2304 6
2362 2247 2507 2314 οἶκος
2528 2249 2710 2312 Δαυῒδ,
2732 2249 2934 2319 ἀγαθὸν
2962 2248 3211 2318 σύνθημα
3233 2246 3382 2318 παρὰ
3405 2243 3536 2297 Θεοῦ
3575 2243 3780 2306 λαϐὼν,

2197 2341 2492 2404 ἁνακαλυῦ,
2520 2341 2609 2394 τὸν
2649 2340 2996 2412 Ἐμμανουήλ
3021 2339 3301 2410 ὀνομάζων
3320 2356 3333 2368 ο
3369 2335 3639 2406 σωτηρίαν
3668 2334 3785 2404 γάρ

2200 2452 2281 2488 σοι
2321 2434 2628 2488 πιστεύοντι
2679 2435 2771 2487 καὶ
2817 2433 3201 2504 πειθαρχοῦντι
3231 2433 3341 2494 τοῖς
3386 2428 3700 2498 λεγομένοις
3745 2428 3783 2498 ἡ

2196 2523 2420 2594 τοιαύτη
2447 2523 2767 2594 προξενήσει
2798 2522 3007 2593 κλῆσις.
3035 2519 3097 2574 Εἰ
3133 2520 3230 2591 μὲν
3255 2516 3346 2573 οὖν
3376 2520 3581 2590 εἴρητο,
3618 2537 3635 2566 ι
3670 2518 3784 2569 Καὶ

2199 2614 2485 2669 καλέσουσι
2521 2615 2583 2668 τὸ
2619 2615 2792 2685 ὄνομα
2820 2613 2982 2667 αὐτοῦ
3036 2611 3401 2683 Ἐμμανουήλ,
3445 2631 3461 2661 ι
3506 2607 3681 2674 ἔδοξεν
3714 2608 3783 2662 ἂν

2197 2709 2278 2771 είς
2332 2706 2592 2778 μέλλοντα
2635 2706 2824 2778 χρόνον
2859 2707 2956 2776 τὴν
3002 2707 3181 2758 πᾶσαν
3222 2703 3612 2774 παραπέμπειν
3649 2717 3780 2774 προ⁴

2201 2797 2428 2868 φητείαν
2451 2813 2464 2826 °
2497 2795 2640 2849 οὕτω
2682 2795 2792 2866 γὰρ
2827 2792 3154 2864 ἀμφιϐολίαν
3201 2787 3344 2862 εἶχεν
3376 2792 3405 2843 6
3436 2789 3624 2858 λόγος’
3661 2785 3783 2839 ἐπεὶ

2204 2889 2278 2960 μὴ
2320 2886 2685 2959 Ἐμμανουήλ,
2715 2886 2850 2939 ἀλλὰ
2886 2885 3092 2959 Ἰησοῦς
3116 2883 3378 2955 κέκληται
3404 2883 3465 2935 τὸ
3490 2883 3657 2950 ὄνομα
3684 2877 3779 2931 τοῦ

2201 2987 2265 3039 ἐκ
2294 2986 2392 3056 τῆς
2421 2985 2584 3053 ἁγίας
2625 2982 2900 3055 Παρθένου
2934 2981 3281 3052 γεννηθέντος
3322 2979 3570 3049 Σωτῆρος
3604 2976 3774 3046 ήμῶν,

2201 3077 2344 3132 κατὰ
2376 3077 2466 3130 τὸν
2492 3077 2586 3130 τοῦ
2615 3075 2848 3146 ἀγγέλου
2878 3074 3262 3146 χρηματισμὸν
3288 3075 3534 3144 φήσαντα
3567 3070 3640 3139 τῷ
3677 3069 3778 3119 Ἰωο

2201 3171 2310 3242 σήφ
2331 3187 2343 3200 ·
2377 3188 2396 3220 ‹
2435 3168 2526 3238 Μὴ
2554 3168 2796 3238 φοϐηθῇς
2824 3165 3156 3237 παραλαϐεῖν
3186 3166 3403 3236 Μαρίαν
3428 3163 3524 3234 τὴν
3552 3159 3782 3230 γυναῖκά

2201 3281 2295 3316 σου
2317 3279 2330 3293 ·
2373 3263 2435 3316 τὸ
2471 3263 2581 3333 γάρ
2621 3264 2676 3313 ὲν
2708 3261 2843 3330 αὐτῇ
2895 3258 3152 3329 γεννηθὲν
3195 3259 3259 3310 ὲκ
3292 3255 3606 3325 Πνεῦματὸς
3638 3256 3782 3307 ἐστιν

2197 3356 2374 3425 ἁγίου.
2404 3353 2628 3418 Τέξεται
2662 3353 2719 3405 δὲ
2753 3352 2888 3416 υἱὸν,
2921 3351 3016 3404 καὶ
3045 3349 3294 3411 καλέσεις
3335 3347 3394 3399 τὸ
3421 3347 3590 3415 ὄνομα
3620 3345 3785 3399 αὑτοῦ

2210 3447 2450 3518 Ἰησοῦν’
2494 3445 2655 3507 αὐτὸς
2695 3443 2803 3513 γὰρ
2849 3443 3012 3494 σώσει
3055 3440 3146 3492 τὸν
3174 3439 3298 3491 λαὸν
3330 3436 3493 3491 αὐτοῦ
3537 3437 3643 3488 ἀπὸ
3676 3438 3789 3492 τῶν

2196 3537 2480 3609 ἁμαρτιῶν
2519 3534 2703 3589 αὐτοῦ.
2756 3553 2772 3584 ι
2821 3533 2884 3585 Ei
2929 3527 3020 3585 οὗν
3062 3530 3304 3601 Ἰησοῦς,
3349 3528 3460 3581 ἀλλ’
3494 3527 3614 3595 οὐχ).
3655 3529 3792 3596 Ἐμ-

2201 3628 2440 3700 μανουήλ
2477 3629 2536 3681 τὸ
2570 3625 2855 3696 ἐπώνυμον
2903 3623 3123 3694 εἴληφεν
3157 3624 3184 3674 6
3235 3622 3437 3692 Κύριος
3492 3619 3648 3691 ήμῶν
3696 3621 3790 3672 καὶ

2197 3723 2408 3794 Σωτὴρ,
2435 3723 2499 3774 ἐκ
2525 3720 2623 3790 τῆς
2646 3717 2923 3789 Παρθένου
2962 3715 3242 3787 γεννηθεὶς
3270 3714 3410 3768 κατὰ
3446 3712 3544 3783 τὴν
3580 3729 3790 3784 προςη-

2197 3814 2373 3868 τείαν·
2412 3812 2529 3875 πῶς
2562 3811 2627 3864 ἂν
2663 3809 2744 3863 ἔτι
2776 3807 3044 3878 ήλήθευσε
3070 3807 3131 3858 τὸ
3160 3805 3339 3874 λόγιον
3371 3805 3574 3875 φῆσαν,
3618 3825 3634 3854 ι
3677 3805 3790 3857 Καὶ

2198 3907 2486 3961 καλέσουσι
2510 3904 2570 3957 τὸ
2590 3903 2760 3974 ὄνομα
2787 3901 2950 3955 αὑτοῦ
2989 3898 3373 3971 Ἐμμανουήλ;
3414 3918 3430 3948 i
3461 3897 3658 3967 Διόπερ
3685 3899 3790 3949 οὐκ

2198 3999 2413 4070 εἴρηται
2459 3997 2556 4067 μὲν
2603 3994 2806 4058 οὕτως’
2859 3994 2920 4047 οὐ
2975 3993 3085 4064 γὰρ
3137 3990 3358 4060 ἔμελλεν
3409 3989 3514 4042 ὑπὸ
3568 3989 3790 4042 πάντων

2197 4092 2370 4163 τούτῳ
2398 4089 2678 4144 καλεῖσθαι
2707 4087 2784 4158 τῶ
2816 4087 3165 4159 προσρήματι
3187 4102 3199 4114 ο
3237 4082 3476 4154 ἀκριϐῶς
3511 4082 3567 4134 δὲ
3595 4081 3623 4133 6
3653 4097 3794 4151 προ-

2199 4184 2424 4255 φητικὸς
2466 4183 2642 4252 λόγος,
2682 4201 2699 4232 ι
2745 4180 2853 4233 Καὶ
2887 4178 3154 4240 καλέσεις.
3202 4195 3218 4226 ι
3261 4175 3523 4244 περιέχει.
3570 4174 3640 4226 Σὺ
3675 4173 3788 4242 γάρ

2199 4272 2380 4335 αὐτὸς,
2416 4271 2444 4323 ὁ
2472 4267 2616 4332 οἶκος
2650 4268 2831 4329 Δαυῒδ,
2866 4267 2932 4319 δι’
2963 4267 3021 4319 ὃν
3062 4266 3230 4319 ταῦτα
3276 4263 3610 4327 θεσπίζεται,
3659 4262 3789 4315 σύν-

2205 4363 2356 4434 θημα
2404 4360 2674 4434 σωτηρίας
2726 4357 2906 4412 λαϐὼν
2953 4357 3090 4410 κατὰ
3131 4356 3220 4408 τὸν
3264 4355 3453 4426 καιρὸν
3495 4358 3594 4426 τῆς
3647 4356 3787 4425 πρὸς

518 4450 676 4506 micis
721 4449 1068 4520 congrederis
1091 4489 1109 4514 ,
1143 4450 1317 4519 ipsum
1374 4451 1782 4507 Emmanuelem
1815 4468 1946 4506 voca
1974 4493 1988 4516 ,
2040 4461 2095 4507 et

2198 4457 2325 4518 τοὺς
2360 4453 2648 4523 πολεμίους
2700 4449 2994 4521 συμϐολῆς.
3063 4447 3411 4517 Ἐμμανουήλ
3461 4446 3636 4508 κάλει,
3689 4448 3786 4524 καὶ

516 4540 763 4596 victoriae
806 4541 874 4596 de
907 4539 1146 4595 inimicis
1183 4552 1350 4611 partae
1396 4551 1676 4597 auctorem
1718 4542 1928 4597 ascribe
1959 4559 1973 4594 :
2006 4543 2098 4612 qui

513 4630 809 4702 aliquando
841 4631 1054 4700 quidem
1090 4646 1162 4686 ex
1213 4632 1435 4700 Virgine
1479 4634 1821 4700 nasciturus,
1864 4635 1957 4689 sed
1985 4632 2097 4703 jam

520 4725 661 4781 Deus
690 4735 746 4780 et
769 4725 1043 4778 nobiscum
1061 4734 1165 4788 est,
1195 4732 1248 4778 et
1266 4724 1376 4794 jam
1409 4725 1504 4778 tibi
1537 4741 1731 4796 magna
1765 4727 1831 4782 ad
1866 4727 2096 4781 salutem

518 4818 730 4874 tribuit.
761 4816 952 4871 Divino
989 4815 1172 4884 itaque
1197 4825 1467 4887 prateepto
1501 4816 1661 4871 fidem
1703 4819 1910 4873 habens
1935 4858 1951 4883 ,
1983 4819 2098 4874 fre-

515 4921 750 4983 quenter
775 4911 947 4978 ipsum
979 4909 1171 4964 invoca
1197 4909 1531 4978 adiutorem,
1556 4909 1962 4966 Emmanuelem
1997 4929 2096 4983 ap-

517 5005 744 5072 pellans.
774 5002 1015 5069 Quadam
1054 5003 1202 5057 enim
1232 5001 1542 5070 huiusmodi
1593 5019 1689 5057 ceu
1723 5004 2096 5061 incantatione

519 5111 655 5166 opus
683 5105 805 5162 est,
833 5105 893 5149 ut
927 5110 993 5149 ne
1040 5093 1376 5149 daemonibus
1414 5094 1768 5150 auxiliaribus
1809 5097 2058 5152 attendas
2081 5136 2098 5162 ,

521 5189 617 5243 sed
646 5190 817 5244 solum
845 5187 1254 5243 Emmanuelem
1285 5187 1502 5243 iuvoces
1525 5227 1540 5252 ,
1573 5203 1638 5242 ac
1669 5203 1764 5258 per
1794 5189 1964 5257 ipsum
2010 5206 2099 5244 sa-

521 5281 687 5336 lutem
716 5282 1071 5337 nanciscaris.
1100 5279 1353 5336 Nonnulli
1391 5296 1519 5336 vero
1547 5281 1656 5334 haec
1699 5283 1922 5336 minime
1949 5284 2097 5352 cogi-

524 5383 699 5427 tantes
721 5413 737 5440 ,
764 5371 816 5425 in
847 5372 1136 5444 Evangelio
1165 5373 1459 5429 secundum
1491 5371 1803 5426 Mattlneum
1833 5415 1848 5436 ,
1881 5390 1976 5443 pro
2002 5374 2092 5428 illo

525 5485 546 5518 ε
585 5473 640 5519 et
667 5463 912 5528 vocabis,
950 5484 967 5514 ι
1012 5484 1029 5515 ι
1062 5475 1116 5520 et
1141 5465 1432 5531 vocabunt,
1468 5483 1486 5516 ι
1519 5465 1785 5535 scripsere
1822 5485 1835 5521 :
1868 5476 1919 5519 at
1964 5482 2092 5537 pro-

517 5558 739 5626 phetica
796 5555 954 5609 lectio
998 5572 1100 5610 non
1130 5558 1209 5614 sic
1241 5558 1438 5625 habet;
1469 5557 1563 5614 sed
1607 5555 1876 5614 Hebraica
1934 5558 2092 5614 lectio

591 5739 638 5771 ⁸¹
661 5737 851 5794 Matth.
889 5752 926 5796 I.
954 5735 1042 5794 20.
1083 5734 1175 5792 21,

2202 4549 2300 4618 τῆς
2332 4547 2439 4600 τῶν
2475 4543 2747 4614 πολεμίων
2780 4544 2944 4613 ἥττης
2997 4541 3300 4612 ἐπιγράφου
3340 4538 3526 4592 τοῦτον
3573 4539 3746 4590 αἴτιον
3767 4554 3781 4567 ·

2202 4644 2266 4694 ὲκ
2308 4639 2586 4711 Παρθένου
2629 4638 2727 4707 μὲν
2761 4634 3154 4705 γεννησόμενὸν
3199 4651 3348 4697 ποτε,
3397 4633 3494 4703 ήδη
3542 4633 3596 4686 δὲ
3650 4633 3785 4685 Θεὸν

2199 4731 2349 4792 ὄντα,
2394 4730 2488 4782 καὶ
2539 4727 2654 4798 μεθ’
2690 4724 2847 4796 ήμῶν
2887 4723 3035 4784 ὄντα,
3081 4721 3328 4775 ἐντεῦθεν
3367 4722 3423 4774 δὲ
3456 4721 3555 4792 ήδη
3589 4721 3658 4773 τὰ
3688 4739 3789 4790 με·

2203 4820 2343 4890 γάλα
2379 4819 2513 4891 πρὸς
2542 4817 2816 4887 σωτηρίαν
2847 4815 3237 4886 χαριτούμενόν
3267 4831 3368 4867 σοι.
3387 4812 3666 4866 Πιστεύων
3688 4810 3787 4866 οὖν

2200 4911 2279 4982 τῷ
2341 4911 2469 4980 θείῳ
2523 4910 2938 4981 προστάγματι,
3000 4906 3237 4976 συνεχῶς
3311 4906 3470 4958 αὑτὸν
3520 4905 3786 4959 ἐπικαλοῦ

2203 5001 2417 5074 βοηθὸν,
2468 4998 2815 5071 Ἐμμανουήλ
2855 4996 3156 5068 ὀνομάζων.
3195 4997 3462 5066 Τοιαύτης
3508 4997 3614 5067 γάρ
3640 5015 3788 5060 τινος

2201 5097 2388 5168 ὥσπερ
2439 5094 2651 5164 ἐπῳδῆς
2685 5093 2862 5164 χρεία,
2909 5092 3044 5164 πρὸς
3083 5092 3143 5145 τὸ
3192 5091 3264 5162 μὴ
3307 5091 3523 5161 δαίμοσι
3566 5091 3786 5162 βοηθοῖς

2202 5187 2520 5261 προσέχειν·
2571 5185 2729 5256 μόνον
2761 5185 2816 5236 δὲ
2849 5185 2938 5237 τὸν
2998 5184 3339 5255 Ἐμμανουήλ
3381 5183 3780 5248 ἐπικαλεῖσθαι,

2201 5281 2294 5332 καὶ
2329 5279 2396 5332 δι’
2431 5275 2595 5330 αὑτοῦ
2629 5273 2918 5338 σώζεσθαι.
2947 5274 3131 5328 Ταῦτα
3174 5273 3246 5344 μὴ
3275 5274 3566 5344 νοήσαντές
3614 5293 3782 5338 τινες,

2197 5371 2255 5421 ὲν
2284 5367 2362 5439 τῷ
2387 5367 2529 5428 κατὰ
2555 5365 2831 5420 Ματθαῖον
2863 5365 3196 5434 Εὐαγγελίῳ,
3220 5365 3340 5416 ἀντὶ
3363 5364 3478 5425 τοῦ,
3513 5384 3531 5414 ι
3567 5371 3658 5418 καὶ
3682 5384 3785 5419 κα-

2193 5463 2392 5528 λέσεις,
2414 5481 2534 5513 ι--ι
2558 5461 2651 5514 καὶ
2665 5459 2969 5518 καλέσουσι,
3008 5477 3022 5508 ι
3063 5457 3423 5528 πεποιήκασιν
3442 5475 3456 5488 ·
3484 5457 3578 5527 οὐχ
3607 5457 3787 5522 οὕτως

2193 5557 2423 5629 ἐχούσης
2451 5557 2550 5626 τῆς
2574 5553 2920 5626 προφητικῆς
2941 5551 3137 5617 λέξεως
3161 5568 3172 5580 ·
3205 5551 3239 5622 δή
3273 5568 3330 5603 τε
3367 5551 3472 5622 γάρ
3517 5549 3786 5623 Ἐϐραῖκὴ
