4036 6214
268 325 369 382 15⁸7
1188 316 1693 377 COMMENTARIA
1734 317 1798 375 IN
1839 318 2095 375 ISAIAM.
2137 351 2202 361 -—
2241 314 2391 373 CAP.
2438 314 2544 370 Vll.
3422 314 3518 368 158

266 442 444 515 φωνὴ,
474 439 646 511 ταύτῃ
678 455 733 493 τε
767 441 1136 513 καταλληλως,
1182 442 1274 495 καὶ
1314 442 1551 506 ἅπαντες
1590 443 1639 496 οἱ
1678 444 1849 514 ἑρμη-

1962 457 2071 497 :um
2096 443 2196 496 hac
2227 449 2408 493 nostra
2438 434 2692 504 congruit
2719 456 2732 490 :
2764 444 2815 488 et
2854 446 3044 487 omnes
3079 432 3400 499 interpretes
3435 450 3521 484 ιιυ-

269 538 479 600 νευταὶ,
514 533 812 600 καλέσεις,
841 534 1220 589 ὲκδεδώκασιν.

352 647 372 680 ι
411 627 798 697 Βούτυρονοκαὶ
830 625 951 696 μέλι
979 626 1231 699 φάγεται,
1269 631 1396 701 πρὶν
1430 628 1462 699 ἢ
1509 628 1709 696 γνῶναι
1750 628 1850 681 αύ-

273 720 388 785 τδν,
417 719 448 790 ἢ
480 717 801 789 προελέσθαι
836 716 1068 788 πονηρὰ,
1098 719 1417 784 ἐκλέξασθαι
1450 719 1511 773 τὸ
1552 718 1776 788 ἀγαθόν.
1828 737 1845 769 ι

274 812 339 865 Εί
358 810 485 880 γοῦν
510 809 808 880 θαυμάζεις
832 809 965 862 Θεὸν
998 809 1334 882 γεννώμενον
1364 810 1597 875 ἀκούων,
1634 810 1854 863 πίστευ-

277 922 390 967 σον,
429 904 510 956 ὅτι
544 904 638 955 καὶ
674 904 847 973 τροφῇ
894 902 1103 973 νηπίων
1148 905 1431 975 χρήσεται.
1464 906 1538 957 Ού
1569 904 1679 976 γάρ
1714 905 1854 960 κατά

273 1014 391 1050 τινα
445 996 748 1065 φαντασίαν
780 994 1072 1067 ὀφθήσεται
1106 996 1419 1067 ἄνθρωπος,
1458 996 1571 1068 (14)
1621 995 1744 1049 οὔτε
1775 997 1854 1068 τῷ

273 1088 448 1142 δοκεῖν
494 1087 647 1140 ἔσται
696 1087 757 1139 τὸ
804 1087 1123 1157 γινόμενονο
1173 1087 1288 1141 ἀλλ’
1336 1087 1551 1157 άληθῶς
1599 1090 1853 1159 τοιαύτην

272 1180 537 1250 ὑπομενεί
582 1180 868 1248 γέννησιν,
914 1177 989 1242 ὡς
1038 1180 1360 1250 κοινωνῆσαι
1392 1179 1600 1249 νηπίων
1647 1178 1848 1251 τροφῇ’

274 1271 522 1345 βουτύρῳ
539 1272 685 1340 λέγω
710 1272 802 1325 καὶ
826 1271 1000 1342 μέλιτι
1023 1271 1224 1342 ὁμοίως
1248 1275 1357 1335 τοῖς
1380 1272 1584 1335 λοιποῖς
1608 1271 1849 1343 βρέφεσι.

271 1363 443 1433 Τοῦτο
474 1364 571 1434 μὲν
596 1358 688 1416 οὖν
713 1362 1079 1434 ἀνθρώπινονο
1118 1363 1176 1415 τὸ
1202 1363 1259 1416 δὲ
1288 1365 1384 1435 τῆς
1412 1365 1663 1437 θεότητος
1688 1364 1851 1418 αὐτοῦ

271 1455 678 1527 παραστατικὸν
699 1456 871 1507 ἐκεῖνο
896 1454 961 1508 ἂν
989 1454 1098 1524 εἴη,
1123 1456 1205 1508 ὅτι
1229 1457 1357 1527 πρὶν
1387 1455 1421 1527 ἢ
1444 1456 1643 1526 γνῶναι
1668 1454 1850 1521 αὐτὸν,

271 1546 305 1617 ἢ
339 1545 660 1617 προελέσθαι
694 1546 926 1616 πονηρά,
974 1545 1249 1612 ὲκλέξεται
1291 1548 1352 1600 τὸ
1382 1547 1619 1617 ἀγαθὸν,
1652 1551 1746 1603 καὶ
1786 1551 1853 1603 τὰ

274 1638 422 1710 ἑξῆς.
456 1638 718 1711 Σημαίνει
760 1638 816 1691 δὲ
848 1641 879 1692 ὁ
909 1638 1087 1707 λόγος,
1123 1641 1204 1693 ὅτι
1248 1643 1342 1695 καὶ
1382 1642 1510 1714 παρ’
1555 1643 1723 1714 αὐτὴν
1755 1645 1852 1715 τὴν

273 1732 527 1801 γέννησιν
553 1730 881 1804 διακριτικός
910 1744 995 1794 τις
1036 1727 1121 1802 ἦν,
1157 1731 1249 1784 καὶ⁸
1284 1731 1505 1801 ἀγαθῶν
1548 1734 1848 1805 ποιητικὸς,

1956 535 2101 588 tabis
2125 532 2429 587 ediderunt.

2036 626 2197 681 Vens.
2236 624 2320 678 15.
2353 640 2371 674 ι
2412 623 2669 688 Butyrum
2703 626 2757 675 et
2786 616 2888 673 mel
2915 615 3157 671 comedet
3182 654 3197 677 ,
3229 622 3519 681 antequam

1954 720 2090 774 sciat
2113 719 2247 787 ipse,
2280 726 2369 769 aut
2394 714 2675 785 prmeligat
2722 710 2885 776 mala,
2919 709 3121 778 eligere
3152 707 3375 761 bonum.
3408 724 3426 757 ι
3460 704 3517 758 Si

1954 824 2085 879 ergo
2124 808 2341 862 miraris
2367 847 2381 871 ,
2414 823 2534 861 cum
2560 804 2748 859 audias
2790 811 2976 855 natum
3009 800 3176 853 Deum
3204 838 3219 863 ,
3253 796 3520 858 at~crede,

1955 902 2209 972 quoniam
2251 900 2537 954 infantium
2578 897 2701 951 cibo
2740 909 2937 949 usurus
2964 902 3065 947 est.
3106 890 3221 945 Non
3263 890 3403 944 enim
3438 904 3524 943 se-

1955 995 2190 1051 cundum
2246 992 2532 1062 quamdam
2587 987 2930 1060 phantasiam
2984 986 3145 1039 homo
3196 981 3521 1052 apparebit,

1956 1101 2129 1155 neque
2187 1084 2397 1155 species
2436 1083 2609 1136 solum
2658 1080 2763 1134 erit
2818 1078 2870 1131 id
2921 1077 3064 1147 quod
3094 1076 3374 1147 gignetur;
3427 1075 3520 1128 sed

1954 1180 2198 1233 eumdem
2238 1192 2425 1232 revera
2472 1187 2656 1231 ortum
2712 1172 2948 1235 subibit,
3000 1173 3073 1226 ita
3128 1182 3185 1225 ut
3232 1168 3518 1224 infantium

1956 1270 2212 1326 alimento
2254 1280 2464 1335 utatur,
2497 1269 2693 1339 butyro
2719 1266 2968 1321 videlicet
2995 1275 3049 1320 et
3075 1262 3231 1319 melle
3255 1302 3271 1328 ,
3300 1263 3526 1333 perinde

1954 1374 2119 1433 atque
2152 1362 2241 1416 alii
2278 1362 2534 1417 infantes.
2564 1363 2626 1417 Et
2662 1363 2763 1417 hoc
2808 1360 3021 1430 quidem
3066 1359 3359 1412 humanum
3398 1363 3519 1408 est:

1954 1458 2094 1526 quod
2117 1465 2294 1511 autem
2343 1457 2596 1511 deitatem
2642 1456 2758 1525 ejus
2782 1455 3020 1509 declarat
3054 1451 3183 1506 illud
3223 1460 3306 1506 est
3331 1494 3345 1517 ,
3380 1446 3524 1521 quod

1954 1549 2265 1619 priusquam
2297 1548 2387 1603 ille
2419 1548 2556 1601 mala
2592 1549 2677 1602 vel
2709 1546 2914 1601 noverit
2950 1545 3031 1599 rei
3071 1542 3387 1614 prauulerit,
3435 1542 3528 1595 eli-

1955 1650 2043 1710 get
2080 1629 2279 1693 bonum
2305 1681 2320 1706 ,
2356 1650 2462 1694 etc.
2502 1638 2598 1694 His
2637 1652 2802 1711 porro
2831 1638 3169 1709 signiﬁcatur
3200 1636 3283 1691 vel
3322 1635 3375 1689 in
3410 1635 3528 1703 ipso

1953 1741 2077 1783 ortu
2104 1729 2452 1784 discernendi
2479 1730 2530 1783 vi
2561 1730 2843 1799 praeditum
2872 1766 2887 1794 ,
2911 1741 2975 1783 ac
3002 1729 3264 1782 bonorum
3289 1735 3526 1797 patrato-

275 1825 305 1875 ὁ
348 1822 731 1893 Ἐμμανουὴλ,
763 1822 822 1875 τὸ
862 1822 1106 1894 κριτικὸν
1149 1824 1209 1889 ἐξ
1254 1824 1465 1879 ἐκείνου
1500 1824 1850 1895 κεκτημένος,

1962 1837 2068 1876 rem
2111 1821 2512 1875 Etuntanuelem
2540 1823 2728 1886 fuisse,
2752 1820 2864 1888 jam
2890 1830 3016 1875 tunc
3053 1821 3242 1890 judicii
3268 1818 3527 1874 facultate

278 1917 375 1969 καὶ
402 1916 790 1985 ἀποσειόμενος
832 1916 929 1986 μὲν
962 1916 1023 1969 τὸ
1053 1917 1248 1971 κακόν·
1286 1917 1443 1989 μόνον
1471 1917 1527 1971 δὲ
1555 1918 1617 1971 τὸ
1654 1916 1853 1987 ἀγαθὸν

277 2006 699 2077 ἀποδεχόμενος.
740 2004 1005 2077 Τοιαύτης
1036 2005 1145 2077 γάρ
1192 2006 1380 2074 ἔσται,
1432 2007 1600 2079 φησι,
1641 2007 1853 2078 φύσεως

281 2100 377 2152 καὶ
399 2099 459 2164 ἐξ
491 2098 659 2169 αὐτῆς
685 2098 781 2169 τῆς
820 2099 1145 2169 γεννήσεως.

359 2210 378 2242 ι
419 2190 530 2243 Καὶ
567 2190 716 2242 ἔσται
764 2191 822 2243 ὲν
864 2192 929 2261 τῇ
962 2189 1149 2261 ἡμέρᾳ
1184 2189 1386 2261 ἐκείνῃ,
1441 2192 1615 2261 συριεῖ
1652 2189 1856 2261 Κύριος

282 2282 489 2353 μυίαις,
542 2283 600 2335 αἳ
653 2280 1001 2353 κυριεύσουσι
1049 2282 1214 2353 μέρος
1261 2280 1509 2351 ποταμοῦ
1553 2281 1853 2349 Αἰγύπτου,

278 2375 373 2428 καὶ
402 2377 467 2445 τῇ
512 2373 765 2447 μελίσσῃ,
795 2374 829 2444 ἦ
859 2376 1006 2426 εστιν
1034 2375 1091 2427 ὲν
1115 2372 1269 2445 χώρᾳ
1314 2374 1634 2446 Ἀσσυρίων.
1674 2394 1694 2429 ι
1747 2376 1855 2445 Ση-

280 2465 459 2536 μαίνει
487 2464 575 2518 διὰ
601 2464 804 2517 τούτων
832 2466 861 2517 ό
884 2464 1042 2532 λόγος
1066 2464 1381 2532 Αἰγυπτίων
1411 2464 1621 2537 ἀνδρῶν
1646 2465 1853 2535 ἔφοδον,

277 2556 372 2620 οῦς
416 2573 582 2627 φησιν
618 2555 769 2626 ἥξειν
809 2555 903 2607 ἐπὶ
944 2555 1043 2626 τὴν
1081 2554 1340 2608 Ἰουδαίαν
1363 2554 1546 2626 χώραν
1581 2557 1681 2610 οὐκ
1729 2557 1856 2611 ἄνευ

279 2649 415 2703 Θεοῦ
437 2691 453 2715 ,
486 2649 715 2719 νεύματι
745 2650 945 2712 αὐτοὺς
971 2648 1066 2701 τοῦ
1102 2648 1307 2718 Κυρίου
1336 2648 1713 2720 διεγείροντος,
1760 2649 1856 2703 καὶ

278 2743 467 2814 ὥσπερ
543 2742 840 2814 συρίγματι
902 2739 1297 2812 παρορμῶντος
1351 2741 1547 2803 αὐτοὺς
1604 2739 1712 2795 ἀπὸ
1762 2742 1859 2812 τῆς

281 2834 558 2903 Αίγύπτου
594 2852 607 2865 ·
642 2835 737 2887 καὶ
769 2834 869 2887 οὐκ
902 2832 1011 2886 ἀπὸ
1042 2832 1224 2904 πάσης
1255 2831 1481 2901 ταύτης,
1514 2831 1629 2885 ἀλλ’
1662 2834 1727 2885 ὲκ
1762 2833 1857 2903 μέ-

286 2942 412 2996 ρους
458 2926 654 2996 αὒτῆς.
694 2926 764 2978 Ἢ
794 2925 890 2978 καὶ
921 2924 1009 2977 διὰ
1039 2924 1101 2977 τὸ
1126 2923 1345 2995 λύθροις
1377 2923 1473 2978 καὶ
1519 2922 1715 2995 αἵμασι
1747 2927 1859 2987 τοῖς

285 3015 429 3068 κατὰ
473 3016 571 3087 τὴν
618 3015 921 3086 ἀκάθαρτον
973 3014 1413 3086 είδωλολατρείαν
1471 3015 1681 3085 χαίρειν
1734 3016 1859 3079 τοὺς

285 3106 639 3174 Αἰγυπτίους,
687 3107 1019 3180 παραϐάλλει
1066 3108 1251 3178 μυίαις
1283 3106 1476 3170 αύτούς
1500 3124 1513 3136 ο
1552 3107 1651 3178 τὴν
1673 3106 1727 3160 δὲ
1752 3106 1857 3160 τῶν

297 3198 604 3269 Ἀσσυρίων
640 3199 936 3270 πολεμικὴν
961 3200 1189 3270 δύναμιν
1222 3199 1309 3253 διὰ
1336 3198 1395 3252 τὸ
1425 3197 1702 3270 πολεμικῷ
1733 3200 1855 3253 κέν-
1887 3197 1925 3219 ¹⁴

280 3306 403 3363 τρῳ
426 3290 745 3361 κεχρῆσθαι,
776 3293 871 3345 καὶ
900 3292 1006 3345 τῶν
1040 3291 1240 3345 λοιπῶν
1267 3290 1435 3344 ἐθνῶν
1460 3290 1580 3344 τότε
1612 3290 1853 3363 κρατεῖν,

288 3380 521 3452 μελίσσῃ
556 3381 845 3436 ἀπείκασε.
898 3382 1083 3436 Ταῦτα
1128 3381 1183 3434 δὲ
1228 3381 1528 3453 ἐπληροῦτο
1557 3380 1697 3434 κατά
1731 3381 1856 3444 τοὺς

283 3471 511 3543 χρόνους
555 3472 655 3541 τῆς
705 3470 928 3544 πρώτης
975 3473 1289 3544 πολιορκίας
1329 3470 1696 3543 Ἰερουσαλὴμ,
1734 3471 1854 3524 καθ’

280 3564 375 3628 οὓς
390 3565 676 3633 Αἰγύπτιοι
696 3566 793 3636 μὲν
808 3567 856 3619 οί
875 3566 1037 3619 καλού
1046 3584 1196 3637 μενοι
1225 3568 1376 3638 μυῖαι
1393 3564 1526 3637 (15),
1550 3566 1638 3618 ὅτε
1653 3564 1855 3619 τούτων

285 3657 538 3728 βασιλεὺς
567 3656 767 3729 Φαραὼ
801 3657 1042 3711 ἐπελθὼν
1076 3662 1139 3731 τῇ
1188 3658 1476 3719 Ἰουδαίων,
1504 3658 1596 3711 τὸν
1650 3658 1855 3711 Ἰωσίαν

282 3743 376 3799 τὸν
428 3746 648 3814 βασιλέα
690 3747 792 3816 τῆς
833 3747 1219 3818 Ἰερουσαλὴμ,
1269 3747 1378 3801 τῶν
1432 3746 1714 3817 ἐπιφανῶν
1765 3747 1857 3799 καὶ

286 3834 549 3904 θεοφιλῶν
576 3838 780 3909 ἀνδρῶν
808 3838 1022 3903 οὐδενὸς
1047 3839 1318 3912 δεύτερον,
1358 3841 1591 3912 ἀναιρεῖ.
1627 3836 1737 3891 Εἶτ’
1759 3839 1858 3891 οὐκ

283 3930 370 3991 είς
409 3928 625 4000 μακρὰν
648 3931 677 3983 ό
701 3929 808 3983 τῶν
842 3930 1198 3984 Βαϐυλωνίων
1235 3930 1484 4001 βασιλεὺς
1526 3929 1859 4000 Ναϐουχοδο-

283 4020 449 4091 νόσορ
482 4022 578 4074 σὺν
630 4022 846 4096 μεγάλῃ
882 4026 1141 4095 στρατιᾶς
1182 4024 1405 4095 δυνάμει
1454 4022 1716 4086 ἐπελθὼν,
1765 4023 1864 4094 τὴν

286 4111 390 4180 μὲν
424 4110 579 4165 πόλιν
607 4112 777 4183 αὐτὴν
817 4115 881 4166 ἐκ
916 4112 1130 4185 βάθρων
1164 4109 1274 4166 εἷλε
1301 4155 1315 4180 ,
1348 4113 1440 4166 τὸν
1481 4111 1617 4165 νεὼν
1650 4129 1864 4182 πυρπο-

286 4198 459 4271 λήσας
483 4219 497 4232 ·
524 4203 585 4255 τὸ
618 4203 676 4256 δὲ
706 4205 815 4256 πᾶν
841 4203 991 4268 ἔθνος
1016 4203 1615 4276 ἐξανδραποδισάμενος
1646 4202 1737 4255 καὶ
1766 4201 1866 4264 τὰς

1955 1914 2281 1969 instructum
2317 1929 2332 1968 :
2357 1929 2421 1969 ac
2446 1913 2644 1968 malum
2668 1904 2883 1983 quidem
2913 1915 3295 1975 excutientem,
3325 1912 3525 1966 bonum

1955 2021 2085 2061 vero
2119 2008 2383 2062 duntaxat
2413 2006 2852 2075 amplectentem.
2874 2004 3022 2060 Talis
3051 2005 3250 2076 quippe
3297 2014 3525 2065 naturae,

1956 2096 2148 2166 inquit,
2176 2097 2259 2152 vel
2295 2097 2362 2151 ab
2396 2096 2511 2166 ipso
2538 2106 2660 2151 ortu
2700 2094 2914 2152 futurus
2940 2107 3048 2152 est.

2025 2187 2190 2242 Vsus.
2232 2188 2318 2243 18.
2361 2208 2380 2240 ι
2414 2188 2481 2243 Et
2505 2189 2611 2243 erit
2638 2188 2691 2242 in
2719 2188 2807 2241 die
2832 2188 2941 2252 illa,
2982 2189 3221 2243 sibilabit
3271 2187 3529 2245 Dominus

1958 2284 2181 2345 muscis,
2211 2293 2332 2347 quae
2352 2278 2782 2333 dominabuntur
2808 2280 2948 2348 parti
2980 2278 3217 2333 ﬂuminis
3262 2278 3487 2350 Egypti
3509 2319 3526 2344 ,

1955 2379 2009 2425 et
2032 2369 2119 2440 api
2143 2407 2158 2434 ,
2199 2385 2322 2439 quas
2348 2379 2431 2426 est
2459 2371 2510 2425 in
2542 2371 2764 2439 regione
2807 2371 3176 2440 Assyriorum.
3221 2390 3239 2423 ι
3274 2371 3367 2427 llis
3396 2386 3528 2427 vero

1956 2463 2225 2529 signiﬁcat
2259 2461 2641 2533 Egyptiorum
2675 2462 2915 2517 virorum
2960 2464 3317 2533 irruptioneut
3344 2481 3359 2519 :
3390 2479 3528 2534 quos

1958 2556 2032 2607 ait
2056 2570 2160 2609 non
2193 2555 2311 2609 sine
2337 2554 2445 2609 Deo
2471 2564 2731 2609 venturos
2772 2569 2895 2609 esse
2932 2556 2983 2609 in
3011 2554 3317 2610 Judmorum
3347 2557 3528 2626 regio-

1959 2661 2082 2698 nem
2108 2684 2123 2709 ,
2160 2646 2384 2700 Domino
2428 2662 2524 2714 per
2571 2646 2747 2700 solum
2783 2658 2973 2703 nutum
3013 2658 3385 2702 commovente
3408 2687 3423 2712 ,
3475 2662 3532 2702 et

1957 2738 2110 2806 quasi
2144 2738 2300 2792 sibilo
2331 2739 2602 2792 excitante
2626 2738 2746 2792 illos
2788 2755 2853 2793 ex
2884 2740 3116 2809 Egyplo
3144 2755 3159 2792 :
3192 2755 3292 2794 nec
3314 2756 3381 2793 ex
3414 2749 3527 2794 tota

1959 2829 2048 2883 illa
2069 2868 2085 2893 ,
2115 2830 2211 2883 sed
2239 2844 2303 2883 ex
2352 2840 2503 2897 parte
2530 2830 2763 2899 quadam
2801 2831 3065 2899 ejusdem.
3096 2830 3188 2885 Vel
3211 2831 3335 2899 quia
3366 2830 3535 2901 Egy-

1960 2921 2055 2988 ptii
2085 2963 2099 2986 ,
2132 2936 2330 2975 cruore
2360 2929 2415 2975 ct
2462 2923 2728 2993 sanguine
2762 2923 2828 2976 ab
2874 2924 3081 2993 impura
3119 2923 3424 2977 idololatria
3454 2926 3535 2977 er-

1961 3014 2080 3067 fuso
2107 3013 2543 3082 delectabantur,
2578 3016 2724 3085 ipsos
2750 3014 2951 3069 muscis
2994 3026 3275 3085 comparat
3307 3033 3322 3070 :
3361 3017 3530 3086 Assy-

1964 3108 2168 3161 riorum
2201 3116 2383 3161 autem
2425 3105 2673 3162 bellicam
2712 3107 2967 3161 virtutem
2995 3147 3009 3169 ,
3071 3107 3219 3175 quod
3248 3106 3321 3160 illi
3349 3107 3531 3162 hostili

1962 3201 2170 3271 Spicqu
2194 3209 2496 3266 uterentur,
2529 3214 2594 3253 ac
2627 3200 2838 3254 caeteris
2869 3208 2993 3253 tunc
3012 3199 3264 3269 gentibus
3296 3179 3531 3269 impera-

1965 3301 2121 3356 rent,
2165 3291 2252 3361 api
2283 3291 2513 3346 similem
2543 3290 2693 3345 dicit.
2737 3289 2861 3344 llaec
2888 3305 3050 3360 porro
3088 3290 3356 3360 completa
3406 3300 3535 3345 sunt

1969 3393 2212 3454 tempore
2266 3384 2452 3453 prima:
2498 3383 2996 3453 Hierosolymorum
3058 3382 3391 3446 obsidionis,
3427 3400 3534 3454 qun

1964 3475 2200 3545 Egyptii
2226 3476 2442 3543 quidem
2471 3515 2485 3537 ,
2523 3491 2721 3529 muscae
2748 3478 2875 3529 dirti
2902 3516 2917 3538 ,
2960 3491 3082 3530 cum
3110 3490 3236 3544 rege
3262 3491 3359 3531 SIIO
3390 3475 3525 3529 Pha-

1966 3582 2130 3621 raone
2156 3569 2539 3635 irrumpentes,
2572 3565 2775 3620 Josiam
2815 3565 3308 3638 Hierosolymorum
3325 3583 3533 3634 regem,

1965 3658 2108 3712 inter
2134 3658 2458 3725 conspicuos
2492 3657 2881 3726 religiososque
2929 3658 3073 3713 viros
3106 3659 3304 3713 nemini
3336 3674 3533 3713 secun-

1964 3747 2088 3800 dum
2118 3745 2524 3801 interfecerunt.
2574 3746 2691 3801 Non
2748 3749 2834 3801 diu
2896 3763 3019 3801 vero
3073 3757 3255 3817 postea
3308 3748 3533 3820 Babylo-

1966 3836 2175 3891 niorum
2226 3850 2321 3891 rex
2384 3836 2894 3903 Nabuchodonosor,
2940 3852 3062 3893 cum
3119 3840 3362 3895 exercitu
3423 3857 3537 3894 Inu-

1966 3942 2069 3997 gno
2127 3930 2555 3999 superveniens,
2621 3930 2808 3984 urbem
2866 3932 3037 3999 ipsam
3094 3930 3338 3987 funditus
3386 3932 3534 3986 delr-

1963 4019 2083 4083 vit,
2134 4021 2499 4090 templumque
2544 4021 2822 4083 incendit.
2868 4033 3087 4093 totaque
3138 4036 3295 4095 gente
3342 4025 3393 4078 in
3443 4042 3535 4080 ca-

1964 4112 2267 4179 ptivitatem
2320 4115 2552 4167 abducta
2582 4152 2596 4178 ,
2648 4116 2981 4182 vastatisque
3026 4117 3534 4186 caeterisourbibns,

1966 4201 2277 4258 Judmorum
2307 4205 2539 4273 regionis
2562 4204 2816 4276 Assyrios
2841 4204 3171 4262 habitatores
3198 4208 3499 4263 constituit.

289 4296 477 4359 Αοιπὰς
517 4296 731 4370 δῃώσας
778 4296 994 4361 πόλεις,
1053 4297 1368 4369 Ἀσσυρίους
1420 4297 1712 4367 οἰκήτορας
1753 4296 1853 4366 τῆς
1896 4296 2160 4349 Ἰουδαίων
2186 4297 2486 4366 κατέστησε
2519 4296 2721 4369 χώρας.

367 4411 386 4443 ι
439 4391 528 4443 Ἐν
553 4392 619 4461 τῇ
646 4391 830 4463 ἡμέρα
862 4392 1043 4462 ἐκείνῃ
1072 4389 1246 4463 ξυριεῖ
1280 4389 1480 4460 Κύριος
1507 4388 1585 4460 τῷ
1614 4388 1759 4461 ξυρῴ
1786 4387 1861 4459 τῷ

2039 4388 2200 4442 Vens.
2232 4387 2323 4445 20.
2361 4407 2380 4440 ι
2422 4388 2476 4442 In
2517 4389 2604 4443 die
2648 4388 2735 4443 illa
2770 4392 2919 4444 radet
2965 4390 3225 4445 Dominus
3273 4390 3534 4445 novacula

293 4483 515 4555 μεγάλῳ
549 4483 644 4537 κα)⁸
681 4482 1107 4555 μεμεθυσμένῳ,
1158 4484 1325 4537 ὅέστι
1366 4481 1540 4554 πέραν
1568 4480 1662 4535 τοῦ
1698 4497 1862 4533 ποτα-

296 4575 398 4646 μοῦ
442 4574 538 4628 τοῦ
590 4574 856 4645 βασιλέως
918 4575 1241 4646 Ἀσσυρίων.
1292 4594 1309 4625 ι
1363 4574 1437 4627 Οὐ
1472 4573 1571 4645 τὴν
1619 4573 1862 4644 κεφαλὴν

294 4663 389 4720 οὖν
440 4669 602 4739 μόνην
656 4665 899 4738 ξυρήσει,
952 4666 1051 4736 τὴν
1094 4667 1258 4721 πάλαι
1308 4666 1587 4737 κομῶσαν,
1633 4666 1721 4718 ὅτε
1762 4665 1864 4734 τῆς

292 4761 616 4831 οίκουμένης
646 4759 908 4830 ἐκράτουν
944 4758 1238 4828 Ἀσσύριοι,
1271 4757 1407 4811 ἀλλά
1429 4758 1522 4811 καὶ
1553 4757 1651 4820 τὰς
1672 4756 1864 4829 τρίχας

290 4852 399 4906 τῶν
435 4852 630 4914 ποδῶν,
663 4851 863 4923 δηλαδὴ
888 4851 947 4904 τδ
974 4851 1218 4922 ἀνδρεῖον
1253 4851 1457 4922 σχῆμα,
1497 4851 1591 4903 καὶ
1622 4853 1713 4902 τὸν
1745 4845 1862 4900 πώ-

290 4962 443 5013 γωνα
470 4963 483 4975 ·
521 4947 769 5000 τουτέστι
815 4945 905 4997 τὸν
944 4944 1086 4998 κατὰ
1129 4944 1288 5014 φύσιν
1323 4944 1544 5014 ἀνδράσι
1592 4942 1865 5014 πρέποντα

291 5036 517 5107 κόσμον.
571 5037 741 5109 Ξυρδν
786 5036 845 5089 δὲ
891 5036 1303 5107 μεμεθυσμένον
1334 5035 1437 5088 ὑπὸ
1478 5034 1569 5088 τοῦ
1600 5033 1806 5106 Κυρίου
1838 5033 1866 5085 ὁ

296 5129 634 5200 προφητικὸς
661 5129 885 5182 ἐκάλεσε
905 5128 1061 5196 λόγος
1090 5128 1275 5199 ἕτερόν
1294 5145 1348 5179 τι
1373 5126 1644 5196 πολεμίων
1668 5125 1825 5193 γένος
1851 5139 1865 5153 ·

290 5219 363 5271 δι’
393 5213 454 5271 οῦ
481 5221 571 5273 τὸν
607 5220 831 5290 βασιλέα
853 5219 960 5270 τῶν
1001 5218 1320 5289 Ἀσσυρίων,
1344 5215 1542 5288 δηλαδὴ
1566 5215 1665 5286 τὴν
1690 5217 1868 5269 πᾶσαν

289 5310 477 5367 αὐτῶν
512 5310 787 5380 βασιλείαν
815 5327 875 5363 τε
902 5309 996 5362 καὶ
1025 5309 1341 5361 δυναστείαν
1372 5307 1623 5379 ξυρήσειν
1650 5306 1752 5376 ἔφη
1780 5305 1870 5359 τὸν

288 5403 451 5466 Θεὸν,
484 5403 559 5465 ὡς
583 5403 843 5475 ταπεινὴν
882 5402 1077 5472 αὐτὴν,
1122 5400 1217 5453 καὶ
1275 5399 1555 5469 ἄνανδρον,
1606 5397 1700 5450 καὶ
1743 5397 1872 5450 ἄκο-

288 5512 437 5566 σμον
485 5496 577 5548 καὶ⁵
606 5495 888 5565 ἀσχήμονα
923 5491 1218 5563 δειχθῆναι.
1247 5490 1382 5559 Παρ’
1417 5488 1585 5559 ἑτέρῳ
1628 5487 1684 5539 δὲ
1705 5527 1717 5545 .
1752 5488 1871 5541 ἀντὶ

1973 4495 2166 4551 magna
2216 4489 2272 4535 et
2323 4480 2587 4535 inebriata
2618 4520 2633 4545 ,
2690 4482 2833 4550 quod
2858 4493 2941 4537 est
2975 4482 3113 4536 ultra
3144 4482 3363 4537 ﬂuvium
3399 4486 3541 4555 regis

1969 4572 2338 4641 Assyriorum.
2379 4592 2400 4625 ι
2442 4570 2557 4626 Non
2603 4582 2762 4641 caput
2791 4573 2965 4627 solum
3006 4577 3159 4628 radet
3196 4574 3324 4628 olim
3357 4590 3542 4628 coma-

1972 4675 2117 4730 tum,
2142 4680 2265 4719 cum
2309 4665 2519 4735 Assyrii
2547 4665 2667 4718 orbi
2702 4666 3066 4735 imperarent;
3098 4666 3189 4720 sed
3219 4668 3379 4719 etiam
3407 4667 3542 4735 pilos

1972 4756 2188 4823 pedum,
2227 4756 2435 4811 scilicet
2462 4757 2672 4812 virilem
2704 4758 2959 4824 formam,
2979 4767 3034 4811 et
3064 4758 3285 4812 barbam
3310 4773 3324 4821 ;
3352 4757 3408 4811 id
3433 4767 3541 4823 est,

1970 4858 2222 4900 ornatum
2259 4848 2402 4915 .viris
2456 4852 2755 4905 secundum
2807 4859 3055 4903 naturam
3096 4859 3540 4904 consentaneum.

1971 4937 2299 4992 Novaculam
2330 4955 2458 4995 vero
2507 4957 2533 4994 a
2578 4940 2686 4993 Deo
2721 4940 3038 4994 inebriatam
3068 4941 3209 4994 aliud
3242 4954 3411 5008 genus
3442 4938 3546 4993 ini-

1972 5031 2234 5086 micorum
2261 5045 2536 5102 nuncupat
2567 5034 2913 5103 propheticus
2937 5048 3118 5087 sermo
3152 5073 3165 5086 .
3199 5032 3356 5102 cujus
3380 5047 3540 5101 opera

1978 5135 2153 5191 regem
2190 5124 2550 5193 Assyriorum,
2582 5140 2676 5178 seu
2702 5134 2870 5177 totum
2899 5139 3084 5177 eorum
3115 5138 3336 5193 regnum
3368 5133 3421 5177 et
3446 5138 3542 5193 po-

1979 5214 2203 5267 tentiam
2246 5218 2569 5271 abrasurum
2624 5218 2789 5271 Deum
2830 5233 2951 5273 esse
2980 5216 3334 5287 pramuntiat;
3384 5217 3457 5271 ita
3487 5226 3544 5270 ut

1977 5304 2199 5359 humilis
2219 5347 2233 5371 ,
2260 5306 2513 5375 imbellis,
2552 5310 2824 5380 incompta
2850 5350 2864 5375 ,
2897 5319 2950 5363 et
2979 5306 3234 5364 deformis
3263 5322 3540 5380 appareat.

1977 5396 2083 5451 Pro
2139 5398 2229 5454 illo
2262 5410 2439 5455 autem
2468 5442 2484 5466 ,
2527 5420 2545 5453 ι
2590 5402 2854 5456 inebriata
2893 5400 3194 5466 novacula,
3236 5420 3256 5453 ι
3290 5402 3429 5457 alius
3464 5403 3546 5456 in-

1978 5498 2209 5559 terpres,
2245 5512 2263 5545 ‹
2304 5495 2551 5551 mercede
2579 5494 2869 5562 conducta,
2913 5514 2931 5548 ι
2962 5494 3139 5550 habet.

285 5589 390 5642 τοῦ
419 5586 849 5657 μεμεθυσμένφ
870 5584 1050 5655 ξυρῷ,
1074 5582 1499 5654 μεμισθωμένῳ
1520 5579 1747 5651 εὓρηται
1775 5580 1948 5644 οὕτως
1969 5582 2194 5639 είπόντι.

368 5703 484 5774 (14)
520 5705 717 5759 Eadem
752 5702 910 5771 plane
943 5701 1303 5774 Hieronymus
1331 5698 1494 5754 habet
1526 5698 1592 5753 ad
1622 5696 1764 5753 hunc
1789 5698 1985 5755 locum.

373 5771 491 5846 (l5)
518 5776 639 5829 Haec
672 5779 800 5827 item
831 5775 969 5841 apud
1005 5771 1416 5841 Hieronymum.

703 5871 975 5931 Ριτιιοι.
1024 5870 1142 5929 Gtt.
1188 5869 1423 5930 XXIV.
