4068 6198
448 275 551 331 159

1114 257 1379 316 EUSEBII
1419 227 1901 312 casaninusrs
1940 244 2066 303 opp

2166 238 2310 296 ’.ὶΒὲ
2348 236 2435 294 lll.
2474 265 2547 278 —
2582 226 2995 287 EXEGETICA.

3585 217 3683 271 HD

521 391 681 444 Vsus.
715 384 779 439 21
800 424 815 449 ,
850 382 940 437 22.
980 399 998 432 ι
1035 379 1099 434 Et
1128 379 1234 433 erit
1269 378 1324 432 in
1354 375 1441 432 die
1468 374 1579 440 illa,
1609 369 1814 427 nutriet
1856 368 2018 422 homo
2046 371 2066 425 Α

2195 378 2212 411 ι
2253 358 2361 411 Kal
2389 354 2542 407 ἔσται
2572 352 2629 405 ἐν
2656 349 2724 419 τῆ
2756 346 2940 419 ἡμέρᾳ
2967 340 3151 410 ἐκείνῃ
3183 331 3373 408 θρέψει
3406 332 3686 404 ἄνθρωπος

447 495 667 537 vaccam
706 477 867 531 boum
894 514 909 537 .
933 484 989 526 et
1015 473 1149 527 duas
1186 483 1337 524 oves.
1377 467 1446 522 Et
1474 466 1579 522 erit
1621 480 1651 519 a
1680 462 1833 532 copia
1858 458 2018 513 lactis

2166 452 2346 524 ἱμαλιν
2372 446 2511 519 βοῶν
2551 444 2648 498 καὶ
2691 441 2785 496 δύο
2832 436 3102 511 πρόϐατα.

2120 518 2380 599 πλεῖστον
2399 541 2571 594 ποιεῖν
2605 534 2767 605 γάλα,
2804 530 3064 603 βούτυρον
3090 524 3186 580 καὶ
3222 522 3347 595 μέλι
3366 520 3559 590 φαγεῖν
3585 518 3692 580 πᾶς

2121 639 2149 690 6
2178 630 2557 700 καταλειφθεὶς
2582 626 2673 679 ἐπὶ
2701 608 2954 695 τὴνγῆν.
3002 638 3021 672 ›
3076 612 3358 685 Πτωχείαν
3380 629 3439 664 τε
3473 610 3570 664 καὶ
3595 625 3694 660 πε-

2123 731 2242 784 νίαν
2271 722 2718 795 ὑπερϐάλλουσαν
2747 713 3043 769 αἰνίττεται
3063 707 3150 763 διά
3168 705 3374 760 τούτων
3397 720 3411 733 ·
3443 700 3581 756 ἀλλά
3601 699 3696 753 καὶ

2125 819 2328 872 ἔνδειαν
2362 791 2459 867 καὶ
2487 808 2679 864 σπάνιν
2704 805 2803 876 τῆς
2818 802 2925 857 ἀπὸ
2950 798 3044 854 τοῦ
3075 798 3220 852 σίτου
3250 794 3477 867 τροφῆς⁰
3506 792 3568 845 τὸ
3587 791 3698 863 γάρ

446 590 610 646 quam
638 569 878 633 facient,
908 576 965 620 nt
996 567 1247 636 butyrum
1285 570 1341 617 et
1369 558 1473 615 mel
1522 556 1770 612 comedat
1803 552 1977 617 omnis
2001 589 2017 614 ,

448 666 539 738 qui
566 661 856 718 derelictus
891 656 1055 712 fuerit
1098 654 1153 709 in
1183 663 1350 708 terra.
1388 669 1408 704 ι
1447 651 1761 705 Extremam
1792 657 2023 714 pauper-

452 769 619 813 tatem
647 762 701 809 et
729 751 962 822 inopiam
990 749 1073 803 liis
1101 744 1446 810 subindicat;
1481 746 1587 797 imo
1615 739 1778 796 etiam
1800 748 1855 791 et
1884 734 2021 791 rari-

455 859 617 904 tatem
649 843 899 901 frumenti
944 840 1009 895 ad
1041 839 1221 895 cibum
1255 834 1647 907 praestandum.
1698 828 1829 883 Nam
1880 824 2024 897 quod

3136 431 3248 487 Kal
3276 429 3428 483 ἔσται
3462 425 3570 481 ἀπὸ
3596 424 3687 478 τοῦ

456 882 617 904 ιιιιυ...
945 882 1009 895 ....
1042 882 1221 895 ww...
1257 882 1647 907 των---πη
1698 882 1713 883 ,
1898 882 1915 897 _

451 955 560 994 non
600 938 758 992 boum
794 945 1003 1004 greges,
1060 928 1155 985 sed
1180 941 1341 983 unam
1376 932 1580 979 tantum
1616 935 1837 975 vaccam
1866 919 2028 972 homo

2166 912 2206 982 ,ὴ
2236 908 2372 979 βοῶν
2398 904 2620 973 ἀγέλας,
2671 898 2799 971 μίαν
2828 895 2886 950 δέ
2927 895 3094 965 μόνην
3132 888 3358 960 δάμαλιν
3400 882 3699 954 κεκτῆσθαι

2203 1000 2218 1004 λ
2562 993 2574 1004 ·
2662 989 2677 1004 ι
2785 986 2795 1003 ι
2869 984 3108 1004 arma--.
3161 975 3446 1004 ---κάλω
3518 972 3610 1004 κη...
3642 970 3699 1004 κδ

456 1030 750 1101 possideat,
781 1000 835 1080 et
862 1024 1005 1094 quod
1039 1037 1147 1077 non
1173 1018 1336 1084 ovile,
1388 1016 1483 1073 sed
1510 1015 1645 1069 duas
1671 1021 2030 1097 tantumoves
2129 1000 2437 1072 ἄνθρωπον,

2490 993 2586 1047 καὶ
2627 989 2689 1043 τὸ
2738 986 2814 1059 μὴ
2859 984 3109 1054 ποίμνιον
3159 975 3467 1049 προϐάτων,
3518 972 3611 1025 δύο
3642 970 3705 1023 δέ

456 1065 750 1101 yuaaluvuv,
781 1065 835 1080 ν·
863 1065 1005 1094 trun-
1039 1065 1147 1077 --νο-
1176 1065 1336 1084 ..η-ν,
1388 1065 1483 1073 --.-
1514 1065 1596 1069 --κ
1621 1065 1641 1069 _
1677 1065 1707 1068 ,κ
1829 1065 1839 1068 ,
1869 1065 1874 1066 ,

454 1124 604 1188 alat,
652 1130 907 1175 extremae
955 1114 1119 1171 fuerit
1188 1109 1382 1181 inopiae
1433 1116 1851 1179 argumentum;
1892 1084 2030 1171 'quin

2166 1065 2379 1165 ερόϐατα
2412 1087 2551 1159 μόνα
2576 1081 2820 1154 τρέφειν,
2848 1075 2948 1145 τῆς
2972 1072 3207 1143 ἐσχάτης
3235 1068 3301 1122 ἂν
3330 1066 3537 1135 γένοιτο
3564 1065 3704 1116 ἀπο-

2178 1186 2186 1188 -
2330 1181 2341 1188 -
2401 1178 2425 1188 ι-
2458 1178 2474 1188 ι
2637 1171 2714 1188 ou
2738 1170 2750 1188 ι
2795 1166 2882 1188 --Α
2915 1165 2970 1188 ,ι
3005 1159 3247 1188 ο-..-.ι,,,.
3277 1155 3569 1188 ,λικε-κθ..
3610 1152 3700 1188 νηὶ

455 1152 564 1179 auat.
587 1162 604 1188 ν
652 1152 905 1175 ελιιυιιιαε
956 1152 1119 1171 tum"
1189 1152 1382 1181 ...νγιυυ
1433 1152 1483 1163 ..-
1534 1152 1809 1161 .....-..-_-..
1836 1152 1851 1170 ,

455 1217 618 1273 etiam
647 1213 789 1283 quod
818 1210 1062 1264 residuus
1088 1207 1140 1261 in
1170 1213 1313 1259 terra
1334 1152 1563 1272 populiis
1592 1200 1785 1268 butyro
1824 1202 2031 1248 tantum

2166 1152 2254 1246 ηίας
2284 1152 2549 1251 σύμϐολον
2578 1192 2591 1204 ·
2617 1152 2765 1226 ἀλλά
2791 1166 2889 1222 καὶ
2913 1165 2974 1219 τδ
3004 1159 3248 1234 βουτύρῳ
3277 1155 3573 1230 τρέφεσθαι
3610 1152 3706 1206 καὶ

2191 1272 2223 1283 -~
2396 1267 2407 1283 ι
2568 1264 2645 1283 λη
2698 1253 3124 1283 ---_-\.....n.t..--
3162 1248 3251 1283 ant
3288 1247 3387 1283 o3..-
3416 1245 3519 1283 νὶρ·
3556 1241 3703 1283 λαὸν,

457 1320 513 1365 et
540 1306 698 1362 melle
730 1304 938 1367 alatur,
967 1300 1018 1354 id
1048 1298 1247 1352 famem
1277 1292 1430 1367 panis
1458 1291 1721 1348 declarat.
1749 1287 1844 1342 ilic
1873 1296 2034 1355 porro

459 1409 577 1459 erat
626 1397 850 1469 populus
883 1396 981 1450 sub
1014 1391 1238 1449 Godolia
1263 1428 1279 1454 ,
1314 1401 1476 1457 quem
1525 1385 1596 1440 ob
1630 1379 1887 1436 frumenti
1944 1390 2037 1446 pe-

460 1492 714 1557 nuriam,
762 1488 955 1558 exiguo
1002 1496 1257 1555 pecorum
1295 1480 1437 1533 lacte
1483 1484 1539 1532 et
1586 1474 1779 1544 butyro
1827 1469 1879 1523 in
1930 1466 2035 1521 ali-

463 1590 704 1639 mentum
754 1591 978 1634 usurum
1024 1569 1353 1644 prmnuutiat
1406 1584 1419 1620 :
1475 1564 1727 1618 universa
1776 1556 2035 1628 regione,

463 1677 533 1731 ob
561 1675 797 1727 virorum
821 1669 1147 1739 paucitatem
1173 1662 1227 1718 in
1246 1661 1519 1716 desertum
1545 1665 1600 1709 et
1630 1652 1682 1707 in
1705 1648 1891 1721 spinas
1914 1660 2040 1700 con-

465 1782 642 1822 versa.

542 1974 705 2031 Vens.
737 1970 834 2025 25.
881 1986 900 2020 ι
951 1966 1018 2022 Et
1042 1973 1147 2018 erit
1176 1963 1230 2017 in
1263 1959 1349 2017 die
1379 1958 1468 2014 illa
1496 1996 1512 2024 ,
1540 1954 1720 2011 omnis
1764 1952 1921 2006 locus
1952 1944 2041 2002 ubi

467 2070 673 2127 fuerint
717 2062 865 2120 mille
894 2061 1061 2117 vineae
1087 2096 1104 2123 ,
1159 2054 1306 2109 mille
1350 2050 1642 2113 siclorum,
1676 2048 1728 2100 in
1772 2044 2043 2098 desertum

473 2164 583 2219 erit
608 2169 664 2216 et
705 2159 757 2212 in
806 2155 1039 2223 spinam.
1087 2166 1106 2199 ι
1147 2146 1301 2212 Quod
1341 2144 1503 2217 igitur
1554 2149 1699 2193 terra
1750 2133 1951 2189 inculta
1989 2138 2043 2185 et

468 2252 645 2324 spinis
675 2246 873 2303 referta
922 2243 1037 2305 sit,
1070 2238 1345 2292 frumento
1374 2231 1626 2294 carebit;
1676 2240 1850 2296 neque
1882 2224 2047 2279 homo

473 2346 564 2417 qui
596 2340 842 2397 residuus
868 2336 974 2391 erit
1000 2373 1017 2400 ,
1043 2339 1253 2387 natura!
1280 2321 1601 2393 congruenti
1630 2320 1775 2381 cibo,
1807 2325 1900 2370 aut
1922 2314 2049 2368 vino

476 2436 768 2498 nntrietur,
829 2429 936 2483 imo
962 2423 1140 2495 potius
1177 2420 1322 2474 lacte
1348 2456 1363 2482 ,
1390 2418 1606 2486 butyro,
1630 2423 1684 2467 et
1721 2408 1917 2475 melle;
1951 2406 2050 2462 iis-

466 2543 583 2599 que
614 2540 719 2581 non
752 2538 784 2578 a
815 2530 1107 2599 numeroso
1156 2512 1320 2569 boum
1352 2521 1515 2579 grege
1538 2544 1556 2571 ,
1590 2516 1766 2571 neque
1798 2499 1865 2554 ab
1895 2497 2055 2554 ovili-

470 2590 581 2676 bus
610 2594 982 2686 congregatis,
1032 2606 1127 2662 sed
1154 2618 1221 2659 ex
1250 2600 1443 2656 ovibus
1474 2597 1796 2668 quibusdam
1836 2601 1892 2647 et
1935 2590 2055 2645 ani-

474 2709 713 2767 malibus
741 2680 972 2758 miseris.
1000 2696 1132 2753 Nam
1160 2693 1298 2748 alius
1329 2704 1397 2745 ex
1426 2704 1530 2742 una
1560 2684 1752 2741 bucula
1773 2720 1792 2745 ,
1822 2680 1961 2735 alius
1990 2693 2054 2733 ex

478 2801 693 2860 duabus
719 2796 911 2853 ovibus
936 2794 987 2848 id
1024 2785 1376 2846 mutuabitur.

560 3008 722 3063 Vens.
750 3005 841 3060 25.
893 3018 913 3052 ‹
972 2998 1039 3054 Et
1067 2992 1247 3051 omnis
1288 3002 1441 3045 mons
1487 2992 1670 3040 aratus
1695 2980 1964 3043 arabitur,
2006 2986 2061 3031 et

488 3118 599 3183 ι.ορ
629 3098 807 3152 veniet
834 3093 960 3149 illuc
994 3090 1197 3145 timor:
1229 3084 1337 3141 erit
1378 3080 1521 3135 enim
1568 3092 1599 3130 a
1632 3074 1847 3130 deserto
1874 3080 1929 3126 et
1955 3069 2063 3139 spi-
2089 3063 2131 3122 C

488 3179 578 3247 nis
610 3190 663 3244 in
693 3198 891 3258 pascua
926 3179 1059 3235 ovis.
1097 3195 1116 3228 9

1078 3282 1307 3343 CAPUT
1341 3278 1475 3333 Vlll.

566 3416 733 3472 Vens.
768 3414 819 3467 l.
856 3428 872 3462 ι
916 3407 984 3462 Et
1006 3404 1140 3459 dixit
1171 3398 1430 3454 Dominus
1468 3393 1536 3448 ad
1582 3405 1703 3456 me,
1752 3385 1918 3443 Sume
1966 3381 2063 3437 tibi

496 3511 693 3567 librum
725 3518 923 3561 novum
950 3496 1210 3569 grandem
1244 3510 1258 3548 :
1284 3500 1339 3546 et
1387 3487 1564 3543 scribe
1593 3485 1645 3538 in
1688 3482 1780 3536 illo
1806 3477 1943 3549 stylo
1968 3474 2064 3528 ho-

499 3602 680 3659 minis.
718 3616 736 3649 ι
766 3595 1059 3663 Postquam
1091 3585 1249 3639 linem
1301 3576 1557 3634 narrandi
1599 3570 1727 3627 fecit
1767 3582 1829 3623 ea
1869 3579 1987 3635 quae
2013 3561 2065 3615 in

502 3689 812 3752 memoratis
834 3686 1023 3742 diebus
1050 3680 1229 3733 futura
1262 3680 1411 3735 sunt,
1446 3664 1821 3723 narrationem
1858 3658 1923 3713 de
1945 3667 2068 3709 ortu

502 3777 874 3842 Emmanuelis
904 3769 1147 3827 resumit.
1172 3766 1345 3832 Super
1368 3773 1474 3828 quo
1511 3752 1692 3810 domui
1725 3745 1894 3805 David
1931 3758 2069 3814 pra:-

503 3888 717 3946 ceptum
747 3878 868 3926 erat
893 3908 909 3932 ,
935 3873 995 3919 ut
1028 3852 1410 3916 incantationis
1447 3849 1564 3904 loco
1586 3838 1948 3900 Emtnanuelis
1975 3849 2071 3890 no-

1667 3936 1692 3946 η
1718 3934 1731 3946 .
1810 3932 1820 3942 .
1940 3943 2029 3946 μη
2059 3926 2071 3946 ,

507 3926 714 3946 "rw.-.
896 3926 906 3932 .

506 3985 627 4024 men
678 3966 991 4022 invocaret;
1034 3953 1196 4020 idque
1236 3961 1359 4001 cum
1410 3956 1504 4011 spe
1553 3954 1615 3993 ac
1666 3932 1900 3994 ﬁducia,
1931 3926 2075 3999 quod

507 4060 624 4132 ejus
651 4068 751 4126 ope
788 4051 854 4105 ab
886 4042 1296 4103 imminentibus
1330 4035 1539 4093 duobus
1572 4028 1792 4099 regibus
1832 4023 2073 4077 liberan-

508 4118 576 4208 d'a
605 4150 695 4205 sit.
723 4142 859 4213 Quia
900 4153 1027 4194 vero
1069 4134 1251 4191 docuit
1280 4124 1685 4185 Emmanuelem
1731 4118 1885 4173 illum
1913 4153 1929 4177 ,
1961 4121 2078 4166 stu-

511 4241 742 4315 pendam
763 4244 819 4291 et
844 4232 912 4288 ab
933 4231 1169 4286 humana
1196 4234 1389 4280 natura
1419 4219 1649 4274 alienam
1675 4207 2077 4284 generationem

513 4334 823 4392 habiturum
859 4336 979 4380 esse
1010 4338 1025 4375 :
1057 4334 1182 4373 nam
1211 4332 1274 4372 ex
1302 4316 1614 4378 incorrupta
1641 4302 1817 4376 puella
1848 4341 1863 4365 ,
1892 4308 1949 4353 et
1972 4297 2077 4349 vir-

519 4426 643 4494 gine
668 4414 871 4487 nuptiis
895 4419 1114 4481 experte
1143 4406 1455 4461 nasciturus
1486 4406 1605 4455 erat
1629 4413 1645 4461 ;
1668 4391 1957 4447 admodum
1990 4400 2084 4440 ne-

520 4514 759 4572 rcs<ario
788 4507 1046 4565 Dominus
1068 4543 1083 4569 ,
1128 4501 1217 4555 hic
1243 4540 1258 4566 ,
1302 4512 1408 4552 non
1441 4495 1620 4549 Achaz
1645 4531 1661 4557 ,
1699 4498 1872 4557 neque
1901 4479 2081 4535 domui

518 4609 690 4673 Iudae,
713 4604 809 4659 sed
846 4598 945 4670 ipsi
973 4595 1070 4651 soli
1100 4591 1395 4664 propheta‘,
1430 4581 1748 4654 mysterium
1785 4573 1965 4628 arcani
1992 4584 2086 4624 or-

519 4714 605 4756 tus
628 4690 995 4753 Emmanuelis
1023 4663 1225 4743 revelat
1261 4697 1276 4734 :
1313 4675 1581 4747 quomodo
1608 4668 1814 4726 scilicet
1848 4663 2085 4717 futurum

521 4795 595 4850 sit
628 4799 688 4845 ut
715 4788 867 4858 virgo
924 4783 978 4837 in
1018 4788 1171 4834 utero
1214 4770 1487 4839 concipiat
1518 4774 1572 4822 et
1602 4760 1775 4834 pariat
1801 4756 1985 4809 tilium.
2024 4752 2088 4806 Ut

524 4885 703 4952 itaque
734 4842 944 4946 eauqua:
977 4871 1043 4925 ad
1073 4860 1475 4922 Emmanuelem
1509 4852 1851 4924 spectabant,
1883 4859 1987 4899 non
2020 4842 2085 4895 ad

525 4974 764 5030 omnium
800 4981 960 5023 aures
1006 4962 1407 5032 spargerentur,
1457 4947 1550 5004 sed
1588 4942 1767 5014 potius
1807 4941 1858 4993 in
1894 4949 2093 4991 arcana

530 5067 762 5137 quadam
812 5030 1077 5131 scriptura
1129 5054 1520 5107 servarentur,
1574 5039 1729 5108 jubet
1779 5030 2093 5104 prophetam

534 5159 634 5213 sibi
665 5168 879 5212 sumere
906 5162 1110 5207 tomum
1146 5155 1345 5198 novum
1382 5144 1437 5190 et
1465 5145 1717 5202 magnum
1748 5166 1763 5192 ,
1796 5126 1908 5179 sive
1930 5161 1945 5186 ,
1988 5138 2005 5170 ι
2045 5119 2099 5172 li~

536 5252 693 5307 brum
716 5289 733 5313 ,
792 5266 811 5299 ι
845 5261 938 5302 seu
965 5285 980 5310 ,
1017 5261 1036 5295 ι
1089 5234 1457 5294 membranam
1486 5267 1501 5292 ,
1542 5243 1561 5278 ι
1596 5236 1692 5278 seu
1728 5237 1747 5272 ι
1790 5217 2037 5272 volumen
2077 5228 2095 5262 ι

538 5308 833 5399 secundum
882 5308 1166 5405 reliquos,
1216 5345 1237 5381 ι
1296 5322 1440 5395 stylo
1477 5315 1754 5379 hominis,
1806 5328 1825 5364 ι
1880 5308 1932 5363 id
1977 5313 2099 5367 est,

539 5442 795 5491 consueta
842 5437 896 5483 et
946 5397 1069 5481 nota
1120 5397 1429 5479 hominibus
1474 5410 1739 5479 scriptura
1770 5421 1785 5458 :
1818 5411 1899 5457 est
1943 5397 2101 5467 quip-

540 5542 608 5598 pe
639 5524 742 5580 alia
776 5520 870 5576 Dei
916 5517 1193 5586 Scriptura
1240 5529 1348 5569 non
1397 5506 1539 5578 stylo
1563 5498 1799 5558 hominis
1842 5499 2062 5549 exarata
2089 5526 2103 5551 ,

546 5583 642 5677 sed
670 5618 869 5672 virtute
899 5612 989 5669 Dei
1022 5583 1206 5672 feriri,
1242 5621 1345 5676 qua
1379 5601 1572 5672 dignos
1604 5596 1659 5653 in
1698 5593 1837 5649 libro
1865 5588 1986 5642 vita:
2016 5583 2108 5637 de-

552 5710 756 5769 scribit.

2139 1241 2314 1344 μέλιτι
2340 1241 2517 1321 πάντα
2556 1264 2648 1317 τὸν
2697 1253 3127 1344 καταλειφθέντα
3162 1248 3257 1344 ἐπὶ
3288 1247 3387 1317 τῆς
3416 1245 3519 1315 γῆς
3556 1241 3705 1304 λαὸν,

2136 1328 2292 1433 λιμὸν
2324 1359 2488 1430 ἀρτου
2521 1352 2871 1425 παρίστησιν.
2919 1338 3086 1405 Οὗτος
3108 1339 3167 1395 δέ
3191 1333 3259 1410 ἦν
3300 1338 3328 1389 6
3362 1336 3455 1389 ἐπὶ
3478 1328 3580 1387 ’τοῦ
3614 1332 3711 1385 Γο-

2137 1425 2308 1507 δολίου
2329 1425 2479 1513 λαὸς,
2509 1446 2567 1501 δν
2594 1443 2683 1499 διὰ
2709 1436 2942 1510 ἀπορίαν
2963 1434 3063 1504 τῆς
3082 1430 3190 1485 ἀπὸ
3219 1429 3368 1482 σίτου
3402 1425 3611 1497 τροφῆς
3650 1425 3709 1477 ἐν

2143 1541 2463 1616 βραχυτάτῳ
2509 1534 2840 1608 θρεμμάτων
2886 1526 3119 1599 γάλακτι
3169 1520 3265 1576 καὶ
3306 1518 3549 1591 βουτύρῳ
3576 1532 3711 1588 τρα-

2144 1609 2411 1707 φήσεσθαι
2488 1622 2897 1699 προαγορεύει,
2953 1620 3050 1689 τῆς
3106 1613 3289 1689 χώρας
3350 1612 3566 1680 ἀπάσης
3633 1609 3714 1671 εἰς

2067 1721 2109 1775 Β
2140 1698 2332 1799 χέρσον
2366 1723 2461 1777 xal
2500 1698 2740 1775 ἄκανθαν
2777 1714 2867 1768 διά
2912 1709 3121 1781 ἀνδρῶν
3166 1705 3407 1778 ἐρημίαν
3449 1698 3716 1774 μεταϐλη-

2143 1820 2352 1890 θείσης.

2218 1954 2237 1987 ‹
2276 1931 2387 1986 Καὶ
2410 1928 2561 1983 ἔσται
2583 1925 2642 1979 ἐν
2668 1923 2735 1993 τῇ
2762 1917 2948 1991 ἡμέρᾳ
2973 1913 3179 1984 ἐκείνῃ,
3205 1911 3314 1976 πᾶς
3339 1907 3502 1971 τόπος
3531 1897 3592 1959 οὗ
3623 1902 3718 1957 ἐάν

2145 2021 2246 2080 ὦσι
2274 2023 2443 2095 χίλιαι
2473 2017 2729 2089 ἄμπελοι,
2772 2010 2958 2083 χιλίων
2986 2007 3207 2071 σίκλων,
3242 2005 3321 2066 εἰς
3357 2001 3548 2071 χέρσον
3574 1996 3723 2049 ἔσον-

2146 2136 2235 2173 ται
2268 2086 2362 2169 καὶ
2389 2114 2469 2176 εἰς
2511 2086 2772 2165 ἀκανθαν.
2830 2120 2849 2153 ι
2906 2099 3112 2154 Οὐκοῦν
3141 2097 3229 2150 διὰ
3273 2095 3334 2147 τὸ
3368 2093 3560 2165 χέρσον
3584 2086 3723 2143 εἷναι

2148 2209 2244 2278 τὴν
2271 2206 2376 2274 γῆν
2420 2202 2511 2256 καὶ
2536 2195 2787 2253 ἀκανθῶν
2844 2190 3050 2261 πλήρη,
3094 2191 3238 2241 σῖτον
3264 2186 3362 2253 οὐχ
3391 2182 3502 2245 ἕξει
3533 2196 3547 2210 °
3598 2180 3723 2232 οὐδὲ

2149 2274 2487 2372 τραφήσεται
2520 2292 2587 2360 τῇ
2636 2285 2777 2343 κατά
2808 2284 2970 2354 φύσιν
3008 2279 3291 2351 ἄνθρωπος
3337 2274 3512 2345 τροφῇ
3564 2287 3725 2342 περι-

2150 2362 2414 2462 λειφθεὶς,
2466 2385 2582 2440 ἀλλ’
2612 2380 2732 2436 ούδέ
2766 2378 2893 2449 οἴνῳ
2938 2376 3196 2446 χρήσεται
3224 2410 3239 2435 ,
3284 2366 3517 2438 γάλακτι
3544 2363 3599 2415 δέ
3632 2362 3730 2416 καὶ

2154 2455 2423 2558 βουτύρῳ,
2457 2479 2553 2533 καὶ
2585 2474 2800 2547 μέλιτι·
2836 2468 2933 2522 καὶ
2968 2464 3199 2527 τούτοις,
3230 2461 3330 2515 οὑκ
3356 2459 3465 2514 ἀπὸ
3490 2455 3729 2527 πλήθους

2154 2552 2353 2647 ἀγέλης
2386 2571 2542 2643 βοῶν,
2588 2566 2696 2621 οὐδ’
2723 2564 2831 2619 ἀπὸ
2876 2556 3141 2629 ποιμνίων
3177 2552 3463 2625 προϐάτων
3503 2562 3732 2614 συναγο-

2161 2638 2363 2741 μένοις,
2386 2638 2522 2718 ’ἀλλ’
2545 2661 2605 2725 ἐξ
2636 2654 2870 2711 εὐτελῶν
2909 2651 3004 2705 καὶ
3040 2643 3275 2719 οἰκτρῶν
3311 2642 3487 2708 ζώων.
3541 2641 3601 2693 '0
3633 2638 3731 2709 μὲν

2158 2731 2267 2834 γάρ
2298 2776 2381 2823 τις
2413 2756 2519 2811 ἀπὸ
2550 2754 2679 2825 μιᾶς
2711 2745 3016 2819 δαμάλεως,
3043 2743 3071 2795 6
3108 2739 3165 2793 δέ
3191 2738 3298 2792 ἀπὸ
3325 2734 3419 2790 δύο
3447 2731 3732 2804 προϐάτων

2163 2855 2446 2925 ποιήσεται
2472 2845 2667 2900 ταῦτα.

2244 2986 2261 3019 ι
2303 2964 2417 3019 Kal
2464 2962 2572 3015 πᾶν
2623 2957 2748 3030 ὅρος
2796 2946 3199 3025 ὴροτριωμένον
3250 2937 3730 3013 ἀροτριωθήσεται,

2165 3061 2261 3117 καὶ⁹
2308 3058 2367 3111 οὐ
2435 3054 2509 3127 μὴ
2569 3025 2774 3119 ἐπέλθῃ
2829 3048 2947 3099 ἐκεῖ
2995 3040 3157 3111 φόϐος
3199 3055 3211 3067 ·
3273 3036 3426 3089 ἔσται
3475 3030 3583 3103 γάρ
3628 3025 3733 3081 ἀπὸ

2162 3157 2259 3227 τῆς
2298 3125 2496 3224 χέρσου
2528 3147 2620 3201 καὶ
2653 3140 2894 3211 ἀκάνθης
2924 3139 3003 3199 εἰς
3038 3133 3287 3204 βόσκημα
3314 3125 3607 3197 προϐάτου,
3648 3139 3664 3171 ι

2688 3248 3079 3308 ΚΕΦΑΛΑΙΟΝ
3131 3247 3214 3299 H'.

2241 3400 2259 3431 ι
2294 3376 2403 3431 Kal
2454 3369 2575 3426 εἶπε
2608 3367 2812 3439 Κύριος
2844 3364 2979 3434 πρὸς
3012 3358 3102 3431 μὲ,
3150 3353 3297 3410 Λάϐε
3339 3350 3550 3421 σεαυτῷ
3582 3349 3749 3420 τόμον

2166 3472 2349 3527 καινὸν
2380 3466 2574 3538 μέγαν,
2602 3437 2925 3527 καὶ-γράψον
2964 3453 3043 3515 εἰς
3087 3447 3245 3502 αὑτὸν
3275 3440 3501 3513 γραφίδι
3538 3437 3752 3508 ἀνθρὼ-

2168 3583 2291 3619 που.
2325 3582 2342 3615 ι
2370 3529 2697 3615 ξυντελέσας
2722 3551 2750 3604 6
2775 3548 2931 3616 λόγος
2962 3544 3030 3597 τά
3053 3538 3391 3610 γενησόμενα
3417 3534 3474 3587 ἐν
3510 3529 3628 3594 ταῖς
3651 3548 3751 3583 κα-

2168 3648 2538 3722 ταλεχθείσαις
2578 3642 2843 3713 ἡμέραις,
2887 3628 3331 3701 ἐπαναλαμϐάνει
3360 3624 3459 3697 τὴν
3500 3623 3755 3722 διήγησιν

2573 3702 2876 3803 γεννήσεως
2902 3723 2997 3777 τοῦ
3039 3714 3403 3791 Ἐμμανουήλ·
3431 3713 3560 3784 περὶ
3589 3702 3650 3764 οὗ
3674 3709 3759 3781 τῷ

2173 3803 2305 3906 οἴκῳ
2356 3803 2519 3884 Ᾰαυῒδ
2563 3818 2960 3895 παρεκελεύετο
2989 3813 3108 3869 ἀντὶ⁵
3148 3808 3361 3880 ἐπῳδῆς
3392 3806 3454 3859 τὸ
3489 3803 3583 3857 τοῦ
3630 3803 3759 3873 Ἐμ-

2179 3895 2415 4002 μανουήλ
2468 3914 2844 3976 ἐπικαλεῖσθαι
2888 3911 3057 3980 ὄνομα
3080 3946 3095 3967 ,
3141 3901 3471 3975 θαρσοῦντος
3516 3895 3611 3950 καὶ
3666 3910 3759 3946 πι-

2179 4018 2455 4080 στεύοντος
2478 4013 2543 4067 δι’
2571 4007 2735 4064 αὐτοῦ
2766 3999 3107 4073 σωθήσεσθαι
3137 3995 3245 4050 ἀπὸ
3266 3993 3375 4046 τῶν
3401 3985 3759 4057 ἐπικειμένων

2179 4106 2361 4176 αύτοίς
2384 4108 2477 4164 δύο
2520 4102 2801 4177 βασιλέων.
2858 4090 3158 4163 Ἐπειδὴδέ
3182 4085 3389 4150 ἐδίδαξε
3424 4083 3514 4136 τὸν
3553 4080 3765 4149 Ἐμμα-

2181 4170 2357 4276 νουὴλν
2373 4170 2532 4270 ξένην
2562 4195 2685 4251 τινά
2717 4190 2813 4247 καὶ⁹
2860 4184 3143 4256 ἀλλοτρίαν
3187 4180 3286 4249 τῆς
3319 4174 3516 4246 θνητῆς
3549 4170 3764 4241 φύσεως

2182 4258 2324 4363 ἕξειν
2350 4258 2621 4365 γέννησιν·
2672 4286 2733 4349 ἐξ
2768 4278 3097 4350 ἀδιαφθόρου
3143 4272 3252 4343 γάρ
3296 4267 3533 4329 νεάνιδος
3576 4262 3671 4316 καὶ
3702 4258 3767 4325 ἐξ

2186 4355 2557 4459 ἀπειρογάμου
2606 4374 2875 4447 παρθένου
2919 4362 3296 4439 τεχθήσεσθαι,
3338 4358 3542 4427 σφόδρα
3598 4355 3770 4420 ἀναγ-

2191 4482 2361 4543 καίως
2395 4480 2451 4531 ἐν
2476 4473 2684 4533 τούτοις
2716 4467 2895 4528 αὐτοῖς
2921 4463 2950 4514 6
2977 4459 3198 4530 Κύριος,
3224 4454 3324 4506 οὐκ
3357 4450 3436 4504 ἔτι
3458 4448 3536 4518 τῷ
3577 4444 3767 4517 Ἀχὰζ,

2192 4571 2315 4626 ούδέ
2452 4564 2586 4631 οἴκῳ
2640 4558 2830 4619 Ἰούδα,
2890 4552 3004 4608 ἀλλ’
3045 4546 3195 4619 αὐτῷ
3222 4544 3365 4617 μόνῳ
3392 4540 3470 4610 τῷ
3514 4538 3774 4610 προφήτῃ

2191 4667 2253 4719 τὸ
2277 4631 2569 4735 μυστήριον
2596 4650 2969 4709 ἀποκαλύπτει
2995 4645 3093 4714 τῆς
3126 4638 3436 4711 ἀπορρήτου
3465 4631 3776 4702 γεννήσεως

2194 4720 2290 4811 τού
2318 4720 2679 4822 Ἐμμανουήλθ
2702 4744 2849 4802 ὅπως
2872 4739 2906 4809 ἡ
2931 4733 3196 4804 παρθένος
3220 4732 3277 4783 ἐν
3303 4726 3500 4797 γαστρὶ
3524 4720 3776 4793 λήψεται,

2193 4847 2288 4902 καὶ
2314 4810 2524 4911 τέξεται
2547 4810 2683 4892 υἱόν.
2716 4833 2810 4887 ’Ὶν’
2842 4827 2935 4886 οὖν
2957 4828 3028 4881 τά
3054 4825 3184 4896 περὶ
3211 4820 3305 4876 τοῦ
3320 4812 3664 4889 Ἐμμανουήλ
3699 4810 3779 4881 μὴ

2194 4899 2272 5001 είς
2305 4899 2405 4997 τάξ
2438 4931 2653 4986 πάντων
2694 4922 2862 4986 ἀκοὰς
2899 4918 3006 4972 τῶν
3039 4931 3171 4969 ποτε
3203 4910 3448 4983 χωρήσῃ,
3480 4899 3778 4975 φυλαχθείη

2196 4990 2270 5083 δὲ.
2290 4990 2488 5100 μᾶλλον
2533 5024 2590 5075 ἐν
2636 5016 2932 5089 ἀπορρήτῳ
2979 5008 3184 5082 γραφῇ’
3236 4995 3665 5073 παρακελεύεται
3697 4990 3781 5060 τῷ

2201 5080 2454 5189 προφήτῃ
2481 5112 2665 5167 λαϐεῖν
2693 5080 2869 5176 ἑαυτῷ
2904 5080 3073 5173 ⁷τόμον
3117 5095 3321 5154 καινὸν,
3345 5084 3604 5160 “μέγαν,ἢ
3628 5080 3784 5135 ιτεῦ-

2204 5172 2391 5282 ﬁala
2413 5172 2778 5275 (.6tquépwpa,
2792 5217 2809 5251 ι
2882 5172 3193 5264 ικεφαλίδα,
3208 5206 3225 5237 ι
3246 5182 3520 5241 κατάτοὺς
3538 5172 3781 5236 λοιπούς·

2212 5267 2481 5374 ῖέραῷεδι
2507 5267 2815 5367 ἀνθρώπου,
2887 5284 3151 5344 τουτέστι,
3183 5279 3249 5347 τῇ
3280 5270 3498 5343 συνήθει
3530 5267 3622 5321 καὶ
3641 5282 3789 5335 ογνω-

2211 5356 2466 5467 ριξομένῃ
2515 5356 2821 5458 ἀνθρώποις
2862 5378 3064 5454 γραφῇ’
3095 5367 3234 5425 εἶναι
3283 5365 3389 5439 γὰρ
3443 5361 3608 5433 ἄλλην
3648 5356 3789 5412 Θεοῦ

2209 5450 2466 5560 Ϋραφὴνῖ
2506 5483 2568 5536 ού
2612 5450 2833 5551 γραφίδι
2887 5450 3172 5543 ἀνθρώπου
3228 5456 3601 5532 γραφομένην,
3650 5450 3792 5506 ἀλλὰ

2212 5544 2447 5651 alvis}!
2466 5572 2600 5629 Θεοῦ
2624 5544 2819 5639 λόγου,
2859 5565 2983 5626 τοὺς
3026 5558 3205 5627 ἀξίους
3246 5546 3701 5623 ἀπογραφομένην
3732 5544 3790 5595 ἐν

2221 5673 2384 5733 ϐίϐλῳ
2413 5669 2642 5734 ζώντων.
