4068 6198
408 251 547 310 ’145

1105 248 1369 306 EUSEBII
1404 248 1881 307 CESARIENSIS
1919 250 2070 307 OPP.
2112 250 2293 308 PARS
2329 251 2421 307 Ill.
2460 281 2528 295 —
2566 250 2981 309 EXEGETICA.

3573 252 3676 306 144

440 370 677 438 regionis
724 376 860 430 tute,
912 368 1200 424 Nobiscum
1270 371 1429 435 Deus.
1470 392 1489 425 ι
1543 372 1667 427 Haec
1706 390 1921 444 quoque
1954 375 1991 428 it

2109 376 2170 427 τὸ
2197 375 2396 438 πλάτος
2426 375 2525 446 τῆς
2552 372 2734 447 χώρας
2781 391 2895 437 σου,
2930 373 3066 427 Μεθ’
3088 372 3242 443 ήμῶν
3282 372 3310 423 6
3341 370 3491 432 656;.
3517 390 3534 421 ι
3568 371 3675 423 Καὶ

438 462 624 515 eodem
660 458 1023 514 Ennuanuelis
1053 473 1371 532 argumento
1409 465 1702 518 insistunt:
1738 466 2001 532 incipiunt

437 553 580 604 enim
629 550 697 604 ab
745 551 1128 616 Emmanuele,
1199 555 1341 622 quod
1383 555 1680 624 significat,
1730 555 1998 609 nobiscum

438 646 596 708 Dens,
639 646 926 714 cognoscite
953 655 1159 714 gentes;
1206 662 1271 701 ac
1319 641 1531 702 rur‘s‘um
1564 649 1615 701 in
1649 648 1752 703 fine
1777 658 1997 704 senten-

435 734 556 788 tiae:
590 753 607 785 c
654 734 717 787 Et
764 748 942 789 sermo
986 751 1143 804 quem
1193 736 1483 808 loquemini
1542 754 1649 794 non
1686 750 1901 796 maneat
1942 742 1995 796 in

435 827 606 891 vobis,
661 826 784 895 quia
827 827 1103 881 nobiscum
1151 828 1337 885 Deus:
1378 849 1397 883 ι
1434 832 1628 887 iterum
1685 832 1998 887 Emmanuel

434 919 609 973 dictus
635 930 740 976 est.
772 919 1065 989 Postquam
1104 936 1236 991 ergo
1263 924 1520 991 propheta
1553 933 1878 979 memoratos
1903 925 1994 980 ho-

436 1014 606 1066 mines
649 1024 981 1084 coarguerat,
1024 1018 1165 1085 quod
1202 1018 1520 1081 noluissent,
1570 1018 1819 1073 invocato
1865 1018 1995 1072 Em-

434 1109 698 1170 manuele,
737 1109 970 1165 inimicis
1003 1112 1311 1181 superiores
1351 1113 1604 1179 evadere,
1648 1113 1763 1185 ipse
1803 1128 1868 1167 ex
1897 1127 1994 1167 Sua

429 1210 487 1255 et
515 1203 594 1254 sui
626 1202 880 1256 similium
935 1219 1162 1274 persona
1217 1205 1617 1261 Emmanuelem
1667 1206 1885 1261 invocat
1915 1207 1994 1261 di-

429 1301 556 1341 cens
577 1308 590 1342 Ζ

498 1378 663 1432 Vens.
695 1380 747 1445 9,
786 1379 871 1435 10.
905 1399 923 1433 ι
946 1381 1235 1438 Nobiscum
1264 1383 1423 1439 Deus.
1454 1384 1776 1456 Cognoscite
1806 1396 1993 1456 gentes

428 1477 478 1519 et
510 1468 807 1534 vincimini,
847 1479 906 1524 et
955 1470 1137 1525 audite
1175 1486 1345 1543 usque
1370 1474 1435 1527 ad
1459 1483 1759 1529 extremum
1791 1484 1947 1529 terra:
1976 1492 1990 1528 :

427 1559 516 1627 qui
548 1557 720 1615 fortes
750 1559 951 1625 fuistis,
976 1563 1250 1617 vincimini
1286 1580 1300 1616 :
1337 1579 1459 1618 nam
1504 1565 1547 1620 si
1585 1566 1781 1621 iterum
1827 1566 1994 1622 fortes

404 1650 568 1713 .sitis,
594 1651 788 1705 iterum
816 1653 1102 1707 vincemini
1132 1669 1146 1705 :
1201 1665 1255 1709 et
1289 1658 1333 1709 si
1369 1656 1657 1711 consilium
1686 1658 1904 1722 ineatis,
1940 1658 1991 1713 id

429 1741 710 1813 dissipabit
757 1743 1013 1798 Dominus
1061 1763 1077 1800 :

404 1848 533 1889 .non
563 1835 799 1890 manebit
830 1836 881 1889 in
913 1836 1083 1901 vobis,
1114 1837 1237 1907 quia
1269 1838 1549 1894 nobiscum
1582 1839 1743 1897 Deus.
1774 1862 1793 1894 ι
1816 1842 1986 1910 Quem

380 1995 385 2004 _
426 1942 555 1982 vero
592 1929 967 1998 cognoscetis?
1008 1929 1184 1998 Ipsum
1229 1929 1635 1987 Emmanuelem
1672 1950 1688 1990 :
1720 1949 1844 1988 nam
1894 1950 1988 2005 po-

424 2019 584 2090 pnlus
610 2034 676 2074 ex
714 2021 1130 2076 circumcisione
1168 2036 1343 2092 neque
1373 2024 1629 2093 cognovit
1668 2025 1862 2094 ipsum,
1895 2040 1987 2079 ne-

424 2125 528 2179 que
578 2110 875 2175 intellexit,
925 2125 1096 2177 neque
1150 2113 1447 2181 prophetiae
1495 2113 1718 2168 credere
1770 2114 1983 2168 voluit:

427 2204 522 2255 sed
554 2216 650 2255 nec
693 2202 860 2256 victus
890 2212 993 2263 est,
1022 2216 1121 2254 nec
1149 2211 1417 2271 praecepto
1462 2218 1521 2256 se
1568 2204 1829 2257 subdidit.
1880 2203 1987 2259 Vos

424 2302 603 2346 autem
629 2300 833 2362 gentes,
876 2293 1125 2345 notitiam
1164 2292 1299 2361 ejus,
1341 2294 1429 2361 qni
1469 2294 1519 2346 in
1560 2294 1842 2362 prophetia
1880 2294 1988 2348 fer-

421 2390 533 2444 tur,
572 2382 829 2451 accipite,
857 2390 1019 2451 atque
1060 2382 1174 2438 haec
1220 2383 1599 2453 intelligentes,
1644 2385 1807 2439 nolite
1847 2386 1989 2439 relu-

421 2477 592 2537 οισι-ῖς
643 2474 737 2529 sed
790 2474 1065 2528 vincimini
1110 2476 1371 2544 superati.
1415 2475 1610 2530 Audite
1662 2488 1985 2546 prmceptum

408 2583 519 2622 vos
554 2580 763 2631 omnes,
812 2566 901 2635 qui
947 2581 1117 2636 usque
1148 2567 1213 2620 ad
1246 2576 1546 2622 extremum
1581 2578 1737 2624 terrm
1776 2569 1989 2624 habita-

423 2660 492 2716 tis
523 2674 623 2714 :ac
647 2659 691 2714 si
721 2658 811 2727 qui
841 2658 893 2712 in
923 2658 1072 2713 vobis
1102 2658 1270 2714 fortes
1296 2674 1362 2713 ac
1400 2666 1669 2727 potentes,
1702 2660 1868 2715 verbo
1900 2676 1990 2715 ce-

409 2752 536 2807 dite
567 2750 696 2804 victi
730 2757 784 2804 et
816 2750 1087 2818 superati;
1143 2748 1305 2819 idque
1333 2750 1591 2805 alacriter
1637 2752 1801 2821 agite,
1836 2752 1987 2821 gnari

424 2842 844 2908 etsiluolueritis,
880 2840 963 2895 vel
995 2840 1194 2896 invitos
1220 2842 1549 2910 superandos
1761 2843 1912 2909 Quod
1946 2846 1990 2899 si

425 2934 773 2989 Deiconsilio
797 2943 1174 3003 repugnantes,
1214 2937 1491 2989 machinas
1523 2936 1779 3005 quasdam
1809 2946 1861 2991 et
1910 2937 1993 2991 in-

407 3027 591 3080 sidias
618 3023 924 3079 struxeritis
944 3033 1132 3079 contra
1163 3025 1382 3077 verbum
1406 3038 1436 3077 a
1467 3039 1573 3093 quo
1600 3026 1861 3079 vocamini
1885 3042 1899 3091 ;
1934 3035 1994 3079 ut

422 3116 606 3171 inania
642 3115 878 3184 aggressi
901 3114 1218 3184 arguemiui.
1248 3111 1371 3168 Haec
1411 3112 1569 3184 porro
1591 3114 1839 3180 dicimus,
1865 3116 1989 3186 quia

425 3207 703 3261 nobiscum
736 3205 1071 3258 Emmanuel.

495 3296 660 3350 Vens.
690 3296 777 3349 ll.
817 3313 835 3346 ι
872 3294 969 3350 Sic
999 3296 1131 3349 dicit
1162 3293 1418 3349 Dominus
1450 3294 1628 3349 manui
1664 3293 1788 3350 forti
1823 3312 1836 3348 :
1876 3294 1990 3351 Non

422 3391 795 3460 obsequuntur
820 3388 1055 3442 incessni
1095 3388 1146 3441 in
1189 3387 1269 3440 via
1304 3386 1479 3455 populi
1515 3387 1692 3456 hujus.
1733 3406 1752 3439 ι
1776 3387 1994 3442 Transit

416 3498 551 3553 ergo
585 3484 651 3536 ad
678 3480 954 3536 Iudaicum
984 3480 1271 3550 populum,
1311 3480 1591 3549 ipsumque
1629 3492 1687 3535 ut
1712 3480 1833 3535 forti
1879 3496 1994 3535 ma-

421 3575 515 3629 nui
548 3574 949 3644 immorigerum
976 3573 1239 3642 coarguit.
1276 3570 1408 3625 Nam
1437 3572 1504 3627 ab
1535 3572 1618 3627 illa
1648 3574 1840 3638 vocati,
1868 3588 1990 3628 cum

424 3664 646 3736 obsequi
680 3664 1026 3735 oportuisset,
1060 3663 1134 3716 illi
1168 3671 1355 3717 contra
1405 3678 1511 3716 non
1546 3662 1993 3733 obtemperabant

422 3773 488 3812 ac
518 3756 979 3814 contradiccbant.
1024 3752 1101 3809 Ne
1140 3755 1352 3817 dicatis,
1402 3754 1595 3822 inquit,
1648 3755 1837 3808 durum
1874 3768 1991 3809 esse

425 3862 749 3925 8ermonem,
800 3846 943 3915 quod
989 3853 1232 3913 oporteat
1275 3843 1568 3898 abscedere
1613 3859 1643 3897 a
1695 3845 1778 3897 via
1812 3844 1988 3913 populi

426 3941 622 4009 hujus:
658 3954 784 3991 nam
814 3937 900 3991 hic
926 3935 1137 4005 quidem
1168 3934 1390 4005 populus
1426 3936 1615 3988 durum
1663 3933 1810 3987 illum
1839 3935 1989 3988 testi-

426 4043 574 4099 mat;
603 4046 698 4086 vos
742 4045 871 4084 vero
906 4029 1003 4100 qui
1039 4029 1374 4083 abscessistis
1423 4046 1451 4080 a
1488 4028 1571 4081 via
1603 4028 1779 4097 populi
1811 4026 1986 4093 hujus,

426 4141 495 4179 ne
525 4122 718 4177 dicatis
747 4122 888 4175 hunc
920 4134 1039 4174 esse
1070 4119 1263 4174 durum
1295 4135 1309 4171 :
1350 4118 1491 4187 quod
1523 4118 1565 4173 si
1603 4117 1638 4171 ii
1670 4133 1735 4171 ex
1768 4117 1869 4171 isto
1897 4131 1990 4183 po-

426 4215 552 4286 pulo
595 4214 683 4282 qui
723 4210 985 4266 increduli
1027 4220 1178 4274 sunt,
1212 4210 1434 4264 insidias
1479 4207 1629 4264 vobis
1670 4211 1985 4272 struxerint,

426 4313 609 4375 utpote
651 4302 743 4374 qui
778 4300 1101 4366 defeceritis,
1150 4313 1204 4356 at
1255 4316 1350 4354 vos
1400 4301 1643 4355 timorem
1692 4314 1875 4355 eorum
1924 4314 1988 4353 ne

429 4397 683 4459 timeatis,
719 4409 816 4450 nec
853 4394 921 4448 ab
951 4392 1052 4447 illis
1077 4391 1213 4461 pulsi
1234 4391 1629 4447 contui-betnini
1662 4406 1677 4442 :
1710 4389 1987 4457 solumque
2024 4430 2064 4482 ι)

431 4492 711 4546 Dominum
742 4490 996 4542 virtutum
1026 4492 1209 4539 sancte
1252 4484 1509 4547 colentes,
1537 4498 1655 4537 eum
1691 4482 1984 4537 timemlum

427 4586 580 4639 vobis
628 4581 881 4636 ascribite
940 4594 954 4631 :
998 4593 1121 4632 nam
1175 4596 1193 4628 ι
1241 4577 1451 4630 initium
1505 4574 1780 4644 sapientia:
1829 4575 1990 4628 timur

429 4678 636 4733 Dutnini
667 4676 742 4740 ⁵³,
783 4693 801 4726 ι
835 4688 931 4742 per
961 4688 1117 4741 quem
1167 4670 1442 4724 hominum
1468 4677 1644 4723 metus
1673 4669 1847 4723 omnis
1893 4669 1991 4721 eli-

430 4769 681 4823 minatur.

496 4860 661 4915 Vttus.
697 4857 780 4913 12,
817 4877 836 4911 ‹
881 4855 1163 4912 Dominum
1195 4854 1366 4924 ipsum
1401 4851 1755 4913 sanctilicate,
1801 4859 1855 4905 et
1878 4849 1993 4918 Ipse

425 4948 530 5003 erit
577 4949 737 5000 timor
787 4954 908 4999 tuus
947 4959 961 4995 :
1011 4952 1066 4998 et
1116 4944 1159 4997 si
1198 4943 1251 4996 in
1287 4943 1400 5012 ipso
1433 4940 1694 5004 confidas,
1743 4940 1847 4995 erit
1897 4940 1989 4994 tibi

427 5040 806 5094 sanctificatio.
845 5056 864 5089 ι
895 5036 950 5091 Si
986 5050 1135 5106 ergo,
1184 5035 1278 5098 ait,
1324 5034 1376 5088 in
1436 5034 1552 5103 ipso
1587 5032 1852 5098 confidas,
1889 5033 1992 5085 erit

429 5133 525 5188 tibi
555 5134 606 5185 in
658 5131 1164 5195 sanctificationem,
1197 5131 1265 5182 ita
1312 5138 1370 5182 ut
1401 5141 1663 5197 corporeo
1693 5128 1989 5181 sanctificio

431 5241 535 5281 non
571 5224 707 5279 ultra
735 5242 914 5297 egeas.
947 5225 1317 5281 Sanctificium
1352 5233 1530 5279 autem
1565 5224 1705 5293 apud
1736 5222 1988 5280 Hebraeos

426 5317 717 5372 vocabatur
755 5319 1006 5388 templum
1037 5317 1162 5371 olim
1191 5317 1332 5384 apud
1360 5316 1479 5370 illos
1509 5315 1828 5377 consistens,
1847 5313 1988 5381 ejus-

424 5421 530 5478 que
560 5408 833 5462 interiora.
869 5408 985 5464 Tibi
1015 5412 1194 5480 itaque
1228 5409 1293 5465 ab
1320 5407 1429 5463 illis
1454 5408 1626 5479 pulso,
1660 5405 1751 5461 sed
1796 5407 1847 5460 in
1881 5406 1986 5461 Do-

426 5500 570 5557 mino
602 5499 914 5562 confidenti,
963 5502 1316 5557 sanctificium
1346 5501 1471 5559 erit.
1517 5516 1621 5556 non
1657 5513 1977 5569 corporeum

495 5700 540 5733 ⁸³
569 5699 705 5755 Psal.
737 5714 826 5762 cx,
864 5698 949 5753 l0.

2099 465 2271 520 ταῦτα
2301 465 2400 535 τῆς
2455 465 2581 537 περὶ
2608 465 2701 518 τοῦ
2748 464 3092 536 Ἐμμανουήλ
3129 463 3308 534 ἔχεται
3336 461 3636 525 ὑποθέσεως
3656 478 3669 491 ο

2098 559 2323 629 ἄρχεται
2348 558 2476 627 γοῦν
2510 558 2617 611 ἀπὸ
2647 557 2738 611 τοῦ
2782 556 3144 629 Ἐμμανουὴλ,
3178 558 3315 628 ὅπερ
3343 557 3480 619 ἐστὶ,
3520 575 3537 606 ι
3561 555 3673 625 μεθ’

2098 649 2253 719 ἡμῶν
2273 652 2301 703 6
2333 649 2463 712 Θεός
2486 666 2499 677 ·
2522 649 2694 718 γνῶτε
2727 649 2854 719 ἔθνη
2872 667 2885 680 ⁸
2914 668 2930 699 ι
2965 649 3058 701 καί
3082 644 3234 710 αὖθις
3258 647 3393 718 πρὸς
3425 647 3503 717 τῷ
3538 645 3676 699 τέλει

2095 741 2174 809 τῷ
2200 739 2452 808 λέγεσθαι
2474 756 2488 771 ο
2529 758 2548 790 ι
2573 741 2681 793 Καὶ
2702 740 2857 807 λόγον
2877 740 2934 792 ὃν
2960 740 3036 794 ἂν
3070 739 3357 811 λαλήσητε,
3389 739 3447 791 οὑ
3480 740 3553 809 μὴ
3580 740 3678 807 ὲμ-

2100 832 2254 903 μείνῃ
2288 834 2345 884 ἐν
2376 833 2524 902 ὑμῖν,
2560 833 2642 885 δτι
2693 833 2811 902 μεθ’
2834 831 2989 903 ἡμῶν
3020 835 3048 885 6
3084 832 3243 895 Θεός·
3269 852 3286 883 ι
3332 830 3676 902 Ἐμμανουήλ

2097 920 2255 973 πάλιν
2276 921 2507 992 εἴρηται.
2545 921 2831 989 Διελέγξας
2851 922 3027 975 τοίνυν
3065 922 3093 973 6
3118 922 3401 992 προφήτης
3430 922 3557 983 τοὺς
3583 920 3676 989 δη-

2095 1010 2384 1078 λωθέντας,
2428 1014 2509 1066 δτι
2552 1012 2624 1083 μὴ
2660 1011 3046 1084 ἐϐουλήθησαν,
3079 1012 3533 1083 ἐπικαλεσάμενοι
3582 1013 3675 1064 τὸν

2109 1105 2469 1177 Ἐμμανουήλ,
2506 1106 2787 1175 κρείττους
2826 1105 3073 1173 γενέσθαι
3117 1105 3223 1157 τῶν
3256 1105 3546 1175 πολεμίων,
3580 1104 3678 1157 αὺ-

2094 1196 2185 1258 τδς
2217 1182 2551 1250 ἐπικαλεῖται
2582 1198 2673 1251 τὸν
2710 1198 3051 1269 Ἐμμανουήλ
3103 1198 3163 1262 ἐξ
3215 1196 3341 1249 ίδίου
3381 1194 3672 1267 προσώπου

2096 1286 2188 1339 καὶ
2209 1285 2318 1338 τῶν
2344 1286 2490 1357 αὑτῷ
2517 1288 2931 1359 παραπλησίων,
2966 1288 3137 1355 λέγων
3153 1303 3167 1318 ⁸

2172 1398 2193 1428 ‹
2214 1377 2348 1430 Μεθ’
2383 1377 2537 1449 ήμῶν
2566 1381 2593 1431 6
2636 1378 2787 1442 Θεός.
2818 1379 2993 1433 Γνῶτε
3022 1368 3149 1449 ἔθνη
3183 1379 3276 1432 καὶ
3300 1376 3549 1449 ἡττᾶσθε,
3580 1376 3677 1430 καὶ

2095 1470 2433 1522 ἐπακούσατε
2466 1471 2568 1534 ἕως
2602 1472 2829 1542 ἐσχάτου
2844 1476 2943 1541 τῆς
2971 1473 3091 1541 γῆς,
3117 1470 3393 1541 ίσχυκύτες
3418 1470 3669 1540 ἡττᾶσθε,

2095 1557 2189 1611 ἐὰν
2219 1558 2328 1629 γὰρ
2348 1559 2507 1612 πάλιν
2545 1561 2818 1632 ίσχύσητε,
2855 1562 3014 1615 πάλιν
3042 1559 3410 1631 ἡττηθήσεσθε
3431 1576 3444 1589 ο
3482 1559 3573 1611 καὶ
3606 1558 3674 1628 ἣν

2095 1650 2161 1703 ἂν
2190 1649 2545 1720 βουλεύσησθε
2580 1652 2790 1723 βουλὴν,
2821 1653 3159 1706 διασκεδάσει
3194 1651 3429 1722 Κύριος·
3460 1652 3552 1703 καὶ
3582 1650 3671 1702 λό-

1130 1753 1182 1799 et
1240 1750 1459 1801 verbum
1509 1749 1649 1818 quod
1697 1748 1987 1818 loquemini

2093 1757 2185 1807 γον
2217 1740 2273 1792 ὃν
2296 1740 2390 1794 ἐὰν
2421 1742 2711 1813 λαλήσητε,
2738 1744 2799 1796 οὑ
2831 1743 2904 1813 μὴ
2932 1742 3164 1813 ὲμμείνῃ
3190 1744 3246 1794 ἐν
3269 1743 3416 1811 ὑμῖν,
3447 1741 3528 1793 ὅτι
3555 1738 3671 1809 μεθ’

2070 1832 2248 1903 ήμῶν
2280 1834 2308 1885 6
2353 1832 2505 1897 Θεὸς.
2537 1852 2555 1885 ι
2600 1833 2733 1888 Τίνα
2779 1834 2836 1887 δὲ
2878 1834 3089 1903 γνῶτε;
3125 1834 3294 1886 Αὑτὸν
3332 1832 3422 1886 τὸν
3460 1832 3671 1901 Ἐμμα-

2092 1924 2282 1996 νουήλ’
2314 1926 2342 1977 6
2374 1925 2481 1997 γὰρ
2533 1926 2597 1979 ἐκ
2643 1926 2941 1997 περιτομῆς
2994 1925 3120 1989 λαὸς
3146 1924 3267 1979 οὔτε
3305 1924 3445 1993 ἔγνω
3490 1921 3670 1983 αὑτὸν,

2092 2015 2213 2069 θὺτε
2264 2016 2515 2087 συνῆκεν,
2550 2016 2673 2070 οὔτε
2706 2017 2991 2071 πιστεῦσαι
3029 2016 3300 2088 ἠϐουλήθη
3354 2020 3420 2088 τῇ
3462 2034 3674 2089 προφηιο

2087 2108 2240 2179 τείᾳ·
2263 2107 2377 2161 ἀλλ’
2415 2109 2535 2161 οὐδὲ
2567 2108 2771 2179 ἡττήθη
2800 2109 2919 2160 οὑδὲ
2949 2110 3191 2178 ὑπετάγη
3213 2109 3291 2179 τῷ
3320 2112 3675 2183 προστάγμα-

2092 2215 2163 2250 τι.
2203 2198 2389 2267 Ὑμεῖς
2419 2198 2476 2251 δὲ
2527 2199 2590 2251 τὰ
2614 2198 2762 2269 ἔθνη,
2788 2198 2985 2267 γνῶσιν
3008 2200 3300 2253 ἀναλάϐετε
3331 2201 3424 2253 τοῦ
3458 2218 3670 2272 προφη-

2091 2290 2402 2361 τευομένου,
2435 2290 2527 2342 καὶ
2580 2290 2824 2353 συνέντες
2857 2290 3015 2356 αὑτὰ,
3050 2292 3124 2361 μὴ
3160 2291 3389 2361 τολμᾶτε
3421 2292 3667 2345 ἀνθίστα-

2094 2381 2246 2435 σθαι·
2276 2380 2495 2434 νικᾶσθε
2527 2381 2583 2434 δὲ
2622 2380 2935 2453 ἡττώμενοι.
2965 2383 3338 2436 ⁴Επακούσατε
3367 2384 3423 2437 δὲ
3450 2384 3543 2437 καὶ¹
3574 2383 3668 2436 τοῦ

2094 2473 2512 2545 προστάγματος
2562 2475 2718 2544 ὑμεῖς
2776 2474 2970 2537 πάντες
2996 2476 3044 2526 οἱ
3081 2474 3271 2546 μέχρις
3316 2475 3541 2546 ἐσχάτου
3569 2474 3673 2546 τῆς

2093 2564 2196 2635 γῆς
2247 2564 2556 2628 οἰκοῦντεςο
2597 2565 2652 2617 οῖ
2678 2582 2737 2617 τε
2772 2568 2829 2618 ἐν
2874 2566 3000 2636 ὑμῖν
3039 2566 3248 2636 ἰσχυροὶ
3295 2569 3390 2619 καὶ
3433 2567 3666 2630 δυνατοὶ,

2096 2663 2473 2731 παραχωρεῖτε
2494 2660 2572 2731 τῷ
2596 2660 2758 2733 λόγῳ,
2790 2662 3077 2733 νικώμενοι
3107 2663 3199 2717 καὶ
3220 2662 3541 2735 ἡττώμενοι,
3578 2667 3673 2719 καὶ

2094 2749 2251 2803 τοῦτο
2280 2751 2511 2821 πράξετε
2540 2752 2853 2823 προθύμως,
2888 2754 3106 2817 εἰδότες.
3138 2756 3239 2818 ὅτι,
3275 2757 3376 2809 κᾶν
3409 2756 3481 2828 μὴ
3511 2756 3671 2827 θέλη-

2095 2857 2178 2903 τε,
2203 2841 2428 2906 ἄκοντες
2473 2843 2861 2915 ἡττηθήσεσθε,
2892 2846 2954 2899 El
2983 2846 3039 2899 δὲ
3070 2847 3447 2919 ἀνθιστάμενοι
3477 2853 3542 2920 τῇ
3573 2850 3666 2902 τοῦ

2097 2929 2230 2983 Θεοῦ
2257 2930 2524 3003 βουλήσει,
2557 2935 2805 3003 μηχανάς
2832 2953 3004 2999 τινας,
3039 2937 3132 2989 καὶ
3158 2937 3446 3001 ἐπιϐουλὰς
3474 2940 3665 3009 τυρεύο-

2099 3038 2185 3075 ετε
2227 3026 2366 3077 κατὰ
2397 3024 2490 3077 τοῦ
2524 3024 2816 3089 καλοῦντος
2853 3028 2996 3097 ὑμᾶς
3039 3028 3215 3097 λόγου,
3257 3029 3666 3099 ματαιοπονοῦν⁹

2093 3131 2185 3178 τες
2223 3116 2627 3189 ἐλεγχθήσεσθε.
2674 3120 2858 3174 Ταῦτα
2889 3121 2945 3174 δέ
2977 3140 3172 3193 φαμεν,
3207 3125 3328 3176 ἐπεὶ
3360 3123 3479 3193 μεθ’
3512 3123 3664 3195 ήμῶν

2093 3206 2239 3259 ἐστιν
2281 3210 2308 3261 6
2351 3208 2697 3280 Ἐμμανουήλ

2168 3315 2187 3349 t
2212 3297 2366 3351 Οὕτω
2390 3298 2536 3367 λέγει
2564 3301 2765 3371 Κύριος
2790 3304 2851 3371 τῇ
2877 3304 3070 3373 ἰσχυρᾷ
3097 3303 3259 3374 χειρὶ,
3291 3304 3574 3358 ἀπειθοῦσι

2092 3391 2287 3462 πορείᾳ
2322 3392 2420 3460 τῆς
2448 3390 2568 3444 ὀδοῦ
2612 3391 2705 3443 τοῦ
2738 3392 2864 3444 λαοῦ
2915 3392 3121 3445 τούτου
3149 3412 3167 3444 ι
3208 3393 3537 3448 Μεταϐαίνει
3571 3392 3666 3450 οὖν

2091 3482 2181 3534 ἐπὶ
2207 3482 2297 3534 τὸν
2321 3482 2428 3533 τῶν
2466 3482 2730 3535 Ἰουδαίων
2775 3482 2920 3547 λαὸν,
2959 3482 3191 3553 ἐλέγχων
3222 3484 3379 3537 αὑτὸν
3404 3484 3478 3548 ὡς
3507 3486 3665 3538 61:5:-

2092 3572 2286 3625 θοῦντα
2316 3576 2380 3643 τῇ
2416 3574 2609 3644 ἰσχυρᾷ
2636 3573 2775 3645 χειρί
2797 3590 2811 3604 ⁸
2859 3574 3175 3644 καλούμενοι
3208 3576 3315 3647 γὰρ
3351 3577 3440 3629 ὑπ’
3470 3577 3659 3647 αὐτῆς,

2089 3664 2205 3717 δέον
2227 3665 2536 3727 ὑπακούειν,
2562 3667 2610 3717 οί
2645 3665 2700 3718 δὲ
2727 3664 2979 3735 ἠπείθουν
3013 3667 3106 3718 καὶ
3131 3667 3433 3735 ἀντέλεγον.
3469 3668 3560 3738 Μὴ
3591 3668 3665 3720 εῖο

2090 3772 2250 3827 πήτε,
2281 3756 2433 3827 φησι,
2479 3756 2710 3827 σκληρὸν
2759 3752 2897 3809 εἶναι
2947 3756 3037 3808 τὸν
3068 3755 3242 3824 λόγον,
3292 3757 3383 3810 τὸν
3413 3756 3661 3826 περὶτοῦ

2092 3846 2391 3916 ἀποστῆναι
2419 3847 2529 3900 δεῖν
2571 3848 2669 3917 τῆς
2697 3848 2918 3919 πορείας
2948 3847 3041 3901 τοῦ
3080 3848 3208 3901 λαοῦ
3238 3849 3424 3902 τούτου
3445 3867 3457 3879 ·
3488 3851 3516 3902 6
3554 3848 3664 3921 γὰρ

2090 3938 2215 4002 λαὸς
2248 3932 2400 4002 οὗτος
2428 3938 2659 4009 σκληρὸν
2684 3940 2843 3993 αὑτὸν
2884 3939 3090 4010 νομίζει
3115 3957 3128 3970 ·
3163 3941 3315 4011 ὑμεῖς
3343 3940 3418 4004 δὲ,
3452 3943 3499 3993 οἱ
3526 3942 3664 3994 ἀπο-

2093 4031 2313 4092 στάντες
2341 4031 2437 4101 τῆς
2469 4031 2695 4102 πορείας
2721 4032 2813 4085 τοῦ
2836 4030 2965 4085 λαοῦ
2990 4031 3198 4096 τούτου,
3230 4033 3302 4101 μὴ
3333 4031 3525 4103 λέγητε
3550 4031 3664 4085 τοῦ-

2089 4137 2179 4173 τον
2212 4116 2350 4174 εἶναι
2382 4120 2615 4193 σκληρόν
2634 4139 2646 4152 ·
2681 4125 2727 4175 εί
2758 4122 2811 4175 δὲ
2840 4122 3235 4175 ἐπιϐουλεύοιεν
3262 4123 3391 4191 ὑμῖν
3418 4123 3493 4186 ώς
3522 4125 3661 4176 ἀπο-

2092 4215 2300 4281 στᾶσιν,
2332 4215 2380 4267 οἱ
2413 4214 2507 4267 τοῦ
2534 4214 2660 4267 λαοῦ
2688 4214 2848 4266 αὑτοῦ
2869 4214 3105 4277 ἄπιστοι,
3136 4212 3247 4266 ἀλλ’
3268 4214 3422 4283 ὑμεῖς
3446 4215 3534 4267 τὸν
3568 4216 3663 4282 φό-

2091 4302 2183 4357 ϐον
2206 4304 2384 4358 αὑτῶν
2418 4304 2490 4375 μὴ
2522 4303 2812 4373 φοϐηθῆτε,
2832 4304 2963 4374 μηδὲ
2998 4302 3333 4373 ταράσσεσθε
3364 4303 3452 4355 ὑπ’
3487 4304 3661 4356 αὐτῶν

2090 4395 2453 4467 ἐλαυνόμενοι,
2482 4397 2636 4465 μόνον
2663 4395 2717 4446 δὲ
2746 4396 2837 4447 τὸν
2861 4394 3060 4465 Κύριον
3082 4394 3187 4447 τῶν
3214 4394 3490 4464 δυνάμεων
3509 4396 3665 4463 ἁγιά-

2093 4484 2275 4549 ζοντες
2298 4484 2663 4557 ἐπιγράφεσθε
2692 4487 2898 4547 ἑαυτοῖς
2921 4484 3080 4553 φόϐον
3100 4501 3113 4516 ⁸
3153 4505 3170 4536 ιι
3192 4484 3332 4556 ἀρχὴ
3360 4504 3376 4535 ι
3411 4485 3516 4554 γὰρ
3542 4504 3559 4534 ς
3581 4502 3661 4537 σοη

2094 4575 2222 4644 φίας
2252 4574 2412 4644 φόϐος
2442 4575 2645 4645 Κυρίου
2667 4591 2679 4603 ·
2707 4594 2723 4624 ι
2780 4576 2873 4627 καὶ
2905 4573 2993 4627 διὰ
3046 4573 3230 4627 τούτου
3267 4577 3374 4639 πᾶς
3417 4576 3444 4627 6
3478 4574 3537 4636 ἐξ
3565 4575 3659 4626 ἀν-

2094 4667 2326 4738 θρώπων
2358 4666 2715 4720 ἀπελαύνεται
2751 4666 2930 4736 φόϐος.

2174 4867 2192 4899 ι
2213 4849 2414 4919 Κύριον
2444 4849 2605 4902 αὑτὸν
2637 4848 2917 4917 ἁγιάσατε,
2944 4848 3037 4901 καὶ
3070 4847 3230 4911 αὑτὸς
3264 4847 3412 4900 ἔσται
3445 4863 3535 4898 σου
3567 4845 3663 4914 φό-

2100 4941 2191 5004 ϐος
2213 4958 2225 4970 ·
2257 4942 2349 4994 καὶ
2373 4940 2466 4993 ἐὰν
2499 4940 2585 4993 ἐπ’
2616 4940 2760 5010 αὑτῷ
2794 4938 3065 5004 πεποιθὼς
3088 4935 3171 5012 ᾖς,
3212 4940 3362 4992 ἔσται
3390 4956 3468 4991 σοι
3496 4940 3574 5001 εἰς
3600 4940 3662 4991 ἀ·-

2097 5034 2323 5103 γίασμα.
2358 5052 2376 5085 ι
2436 5033 2558 5086 Ἐὰν
2591 5027 2681 5086 οῦν
2715 5033 2799 5085 ἐπ’
2848 5032 3014 5102 αὑτῷ,
3066 5034 3216 5103 φησὶ,
3258 5029 3528 5094 πεποιθὼς
3570 5026 3659 5104 ᾗς,

2090 5126 2249 5189 αὑτὸς
2290 5126 2441 5180 ἔσται
2484 5144 2563 5178 σοι
2604 5127 2684 5189 είς
2708 5126 2955 5196 ἁγίασμα
2984 5126 3056 5190 ώς
3087 5126 3284 5198 μηκέτι
3334 5123 3538 5177 δεῖσθαι
3562 5125 3660 5175 τοῦ

2090 5218 2400 5289 σωματικοῦ
2459 5219 2814 5289 ἁγιάσματος.
2862 5218 3130 5289 Ἀγίασμα
3168 5218 3222 5270 δὲ
3258 5217 3502 5270 ἐκαλεῖτο
3528 5216 3657 5285 παρ’

2099 5311 2368 5381 Ἑϐραίοις
2406 5312 2434 5364 6
2471 5310 2635 5363 πάλαι
2672 5309 2943 5374 συνεστὼς
2993 5311 3115 5379 παρ’
3144 5309 3323 5371 αὑτοῖς
3377 5306 3529 5370 νεὼς,
3565 5307 3660 5359 καὶ

2084 5403 2272 5457 τούτου
2302 5403 2369 5457 τὰ
2391 5402 2674 5458 ἐνδοτάτω.
2722 5405 2913 5458 Ἔσται
2952 5421 3033 5456 σοι
3065 5403 3244 5455 τοίνυν
3267 5400 3344 5471 τῷ
3370 5398 3661 5467 ἐλαυνομέ-

2084 5496 2270 5551 νωύπ’
2301 5498 2541 5566 ἐκείνων,
2579 5498 2855 5553 πεποιθότι
2898 5496 2952 5549 δὲ
2998 5495 3089 5548 ἐπὶ
3119 5492 3339 5563 Κύριον,
3391 5490 3656 5561 ἀγίᾳσμαο
