4036 6214
269 382 378 438 “5

1146 359 1655 430 ’ᾱῦιίιιΕΝΤΑιιιΑ
1694 363 1763 419 IN,
1791 359 2047 418 lSAlAM.
2085 391 2130 402 ν
2188 356 2339 412 ων.
2376 354 2508 411 vut.

3427 358 3524 414 με»
3598 344 3608 355 “

271 469 385 567 οὺί
397 497 427 549 6
460 492 761 565 σωματικδς
802 490 958 555 νεὼς,
984 488 1098 543 ἀλλ’
1132 488 1293 552 αὐτὸς
1324 487 1353 538 6
1387 484 1587 554 Κύριος
1620 480 1858 549 ἁγιάζων

1987 473 2254 543 emplum;
2311 486 2495 525 verum
2546 470 2660 539 ipse
2706 468 2999 536 Dominus,
3030 472 3120 541 qui
3171 479 3223 526 te
3276 484 3549 529 sanctum.

279 606 364 651 σε,
396 587 491 641 ἐὰν
520 583 789 648 πεποιθὼς
826 581 891 656 ᾗς
918 583 1005 635 ἐπ’
1035 581 1214 635 αὐτόν.
1257 578 1350 632 Διὸ
1395 576 1559 648 μηδὲν
1594 570 1857 643 φοϐούμε-

279 698 373 744 νος
400 681 488 733 τὸν
515 678 637 731 ναὸν
662 676 869 739 τοῦτον,
899 672 1168 744 ἀναχὼρει
1193 669 1359 724 αὑτοῦ
1380 686 1393 698 ο
1431 667 1648 720 πίστευε
1681 663 1736 716 δὲ
1766 666 1857 718 καὶ

282 772 471 843 θάρσει
501 769 578 840 τῷ
611 768 687 839 σῷ
711 766 859 837 φόϐῳ
878 781 891 795 ·
932 764 1075 831 ἔξεις
1095 762 1202 832 γὰρ
1222 760 1381 814 αὑτὸν
1410 757 1674 826 ἀγίασμα.
1710 771 1726 802 ι
1747 752 1857 805 Καὶ

285 870 383 939 οὐχ
408 867 480 930 ὡς
516 865 663 918 λίθου
692 861 1078 934 προσκόμματι
1117 851 1508 926 συναντήσεσθε
1542 847 1709 919 αὐτῷ,
1739 845 1857 899 οὐδὲ

286 964 360 1026 ὡς
388 960 587 1030 πέτρας
614 956 920 1027 πτώματος.
951 974 966 1004 ι
1011 953 1169 1023 Ὁρᾷς
1196 951 1341 1011 ὅπως
1361 945 1520 1000 αὐτὸν
1539 942 1628 997 τὸν
1656 940 1857 1011 Κύριον

286 1054 427 1107 λίθον
454 1051 879 1123 προσκόμματος
908 1047 998 1100 καὶ
1026 1045 1229 1115 πέτραν
1258 1038 1552 1095 σκανδάλου
1576 1034 1855 1106 ὀνομάζει;

287 1146 377 1199 καὶ
408 1141 645 1196 τοιοῦτον
680 1141 779 1212 μὲν
807 1138 1021 1192 ἔσεσθαι
1055 1136 1214 1189 αὐτόν
1250 1151 1379 1204 φησι
1400 1135 1509 1196 τοῖς
1532 1126 1859 1199 καθημένοις

285 1239 341 1289 ἐν
384 1231 759 1305 Ἰερουσαλὴμ,
798 1230 891 1284 καὶ
948 1232 1060 1291 τοῖς
1080 1228 1229 1281 δυσὶν
1266 1227 1435 1289 οἴκοις
1466 1223 1679 1295 Ἰσραήλ
1700 1240 1712 1253 ο
1746 1225 1858 1285 τοῖς

285 1328 340 1380 δὲ
373 1328 453 1389 είς
477 1326 636 1379 αὐτὸν
664 1321 1078 1377 πεπιστευκόσιν
1101 1320 1346 1389 ἁγίασμα
1372 1314 1855 1369 ἔσεσθαιδιδάσκει.

288 1418 410 1481 Πῶς
432 1414 524 1470 οὖν
546 1415 762 1484 ἐγένετο
785 1412 929 1475 λίθος
951 1410 1368 1484 προσκόμματος
1393 1408 1485 1460 καὶ
1508 1405 1684 1478 πέτρα
1708 1422 1861 1457 σκαν-

286 1510 446 1564 δάλου
470 1510 582 1570 τοῖς
610 1506 918 1578 εἰρημένοις
962 1501 1302 1573 Ἐμμανουήλ
1327 1517 1342 1565 ;
1370 1498 1458 1552 διὰ
1490 1498 1586 1568 τῆς
1619 1498 1681 1549 ἐκ
1717 1496 1862 1566 Παρ-

290 1601 444 1653 θένου
475 1600 740 1670 κυήσεως.
775 1596 931 1650 Ὅθεν
976 1596 1069 1648 καὶ
1098 1596 1126 1647 6
1158 1593 1297 1655 θεῖος
1332 1588 1651 1652 Ἀπόστολος
1692 1587 1862 1642 ταῦτα

290 1692 554 1746 διδάσκων
577 1691 778 1759 ἔλεγεν,
817 1708 834 1739 ι
859 1687 1129 1750 Ἰουδαίοις
1163 1686 1257 1756 μὲν
1288 1684 1601 1744 σκάνδαλον,
1640 1681 1862 1751 Ἕλλησι

293 1782 351 1834 δὲ
380 1782 577 1852 μωρία.
610 1802 627 1832 ι
685 1783 747 1833 Οἱ
778 1778 954 1832 τοίνυν
1000 1776 1350 1839 ἀπειθοῦντες
1381 1777 1445 1845 τῇ
1481 1774 1675 1845 ἰσχυρᾷ
1721 1772 1863 1841 χειρὶ

1963 565 2139 627 elﬁcit,
2206 562 2247 617 si
2302 571 2479 616 tamen
2523 560 2597 615 illi
2628 560 2890 616 conﬁdas.
2949 560 3073 617 ldeo
3117 561 3221 618 hoc
3271 564 3531 633 templum.

1965 657 2097 712 nihil
2143 634 2561 726 pertimescens:
2593 653 2821 708 abscede
2854 655 2921 710 ab
2969 654 3108 733 illo:
3154 656 3345 722 crede,
3394 663 3449 710 et
3474 656 3545 733 in.
3601 648 3611 659 ’

1965 749 2157 803 timore
2190 757 2279 802 tuo
2314 746 2523 801 conﬁde
2569 762 2583 798 :
2628 746 2802 815 ipsum
2847 730 3047 816 quippe
3084 745 3138 800 in
3170 746 3527 801 sanctiﬁcium

1965 839 2209 894 habebis.
2251 857 2271 891 ι
2309 837 2493 906 Neque
2520 839 2585 892 ad
2615 853 2737 891 eum
2770 837 2924 907 quasi
2956 837 3021 891 ad
3054 846 3259 906 petram
3291 836 3527 892 scandali

1964 934 2263 998 accedetis,
2319 949 2489 1005 neque
2513 931 2664 1003 quasi
2690 932 2758 985 ad
2804 941 3010 1000 petram
3036 932 3225 985 ruinae.
3264 950 3283 983 ι
3320 928 3526 994 Viden‘,

1963 1029 2229 1098 quomodo
2260 1030 2431 1097 ipsum
2468 1026 2749 1081 Dominum
2788 1024 3018 1093 lapidem
3068 1025 3307 1085 scandali
3350 1034 3403 1076 et
3434 1039 3528 1091 pe-

1967 1130 2104 1175 tram
2133 1119 2375 1174 scandali
2421 1117 2731 1187 nuncupet?
2775 1117 2939 1186 Atqui
2992 1116 3145 1171 illum
3187 1116 3350 1172 talem
3387 1117 3531 1170 futu-'

1968 1230 2083 1267 rum
2115 1214 2437 1281 praenuntiat
2471 1213 2555 1277 iis,
2589 1211 2680 1281 qui
2716 1210 2767 1264 in
2797 1208 3119 1279 Jerusalem,
3162 1220 3217 1265 et
3244 1211 3294 1265 in
3326 1209 3532 1265 duabus

1967 1305 2181 1360 Israelis
2219 1305 2471 1359 domibus
2527 1290 2855 1371 considunt;
2904 1312 2959 1356 at
3006 1314 3198 1359 contra
3235 1304 3288 1357 in
3333 1317 3391 1358 se
3422 1318 3535 1358 cre-

1968 1399 2219 1454 dentibus
2252 1396 2607 1452 sanctiﬁciutn
2660 1395 2773 1450 fore
2820 1396 2995 1451 docet.
3043 1394 3324 1462 Quomodo
3369 1396 3533 1465 igitur

1969 1488 2285 1544 Emmanuel
2315 1487 2403 1542 ille
2434 1486 2751 1541 memoratis
2794 1485 3111 1541 hominibus
3144 1485 3319 1541 factus
3345 1496 3429 1542 est
3462 1488 3537 1540 la-

1969 1583 2049 1651 pis
2073 1581 2313 1637 scandali
2342 1591 2396 1635 et
2419 1591 2572 1650 petra
2608 1578 2843 1632 scandali
2868 1579 2891 1633 ?
2916 1595 3012 1648 per
3041 1579 3277 1650 Virginis
3301 1592 3534 1650 partum.

1969 1673 2150 1742 Quare
2186 1672 2399 1728 divinus
2426 1671 2716 1743 Apostolus
2754 1670 2872 1725 lucc
2906 1671 3111 1728 docens
3146 1672 3345 1737 aiebat,
3399 1691 3418 1723 ‹
3446 1670 3540 1727 Ju-

1972 1768 2100 1822 daeis
2155 1767 2376 1838 quidem
2424 1766 2764 1831 scandalum,
2826 1765 3081 1835 gentibus
3127 1777 3309 1822 autem
3362 1767 3541 1822 εῑυιιί-

298 1875 503 1945 Κυρίου
530 1873 682 1944 ἔσχον
713 1872 870 1926 αὐτὸν
907 1871 1053 1923 λίθον
1087 1869 1510 1942 προσκόμματος
1540 1866 1632 1919 καὶ
1662 1865 1865 1936 πέτραν

1981 1861 2044 1913 lia
2081 1859 2146 1913 ⁸⁸.
2181 1878 2199 1911 ι
2243 1858 2342 1925 Qui
2390 1873 2516 1928 ergo
2550 1857 2675 1913 forti
2727 1861 2909 1915 manui
2954 1860 3164 1926 Domini
3208 1860 3538 1929 imniorigeri

298 1968 576 2031 πτώσεως,
615 1969 686 2039 μὴ
721 1968 846 2020 ὄντα
876 1969 939 2037 τῇ
992 1964 1150 2033 φύσει
1183 1962 1418 2016 τοιοῦτον
1441 1978 1453 1990 ·
1486 1963 1597 2024 τοῖς
1624 1960 1731 2030 γὰρ
1778 1976 1865 2011 πι-

303 2059 581 2112 στεύουσιν
611 2061 686 2122 είς
718 2058 873 2111 αὑτὸν
898 2057 1142 2125 ἀγίασμα
1174 2055 1450 2123 τυγχάνει.
1496 2052 1653 2114 Τίνες
1678 2050 1767 2116 ae;
1804 2053 1863 2102 Oi

301 2147 457 2213 οἶκοι,
500 2146 668 2213 εἶπεν,
711 2146 920 2210 Ἰακὼϐ,
948 2146 1042 2200 καὶ
1069 2145 1189 2214 ούχὶ
1220 2146 1247 2196 6
1275 2141 1439 2205 οἶκος.
1474 2141 1576 2194 Δύο
1594 2142 1699 2213 γὰρ
1730 2136 1865 2211 ἦσαν

298 2237 434 2296 οἶκοι
474 2240 705 2312 Ἰσραὴλ,
753 2235 833 2302 εἷς
863 2240 959 2309 μὲν
988 2240 1015 2291 6
1053 2236 1160 2290 τῶν
1190 2238 1248 2288 ὲν
1272 2237 1453 2298 αὐτοῖς
1486 2233 1779 2306 ἀρχόντων,
1813 2231 1867 2283 ἓ-

294 2353 450 2405 τερος
472 2335 528 2388 δὲ
574 2337 602 2388 ό
636 2334 743 2387 τῶν
778 2333 1113 2404 ἀρχομένων.
1140 2331 1360 2392 Τούτοις
1393 2329 1449 2380 δὲ
1472 2330 1583 2391 τοῖς
1617 2326 1766 2407 δυσὶν
1794 2324 1869 2378 οἴ-

295 2446 430 2491 κοις,
456 2427 653 2499 δηλαδὴ
678 2426 888 2498 ἀθρόως
912 2424 987 2495 τῷ
1008 2423 1112 2495 ὅλῳ
1142 2422 1283 2475 ἔθνει
1309 2420 1531 2493 ἄρχουσί
1565 2437 1623 2473 τε
1657 2414 1757 2473 καῖ
1780 2418 1871 2490 ἀρ-

296 2521 565 2592 χομένοις,
612 2520 699 2572 τὸν
754 2519 957 2589 Κύριον
989 2520 1067 2581 εἰς
1113 2516 1316 2585 παγίδα
1349 2515 1444 2568 καὶ
1471 2516 1549 2578 εἰς
1581 2511 1869 2566 σκάνδαλον

295 2613 510 2667 ἔσεσθαί
539 2630 723 2685 φησιν.

370 2819 390 2851 ι
416 2800 548 2852 Τότε
576 2798 796 2869 φανεροὶ
825 2796 1036 2850 ἔσονται
1062 2797 1111 2848 οἱ
1143 2795 1561 2867 σφραγιζόμενοι
1597 2794 1687 2847 τὸν
1711 2794 1871 2864 νόμον

295 2891 393 2945 τοῦ
433 2892 507 2963 μὴ
540 2890 747 2962 μαθεῖν.
780 2911 797 2942 ι
830 2892 892 2944 Οἱ
914 2891 1021 2962 γὰρ
1058 2889 1118 2942 τὸ
1143 2887 1469 2957 Εύαγγέλιον
1499 2886 1874 2958 παραδεξάμε-

299 2997 403 3043 νοι,
429 2980 521 3032 καὶ
556 2980 651 3051 ζῇν
680 2979 1042 3049 δεδιδαγμένοι
1066 2979 1204 3032 κατὰ
1236 2979 1332 3049 τὴν
1358 2979 1549 3048 καινὴν
1580 2977 1870 3050 Διαθήκην,

301 3072 497 3144 ὥσπερ
526 3072 791 3143 σφραγῖδα
814 3072 1086 3136 ἐπιθέντες
1107 3071 1183 3143 τῷ
1213 3072 1380 3143 νόμῳ,
1408 3070 1749 3124 ἀποτίθενται
1779 3072 1876 3124 αὺ-

302 3163 419 3227 τὸν,
448 3163 544 3217 ἆτε
569 3163 747 3215 ούκέτι
773 3163 896 3215 ὅντα
922 3164 1184 3235 χρήσιμον
1218 3162 1303 3216 διὰ
1326 3162 1421 3234 τὴν
1449 3162 1541 3216 τοῦ
1571 3163 1874 3233 κρείττονος

216 3278 219 3283 ·
303 3255 607 3327 παράθεσιν
627 3271 641 3285 ’
672 3257 718 3308 οἱ
748 3255 915 3320 αὐτοὶ,
945 3255 1183 3326 δηλονότι
1206 3257 1251 3308 οἱ
1278 3254 1337 3307 τὸ
1368 3255 1690 3324 Εύαγγέλιον
1707 3272 1882 3326 παρα-

303 3347 605 3417 δεξάμενοι,
636 3346 732 3418 τὴν
772 3346 860 3400 διὰ
908 3346 1140 3418 Χριστοῦ
1190 3348 1573 3419 περιμένοντες
1621 3349 1798 3420 χάριν,
1829 3352 1883 3400 ὲ-

310 3428 481 3509 ροῦσι·

381 3549 400 3580 ‹
426 3529 589 3584 Μενῶ
611 3531 813 3603 Κύριον
833 3532 924 3585 τὸν
952 3531 1365 3603 ἀποστρέψαντα
1393 3532 1453 3585 τὸ
1474 3532 1764 3606 πρόσωπον
1795 3533 1883 3587 αὖ·

304 3621 399 3675 τοῦ
445 3623 552 3676 ἀπὸ
594 3623 688 3677 τοῦ
717 3623 868 3678 οἴκου
909 3623 1125 3692 Ἰακὼϐ,
1155 3625 1246 3678 καὶ
1279 3623 1550 3688 πεποιθὼς
1576 3625 1769 3696 ἔσομαι
1796 3626 1882 3678 ὲπ⁴

310 3712 479 3782 αὐτῷ.
508 3732 525 3765 ι

388 3823 405 3854 ι
430 3804 559 3857 Ἰδοὺ
593 3804 700 3873 ἐγὼ
726 3806 819 3859 καὶ
860 3807 928 3859 τὰ
959 3807 1165 3868 παιδία,
1199 3808 1234 3861 ἃ.
1266 3826 1353 3879 μοι
1382 3808 1578 3861 ἔδωκεν
1617 3809 1645 3861 6
1683 3810 1831 3873 Θεὸς.
1859 3828 1877 3861 ι

311 3894 396 3948 Τὰ
421 3895 516 3965 μὲν
545 3892 634 3949 οὖν
675 3897 937 3951 Ἰουδαϊκὰ
968 3898 1152 3951 παιδία
1189 3898 1473 3969 σωματικὰ
1495 3897 1553 3963 ἐξ
1578 3898 1767 3969 ἀνδρὸς
1792 3899 1885 3971 καὶ

312 3986 601 4055 γυναικόςο
626 3986 693 4040 τὰ
719 3987 774 4040 δὲ
798 3988 935 4041 αὐτὰ
980 3988 1071 4041 τοῦ
1104 3988 1272 4041 ταῦτα
1314 3987 1739 4058 χρηματίζοντος
1775 3990 1885 4042 Κυ-

313 4076 430 4147 ρίου
467 4097 484 4128 ‹
508 4078 607 4130 οὐκ
629 4078 687 4143 ἐξ
717 4079 943 4148 αἵματος
962 4079 1080 4132 οὐδὲ
1111 4082 1174 4133 ὲκ
1196 4079 1494 4149 θελήματος
1520 4082 1736 4152 σαρκὸς,
1772 4080 1884 4134 ἀλλ’

308 4169 376 4221 ἐκ
400 4168 536 4221 Θεοῦ
568 4171 951 4241 ἐγεννήθησαν,
979 4191 995 4222 ι
1026 4170 1119 4224 τοῦ
1148 4173 1358 4244 Πατρὸς
1390 4172 1612 4225 τοιαῦτα
1636 4173 1780 4242 αύτῷ
1802 4173 1885 4226 δε·

308 4259 455 4331 δωρη
465 4260 624 4330 μένου
652 4262 813 4314 τέκνα
833 4280 846 4292 ³
883 4263 1075 4334 μηκέτι
1095 4263 1171 4333 τῷ
1192 4263 1277 4316 διὰ
1305 4265 1579 4329 Μωῦσέως
1600 4265 1887 4338 προσέχον-

312 4368 379 4404 τα
405 4351 574 4423 νόμῳ,
622 4352 735 4405 ἀλλ’
764 4353 936 4406 είδότα
969 4354 1278 4426 περιμένειν
1311 4356 1399 4409 τὸν
1431 4356 1632 4427 Κύριον
1662 4357 1755 4410 καὶ
1810 4359 1889 4421 εἰς

363 4444 375 4461 ν

315 4444 477 4496 αὑτὸν
509 4444 840 4498 πεποιθέναι.
880 4466 896 4497 ι
917 4446 1025 4499 Καὶ
1052 4447 1200 4500 ἔσται
1229 4450 1306 4513 εἰς
1338 4453 1532 4520 σημεῖα
1565 4451 1659 4504 καὶ
1688 4452 1888 4524 τέρατα

1973 1952 2212 2017 fuerunt,
2249 1952 2397 2004 illuni
2433 1951 2484 2004 in
2512 1950 2740 2020 lapidem
2770 1952 3013 2008 scandali
3043 1961 3097 2007 et
3129 1961 3336 2020 petram
3372 1953 3541 2006 ruinze

1973 2044 2300 2106 habuerunt,
2352 2059 2475 2098 cum
2528 2054 2722 2104 natura
2767 2044 2893 2100 talis
2945 2044 3170 2100 minime
3199 2055 3381 2099 esset:
3417 2059 3540 2098 nam

1973 2134 2026 2188 in
2076 2148 2136 2189 se
2183 2134 2532 2190 credentibus
2576 2115 3080 2190 sanctiﬁciumest.
3124 2135 3355 2200 Quinam
3414 2148 3543 2190 vero

1975 2225 2338 2287 illi?Domus,
2386 2225 2584 2295 inquit,
2635 2225 2739 2280 illa:
2766 2223 2966 2291 Jacob,
3020 2240 3127 2280 non
3180 2223 3374 2279 domus
3430 2223 3541 2279 illa.

1977 2318 2103 2369 Duae
2135 2316 2336 2386 quippe
2366 2318 2559 2371 domus
2588 2316 2807 2372 lsraelis
2853 2325 3044 2383 erant;
3081 2316 3183 2371 alia
3218 2316 3546 2387 principum.

1975 2407 2313 2462 subditorum
2344 2407 2471 2461 alia.
2523 2408 2740 2463 Duabus
2783 2423 2948 2478 porro
2984 2408 3134 2464 hisce
3176 2408 3449 2475 domibus,
3494 2408 3547 2463 id

1976 2511 2081 2565 est,
2112 2499 2380 2555 universa:
2415 2501 2577 2554 simul
2604 2501 2771 2570 genti,
2812 2510 2917 2554 tam
2959 2501 3330 2569 principibus,
3382 2516 3545 2569 quam

1977 2591 2231 2656 subditis,
2261 2591 2545 2646 Dominum
2571 2592 2623 2646 in
2651 2593 2902 2662 laqueum
2932 2603 2985 2646 ct
3009 2592 3061 2645 in
3090 2592 3407 2647 scandalum
3431 2592 3547 2647 fore

1979 2684 2269 2752 signiﬁcat.

2051 2794 2214 2853 Vens.
2255 2796 2341 2852 16.
2390 2815 2409 2847 ι
2432 2796 2583 2852 Tunc
2621 2796 2891 2852 manifesti
2927 2805 3088 2850 erunt
3137 2796 3227 2866 qui
3261 2796 3549 2867 obsignant
3586 2830 3589 2833 »

1980 2885 2178 2955 legem,
2206 2902 2275 2940 ne
2312 2886 2588 2941 discant.»
2645 2885 2780 2941 Nam
2822 2887 2911 2955 qui
2959 2884 3315 2953 Evangelium
3364 2900 3550 2940 susce-

1980 2985 2197 3046 perunt,
2228 2986 2281 3031 et
2305 2976 2396 3045 qui
2442 2977 2740 3031 secundum
2779 2974 2986 3030 Novum
3021 2975 3429 3031 Testamentum
3467 2976 3548 3028 vi-

1982 3083 2110 3123 vere
2143 3067 2487 3132 didicerunt,
2531 3068 2687 3138 quasi
2742 3068 2978 3139 sigillum
3029 3068 3367 3138 imponentes
3419 3066 3557 3135 legi,

1985 3160 2158 3229 ipsam
2202 3161 2649 3231 deponunt,r|uia
2690 3161 2760 3217 ob
2792 3161 3072 3217 meliorem
3107 3162 3398 3225 invectam,
3439 3174 3548 3213 non

1983 3251 2216 3322 amplius
2271 3253 2419 3307 utilis
2458 3262 2542 3308 est
2594 3271 2608 3308 :
2648 3254 2808 3308 iidem
2858 3254 2983 3323 ipsi,
3032 3253 3284 3308 videlicet
3343 3252 3404 3314 ii.
3458 3252 3549 3321 qui

1986 3342 2335 3410 Evangelium
2392 3352 2786 3413 susceperunt,
2838 3345 3067 3413 gratiam
3116 3358 3213 3412 per
3272 3341 3549 3398 Christum

1984 3433 2262 3489 ferendam
2292 3443 2668 3504 exspectantes
2697 3436 2917 3495 dicent:

2057 3525 2223 3583 Vens.
2265 3527 2355 3581 17.
2419 3546 2437 3579 ι
2465 3525 2808 3595 Exspectabo
2836 3527 3162 3593 Dominum,
3206 3529 3300 3597 qui
3355 3528 3553 3583 avertit

1987 3616 2182 3672 faciem
2212 3632 2368 3673 suam
2405 3634 2434 3673 a
2460 3620 2620 3674 domn
2643 3619 2833 3687 Jacob,
2866 3631 2924 3674 et
2950 3620 3217 3675 conﬁdam
3241 3620 3294 3674 in
3321 3634 3408 3675 eo.
3435 3640 3455 3671 ι

2056 3803 2219 3859 Vens.
2265 3803 2353 3859 18.
2400 3822 2419 3855 ι
2447 3802 2589 3859 Ecce
2638 3820 2739 3873 ego
2763 3814 2817 3859 et
2860 3802 3009 3874 pueri
3057 3802 3184 3870 mei,
3223 3817 3366 3873 quos
3406 3802 3553 3858 dedit

1987 3900 2115 3953 mihi
2168 3898 2332 3953 Deus.
2362 3913 2380 3950 ι
2434 3895 2640 3952 Iudaici
2676 3896 2893 3967 quidem
2931 3895 3084 3965 pueri
3117 3895 3366 3965 corporei
3400 3904 3548 3961 sunt,

1986 4005 2054 4043 ex
2084 3991 2200 4043 viro
2222 4001 2277 4045 et
2300 3989 2528 4043 muliere
2551 4005 2567 4055 ;
2592 3990 2743 4058 pueri
2780 4002 2911 4043 vero
2937 3986 3148 4041 Domini
3170 3987 3261 4057 qui
3288 3989 3404 4042 hac
3428 4003 3553 4042 ora-

1988 4084 2105 4137 cula
2136 4083 2332 4148 hmdit,
2362 4101 2381 4133 ι
2407 4098 2512 4136 non
2554 4097 2621 4136 ex
2657 4082 3032 4149 sanguinibus,
3067 4095 3244 4149 neque
3272 4097 3339 4136 ex
3364 4080 3552 4134 volun-

1991 4185 2099 4227 tate
2127 4175 2329 4240 carnis,
2370 4174 2465 4229 sed
2512 4188 2577 4228 ex
2624 4173 2732 4227 Deo
2782 4172 2891 4226 nati
2934 4181 3059 4227 sunt
3091 4172 3138 4204 "
3167 4188 3181 4225 :
3211 4191 3230 4223 ι
3265 4171 3425 4228 Batre
3452 4171 3553 4239 ipsi

1990 4268 2125 4322 tales
2158 4269 2320 4322 dante
2344 4266 2504 4331 ﬁlios,
2531 4266 2624 4336 qui
2651 4280 2755 4320 non
2786 4266 2941 4320 ultra.
2970 4265 3171 4336 Moysis
3216 4266 3321 4334 legi
3373 4272 3554 4319 σιω--

1991 4360 2142 4425 dant,
2192 4359 2289 4414 sed
2337 4357 2517 4412 sciant
2560 4366 2883 4427 exspectare
2925 4355 3213 4413 Dominum
3253 4365 3309 4411 et
3340 4356 3391 4409 in
3438 4358 3556 4424 ipso

1990 4436 2287 4506 conﬁdere.
2353 4468 2371 4500 ε
2399 4449 2465 4504 Et
2501 4458 2662 4505 erunt
2706 4449 2758 4502 in
2795 4448 2946 4518 signa
2996 4457 3052 4503 et
3098 4448 3339 4518 prodigia
3388 4448 3555 4502 multa

316 4535 483 4588 πολλὰ
516 4540 572 4590 ἐν
597 4536 673 4606 τῷ
696 4537 828 4609 οἴκῳ
868 4537 1080 4609 Ἰσραὴλ
1115 4539 1263 4610 παρά
1307 4542 1509 4612 Κυρίου
1539 4532 1785 4606 Σαϐαὼθ,
1830 4543 1873 4605 ὃς

1997 4545 2048 4597 in
2079 4544 2241 4596 domo
2266 4540 2434 4596 Israel
2481 4556 2514 4597 a
2560 4541 2788 4595 Domino
2830 4540 3089 4603 Sabaorh,
3135 4540 3226 4608 qui
3254 4539 3461 4593 habitat
3502 4540 3557 4592 in

318 4631 562 4681 κατοικεῖ
591 4630 648 4683 ἐν
676 4630 752 4701 τῷ
775 4630 889 4702 ὄρει
919 4630 1075 4683 Σιών.
1104 4650 1121 4682 ›
1159 4633 1229 4685 Ἢ
1265 4633 1357 4686 καὶ
1393 4633 1584 4697 ἄλλως,
1625 4635 1696 4686 Ού
1731 4635 1888 4704 μόνον

315 4718 387 4772 τὰ
418 4720 595 4774 παιδία
622 4721 813 4787 ταῦτα,
841 4724 992 4794 φησι,
1024 4725 1086 4776 ὲκ
1110 4723 1243 4776 Θεοῦ
1274 4742 1362 4795 μοι
1396 4725 1709 4796 παραδόξως
1748 4725 1891 4778 δέδο-

314 4830 428 4875 ται,
460 4813 593 4866 ἀλλά
619 4815 710 4867 καὶ
738 4815 870 4869 ἄλλα
902 4816 1123 4869 πλεῖστα
1153 4819 1354 4888 σημεῖα
1392 4817 1483 4870 καὶ
1512 4818 1711 4888 τέρατα
1732 4819 1889 4889 γενή-

316 4920 468 4956 σεται
515 4907 573 4958 ὲν
617 4905 693 4975 τῷ
721 4906 855 4976 οἴκῳ
903 4907 1115 4978 Ἰσραὴλ
1161 4907 1300 4961 κατὰ
1327 4910 1452 4971 τοὺς
1482 4909 1887 4981 προφητευομέ-

314 5013 440 5059 νους
464 4998 706 5067 χρόνους.

394 5103 414 5136 ι
443 5086 552 5139 Καὶ
588 5085 681 5138 ἐὰν
710 5088 900 5140 εἴπωσι
932 5088 1064 5159 πρὸς
1095 5090 1257 5159 ὑμᾶς,
1291 5092 1574 5160 Φωνήσατε
1628 5089 1751 5150 τοὺς
1783 5089 1888 5141 ἀπὸ

314 5175 421 5247 τῆς
444 5178 549 5248 γῆς
577 5178 904 5248 φωνοῦντας,
952 5180 1043 5233 κα)⁵
1070 5182 1195 5243 τοὺς
1236 5181 1700 5253 ἐγγαστριμύθους
1746 5181 1794 5234 οἳ
1826 5184 1889 5235 ἐκ

315 5269 416 5339 τῆς
451 5269 655 5333 κοιλίας
685 5271 938 5340 φωνοῦσι.
981 5271 1080 5323 οὐκ
1106 5270 1252 5333 ἔθνος
1282 5272 1416 5343 πρὸς
1452 5272 1583 5325 Θεὸν
1611 5272 1774 5326 αὐτοῦ
1798 5274 1889 5326 ὲκ-

318 5359 615 5431 ζητήσουσι
645 5363 770 5433 περὶ
796 5361 903 5414 τῶν
935 5360 1147 5426 ζώντων
1176 5362 1299 5426 τοὺς
1319 5363 1541 5433 νεκρούς
1560 5380 1573 5393 ⁸
1605 5364 1765 5434 νόμον
1784 5365 1890 5436 γὰρ

318 5453 401 5513 εἰς
423 5449 671 5521 βοήθειαν
705 5451 921 5517 ἔδωκεν,
949 5452 1033 5504 ἵνα
1075 5451 1317 5517 εἴπωσιν,
1347 5455 1457 5524 Οὐχ
1488 5454 1561 5517 ὡς
1585 5455 1736 5526 ῥῆμα
1766 5455 1889 5509 τοῦ-

320 5559 400 5601 το.
438 5544 565 5613 περὶ
595 5537 656 5595 οὗ
685 5545 782 5596 οὐκ
811 5544 923 5597 ἔστι
948 5544 1093 5615 δῶρα
1117 5543 1293 5597 δοῦναι
1330 5547 1455 5616 περὶ
1483 5547 1667 5603 αὐτοῦ.
1696 5568 1713 5599 ι
1749 5549 1890 5620 Προ-

319 5633 492 5686 ειπὼν
511 5630 604 5687 οὖν
634 5637 663 5688 ό
692 5634 845 5704 λόγος
876 5637 941 5690 τὰ
968 5637 1093 5708 περὶ
1134 5635 1240 5689 τῶν
1267 5638 1490 5693 παιδίων
1518 5639 1610 5693 τοῦ
1636 5642 1888 5713 Χριστοῦ,

326 5813 374 5847 ⁵⁸
416 5812 432 5867 l
465 5816 590 5870 Cor.
620 5815 771 5877 1,93.
844 5816 889 5856 "
924 5812 1077 5871 Joan.
1116 5832 1154 5880 ι,
1190 5817 1272 5875 13.

1995 4644 2177 4688 monte
2206 4630 2357 4687 Sion.
2390 4652 2406 4682 ι
2453 4631 2581 4687 Sive
2608 4632 2714 4688 alio
2739 4632 2920 4696 modo,
2947 4647 3050 4685 non
3083 4630 3134 4684 hi
3166 4638 3371 4684 tantum
3404 4631 3556 4699 pueri

1992 4742 2022 4780 a
2055 4727 2163 4781 Deo
2199 4725 2329 4780 mihi
2371 4725 2699 4780 mirabiliter
2739 4725 2847 4780 dati
2890 4733 3060 4788 sunt;~
3099 4724 3193 4777 sed
3239 4722 3405 4776 etiam
3449 4721 3557 4775 alia

1993 4824 2222 4890 plurima
2246 4822 2399 4892 signa
2433 4831 2490 4875 et
2520 4822 2766 4891 prodigia
2809 4823 2937 4875 ﬁent
2975 4821 3027 4874 in
3066 4818 3411 4875 domolsrael
3448 4832 3558 4887 quo
3660 4852 3661 4855 η

2000 4925 2242 4986 tempore
2272 4915 2324 4968 in
2356 4915 2640 4984 prophetia
2674 4913 2988 4967 enuntiatur

2065 5096 2232 5153 Vens.
2268 5098 2356 5164 l9,
2398 5097 2488 5152 20.
2538 5117 2555 5149 ι
2588 5097 2651 5151 Ει
2681 5112 2801 5159 cum
2833 5096 3068 5150 dixerint
3101 5095 3166 5150 ad
3192 5109 3288 5149 vos
3319 5113 3332 5148 :
3364 5093 3560 5151 Vocate

1997 5205 2110 5258 eos,
2139 5191 2230 5261 qui
2262 5205 2330 5245 ex
2376 5201 2519 5246 terra
2563 5191 2955 5254 vociferantur,
3009 5198 3063 5244 et
3104 5189 3561 5259 engastrimytlios

1998 5283 2087 5349 qui
2135 5297 2203 5334 ex
2245 5289 2433 5335 ventre
2473 5281 2767 5348 loquuntur
2801 5297 2816 5336 :
2845 5295 2948 5334 non
3001 5277 3231 5349 p0pulus
3272 5280 3338 5334 ad
3389 5280 3563 5335 Deum

1997 5389 2153 5427 suum
2190 5373 2480 5441 exquirent
2514 5373 2580 5426 de
2615 5372 2752 5425 vivis
2792 5387 2819 5423 a
2866 5371 3094 5425 mortuis
3122 5391 3137 5425 :
3162 5370 3333 5441 legem
3365 5373 3562 5442 quippe

2001 5462 2053 5515 in
2108 5461 2367 5517 auxilium
2409 5460 2577 5526 dedit,
2617 5471 2670 5515 ut
2715 5460 2932 5524 dicant,
2969 5458 3082 5515 Non
3127 5461 3270 5516 sicut
3310 5462 3410 5516 hoc
3441 5476 3565 5516 ver—

1999 5553 2154 5617 bum,
2216 5553 2283 5607 de
2340 5568 2445 5622 quo
2510 5567 2617 5606 non
2668 5552 2796 5607 licet
2840 5552 2979 5607 dona
3018 5554 3215 5609 daren
3270 5552 3560 5623 Postquam

1999 5644 2163 5714 igitur
2203 5645 2268 5701 de
2316 5644 2496 5718 pueris
2529 5642 2731 5703 Christi
2766 5644 2975 5702 locutus
3019 5645 3233 5714 luerat,
3272 5658 3466 5716 nempe
3497 5645 3589 5704 de.
