4068 6198
392 273 492 327 M7

1058 266 1327 322 EUSEBII
1365 267 1839 325 C/ESARIENSIS
1875 270 2026 325 OPP.
2065 270 2246 326 PARS
2286 267 2372 324 Ill.
2414 298 2482 307 —
2521 266 2933 323 EXEGETICA.

3538 267 3636 324 ΗΒ

393 388 647 463 apostolis
689 396 744 443 et
783 386 1064 455 discipulis
1120 387 1258 456 ejus,
1314 402 1525 443 necnon
1582 392 1647 442 de
1693 390 1860 458 signis
1900 402 1954 444 et

2092 389 2201 457 έγω
2220 388 2285 459 δὴ
2315 359 2423 440 τῶν
2453 385 2767 440 ἀποστόλων
2795 385 2891 439 καὶ
2921 384 3177 456 μαθητῶν
3211 384 3395 449 αὐτοῦ,
3431 386 3555 456 περί
3582 405 3638 440 τε

396 480 673 553 prodigiis,
708 494 827 546 qua:
867 492 963 545 per
990 492 1085 531 eos
1116 477 1259 531 edita
1308 488 1455 537 sunt,
1507 479 1662 549 queis
1714 480 1956 550 gentium

392 576 606 629 vocatio
628 571 768 625 facta
803 581 919 632 est;
954 571 1069 625 hac
1103 580 1502 637 consequenter
1525 572 1682 627 docet
1709 572 1957 641 pepulttm

396 681 592 718 novum
613 674 661 717 et
698 673 968 717 recentem
1005 679 1070 717 ex
1100 663 1354 732 gentibus
1382 679 1409 717 a
1449 664 1665 719 Christo
1695 666 1959 719 constitu-

394 768 529 821 tum,
549 770 709 827 quem
729 756 799 808 ita
831 753 945 808 fere
968 755 1293 823 alloquitttr:
1327 754 1450 809 "me
1477 756 1683 819 audite,
1717 757 1960 826 discipuli

398 850 541 911 mei,
602 850 691 919 qui
764 862 794 901 a
852 847 1132 917 gentilium
1215 847 1499 916 multiplici
1581 848 1963 918 superstitione

404 940 646 995 translati
687 940 843 996 estis.
900 938 956 993 Si
999 939 1091 1009 qui
1123 953 1189 993 ex
1219 938 1284 993 iis
1316 938 1408 1008 qui
1439 938 1592 994 vobis
1617 938 1742 993 olim
1773 938 1885 994 noti
1911 951 1965 993 et

398 1033 696 1088 familiares
726 1040 883 1087 erant
907 1071 922 1096 ,
958 1030 1079 1085 sive
1104 1039 1308 1099 patres,
1337 1031 1454 1086 sive
1480 1031 1695 1101 cognati
1719 1070 1735 1094 ,
1775 1046 1870 1085 vos
1898 1034 1964 1084 ad

398 1125 683 1195 pristinum
710 1122 1063 1191 repetendum
1091 1136 1335 1176 errorem
1371 1121 1619 1185 invitent.
1669 1132 1728 1177 ut
1760 1122 1828 1177 ab
1864 1122 1968 1178 illis

398 1216 668 1271 adhibitas
706 1215 1090 1280 divinationes,
1139 1215 1355 1271 oracula
1390 1230 1453 1268 ac
1483 1216 1680 1270 similia
1711 1216 1763 1270 in
1797 1216 1970 1271 admi-

396 1308 612 1362 ratione
635 1305 882 1361 habeatis
905 1345 921 1371 ,
962 1320 1031 1361 ne
1068 1321 1255 1361 eorum
1283 1305 1509 1362 consilio
1535 1306 1922 1377 obtemperetis
1952 1328 1965 1363 :

400 1415 467 1454 ne
496 1399 766 1455 miremini
799 1399 1077 1453 daemonas
1108 1414 1175 1453 ex
1207 1409 1400 1454 ventre
1433 1398 1710 1453 hominum
1743 1396 1968 1468 loquen-

404 1503 501 1556 tes,
533 1506 671 1561 qnos
704 1499 900 1546 vocant
930 1489 1229 1563 Pythonas,
1255 1506 1431 1561 neque
1453 1504 1547 1545 eos
1563 1490 1738 1561 quiex
1767 1492 1972 1559 praesti-

401 1586 503 1652 giis
556 1583 871 1653 quibusdam
919 1585 985 1639 de
1030 1593 1173 1638 terra
1215 1584 1514 1639 ascendere
1560 1593 1847 1654 putantur;
1878 1582 1971 1637 sed

403 1680 573 1732 solum
610 1678 894 1732 Dominum
922 1685 1160 1731 vestrum
1184 1676 1369 1731 colite.
1398 1674 1531 1729 Nam
1559 1676 1603 1729 si
1642 1685 1834 1743 gentes
1864 1674 1976 1728 sin-

2063 480 2172 532 τῶν
2198 478 2438 553 σημείων
2465 478 2559 531 καὶ
2580 477 2689 531 τῶν
2716 479 2957 549 τεράτων
2976 478 3083 531 τῶν
3105 478 3553 532 ἐπιτελεσθέντων
3577 480 3640 533 δι’

2066 571 2270 625 αὐτῶν·
2295 571 2363 624 δι’
2387 564 2462 623 ὧν
2486 570 2579 624 καὶ
2620 573 2653 640 ή
2689 570 2880 640 κλῆσις
2906 571 3196 640 γεγένηται
3230 572 3336 624 τῶν
3362 570 3552 633 ἐθνῶν,
3584 571 3641 623 ά-

2067 664 2338 727 κολούθως
2366 662 2457 716 τὸν
2486 662 2604 715 νέον
2636 661 2731 715 καὶ
2758 662 2942 715 καινὸν
2972 662 3117 723 λαὸν.
3144 662 3233 717 τὸν
3269 664 3327 730 ἐξ
3366 664 3533 729 ἐθνῶν
3559 665 3647 717 διά

2067 756 2303 829 Χριστοῦ
2336 755 2605 809 συστάντα
2646 754 2977 809 διδάσκειτά
3016 756 3369 827 προκείμενα,
3404 757 3479 820 ὼς
3510 755 3648 828 πρὸς

2069 850 2267 913 αὐτοὺς
2294 848 2499 917 λέγων’
2540 847 2829 901 Ἀκούσατε
2862 847 3054 911 ταῦτα,
3085 849 3132 900 οἱ
3164 847 3285 917 ἐμοὶ
3315 847 3569 908 διδακτοὶ,
3597 849 3646 899 οἱ

2069 943 2166 1012 τῆς
2194 941 2302 993 τῶν
2341 939 2509 994 ἐθνῶν
2542 938 2803 992 πολυθέου
2837 939 3045 1009 πλάνης
3079 938 3465 1010 μεταθέμενοι·
3496 939 3548 991 εί
3565 956 3645 993 τι-

2071 1050 2159 1097 νες
2191 1032 2298 1086 τῶν
2328 1030 2496 1086 πάλαι
2529 1030 2819 1102 γνωρίμων
2856 1030 2982 1100 ὑμῖν
3008 1030 3099 1083 καὶ
3131 1030 3391 1100 συνήθων,
3424 1030 3646 1101 ἣπατέ-

2074 1143 2187 1197 ρες,
2222 1124 2256 1193 ἢ
2300 1124 2602 1193 συγγενεῖς,
2652 1121 3017 1194 παρακαλοῖεν
3046 1123 3187 1193 ὑμᾶς
3239 1123 3513 1176 ἐπανιέναι
3558 1124 3650 1176 ἐπὶ

2073 1220 2172 1290 τὴν
2206 1217 2495 1291 προτέραν
2519 1217 2747 1289 πλάνην,
2792 1214 3090 1287 θαυμάζειν
3117 1233 3174 1268 τε
3202 1215 3301 1278 τὰς
3326 1215 3431 1269 ἀπὸ
3467 1215 3652 1286 δαιμό-

2075 1329 2180 1365 νων
2214 1311 2345 1382 παρ’
2386 1311 2569 1374 αὐτοῖς
2601 1308 3025 1379 ἐπιτελουμένας
3077 1308 3335 1380 μαντείας
3381 1308 3474 1361 καὶ
3519 1325 3652 1378 χρη-

2078 1403 2267 1472 σμοὺς,
2294 1402 2389 1456 καὶ
2421 1402 2489 1455 τά
2520 1401 2772 1454 τοιαῦτα·
2808 1400 2883 1472 μὴ
2916 1400 3165 1454 πείθεσθε
3194 1404 3260 1473 τῇ
3294 1400 3496 1455 τούτων
3519 1419 3654 1470 συμ-

2078 1494 2240 1565 ϐουλῇ
2265 1510 2279 1523 ’
2315 1493 2389 1564 μὴ
2422 1492 2731 1563 θαυμάζετε
2774 1491 3033 1563 δαίμονας
3072 1492 3180 1546 ἀπὸ
3219 1492 3424 1555 κοιλίας
3451 1492 3656 1563 ἀνθρώ-

2080 1604 2196 1639 πων
2224 1586 2557 1654 φωνοῦντας,
2588 1584 2714 1647 τοὺς
2749 1584 3176 1654 ὀνομαζομένους
3205 1581 3481 1647 Πύθωνας,
3525 1582 3656 1654 μηδὲ

2079 1678 2204 1742 τοὺς
2224 1679 2332 1731 ἀπὸ
2356 1678 2459 1747 γῆς
2482 1676 2626 1730 κατά
2648 1694 2798 1739 τινας
2824 1675 3085 1747 γοητικάς
3115 1676 3307 1746 τέχνας
3335 1675 3539 1728 ἀνιέναι
3572 1692 3658 1727 νο-

403 1767 560 1837 gulae,
611 1768 711 1821 etsi
746 1780 935 1820 errore
959 1766 1155 1829 ductae,
1183 1780 1280 1819 suo
1311 1776 1494 1818 tamen
1526 1766 1635 1819 Deo
1659 1764 1970 1826 adhaerent,

2089 1771 2405 1844 μιζομένους
2428 1788 2441 1801 ·
2476 1770 2565 1823 τὸν
2595 1770 2652 1823 δὲ
2695 1768 2876 1824 αὐτῶν
2908 1768 3111 1841 Κύριον
3147 1770 3305 1839 μόνον
3348 1768 3654 1839 περιέπετε.

405 1862 532 1932 quid
554 1861 714 1915 aliud
747 1861 811 1915 iis
836 1861 1121 1930 agendum.
1171 1860 1261 1929 qui
1304 1874 1487 1915 veram
1516 1860 1767 1915 notitiam
1799 1873 1963 1913 acce-

404 1959 620 2020 perunt,
672 1964 834 2019 quam
889 1959 947 2004 ut
989 1950 1157 2005 Deum
1189 1967 1344 2004 suum
1397 1960 1668 2019 qumrant,
1722 1965 1897 2019 neque
1946 1964 1975 2000 a

408 2044 659 2107 mortuis,
694 2044 803 2098 vita
834 2044 1050 2112 penitus
1078 2044 1247 2107 orbis,
1279 2044 1547 2099 curiosius
1580 2044 1881 2113 inquirant,
1925 2057 1980 2098 et

406 2138 752 2191 sciscitenlur
795 2136 863 2190 de
905 2135 1075 2190 rebus
1118 2136 1185 2189 ad
1230 2136 1382 2189 vivos
1425 2134 1833 2203 spectantibus?
1881 2134 1975 2189 Dei

413 2229 597 2297 itaque
640 2229 865 2282 verbum
896 2236 952 2281 et
989 2226 1160 2296 legem
1190 2226 1558 2295 evangelicum
1606 2228 1784 2279 datam
1826 2228 1979 2280 vobis

407 2320 463 2373 in
493 2317 752 2373 auxilium
783 2317 951 2381 nacti,
987 2332 1053 2373 ex
1100 2318 1212 2387 ipsa
1256 2318 1453 2372 discite
1496 2332 1831 2388 qua-cunque
1864 2318 1979 2370 vul-

410 2412 500 2477 tis,
540 2419 597 2465 et
642 2409 783 2465 hanc
830 2410 1114 2465 seetemini
1147 2428 1163 2463 :
1194 2409 1319 2479 quia
1360 2410 1478 2463 ﬁeri
1528 2410 1736 2481 nequit,
1779 2422 1837 2466 ut
1891 2411 1980 2465 ille

409 2502 566 2558 donis
586 2517 616 2556 a
642 2517 772 2558 vero
805 2504 1167 2557 dimov-eatur.

2075 1867 2138 1918 Εἰ
2163 1864 2271 1936 γάρ
2296 1863 2525 1917 ’ἑκαστον
2552 1862 2722 1927 ἔθνος,
2750 1862 2926 1915 καίτοι
2964 1861 3412 1932 πεπλανημένως,
3437 1861 3583 1930 ὅμως
3606 1859 3653 1913 δ’

2076 1951 2169 2009 οὖν
2197 1955 2291 2008 τοῦ
2318 1954 2449 2007 ἰδίου
2480 1952 2614 2005 Θεοῦ
2639 1951 2985 2023 περιέχεται*
3017 1952 3142 2015 τοὺς
3165 1952 3261 2019 τὴν
3289 1950 3502 2021 ἀπλανῆ
3530 1948 3660 2019 γνῶ-

2079 2070 2163 2106 σιν
2196 2051 2501 2122 εἰληφότας,
2536 2049 2589 2101 τί
2622 2049 2725 2120 χρὴ
2759 2049 3038 2119 ¹πράττειν,
3070 2048 3103 2118 ἢ
3161 2048 3250 2099 τὸν
3295 2046 3501 2099 ἑαυτῶν
3529 2044 3662 2097 Θεὸν

2077 2142 2376 2214 ἐπιζητεῖν,
2413 2143 2504 2195 καὶ
2542 2140 2616 2211 μὴ
2646 2140 2775 2214 τοὺς
2804 2140 3030 2210 νεκροὺς
3050 2138 3536 2209 πολυπραγμονεῖν,
3565 2148 3661 2205 μη·

2080 2234 2139 2287 δὲ
2192 2211 2403 2305 ἐρωτᾷν
2456 2229 2583 2301 περὶ
2638 2211 2978 2301 πραγμάτων
3029 2227 3265 2293 ζώντων,
3310 2228 3435 2291 τοὺς
3481 2227 3659 2296 πάσης

2084 2324 2231 2394 ζωῆς
2260 2321 2686 2393 ὲστερημένους;
2724 2321 2976 2390 Ἔχοντες
3001 2316 3092 2374 οὖν
3115 2320 3205 2372 τὸν
3231 2319 3324 2373 τοῦ
3352 2319 3482 2372 Θεοῦ
3505 2318 3661 2387 λόγον

2083 2419 2179 2472 καὶ
2210 2418 2372 2489 νόμον
2390 2417 2480 2470 τὸν
2507 2414 2877 2483 εύαγγελικδν,
2908 2415 2988 2478 εἰς
3016 2413 3259 2484 βοήθειαν
3292 2414 3418 2483 ὑμῖν
3450 2412 3664 2482 δεδομέ-

2084 2522 2193 2570 νον,
2229 2504 2289 2570 ὲξ
2306 2504 2469 2559 αὑτοῦ
2496 2504 2790 2576 μανθάνετε
2815 2503 2941 2574 περὶ
2966 2497 3040 2556 ὧν
3059 2502 3123 2557 ἂν
3146 2502 3399 2566 ἐθέλοιτε,
3423 2503 3515 2555 καὶ
3544 2500 3666 2554 τού-

406 2613 486 2667 τῳ
516 2602 797 2670 ποιχεῖτε,
827 2598 947 2652 ἐπεὶ
974 2596 1050 2670 μὴ
1089 2593 1199 2651 οἷόν
1224 2598 1282 2651 τέ
1308 2598 1454 2652 ἐστιν
1500 2598 1655 2653 αὑτὸν
1682 2598 1873 2671 δώροις
1901 2600 2157 2670 ἐκστῆναι
2181 2598 2276 2653 τοῦ
2310 2598 2561 2671 ἀληθοῦς.

482 2692 647 2749 Vens.
686 2692 775 2746 2|.
824 2711 843 2743 ‹
873 2692 937 2745 ΕΙ.
980 2692 1156 2746 veniet
1184 2706 1349 2761 super
1386 2706 1481 2745 vos
1514 2691 1632 2745 dira
1680 2692 1895 2747 fames:
1926 2706 1983 2748 et

412 2785 519 2840 erit
554 2794 612 2838 ut
636 2784 927 2847 esurietis,
968 2782 1242 2845 dolebitis.
1280 2793 1336 2839 et
1377 2783 1715 2840 maledicetis
1752 2784 1983 2855 principi

411 2886 466 2929 et
498 2876 686 2944 patriis
716 2874 921 2944 legibus
953 2890 968 2927 :
1002 2885 1055 2928 et
1096 2876 1380 2943 respicient
1424 2875 1478 2929 in
1517 2875 1716 2931 cmlum
1742 2889 1927 2945 supra.
1962 2892 1982 2926 ι

413 2966 548 3020 Cum
608 2978 738 3034 ergo
782 2963 903 3033 quis
927 2963 1124 3016 divina:
1164 2962 1297 3032 legis
1323 2974 1692 3031 transgressor
1720 2978 1783 3018 ac
1812 2966 1990 3020 deser-

418 3068 500 3111 tor
564 3055 787 3111 eﬂ'ectus
856 3054 991 3120 erit,
1052 3055 1105 3108 in
1153 3052 1535 3109 otl'endiculum
1592 3056 1854 3111 deductus
1919 3056 1987 3110 ab

420 3152 487 3205 iis
518 3151 609 3218 qui
632 3148 855 3207 oracula
885 3158 944 3203 et
966 3147 1331 3203 daemoniacas
1352 3147 1719 3204 divinationes
1747 3159 1985 3218 praeten-

420 3243 570 3306 dunt,
598 3243 740 3296 hunc
770 3241 940 3295 fames
973 3240 1376 3297 rationabilium
1399 3240 1643 3295 ciborum
1677 3242 1985 3310 occupabit,

419 3349 629 3389 necnon
683 3347 938 3390 excessus
996 3332 1195 3386 mentis
1245 3339 1302 3385 et
1353 3330 1637 3385 iracundia
1673 3350 1684 3383 :
1719 3342 1881 3403 atque
1936 3333 1987 3385 in

422 3428 765 3497 blasphemas
810 3424 1169 3496 cogitationes
1236 3422 1482 3486 incidet,
1536 3422 1863 3479 maledicens
1911 3424 1986 3477 illi

426 3520 554 3572 olim
594 3518 705 3587 regi
764 3531 903 3579 suo,
941 3530 1102 3586 quem
1157 3514 1315 3568 deum
1367 3530 1525 3568 suum
1572 3516 1817 3569 vocabat.
1876 3534 1893 3565 ι
1926 3514 1991 3568 Et

424 3629 526 3666 non
569 3610 853 3681 perplexus
901 3610 1007 3663 erit
1050 3609 1139 3679 qui
1190 3609 1242 3663 in
1287 3608 1530 3677 angustia
1580 3617 1662 3663 est
1705 3624 1874 3678 usque
1923 3610 1990 3660 ad

426 3715 657 3773 tempus.
688 3721 707 3754 ι

1023 3788 1253 3845 CAPUT
1305 3787 1394 3842 IX.

495 3885 657 3939 Vsus.
705 3888 756 3939 l.
812 3904 829 3937 ι
861 3885 973 3938 Hoc
1021 3884 1252 3948 primum
1312 3882 1477 3937 bibe:
1517 3882 1623 3936 cito
1672 3880 1795 3944 fac,
1847 3883 1993 3951 regio

422 3980 664 4034 Zalmlon
681 3988 735 4031 et
762 3988 902 4032 terra
928 3974 1292 4046 Nephthalim,
1310 3983 1365 4029 et
1394 3974 1571 4029 caeteri
1602 3972 1691 4042 qui
1726 3972 1991 4026 maritima

424 4083 479 4127 et
514 4081 663 4125 trans
694 4068 1006 4130 Jordauem,
1033 4066 1253 4122 Galilrea
1277 4067 1536 4136 gentium.
1569 4086 1587 4117 ι
1626 4064 1908 4120 Vultenim
1940 4077 1996 4118 ut

428 4170 483 4227 ii.
518 4167 610 4237 qui
645 4179 842 4234 magna
882 4162 1138 4216 salutans
1188 4162 1280 4215 Dei
1331 4161 1596 4215 adventus
1635 4160 1752 4213 luce
1790 4161 1994 4229 dignati

428 4270 573 4327 sunt,
600 4260 835 4315 fructum
867 4256 1208 4311 rationabilis
1255 4267 1411 4327 potus
1441 4256 1694 4324 operibus
1749 4256 1993 4310 reddant.

430 4356 609 4409 Primo
667 4354 848 4422 itaque
899 4349 1140 4406 Galilzeis
1188 4349 1388 4403 bonum
1432 4349 1679 4402 nuntium
1730 4348 1994 4402 declarat.

2165 2713 2182 2743 ι
2206 2693 2318 2746 Καὶ
2343 2692 2463 2763 ἥξει
2518 2693 2602 2760 ἐφ’
2628 2691 2770 2761 ὑμᾶς
2804 2688 3015 2760 σκληρά
3062 2687 3243 2759 λιμός·
3287 2688 3380 2741 καὶ
3415 2686 3565 2739 ἔσται
3590 2685 3667 2750 ὼς

2092 2784 2158 2839 ἂν
2189 2784 2505 2855 πεινάσητε,
2557 2782 2931 2853 λυπηθήσεσθε
2974 2781 3094 2843 καὶ,
3141 2778 3324 2843 κακῶς
3354 2779 3526 2849 ἐρεῖτε
3578 2776 3666 2831 τὸν

2093 2878 2347 2949 ἄρχοντα,
2388 2875 2483 2929 καὶ
2522 2875 2588 2928 τά
2622 2874 2827 2946 πάτρια
2851 2890 2863 2902 ·
2897 2874 2993 2925 καὶ
3045 2870 3429 2941 ἀναϐλέψονται
3462 2871 3542 2933 είς
3577 2868 3668 2923 τὸν

2093 2970 2321 3041 οὐρανὸν
2352 2968 2481 3023 ἄνω.
2514 2986 2533 3018 ι
2567 2968 2735 3021 Ὅταν
2762 2963 2854 3020 οὖν
2876 2965 3196 3037 παραϐάτης
3228 2954 3435 3034 γένοιτό
3461 2981 3543 3026 τις
3575 2962 3669 3015 τοῦ

2097 3058 2239 3112 θείου
2282 3058 2469 3129 νόμου,
2523 3058 2617 3111 καὶ
2664 3058 2976 3127 ἀποστάτης
3025 3055 3209 3119 αὑτοῦ,
3270 3054 3670 3116 σκανδαλισθεὶς

2092 3151 2198 3205 ὑπὸ
2223 3151 2332 3204 τῶν
2365 3152 2491 3214 τοὺς
2522 3152 2805 3222 χρησμοὺς
2830 3150 2924 3203 καὶ
2952 3150 3049 3213 τάς
3084 3149 3337 3219 μαντείας
3362 3146 3458 3209 τὰς
3485 3147 3669 3215 δαιμο-

2090 3241 2248 3305 νικάς
2287 3241 2719 3316 προϊσχομένων,
2768 3240 2923 3309 λιμὸς
2948 3238 3164 3308 τροφῶν
3211 3236 3440 3304 λογικῶν
3480 3234 3668 3287 τοῦτον

2089 3332 2412 3398 διαδέξεται,
2452 3333 2547 3386 καὶ
2595 3332 2870 3395 ἔκστασις,
2918 3331 3011 3382 καὶ
3042 3327 3415 3400 παροξυσμός’
3462 3326 3555 3379 καὶ
3587 3325 3669 3387 είς

2093 3427 2442 3497 βλασφήμους
2470 3426 2787 3495 ἐμπεσεῖται
2824 3422 3133 3491 λογισμοὺς,
3164 3417 3549 3490 καταρώμενος
3574 3415 3669 3469 τὸν

2094 3516 2257 3570 πάλαι
2288 3514 2510 3585 βασιλέα
2558 3513 2741 3577 αὐτοῦ,
2780 3514 2839 3565 ὃν
2884 3513 2976 3565 καὶ
3006 3512 3123 3563 θεὸν
3160 3508 3351 3562 ἑαυτοῦ
3396 3506 3663 3578 ὠνόμαζε.

2098 3631 2115 3661 ι
2144 3612 2252 3664 Καὶ
2284 3610 2385 3663 οὐκ
2412 3607 2817 3679 ἀπορηθήσεται
2838 3607 2866 3657 ό
2892 3607 2949 3657 ἐν
2982 3602 3307 3674 στενοχωρίᾳ
3331 3601 3403 3654 ῶν
3424 3602 3529 3663 ’ἐως
3551 3618 3669 3653 και-

2097 3701 2210 3773 ροῦ.
2239 3720 2258 3753 ι

2630 3786 3025 3841 ΚΕΦΑΛᾹΙΟΝ
3057 3782 3132 3837 Θ’.

2171 3904 2188 3933 ι
2211 3882 2381 3937 Τοῦτο
2405 3880 2620 3952 πρῶτον
2655 3880 2745 3932 πίε
2765 3896 2777 3909 ·
2808 3880 2943 3948 ταχυ
2972 3878 3133 3941 ποίει,
3184 3874 3335 3948 χώρα
3366 3869 3669 3934 Ζαὸουλὼν,

2097 3981 2130 4050 ὴ
2180 3977 2251 4048 γῆ
2286 3972 2627 4043 Νεφθαλεὶμ,
2663 3972 2757 4025 καὶ
2783 3973 2831 4023 οἱ
2860 3970 3035 4023 λοιποὶ
3078 3969 3127 4022 οί
3150 3969 3248 4039 τὴν
3278 3966 3546 4038 παραλίαν
3579 3964 3674 4018 καὶ

2098 4070 2273 4140 πέραν
2322 4066 2413 4120 τοῦ
2454 4065 2739 4137 Ἰορδάνου,
2771 4062 3028 4116 Γαλιλαία
3070 4060 3176 4115 τῶν
3208 4059 3392 4112 ἐθνῶν.
3422 4078 3439 4107 ι
3480 4055 3675 4109 Βούλε-

2098 4178 2187 4213 ται
2208 4159 2317 4230 γάρ
2346 4157 2412 4210 δι’
2457 4156 2634 4228 ἔργων
2666 4155 2755 4208 τὸν
2810 4152 3016 4224 καρπὸν
3044 4148 3135 4203 τοῦ
3169 4146 3385 4216 λογικοῦ
3437 4147 3674 4216 πόματος

2100 4252 2407 4305 ἀποδιδόναι
2441 4252 2566 4313 τοὺς
2599 4245 3032 4310 καταξιωθέντας
3082 4240 3175 4293 τοῦ
3214 4238 3447 4310 μεγάλου
3501 4235 3675 4305 φωτὸς

2100 4345 2198 4414 τῆς
2230 4343 2496 4412 σωτηρίου
2546 4338 2877 4408 θεοφανείας.
2912 4334 3133 4406 Πρῶτον
3181 4328 3271 4385 οὖν
3302 4334 3413 4393 τοῖς
3446 4330 3535 4382 ἐπί
3578 4328 3676 4398 τῆς

429 4450 532 4504 Par
569 4447 767 4517 quippe
802 4440 921 4498 eral.
954 4441 1230 4512 regionem
1270 4440 1414 4495 illam
1448 4457 1553 4495 non
1598 4441 1811 4495 silentio
1856 4458 1966 4510 pra:

2106 4435 2391 4497 Γαλιλαίας
2425 4430 2852 4499 εὐαγγελίζεται.
2886 4428 3032 4479 Ἔδει
3060 4425 3167 4496 γάρ
3216 4423 3347 4495 μηδὲ
3369 4422 3465 4493 τὴν
3494 4420 3677 4491 χώραν

430 4538 614 4602 tcrire,
681 4536 731 4589 itt
796 4548 902 4603 qua
970 4530 1291 4585 Emmanuel
1355 4531 1405 4584 in
1474 4546 1571 4584 suo
1632 4531 1698 4583 ad
1755 4531 2000 4585 homines

432 4631 659 4684 adventu
713 4644 895 4682 moras
948 4626 1192 4679 facturus
1250 4632 1393 4677 erat.
1448 4622 1613 4692 [legio
1657 4633 1836 4675 autem
1886 4632 2001 4676 erat

408 4721 652 4777 'Gnliltea
678 4761 695 4786 ,
729 4723 836 4775 imo
864 4721 1026 4775 etiam
1063 4729 1209 4773 trans
1242 4715 1533 4771 Iordanem
1565 4723 1683 4767 erat
1710 4714 1825 4768 hare
1854 4714 2002 4768 Guli-

433 4818 553 4881 laza,
606 4817 658 4869 in
712 4830 817 4884 qua
863 4812 1206 4882 frequentius
1260 4819 1509 4863 versatus
1565 4807 1813 4862 Christus
1868 4818 1997 4860 est:

433 4925 604 4978 quare
632 4907 923 4965 salutarem
956 4915 1140 4977 potum
1171 4915 1225 4958 et
1255 4904 1425 4957 lucem
1452 4901 1568 4969 ejus
1603 4899 1795 4953 incolis
1831 4898 2005 4967 primo

437 5001 741 5055 annuntiat.
803 4995 973 5066 Hujus
1024 5012 1186 5067 porro
1244 4992 1445 5048 viviﬁci
1493 5003 1654 5060 potus
1715 4990 2002 5061 imaginem

438 5093 765 5147 scnsibiliter
809 5091 1057 5147 exhibuit
1101 5088 1382 5151 Servator,
1427 5086 1665 5154 quando,
1717 5084 1919 5155 nuptiis
1953 5083 2005 5137 in

437 5187 580 5242 Cana
612 5185 848 5241 Galilaea:
883 5181 1191 5241 celebratis.
1216 5180 1445 5250 primum
1470 5178 1788 5231 miraculum
1818 5175 2006 5239 edidit,

438 5295 587 5349 aqua:
614 5277 821 5332 scilicet
850 5279 903 5331 in
934 5278 1115 5332 viuum
1142 5274 1515 5331 mutationem.

512 5463 677 5517 Vsus.
710 5459 768 5514 2.
811 5477 829 5511 ι
867 5458 1132 5526 Populus,
1170 5457 1261 5527 qui
1294 5453 1608 5510 ambulabat
1652 5451 1707 5506 in
1754 5446 2010 5514 tenebris,

442 5560 577 5613 vidit
632 5559 808 5610 lucem
863 5568 1154 5621 magnam:
1213 5551 1528 5605 habitantes
1585 5547 1638 5601 in
1695 5543 1914 5613 regione
1961 5550 2016 5595 et

442 5653 634 5704 umbra
705 5647 915 5709 mortis,
974 5645 1064 5699 lux
1117 5643 1419 5713 splendebit
1480 5655 1640 5709 super
1695 5652 1808 5691 vos.
1872 5653 1890 5685 ›
1950 5632 2015 5686 Ει

444 5744 578 5798 alias
623 5741 841 5813 quidem
893 5740 946 5795 in
993 5735 1228 5792 tenebris
1276 5735 1528 5803 agebant,
1579 5731 1671 5799 qui
1724 5736 2011 5796 antequam

2105 4526 2512 4595 ἀποσιωπῆσαι,
2550 4520 2669 4575 καθ’
2691 4520 2757 4589 ἢν
2779 4521 2876 4582 τάς
2916 4516 3191 4589 διατριϐάς
3224 4514 3485 4567 ποιεῖσθαι
3511 4511 3680 4582 ἠμελ-

2107 4619 2197 4671 λεν
2222 4615 2527 4687 ἀνθρώποις
2567 4612 2850 4681 ἐπιφανεὶς
2877 4613 2905 4662 ό
2945 4606 3305 4681 Ἐμμανουήλ.
3353 4606 3417 4657 Ἡ
3443 4603 3498 4655 δὲ
3528 4600 3681 4672 χώρα

2105 4707 2174 4782 ἦν
2200 4708 2484 4762 Γαλιλαία·
2514 4704 2647 4758 ἀλλά
2678 4704 2771 4757 καὶ
2804 4702 2972 4772 πέραν
2998 4701 3089 4753 τοῦ
3132 4697 3393 4769 Ἰορδάνου
3424 4692 3680 4764 τυγχάνει

2110 4805 2142 4874 ή
2180 4800 2433 4855 Γαλιλαία
2466 4797 2625 4867 αὕτη,
2661 4799 2718 4849 ἐν
2750 4790 2907 4869 ᾖτὰς
2949 4793 3201 4853 πλείστας
3235 4790 3526 4859 ἐποιήσατο
3564 4783 3677 4836 δια⁹

2106 4893 2297 4965 τριϐὰς
2329 4894 2357 4945 ὁ
2388 4890 2619 4961 Χριστός
2642 4908 2655 4920 ’
2682 4889 2761 4942 διὸ
2786 4887 2944 4941 ποτὸν
2985 4886 3271 4956 σωτήριον,
3315 4882 3405 4935 καὶ
3435 4880 3547 4950 φῶς
3584 4876 3681 4948 μέ-

2106 5004 2177 5053 γα
2210 4988 2321 5047 τοῖς
2349 4983 2407 5035 ἐν
2434 4982 2568 5051 αὐτῇ
2604 4976 3008 5047 εὐαγγελίζεται
3040 4975 3293 5045 πρώτοις.
3323 4970 3429 5023 Τοῦ
3451 4968 3508 5022 δὲ
3544 4968 3682 5031 ζωο-

2107 5076 2259 5129 ποιοῦ
2286 5074 2476 5129 τούτου
2509 5070 2674 5124 ποτοῦ
2708 5069 2893 5123 εἰκόνα
2923 5069 3178 5138 παρεῖχεν
3206 5066 3233 5116 ὁ
3272 5062 3460 5131 Σωτὴρ
3492 5059 3678 5129 αἰσθη-

2105 5168 2232 5232 τῶς,
2259 5166 2495 5239 ὁπηνίκα
2526 5163 2705 5234 γάμου
2739 5158 3155 5228 συντελουμένου
3186 5158 3241 5207 ὲν
3280 5154 3429 5206 Κανᾶ
3451 5152 3549 5220 τῆς
3577 5152 3679 5202 Γα-

2106 5261 2337 5323 λιλαίας,
2386 5257 2609 5329 πρῶτον⁸
2628 5254 2926 5327 παράδοξον
2959 5252 3269 5323 εἰργάσατο,
3304 5246 3401 5317 τὴν
3431 5245 3524 5297 τοῦ
3559 5242 3684 5296 ὓδα-

2109 5370 2198 5415 τος
2221 5354 2299 5414 εἰς
2318 5346 2458 5403 οἶνον
2490 5346 2809 5417 μεταϐολήν.

2195 5463 2213 5495 ι
2237 5444 2293 5497 '0
2307 5442 2476 5505 λαδςὸ
2493 5439 2799 5511 καθήμενος
2839 5440 2895 5490 ἐν
2924 5434 3103 5488 σκότει
3136 5426 3239 5484 εἶδε
3268 5429 3381 5498 φῶς
3430 5428 3574 5500 μέγα
3593 5443 3607 5455 ·
3633 5424 3695 5489 οί,

2121 5532 2496 5594 κατοικοῦντες
2527 5531 2584 5581 ἐν
2613 5529 2767 5601 χώρα
2787 5528 2879 5580 καὶ¹
2914 5527 3040 5595 σκιᾷ
3056 5523 3306 5584 θανάτου,
3338 5520 3451 5589 φῶς
3482 5517 3684 5587 λάμψει

2120 5630 2206 5697 ἐφ’
2238 5627 2401 5697 ὑμᾶς.
2436 5643 2454 5676 ι
2493 5622 2602 5677 Καὶ
2631 5621 2804 5681 ἄλλως
2829 5618 2885 5670 δὲ
2905 5619 2959 5669 ἐν
2991 5616 3168 5668 σκότει
3198 5613 3484 5681 ἐτύγχανον
3515 5612 3563 5662 οἱ
3582 5609 3687 5679 πρὸ

2119 5722 2217 5793 τῆς
2248 5716 2595 5788 ἐπιλάμψεως
2632 5712 2725 5767 τοῦ
2761 5708 2992 5782 Χριστοῦ
3035 5709 3091 5761 ἐν
3118 5706 3357 5776 ἀγνωσία
3387 5704 3536 5765 ὅντες
3595 5701 3684 5754 τοῦ
