3976 6194
275 320 379 376 169

1206 309 1718 367 COMMENTARIA
1756 310 1823 365 IN
1862 309 2117 365 ISAIAM.
2157 342 2215 354 —
2265 310 2417 366 CAP.
2458 309 2552 367 lx.

3425 313 3527 371 £50

273 441 458 502 φωτὸς
483 427 581 483 τοῦ
610 424 860 499 ἀληθινοῦ
890 440 904 453 ·
934 424 993 478 ὲν
1026 426 1156 497 σκιᾷ
1187 424 1242 478 δὲ
1273 426 1503 481 θανάτου
1535 425 1676 501 ἦσαν
1702 431 1752 484 oi
1794 429 1858 483 τά

1965 432 2215 488 Christus
2287 432 2663 498 illucesceret,
2720 431 2772 488 in
2838 446 2977 487 verae
3034 431 3172 487 lucis
3224 431 3522 503 ignorantia

275 522 418 594 πρὸς
447 519 674 574 θάνατον
702 515 1128 587 ἁμαρτάνοντες,
1154 517 1294 571 κατά
1320 518 1653 593 τὺ,‹Ψυχὴὴ
1681 523 1861 593 ἀμαρ-

276 614 537 675 τάνουσα,
564 608 698 680 αὑτὴ
728 608 1099 662 ἀποθανεῖται.
1137 626 1157 658 ι
1214 609 1352 663 Ἀλλ’
1379 611 1482 676 ἕως
1518 613 1615 682 μὲν
1668 615 1726 666 ἐν
1782 613 1860 684 τῷ

279 703 510 775 παρόντι
541 700 640 772 βίῳ
667 698 923 770 τυγχάνει
959 698 986 751 6
1049 697 1185 770 πρὸς
1236 700 1462 755 θάνατον
1508 703 1861 774 ἁμαρτάνων,

283 796 383 867 οὐχ
414 793 552 846 οὕτω
583 791 757 861 πάντη
792 789 1169 843 καταπέποται
1204 791 1308 844 ὐπὸ
1357 791 1450 845 τοῦ
1502 793 1751 855 θανάτου.
1783 794 1865 859 ὡς

288 883 651 960 μὴδύνασθαι
690 881 1008 954 μεταϐαλὼν
1059 882 1315 953 σωθῆναι.
1372 884 1487 938 ἀλλ’
1526 885 1647 939 οὐδὲ
1687 886 1860 958 ἀπήλ-

283 978 474 1031 λακται
499 973 665 1028 αὐτοῦ
697 972 996 1035 παντελῶς,
1030 972 1109 1025 διὸ
1142 973 1356 1042 λέγεται
1410 971 1548 1029 εἶναι
1614 976 1672 1029 ἐν
1732 977 1861 1048 σκιᾷ

284 1068 531 1123 θανάτου.
565 1066 712 1137 mm
745 1064 1057 1136 ἐπιλάμψας
1106 1064 1313 1131 τούτοις
1346 1067 1602 1140 πρώτοις,
1635 1069 1732 1141 τὴν
1759 1072 1856 1140 χά-

286 1177 367 1232 ριν
393 1158 488 1213 τοῦ
527 1158 766 1231 μεγάλου
801 1156 977 1225 φωτὸς
997 1157 1307 1230 ἐδωρήσατο
1332 1161 1361 1212 6
1414 1159 1502 1213 διὰ
1556 1160 1665 1214 τῶν
1724 1178 1858 1234 προ-

281 1251 545 1322 κειμένων
580 1249 982 1321 θεσπιζόμενος.
1026 1250 1113 1303 Ἐν
1144 1249 1315 1323 ταύτῃ
1343 1267 1403 1303 τε
1435 1254 1501 1323 τῇ
1530 1250 1681 1323 χώρᾳ
1712 1252 1858 1323 πρώ-

282 1361 351 1416 τῃ
391 1345 641 1399 πλεῖστον
684 1344 810 1397 λαὸν
849 1343 1114 1415 ἐκτήσατο
1142 1384 1157 1409 ,
1213 1342 1288 1407 ὼς
1313 1344 1525 1397 καὶτὸν
1573 1344 1858 1398 ἀποστολι-

281 1436 374 1490 κδν
397 1436 557 1508 χορὸν
592 1435 651 1501 ἐξ
678 1435 857 1489 αὐτῶν
882 1434 1223 1500 ἐκλέξασθαι.
1250 1436 1406 1499 Τίνες
1434 1431 1527 1489 οὖν
1553 1432 1690 1507 ἦσαν
1724 1438 1771 1489 oi
1799 1438 1857 1490 ἐν

285 1529 463 1582 σκότει
492 1529 585 1582 καὶ
610 1530 738 1599 σκιᾷ
760 1527 991 1581 θανάτου
1022 1527 1054 1599 ἢ
1107 1528 1157 1580 oi
1197 1529 1253 1581 ὲν
1279 1527 1521 1599 ἀγνωσία
1568 1527 1662 1581 τοῦ
1722 1528 1857 1582 Θεοῦ

282 1619 341 1672 τὸ
370 1618 498 1690 πρὶν
529 1617 945 1688 κατεσχημένοι,
979 1616 1073 1670 καὶ
1104 1619 1153 1670 οἰ
1180 1616 1257 1689 τῷ
1286 1616 1500 1688 θανάτῳ
1547 1618 1646 1689 τῆς
1680 1617 1857 1689 ψυχῆς

282 1710 663 1781 δεδουλωμένοι
684 1726 699 1775 ;

360 1912 379 1945 ι
414 1891 487 1947 Τὸ
512 1892 757 1946 πλεῖστον
782 1891 871 1947 τοῦ
900 1892 1031 1947 λαοῦ
1059 1892 1088 1947 ὃ
1119 1894 1429 1963 κατήγαγες
1456 1895 1512 1946 ἐν
1544 1895 1853 1968 εὐφροσύνῃ

289 2003 404 2047 σου,
438 1986 531 2039 καὶ
551 1986 1009 2057 εὐφρανθήσονται
1036 1985 1261 2040 ἐνώπιόν
1295 2003 1409 2053 σου,
1442 1986 1519 2048 ὡς
1551 1988 1601 2040 oi
1629 1988 1856 2059 εὐφραι-

289 2077 499 2147 νόμενοι
528 2079 586 2131 ἐν
624 2079 812 2150 ἀμήτῳ
835 2117 850 2141 ,
880 2078 971 2131 καὶ
1000 2077 1059 2131 ὃν
1090 2078 1287 2150 τρόπον
1315 2078 1772 2150 εὐφρανθήσονται
1805 2081 1853 2133 οἱ

285 2169 642 2242 διαιρούμενοι
678 2170 879 2224 σκῦλα·
915 2172 1047 2225 διότι
1076 2172 1501 2245 ἀφαιρεθήσεται
1526 2175 1555 2227 6
1588 2172 1751 2241 ζυγὸς
1768 2174 1853 2226 ἐπ’

284 2262 460 2315 αὐτῶν
480 2264 747 2335 κείμενος.
774 2283 794 2317 ι
836 2266 905 2319 Ἦ
949 2265 1132 2337 ἐπειδὴ
1162 2267 1401 2321 πλεῖστοι
1454 2267 1553 2337 μὲν
1601 2268 1855 2321 ἐπίστευ-

283 2373 405 2420 σαν,
440 2356 656 2421 πλείους
681 2357 737 2411 δὲ
765 2360 832 2430 τῇ
872 2359 1102 2431 ἀπιστίᾳ
1131 2360 1511 2432 ἐναπέμειναν,
1545 2361 1771 2425 εἰκότως
1794 2362 1856 2414 τὸ

282 2447 530 2502 πλεῖστον
580 2447 673 2503 τοῦ
701 2448 835 2503 λαοῦ
866 2450 1115 2505 λέλεκται
1151 2452 1248 2523 τῆς
1279 2452 1548 2524 σωτηρίου
1608 2453 1858 2524 μετειλη-

282 2540 437 2610 φέναι
464 2543 821 2615 εὐφροσύνης.
857 2543 1119 2616 Σημαίνει
1139 2544 1194 2598 δὲ
1220 2543 1311 2599 διὰ
1327 2545 1550 2608 τούτων,
1586 2546 1724 2617 πρὸς
1756 2546 1855 2616 τὴν

282 2635 570 2706 πρόχειρον
596 2636 770 2703 λέξιν·
816 2637 905 2690 Ἐν
1008 2638 1137 2691 ποτὲ
1171 2637 1268 2708 μὲν
1313 2638 1420 2691 ἀπὸ
1458 2638 1620 2691 πέντε
1677 2639 1857 2710 ἀρτων

284 2725 484 2796 πλῆθος
498 2727 706 2798 ἀνδρῶν
730 2727 1180 2799 πεντακισχιλίων
1202 2728 1466 2800 ἐθρέψατο
1497 2730 1554 2782 ἐν
1582 2731 1647 2801 τῇ
1668 2728 1857 2799 δηλου-

285 2818 418 2890 μένη
447 2816 618 2890 χώρᾳ,
671 2817 801 2873 ποτέ
833 2818 895 2884 ἐξ
954 2819 1093 2873 ἑπτὰ
1142 2819 1609 2891 τετρακισχιλίους,
1658 2820 1856 2892 ἄνδρας

284 2912 452 2982 χωρὶς
485 2912 758 2981 γυναικῶν
789 2912 883 2966 καὶ
910 2911 1150 2967 παιδίων.
1187 2912 1278 2967 Διὸ
1308 2912 1553 2966 λέλεκται
1588 2912 1729 2967 κατά
1763 2911 1856 2965 τὸν

286 3002 581 3073 Σύμμαχον
619 3024 637 3055 ι
686 3004 1004 3077 Εὐφροσύνῃ
1034 3004 1415 3077 εὐφράνθησαν
1446 3004 1673 3058 ὲνώποόν
1737 3020 1856 3069 σου,

1961 534 2156 580 erant:
2203 524 2256 578 in
2312 523 2505 577 umbra
2561 534 2739 578 autem
2788 524 2980 579 mortis
3023 532 3207 589 erant,
3265 533 3527 594 quotquot

1962 615 2265 670 mortaltter
2312 622 2709 682 peccaverant,
2759 616 3057 670 secundum
3087 613 3247 670 illud:
3282 632 3301 666 ι
3335 614 3526 670 Anima

1959 724 2078 779 qum
2111 708 2447 778 peccaverit,
2495 707 2614 778 ipsa
2664 708 2925 763 morietur
2956 708 3024 762 ".
3060 725 3079 760 ι
3130 708 3235 762 Sed
3282 708 3526 778 quandiu

1961 798 2005 852 is
2047 797 2137 867 qui
2186 806 2377 868 peccat
2427 797 2502 851 ad‘
2527 807 2776 860 mortem,
2812 796 2865 851 in
2908 798 3161 867 praesenti
3195 798 3299 852 vita
3338 798 3522 867 degit,

1960 907 2064 944 non
2100 891 2172 944 ita
2221 906 2442 958 prorsus
2484 891 2813 946 absorbetur
2843 905 2872 944 a
2913 902 3106 958 morte,
3144 901 3206 946 ut:
3246 907 3353 946 non
3398 907 3531 961 pos-

1958 982 2030 1036 sit
2063 981 2430 1051 resipiscendo
2464 968 2696 1037 salutem
2734 982 2973 1038 nancisci
3002 999 3018 1049 ;
3056 982 3161 1039 seti
3197 997 3298 1039 nec
3336 996 3403 1037 ex
3436 983 3536 1037 il'a

1958 1076 2173 1143 penitus
2223 1074 2521 1139 liberatur,
2575 1089 2749 1143 quare
2806 1076 3009 1130 dicitur
3057 1089 3178 1131 esse
3231 1075 3284 1130 in
3330 1075 3533 1131 umbra

1961 1167 2172 1222 mortis.
2208 1167 2478 1222 Ceterum
2531 1167 2615 1222 Itis
2643 1167 2917 1237 prioribus
2947 1167 3301 1231 illucescens.
3343 1168 3523 1236 magni

1958 1256 2182 1312 luminis
2218 1258 2451 1326 gratiam
2481 1257 2751 1327 elargitus
2774 1267 2856 1312 est
2886 1258 2957 1325 is,
2992 1258 3081 1327 qui
3116 1258 3168 1312 in
3199 1257 3299 1312 hoc
3329 1257 3539 1312 vatici~

1959 1347 2050 1402 nio
2087 1347 2281 1403 fertur.
2338 1349 2394 1404 In
2434 1350 2536 1405 hac
2577 1364 2740 1419 porro
2792 1352 3013 1421 regione
3057 1350 3232 1419 primo
3273 1364 3520 1419 magnam

1957 1437 2143 1508 populi
2177 1438 2577 1495 multitudinem
2612 1441 2934 1510 acquisivit,
2980 1442 3050 1496 ita
3089 1450 3148 1494 ut
3188 1441 3352 1494 etiam
3396 1455 3525 1511 apo-

1958 1530 2213 1587 stolicum
2259 1532 2489 1588 chorum
2539 1549 2606 1589 cx
2649 1549 2717 1588 ea
2780 1534 3064 1604 deligeret.
3111 1531 3341 1599 Quinam
3394 1546 3546 1601 ergo-

1957 1633 2117 1678 erant
2149 1622 2221 1677 illi
2272 1623 2324 1678 in
2373 1624 2614 1679 tenebris
2649 1633 2705 1679 et
2744 1627 2935 1679 umbra
2986 1626 3177 1681 mortis
3205 1633 3523 1689 versantes,

1959 1714 2064 1770 nisi
2093 1715 2185 1784 qui
2215 1715 2368 1785 prius
2400 1715 2707 1784 ignorantia
2739 1716 2834 1771 Dei
2870 1717 3272 1780 detinebantur,
3297 1726 3353 1772 et
3380 1732 3537 1770 IllOl'-~

1888 1781 1927 1835 Β
1961 1809 2029 1863 tis
2059 1781 2255 1862 animae
2287 1781 2537 1862 servituti
2592 1808 2799 1864 addicti
2843 1810 3036 1864 erant?

2029 1900 2197 1955 Vens.
2225 1901 2345 1955 3-4.
2399 1918 2417 1952 ι
2465 1899 2750 1957 Multitudo
2794 1902 3014 1972 populi,
3056 1919 3216 1972 quam
3251 1902 3540 1957 dedua-isti'

1955 1994 2010 2047 in
2052 1993 2239 2048 laetitia
2288 2002 2402 2059 tua,
2455 2000 2512 2047 et
2550 1993 2878 2049 lmtabuntur
2913 2008 3098 2050 coram
3140 2003 3211 2059 te,
3258 1994 3397 2049 sicut
3431 1994 3537 2064 qui'

1957 2084 2207 2139 lmtantur
2254 2085 2307 2140 in
2342 2099 2543 2149 messe,
2586 2094 2639 2140 et
2686 2085 3142 2155 quemadmodum
3199 2085 3537 2139 laetabuntur

1954 2175 2046 2244 qui
2078 2175 2323 2231 dividunt
2362 2175 2583 2246 spolia:
2636 2177 2762 2246 quia
2820 2175 3100 2231 auferetur
3145 2175 3336 2247 jugum
3390 2176 3535 2241 ipsis

1956 2268 2292 2338 impositum.
2346 2286 2366 2320 ι
2425 2269 2592 2332 Sive,
2645 2268 2771 2337 quia
2820 2268 2975 2323 multi
3019 2268 3238 2340 quidem
3285 2269 3532 2325 credide-

1959 2367 2126 2420 runt,
2175 2358 2270 2413 sed
2323 2357 2494 2414 multo
2546 2357 2731 2429 plures
2780 2359 2833 2413 in
2883 2358 3261 2414 incredulitate
3312 2374 3530 2414 manse-

1958 2461 2107 2517 rant,
2147 2450 2270 2518 jure
2295 2452 2497 2508 dicitur
2543 2451 2740 2506 multus
2770 2467 2834 2505 rx
2869 2451 3065 2522 popqu
3099 2453 3361 2507 salutaris
3395 2454 3530 2507 la-ti-

1959 2544 2047 2599 tire
2078 2554 2361 2599 consortes
2412 2542 2601 2598 fuisse.
2659 2542 2753 2598 His
2793 2558 2954 2612 porro
3005 2544 3299 2614 significat,
3350 2545 3526 2612 quoad

1956 2636 2175 2690 obvium
2216 2635 2412 2690 litterze
2461 2649 2721 2701 sensum,
2760 2636 3034 2705 regionem
3089 2634 3257 2700 illam,
3304 2636 3393 2689 [Illi
3428 2636 3527 2690 ali-

1955 2728 2174 2800 quando
2204 2742 2271 2784 ex
2303 2728 2547 2797 quinque
2573 2728 2803 2797 panibus
2848 2728 3060 2781 turbam
3094 2727 3335 2782 virorum
3365 2728 3524 2795 quin-

1956 2837 2061 2893 que
2096 2819 2321 2875 millium
2356 2822 2655 2887 enutrivit;
2676 2819 2967 2888 aliquando
3004 2828 3183 2873 autem
3215 2832 3282 2873 e’x
3314 2828 3530 2888 Sl'plcm.

1958 2908 2203 2981 panibus,
2248 2918 2484 2977 quatuor
2530 2908 2696 2963 millia
2742 2907 3004 2971 virorum,
3038 2917 3234 2977 praeter
3269 2908 3524 2962 mulieres

1958 3011 2013 3057 et
2071 3001 2351 3071 parvulos.
2395 3002 2762 3068 Quamobrem
2822 3000 3027 3055 dictttm
3086 3007 3172 3055 est
3222 3000 3521 3055 secundum

287 3094 366 3160 ὡς
396 3095 731 3167 εὐφροσύνην
777 3098 835 3149 ἐν
859 3095 1119 3167 Θερισμῷ.
1164 3116 1186 3148 ›
1236 3096 1393 3150 Οῦτω
1426 3095 1558 3165 γοῦν
1590 3096 1641 3150 oi.
1679 3097 1736 3149 ἐν
1765 3095 1855 3149 θε-

1962 3093 2370 3167 Symmachum,
2406 3111 2426 3146 ι
2479 3092 2690 3149 latitia
2734 3090 2898 3147 laetati
2953 3101 3082 3147 sunt
3131 3092 3184 3147 in
3233 3104 3531 3163 conspectui
3590 3116 3597 3123 ο

292 3184 476 3256 ρισμῷ
497 3186 815 3258 τρεφόμενοι
844 3185 1220 3258 ⁴Ιθλθροισμένως
1240 3187 1381 3241 κατά
1407 3186 1468 3241 τὸ
1494 3187 1626 3241 αὐτὸ
1656 3204 1859 3258 συμποι-

291 3277 496 3341 σιάζειν
546 3276 784 3332 είώθασι.
816 3277 972 3332 Κατά
1021 3278 1257 3332 διάνοιαν
1288 3278 1344 3332 δέ
1364 3281 1412 3333 oi
1452 3279 1735 3333 ἀπόστολοι
1761 3278 1856 3333 τοῦ

286 3369 537 3441 Σωτῆρος
565 3370 717 3441 ἡμῶν
751 3373 842 3425 καὶ
864 3372 914 3424 oi
943 3369 1143 3424 τούτων
1171 3370 1404 3442 διάδοχοι
1422 3411 1438 3435 ,
1469 3371 1599 3425 οἵτε
1637 3372 1715 3434 εἰς
1740 3370 1858 3425 δεῦ-

288 3478 349 3533 ρο
379 3462 486 3516 τῶν
507 3463 811 3535 ἐκκλησιῶν
854 3462 1018 3518 αὐτοῦ
1046 3463 1406 3536 προεστῶτες,
1430 3464 1527 3535 τῆς
1550 3464 1734 3519 ἐνθέου
1764 3464 1857 3517 εὐ-

284 3555 555 3626 φροσύνης
584 3554 987 3626 μετελάμϐανον
1019 3552 1249 3609 ἐνώπιον
1278 3554 1374 3608 τοῦ
1406 3555 1656 3627 Σωτῆρος
1676 3556 1855 3627 ἡμῶν,

282 3646 437 3717 δίκην
465 3646 731 3718 ἀμὼντων
755 3647 1142 3719 ἐργαζόμενοι·
1186 3648 1414 3719 ἐπείπερ
1447 3648 1676 3720 ἐργάται
1718 3644 1858 3721 ἦσαν

286 3738 381 3792 τοῦ
410 3738 669 3812 θερισμοῦ
693 3743 801 3797 τῶν
836 3742 1028 3807 ἐθνῶν,
1085 3744 1488 3817 ἐμπιπλάμενοι
1521 3746 1858 3819 εὐφροσύνης

290 3832 386 3885 ἐπὶ
420 3833 497 3904 τῷ
524 3834 712 3906 πλήθει
748 3835 857 3889 τῶν
888 3835 1007 3889 καθ’
1049 3838 1286 3910 ἐκάστην
1320 3838 1616 3911 ἐκκλησίαν
1667 3838 1855 3910 ληῖων.

296 3944 314 3974 ι
345 3924 487 3977 Διότι
508 3926 781 3999 ἀφῄρηται
807 3929 836 3981 6
876 3925 1036 3997 ζυγὸς
1062 3930 1091 3983 6
1118 3929 1206 3982 ἐπ’
1227 3930 1406 3984 αὐτῶν
1430 3931 1709 4001 κείμενος,
1763 3929 1859 3982 καὶ

286 4016 320 4086 ἡ
354 4014 547 4085 ῥάϐδος
575 4019 667 4070 ἐπὶ
695 4018 789 4072 τοῦ
836 4006 1104 4090 τραχήλου
1164 4019 1363 4074 αὐτῶν.
1404 4040 1423 4072 ι
1479 4020 1859 4074 Ἀπεσείσαντο

286 4106 376 4160 τὸν
403 4107 571 4179 βαρὺν
603 4107 765 4178 ζυγὸν
789 4103 884 4162 τοῦ
916 4111 980 4179 τῇ
1026 4108 1236 4181 δουλείᾳ
1289 4110 1387 4181 τῆς
1439 4109 1712 4181 ἁμαρτίας
1760 4109 1857 4162 αὐ-

286 4199 414 4263 τοὺς
449 4200 860 4268 ὐποζεύξαντος,
896 4204 989 4257 καὶ
1028 4201 1207 4274 ῥάϐδῳ
1246 4201 1336 4255 τὸν
1363 4200 1630 4274 τράχηλον
1681 4198 1858 4253 αὐτῶν

288 4290 771 4361 κατακάμπτοντος
790 4310 803 4323 ι
838 4292 924 4346 ῐνα
960 4293 1020 4346 τὸ
1068 4292 1418 4346 ἀποστολικδν
1461 4292 1721 4362 κήρυγμα
1760 4291 1857 4361 τῆς

286 4381 466 4452 ψυχῆς
491 4383 916 4448 καταϐάλλοντες
945 4385 1019 4456 μὴ
1050 4386 1366 4455 ὑποκύψωσι
1412 4387 1477 4456 τῇ
1513 4383 1723 4456 δουλείᾳ
1758 4383 1858 4454 τῆς

1962 3201 2074 3255 tuo,
2121 3190 2262 3243 sicut
2300 3188 2485 3242 latitia
2540 3187 2595 3243 in
2655 3201 2850 3242 messe.
2891 3204 2912 3238 ι
2969 3186 3062 3242 Sic
3107 3186 3288 3257 itaque
3330 3188 3421 3256 qui
3474 3187 3524 3241 in

1960 3298 2139 3339 messe
2178 3283 2515 3348 nutriuntur,
2559 3280 2851 3337 confertim
2890 3289 2946 3335 et
2992 3280 3150 3335 simul
3188 3281 3394 3352 epulari
3435 3296 3527 3335 εο-

1960 3375 2090 3429 lent.
2135 3374 2449 3430 Secundum
2484 3372 2822 3442 intelligendi
2871 3374 3138 3428 rationem
3186 3388 3353 3439 vero,
3398 3388 3529 3441 apu-

1957 3464 2079 3520 stoli
2111 3464 2411 3519 Salvatoris
2455 3465 2652 3527 nostri.
2685 3478 2898 3519 necnon
2930 3479 3119 3520 eorum
3156 3479 3524 3526 successores,

1957 3555 2113 3621 acii,
2145 3556 2235 3626 qui
2281 3556 2349 3609 ad
2392 3556 2496 3611 hoc
2538 3570 2709 3624 usque
2752 3564 2963 3623 tempus
3012 3554 3367 3611 ecclesiarum
3410 3556 3534 3623 ejus

1957 3646 2214 3717 praesules
2242 3646 2489 3709 fuerunt,
2537 3647 2741 3701 divinae
2758 3646 2957 3701 laetitia:
2986 3647 3041 3701 in
3075 3658 3370 3715 conspectu
3406 3648 3528 3702 Sal.-

1960 3739 2165 3794 vatoris
2204 3739 2378 3795 nostri
2434 3741 2727 3811 participes
2760 3751 2941 3805 erant,
2986 3740 3302 3794 metentium
3355 3740 3528 3794 instar

1957 3842 2265 3904 operantes,
2306 3832 2434 3903 quia
2489 3834 2684 3890 messis
2730 3834 3010 3906 gentilium
3067 3834 3307 3903 operarii
3344 3843 3526 3891 erant.

1958 3926 2163 3998 perfusi
2201 3926 2403 3994 gaudio
2445 3927 2515 3982 ob
2565 3927 2837 3984 fructuum
2891 3927 2947 3982 in
3001 3926 3231 3998 singulis
3279 3926 3529 3982 ecclesiis

1957 4016 2359 4074 abundantiam.
2397 4036 2416 4071 ι
2441 4018 2576 4085 Quia
2601 4018 2838 4074 ablatum
2868 4028 2951 4073 est
2974 4019 3163 4090 iugum
3195 4019 3327 4085 ipsis
3352 4020 3527 4089 impn-

1957 4111 2142 4175 situm,
2181 4119 2239 4165 et
2270 4111 2422 4180 virga
2460 4126 2622 4180 supra
2663 4110 2861 4166 collmn
2905 4126 3117 4165 eorum.
3171 4129 3190 4164 ι
3225 4111 3403 4167 Grave
3437 4112 3525 4181 ju-

1958 4218 2083 4273 gum
2111 4201 2240 4257 illud
2291 4213 2676 4266 excusserunt,
2726 4202 2844 4272 ejus
2890 4202 2981 4272 qui
3014 4203 3235 4273 peccati
3275 4204 3526 4257 servituti

1959 4308 2018 4350 se
2069 4292 2385 4365 colligabat,
2436 4294 2638 4362 quique
2667 4296 2818 4363 virga
2867 4306 3031 4368 caput
3077 4296 3316 4364 ipsorum
3347 4294 3531 4364 depri-

1964 4382 2175 4448 mebat;
2230 4391 2290 4437 ut
2341 4382 2696 4452 apostolicam
2749 4384 3193 4453 praedicationem
3242 4384 3297 4438 in
3346 4384 3531 4437 anima

289 4477 584 4547 ἁμαρτίας.
610 4479 678 4531 Ἣ
694 4478 831 4549 τάχα
849 4480 878 4531 6
901 4479 1069 4534 πάλαι
1094 4481 1207 4543 τοῖς
1256 4477 1470 4541 σκύλοις
1491 4476 1854 4547 ἐπικείμενος,

1962 4473 2290 4539 fundantes,
2344 4488 2405 4529 se
2449 4475 2657 4544 peccati
2714 4476 2964 4531 servituti
3005 4490 3111 4531 non
3168 4472 3529 4529 innectereut.

290 4568 474 4637 φησὶν,
504 4568 782 4641 ἀφῄρηται
806 4568 984 4640 ζυγὸς,
1007 4570 1103 4625 καὶ
1133 4572 1167 4641 ἡ
1189 4568 1380 4642 ῥάϐδος
1405 4569 1439 4639 ἡ
1472 4569 1564 4621 ἐπὶ
1594 4566 1686 4622 τοῦ
1730 4584 1863 4639 τρα-

290 4658 452 4730 χήλου
483 4659 592 4714 τῶν
622 4662 800 4716 αὐτῶν
828 4662 1056 4718 σκύλων.
1090 4661 1258 4742 Ζυγδς
1287 4660 1397 4731 γὰρ
1417 4656 1487 4732 ἦν
1527 4659 1697 4731 βαρὺς
1741 4662 1861 4723 ταῖς

288 4750 367 4822 τῷ
389 4751 618 4825 διαϐόλῳ
644 4754 841 4825 ψυχαῖς
869 4754 1288 4827 δεδουλωμέναις
1338 4752 1685 4825 ἐπικείμενος
1703 4766 1720 4783 ·
1768 4754 1864 4806 καὶ

290 4842 483 4913 ῥάϐδος
504 4843 763 4917 θανατικὴ
788 4846 878 4900 τὸν
903 4846 1172 4918 τράχηλον
1201 4844 1379 4899 αὐτῶν
1400 4842 1869 4915 κατακάμπτουσα

284 4936 387 4988 καὶ
416 4937 564 4991 κάτω
590 4938 765 4992 νεύειν
806 4939 1032 4993 ποιοῦσα
1053 4956 1067 4969 ⁸
1101 4931 1175 4992 ὧν
1202 4936 1570 5009 ἀφῃρημένων
1592 4987 1604 5002 ,
1640 4935 1860 4998 εἰκότως

288 5025 507 5098 ἔχαιρον
529 5029 579 5081 oi
604 5027 969 5100 διαιρούμενοι
995 5028 1061 5083 τὰ
1091 5029 1261 5084 σκῦλα
1287 5027 1481 5083 ταῦτα.

366 5225 385 5258 ι
424 5207 535 5281 Τὴν
575 5209 686 5283 γάρ
733 5211 924 5282 ῥάϐδον
977 5212 1084 5265 τῶν
1131 5211 1508 5268 ἀπαιτούντων
1549 5209 1864 5264 διεσκέδασε

289 5298 514 5371 Κύριος,
562 5303 638 5366 ὡς
666 5305 733 5374 τῇ
767 5304 949 5375 ἡμέρᾳ
978 5306 1043 5375 τῇ
1100 5305 1191 5357 ἐπὶ
1217 5304 1463 5375 Μαδιάμ.
1507 5322 1525 5355 ι
1568 5301 1858 5355 Θεοδοτίων

291 5391 497 5462 μέντοι,
521 5392 616 5447 τοῦ
669 5395 1101 5459 «ἀπαιτοῦντοςη
1142 5398 1505 5467 ἡρμήνευσεν,
1542 5393 1735 5457 ἑνικῶς
1768 5394 1860 5446 τὸν

287 5481 622 5535 ἀπαιτοῦντα
668 5484 763 5537 καὶ
792 5484 1170 5555 ἐκπράσσοντα
1207 5485 1480 5554 σημήνας’
1510 5482 1750 5552 δηλονότι
1769 5482 1860 5538 τὸν

286 5568 553 5636 διάϐολον,
582 5571 641 5636 ὃς
660 5573 982 5645 ἐκπράσσων
1008 5572 1229 5628 διετέλει
1255 5572 1353 5639 τὰς
1402 5572 1508 5627 τῶν
1560 5569 1858 5641 ἀνθρώπιον

370 5775 417 5805 ³⁸
455 5772 651 5829 Evicit.
685 5789 840 5841 ινιιι,
871 5773 925 5828 ι.

1959 4566 2084 4621 Sive
2123 4564 2383 4632 fortasse,
2417 4566 2633 4635 jugum,
2662 4566 2759 4630 ait,
2806 4567 2993 4636 spoliis
3034 4567 3161 4620 olim
3195 4566 3529 4635 impositum,

1960 4657 2200 4712 ablatum
2247 4668 2368 4724 est,
2411 4673 2621 4713 necnon
2666 4660 2813 4729 virga
2864 4658 3176 4713 earumdem
3234 4657 3530 4726 spoliorum

1962 4750 2100 4806 collo
2135 4750 2405 4821 imposita.
2437 4748 2615 4806 Grave
2645 4752 2845 4821 quippe
2868 4751 3058 4819 iugum
3102 4758 3217 4803 erat
3248 4748 3535 4802 animabus

1965 4842 2164 4898 diaboli
2208 4842 2459 4897 servituti
2506 4842 2767 4910 subjectis
2804 4843 3144 4912 impositum,
3186 4857 3251 4896 ac
3288 4841 3536 4896 utortalis

1968 4933 2140 5002 virga,
2180 4946 2302 5002 quae
2349 4932 2546 4987 collum
2576 4934 2929 5000 deprimeret,
2965 4948 3030 4986 ac
3082 4934 3333 4988 deorsum
3376 4931 3533 4985 incli-

1968 5024 2085 5078 nari
2131 5032 2394 5094 cogeret:
2426 5024 2625 5095 quibus
2661 5024 2858 5079 ablatis
2903 5024 3096 5080 merito
3121 5024 3429 5096 gaudebant
3474 5023 3534 5090 ii,

1967 5114 2056 5185 qui
2087 5114 2203 5170 haec
2234 5115 2405 5185 spolia
2438 5115 2774 5171 dividebant.

2040 5204 2206 5259 Vsus.
2239 5206 2295 5261 5.
2344 5223 2364 5257 ι
2424 5204 2638 5277 Virgam
2685 5206 2831 5259 enim
2873 5216 3191 5261 exactorum
3244 5193 3535 5276 dissipavit

1969 5298 2227 5352 Dominus
2254 5296 2419 5353 sicut
2472 5297 2523 5351 in
2569 5297 2658 5351 die
2704 5296 2934 5352 illadian.
2979 5316 2999 5349 ι
3052 5296 3352 5353 'l‘beodotio
3398 5314 3531 5354 sane

1966 5389 2227 5444 exactura“:
2265 5388 2648 5459 interpretatus
2682 5398 2784 5451 est,
2834 5399 3177 5458 expetentem
3212 5398 3269 5445 et
3310 5398 3531 5444 exacto-

1968 5494 2079 5534 rem
2118 5477 2463 5549 singulariter
2512 5478 2826 5546 exprimens
2851 5516 2867 5543 ,
2921 5479 3172 5535 videlicet
3215 5478 3538 5545 diabolum,

1966 5571 2057 5642 qui
2089 5571 2364 5629 exactoris
2396 5573 2754 5631 humanarum
2787 5572 3089 5630 animarum
3117 5574 3290 5631 vicem
3318 5573 3524 5643 agebat
