4068 6198
407 254 506 315 151

1080 252 1347 311 EUSEBII
1388 254 1861 312 CESARIENSIS
1898 257 2049 314 OPP.
2090 258 2268 313 PARS
2303 255 2392 313 lii.
2430 290 2501 301 —
2537 256 2949 315 EXEGETICA.

3543 255 3644 310 152

408 384 462 429 et
505 374 658 445 quasi
711 373 992 443 vectigalia
1046 376 1405 444 exposcebat,
1457 376 1708 431 nimirum
1757 390 1973 447 peccata

2082 378 2280 450 ψυχάςε
2307 381 2403 435 καὶ
2428 380 2626 450 φόρους
2657 378 2844 451 ὥσπερ
2867 378 3132 443 ἀπαιτῶν,
3169 378 3267 443 τὰς
3317 382 3649 450 χορηγουμέ-

409 483 526 533 qua:
586 466 655 519 illi
710 465 1088 519 admittebant.
1140 466 1372 521 Historia
1424 484 1550 523 vero
1604 467 1812 524 Madian
1855 486 1977 539 spe-

409 567 563 610 ctans
592 564 772 610 exstat
805 556 855 608 in
904 554 1040 609 libro
1070 554 1318 611 Judicum
1353 575 1365 608 :
1410 571 1701 630 narratque
1735 575 1979 631 tempore

409 645 696 704 Gedeonis.
730 647 975 701 inimicos
999 662 1106 703 non
1139 647 1401 703 instructa
1442 666 1711 707 armorum
1740 655 1857 709 acie
1895 670 1978 709 su-

408 750 625 806 peratos
674 737 880 804 fuisse,
930 740 1025 793 sed
1101 742 1305 794 occulta
1335 780 1351 804 ,
1401 743 1654 798 invisibili
1703 754 1757 799 et
1799 747 1977 800 divina

408 828 629 882 virtute.
678 828 768 883 Sic
802 829 1002 896 itaque,
1038 830 1264 898 perinde
1295 837 1460 899 atque
1492 830 1800 886 Madianitis
1829 833 1977 887 acci-

406 922 508 983 dit,
540 921 727 975 hostes
758 922 969 975 occulta
1002 937 1163 976 manu
1193 925 1429 991 superati
1462 934 1617 984 sunt:
1651 937 1812 993 atque
1840 941 1980 981 nunc

407 1016 483 1068 ait
510 1014 825 1083 dissipatam
858 1014 1024 1071 fuisse
1051 1017 1259 1085 virgam
1290 1020 1567 1074 exactoris
1610 1019 1843 1085 diaboli,
1880 1036 1979 1075 nec

408 1125 515 1163 non
553 1109 784 1163 aliorum
821 1108 912 1178 qui
953 1124 1073 1163 cum
1110 1124 1176 1163 eo
1222 1111 1430 1165 animas
1477 1111 1756 1165 hominum
1792 1112 1977 1181 exige-

411 1202 563 1252 bant.
594 1199 745 1253 Alius
773 1213 900 1253 vero
934 1215 1039 1253 non
1070 1201 1387 1270 exigentium
1407 1240 1423 1266 ,
1471 1202 1587 1266 sed,
1635 1203 1980 1272 inobsequen-

409 1290 562 1351 tium,
613 1290 770 1349 dixit.

484 1401 502 1433 ι
539 1382 671 1447 Quia
731 1397 944 1437 omnem
994 1382 1248 1437 amictum
1287 1383 1411 1438 dolo
1442 1383 1751 1448 collectum,
1785 1393 1843 1439 et
1887 1400 1979 1440 ve-

406 1476 721 1528 stimentum
765 1490 887 1529 cum
948 1476 1373 1530 commutatione
1427 1477 1718 1530 restituent
1768 1486 1822 1531 et
1887 1492 1980 1530 cu-

408 1568 589 1634 pient,
625 1569 668 1622 si
706 1569 839 1621 [iant
888 1568 1013 1635 igne
1053 1569 1341 1622 combusti.
1384 1586 1404 1619 ι
1440 1566 1576 1634 Quia
1620 1584 1739 1624 cum
1789 1569 1979 1623 diabo-

409 1661 491 1712 lus
522 1670 771 1714 ornatum
812 1664 1007 1718 animm
1040 1672 1096 1717 et
1140 1663 1397 1717 amictum
1447 1662 1595 1730 ejus,
1640 1672 1805 1728 atque
1837 1663 1981 1715 tuni-

2079 489 2171 535 νας
2197 471 2374 526 αὐτῶν
2399 472 2689 542 ἁμαρτίας.
2722 475 2915 527 Κεῖται
2937 471 2993 524 δὲ
3015 473 3049 543 ἡ
3099 473 3224 544 περὶ
3278 472 3379 541 τῆς
3429 471 3651 539 Μαδιάμ

2080 564 2289 635 ἱστορία
2315 566 2372 616 ἐν
2404 567 2516 627 τοῖς
2549 566 2800 637 Κριταῖς,
2830 569 3157 640 περιέχουσα
3186 566 3261 630 ὡς
3290 564 3383 619 ἐπὶ
3418 561 3513 616 τοῦ
3557 562 3653 613 Γε-

2076 654 2211 706 δεὼν
2234 655 2331 724 οὐχ
2357 653 2537 707 ὃπλων
2587 657 2889 727 παρατάξει
2936 658 3240 728 νενίκηνται
3282 659 3330 710 οἰ
3382 656 3651 725 πολέμιοι,

2077 744 2192 798 ἀλλ’
2225 747 2420 813 ἀφανεῖ
2434 747 2525 799 καὶ
2557 747 2792 819 ἀοράτῳ,
2826 750 2920 802 καὶ
2972 750 3121 822 θεῖκῇ
3161 751 3406 820 δυνάμει.
3466 745 3655 810 Οὕτως

2077 827 2168 885 οὖν
2194 831 2269 896 ὡς
2290 833 2385 886 ἐπὶ
2417 838 2528 897 τοῖς
2560 837 2783 907 Μαδιάμ
2808 839 3133 909 ἐνικήθησαν
3160 840 3208 892 οἰ
3241 838 3484 908 πολέμιοι
3509 836 3653 907 χειρί⁵

2078 922 2343 992 κρυφαία,
2376 925 2470 976 καὶ
2501 925 2595 977 νῦν
2628 943 2760 995 φησι
2788 927 3159 992 διεσκεδάσθαι
3189 928 3286 999 τὴν
3330 927 3520 999 ῥάϐδον
3557 924 3651 980 τοῦ

2079 1014 2435 1079 ἀπαιτοῦντος
2460 1016 2726 1083 διαϐόλου,
2766 1019 2987 1073 καὶτῶν
3016 1022 3112 1075 σὺν
3143 1020 3289 1091 αὐτῷ
3318 1019 3416 1081 τὰς
3474 1017 3656 1089 ψυχὰς

2077 1103 2184 1157 τῶν
2210 1106 2511 1179 ἀνθρώπων
2560 1111 2999 1182 ἐκπρασσόντων.
3048 1113 3271 1186 Ἕτερος
3296 1112 3352 1165 δὲ
3377 1113 3436 1165 οὐ
3490 1131 3507 1162 ι
3546 1110 3657 1179 τῶν

2079 1197 2450 1253 ἀπαιτούντων
2478 1222 2497 1253 ›
2547 1201 2672 1274 ἔφη,
2720 1204 2858 1258 ἀλλὰ
2919 1224 2938 1257 ι
2976 1206 3083 1260 τῶν
3137 1206 3502 1261 ἀπειθούντων
3527 1225 3544 1258 t
3577 1199 3659 1260 εῖ-

2079 1306 2200 1343 πεν.

2155 1383 2309 1436 «Ὅτι
2332 1387 2511 1439 πᾶσαν
2545 1389 2736 1457 στολὴν
2768 1391 3202 1462 ἐπισυνηγμένην
3228 1391 3380 1463 δόλῳ,
3406 1391 3500 1444 καὶ
3531 1389 3660 1461 ἰμά-

2076 1492 2188 1528 τιον
2219 1478 2357 1547 μετά
2384 1480 2726 1552 καταλλαγῆς
2755 1483 3089 1547 ἀποτίσουσι,
3120 1485 3211 1537 καὶ
3244 1483 3577 1554 θελήσουσιν,
3606 1486 3655 1536 εἰ

2079 1566 2325 1634 ἐγένοντο
2390 1571 2769 1642 πυρίκαυστοι.
2816 1592 2833 1622 ι
2913 1572 3128 1645 Ἐπειδὴ
3179 1574 3270 1627 τὸν
3328 1574 3529 1644 κόσμον
3554 1573 3659 1644 τῆς

2078 1658 2255 1731 ψυχῆς
2313 1662 2408 1715 καὶ
2470 1663 2567 1735 τὴν
2614 1667 2805 1737 στολὴν
2864 1668 3055 1737 αὐτῆς,
3097 1666 3187 1720 τόν
3242 1684 3301 1719 τε
3336 1667 3434 1738 τῆς
3484 1665 3659 1737 ἀρχῆς

406 1766 523 1805 cam
554 1754 923 1822 principatus,
972 1770 1077 1824 qua
1126 1754 1472 1818 induebatur,
1513 1753 1657 1807 illam
1705 1754 1973 1823 captivam

2082 1751 2303 1821 χιτῶνα,
2327 1754 2385 1806 ὃν
2418 1756 2789 1827 περιεϐάλετο,
2842 1759 3077 1831 συλήσας
3107 1758 3422 1823 ὁδιάόὸλος,
3450 1760 3537 1812 ὅτε
3563 1760 3658 1811 αὑ-

409 1842 633 1904 duceps,
668 1842 1006 1912 diripuisset,
1050 1844 1248 1898 nudam
1297 1843 1445 1896 illam
1496 1858 1559 1897 ac
1606 1843 1803 1898 [tedam
1849 1844 1974 1898 reli—

405 1937 556 2004 quit:
594 1936 710 2001 ejus
750 1938 874 1990 item
924 1937 1187 2002 comites,
1229 1937 1554 1991 adversariae
1579 1945 1873 2003 potestates
1910 1935 1978 1990 ab

406 2042 471 2081 ea
521 2029 780 2083 tributum
813 2029 1123 2097 exigebant,
1165 2028 1291 2082 dolo
1342 2036 1395 2082 et
1426 2027 1638 2082 fallacia
1683 2038 1870 2081 contra
1916 2028 1978 2080 il-

407 2122 513 2175 lam
545 2131 797 2183 utentes;
836 2123 959 2190 jure
1006 2133 1287 2176 exactores
1338 2122 1456 2175 illos
1505 2121 1683 2173 omnia
1735 2122 1977 2189 persolu-

408 2224 561 2267 turos
588 2230 709 2268 esse
738 2215 869 2267 dicit
920 2214 1157 2281 Spiritus
1215 2213 1589 2281 propheticus,
1646 2212 1730 2264 his
1772 2212 1972 2273 verbis,

412 2324 430 2357 ι
471 2304 701 2360 Omnem
744 2306 999 2360 amicutm
1054 2304 1175 2359 dolo
1226 2305 1536 2365 collectum.
1582 2317 1636 2359 et
1679 2305 1976 2359 vestimen-

409 2408 517 2450 tum
567 2412 689 2452 cum
743 2398 1173 2452 commutatione
1220 2397 1524 2451 restituent.
1574 2417 1595 2450 ι
1644 2397 1809 2452 Iidem
1846 2412 1976 2451 vero

410 2488 507 2557 ipsi
543 2490 634 2559 qui
669 2489 798 2542 olim
831 2492 900 2543 ab
934 2490 1218 2544 animabus
1247 2489 1525 2542 hominum
1557 2489 1837 2561 vectigalia
1878 2504 1977 2545 ex-

408 2592 717 2650 poscerent,
761 2583 942 2635 omnia
993 2582 1045 2635 in
1105 2592 1404 2637 memorato
1450 2593 1692 2652 tempore
1746 2582 1974 2637 soluturi

406 2688 527 2728 esse
555 2674 831 2729 dicuntur.

480 2764 641 2821 Vens.
672 2765 725 2820 6.
764 2785 781 2816 ι
825 2766 960 2833 Quia
997 2765 1253 2836 parvulus
1297 2776 1459 2821 natus
1490 2776 1567 2821 est
1602 2765 1785 2831 nobis,
1828 2774 1885 2819 et
1917 2766 1979 2819 ti-

408 2858 511 2913 lius
540 2860 700 2912 datus
735 2869 819 2912 est
862 2859 1057 2913 nobis:
1106 2858 1261 2925 cujus
1304 2860 1641 2928 principatus
1679 2858 1856 2913 iactus
1896 2868 1979 2912 est

407 2965 568 3017 super
619 2955 902 3005 humerum
953 2951 1088 3018 ejus.
1150 2950 1215 3005 Et
1267 2952 1554 3005 vocabitur
1591 2965 1786 3007 nomen
1838 2952 1975 3021 ejus,

411 3042 589 3109 ntagui
632 3041 848 3095 consilii
890 3044 1135 3112 angelus.
1168 3044 1445 3097 Adducam
1476 3043 1619 3097 enim
1654 3056 1842 3110 pacem
1886 3059 1980 3096 su-

409 3153 510 3207 per
545 3137 839 3206 principes,
868 3153 1053 3205 pacem
1082 3147 1138 3191 et
1164 3138 1450 3193 sanitatem
1485 3138 1604 3206 ipsi.
1643 3155 1662 3189 ι
1704 3137 1976 3204 Quasnam

410 3229 685 3298 principes
724 3238 1008 3292 memorat,
1051 3230 1155 3283 nisi
1200 3244 1294 3283 eos
1337 3229 1431 3299 qui
1466 3230 1533 3283 ab
1567 3229 1683 3298 ipso
1726 3231 1791 3282 ad
1835 3231 1981 3299 prin-

410 3324 647 3391 cipatum
699 3324 753 3377 in
807 3324 1047 3378 Ecclesia
1118 3324 1415 3392 gerendum
1472 3323 1753 3378 constituti
1813 3324 1981 3376 sunt?

410 3413 715 3483 Discipulos
747 3416 866 3469 dico
893 3425 946 3467 et
974 3415 1255 3484 apostolos
1288 3415 1480 3483 ipsius.
1532 3430 1741 3469 necnon
1792 3429 1979 3469 eorum

411 3521 509 3575 per
559 3515 729 3560 totum
764 3508 952 3562 orbem
1007 3522 1372 3571 successores,
1425 3508 1624 3575 quibus
1666 3507 1847 3559 datum
1898 3515 1981 3559 est

410 3606 472 3651 ut
510 3612 641 3651 sana
674 3609 853 3651 tuente
896 3608 1101 3658 essent,
1152 3609 1204 3649 et
1258 3614 1443 3666 pacem
1492 3606 1677 3649 mutuo
1717 3596 1975 3657 colerent,

410 3706 533 3745 cum
586 3690 717 3759 ipsis
748 3691 973 3754 diceret,
1013 3710 1032 3741 ι
1067 3690 1263 3744 Pacem
1314 3705 1487 3743 meam
1540 3694 1609 3743 do
1653 3690 1830 3755 vobis,
1879 3703 1977 3758 pa-

410 3798 527 3837 cem
583 3798 757 3836 meam
816 3782 1063 3851 relinquo
1122 3780 1296 3834 vobis.
1368 3779 1592 3848 Magnus
1645 3780 1979 3848 principatus

410 3868 550 3934 ejus,
582 3878 637 3921 et
676 3869 826 3936 pacis
858 3870 975 3939 ejus
1028 3884 1133 3921 non
1185 3870 1292 3922 erit
1342 3870 1462 3922 iiuis
1493 3870 1556 3922 ⁸⁷.
1594 3887 1612 3920 ι
1668 3868 1976 3923 Secundum

412 3959 838 4016 Theodotionem
888 3977 1049 4025 vero,
1086 3980 1104 4012 ι
1136 3962 1292 4017 Pacis
1322 3962 1439 4033 ejus
1490 3977 1599 4017 non
1644 3962 1752 4017 erit
1791 3962 1978 4016 termi-

413 4070 533 4107 nus.
586 4073 603 4104 ι
641 4051 887 4117 Quantus
920 4068 1085 4120 porro
1131 4052 1293 4108 fuerit
1325 4053 1467 4123 ejus,
1512 4053 1601 4122 qui
1645 4053 1695 4106 in
1742 4054 1979 4122 prophe-

414 4144 490 4199 tia
527 4142 721 4207 fertur,
754 4143 1091 4211 principatus
1126 4144 1413 4215 intelligas,
1456 4146 1500 4200 si
1540 4144 1833 4200 Ecclesiam
1864 4145 1981 4212 ejus

413 4235 485 4290 in.
518 4244 636 4290 toto
688 4234 822 4289 orbe
873 4235 1228 4290 constitutam
1283 4237 1630 4303 consideres;
1680 4238 1774 4293 sed
1811 4237 1981 4292 multo

413 4326 586 4393 magis
624 4324 668 4378 si
719 4323 802 4377 his
840 4326 907 4378 de
957 4324 1048 4378 illo
1074 4324 1318 4393 Apostoli
1367 4326 1691 4381 testimoniis
1738 4328 1979 4380 animum

2082 1840 2181 1911 τὴν
2214 1842 2522 1915 ὑποχείριον
2561 1847 2754 1914 ἔλαϐε,
2802 1851 3015 1921 γυμνὴν
3070 1850 3238 1922 αὐτὴν
3284 1851 3377 1904 καὶ
3427 1848 3662 1921 αἰσχρὰν

2085 1933 2451 2005 κατέστησενθ
2486 1939 2546 1991 αἴ
2570 1956 2630 1991 τε
2666 1941 2763 1993 σὺν
2810 1940 2958 2011 αύτῷ
2990 1941 3245 2011 δυνάμεις
3286 1942 3660 2012 ἀντικείμεναι

2084 2024 2412 2097 ἐξέπραττον
2436 2030 2625 2101 αὐτὴν,
2659 2031 2794 2102 δόλῳ
2826 2034 2917 2085 καὶ
2948 2034 3130 2107 ἀπάτῃ
3165 2037 3284 2089 κατ’
3310 2034 3475 2104 αὐτῆς
3518 2031 3664 2105 χρώ-

2087 2138 2244 2190 μεναι
2270 2141 2283 2153 ·
2339 2122 2513 2174 πάντα
2556 2123 2779 2187 εἰκότως
2838 2126 3114 2177 ἀποτίσειν
3164 2125 3379 2192 λέγεται
3416 2122 3521 2175 ὑπὸ
3564 2121 3657 2174 τοῦ

2084 2212 2420 2282 προφητικοῦ
2470 2212 2799 2282 πνεύματος,
2834 2216 3254 2286 φήσαντος,νὸτι
3305 2213 3368 2283 δὴ
3428 2231 3445 2262 ι
3472 2213 3659 2264 Πᾶσαν

2086 2300 2272 2371 στολὴν
2297 2303 2735 2377 ἐπισυνηγμένην
2761 2305 2915 2375 δόλῳ,
2939 2307 3030 2359 καὶ
3066 2307 3276 2377 ἱμάτιον
3302 2303 3437 2375 μετὰ
3461 2302 3657 2357 καταλ-

2082 2394 2251 2466 λαγῆς
2274 2397 2637 2451 ἀποτίσουσιν.
2671 2418 2689 2449 ι
2728 2401 2790 2452 Οἰ
2824 2401 2977 2453 αύτοὶ
3002 2401 3058 2453 δὲ
3080 2393 3227 2453 οὗτοι
3257 2402 3306 2453 οἱ
3357 2400 3523 2454 πάλαι
3560 2398 3662 2464 τὰς

2082 2487 2191 2541 τῶν
2269 2489 2570 2560 ἀνθρώπιον
2636 2491 2815 2561 ψυχὰς
2871 2493 3271 2563 ἐκπράσσοντες
3322 2492 3663 2546 ἁποτιννύειν

2084 2577 2326 2647 λέγονται
2348 2580 2523 2634 πάντα
2556 2583 2614 2635 ἐν
2645 2582 2723 2653 τῷ
2748 2583 3056 2655 δηλουμένῳ
3088 2583 3280 2655 καιρῷ.

2161 2783 2179 2815 ‹
2211 2765 2333 2819 Ὅτι
2362 2766 2571 2820 παιδίον
2605 2767 2865 2839 ἐγεννήθη
2899 2768 3048 2838 ἡμῖν,
3076 2767 3191 2832 υἱὸς
3210 2768 3304 2822 καὶ
3331 2767 3483 2839 ἐδόθη
3508 2768 3658 2839 ἡμῖν,

2086 2852 2147 2911 οὗ
2172 2859 2206 2927 ἡ
2240 2858 2383 2929 ἀρχὴ
2412 2858 2644 2930 ἐγενήθη
2676 2861 2768 2912 ἐπὶ
2798 2859 2891 2912 τοῦ
2910 2859 3061 2931 ὤμου
3090 2860 3277 2914 αὑτοῦ·
3306 2861 3400 2915 καὶ
3416 2859 3660 2914 καλεῖται

2086 2951 2148 3003 τὸ
2170 2950 2341 3021 ὄνομα
2371 2951 2535 3005 αὐτοῦ
2574 2952 2814 3023 μεγάλης
2845 2953 3039 3024 βουλῆς
3076 2954 3326 3023 ἄγγελος.
3373 2951 3520 3018 Ἀξω
3550 2952 3659 3024 γὰρ

2087 3046 2311 3115 εἰρήνην
2336 3046 2427 3097 ἐπὶ
2466 3047 2589 3108 τοὺς
2611 3046 2894 3115 ἄρχοντας,
2930 3046 3151 3117 εἰρήνην
3184 3049 3278 3100 καὶ
3304 3047 3512 3115 ὑγίειαν
3564 3046 3662 3098 αὑ-

2080 3135 2177 3206 τῷ.
2224 3157 2242 3188 ι
2282 3136 2472 3199 Ποίους
2496 3136 2552 3188 δέ
2577 3154 2741 3207 φησιν
2779 3138 3064 3207 ἄρχοντας,
3105 3138 3137 3207 ἦ
3192 3140 3316 3201 τοὺς
3356 3139 3447 3191 ὑπ’
3494 3137 3659 3192 αὑτοῦ

2081 3227 2269 3296 ἄρχειν
2298 3227 2397 3295 τῆς
2440 3226 2763 3297 Ἐκκλησίας
2794 3225 2956 3278 αὐτοῦ
2993 3226 3463 3295 καθεσταμένους;
3503 3228 3661 3295 Λέγω

2079 3316 2141 3388 δὴ
2173 3316 2418 3387 μαθητὰς
2466 3316 2630 3369 αὐτοῦ
2665 3317 2759 3368 καὶ
2792 3315 3138 3379 ἀποστόλους,
3175 3316 3299 3378 τούς
3318 3334 3376 3369 τε
3413 3317 3511 3387 τὴν
3538 3316 3664 3368 τούς

2080 3424 2186 3459 των
2210 3406 2455 3476 διαδοχὴν
2480 3405 2910 3476 ὑποδεξαμένους
2940 3406 3061 3459 καθ’
3092 3406 3220 3477 ὅλης
3263 3409 3361 3478 τῆς
3403 3407 3657 3476 οἰκουμέ-

2081 3515 2197 3569 νης,
2233 3493 2313 3560 οἷς
2346 3497 2522 3568 ψυχῆς
2548 3498 2756 3566 ὑγίειαν
2787 3499 2879 3551 καὶ
2906 3498 3127 3569 εἰρήνην
3161 3497 3301 3568 ἔχειν
3329 3497 3463 3569 πρὸς
3490 3495 3657 3567 ἀλλή-

2080 3589 2202 3653 λους
2230 3588 2501 3659 ἐδωρεῖτο,
2538 3591 2596 3642 ἐν
2627 3588 2709 3653 οἷς
2742 3590 2876 3661 πρὸς
2906 3591 3100 3653 αὐτοὺς
3120 3590 3302 3659 ἔλεγεν
3320 3607 3333 3620 ·
3373 3608 3390 3641 ι
3420 3590 3659 3660 Εἰρήνην

2080 3680 2177 3750 τὴν
2204 3678 2341 3750 ἐμὴν
2401 3679 2591 3751 δίδωμι
2644 3681 2807 3747 ὑμῖν,
2854 3681 3075 3752 εἰρήνην
3120 3680 3216 3752 τὴν
3272 3682 3410 3751 ἐμὴν
3457 3679 3660 3751 ἀφίημι

2082 3772 2227 3842 ὑμῖν.
2256 3772 2479 3841 Μεγάλη
2516 3775 2547 3843 ἡ
2577 3772 2719 3843 ἀρχὴ
2755 3771 2943 3835 αὑτοῦ,
2975 3772 3191 3842 καὶτῆς
3236 3774 3459 3844 εἰρήνης
3492 3772 3659 3825 αὑτοῦ

2081 3863 2179 3916 οὐκ
2216 3861 2364 3917 ἔσται
2392 3862 2564 3926 τέλος.
2592 3882 2609 3915 ι
2645 3864 2803 3916 Κατὰ
2833 3863 2964 3932 γοῦν
2986 3864 3082 3917 τὸν
3107 3863 3459 3927 Θεοδοτίωνα,
3491 3883 3509 3914 ι
3547 3863 3659 3934 Τῆς

2082 3956 2303 4027 εἰρήνης
2331 3955 2495 4008 αὑτοῦ
2525 3956 2625 4008 οὐκ
2650 3955 2802 4008 ἔσται
2833 3956 3023 4027 πέρας.
3062 3976 3081 4008 ι
3139 3956 3373 4033 Νοήσεις
3397 3956 3453 4010 δὲ
3512 3948 3660 4018 ὅπως

2086 4048 2294 4118 μεγάλη
2320 4048 2509 4117 γέγονε
2542 4048 2637 4101 τοῦ
2669 4049 3145 4120 προφητευομένου
3177 4050 3209 4119 ἡ
3235 4049 3396 4120 ἀρχὴ,
3415 4049 3514 4119 τὴν
3538 4047 3662 4101 καθ’

2081 4140 2210 4211 ὅλης
2234 4141 2331 4210 τῆς
2358 4142 2681 4211 οἰκουμένης
2724 4142 3047 4211 Ἐκκλησίαν
3083 4140 3246 4192 αὑτοῦ
3278 4141 3496 4212 θεωρῶν
3520 4158 3533 4170 ·
3566 4142 3661 4194 καὶ

2084 4230 2163 4283 ἔτι
2196 4231 2393 4300 μᾶλλον
2426 4233 2727 4302 ἐπιστήσας
2753 4235 2872 4295 ταῖς
2900 4231 2994 4284 τοῦ
3040 4231 3358 4284 Ἀποστὸλου
3388 4232 3514 4304 περὶ
3559 4233 3660 4286 αύ-

2083 4322 2175 4375 τοῦ
2205 4324 2551 4395 μαρτυρίαις,
2579 4325 2643 4376 δι’
2671 4317 2744 4376 ὧν
2775 4339 2926 4391 φησι,
2984 4341 2998 4372 ι
3054 4321 3210 4374 Κατά
3241 4321 3338 4393 τὴν
3385 4323 3664 4394 ἐνέργειαν

414 4416 707 4482 adhibeas,
751 4415 948 4486 quibus
1000 4415 1112 4481 ait,
1170 4434 1188 4467 ι
1251 4416 1559 4471 Secundum
1605 4420 1978 4487 operationem

2084 4414 2179 4468 τοῦ
2206 4416 2442 4487 κράτους
2472 4417 2570 4487 τῆς
2606 4415 2787 4486 ἰσχύος
2816 4415 2981 4468 αὐτοῦ
3000 4455 3013 4477 ,
3042 4416 3108 4487 ἢν
3140 4417 3439 4486 ἐνήργησεν
3470 4418 3527 4468 ἐν
3585 4416 3665 4486 τῷ

413 4512 671 4578 potentia:
702 4510 921 4564 virtutis
960 4509 1100 4579 ejus,
1133 4525 1293 4579 quam
1326 4520 1581 4579 operatus
1623 4521 1705 4565 est
1736 4511 1789 4565 in
1817 4512 1980 4566 Chri-

412 4613 519 4666 sto,
552 4602 822 4657 suscitans
853 4602 1001 4655 illum
1032 4616 1059 4654 a
1098 4602 1349 4666 mortuis,
1381 4614 1435 4655 et
1466 4602 1802 4656 constituens
1834 4603 1981 4657 illum

412 4694 465 4746 in
496 4694 720 4747 dextera
767 4709 862 4747 sua
901 4694 955 4748 itt
993 4692 1331 4755 cmlestibus,
1375 4708 1536 4761 supra
1582 4709 1796 4748 omnem
1833 4694 1983 4763 prin-

410 4788 646 4853 cipatum
690 4795 745 4840 et
784 4796 1111 4855 potestatem
1159 4796 1212 4841 et
1256 4787 1511 4839 virtutem
1561 4796 1619 4838 et
1660 4786 1985 4840 dominatio-

413 4895 556 4942 nem,
602 4889 653 4935 et
695 4895 857 4946 supra
895 4895 1055 4933 omne
1092 4895 1286 4934 nomen
1331 4880 1473 4942 quod
1515 4879 1827 4933 nominatur
1850 4877 1916 4931 ⁵⁸.
1957 4897 1976 4928 ι

414 4969 489 5021 lta
538 4986 768 5041 magnus
818 4981 902 5025 est
949 4970 1251 5025 Salvatoris
1299 4970 1468 5023 nostri
1516 4968 1885 5037 principatus,
1928 4976 1983 5023 et

413 5062 560 5129 pacis
598 5064 714 5131 ejus
762 5079 866 5117 non
905 5072 988 5116 est
1042 5062 1199 5121 linis;
1242 5077 1362 5115 nam
1410 5059 1848 5126 interminabilis,
1892 5075 1981 5114 se-

414 5155 650 5208 nectutis
675 5170 871 5224 expers
902 5165 956 5208 et
988 5155 1492 5222 incircumst-riptus
1529 5153 1618 5207 ille
1657 5163 1781 5207 est:
1811 5169 1979 5221 quare

395 5248 615 5299 dictum
653 5257 757 5309 est,
802 5267 819 5299 ι
870 5250 1090 5303 Orietttr
1128 5250 1182 5302 in
1236 5249 1423 5303 diebus
1473 5247 1642 5316 ipsius
1683 5246 1891 5314 justitia
1928 5256 1983 5300 et

410 5339 745 5391 abundantia
784 5340 934 5406 pacis
968 5343 1034 5395 ⁸ο.
1069 5362 1087 5393 ι

489 5432 649 5484 Vens.
684 5431 735 5483 Ἰ.
769 5448 787 5481 ι
822 5430 996 5499 Super
1024 5436 1274 5489 thronum
1308 5435 1472 5489 David
1502 5442 1555 5489 et
1583 5450 1808 5504 regnum
1839 5434 1979 5503 ejus,

407 5528 474 5584 ad
518 5525 860 5595 dirigentium
898 5524 1060 5591 illttd,
1117 5538 1171 5580 et
1211 5526 1663 5597 patrociunndutn
1712 5527 1759 5580 ei
1808 5526 1858 5578 in
1895 5524 1981 5592 ju-

474 5736 513 5766 ³⁷
553 5728 705 5785 JOan.
744 5729 959 5795 “vf-27.

1038 5728 1079 5759 ⁸³
1112 5728 1284 5797 Ephcs
1317 5726 1564 5796 ῑῑιοοει.
1594 5731 1636 5762 ’⁹
1670 5730 1807 5784 Psal.
1850 5747 1996 5791 tm.

2084 4508 2322 4578 Χριστῷ,
2357 4508 2573 4578 ἐγείρας
2592 4507 2755 4561 αὐτὸν
2788 4508 2852 4560 ἐκ
2879 4508 3087 4578 νεκρῶν
3114 4510 3209 4562 καὶ
3232 4509 3459 4572 καθίσας
3501 4508 3665 4563 αὐτὸν

2085 4598 2142 4650 ἐν
2169 4596 2319 4667 δεξιᾷ
2348 4596 2510 4650 αὑτοῦ
2541 4598 2597 4648 ἐν
2623 4599 2735 4660 τοῖς
2758 4598 3119 4668 ἐπουρανίοις,
3175 4598 3428 4669 ὑπεράνω
3483 4599 3666 4667 πάσης

2085 4690 2258 4761 ἀρχῆς
2292 4689 2385 4743 καὶ
2428 4688 2673 4753 ἐξουσίας
2700 4729 2713 4750 ,
2751 4691 2842 4742 καὶ
2879 4689 3157 4759 δυνάμεως
3186 4691 3280 4742 καὶ
3322 4690 3665 4762 κυριότητος,

2088 4783 2180 4834 καὶ
2214 4781 2413 4843 παντὸς
2435 4780 2693 4851 ὀνόματος
2728 4781 3151 4851 ὀνομαζομένου.
3194 4801 3211 4832 ι
3252 4781 3407 4835 Οὕτω
3453 4782 3662 4853 μεγάλη

2088 4873 2242 4944 ήτοῦ
2282 4873 2531 4943 Σωτῆρος
2562 4874 2717 4944 ἡμῶν
2742 4874 2903 4945 ἁρχὴ,
2941 4876 3034 4928 καὶ
3075 4878 3174 4947 τῆς
3228 4878 3447 4948 εἰρήνης
3501 4877 3665 4930 αὐτοῦ

2084 4970 2183 5023 οὐκ
2216 4969 2329 5022 ἔστι
2357 4968 2541 5031 τέλος·
2579 4967 2932 5037 ἀτελεύτητος
2980 4967 3088 5038 γὰρ
3141 4968 3236 5021 καὶ
3288 4970 3509 5039 ἀγήρως
3571 4972 3667 5023 καὶ

2085 5062 2461 5134 ἁπερίγραφος
2493 5061 2631 5132 αὕτη
2659 5062 2946 5132 τυγχάνει·
2973 5062 3054 5115 διὸ
3083 5061 3357 5115 λέλεκται·
3399 5081 3417 5111 ‹
3457 5062 3671 5114 Ἀνατε-

2084 5156 2167 5209 λεῖ
2198 5158 2255 5207 ἐν
2292 5155 2667 5227 ταῖςήμέραις
2728 5153 2893 5207 αὑτοῦ
2950 5154 3258 5225 δικαιοσύνη
3312 5152 3407 5206 καὶ
3462 5154 3668 5225 πλῆθος

2088 5250 2329 5321 εἰρήνης.
2366 5268 2384 5299 ι

2156 5356 2173 5389 ι
2229 5339 2351 5390 Ἑπί
2377 5338 2469 5391 τὸν
2503 5337 2689 5409 θρόνον
2718 5340 2882 5393 Δαυῒδ
2909 5338 3001 5391 καὶ
3037 5337 3133 5409 τὴν
3174 5338 3445 5408 βασιλείαν
3476 5338 3665 5403 αὑτοῦ,

2090 5433 2433 5506 κατορθῶσαι
2456 5433 2644 5505 αὐτὴν,
2680 5434 2772 5487 καὶ
2805 5432 3185 5487 ἀντιλαϐέσθαι
3216 5434 3272 5484 ἐν
3309 5432 3538 5504 κρίματι
3574 5434 3668 5487 καὶ

2089 5529 2147 5581 ἐν
2174 5526 2504 5599 δικαιοσύνῃ.
2556 5526 2688 5580 Ἀπὸ
2726 5526 2820 5580 τοῦ
2866 5524 2961 5579 νῦν
3018 5524 3111 5578 καὶ
3153 5525 3232 5589 εἰς
3280 5523 3373 5581 τὸν
3426 5525 3597 5584 αἰῶνα,
3638 5527 3668 5584 ὁ

2032 5730 2062 5747 β
