3976 6194
289 278 401 335 155

288 394 459 466 ζῆλος
491 396 701 469 Κυρίου
732 397 958 453 Σαϐαὼθ
1012 404 1224 475 ποιήσει
1289 410 1483 467 ταῦτα.

294 487 549 559 ἀκριϐῶς
579 490 724 554 ὅπως
762 492 861 545 οὐκ
912 494 1125 567 εἴρηται
1171 499 1603 575 καθεσθήσεσθαι
1646 487 1739 563 sin
1787 512 1878 566 τὸν

299 579 491 669 θρόνον
522 581 685 669 Δαυίδ
715 584 1073 649 ἁπλῶς,άλλὰ
1100 591 1194 643 καὶ
1220 592 1313 646 ἐπὶ
1346 596 1445 668 τὴν
1477 598 1750 669 βασιλείαν
1781 605 1879 658 αὑ-

299 665 418 728 τοῦ,
448 668 788 739 κατορθῶσαι
815 674 983 746 αὑτήν
1003 693 1015 706 ’
1052 678 1209 749 ήμῶν
1243 690 1767 754 προσυπακουόντιυιν
1816 696 1877 748 τὸ

303 758 452 829 ἥξειν
477 761 638 814 αὑτὸν
667 765 760 816 ἐπὶ
788 765 865 835 τῷ
897 769 1241 841 κατορθῶσαι
1268 774 1359 828 τὸν
1380 776 1566 848 θρόνον
1594 782 1758 836 Δαυῒδ
1780 788 1875 840 καὶ

410 855 614 926 σκηνὴν
634 862 1001 914 πεπτωκυῖαν.
1020 860 1236 936 Ἐπειδὴ
1257 867 1367 939 γὰρ
1386 871 1759 943 κατέστραπτο
1782 879 1873 931 καὶ

304 942 575 1016 καθῄρητο
606 949 639 1018 ἡ
666 946 913 1018 βασιλεία
941 952 1104 1007 Δαυῖδ
1129 956 1238 1013 ἀπὸ
1268 958 1377 1011 τῶν
1410 942 1616 1032 χρόνων
1659 965 1761 1037 τῆς
1792 969 1872 1032 εἰς

298 1037 592 1091 Βαϐυλῶνα
631 1043 1004 1113 αἰχμαλωσίας
1035 1048 1128 1101 τοῦ
1162 1048 1291 1104 λαοῦ
1318 1070 1330 1082 ·
1374 1049 1512 1125 ἦσαν
1555 1056 1611 1109 δὲ
1656 1076 1869 1132 προφη-

295 1129 435 1180 τεῖαι
467 1128 818 1196 θεσπίζουσαι
842 1135 932 1188 τὸν
968 1135 1157 1208 θρόνον
1196 1141 1360 1196 Δαυῖδ
1388 1128 1711 1218 elumbem

292 1219 385 1282 τὸς
414 1220 642 1290 ἡλιακοῦ
670 1222 825 1293 δίκην
853 1224 974 1278 καθ’
1005 1226 1133 1298 ὅλης
1177 1228 1278 1300 τῆς
1326 1235 1647 1307 οἰκουμένης
1672 1255 1685 1268 ’
1736 1219 1869 1293 ταύ-

291 1327 393 1381 την
415 1312 587 1383 αὐτὴν
619 1313 843 1385 ἐλήλυθε
900 1317 995 1389 τὴν
1051 1320 1382 1391 ἐπαγγελίαν
1436 1327 1753 1400 πληρῶσαι·
1800 1334 1865 1386 ὲκ

293 1402 607 1474 σπέρματος
636 1407 735 1477 μὲν
757 1408 917 1462 Δαυῖδ
944 1412 1082 1465 κατὰ
1109 1415 1286 1486 σάρκα
1311 1418 1662 1490 γεννώμενος,
1692 1441 1862 1477 κατα-

290 1492 520 1563 λάμπων
540 1497 595 1550 δὲ
627 1500 725 1563 τὰς
746 1500 854 1554 τῶν
888 1503 1189 1576 ἀνθρώπων
1216 1508 1391 1580 ψυχάς
1409 1527 1421 1540 ο
1468 1514 1561 1566 καὶ
1588 1513 1684 1584 τὴν
1713 1515 1864 1585 βασι-

290 1585 438 1640 λείαν
461 1588 623 1642 αὐτοῦ
655 1593 936 1663 κρατύνων
968 1595 1057 1651 διὰ
1082 1598 1297 1653 πάντων
1326 1602 1432 1657 τῶν
1464 1605 1586 1657 καθ’
1613 1607 1741 1677 ὃλην
1763 1607 1861 1680 τὴν

290 1681 614 1752 οἰκουμένην
640 1684 825 1738 ἐθνῶν.
876 1687 965 1740 Ἐν
984 1688 1193 1755 τούτοις
1220 1693 1329 1764 γὰρ
1357 1695 1448 1747 τὸν
1486 1696 1673 1767 θρόνον
1696 1700 1860 1754 Δαυῖδ

1246 291 1753 357 COMMENTARIA
1791 301 1860 360 IN
1898 305 2157 366 lSAlAM.
2197 278 2265 354 ξ-
2302 310 2457 368 car.
2498 313 2588 370 IX.

3452 331 3556 386 154

1523 432 1541 466 ι
1606 416 1774 490 Τήρει
1829 420 1961 485 δὲΑ
1990 424 2133 481 dicio
2183 434 2238 481 et
2280 425 2336 482 in
2365 424 2602 496 iustitia.
2650 429 2861 487 Amodo
2890 441 2945 489 et
3001 432 3054 489 in
3097 434 3354 491 saculum
3406 442 3553 497 zelus

1981 517 2194 573 Domini
2235 518 2476 576 Sabaoth
2531 521 2698 578 faciet
2744 524 2878 579 hzec.
2915 545 2934 578 ι
2968 526 3235 583 Observes
3278 542 3552 597 accurate,

1981 624 2088 664 non
2120 610 2443 680 simpliciter
2475 613 2681 669 dictum
2721 615 2886 673 fuisse
2927 619 3099 688 ipsum
3135 621 3187 674 in
3220 622 3415 676 throno
3449 621 3555 678 Da-

1976 705 2066 759 vid
2095 719 2370 761 sessurum
2411 719 2572 771 esse,
2616 707 2709 762 sed
2740 708 2902 764 etiam
2956 726 3119 780 super
3165 728 3388 782 regnum
3433 717 3550 784 ejus

1976 795 2043 849 ad
2082 795 2379 867 regendum
2409 795 2572 862 illud;
2607 799 2763 855 nobis
2790 803 3237 859 subaudientibus
3262 816 3547 862 venturum

1974 886 2124 940 illum
2160 902 2283 943 esse
2333 889 2399 944 ad
2437 894 2852 948 restaurandum
2900 894 3151 949 thronum
3204 894 3450 964 Davidis,
3492 910 3547 953 et

1974 980 2385 1036 tabernaculum
2424 983 2559 1051 ejus,
2586 988 2728 1053 quod
2765 987 2971 1058 lapsum
3010 988 3205 1042 fuerat.
3237 988 3370 1055 Quia
3400 993 3544 1047 enim

1969 1085 2001 1125 a
2038 1074 2373 1143 temporibus
2420 1073 2763 1147 Babylonica;
2817 1080 3152 1149 captivitatis
3186 1095 3434 1138 eversum
3489 1091 3546 1135 et

1969 1164 2239 1218 sublatum
2292 1165 2470 1222 fuerat
2523 1184 2750 1239 regnum
2808 1170 3068 1236 Davidis,
3133 1188 3196 1228 ac
3249 1174 3545 1242 prophetia:

1966 1256 2218 1321 aderant,
2250 1274 2371 1328 quae
2418 1261 2860 1317 vaticinabantur
2897 1264 3151 1319 thronum
3199 1263 3415 1319 Davidis
3455 1278 3545 1319 so-

1966 1344 2094 1399 laris
2129 1346 2348 1403 luminis
2395 1349 2570 1405 instar
2619 1352 3015 1407 illustraturum
3060 1368 3183 1409 esse
3235 1363 3405 1408 totum
3450 1368 3544 1409 or-

1964 1436 2125 1503 bem;
2160 1439 2302 1493 hanc
2350 1440 2441 1497 ille
2482 1444 2897 1511 promissionem
2933 1444 3212 1515 impletum
3256 1447 3437 1514 venit,
3472 1461 3541 1502 ex

1962 1530 2173 1585 semine
2218 1534 2436 1602 quidem
2499 1536 2665 1591 David
2717 1537 3012 1592 secundum
3075 1552 3296 1591 carnem
3339 1550 3492 1594 natus
3520 1578 3537 1603 ,

1962 1620 2171 1675 animas
2211 1631 2387 1677 autem
2442 1624 2720 1680 hominum
2783 1626 3134 1691 illuminans,
3201 1643 3265 1683 ac
3312 1644 3537 1697 regnum

1962 1709 2078 1777 ejus
2111 1712 2249 1779 apud
2305 1728 2498 1767 omnes
2553 1717 2719 1771 totius
2756 1718 2905 1771 orbis
2953 1728 3139 1788 gentes
3183 1720 3533 1774 conﬁrmans.

291 1770 637 1842 διωρθώσατο
668 1814 682 1839 ,
752 1777 900 1848 παρὰ
968 1780 1238 1847 Ἰουδαίοις
1296 1784 1697 1858 καθῃρημένον.
1751 1792 1850 1843 Kal.

1960 1770 2015 1853 In
2068 1770 2159 1856 his.
2204 1800 2406 1872 quippe
2456 1820 2683 1875 regnum
2745 1770 2983 1861 Davidiso
3003 1770 3211 1873 erexit,
3256 1770 3536 1864 Vaﬁludmi's‘

291 1862 447 1917 τοῦτο
485 1864 714 1936 ἔπραξεν
736 1868 840 1922 ἀπὸ
867 1869 958 1923 τοῦ
989 1873 1084 1927 νῦν
1114 1875 1206 1927 καὶ⁵
1265 1878 1345 1940 εἰς
1391 1878 1479 1930 τὸν
1500 1879 1672 1933 αἰῶνα
1698 1897 1710 1911 ·
1763 1881 1856 1934 τοῦ

294 1953 413 2023 μὲν,
446 1954 581 2008 «ἀπὸ
598 1956 691 2010 τοῦ
720 1958 865 2023 νῦν,ι
897 1964 1251 2034 σημαίνοντος
1279 1968 1451 2039 ἀρχὴν
1479 1971 1672 2042 χρόνου
1728 1973 1858 2045 ὡρι-

292 2046 513 2117 σμένην,
530 2048 597 2101 δι’
626 2046 693 2119 ἦς
716 2053 743 2103 ὁ
770 2054 951 2125 καιρὸς
982 2056 1234 2129 ἐδηλοῦτο
1257 2060 1355 2131 τῆς
1412 2063 1491 2125 εἰς
1537 2063 1857 2136 ἀνθρώπους

288 2136 578 2209 ἐπιδημίας
614 2143 776 2197 αὐτοῦ
808 2162 821 2175 ο
877 2148 971 2199 τοῦ
1018 2148 1095 2212 δὲ,
1155 2169 1174 2201 ι
1217 2152 1298 2215 εἰς
1349 2152 1441 2206 τὸν
1481 2154 1671 2219 αἰῶνα,
1700 2175 1719 2208 ι
1757 2158 1855 2229 τὴν

281 2230 504 2294 ἄπειρον
532 2235 624 2287 καὶ
674 2235 869 2307 διαρκῆ
910 2238 1186 2309 βασιλείαν
1234 2244 1397 2299 αὐτοῦ
1451 2249 1851 2318 παριστῶντος.

280 2320 555 2393 Τηρητέον
594 2325 672 2388 δὲ,
736 2327 879 2400 ὠςὴ
943 2330 1041 2400 μὲν
1093 2332 1281 2405 πρώτη
1332 2337 1459 2406 περὶ
1518 2337 1610 2391 τοῦ
1641 2356 1855 2411 προφη-

274 2416 564 2484 τευομένου
590 2417 893 2491 πρόρρησις
928 2422 991 2475 ὲκ
1026 2423 1300 2494 Παρθένου
1344 2426 1701 2499 τεχθήσεσθαι
1756 2432 1854 2484 αὑ-

274 2507 365 2560 τὸν
393 2508 612 2580 ἐδήλου·
664 2513 696 2583 ή
739 2511 795 2564 δὲ
829 2512 1077 2586 δευτέρα,
1116 2516 1315 2572 ὡσανεὶ
1349 2518 1701 2591 ζητουμένου,
1736 2523 1853 2588 πῶς

274 2598 426 2652 ἔσται
458 2601 634 2665 τοῦτο,
666 2603 757 2657 τὸν
780 2604 983 2677 Κύριον
1002 2608 1187 2679 εἰσῆγε
1209 2608 1451 2678 λέγοντα,
1489 2631 1507 2663 ι
1536 2613 1647 2666 Καὶ
1684 2631 1853 2686 προσ-

270 2689 436 2761 ῆλθον
504 2693 641 2764 πρὸς
673 2694 773 2765 τὴν
813 2697 1083 2768 προφῆτιν
1109 2715 1122 2729 ο
1177 2701 1272 2754 καὶ
1323 2702 1381 2755 ὲν
1429 2705 1628 2775 γαστρὶ
1671 2705 1849 2773 ἔλαϐε,

271 2783 366 2835 καί
392 2784 576 2838 ἔτεκεν
598 2786 730 2839 υἰόψ
766 2806 785 2839 ι
810 2790 842 2859 ὴ
868 2789 925 2842 δὲ
963 2791 1120 2861 τρίτη
1158 2791 1342 2845 οὐκέτι
1370 2797 1696 2866 μνημονεύει
1718 2799 1853 2871 κυή-

274 2891 413 2939 σεως
458 2877 812 2950 παρθενικῆς,
846 2881 966 2934 οὐδὲ
1007 2882 1102 2935 τοῦ
1140 2884 1341 2955 τρόπου
1397 2884 1499 2955 τῆς
1538 2887 1679 2941 κατὰ
1719 2888 1850 2943 Θεὸν

273 2967 574 3036 παραδόξου
637 2971 948 3041 συλλήψεως
976 2989 989 3003 ·
1048 2972 1143 3027 ἆτε
1209 2974 1273 3047 δὴ
1347 2978 1851 3050 προμεμαθηκότων

269 3055 429 3125 ἡμῶν
477 3055 680 3120 ταῦτα,
712 3060 836 3130 περὶ
885 3060 981 3120 τοῦ
1036 3063 1223 3128 παιδὸς
1274 3064 1442 3119 αὐτοῦ
1495 3066 1845 3141 διεξέρχεται,

270 3147 601 3201 παιδεύουσα
630 3150 773 3220 ἡμᾶς
807 3152 874 3206 τὰ
895 3154 1180 3228 ἀπόρρητα
1211 3160 1311 3229 τῆς
1342 3158 1471 3231 περὶ
1522 3161 1687 3215 αὑτοῦ
1722 3162 1841 3218 θεο-
1868 3142 1911 3198 C

269 3238 475 3309 λογίας·
504 3242 672 3295 ταῦτα
721 3244 777 3298 δὲ
805 3246 982 3301 πάντα
1020 3249 1147 3319 περὶ
1185 3249 1280 3303 τοῦ
1323 3252 1576 3323 τυχόντος
1627 3256 1837 3310 παιδίου

267 3331 537 3400 λέγεσθαι,
566 3335 665 3388 οὐκ
701 3329 816 3390 οῖδα
848 3338 968 3403 πῶς
997 3342 1319 3413 συστήσαιεν
1345 3345 1395 3397 οἰ
1419 3346 1483 3400 ἐκ
1517 3352 1835 3420 περιτομῆς,

267 3422 341 3513 μὴ
371 3423 680 3496 βουλόμενοι
715 3430 1119 3500 παραδέξασθαι
1146 3434 1236 3487 τὸν
1278 3437 1543 3510 ἡμέτερον
1588 3440 1835 3513 Σωτῆρα,

260 3508 306 3584 ᾧ
334 3518 402 3571 τά
424 3517 559 3589 ἔργα
587 3524 872 3592 μαρτυρεῖ,
907 3525 1001 3578 καὶ
1032 3525 1139 3579 τῶν
1181 3508 1573 3604 πραγμάτωνὴ
1616 3508 1837 3599 ἔκσασις

260 3609 385 3671 τοὺς
413 3609 603 3677 λόγους
638 3614 1111 3686 ὲπισφραγίζεται.
1167 3639 1185 3672 ι
1250 3623 1418 3693 Ζῆλος
1466 3625 1670 3696 Κυρίου
1730 3628 1835 3681 Σα-

262 3696 412 3752 ϐαὼθ
442 3702 652 3773 ποιήσει
686 3704 882 3759 ταῦτα.
926 3727 943 3758 ι
975 3709 1134 3774 Ποῖος
1161 3711 1352 3783 ζῆλος,
1389 3715 1421 3786 ἢ
1453 3716 1513 3769 ὃν
1564 3718 1834 3788 ἐζήλωσεν

261 3789 465 3858 ἀγαθὸν
497 3795 588 3846 καὶ
638 3796 786 3867 αὐτῷ
825 3797 1124 3869 πρέποντα,
1164 3805 1245 3866 εἰς
1286 3804 1346 3857 τὸ
1402 3805 1570 3861 σῶσαι
1627 3810 1835 3876 πάντας

258 3881 388 3945 τοὺς
420 3882 522 3937 ὑπὸ
571 3886 664 3940 τοῦ
696 3888 943 3943 διαϐόλου
988 3894 1617 3968 καταδυναστευθέντας,
1639 3904 1733 3957 καὶ
1754 3906 1834 3968 εἰς

253 3971 523 4045 ἀθεότητα
550 3994 754 4032 κατασυ
764 3981 986 4052 ρέντας;

330 4271 349 4304 ι
378 4253 617 4309 Θάνατον
677 4258 962 4313 ἀπέστειλε
1033 4261 1237 4333 Κύριος
1290 4266 1381 4321 ἐπὶ
1456 4266 1682 4333 Ἰακὼϐ,
1736 4272 1829 4325 καὶ

1956 1892 2248 1947 sublatum.
2296 1894 2359 1948 Et
2388 1896 2490 1950 hoc
2525 1898 2775 1966 praestitit
2806 1899 2876 1953 ab
2926 1899 3029 1953 hoc
3073 1909 3315 1971 tempore
3358 1916 3531 1969 usque

1956 1984 2009 2037 in
2049 1984 2338 2052 saeculum;
2373 1986 2445 2040 ita
2479 1999 2535 2040 ut
2568 1988 2719 2053 illud,
2757 2007 2777 2040 ε
2809 1989 3037 2053 amodo,
3085 2007 3104 2041 ι
3140 1991 3349 2043 initium
3393 2001 3533 2044 tem—

1954 2075 2101 2143 poris
2130 2076 2410 2133 deﬁnitum
2450 2079 2741 2149 signiﬁcet,
2784 2095 2894 2149 quo
2924 2089 3139 2152 tempus
3165 2078 3281 2151 ejus
3326 2084 3391 2138 ad
3435 2084 3533 2137 bo-

1956 2170 2126 2224 mines
2159 2172 2423 2227 adventus
2458 2172 2805 2239 declaratur;
2835 2174 2963 2227 illnd
2998 2184 3203 2237 autem,
3246 2193 3266 2226 ι
3300 2177 3531 2230 insem-

1953 2263 2257 2331 piternum,
2305 2280 2325 2314 ι
2357 2262 2625 2317 inﬁnitum
2666 2278 2733 2319 ac
2781 2275 3102 2336 perpetuum
3154 2281 3378 2348 regnum
3414 2267 3531 2335 eius

1954 2354 2215 2409 declarat.
2254 2355 2666 2409 Observandum
2706 2366 2885 2412 autem
2923 2367 3030 2421 εει,
3081 2359 3311 2428 primam
3353 2360 3421 2413 de
3465 2374 3530 2412 en

1952 2444 2043 2512 qui
2088 2446 2140 2499 in
2189 2447 2471 2516 prophetia
2520 2447 2721 2513 fertur,
2772 2450 3214 2518 praedictionem,
3264 2450 3409 2504 illum
3460 2466 3527 2504 ex

1953 2534 2174 2607 Virgine
2222 2538 2550 2593 nasciturum
2595 2552 2716 2593 esse
2758 2540 3072 2608 declarare;
3102 2540 3396 2596 secundam
3436 2556 3530 2596 ve-

1953 2643 2033 2690 ro,
2082 2644 2145 2682 ac
2185 2630 2228 2683 si
2283 2640 2591 2698 quaeratur,
2646 2647 2755 2701 quo
2797 2642 2959 2700 pacto
3013 2633 3064 2686 id
3113 2632 3354 2687 futurum
3417 2634 3522 2699 sit,

1953 2721 2126 2790 ipsum
2171 2720 2453 2774 Dominum
2525 2723 2607 2777 sic
2658 2724 2967 2792 loquentem
3046 2726 3321 2788 inducere,
3393 2742 3411 2775 ι
3458 2723 3526 2778 Et

1952 2810 2157 2865 accessi
2194 2811 2259 2864 ad
2312 2812 2752 2881 prophetissam:
2794 2824 2850 2869 et
2879 2816 2930 2868 in
2972 2827 3124 2870 utero
3173 2815 3417 2885 accepit,
3469 2824 3525 2869 et

1950 2901 2162 2971 peperit
2183 2899 2412 2967 Filium;
2456 2922 2474 2954 ι
2523 2905 2736 2959 tertiam
2783 2916 2995 2969 autem,
3039 2907 3340 2976 virgineum
3391 2922 3522 2975 par-

1953 3003 2066 3046 tum
2103 3009 2209 3048 non
2246 2994 2390 3048 ultra
2426 3009 2750 3064 memorare,
2782 3010 2959 3066 neque
2988 2998 3205 3053 modum
3242 3004 3525 3069 stupenda

1953 3083 2101 3138 illius
2131 3085 2425 3139 secundum
2475 3084 2643 3139 Deum
2701 3085 3092 3156 conceptionis,
3129 3097 3313 3158 utpote
3366 3090 3522 3145 nobis

1945 3175 2087 3231 hanc
2134 3190 2248 3232 rem
2292 3175 2403 3244 jam
2434 3178 2676 3245 edoctis;
2730 3181 2824 3233 sed
2856 3181 2922 3233 de
2974 3177 3115 3235 Filio
3155 3180 3323 3248 ipsius
3354 3180 3518 3235 verba

1946 3269 2167 3330 facere,
2225 3281 2430 3336 nosque
2483 3268 2532 3320 in
2593 3268 2875 3339 theologia!
2930 3269 3045 3335 ejus
3095 3272 3314 3325 arcanis
3363 3272 3519 3326 insti-

1944 3366 2117 3411 tuere.
2168 3357 2438 3412 Caeterum
2484 3362 2671 3413 nescio
2714 3373 2824 3428 quo
2872 3371 3031 3429 pacto
3072 3360 3107 3415 ii
3157 3363 3247 3430 qui
3296 3377 3362 3416 ex
3413 3364 3518 3417 circ

1938 3450 2277 3505 cumcisione
2307 3459 2449 3516 sunt,
2497 3451 2612 3505 haec
2663 3452 2727 3505 de
2779 3450 2985 3521 vulgari
3035 3466 3201 3521 puero
3252 3454 3357 3508 dici
3406 3464 3520 3509 sta-

1940 3551 2122 3604 tuant,
2156 3542 2401 3596 nolentes
2429 3542 2720 3598 admittere
2751 3542 3094 3598 Salvatorem
3121 3555 3396 3611 nostrum,
3425 3546 3514 3601 cui

1939 3636 2054 3704 ipsa
2078 3649 2242 3704 opera
2283 3634 2654 3689 testimonium
2690 3634 2955 3700 aﬂ‘erunt,
3004 3651 3125 3690 cum
3164 3648 3393 3692 eventus
3428 3654 3516 3693 re.-

1938 3742 2057 3781 rum
2105 3740 2385 3781 sermones
2450 3726 2716 3793 obsignet.
2760 3744 2779 3777 ι
2817 3726 2975 3782 Zelus
3018 3726 3229 3782 Domini
3273 3728 3511 3789 Sabaoth

1936 3820 2098 3876 faciet
2133 3820 2268 3874 haec.
2314 3837 2333 3869 ι
2377 3818 2510 3886 Quis
2542 3819 2691 3875 zelus
2733 3820 2834 3876 nisi
2872 3820 2960 3877 ille
2999 3822 3173 3877 bonus
3212 3831 3268 3877 et
3314 3822 3513 3878 conde-

1934 3928 2084 3977 cens,
2128 3928 2239 3981 quo
2272 3913 2363 3968 ille
2402 3914 2660 3968 incensus
2693 3922 2796 3977 est,
2838 3914 2903 3967 ad
2953 3914 3183 3968 Salutem
3230 3914 3515 3970 iis‘omni-

1934 4006 2035 4062 bus
2064 4008 2385 4076 parandam,
2435 4008 2525 4076 qui
2562 4007 2663 4062 sub
2709 4007 2950 4061 dominio
2994 4008 3197 4063 diaboli
3237 4017 3426 4074 erant,
3455 4017 3511 4063 et

1936 4098 1988 4152 in
2022 4098 2355 4168 impietatem
2409 4098 2672 4168 pertracti
2721 4097 2983 4154 fuerant?

2006 4280 2165 4338 Vsus.
2214 4280 2370 4338 8-10.
2402 4300 2422 4334 ι
2460 4281 2685 4339 Mortem
2721 4284 2869 4339 misit
2896 4285 3157 4340 Dominus
3198 4297 3360 4353 super
3411 4280 3506 4339 Ja-

249 4340 413 4413 ἦλθεν
442 4349 536 4401 ἐπὶ
573 4351 823 4422 Ἰσραήλυ
874 4354 968 4408 καὶ
1016 4357 1314 4425 γνώσονται
1354 4361 1461 4424 πᾶς
1489 4362 1517 4414 ό
1563 4361 1690 4426 λαός
1733 4364 1826 4417 τοῦ

1952 4372 2056 4439 :ob,
2102 4381 2157 4428 et
2209 4375 2361 4429 venit
2415 4388 2582 4443 super
2625 4375 2835 4431 Israel:
2885 4384 2940 4431 et
2988 4385 3278 4446 cognoscet
3329 4374 3503 4429 omnis

265 4437 520 4510 Ἐφραῒμ,
580 4442 672 4495 καὶ
709 4444 758 4495 οἱ
790 4445 1085 4517 καθήμενοι
1119 4452 1175 4503 ἐν
1223 4452 1505 4525 Σαμαρείᾳ
1535 4456 1616 4523 ἐφ’
1674 4455 1824 4529 ὕϐρει

265 4531 341 4558 ληι
378 4532 548 4558 .ι..ι..π.ξ
578 4537 770 4558 _-__s._-
850 4539 868 4558 ς
893 4540 906 4558 ρ
1161 4544 1226 4558 η,
1249 4546 1260 4558 .
1297 4545 1320 4558 Α
1599 4549 1611 4558 .

1952 4437 2160 4536 ιοριιιιιε
2207 4437 2509 4536 Ephraim,
2573 4476 2630 4521 et
2680 4467 2771 4536 qui
2825 4468 3015 4522 sedent
3056 4437 3111 4521 in
3156 4467 3403 4520 Samaria
3450 4468 3502 4558 iu

253 4531 346 4582 καὶ
378 4532 551 4605 ὑψηλῇ
578 4537 795 4609 καρδίᾳ,
850 4539 1123 4608 λέγοντες’
1161 4544 1377 4599 Πλίνθοι
1435 4549 1817 4603 πεπτώκασινο

248 4620 385 4676 ἀλλὰ
406 4624 559 4678 δεῦτε
589 4626 932 4700 λαξεύσωμεν
964 4632 1143 4698 λίθους
1175 4674 1190 4698 ,
1223 4639 1317 4690 καὶ
1348 4638 1602 4711 κόψωμεν
1652 4659 1819 4695 συκα-

249 4714 460 4784 μξνους.
497 4717 589 4771 καὶ
609 4719 852 4791 κέδρους,
884 4722 979 4776 καὶ
997 4725 1437 4799 οἰκοδομησωμεν
1462 4731 1670 4795 ἑαυτοῖς
1686 4732 1756 4785 πύ
1765 4750 1822 4804 ρ-

1930 4556 2257 4611 contumelia
2288 4565 2344 4611 et
2388 4556 2497 4610 alto
2531 4557 2715 4619 corde,
2765 4558 3046 4613 dicentes:
3095 4556 3317 4610 Lateres
3362 4556 3505 4610 ceci-

1929 4649 2160 4711 derunt;
2204 4650 2299 4705 sed
2345 4650 2549 4717 venite,
2582 4651 2826 4706 dolemus
2856 4650 3077 4719 lapides,
3132 4659 3186 4704 et
3231 4649 3501 4703 caedamus

1930 4743 2237 4812 sycaminos
2268 4752 2323 4798 et
2354 4744 2569 4808 cedros,
2601 4753 2654 4799 et
2679 4744 3011 4798 aadiﬁcemus
3041 4742 3195 4796 nobis
3227 4740 3440 4796 turrim.
3473 4760 3493 4793 ι

240 4823 405 4874 γον.»
452 4809 609 4863 Ἤτοι
648 4814 696 4865 οἰ
746 4813 843 4885 τὴν
902 4817 1212 4891 Σαμάρειαν
1270 4822 1561 4888 οἰκοῦντες,
1610 4826 1820 4898 Ἰσραὴλ

1952 4809 2125 4901 dest,
2168 4835 2203 4889 ii
2255 4836 2346 4905 qui
2400 4838 2700 4892 Samariam
2764 4835 3031 4899 incolunt,
3086 4833 3247 4889 Israel
3287 4848 3497 4887 nuncu-

239 4900 692 4969 χρηματίζοντες,
715 4905 809 4957 καὶ
844 4906 971 4971 λαὸς
1007 4910 1099 4962 τοῦ
1139 4912 1378 4985 Ἐφραῒμ
1410 4914 1815 4987 ὀνομαζόμενοι,

236 4989 327 5043 διὰ
354 4990 413 5043 τό
442 4991 820 5067 βασιλευθῆναι
850 4998 953 5052 ὑπὸ
972 5002 1081 5055 τῶν
1106 5005 1170 5056 ὲκ
1197 5004 1369 5075 φυλῆς
1418 5008 1511 5060 τοῦ
1557 5009 1815 5080 Ἐφραῖμ,

237 5080 592 5151 χλευάζοντες
641 5088 733 5141 καὶ⁴
793 5088 1213 5159 ὲξευτελίζοντες
1269 5096 1368 5167 τὴν
1433 5098 1814 5172 Ἰερουσαλὴμ,

1924 4930 2057 4998 pati,
2099 4939 2153 4982 et
2181 4928 2412 4999 peruius
2444 4928 2700 4999 Ephraim
2731 4927 2934 4989 vocati,
2976 4926 3100 4996 quia
3146 4926 3367 4996 regibus
3396 4926 3494 4979 tri-

1920 5023 2021 5076 bus
2072 5021 2326 5091 Ephraim
2372 5024 2573 5077 subditi
2616 5032 2803 5086 erant,
2846 5022 3132 5076 irridentes
3165 5029 3219 5073 et
3265 5015 3494 5085 vilipen-

1921 5113 2111 5166 dentes
2139 5111 2466 5177 Jerusalem,
2501 5114 2668 5183 ipsam
2706 5127 2771 5167 ex
2807 5112 3067 5167 lateribus
3108 5118 3375 5163 structam
3411 5106 3493 5161 di-

237 5172 479 5240 πλίνθοις
537 5178 741 5249 ταύτην
790 5182 1025 5249 ἔφασκον
1081 5188 1516 5259 οἰκοδομεῖσθαι,
1573 5193 1666 5245 καὶ
1716 5193 1813 5258 τὰς

1952 5200 2145 5263 ebant,
2197 5216 2260 5255 ac
2290 5172 2533 5270 tegulas.
2561 5200 2759 5256 habere
2803 5218 2868 5255 ex
2904 5200 3209 5271 sycaminis,
3248 5199 3364 5253 sive
3405 5212 3491 5253 se-

236 5266 439 5334 στέγας
485 5270 628 5340 ἔχειν
678 5292 696 5324 ι
738 5274 844 5327 ἀπὸ
876 5278 1189 5347 συκαμίνων
1222 5300 1240 5330 ι
1296 5281 1328 5352 ἢ
1394 5302 1411 5331 ι
1440 5285 1755 5354 συκομόρων
1787 5304 1807 5336 ι

1952 5289 2150 5345 undum
2189 5266 2424 5361 reliquos
2460 5293 2801 5359 interpretes,
2837 5304 2900 5344 ea:
2935 5290 3258 5360 sycomoris,
3294 5288 3486 5343 factas.

233 5359 383 5416 κατὰ
410 5364 532 5428 τοὺς
553 5366 772 5431 λοιποὺς
799 5370 1160 5439 ἐρμηνευτάς.
1189 5370 1301 5425 Εἶθ’
1333 5374 1405 5437 ὡς
1440 5375 1593 5427 αὐτοὶ
1613 5375 1815 5445 βελτίο-

1952 5381 2117 5437 ’θίηιίθ
2146 5359 2317 5448 vero,
2337 5398 2402 5438 ac
2446 5384 2489 5438 si
2533 5384 2607 5438 illi
2654 5383 3086 5453 praestantiorem
3124 5380 3309 5437 urbem
3343 5391 3490 5436 stru-

231 5471 302 5508 να
335 5455 488 5508 πόλιν
519 5460 1019 5524 κατασκευάσοντες
1044 5503 1057 5526 ,
1092 5462 1490 5533 ἐπηγγέλλοντο
1527 5466 1614 5519 διὰ
1652 5466 1815 5521 λίθων

1953 5473 2058 5527 turi
2090 5483 2307 5539 essent,
2350 5488 2470 5529 eam
2502 5491 2569 5530 ex
2600 5475 2788 5530 incisis
2816 5473 3085 5544 lapidibus
3112 5483 3167 5528 et
3200 5488 3267 5528 ex
3308 5473 3488 5529 cedris

234 5546 444 5610 ξυστῶν
481 5550 576 5602 καὶ
607 5552 810 5622 κέδρων
846 5554 1237 5626 οἰκοδομήσειν,
1278 5557 1373 5609 καὶ
1394 5558 1514 5610 ἀντὶ
1555 5558 1650 5612 τοῦ
1683 5560 1811 5614 ναοῦ

1952 5579 1978 5618 e
2022 5564 2386 5619 aediﬁcatores
2436 5580 2559 5622 esse
2608 5565 3041 5636 pollicebantur:
3088 5576 3142 5621 et
3197 5563 3379 5633 templi
3429 5564 3484 5617 in

230 5637 327 5689 τοῦ
376 5639 435 5691 ὲν
487 5641 841 5715 Ἰερουσαλὴμ
888 5645 1097 5717 πύργον
1142 5648 1354 5711 ἑαυτοῖς
1387 5649 1708 5721 ἀναστήσειν
1752 5652 1810 5703 ὲν

1952 5654 2211 5709 erusalem
2247 5657 2441 5711 stantis
2479 5658 2625 5723 loco,
2679 5662 2872 5712 turrim
2922 5658 3025 5714 sibi
3059 5658 3395 5712 excitatums
3428 5655 3481 5707 in

232 5728 553 5799 Σαμαρείᾳ·
612 5734 692 5788 διὸ
742 5737 831 5791 καὶ
897 5738 1079 5803 ἐπειδὴ
1139 5739 1360 5795 τοιαῦτα
1416 5742 1808 5811 τετολμήκασιν

1958 5744 2194 5811 amaris;
2237 5745 2357 5803 ideo
2390 5746 2516 5817 quia
2549 5748 2622 5805 illi
2664 5750 2716 5806 in
2755 5757 2958 5805 lautam
2995 5747 3365 5818 arrogantiam
3391 5758 3484 5803 ve-
