4068 6198
419 273 526 331 155
1104 259 1399 344 \EUSEBII
1434 257 1915 316 CESARIENSIS
1950 255 2102 314 OPP.
2142 255 2323 311 PARS
2359 254 2449 312 Ill.
2486 283 2558 295 —
2592 248 3005 307 EXEGETICA.
3562 244 3663 301 I56

337 428 355 448 ς
421 390 539 442 nire
587 381 705 437 ausi
767 379 1020 442 fuerant,
1064 376 1322 447 deinceps
1368 376 1733 432 comminatur
1777 375 1857 431 eis
1903 375 1937 430 li

2062 369 2619 434 ,άπαυθαδιάσασθαι,
2644 365 2855 422 ἀπειλεῖ
2894 363 3077 426 αὐτοῖς
3127 358 3252 431 ἑξῆς
3296 361 3325 413 6
3360 357 3513 427 λόγος
3560 360 3668 427 eds

348 485 353 490 “
418 477 602 533 verbis
627 494 641 530 :
2092 480 2259 520 cxwv'

493 570 655 622 Vsus.
686 565 741 619 2.
787 583 805 616 ι
841 563 906 618 Ει
952 562 1162 633 franget
1202 562 1341 617 Dens
1389 576 1506 625 eos,
1565 560 1657 630 qui
1695 560 1989 631 insurgunt

2169 579 2186 611 ι
2218 557 2327 612 Kal
2364 555 2514 628 ράξει
2536 556 2565 608 6
2598 553 2730 619 Θεὸς
2760 554 2885 616 τοὺς
2931 546 3400 618 ἐπανισταμένους
3457 544 3552 598 ἐπὶ
3607 544 3667 597 τὸ

419 674 580 728 super
626 665 865 710 montem
908 653 1063 716 Sion.
1095 662 1151 708 et
1194 652 1446 707 inimicos
1487 651 1791 721 dissipabit.
1842 669 1861 704 ι
1895 649 1994 704 Se-

2091 653 2216 724 δρος
2244 652 2403 714 Σιὼν,
2435 650 2530 702 καὶ
2581 648 2707 710 τοὺς
2759 644 2987 717 ἐχθροὺς
3034 639 3391 696 διασκεδάσει.
3440 656 3460 689 ι
3514 636 3676 690 Κατά-

420 750 655 807 cundum
702 746 986 803 historiam
1021 745 1200 811 enim,
1231 745 1378 815 quia,
1418 744 1629 813 inquit,
1672 744 1707 798 ii
1761 741 1854 813 qui
1894 741 1994 798 Sa—

2091 745 2221 815 γοῦν
2249 744 2346 815 τὴν
2374 741 2633 814 ἱστορίαν,
2658 738 2865 809 ἐπειδὴ,
2896 736 3080 807 φησὶν,
3117 735 3167 788 οί
3210 733 3308 803 τὴν
3360 730 3680 802 Σαμάρειαν.

422 844 649 897 mariam
707 838 1015 895 incolebant
1064 838 1195 893 talia
1233 836 1352 892 ausi
1408 845 1556 899 sunt,
1599 846 1652 891 et
1690 835 1996 906 petulanter

2093 836 2369 897 οἰκοῦντες
2400 832 2623 888 τοιαῦτα
2645 829 3032 901 τετολμήκασι,
3060 826 3154 880 καὶ
3206 823 3674 895 κατεθρασόνοντο

420 935 659 1006 agebant
686 940 874 987 contra
915 941 1152 985 montem
1185 928 1341 997 Sion,
1381 937 1438 983 et
1474 939 1665 984 contra
1704 927 1867 983 Deum
1898 926 1996 980 ilii-

2096 930 2237 984 κατὰ.
2266 927 2359 982 τοῦ
2394 926 2550 998 ὅρους
2578 922 2735 987 Σιὼν,
2770 922 2865 975 καὶ
2898 920 3039 976 κατὰ
3086 917 3179 972 τοῦ
3228 919 3285 970 ὲν
3331 916 3480 986 αὐτῷ
3508 932 3682 987 τιμω-

422 1037 547 1092 dem
585 1033 824 1095 cultum;
871 1046 966 1087 eos
1024 1043 1119 1095 se,
1168 1029 1325 1099 quasi
1371 1045 1441 1085 ex
1493 1043 1689 1101 magna
1729 1030 1998 1099 superbiae

2100 1017 2260 1089 μένου
2288 1014 2447 1078 Θεοῦ,
2480 1014 2555 1078 ὡς
2597 1013 2705 1067 ἀπὸ
2742 1011 2975 1083 μεγάλου
3035 1008 3201 1079 ὕψους
3254 1007 3354 1077 τῆς
3395 1006 3681 1075 ὑπερηφα-

422 1124 744 1181 celsitudine
800 1122 1184 1190 depressnrnm
1240 1129 1295 1174 et
1345 1098 1647 1174 fracturnm
1694 1121 1998 1175 commina-

2098 1111 2244 1173 νείας
2278 1108 2456 1164 αὐτῶν
2505 1104 2860 1160 ταπεινώσειν
2924 1102 3016 1158 καὶ
3064 1098 3425 1171 καταρῤάξειν
3482 1098 3676 1160 αὐτοὺς

427 1228 534 1273 tur.
581 1216 617 1270 li
660 1188 997 1286 quippeiqui
1040 1222 1232 1267 contra
1288 1222 1527 1267 montem
1580 1212 1711 1269 Sion
1763 1214 2001 1270 insurre-

2100 1203 2334 1257 ἀπειλεῖ.
2364 1202 2501 1264 Τοὺς
2534 1198 2643 1270 γὰρ
2670 1198 2762 1250 ἐπὶ
2794 1196 2855 1279 τὸ
2879 1195 3004 1267 ὅρος
3030 1191 3169 1246 Σιὼν
3218 1188 3690 1259 ἐπανισταμένους.

423 1280 860 1377 xerunt,'etiam
914 1280 969 1363 in
1031 1310 1207 1379 ipsum
1270 1308 1442 1363 Deum
1506 1308 1670 1378 impie
1724 1310 1998 1379 agebant:

2100 1297 2185 1349 ἐπ’
2220 1295 2382 1349 αὐτὸν
2415 1294 2504 1347 τὸν
2538 1292 2669 1345 Θεὸν
2702 1289 2918 1345 ἀσεϐεῖν
2972 1286 3281 1339 συνέϐαινεν
3302 1302 3313 1313 ·
3348 1280 3436 1346 οὓς
3489 1298 3679 1336 ταπει-

424 1420 564 1473 qnos
599 1418 660 1459 se
688 1402 1101 1458 bumiliaturum
1144 1408 1201 1455 et
1238 1398 1645 1455 contracturum
1684 1414 1805 1456 esse
1834 1400 1999 1466 dicit;

2101 1386 2293 1441 νὼσειν
2316 1388 2408 1440 xal
2436 1384 2618 1455 ράξειν
2647 1381 2833 1453 φησιν,
2859 1378 2919 1431 οὐ
2954 1376 3167 1448 μόνους,
3194 1372 3328 1427 ἀλλὰ
3354 1372 3449 1425 καὶ
3476 1370 3680 1432 πάντας

426 1464 528 1549 nec
559 1494 708 1564 ipsos
750 1492 929 1557 solos,
975 1492 1070 1547 sed
1118 1490 1286 1547 etiam
1337 1489 1589 1546 inimicos
1625 1489 1742 1558 ejus
1772 1464 2006 1561 dissipa-

2100 1480 2225 1544 τοὺς
2254 1479 2479 1549 ἐχθροὺς
2508 1473 2673 1529 αὑτοῦ
2706 1470 3107 1526 διασκεδάσειν*
3144 1467 3424 1537 σημαίνων
3474 1464 3601 1527 τοὺς
3625 1464 3681 1515 ὲν

427 1596 606 1639 turum
645 1598 801 1641 esse:
832 1583 1148 1654 significans
1173 1595 1269 1637 eos
1294 1595 1360 1635 ex
1397 1579 1684 1644 Damasco,
1716 1581 1805 1650 qui
1835 1581 2005 1637 Israe-

2103 1570 2379 1643 Δαμασκῷ
2450 1564 2873 1639 συμμαχοῦντας
2942 1560 3020 1631 τῷ
3086 1558 3301 1632 Ἰσραήλ
3337 1597 3355 1619 ,
3408 1555 3550 1610 κατὰ
3617 1553 3684 1607 τά

424 1682 492 1736 lis
528 1682 926 1737 commilitones
966 1687 1161 1743 erant,
1216 1687 1277 1731 ut
1313 1678 1462 1746 prius
1498 1677 1753 1731 traditum
1789 1687 1891 1731 εει.
1930 1677 2007 1731 Ac

2109 1663 2416 1734 ἔμπροσθεν
2450 1656 2837 1728 ἀποδεδομένα.
2861 1655 2969 1708 Kal
3002 1652 3208 1715 πάντας
3228 1652 3283 1705 δὲ
3314 1652 3439 1714 τοὺς
3473 1652 3538 1703 ὲκ
3578 1648 3698 1702 τῶνν

428 1773 667 1836 reliquos
698 1788 889 1827 omnes
920 1772 1011 1840 qui
1046 1780 1233 1824 contra
1282 1776 1519 1822 montem
1561 1767 1693 1824 Sion
1732 1779 1787 1824 et
1820 1778 2007 1823 contra

2082 1778 2083 1785 η
2110 1752 2316 1807 λοιπῶν
2337 1747 2800 1818 ἐπανισταμένους
2830 1746 2909 1816 τῷ
2953 1744 3067 1816 ὄρει
3097 1743 3255 1806 Σιὼν,
3314 1742 3406 1796 καὶ
3432 1741 3511 1812 τῷ
3569 1739 3688 1809 Θεῷ

426 1832 595 1914 Deum
641 1860 838 1914 ibidem
883 1832 1088 1911 cultum
1140 1855 1573 1920 insurrexerunt,
1630 1870 1689 1911 se
1719 1855 2010 1926 dissipatu-

2110 1843 2189 1914 τῷ
2221 1841 2455 1896 ἐνταῦθα
2488 1838 2825 1911 τιμωμένῳ,
2851 1835 3227 1889 διασκεδάσειν
3259 1832 3651 1902 ἐπαγγέλλεται
3671 1849 3692 1862 ι

432 1966 548 2004 ruui
593 1964 715 2005 esse
761 1948 1084 2019 pollicetur:
1135 1962 1203 2004 ex
1241 1963 1471 2017 quorum
1524 1963 1753 2004 numero
1789 1948 1881 2002 alii
1945 1963 2011 2001 ex

2111 1930 2186 1989 ὧν
2240 1935 2291 1988 οἱ
2352 1933 2451 2004 μὲν
2498 1928 2638 2003 ἦσαν
2691 1927 2998 1982 ἁνατολικοί
3027 1944 3192 1991 τινες,
3226 1929 3277 1980 oi
3309 1925 3365 1979 δὲ
3419 1924 3509 1994 ἀφ’
3543 1923 3696 1996 ἡλίου-

429 2044 638 2098 oriente
682 2053 860 2108 erant,
889 2042 979 2097 alii
1016 2056 1081 2097 ex
1108 2058 1303 2097 occasu
1334 2041 1487 2107 solis,
1518 2041 1680 2097 medii
1713 2051 1893 2096 autem
1919 2056 2011 2093 en-

2115 2027 2357 2099 δυσμῶν,
2394 2025 2552 2096 μέσοι
2578 2024 2633 2076 δὲ
2659 2021 2865 2075 τούτων
2905 2022 2955 2074 οί
2991 2020 3271 2089 Ἕλληνες.
3337 2018 3544 2080 Πάντες
3585 2016 3708 2085 γὰρ›

434 2151 549 2189 rum
583 2134 757 2190 Graeci
806 2144 985 2189 erant.
1040 2132 1104 2187 Hi
1153 2133 1354 2187 etenim
1410 2146 1599 2187 omnes
1649 2142 2008 2186 memoratum

2110 2116 2276 2183 οὗτοι,
2293 2118 2385 2171 τὸν
2418 2114 2789 2187 προλεχθένταη
2812 2112 3030 2183 Ἰσραὴλ
3057 2112 3165 2181 ὅλῳ
3208 2109 3285 2180 τῷ
3309 2109 3538 2179 στόματι
3565 2126 3693 2161 κατ-

433 2226 687 2281 Israelem
722 2225 882 2295 pleno
910 2240 1006 2279 ore
1047 2226 1395 2288 devorantes,
1426 2233 1589 2292 atque
1616 2222 1667 2275 in
1699 2238 1853 2275 suum
1895 2222 2011 2276 ido-

2114 2211 2389 2273 εσθίοντες
2422 2209 2517 2261 καὶ
2548 2206 2979 2267 καταϐάλλοντες
3007 2205 3097 2257 ἐπὶ
3131 2204 3229 2272 τὴν
3282 2202 3381 2271 τῆς
3409 2199 3692 2254 εἰδωλολα-

433 2318 663 2374 lolatria:
686 2304 928 2372 errorem
947 2317 1286 2384 dejicientes,
1318 2333 1377 2371 se
1398 2318 1485 2384 iis,
1516 2316 1607 2385 qui
1638 2324 1825 2370 contra
1853 2332 2010 2370 mon-

2110 2304 2299 2376 τρείας
2327 2301 2535 2356 ἑαυτῶν
2563 2302 2791 2371 πλάνην,
2827 2299 3039 2370 βοηθεῖν
3070 2296 3165 2350 καὶ
3194 2298 3501 2367 συμμαχεῖν
3524 2296 3693 2365 ἐπηγ-

435 2424 541 2465 tem
599 2409 729 2464 Sion
768 2408 1141 2480 insnrgebaut,
1194 2408 1550 2464 auxiliaturos
1578 2422 1643 2462 ac
1690 2408 2012 2464 commilito-

2111 2393 2360 2463 γέλλοντο
2443 2394 2555 2456 τοῖς
2630 2388 3083 2469 ὲπανισταμένοις
3148 2386 3293 2441 κατὰ
3365 2383 3459 2438 τοῦ
3535 2384 3706 2455 ὅρους.

434 2518 531 2557 nes
560 2516 747 2557 eorum
777 2499 991 2556 futuros
1019 2515 1141 2557 esse
1169 2500 1577 2571 promittebant.
2112 2485 2269 2538 Σιώνι

508 2594 671 2650 Vsns.
706 2593 890 2649 “.15.
932 2612 951 2645 ι
990 2592 1058 2647 Ει
1085 2567 1305 2649 abstulit
1344 2592 1604 2648 Dominus
1629 2591 1696 2647 ab
1723 2592 1889 2655 Israel
1921 2608 2011 2647 ca-

2192 2598 2210 2629 ι
2248 2578 2358 2631 Kal
2408 2576 2597 2645 ἀφεῖλε
2630 2574 2833 2645 Κύριος
2875 2572 2983 2625 ἀπὸ
3028 2569 3245 2641 Ἰσραὴλ
3299 2568 3540 2640 κεφαλὴν
3601 2567 3706 2622 καὶ

437 2696 531 2753 put
566 2696 622 2740 et
675 2686 931 2749 caudam,
982 2700 1235 2756 magnum
1284 2694 1340 2741 et
1375 2699 1600 2755 parvum
1650 2685 1704 2737 in
1740 2700 1846 2737 una
1891 2685 2014 2749 die,

2116 2671 2304 2742 οὐρὰν,
2350 2668 2524 2739 μέγαν
2547 2668 2640 2720 καὶ
2677 2666 2870 2737 μικρὸν
2905 2669 2963 2717 ὲν
2992 2666 3089 2735 μιᾷ
3121 2664 3325 2735 ἡμέρᾳ,
3386 2660 3698 2732 πρεσϐύτην

436 2793 596 2834 senes
620 2789 676 2834 et
706 2793 800 2833 eos
827 2777 919 2849 qui
955 2753 1164 2832 vultum
1209 2753 1569 2843 admirantur,
1616 2776 1719 2830 hoc
1744 2756 1829 2831 est
1875 2777 2019 2845 prin-

2118 2762 2364 2825 καὶτοὺς
2418 2759 2487 2814 τὰ
2535 2759 2804 2830 πρόσωπα
2846 2755 3258 2849 θαυμάζονταςζ
3292 2753 3429 2825 αὕτη
3467 2754 3707 2825 ήάρχή“

435 2871 677 2940 oipium;
711 2880 766 2926 et
820 2840 1141 2940 prophetam
1195 2871 1477 2923 docentem
1532 2840 1743 2939 iniqua.
1802 2840 1892 2923 hic
1937 2879 2015 2922 est

2119 2853 2213 2906 καὶ
2256 2852 2540 2922 προφήτην
2589 2849 2903 2903 διδάσκοντα
2958 2847 3167 2917 ἄνομα,
3204 2840 3357 2910 οῦτος
3404 2848 3438 2917 ή
3481 2847 3635 2917 οὐρά.
3673 2864 3700 2897 ι

438 2937 631 3017 cauda.
678 2980 697 3014 ι
733 2937 839 3015 Pro
871 2937 999 3025 illo,
1040 2979 1060 3013 ι
1094 2960 1331 3014 Abstulit
1367 2937 1638 3015 Dominus
1661 2961 1730 3014 ab
1760 2957 1955 3026 Israel,
1995 2980 2014 3013 I

2134 2945 2277 2997 ‘Avr‘t
2328 2943 2510 3013 μέντοι
2555 2939 2672 3007 τοῦ,
2715 2939 2966 3008 «Ἀφεῖλε
3002 2938 3205 3010 Κύριος
3246 2937 3354 2992 ἀπὸ
3398 2937 3641 3009 Ἰσραὴλ,
3674 2955 3706 2987 ι

439 3042 656 3124 Aquila.
695 3072 715 3105 ι
757 3051 823 3107 Ει
854 3052 1044 3123 perdet
1080 3052 1375 3127 Dominus;
1414 3069 1432 3103 ι
1471 3050 1831 3121 Symmachus
1862 3066 2014 3110 vero.
2044 3104 2045 3115 χ

2119 3040 2148 3090 6
2176 3037 2275 3109 μὲν
2320 3035 2572 3099 Ἀκύλας,
2608 3054 2625 3085 ι
2648 3035 2743 3088 καὶ
2769 3032 3078 3106 ὀλοθρεύσει
3103 3032 3306 3102 Κύριος
3324 3048 3339 3062 ο
3366 3050 3383 3082 ι
3418 3033 3446 3085 6
3476 3030 3532 3083 δὲ
3565 3029 3701 3101 Σύμ-

447 3164 466 3196 ‹
505 3121 575 3197 lit
607 3121 883 3212 disperde't
922 3121 1222 3207 Dominus:
1267 3160 1285 3193 ι
1324 3140 1661 3207 Theodotio,
1708 3160 1726 3193 ι
1767 3141 1831 3195 Ει
1867 3121 2053 3195 ante?

2122 3147 2316 3200 μαχος,
2372 3147 2389 3178 ι
2432 3128 2543 3181 Kal
2602 3125 2969 3197 ὲξολοθρεύσει
3021 3122 3256 3195 Κύριος’
3298 3142 3317 3176 ι
3373 3123 3401 3175 6
3431 3122 3487 3175 δὲ
3510 3121 3710 3176 Θεοδοιι

444 3246 565 3302 ret,
617 3252 639 3287 ι
700 3236 754 3290 in
800 3232 981 3289 futuro
1034 3233 1320 3298 dixerunt;
1377 3233 1532 3304 quasi
1581 3234 1722 3289 Deus
1770 3234 1883 3288 haec
1932 3233 2017 3286 fa-

2118 3222 2268 3285 τίων,
2293 3240 2311 3272 ι
2337 3221 2446 3273 Kal
2471 3219 2682 3289 ἀφελεῖ,
2711 3238 2730 3269 ι
2769 3215 3103 3289 μελλητικῶς
3121 3218 3401 3285 εἰρήκασιν
3420 3232 3433 3246 ·
3462 3213 3540 3277 ὡς
3577 3213 3701 3284 μέλ-

441 3338 629 3380 cturus
666 3325 769 3379 sit:
820 3339 942 3393 quae
978 3332 1103 3377 ante
1150 3333 1403 3379 eventum
1451 3323 1738 3393 praedicit,
1776 3333 1834 3376 ut
1867 3323 2020 3376 audi-

2118 3312 2303 3376 λοντος
2339 3311 2513 3366 ταῦτα
2562 3312 2808 3381 ποιήσειν
2841 3308 2933 3362 τοῦ
2979 3306 3112 3360 Θεοῦ
3137 3324 3150 3337 ⁸
3186 3307 3223 3361 ἃ.
3274 3307 3401 3377 πρὶν
3448 3306 3714 3373 γενέσθαι

448 3429 593 3471 tores
621 3416 687 3471 ad
726 3416 1104 3486 ptrnitentiam
1138 3424 1415 3484 provocet,
1461 3430 1528 3470 ne
1574 3432 1696 3485 quae
1725 3415 2020 3470 commina-

2120 3405 2395 3475 προλέγει,
2423 3403 2770 3471 ἐπιστρέφων
2800 3404 2880 3464 είς
2915 3400 3198 3472 μετάνοιαν
3229 3400 3354 3462 τοὺς
3407 3398 3698 3468 ἀκροωμέ-

447 3520 533 3564 tur
574 3509 704 3579 ipsis
735 3509 1008 3563 eveniant.
1038 3509 1157 3565 Una
1204 3524 1367 3579 porro
1396 3508 1484 3563 die
1522 3524 1581 3564 se
1622 3509 1877 3579 praedicta
1906 3523 2020 3560 om-

2118 3516 2261 3563 νους,
2287 3497 2360 3561 ὡς
2390 3497 2458 3550 ἂν
2502 3496 2575 3567 μὴ
2605 3495 2830 3548 πάθοιεν
2852 3494 2919 3547 τά
2946 3492 3330 3563 ἀπειλούμενα.
3392 3492 3479 3543 Ἐν
3514 3489 3699 3562 ἡμέρᾳ⁵

448 3600 558 3664 uia,
596 3614 718 3668 quas
746 3599 964 3669 quidem
1014 3598 1302 3669 perspicua
1361 3607 1529 3664 sunt,
1579 3599 1851 3654 facturum
1903 3613 2022 3652 esse

2118 3590 2175 3643 δὲ
2209 3590 2307 3660 μιᾷ
2340 3606 2471 3659 φησι
2521 3588 2698 3641 πάντα
2757 3587 3005 3655 ποιήσειν
3046 3584 3116 3638 τά
3151 3583 3519 3656 προλεχθέντα
3549 3583 3714 3655 σαφῆ,

445 3688 598 3755 dicit,
647 3689 698 3743 id
753 3698 857 3753 est,
890 3704 997 3743 uno
1033 3690 1337 3757 eodemque
1376 3698 1637 3758 tempore.
1680 3688 1816 3743 Cum
1843 3699 2020 3742 autem

2119 3679 2454 3748 τυγχάνοντα
2474 3695 2486 3707 ·
2517 3677 2792 3730 τουτέστιν
2819 3676 2906 3745 ὑφ’
2938 3675 3032 3728 ἕνα
3058 3677 3151 3728 καὶ
3180 3676 3268 3728 τὸν
3289 3672 3452 3728 αὑτὸν
3488 3674 3699 3744 καιρόν.

446 3781 576 3835 dicit
618 3790 776 3849 caput
825 3792 880 3835 et
917 3779 1145 3834 caudam
1170 3819 1186 3845 ,
1234 3780 1456 3833 brutum
1488 3779 1693 3833 animal
1724 3779 2018 3849 signiﬁcat;

2120 3772 2376 3841 Κεφαλήν
2404 3771 2460 3825 δὲ
2487 3772 2579 3824 καὶ
2620 3770 2785 3843 οὐρὰν
2818 3770 3022 3832 εἰπὼν,
3051 3768 3269 3840 ᾐνίξατο
3303 3767 3440 3833 ζῶον
3469 3769 3660 3837 ἄλογον
3684 3783 3697 3798 ⁸

448 3871 501 3924 id
530 3872 729 3940 quippe
767 3886 871 3925 non
914 3871 1196 3926 hominum
1226 3871 1508 3940 proprium
1556 3879 1661 3936 est,
1710 3873 1852 3940 quod
1895 3888 2024 3925 cau-

2120 3866 2182 3918 οὑ
2213 3866 2320 3932 γὰρ
2344 3863 2646 3935 ἀνθρώπων
2679 3864 2829 3925 ἴδιον,
2858 3861 2996 3916 άλιλὰ
3024 3862 3177 3927 ζώων
3204 3862 3412 3931 ἀλόγων
3444 3862 3504 3914 τδ
3533 3859 3708 3932 οὐρὰν

449 3966 572 4015 dum
629 3961 886 4025 habeant.
937 3964 1030 4017 sed
1082 3963 1367 4018 brutorum
1415 3960 1773 4015 animalium:
1824 3961 2025 4031 quibus

2121 3957 2302 4026 ἔχειν·
2332 3950 2413 4019 οἷς
2461 3957 2551 4009 τὸν
2602 3956 2729 4009 λαὸν
2779 3956 3171 4024 ἁφωμοίωσεν*
3229 3954 3260 4023 ἦ
3318 3953 3558 4025 κεφαλὴν
3607 3952 3711 4006 καὶ.

451 4053 705 4123 populum
754 4053 985 4108 similem
1039 4069 1160 4110 esse
1205 4054 1377 4107 dicit:
1439 4054 1524 4109 vel
1582 4064 1748 4124 caput
1793 4063 1848 4108 et
1893 4068 2024 4108 cau-

2120 4050 2310 4120 οῦράν,
2333 4050 2423 4103 τὸν
2453 4049 2668 4118 λογικὸν
2706 4050 2800 4102 καὶ
2823 4048 2883 4101 τὸ
2910 4048 3123 4116 ἄλογον,
3152 4048 3185 4118 ἢ
3222 4048 3312 4101 τὸν
3338 4048 3571 4118 ἄρχοντα
3606 4045 3699 4098 καὶ

452 4146 604 4208 dam,
642 4143 1022 4199 rationabilem
1065 4156 1119 4199 et
1175 4144 1642 4211 irrationabilem;
1692 4143 2022 4213 principem,

2120 4142 2213 4196 τὸν
2260 4143 2579 4215 ἀρχόμενον,
2612 4141 2706 4195 καὶ
2740 4141 2998 4209 ἔσχατον·
3026 4139 3053 4192 ὃ
3112 4138 3175 4209 δὴ
3236 4140 3327 4191 καὶ
3378 4137 3712 4208 διεσάφησεν·

451 4237 725 4291 subditum
772 4245 829 4291 et
862 4236 1109 4291 ultimum
1148 4246 1345 4292 vocat:
1390 4237 1534 4307 quod
1583 4237 1747 4293 etiam
1804 4236 1885 4292 sic
1928 4234 2025 4291 de-

2123 4233 2312 4297 είπὼν,
2355 4252 2372 4284 ι
2413 4235 2585 4304 μέγαν
2633 4234 2727 4285 καὶ
2766 4232 2980 4303 μικρόν.
3014 4249 3033 4282 ι
3088 4229 3228 4283 Ἀντὶ
3261 4228 3315 4281 δὲ
3345 4228 3463 4292 τοῦ,
3526 4247 3544 4278 ι
3571 4228 3696 4291 τοὺς

453 4329 687 4381 «·Ιιιιόνὶι
722 4328 931 4393 dicens,
974 4343 993 4378 ι
1031 4341 1288 4397 magnum
1335 4338 1390 4383 et
1430 4344 1676 4399 parvum.
1714 4347 1734 4380 ι
1772 4327 1877 4382 Pro
1910 4329 2024 4393 illo,

2122 4326 2190 4381 τά
2210 4327 2474 4399 πρόσωπα
2510 4324 2908 4396 θαυμάζοντας,
2945 4342 2963 4375 i
3007 4324 3035 4375 6
3068 4321 3382 4392 Σύμμαχος,
3422 4341 3439 4372 ι
3472 4321 3566 4375 καί
3610 4322 3696 4373 αἱ-

457 4439 476 4472 i
522 4422 611 4488 qui
655 4420 833 4475 vultus
888 4420 1255 4485 admirantur,
1296 4439 1314 4472 ι
1353 4420 1731 4491 Symmachus.
1781 4437 1799 4471 ι
1842 4428 1897 4473 et
1933 4435 2021 4474 ve-
2056 4437 2063 4490 ι

2090 4417 2361 4488 ιδέσιμον,
2390 4438 2408 4469 ι
2440 4418 2766 4487 ἡρμήνευσε.
2795 4416 2904 4468 Kal
2932 4410 3083 4476 οὗτος
3109 4409 3200 4466 οὖν
3230 4415 3258 4466 6
3298 4412 3575 4483 αἰδέσιμος
3605 4413 3696 4465 καὶ

459 4511 788 4577 nerabilem,
837 4530 856 4565 ι
897 4511 1292 4581 interpretatus
1329 4523 1432 4566 est.
1488 4511 1586 4567 llic
1626 4526 1754 4581 ergo
1800 4526 2026 4566 venera-

2120 4511 2148 4562 6
2172 4508 2481 4580 πρεσϐύτης
2509 4507 2731 4560 δύναται
2759 4503 2897 4560 εἷναι
2936 4508 2968 4577 ἡ
3012 4505 3257 4575 κεφαλή⁸
3306 4507 3338 4575 ἠ
3395 4506 3450 4558 δὲ
3489 4505 3623 4576 οὐρὰ
3666 4504 3694 4555 ὁ

457 4602 581 4658 bilis
612 4612 664 4658 et
693 4617 881 4668 senex,
914 4614 1076 4672 caput
1112 4618 1236 4657 esse
1278 4610 1485 4670 patest;
1520 4603 1690 4656 cauda
1745 4616 1873 4656 vero
1904 4617 2027 4671 pro-

2120 4603 2386 4657 διδάσκων
2414 4601 2589 4670 ἄνομα
2619 4600 2925 4671 προφήτης,
2966 4598 3129 4651 οἱονεὶ
3162 4598 3355 4665 ἀλόγου
3379 4596 3517 4660 ζώου
3541 4597 3700 4668 ἐσχα-

457 4693 614 4763 pheta
652 4694 743 4763 qui
796 4693 982 4764 iniqua
1033 4693 1213 4758 docet,
1258 4693 1350 4762 qui
1385 4693 1540 4760 quasi
1598 4692 1740 4746 bruti
1780 4692 2031 4747 animalis

2124 4708 2215 4745 τον
2248 4690 2404 4762 μέλος
2434 4690 2713 4761 ὑπάρχων.
2748 4689 3232 4759 Ἀφαιρεθήσεσθαι
3252 4690 3431 4742 τοίνυν
3458 4690 3698 4752 τούτους,

459 4790 703 4844 ultimum
743 4791 1045 4845 membrum
1096 4799 1196 4845 est.
1236 4787 1345 4842 llos
1390 4789 1557 4855 igitur
1594 4788 1662 4843 de
1717 4788 1893 4843 medio
1939 4790 2034 4841 tol-

2123 4784 2219 4837 καὶ
2252 4782 2795 4854 ἐξολοθρευθήσεσθαι
2824 4784 2913 4853 ὑφ’
2950 4784 3045 4836 ἕνα
3078 4782 3266 4854 καιρὸν
3299 4785 3326 4835 6
3351 4782 3507 4850 λόγος
3540 4782 3699 4835 άπει-

459 4878 675 4942 lendos,
733 4887 897 4947 atque
966 4893 1071 4932 uno
1139 4886 1381 4942 tempore
1425 4877 1870 4931 exterminaudos
1911 4891 2031 4931 esse
2127 4875 2226 4927 λεί.

459 4970 856 5025 intermittatur.

532 5060 695 5118 Vens.
721 5063 807 5118 18.
845 5081 863 5114 ι
906 5063 971 5117 Et
999 5065 1357 5120 succendetur
1383 5061 1537 5132 quasi
1561 5061 1699 5129 ignis
1724 5061 1983 5129 iniquitas
2012 5079 2024 5114 :

2210 5078 2227 5109 ι
2272 5058 2379 5111 Kal
2399 5057 2734 5126 καυθήσεται
2764 5056 2839 5119 ὡς
2868 5055 2981 5127 πῦρ
3004 5058 3036 5126 ἡ
3059 5055 3283 5126 ἀνομία,
3311 5056 3402 5108 καὶ
3424 5054 3499 5116 ὡς
3526 5054 3702 5124 ἄγρω-

459 5162 513 5206 ct
541 5156 695 5221 quasi
744 5171 966 5226 gramen
1015 5155 1219 5210 siccum
1276 5154 1626 5211 devorabitur
1668 5154 1735 5208 ab
1788 5154 1930 5221 igne.
1965 5152 2029 5205 Et

2135 5168 2251 5213 στις
2291 5148 2428 5222 ξηρὰ
2469 5148 2806 5221 βρωθήσεται
2846 5149 2952 5201 ὑπὸ
2989 5150 3184 5220 πυρός.
3217 5149 3325 5201 Kal
3368 5147 3702 5216 καυθήσεται

460 5243 816 5297 succendetur
833 5247 884 5300 in
905 5247 1052 5303 densi
1062 5247 1258 5303 tatibus
1281 5246 1470 5310 saltus,
1484 5254 1538 5300 et
1553 5242 1831 5299 devorabit
1848 5242 2027 5296 omnia

2182 5264 2191 5294 ν
2222 5247 2333 5308 τοῖς
2362 5244 2546 5297 δάσεσι
2574 5242 2668 5296 τοῦ
2698 5243 2927 5314 δρυμοῦ,
2967 5244 3060 5296 καὶ
3108 5240 3587 5309 συγκαταφάγεται
3632 5240 3703 5293 τά
3733 5228 3788 5305 ’ξ

464 5349 584 5389 ante
616 5334 821 5389 circum
844 5337 1006 5393 colles
1032 5348 1179 5394 sunt.
1222 5358 1242 5392 ι
1281 5340 1351 5393 Se
1394 5347 1452 5391 ut
1484 5339 1684 5393 bonum
1719 5335 2024 5389 animarum

2135 5336 2317 5407 κύκλῳ
2346 5335 2453 5390 τῶν
2491 5334 2692 5405 βουνῶν
2723 5336 2919 5389 πάντα.
2960 5355 2978 5386 ι
3012 5335 3262 5404 Ποιήσειν
3294 5333 3351 5385 δὲ
3398 5331 3590 5393 ταῦτα,
3625 5331 3708 5394 ὡς

465 5426 778 5497 agricolam,
802 5427 918 5483 haec
943 5428 1210 5486 facturum
1230 5447 1350 5488 esse
1367 5431 1725 5487 comminatur
1747 5429 2026 5491 Dominus;

2133 5429 2335 5498 ἀγαθὸς
2363 5426 2547 5499 ψυχῶν
2584 5428 2848 5498 γεωργὸς,
2883 5429 2911 5479 6
2943 5427 3145 5497 Κύριος
3177 5423 3417 5477 άπειλεί’
3460 5426 3546 5477 ἵνα
3575 5427 3607 5495 ἡ
3644 5426 3710 5477 ὲν

469 5538 527 5575 ιιι
552 5520 808 5585 iniquitas
839 5534 1026 5577 eorum
1067 5523 1309 5578 deleatur
1346 5524 1518 5578 instar
1544 5523 1727 5577 herbae
1763 5518 2031 5577 silvestris

2134 5524 2316 5586 αὐτοῖς
2365 5521 2561 5592 ἀνομία
2605 5521 2877 5592 ἀφανισθῇ
2924 5519 3077 5591 δίκην
3126 5517 3424 5589 ὑλομανοῦς
3475 5517 3708 5588 βοτάνης

466 5615 532 5667 ab
558 5613 677 5680 igne
702 5611 1013 5683 absumptae.

2137 5613 2242 5667 ὑπὸ
2275 5611 2442 5683 πυρὸς
2477 5610 2927 5680 ἅναλισκομένης.

547 5703 707 5761 Vatis.
752 5703 934 5761 lii-'21.
975 5724 993 5758 ι
1020 5704 1243 5772 Pmptcr
1269 5705 1501 5762 furerent
1529 5707 1621 5762 ira:
1650 5706 1854 5762 Domini
1886 5720 2033 5760 com-

2215 5720 2233 5753 ι
2276 5699 2371 5775 Διά
2402 5699 2567 5770 θυμὸν
2598 5699 2765 5769 ὀργῆς
2794 5696 2995 5767 Κυρίου
3028 5696 3391 5765 συγκέκαυται
3415 5688 3463 5766 η’
3482 5694 3554 5763 γῆ
3584 5693 3708 5762 ὅλοι,
