3976 6194
294 299 398 355 157

1264 303 1768 363 COMMENTARIA
1807 306 1873 362 IN
1912 306 2168 363 lSAlAM.
2210 336 2279 348 —
2315 302 2466 359 CAP.
2508 300 2575 356 Χ.

3432 300 3535 356 158

286 418 383 471 καὶ
435 415 591 470 ἔσται
634 418 663 470 ό
709 417 834 480 λαὸς
873 417 950 481 ὡς
998 424 1479 493 κατακεκαυμένος
1526 426 1631 479 ὑπὸ
1674 427 1844 500 πυρός

1971 426 2125 478 busta
2161 433 2246 477 est
2274 421 2527 475 universa
2563 422 2801 478 terra,et
2827 412 2936 467 erit
2975 410 3202 482 populus
3229 412 3380 481 quasi
3414 428 3538 468 suc-

291 509 615 581 Ἀνθρωπος
647 510 736 563 τὸν
766 510 992 580 ἀδελφὺν
1025 512 1189 565 αὐτοῦ
1223 515 1322 568 οὐκ
1348 516 1576 587 ἐλεήσει·
1611 518 1745 573 ἀλλὰ
1771 522 1864 573 ὲκ-

290 601 468 654 κλινεῖ
495 602 573 664 εἰς
599 600 667 653 τά
695 600 864 665 δεξιά,
893 602 975 654 ὅτι
1010 604 1254 658 πεινάσει
1279 608 1372 660 καὶ
1403 608 1633 677 φάγεται
1666 612 1729 664 ὲκ
1757 611 1865 664 τῶν

290 692 612 764 ἀριστερῶν,
665 695 760 747 καὶ
810 696 872 747 ού
922 694 995 766 μὴ
1041 696 1327 769 ἐμπλησθῇ
1364 698 1648 771 ἄνθρωπος
1694 702 1864 757 ἔσθων

291 783 390 846 τὰς
421 784 622 855 σάρκας
653 784 748 836 τοῦ
794 785 1076 857 βραχίονος
1110 788 1295 842 αὑτοῦ.
1331 791 1568 860 Φάγεται
1600 794 1709 866 γὰρ
1742 795 1863 850 Μα-

293 871 492 940 νασσῆς
522 872 614 924 τοῦ
662 872 921 944 Ἐφρατμ,
951 875 1046 927 καὶ
1080 876 1317 949 Ἐφραῒμ
1344 881 1435 933 τοῦ
1464 884 1752 956 Μανασσῆ,
1782 889 1863 941 ὃτι

292 960 406 1030 ἅμα
433 960 852 1033 πολιορκήσουσι
880 965 971 1018 τὸν
1006 965 1227 1021 Ἰούδαν.
1278 971 1400 1024 Ἐπὶ
1439 973 1649 1039 τούτοις
1699 980 1864 1034 πᾶσιν

289 1053 385 1105 ούκ
416 1054 741 1126 ἀπεστράφη
786 1058 815 1109 ὁ
860 1056 1051 1129 θυμὸς.
1084 1060 1198 1112 ἀλλ’
1234 1061 1313 1115 ἐτι
1361 1066 1394 1133 ἡ
1436 1066 1554 1139 χεὶρ
1594 1067 1792 1141 ὑψηλή.
1839 1091 1857 1123 ι

296 1144 386 1207 Ὦς
417 1146 787 1217 ὲπαναστῆναι
825 1148 1053 1218 ἀδελφὺν
1098 1150 1341 1223 ἀδελφῷ,
1375 1156 1470 1208 καὶ
1515 1157 1721 1227 μηδένα
1766 1161 1861 1215 τοῦ

286 1236 455 1299 πέλας
486 1238 780 1305 φείσασθαι
806 1256 819 1269 ·
855 1242 1062 1305 πάντας
1094 1241 1148 1295 δὲ
1178 1244 1426 1317 ἀλληλοις
1460 1250 1765 1322 χρήσασθαι
1788 1254 1863 1318 ὡς

286 1328 600 1399 πολεμίοις·
645 1331 721 1395 ὡς
752 1333 833 1395 είς
871 1332 1124 1387 τοσοῦτον
1170 1336 1383 1391 ἐλάσειν
1422 1341 1862 1418 ἀναφλεγομένην

284 1423 469 1485 αὐτοῖς
511 1422 611 1493 τὴν
649 1423 786 1493 πρὸς
817 1424 1069 1495 ἀλλήλοις
1102 1429 1310 1496 στάσιν,
1343 1433 1437 1488 καὶ
1466 1435 1560 1487 τὸν
1597 1436 1862 1509 ἐμφύλιον

280 1513 540 1585 πόλεμον,
567 1514 643 1578 ὡς
671 1517 763 1569 καὶ
795 1516 892 1579 τάς
913 1517 1007 1570 δύο
1034 1520 1224 1588 φυλάς,
1247 1523 1344 1594 τὴν
1370 1525 1464 1578 τοῦ
1501 1528 1738 1602 Ἐφραῒμ
1767 1531 1863 1585 καὶ

281 1603 382 1673 τὴν
402 1602 494 1657 τοῦ
517 1604 807 1678 Μανασσῆ,
834 1606 893 1672 ἐξ
927 1608 1044 1672 ἑνὸς
1076 1613 1278 1683 πατρὸς
1301 1618 1595 1688 γενομένας
1618 1622 1711 1675 τοῦ
1752 1624 1863 1679 Ἰω-

286 1697 416 1766 σὴφ,
460 1697 564 1750 ὑπὸ
599 1697 693 1766 τὴν
733 1699 905 1770 αὐτὴν
953 1702 1112 1767 ὄντας
1148 1705 1443 1775 βασιλείαν,
1494 1713 1622 1781 μίαν
1660 1714 1716 1769 δὲ
1766 1718 1861 1770 καὶ

1968 530 2161 569 census
2182 516 2249 567 ab
2278 514 2419 582 igne.
2456 510 2625 563 llnmo
2648 505 2835 561 fratris
2860 505 2943 560 sui
2986 519 3093 558 nou
3145 503 3535 571 miserebitur;

1966 607 2061 661 sed
2096 604 2389 660 declinabit
2416 603 2483 656 ad
2513 602 2815 663 dexteram,
2852 597 2976 667 quia
3009 598 3231 659 esuriet,
3265 606 3321 651 et
3350 610 3532 651 come-

1965 696 2105 750 deta
2145 693 2401 757 sinistris,
2434 700 2618 745 etnon
2656 688 2993 743 saturabitur
3037 687 3197 741 homo
3241 685 3533 740 comedens

1965 801 2157 843 carnes
2232 782 2437 839 brachii
2513 782 2615 835 sui.
2690 777 2984 833 Devorabit
3038 779 3185 831 enim
3256 775 3533 830 Mauasses

1965 877 2241 948 prraim,
2276 887 2333 931 et
2360 874 2617 944 Ephraim
2667 872 2977 935 Manassen,
3016 868 3143 938 quia
3177 866 3337 921 simul
3387 865 3533 921 obsi-

1964 972 2164 1025 debuut
2187 968 2404 1023 Judam.
2446 967 2503 1021 lu
2537 965 2620 1019 his
2650 962 2900 1018 omnibus
2931 977 3038 1015 non
3071 974 3265 1014 aversa
3301 967 3385 1015 est
3411 959 3490 1013 ira
3511 997 3529 1023 ,

1963 1063 2056 1116 sed
2088 1061 2264 1116 adhuc
2300 1073 2493 1112 manus
2522 1056 2760 1112 excelsa.
2806 1073 2825 1107 ι
2860 1055 2937 1109 lta
2978 1063 3037 1108 ut
3066 1053 3312 1123 insurgat
3362 1052 3531 1105 frater

1965 1154 2017 1208 iu
2042 1154 2284 1215 fratrem,
2320 1164 2387 1203 ac
2423 1163 2581 1203 nemo
2614 1148 2861 1216 proximo
2890 1162 2990 1201 suo
3037 1154 3226 1214 parcat
3258 1161 3273 1197 :
3307 1157 3530 1199 omnes-

1962 1258 2070 1314 que
2098 1253 2282 1298 mutuo
2313 1250 2479 1311 agant
2500 1250 2560 1294 ut
2593 1240 2829 1305 inimici,
2856 1240 2930 1293 ita
2957 1248 3015 1291 ut
3040 1247 3227 1292 coorta
3256 1246 3310 1291 et
3336 1237 3532 1290 ardens

1966 1335 2109 1390 inter
2159 1341 2417 1402 utrosque
2474 1331 2693 1396 seditio,
2734 1340 2789 1383 et
2821 1329 2982 1384 civile
3040 1327 3240 1384 bellum
3267 1341 3333 1381 eo
3362 1339 3531 1395 usque

1960 1425 2159 1493 veniat,
2188 1434 2246 1479 ut
2266 1424 2385 1479 dua:
2412 1423 2515 1477 illa:
2554 1422 2725 1476 tribus
2751 1420 3002 1490 Ephraim
3031 1429 3088 1473 et
3120 1416 3423 1481 Manasaes,
3462 1429 3531 1470 ex

1964 1533 2070 1573 uno
2097 1529 2248 1587 patre
2267 1514 2469 1586 Josepb
2489 1525 2648 1579 ortze,
2680 1529 2744 1568 ac
2792 1511 2892 1567 sub
2916 1511 3106 1567 eodem
3134 1522 3299 1579 regno
3328 1502 3531 1576 degen-

1965 1620 2064 1673 tes,
2092 1620 2255 1679 atque
2284 1624 2447 1663 unam
2474 1606 2835 1675 eamdemque
2864 1604 3052 1658 urbem
3108 1599 3409 1656 incolentes
3430 1597 3532 1652 Sa—

1965 1699 2215 1764 mariam,
2239 1709 2427 1754 contra
2463 1712 2523 1752 se
2557 1707 2742 1751 mutuo
2780 1697 3084 1766 insurgaut,
3111 1708 3176 1748 ac
3205 1691 3427 1748 brachia
3448 1691 3531 1745 in-

284 1789 385 1856 τὴν
414 1789 581 1859 αὐτὴν
626 1790 779 1844 πόλιν
815 1793 1094 1859 οἰκοῦντας
1116 1797 1448 1873 Σαμάρειαν,
1475 1779 1731 1876 ἀλλήλαις
1766 1810 1851 1861 ὲπ-

1963 1793 2131 1845 vicem
2160 1791 2439 1855 devorent,
2474 1789 2613 1843 bello
2638 1798 2826 1843 contra
2855 1786 3050 1841 ludam
3108 1784 3409 1850 inferendo,
3464 1798 3531 1838 ac

285 1878 605 1949 ἀναστῆναι,
634 1883 725 1935 καὶ
750 1885 873 1947 τοὺς
906 1885 1146 1955 ἀλλήλων
1176 1888 1461 1961 βραχίονας
1491 1903 1855 1967 καταφαγεῖν·

290 1972 489 2043 μηκέτι
540 1974 634 2043 μὲν
686 1975 1038 2045 σχολάζοντας
1077 1979 1155 2050 τῷ
1199 1984 1336 2036 κατὰ
1404 1984 1564 2041 Ἰούδα
1617 1991 1854 2062 πολέμῳ,

292 2063 425 2133 μηδὲ
458 2067 523 2135 τῇ
554 2065 836 2138 πολιορκίᾳ
865 2068 963 2139 τῆς
1001 2070 1373 2151 Ἰερουσαλὴμ,
1410 2076 1530 2129 καθ’
1565 2080 1771 2133 ἑαυτῶν
1801 2082 1857 2133 δὲ

286 2155 653 2226 ἀκονήσαντας
671 2158 737 2212 τά
761 2160 964 2214 ἑαυτῶν
981 2162 1131 2234 ξίφη,
1155 2166 1378 2231 ἑαυτοὺς
1399 2168 1854 2242 διαχειρίσασθαι,

283 2247 376 2300 καὶ
405 2247 465 2312 ἐξ
494 2248 795 2321 ἀνθρώπων
819 2254 1096 2320 ἀφανίσαι.

822 2347 1217 2403 ΚΕΦΑΛΑῘΟΝ
1257 2353 1311 2407 l'.

355 2453 373 2485 ι
414 2434 550 2488 Οὐαὶ
588 2439 702 2499 τοῖς
755 2438 1026 2508 γράφουσι
1068 2444 1349 2513 πονηρίαν·
1398 2446 1700 2517 γράφοντες
1747 2449 1856 2523 γὰρ

281 2527 545 2597 πονηρίαν
606 2528 929 2599 γράφουσιν·
979 2532 1318 2599 ἐκκλίνοντες
1364 2538 1543 2609 κρίσιν
1601 2541 1850 2613 πτωχῶν,

283 2615 616 2687 ἁρπάζοντες
649 2620 823 2689 κρῖμα
847 2621 1094 2692 πενήτων
1114 2622 1209 2676 τοῦ
1239 2624 1368 2679 λαοῦ
1400 2644 1523 2699 μου·
1549 2628 1688 2683 ὥστε
1715 2627 1854 2686 εἶναι

280 2706 465 2770 αὐτοῖς
497 2709 670 2779 χήραν
697 2708 778 2772 είς
805 2708 1134 2784 διαρπαγὴν,
1170 2716 1264 2769 καὶ
1290 2716 1524 2789 ὀρφανὸν
1554 2722 1634 2785 είς
1662 2739 1853 2794 προνο-

283 2798 410 2870 μήν.
454 2817 472 2849 ι
519 2798 625 2852 Τοῦ
674 2800 1005 2873 καλουμένου
1036 2801 1130 2859 οῦν
1186 2807 1417 2881 Ἰσραὴλ,
1453 2812 1595 2881 λέγω
1640 2815 1705 2889 δὴ
1757 2818 1851 2871 τοῦ

284 2889 413 2942 λαοῦ
436 2890 545 2943 τῶν
590 2892 851 2946 Ἰουδαίων
884 2896 943 2947 ὲν
978 2896 1261 2970 Σαμαρείᾳ
1288 2899 1723 2975 βασιλευομένου,
1759 2912 1853 2964 καὶ

277 2980 452 3035 ταῦτα
478 2982 613 3053 πρὸς
638 2987 749 3047 τοῖς
773 2986 1055 3057 προτέροις
1085 2990 1114 3041 ὁ
1134 2991 1324 3062 παρὼν
1346 2993 1503 3063 λόγος
1533 3004 1848 3072 κατηγορεῖ,

277 3074 507 3133 φάσκων
546 3075 739 3138 αὐτοὺς
770 3075 903 3146 πρὸς
936 3076 1051 3149 ἔριν
1082 3081 1175 3133 καὶ
1222 3082 1554 3151 φιλονεικίαν
1594 3087 1702 3140 τῶν
1752 3090 1849 3154 τὰς

277 3164 502 3236 ἀληθεῖς
542 3165 637 3219 τοῦ
682 3167 814 3221 Θεοῦ
861 3170 1195 3241 προφητείας
1242 3177 1706 3246 παραγραφόντων
1753 3180 1852 3244 τὰς

279 3255 779 3329 ψευδοπροφητείας
800 3258 1128 3315 συντάττειν.
1155 3257 1335 3317 τΗσοιν
1362 3266 1512 3335 γοῦν,
1544 3263 1684 3340 ἦσαν
1717 3270 1850 3341 ψευ-

278 3349 612 3420 δοπροφῆται
658 3350 917 3419 πλεῖστοι,
966 3355 1079 3408 ὅσοι
1126 3356 1184 3409 ὲν
1236 3357 1315 3429 τῷ
1376 3359 1591 3434 Ἰσραὴλ
1634 3365 1850 3419 ἐναντία

278 3442 657 3513 φθεγγόμενοι,
690 3445 782 3497 καὶ
806 3446 1023 3500 ἐναντία
1052 3449 1354 3519 γράφοντες
1380 3455 1490 3514 τοῖς
1514 3455 1736 3527 ἀληθέσι
1755 3457 1850 3512 τοῦ

272 3532 408 3585 Θεοῦ
430 3535 758 3605 προφήταις.
788 3537 851 3589 υἱ
872 3536 928 3590 δὲ
944 3538 1097 3592 αὐτοὶ
1116 3542 1209 3594 καὶ
1230 3544 1550 3615 συγγραφὰς
1574 3548 1852 3607 ἐποιοῦντο

278 3626 641 3698 παρανόμους,
683 3630 779 3682 καὶ
822 3629 1003 3702 πάσης
1048 3635 1311 3705 πονηρίας
1346 3640 1576 3708 μεστάς·
1615 3641 1851 3715 πένητας

276 3717 523 3787 οἰκτροὺς
548 3719 1025 3787 κατεδυνάστευον,
1051 3724 1354 3798 βιαζόμενοί
1383 3747 1439 3782 τε
1470 3731 1850 3789 ἐπλεονέκτουν

277 3808 671 3878 ἀπεριστάτους
713 3814 981 3883 ὀρφανοὺς
1009 3817 1104 3868 καὶ
1148 3818 1342 3889 χήρας.
1389 3821 1674 3887 Τοιούτους
1711 3824 1754 3878 δ’
1784 3824 1848 3879 ἂν

275 3899 454 3963 εἴποις
478 3902 570 3954 καὶ
599 3904 726 3966 τοὺς
753 3903 840 3957 διὰ
883 3906 1171 3978 μοχθηρῶν
1206 3912 1653 3983 συγγραμμάτων
1684 3916 1849 3969 είσέτι

276 3993 370 4045 καὶ
396 3992 492 4045 νῦν
514 3993 935 4065 διαστρέφοντας
963 3997 1071 4050 τῶν
1098 4000 1497 4074 ἀκεραιοτέρων
1519 4004 1617 4068 τὰς
1648 4005 1845 4077 ψυχάς.

351 4102 369 4135 ι
416 4085 525 4138 Καὶ
551 4086 602 4137 τί
633 4088 949 4158 ποιήσουσιν
974 4092 1031 4143 έν
1070 4094 1135 4161 τῇ
1171 4092 1354 4165 ἡμέρᾳ.
1380 4095 1478 4165 τῆς
1510 4098 1845 4170 ὲπισκοπῆς;

274 4177 308 4246 ὴ
338 4176 447 4248 γὰρ
479 4177 656 4248 θλίψις
684 4180 812 4251 ὑμῖν
842 4182 1121 4253 πόρρωθεν
1146 4184 1283 4254 ἥξει.
1318 4188 1427 4240 Καὶ
1452 4189 1586 4259 πρὸς
1607 4190 1724 4244 τίνα
1758 4208 1850 4246 κα-

270 4268 606 4337 ταφεύξεσθε
624 4272 718 4324 τοῦ
745 4271 1105 4345 βοηθηθῆναι;
1137 4278 1231 4330 καὶ
1255 4276 1356 4331 ποῦ
1380 4280 1729 4350 καταλείψετε
1750 4282 1848 4355 τὴν

270 4359 428 4427 δόξαν
448 4362 619 4433 ὑμῶν,
643 4364 737 4417 τοῦ
761 4366 835 4436 μὴ
851 4368 1112 4439 ἐμπεσεῖν
1138 4372 1217 4434 εἰς
1242 4371 1573 4445 ἀπαγωγήν;
1609 4394 1626 4426 ι
1670 4377 1848 4431 Ἀπει-

1959 1883 2223 1938 obsidioni
2252 1881 2657 1951 Hierosolymze,
2677 1896 2781 1933 non
2809 1880 2945 1933 ultra
2964 1888 3242 1941 vacantes,
3271 1877 3367 1931 sed
3392 1890 3531 1930 con-

1961 1987 2043 2031 tra
2074 1992 2133 2031 se
2162 1986 2349 2030 mutuo
2369 1975 2575 2045 gladios
2601 1986 2881 2039 acuentes,
2905 1983 2963 2029 ut
2982 1988 3043 2029 se
3066 1972 3375 2029 vulneribus
3398 1986 3529 2028 con-

1958 2068 2142 2123 flciant
2162 2083 2227 2123 ac
2243 2067 2476 2125 deleaut.

2566 2359 2796 2416 CAPUT
2833 2359 2904 2417 Χ.

2029 2464 2191 2521 Vens.
2230 2463 2350 2521 1-2.
2408 2482 2432 2517 ι
2470 2464 2561 2521 Va:
2614 2463 2980 2520 scribentibus
3030 2462 3340 2518 malitiam:
3399 2477 3523 2516 nam

1953 2558 2276 2622 scribentes,
2310 2556 2570 2611 malitiam
2590 2556 2836 2611 scribunt
2862 2573 2876 2609 :
2907 2555 3237 2610 declinantes
3261 2555 3522 2625 judicium

1955 2664 2274 2718 pauperum,
2312 2648 2583 2717 rapientes
2610 2646 2871 2714 judicium
2909 2646 3128 2716 inopum
3162 2645 3343 2716 populi
3370 2645 3521 2712 mei;

1954 2739 2027 2793 ita
2060 2748 2119 2792 ut
2146 2739 2216 2793 sit
2252 2738 2356 2793 illis
2396 2738 2558 2793 vidua
2584 2738 2639 2793 in
2681 2739 2945 2809 rapinam,
2969 2746 3026 2791 et
3044 2737 3322 2806 orplianus
3354 2737 3405 2792 in
3435 2738 3521 2811 dj-

1955 2829 2276 2896 reptionem.
2313 2848 2332 2881 »
2369 2828 2521 2883 lllum
2556 2829 2810 2885 lsraelem
2844 2828 3075 2894 dictum,
3120 2826 3371 2882 videlicet
3423 2823 3522 2884 Ju-

1954 2922 2166 2976 daicum
2194 2921 2446 2992 populum
2495 2936 2659 2992 regno
2703 2919 2969 2975 Samaria:
3006 2920 3300 2984 subditum,
3332 2922 3399 2977 de
3438 2921 3523 2977 his

1954 3015 2103 3078 item,
2143 3023 2337 3084 praeter
2366 3027 2430 3067 ea
2458 3028 2576 3083 qua:
2604 3011 2851 3082 superius
2904 3021 3198 3068 memorata
3224 3021 3370 3075 sunt,
3424 3027 3520 3067 ac-

1954 3114 2105 3160 cusat
2136 3104 2441 3174 Scriptura,
2471 3105 2679 3168 dicens,
2706 3118 2800 3159 eos
2822 3106 2891 3160 ob
2906 3104 3301 3159 contentionem
3319 3113 3376 3158 et
3403 3103 3519 3175 dis-

1952 3196 2311 3265 ceptationem
2360 3210 2570 3260 eorum,
2599 3195 2690 3264 qui
2720 3210 2877 3251 veras
2908 3195 2998 3251 Dei
3025 3195 3335 3265 prophetias
3368 3195 3521 3249 adul-

1955 3287 2224 3351 terabant,
2260 3284 2398 3340 falsa
2432 3285 2688 3340 vaticinia
2718 3286 3081 3342 comminisci.
3120 3286 3286 3340 Erant
3312 3287 3514 3355 itaque,

1952 3387 2109 3433 erant
2154 3379 2642 3447 pseudoprophetae
2687 3378 2861 3444 multi,
2913 3379 2965 3432 in
3000 3378 3197 3433 Israele
3244 3378 3515 3432 contraria

1951 3469 2231 3539 loquentes
2262 3479 2315 3524 et
2337 3470 2609 3523 contraria
2663 3470 2964 3524 scribentes
3014 3470 3101 3533 iis,
3136 3485 3253 3537 qua:
3281 3470 3391 3524 veri
3422 3469 3515 3524 Dei

1951 3560 2224 3629 prophetae
2262 3559 2563 3613 tradebant.
2593 3558 2758 3611 Iidem
2791 3573 2920 3612 vero
2952 3559 3050 3627 ipsi
3076 3560 3275 3627 scripta
3308 3558 3516 3613 nefaria

1951 3651 2201 3715 edebant,
2231 3658 2284 3705 et
2307 3649 2457 3704 omni
2502 3650 2853 3719 improbitate
2895 3649 3095 3705 referta
3134 3666 3148 3703 :
3183 3649 3235 3702 in
3286 3650 3516 3704 miseros

1950 3757 2214 3812 pauperes
2249 3741 2581 3796 dominatum
2615 3742 2965 3807 exercebant,
3017 3758 3081 3797 ac
3130 3740 3395 3797 violenter
3419 3757 3514 3797 su-

1951 3832 2224 3901 perbeque
2253 3833 2485 3901 agebant
2513 3832 2563 3886 in
2592 3836 2866 3902 orphanos
2894 3843 2948 3885 et
2977 3833 3168 3887 viduas
3218 3832 3516 3901 patrocinio

1949 3935 2218 3981 carentes.
2256 3924 2414 3981 Tales
2436 3927 2561 3981 item
2594 3928 2801 3984 dixeris
2823 3944 2935 3994 eos,
2977 3928 3068 3998 qui
3102 3929 3263 3983 hodie
3299 3943 3517 4000 perver-

1949 4018 2023 4072 sis
2052 4016 2269 4086 scriptis
2301 4017 2688 4087 simpliciorum
2720 4020 2929 4075 animas
2960 4032 3229 4074 evertunt.

2020 4105 2180 4160 Vsus.
2215 4107 2334 4160 5-4.
2374 4123 2396 4157 α
2434 4106 2498 4161 Et
2517 4109 2643 4177 quid
2669 4109 2870 4162 facient
2903 4110 2955 4163 in
3009 4112 3096 4164 die
3138 4110 3511 4167 visitationis?

1948 4215 2071 4253 nam
2098 4201 2366 4254 tribulatio
2405 4201 2556 4255 vobis
2587 4215 2616 4254 e
2641 4201 2930 4271 longinquo
2960 4204 3157 4257 veniet.
3186 4204 3248 4259 Et
3270 4205 3335 4258 ad
3360 4204 3511 4275 cujus

1948 4291 2202 4343 auxilium
2254 4290 2615 4360 confugielis?
2647 4291 2704 4346 Et
2764 4293 2854 4346 ubi
2915 4294 3231 4365 relinquetis
3280 4294 3506 4365 gloriam

1947 4395 2200 4447 vestram,
2236 4398 2301 4439 ne
2322 4386 2529 4439 cadatis
2558 4385 2609 4439 in
2636 4385 3049 4441 abiluctiouem?
3079 4406 3096 4439 ι
3136 4387 3510 4441 Cnmminntur

275 4450 358 4546 λεῖ
379 4453 554 4506 τοίνυν
580 4456 808 4521 ἐκείνοις
832 4459 858 4511 ό
880 4461 1218 4531 προφητικὸς
1240 4462 1395 4532 λόγος
1421 4466 1661 4535 φάσκων·
1689 4487 1707 4519 ι
1733 4470 1843 4524 Καὶ

1957 4490 2074 4546 ergo
2110 4477 2179 4529 iis
2205 4476 2549 4545 propheticus
2595 4490 2773 4532 sermo
2822 4478 3051 4533 dicens:
3091 4496 3109 4528 ι
3149 4476 3215 4530 Ει
3241 4478 3370 4544 quid
3424 4476 3507 4531 fa-

272 4542 327 4595 τί
358 4546 667 4616 ποιήσουσιν
698 4548 756 4601 ὲν
783 4552 849 4620 τῇ
882 4550 1064 4623 ἡμέρᾳ
1077 4553 1176 4622 τῆς
1195 4555 1551 4626 ἐπισκοπῆς,ι
1573 4559 1693 4613 καθ’
1720 4562 1785 4632 ἥν
1815 4564 1847 4635 ἡ

277 4635 453 4706 θλίψις
481 4640 574 4691 καὶ
603 4640 636 4708 ἡ
668 4641 808 4694 κατά
834 4642 1040 4696 τούτων
1070 4644 1206 4717 ὀργὴ
1234 4648 1513 4720 πόρρωθεν
1538 4651 1655 4722 ἥξει
1678 4670 1691 4718 ;
1724 4657 1847 4709 Μα-

277 4728 417 4798 κράν
445 4730 553 4802 γὰρ
585 4727 749 4784 οὖσαν
785 4734 954 4805 αὐτήν
975 4753 1128 4806 φησι,
1157 4738 1246 4792 διὰ
1277 4740 1339 4791 τὸ
1368 4741 1761 4799 ἀπελαύνεσθαι
1790 4747 1847 4815 ἐξ

271 4818 407 4890 ἐμοῦ
427 4821 517 4874 τοῦ
536 4822 690 4876 Θεοῦ·
707 4825 879 4896 ὑμεῖς,
898 4820 943 4879 ὧ
972 4823 1138 4892 οῦτοι,
1156 4831 1288 4901 πρὸς
1305 4831 1398 4896 οὓς
1412 4835 1582 4890 ταῦτα
1614 4837 1844 4906 λέγεται,

270 4911 461 4983 ῶσπερ
497 4914 802 4987 βιαζόμενοι
844 4919 964 4972 καθ’
999 4922 1206 4975 ἑαυτῶν
1236 4926 1404 4996 αὐτὴν
1438 4928 1839 4983 ὲπεσπάσασθε·

267 4998 339 5074 ἦς
369 5004 719 5079 ἐπελθούσης,
749 5009 840 5063 ἐπὶ
867 5012 987 5066 τίνα
1020 5015 1423 5084 καταφεύξεσθε
1442 5019 1537 5072 τοῦ
1569 5019 1839 5093 βοηθηθῖμ

270 5112 389 5162 ναι;
446 5115 466 5148 ι
508 5099 630 5153 Ἐπὶ
659 5102 793 5154 πᾶσι
836 5103 1048 5169 τούτοις
1086 5108 1185 5161 οὐκ
1233 5109 1556 5181 ἀπεστράφη
1591 5115 1624 5183 ὴ
1668 5115 1834 5187 ὀργή·

270 5189 385 5241 ἀλλ’
416 5188 496 5242 ἔτι
526 5192 559 5260 ή
586 5192 706 5263 χεὶρ
740 5193 937 5267 ὑψηλή.
974 5216 991 5248 ι
1037 5199 1431 5269 Ἐπιμενόντων
1456 5202 1564 5275 γὰρ
1594 5209 1705 5270 τοῖς
1737 5209 1837 5261 αὐ-

268 5282 385 5342 τοῖς
421 5280 733 5354 ἀτοπήμασι
760 5285 868 5338 τῶν
899 5287 987 5341 διὰ
1017 5288 1110 5342 τοῦ
1142 5290 1298 5359 λόγου
1328 5298 1835 5366 κατηγορουμένων,

269 5368 563 5424 ἀκόλουθον
587 5367 656 5444 ἦν
685 5375 779 5428 καὶ
796 5376 895 5447 τὴν
918 5379 1036 5431 κατ’
1060 5380 1240 5435 αὐτῶν
1266 5384 1577 5455 παράμονον
1593 5387 1837 5454 γίνεσθαι

270 5464 463 5537 ὀργήν·
926 5534 933 5543 .

349 5579 369 5611 ι
403 5561 537 5616 Οὐαὶ
577 5554 899 5638 Ἀσσυρίοις,
933 5568 966 5638 ή
1005 5566 1197 5638 ράόδος
1236 5568 1330 5622 τοῦ
1378 5569 1551 5642 θυμοῦ
1583 5589 1703 5643 μου·
1739 5576 1833 5629 καὶ

272 5652 411 5725 ὀργή
446 5657 592 5711 ἐστιν
617 5659 676 5712 ὲν
701 5663 818 5725 ταῖς
845 5662 1031 5733 χερσὶν
1056 5660 1255 5715 αὐτῶν.
1287 5663 1397 5735 Τὴν
1425 5666 1594 5736 ὀργήν
1621 5684 1720 5737 μου
1754 5670 1835 5732 είς

271 5743 423 5810 ἔθνος
470 5747 669 5819 ἄνομον
712 5751 1011 5821 ἀποστελῶ,
1054 5754 1147 5808 κα)⁵
1186 5753 1264 5825 τῷ
1305 5752 1418 5827 λαῷ
1449 5754 1566 5827 ἐμῷ
1596 5756 1835 5825 συντάξω

1945 4569 2088 4623 cient
2125 4568 2177 4621 in
2211 4568 2297 4623 die
2322 4570 2669 4636 visitationis,
2706 4590 2724 4623 ι
2754 4587 2858 4641 qua
2891 4572 3166 4625 tribulatio
3197 4581 3249 4623 et
3285 4572 3361 4623 ira
3392 4586 3508 4639 pro-
3582 4614 3592 4631 .

1944 4658 2028 4713 cul
2063 4660 2192 4729 ipsis
2213 4661 2429 4715 veniet?
2458 4661 2589 4715 Nam
2615 4677 2737 4716 cum
2767 4678 2829 4717 ea
2874 4663 3059 4731 procul
3090 4662 3339 4727 exsistat,
3382 4663 3505 4731 quia

1946 4752 2058 4817 ipsa
2095 4767 2125 4805 a
2154 4767 2238 4805 tne
2266 4752 2375 4807 Deo
2404 4753 2677 4808 eliminata
2712 4763 2831 4820 est;
2858 4771 2954 4810 vos
2987 4770 3137 4822 sane,
3171 4755 3369 4825 quibus
3393 4755 3507 4810 hzec

1946 4845 2218 4911 dicuntur,
2247 4846 2399 4915 quasi
2436 4847 2487 4899 vi
2527 4855 2744 4901 utentes
2784 4856 2975 4901 contra
3006 4861 3101 4902 vos
3160 4850 3326 4916 ipsos,
3383 4862 3501 4899 eam

1946 4938 2280 4992 attraxistis:
2320 4952 2424 5007 qua
2458 4938 2895 5009 superveniente,
2940 4940 3007 4994 ad
3052 4939 3209 5009 cujus
3245 4938 3504 4993 auxilium

1944 5028 2310 5100 confugietis?
2344 5049 2362 5081 ι
2396 5031 2569 5100 Super
2620 5031 2703 5086 bis
2749 5030 2997 5087 omnibus
3032 5047 3136 5087 non
3172 5045 3367 5085 aversa
3420 5038 3505 5084 est

1944 5120 2022 5172 ira
2046 5135 2061 5183 ;
2090 5122 2182 5175 sed
2210 5122 2386 5177 adhuc
2411 5138 2597 5178 manus
2629 5123 2858 5178 excelsa.
2886 5144 2903 5177 ι
2924 5125 3055 5180 Nam
3086 5124 3151 5178 iis
3168 5124 3258 5192 qui
3282 5125 3332 5177 in
3364 5138 3503 5193 prac-

1944 5211 2081 5266 seuti
2110 5225 2456 5279 accusantur,
2487 5217 2671 5270 eadem
2698 5217 2755 5277 in.
2782 5217 3115 5272 absurditate
3143 5216 3503 5286 permanenti-

1948 5302 2066 5368 bus,
2088 5317 2426 5375 consequens
2448 5316 2586 5368 erat,
2623 5317 2681 5359 ut
2713 5309 2790 5363 ira
2816 5322 3029 5378 quoque
3065 5320 3426 5378 permaneret.

2011 5574 2175 5631 Vens.
2198 5575 2315 5633 διδ.
2345 5596 2364 5630 ι
2399 5578 2489 5634 Vae
2513 5580 2775 5651 Assyriis,
2813 5581 2974 5652 virgae
3024 5582 3223 5639 furoris
3257 5584 3359 5638 mei
3393 5602 3407 5639 :
3440 5595 3494 5639 et

1942 5668 2023 5723 ira
2058 5680 2144 5723 est
2178 5671 2229 5724 in
2263 5671 2506 5728 manibus
2538 5687 2745 5728 eorum.
2779 5673 2914 5728 Iram
2969 5689 3142 5731 meam
3176 5676 3228 5730 in
3277 5685 3490 5746 gentem

1945 5758 2183 5829 iniquam
2209 5759 2437 5829 mittam,
2463 5770 2515 5820 et
2542 5764 2733 5834 populo
2769 5780 2887 5823 meo
2913 5766 3220 5834 praecipiam
3249 5775 3306 5821 ut
3328 5764 3490 5821 faciat
