4068 6198
452 232 553 288 159
1113 227 1383 286 EUSEBII
1421 229 1900 286 CAESARIENSIS
1935 229 2086 287 OPP.
2127 231 2308 288 PARS
2346 231 2434 288 Ill.
2475 262 2544 274 —
2581 221 2992 283 EXEGETICA.
3592 217 3693 272 160

448 353 616 426 spolia
651 363 705 407 et
729 352 1225 422 depOpulationem,
1254 364 1309 408 et
1337 355 1624 410 conculcet
1662 355 1931 422 civitates,
1961 365 2018 413 et

2121 359 2346 429 ποιῆσαι
2388 355 2560 410 σκῦλα
2601 355 2694 408 καὶ
2732 347 3031 423 προνομὴν,
3080 344 3175 400 καὶ
3215 342 3551 398 καταπατεῖν
3595 341 3694 404 τὰς

445 454 720 513 ponateas
746 444 798 498 in
825 447 1124 512 pulverem.
1156 463 1174 496 ι
1206 445 1284 498 Ad
1311 445 1424 498 hare
1450 461 1617 514 usque
1650 447 2020 515 perseveravit

446 535 723 590 accusatio
746 535 967 604 populi;
1005 545 1338 605 postquam,
1381 547 1779 606 consequenter
1811 539 1877 593 ad
1918 539 2019 593 mi-

446 640 544 678 nas
577 641 607 678 a
639 627 926 696 prophetia
960 628 1288 694 enuntiatas,
1324 643 1428 682 non
1461 628 1553 682 diu
1582 630 1786 701 Assyrii
1815 630 2015 684 irrum-

447 726 636 784 pentes
668 715 970 772 Samariam
995 719 1264 783 obsident,
1288 729 1341 774 et
1371 729 1538 775 totam
1575 721 1809 790 ipsorum
1843 724 2019 792 regio-

448 823 571 862 nem
600 809 1018 878 depopulantur,
1056 825 1358 881 novemque
1378 811 1618 868 Iudaicae
1641 814 1818 883 gentis
1846 815 2020 869 tribus

450 901 506 954 in
537 899 881 971 Assyriorum
902 909 1100 955 terram
1125 903 1365 971 captivas
1387 904 1682 958 abducunt.
1711 904 1840 960 Post
1861 921 2020 959 enaro

451 1003 620 1048 ratam
651 1010 779 1064 ergo
805 994 985 1064 populi
1016 995 1180 1049 Israel
1219 996 1347 1051 dicti
1390 997 1780 1066 captivitatem,
1825 998 1890 1053 ad
1925 1014 2019 1053 eos

450 1085 541 1152 qui
566 1085 621 1139 in
642 1084 1006 1154 captivitatem
1021 1086 1356 1142 abduxerant
1379 1103 1556 1143 sermo
1581 1089 1927 1144 transfertur.
1954 1091 2018 1144 Hi

449 1192 617 1246 porro
640 1188 798 1231 erant
825 1179 1053 1249 Assyrii,
1095 1178 1293 1248 quibus
1325 1180 1440 1236 haec
1476 1184 1761 1251 praesentia
1789 1183 2020 1238 commi-

450 1276 631 1324 natur.
657 1269 808 1336 Quod
838 1281 1040 1333 autem,
1075 1284 1198 1325 cum
1238 1271 1352 1326 haec
1408 1272 1744 1338 dicerentur,
1774 1274 1886 1344 jam
1930 1290 2022 1345 po-

448 1361 606 1430 pulus
633 1361 700 1416 ab
723 1363 964 1435 Assyriis
986 1363 1278 1418 translatus
1293 1373 1348 1420 et
1375 1364 1623 1419 Samaria
1649 1366 1868 1422 obsessa
1890 1365 2020 1422 fuis-

451 1462 553 1514 set.
601 1452 726 1507 hinc
767 1453 946 1524 palam
993 1461 1098 1517 est,
1146 1454 1288 1524 quod
1319 1455 1514 1510 ibidem
1547 1470 1613 1510 ex
1669 1458 2016 1529 Assyriorum

449 1545 593 1614 regis
621 1558 854 1613 persona
902 1546 1152 1612 dicatur,
1177 1564 1199 1599 ι
1227 1545 1357 1616 Cepi
1396 1546 1682 1610 Arabiam,
1721 1559 1776 1603 et
1825 1549 2019 1602 Dama-

457 1649 609 1688 scum
663 1644 716 1690 et
770 1634 1596 1707 Samariantzqnemadmodum
1651 1639 1792 1706 illas,
1841 1640 1922 1695 sic
1966 1650 2020 1694 et

2121 451 2328 515 πόλεις,
2356 450 2450 503 καὶ
2478 447 2649 501 θεῖναι
2683 444 2852 505 αὑτὰς
2884 443 2962 504 εἰς
2995 438 3289 508 κονιορτόν.
3324 456 3342 486 ι
3381 434 3557 505 Μέχρι
3589 433 3698 505 γὰρ

2119 539 2227 594 τῶν
2256 539 2668 612 προειρημένων
2695 535 2825 605 ἔστη
2846 533 2913 586 τὰ
2943 533 3040 602 τῆς
3061 529 3153 582 τοῦ
3178 525 3307 581 λαοῦ
3329 524 3662 595 κατηγορίας
3679 563 3697 591 ,

2123 629 2242 699 μεθ’
2283 631 2348 702 ἣν
2378 627 2687 690 ἀκολούθως
2712 627 2825 688 τοῖς
2857 622 2946 677 διὰ
2972 623 3070 692 τῆς
3103 618 3439 691 προφητείας
3468 614 3698 687 ἠπειλη-

2124 723 2324 793 μένοις,
2360 723 2459 776 οὐκ
2487 724 2567 786 εἰς
2595 717 2812 792 μακρὰν
2841 713 3121 788 πόρρωθεν
3143 711 3460 773 ἐπιστάντες
3507 709 3700 761 Ἀσσύ-

2124 829 2248 882 ριοι,
2285 812 2632 885 πολιορκοῦσι
2657 810 2758 882 τὴν
2785 808 3116 879 Σαμάρειαν,
3145 805 3240 858 καὶ
3271 805 3450 855 πᾶσαν
3477 801 3577 871 τὴν
3600 799 3700 870 χὼ-

2125 921 2221 975 ραν
2264 903 2442 957 αὐτῶν
2475 902 2714 977 δῃοῦσιν,
2755 899 2882 962 ὅλας
2917 915 2974 950 τε
3017 896 3174 952 ἐννέα
3218 894 3391 965 φυλὰς
3425 893 3520 948 τοῦ
3565 895 3697 947 Ἰου-

2119 993 2282 1048 δαίων
2328 994 2512 1057 ἔθνους
2562 989 2938 1062 αἰχμαλώτους
2986 988 3064 1050 είς
3101 986 3201 1056 τὴν
3257 984 3557 1056 Ἀσσυρίων
3593 986 3699 1037 ἀπο

2122 1086 2333 1154 άγουσι.
2358 1085 2512 1138 Μετὰ
2533 1081 2625 1138 οὖν
2650 1084 2749 1155 τὴν
2767 1081 2861 1135 τοῦ
2877 1079 3006 1133 λαοῦ
3027 1077 3120 1132 τοῦ
3137 1077 3302 1132 καλου
3311 1077 3470 1148 μένου
3486 1076 3698 1149 ιὶσραὴλ

2120 1176 2495 1247 αἰχμαλωσίαν
2541 1176 2570 1227 ὁ
2601 1175 2756 1244 λόγος
2790 1171 3100 1242 μεταϐαίνει
3143 1170 3236 1222 ἐπὶ
3267 1170 3394 1231 τοὺς
3423 1168 3700 1238 αἰχμαλω-

2119 1270 2437 1334 τεύσαντας.
2468 1265 2648 1322 Ἦσαν
2670 1267 2727 1321 δὲ
2750 1262 2894 1321 οὗτοι
2939 1265 3234 1335 Ἀσσύριοι,
3276 1257 3357 1325 οἷς
3377 1260 3446 1314 τὰ
3475 1258 3700 1332 προκεί-

2125 1377 2259 1432 μενα
2289 1360 2520 1414 ἀπειλεῖ.
2553 1361 2674 1413 ’Ότι
2704 1359 2760 1411 δὲ
2787 1359 3002 1428 ἀπῆκτο
3025 1354 3130 1408 ὑπὸ
3171 1353 3471 1425 Ἀσσυρίων
3501 1354 3528 1405 ὁ
3549 1350 3694 1415 λαὸς,

2120 1455 2213 1506 καὶ
2245 1453 2646 1526 πεπολίορκητο
2678 1453 2712 1523 ή
2758 1450 3060 1522 Σαμάρεια,
3092 1448 3183 1501 ὅτε
3211 1445 3282 1499 τὰ
3326 1461 3390 1516 με
3403 1444 3464 1498 τὰ
3510 1445 3699 1515 χεῖρας

2121 1545 2355 1615 ἐλέγετο,
2384 1545 2541 1618 δῆλον
2578 1544 2834 1615 τυγχάνει
2880 1546 2944 1595 ὲκ
2985 1540 3078 1594 τοῦ
3123 1539 3378 1607 λέγεσθαι
3409 1539 3467 1590 ὲν
3515 1537 3697 1600 αὐτοῖς

2119 1638 2184 1690 ὲκ
2219 1635 2509 1709 προσώπου
2548 1636 2641 1690 τοῦ
2672 1635 2779 1690 τῶν
2822 1633 3119 1704 Ἀσσυρίων
3151 1630 3444 1701 βασιλέως·
3479 1646 3497 1678 ι
3535 1627 3698 1680 Ἔλα-

447 1741 638 1782 omnes
688 1727 1021 1797 principatus
1066 1728 1309 1797 capiam;
1351 1747 1372 1781 ι
1403 1743 1466 1785 ac
1502 1744 1733 1796 rursum,
1765 1750 1784 1782 ι
1822 1731 2018 1798 Quem-

2123 1729 2215 1784 ϐον
2254 1729 2513 1802 Ἀραϐίαν
2543 1731 2636 1784 καὶ
2673 1727 2960 1799 Δαμασκὸν
2989 1725 3083 1778 καλ⁹
3107 1725 3416 1797 Σαμάρειαν
3441 1740 3454 1752 ·
3485 1722 3544 1775 ὃν
3575 1721 3700 1792 τρό-

447 1816 736 1870 admodum
803 1815 906 1872 feci
965 1817 1246 1879 Samaria,
1291 1828 1346 1873 et
1392 1820 1645 1876 omnibus
1692 1823 2019 1879 manufactis

446 1905 590 1973 ejus,
617 1908 695 1962 sic
720 1907 910 1963 faciam
944 1907 1317 1982 Jerosolymaa.
1361 1930 1380 1965 ι
1414 1911 1584 1967 Docet
1607 1921 1790 1968 autem
1847 1917 2020 1971 histo-

449 1999 529 2052 ria
563 1999 615 2052 in
648 1999 836 2054 diebus
865 2000 1046 2054 Acliaz
1078 2003 1392 2059 ascendisse
1443 2017 1625 2074 regem
1672 2004 2014 2075 Assyriorum

447 2091 775 2153 Samariam,
803 2102 857 2146 et
884 2093 1162 2147 obsedisse
1194 2094 1374 2148 illam:
1403 2109 1467 2149 ac
1491 2106 1623 2149 tunc
1651 2097 1868 2163 quidem
1893 2112 2018 2166 par-

445 2189 553 2235 tem
593 2181 772 2250 populi
799 2183 1065 2252 captivam
1098 2184 1356 2239 duxisse:
1405 2186 1504 2240 sub
1550 2186 1780 2240 Ezechia
1833 2197 2015 2242 autem

444 2270 646 2329 Acbazi
671 2288 989 2329 successore
1024 2273 1336 2329 universum
1371 2274 1627 2345 populum
1669 2277 2017 2334 transtulisse

445 2363 501 2419 in
531 2362 803 2435 Assyrios.

513 2637 684 2696 Vens.
725 2637 841 2694 7-9.
879 2656 898 2691 ι
933 2638 1051 2708 Ipse
1075 2647 1256 2693 autem
1301 2651 1407 2693 non
1458 2637 1538 2692 sic
1565 2641 1852 2711 cogitavit,
1881 2650 1935 2696 et
1963 2641 2015 2696 in

445 2733 624 2789 anima
653 2747 758 2786 non
794 2730 874 2786 sic
898 2729 1194 2785 arbitratus
1224 2738 1307 2784 est
1330 2745 1346 2795 ;
1369 2729 1461 2784 sed
1490 2741 1697 2786 avertet
1719 2746 1873 2788 mens
1901 2731 2019 2799 ejus

452 2824 519 2880 ad
553 2813 741 2896 gentes
773 2822 1217 2878 exterminandas
1271 2837 1374 2875 non
1425 2837 1651 2893 paucas.
1679 2824 1742 2878 Et
1773 2825 1816 2880 si
1859 2825 2016 2880 dixe-

445 2918 560 2972 rint
592 2917 664 2980 ei,
700 2914 780 2969 Tu
823 2915 972 2970 solus
1004 2930 1063 2970 es
1093 2917 1347 2990 princeps
1385 2937 1399 2972 :
1429 2916 1798 2990 respondebit,
1824 2919 2015 2974 Annon

443 3013 560 3081 cepi
584 3010 861 3082 regionem
897 3025 1056 3080 supra
1080 3009 1406 3084 Babylonem
1438 3020 1493 3068 et
1513 3011 1832 3078 Cbalanem,
1865 3012 2018 3081 cujus

447 3103 612 3158 turris
640 3081 900 3160 aedificata
924 3109 1007 3156 est
1033 3121 1046 3156 :
1071 3111 1126 3156 et
1145 3081 1263 3172 cepi
1288 3104 1567 3170 Arabiam,
1597 3113 1652 3158 et
1675 3104 2016 3172 Damascum,
2047 3081 2089 3138 ο

445 3203 502 3250 et
528 3191 868 3248 Samariam?
889 3210 908 3243 ι
940 3190 1074 3247 Cum
1107 3209 1304 3262 meam,
1347 3196 1545 3266 inquit,
1577 3207 1898 3266 potestatem
1927 3213 2019 3254 ac-

447 3285 671 3355 ceperit,
701 3297 805 3338 non
830 3285 909 3338 sic
936 3282 1023 3338 ille
1050 3284 1346 3340 arbitratus
1368 3296 1482 3352 est,
1513 3287 1608 3342 sed
1642 3287 1818 3342 elatus
1840 3298 2020 3346 mente

448 3379 570 3441 fuit,
603 3391 668 3432 ac
699 3376 742 3430 si
779 3376 1033 3446 populum
1067 3392 1246 3432 meum
1274 3380 1489 3449 propria
1530 3381 1730 3436 virtute
1756 3381 2020 3436 debellas-

447 3481 550 3528 set.
580 3469 690 3524 Nec
717 3467 807 3523 illo
833 3478 1126 3524 contentus
1173 3471 1407 3538 excidio,
1444 3473 1686 3528 infinitas
1723 3473 1861 3529 alias
1888 3489 2021 3543 gen-

448 3573 530 3618 tes
555 3578 613 3618 se
665 3563 976 3618 invasurum
1015 3564 1295 3619 minatur:
1329 3565 1456 3634 quia
1501 3565 1646 3620 illaut
1675 3567 2020 3636 praestantio-

449 3669 563 3708 rem
591 3668 654 3708 ac
689 3654 789 3708 sub
820 3651 912 3707 Dei
948 3655 1110 3708 tutela
1135 3655 1366 3722 positam
1403 3655 1792 3711 debellaverat.
1818 3656 2020 3723 Quam-

445 3745 633 3800 obrem
659 3745 724 3798 iis
755 3745 845 3813 qui
876 3743 1107 3812 subjecti
1136 3744 1386 3810 fuerant,
1423 3746 1747 3802 mirantibus
1773 3765 1920 3814 eum,
1955 3764 2019 3805 ac

446 3835 775 3898 dicentibus,
809 3853 826 3886 ‹
862 3835 940 3889 Tu
966 3835 1116 3890 solus
1150 3851 1208 3890 es
1239 3837 1515 3906 princeps,
1548 3856 1567 3889 ι
1603 3839 1898 3906 respondet
1930 3840 2019 3895 ille

447 3929 534 3982 bis
562 3926 744 3982 verbis
773 3945 786 3980 :
821 3927 903 3981 Me
954 3927 1259 3999 principem
1304 3930 1540 3984 nondum
1571 3932 1780 3986 vocetis
1841 3946 2018 4001 neque

447 4019 752 4083 dominum,
783 4019 1226 4090 quandoquidem
1261 4036 1452 4076 omnes
1488 4021 1724 4092 undique
1770 4023 2030 4094 regiones

447 4113 682 4170 nondum
709 4113 823 4182 cepi
855 4129 868 4164 :
897 4123 1172 4180 caeterum,

526 4204 824 4262 Vsus..l0.
868 4223 886 4256 ι
941 4204 1406 4272 Quemadmodum
1458 4207 1560 4264 bas
1608 4208 1768 4279 cepi,
1829 4209 1912 4265 sic
1964 4218 2021 4265 et

447 4312 640 4355 onmes
684 4296 1021 4368 principatus
1077 4297 1308 4366 capiam.
1365 4297 1601 4366 Ululate,
1633 4299 1904 4371 sculptilia
1963 4302 2016 4356 in

447 4389 746 4448 Jerusalem
778 4398 831 4443 et
865 4387 1141 4443 Samaria.
1180 4406 1199 4440 ι
1227 4389 1310 4444 Ad
1333 4389 1478 4460 ipsos
1500 4391 1757 4462 Assyrios
1795 4407 2010 4447 eorum-

449 4497 554 4554 que
581 4481 896 4553 principem.
927 4479 1016 4550 qui
1056 4480 1169 4534 haec
1203 4492 1310 4534 tam
1335 4492 1652 4550 arroganter
1678 4483 2010 4554 proferebat,

449 4586 754 4636 sermonem
808 4571 1008 4640 dirigit.
1036 4567 1130 4624 Va:
1179 4571 1440 4641 Assyriis,
1483 4572 1582 4637 ait,
1611 4575 1736 4642 quia
1785 4589 1889 4628 non
1931 4575 2014 4628 in-

449 4665 772 4720 tellexerunt
794 4661 928 4716 iram
961 4675 1157 4725 meam,
1186 4670 1374 4716 contra
1411 4662 1746 4719 facinorosos
1773 4664 1892 4720 illos
1913 4679 2008 4719 exs

447 4759 696 4820 citatam,
732 4754 892 4808 talem
928 4753 1062 4823 ipsis
1104 4751 1399 4808 inferendae
1423 4753 1645 4809 ultionis
1689 4763 2012 4824 potestatem

449 4851 714 4906 indidisse
743 4865 756 4901 :
795 4849 886 4902 sed
921 4845 1286 4916 opinabantur
1314 4859 1372 4901 se
1425 4855 1613 4917 suapte
1657 4847 1855 4903 virtute
1879 4862 2015 4918 gen-

452 4949 532 4996 tes
558 4938 874 4996 debellasse.

523 5032 686 5088 Vens.
717 5032 801 5088 Η.
832 5049 851 5082 ι
882 5026 1346 5098 Quemadmodum
1370 5029 1514 5082 enim
1555 5027 1652 5087 feci
1684 5027 1943 5085 Samaria:
1963 5040 2016 5086 et

453 5127 782 5182 mannfactis
804 5127 952 5196 ejus:
988 5125 1067 5181 sic
1117 5124 1308 5200 faciam
1338 5125 1722 5196 Hierosolyma:
1749 5136 1805 5181 et
1861 5127 2015 5181 idolis

452 5220 590 5289 ejus.
617 5237 636 5270 ι
662 5217 1086 5296 llierosplymam
1123 5207 1307 5287 itaque
1335 5217 1591 5273 Samaria:
1622 5218 1766 5284 paria
1792 5233 2015 5288 perpes-

452 5327 635 5366 suram
663 5309 1059 5365 interminatur.
1091 5309 1217 5364 Haec
1248 5324 1412 5379 porro
1436 5309 1708 5382 praedicit,
1737 5310 2016 5364 auditores

455 5407 522 5460 ad
547 5400 958 5459 conversionem
991 5410 1047 5456 et.
1079 5401 1455 5471 penitentiam
1498 5416 1821 5472 provocans,
1853 5410 2016 5471 atque

455 5493 684 5566 exempli
715 5489 1004 5547 formidine
1030 5493 1094 5546 ad
1123 5491 1552 5562 resipiscentiam
1592 5493 1844 5548 invitans.
1897 5491 2014 5548 Non

455 5586 598 5642 enim
619 5583 899 5656 Assyrius,
931 5583 1125 5651 inquit,
1148 5582 1263 5637 lucc
1287 5593 1473 5638 contra
1507 5581 1809 5638 Samariam
1833 5595 2016 5654 patrao

457 5679 572 5747 vit;
600 5679 693 5734 sed
721 5692 820 5749 ego
864 5677 1025 5744 Deus,
1062 5676 1225 5749 idque
1251 5677 1319 5734 ob
1354 5677 1649 5735 incolarum
1679 5679 1796 5750 ejus
1823 5679 2012 5751 impie-

2125 1841 2224 1877 πον
2249 1822 2453 1887 ταύτας
2487 1822 2810 1885 ἕλαϐον,καὶ
2841 1822 3019 1884 πάσας
3049 1820 3147 1882 τὰς
3175 1817 3347 1890 ἀρχὰς
3379 1815 3640 1886 λήψομαι·
3673 1833 3694 1866 ι

2124 1916 2218 1968 καὶ⁹
2253 1914 2432 1968 πάλινο
2465 1933 2483 1965 ι
2515 1915 2612 1967 Ὃν
2639 1913 2840 1984 τρόπον
2872 1914 3104 1983 ἐποίησα
3137 1908 3420 1980 Σαμαρείᾳ
3450 1909 3543 1961 καὶ
3567 1909 3700 1962 πᾶσι

2121 2010 2234 2071 τοῖς
2253 2009 2654 2078 χειροποιήτοις
2671 2007 2862 2076 αὐτῆς,
2881 2003 3022 2057 οὕτω
3041 2004 3250 2073 ποιήσω
3276 2001 3584 2071 Ἱερουσαλή
3596 2018 3653 2071 μ.
3675 2018 3695 2052 r

2121 2098 2232 2149 Καὶ
2255 2100 2287 2167 ή
2324 2096 2533 2168 ἱστορία
2557 2096 2614 2149 δὲ
2639 2095 2903 2156 διδάσκει,
2931 2095 3010 2146 ὅτι
3037 2095 3094 2146 ὲν
3115 2097 3235 2154 ταῖς
3263 2091 3498 2161 ἡμέραις
3535 2089 3702 2158 Ἀχὰξ

2120 2189 2286 2258 ἀνέϐη
2310 2190 2338 2241 ό
2373 2188 2623 2258 βασιλεὺς
2662 2188 2960 2258 Ἀσσυρίων
2983 2188 3062 2248 εἰς
3095 2185 3424 2255 Σαμάρειαν,
3457 2182 3551 2236 καὶ
3572 2185 3701 2235 ἐπο-

2120 2279 2404 2351 λιόρκησεν
2436 2279 2605 2350 αὑτήν
2630 2295 2642 2309 ο
2687 2280 2779 2332 καὶ
2819 2279 2960 2341 τέως
2992 2277 3090 2346 μὲν
3128 2277 3248 2329 τότε
3300 2275 3465 2348 μέρος
3501 2293 3554 2328 τι
3603 2273 3698 2328 τοῦ

2119 2372 2250 2426 λαοῦ
2274 2371 2726 2443 ᾐχμαλώτευσεν·
2763 2371 2855 2424 ἐπὶ
2888 2371 2944 2422 δὲ
2995 2368 3237 2433 Ἐζεκίου
3279 2369 3373 2422 τοῦ
3399 2369 3488 2422 τὸν
3531 2367 3702 2437 Ἀχὰζ

2119 2464 2531 2536 διαδεδεγμένου
2565 2464 2743 2518 πάντα
2785 2463 2874 2516 τὸν
2899 2461 3024 2515 λαὸν
3053 2460 3330 2532 ἀπῴκισεν
3379 2463 3456 2525 εἰς
3506 2461 3700 2513 Ἀσσυ-

2124 2555 2292 2626 ρίους.

2197 2665 2216 2696 ι
2249 2646 2418 2710 Αὐτὸς
2443 2646 2500 2699 δὲ
2526 2647 2624 2718 οὐχ
2653 2645 2824 2709 οὕτως
2854 2643 3182 2716 ἐνεθυμήθη,
3211 2646 3306 2698 καὶ
3336 2647 3402 2716 τῇ
3435 2643 3579 2715 ψυχῇ
3603 2642 3699 2713 οὐχ

2122 2740 2294 2803 οὕτως
2320 2739 2647 2806 λελόγισται,
2679 2739 2813 2792 ἀλλὰ
2856 2738 3151 2803 ἀπαλλάξει
3183 2741 3212 2792 ὁ
3252 2738 3376 2813 νοῦς
3414 2737 3579 2791 αὑτοῦ
3609 2738 3700 2790 καὶ

2121 2830 2218 2884 τοῦ
2251 2831 2377 2900 ἔθνη
2420 2829 2800 2900 ὲξολοθρεῦσαι
2829 2831 2929 2884 οὐκ
2957 2831 3134 2897 ὀλίγα.
3180 2831 3292 2885 Καὶ
3336 2829 3428 2883 ἐὰν
3477 2828 3700 2882 εἴπωσιν

2123 2921 2274 2992 αὐτῷ
2293 2938 2306 2952 ”
2341 2922 2412 2974 Σὺ
2443 2921 2602 2991 μόνος
2631 2915 2681 2972 εἴ
2701 2921 2883 2992 ἄρχων
2904 2937 2917 2946 ·
2951 2921 3045 2974 καὶ
3067 2923 3209 2992 ὲρεῖο
3246 2923 3358 2974 Οὐκ
3387 2919 3574 2974 ἔλαϐον
3602 2919 3699 2992 τὴν

2123 3013 2309 3086 χώραν
2332 3014 2431 3086 τὴν
2456 3014 2641 3068 ἐπάνω
2672 3012 2991 3078 Βαϐυλῶνος
3014 3014 3106 3067 καὶ
3135 3013 3406 3084 Χαλὰνης,
3430 3007 3490 3067 οὗ
3517 2998 3545 3066 ό
3571 3013 3702 3084 πύρ-

2123 3120 2220 3174 γος
2253 3102 2600 3175 ᾠκοδομήθη,
2629 3104 2724 3157 καὶ
2755 3101 2944 3156 ἔλαϐον
2991 3103 3269 3174 Ἀραϐίαν,
3295 3105 3388 3157 καὶ
3413 3103 3703 3175 Δαμασκὸν

2124 3197 2220 3250 καὶ
2262 3196 2616 3269 Σαμάρειαν;
2667 3215 2686 3246 ι
2735 3195 2845 3267 Τήν
2889 3197 3028 3267 ἐμὴν
3070 3196 3266 3258 τοίνυν,
3318 3199 3470 3266 φησι,
3522 3195 3704 3253 λαϐὼν

2123 3287 2389 3352 ἐξουσίαν,
2427 3287 2526 3357 οὐχ
2555 3286 2728 3349 οὕτως
2771 3285 3098 3356 ἐνεθυμήθη,
3141 3284 3256 3338 ἀλλ’
3301 3285 3583 3356 ὑπερήρθη
3619 3286 3704 3358 τῷ

2123 3378 2389 3451 λογισμῷ,
2421 3379 2496 3442 ὡς
2523 3377 2701 3447 οἰκείᾳ
2725 3376 2956 3448 δυνάμει
2991 3375 3084 3429 τοῦ
3116 3376 3248 3446 ἐμοῦ
3279 3377 3702 3448 περιγενόμενος

2121 3470 2274 3528 λαοῦ.
2309 3468 2461 3535 Εἶτα,
2499 3469 2574 3542 μὴ
2615 3467 2905 3540 ἀρκεσθεὶς
2939 3471 3006 3539 τῇ
3037 3465 3241 3520 τούτων
3269 3467 3569 3540 πολιορκίᾳ,
3597 3487 3700 3540 μυ-

2124 3563 2216 3635 ρία
2256 3559 2390 3616 ἄλλα
2418 3560 2544 3632 ἔθνη
2584 3557 2943 3631 μετέρχεσθαι
2968 3558 3198 3623 ἀπειλεῖ,
3230 3558 3304 3623 ὼς
3330 3559 3422 3613 τοῦ
3453 3561 3701 3631 κρείττο-

2119 3672 2211 3719 τος
2241 3653 2334 3708 καὶ
2357 3652 2476 3723 Θεῷ
2499 3649 2858 3721 ἀνακειμένου
2890 3652 3192 3722 κρατήσας.
3221 3650 3310 3704 Διδ
3331 3651 3394 3722 δὴ
3430 3651 3538 3706 τῶν
3567 3653 3702 3707 ὑπο-

2122 3746 2341 3819 χειρίων
2389 3743 2536 3815 αὐτῷ
2581 3744 2888 3814 γενομένων
2937 3743 3327 3814 θαυμαζόντων
3374 3744 3560 3803 αὑτὸν,
3605 3747 3701 3800 καὶ

2120 3827 2411 3908 λεγόντων,
2437 3857 2455 3889 ι
2491 3837 2564 3889 Σὺ
2602 3836 2761 3908 μόνος
2795 3831 2843 3888 εἷ
2887 3835 3092 3908 ἄρχων,
3129 3853 3146 3886 ι
3183 3835 3535 3907 ἀποκρίνεται
3565 3838 3699 3911 πρὸς

2121 3933 2319 3995 αὐτοὺς
2367 3931 2464 3985 καὶ
2505 3929 2683 3999 λέγει·
2733 3930 2958 4001 Μήποτε
3004 3927 3217 3981 καλεῖτε
3261 3927 3516 3999 ἄρχοντα.
3566 3931 3699 4002 μηδὲ

2125 4023 2333 4096 κύριον’
2362 4023 2485 4075 ἐπεὶ
2516 4021 2740 4092 μηδέπω
2780 4020 2957 4084 πάσας
2987 4020 3227 4092 εἰλήφειν
3263 4021 3360 4084 τὰς
3388 4023 3698 4095 ἁπανταχοῦ

2121 4115 2304 4187 χώρας
2323 4133 2337 4145 ο
2374 4112 2535 4186 πλὴν,

2197 4225 2216 4258 t
2251 4208 2346 4260 Ὃν
2375 4207 2574 4277 τρόπον
2599 4203 2804 4266 ταύτας
2833 4203 3044 4265 ἔλαϐον,
3071 4201 3214 4257 οὕτω
3253 4207 3347 4257 καὶ
3395 4207 3573 4270 πάσας
3601 4207 3698 4270 τὰς

2119 4297 2294 4370 ἀρχὰς
2325 4296 2587 4369 λήψομαι.
2635 4294 2952 4359 Ὀλολύξατε
2991 4295 3059 4348 τὰ
3091 4297 3302 4366 γλυπτὰ
3329 4299 3386 4351 ὲν
3426 4299 3696 4371 Ἰερουσα-

2122 4390 2236 4461 λὴμ
2261 4389 2356 4443 καὶ
2380 4390 2437 4441 ὲν
2467 4387 2768 4459 Σαμαρείᾳ.
2808 4405 2827 4438 ι
2857 4387 3000 4458 Πρὸς
3023 4389 3220 4453 αὐτούς
3253 4407 3312 4442 τε
3345 4393 3472 4454 τοὺς
3515 4391 3700 4444 Ἀσσυ-

2127 4481 2269 4556 ρίους
2298 4481 2390 4533 καὶ
2413 4479 2500 4532 τὸν
2527 4479 2760 4549 ἄρχοντα
2786 4479 2984 4538 αὐτῶν,
3011 4480 3232 4534 τοιαῦτα
3271 4483 3698 4548 καταλαζονευον

2123 4573 2318 4644 μένους
2345 4570 2690 4625 ἀποτείνεται
2727 4568 2928 4637 λέγων⁶
2972 4571 3107 4623 Οὐαὶ
3149 4573 3470 4644 Ἀσσυρίοις,
3511 4574 3591 4626 ὅτι
3622 4573 3698 4646 μὴ

2122 4667 2362 4736 συνῆκαν
2400 4663 2474 4727 ὡς
2498 4662 2680 4732 ,ἄραή
2713 4662 2818 4734 ἐμὴ
2848 4663 2984 4734 ὀργὴ
3034 4666 3066 4735 ἡ
3111 4665 3250 4718 κατὰ
3293 4667 3400 4718 τῶν
3443 4667 3699 4738 πλημμε-

2122 4755 2356 4809 λούντων
2383 4753 2482 4823 τὴν
2510 4752 2756 4818 ἐξουσίαν
2780 4753 2962 4817 αὐτοῖς
2990 4754 3087 4826 τῆς
3113 4756 3376 4830 τοσαύτης
3412 4759 3580 4831 ὀργῆς
3608 4759 3697 4812 δέη

2122 4849 2324 4902 δωκεν’
2360 4845 2496 4899 ἀλλὰ
2537 4848 2603 4917 τῇ
2634 4844 2843 4898 ἑαυτῶν
2873 4845 3103 4917 δυνάμει
3147 4851 3544 4921 κεκρατηκέναι
3588 4851 3699 4904 τῶν

2123 4937 2294 4991 ἐθνῶν
2323 4935 2608 4990 ὑπέλαϐον.

2197 5048 2216 5080 ι
2259 5031 2352 5083 Ὃν
2380 5030 2576 5099 τρόπον
2603 5026 2712 5098 γὰρ
2741 5027 2974 5100 ἐποίησα
3009 5029 3291 5103 Σαμαρείᾳ
3328 5033 3421 5086 καὶ
3445 5037 3555 5098 τοῖς
3584 5053 3698 5105 χει-

2129 5126 2431 5194 ροποιήτοις
2453 5121 2642 5190 αὐτῆς,
2677 5119 2819 5173 οὕτω
2851 5107 3061 5194 ποιήσω
3095 5123 3187 5176 καὶ
3225 5124 3576 5198 Ἰερουσαλὴμ
3603 5130 3697 5180 καὶ

2124 5217 2234 5278 τοῖς
2259 5213 2495 5278 εἰδώλοις
2528 5213 2715 5284 αὐτῆς.
2765 5232 2783 5266 ι
2828 5214 2908 5267 Τὰ
2953 5216 3042 5268 ἶσα
3072 5215 3249 5268 τοίνυν
3295 5219 3359 5288 τῇ
3410 5218 3695 5290 Σαμαρείᾳ

2124 5307 2216 5360 καὶ
2259 5307 2356 5378 τὴν
2393 5304 2748 5379 Ἰερουσαλὴμ
2776 5305 3057 5359 πείσεσθαι
3088 5307 3316 5360 ἀπειλεῖ.
3351 5310 3608 5382 Προλὲγει
3634 5309 3693 5364 δὲ

2121 5397 2292 5452 ταῦτα
2323 5396 2760 5470 προκαλούμενος
2795 5399 2874 5462 εἰς
2903 5397 3236 5468 ἐπι-στροφὴν
3271 5401 3364 5452 καὶ
3404 5402 3692 5472 μετάνοιαν

2115 5495 2242 5558 τοὺς
2274 5490 2590 5555 ἀκούοντας,
2621 5490 2768 5562 φόϐῳ
2792 5507 2849 5542 τε
2889 5487 2983 5542 τοῦ
3014 5491 3446 5562 παραδείγματος
3475 5509 3692 5566 σωφρο-

2119 5582 2279 5648 νίζων
2313 5583 2526 5647 αὐτούς.
2556 5585 2632 5637 Οὐ
2662 5581 2770 5653 γὰρ
2810 5585 2838 5635 ό
2893 5581 3192 5652 Ἀσσύριος,
3239 5585 3422 5656 φησιν,
3465 5587 3691 5659 ἐποίησε

2119 5677 2189 5734 τὰ
2216 5677 2354 5734 κατὰ
2378 5679 2477 5750 τῆς
2506 5675 2835 5748 Σαμαρείας,
2861 5673 2974 5727 ἀλλ’
3003 5674 3113 5745 ἐγὼ
3133 5676 3162 5730 ό
3185 5677 3314 5742 Θεὸς
3339 5677 3424 5734 διὰ
3453 5680 3549 5744 τὰς
3579 5680 3692 5738 τῶν
