4068 6198
288 211 391 268 164

1280 209 1780 268 COMMENTARIA
1823 213 1890 268 IN
1928 212 2177 271 ISAIAM.
2219 246 2288 258 —-
2322 216 2475 274 CAP.
2514 219 2581 278 Χ.

3475 231 3579 285 “Si

292 329 615 401 οἰκητόρων
645 328 925 392 ἀσεϐείας.
952 329 1164 382 Οὐκοῦν
1190 330 1333 383 κατά
1357 333 1449 385 τὸν
1470 333 1563 386 τοῦ
1584 334 1795 388 δικαίου
1827 335 1894 388 λό

2016 344 2173 390 tates.
2201 335 2367 405 Igitur
2392 342 2686 395 secundum
2718 344 2991 411 aequitatis
3029 343 3194 414 leges,
3237 362 3336 418 par
3358 359 3441 403 est
3481 362 3578 406 eos

300 444 403 495 γον
443 429 545 478 καῖε¹
584 429 712 488 τοὺς
758 427 812 477 ἐν
842 430 909 498 τῇ
954 427 1308 500 Ἰερουσαλὴμ
1344 430 1489 494 εἰκὸς
1538 433 1907 505 παραδοθήσε-

314 518 447 570 σθαι
474 520 542 587 τῇ
571 518 654 586 ἴσῃ
686 518 996 589 πολιορκίᾳ,
1030 518 1106 581 ὡς
1129 517 1195 571 τὰ
1234 519 1436 589 ἀδελφὰ
1464 521 1907 594 μεταχειριζομέ-

318 623 450 671 νους
478 610 584 671 τοῖς
610 611 675 661 τά
714 609 1085 680 προλεχθέντα
1113 612 1421 665 πεπονθόσι.

406 720 424 750 ι
462 701 561 753 Καὶ
588 702 763 763 ἔσται,
800 702 930 754 ὅταν
967 702 1256 774 συντελέσῃ
1292 704 1494 776 Κύριος
1535 707 1710 761 πάντα
1738 708 1905 761 ποιῶν

334 793 390 845 ἐν
428 790 497 859 τῷ
534 792 644 861 ὄρει
676 791 819 844 Σιὼν
851 794 944 845 καὶ
988 793 1362 865 Ἰερουσαλὴμ,
1403 796 1767 868 ἐπισκέψομαι
1814 800 1906 852 ἐπὶ

331 881 415 935 τὸν
436 882 547 934 νοῦν
569 884 662 935 τὸν
694 884 896 954 μέγαν,
932 886 1025 937 ἐπὶ
1061 885 1151 938 τὸν
1175 886 1408 957 ἄρχοντα
1433 888 1541 941 τῶν
1583 890 1901 962 Ἀσσυρίων,

330 976 414 1027 καὶ
443 977 529 1027 ἐπὶ
569 976 632 1028 τὸ
675 976 813 1045 ὕψος
854 977 954 1046 τῆς
996 977 1153 1049 δόξης
1190 980 1298 1031 τῶν
1332 980 1626 1053 ὀφθαλμῶν
1656 984 1840 1038 αὐτοῦ.
1881 1004 1899 1036 ιι

335 1064 660 1130 ’Δκολούθως
682 1068 774 1120 διὰ
798 1067 907 1120 τῶν
934 1071 1309 1139 προκειμένων
1338 1071 1622 1137 διδάσκων,
1651 1075 1731 1127 ὃτι
1767 1076 1903 1140 τέως

321 1160 414 1229 μὲν
469 1160 752 1230 Ἀσσύριοι
783 1160 878 1212 καὶ
905 1163 932 1213 6
960 1161 1165 1214 τούτων
1199 1164 1403 1235 ἄρχων,
1455 1167 1503 1218 εί
1542 1168 1637 1219 καὶ
1677 1168 1905 1222 τοιαῦτα

317 1252 470 1301 ὁποῖα
514 1251 813 1321 δεδήλωται
876 1253 1373 1323 ἀπηυθαδιάσαντο,
1428 1257 1526 1328 τὴν
1592 1258 1904 1331 Σαμάρειαν

319 1344 629 1415 ὑποχείριον
688 1344 1049 1414 πεποιημένοι
1102 1348 1194 1399 καὶ
1237 1348 1335 1417 τὴν
1394 1349 1699 1419 Δαμασκὸν,
1758 1353 1905 1422 ὅμως

318 1434 495 1499 ἐξουσι
524 1436 585 1487 τὸ
614 1435 894 1507 ἐνδόσιμον
933 1437 1029 1489 τοῦ
1064 1438 1253 1508 χρόνου
1289 1439 1451 1511 μέχρι
1482 1442 1677 1513 καιροῦ
1718 1461 1865 1506 τινος
1886 1462 1900 1475 α

328 1525 441 1595 μεθ’
476 1526 535 1578 ὃν
564 1528 658 1579 ούκ
685 1528 763 1579 ἐτι
811 1530 1140 1599 συστήσεται
1178 1531 1355 1583 αὐτῶν
1393 1534 1425 1603 ή
1462 1534 1625 1605 ἀρχὴ,
1674 1533 1772 1605 τῆς
1805 1554 1905 1605 μα-

328 1620 467 1688 κρᾶς
496 1620 589 1671 καὶ
611 1620 929 1684 πολυτελοῦς
972 1621 1247 1691 βασιλείας
1281 1624 1361 1689 εἰς
1404 1626 1464 1677 τὸ
1497 1626 1759 1689 παντελὲς
1800 1646 1899 1689 κα-

334 1710 787 1781 ταλυθησομέντδς.

420 1816 440 1849 ι
487 1796 612 1851 Εῐπε
636 1800 761 1871 γάρ,
791 1804 843 1853 ἐν
882 1805 946 1872 τῇ
978 1801 1123 1871 ίσχύῖ
1154 1804 1384 1873 ποιήσω,
1417 1805 1511 1857 καὶ
1556 1806 1613 1858 ἐν
1646 1808 1709 1877 τῇ
1744 1806 1904 1878 σοφία

344 1889 449 1960 τῆς
478 1892 729 1956 συνέσεως
752 1894 925 1961 ἀφελῶ
944 1896 1063 1965 ὅρια
1092 1894 1281 1959 ἐθνῶν,
1307 1896 1399 1949 καὶ
1424 1896 1520 1967 τὴν
1551 1898 1701 1968 ἰσχὺν
1728 1898 1904 1950 αὐτῶν

350 1985 715 2054 προνομεύσω.
752 2005 769 2037 ι
822 1988 908 2058 Μὴ
950 1988 1066 2050 δοὺς
1102 1987 1210 2059 γὰρ
1260 1987 1416 2054 δόξαν
1461 1988 1538 2059 τῷ
1585 1989 1722 2060 Θεῷ,
1769 1991 1902 2061 μηδὲ

351 2075 707 2147 λογισάμενος,
740 2081 817 2132 ὅτι
846 2081 872 2132 6
902 2080 1001 2131 τῶν
1032 2079 1167 2132 ὅλων
1211 2080 1341 2144 Θεὸς
1373 2081 1535 2145 αὐτὸς
1564 2077 1631 2153 ἦν
1673 2085 1700 2135 6
1728 2099 1904 2153 παρα-

342 2170 462 2232 δοὺς
483 2171 620 2241 αὐτῷ
650 2174 738 2225 καὶ
759 2173 845 2224 τὸν
883 2172 1096 2244 Ἰσραὴλ
1126 2175 1219 2225 καὶ
1252 2172 1343 2226 τὸν
1381 2174 1605 2236 Ἰούδαν,
1638 2174 1730 2226 καὶ
1764 2174 1900 2227 πάν-

333 2280 427 2324 τας
459 2266 576 2327 τοὺς
617 2265 880 2336 τιμωρίας
927 2264 1130 2329 ἀξίους,
1172 2265 1313 2336 μέγα
1348 2266 1635 2337 ἐφρόνησε,
1686 2266 1899 2338 διανοη-

330 2352 441 2417 θεὶς
472 2355 561 2407 καὶ
604 2356 737 2426 πρὸς
786 2356 976 2407 ἑαυτὸν
1032 2351 1219 2420 εἰπὼν,
1269 2357 1409 2410 κατά
1449 2357 1537 2410 τὸν
1583 2356 1897 2428 Σύμμαχον,

331 2463 351 2497 σ
398 2446 481 2497 Ἐν
512 2450 574 2516 τῇ
602 2447 827 2517 δυνάμει
858 2449 958 2518 τῆς
989 2450 1169 2519 χειρὸς
1196 2450 1447 2521 ἐποίησα,
1482 2470 1499 2501 ι
1536 2451 1720 2503 καὶτὰ
1748 2452 1894 2521 ἐξῆς.

397 2556 415 2588 ι
458 2540 561 2591 Καὶ
594 2540 758 2592 σείσω
786 2541 971 2604 πόλεις
999 2542 1443 2612 κατοικουμένας,
1478 2544 1571 2596 καὶ
1595 2544 1691 2615 τὴν
1720 2547 1901 2597 οἰκου-

322 2632 484 2702 μένην
514 2632 642 2702 ὃλην
672 2634 1060 2704 καταλήψομαι
1101 2638 1166 2706 τῇ
1203 2636 1345 2710 χειρὶ
1386 2636 1460 2700 ὡς
1512 2638 1752 2701 νοσσιὰν,
1802 2640 1897 2691 καὶ

316 2723 390 2787 ὡς
415 2726 885 2797 καταλελειμμένα
916 2728 998 2780 ὠά
1030 2728 1177 2797 ἀρῶ·
1216 2728 1309 2781 καὶ
1352 2730 1448 2780 οὐκ
1489 2730 1633 2781 ἐστιν
1675 2729 1734 2792 ὃς
1778 2730 1893 2782 διαο

320 2816 569 2883 φεύξεταί
606 2836 694 2887 με,
726 2819 759 2889 ἢ
796 2820 1026 2891 ἀντείπῃ
1063 2837 1171 2889 μοι.
1204 2820 1292 2891 Μὴ
1322 2820 1710 2891 δοξασθήσεται
1742 2820 1893 2894 ἀξίνη

323 2910 448 2962 ἄνευ
476 2910 568 2962 τοῦ
613 2913 936 2976 κόπτοντος;
972 2912 1003 2983 ἢ
1041 2913 1384 2983 ὑψωθήσεται
1418 2914 1591 2985 πρίων
1638 2912 1763 2966 ἄνευ
1800 2913 1893 2966 τοῦ

321 3002 572 3065 ἕλκοντος
604 3004 776 3067 αύτόν,
813 3004 887 3067 ὡς
916 3004 980 3057 ἄν
1012 3022 1095 3067 τις
1127 3005 1231 3077 ἄρῃ
1274 3003 1465 3076 ῥάϐδον
1498 3005 1529 3075 ἦ
1568 3004 1750 3070 ξύλον;
1786 3006 1895 3058 Καὶ

320 3096 423 3165 ούχ
438 3095 627 3159 οὓτως,
649 3096 753 3147 ἀλλ’
776 3095 1066 3148 ἀποστελεῖ
1090 3096 1291 3166 Κύριος
1308 3095 1532 3149 Σαϐαὼθ
1557 3099 1637 3160 είς
1668 3096 1766 3167 τὴν
1796 3096 1893 3168 σὴν

316 3190 489 3259 τιμήν
536 3190 772 3259 ἀτιμίαν,
805 3190 900 3242 καὶ
939 3191 1020 3253 είς
1052 3190 1150 3259 τὴν
1197 3190 1293 3261 σὴν
1340 3190 1494 3256 δόξαν
1529 3188 1639 3261 πῦρ
1671 3191 1895 3261 καιόμε-

313 3296 405 3333 νον
440 3280 790 3351 καυθήσεται.
835 3301 853 3333 ι
892 3281 1037 3352 Πρὸς
1067 3281 1254 3333 τοῦτον
1305 3280 1395 3335 τὸν
1438 3282 1784 3353 ὑπερήφανον
1812 3283 1899 3337 λο-

312 3371 529 3440 γισμὸν,
588 3371 697 3422 εἴτε
753 3389 838 3435 τις
905 3370 1255 3441 ἀντικειμένη
1303 3370 1526 3441 δύναμις
1581 3372 1894 3443 ἐτύγχανεν,

308 3461 497 3534 ῶσπερ
528 3466 557 3515 ό
585 3462 765 3534 ἅρχων
798 3462 1076 3532 βασιλείας
1105 3462 1349 3533 Περσῶν,
1387 3464 1479 3516 καὶ
1509 3466 1537 3516 6
1571 3464 1755 3536 ἄρχων
1796 3465 1895 3536 βα-

308 3553 515 3616 σιλείας
564 3555 785 3623 Μήδων,
837 3554 933 3606 καὶ
980 3554 1008 3605 ὁ
1054 3554 1236 3624 ἄρχων
1269 3553 1544 3624 βασιλείας
1593 3556 1891 3627 Ἑλλήνων

306 3643 456 3697 οὕτω
475 3644 581 3713 γὰρ
605 3645 746 3695 εἴποι
779 3642 843 3695 ἀν
872 3660 957 3703 τις
985 3644 1076 3695 καὶ
1102 3642 1339 3714 ἄρχοντα
1370 3644 1648 3714 βασιλείας
1695 3649 1888 3706 Ἀσσυ-

310 3734 450 3806 ρίων
477 3734 749 3801 γεγονέναι
772 3733 893 3785 τινὰ
914 3734 1003 3785 τὸν
1030 3734 1483 3805 ἀλαζονευόμενον
1525 3738 1616 3789 καὶ
1637 3738 1734 3801 τὰς
1766 3758 1897 3811 προ-

307 3826 575 3895 κειμένας
596 3827 778 3895 φωνάς
805 3824 1175 3896 φθεγξάμενον
1199 3842 1211 3855 ·
1257 3826 1369 3879 εἴτε
1395 3822 1487 3881 οῦν
1519 3829 1653 3901 πρὸς
1686 3830 1893 3898 τοῦτον,

306 3919 422 3969 εἴτε
444 3918 577 3989 πρὸς
597 3918 687 3970 τὸν
714 3917 1073 3971 Βαϐυλωνίων
1094 3917 1319 3988 βασιλέα
1342 3920 1431 3972 τὸν
1457 3920 1897 3995 πολιορκήσαντα

305 4011 405 4082 τὴν
422 4011 902 4083 Ἱερουσαλὴμ,κα“ι
917 4011 1007 4063 τὸν
1024 4012 1145 4065 ναὸν
1165 4014 1545 4084 ἐμπρήσαντα,
1567 4015 1739 4068 πάντα
1754 4032 1811 4067 τε
1829 4015 1896 4069 τὰ

306 4104 455 4174 αύτῷ
508 4104 676 4173 σκεύη
724 4104 845 4173 ἱερά
892 4104 986 4156 καὶ
1031 4104 1353 4176 ἀναθήματα
1394 4105 1603 4167 ἑλόντα,
1652 4106 1745 4159 καὶ
1782 4110 1895 4170 τοῖς

306 4195 471 4248 αὐτοῦ
512 4194 751 4257 εἰδώλοις
781 4194 1044 4247 ἀναθέντα
1078 4198 1133 4248 ἐν
1177 4196 1313 4267 αὐτῇ
1366 4196 1664 4261 Βαϐυλῶνι,
1704 4198 1894 4271 ῶσπερ

307 4286 451 4339 δεινά
486 4287 583 4338 καὶ
616 4285 1025 4355 ἀπονενοημένοι
1055 4286 1396 4358 τολμήσαντα
1427 4290 1621 4352 εἰπεῖν,
1656 4289 1889 4362 ἀποκρί-

2007 427 2100 495 qui
2135 427 2186 480 iu
2212 426 2605 501 Hierosolymis
2635 435 2832 503 degunt
2859 436 2973 504 pari
2996 437 3264 493 obsidioni
3292 450 3345 495 et
3371 444 3578 498 excidio

2009 518 2167 583 tradi,
2197 522 2323 588 quia
2360 522 2457 591 ipsi
2496 525 2644 591 paria
2676 524 2764 591 iis,
2800 526 2889 595 qui
2925 526 3039 594 jam
3086 542 3384 587 memorata
3435 535 3577 604 passi

2007 619 2153 673 sunt,
2195 623 2601 679 perpetraruut.

2076 699 2359 756 VsnsJQ.
2414 723 2432 754 ι
2466 705 2533 759 Ει
2571 706 2709 771 erit,
2771 723 2895 763 cum
2951 711 3255 780 impleverit
3312 716 3576 773 Dominus

2005 795 2185 848 omnia
2228 795 2405 850 facere
2434 797 2485 850 in
2538 809 2719 853 monte
2760 800 2887 855 Sion
2919 813 2974 856 et
3012 804 3063 857 iu
3098 805 3417 872 Jerusalem,
3448 809 3579 863 visi-

2008 888 2133 942 tabo
2157 898 2393 945 mentem
2426 906 2700 962 magnam,
2749 895 3047 965 principem
3098 900 3464 970 Assyriorum,
3521 914 3578 959 et

2007 979 2388 1036 celsitudinem
2440 984 2629 1052 gloriae
2664 986 2943 1041 oculorum
2999 989 3136 1057 ejus.
3174 1010 3191 1042 ι
3231 990 3324 1045 His
3378 1008 3577 1050 conse-

2006 1083 2235 1139 quenter
2257 1074 2433 1138 docet,
2452 1078 2703 1146 Assyrios
2730 1080 2942 1133 tandem
2967 1091 3225 1137 eteorum
3252 1086 3574 1155 principem,

2005 1161 2102 1215 etsi
2135 1178 2253 1216 cum
2294 1164 2405 1228 tali,
2432 1167 2575 1234 quali
2596 1168 2704 1236 jam
2749 1169 3079 1226 declaratum
3114 1184 3218 1237 est,
3267 1179 3575 1247 arrogantia

2004 1255 2231 1324 egerint,
2272 1255 2578 1314 Samariam
2612 1269 2665 1313 et
2711 1262 3034 1317 Damascum
3090 1268 3443 1338 subegerint,
3496 1282 3574 1325 ta.

2006 1362 2125 1400 men
2161 1350 2227 1401 ad
2258 1360 2468 1404 certum
2523 1368 2693 1420 usque
2736 1354 3025 1407 terminum
3061 1372 3277 1413 usuram
3313 1364 3575 1432 temporis

2005 1441 2320 1507 habituros;
2376 1458 2480 1511 quo
2511 1445 2718 1514 elapso,
2752 1448 3037 1517 imperium
3073 1468 3258 1506 eorum
3295 1470 3399 1509 non
3434 1456 3571 1511 ultra

2007 1531 2285 1594 consistet,
2320 1532 2573 1589 diuturno
2615 1537 2706 1591 illo
2751 1554 2814 1594 ac
2841 1539 3054 1596 ﬂorenti
3083 1543 3308 1612 imperio
3335 1545 3579 1604 funditus

2006 1633 2215 1677 θνειεο.

2075 1800 2241 1859 Vens.
2284 1803 2369 1858 15.
2411 1825 2429 1857 (
2470 1806 2609 1861 Dixit
2638 1810 2804 1875 enim,
2836 1812 2890 1867 ln
2927 1813 3249 1875 fortitudine
3277 1820 3574 1886 faciam,et

2006 1893 2057 1945 in
2094 1897 2359 1963 sapientia
2398 1900 2697 1966 prudentize
2723 1918 2856 1957 mea:
2889 1904 3133 1960 auferam
3167 1916 3425 1965 terminos
3444 1929 3581 1983 gena

2005 1985 2158 2049 tium,
2185 1997 2235 2040 et
2254 1988 2621 2045 fortitudinem
2642 2007 2833 2047 earum
2858 1996 3169 2053 devastabo.
3197 2019 3215 2053 ι
3244 2002 3350 2055 Deo
3375 2006 3577 2073 quippe

2004 2077 2225 2146 gloriam
2260 2096 2364 2134 non
2398 2082 2666 2151 tribuens,
2696 2101 2870 2156 neque
2913 2104 3097 2144 secum
3139 2102 3393 2162 reputans
3447 2097 3572 2151 uni-

2001 2189 2282 2229 versorum
2309 2175 2475 2231 Deum
2502 2193 2641 2243 esse,
2672 2183 2764 2251 qui
2796 2184 2894 2252 ipsi
2923 2196 2975 2240 et
2998 2185 3252 2244 lsraelem
3283 2200 3337 2245 et
3358 2190 3577 2259 ludam,

2001 2274 2054 2318 et
2084 2280 2272 2321 omnes
2301 2266 2434 2321 alios
2481 2271 2746 2341 supplicio
2798 2276 2988 2345 dignos
3031 2281 3366 2350 tradiderat;
3405 2285 3575 2339 altum

2001 2356 2267 2422 sapiebat,
2288 2358 2559 2428 cogitans,
2589 2370 2644 2414 et
2676 2363 2741 2415 ad
2779 2367 3019 2435 seipsum
3045 2370 3250 2435 dicens,
3275 2377 3569 2429 secundum

2002 2444 2407 2513 Symmachum,
2451 2467 2470 2500 ι
2504 2447 2560 2503 In
2586 2453 2787 2509 virtute
2822 2472 3013 2510 manus
3041 2458 3164 2525 feci,
3206 2480 3224 2512 ι
3260 2472 3370 2517 etc.

2072 2536 2231 2592 Vens.
2265 2539 2449 2592 14-16.
2500 2559 2517 2592 ι
2558 2542 2619 2595 Ει
2669 2548 3024 2601 commovebo
3059 2551 3220 2605 urbes
3256 2552 3524 2609 habitatas
3555 2598 3571 2619 ,

1998 2639 2052 2683 et
2078 2632 2396 2684 universum
2424 2634 2607 2687 orbem
2633 2638 3088 2704 comprehendam
3122 2657 3281 2696 manu
3314 2648 3465 2713 quasi
3493 2650 3574 2700 ui-

2000 2718 2147 2780 dum,
2173 2720 2396 2788 etquasi
2426 2736 2525 2776 ova
2555 2723 2812 2778 derelicta
2838 2726 3077 2781 auferam
3110 2745 3123 2781 :
3159 2741 3211 2783 et
3241 2748 3346 2785 non
3376 2743 3459 2788 est
3480 2739 3572 2804 qui

2000 2810 2222 2881 effugiat
2249 2828 2357 2875 me,
2389 2824 2482 2867 aut
2505 2816 2844 2870 contradicat
2900 2819 3052 2874 mihi.
3089 2820 3340 2892 Nunquid
3374 2825 3575 2896 gloria-

1999 2904 2141 2957 bitur
2172 2907 2380 2959 securis
2421 2907 2539 2961 sine
2569 2908 2846 2963 cmdeute?
2889 2923 2981 2966 aut
3025 2915 3349 2971 exaltabitur
3396 2935 3572 2988 serra,

1999 2996 2115 3051 sine
2145 2997 2393 3053 trahente
2422 2998 2587 3066 illam,
2624 3011 2682 3054 ut
2734 3004 2855 3072 quis
2885 3003 3074 3060 efferat
3133 3009 3337 3077 virgam
3371 3023 3462 3065 aut
3506 3013 3571 3065 li-

2000 3089 2210 3157 gnum?
2248 3091 2316 3142 At
2348 3106 2451 3145 nou
2492 3092 2589 3157 sic,
2623 3093 2714 3148 sed
2745 3095 2923 3150 mittet
2961 3098 3219 3153 Dominus
3255 3099 3493 3156 Sabaoth
3521 3106 3576 3158 in

2002 3184 2260 3237 honorent
2287 3182 2433 3236 tuam
2464 3185 2835 3254 ignominiam,
2859 3199 2915 3242 et
2937 3191 2987 3243 iu
3013 3191 3237 3261 gloriam
3260 3202 3406 3247 tuum
3438 3196 3581 3265 ignis

1999 3276 2321 3329 comburens
2350 3278 2693 3330 accendetur.
2734 3297 2751 3329 ι
2783 3280 2861 3332 Ad
2896 3280 3034 3336 hunc
3061 3284 3345 3351 superbam
3366 3290 3579 3355 cogitu-

1998 3363 2234 3429 tionem;
2290 3366 2402 3418 sive
2453 3382 2513 3420 ea
2574 3366 2855 3433 cujusdam
2903 3371 3228 3426 adversaria:
3290 3380 3575 3442 potestatis

1999 3451 2183 3518 fuerit,
2204 3455 2379 3523 quaiis
2403 3463 2520 3509 erat
2551 3459 2802 3526 princeps
2826 3463 2974 3528 regni
3006 3461 3318 3527 Persarum,
3348 3474 3401 3518 et
3426 3470 3573 3535 priu-

1997 3559 2128 3614 ceps
2156 3547 2304 3615 regni
2338 3546 2639 3613 Medorum,
2670 3560 2724 3603 et
2752 3550 3002 3618 princeps
3028 3553 3176 3622 regni
3204 3553 3516 3609 Graecorum
3545 3575 3560 3612 :

1997 3637 2075 3691 sic
2108 3639 2253 3691 enim
2313 3639 2584 3710 quispiam
2646 3642 2846 3696 dixerit
2911 3657 3033 3697 esse
3085 3644 3383 3713 principem
3418 3651 3571 3718 regni

1996 3726 2363 3798 Assyriorum,
2399 3740 2722 3799 arroganter
2750 3743 3021 3804 agentem,
3070 3744 3231 3804 atque
3276 3736 3374 3792 has
3403 3752 3566 3795 voces

1997 3822 2330 3875 emittentem
2362 3838 2376 3887 ;
2421 3822 2538 3878 sive
2571 3823 2635 3877 ad
2667 3824 2831 3889 hunc,
2859 3824 3101 3894 inquam,
3135 3828 3254 3882 sive
3289 3830 3354 3883 ad
3386 3847 3566 3904 regem

1996 3910 2435 3983 Babyloniorum,
2476 3916 2567 3984 qui
2606 3916 3034 3989 Hierosolymam
3077 3920 3311 3987 obsedit,
3341 3933 3395 3979 et
3438 3936 3570 3981 tem-

1995 4006 2143 4074 plqu
2181 4006 2443 4073 incendit,
2473 4018 2526 4063 et
2556 4011 2737 4063 omnia
2770 4027 2925 4065 sacra
2954 4028 3078 4067 vasa
3111 4014 3227 4085 ejus
3257 4025 3311 4070 et
3346 4018 3572 4074 donaria

1997 4098 2243 4164 abstulit,
2276 4117 2340 4156 ac
2382 4101 2433 4154 in
2492 4101 2601 4170 ipsa
2634 4101 2907 4173 Babylone
2940 4105 3093 4160 idolis
3134 4109 3245 4162 suis
3281 4124 3571 4165 consecra-

1996 4189 2109 4254 vit;
2149 4200 2337 4259 utpote
2367 4191 2457 4260 qui
2483 4192 2665 4262 gravia
2701 4204 2755 4248 et
2795 4195 2980 4248 insana
3013 4198 3258 4266 proferre
3290 4216 3450 4254 ausus
3474 4216 3566 4254 es-

1996 4294 2099 4347 set,
2118 4290 2408 4353 respondet
2428 4286 2779 4354 propheticus
2796 4302 3007 4341 sermo:
3038 4290 3257 4353 Deinde,
3285 4292 3570 4345 oomnium

314 4396 452 4430 ιεται
487 4377 754 4445 φάσκωνὸ
777 4378 1108 4447 προπτικὸς
1130 4378 1306 4446 λόγος·
1328 4373 1593 4451 Εἷτα,(16)
1620 4375 1663 4433 ὦ
1689 4382 1894 4435 πάντων

2010 4376 2352 4442 stultissime,
2384 4393 2487 4431 non
2512 4378 2665 4432 vides
2684 4394 2787 4432 non
2803 4395 2964 4448 posse
2988 4381 3241 4445 securim,
3277 4381 3424 4437 nullo
3443 4399 3571 4453 ope-

306 4470 698 4537 é;povéauta,
726 4469 786 4520 ού
814 4470 1063 4538 συνορᾷς,
1093 4470 1172 4522 ὅτι
1202 4468 1325 4523 οὔτε
1360 4471 1524 4538 πέλυξ
1547 4474 1737 4526 ἐαυτόν
1760 4492 1889 4527 ποτε

308 4563 584 4628 κινήσειεν
619 4562 711 4613 ἐπὶ
746 4560 922 4631 κοπὴν
962 4560 1137 4625 ξύλου,
1178 4562 1253 4632 μὴ
1296 4563 1482 4633 ἐτέρου
1517 4565 1887 4636 ἐνεργοῦντος,

309 4653 428 4705 οὔτε
462 4654 641 4723 πρίων
672 4653 833 4705 διέλοι
862 4652 926 4705 ἂν
952 4652 1018 4705 τά
1048 4654 1181 4724 πρὸς
1212 4654 1375 4707 αὑτοῦ
1417 4657 1741 4728 πριζόμενα,
1783 4677 1887 4729 μη-

307 4744 454 4809 δενὴ
493 4747 762 4809 ἕλκοντος,
817 4745 936 4798 ούδέ
976 4745 1169 4816 ῥάϐδος
1218 4745 1434 4816 τύψειεν
1476 4750 1539 4802 ἄν
1583 4768 1720 4816 τινα,
1766 4750 1886 4804 ούδέ

309 4839 464 4904 ξύλον
492 4840 743 4911 πλήξειεν
774 4838 1090 4909 αὐτομάτως
1124 4840 1472 4911 κινούμενον;
1502 4842 1621 4914 Χρὴ
1653 4842 1707 4895 δέ
1738 4843 1885 4911 λογί-

310 4937 528 4999 σασθαι,
557 4936 639 4987 ὅτι
664 4935 785 4989 οὗτε
819 4954 900 4989 σοι
921 4936 1147 5009 διακόνῳ
1170 4938 1281 4991 ὄντι
1309 4937 1407 5008 τῆς
1433 4935 1527 4989 τοῦ
1552 4936 1685 4989 Θεοῦ
1718 4937 1886 5008 ὀργῆς

306 5026 542 5095 τοσαύτη
572 5028 754 5097 παρῆν
783 5026 1030 5099 δύναμις,
1063 5030 1137 5093 ὡς
1176 5030 1382 5101 μυρίων
1410 5027 1577 5080 ἐθνῶν
1610 5043 1886 5096 κατακρα-

306 5120 491 5189 τῆσαι,
529 5122 624 5172 καὶ
669 5119 859 5173 τούσδε
901 5121 997 5191 μὲν
1044 5122 1283 5185 κόπτειν,
1334 5118 1631 5190 ἐτέρουςδέ
1678 5119 1880 5181 παίειν,

304 5212 491 5275 πόλεις
518 5230 577 5267 τε
637 5212 763 5277 ὅλας
794 5210 1353 5285 ἐξανδραποδίζεσθαι,
1382 5211 1475 5265 καὶ
1509 5211 1675 5283 μυρία
1704 5209 1879 5281 πλήθη

304 5305 808 5379 καταστρωννύναι,
846 5299 1043 5368 παντὸς
1077 5305 1310 5375 πρίονος,
1346 5304 1439 5357 καὶ
1472 5302 1753 5366 πελέκυος,
1788 5303 1882 5354 καὶ

303 5402 505 5470 ράὁδου
535 5401 737 5472 χείρονι
763 5399 1058 5469 γενομένῳ,
1086 5399 1133 5450 εί
1161 5396 1232 5468 μὴ
1258 5396 1387 5460 Θεὸς
1414 5390 1480 5468 ἧν
1503 5397 1531 5448 ὁ
1555 5396 1617 5465 τῇ
1648 5396 1712 5465 σῇ
1736 5394 1878 5465 χειρὶ

374 5542 492 5614 (16)
533 5541 633 5598 Hic
663 5541 878 5614 Eusebii
917 5541 1266 5614 interpretem
1303 5538 1416 5614 fere
1459 5539 1569 5609 agit
1620 5538 1880 5614 ||_i_erouy-

302 5608 424 5670 mus
446 5608 481 5671 ι’
507 5629 635 5669 nam
660 5616 741 5667 sic
773 5612 1007 5689 habet,_c
1123 5610 1440 5689 stultissime
1470 5608 1874 5689 mortalium...

300 5688 579 5750 quomodo
610 5684 654 5738 si
680 5682 889 5738 securis
927 5681 1189 5750 glorietur
1222 5686 1411 5737 contra
1438 5695 1559 5736 cum
1596 5681 1687 5748 qui
1721 5692 1881 5734 Secu-

1994 4483 2165 4536 rante,
2195 4472 2261 4526 ad
2298 4473 2501 4543 lignum
2537 4474 2850 4528 caadendum
2880 4490 2937 4529 se
2966 4491 3216 4540 movere;
3248 4492 3423 4546 neque
3452 4494 3569 4531 ser-

1993 4582 2105 4620 ram
2142 4565 2281 4635 ligna
2338 4566 2516 4634 posita
2566 4581 2772 4628 secare,
2806 4566 3018 4621 nemine
3065 4568 3353 4634 trahente;
3394 4583 3569 4636 nequc

1993 4657 2199 4726 virgam
2235 4656 2537 4724 quempiam
2570 4665 2874 4725 percutere,
2905 4670 3075 4735 neque
3109 4655 3314 4725 lignum
3370 4667 3563 4725 suopte

1995 4758 2138 4802 motu
2164 4749 2410 4818 quemvis
2445 4748 2691 4803 caedere?
2712 4746 3067 4818 Cogitandum
3082 4761 3211 4801 sane
3230 4756 3368 4810 erat,
3392 4764 3567 4817 neque

1995 4840 2111 4904 tibi,
2148 4840 2241 4894 ira:
2270 4840 2361 4895 Dei
2394 4840 2662 4902 ministro,
2709 4840 2866 4893 talem
2901 4838 3141 4894 adfuisse
3196 4846 3516 4919 potestatem
3544 4881 3560 4903 ,

1995 4939 2051 4983 ut
2078 4930 2316 4984 infinitas
2351 4939 2537 5000 gentes
2568 4933 2836 4991 domares,
2880 4944 3053 4998 neque
3095 4938 3153 4983 ut
3181 4928 3315 4983 alios
3344 4928 3561 4997 quidem

1992 5022 2250 5086 caederes,
2275 5019 2410 5075 alios
2432 5030 2762 5092 percuteres,
2782 5019 3029 5075 civitates
3054 5019 3290 5088 integras
3319 5019 3562 5087 captiVaS

1988 5118 2235 5181 duceres,
2270 5133 2333 5172 ac
2370 5118 2710 5171 innumeram
2764 5116 3165 5171 multitudinem
3206 5125 3513 5189 protereres
3541 5158 3559 5184 ,

1987 5210 2177 5280 quavis
2199 5210 2565 5275 scrra,securi
2591 5214 2645 5261 et
2676 5208 2826 5278 virga
2859 5207 3140 5263 acerbior:
3172 5209 3272 5261 nisi
3300 5207 3444 5262 Deus
3476 5209 3560 5263 his

1989 5300 2267 5369 suppliciis
2294 5300 2484 5369 dignos
2515 5298 2606 5351 tibi
2641 5297 2974 5351 tradidisset.
3009 5294 3162 5350 Nunc
3218 5311 3379 5367 porro
3424 5297 3558 5353 nihil

1987 5407 2174 5446 eorum
2217 5390 2484 5459 cogitans,
2520 5388 2656 5442 altos
2683 5385 2905 5456 spiritus
2936 5387 3156 5457 cepisti;
3188 5388 3260 5441 ita
3288 5399 3343 5439 ut
3372 5397 3422 5441 te
3452 5404 3559 5440 ma-

1992 5534 2093 5588 rim
2123 5541 2292 5595 tenet,
2315 5542 2369 5585 et
2406 5545 2557 5585 serra
2593 5538 2776 5585 contra
2802 5529 2948 5585 illum
2988 5546 3016 5585 a
3045 5547 3152 5602 quo
3184 5531 3417 5587 trahitur
3447 5546 3463 5583 :
3502 5536 3559 5585 et

1989 5606 2188 5669 dicant,
2222 5622 2239 5655 ι
2272 5614 2377 5658 etc.
