4068 6198
505 219 608 275 165

1144 211 1409 270 EUSEBII
1446 207 1925 268 CAESARIENSIS
1960 206 2113 262 OPP.
2153 205 2331 262 PARS
2370 205 2456 261 Ill.
2497 233 2567 243 —
2604 199 3012 258 EXEGETICA.

3628 196 3728 251 164

502 353 661 408 gnam
691 336 836 390 illam
860 344 1096 399 mentem
1118 348 1247 388 esse
1272 340 1513 401 putares.
1546 329 1662 383 Non
1701 328 1842 383 enim
1879 341 2065 396 pacem

2173 323 2443 395 παραδοὺς
2470 322 2594 383 τοὺς
2625 319 2828 372 τούτων
2855 318 3058 385 ἀξίους.
3088 316 3225 370 Νυνὶ
3247 316 3303 369 δὲ
3335 314 3535 370 τούτων
3566 316 3727 385 μηδὲν

501 428 648 484 illam
683 428 796 493 Dei,
831 440 950 495 quas
973 434 1211 480 mentem
1236 436 1449 476 omnem
1476 429 1765 489 exsuperat
1790 418 1860 474 ob
1884 418 2067 473 oculos

500 519 776 589 ponebas:
825 516 921 570 sed
941 526 1001 569 te
1025 513 1264 569 omnium
1310 511 1603 565 tltaximum
1637 524 1757 565 esse
1797 518 1971 574 ratus,
2002 522 2066 562 ac

502 609 750 680 superbis
782 608 958 663 oculis
1012 616 1201 660 contra
1238 605 1405 658 Deum
1450 602 1645 667 elatus,
1687 600 1924 671 gentium
1959 611 2067 655 ter-

502 702 679 755 minos
704 699 1033 756 confundere
1062 696 1333 765 cogitasti,
1376 709 1513 764 quos
1559 692 1797 747 delinivit
1832 692 1969 747 Deus
2012 700 2067 746 et

502 791 724 861 pulchre
778 787 1071 851 ordinavit,
1111 804 1130 838 ι
1161 786 1386 853 Quando
1420 787 1711 856 separabat
1759 784 2068 839 Altissimus

503 893 711 953 gentes,
742 890 797 937 ut
822 878 1208 935 disseminabat
1234 878 1373 934 lilios
1399 879 1608 945 Adam;
1635 874 1925 934 'constituit
1957 886 2067 931 ter-

504 973 677 1026 minos
736 972 975 1042 gentium
1034 968 1328 1022 secundum
1389 984 1672 1022 numerum
1751 967 2065 1037 angelorum

503 1060 598 1116 Dei
631 1063 696 1118 6°.
745 1080 762 1113 ι
811 1060 890 1115 Tu
936 1075 1063 1114 vero
1105 1058 1367 1127 sapientia
1426 1069 1481 1112 et
1528 1058 1729 1114 erranti
1788 1059 2067 1129 prudentia

505 1166 595 1209 tua
627 1156 922 1209 arbitratus
959 1168 1019 1207 es
1044 1165 1202 1222 posse
1236 1162 1290 1206 te
1318 1168 1347 1205 a
1384 1152 1495 1206 Deo
1525 1153 1692 1220 probe
1742 1152 2068 1207 coustitutos

506 1245 763 1299 terminos
798 1242 901 1298 alio
943 1241 1260 1305 transferre,
1287 1252 1448 1310 atque
1478 1252 1644 1295 totum
1669 1242 1853 1296 orbem
1876 1242 2066 1297 ditioni

503 1348 608 1392 tua:
640 1337 905 1407 subigere.
944 1334 1078 1388 Nam
1122 1333 1418 1398 mstimasti,
1451 1332 1722 1387 neminem
1768 1333 1832 1385 iis
1857 1333 2068 1402 prospi-

501 1444 625 1485 cere
652 1428 737 1483 vcl
782 1424 1137 1498 patrocinari,
1198 1425 1477 1494 Deumque
1528 1424 1774 1479 homines
1813 1424 1905 1494 qui
1943 1434 2068 1479 sunt

502 1536 666 1593 super
695 1532 891 1575 terram
926 1517 1057 1573 nihil
1092 1530 1326 1571 curare:
1373 1517 1723 1584 quamobrem
1759 1527 1947 1586 gentes
1978 1531 2069 1569 or-

500 1617 585 1671 bis
616 1613 876 1674 universi,
909 1611 1063 1681 quasi
1091 1609 1263 1678 pullos
1306 1609 1570 1671 desertos,
1623 1620 1715 1663 aut
1742 1625 1844 1664 ova
1874 1608 2067 1664 derelio

500 1714 609 1769 cla,
636 1714 688 1759 te
711 1713 993 1772 capturum
1024 1702 1276 1770 npinatus
1312 1713 1393 1753 es.
1442 1700 1672 1767 Oportet
1701 1700 1869 1769 igitur
1915 1710 2063 1755 recta
2096 1685 2137 1740 Β

501 1793 828 1864 cogitatione
874 1800 1086 1861 putare,
1151 1799 1201 1841 te
1241 1802 1308 1843 ne
1352 1804 1446 1843 eos
1478 1790 1695 1859 quidem
1744 1806 1880 1861 quos
1941 1791 2065 1846 sub-

500 1886 677 1954 egisti,
710 1885 828 1939 sine
856 1892 984 1938 nutu
1031 1881 1128 1935 Dei
1165 1881 1458 1937 domuisse.
1508 1881 1663 1938 Unde
1691 1898 1923 1951 namque
1970 1882 2065 1937 tibi

502 1978 623 2032 talis
651 1984 889 2046 potestas
934 1974 1217 2037 adfuisset,
1257 1974 1362 2029 nisi
1400 1977 1540 2029 Deus
1594 1974 1646 2029 id
1686 1974 2064 2044 permisisset,

500 2086 673 2139 neque
696 2081 746 2124 te
774 2079 833 2123 ut
862 2068 1221 2125 instrumento
1273 2070 1340 2124 ad
1392 2068 1803 2137 castigationem
1847 2075 1903 2120 et
1940 2082 2068 2136 sup-

498 2161 719 2231 plicium
746 2175 954 2224 eorum,
990 2160 1080 2227 qui
1103 2160 1445 2228 correptione
1471 2168 1525 2212 et
1550 2158 1903 2212 conversione
1933 2172 2069 2228 opus

499 2248 791 2311 habebant,
811 2263 938 2301 usus
968 2246 1201 2302 fuisset?

572 2339 736 2394 Vsus.
772 2338 859 2404 l7,
906 2337 989 2392 l8.
1025 2356 1043 2389 ι
1077 2338 1141 2391 Ει
1163 2337 1267 2392 erit
1294 2337 1473 2392 lumen
1499 2336 1663 2392 Israel
1699 2336 1753 2392 in
1784 2338 1983 2408 ignem,
2013 2346 2068 2393 et

500 2427 861 2486 sanctiﬁcabit
884 2427 1033 2483 illum
1054 2429 1105 2483 in
1127 2428 1251 2500 igne
1283 2438 1472 2485 urente
1497 2447 1512 2484 :
1533 2439 1585 2485 et
1612 2430 1891 2485 devorabit
1912 2431 2065 2501 quasi

500 2522 681 2577 fenum
714 2520 924 2575 silvam.
952 2519 1009 2575 in
1044 2521 1134 2575 illa
1177 2522 1262 2577 die
1291 2522 1705 2589 exstinguentur
1741 2532 1972 2587 montes,
2015 2530 2069 2574 et

502 2610 669 2667 colles
705 2621 760 2665 et
795 2611 967 2666 silvae.
999 2629 1017 2663 ι
1058 2612 1177 2681 Ipse
1211 2611 1302 2682 qui
1335 2611 1465 2667 olim
1491 2611 1744 2682 populum
1770 2626 1926 2666 suum
1952 2610 2071 2665 illu-

503 2703 742 2759 minabat
765 2705 903 2759 Deus
929 2744 944 2770 ,
988 2714 1043 2758 et
1087 2703 1466 2759 sanctiﬁcabat
1492 2704 1639 2757 illum
1666 2744 1681 2770 ,
1713 2702 1810 2757 tibi
1839 2704 2070 2772 superbo

504 2797 642 2868 ignis
670 2796 897 2852 ellectus
926 2803 1029 2851 est.
1082 2793 1188 2849 Pro
1226 2794 1319 2849 illo
1352 2804 1528 2849 autem
1557 2833 1574 2859 ,
1612 2813 1630 2846 ι
1669 2794 1736 2848 Ει
1763 2793 2071 2849 sanctifica-

502 2888 581 2941 bit
614 2887 759 2941 illum
792 2887 843 2939 iu
874 2886 996 2955 igne
1034 2893 1245 2947 urente,
1283 2902 1302 2937 ι
1345 2882 1703 2954 Symmachus
1728 2924 1744 2949 ,
1786 2902 1803 2937 ι
1835 2882 1901 2938 Et
1947 2899 2071 2939 san-

503 2987 621 3032 ctus
657 2978 772 3047 ejus
800 2977 851 3030 in
886 2976 1177 3035 ﬂammam.
1220 2994 1240 3028 ι
1284 2975 1417 3031 Nam
1448 2977 1571 3039 tibi,
1604 2976 1801 3045 inquit,
1823 2975 2067 3046 Assyrio,

502 3068 594 3137 qui
632 3067 794 3137 impie
822 3076 875 3121 et
916 3067 1123 3126 tumide
1150 3066 1389 3138 cogitare
1421 3081 1588 3120 ausus
1613 3081 1693 3131 es,
1725 3074 1947 3122 sanctus
1993 3066 2073 3121 ls-

504 3160 639 3224 rael,
662 3172 713 3214 et
733 3159 824 3230 qui
857 3159 985 3214 olim
1011 3158 1126 3227 ejus
1163 3159 1251 3212 lux
1284 3158 1405 3224 fuit,
1444 3158 1494 3211 in
1521 3157 1791 3212 llanunam
1822 3167 1875 3214 et
1899 3156 2074 3229 ignem

506 3251 717 3305 evadet.
736 3248 974 3305 Collibus
1005 3263 1152 3316 vero,
1186 3249 1463 3302 montibus
1493 3258 1547 3302 et
1584 3248 1758 3311 silvis,
1786 3263 1817 3302 e
1851 3262 1911 3301 re
1935 3262 2079 3301 com-

507 3350 664 3410 parat
691 3340 834 3394 illam
864 3341 1209 3410 Assyriorum
1245 3337 1682 3406 multitudinem;
1707 3337 1873 3394 duces
1898 3346 2076 3392 autent

507 3450 713 3494 eorum,
739 3442 793 3486 et
819 3433 908 3502 qui
948 3432 1070 3486 aliis
1099 3438 1386 3501 praeerant,
1417 3431 1572 3501 quasi
1589 3431 1756 3487 colles
1782 3441 1837 3487 et
1865 3440 2078 3487 montes

507 3524 658 3601 dicit.
699 3523 804 3579 Sed
859 3524 933 3578 illi
975 3523 1193 3594 quidem
1235 3525 1691 3595 exstinguentur;
1740 3523 1794 3579 id
1826 3533 1915 3579 est
1940 3563 1956 3588 ,
2001 3523 2076 3578 illi

508 3616 640 3669 olim
670 3631 861 3686 graves
891 3625 947 3670 et
974 3614 1259 3680 ardentes,
1290 3616 1376 3671 vel
1407 3615 1583 3677 inviti.
1616 3615 1796 3685 frigidi
1822 3616 2072 3672 evadent.

510 3705 654 3762 Mors
682 3707 881 3777 quippe
909 3705 1029 3761 illos
1058 3707 1344 3762 devorabit
1366 3746 1383 3772 ,
1416 3716 1624 3762 tantum
1650 3722 1755 3761 non
1785 3717 1842 3762 et
1867 3709 2077 3763 animas

511 3814 635 3855 cum
661 3800 980 3870 corporibus
1010 3800 1323 3853 absumens.
1350 3799 1503 3866 Quod
1539 3808 1715 3854 autem
1752 3801 1946 3855 anima:
1967 3816 2076 3855 non

513 3906 618 3946 una
664 3906 789 3945 cum
822 3889 1139 3960 corporibus
1171 3888 1452 3959 tollantur,
1485 3893 1682 3960 cuique
1731 3891 2076 3947 manifestum

509 3992 594 4040 est
628 3984 813 4053 :quod
853 3983 1045 4036 anima:
1077 3983 1389 4039 ﬁrmitatem
1424 3982 1751 4038 subindicat.
1800 3982 1933 4038 Cum
1983 3983 2078 4037 sil-

512 4090 633 4128 vam
671 4074 839 4138 dicit,
891 4073 1285 4129 multitudinem
1333 4090 1453 4146 quae
1495 4089 1618 4129 cum
1665 4090 1791 4144 rege
1823 4073 2075 4146 Assyrio-

511 4181 631 4220 rum
666 4174 785 4219 erat
807 4164 1029 4219 denotat
1064 4183 1079 4219 :
1112 4168 1417 4222 Curtnelum
1446 4181 1614 4230 vero.
1638 4176 1697 4221 ut
1718 4166 1795 4221 ait
1831 4165 2080 4236 Symma-

512 4258 646 4312 chus
668 4297 686 4325 ,
730 4256 843 4326 ejus
877 4258 1092 4312 divitias
1129 4267 1404 4327 nuncupat
1426 4297 1443 4323 ,
1491 4271 1699 4313 necnon
1730 4257 2029 4327 voluptates
2059 4271 2075 4311 :

513 4366 633 4418 qua:
662 4348 989 4404 absumenda
1032 4348 1162 4404 dicit
1196 4349 1264 4402 ab
1296 4348 1485 4404 ultrice
1524 4347 1767 4419 pradicti
1797 4348 1937 4418 ignis
1962 4346 2077 4402 vio~

514 4440 696 4494 lentia.

590 4622 751 4679 Vsus.
791 4624 877 4679 l9.
917 4643 936 4677 ι
972 4622 1036 4678 Et
1060 4622 1341 4678 devorabit
1371 4624 1439 4678 ab
1466 4623 1644 4678 anima
1672 4638 1842 4693 usque
1872 4625 1937 4679 ad
1965 4638 2081 4678 car-

515 4732 610 4772 nes
642 4735 656 4772 :
695 4728 751 4771 et
776 4716 880 4771 erit
912 4717 1013 4785 qui-
1030 4714 1195 4786 fugiet
1216 4715 1370 4785 quasi
1405 4715 1615 4785 fugiens
1642 4731 1671 4769 a
1690 4715 1906 4769 ﬂamma
1929 4731 2081 4770 uren-

514 4816 584 4861 te.
630 4806 695 4861 Et
726 4807 815 4877 qui
847 4807 1219 4876 relinquentur
1254 4822 1321 4860 ex
1355 4805 1486 4873 ipsis
1513 4821 1770 4861 nmnerus
1801 4813 1997 4871 erunt,
2027 4816 2084 4861 et

521 4914 653 4968 puer
673 4897 872 4953 scribet
904 4913 1017 4951 eos.
1061 4916 1079 4949 ι
1119 4896 1253 4951 Cum
1289 4897 1433 4961 lucc,
1464 4895 1656 4966 inquit,
1694 4895 1917 4967 Assyrio
1947 4911 2080 4951 cono

520 4991 763 5060 tigerint,
798 4988 887 5044 ille
913 4990 1033 5058 fuga
1060 5003 1117 5042 se
1140 4985 1419 5059 proripiet,
1447 4997 1605 5055 atque
1631 5002 1819 5041 omnes
1847 4985 1937 5055 qui
1961 5001 2080 5041 cum

519 5080 611 5133 illo
638 5090 799 5135 erunt
825 5121 839 5144 ,
888 5080 1116 5148 idipsum
1159 5087 1340 5148 agent.
1390 5077 1542 5145 Quod
1590 5077 1635 5130 si
1676 5076 1892 5145 quidam
1927 5077 2083 5146 pauci

521 5169 917 5238 relinquantur,
969 5180 1046 5225 tot
1077 5179 1276 5236 erunt,
1323 5178 1383 5223 ut.
1416 5169 1586 5237 possit
1627 5169 1801 5237 quivis
1829 5168 2083 5238 puerulus

522 5260 734 5315 illorum
773 5276 1051 5316 numerum
1088 5260 1303 5331 assequi
1332 5299 1347 5324 ,
1391 5275 1455 5314 ac
1485 5259 1689 5329 scripto
1724 5260 2043 5329 consignare
2066 5300 2081 5322 ,

522 5352 727 5420 reliqua
776 5352 1115 5408 multitudine
1161 5353 1225 5408 de
1263 5351 1440 5407 medio
1488 5351 1716 5406 sublata.
1754 5347 1877 5406 llaze
1906 5360 1961 5404 et
1999 5365 2086 5405 se-

518 5441 754 5495 cundum
797 5439 1028 5495 litteram
1068 5453 1123 5497 et
1149 5442 1441 5498 secundum
1475 5450 1711 5498 mentem
1742 5440 1883 5497 dicta
1915 5449 2040 5496 sunt
2068 5458 2082 5504 ;

594 5621 640 5653 “
673 5624 827 5680 Deut.
868 5635 1038 5686 χχιιι,
1083 5620 1135 5675 8.

2164 414 2538 485 λογισάμενος,
2575 412 2783 483 ἐπῆρας
2811 409 3057 473 σεαυτὸν,
3101 408 3176 471 ὡς
3217 406 3505 461 ὑπολαϐεῖν
3540 406 3731 461 σαυτὸν

2165 506 2302 562 εἶναι
2334 508 2424 561 τὸν
2473 506 2645 577 μέγαν
2677 503 2822 557 νοῦν.
2872 503 2946 555 υὺ
2982 501 3090 573 γὰρ
3123 500 3245 554 ἔθου
3288 500 3395 571 πρὸ
3440 497 3732 568 ὀφθαλμῶν

2165 603 2262 674 τὴν
2293 602 2515 675 είρήνην
2545 598 2638 652 τοῦ
2668 596 2802 650 Θεοῦ
2833 597 2930 666 τὴν
2959 596 3331 666 ὑπερέχουσαν
3365 594 3545 647 πάντα
3576 592 3699 647 νοῦν
3717 609 3731 623 ο

2167 696 2258 748 καὶ
2298 694 2513 747 πάντων
2560 689 2813 761 μέγιστον
2866 686 3094 757 νομίσας
3141 680 3281 738 εἶναι
3317 684 3529 747 ἑαυτὸν,
3564 683 3736 752 ὑπερ-

2166 783 2390 854 ηφάνοις
2406 780 2462 832 δὲ
2490 778 2785 848 ὀφθαλμοῖς
2817 774 3181 847 κατεπαρθεὶς
3210 774 3303 827 τοῦ
3338 772 3496 836 Θεοῦ,
3530 773 3739 844 διενοή-

2166 873 2263 943 θης
2307 872 2374 925 τά
2404 873 2530 942 ὅρια
2564 869 2672 921 τῶν
2703 868 2872 921 ἐθνῶν
2908 868 3172 937 συγχέειν,
3215 868 3250 920 ἃ.
3286 869 3314 919 6
3345 866 3476 928 Θεὸς
3521 864 3738 936 διώρισε

2166 965 2260 1019 καὶ
2284 963 2492 1029 διέταξε
2525 962 2723 1025 καλῶς,
2747 962 2906 1014 (Ὅτε
2926 959 3226 1031 διεμέριζεν
3241 960 3366 1029 ἔθνη
3395 962 3424 1013 6
3456 960 3737 1029 ⁸⁷Υψιστος,

2165 1057 2239 1120 ὡς
2266 1057 2570 1127 διέσπειρεν
2598 1055 2747 1116 υίοὺς
2783 1052 2970 1123 Ἀδάμ·
3005 1050 3229 1123 ἔστησεν
3250 1053 3371 1123 ὅρια
3401 1051 3568 1105 ἐθνῶν
3598 1051 3738 1104 κατὰ

2167 1148 2397 1219 ἀριθμὸν
2428 1146 2671 1216 ἀγγέλων
2701 1143 2854 1197 Θεοῦ.
2879 1164 2897 1195 ›
2928 1146 2999 1198 Σὺ
3024 1144 3079 1197 δὲ
3108 1147 3173 1214 τῇ
3209 1144 3433 1197 σεαυτοῦ
3462 1143 3621 1214 σοφίᾳ
3645 1143 3738 1195 καὶ

2164 1244 2232 1311 τῇ
2258 1238 2645 1310 πεπλανημένη
2682 1237 2890 1290 συνέσει
2924 1236 3106 1308 ᾠήθης
3138 1235 3396 1291 δύνασθαι
3429 1235 3735 1306 μεταθεῖναι

2170 1332 2267 1401 μὲν
2319 1332 2442 1393 τοὺς
2478 1329 2582 1383 ὑπὸ
2630 1328 2725 1381 τοῦ
2771 1327 2904 1381 Θεοῦ
2954 1324 3013 1381 εὖ
3060 1326 3507 1398 διατεταγμένους
3554 1327 3733 1397 ὅρους,

2168 1423 2472 1493 ὑποχείριον
2520 1421 2578 1474 δὲ
2646 1419 2824 1491 σαυτῷ
2872 1418 2968 1491 τὴν
3017 1418 3338 1491 οἰκουμένην
3386 1418 3734 1488 ποιήσασθαι.

2167 1514 2384 1584 Μηδένα
2431 1514 2540 1585 γάρ
2592 1515 2792 1585 ὲφορᾷν
2846 1513 2978 1584 μηδὲ
3031 1511 3536 1582 ἀντιλαμϐάνεσθαι,
3604 1511 3738 1581 μηδὲ

2168 1603 2285 1674 Θεῷ
2316 1603 2528 1674 μέλλειν
2558 1602 2666 1657 τῶν
2715 1604 2805 1655 ἐπὶ
2846 1604 2947 1673 γῆς
2987 1600 3287 1672 ἀνθρώπων
3339 1602 3617 1673 ἐνόμισας·
3657 1599 3738 1654 διδ

2164 1695 2352 1767 ὥσπερ
2404 1694 2632 1748 νεοττῶν
2684 1696 2924 1765 ἐρήμων,
2973 1694 3005 1765 ἢ
3042 1693 3163 1747 ὠῶν
3207 1692 3733 1764 καταλελειμμένων,

2166 1785 2433 1849 ὑπέλαϐες
2467 1787 2758 1859 κρατήσειν
2788 1786 2894 1839 τῶν
2921 1786 3014 1838 ἐπὶ
3044 1786 3145 1856 τῆς
3185 1786 3508 1857 οἰκουμένης
3542 1786 3730 1841 ἐθνῶν.

2164 1881 2255 1931 Δεῖ
2276 1874 2368 1932 οὖν
2402 1878 2547 1951 ὀρθῷ
2571 1877 2813 1949 λογισμῷ
2843 1877 3209 1949 διανοηθῆναι,
3231 1879 3315 1931 ὅτι
3338 1878 3430 1931 καὶ
3453 1878 3633 1933 αὑτῶν
3660 1871 3735 1933 ὧν

2164 1968 2496 2041 ἐκράτησας,
2545 1969 2644 2021 οὑκ
2701 1968 2827 2022 ἄνευ
2891 1967 3026 2021 Θεοῦ
3078 1968 3344 2040 νεύματος
3399 1970 3732 2041 περιεγένου.

2165 2062 2335 2116 Πόθεν
2364 2062 2472 2133 γάρ
2507 2077 2588 2113 σοι
2622 2060 2804 2131 παρῆν
2830 2059 3054 2131 τοιαύτη
3087 2060 3324 2127 ἐξουσία,
3362 2063 3435 2133 μὴ
3474 2061 3570 2115 τοῦ
3600 2062 3735 2115 Θεοῦ

2169 2151 2670 2220 συγκεχωρηκότος,
2701 2151 2796 2203 καὶ
2826 2149 3013 2221 ὥσπερ
3044 2151 3257 2221 ὀργάνῳ
3284 2152 3629 2225 χρησαμένου
3657 2169 3740 2204 σοι

2165 2238 2258 2292 ἐπὶ
2282 2238 2547 2309 τιμωρίαν
2576 2238 2671 2291 καὶ
2692 2239 2908 2292 κόλασιν
2935 2240 3042 2292 τῶν
3069 2242 3398 2312 ἐπιστροφῆς
3437 2242 3737 2312 δεομένων;

2246 2349 2265 2383 ι
2298 2331 2409 2389 Καὶ
2435 2330 2585 2383 ἔσται
2608 2329 2669 2384 τὸ
2694 2330 2808 2400 φῶς
2834 2330 2928 2384 τοῦ
2965 2332 3177 2405 Ἰσραὴλ
3205 2335 3283 2396 εἰς
3312 2333 3442 2405 πῦρ,
3463 2335 3557 2386 καὶ
3586 2335 3740 2402 ἁγιά-

2168 2440 2251 2478 σει
2276 2422 2436 2476 αὑτὸν
2474 2425 2532 2475 ὲν
2565 2424 2697 2494 πυρὶ
2731 2424 3035 2493 καιομένῳ*
3064 2426 3157 2478 καὶ
3201 2427 3572 2495 κσταφάγεται
3609 2425 3742 2481 ὡσεὶ

2168 2517 2361 2587 χόρτον
2396 2514 2492 2587 τὴν
2528 2514 2679 2586 ὓλην.
2711 2517 2789 2589 Τῇ
2830 2517 3011 2587 ήμέρᾳ
3040 2517 3223 2590 ἐκείνῃ
3273 2517 3740 2590 ἁποσϐεσθήσεται

2166 2605 2236 2659 τὰ
2260 2606 2361 2677 ὄρη
2388 2608 2484 2660 καὶ
2502 2608 2551 2659 οἱ
2577 2606 2772 2677 βουνοί,
2806 2607 2900 2660 καῖ⁵
2930 2609 2978 2660 οἱ
3004 2608 3217 2680 δρυμοί.
3248 2627 3266 2660 ι
3302 2608 3473 2673 Αὑτδς
3510 2611 3539 2663 6
3576 2610 3741 2664 πάλαι

2169 2696 2418 2766 φωτίζων
2444 2697 2535 2751 τὸν
2561 2697 2755 2752 ἑαυτοῦ
2788 2697 2912 2752 λαὸν
2941 2700 3090 2765 Θεὸς,
3126 2702 3221 2759 καὶ
3262 2703 3503 2771 ἁγιάζων
3540 2704 3701 2757 αὑτὸν
3723 2746 3738 2769 ,

2173 2789 2255 2841 σοί
2297 2788 2376 2860 τῷ
2418 2790 2750 2862 ὑπερηφάνῳ
2789 2793 3069 2863 γινόμενος
3116 2793 3249 2865 πῦρ.
3321 2796 3464 2848 Ἀντὶ
3510 2797 3567 2850 δὲ
3613 2797 3736 2861 τοῦ,

2178 2895 2197 2929 ι
2232 2878 2342 2932 Καὶ
2372 2878 2591 2948 ἁγιάσει
2621 2880 2783 2933 αὑτὸν
2818 2882 2874 2933 ἐν
2908 2883 3042 2953 πυρὶ
3088 2884 3379 2956 καιομένῳ,
3412 2902 3431 2936 ι
3461 2888 3489 2938 6
3521 2886 3740 2957 Σύμμα-

2177 2986 2304 3039 χος,
2357 2987 2376 3021 ι
2417 2972 2529 3025 Καὶ
2571 2973 2599 3025 6
2640 2972 2794 3041 άγιος
2837 2973 2999 3027 αὑτοῦ
3051 2976 3129 3038 εἰς
3181 2975 3371 3045 φλόγα.
3418 2995 3436 3028 ι
3471 2977 3561 3030 Σοὶ
3605 2977 3737 3050 γὰρ,

2178 3062 2333 3132 φησὶ,
2366 3063 2444 3135 τῷ
2491 3064 2775 3136 Ἀσσυρίῳ,
2804 3064 2975 3136 ἀσεϐῆ
3006 3067 3099 3119 καὶ
3123 3068 3403 3140 ὑπέρογκα
3426 3068 3737 3138 λογίσασθαι

2177 3154 2552 3228 τετολμηκότι,
2575 3158 2603 3208 ὁ
2623 3158 2776 3225 ἅγιος
2812 3159 3044 3231 Ἰσραὴλ,
3074 3160 3167 3212 καὶ
3193 3162 3221 3212 6
3254 3161 3419 3213 πάλαι
3443 3161 3556 3230 φῶς
3580 3160 3739 3215 αὑτοῦ

2180 3244 2437 3315 γεγονὼς,
2472 3249 2552 3310 είς
2583 3248 2754 3317 φλόγα
2799 3250 2891 3302 καὶ
2923 3251 3002 3314 είς
3044 3249 3152 3322 πῦρ
3180 3254 3479 3323 γενήσεται.
3527 3254 3742 3317 Βουνοῖς

2178 3339 2235 3393 δὲ
2265 3340 2359 3394 καὶ
2389 3339 2537 3411 ὄρεσι
2565 3342 2655 3393 καὶ
2680 3342 2900 3412 δρυμοῖς
2928 3340 3246 3414 παρεικάζει
3267 3343 3463 3406 καλῶς,
3494 3345 3661 3415 αὑτήν
3682 3363 3741 3397 τε

2179 3428 2286 3481 τῶν
2329 3429 2628 3501 Ἀσσυρίων
2668 3430 2894 3501 πληθὺν,
2932 3431 3025 3484 καὶ
3055 3432 3178 3494 τοὺς
3205 3431 3533 3503 ἡγουμένους
3573 3434 3741 3503 αὐτῆς

2180 3520 2272 3573 καὶ
2299 3519 2404 3574 τῶν
2436 3519 2608 3574 ἄλλων
2629 3520 3012 3591 ὑπερέχοντας,
3037 3520 3283 3593 καθάπερ
3316 3522 3533 3593 βουνοὺς
3555 3524 3587 3595 ἢ
3617 3524 3741 3595 ὅρη.

2192 3609 2330 3663 Ἀλλ’
2355 3606 2499 3665 οὗτοι
2523 3611 2622 3683 μὲν
2650 3612 3167 3683 άποσὸεσθήσονται,
3191 3617 3483 3679 τουτέστιν,
3506 3617 3554 3669 oi
3577 3616 3745 3670 πάλαι

2177 3702 2342 3756 δεινοὶ
2371 3704 2463 3757 καὶ
2499 3703 2711 3776 θερμοὶ,
2756 3707 2849 3759 καὶ
2880 3706 2978 3777 οὑχ
3006 3706 3220 3770 ἑκόντες
3248 3706 3741 3779 καταψυγήσονται.

2179 3795 2569 3865 Καταφάγεται
2604 3795 2712 3869 γὰρ
2745 3798 2941 3862 αὑτοὺς
2972 3800 3000 3851 ὁ
3038 3798 3293 3862 θάνατος,
3340 3798 3617 3870 μονονουχὶ
3651 3801 3745 3854 καὶ

2178 3886 2355 3957 ψυχάς
2385 3887 2638 3943 δαπανῶν
2671 3891 2972 3962 καὶσῶμα.
3007 3891 3128 3946 ’Ότι
3164 3890 3261 3962 μὲν
3286 3890 3397 3962 γὰρ
3448 3891 3508 3944 οὑ
3555 3908 3744 3943 συναν-

2179 3978 2410 4049 ῄρηνται
2437 3981 2550 4044 τοῖς
2574 3979 2819 4051 σώμασιν
2838 3974 3098 4053 αίιίὶυχαὶ,
3125 3983 3284 4037 παντί
3310 4002 3388 4055 τῳ
3416 3985 3583 4053 σαφές
3606 3986 3740 4039 ἐστι’

2182 4070 2514 4141 ὑπεμφαίνει
2542 4072 2599 4125 δὲ
2625 4072 2795 4145 δήπου
2822 4074 2884 4127 τὸ
2905 4075 3005 4146 τῆς
3027 4075 3205 4145 ψυχῆς
3232 4076 3499 4138 εὑσθενές.
3534 4076 3745 4147 Δρυμὸν

2178 4162 2237 4216 δὲ
2279 4164 2473 4233 λέγων,
2522 4166 2591 4219 τά
2634 4166 2809 4239 πλήθη
2842 4168 2908 4222 τὰ
2957 4168 3051 4221 σὺν
3082 4167 3161 4238 τῷ
3209 4166 3415 4237 βασιλεῖ
3452 4169 3745 4242 Ἀσσυρίων

2178 4253 2355 4326 δηλοῖ·
2391 4256 2687 4329 Κάρμηλον
2713 4258 2790 4324 δὲ,
2821 4258 2895 4321 ὡς
2918 4261 2946 4311 6
2975 4258 3265 4330 Σύμμαχός
3287 4278 3439 4331 φησι,
3466 4262 3555 4316 τὸν
3585 4262 3746 4317 πλοῦ-

2110 4379 2154 4434 D
2180 4360 2270 4397 τον
2312 4344 2478 4398 αὑτοῦ
2519 4346 2612 4400 καὶ
2644 4348 2741 4418 τὴν
2792 4348 3018 4419 τρυφὴν,
3062 4349 3203 4420 άπερ
3246 4351 3420 4404 πάντα
3465 4353 3746 4419 ἀναλωθή-

2185 4436 2371 4489 σεσθαί
2420 4456 2582 4509 φησιν
2634 4441 2738 4493 ὑπὸ
2796 4442 2894 4511 τῆς
2937 4439 3262 4511 κολαστικῆς
3309 4444 3591 4514 δυνάμεως
3650 4446 3743 4499 τοῦ

2184 4530 2568 4600 προλεχθέντος
2586 4531 2774 4602 πυρός.

2260 4642 2276 4670 ι
2314 4622 2422 4675 Καὶ
2461 4624 2833 4691 καταφάγεται
2868 4624 2977 4676 ἀπὸ
3020 4623 3196 4695 ψυχῆς
3224 4623 3328 4688 ἕως
3371 4626 3609 4697 σαρκῶν,
3656 4629 3747 4681 καὶ

2181 4713 2332 4766 ἔσται
2359 4715 2387 4766 6
2413 4713 2647 4783 φεύγων,
2682 4714 2757 4778 ὡς
2776 4718 2804 4767 ὁ
2829 4716 3040 4785 φεύγων
3065 4719 3173 4772 ἀπὸ
3217 4719 3409 4789 φλογὸς
3435 4719 3745 4789 καιομένης.

2183 4805 2293 4859 Καὶ
2342 4807 2389 4858 οἱ
2439 4806 2888 4875 καταλειφθέντες
2911 4810 3007 4862 ἀπ’
3038 4811 3216 4865 αὐτῶν
3241 4811 3469 4883 ἀριθμὸς
3516 4812 3749 4876 ἔσονται,

2186 4897 2279 4949 καὶ
2307 4897 2512 4951 παιδίον
2534 4898 2731 4968 γράψει
2767 4897 2981 4963 αὐτούς.
3015 4921 3033 4953 ι
3076 4903 3346 4966 Ἐπειδὰν,
3388 4905 3538 4975 φησὶ,
3579 4902 3747 4955 ταῦτα

2188 4986 2264 5057 τῷ
2303 4988 2569 5060 Ἀσσυρίῳ
2599 4989 2799 5060 συμϐῇ,
2831 4990 3058 5063 δρασμῷ
3099 4994 3439 5065 χρησάμενος
3478 4994 3748 5063 φεύξεται,

2188 5078 2321 5130 οἵτε
2364 5078 2460 5131 σὺν
2502 5080 2651 5151 αὑτῴ
2698 5082 2895 5145 πάντες
2927 5083 3084 5137 τοῦτο
3112 5088 3424 5158 πράξουσιν.
3466 5089 3527 5140 El
3562 5086 3617 5139 δέ
3651 5105 3749 5140 που

2194 5166 2412 5237 βραχεῖς
2439 5187 2580 5233 τινες
2604 5170 3033 5243 καταλειφθεῖεν,
3073 5176 3310 5229 τοσοῦτοι
3344 5176 3574 5241 ἔσονται,
3612 5179 3748 5233 ὥστε

2189 5257 2446 5314 δύνασθαι
2473 5264 2566 5315 καὶ
2593 5263 2655 5315 τὸ
2676 5264 2835 5335 τυχὸν
2868 5268 3071 5322 παιδίον
3100 5268 3188 5320 τὸν
3204 5267 3433 5339 ἀριθμὸν
3454 5270 3634 5323 αὐτῶν
3661 5289 3749 5323 πε-

2194 5350 2454 5419 ριλαϐεῖν,
2490 5355 2583 5407 καὶ
2605 5360 2789 5430 γραφῇ
2825 5360 3175 5432 παραδοῦναι,
3198 5358 3291 5413 τοῦ
3309 5358 3497 5415 λοιποῦ
3520 5363 3753 5434 πλήθους

2193 5444 2549 5511 ἀπολωλότος.
2582 5448 2766 5504 Ταῦτα
2796 5454 2889 5506 καὶ
2915 5452 3047 5523 πρὸς
3080 5452 3220 5518 λέξιν
3247 5452 3460 5525 εἴρηται
3500 5456 3593 5510 καὶ
3621 5456 3755 5528 πρὸς
