3976 6194
359 224 468 280 165

1308 220 1808 277 ΟΟΜΜΕΝΤΑΒΙΑ
1845 220 1911 276 IN
1945 221 2199 279 ISAIMI.
2238 252 2306 266 —-
2336 221 2489 279 CAP.
2529 223 2596 278 X.

3506 233 3606 288 I66

357 344 636 398 διάνοιαν·
681 337 818 414 πρὸς
864 336 963 409 μὲν
992 337 1161 402 λεςιν,
1203 338 1552 409 ἀνηνεγμένα
1579 339 1671 391 ἐπὶ
1705 338 1797 392 τὸν
1826 339 1942 394 Να-

2051 341 2337 395 secundum
2370 340 2603 395 litteram
2642 340 2886 411 quidem,
2931 343 2977 397 si
3017 344 3084 397 ad
3114 342 3606 406 Nabuchodonoso-

359 433 752 505 ὅουχοδονόσορ
773 470 787 494 ,
839 430 930 482 τὸν
979 430 1339 501 ἐμπρήσαντα
1383 429 1476 483 τὸν
1530 430 1656 483 ναὸν
1700 431 1795 484 καὶ
1843 431 1942 502 τὴν

361 528 525 583 πόλιν
549 543 565 558 ο
602 524 735 597 πρὸς
750 523 805 576 δὲ
834 522 1093 587 διάνοιαν,
1128 521 1220 574 ἐπὶ
1246 522 1344 593 τὴν
1374 523 1757 595 ἀντικειμένην
1782 522 1943 576 δύνα-

371 638 487 692 μιν,
522 613 590 690 ἧς
627 617 695 671 τὰ
733 613 1033 686 λελεγμένα
1089 615 1146 668 ἐν
1189 616 1253 685 τῇ
1299 615 1605 686 προφητείᾳ
1644 614 1940 686 παθούσης,

369 708 647 784 καθῃρέθη
694 707 890 760 αὐτίκα
923 706 957 777 ή
989 704 1097 757 τῶν
1142 704 1399 758 ἐναντίων
1436 705 1736 776 Ἀσσυρίων
1780 705 1943 758 δυνα-

377 816 551 854 στεια.

450 910 470 944 ι
499 891 607 944 Καὶ⁵
638 888 789 941 ἔσται
820 889 879 940 ἐν
907 888 973 956 τῇ
1007 885 1192 957 ἡμέρᾳ
1249 885 1463 959 ἐκείνῃ,
1494 884 1676 939 οὐκέτι
1715 902 1945 957 προστε-

370 984 591 1055 θήσεται
620 981 683 1033 τὸ
735 976 1098 1045 καταλειφθὲν
1162 977 1395 1049 Ἰσραὴλ,
1443 977 1537 1039 καὶ
1584 979 1634 1030 οἰ
1683 978 1945 1042 σωθέντες

366 1073 461 1127 τοῦ
501 1070 698 1125 Ἰακὼὸ
726 1068 907 1122 οὐκέτι
935 1068 1008 1137 μὴ
1038 1066 1355 1130 πεποιθότες
1384 1062 1517 1120 ὦσιν
1555 1068 1647 1121 ἐπὶ
1670 1070 1795 1133 τοὺς
1827 1068 1943 1121 ἁδι-

362 1167 643 1238 κήσαντας
692 1161 909 1224 αὐτοὺς,
955 1159 1090 1213 ἀλλά
1124 1159 1334 1212 ἔσονται
1363 1160 1684 1224 πεποιθότες
1724 1161 1816 1214 ἐπὶ
1853 1161 1943 1215 τὸν

368 1254 499 1309 Θεὸν
520 1254 610 1307 τὸν
646 1252 798 1320 ἅγιον
823 1249 917 1302 τοῦ
950 1247 1163 1320 Ἰσραὴλ
1190 1250 1255 1319 τῇ
1280 1247 1527 1320 ἀληθεία.
1560 1250 1668 1303 Καὶ
1705 1248 1852 1302 ἔσται
1882 1250 1945 1303 τὸ

361 1343 726 1413 καταλειφθὲν
766 1340 860 1395 τοῦ
907 1337 1102 1394 Ἰακὼϐ
1135 1338 1226 1393 ἐπὶ
1261 1339 1392 1393 Θεὸν
1444 1340 1714 1412 ἰσχύοντα.
1753 1360 1770 1391 ι
1807 1343 1944 1412 Φησὶ

365 1428 445 1508 τῷ
479 1434 678 1507 καιρῷ,
710 1434 831 1487 καθ’
864 1431 923 1484 ὃν
955 1431 1133 1485 πάντα
1168 1429 1240 1483 τά
1273 1429 1637 1502 προλεχθέντα
1670 1432 1811 1486 κατὰ
1848 1434 1941 1487 τοῦ

362 1527 697 1598 δηλωθέντος
711 1524 972 1595 ἄρχοντος
993 1521 1101 1575 τῶν
1135 1522 1432 1593 Ἀσσυρίων
1463 1522 1530 1574 δι’
1556 1521 1732 1594 ἔργων
1767 1525 1945 1596 χωρή-

372 1636 537 1682 σειεν,
585 1620 633 1670 οἰ
669 1613 1109 1687 περιλειφθέντες
1139 1610 1234 1667 τοῦ
1266 1613 1940 1683 αἰχμαλωτισθέντοςῖλαοῦ

2042 446 2155 486 rem
2199 429 2525 498 referantur,
2553 433 2645 502 qui
2682 432 2939 502 templum
2987 433 3227 489 incendit
3276 446 3332 491 et
3377 440 3601 505 urbem;

2045 522 2336 577 secundum
2379 533 2610 578 mentem
2657 539 2806 589 vero,
2840 526 2883 579 si
2913 525 2979 579 ad
3004 535 3328 595 potestatem
3353 530 3603 587 adversa-

2045 612 2200 676 riam,
2233 626 2354 682 quae
2387 626 2507 667 cum
2538 627 2622 677 ea,
2655 630 2775 685 quae
2806 616 2857 670 in
2894 617 3173 687 praphetia
3206 617 3472 683 feruntur,
3491 634 3609 690 per-

2045 717 2200 771 pessa
2251 711 2419 766 esset,
2474 704 2906 760 adversariorum
2956 707 3305 778 Assyriorum
3363 712 3605 779 potentia

2043 793 2328 850 confestim
2353 795 2563 849 sublata
2595 805 2700 851 est.

2113 884 2276 941 Vens.
2301 883 2392 948 20,
2416 883 2507 939 2|.
2538 904 2557 935 ι
2587 884 2653 939 Et
2685 885 2789 940 erit
2820 885 2873 940 in
2908 887 2994 941 die
3021 885 3131 953 illa,
3167 902 3272 943 non
3300 889 3438 944 ultra
3470 891 3609 959 adji-

2042 976 2216 1031 cietur
2246 976 2515 1030 residuum
2542 973 2724 1039 Israel,
2751 986 2809 1030 et
2840 977 2929 1045 qui
2963 977 3098 1032 salvi
3119 978 3315 1034 fuerint
3340 997 3407 1036 ex
3439 980 3608 1040 Jacob

2044 1086 2149 1123 non
2182 1068 2322 1123 ultra
2377 1069 2629 1124 ﬁduciam
2656 1070 2930 1126 habebunt
2960 1072 3010 1126 in
3041 1072 3162 1127 illos
3201 1073 3292 1141 qui
3325 1089 3385 1130 se
3410 1075 3607 1147 injuria

2044 1159 2372 1227 affecerunt;
2418 1163 2511 1215 sed
2563 1161 2810 1217 ﬁduciam
2850 1164 3122 1218 habebunt
3174 1166 3226 1219 in
3276 1166 3386 1223 Deo
3417 1178 3608 1226 sancto

2044 1252 2209 1309 Israel
2238 1254 2289 1308 in
2320 1254 2572 1314 veritate.
2614 1254 2679 1309 Et
2709 1256 2811 1310 erit
2847 1258 3119 1312 residuum
3148 1258 3313 1315 Jacob
3345 1262 3397 1317 iu
3439 1262 3606 1317 Deum

2043 1342 2259 1401 fortem.
2320 1363 2340 1398 ι
2400 1345 2517 1413 Quo
2568 1356 2829 1416 tempore,
2872 1348 3085 1419 inquit,
3128 1352 3386 1421 przcdicta
3429 1354 3609 1409 omnia

2044 1445 2230 1492 contra
2280 1447 2636 1493 memoratum
2684 1440 2981 1510 principem
3022 1444 3366 1515 Assyriorum
3394 1484 3409 1511 ,
3450 1460 3612 1516 opere

2044 1526 2494 1596 complebuutur;
2543 1529 2634 1598 qui
2684 1545 2749 1583 ex
2778 1528 3084 1586 Iudaeorum
3131 1534 3328 1604 pupqu
3360 1535 3412 1591 in
3442 1537 3611 1606 capti-

2045 1618 2263 1674 vitatem
2300 1620 2533 1675 abducto
2582 1621 2782 1677 residui
2819 1633 2999 1689 erunt,
3029 1625 3098 1680 ab
3141 1626 3358 1682 inimica
3395 1629 3614 1695 regione

371 1708 481 1763 τῶν
513 1708 799 1770 Ἰουδαίων,
831 1706 933 1777 τῆς
966 1705 1231 1776 πολεμίας
1274 1704 1457 1776 χώρας
1486 1704 1757 1778 ἐλεύθεροι
1787 1708 1941 1776 γενό-

2051 1711 2197 1767 liberi
2231 1714 2540 1777 evadentes,
2588 1723 2640 1767 et
2670 1715 2722 1769 in
2760 1719 3029 1787 propriam
3067 1724 3291 1783 reversi,
3335 1736 3441 1774 non
3470 1722 3613 1774 ultra

378 1818 549 1873 μενοι,
575 1802 668 1854 καὶ
697 1802 776 1863 εἰς
793 1800 891 1871 τὴν
914 1797 1118 1852 οἰκείαν
1142 1797 1544 1862 ἐπανελθόντες,
1561 1798 1744 1851 οὐκέτι
1772 1817 1943 1871 προσ-

379 1894 588 1960 έξουσιν
632 1887 711 1957 οἷς
752 1891 916 1944 πάλαι
940 1893 1226 1963 προσεῖχον
1267 1890 1485 1961 δαίμοσι
1529 1896 1804 1965 πονηροῖς,
1831 1898 1944 1959 τοῖς

377 1985 477 2049 τὰς
496 1984 671 2057 ψυχὰς
695 1984 871 2038 αὐτῶν
891 1984 1189 2055 ἠδικηκόσι,
1209 1984 1303 2037 καὶ⁵
1324 1985 1539 2037 πάντων
1561 1984 1742 2049 αὐτοῖς
1758 1986 1942 2039 κακῶν

372 2078 571 2142 αἰτίοις
604 2077 912 2147 γενομένοις
931 2093 946 2108 ο
974 2077 1109 2130 ἀλλὰ
1135 2076 1215 2148 τῷ
1240 2076 1360 2148 Θεῷ
1397 2076 1582 2129 λοιπὸν
1620 2077 1940 2147 προσέξουσι

374 2168 541 2238 μόνῳ,
578 2168 673 2222 ἅτε
719 2167 965 2239 λυτρωτῇ
1014 2166 1107 2218 καὶ
1154 2165 1367 2236 Σωτῆρι
1419 2163 1599 2218 αὐτῶν
1649 2164 1940 2234 γενομένῳ.

387 2257 716 2330 Ἑπληροῦτο
737 2258 794 2310 δὲ
816 2258 909 2311 καὶ
931 2256 1104 2310 ταῦτα
1128 2256 1265 2327 πρὸς
1302 2254 1448 2321 λέξιν
1477 2254 1619 2309 κατὰ
1650 2254 1830 2326 Κῦρον
1852 2254 1944 2308 τὸν

371 2350 595 2422 Περσῶν
628 2348 868 2420 βασιλέα,
900 2348 959 2412 ὃς
990 2349 1198 2411 πάντας
1232 2348 1402 2419 ἀνῆκε
1423 2348 1548 2410 τοὺς
1571 2348 1629 2400 ἐν
1654 2349 1718 2418 τῇ
1743 2348 1944 2417 αἰχμα-

369 2441 539 2514 λωσίᾳ
585 2441 871 2506 Ἰουδαίους
891 2458 906 2472 ·
946 2440 1068 2494 καθ’
1091 2441 1150 2495 ὃν
1199 2440 1390 2512 καιρὸν
1423 2442 1472 2493 οἱ
1505 2440 1633 2510 περὶ
1660 2439 1751 2492 τὸν
1784 2441 1946 2511 Ζορο-

370 2532 554 2597 ϐάϐελ,
602 2534 696 2586 καί⁵
739 2532 945 2603 Ἰησοῦν
969 2532 1062 2585 τὸν
1103 2531 1197 2585 τοῦ
1238 2531 1488 2585 Ἰωσεδὲκ
1533 2531 1626 2585 τὸν
1664 2532 1815 2604 ἰερέα
1854 2532 1945 2587 τὸν

375 2625 569 2694 μέγαν,
596 2624 649 2677 οἵ
675 2641 734 2676 τε
768 2624 885 2694 ἅμα
910 2622 988 2695 τῷ
1014 2623 1238 2694 Ἔσδρα,
1266 2624 1359 2676 καὶ
1384 2622 1614 2694 Νεεμία,
1637 2623 1736 2694 τῆς
1771 2623 1943 2677 Βαὸυ-

368 2715 537 2778 λῶνος
577 2715 983 2779 ἐπανελθόντες,
1013 2714 1102 2767 τὸν
1133 2714 1259 2768 ναὸν
1290 2715 1539 2785 ἤγειραν,
1564 2714 1657 2766 καὶ
1671 2714 1767 2785 τὴν
1791 2716 1946 2768 πόλιν

370 2805 541 2876 αὐτὴν
565 2806 933 2859 ἁνεκτίσαντο.

448 2914 468 2947 ι
507 2896 615 2949 Καὶ
640 2898 734 2949 ἐὰν
772 2897 994 2966 γένηται
1014 2898 1042 2949 6
1074 2896 1200 2959 λαὸς
1243 2897 1457 2968 Ἰσραὴλ
1476 2897 1609 2969 ὼςή
1646 2897 1827 2967 ἄμμος
1847 2896 1944 2967 τῆς

372 2985 668 3056 θαλάσσης,
717 2986 776 3039 τὸ
806 2986 1150 3057 κατάλειμμα
1200 2986 1379 3040 αὐτῶν
1407 2987 1731 3058 σωθήσεται.
1779 3006 1798 3039 ι
1834 2986 1943 3057 Τὴν

2045 1805 2325 1859 attenderit
2376 1805 2442 1860 iis
2469 1845 2483 1870 ,
2526 1807 2722 1874 quibus
2765 1820 2924 1862 antea
2972 1794 3211 1865 animum
3262 1812 3612 1877 adhibebant,

2044 1896 2381 1954 dzemonibus
2410 1899 2680 1967 malignis,
2712 1902 2804 1971 qui
2850 1904 3059 1959 animas
3095 1920 3224 1961 suas
3256 1905 3528 1975 laeserant,
3560 1919 3627 1963 et

2044 1989 2284 2043 omnium
2324 1989 2427 2043 sibi
2455 1991 2717 2046 malorum
2740 2008 2903 2049 causa
2935 1996 3182 2071 fuerant;
3214 1998 3306 2052 sed
3352 1997 3464 2053 Deo
3498 2008 3614 2052 tan-

2045 2080 2164 2134 dem
2198 2080 2299 2135 soli
2338 2081 2774 2151 applicabuntur,
2807 2095 2991 2154 utpote
3035 2087 3129 2155 qui
3172 2087 3480 2159 redemptor
3513 2090 3614 2144 sibi

2044 2179 2097 2223 et
2134 2168 2394 2224 Servator
2432 2168 2658 2226 eﬂ'ectus
2703 2173 2795 2227 sit.
2829 2172 2952 2227 llaec
2980 2188 3110 2227 vero
3137 2173 3315 2244 reipsa
3348 2175 3613 2246 completa

2044 2271 2165 2316 sunt
2214 2261 2339 2333 Cyri
2400 2262 2689 2317 Persarum
2741 2265 2882 2335 regis
2935 2275 3198 2335 tempore,
3260 2266 3351 2336 qui
3403 2265 3616 2322 Iudaeos

2044 2368 2233 2409 omnes
2262 2354 2315 2408 in
2341 2355 2658 2423 captivitate
2686 2366 2909 2426 agentes
2938 2357 3167 2424 remisit,
3217 2373 3342 2413 cum
3383 2358 3616 2413 Zoroba-

2049 2446 2153 2511 bcl,
2185 2445 2343 2503 Jesus
2389 2448 2530 2502 [ilius
2566 2447 2794 2503 losedec
2833 2446 3101 2502 Sacerdos
3138 2463 3388 2519 magnus,
3421 2459 3477 2503 et
3524 2449 3617 2518 qui

2046 2554 2167 2593 cum
2192 2538 2360 2594 Esdra
2390 2549 2445 2594 et
2466 2538 2725 2594 Nehemia
2756 2546 2932 2604 erant,
2967 2553 3035 2593 ex
3064 2537 3339 2609 Babylone
3374 2539 3616 2605 reversi,

2047 2630 2304 2701 templum
2338 2631 2680 2696 excitarunt,
2727 2630 3025 2701 urbemque
3057 2631 3230 2700 ipsam
3272 2640 3619 2687 restaurave-

2050 2732 2196 2778 τυιιι.

2118 2905 2284 2964 Vens.
2311 2904 2405 2962 22.
2443 2923 2462 2959 ι
2495 2906 2562 2961 Et
2590 2906 2637 2961 si
2674 2905 2839 2960 fuerit
2867 2904 3098 2975 populus
3127 2902 3293 2961 Israel
3324 2904 3466 2960 sicut
3495 2920 3620 2959 arc-

2049 3015 2115 3053 na
2148 2997 2334 3065 maris,
2367 2997 2642 3053 residuum
2671 2994 2789 3065 ejus
2819 2996 3140 3051 salvabitur.
3174 3013 3193 3048 ι
3242 2994 3615 3052 Prontiscuam

376 3079 649 3151 ἄχρηστον
683 3079 885 3149 πληθὺν
921 3080 949 3131 6
977 3078 1131 3147 λόγος
1156 3080 1409 3150 σημαίνει
1455 3079 1549 3133 τοῦ
1595 3079 1801 3143 ἔθνους,
1838 3080 1944 3132 τῶν

2051 3104 2102 3146 et
2128 3090 2372 3147 inutilem
2405 3089 2581 3159 gentis
2610 3088 3006 3143 multitudinem
3034 3127 3050 3153 ,
3086 3101 3206 3156 qua:
3236 3095 3356 3156 post
3388 3086 3617 3143 reditum

380 3170 518 3242 μετὰ
562 3169 662 3242 τὴν
703 3170 954 3224 ἐπάνοδον
987 3170 1085 3242 τὴν
1123 3169 1231 3223 ἀπὸ
1262 3168 1578 3232 Βαϐυλῶνος
1611 3169 1945 3241 οἰκησάντων

373 3262 471 3335 τὴν
502 3262 684 3334 χώραν
715 3260 871 3333 μέχρι
895 3262 1004 3315 τῶν
1044 3258 1364 3332 Ῥωμαϊκῶν
1397 3260 1629 3331 χρόνωνο
1662 3254 1805 3313 οὗτοι
1838 3258 1947 3329 γάρ

370 3350 509 3426 ἦσαν
534 3355 607 3419 ὡς
629 3356 663 3426 ή
686 3354 865 3426 ἄμμος
894 3352 993 3425 τῆς
1016 3352 1310 3424 θαλάσσης,
1332 3351 1390 3419 ἐξ
1420 3344 1495 3405 ὧν
1522 3350 1693 3422 μόνων
1716 3348 1944 3420 διεσώθη

371 3446 430 3499 τὸ
463 3446 841 3517 κατάλειμμα·
875 3446 925 3499 οἰ
967 3444 1026 3512 ἐξ
1062 3445 1239 3498 αὐτῶν
1268 3446 1347 3508 εἰς
1389 3444 1481 3498 τὸν
1512 3442 1746 3515 Χριστὸν
1786 3458 1949 3494 πεπι-

372 3537 656 3601 στευκότες
685 3536 925 3609 μαθηταί
953 3536 1117 3590 αὑτοῦ
1146 3538 1238 3589 καί
1267 3535 1574 3601 ἀπόστολοι,
1607 3534 1700 3587 καὶ
1730 3534 1949 3602 εὐαγγε-

375 3631 517 3682 σταί.
534 3630 774 3701 Ψάμμος
793 3630 900 3701 γάρ
916 3628 1191 3699 θαλάσσης
1211 3628 1272 3681 τὸ
1296 3628 1391 3698 μὲν
1410 3625 1613 3698 πλῆθος
1634 3626 1831 3698 ἀναρίθ
1841 3644 1946 3698 μη-

373 3738 467 3773 τον
488 3719 596 3790 ἔχει
619 3737 633 3751 ·
661 3719 833 3784 ἄλλως
859 3719 913 3773 δὲ
931 3720 1199 3792 ἄχρηστος
1233 3720 1464 3791 ὑπάρχει
1492 3718 1625 3789 πρὸς
1653 3718 1943 3789 γεωργίαν.

391 3813 634 3868 Ἐπειδὰν
676 3809 769 3867 οὖν
795 3815 823 3866 6
856 3812 1002 3876 λαὸς,
1030 3810 1467 3884 φησίν,”’1σραὴλ
1517 3812 1592 3873 εἰς
1624 3809 1825 3881 πλῆθος
1854 3810 1947 3863 άνο

375 3905 673 3977 αρίθμητον
694 3905 853 3977 χυθῇ,
876 3905 1145 3976 ἄχρηστον
1162 3904 1218 3955 δὲ
1238 3902 1462 3975 γένηται
1484 3904 1539 3954 ἐν
1567 3904 1633 3972 τῇ
1653 3901 1793 3955 κατὰ
1816 3900 1946 3953 Θεὸν

374 3997 741 4069 καρποφορίᾳ,
775 3995 1073 4067 τηνικαῦτα
1111 3996 1172 4049 τὸ
1218 3995 1317 4065 μὲν
1365 3993 1565 4063 πλῆθος
1617 3992 1796 4047 αὐτῶν
1842 3992 1947 4045 ἀπ-

372 4087 609 4143 ολεῖται·
673 4088 830 4159 μόνον
891 4087 955 4159 δὴ
1006 4087 1067 4141 τὸ
1120 4085 1470 4155 κατάλειμμα
1532 4083 1710 4137 αὐτῶν
1773 4082 1948 4154 σωθή-

375 4196 549 4255 σεται.

451 4293 471 4326 ι
523 4275 642 4327 Ὅτι
672 4272 828 4342 λόγον
859 4271 1295 4345 συντετμημένον
1317 4272 1520 4345 Κύριος
1546 4272 1760 4345 ποιησει
1789 4272 1846 4325 ὲν
1878 4274 1943 4343 τῇ

376 4366 668 4441 οἰκουμένῃ
691 4366 808 4441 ὅλῃ.
848 4386 866 4418 ι
896 4366 1088 4438 Σαφῶς
1111 4368 1217 4440 ἄρα
1242 4366 1303 4420 τὸ
1330 4365 1660 4436 Εὑαγγέλιον
1691 4364 1790 4435 τῆς
1810 4366 1946 4418 Και-

377 4456 473 4524 νής
501 4454 719 4526 ᾐνίξατο
741 4455 1034 4529 Διαθήκης,
1050 4457 1107 4507 ἐν
1130 4456 1223 4526 ὅλῃ
1244 4458 1309 4527 τῇ
1338 4455 1628 4528 οἰκουμένῃ
1656 4453 1944 4525 κηρυχθέν.

380 4545 653 4616 Συντετμη
664 4547 822 4617 μένος
856 4548 966 4618 γάρ
986 4543 1055 4618 ἦν
1077 4547 1105 4598 6
1135 4547 1291 4615 λόγος
1316 4546 1344 4597 6
1374 4543 1741 4613 εὐαγγελικδς,
1771 4543 1848 4614 τῷ
1873 4544 1946 4615 μὴ

380 4637 647 4707 περιέχειν
683 4638 857 4691 πάντα
882 4638 948 4691 τά
979 4636 1129 4709 παρά
1147 4636 1225 4707 τῷ
1255 4637 1460 4707 Μωῦσῇ
1491 4633 1943 4707 παραγγέλματα.

377 4726 498 4779 Τῶν
522 4727 577 4780 δὲ
601 4728 974 4800 προκειμένων
1009 4728 1187 4799 ῥητῶν
1222 4726 1491 4797 μέμνηται
1523 4726 1616 4779 καὶ
1641 4728 1669 4779 6
1702 4725 1949 4778 Ἀπόστο-

375 4817 488 4881 λος,
524 4818 709 4872 τοῦτον
743 4820 915 4889 λέγων
945 4819 1035 4873 τὺν
1056 4819 1257 4891 τρόπον
1277 4836 1290 4848 ’
1318 4838 1335 4869 ι
1372 4819 1429 4870 '0
1465 4818 1688 4880 Ἡσαΐας
1716 4817 1772 4869 δὲ
1796 4816 1943 4884 λέγει

377 4910 518 4981 ὑπὲρ
555 4909 646 4963 τοῦ
695 4911 937 4984 Ἰσραήλ⁹
994 4911 1120 4965 Ἐὰν
1224 4910 1253 4961 6
1281 4908 1514 4980 ἀριθμὸς
1550 4909 1655 4961 τῶν
1682 4906 1814 4959 υἰῶν
1850 4906 1945 4960 τοῦ

388 4999 602 5072 Ἰσραὴλ
638 5001 713 5065 ὡς
751 5005 784 5074 ἡ
831 5004 1012 5073 ἄμμος
1047 5003 1148 5073 τῆς
1191 5001 1487 5071 θαλάσσης,
1531 5000 1591 5053 τὸ
1634 4998 1946 5069 ὑπόλειμμα

379 5093 701 5163 σωθήσεται.
762 5092 935 5161 Λόγον
1003 5093 1111 5163 γὰρ
1176 5091 1442 5147 συντελῶν
1493 5091 1586 5145 καὶ
1652 5090 1944 5161 συντέμνον

377 5186 592 5256 ποιησει
627 5185 831 5257 Κύριος
862 5188 953 5239 ἐπὶ
978 5186 1076 5256 τῆς
1106 5187 1226 5256 γῆς.
1264 5205 1282 5237 ι

454 5295 472 5327 ι
519 5279 615 5331 Ara
648 5278 805 5331 τοῦτο
836 5279 961 5331 τάδε
994 5277 1139 5345 λέγει
1170 5277 1370 5348 Κύριος
1415 5274 1642 5330 Σαϐαὼθ
1663 5291 1676 5304 ·
1713 5275 1805 5347 Μὴ
1846 5291 1942 5343 φο-

376 5372 495 5434 ϐοῦ.
526 5373 555 5424 6
585 5371 713 5435 λαός
742 5389 862 5443 μου,
898 5373 946 5424 οἰ
982 5369 1361 5432 κατοικοῦντες
1399 5371 1456 5422 ἐν
1487 5367 1646 5432 Σιὼν,
1674 5367 1782 5421 ἀπὸ
1820 5369 1939 5419 Ἀσ-

374 5465 596 5537 συρίων,
615 5465 694 5517 ὃτι
720 5467 777 5517 ἐν
804 5464 983 5535 ράὗδῳ
1029 5460 1255 5529 πατάξει
1275 5477 1355 5515 σε’
1384 5461 1596 5534 πληγὴν
1620 5461 1730 5532 γάρ
1758 5462 1947 5529 ἐπάγω

445 5673 487 5705 ⁸⁸
526 5675 678 5731 liom.
717 5689 770 5729 ix
819 5674 909 5728 27.

2050 3200 2113 3239 ex
2144 3182 2417 3253 Babylone
2451 3196 2624 3250 usque
2652 3179 2716 3233 ad
2755 3178 2998 3233 Romana
3050 3188 3290 3248 tempora
3341 3180 3618 3249 regionem
3680 3203 3691 3211 -

2051 3275 2316 3341 incoluit,
2377 3274 2581 3329 indicat
2635 3272 2992 3344 propheticus
3038 3285 3221 3327 sermo
3265 3290 3279 3326 :
3324 3271 3377 3326 lii
3425 3273 3622 3342 quippe

2048 3371 2203 3417 erant
2224 3362 2370 3416 sicut
2401 3376 2566 3414 arena
2599 3362 2764 3415 maris
2788 3400 2803 3422 ,
2833 3374 3065 3429 quorum
3100 3360 3377 3414 residuum
3410 3372 3618 3417 tantum

2047 3450 2274 3506 salutem
2334 3460 2683 3505 consecutum
2734 3460 2838 3504 est.
2892 3447 2957 3503 Hi
2992 3464 3153 3517 porro
3202 3465 3269 3505 cx
3316 3449 3423 3505 illis
3464 3461 3622 3505 erant

2048 3541 2139 3611 qui
2173 3527 2225 3595 in
2256 3541 2535 3595 Christum
2565 3540 2940 3605 crediderunt,
3003 3540 3254 3608 discipuli
3300 3540 3437 3611 ejus,
3491 3556 3619 3611 apo.

2050 3632 2175 3688 stoli
2217 3641 2271 3688 et
2306 3630 2675 3701 evangelistam.
2712 3629 2847 3684 Nam
2878 3645 3044 3684 arena
3076 3631 3244 3686 maris
3272 3633 3621 3689 multitudine

2047 3719 2265 3789 quidem
2306 3717 2738 3784 innumerabilis,
2771 3733 2955 3772 verum
3015 3719 3223 3775 inutilis
3254 3727 3340 3775 est
3370 3721 3440 3775 ad
3474 3724 3618 3794 agri-

2047 3810 2335 3866 culturam.
2364 3810 2498 3865 Cum
2540 3824 2672 3881 ergo
2700 3809 2927 3881 populus
2961 3809 3148 3875 Israel,
3182 3812 3377 3882 inquit,
3402 3813 3456 3869 in
3484 3815 3621 3869 mul-

2049 3903 2335 3960 titudinem
2379 3903 2727 3958 innumeram
2758 3901 2984 3957 diﬂ'usus
3027 3903 3212 3966 fuerit,
3247 3905 3320 3959 ita
3351 3915 3527 3962 tanien
3564 3916 3622 3961 ut

2049 3995 2251 4050 inutilis
2287 3995 2358 4050 sit
2388 3996 2455 4049 ad
2484 3994 2717 4051 fructum
2760 3998 3056 4051 secundum
3093 3997 3260 4051 Deum
3290 3996 3614 4063 ferendum;

2048 4098 2173 4143 tunc
2202 4087 2489 4142 multitudo
2514 4088 2729 4157 quidem
2756 4101 2943 4141 eorum
2977 4087 3199 4157 peribit,
3252 4102 3317 4142 ac
3350 4089 3478 4143 sola:
3505 4086 3621 4157 ejus

2049 4178 2287 4246 reliquiae
2313 4177 2540 4233 salutem
2576 4187 3001 4245 consequentur.

2117 4268 2280 4325 Vens.
2333 4270 2422 4325 23.
2484 4287 2503 4321 ι
2561 4268 2695 4336 Quia
2747 4271 2974 4325 verbum
3027 4270 3403 4327 abbreviatum
3458 4271 3621 4328 faciet

2054 4362 2311 4417 Dominus
2341 4363 2392 4417 in
2425 4364 2675 4417 universa
2722 4373 2885 4417 terra.
2919 4383 2935 4413 ι
2969 4363 3317 4433 Evangelium
3352 4362 3483 4419 Novi
3515 4363 3619 4419 'I‘e-

2053 4451 2305 4506 stamenti
2339 4451 2484 4506 clare
2529 4452 2838 4507 subindicat
2865 4493 2879 4517 ,
2914 4454 3055 4523 quod
3090 4456 3140 4505 iu
3188 4453 3437 4508 universa
3475 4464 3615 4508 terra

2055 4546 2402 4615 praedicatum
2440 4555 2542 4601 est.
2578 4547 2962 4601 Abbreviatuni
2998 4547 3192 4616 quippe
3235 4555 3354 4601 erat
3396 4546 3615 4601 verbum

2053 4634 2422 4704 evangelicum
2450 4676 2466 4700 ,
2514 4636 2657 4704 quod
2712 4635 2899 4707 omnia
2950 4635 3151 4707 Moysis
3200 4647 3467 4706 praecepta
3511 4651 3615 4690 nou

2052 4703 2526 4797 complecteretur.
2562 4726 2687 4780 Haec
2712 4703 2862 4781 dicta
2912 4703 3305 4781 commemorat
3349 4703 3619 4795 apostolus

2052 4819 2136 4874 his
2178 4820 2357 4873 verbis
2387 4820 2454 4885 ⁶¹,
2492 4837 2513 4869 ι
2546 4819 2744 4873 lesaias
2801 4827 2979 4872 autem
3024 4818 3155 4873 dicit
3207 4822 3273 4873 de
3318 4818 3478 4873 Israel
3516 4818 3615 4873 :Si

2050 4906 2213 4963 fuerit
2272 4923 2528 4963 numerus
2592 4908 2823 4963 filiorum
2886 4907 3053 4962 Israel
3111 4920 3366 4977 tanquam
3446 4922 3613 4962 arena

2052 5000 2256 5065 maris,
2307 4999 2548 5067 reliquiae
2597 4998 2759 5052 salva:
2813 4998 2967 5055 ﬁent.
3016 4995 3252 5053 Verbum
3290 4998 3436 5053 enim
3482 5013 3614 5053 con-

2048 5104 2348 5157 sunnnans,
2381 5100 2433 5144 et
2480 5091 2800 5145 abbrevians
2840 5090 3098 5145 Dominus
3129 5089 3290 5144 faciet
3323 5105 3484 5158 super
3513 5100 3618 5145 ter-

2049 5196 2185 5237 ram.
2224 5200 2243 5233 ι

2122 5270 2283 5329 Vens.
2318 5273 2410 5326 2i.
2454 5270 2789 5341 «Propterea
2851 5270 2965 5326 haec
3014 5270 3145 5326 dicit
3205 5271 3463 5327 Dominus
3507 5273 3609 5327 Sa-

2049 5363 2231 5430 baoth,
2263 5364 2381 5419 Noli
2420 5364 2633 5429 timere,
2664 5363 2857 5435 popule
2904 5379 3076 5431 meus,
3103 5363 3195 5432 qui
3250 5364 3507 5419 habitatis
3556 5364 3608 5420 iu

2052 5459 2205 5526 Sion,
2246 5457 2314 5513 ab
2345 5456 2605 5526 Assyriis,
2633 5457 2758 5526 quia
2808 5458 2861 5513 in
2897 5457 3043 5528 virga
3073 5457 3339 5528 percutiet
3366 5464 3461 5511 te:
3488 5456 3606 5530 pla-
