4068 6198
499 215 602 270 167

1162 209 1431 267 ευεεΒιι
1468 210 1942 269 (ΞΕδΑΒΙΕΝδΙΒ
1979 212 2062 268 0P

2173 211 2350 267 PARS
2383 207 2473 265 ill.
2513 238 2582 249 -—
2622 206 3041 265 EXEGETICA.

3629 219 3728 277 I68

496 345 618 399 gam
648 330 793 383 enim
826 327 1077 382 inducam
1124 343 1285 397 super
1313 337 1386 390 te,
1415 338 1470 381 ut
1511 329 1696 383 videas
1725 328 1865 383 viam
1897 328 2062 399 Egy-

2169 327 2263 380 ὲπὶ
2296 327 2385 389 σὲ,
2421 324 2515 378 τοῦ
2553 325 2684 377 ἰδεῖν
2719 323 2836 377 ὁδὸν
2869 322 3168 392 Αἰγύπτου.
3214 341 3233 373 ι
3276 322 3533 393 Παραιιεῖ
3561 330 3730 385 τοίνυν

494 420 593 489 pti.
621 438 639 471 ι
679 417 937 472 Hortatur
993 419 1177 487 itaque
1227 433 1293 472 ne
1349 419 1535 473 timeat
1578 420 1836 490 Assyrios
1881 437 1894 473 :
1944 434 2067 474 nam

494 516 780 561 venturum
828 506 1044 576 quidem
1099 508 1176 559 ait
1215 522 1403 560 eorum
1443 522 1620 576 regem
1671 518 1726 561 et
1766 508 2068 562 Jerusalem

495 610 930 668 Oppugnaturutn
958 612 1098 662 esse,
1127 607 1183 650 ut
1214 597 1331 665 ejus
1363 597 1551 652 incolae
1591 598 1807 653 brevem
1855 599 2067 670 plagam

494 689 866 758 experiantur,
898 704 995 743 ceu
1034 689 1179 757 virga
1225 688 1498 756 percussi;
1546 698 1601 741 at
1643 687 1791 741 illum
1839 704 1897 743 re
1934 688 2070 743 infe-

496 794 582 837 cta
612 781 904 851 fugientem
934 794 1276 833 reversurum
1304 794 1447 833 esse.
1486 778 1616 845 Quae
1646 795 1777 836 sane
1802 779 2068 850 completa

496 884 641 936 sunt,
676 872 904 927 Ezechia
938 871 1047 925 ﬁlio
1095 872 1277 925 Achaz
1322 870 1373 924 in
1417 869 1712 925 Jerusalem
1759 880 2059 942 regnante:

497 969 586 1035 qui
619 971 702 1020 vir
736 968 836 1020 fuit
866 982 970 1019 non
1010 966 1151 1031 patri
1188 963 1417 1029 similis,
1450 970 1543 1019 sed
1572 966 1750 1031 justus
1790 974 1847 1019 et
1889 967 2068 1020 omnl-

497 1058 653 1115 mode
681 1058 987 1127 religiosus.
1021 1058 1131 1111 Etsi
1171 1057 1352 1127 igitur,
1385 1071 1470 1109 me
1501 1057 1551 1110 id
1584 1057 1948 1125 permittente,
1974 1074 2067 1113 rex

496 1165 686 1205 eorum
719 1153 770 1205 in
810 1162 861 1206 te
912 1152 1213 1218 irrumpat,
1281 1156 1517 1202 attamen
1565 1150 1631 1203 ad
1674 1151 2069 1220 corruptionem

497 1251 707 1295 tantum
742 1243 892 1311 virga
921 1244 1191 1310 percutiet
1225 1250 1297 1305 te,
1346 1254 1450 1293 non
1500 1255 1622 1293 cum
1669 1240 1862 1311 gladiis
1890 1253 1945 1295 et
1974 1242 2069 1294 ha-

497 1331 596 1384 stis
626 1330 821 1385 bellico
854 1345 1003 1385 more
1038 1331 1213 1383 victor
1267 1331 1439 1382 irruet
1491 1327 1543 1381 in
1600 1338 1670 1383 te.
1726 1328 1852 1383 ll:ec
1906 1343 2069 1399 porro

495 1419 665 1489 virgis
700 1418 898 1473 inflicta
930 1419 1023 1472 tibi
1062 1419 1213 1489 plaga
1250 1433 1356 1471 non
1398 1427 1596 1485 praeter
1632 1417 1895 1472 rationem
1931 1419 2065 1472 erit:

495 1528 717 1567 causam
742 1511 939 1581 quippe
961 1526 1061 1564 cur
1092 1510 1318 1581 Assyrio
1344 1526 1660 1567 concessum
1690 1511 1761 1564 sit
1796 1519 1852 1563 ut
1884 1512 2067 1564 mode-

493 1614 611 1658 rata
654 1615 706 1658 te
760 1604 913 1673 plaga
971 1602 1199 1667 alliciat,
1243 1619 1346 1656 non
1399 1605 1614 1673 ignores
1657 1601 2065 1671 oportetzquia

2174 417 2249 489 μὴ
2294 415 2574 485 φοϐεῖσθαι
2620 414 2745 477 τοὺς
2786 414 3134 486 Ἀσσυρίους*
3170 412 3320 484 ἥξειν
3354 414 3453 485 μὲν
3494 415 3597 487 γὰρ
3644 422 3734 476 καὶ

2171 508 2618 581 ἐπιστρατεύσειν
2665 506 2806 561 κατὰ
2847 508 2948 577 τῆς
2989 506 3344 579 Ἰερουσαλὴμ
3402 507 3491 561 τὸν
3543 509 3736 565 τούτων

2173 603 2417 675 βασιλέα,
2448 602 2583 674 πρὸς
2613 601 2673 653 τὸ
2713 599 2970 672 βραχείας
3005 599 3332 670 πειραθῆναι
3363 599 3577 671 πληγῆς
3618 604 3737 666 τοὺς

2171 693 2229 745 ἐν
2270 693 2407 764 αὐτῇ
2451 690 2871 755 κατοικοῦντας,
2920 689 3109 762 ὥσπερ
3158 689 3338 761 ῥάϐδῳ
3379 690 3700 762 παιομένους
3724 708 3736 720 ·

2171 786 2450 857 ἄπρακτον
2482 784 2539 837 δὲ
2574 784 2734 839 αὑτὸν
2768 783 3156 855 ὑποστρέψειν,
3206 786 3349 855 φυγῇ
3382 781 3739 853 χρησάμενον.

2184 876 2514 950 Ἐπληροῦτο
2558 878 2614 930 δὲ
2666 878 2759 931 καὶ
2805 876 2978 930 ταῦτα
3003 877 3095 929 ἐπὶ
3134 876 3375 940 Ἐζεκίου
3423 873 3540 927 υἱοῦ
3583 873 3744 943 Ἀχὰζ

2174 967 2545 1039 βασιλεύοντος
2580 971 2637 1021 ἐν
2677 967 3050 1039 Ἰερουσαλὴμ,
3090 966 3282 1038 ἀνδρὸς
3331 965 3653 1035 γενομένου,
3683 965 3743 1017 οὐ

2174 1057 2316 1111 κατὰ
2365 1057 2457 1110 τὸν
2496 1057 2733 1129 πατέρα,
2772 1056 2980 1109 δικαίου
3019 1056 3076 1108 δὲ
3109 1048 3304 1119 ἄλλως,
3329 1056 3426 1107 καὶ
3471 1050 3744 1121 θεοφιλοῦς

2172 1153 2314 1207 κατὰ
2348 1154 2523 1207 πάντα
2548 1153 2766 1225 τρόπον.
2804 1153 2866 1206 Ei
2893 1152 2985 1205 καὶ
3015 1152 3083 1205 τὰ
3120 1151 3355 1221 μάλιστα
3392 1144 3515 1213 οὖν,
3562 1145 3742 1220 φησιν,

2171 1244 2306 1316 ἐμοῦ
2344 1245 2747 1315 ἐπιτρέποντος,
2784 1246 2879 1298 καὶ
2906 1246 2962 1297 ἐν
2999 1245 3079 1297 σοὶ
3102 1242 3455 1297 ἐπελεύσεται
3486 1241 3513 1292 6
3546 1240 3749 1294 τούτων

2174 1343 2449 1414 βασιλεὺς,
2472 1346 2622 1415 ὅμως
2646 1345 2703 1397 ἐν
2751 1345 2929 1416 ῥάϐδῳ
2960 1330 3353 1415 ἐπιστρεπτικῇ
3400 1341 3641 1408 ⁸κατάξει
3668 1358 3748 1405 σε,

2173 1436 2289 1491 ἀλλ’
2321 1438 2382 1489 οὐ
2416 1434 2643 1507 ξίφεσιν,
2670 1436 2790 1489 οὑδὲ
2815 1436 3003 1508 δόρασι
3026 1434 3262 1506 πολέμου
3292 1434 3451 1505 νόμῳ
3476 1435 3750 1505 κρατήσας

2171 1528 2581 1593 ἐπεξελεύσεται
2622 1546 2723 1584 σοι.
2766 1529 2874 1582 Καὶ
2913 1528 3050 1598 αῦτη
3085 1528 3141 1581 δὲ
3177 1530 3209 1598 ἡ
3247 1527 3333 1580 διὰ
3364 1526 3567 1599 ῥάϐδου
3611 1525 3749 1580 κατὰ

2172 1618 2267 1671 σοῦ
2299 1617 2481 1688 πληγὴ
2513 1618 2611 1670 οὑκ
2641 1618 2793 1669 ἐσται
2824 1617 3165 1688 παράλογος·
3206 1616 3268 1669 τὸ
3296 1617 3403 1687 γὰρ
3447 1618 3618 1669 αἴτιον
3653 1614 3747 1668 τοῦ

494 1694 636 1748 enim
683 1693 783 1747 vite
819 1691 1196 1762 ittngyptum
1235 1693 1410 1746 denuo
1440 1704 1489 1747 te
1522 1691 1865 1755 commisisti,
1896 1690 2062 1745 idolo-

2171 1680 2591 1782 aunmpiq'llilvat
2648 1710 2737 1763 τὸν
2802 1680 3085 1781 Ἀσσύριον
3155 1680 3502 1781 πεπεισμένῃ
3566 1706 3743 1778 πληγῇ

494 1785 662 1839 latria:
710 1786 910 1838 Achazi
970 1793 1211 1852 tempore
1255 1782 1501 1847 deditus;
1537 1784 1655 1839 ideo
1712 1798 1808 1837 vos
1858 1782 2066 1854 Assyrii

492 1875 654 1944 virga:
686 1874 904 1937 tradidi,
939 1884 994 1927 ut
1044 1876 1109 1928 ad
1152 1889 1340 1929 sanam
1390 1883 1626 1929 mentem
1668 1884 1724 1929 et
1756 1878 2069 1928 conversio-

493 1980 613 2017 nem
646 1966 975 2021 reducerem.

562 2272 725 2326 Veas.
754 2273 843 2337 25,
878 2272 967 2326 26.
1011 2292 1028 2323 ι
1054 2273 1244 2327 Adhuc
1272 2275 1416 2328 enim
1479 2272 1776 2342 paululum.
1800 2283 1853 2329 et
1878 2289 2063 2328 cessa-

492 2364 572 2419 bit
604 2365 681 2417 ira
713 2382 725 2415 :
755 2364 910 2417 furor
949 2374 1126 2417 autem
1166 2381 1316 2419 meus
1344 2380 1504 2434 super
1533 2365 1817 2419 consilium
1850 2380 2057 2419 eorum.

488 2454 556 2512 Et
605 2458 887 2511 suscitabit
941 2457 1080 2510 Deus
1137 2473 1299 2525 super
1347 2472 1441 2511 eos
1496 2459 1792 2512 secundum
1848 2458 2060 2528 plagam

489 2552 721 2607 Madiam
761 2556 811 2607 in
841 2553 957 2606 loco
993 2554 1352 2607 tribulationis
1383 2572 1395 2605 :
1423 2564 1476 2607 et
1511 2552 1661 2607 furor
1686 2552 1803 2623 ejus
1829 2554 1882 2608 iu
1919 2555 2060 2608 viam

484 2647 554 2699 ad
594 2659 763 2708 mare,
798 2647 849 2699 in
890 2646 1030 2697 viam
1084 2644 1320 2715 (Egypti.
1355 2664 1373 2695 ι
1412 2644 1467 2699 Si
1504 2645 1723 2713 quidem
1755 2645 1907 2699 vobis
1937 2662 2059 2699 cum

492 2751 619 2806 rege
654 2747 833 2792 vestro
862 2734 1089 2788 Ezechia
1122 2736 1187 2788 ad
1229 2735 1505 2789 meliorem
1540 2733 1751 2804 frugem
1786 2743 2063 2789 reverten-

496 2829 662 2893 tibus,
691 2843 754 2882 ac
786 2826 953 2880 Deum
984 2825 1423 2895 agnoscentibus,
1452 2825 1747 2894 indignatio
1787 2840 1903 2879 mea
1931 2840 2062 2880 con-

492 2932 574 2972 tra
612 2933 708 2971 VOS
742 2932 969 2970 accensa
1019 2913 1252 2970 CCSSﬂbll
1278 2931 1291 2967 2
1322 2930 1405 2968 Ille
1435 2924 1613 2968 autem
1654 2924 1852 2969 vestrae
1897 2916 2058 2970 saluti

490 3008 889 3077 patrocinante,
929 3008 1183 3076 Assyrius
1222 3005 1451 3073 turpiter
1482 3020 1580 3074 per
1609 3014 1845 3061 vestram
1880 3010 2057 3078 regiu-
2089 3043 2132 3105 ο

487 3115 636 3162 nem,
666 3112 870 3166 perque
911 3107 1122 3150 vestras
1165 3098 1326 3150 urbes
1360 3097 1548 3165 fugiet,
1588 3113 1617 3150 a
1649 3096 1769 3152 loco
1801 3100 1854 3153 in
1882 3099 2059 3154 locum

483 3204 608 3245 sese
638 3190 763 3258 fuga
799 3190 1125 3243 Subducens.

560 3305 724 3361 Vens.
752 3305 939 3359 27-33.
960 3303 1055 3357 «Et
1088 3306 1192 3359 erit
1217 3304 1268 3356 in
1301 3305 1385 3359 die
1420 3304 1505 3357 illa
1537 3306 1848 3362 :auferetur
1870 3306 2059 3377 jugum

480 3403 603 3471 ejus
627 3404 696 3457 ab
736 3403 960 3457 humero
986 3410 1095 3466 tuo,
1124 3410 1177 3455 et
1211 3400 1372 3454 timor
1402 3400 1519 3470 ejus
1543 3417 1705 3471 super
1741 3411 1812 3469 te,
1848 3413 1903 3455 et
1937 3418 2063 3456 eur-

484 3508 768 3565 rmnpetur
806 3494 991 3564 jugum
1043 3493 1110 3545 ab
1150 3494 1395 3547 humeris
1441 3495 1659 3549 vestris.
1696 3492 1886 3549 Veniet
1914 3494 2058 3550 enim

486 3590 541 3643 in
579 3590 850 3643 civitatein
882 3587 1070 3658 Anga',
1124 3595 1177 3641 et
1213 3586 1468 3640 transibit
1509 3588 1562 3639 in
1612 3586 1894 3658 Maggetlo,
1924 3597 1979 3641 et
2006 3588 2059 3641 in

483 3680 764 3737 Machmas
798 3688 962 3748 ponet
1006 3693 1131 3731 vasa
1180 3693 1296 3732 sua.
1341 3676 1406 3730 Et
1460 3680 1710 3732 transibit
1755 3680 1973 3745 vallem,
2005 3688 2062 3734 et

482 3774 665 3829 veniet
714 3775 765 3826 in
817 3774 999 3841 Augar.
1033 3770 1222 3823 Timor
1252 3770 1625 3839 apprehendct
1653 3770 1819 3823 llama
1858 3772 2059 3824 civita-

485 3875 592 3919 tem
636 3863 789 3917 Saul.
838 3863 1030 3931 Fugiet
1076 3862 1187 3915 lilia
1232 3860 1453 3927 Gallim,
1485 3861 1735 3915 audietur
1761 3861 1811 3915 in
1849 3862 2056 3918 Laisa:

482 3956 735 4010 audietur
771 3955 822 4008 in
870 3954 1168 4006 Auathoth.
1217 3951 1283 4005 Et
1317 3952 1596 4020 obstupuit
1636 3950 1956 4019 Madebena,
2003 3964 2058 4006 et

482 4047 819 4104 habitatores
848 4045 1056 4099 Gibbir.
1092 4043 1459 4098 Consolatnini
1486 4044 1646 4100 hodie
1668 4045 1719 4099 itt
1748 4046 1831 4100 via
1858 4057 1912 4099 ut
1944 4064 2060 4099 ma-

484 4152 630 4198 neat.
672 4139 1037 4195 Consolatniui
1086 4155 1247 4194 manu
1294 4151 1553 4206 montem,
1590 4141 1757 4195 tiliam
1807 4140 1961 4205 Sion,
1996 4151 2051 4195 et

482 4234 650 4290 colles
690 4234 743 4287 in
790 4229 1111 4288 Jerusalem.
1151 4232 1289 4287 Ecce
1334 4231 1645 4287 dominator
1677 4233 1937 4288 Dominus
1958 4231 2052 4287 Sa-

481 4324 647 4381 baoth
700 4322 1056 4378 conturbabit
1105 4323 1368 4393 gloriosos
1421 4339 1543 4378 cum
1598 4323 1940 4387 fortitudine,
2001 4336 2057 4378 et

482 4415 684 4471 excelsi
728 4412 921 4481 injuria
950 4421 1323 4479 conterentur,
1354 4422 1408 4467 et
1440 4412 1888 4468 Immiliahuntur.
1916 4434 1932 4465 ι
1973 4413 2051 4466 Tu
2086 4397 2129 4450 D

485 4508 704 4577 quippe,
735 4506 811 4559 ait
850 4504 941 4559 ille
981 4505 1234 4575 pupulum
1282 4520 1440 4557 suum
1494 4504 1795 4573 alloquens,
1834 4504 1971 4559 liber
1997 4516 2052 4557 et

482 4597 628 4653 omni
670 4605 814 4649 metu
866 4610 1065 4649 vacuus
1100 4596 1245 4647 eris:
1282 4594 1376 4661 qui
1430 4610 1557 4649 vero
1595 4593 1858 4664 fugiebat,
1904 4596 2053 4664 prius

481 4690 657 4746 veniet
690 4690 744 4742 iu
789 4688 1066 4742 civitatem
1111 4687 1308 4756 Angze;
1356 4686 1482 4738 inde
1512 4700 1640 4739 vero
1672 4686 1836 4740 alium
1886 4687 1939 4739 in
1982 4685 2055 4740 lo-

477 4799 603 4839 cum
652 4780 1064 4851 commigrahit;
1118 4779 1296 4846 ibique
1367 4776 1740 4849 defatigatus,
1802 4779 2052 4834 sarcinas

480 4885 643 4944 ponet
671 4888 798 4928 suas
830 4889 843 4925 :
880 4872 1073 4927 deinde
1109 4871 1271 4925 istinc
1313 4870 1419 4923 alio
1472 4871 1745 4935 transibit,
1782 4871 1923 4923 unde
1959 4886 2052 4923 ve-

481 4969 593 5022 niet
623 4968 676 5022 in
708 4966 895 5021 urbem
921 4980 1080 5035 quam
1121 4974 1321 5019 vocant
1352 4962 1532 5017 Saulis
1564 4980 1578 5015 :
1610 4973 1790 5031 postea
1822 4977 1954 5015 vero
1996 4963 2047 5016 iu

485 5061 649 5114 alium
678 5062 852 5117 locant
885 5081 899 5117 :
927 5073 1092 5133 atque
1124 5064 1202 5117 sic
1231 5062 1460 5131 turpiter
1483 5060 1548 5114 de
1580 5059 1757 5112 medio
1796 5057 2048 5121 tolletur;

484 5164 580 5203 vos
607 5163 784 5204 autem
810 5150 1246 5217 cunsulahimini,
1266 5160 1316 5205 et
1340 5150 1588 5204 solatium
1611 5148 1911 5217 accipietis,
1945 5162 2048 5201 non

482 5242 712 5311 amplius
756 5245 1099 5314 Assyriorum
1144 5244 1276 5313 jugo
1306 5242 1525 5298 subditi.
1558 5240 1629 5296 Ut
1675 5242 1820 5295 enim
1871 5242 1938 5294 ab
1967 5240 2051 5293 in-

480 5343 709 5405 gruente
742 5334 936 5402 illaque
981 5337 1130 5393 brevi
1168 5336 1515 5405 correptione
1558 5350 1663 5388 non
1699 5332 1927 5403 fugiant,
1954 5332 2045 5385 sed

481 5437 856 5497 permaneant,
911 5444 929 5477 t
954 5426 1342 5493 Cunsolamini,
1372 5448 1390 5480 ι
1433 5428 1531 5495 ait,
1583 5444 1602 5477 ι
1636 5425 1801 5479 filiam
1834 5423 1991 5493 Sion,
2026 5442 2042 5474 ι

479 5518 729 5572 videlicet
765 5518 1095 5573 habitatores
1126 5519 1451 5575 Jerusalem.

2168 1799 2476 1869 χρήσασθαι
2514 1798 2654 1852 κατὰ
2682 1798 2775 1851 σοῦ
2808 1799 2882 1870 μὴ
2912 1800 3096 1868 ἀγνόει
3117 1816 3130 1829 ο
3176 1797 3363 1870 ἐπειδὴ
3398 1798 3510 1870 γὰρ
3540 1800 3607 1869 τῇ
3643 1796 3747 1867 ὁδῷ

2166 1891 2441 1961 Αἰγύπτου
2475 1893 2635 1947 πάλιν
2681 1892 2905 1947 σεαυτὸν
2951 1892 3278 1957 ἐκδέδωκας,
3332 1890 3745 1962 είδωλολατρείᾳ

2167 1983 2558 2056 προσεσχηκὼς
2584 1984 2725 2038 κατὰ
2744 1985 2870 2049 τοὺς
2906 1984 3132 2057 χρόνους
3168 1984 3352 2054 Ἀχὰζ,
3373 1983 3564 2037 τούτου
3587 1983 3745 2053 χάριν

2166 2077 2312 2146 ὑμᾶς
2342 2080 2404 2146 τῇ
2435 2075 2615 2147 ῥάϐδῳ
2646 2074 2741 2127 τοῦ
2785 2075 3069 2147 Ἀσσυρίου
3114 2073 3473 2145 παραδέδωκα
3511 2074 3593 2135 είς
3638 2089 3743 2126 σω-

2166 2166 2463 2236 φρονισμὸν
2494 2166 2587 2218 καὶ
2607 2166 2961 2235 ἐπιστροφήν.

2240 2276 2260 2307 ι
2301 2258 2421 2309 Ἔτι
2453 2256 2561 2328 γὰρ
2590 2257 2785 2327 μικρὸν
2817 2260 2911 2310 καὶ
2934 2256 3202 2309 παύσεται
3234 2259 3265 2327 ἡ
3296 2256 3431 2327 ὀργή
3451 2270 3468 2286 ο
3502 2253 3609 2307 όδὲ
3646 2252 3747 2307 θυ-

2166 2350 2264 2420 μός
2301 2366 2401 2419 μου
2435 2350 2529 2401 ἐπὶ
2556 2348 2655 2420 τὴν
2702 2348 2895 2419 βουλὴν
2923 2348 3123 2402 αὑτῶν.
3171 2351 3282 2402 Καὶ
3316 2351 3497 2421 ἐγερεῖ
3535 2351 3563 2402 6
3611 2346 3747 2410 Θεὸς

2162 2443 2248 2494 ἐπ’
2266 2442 2461 2505 αὐτοὺς
2475 2441 2613 2495 κατὰ
2628 2440 2725 2513 τὴν
2755 2439 2970 2511 πληγὴν
2992 2440 3218 2511 Μαδιὰμ
3235 2442 3292 2493 ἐν
3314 2441 3467 2511 τόπῳ
3488 2439 3743 2509 θλίψεωςο

2162 2532 2257 2586 καὶ
2288 2532 2317 2585 6
2350 2532 2518 2603 θυμὸς
2541 2531 2705 2585 αὑτοῦ
2739 2532 2805 2601 τῇ
2836 2529 2939 2600 ὁδῷ
2966 2534 3032 2602 τῇ
3059 2531 3203 2585 κατὰ
3226 2531 3527 2598 Θάλασσαν,
3551 2532 3631 2593 είς
3649 2529 3746 2600 τὴν

2161 2623 2279 2677 ὁδὸν
2327 2625 2426 2696 τὴν
2475 2627 2600 2679 κατ’
2625 2626 2922 2694 Αἴγυπτον.
2960 2646 2978 2678 ι
3033 2624 3467 2680 Μεταϐαλόντων
3498 2623 3599 2694 μὲν
3630 2621 3741 2693 γὰρ

2164 2715 2318 2786 ὑμῶν
2352 2718 2443 2769 ἐπὶ
2470 2716 2540 2770 τὰ
2567 2718 2822 2789 κρείττω,
2871 2719 2964 2771 καὶ
3017 2719 3109 2773 τὸν
3152 2718 3286 2771 Θεὸν
3330 2715 3743 2785 ἐπεγνωκότων,

2164 2806 2279 2877 ἅμα
2304 2807 2381 2877 τῷ
2398 2809 2648 2880 ὑμετέρῳ
2674 2809 2883 2879 βασιλεῖ
2922 2810 3159 2882 Ἐζεκίᾳ.
3184 2812 3277 2863 καὶ
3308 2812 3341 2881 ἡ
3372 2808 3746 2880 ἀγανάκτησις

2167 2918 2268 2973 μου
2303 2903 2337 2972 ἡ
2380 2902 2501 2955 καθ’
2534 2902 2688 2974 ὑμῶν
2728 2902 3026 2957 παύσεται·
3064 2903 3196 2976 ἐμοῦ
3237 2905 3293 2957 δὲ
3330 2905 3432 2974 τῆς
3473 2903 3745 2975 ὑμετέρας

2166 2993 2438 3065 σωτηρίας
2502 2993 3003 3065 ὑπερασπίζοντος,
3064 2992 3317 3062 φεύξεται
3373 2995 3401 3046 6
3462 2991 3747 3063 Ἀσσύριος

2165 3084 2509 3155 ἀσχημόνως,
2557 3084 2643 3138 διὰ
2681 3085 2783 3155 τῆς
2821 3085 3093 3156 ὑμετέρας
3126 3085 3310 3155 χώρας
3354 3084 3448 3137 καὶ
3500 3082 3591 3136 διὰ
3638 3079 3749 3137 τῶν

2165 3177 2446 3247 ὑμετέρων
2470 3177 2676 3231 πόλεων
2701 3177 2863 3231 τόπον
2896 3179 2959 3231 ἐκ
2980 3177 3147 3230 τόπου
3178 3176 3569 3247 διαδιδράσκων

2239 3325 2258 3357 ι
2297 3308 2406 3360 Καὶ
2442 3307 2590 3360 ἔσται
2632 3308 2690 3360 ὲν
2734 3310 2800 3379 τῇ
2837 3308 3024 3379 ἡμέρᾳ
3075 3307 3280 3378 ἐκείνῃ,
3312 3305 3749 3376 ἀφαιρεθήσεται

2164 3397 2372 3466 ὁζυγδς
2403 3398 2567 3452 αὑτοῦ
2602 3399 2707 3453 ἀπὸ
2735 3400 2829 3452 τοῦ
2869 3398 3018 3469 ὤμου
3056 3416 3170 3461 σου,
3203 3399 3295 3452 καὶ
3323 3400 3351 3449 6
3376 3398 3537 3466 φόϐος
3576 3395 3745 3449 αὐτοῦ

2163 3489 2254 3541 ἐπὶ
2279 3488 2395 3552 σοῦ,
2430 3490 2523 3541 καὶ
2556 3489 3034 3561 καταφθαρήσεται
3057 3490 3085 3541 6
3113 3488 3276 3557 ζυγὸς
3306 3488 3413 3541 ἀπὸ
3436 3482 3552 3541 τῶν
3575 3485 3745 3556 ὤμων

2164 3580 2336 3651 ὑμῶν.
2368 3579 2523 3645 Ἥξει
2555 3581 2663 3652 γὰρ
2690 3582 2769 3644 είς
2790 3582 2888 3652 τὴν
2916 3581 3069 3633 πόλιν
3111 3581 3322 3649 Ἀγγαὶ,
3360 3580 3452 3633 καὶ
3478 3578 3746 3651 παρελεύ-

2166 3688 2318 3725 σεται
2345 3673 2424 3735 είς
2460 3670 2750 3740 Μαγγεδὼ,
2783 3672 2877 3724 καὶ
2908 3674 2964 3725 ὲν
2990 3672 3231 3743 Μαχμὰς
3276 3671 3430 3743 θήσει
3458 3671 3525 3726 τὰ
3571 3670 3746 3743 σκεύη

2161 3764 2347 3820 αὑτοῦ.
2408 3764 2519 3817 Καὶ
2553 3764 2947 3835 παρελεύσεται
2986 3766 3281 3837 φάραγγα,
3338 3765 3432 3818 καὶ
3477 3764 3599 3835 ἣξει
3666 3765 3747 3827 είς

2174 3853 2387 3923 Ἀγγαί.
2408 3853 2574 3917 ⁴Φόϐος
2604 3854 2835 3925 λήψεται
2880 3855 3059 3926 Ῥαμὰ
3083 3855 3239 3908 πόλιν
3260 3854 3451 3908 Σαούλ.
3481 3855 3745 3919 Φεύξεται

2161 3945 2407 4018 θυγάτηρ
2437 3945 2675 4015 Γαλλείμ
2696 3961 2709 3976 ο
2747 3945 3113 4001 ἐπακούσεται
3162 3948 3220 4001 ἐν
3265 3948 3463 4013 Λαῖσὰ,
3497 3945 3741 4001 ἐπακού-

2162 4062 2312 4099 σεται
2345 4046 2401 4097 ἐν
2431 4044 2689 4100 Ἀναθὼθ.
2723 4046 2831 4099 Καὶ
2852 4046 3043 4117 ἐξέστη
3073 4046 3384 4117 Μαδεϐηνὰ,
3410 4047 3504 4101 καὶ
3536 4050 3585 4101 οἱ
3609 4063 3743 4112 κατ-

2159 4137 2436 4201 οικοῦντες
2477 4136 2718 4209 Γιϐϐείρ.
2750 4138 3122 4209 Παρακαλεῖτε
3160 4140 3395 4209 σήμερον
3425 4141 3483 4192 ἐν
3512 4138 3623 4210 ὀδῷ
3651 4137 3743 4191 τοῦ

2162 4231 2362 4298 μεῖναι.
2406 4229 2784 4301 Παρακαλεῖτε
2816 4232 2882 4301 τῇ
2914 4230 3056 4301 χειρὶ
3086 4230 3146 4283 τὸ
3178 4230 3303 4301 όρος
3324 4232 3422 4303 τὴν
3463 4232 3749 4303 θυγατέρα

2158 4319 2317 4382 Σιὼν,
2353 4321 2447 4373 καὶ
2477 4321 2526 4373 οἱ
2560 4320 2738 4390 βουνοί
2767 4323 2813 4373 oi
2840 4323 2896 4373 ἐν
2927 4320 3295 4393 Ἰερουσαλήμ.
3332 4323 3462 4376 Ἰδοὺ
3494 4326 3533 4377 ὁ
3561 4322 3752 4378 δεσπό-

2156 4427 2255 4481 της
2277 4410 2478 4482 Κύριος
2512 4410 2736 4464 Σαϐαὼθ
2767 4412 3124 4483 συνταράσσει
3150 4415 3275 4477 τοὺς
3306 4415 3560 4482 ἐνδόξους
3612 4416 3747 4489 μετὰ

2163 4503 2369 4572 ίσχύοςσ
2412 4503 2507 4555 καὶ
2538 4504 2587 4555 οἱ
2616 4502 2808 4573 ὑψηλοὶ
2838 4506 2902 4575 τῇ
2932 4503 3089 4575 ῦϐρει
3137 4507 3614 4579 συντριϐήσονται,
3654 4508 3747 4562 καὶ

2158 4594 2675 4667 ταπεινωθήσονται.
2708 4613 2725 4645 ι
2756 4595 2826 4649 Σῦ
2863 4596 2962 4667 μὲν
2987 4592 3101 4662 οὖν,
3144 4598 3306 4670 φησὶν
3332 4600 3466 4670 πρὸς
3498 4602 3598 4653 τὸν
3620 4599 3744 4653 λαὸν

2158 4685 2345 4749 αὑτοῦ,
2386 4685 2484 4758 ἔσῃ
2516 4685 2801 4758 ἐλεύθερος
2832 4688 2923 4741 καὶ
2951 4690 3150 4752 παντὸς
3179 4689 3605 4761 ἀπηλλαγμένος
3651 4691 3745 4761 φό·

2156 4779 2253 4832 ϐου
2274 4796 2285 4808 ’
2320 4780 2348 4831 6
2382 4778 2439 4832 δὲ
2479 4779 2718 4848 φεύγων,
2756 4779 3017 4851 πρότερον
3056 4780 3155 4851 μὲν
3184 4781 3305 4850 ἦξει
3340 4784 3419 4845 είς
3450 4784 3557 4854 τὴν
3590 4782 3740 4836 πόλιν

2169 4868 2359 4937 Ἀγγαί
2380 4887 2391 4899 ·
2414 4865 2551 4932 εἶτα
2582 4870 2791 4923 ἐκεῖθεν
2814 4870 3207 4942 παρελεύσεται
3229 4874 3309 4937 είς
3336 4875 3522 4945 ἕτερον
3553 4874 3735 4938 τόπον,

2156 4964 2249 5016 καὶ
2272 4962 2574 5033 ἀποκαμὼν
2622 4964 2854 5017 ἐνταῦθα
2888 4964 2955 5017 τὰ
2982 4964 3149 5036 σκεύη
3170 4964 3335 5018 αὑτοῦ
3366 4966 3700 5037 ἀποϐήσεται
3718 4981 3731 4993 ·

2156 5054 2343 5107 ἔπειτα
2376 5054 2691 5125 διαϐήσεται
2747 5055 2995 5109 ἐντεῦθεν
3039 5057 3301 5128 ἀλλαχοῦ·
3355 5058 3609 5112 κάκεῖθεν
3655 5061 3734 5122 είς

2154 5148 2254 5218 τὴν
2299 5148 2634 5218 καλουμένην
2694 5150 2847 5202 πόλιν
2892 5150 3092 5203 Σαούλ·
3132 5146 3249 5203 εἶτα
3292 5154 3369 5215 είς
3424 5153 3610 5225 ἕτερον
3644 5153 3730 5205 τό·

2156 5257 2289 5292 πον·
2347 5242 2440 5294 καὶ
2498 5240 2671 5303 οῦτως
2727 5241 3076 5313 ἀσχημονῶν,
3138 5243 3351 5314 ἀφανὴς
3407 5246 3728 5315 γενήσεται*

2156 5332 2311 5403 ὑμεῖς
2334 5334 2390 5387 δὲ
2413 5333 2961 5406 παρακαληθήσεσθε,
2981 5338 3073 5388 καὶ
3091 5334 3439 5407 παραμυθίας
3454 5336 3727 5402 τεύξεσθε,

2158 5426 2352 5498 μηκέτι
2395 5428 2743 5497 ὑποκείμενοι
2780 5428 2858 5498 τῷ
2879 5427 3027 5498 ζυγῷ
3058 5427 3164 5480 τῶν
3205 5428 3522 5499 Ἀσσυρίων.
3562 5426 3727 5497 ’Υπὲρ

2156 5517 2260 5591 γὰρ
2287 5519 2382 5572 τοῦ
2418 5520 2491 5593 μὴ
2528 5520 2750 5590 φεύγειν
2785 5522 2879 5575 καὶ
2911 5523 3197 5595 καρτερεῖν
3229 5521 3329 5592 τὴν
3365 5522 3500 5593 πρὸς
3548 5518 3728 5587 ὀλίγον

478 5609 907 5681 ἐπελευσομένην
960 5608 1225 5674 παιδείαν,
1277 5629 1294 5661 ι
1346 5608 1755 5680 Παρακαλεῖτε,
1803 5627 1822 5658 ι
1873 5608 2038 5678 φησὶ,
2087 5623 2106 5660 ι
2142 5607 2242 5679 τὴν
2277 5609 2546 5681 θυγατέρα
2611 5611 2769 5676 Σιὼν,
2803 5631 2819 5663 ι
2888 5610 3087 5682 δηλαδὴ
3118 5611 3244 5674 τοὺς
3284 5612 3623 5676 ἐνοικοῦντας
3661 5612 3726 5681 τῇ

508 5700 794 5774 Ιερουσαλή
803 5718 860 5771 μ.
