3976 6194
247 306 354 361 169

1188 305 1682 365 (ΣΟΜΜΕΝΤΑΒΙΑ
1726 306 1794 363 IN
1835 305 2084 364 ISAIAM.
2128 340 2191 349 -
2231 307 2380 363 CAP.
2425 306 2516 364 XI.

3388 313 3490 366 1ῗο

325 438 346 475 ι
387 420 500 474 Καὶ
531 419 819 478 πεσοῦνται
852 422 899 475 οί
938 422 1133 495 ὑψηλοὶ
1174 424 1445 498 μαχαίρᾳ·
1482 428 1512 479 δ
1542 426 1599 479 δὲ
1650 425 1815 481 Λίϐα-

1994 422 2153 478 Vsus.
2185 424 2274 478 54.
2312 440 2330 473 ι
2358 422 2420 477 Et
2481 422 2671 478 cadent
2716 424 2913 478 excessi
2962 423 3136 494 gladio
3215 462 3229 478 .
3255 422 3490 484 Libanns

246 530 340 579 νος
364 516 463 569 σὺν
501 516 603 578 τοῖς
639 513 859 585 ὑψηλοῖς
900 518 1164 570 πεσεῖται.
1203 537 1221 570 ι
1255 518 1395 591 Ὅρα
1427 518 1484 572 δέ
1515 535 1634 590 μοι,
1665 520 1825 582 ὅσους

247 605 347 659 καὶ
376 602 566 668 ὁσάκις
604 603 839 675 ὑψηλοὺς
866 604 1147 677 ὠνόμασεν
1168 622 1183 637 ο
1215 600 1289 659 ὦν
1336 608 1394 661 τὸ
1433 606 1687 679 σύστημα
1743 607 1823 678 τῷ

250 695 492 766 Λιϐάνῳ,
528 696 619 749 καὶ
649 698 770 761 ταῖς
802 698 859 751 ἐν
884 695 1032 767 αύτῷ
1058 696 1419 768 ύψηλοτάταις
1444 699 1656 770 κέδροις
1714 699 1821 767 ἁφ-

251 792 445 861 ομοιοτ.
465 789 553 841 Διὸ
580 789 793 860 εἴρηται
814 788 1076 859 ἀλλαχοῦο
1116 808 1134 841 ι
1168 786 1319 843 Εἶδον
1336 790 1428 845 τὸν
1455 791 1624 863 ἀσεϐῆ
1655 791 1825 862 ὑπερ·

256 881 550 955 υψούμενον
624 880 719 935 καὶ
790 881 1145 955 ἐπαιρόμενον
1183 882 1259 947 ὼς
1310 882 1411 946 τὰς
1467 883 1688 953 κέδρους
1728 882 1823 937 τοῦ

255 947 519 1027 Λιϐάνου·
571 990 591 1025 ι
625 973 719 1026 καὶ
770 974 829 1026 ἐν
1092 973 1289 1028 πάλιν·
1331 993 1351 1025 r
1405 947 1577 1045 Φωνὴ-
1616 974 1823 1047 Κυρίου

254 1063 627 1135 συντρίϐοντος
679 1063 926 1135 κέδρους,
979 1065 1075 1118 καὶ
1128 1064 1401 1133 συντρίϐει
1450 1064 1654 1136 Κύριος
1723 1064 1824 1128 τάς

253 1155 471 1228 κέδρους
520 1150 614 1208 τοῦ
657 1155 920 1210 Λιϐάνουο
973 1158 1068 1211 καὶ
1098 1157 1349 1211 λεπτυνεί
1390 1155 1559 1222 αὐτάς
1602 1158 1679 1223 ώς
1729 1156 1821 1211 τὸν

254 1249 452 1321 μόσχον
479 1246 571 1302 τὸν
597 1246 841 1301 Λίϐανον.
886 1267 906 1300 ι

770 1340 1164 1393 ΚΕΦΑΛΑῙΟΝ
1203 1341 1305 1394 ῐΛ’.

328 1451 348 1484 ι
386 1432 501 1486 Καὶ
549 1430 888 1498 ἐξελεύσεται
933 1429 1124 1503 ῥάϐδος
1154 1432 1217 1485 ἐκ
1260 1432 1358 1503 τῆς
1392 1430 1547 1504 ῥίζης
1591 1430 1816 1496 Ἰεσσαὶ,

252 1522 345 1577 καὶ
400 1522 559 1586 άνθος
619 1523 684 1576 ἐκ
732 1522 833 1591 τῆς
882 1520 1039 1594 ῥίζης
1090 1522 1436 1593 ἀναϐήσεται.
1486 1542 1503 1574 ι
1552 1521 1676 1586 [Ιῶς
1710 1523 1819 1576 τῶν

252 1613 664 1686 προειρημένων
700 1613 956 1667 ἁπάντων
988 1611 1140 1666 ἔσται
1178 1612 1435 1684 συντριϐὴ
1467 1613 1562 1666 καὶ
1590 1613 1815 1678 πτῶσις,

254 1706 584 1777 παρίστησιν
626 1705 782 1775 ἑξῆς,
829 1706 894 1758 ἐκ
941 1704 1097 1775 ῥίζης
1150 1705 1348 1759 Ἰεσσαὶ
1396 1704 1816 1777 προελεύσεσθαι

258 1796 452 1851 ῥάϐδον
479 1795 747 1861 θεσπίζων
765 1814 778 1826 ο
810 1796 933 1866 ἥτις
957 1795 1169 1866 ῥάϐδος,
1199 1796 1407 1860 πάντας
1429 1797 1551 1860 τοὺς
1586 1795 1821 1866 ὑψηλοὺς

258 1886 611 1958 συντρίψασα,
673 1885 1019 1940 ταπεινώσει.
1069 1886 1161 1939 Διὸ
1216 1886 1612 1957 ἐπισυνῆπται·
1652 1905 1671 1938 r
1714 1886 1823 1939 Kal

257 1976 598 2046 ἐξελεύσεται
634 1978 828 2051 ῥάϐδος
852 1979 916 2031 ἐκ
947 1977 1045 2048 τῆς
1085 1977 1241 2049 ῥίζης
1281 1978 1497 2032 Ἰεσσαί.
1531 1997 1550 2031 ι
1598 1978 1745 2033 ’Δντὶ
1763 1978 1821 2033 δὲ

256 2068 376 2134 τοῦ,
418 2089 437 2122 ι
471 2072 536 2124 ἐκ
565 2070 663 2141 τῆς
690 2068 864 2142 ῥίζης,
894 2089 913 2123 ι
942 2098 1010 2108 ——
1042 2088 1061 2121 ι
1100 2070 1209 2124 ἀπὸ
1232 2069 1438 2141 κορμοῦ
1460 2091 1478 2122 ι
1518 2070 1821 2143 συμφώνως

257 2161 606 2231 ἡρμήνευσαν
651 2163 698 2214 οξ
729 2159 921 2214 λοιποί.
968 2159 1079 2213 Καὶ
1121 2159 1231 2232 γὰρ
1278 2154 1411 2231 ἦνή
1460 2161 1601 2232 φυλὴ
1653 2160 1748 2214 καὶ
1787 2162 1822 2234 ή

256 2250 460 2320 πατριὰ
488 2251 545 2317 ἐξ
568 2246 634 2323 ἧς
657 2250 925 2323 προῆλθεν
949 2252 977 2304 ὁ
1008 2250 1217 2322 Σωτὴρ,
1251 2250 1435 2321 ῶσπερ
1467 2268 1553 2315 τις
1584 2252 1819 2323 κορμὸς,

254 2344 452 2417 μηκέτι
494 2345 718 2410 κλάδους
760 2345 921 2416 ἔχων,
958 2345 1045 2399 διὰ
1084 2345 1146 2398 τὸ
1178 2344 1545 2400 ἐκλελοιπέναι
1580 2347 1708 2411 τοὺς
1757 2346 1821 2399 ἐκ

248 2437 501 2508 διαδοχῆς
554 2437 717 2492 Δαυῒδ
750 2438 1003 2510 βασιλέας
1054 2438 1188 2509 μετὰ
1236 2438 1335 2509 τὴν
1389 2440 1469 2503 εἰς
1515 2437 1811 2492 Βαϐυλῶνα

251 2527 654 2600 αἰχμαλωσίαν·
701 2529 781 2583 διό
830 2547 917 2601 μοι
973 2529 1118 2583 δοκεῖ
1148 2530 1350 2601 κορμὸς
1396 2529 1707 2600 ὠνομάσθαι
1760 2527 1824 2582 τὸ

249 2622 390 2676 κατὰ
423 2622 599 2693 σάρκα
630 2621 786 2691 γένος
800 2622 895 2676 τοῦ
912 2620 1097 2685 Δαυτδ,
1122 2614 1183 2675 οῦ
1201 2624 1230 2675 ὁ
1246 2620 1427 2693 πατὴρ
1451 2616 1518 2692 ἦν
1544 2623 1574 2675 ὁ
1604 2620 1820 2675 Ἰεσσαί.

250 2713 355 2767 Τὸν
402 2715 593 2786 χρόνον
634 2715 815 2769 τοίνυν
870 2714 991 2768 καθ’
1021 2714 1081 2768 ὂν
1126 2714 1194 2769 τά
1244 2713 1619 2787 προειρημένα
1646 2713 1820 2778 ἔσται,

247 2804 536 2875 παριστὰς,
590 2807 845 2860 συνάπτει
878 2805 974 2877 τὴν
1001 2807 1080 2870 είς
1105 2805 1423 2877 ἀνθρώπους
1458 2806 1687 2876 πάροδον
1725 2805 1820 2858 τοῦ

248 2895 486 2967 Χριστοῦ
522 2897 728 2968 σφόδρα
766 2896 1055 2968 εὐκαίρως.
1116 2895 1329 2968 Ἐπειδὴ
1369 2895 1478 2968 γάρ
1512 2895 1824 2967 προεδίδαξε

248 2985 338 3038 διά
372 2985 479 3039 τῶν
509 2985 815 3057 ἔμπροσθεν
852 2987 919 3042 τά
953 2988 1208 3062 περὶτῆς
1240 2989 1304 3040 ἐκ
1324 2986 1599 3059 Παρθένου
1634 2987 1827 3055 γεννή-

249 3093 411 3141 σεως.
434 3077 533 3140 τάς
557 3095 614 3131 τε
639 3078 954 3150 ἐπωνύμους
977 3078 1342 3151 προσηγορίας
1375 3076 1482 3131 τῶν
1507 3076 1823 3149 ἐπινοουμέ-
1848 3113 1891 3174 .C

249 3187 360 3223 νων
390 3171 448 3221 ἐν
465 3168 613 3240 αὐτῷ
638 3170 932 3241 δυνάμεων,
964 3169 1272 3234 ἀκολούθως
1308 3170 1400 3224 ἐπὶ
1419 3169 1511 3223 τοῦ
1533 3169 1818 3239 παρόντος,

251 3256 315 3324 ἐξ
352 3259 540 3312 ὁποίου
573 3259 776 3329 γένους,
819 3263 914 3315 καὶ
968 3262 1127 3325 ποίας
1175 3261 1351 3331 φυλῆς
1408 3261 1819 3335 προελεύσεται,

248 3348 411 3403 ὁποῖά
441 3366 500 3402 τε
531 3350 862 3422 κατορθώσει
896 3354 931 3425 ή
968 3353 1049 3417 είς
1098 3351 1420 3425 ἀνθρώπους
1474 3353 1637 3408 αὐτοῦ
1678 3354 1821 3425 πάρ-

249 3440 388 3504 οδος,
423 3446 824 3513 προαναφωνεῖ.

324 3555 344 3588 r
390 3537 500 3590 Καὶ
537 3536 909 3591 ἀναπαύσεται
941 3537 1028 3591 ἐπ’
1053 3537 1218 3593 αὐτὸν
1252 3536 1484 3611 Πνεῦμα
1520 3537 1616 3592 τοῦ
1658 3537 1817 3601 Θεοῦ,

250 3628 469 3700 πνεῦμα
517 3629 708 3699 σοφίας
758 3629 851 3682 καὶ
902 3630 1190 3695 συνέσεως,
1240 3630 1459 3700 πνεῦμα
1500 3630 1692 3702 βουλῆς
1725 3630 1820 3684 καὶ

254 3720 458 3792 ἰσχύος,
502 3721 718 3793 πνεῦμα
747 3720 1004 3790 γνώσεως
1046 3724 1141 3775 καὶ
1184 3723 1497 3787 εὐσεϐείας
1547 3723 1820 3795 ἐμπλήσει

250 3812 417 3866 αὐτὸν
436 3812 649 3883 πνεῦμα
678 3812 844 3882 φόϐου
870 3812 1026 3868 Θεοῦ.
1044 3814 1120 3868 Οὐ
1138 3814 1279 3869 κατὰ
1301 3814 1399 3886 τὴν
1426 3814 1582 3881 δόξαν
1608 3816 1816 3887 κρινεῖ,

248 3903 371 3957 οὐδὲ
400 3906 540 3959 κατὰ
574 3906 672 3976 τὴν
714 3903 905 3958 λαλιὰν
939 3903 1164 3973 ἐλέγξει.
1206 3924 1224 3957 ι
1254 3904 1478 3977 Εὖροιεν
1519 3905 1627 3978 γάρ
1662 3905 1727 3959 ἂν
1767 3906 1817 3959 οἱ

248 3993 496 4057 θέλοντες
512 3995 658 4059 ὅπως
676 3996 704 4049 ὁ
730 3995 919 4068 Σωτὴρ
942 3995 1099 4066 ήμῶν
1126 3998 1220 4049 καὶ
1245 3995 1448 4068 Κύριος
1472 3996 1533 4049 οὐ
1559 3996 1699 4050 κατὰ
1721 3997 1821 4069 τὴν

246 4084 405 4149 δόξαν
431 4085 633 4157 ἔκρινε.
661 4086 902 4159 Μηδενὸς
924 4086 1030 4157 γάρ
1049 4085 1335 4157 πρόσωπον
1361 4085 1651 4156 λαμϐάνων
1682 4086 1815 4157 (16),

248 4176 446 4248 ῆλεγχε
473 4179 568 4232 σὺν
593 4178 877 4250 παρῥησίᾳ
905 4176 1071 4248 πολλῇ
1106 4176 1234 4229 ποτὲ
1270 4176 1369 4247 μὲν
1399 4178 1526 4241 τοὺς
1549 4193 1803 4249 γραμμαν

244 4271 357 4332 τεῖς
383 4270 476 4323 καὶ
499 4270 845 4343 Φαρισαίους,
881 4269 1011 4323 ποτὲ
1042 4269 1097 4323 δὲ
1124 4270 1249 4333 τοὺς
1283 4270 1556 4342 ἀρχιερεῖς
1575 4269 1721 4323 ἔνδον
1757 4271 1816 4325 ἐν

244 4359 325 4432 τῷ
359 4361 491 4432 ναῷ,
517 4356 599 4425 οἷς
644 4363 737 4416 καὶ
790 4361 1005 4431 ἔλεγεν·
1040 4381 1058 4415 r
1107 4361 1425 4434 Ἀρθήσεται
1465 4361 1556 4431 ἀφ’
1578 4361 1734 4433 ὑμῶν
1779 4365 1814 4435 ή

1927 523 2108 569 autem
2143 527 2263 567 cum
2294 513 2520 569 excelsis
2552 515 2731 567 cadet.
2762 535 2782 567 ο
2823 513 2954 569 Vide
2981 514 3114 568 mihi
3158 529 3320 584 quam
3346 530 3490 585 saepe

1925 615 1974 659 et
2009 606 2221 674 quoties
2245 604 2492 660 excelsos
2525 604 2787 670 nominet,
2814 620 3043 675 quorum
3076 615 3278 661 emtum
3322 606 3489 660 Liha-
3516 658 3525 669 ,,

1926 712 1995 751 no
2017 705 2070 751 et
2096 695 2213 763 ejus
2235 694 2511 749 altissimis
2536 696 2714 751 cedris
2741 695 2973 752 similem
3004 696 3156 752 dicit.
3197 695 3378 764 Quare
3405 697 3490 751 di-

1924 798 2068 842 ctum
2121 796 2205 843 est
2255 787 2381 843 alibi
2408 788 2493 841 “z
2529 805 2547 838 ι
2579 785 2698 841 \‘idi
2737 788 2956 857 impium
2990 787 3487 858 superesaltatum,

1922 888 1978 934 et
2020 879 2286 934 elevatum
2338 878 2478 933 sicut
2523 879 2715 933 eedros
2764 877 2989 944 Libani;
3019 897 3038 931 ι
3102 887 3157 933 ει
3201 878 3334 934 alias
3387 878 3493 934 ite-

1924 986 2040 1033 rum
2063 970 2108 1002 ⁸³
2139 986 2153 1022 :
2187 988 2205 1020 ι
2247 967 2361 1023 Vox
2388 969 2595 1024 Domini
2624 969 3016 1042 confringentis
3046 971 3260 1037 cedros,
3285 980 3340 1024 et
3369 985 3494 1026 con-

1923 1059 2112 1130 fringit
2165 1059 2419 1114 Dominus
2451 1060 2643 1114 cedros
2676 1058 2865 1114 Libani
2896 1075 2910 1113 :
2941 1067 2997 1115 et
3028 1060 3360 1116 comminuet
3394 1072 3493 1114 eas

1924 1160 2178 1221 tanquam
2203 1151 2426 1206 vitulum
2454 1150 2738 1207 Libanum.
2767 1169 2786 1204 ι

2532 1334 2765 1392 CAPUT
2802 1334 2894 1391 XI.

1994 1426 2158 1484 Vens.
2177 1429 2230 1484 t.
2272 1446 2292 1481 ι
2323 1427 2390 1484 Et
2414 1428 2723 1497 egredietur
2745 1428 2891 1499 virga
2917 1429 2985 1485 de
3020 1430 3203 1485 radice
3223 1429 3411 1500 Jessze,
3440 1444 3498 1492 et

1919 1517 2018 1575 llos
2064 1521 2130 1576 de
2177 1522 2360 1577 radice
2411 1522 2690 1576 ascendet.
2714 1538 2733 1573 ι
2770 1519 2889 1587 Quo
2916 1531 3071 1591 pacto
3104 1523 3493 1593 pnedictorum

1920 1613 2162 1668 omnium
2191 1614 2450 1668 contritio
2481 1622 2536 1668 et
2568 1612 2721 1666 ruina
2763 1612 2940 1667 futura
2978 1613 3052 1668 sit
3092 1614 3289 1671 deinde
3325 1615 3496 1673 decla-

1924 1711 2047 1766 rat;
2077 1718 2141 1757 ex
2175 1703 2366 1757 radice
2411 1701 2578 1757 Jessa:
2613 1702 2944 1772 prodituram
2975 1704 3179 1775 virgam
3209 1721 3333 1761 esse
3362 1707 3499 1762 vati-

1856 1768 1897 1826 Β
1927 1794 2118 1849 cinans
2148 1812 2161 1849 :
2191 1810 2311 1865 qua:
2334 1794 2481 1865 virga
2519 1809 2711 1851 omnes
2751 1796 3009 1852 sublimes
3044 1808 3289 1853 conteret
3317 1809 3373 1855 et
3397 1800 3496 1853 hu-

1927 1884 2177 1941 miliabit.
2231 1885 2409 1952 Quare
2463 1885 2688 1941 subdit:
2725 1903 2742 1937 ι
2776 1886 2839 1941 Ει
2891 1889 3205 1958 egredietur
3235 1890 3388 1961 virga
3429 1891 3495 1946 de

1926 1976 2105 2033 radice
2138 1975 2324 2032 lesser.
2360 1996 2378 2031 ο
2418 1977 2523 2032 Pro
2559 1978 2651 2033 illo
2692 1989 2891 2045 autem,
2926 1999 2945 2033 ι
3001 1982 3068 2037 de
3123 1982 3327 2047 radice,
3351 2002 3371 2037 ι
3405 1999 3493 2038 τεο

1924 2068 2058 2139 liqui
2120 2083 2310 2124 omnes
2368 2069 2714 2140 interpretes,
2768 2087 2845 2125 ra
2883 2084 3123 2129 trunco:
3191 2086 3494 2132 verterunt.

1925 2160 2140 2216 Etenim
2191 2162 2366 2217 tribus
2409 2172 2464 2217 et
2510 2162 2735 2228 fatiiilia,
2770 2178 2836 2218 ex
2860 2179 2966 2235 qua
2999 2166 3247 2220 Salvator
3269 2168 3492 2237 prodiit,

1926 2265 2022 2306 ceu
2057 2252 2279 2321 quidam
2316 2263 2539 2308 truncus
2566 2262 2701 2321 erat.
2744 2254 2829 2323 qui
2862 2256 3095 2310 nondum
3139 2271 3320 2312 ramos
3360 2260 3496 2313 etni-

1928 2352 2098 2407 serat,
2129 2344 2255 2413 quia
2283 2354 2404 2414 post
2455 2345 2828 2415 captivitatem
2859 2346 2911 2401 in
2935 2344 3233 2418 Babylone,
3263 2363 3330 2404 ex
3363 2364 3495 2406 suc-

1924 2435 2175 2490 cessione
2230 2434 2447 2492 Davidis
2495 2451 2654 2506 reges
2704 2436 3054 2503 defecerant;
3115 2437 3240 2494 ideo
3281 2438 3495 2495 videtur

1927 2524 2058 2579 mihi
2100 2535 2322 2581 truncus
2352 2526 2535 2582 vocari
2583 2542 2754 2597 genus
2804 2528 3024 2583 Davidis
3050 2530 3353 2584 secundum
3379 2544 3495 2586 car-

1926 2630 2069 2680 nem,
2100 2616 2255 2686 cujus
2295 2627 2450 2685 pater
2478 2628 2597 2672 erat
2636 2616 2827 2673 lessze.
2876 2617 3111 2688 Tempus
3166 2619 3350 2690 itaque
3385 2634 3494 2690 quo

1930 2706 2018 2761 illa
2050 2707 2204 2778 prius
2234 2717 2535 2762 memorata
2592 2707 2769 2763 futura
2806 2718 2936 2764 sunt
2968 2709 3273 2775 declarans,
3303 2714 3494 2766 admo-

1931 2798 2059 2852 dum
2087 2806 2392 2867 opportune
2419 2797 2619 2853 Christi
2647 2799 2715 2853 ad
2755 2799 3003 2855 homines
3035 2802 3324 2856 adventum
3364 2801 3493 2857 sub-

1921 2890 2122 2961 jungit.
2150 2888 2285 2957 Quia
2331 2890 2475 2946 enim
2532 2891 2585 2945 in
2616 2892 3041 2960 praecedentibus
3068 2906 3132 2948 ea
3157 2907 3278 2962 quae
3302 2895 3370 2948 ad
3399 2908 3491 2949 or-

1928 2990 2038 3037 tum
2065 2996 2129 3037 ex
2169 2981 2387 3054 Virgine
2432 2982 2752 3054 spectabant
2795 2982 3111 3051 edocuerat,
3141 2993 3306 3057 atque
3330 3000 3489 3042 voca-

1928 3075 2056 3130 bula
2091 3075 2456 3146 intelligibiles
2500 3076 2620 3147 ejus
2667 3076 2897 3133 virtutes
2925 3076 3220 3133 indicantia
3262 3080 3493 3149 protule-

1926 3175 2042 3235 rat;
2073 3176 2467 3239 consequenter
2492 3169 2547 3223 in
2578 3168 2829 3239 prementi
2858 3184 2966 3239 quo
2994 3184 3059 3226 es
3105 3184 3303 3241 genere
3330 3178 3386 3226 et
3419 3185 3491 3226 ex

1924 3275 2029 3329 qua
2063 3260 2230 3325 tribu,
2266 3276 2387 3331 qua:
2440 3275 2604 3332 opera
2666 3262 2784 3331 ejus
2829 3262 2899 3317 ad
2953 3261 3201 3318 homines
3228 3264 3493 3319 adventus

1922 3352 2167 3409 editurus
2197 3354 2289 3421 sit,
2313 3355 2660 3424 praenuntiat.

1992 3534 2155 3592 Vens.
2187 3537 2242 3602 2,
2273 3536 2329 3593 5.
2368 3556 2386 3591 ι
2415 3536 2479 3594 Ει
2524 3539 2825 3608 requiescet
2879 3553 3041 3609 super
3082 3522 3207 3595 euut
3254 3538 3489 3609 Spiritus

1924 3627 2044 3695 Dei,
2096 3629 2319 3698 spiritus
2378 3630 2658 3697 sapientia:
2697 3641 2753 3686 et
2808 3630 3202 3700 intelligentiae,
3255 3630 3484 3700 Spiritus

1921 3720 2135 3777 consilii
2161 3730 2217 3776 et
2249 3720 2603 3781 fortitudinis.
2634 3721 2856 3792 spiritus
2883 3721 3123 3777 scientia:
3159 3730 3215 3776 et
3247 3723 3489 3792 pietatis.

1922 3812 2169 3883 Replebit
2197 3828 2321 3868 eum
2371 3812 2595 3884 spiritus
2648 3814 2857 3871 timoris
2886 3811 3006 3869 Dei.
3042 3811 3160 3869 Non
3192 3814 3410 3869 secundi
3434 3829 3476 3866 η

1919 3904 2231 3975 Opinionem
2279 3904 2580 3970 judicabit,
2632 3918 2808 3973 neque
2872 3905 3167 3959 secundum
3221 3904 3487 3974 loquelam

1918 4002 2128 4063 arguet.
2158 4011 2177 4045 ι
2222 3992 2412 4051 Cuivis
2468 3993 2667 4049 volenti
2727 3993 2889 4049 facile
2934 4002 3018 4049 est
3077 3996 3488 4065 deprehendere

1919 4099 2027 4153 quo
2054 4092 2212 4155 pacto
2236 4083 2493 4139 Salvator
2518 4095 2573 4140 et
2610 4084 2872 4141 Dominus
2905 4096 3111 4150 noster,
3149 4102 3256 4141 non
3289 4102 3489 4143 secun-

1917 4177 2042 4231 dum
2071 4176 2382 4247 opinionem
2413 4175 2715 4254 judicabat.
2766 4176 2973 4233 Nullius
3023 4178 3166 4233 enim
3201 4194 3485 4248 personam

1916 4266 2212 4339 accipiens.
2244 4271 2404 4324 modo
2452 4247 2675 4325 S'cribas
2714 4278 2769 4324 et
2819 4268 3149 4337 Pbarisaeos,
3180 4247 3303 4325 mox
3336 4286 3487 4326 sum-

1920 4373 2035 4413 mos
2061 4359 2344 4429 pontiﬁces
2391 4360 2445 4415 is
2494 4360 2691 4430 templo
2725 4359 2956 4416 fidenter
2985 4362 3266 4431 arguebat,
3288 4363 3487 4432 quibus

248 4453 516 4524 βασιλεία,
543 4455 638 4509 καὶ
660 4454 942 4526 δοθήσεται
970 4454 1109 4507 ἔθνει
1146 4452 1387 4508 ποιοῦντι
1412 4455 1537 4517 τοὺς
1568 4454 1814 4525 καρποὺς

1925 4450 2080 4506 etiam
2139 4454 2253 4507 haec
2310 4452 2523 4508 dicebat
2555 4468 2572 4504 :
2608 4471 2626 4505 ι
2648 4454 2940 4510 Auferetur
2966 4471 2998 4510 a
3032 4454 3184 4509 vobis
3236 4470 3483 4524 regnum,

244 4545 434 4616 αὐτῆς.
477 4564 498 4598 ι
544 4545 681 4599 Ἀλλ’
698 4546 816 4600 οὐδὲ
837 4545 977 4601 κατά
1002 4546 1100 4616 τὴν
1128 4545 1314 4600 λαλιὰν
1343 4546 1571 4617 ῆλεγχεν
1589 4563 1604 4578 ’
1632 4547 1683 4599 οἱ
1716 4547 1815 4618 μὲν

242 4635 354 4706 γὰρ
388 4636 692 4708 προσῄεσαν
709 4636 859 4708 αύτῷ
887 4636 1135 4704 λέγοντες
1154 4654 1168 4668 ·
1201 4656 1220 4689 ι
1250 4636 1563 4702 Διδάσκαλε,
1586 4636 1808 4708 οἴδαμεν

241 4726 327 4780 ὅτι
364 4725 569 4798 ἀληθὴς
602 4722 673 4790 εἴ,
706 4746 725 4779 ι
766 4727 859 4780 καὶ
882 4726 950 4781 τά
974 4725 1119 4797 ἑξῆς.
1159 4727 1217 4781 '0
1242 4726 1298 4781 δέ
1329 4728 1389 4780 ού
1421 4727 1563 4781 κατὰ
1591 4727 1688 4799 τὴν
1715 4726 1811 4781 λα-

241 4816 363 4870 λιάν
392 4817 572 4871 αὐτῶν
599 4818 796 4889 ῆλεγχε
817 4835 831 4849 ο
862 4818 943 4872 διὸ
980 4817 1138 4883 εἰδὼς
1169 4818 1268 4883 τὰς
1300 4820 1562 4892 πονηρίας
1606 4818 1807 4885 αὐτῶν,

240 4908 423 4979 ελεγι·
454 4928 473 4963 (
514 4911 577 4964 Τί
612 4928 680 4982 με
710 4910 1016 4984 πειράζετε,
1050 4910 1372 4983 ύποκριταί;
1402 4930 1422 4963 ι

318 5106 337 5140 ι
379 5088 541 5144 una:
575 5092 752 5163 κρινεί
795 5090 1035 5162 ταπεινῷ
1064 5091 1265 5163 κρίσιν,
1306 5090 1399 5145 καὶ
1429 5089 1638 5159 ἐλέγξει
1689 5091 1814 5155 τοὺς

239 5183 525 5245 ταπεινοὺς
548 5183 647 5254 τῆς
669 5181 794 5253 γῆς,
819 5183 909 5237 καὶ
940 5179 1170 5247 πατάξει
1200 5181 1296 5254 τὴν
1321 5181 1425 5252 γῆν
1457 5181 1535 5252 τῷ
1560 5181 1701 5253 λόγῳ
1721 5181 1815 5235 τοῦ

242 5270 509 5341 στόματος
537 5271 723 5325 αὐτοῦ.
772 5291 791 5325 ι
834 5272 1067 5344 Νοήσιις
1094 5272 1149 5324 δέ
1179 5272 1261 5335 τὸ,
1298 5292 1316 5323 ί
1352 5271 1586 5337 Πατάξει
1608 5273 1709 5344 γῆν
1740 5272 1819 5344 τῷ

1921 4552 1978 4597 ει
2010 4542 2228 4598 dabitur
2258 4543 2404 4614 genti
2441 4544 2663 4601 facienti
2721 4544 2933 4601 fructus
2960 4544 3158 4613 ejus“.
3184 4564 3204 4598 ι
3238 4544 3345 4599 Sed
3382 4562 3481 4600 nec

1920 4636 2214 4691 secundum
2239 4634 2507 4705 loquelam
2536 4637 2800 4708 arguebat
2828 4654 2843 4693 :
2873 4653 2998 4692 nam
3037 4637 3129 4693 alii
3161 4637 3333 4707 ipsum
3368 4636 3483 4690 adi-

1917 4729 2045 4782 bant
2092 4727 2331 4782 dicentes
2388 4744 2404 4782 :
2466 4744 2485 4781 ι
2518 4727 2816 4797 Magister,
2869 4728 3073 4784 scimus
3125 4728 3251 4798 quia
3321 4743 3483 4781 verax

1917 4832 1976 4873 es
2014 4816 2084 4882 ⁸⁸,
2117 4835 2135 4870 ι
2169 4827 2278 4872 etc.
2311 4816 2403 4873 Ille
2436 4833 2564 4873 vero
2613 4834 2719 4873 non
2771 4820 3067 4874 secundum
3097 4818 3364 4888 loquelam
3391 4834 3483 4873 eo-

1918 4920 2035 4959 rum
2062 4907 2362 4976 argnebat:
2394 4920 2565 4976 quare
2593 4922 2797 4977 gnarus
2849 4907 3070 4963 malitia:
3122 4923 3310 4963 eorum
3340 4906 3484 4961 dicc-
3518 4900 3519 4903 “

1920 4998 2056 5055 bat:
2091 5016 2109 5050 ι
2149 4998 2286 5064 Quid
2310 5013 2397 5055 me
2433 5000 2676 5064 tentatis,
2708 5000 3038 5069 hypocrita?
3067 5019 3085 5052 ι

1982 5086 2147 5143 Vsus.
2178 5088 2238 5143 ι.
2273 5107 2293 5142 ‹
2324 5087 2430 5144 Sed
2466 5087 2731 5160 judicabit
2761 5088 2947 5143 humili
2985 5088 3279 5157 judicium,
3308 5096 3363 5142 et
3392 5103 3481 5141 ar-

1910 5190 2037 5252 guet
2069 5180 2300 5238 humiles
2332 5190 2508 5246 teme,
2543 5190 2599 5236 et
2629 5182 2900 5251 percutiet
2926 5192 3127 5238 terram
3164 5178 3341 5234 verbo
3369 5181 3482 5234 oris

1912 5273 2019 5329 sui.
2049 5292 2068 5327 ι
2110 5272 2242 5328 illud
2280 5283 2487 5342 autem,
2548 5292 2569 5325 ι
2602 5272 2878 5330 Percutiet
2926 5284 3128 5330 terram
3173 5272 3336 5328 verbo
3368 5273 3482 5327 oris

237 5359 385 5433 λόγῳ
425 5360 516 5414 τοῦ
548 5362 815 5433 στόματος
847 5360 1034 5428 αὑτοῦ,
1084 5378 1102 5412 ι
1150 5361 1243 5413 καὶ
1275 5360 1467 5426 ἄλλως,
1514 5360 1819 5425 ἐπακούσας

1925 5365 2018 5425 sui.
2068 5384 2088 5419 ι
2145 5364 2430 5434 intelliges,
2477 5364 2523 5420 si
2580 5366 2770 5423 audias
2818 5380 2943 5421 eum
2988 5366 3115 5421 alibi
3180 5366 3478 5430 dicentem,

310 5475 358 5507 “
380 5473 524 5530 Psal.
583 5490 770 5540 xxxvi,
802 5473 893 5529 55.
971 5473 1017 5505 ⁸³
1049 5472 1191 5528 Psal.
1235 5487 1429 5531 xxvnt.
1466 5474 1520 5529 5.
1596 5475 1643 5507 “
1672 5474 1860 5531 Matth.
1894 5491 2008 5541 xxi,
2043 5477 2131 5533 65.
2211 5479 2255 5510 ⁸⁵
2286 5477 2480 5532 Matth.
2515 5491 2651 5546 un,
2681 5477 2763 5533 ιδ.

310 5595 423 5667 (l6)
460 5594 817 5667 Hieronymus
842 5597 909 5651 ad
937 5596 1270 5651 hunclocum
1292 5596 1372 5650 sic
1399 5593 1590 5652 Latine
1612 5596 1798 5653 (ἔνι-ωειλ

242 5665 541 5730 transtulit,
579 5684 611 5736 «ί
645 5665 853 5720 Nullius
890 5683 1034 5721 enim
1074 5680 1358 5734 personam
1405 5667 1603 5736 accipit
1630 5668 1680 5721 in
1705 5668 1799 5735 ju-

239 5738 427 5793 dicio:
454 5739 549 5792 sed
586 5735 800 5790 Scribis
832 5746 887 5791 et
918 5736 1202 5791 Pharisaeis
1237 5751 1300 5793 ac
1334 5735 1667 5808 principibus
1717 5739 1796 5793 lo-

519 5831 795 5893 Ρλτιιοι..
824 5832 943 5893 Gl.
978 5832 1212 5896 XXIV.

1906 5600 2158 5668 quitur...
2231 5599 2507 5667 Aufer-mn
2560 5616 2593 5652 α
2647 5597 2813 5663 vobis,
2868 5614 2887 5649 ι
2947 5606 3003 5655 et
3064 5606 3297 5660 :tetcra,
3356 5605 3478 5665 quae

1906 5685 2043 5741 pene
2075 5673 2141 5727 ad
2171 5674 2396 5727 verbum
2426 5670 2517 5727 ille
2542 5668 2909 5735 prosecuitur.

3111 5835 3148 5893 6
