4068 6198
479 296 573 349 ΠΙ

1143 292 1411 350 EUSEBII
1452 294 1925 351 CESARIENSIS
1964 296 2112 352 OPP.
2156 297 2335 353 PARS
2374 298 2459 355 Ill.
2500 332 2568 343 —-
2608 299 3015 359 EXEGETICA.

3624 308 3731 361 IT!

480 439 497 471 ι
535 416 711 470 Nolite
744 421 935 482 putare
958 412 1101 483 quod
1130 414 1374 469 venerim
1407 428 1592 483 pacem
1637 416 1851 469 mittere
1881 430 2033 482 super

2145 419 2309 471 αὑτοῦ
2342 418 2609 487 λέγοντος,
2645 438 2664 471 ι
2694 421 2785 492 Μὴ
2818 421 3100 492 νομίσητε,
3137 422 3220 476 ὅτι
3253 418 3417 494 ἦλθον
3445 424 3620 495 βαλεῖν
3645 434 3721 483 εί-

477 521 705 562 terram:
740 523 845 561 non
883 506 1001 560 veni
1034 521 1221 574 pacem
1251 508 1487 571 mittere,
1519 509 1611 563 sed
1648 507 1884 578 gladium
1917 511 1985 565 ⁸⁸.
2017 530 2036 563 ι

471 602 692 656 Gladius
720 613 899 655 autem
931 611 1052 655 erat
1079 602 1303 656 verbum
1337 600 1450 655 oris
1506 601 1642 671 ejus,
1692 618 1800 671 quo
1842 612 2041 657 terram

470 704 523 745 et
551 704 794 747 terrenos
843 707 1051 755 eorum,
1098 692 1189 761 qui
1223 692 1276 746 in
1303 691 1475 760 ipsunt
1524 694 1889 757 crediderant,
1916 710 2042 749 sen-

471 800 565 840 sus
596 787 661 839 de
695 786 871 839 medio
905 784 1144 839 tollebat.
1200 804 1218 835 ‹
1250 784 1319 838 Ει
1350 784 1403 838 in
1436 785 1627 853 spiritu
1656 801 1751 850 per
1789 785 1929 842 labia
1960 788 2042 841 in-

471 878 699 933 terficiet
750 877 993 945 impium.
1037 874 1392 933 rlnterliciet
1443 877 1690 945 impium,
1739 875 1931 931 atheos
1979 892 2044 933 ac

471 970 660 1038 impios
690 970 959 1021 dmutones
986 969 1037 1021 in
1069 966 1261 1036 spiritu
1300 967 1585 1035 increpans
1606 978 1661 1022 et
1695 969 1884 1039 procul
1919 970 2040 1025 abi-

468 1080 601 1133 gens
630 1066 797 1119 verbo
830 1079 924 1131 per
951 1062 1088 1116 labia
1125 1061 1293 1128 ipsius
1320 1060 1570 1129 prolato;
1620 1062 1691 1115 ita
1731 1072 1790 1116 ut
1820 1063 1892 1116 illi
1923 1062 2042 1117 cla-

469 1168 615 1213 utent
648 1170 702 1212 et
742 1158 943 1218 dicant,
984 1175 1001 1207 ι
1035 1154 1171 1223 Quid
1196 1153 1350 1207 nobis
1393 1165 1448 1209 et
1486 1156 1607 1219 tibi,
1637 1155 1736 1209 Fili
1769 1155 1906 1210 Dei?
1950 1171 2043 1210 ve-

467 1251 595 1305 nisti
644 1260 771 1305 ante
829 1260 1039 1315 tempus
1070 1261 1321 1319 torquere
1377 1264 1494 1303 nos.
1552 1246 1809 1301 Novimus
1840 1255 1891 1300 te
1917 1247 2038 1316 quis

464 1348 559 1411 sis,
592 1355 812 1400 sanctus
840 1344 930 1398 Dei
962 1344 1027 1396 5".
1060 1363 1078 1395 ι
1570 1408 1577 1417 ,

535 1437 701 1491 Vens.
733 1437 786 1491 5.
830 1454 847 1486 ι
876 1437 938 1489 lit
980 1436 1085 1490 erit
1120 1436 1329 1504 justitia
1380 1435 1592 1488 cinctus
1630 1433 1842 1487 lumbos
1886 1446 2033 1495 suos,

464 1539 518 1585 et
553 1530 782 1585 veritate
812 1529 1235 1583 cireumvolutus
1266 1529 1432 1582 latera
1465 1542 1579 1581 sua.
1616 1547 1634 1580 ι
1665 1525 2033 1591 Quemadmo-

464 1623 589 1675 dum
635 1621 778 1676 enim
825 1636 916 1675 rex
950 1636 1084 1674 zona
1126 1636 1310 1685 aurea,
1360 1628 1415 1675 et
1458 1619 1728 1689 lapidibus
1783 1618 2035 1686 pretiosis

464 1713 841 1783 praecingitur,
873 1712 950 1766 sic
992 1722 1045 1765 et
1084 1712 1131 1766 ei
1167 1714 1256 1780 qui
1309 1712 1361 1765 in
1406 1711 1684 1781 prophetia
1724 1710 1899 1765 fertur
1938 1726 2032 1763 zo-

466 1822 589 1861 nam
624 1804 1150 1873 assignatjustitiam
1185 1815 1239 1857 et
1262 1804 1570 1857 veritatem.
1592 1801 1836 1858 Ilisitem
1871 1802 2031 1857 Verbi

462 1900 636 1954 duitas
670 1899 888 1967 intelligi
931 1908 1128 1968 potest.
1174 1898 1292 1967 Ipse
1319 1896 1515 1967 quippe
1555 1905 1675 1950 erat
1702 1895 1940 1963 justitia,
1975 1903 2033 1948 ut

462 1995 622 2050 docet
649 1992 938 2062 Apostolus
986 1992 1071 2047 his
1119 1992 1321 2055 verbis,
1370 2010 1387 2042 ι
1417 1990 1515 2057 Qui
1550 1988 1724 2043 factus
1754 1999 1839 2043 est
1880 1987 2033 2043 nobis

462 2087 727 2155 sapientia
758 2102 786 2139 a
831 2084 957 2143 Deo.
995 2084 1201 2152 justitia
1233 2097 1453 2152 quoque
1482 2090 1535 2135 et
1565 2080 1948 2140 sanctiﬁcatio,
1981 2088 2033 2131 et

462 2175 763 2244 redemptio
786 2173 851 2226 “.
882 2191 899 2224 ι
942 2172 1057 2240 Ipse
1090 2186 1305 2239 quoque
1342 2168 1602 2222 Servatur
1627 2169 1679 2222 in
1719 2167 2033 2237 Evangeliis

461 2264 664 2317 dixisse
680 2262 957 2323 scribitur,
983 2280 1000 2311 ι
1034 2259 1143 2329 Ego
1169 2275 1288 2311 sum
1310 2259 1422 2322 lux,
1440 2258 1711 2312 et‘veritas
1728 2268 1781 2312 et
1800 2258 1904 2309 vita
1929 2258 2025 2309 θ’.»

462 2355 588 2409 Haec
634 2354 820 2424 igitur,
858 2352 1057 2407 veritas
1087 2351 1296 2405 scilicet
1330 2360 1385 2403 et
1422 2348 1635 2416 iustitia
1670 2349 1808 2417 ejus,
1840 2349 1930 2417 qui
1964 2364 2029 2401 ex

460 2447 645 2501 radice
690 2445 859 2501 Jesszn
900 2444 1199 2515 prodierat,
1260 2442 1707 2512 constringebant
1758 2440 1930 2494 latera
1978 2450 2033 2495 et

461 2539 673 2594 lumbos
699 2541 753 2591 in
792 2536 937 2607 regio
976 2544 1029 2590 et
1076 2532 1297 2588 militari
1341 2533 1525 2587 habitu
1554 2575 1569 2599 ,
1606 2547 1857 2587 sermone
1918 2532 2034 2599 ejus

462 2644 648 2687 contra
677 2629 916 2687 occultos
937 2639 990 2685 et
1031 2625 1331 2682 invisibiles
1368 2626 1551 2681 hostes
1584 2631 1901 2696 apparatum
1936 2625 2033 2679 de-

461 2728 723 2784 olarante.

534 2905 697 2961 Vsus.
731 2905 785 2960 6.
834 2923 852 2955 ι
881 2903 950 2957 Ει
986 2902 1144 2957 simul
1200 2909 1384 2970 pascet
1433 2898 1589 2969 lupus
1616 2914 1739 2955 cum
1776 2911 1938 2969 agno,
1979 2908 2033 2953 et

464 2998 662 3068 pardus
693 3010 813 3049 cum
846 2995 997 3048 haedo
1033 2995 1356 3049 accubabit:
1386 3002 1439 3048 et
1469 2992 1691 3056 vitulus,
1725 3001 1780 3045 et
1826 3002 2033 3057 taurus,

462 3099 516 3142 et
543 3093 626 3143 leo
654 3088 814 3143 simul
845 3097 1094 3156 pascent,
1126 3096 1179 3141 et
1217 3100 1350 3155 puer
1377 3086 1636 3155 parvulus
1666 3094 1791 3154 aget
1820 3100 1947 3141 eos:
1978 3093 2034 3139 et

2154 512 2319 583 ρήνην
2370 513 2461 565 ἐπὶ
2490 513 2585 583 τὴν
2614 512 2737 583 γῆν·
2772 517 2872 568 οὐκ
2902 510 3064 585 ἦλθον
3098 514 3277 585 βαλεῖν
3309 520 3553 591 εἰρήνην,
3592 522 3727 579 ἀλλά

2153 602 2446 673 μάχαιραν.
2484 622 2502 654 ι
2528 604 2783 674 Μάχαιρα
2806 604 2861 657 δὲ
2890 601 2956 675 ἦν
2984 607 3012 658 ό
3031 604 3186 674 λόγος
3210 606 3304 660 τοῦ
3336 609 3600 681 στόματος
3633 615 3729 666 αὑ-

2148 693 2264 759 τοῦ,
2292 693 2358 746 δι’
2383 687 2443 746 οῦ
2471 693 2568 766 τὴν
2600 694 2703 764 γῆν
2736 694 2830 747 καὶ
2854 694 2921 747 τὰ
2952 695 3125 767 γεώδη
3168 701 3491 771 φρονήματα
3518 702 3626 757 τῶν
3649 707 3730 768 είς

2148 784 2307 837 αὑτὸν
2346 786 2783 838 πεπιστευκότων
2812 785 3022 857 ἀνῄρει.
3062 806 3081 838 ι
3128 789 3236 842 Kal.
3267 791 3324 843 ἐν
3354 791 3730 864 πνεύματιδοὰ

2148 876 2367 947 χειλέων
2422 878 2597 932 ἀνελεῖ
2639 878 2828 949 ἀσεϐῆ.
2873 898 2892 930 ι
2921 864 3141 973 ’Ἃνελεῖ
3164 882 3343 938 τοίνυν
3375 884 3568 956 ἀσεϐῆ,
3615 891 3729 950 τοῖς

2147 967 2327 1031 ἀθέοις
2362 970 2453 1021 καὶ
2478 968 2696 1022 ἀσεϐέσι
2724 969 2972 1039 δαίμοσιν
3005 967 3273 1042 ἐπιτιμῶν
3320 974 3399 1045 τῷ
3432 976 3725 1047 πνεύματι,

2148 1060 2241 1115 καὶ
2269 1058 2485 1132 μακρὰν
2506 1059 2702 1124 αὐτοὺς
2725 1059 2965 1114 ἐλαύνων
2990 1060 3066 1131 τῷ
3085 1061 3174 1117 διὰ
3189 1062 3296 1115 τῶν
3315 1064 3536 1134 χειλέων
3562 1066 3726 1120 αὐτοῦ

2147 1153 2537 1223 προφερομένῳ
2566 1152 2726 1223 λόγῳ
2763 1153 2838 1217 ὡς
2866 1152 2995 1223 βοᾷν
3032 1154 3226 1216 αὐτοὺς
3252 1155 3346 1208 καὶ
3378 1155 3573 1225 λέγειν·
3603 1176 3622 1208 ι
3661 1158 3726 1217 Τί

2145 1245 2276 1316 ἡμῖν
2309 1248 2404 1299 καὶ
2456 1248 2558 1312 σοὶ,
2596 1245 2697 1305 Υἱὲ,
2717 1245 2809 1299 τοῦ
2837 1245 3005 1311 Θεοῦ;
3053 1242 3216 1317 ἦλθες
3256 1248 3362 1319 πρὸ
3394 1249 3587 1321 καιροῦ
3631 1250 3728 1321 βα-

2146 1336 2359 1391 σανίσαι
2385 1339 2550 1419 ἡμᾶς.
2577 1339 2808 1410 Οῖδαμέν
2835 1355 2893 1392 σε
2921 1339 3004 1401 τίς
3036 1334 3106 1403 εἴ,
3140 1342 3169 1393 ό
3196 1338 3348 1408 ἆγιος
3380 1340 3472 1413 τοῦ
3502 1341 3661 1395 Θεοῦ.
3698 1361 3719 1395 ι

2221 1446 2239 1478 ι
2263 1430 2373 1482 Καὶ
2391 1430 2541 1483 ἔσται
2563 1430 2873 1502 δικαιοσύνῃ
2898 1431 3202 1503 ἐζωσμένος
3217 1432 3314 1504 τὴν
3343 1434 3513 1503 ὀσφὺν
3534 1434 3721 1521 αύτοῦ,

2143 1519 2235 1573 καὶ
2270 1520 2496 1592 ἀληθείᾳ
2521 1521 2803 1593 εἰλημένος
2830 1522 2928 1588 τὰς
2968 1522 3206 1593 πλευρὰς
3245 1524 3433 1581 αὑτοῦ,
3464 1545 3483 1577 ι
3514 1519 3727 1597 Ὠσπερ

2142 1612 2249 1683 γὰρ
2284 1612 2536 1683 βασιλεὺς
2568 1614 2709 1687 ζώνῃ
2731 1619 2906 1687 χρυσῇ
2936 1616 3029 1669 καὶ
3049 1614 3213 1681 λίθοις
3249 1616 3561 1672 πολυτελέσι
3587 1618 3724 1684 ζών-

2141 1722 2318 1767 νυται,
2335 1705 2425 1759 τὸν
2450 1706 2610 1761 αὑτὸν
2627 1708 2826 1779 τρόπον
2856 1709 2951 1760 καὶ
2972 1708 3050 1779 τῷ
3070 1711 3530 1782 προφητευομὲνῳ
3546 1710 3723 1783 ζώνην

2070 1783 2111 1838 Β
2136 1797 2385 1869 ἀφορίζει
2415 1798 2512 1869 τὴν
2537 1798 2883 1871 δκαιοσύνην
2926 1800 3020 1853 καὶ
3058 1780 3154 1873 την
3179 1800 3455 1872 ἀλήθειαν.
3490 1780 3721 1857 Δυνατδν
3820 1780 3825 1785 ’

2136 1888 2192 1941 δὲ
2221 1889 2308 1943 διά
2344 1890 2547 1944 τούτων
2576 1892 2670 1945 καὶ
2708 1891 2806 1963 τὴν
2857 1892 3083 1962 θεότητα
3122 1892 3215 1945 τοῦ
3251 1893 3425 1961 Λόγου
3463 1894 3716 1951 νοεῖσθαι·

2136 1982 2297 2045 αὐτὸς
2316 1981 2424 2054 γὰρ
2451 1978 2518 2053 ἦν
2548 1985 2581 2055 η
2608 1983 2945 2055 δικαιοσύνη,
2963 1984 3039 2047 ὡς
3063 1984 3301 2038 διδάσκει
3329 1986 3501 2055 λέγων
3522 1990 3550 2040 ὁ
3568 1987 3718 2041 Ἀπό-

2138 2075 2341 2137 στολος·
2379 2094 2397 2127 ι
2439 2073 2536 2139 ’⁸ος
2567 2076 2797 2148 ἐγενήθη
2832 2079 2963 2147 ἡμῖν
2999 2078 3160 2146 σοφία
3188 2078 3296 2131 ἀπὸ
3321 2078 3477 2143 Θεοῦ,
3511 2079 3718 2133 δικαιοη

2138 2166 2270 2235 σύνη
2300 2184 2357 2219 τε
2400 2168 2492 2219 καὶ
2522 2169 2807 2239 ἁγιασμὸς,
2835 2170 2926 2222 καὶ
2945 2169 3335 2241 ἀπολύτρωσις.
3372 2190 3391 2221 ι
3431 2171 3539 2224 Καὶ
3559 2172 3722 2236 αὐτὸς

2135 2255 2192 2307 δὲ
2219 2258 2246 2308 ὁ
2270 2256 2457 2329 Σωτὴρ
2492 2261 2549 2311 ἐν
2594 2259 2947 2328 Εὑαγγελίοις
2998 2260 3237 2331 εἰρηκὼς
3281 2262 3716 2333 ἀναγέγραπται,

2141 2365 2158 2397 ι
2202 2348 2342 2417 Ἐγώ
2381 2352 2494 2420 είμι
2522 2350 2583 2403 τὸ
2611 2351 2744 2420 φῶς,
2767 2352 2863 2405 καὶ
2889 2355 2921 2422 ἡ
2948 2353 3193 2423 ἀλήθεια,
3218 2354 3313 2407 κοιλ⁹
3333 2355 3365 2425 ἡ
3389 2353 3522 2427 ζωή.
3564 2375 3582 2407 ι
3611 2348 3718 2407 Λῦ-

2134 2454 2223 2491 ται
2258 2439 2435 2493 τοίνυν
2465 2443 2497 2513 ή
2524 2441 2751 2514 ἀλήθεια
2791 2444 2884 2497 καὶ
2913 2446 2946 2514 ἡ
2990 2443 3305 2518 δικαιοσύνη
3345 2445 3436 2499 τὸν
3466 2450 3529 2500 ἐκ
3562 2447 3720 2521 ῥίζης

2149 2530 2345 2586 Ἰεσσαὶ
2376 2550 2764 2606 περιεσφιγγον
2788 2537 3023 2609 πλευρὰς
3054 2540 3147 2592 xa‘t
3180 2541 3350 2609 ὀσφὺν
3382 2542 3438 2595 ὲν
3457 2541 3721 2614 βασιλικῷ

2136 2624 2229 2677 καὶ
2276 2626 2334 2679 ἐν
2384 2627 2758 2698 στρατιωτικῷ
2808 2631 3067 2700 σχήματι,
3093 2631 3153 2684 τὸ
3182 2630 3322 2685 κατά
3358 2631 3467 2685 τῶν
3497 2634 3720 2703 ἀφανῶν

2068 2716 2075 2721 ’
2137 2714 2229 2768 καὶ
2260 2716 2507 2787 ἀοράτων
2545 2717 2820 2771 πολεμίων
2861 2721 3195 2793 παράστημα
3222 2722 3389 2775 αὑτοῦ
3426 2723 3719 2794 ἐμφαῖνον-

2137 2822 2227 2868 τος
2250 2806 2345 2858 τοῦ
2378 2805 2561 2874 λόγου.

2215 2916 2232 2949 t
2270 2899 2377 2951 Kat
2429 2899 2944 2973 συμϐοσκηθήσεται
2991 2902 3155 2968 λύκος
3205 2904 3344 2975 μετὰ
3387 2906 3570 2978 ἀρνὸς,
3624 2909 3717 2962 καὶ

2138 2991 2403 3063 πάρδαλις
2433 2995 2906 3049 συναναπαύσεται
2949 2998 3141 3068 ἐρίφῳ·
3174 2999 3268 3052 καὶ
3307 3002 3595 3072 μοσχάριον
3625 3004 3715 3055 καὶ

2136 3085 2335 3156 ταῦρος
2383 3086 2477 3139 καὶ
2526 3086 2661 3141 λέων
2696 3088 2812 3158 ἅμα
2862 3090 3313 3162 βοσκηθήσονται,
3363 3094 3455 3145 καὶ
3508 3094 3715 3147 παιδίον

463 3182 559 3235 bos
586 3191 639 3235 et
668 3195 827 3234 ursus
856 3196 959 3233 una
996 3191 1310 3249 pascentur,
1344 3186 1398 3233 et
1433 3177 1595 3232 catuli
1626 3192 1813 3232 eorum
1873 3176 2032 3231 simul

2138 3151 2330 3251 μικρὸν
2361 3179 2476 3245 ἄξει
2502 3180 2716 3244 αὐτούς’
2738 3151 2835 3235 καὶ
2858 3151 2983 3252 θοῦς
3144 3151 3345 3254 ἄρκτος
3374 3186 3488 3256 ἅμα
3521 3187 3716 3258 βοσκη-

462 3282 643 3337 erunt,
697 3282 754 3326 et
798 3272 880 3326 leo
930 3271 1081 3339 quasi
1140 3270 1236 3323 hos
1277 3270 1530 3323 comedet
1577 3267 1780 3339 paleas.
1829 3286 1848 3320 ι
1896 3266 2029 3336 Lupi

462 3368 678 3437 quidem
702 3367 842 3420 inter
870 3364 1117 3419 homines
1154 3373 1278 3417 sunt
1306 3361 1407 3415 viri
1436 3376 1660 3433 rapaces
1686 3381 1699 3417 :
1732 3377 1759 3414 a
1792 3361 2031 3432 nequitia

460 3472 592 3512 vero
625 3472 720 3512 sua
747 3456 1086 3523 resipiscent,
1137 3453 1210 3506 ita
1256 3461 1314 3506 ut
1360 3468 1480 3507 cum
1538 3453 1690 3523 agnis
1718 3451 1937 3505 mitibus
1981 3462 2037 3505 et

460 3549 758 3606 mansuetis
788 3562 976 3603 eorum
1007 3544 1201 3598 animae
1234 3543 1334 3599 sub
1365 3560 1471 3599 uno
1496 3544 1747 3599 Ecclesiae
1777 3544 1905 3599 ovili
1936 3542 2034 3597 de-

459 3654 608 3717 gant.
642 3644 746 3699 Alii
777 3660 908 3700 vero
942 3644 1097 3713 longe
1126 3642 1496 3707 immaniores,
1528 3651 1689 3711 atque
1736 3642 2032 3695 vehemen-

463 3749 548 3792 ter
580 3736 787 3792 ell‘erati
819 3736 938 3799 viri,
966 3735 1097 3789 nihil
1124 3750 1151 3787 a
1196 3733 1380 3803 pardis
1405 3734 1800 3801 discrepantes,
1841 3731 2033 3785 bellum

465 3829 797 3884 ferocitatem
828 3828 1180 3893 deponentes,
1210 3838 1318 3877 una
1345 3838 1464 3876 cum
1493 3822 1660 3876 haedis
1684 3822 2033 3890 simpliciori-

461 3922 561 3975 bus
586 3936 650 3975 ac
682 3918 983 3973 mitioribus
1007 3913 1477 3970 accubabunt.Alii
1494 3913 1771 3967 veroleoui
1791 3913 2033 3968 moribus

460 4028 721 4085 perquam
756 4010 983 4072 similes.
1012 4009 1385 4065 crudelitatem
1416 4018 1468 4064 et
1495 4008 1845 4061 voracitatem
1875 4022 2029 4061 suam

461 4115 758 4169 mutantes,
787 4120 888 4158 una
922 4119 1044 4158 cum
1080 4102 1383 4156 infantibus
1428 4100 1682 4154 Ecclesiae
1712 4114 1905 4153 recens
1943 4115 2033 4153 or-

464 4201 551 4261 tis,
584 4200 736 4267 quasi
774 4207 961 4251 taurus
990 4205 1045 4250 et
1074 4195 1273 4249 vitulus
1315 4203 1561 4265 pascent,
1594 4193 1781 4247 eodem
1814 4194 1933 4248 cibo
1963 4208 2028 4247 ex

461 4291 658 4346 divinis
702 4288 998 4358 Scripturis
1044 4288 1212 4356 petito
1258 4297 1491 4341 utentes.
1551 4286 1704 4353 Quod
1761 4289 1803 4341 si
1842 4288 2030 4341 videas

450 4386 639 4456 regios
670 4385 813 4437 viros
842 4381 1100 4449 dignitate
1129 4388 1182 4435 et
1214 4380 1530 4449 praestantia
1571 4379 1621 4431 in
1660 4380 1765 4433 bac
1799 4379 1905 4433 vita
1930 4394 2023 4433 or-

2136 3272 2413 3344 θήσονται,
2473 3275 2567 3327 καὶ
2601 3275 2719 3346 ἅμα
2772 3275 2841 3330 τά
2888 3277 3076 3329 παιδία
3130 3279 3309 3331 αὐτῶν
3346 3279 3578 3344 ἔσονται,
3626 3282 3719 3335 καὶ

2132 3364 2270 3418 λέων
2300 3366 2375 3429 ὠς
2401 3365 2526 3436 βοῦς
2565 3368 2798 3435 φάγεται
2838 3368 3037 3438 ἄχυρα.
3083 3387 3101 3419 ι
3139 3369 3307 3422 Λύκοι
3337 3370 3434 3439 μὲν
3463 3366 3555 3423 οὖν
3584 3374 3631 3424 οἱ
3658 3375 3719 3425 ἐν

2132 3457 2435 3531 ἀνθρώποις
2452 3460 2799 3530 ἀρπακτικοί’
2822 3459 3123 3530 μεταϐαλοῦ
3133 3478 3182 3513 σι
3205 3461 3262 3513 δὲ
3275 3463 3372 3533 τῆς
3391 3462 3714 3536 μοχθηρίας,

2130 3548 2206 3611 ὡς
2253 3550 2390 3619 μετὰ
2442 3549 2620 3622 ἀρνῶν
2666 3550 2887 3620 ἡμέρων
2921 3550 3013 3602 xa‘i
3043 3550 3233 3621 πράων
3260 3550 3358 3614 τὰς
3384 3552 3559 3621 ψυχὰς
3608 3553 3716 3605 ὑπὸ

2134 3640 2261 3711 μίαν
2300 3641 2623 3713 Ἐκκλησίαν
2652 3640 3032 3710 ἀγελάζεσθαι.
3056 3641 3237 3694 Ἀλλοι
3254 3642 3311 3694 δὲ
3336 3642 3602 3716 ὠμότεροι
3619 3644 3718 3697 καὶ

2132 3732 2334 3803 σφόδρα
2373 3734 2781 3805 ἀπηγριωμένοι
2815 3734 3026 3805 ἄνδρες,
3075 3734 3229 3788 οὐδὲν
3260 3734 3573 3807 παρδάλεων
3601 3737 3720 3790 δια-ν

2132 3826 2405 3897 φέροντες,
2443 3826 2502 3878 τὸ
2531 3825 2623 3878 τοῦ
2658 3824 2823 3897 θηρὸς
2855 3824 3084 3896 φοϐερὸν
3118 3826 3474 3898 ἀποθέμενοι,
3505 3826 3717 3898 ἐρίφοις

2130 3916 2246 3988 ἅμα
2278 3920 2387 3979 τοῖς
2412 3916 2796 3990 ἁπλουστέροις
2814 3918 2909 3971 καὶ
2934 3919 3337 3992 ἀκεραιοτέροις
3372 3919 3716 3972 συναναπαύ-

2133 4028 2335 4064 σονται.
2380 4010 2489 4063 Kal.
2537 4011 2710 4065 λέοντι
2741 4012 2798 4065 δὲ
2848 4013 2975 4078 τοὺς
3015 4014 3252 4085 τρόπους
3284 4013 3714 4084 παρεικασμένοι

2130 4102 2297 4167 ἄλλοι,
2326 4102 2385 4155 τὸ
2414 4103 2703 4175 ὠμόθυμον
2734 4108 2829 4160 καὶ
2867 4107 3198 4180 σαρκοϐόρον
3234 4104 3365 4177 ἦθος
3387 4104 3716 4171 ἐναλλάξαν-

2129 4213 2239 4262 τες,
2266 4196 2401 4265 όμοῦ
2429 4201 2541 4262 τοῖς
2569 4200 2625 4251 ἐν
2658 4203 2722 4271 τῇ
2757 4200 3053 4271 Ἐκκλησία⁸
3081 4202 3340 4267 νεογνοῖς,
3364 4198 3554 4270 ὥσπερ
3583 4196 3717 4250 ταῦ-

2134 4304 2225 4357 ρος
2266 4289 2360 4341 καὶ
2403 4288 2618 4359 μόσχος,
2658 4290 3105 4361 βοσκηθὴσονται,
3138 4291 3236 4361 τῆς
3279 4290 3451 4361 αὐτῆς
3488 4290 3553 4341 ἐκ
3604 4288 3714 4340 τῶν

2131 4378 2288 4433 θείων
2317 4380 2488 4449 λόγων
2534 4381 2962 4452 μεταληψόμενοι
2994 4382 3197 4453 τροφῆς
3251 4382 3383 4453 (l7).
3436 4383 3500 4435 El
3528 4382 3583 4434 δὲ
3616 4382 3715 4433 καὶ

461 4488 636 4546 natos,
665 4479 720 4532 in
770 4474 1008 4531 Ecclesia
1059 4472 1151 4527 Dei
1201 4488 1322 4527 cum
1385 4472 1713 4540 pauperibus
1743 4487 1807 4527 ex
1844 4472 2025 4525 intima

2137 4470 2441 4541 βασιλικούς
2468 4491 2594 4526 ποτε
2618 4473 2831 4544 ἄνδρας,
2861 4472 3129 4543 ἀξιώματι
3157 4475 3250 4527 καὶ
3280 4475 3570 4545 ὑπεροχαῖς
3591 4475 3715 4535 ταῖς

460 4575 613 4644 plebe
648 4579 1025 4640 congregatos,
1072 4582 1138 4621 ne
1181 4568 1448 4620 cuucteris
1498 4566 1681 4619 dicere
1725 4566 1888 4619 etiam
1926 4564 2028 4618 hac

460 4667 673 4723 ratione
732 4663 1005 4731 impletam
1060 4674 1179 4713 esse
1206 4658 1576 4727 Scripturam.
1605 4656 1807 4711 Omnes
1845 4659 2032 4725 itaque

455 4762 564 4831 iam
594 4766 919 4813 memoratos
947 4756 1120 4823 lupos,
1146 4766 1341 4821 agnos,
1394 4750 1610 4818 pardus,
1663 4748 1865 4813 haedus,
1917 4748 2030 4802 leo-

461 4871 578 4917 nes,
636 4850 832 4903 vitulos
885 4861 940 4903 et
998 4857 1210 4909 tauros,
1276 4854 1332 4896 ut
1393 4842 1610 4905 dicitur,
1661 4852 1793 4910 puer
1855 4839 2034 4896 infans

461 4957 602 5017 aget.
647 4944 779 4999 Illud
813 4953 990 4996 autem
1048 4956 1067 4989 ι
1100 4947 1239 5006 aget,
1274 4955 1293 4989 ι
1344 4934 1503 5003 quasi
1552 4952 1570 4985 ί
1605 4933 1974 5003 congregabil,
2007 4951 2026 4984 ι

460 5041 659 5096 dictum
681 5049 784 5094 est.
831 5033 987 5103 Quod
1043 5033 1157 5103 ipsa
1204 5045 1263 5083 re
1312 5037 1521 5099 gestum
1570 5026 1878 5094 perspicere
1911 5024 2035 5080 licet

462 5133 548 5197 iis,
572 5133 661 5201 qui
690 5116 979 5199 praesulum
1010 5124 1205 5178 multos
1230 5122 1417 5174 vident
1450 5119 1503 5172 in
1540 5117 1780 5172 Ecclesia
1806 5117 2028 5182 Christi,

458 5226 527 5277 ob
582 5223 746 5276 animi
797 5219 1200 5289 simplicitatem
1247 5222 1300 5268 et
1348 5211 1741 5275 innocentiam,
1789 5207 1919 5262 nihil
1962 5208 2029 5262 ab

459 5315 755 5371 infantibus
785 5314 1093 5382 discrepare
1124 5328 1137 5364 :
1167 5306 1269 5364 etsi
1305 5316 1485 5360 tamen
1516 5300 1757 5374 praefecti
1801 5301 1911 5355 sint
1937 5315 2030 5354 eo-

460 5425 599 5472 rum,
640 5405 728 5475 qui
771 5405 835 5459 ab
865 5406 1009 5458 omni
1041 5416 1243 5473 genere
1300 5402 1353 5455 in
1394 5414 1558 5452 unum
1607 5401 2027 5464 congregantur.

458 5505 589 5557 Cum
615 5515 774 5571 porro
806 5498 903 5565 ait,
961 5517 979 5549 ι
1009 5498 1076 5551 Ει
1103 5500 1201 5552 bos
1236 5507 1294 5551 et
1323 5508 1481 5548 ursus
1521 5498 1811 5563 pascentur
1870 5485 2033 5539 simul

529 5620 575 5652 “
606 5614 795 5672 Matth.
823 5632 882 5683 χ,
907 5615 998 5668 ³54.
1072 5614 1115 5645 ⁸⁷
1148 5611 1341 5667 Matth.
1372 5624 1495 5675 vui,
1533 5606 1625 5661 29.

2138 4564 2276 4618 κατά
2289 4567 2377 4618 τὸν
2409 4566 2519 4636 βίον
2540 4567 2953 4637 τετιμημένους,
2985 4566 3197 4619 θεάσοιο
3224 4567 3279 4619 ἐν
3306 4569 3371 4637 τῇ
3418 4565 3715 4637 Ἐκκλησία

2136 4657 2228 4711 τοῦ
2256 4657 2410 4723 Θεοῦ,
2447 4658 2583 4729 μετὰ
2612 4661 2856 4730 πενήτων
2890 4659 2982 4712 καὶ
3019 4658 3252 4711 εὐτελῶν
3290 4658 3713 4728 συναγομένους,

2142 4750 2217 4819 μὴ
2238 4749 2382 4801 ὄκνει
2409 4749 2587 4817 λέγειν
2621 4751 2714 4803 καὶ
2740 4749 2883 4802 οὕτω
2913 4749 3302 4821 πεπληρῶσθαι
3337 4749 3434 4820 τὴν
3464 4750 3711 4821 Γραφῄν.

2140 4840 2354 4902 Πάντας
2400 4838 2578 4893 τοίνυν
2621 4839 2756 4911 ὁμοῦ
2789 4840 2916 4903 τοὺς
2964 4840 3324 4903 ἀποδοθέντας
3371 4839 3567 4902 λύκους
3618 4842 3716 4893 καὶ

2138 4932 2328 5004 ἄρνας,
2359 4932 2454 4985 καὶ
2477 4932 2792 5004 παρδάλεις,
2824 4932 2918 4985 καὶ
2950 4931 3191 5003 ἐρίφους,
3220 4933 3313 4985 καὶ
3353 4930 3592 4996 λέοντας,
3619 4933 3717 4984 καὶ

2140 5024 2389 5095 μόσχους,
2414 5025 2508 5079 καὶ
2534 5025 2785 5097 ταύρους,
2822 5026 3031 5079 παιδίον
3052 5028 3243 5098 νήπιον
3270 5025 3417 5089 ἄξειν
3440 5024 3717 5079 λέλεκται;

2137 5117 2210 5169 Τὸ
2230 5118 2307 5183 δὲ,
2348 5136 2366 5169 ι
2398 5116 2552 5183 ἄξει,
2579 5138 2597 5171 ι
2628 5120 2748 5172 ἀντὶ
2778 5118 2893 5182 τοῦ,
2923 5140 2941 5172 ι
2982 5119 3216 5185 συνάξει,
3255 5138 3272 5169 ι
3311 5117 3547 5186 λέγεται.
3583 5118 3718 5187 Ἕρ-

2135 5226 2216 5280 γῳ
2249 5210 2305 5264 δὲ
2356 5211 2471 5265 ἔστι
2529 5212 2865 5285 παραλαϐεῖν
2916 5214 3010 5267 καλ⁹
3051 5212 3226 5275 τοῦτο,
3274 5211 3514 5282 ὁρῶντας
3542 5211 3603 5263 ὲν
3644 5213 3716 5281 τῇ

2150 5300 2443 5373 Ἐκκλησία
2475 5302 2707 5375 Χριστοῦ
2747 5303 2872 5367 τοὺς
2912 5303 3192 5364 πλείστους
3218 5300 3326 5353 τῶν
3356 5299 3716 5371 προεστώτων

2138 5393 2205 5446 δι’
2231 5393 2507 5466 ἁπλότητα
2533 5396 2709 5466 ψυχῆς
2731 5397 2825 5449 καὶ
2858 5396 3092 5449 ἀκακίαν
3115 5393 3263 5446 οὐδὲν
3290 5394 3497 5464 νηπίων
3523 5392 3715 5461 διαφέ-

2142 5503 2349 5557 ροντας*
2380 5488 2528 5558 ὅμως
2553 5488 2595 5540 δ’
2624 5485 2717 5542 οὖν
2753 5488 3088 5559 ἡγουμένους
3122 5484 3228 5537 τῶν
3255 5486 3362 5539 ἀπὸ
3389 5484 3717 5552 παντὸς·γέ-

1710 5604 1756 5635 ⁶⁶
1787 5602 1953 5657 lCor.
1990 5601 2124 5669 1,30.
2203 5602 2248 5633 ”
2273 5601 2430 5657 Joan.
2460 5618 2570 5671 xw,
2595 5601 2627 5657 6

531 5738 638 5807 (l7)
680 5734 831 5788 "Illic
880 5733 1014 5789 item
1072 5728 1270 5793 locum,
1323 5727 1510 5797 paucis
1572 5723 1891 5791 immutatis,
1932 5720 2186 5793 exprimit
2240 5721 2621 5791 llicronvatus,
2676 5741 2707 5806 ἴι
2740 5719 2893 5788 Quod
2921 5717 3165 5788 quotidie
3211 5718 3488 5775 cernimus
3520 5716 3575 5771 in
3611 5714 3706 5771 Ec-

455 5808 642 5864 clesia.
670 5825 687 5859 ι
725 5816 829 5859 etc.
