3976 6194
504 306 606 363 "'5

1142 306 1415 363 EUSEBII
1455 307 1935 366 CESARIENSIS
1974 309 2122 366 OPP.
2165 310 2343 367 PARS
2378 310 2467 366 lll.
2505 341 2573 354 —
2614 308 3033 369 EXEGETICA.

3667 322 3767 378 l7.

503 436 591 477 me
639 419 811 492 gloria
860 433 1020 489 quam
1073 416 1273 485 habui,
1319 428 1607 491 antequam
1662 423 1892 477 mundus
1941 432 2081 478 esset

2188 441 2251 495 με
2280 425 2347 497 τῇ
2378 422 2505 497 δόξῃ
2537 414 2739 496 ᾖιίχον
2773 424 2878 495 πρὸ
2920 422 3014 478 τοῦ
3047 422 3138 478 τὸν
3184 424 3392 496 κόσμον
3420 421 3583 497 εἶναι,
3618 438 3765 507 παρὰ

505 516 645 583 apud
688 524 763 569 te.
789 532 810 567 ι

575 606 739 662 Vens.
773 606 859 661 Η.
895 624 914 657 ι
942 604 1009 659 Et
1044 603 1153 660 erit
1181 604 1234 659 in
1266 603 1351 659 die
1395 604 1516 669 illa,
1550 604 1766 673 adjiciet
1818 604 2080 662 Dominus

505 702 787 757 ostendere
833 713 1049 753 manum
1100 711 1284 760 suam,
1329 696 1396 752 ad
1459 697 1740 752 zelandum
1807 698 2082 754 residuum

505 792 718 862 populi,
770 790 912 861 quod
966 789 1213 844 relictum
1275 789 1437 845 fuerit
1483 792 1551 843 ab
1590 789 1865 861 Assyriis,
1913 800 1966 844 et
2016 791 2083 845 ab

503 882 731 955 Egypto
753 894 808 939 et
834 898 864 936 a
900 882 1218 954 Babylonia,
1248 892 1303 936 et
1342 882 1410 935 ab
1447 880 1750 950 Ethiopia,
1780 892 1836 936 et
1862 880 1931 935 ab
1962 880 2085 936 Ela-

504 977 669 1038 mitis,
708 975 860 1031 etab
904 986 1028 1029 ortu
1071 975 1220 1040 solis,
1262 984 1315 1029 et
1350 988 1417 1029 ex
1464 974 1686 1028 Arabia.
1731 973 1866 1040 Quia
1921 973 2086 1040 igitur

499 1070 760 1141 propheta
804 1082 953 1132 eum,
980 1068 1069 1137 qui
1100 1082 1164 1122 ex
1203 1068 1384 1123 radice
1425 1063 1593 1121 Jessa:
1643 1077 1830 1136 surget
1866 1067 1933 1120 ad
1982 1067 2086 1120 im-

502 1164 799 1231 perandum
829 1163 1099 1231 gentibus,
1131 1159 1458 1217 vaticinatus
1485 1168 1590 1224 est,
1620 1159 1950 1229 adiecitque,
1980 1177 1998 1211 t
2031 1160 2084 1213 in

501 1270 626 1309 eum
668 1264 854 1325 gentes
884 1254 1207 1325 sperabunt;
1238 1271 1257 1305 ι
1299 1251 1583 1308 .ludaicunt
1621 1252 1749 1307 item
1786 1266 1958 1319 genus
1995 1266 2089 1307 ne-

504 1348 744 1403 cessario
786 1357 1049 1404 memorat
1099 1352 1150 1403 in
1198 1346 1488 1418 praesenti;
1544 1360 1615 1400 ne
1664 1345 1786 1414 quis
1841 1345 2087 1414 suspica-

509 1455 662 1499 retur
687 1460 835 1509 eum,
867 1444 957 1515 qui
991 1443 1041 1497 in
1079 1442 1367 1516 prophetia
1412 1438 1606 1502 fertur,
1648 1438 1843 1510 populo
1874 1452 1940 1491 ex
1981 1438 2087 1493 cir-

506 1538 840 1595 cumcisione
892 1536 1027 1592 nihil
1068 1535 1323 1591 utilitatis
1376 1533 1667 1587 allaturum
1737 1546 1877 1587 esse.
1919 1531 2085 1586 Docet

507 1633 709 1702 itaque.
756 1646 863 1701 quo
900 1641 1059 1700 pacto
1104 1648 1122 1681 ι
1155 1630 1209 1683 ἱη
1254 1627 1340 1682 die
1384 1626 1506 1689 illa;
1534 1643 1552 1677 ι
1592 1625 1643 1680 id
1686 1634 1800 1690 est,
1849 1635 2087 1695 tempore

504 1728 767 1779 adventus
810 1723 901 1794 qui
936 1723 987 1778 in
1017 1720 1273 1775 vaticinio
1300 1719 1639 1782 enuntiatur,
1677 1734 1696 1770 ι
1727 1718 1943 1785 adiiciet
1979 1717 2083 1771 Do-

2186 518 2287 573 σοί.
2331 536 2351 569 ι

2259 630 2276 661 ι
2309 610 2424 663 Ka't
2452 608 2602 664 ἔσται
2631 611 2697 682 τῇ
2729 609 2915 682 ἡμέρᾳ
2943 610 3152 684 ἐκείνη,
3181 614 3481 688 προσθήσει
3506 618 3537 672 ό
3570 618 3773 690 Κύριος

2184 702 2278 756 τοῦ
2310 701 2476 768 δείξαι
2509 701 2607 773 τὴν
2650 704 2808 774 χεῖρα
2855 702 3043 767 αὑτοῦ,
3096 704 3190 759 τοῦ
3231 707 3470 779 ζηλῶσαι
3496 710 3560 764 τὸ
3597 728 3771 765 κατα-

2184 796 2397 866 λειφθὲν
2431 794 2725 849 ὑπόλοιπον
2766 794 2862 849 τοῦ
2903 795 3056 860 λαοῦ,
3103 798 3132 851 δ
3177 800 3243 854 ἂν
3281 802 3615 876 καταλειφθῇ
3667 806 3775 859 ἀπὸ

2184 889 2294 944 τῶν
2341 889 2644 961 Ἀσσυρίων
2686 890 2785 944 καὶ
2821 892 2930 944 ἀπὸ
2967 891 3272 961 Αίγύπτου,
3299 895 3393 949 καὶ
3447 897 3557 951 ἀπὸ
3590 899 3773 952 Βαϐυ-

2184 982 2399 1047 λωνίας,
2443 981 2538 1035 καὶ
2566 980 2672 1035 ἀπο
2699 981 3004 1048 Αἰθιοπίας,
3037 984 3132 1038 καὶ
3169 985 3492 1057 Ἑλαμιτῶν,
3524 990 3619 1042 καὶ
3666 980 3776 1043 ἀπὸ

2186 1071 2334 1145 ήλίου
2376 1071 2670 1136 ἀνατολῶν,
2708 1072 2801 1124 καὶ
2841 1071 2899 1136 ἐξ
2954 1072 3227 1145 Ἀραϐίας.
3274 1095 3291 1128 ι
3339 1077 3554 1150 Ἐπειδὴ
3592 1079 3775 1133 τοίνυν

2184 1166 2275 1220 τὸν
2308 1165 2665 1237 ἀνιστάμενον
2696 1168 2760 1219 ὲκ
2795 1165 2949 1237 ῥίζης
2991 1166 3190 1221 Ἰεσσαὶ
3239 1167 3426 1241 ἄρξειν
3456 1170 3567 1224 τῶν
3601 1171 3774 1227 ἐθνῶν

2185 1259 2468 1313 ἐθέσπισεν
2493 1260 2522 1311 ό
2554 1258 2857 1331 προφήτης,
2883 1257 2978 1312 καὶ
3007 1260 3304 1331 ἐπήγαγεν,
3338 1261 3418 1315 ὅτι
3454 1282 3473 1314 ι
3519 1264 3775 1337 ὲπάύτῷ

2185 1352 2312 1424 ἔθνη
2358 1352 2653 1406 ἐλπιοῦσινο
2691 1370 2709 1403 ι
2747 1351 3063 1420 ἀναγκαίως
3090 1353 3183 1405 καὶ
3215 1352 3307 1407 τοῦ
3348 1355 3646 1410 Ἰουδαϊκοῦ
3682 1358 3774 1427 γέ·

2185 1460 2312 1508 νους
2362 1442 2633 1515 μέμνηται
2680 1441 2767 1495 διά
2815 1440 2909 1495 τοῦ
2959 1442 3340 1514 προκειμένου,
3396 1447 3533 1519 πρὸς
3578 1447 3645 1501 τὸ
3699 1450 3774 1523 μὴ

2186 1534 2473 1591 ὑπολαϐεῖν
2496 1535 2583 1589 τὸν
2606 1533 3079 1608 προφητευόμενον
3130 1538 3297 1610 μηδὲν
3334 1538 3642 1611 ὠφελήσειν
3682 1542 3773 1595 τὸν

2187 1634 2251 1686 ὲκ
2273 1629 2571 1703 περιτομῆς
2601 1630 2749 1684 λαόν.
2789 1629 3039 1685 Διδάσκει
3072 1631 3274 1700 τοίνυν,
3303 1632 3379 1697 ὡς
3401 1634 3457 1689 ὲν
3490 1637 3558 1706 τῇ
3589 1637 3776 1709 ἡμέρᾳ

2188 1725 2391 1798 ἐκείνῃ,
2429 1724 2707 1778 τουτέστιν
2739 1726 2797 1777 ὲν
2828 1724 2906 1796 τῷ
2951 1724 3126 1796 χρόνῳ
3162 1725 3264 1797 τῆς
3307 1727 3629 1797 ἐπιφανείας
3677 1731 3772 1784 τοῦ

505 1814 686 1870 minus
726 1812 1012 1869 ostendere
1044 1826 1259 1866 manum
1306 1826 1485 1878 suam,
1517 1811 1583 1863 ad
1616 1806 1900 1864 zelandum
1947 1809 2081 1863 resi-

2188 1787 2593 1889 θεσπιζομένου,
2621 1836 2639 1869 ι
2683 1787 3322 1891 προσθήσει-Κύριοςτοῦ
3348 1787 3516 1885 δείξαι
3538 1787 3640 1893 τὴν
3670 1826 3775 1893 χεῖ.

502 1907 666 1960 duum
700 1905 901 1976 populi.
928 1924 946 1957 ι
982 1904 1086 1960 Pro
1111 1920 1219 1974 quo
1260 1902 1451 1973 Aquila
1475 1940 1490 1967 ,
1528 1920 1545 1952 ι
1585 1900 1840 1969 Adjiciet,
1885 1899 2080 1971 inquit,

502 1998 759 2053 Dominus
800 1986 1040 2054 secundo
1070 2012 1286 2051 manum
1324 2011 1501 2055 suam.
1546 1995 1612 2048 ad
1659 1992 1941 2048 zelandum
2000 2007 2084 2045 re-

502 2091 715 2146 siduum
765 2090 949 2162 populi
1000 2090 1164 2155 sui;t
1207 2088 1592 2160 Symmachus,
1642 2105 1660 2139 ι
1691 2084 1923 2156 Adjiciet
1974 2082 2081 2139 Do-

505 2183 685 2238 minus
717 2181 957 2237 secundo
1005 2194 1222 2234 manum
1263 2195 1441 2243 suam,
1470 2180 1535 2233 ad
1570 2176 1957 2248 possidendum
1998 2190 2085 2231 re-

505 2276 722 2331 siduum
755 2272 937 2344 populi
964 2271 1070 2329 sui.
1096 2290 1115 2324 ι
1149 2272 1616 2339 Quemadmodum
1652 2271 1797 2325 enim
1827 2268 2081 2324 alllictum

505 2366 788 2424 Judaicum
820 2363 1074 2435 p0pulum
1102 2362 1267 2418 semel
1296 2362 1365 2417 ab
1399 2363 1749 2432 oppressione
1799 2361 2085 2427 liberavit,

511 2472 673 2513 manu
720 2470 818 2512 sua
855 2453 1181 2509 mirabilium
1230 2451 1503 2509 ell'ectrice
1553 2468 1649 2522 per
1703 2451 1935 2525 Moysem
1984 2465 2081 2506 ex-

511 2559 703 2604 tensa:
734 2564 840 2619 qua
875 2562 1037 2602 manu
1077 2546 1337 2617 stupenda
1383 2545 1467 2599 illa
1504 2546 1747 2617 prodigia
1782 2545 1834 2600 in
1868 2542 2084 2615 Αἴθῃ)ιί

507 2641 727 2713 regione
771 2640 972 2707 edidit;
1018 2641 1209 2694 eodem
1259 2639 1418 2694 modo
1469 2638 1665 2693 iterum
1710 2636 1931 2708 adiiciet
1980 2652 2086 2690 ma-

504 2753 630 2793 nuin
665 2750 840 2799 suam,
882 2735 1037 2806 quasi
1071 2734 1309 2789 secunda
1346 2747 1463 2787 vnce
1498 2730 1834 2786 mirabilibus
1862 2729 2082 2786 edendis

502 2829 754 2899 operibus
784 2828 929 2883 illam
977 2841 1239 2893 movens;
1274 2836 1331 2881 ut
1371 2826 1645 2880 residuum
1687 2823 1866 2895 populi
1905 2820 2082 2893 possi-

502 2923 645 2989 deat,
674 2936 738 2976 ac
771 2921 1010 2976 studiose
1052 2928 1357 2975 conservet.
1409 2916 1542 2972 Nam
1579 2918 1692 2971 sive
1739 2917 1792 2970 in
1835 2916 2083 2988 Assyrio-

507 3031 625 3069 rum
677 3014 939 3084 regione,
982 3014 1098 3068 sive
1146 3012 1201 3066 in
1249 3011 1513 3083 Egypto,
1571 3011 1622 3064 iu
1677 3009 1977 3081 Babylone,
2028 3009 2080 3062 in

505 3107 807 3175 ⁸Ειιιῑονίιι,
837 3105 890 3160 in
929 3104 1280 3160 Elamitarum
1315 3114 1479 3166 terra,
1506 3120 1570 3159 ac
1602 3103 1655 3158 in
1689 3101 1908 3173 reliquis
1933 3101 2081 3157 orbis

505 3200 751 3273 partibus
777 3214 844 3255 ex
889 3200 1109 3254 Judaica
1140 3208 1300 3271 gente
1342 3199 1563 3268 quidam
1597 3197 1826 3267 dispersi
1855 3207 2038 3251 essent
2064 3215 2075 3250 :

503 3309 569 3348 ex
596 3308 782 3348 eorum
816 3306 1040 3347 numero
1066 3307 1159 3347 eos
1198 3292 1288 3362 qui
1323 3290 1375 3345 iu
1402 3289 1681 3345 Christum
1710 3289 2079 3354 crediderunt,

504 3400 569 3441 ac
608 3385 913 3449 secundum
957 3384 1280 3440 electionem
1334 3383 1523 3451 gratia:
1572 3383 1847 3438 residuum
1899 3379 2082 3438 ell'ecti

503 3488 651 3543 sunt,
681 3476 850 3547 gloria
899 3473 1211 3532 alliciendos
1248 3485 1303 3531 et
1330 3476 1574 3531 studiose
1620 3482 1918 3531 servandos
1959 3487 2082 3530 esse

501 3570 705 3624 dictum
749 3576 855 3624 est.
900 3566 1053 3635 Quod
1100 3582 1231 3623 sane
1273 3568 1403 3638 ipsis
1444 3567 1700 3637 operibus
1746 3568 2079 3622 declaratum

499 3670 621 3717 est:
654 3676 779 3715 nam
813 3674 908 3731 per
934 3658 1231 3729 discipulos
1268 3668 1323 3715 et
1356 3660 1629 3730 apostolos
1662 3659 1852 3729 ipsius,
1888 3675 1952 3716 ac
1983 3675 2079 3730 per

499 3755 638 3810 alios
669 3768 737 3811 ex
780 3752 1003 3815 Judazis,
1046 3751 1138 3822 qui
1176 3751 1376 3807 Christi
1425 3752 1644 3807 verbum
1691 3762 2079 3821 susceperunt,

472 3847 747 3913 .Ecclesia
786 3845 879 3900 Dei
920 3845 1215 3900 constituta
1255 3855 1377 3901 est:
1410 3860 1508 3916 per
1536 3861 1630 3900 eos
1661 3844 1791 3901 item
1839 3843 2078 3900 Ecclesia

504 3942 744 4010 gentium
775 3940 1019 3995 omnium
1067 3938 1302 4002 coaluit,
1349 3954 1412 3994 ac
1454 3938 1719 3993 universis
1770 3939 2082 3994 nationibus

507 4031 859 4103 Evangelium
904 4030 1166 4086 traditum
1214 4040 1298 4084 est
1335 4048 1349 4086 :
1399 4032 1509 4086 Deo
1553 4030 1745 4101 signis,
1797 4032 2079 4102 prodigiis,

504 4125 780 4194 variisque
824 4124 1112 4179 virtutibus
1141 4138 1204 4178 ac
1251 4122 1455 4193 Spiritu
1498 4133 1687 4178 sancto
1732 4137 1832 4193 per
1874 4123 2080 4193 gratia-

501 4232 621 4271 rum
673 4217 965 4271 dizisiunes
1019 4216 1385 4271 testimonium
1444 4232 1601 4271 suum
1675 4216 1928 4272 addente.
1975 4214 2081 4272 Eos

500 4319 683 4365 autem
716 4310 809 4379 qui
840 4302 1085 4364 ’verbum
1134 4310 1201 4362 ab
1236 4308 1342 4364 illis
1395 4310 1745 4379 praedicatum
1795 4322 2077 4376 accepere,

504 4403 606 4458 sub
649 4402 814 4458 tutela
863 4417 960 4457 sua
1016 4401 1157 4457 Deus
1203 4402 1445 4459 studiose
1488 4401 1667 4473 fovet,
1709 4412 1764 4459 et
1814 4402 2082 4473 gloriosos

503 4497 645 4565 apud
679 4512 869 4554 omnes
899 4495 1079 4552 eﬂicit.

577 4681 739 4738 V‘sas.
767 4680 854 4736 l2.
899 4699 918 4733 ι
949 4680 1016 4735 Ει
1047 4679 1245 4736 levabit
1286 4678 1498 4751 signant
1532 4679 1585 4735 in
1625 4688 1835 4750 gentes,
1866 4689 1923 4734 et
1950 4693 2081 4734 con-

500 4776 747 4846 gregabit
789 4773 1027 4845 perditos
1058 4770 1242 4838 Israel,
1274 4782 1329 4827 et
1360 4773 1635 4843 dispersos
1679 4771 1817 4829 Juda
1853 4786 2080 4839 congre-

498 4869 647 4941 gabit
687 4882 756 4922 ex
802 4876 1035 4937 quatuor
1080 4866 1182 4922 alis
1235 4874 1413 4921 terrae.
1457 4865 1524 4921 Et
1587 4865 1863 4920 auleretur
1926 4864 2079 4918 zelus

499 4961 798 5035 Ephraim,
861 4970 918 5016 et
984 4959 1189 5015 inimici
1265 4957 1402 5014 Juda
1481 4958 1754 5028 peribunt.
1819 4956 2077 5027 Ephraim

499 5073 603 5110 non
648 5053 989 5113 :emulabitur
1031 5050 1262 5117 ludam,
1308 5062 1364 5108 et
1413 5049 1584 5106 ludas
1637 5066 1745 5105 non
1796 5050 2081 5105 tribulabit

501 5147 818 5216 Ephraim.»
863 5146 1000 5203 Nam
1049 5143 1248 5200 Christi
1302 5142 1551 5214 discipuli
1605 5142 1671 5198 iis
1706 5142 1799 5212 qui
1846 5156 1912 5197 ex
1964 5141 2077 5196 cir-

497 5239 831 5294 cumcisione
869 5246 1049 5303 erant,
1080 5237 1254 5309 primo
1284 5235 1662 5306 pradicantes,
1694 5250 1757 5290 ex
1797 5235 1931 5305 ipsis
1960 5249 2076 5300 eos,

498 5332 590 5401 qui
626 5329 994 5399 crediderunt,
1028 5338 1428 5400 eongregarunt
1456 5328 1511 5382 in
1545 5325 2025 5382 Ecclesia'Cbristi
2059 5346 2073 5383 :

498 5423 592 5493 qui
637 5435 775 5478 sane
804 5420 933 5477 olim
964 5424 1259 5491 perierant,
1303 5429 1365 5475 ut
1412 5419 1673 5474 Servatur
1704 5417 1946 5473 declarat
1991 5417 2079 5472 his

499 5515 701 5582 verbis,
732 5532 752 5568 ι
783 5512 862 5570 lte
882 5514 950 5569 ad
975 5528 1123 5579 oves,
1150 5530 1270 5585 quae
1288 5513 1566 5584 perierunt
1588 5512 1780 5567 domus
1795 5510 2074 5564 lsrael".r

498 5608 626 5666 Haec
682 5622 846 5680 porro
893 5604 1146 5663 fecerunt
1197 5608 1251 5664 in
1308 5614 1546 5678 quatuor
1598 5602 1701 5662 alis
1736 5602 1852 5661 sive
1904 5601 2079 5674 plagis

566 5791 611 5867 'f
651 5788 840 5847 Matth.
874 5803 933 5855 Σ,
960 5787 1014 5842 6.

2189 1929 2253 1982 ρα
2288 1909 2474 1974 αὐτοῦ,
2513 1908 2607 1962 τοῦ
2651 1908 2892 1980 ζηλῶσαι
2933 1909 2995 1961 τὸ
3037 1909 3392 1980 καταλειφθὲν
3425 1910 3517 1964 τοῦ
3552 1910 3710 1965 λαοῦ.
3748 1934 3769 1964 ι

2197 1995 2420 2057 Ἄνθ⁹οἷι
2460 2003 2489 2056 ό
2546 2002 2644 2079 μεν
2691 1999 2944 2066 ’Δκύλας,
2997 2020 3015 2052 ι
3051 2002 3398 2074 Προσθήσει,
3447 2002 3609 2075 φησὶ,
3666 2006 3771 2058 Κύ-

2186 2113 2299 2169 ριος
2320 2094 2568 2167 δεύτερον
2593 2094 2690 2166 τὴν
2725 2096 2882 2166 χεῖρα
2912 2093 3100 2157 αὑτοῦ,
3129 2093 3225 2147 τοῦ
3259 2094 3498 2166 ζηλῶσαι
3537 2096 3600 2149 τὸ
3637 2097 3773 2151 ὑπό-

2184 2187 2392 2258 λειμμα
2419 2184 2511 2239 τοῦ
2535 2183 2665 2238 λαοῦ
2701 2183 2885 2238 αὐτοῦ·
2930 2202 2949 2235 ι
2983 2184 3087 2238 όδὲ
3116 2184 3429 2255 Σύμμαχος,
3466 2204 3484 2235 ι
3524 2184 3772 2256 Προσθή-

2187 2296 2270 2332 σει
2298 2277 2501 2348 Κύριος
2543 2278 2606 2329 ἐκ
2633 2276 2886 2348 δευτέρου
2918 2276 3017 2348 τὴν
3050 2278 3208 2347 χεῖρα
3257 2274 3421 2331 αὐτοῦ
3462 2276 3775 2348 κτήσασθαι

2185 2371 2245 2425 τὸ
2295 2370 2607 2441 ὑπόλειμμα
2637 2368 2729 2422 τοῦ
2776 2367 2906 2423 λαοῦ
2942 2366 3127 2424 αὑτοῦ.
3170 2388 3189 2421 ι
3236 2369 3446 2441 Ὥσπερ
3482 2369 3595 2442 γὰρ
3628 2370 3775 2437 ἅπαξ

2186 2462 2315 2516 ποτὲ
2354 2464 2411 2516 ὲν
2441 2460 2701 2532 Αἰγύπτῳ
2733 2459 3205 2532 καταπονούμενον
3225 2460 3316 2513 τὸν
3346 2461 3452 2515 τῶν
3497 2462 3774 2516 Ἰουδαίων

2185 2556 2310 2611 λαὸν
2338 2555 2677 2627 ἠλευθέρωσε
2693 2555 2792 2626 τῆς
2822 2554 3140 2618 κακώσεως,
3161 2555 3261 2627 τὴν
3287 2558 3445 2626 χεῖρα
3470 2555 3645 2609 αὐτοῦ
3680 2556 3777 2628 τήν

2185 2668 2261 2704 πα
2270 2650 2607 2722 ραδοξοποιὸν
2623 2651 2709 2706 διὰ
2730 2651 2864 2705 Monii
2873 2648 3007 2714 σέως
3037 2651 3507 2722 προστησάμενος,
3521 2648 3591 2702 δι’
3608 2641 3686 2723 ἧς
3706 2650 3774 2703 τὰ

2186 2743 2462 2817 παράδοξα
2477 2743 2728 2815 θαύματα
2740 2744 2788 2796 εί
2794 2742 3034 2816 ργάσατο
3049 2744 3141 2796 ἐπὶ
3157 2743 3255 2814 τῆς
3270 2742 3547 2813 Αἰγύπτου
3567 2744 3772 2813 χώρας.

2183 2837 2275 2892 τὸν
2303 2838 2465 2891 αὐτὸν
2501 2838 2703 2908 τρόπον
2739 2835 3036 2910 προσθήσει
3070 2836 3229 2890 πάλιν
3265 2834 3365 2907 τὴν
3388 2837 3552 2908 χεῖρα
3582 2835 3771 2900 αὑτοῦ,

2184 2925 2373 2999 ὥσπερ
2389 2929 2451 2980 ὲκ
2466 2926 2720 2999 δευτέρου
2746 2925 2912 2980 κινῶν
2932 2927 3101 2996 αὐτὴν
3122 2925 3211 2980 διὰ
3232 2925 3551 2997 παραδόξων
3570 2926 3774 2999 ἔργων,

2185 3018 2324 3091 ὑπὲρ
2349 3018 2442 3072 τοῦ
2471 3017 2798 3090 κτήσασθαι,
2818 3018 2913 3072 καὶ
2931 3018 3170 3089 ζηλωτὸν
3200 3018 3420 3091 ποιῆσαι
3436 3018 3499 3073 τὸ
3522 3021 3771 3074 καταλει-

2108 3137 2152 3197 C
2186 3107 2317 3178 φθὲν
2348 3109 2442 3163 τοῦ
2475 3109 2626 3163 λαοῦ.
2661 3107 2785 3162 Εἴτε
2807 3109 2917 3181 γὰρ
2936 3110 2994 3162 ὲν
3017 3112 3082 3181 τῇ
3110 3110 3217 3164 τῶν
3259 3111 3563 3183 ’Δσσυρίων
3597 3112 3764 3185 χώρᾳ,

2188 3203 2297 3256 εἴτε
2326 3203 2382 3254 ὲν
2407 3201 2687 3273 Αἰγύπτῳ,
2718 3202 2826 3255 εἴτε
2860 3204 2917 3255 ἐν
2945 3201 3245 3265 Βαϐυλῶνι,
3277 3202 3388 3256 εἴτε
3417 3204 3769 3278 ὲνΑίθιοπία,

2184 3292 2291 3345 εἴτε
2316 3294 2373 3345 ὲν
2397 3296 2463 3365 τῇ
2489 3295 2558 3365 γῇ
2575 3294 2701 3358 τῶν,
2716 3294 3036 3366 Ἐλαμιτῶν.
3060 3295 3171 3350 εἴτε
3189 3298 3256 3368 τῇ
3276 3296 3436 3369 λοιπῇ
3450 3299 3775 3372 οίκουμένῃ,

2182 3385 2569 3457 διεσπαρμένοι
2592 3386 2740 3450 τινὲς
2765 3381 2905 3458 ἦσαν
2935 3387 3028 3441 τοῦ
3094 3387 3366 3444 Ἰουδαίων
3407 3388 3602 3451 ἔθνουςο
3641 3392 3781 3444 τού-

2183 3493 2289 3529 των
2304 3475 2481 3530 αύτῶν
2497 3477 2623 3540 τοὺς
2645 3477 2724 3540 εἰς
2755 3476 2845 3530 τὸν
2869 3477 3104 3548 Χριστὸν
3135 3479 3583 3542 πεπιστευκότας,
3605 3478 3779 3551 λεῖμμ-

2188 3585 2264 3638 μα
2294 3568 2414 3621 κατ’
2448 3566 2678 3639 ἐκλογὴν
2720 3567 2943 3640 χάριτος
2991 3568 3338 3639 γενομένους,
3383 3568 3629 3633 δοξάσειν
3677 3571 3777 3623 καὶ

2185 3661 2432 3733 ποιήσειν
2460 3659 2732 3732 ζηλωτοὺς
2761 3658 2993 3733 εἴρηται.
3026 3662 3091 3714 Ὀ
3128 3660 3193 3733 δὴ
3227 3662 3320 3715 καὶ
3351 3661 3534 3734 ἔργοις
3558 3662 3776 3736 ἐδηλοῦ-

2183 3770 2262 3806 το·
2298 3752 2386 3806 διά
2409 3754 2517 3824 γάρ
2544 3752 2653 3806 τῶν
2684 3752 2847 3807 αὑτοῦ
2882 3751 3139 3825 μαθητῶν
3173 3754 3267 3808 καὶ
3290 3755 3627 3820 ἀποστόλων,
3666 3757 3775 3811 τῶν

2182 3861 2243 3898 τε
2270 3843 2473 3899 λοιπῶν
2502 3843 2609 3899 τῶν
2628 3844 2687 3909 ἐξ
2720 3844 2988 3899 Ἰουδαίων
3018 3845 3109 3899 τὸν
3134 3848 3368 3919 Χριστοῦ
3402 3848 3563 3917 λόγον
3586 3865 3771 3922 παρα-

2182 3935 2605 4008 δεδεγμένων,ἡ
2649 3938 2943 4008 Ἐκκλησία
2986 3938 3081 3993 τοῦ
3111 3940 3247 3994 Θεοῦ
3287 3940 3543 4011 συνέστη,
3591 3944 3693 3995 καὶ
3740 3943 3774 4012 η

2198 4029 2491 4102 Ἐκκλησία
2518 4030 2626 4084 τῶν
2652 4028 2821 4086 ὲθνῶν
2838 4032 3094 4088 ἁπάντων
3108 4034 3175 4087 δι’
3204 4033 3379 4088 αὐτῶν
3407 4032 3772 4105 ἀπετελέσθη,

2184 4121 2369 4175 καὶτὸ
2402 4121 2731 4191 Εὑαγγέλιον
2778 4124 2911 4176 πᾶσι
2955 4122 3205 4178 διεδίδοτο
3243 4127 3355 4189 τοῖς
3405 4124 3604 4189 ἔθνεσι,
3648 4144 3775 4180 συν-

2185 4211 2685 4284 επιμαρτυροῦντος
2707 4210 2801 4266 τοῦ
2831 4211 2967 4266 Θεοῦ
2992 4213 3258 4285 σημείοις,
3291 4217 3386 4270 καὶ
3418 4214 3637 4287 τέρασι,
3678 4219 3775 4272 καὶ

2186 4304 2455 4368 ποικίλαις
2480 4304 2763 4375 δυνάμεσι,
2799 4303 2892 4358 καὶ
2920 4305 3238 4377 Πνεύματος
3268 4308 3426 4375 ἀγίου
3456 4315 3773 4380 μερισμοῖς·

2183 4396 2275 4461 οὓς
2309 4399 2402 4452 καὶ
2433 4398 2706 4471 ζηλωτοὺς
2733 4401 2762 4453 ό
2791 4399 2923 4464 Θεὸς
2949 4400 3142 4465 ἐποίει,
3174 4402 3265 4455 καὶ
3298 4403 3452 4475 παρά
3478 4406 3651 4457 πᾶσιν
3686 4407 3775 4458 ὲν-

2116 4499 2157 4555 D
2185 4489 2389 4557 δόξους,
2422 4492 2546 4555 τοὺς
2594 4492 2685 4547 τὸν
2728 4493 3231 4565 καταγγελλόμενον
3270 4494 3364 4547 ὑπ’
3406 4496 3586 4550 αὐτῶν
3610 4496 3776 4567 λόγον

2191 4582 2681 4655 παραδεχομένους.

2265 4701 2283 4728 ι
2310 4678 2424 4731 Kal.
2456 4678 2578 4748 ἀρεῖ
2621 4683 2847 4750 σημεῖον
2879 4682 2958 4745 είς
2980 4680 3050 4735 τὰ
3081 4681 3231 4755 ἔθνη,
3264 4684 3358 4738 καὶ
3395 4682 3616 4750 συνάξει
3651 4686 3777 4747 τοὺς

2188 4766 2554 4838 ἀπολομένους
2600 4767 2835 4841 Ἰσραὴλ,
2870 4772 2964 4825 καὶ
2988 4772 3115 4837 τοὺς
3134 4772 3564 4845 διεσπαρμένους
3602 4773 3780 4827 Ἰούδα

2189 4859 2405 4925 συνάξει
2448 4863 2513 4914 ὲκ
2559 4860 2667 4916 τῶν
2695 4863 2976 4934 τεσσάρων
3020 4865 3306 4937 πτερύγων
3349 4866 3450 4936 τῆς
3478 4865 3605 4936 γῆς.
3664 4866 3780 4920 Καὶ

2185 4952 2611 5027 ἀφαιρεθήσεται
2637 4955 2666 5007 ό
2700 4955 2862 5026 ζῆλος
2887 4956 3147 5028 Ἐφραῒμ,
3175 4959 3268 5012 καὶ
3291 4958 3553 5031 οὶέχθροὶ
3598 4958 3779 5013 Ἰούδα

2183 5043 2529 5098 ἀπολοῦνται.
2571 5043 2811 5115 Ἐφραίμ
2840 5047 2901 5099 ού
2928 5044 3158 5117 ζηλώσει
3192 5046 3410 5114 Ἰούδαν,
3437 5048 3531 5100 xal.
3572 5046 3781 5111 Ἰούδας

2182 5136 2242 5188 ού
2294 5134 2469 5206 θλίψει
2529 5136 2785 5207 Ἐφραῖμ.
2819 5156 2837 5189 ›
2894 5136 3135 5209 Πρώτοις
3186 5139 3297 5210 γὰρ
3326 5137 3698 5209 κηρύττοντες
3727 5139 3779 5192 οἰ

2186 5229 2422 5301 Χριστοῦ
2458 5228 2695 5301 μαθηταί⁵
2714 5232 2825 5294 τοῖς
2852 5232 2916 5284 ὲκ
2948 5232 3267 5304 περιτομῆς,
3295 5233 3528 5303 συνῆγον
3556 5235 3693 5297 τοὺς
3720 5233 3777 5298 ἑξ

2188 5322 2365 5377 αὐτῶν
2392 5324 2823 5389 πεπιστευκότας
2838 5324 2917 5387 είς
2930 5322 3028 5396 τὴν
3047 5323 3142 5378 τοῦ
3162 5324 3398 5397 Χριστοῦ
3417 5324 3776 5397 Ἐκκλησίαν,

2186 5417 2353 5471 πάλαι
2380 5417 2541 5481 ὄντας
2580 5416 2968 5489 ἀπολομένους,
2997 5416 3120 5471 καθ’
3154 5417 3184 5472 ὃ
3215 5417 3493 5474 ἐδίδασκεν
3518 5419 3549 5470 ὁ
3579 5417 3781 5488 Σωτὴρ

2184 5511 2379 5581 λέγων·
2414 5530 2432 5563 ι
2463 5510 2766 5582 Πορεύεσθε
2804 5510 2941 5584 πρὸς
2970 5510 3039 5564 τὰ
3069 5510 3318 5584 πρόϐατα
3353 5511 3424 5565 τὰ
3452 5510 3781 5566 ἀπολωλότα

2184 5604 2335 5657 οἴκου
2377 5602 2612 5676 Ἰσραήλ.
2652 5622 2670 5656 ι
2700 5602 2887 5660 Ταῦτα
2910 5602 2967 5659 δὲ
2989 5600 3255 5678 ἔπραττον
3271 5605 3329 5661 ἐν
3358 5606 3477 5669 ταῖς
3506 5603 3782 5677 τέσσαρσι
