4068 6198
321 286 431 349 171

1298 299 1798 359 COMMENTARIA
1839 303 1905 360 ΙΝ
1944 305 2196 368 ISAIAM.
2236 346 2305 354 —
2341 313 2495 371 CAP.
2534 313 2628 374 XI.

3485 323 3586 378 178

326 413 571 486 πτέρυξι
601 415 699 486 τῆς
747 414 866 487 γῆς,
890 416 1272 488 διατρέχοντες
1300 422 1565 501 ἀνατολὴν
1608 425 1703 478 καὶ
1748 424 1893 479 δύσιν

2025 438 2220 485 terrm:
2253 432 2529 489 Orientem
2574 445 2629 490 et
2659 434 3027 502 Occidentem.
3063 438 3494 511 Septentrionem
3532 454 3586 495 et

332 503 543 574 ἀρκτον
589 505 677 557 καί
727 506 1094 579 μεσημϐρίαν.
1138 510 1381 580 Πρώτοις
1416 513 1514 583 μὲν
1566 511 1659 569 οὖν
1695 516 1920 582 ἐκείνοις

344 594 677 664 μετεδίδοσαν
705 597 795 650 τοῦ
821 598 1183 668 εὐαγγελικοῦ
1218 602 1399 672 λόγου,
1438 605 1629 660 ἔπειτα
1673 611 1783 672 τοῖς
1810 610 1920 663 λοι-

344 689 469 749 ποϊς
494 686 686 740 ἔθνεσιν
711 689 1035 761 ἐκήρυττον.
1070 691 1161 745 Διὸ
1194 693 1459 750 λέλεκται·
1498 717 1516 749 ι
1554 700 1664 753 Καὶ
1703 700 1917 767 συνάξει

346 779 467 841 τοὺς
515 779 857 845 ἀπολωλότας
896 783 1136 855 Ἰσραὴλ,
1188 786 1281 840 καὶ
1326 790 1453 853 τοὺς
1491 790 1917 865 διεσπαρμένους

360 870 527 922 Ἰούδα.
572 890 590 923 ι
629 871 724 935 Τίς
746 872 805 926 δὲ
847 875 1126 947 συνάξειῆ
1173 879 1201 932 6
1238 878 1592 946 ἀποστολικὸς
1616 885 1793 957 χορὸς,
1823 886 1857 958 ἢ
1887 890 1915 941 ό

341 956 405 1012 δι’
424 960 592 1013 αὐτῶν
622 963 1032 1034 κηρυττόμενος
1058 968 1123 1019 ὲκ
1152 966 1309 1038 ῥίζης
1346 971 1576 1037 Ἰεσσαί;
1611 956 1915 1046 Συνήγοντό

336 1065 387 1101 τε
432 1050 531 1103 ὑπὸ
597 1054 732 1123 μίαν
785 1055 1117 1126 Ἐκκλησίαν
1142 1096 1157 1121 ,
1204 1059 1386 1113 οὐκέτι
1435 1061 1739 1130 διεστῶτες,
1794 1066 1913 1120 οὐδὲ

328 1142 693 1215 ἀφωρισμένοι
729 1147 1001 1219 ἀλλήλων,
1032 1149 1109 1214 ὡς
1138 1152 1200 1205 τὸ
1240 1153 1522 1225 πρότερον.

397 1253 417 1286 ι
460 1238 572 1292 Καὶ
624 1241 1061 1313 πετασθὴσονται
1106 1245 1164 1296 ὲν
1207 1245 1414 1310 πλοίοις
1449 1248 1782 1320 ἀλλοφύλων,
1819 1252 1913 1307 θά-

325 1324 522 1381 λασσαν
545 1331 663 1401 ἃμα
690 1333 1173 1403 προνομεύσουσιν.
1214 1359 1235 1388 ι
1282 1337 1477 1410 Ἐχρῆν
1491 1341 1670 1394 τοίνυν
1691 1343 1906 1411 αὐτοὺς,

324 1418 390 1492 τζι
422 1420 548 1493 ἔθνη
569 1424 1049 1493 περινοστοῦντας,
1089 1427 1305 1493 πάντως
1333 1447 1434 1483 που
1477 1432 1572 1485 καὶ
1597 1435 1664 1505 τῇ
1701 1434 1791 1490 διὰ
1813 1435 1909 1490 θα·-

324 1507 526 1579 ὶὰσσης
563 1514 866 1584 χρήσασθαι
902 1516 1122 1587 πορείᾳ.
1164 1517 1375 1590 Ὥσπερ
1415 1517 1508 1574 οὖν
1539 1523 1842 1596 ἱπτάμενοι,

316 1600 488 1670 ,ταχος
523 1604 613 1655 καὶ
661 1605 751 1658 τὸν
797 1606 886 1659 διὰ
928 1606 1200 1681 θαλάττης
1236 1609 1438 1682 δρόμον
1470 1613 1702 1685 διήνυον
1726 1617 1800 1682 ὡς
1848 1620 1908 1672 ὲν

337 1690 528 1761 βραχεί
551 1696 720 1765 χρόνῳ
754 1696 1024 1762 πλείστοις
1057 1699 1233 1754 ἔθνεσι
1264 1702 1326 1756 τὸ
1365 1703 1696 1784 Εὐαγγέλιον
1731 1708 1904 1780 κηρύ-

2024 522 2296 580 Meridiem
2334 541 2731 597 percurrentes.
2776 529 2887 587 Illis
2916 532 3095 601 itaque
3139 534 3315 604 primo
3357 548 3587 603 evange-

2020 612 2182 669 licum
2231 619 2453 672 verbum
2512 619 2886 684 tradiderunt,
2940 622 3134 678 deinde
3183 622 3405 693 reliquis
3452 637 3584 692 gen-

2022 708 2164 762 tibns
2209 710 2590 778 prtedicarunt.
2643 715 2999 783 Quamobrem
3047 716 3248 770 dictum
3299 726 3417 780 est,
3473 736 3491 767 ι
3522 715 3586 770 Ει

2018 802 2368 868 congregabit
2412 807 2646 873 perditos
2697 807 2892 871 Israel,
2941 816 2996 862 et
3049 806 3317 876 dispersos
3364 805 3578 862 ludar.»

2017 889 2148 955 Quis
2180 897 2546 964 congregabit,
2594 898 2695 953 nisi
2746 899 3071 969 apostolicus
3106 900 3326 963 chorus,
3376 900 3491 954 sive
3539 901 3584 955 is

2016 983 2104 1049 qui
2135 982 2203 1037 ab
2242 985 2347 1040 illis
2374 989 2722 1054 praadicatur,
2750 1006 2813 1045 ex
2852 991 3033 1046 radice
3079 988 3244 1046 Jessa:
3286 992 3478 1046 ortus?
3526 991 3583 1047 lu

2015 1088 2119 1127 una
2157 1092 2320 1144 porro
2352 1078 2591 1136 Ecclesia
2629 1090 2756 1137 tunc
2785 1083 3275 1155 congregabantur,
3308 1101 3411 1139 nun
3444 1087 3583 1140 ultra

2015 1166 2207 1231 dissiti,
2241 1185 2413 1239 neque
2441 1174 2696 1242 separati,
2733 1184 2785 1229 ut
2825 1186 3003 1229 antea.

2084 1254 2246 1313 Vens.
2277 1259 2363 1313 l4.
2429 1277 2447 1312 ι
2484 1261 2548 1316 Et
2607 1263 2864 1320 volabunt
2910 1266 2961 1319 in
3012 1267 3235 1322 navibus
3284 1266 3583 1339 allophylu-

2013 1362 2162 1412 rutn,
2220 1365 2370 1405 mare
2404 1352 2563 1408 simul
2612 1356 3016 1424 przedabuntur.
3049 1377 3067 1410 ι
3126 1357 3375 1428 Oportuit
3421 1360 3585 1429 igitur

2010 1454 2140 1504 eos,
2199 1453 2484 1513 postquam
2548 1457 2737 1518 gentes
2801 1449 3229 1519 circumquaque
3298 1452 3580 1513 adierant.

2008 1533 2172 1587 etiam
2209 1539 2374 1591 maris
2424 1538 2615 1593 itinera
2657 1541 2895 1596 emetiri.
2925 1542 3088 1609 Quasi
3135 1543 3378 1598 volantes
3420 1544 3585 1614 igitur

2010 1635 2168 1690 quam
2200 1624 2449 1679 celeriter
2490 1643 2711 1683 cursum
2759 1632 2925 1686 maris
2974 1631 3365 1701 cunﬁciebant,
3408 1634 3482 1689 ita
3528 1644 3584 1690 ut

2009 1711 2157 1766 brevi
2190 1718 2611 1785 quamplurimis
2646 1724 2900 1791 gentibus
2936 1724 3282 1793 Evangelium
3323 1726 3582 1795 przediCa-

336 1782 448 1847 ξαι.
490 1786 596 1837 Καὶ
620 1787 745 1839 ποτὲ
781 1790 873 1857 μὲν
903 1789 1177 1862 διέτρεχον
1211 1794 1403 1865 πεζῆς,
1437 1782 1567 1851 ποτέ
1595 1798 1652 1851 δὲ
1695 1800 1782 1855 διὰ
1807 1801 1893 1856 θα-

2013 1812 2149 1858 rent.
2181 1804 2245 1859 Et
2288 1782 2419 1861 sane
2466 1812 2622 1865 modo
2647 1782 2916 1881 Vpedibus,
2949 1782 3118 1870 modo
3144 1817 3279 1871 mari
3317 1782 3418 1872 iter
3458 1833 3581 1889 age-

342 1874 565 1945 λάσσης’
606 1878 705 1930 οὐκ
742 1880 1004 1945 Ἰουδαίοις
1048 1883 1321 1956 χρώμενοι
1354 1884 1738 1961 κυδερνήταις,
1790 1894 1904 1948 ἀλλ’

343 1968 596 2039 ἀνδράσιν
622 1970 773 2025 οὔπω
803 1974 891 2027 τὸν
925 1978 1154 2048 Χριστὸν
1204 1982 1713 2056 παραδεδεγμένοις.
1748 1988 1907 2045 Κατὰ

347 2060 500 2115 τοῦτο
525 2062 579 2115 δὲ
611 2065 703 2118 καὶ
732 2066 827 2137 τήν
851 2068 1115 2125 θάλασσαν
1129 2073 1512 2146 ὲπρονόμευον,
1540 2078 1681 2132 οὕτω
1709 2081 1905 2152 σημαί-

346 2171 517 2220 νοντος
550 2158 644 2210 τοῦ
675 2158 827 2228 λόγου
867 2162 963 2227 τὰς
992 2165 1208 2235 νήσους,
1242 2166 1309 2230 ἃς
1355 2170 1413 2221 ὲν
1459 2171 1673 2242 παρόδῳ
1696 2173 1905 2246 διερχό-

331 2261 497 2312 μενοι,
529 2248 655 2313 τοὺς
680 2252 738 2303 ἐν
764 2252 954 2318 αὐταῖς
995 2257 1062 2327 τῇ
1100 2258 1351 2330 σωτηρίῳ
1385 2260 1789 2319 καθυπέταττον
1815 2266 1895 2323 δι-

322 2334 602 2409 δασκαλίᾳ.

390 2449 409 2480 ι
443 2432 551 2485 Καὶ
600 2436 729 2498 τοὺς
766 2435 861 2503 ἀφ’
900 2438 1056 2507 ἡλίου
1118 2442 1411 2511 ἀνατολῶν,
1439 2450 1533 2501 καὶ
1578 2449 1898 2521 Ἰδουμαίαν,

318 2521 409 2573 καὶ
462 2524 554 2576 ἐπὶ
618 2527 798 2582 Μωέιδ
851 2532 1072 2603 πρῶτον
1130 2534 1230 2600 τὰς
1295 2541 1483 2611 χεῖρας
1528 2542 1896 2599 ἐπιϐαλοῦσιν.

313 2614 376 2668 υί
426 2615 531 2669 υίοὶ
593 2619 820 2708 Ἀμμὼν
881 2625 1089 2697 πρῶτοι
1132 2628 1554 2687 ὑπακούσονται.
1622 2654 1641 2687 ι
1698 2637 1899 2708 Προνο-

316 2703 605 2772 μεύσουσιν
638 2706 753 2777 οὗν,
784 2715 970 2784 φησιν,
1010 2719 1058 2771 oi
1103 2720 1336 2792 Χριστοῦ
1372 2724 1612 2796 μαθηταὶ
1643 2703 1897 2794 καὶντοὺς

311 2796 403 2864 ἀφ’
428 2798 582 2867 ἡλίου
634 2803 934 2860 ἀνατολῶν·
980 2809 1313 2881 ἱστοροῦνται
1347 2815 1476 2883 γοῦν
1529 2835 1673 2883 τινες
1717 2821 1897 2875 αὐτῶν

323 2889 481 2960 μέχρι
508 2891 609 2962 τῆς
655 2894 881 2967 Περσῶν
931 2900 1028 2953 καὶ
1071 2903 1244 2958 Ἰνδῶν
1280 2906 1644 2977 διεληλυθέναι
1689 2911 1891 2983 χώρας.

334 2980 551 3079 Ἐπειδὴ
576 2985 631 3040 δὲ
651 2989 862 3045 ἐδόκουν
905 2994 1050 3048 κατὰ
1080 2999 1206 3061 τοὺς
1227 3001 1452 3072 χρόνους
1485 3004 1578 3057 τοῦ
1612 2980 1893 3079 προφήτου

330 3070 639 3172 Ἰδουμαῖοι,
670 3081 759 3134 καὶ
788 3084 1101 3153 Μωαϐῖται,
1149 3092 1241 3143 καὶ
1267 3070 1638 3164 -Ἂμμανίτσι,
1763 3070 1892 3172 περὶ

312 3162 417 3259 την
452 3166 702 3259 Ἰουδαίαν
736 3174 1001 3247 Ἀραδικὰ
1021 3178 1171 3251 ἔθνη,
1201 3162 1434 3253 πολέμια
1465 3186 1559 3239 καὶ
1586 3162 1896 3259 ἐχθρὰτυγ-

310 3254 501 3323 χάνειν
529 3258 621 3313 τοῦ
668 3267 795 3336 παρ’
849 3267 1134 3335 Ἰουδαίους
1163 3275 1497 3344 τιμωμένου,
1552 3254 1767 3353 δια-τὴν
1800 3254 1892 3337 ἐκ·

305 3362 472 3402 τοπον
500 3352 682 3407 αὐτῶν
710 3356 1173 3429 είδωλολατρείανο
1210 3367 1434 3432 εἰκότως
1485 3370 1685 3425 τούτων
1717 3352 1894 3429 αὐτῶν

301 3435 565 3507 ὀνομαστὶ
615 3446 837 3518 μνήμην
868 3452 896 3503 ὁ
921 3450 1079 3520 λόγος
1122 3456 1441 3527 ἐποιήσατο,
1479 3461 1556 3525 ὡς
1590 3463 1682 3516 καὶ
1716 3465 1893 3519 αὐτῶν

298 3533 759 3605 παραδεξομένιινδ
805 3541 902 3613 τὴν
936 3544 1042 3598 ὑπὸ
1068 3545 1178 3600 τῶν
1205 3551 1515 3607 ἀποστόλων
1555 3557 1893 3629 κηρυχθησο-

302 3628 475 3698 μένην
506 3632 811 3690 εὐσέϐειαν.

380 3737 402 3768 ι
451 3723 554 3808 καὶ
582 3726 860 3797 ἐρημώσει
898 3732 1102 3803 Κύριος
1144 3734 1242 3807 τὴν
1274 3738 1549 3793 θάλασσαν
1575 3742 1876 3811 Αἰγύπτου,

302 3814 406 3864 καὶ
433 3814 680 3870 ἐπιδαλεί
732 3819 831 3892 τὴν
879 3827 1040 3895 χεῖρα
1087 3827 1251 3881 αὑτοῦ
1284 3830 1378 3883 ἐπὶ
1416 3831 1509 3885 τὸν
1552 3834 1797 3904 ποταμὸν
1830 3836 1888 3888 ἐν

298 3904 574 3975 πνεύματι
609 3908 787 3981 βιαίῳ.
834 3930 853 3964 ι
889 3915 1166 3984 Αἴγυπτον.
1208 3919 1312 3990 μὲν
1349 3921 1447 3992 τὴν
1489 3923 1752 3997 αἰσθητὴν
1780 3927 1888 3980 τῶν

296 3997 614 4065 Alpis-rin
636 4002 819 4076 χώραν
853 4007 1147 4077 ἀναγκαῖον
1180 4012 1461 4083 ὁμολογεῖν
1481 4032 1494 4045 ·
1532 4016 1804 4072 θάλασσαν
1830 4020 1887 4073 δὲ

301 4090 476 4160 αὐτῆς
502 4095 599 4145 καὶ
629 4097 873 4168 ποταμὸν
912 4099 1289 4174 ἀλληγορικῶς
1344 4106 1683 4177 ἐκδέχεσθαι·
1744 4111 1885 4185 ἅπερ

295 4185 461 4253 φησὶν
510 4187 968 4260 ἑρημωθὴσεσθαι
1011 4195 1152 4249 κατὰ
1189 4198 1317 4260 τοὺς
1376 4202 1885 4271 προφητευομένους

295 4274 543 4345 χρόνους,
575 4279 637 4329 ἐν
681 4275 763 4345 οἷς
808 4283 1142 4357 προσθήσειν
1188 4288 1404 4361 εἴρηται
1456 4293 1484 4343 ὁ
1540 4291 1745 4364 Κύριος
1788 4295 1881 4349 τοῦ

294 4363 465 4431 δεῖξαι
500 4367 602 4439 τὴν
624 4373 781 4442 χεῖρα
805 4374 992 4429 αὐτοῦ.
1040 4378 1104 4429 ’ll
1145 4378 1255 4449 γὰρ
1288 4380 1573 4455 προσθήκη
1625 4363 1882 4455 προγενο-

2007 1895 2172 1962 bant;
2222 1913 2329 1954 non
2384 1898 2585 1958 Judzeis
2636 1904 3087 1975 gubernatoribus
3137 1910 3249 1975 usi,
3294 1910 3389 1964 sed
3424 1911 3580 1975 viris,

2006 1989 2096 2058 qui
2144 1993 2380 2046 nundttm
2432 1993 2709 2050 Christum
2744 2010 3116 2069 susceperant.
3166 2000 3278 2056 Hac
3317 2016 3581 2057 vero-ra-

2006 2083 2149 2139 tione
2190 2085 2352 2140 etiam
2406 2090 2577 2145 maria
2628 2092 3040 2161 pra‘dabantur;
3079 2096 3162 2152 his
3208 2097 3580 2167 signiﬁcantur

2006 2177 2196 2233 insula:
2229 2196 2458 2249 quarmn
2497 2183 2704 2239 incolas
2731 2188 2857 2241 dum
2891 2188 2944 2241 in
2976 2199 3291 2246 transcursu
3325 2207 3580 2264 peragra-

2003 2279 2143 2338 rent,
2175 2271 2403 2329 salutari
2434 2276 2694 2332 doctrinm
2724 2279 3102 2350 subjiciebant.

2078 2466 2097 2500 ι
2129 2449 2195 2504 Ει
2219 2466 2314 2507 eos
2347 2453 2436 2522 qui
2477 2464 2607 2509 sunt
2636 2456 2703 2509 ab
2733 2462 2854 2512 Ortu
2891 2458 3041 2524 solis,
3069 2469 3124 2514 et
3161 2459 3447 2518 Idumzeam
3475 2483 3489 2520 :
3526 2475 3579 2519 et

2002 2540 2054 2594 in
2090 2540 2245 2597 Moab
2280 2546 2457 2614 primo
2495 2562 2686 2603 manus
2721 2549 2982 2618 injicieut.
3012 2550 3131 2606 Filii
3160 2552 3387 2609 Ammon
3418 2557 3576 2625 primi

1999 2634 2274 2689 obedient.
2303 2656 2321 2689 ι
2371 2636 2785 2705 Prtedabuntur,
2834 2642 3028 2711 inquit,
3070 2642 3270 2699 Christi
3324 2648 3574 2717 discipuli

1998 2727 2164 2781 etiam
2195 2743 2290 2783 eos
2320 2730 2410 2799 qui
2441 2731 2510 2784 ab
2541 2740 2663 2786 ortu
2697 2733 2828 2788 solis
2876 2747 3038 2789 sunt:
3073 2746 3330 2792 narratur
3373 2740 3576 2811 quippe

1996 2830 2183 2870 eormn
2236 2821 2495 2888 quosdam
2549 2837 2721 2891 usque
2764 2825 2830 2877 ad
2879 2824 3161 2880 Persarum
3209 2836 3264 2883 et
3317 2828 3571 2885 ludorum

1999 2907 2273 2975 regionem
2327 2920 2660 2979 penetrasse.
2713 2913 2851 2982 Quia
2904 2931 3036 2973 vero
3087 2919 3362 2990 propheta:
3413 2920 3572 2989 hujus

2001 3008 2266 3072 tempore,
2318 3001 2565 3067 Idumaei,
2618 3005 2863 3064 Moabitm
2913 3018 2968 3064 et
3009 3012 3351 3077 Ammonitar,
3386 3024 3571 3083 gentes

2001 3090 2104 3145 illa:
2159 3091 2433 3162 Arabicae,
2487 3095 2633 3151 circa
2688 3095 2927 3155 Iudaeam
2983 3103 3205 3171 positae,
3257 3104 3461 3161 inimici
3518 3118 3572 3163 et

2001 3185 2182 3240 hostes
2214 3188 2536 3246 videbantur
2559 3207 2679 3248 esse
2719 3192 2828 3248 Deo
2872 3210 3038 3263 penes
3062 3194 3277 3251 Juda-os
3307 3198 3475 3265 culto,
3499 3201 3570 3255 ob

1998 3274 2287 3332 absurdam
2345 3295 2512 3349 quam
2578 3281 2832 3338 fovebant
2886 3283 3284 3354 idololatriam;
3332 3288 3457 3360 jure
3504 3305 3570 3345 ac
3664 3352 3667 3353 ν

1996 3371 2191 3425 merito
2227 3372 2262 3426 ii
2310 3374 2628 3428 nouiinatim
2679 3389 3201 3442 commemorantur,
3250 3388 3437 3448 utpote
3471 3383 3565 3451 qui

1994 3466 2135 3535 piam
2184 3467 2500 3538 religionem
2544 3470 2612 3525 ab
2642 3469 2899 3541 apostolis
2929 3471 3355 3527 annuntiandam
3382 3489 3569 3531 susce-

1991 3559 2136 3629 pturi
2170 3562 2300 3618 sint.

2062 3731 2232 3789 Vens.
2265 3733 2352 3789 15.
2392 3752 2411 3786 ι
2441 3734 2508 3790 Et
2544 3744 2816 3790 desertum
2871 3735 3056 3791 reddet
3110 3734 3367 3792 Dominus
3414 3752 3563 3794 mare

1989 3824 2211 3898 Egypti
2241 3844 2255 3882 :
2290 3836 2345 3881 et
2391 3827 2596 3897 injiciet
2631 3842 2849 3881 rnanum
2878 3843 3030 3883 suain
3062 3843 3225 3896 super
3259 3827 3455 3884 [lumen
3508 3833 3561 3885 in

1988 3919 2181 3987 Spiritu
2226 3921 2598 3976 vehementi.»
2653 3919 2947 3990 Egyptum
3000 3921 3250 3991 quidem,
3308 3922 3559 3978 sensilem

1989 4010 2135 4064 illam
2162 4010 2544 4084 Egyptiornm
2589 4012 2861 4083 regionem
2891 4025 3011 4066 esse
3050 4013 3361 4068 necessario
3391 4015 3562 4069 conli-

1988 4103 2205 4157 tcndum
2260 4113 2380 4170 est;
2431 4103 2525 4157 sed
2570 4118 2718 4157 mare
2763 4110 2816 4156 et
2862 4102 3058 4157 ﬂumen
3105 4104 3223 4173 ejus
3269 4104 3559 4175 allegorice

1985 4192 2338 4261 accipienda:
2378 4208 2496 4262 quae
2538 4194 2589 4247 in
2626 4203 2869 4263 tempore
2913 4211 2942 4248 a
2989 4196 3273 4265 prophetia
3320 4196 3558 4251 indicato

1985 4285 2244 4337 vastanda
2288 4286 2403 4339 fore
2437 4287 2543 4339 ait:
2592 4287 2808 4354 quando
2838 4286 3096 4343 Dominus
3134 4289 3447 4359 adjecturus
3476 4292 3558 4345 di-

1984 4376 2146 4439 citur,
2176 4385 2235 4430 ut
2282 4380 2537 4432 ostendat
2571 4393 2790 4433 manum
2824 4394 3000 4436 suam.
3051 4382 3257 4437 Etenim
3301 4382 3554 4452 adjectio,

300 4458 485 4526 μένοις
514 4460 835 4533 πράγμασιν
866 4467 1026 4538 ἔτερα
1080 4472 1415 4543 ὁμοιότροπα
1458 4475 1877 4547 ἐπιγενήσεσθαι

2001 4484 2087 4522 am
2124 4470 2359 4538 peractis
2393 4470 2554 4526 rebus
2583 4471 2685 4524 alia
2720 4472 2919 4527 similia
2954 4474 3196 4528 addenda
3232 4490 3356 4530 esse
3386 4476 3556 4547 signi-

295 4550 464 4621 dn‘mi.
497 4553 671 4608 Πάλαι
699 4557 796 4626 μὲν
837 4555 931 4613 οὖν
965 4562 1054 4614 ἐπὶ
1087 4565 1364 4630 Μωῦσέως
1409 4568 1441 4638 ἡ
1478 4569 1598 4640 χεὶρ
1631 4570 1725 4624 τοῦ
1761 4573 1874 4625 Κυ-

296 4642 415 4710 ρίου
441 4643 679 4715 ἐξήγαγε
703 4650 827 4713 τοὺς
846 4653 995 4717 υἱοὺς
1011 4654 1226 4728 Ἰσραὴλ
1244 4656 1302 4721 ἐξ
1319 4658 1596 4727 Αἰγύπτου
1615 4678 1627 4691 ·
1646 4663 1874 4734 διήγαγε

291 4733 347 4787 δὲ
405 4736 508 4806 τὴν
545 4736 820 4794 θάλασσαν
868 4742 967 4813 τὴν
1004 4746 1292 4819 Ἐρυθρὰν,
1328 4751 1422 4803 καὶ
1473 4733 1765 4823 εἰσήγαγεν
1794 4756 1874 4818 είς

288 4826 390 4897 τὴν
419 4828 526 4898 γῆν
549 4828 649 4899 τῆς
672 4832 1022 4902 ἐπαγγελίας,
1054 4839 1151 4909 τὴν
1184 4836 1349 4894 οὖσαν
1381 4842 1694 4914 ἀλλοφύλων
1736 4847 1872 4917 πρό-

289 4933 479 4989 τερον·
509 4923 626 4975 νυνὶ
658 4924 714 4977 δὲ
762 4927 857 4979 καὶ
904 4926 990 4982 διὰ
1014 4929 1107 4983 τοῦ
1144 4932 1209 4985 ἐκ
1252 4933 1409 5006 ῥίζης
1448 4936 1643 4991 Ἰεσσαὶ
1670 4939 1702 5009 ἠ
1732 4938 1871 5010 αὑτὴ

291 5012 412 5084 χεὶρ
434 5012 529 5066 τοῦ
566 5015 790 5086 Κυρίου,
819 5019 1134 5093 προσθήκην
1157 5024 1377 5092 ἀγαθῶν
1400 5028 1717 5100 ποιουμένη,
1746 5032 1873 5095 τοὺς

290 5102 626 5171 ἀποστόλους
662 5108 756 5162 τοῦ
786 5110 1057 5183 Σωτῆρος,
1085 5119 1180 5170 καλ⁵
1209 5120 1335 5182 τοὺς
1361 5121 1604 5193 κήρυκας
1640 5122 1733 5176 τοῦ
1765 5141 1870 5177 σω-

284 5197 479 5268 τηρίου
509 5199 865 5270 Εὐαγγελίου,
901 5205 1183 5271 Ἰουδαίους
1216 5208 1376 5273 ὂντας
1407 5213 1501 5266 καὶ
1519 5211 1577 5278 ἐξ
1604 5214 1869 5269 Ἰουδαίων

284 5288 665 5360 ὁρμωμένους,
714 5295 991 5362 ἐπιδόξους
1044 5299 1141 5352 καὶ
1189 5300 1460 5373 ζηλωτοὺς
1507 5306 1680 5360 ἐποίει
1744 5307 1868 5361 καθ’

281 5380 417 5452 ὅλης
443 5383 547 5454 τῆς
590 5387 934 5459 οίκουμένης,
977 5390 1040 5443 ού
1094 5391 1201 5462 μὴν
1234 5392 1368 5449 ἀλλὰ
1424 5397 1517 5450 καὶ
1565 5398 1653 5450 ἐπ’
1696 5399 1868 5471 αὐτῆς

282 5475 590 5544 Αἰγύπτου,
630 5478 759 5534 ἔνθα
784 5481 1064 5554 παρῄεσαν
1089 5484 1401 5553 ἀκωλύτως,
1445 5489 1670 5560 μηδενὸς
1693 5493 1864 5562 ἐμπο-

1985 4563 2126 4616 ﬁcat.
2154 4561 2293 4617 Olim
2326 4563 2545 4632 quidem
2581 4563 2781 4635 Moysis
2827 4577 3065 4636 tempore
3100 4582 3294 4622 manus
3343 4568 3552 4624 Domini

1983 4656 2121 4711 ﬁlios
2164 4655 2327 4712 Israel
2356 4656 2548 4712 eduxit
2577 4673 2642 4713 ex
2682 4657 2943 4730 Egypto,
2980 4675 3076 4728 per
3121 4676 3271 4716 mare
3310 4660 3555 4718 Rubrum
3644 4668 3651 4675 ‘

1982 4750 2217 4805 transire
2248 4749 2397 4816 fecit,
2429 4761 2485 4807 et
2536 4752 2748 4807 induxit
2798 4755 2848 4806 in
2897 4762 3099 4807 terram
3150 4754 3550 4823 promissionis,

1978 4858 2098 4912 qua:
2127 4844 2273 4913 prius
2311 4845 2699 4918 a|l0pbylornm
2724 4857 2862 4900 erat.
2891 4845 3043 4901 Nunc
3072 4856 3249 4901 autem
3281 4863 3378 4917 per
3404 4863 3549 4914 eum,

1980 4940 2070 5006 qui
2109 4953 2175 4992 ex
2204 4938 2389 4994 radice
2433 4937 2599 4994 lassa:
2640 4940 2871 5010 prodiit,
2921 4941 3033 5011 ipsa
3076 4940 3286 4993 Domini
3336 4954 3547 5005 manus,

1981 5029 2241 5084 honorum
2263 5032 2627 5087 accessionem
2653 5031 2910 5097 efferens,
2932 5032 3204 5103 apostolos
3228 5032 3544 5093 Salvatnris.

1977 5130 2033 5175 et
2060 5120 2315 5176 salutaris
2344 5122 2620 5192 Evangelii
2652 5136 2932 5191 praecones
2966 5122 3219 5191 ipsosque
3248 5120 3461 5178 Judaeos
3493 5134 3548 5176 et

1975 5228 2038 5267 ex
2068 5211 2268 5269 Judaei:
2295 5213 2586 5284 proiectos,
2615 5213 2877 5283 gloriosos
2898 5222 2950 5269 et
2979 5212 3322 5270 azrttulatione
3350 5214 3545 5282 dignos

1976 5321 2071 5377 per
2114 5316 2282 5361 totum
2320 5308 2506 5362 orbem
2544 5304 2755 5370 eﬂ‘ecit;
2799 5306 2907 5358 imo
2934 5304 3095 5358 etiam
3129 5305 3181 5360 in
3220 5304 3335 5376 ipsa
3377 5306 3545 5379 Egy-

1975 5409 2087 5469 pto,
2114 5413 2221 5468 quo
2256 5397 2425 5453 libere
2454 5397 2553 5461 illi,
2585 5398 2800 5452 nemine
2840 5398 3112 5463 obstante,
3143 5399 3536 5468 peragrabant,

1975 5500 2029 5544 et
2075 5490 2142 5547 ad
2187 5489 2563 5562 Egyptiacam
2606 5490 2964 5547 idololatriam
3012 5492 3361 5547 evertendam
3395 5491 3541 5545 ultro

276 5566 384 5621 δὼν
412 5570 603 5635 αὐτοῖς
650 5574 933 5645 γινομένου
956 5594 970 5608 ο
1023 5578 1118 5632 καὶ
1166 5578 1384 5650 διῄεσαν
1428 5583 1521 5636 ἐπὶ
1551 5583 1865 5655 καθαιρέσει

1997 5589 2214 5658 :itroque
2264 5588 2633 5659 permeabant.
2661 5588 2738 5641 Ac
2785 5585 2859 5647 illi
2894 5589 3111 5657 quidem
3149 5584 3347 5657 Moysts
3394 5595 3538 5640 tem-

277 5660 378 5729 τῆς
412 5664 802 5735 Αἰγυπτιακῆς
844 5668 1303 5745 εἰδωλολατρείας.
1363 5675 1471 5728 Καὶ
1514 5676 1562 5728 οἱ
1614 5676 1713 5747 μὲν
1767 5678 1860 5729 ἐπὶ

1997 5694 2119 5744 »οι-ε,
2155 5678 2420 5746 fugientes
2458 5675 2799 5733 Pharaonem
2828 5687 2884 5733 et
2909 5675 3219 5750 Egyptios,
3249 5678 3533 5744 exierunt;

277 5752 562 5821 Μωῦσέως
613 5754 859 5827 ἐξῄεσαν,
908 5760 1195 5831 φεύγοντες
1247 5764 1336 5820 τὸν
1359 5766 1555 5839 Φαραὼ
1604 5769 1696 5821 καὶ
1735 5770 1858 5834 τοὺς

1997 5768 2218 5841 liscipuli
2261 5778 2439 5827 autem
2475 5769 2677 5829 Christi
2719 5770 2946 5843 ingrcssi
2978 5782 3101 5827 sunt
3141 5771 3192 5827 in
3242 5767 3531 5839 Αῐεῃιιωυ
