4068 6198
470 243 572 298 179

1137 238 1406 297 EUSEBII
1447 241 1928 301 CESABIENSIS
1967 243 2115 302 OPP.
2158 244 2336 301 PARS
2375 243 2459 300 Ill.
2498 275 2572 287 —
2605 241 3016 300 EXEGETICA.

3617 246 3720 300 1βο

466 359 746 428 ςροιιιιιηοί
797 357 1054 418 salutaris
1090 359 1242 414 verbi
1287 375 1584 430 praecones.
1636 362 1746 420 Illis
1801 373 2036 437 tempore

2147 363 2504 432 Αἰγυπτίουςο
2545 361 2594 414 οἰ
2645 361 2703 415 δὲ
2758 357 2997 434 Χριστοῦ
3054 356 3295 430 μαθηταί
3343 357 3593 429 εἰσῄεσαν
3640 362 3720 423 εἰς

465 451 664 522 llloysis
725 465 878 506 mare
940 449 1128 506 sensili
1186 466 1336 507 more
1400 453 1667 522 divisum,
1716 472 1854 528 aqua
1910 474 2039 516 vero

461 541 702 613 Aigyptii
749 541 987 596 ﬂuminis
1017 542 1070 597 in
1117 545 1433 615 sanguinem
1465 555 1670 600 mutata
1709 558 1822 615 est;
1856 558 1910 602 at
1946 551 2040 604 bo-

462 652 653 690 norum
685 636 925 692 accessio
953 639 1266 693 memoratis
1311 640 1653 708 temporibus
1700 639 1865 705 facta,
1902 643 2036 697 mari

461 731 675 800 quidem
706 729 962 802 Egyptio
994 732 1378 796 vastationem,
1423 731 1625 787 ﬂumini
1675 751 1804 789 vero
1847 751 2036 790 eorum

461 832 761 877 extremam
811 824 1112 878 siccitatem
1164 825 1432 893 minatur;
1467 836 1524 879 ιιι
1570 827 1846 895 Evangelii
1897 844 2038 897 prae-

461 930 622 970 cones
668 915 816 971 nullo
867 917 1026 972 obice
1071 916 1452 986 Egyptiorum
1500 921 1750 992 regiones
1801 922 2036 975 circum-

460 1018 613 1076 eant,
643 1023 707 1063 ac
751 1009 1040 1063 mnllormn
1075 1011 1290 1079 quidem
1330 1014 1554 1068 deorum
1595 1015 2036 1084 superstitionem

460 1109 736 1164 evertant;
771 1100 862 1154 Dei
897 1109 1078 1153 autem
1110 1102 1198 1170 qui
1229 1118 1393 1173 supra
1415 1104 1592 1159 omnia
1623 1117 1728 1169 est,
1755 1115 1808 1160 et
1837 1105 2036 1160 Christi

461 1190 578 1259 ejus
604 1207 670 1246 ex
714 1191 899 1246 radice
925 1191 1092 1247 Jessa:
1123 1195 1460 1262 prodeuntis,
1505 1198 1751 1251 notitiam
1799 1199 2034 1253 tradant.

459 1284 870 1338 Observandum
914 1292 1093 1338 autem
1144 1295 1226 1341 est
1261 1302 1368 1357 quo
1407 1298 1566 1358 pacto
1616 1304 1720 1342 non
1763 1289 2035 1358 regionem

459 1377 703 1449 Aigypti,
743 1379 836 1433 sed
869 1395 1018 1435 mare
1065 1389 1374 1436 vastaturus
1421 1397 1543 1437 esse
1596 1381 1859 1437 Dominus
1887 1384 2036 1439 dica-

464 1482 568 1533 tur,
600 1471 880 1541 Scriptura
912 1473 1186 1542 copiosam
1222 1472 1541 1528 idololatria:
1581 1476 1902 1531 varietatem
1957 1477 2039 1533 his

461 1562 751 1618 indicante.
789 1562 890 1619 Pro
937 1565 1030 1618 illo
1063 1574 1266 1630 autem,
1311 1584 1330 1617 ι
1365 1564 1646 1620 Desertum
1683 1567 1846 1622 faciet
1897 1569 2037 1624 Deus

462 1671 612 1711 mare
639 1655 888 1726 Egypti;
915 1675 934 1708 ι
973 1667 1084 1712 tres
1111 1657 1203 1712 alii
1239 1657 1490 1712 similiter
1516 1657 1854 1722 interpretati
1884 1669 2030 1724 sunt,

2144 457 2414 526 Αἴγυπτον
2455 453 2742 526 αὐτόμολοι
2790 453 3032 524 κήρυκες
3083 450 3176 504 τοῦ
3223 452 3494 523 σωτηρίου
3535 453 3712 522 λόγου.

2154 548 2265 602 Kal.
2287 550 2398 611 τοῖς
2431 547 2528 616 μὲν
2547 546 2638 598 ἐπὶ
2654 543 2930 606 Μωῦσέως
2946 542 3171 614 διῄρητο
3203 544 3236 613 ὴ
3264 541 3513 598 θάλασσα
3537 544 3726 614 αἰσθη-

2142 639 2279 705 τῶς·
2311 640 2448 694 τὸδὲ
2478 639 2620 711 ὕδωρ
2635 638 2729 692 τοῦ
2761 638 3059 706 Αἰγυπτίου
3090 639 3336 709 ποταμοῦ
3370 637 3728 710 μετεϐάλλετο

2139 735 2219 798 εἰς
2251 727 2390 804 αἷμα
2409 750 2422 762 ·
2450 733 2483 804 ἡ
2508 732 2564 785 δὲ
2587 731 2694 784 τῶν
2720 730 2938 799 ἀγαθῶν
2965 729 3248 803 προσθήκη
3280 731 3372 784 ἐπὶ
3395 731 3504 785 τῶν
3532 729 3725 800 δηλου-

2143 827 2321 898 μένων
2358 824 2562 897 χρόνων
2598 827 2663 896 τῇ
2701 824 2798 895 μὲν
2835 822 3078 896 θαλάσσῃ
3118 823 3355 893 ἐρημίαν
3395 821 3611 876 ἀπειλεί
3655 825 3723 894 τῇ

2141 919 2432 990 Αἰγυπτίᾳ,
2465 917 2545 990 τῷ
2590 917 2647 971 δὲ
2704 916 2935 988 ποταμῷ
2971 916 3148 969 αὐτῶν
3192 915 3428 986 παντελῆ
3457 915 3720 984 ἔκλειψιν,

2145 1013 2282 1084 πρὸς
2314 1012 2375 1065 τὸ
2406 1011 2527 1081 δίχα
2557 1010 2702 1073 τινὸς
2735 1008 3058 1080 κωλύματος
3102 1008 3197 1062 τοῦ
3239 1009 3508 1080 σωτηρίου
3541 1009 3722 1076 Εὐαγ-

2143 1104 2322 1174 γελίου
2373 1104 2619 1174 κήρυκας
2667 1101 2972 1174 περιελθεῖν
3024 1101 3124 1165 τὰς
3169 1102 3483 1170 Αἰγυπτίων
3515 1099 3721 1172 χώρας,

2142 1196 2236 1250 καὶ
2265 1193 2574 1264 ἀνατροπὴν
2611 1194 2709 1264 μὲν
2735 1192 2834 1264 τῆς
2867 1191 3129 1247 πολυθέου
3175 1192 3354 1246 αὐτῶν
3390 1191 3720 1263 δεισιδαιμο-

2141 1286 2261 1349 νίας
2305 1283 2666 1356 ὲργάσασθαι,
2707 1283 2802 1338 τοῦ
2831 1283 2887 1336 δὲ
2915 1285 3008 1337 ἐπὶ
3061 1284 3277 1338 πάντων
3323 1283 3457 1337 Θεοῦ
3489 1284 3582 1337 καὶ
3626 1284 3722 1338 τοῦ

2139 1378 2376 1450 Χριστοῦ
2397 1378 2581 1441 αὑτοῦ,
2604 1378 2695 1430 τοῦ
2718 1379 2782 1431 ἐκ
2812 1376 2967 1448 ῥίζης
2982 1377 3178 1430 Ἰεσσαί
3206 1375 3578 1449 προελθόντος,
3610 1395 3687 1450 πα

2144 1470 2391 1542 ραδοῦναι
2438 1469 2535 1540 τὴν
2567 1468 2786 1537 γνῶσιν.
2841 1467 3157 1538 Θεωρητέον
3201 1468 3260 1520 δὲ
3296 1470 3442 1534 ὅπως
3499 1469 3560 1522 οὐ
3615 1470 3715 1539 τὴν

2139 1562 2323 1636 χώραν
2354 1561 2652 1631 Αἰγύπτου.
2687 1559 2824 1614 ἀλλὰ
2861 1561 2960 1631 τὴν
2990 1559 3265 1615 θάλασσαν
3296 1562 3465 1632 αὐτῆς
3496 1562 3717 1631 λέγεται

2138 1658 2167 1709 ὁ
2213 1657 2417 1728 Κύριος
2465 1654 2796 1728 ἐρημώσειν,
2826 1653 2918 1707 τοῦ
2965 1653 3066 1724 τῆς
3113 1654 3556 1727 εἰδωλολατρείας
3590 1656 3731 1728 πλή-⁵

465 1768 482 1796 ‹
521 1748 582 1802 Et
653 1749 1130 1804 auathematizabit
1202 1749 1468 1806 Dominus
1555 1750 1794 1822 linguam
1873 1753 2036 1808 maris

2139 1748 2263 1812 θους
2287 1727 2428 1802 οῦτω
2458 1727 2807 1818 δηλουμένου.
2848 1746 2992 1800 Ἀντί
3031 1745 3213 1818 μέντοι
3242 1746 3359 1811 τοῦ,
3400 1765 3420 1798 ι
3469 1727 3721 1819 Ἐρημῶς-

462 1843 708 1917 Ᾰίεγριὶ.
737 1864 754 1896 ι
807 1842 863 1899 Si
912 1845 1094 1912 itaque
1149 1845 1369 1898 malitia:
1414 1843 1572 1913 hujus
1616 1849 1742 1901 vitae
1785 1846 2040 1903 colluvies

462 1938 602 1991 mari
633 1946 999 2007 comparatur,
1025 1937 1146 1991 vide
1175 1952 1358 1991 annon
1389 1939 1584 1993 merito
1617 1941 1901 1994 atheornm
1941 1941 2041 1995 im-

459 2031 785 2103 piornmque
824 2029 1098 2084 hominum
1129 2030 1366 2098 linguam
1398 2031 1488 2098 qui
1519 2031 1644 2085 olim
1682 2032 1848 2085 Deum
1887 2033 2040 2102 igno—

461 2126 679 2190 rabant,
710 2132 766 2177 ut
795 2123 875 2178 sic
909 2125 1120 2178 Pharao
1153 2123 1484 2187 declarabat,
1515 2142 1533 2175 ι
1565 2123 1678 2178 Νοιι
1705 2125 1824 2178 novi
1857 2126 2034 2178 Domi-

461 2232 610 2280 num,
637 2224 690 2268 et
733 2213 894 2268 Israel
947 2228 1051 2267 non
1098 2214 1391 2278 dimittam,
1424 2232 1443 2265 ι
1485 2215 2038 2270 anathematizatnrus

461 2309 719 2362 Dominus
744 2321 864 2362 esse
896 2307 1104 2361 dicatur
1125 2307 1419 2360 secundum
1448 2315 1556 2360 tres
1589 2306 1945 2376 interpretes;
1980 2317 2037 2362 nt

459 2414 526 2452 ne
555 2397 692 2452 ultra
740 2395 1059 2468 Egyptiaca
1109 2395 1289 2465 lingua
1344 2396 1748 2454 superstitionis
1793 2413 2034 2454 errorem

457 2488 878 2553 conﬁrmarent;
912 2488 1006 2543 sed
1055 2487 1266 2554 eloquia
1307 2487 1396 2541 Dei
1451 2489 1718 2556 proferre,
1763 2505 1826 2544 ac
1850 2489 2038 2558 jurare

462 2582 515 2635 in
550 2582 766 2635 nomine
815 2581 1024 2634 Domini
1071 2579 1308 2635 Sabaoth
1355 2580 1680 2644 ediscerent,
1715 2585 1856 2652 quod
1891 2583 2038 2638 l'ntu-

461 2693 577 2731 rnm
607 2691 728 2730 esse
766 2676 819 2728 in
855 2675 1208 2744 sequentibus
1238 2689 1418 2728 sermo
1451 2675 1715 2729 declarat.
1744 2676 1835 2729 Sic
1878 2692 2038 2746 porro

459 2769 920 2826 anathematizata
990 2777 1074 2822 est
1127 2767 1430 2838 Aigyptiaci
1488 2773 1654 2823 maris
1717 2769 1932 2837 lingua.
1982 2779 2040 2824 nt

462 2861 847 2930 malignorum,
877 2875 1013 2928 quos
1054 2860 1131 2915 illi
1166 2861 1439 2924 colebant,
1474 2862 1773 2915 daemonum
1819 2863 2037 2916 oracula

461 2956 681 3022 penitus
715 2954 976 3016 silerent,
1023 2953 1511 3020 divinationesque,
1553 2969 1616 3008 ac
1669 2955 1824 3010 malae
1869 2968 2034 3020 artes,

461 3060 600 3110 quas
657 3046 1123 3116 praestigiatorum
1172 3061 1335 3113 opera
1391 3047 1758 3108 exercebant.
1817 3064 2038 3117 prorsus

463 3145 743 3190 cessarent
771 3154 785 3191 :
816 3152 935 3206 quae
967 3138 1145 3190 onmia
1180 3137 1396 3206 impleta
1447 3150 1572 3194 sunt
1606 3151 1726 3209 post
1773 3143 2036 3208 praedica-

462 3227 662 3282 tionem
713 3227 1082 3298 evangelicam
1142 3229 1410 3301 Aigyptiis
1458 3231 1678 3290 factam.
1733 3234 1859 3289 Inde
1909 3250 2037 3291 vero

458 3323 622 3378 etiam
675 3337 841 3390 penes
875 3336 973 3376 nos
1026 3331 1136 3376 tota
1193 3339 1402 3387 eorum,
1450 3325 1541 3394 qui
1575 3325 1716 3396 apud
1751 3325 2037 3397 Egyptios

459 3415 532 3468 dii
586 3415 1061 3483 existimabantur,
1112 3417 1382 3472 exstincta
1448 3419 1622 3474 virtus
1683 3430 1820 3476 est:
1869 3435 2034 3493 atque

459 3507 699 3561 omnium
734 3507 1101 3578 improborum
1141 3519 1196 3565 et
1227 3511 1543 3574 atheorum,
1588 3513 1678 3581 qui
1727 3529 1823 3582 per
1864 3525 2032 3570 totum

459 3601 645 3654 orbem
708 3599 1026 3672 {Egyptiaco
1107 3602 1340 3658 similem
1428 3605 1748 3661 idololatriae
1829 3624 2033 3663 morem

461 3694 841 3759 sectabantur,
909 3695 1040 3749 illml
1111 3697 1240 3751 olim
1311 3699 1592 3754 exululans
1659 3708 1713 3754 et
1782 3703 2036 3756 lluctilms

463 3787 726 3853 agitatum
793 3801 979 3851 mare,
1039 3796 1338 3842 extremam
1400 3803 1618 3857 passum
1674 3799 1756 3844 est
1807 3792 2033 3845 vastita-

462 3886 591 3932 tem.

538 4179 559 4213 ι
586 4159 650 4215 Et
686 4160 896 4231 injiciet
945 4177 1162 4217 manum
1208 4179 1359 4219 suam
1410 4165 1461 4219 in
1508 4165 1704 4219 llumen
1743 4165 1798 4219 in
1839 4165 2032 4233 spiritu

459 4254 800 4315 vehementi,
855 4262 909 4309 et
965 4257 1234 4324 percutiet
1288 4267 1493 4326 septem
1552 4259 1792 4320 canales,
1843 4259 1918 4314 ita
1977 4269 2035 4314 ut

463 4355 740 4400 transeant
766 4360 862 4415 per
893 4345 1020 4400 illud
1052 4347 1329 4402 calceati.»
1365 4349 1627 4416 Spiritum
1659 4351 2032 4405 vehementem

2142 1857 2222 1894 σει
2257 1839 2461 1912 Κύριος
2487 1839 2586 1912 τὴν
2607 1839 2878 1894 θάλασσαν
2895 1837 3196 1906 Αἰγύπτου,
3223 1857 3241 1890 ι
3259 1839 3308 1892 οἰ
3333 1842 3480 1911 τρεῖς
3501 1839 3718 1911 συμφώ-

2139 1948 2244 1996 νως
2268 1931 2440 1996 οὕτως
2469 1933 2823 2003 ἡρμήνευσαν
2843 1948 2855 1960 ·
2895 1948 2915 1981 ι
2948 1931 3058 1983 Καὶ⁵
3087 1930 3472 2002 ἀναθεματίσει
3517 1931 3718 2000 Κύριος

2137 2023 2238 2094 τὴν
2288 2023 2537 2092 γλῶσσαν
2585 2022 2859 2093 θαλάσσης
2915 2021 3217 2090 Αἰγύπτου.
3273 2040 3289 2075 ι
3337 2023 3401 2076 Εἰ
3427 2023 3609 2077 τοίνυν
3652 2022 3722 2077 τά

2140 2114 2320 2185 πλήθη
2351 2115 2449 2185 τῆς
2491 2116 2691 2178 κακίας
2719 2115 2812 2169 τοῦ
2848 2115 2964 2185 βίου
3015 2115 3258 2187 θαλάσσῃ
3305 2116 3720 2187 παρεικάζεται,

2137 2207 2239 2276 ὅρα
2290 2207 2338 2257 εἰ
2384 2206 2622 2273 εὐλόγως
2646 2206 2744 2276 τὴν
2795 2206 2902 2259 τῶν
2931 2206 3104 2260 ἀθέων
3133 2208 3226 2260 καί
3259 2207 3471 2260 ἀσεϐῶν
3507 2207 3721 2278 ἀνδρῶν

2137 2298 2410 2366 γλῶσσαν,
2435 2297 2544 2349 τῶν
2575 2297 2742 2351 πάλαι
2763 2299 2852 2351 τὸν
2877 2299 3009 2354 Θεὸν
3038 2299 3393 2368 ἀγνοούντων,
3418 2300 3493 2365 ὡς
3526 2301 3718 2372 ὲδήλου

2136 2390 2309 2457 λέγων
2341 2390 2370 2441 ό
2419 2388 2639 2460 Φαραὼ,
2693 2409 2711 2440 ι
2753 2391 2866 2444 Οὐκ
2916 2388 3032 2446 οἶδα
3085 2379 3176 2446 τὶν
3212 2393 3436 2465 Κύριον,
3492 2391 3720 2446 καὶτὸν

2149 2483 2364 2556 Ἰσραὴλ
2390 2486 2490 2539 οὐκ
2524 2485 2885 2552 ἐξαποστελῶ,
2929 2507 2948 2539 ›
2965 2488 3383 2560 ἀναθεματίσειν
3407 2488 3498 2542 τὸν
3516 2487 3720 2560 Κύριον

2137 2575 2356 2644 λέγεται
2411 2577 2552 2630 κατὰ
2599 2579 2726 2642 τοὺς
2773 2583 2923 2651 τρεῖς
2964 2581 3334 2652 ὲρμηνευτάς⁶
3389 2581 3476 2634 ἵνα
3523 2580 3719 2652 μηκέτι

2136 2667 2358 2741 γλώσσῃ
2381 2671 2446 2739 τῇ
2471 2669 2747 2740 Αἰγυπτίᾳ
2763 2669 2860 2741 τὴν
2885 2671 3249 2742 δεισιδαίμονα
3277 2670 3484 2742 πλάνην
3519 2669 3722 2742 κρατύ-

2138 2774 2290 2821 νωσι,
2311 2758 2521 2827 μάθωσι
2544 2759 2598 2812 δὲ
2624 2757 2805 2813 λαλεῖν
2827 2761 2894 2814 τὰ
2915 2760 3010 2814 τοῦ
3030 2761 3163 2816 Θεοῦ
3193 2763 3370 2832 λόγια,
3387 2764 3480 2816 καὶ
3501 2762 3721 2834 ὀμνύειν

2139 2851 2196 2902 έν
2229 2849 2307 2920 τῷ
2333 2850 2553 2922 ὀνόματι
2581 2853 2788 2924 Κυρίου
2829 2853 3056 2908 Σαϐαὼθ
3079 2873 3092 2886 ⁸
3128 2855 3157 2908 ὃ
3187 2855 3250 2926 δὴ
3279 2855 3481 2928 προῖὼν
3513 2858 3541 2909 ὁ
3566 2855 3720 2926 λόγος

2139 2941 2357 2996 ἔσεσθαι
2381 2943 2646 3008 θεσπίζει.
2678 2944 2835 2999 Οῦτω
2864 2945 2921 2998 δὲ
2948 2947 3439 3019 άνατεθεμάτισται
3474 2949 3578 3020 τῆς
3627 2951 3720 3002 Αί-

2141 3035 2376 3102 γυπτίας
2432 3034 2706 3108 θαλάσσης
2746 3039 2778 3108 ἡ
2814 3037 3054 3106 γλῶσσα,
3085 3039 3160 3102 ῶς
3200 3039 3580 3109 ἀποσιωπῆσαι
3613 3040 3718 3092 τῶν

2142 3128 2274 3197 παρ’
2304 3127 2476 3196 αὐτῆς
2505 3127 2674 3181 πάλαι
2708 3129 3032 3200 τιμωμένων
3063 3131 3314 3201 πονηρῶν
3351 3131 3620 3200 δαιμόνων
3649 3130 3718 3184 τὰ

2137 3221 2445 3290 χρηστήρια
2491 3221 2584 3273 καὶ
2631 3219 2700 3272 τά
2748 3224 3014 3291 μαντεῖα·
3049 3221 3296 3275 λελύσθαι
3331 3222 3387 3274 δὲ
3409 3221 3588 3274 αὐτῶν
3625 3223 3721 3276 καὶ

2138 3311 2236 3374 τάς
2263 3310 2327 3363 δι’
2355 3311 2563 3384 ἀνδρῶν
2589 3313 2801 3382 γοήτων
2831 3313 3186 3382 κακοτεχνίας
3206 3330 3219 3343 υ
3253 3313 3288 3367 ἃ
3329 3313 3392 3386 δὴ
3423 3315 3602 3368 πάντα
3649 3315 3719 3368 δι’

2137 3405 2314 3474 ἔργων
2363 3405 2663 3476 ἐπληροῦτο
2699 3403 2837 3474 μετὰ
2863 3404 2924 3456 τὸ
2960 3406 3218 3476 κήρυγμα
3259 3405 3320 3458 τὸ
3361 3405 3718 3473 εύαγγελικὺν

2135 3497 2196 3550 τὸ
2219 3496 2487 3568 κηρυχθὲν
2512 3497 2848 3565 Αἰγυπτίοις.
2885 3496 2975 3560 Ἐξ
2998 3498 3221 3551 ἐκείνων
3246 3497 3303 3549 δὲ
3326 3497 3420 3551 καὶ
3447 3499 3527 3561 εἰς
3566 3499 3718 3569 ἡμᾶς

2137 3589 2331 3652 αὐτοὺς
2377 3588 2484 3642 τῶν
2517 3589 2643 3661 παρ’
2693 3588 3012 3657 Αἰγυπτίοις
3057 3588 3461 3659 νενομισμένων
3507 3587 3646 3641 θεῶν
3681 3587 3719 3659 ἡ

2137 3684 2286 3735 πᾶσα
2317 3682 2544 3754 δύναμις
2573 3682 2806 3753 ἀπέσϐη,
2839 3682 2934 3734 καὶ
2957 3681 3173 3735 πάντων
3205 3682 3262 3735 δὲ
3283 3681 3389 3735 τῶν
3411 3681 3585 3735 ἀθέων
3618 3681 3716 3735 καὶ

2137 3776 2411 3829 δυσσεϐῶν
2456 3775 2665 3846 ἀνδρῶν
2695 3773 2804 3829 τῶν
2828 3774 2950 3828 καθ’
2976 3774 3104 3846 ὅλης
3133 3774 3234 3844 τῆς
3259 3760 3587 3846 οἰκουμένης
3623 3775 3720 3827 Αί-

2135 3866 2542 3940 γυπτιαζόντων
2584 3868 2724 3923 κατὰ
2775 3869 2866 3924 τὸν
2895 3871 3079 3942 ὅμοιον
3119 3870 3221 3941 τῆς
3281 3869 3718 3942 είδωλολατρείας

2135 3961 2333 4032 τρόπον
2371 3961 2403 4031 ἡ
2439 3961 2569 4015 ποτὲ
2600 3961 3004 4034 πλημμυροῦσα
3055 3962 3150 4015 καὶ
3203 3962 3588 4034 κυματουμένη
3617 3962 3716 4016 θά-

2135 4053 2306 4108 λασσα
2337 4052 2434 4124 τὴν
2469 4053 2705 4124 ἐσχάτην
2741 4053 3008 4108 πέπονθεν
3038 4053 3291 4124 ἐρημίαν.
3453 4056 3456 4059 ’

2213 4167 2231 4198 ι
2271 4148 2380 4202 Καὶ
2421 4147 2673 4201 ἐπιϐαλεί
2697 4146 2795 4218 τὴν
2829 4151 2988 4220 χεῖρα
3027 4146 3193 4201 αὑτοῦ
3225 4147 3316 4201 ὲπί
3354 4147 3447 4201 τὸν
3472 4149 3719 4220 ποτα-μὸν

2136 4239 2194 4294 ὲν
2225 4239 2495 4310 πνεύματι
2552 4240 2732 4311 βιαίῳ,
2781 4240 2877 4294 καὶ
2929 4239 3156 4306 πατάξει
3208 4239 3348 4294 έπτὰ
3401 4241 3714 4313 φάραγγας,

2137 4330 2278 4385 ῶστε
2309 4333 2730 4405 διαπορεύεσθαι
2777 4332 2941 4386 αὐτὸν
2978 4334 3035 4384 έν
3069 4333 3397 4404 ὑποδήμασι.
3437 4353 3460 4387 ι
3493 4335 3718 4405 Πνεῦμα

461 4433 593 4488 dicit
617 4448 764 4499 eum,
791 4435 884 4504 qui
915 4436 1122 4504 primus
1151 4433 1526 4507 Aigyptiornm
1560 4455 1784 4507 regnum
1812 4441 2028 4506 evertit,

2140 4425 2313 4496 βίαιον
2342 4423 2464 4479 εἷπε
2493 4427 2583 4479 τὸν
2614 4427 2828 4496 πρῶτον
2855 4425 3151 4480 καθελόντα
3180 4426 3278 4498 τὴν
3307 4427 3580 4498 βασιλείαν
3606 4429 3719 4482 τῶν

463 4527 830 4582 Romanorum
867 4527 1076 4582 ducent.
1105 4527 1321 4598 Septem
1352 4546 1480 4585 vero
1507 4532 1744 4596 canales,
1774 4534 1816 4587 si
1854 4535 2036 4589 animo

369 4625 378 4638 ‘
462 4620 835 4687 perpenderis,
865 4621 944 4675 sic
973 4619 1259 4688 intelliges,
1284 4620 1410 4675 olim
1441 4623 1660 4691 quidem
1695 4622 1855 4677 unius
1885 4623 2034 4678 ﬂuvii

461 4710 761 4765 maximum
801 4712 1010 4766 alveum
1045 4713 1232 4777 fuisse,
1259 4729 1366 4783 quo
1393 4712 1613 4785 [Ἐπιιιί
1650 4715 1796 4784 regia
1832 4715 2037 4769 indica-

462 4801 663 4857 batur:
692 4816 753 4854 ea
804 4817 934 4857 vero
981 4804 1233 4858 omnibus
1266 4804 1470 4858 circmn
1510 4805 1760 4876 gentibus
1801 4805 2038 4874 impera-

459 4889 595 4950 bat:
631 4893 719 4948 illa
751 4904 930 4949 autem
967 4895 1139 4949 soluta
1187 4905 1236 4949 et
1271 4911 1482 4961 eversa,
1515 4898 1777 4965 quosdam
1823 4897 2036 4969 regulos

467 4984 519 5037 in
555 4997 738 5052 partes
769 4987 1116 5041 distributam
1147 5003 1267 5042 eam
1303 4988 1646 5045 obtinuisse:
1683 5006 1910 5059 quorum
1944 4989 2033 5044 alii

463 5080 681 5148 quidem
721 5081 947 5154 Libycas
983 5095 1164 5151 partes
1218 5083 1706 5146 administrabant;
1742 5083 1831 5138 alii
1880 5099 2036 5153 sepa-

463 5168 624 5222 ratim
646 5169 1000 5229 Thelxeorum
1034 5181 1260 5236 tractus,
1290 5173 1379 5227 alii
1408 5173 1699 5245 {Egyptum
1728 5185 1782 5228 et
1805 5175 2038 5230 Alexan-

462 5259 658 5314 driam.
689 5260 757 5314 Et
799 5277 864 5318 ex
903 5265 987 5321 his
1035 5265 1120 5319 alii
1153 5265 1369 5336 quidem
1411 5265 1752 5334 praefecturis
1789 5267 2034 5322 exornati

463 5360 611 5417 sunt,
639 5353 836 5422 quibus
865 5357 1200 5424 publicarum
1227 5366 1282 5411 et
1313 5356 1656 5427 politicarum
1693 5373 1871 5412 rerum
1906 5373 2036 5413 cura

463 5446 773 5502 concredita
808 5445 938 5513 fuit;
965 5449 1053 5502 alii
1085 5466 1215 5505 vero
1248 5448 1565 5508 bellicorum
1591 5451 1840 5506 ordinum
1873 5451 2037 5506 duces

462 5538 638 5608 allecti
671 5560 685 5597 :
716 5551 771 5597 et
798 5542 852 5597 hi
885 5557 1074 5597 omnes
1102 5559 1131 5597 a
1164 5544 1356 5612 majori
1406 5555 1675 5615 potestate
1717 5544 1781 5600 ad
1833 5560 2037 5601 memo-

462 5645 608 5690 ratas
655 5634 948 5706 dignitates
993 5637 1203 5701 evecti;
1260 5646 1444 5704 postea
1490 5651 1621 5692 vero
1653 5639 1736 5690 ad.
1768 5637 2036 5708 privatam

465 5727 829 5798 conditionem
859 5725 1088 5794 redacti,
1123 5726 1402 5784 canalibus
1428 5727 1550 5797 jure
1576 5730 1756 5786 collati
1789 5741 1934 5801 sunt,
1971 5733 2036 5789 ad

2137 4519 2449 4588 Αἰγυπτίων
2493 4519 2777 4589 Ῥωμαίων
2797 4518 3054 4592 ἄρχοντα.
3092 4519 3190 4574 Διὰ
3216 4521 3274 4574 δὲ
3300 4523 3408 4574 τῶν
3427 4523 3564 4590 ἑπτά
3610 4540 3717 4592 φα-

2141 4609 2357 4681 ράγγων
2373 4610 2588 4680 νοήσεις
2635 4610 2936 4681 ἐπιστήσας
2964 4610 3056 4663 τὸν
3095 4612 3238 4674 νοῦν,
3282 4612 3359 4676 ὡς
3395 4613 3562 4668 πάλαι
3616 4613 3718 4685 μὲν

2137 4702 2254 4765 ἐνὸς
2291 4701 2533 4771 ποταμοῦ
2564 4702 2743 4774 ῥεῦμα
2775 4702 3052 4773 μέγιστον,
3081 4702 3148 4756 δι’
3176 4697 3238 4757 οῦ
3284 4705 3346 4758 τὸ
3393 4707 3493 4778 τῆς
3553 4705 3718 4774 Αἰγύ-

2137 4812 2270 4848 πτου
2308 4792 2574 4865 βασίλειον
2609 4795 2880 4867 ἐδηλοῦτο,
2903 4795 3010 4848 τῶν
3043 4796 3235 4850 αὐτόοι
3280 4797 3496 4852 πάντων
3545 4797 3716 4853 ἐθνῶν

2137 4888 2392 4960 ἐκράτειο
2425 4889 2794 4960 παταχθέντος
2835 4889 2891 4942 δὲ
2937 4891 3148 4944 ἐκείνου
3178 4893 3271 4946 καὶ
3300 4892 3567 4956 λυθέντος,
3620 4909 3717 4964 με-

2137 4981 2278 5057 ρικοί
2307 4998 2448 5046 τινες
2491 4983 2748 5053 ἄρχοντες
2793 4983 2971 5036 αὐτῶν
3017 4973 3158 5038 κατὰ
3181 4986 3402 5059 χρόνους
3449 4985 3715 5056 ἡγοῦντο·

2135 5079 2182 5128 οί
2217 5075 2313 5147 μὲν
2342 5075 2412 5128 τὰ
2440 5075 2651 5128 Λιϐύων
2672 5074 2947 5140 διέποντες
2980 5077 3141 5149 μέρη,
3169 5080 3216 5130 οἰ
3239 5079 3293 5131 δὲ
3319 5079 3717 5151 ἀφωρισμένως

2133 5169 2204 5222 τὰ
2249 5169 2523 5239 Θηϐαίων,
2569 5169 2618 5222 οἱ
2669 5168 2726 5221 δὲ
2773 5169 2945 5239 αὐτῆς
3001 5171 3273 5239 Αἰγύπτου
3317 5174 3410 5225 καὶ
3468 5172 3717 5238 Ἀλεξαν-

2133 5263 2332 5334 δρείας.
2371 5265 2481 5317 Καὶ
2524 5263 2727 5316 τούτων
2774 5265 2823 5317 οἰ
2881 5263 2979 5335 μὲν
3013 5264 3326 5335 ἡγεμονίαις
3366 5265 3712 5335 τετίμηνται,

2134 5355 2242 5409 τῶν
2260 5353 2566 5426 δημοτικῶν
2612 5354 2704 5407 καὶ
2757 5354 3054 5408 πολιτικῶν
3080 5355 3419 5425 πραγμάτων
3462 5358 3713 5426 ἐγκεχει-

2137 5447 2382 5519 ρισμένοι
2415 5446 2514 5519 τὴν
2546 5446 2831 5518 φροντίδα·
2889 5448 2938 5499 οἱ
2984 5445 3041 5498 δὲ
3093 5445 3492 5516 ἀφωρισμένως
3551 5446 3717 5500 πάλιν

2135 5539 2241 5592 τῶν
2273 5539 2676 5610 στρατιωτικῶν
2702 5536 3064 5610 καθηγοῦνται
3089 5538 3382 5608 ταγμάτων
3405 5555 3417 5568 ·
3455 5539 3547 5592 καὶ
3568 5533 3714 5592 οῦτοι

2139 5632 2339 5696 πάντες,
2370 5632 2473 5685 ὑπὸ
2509 5633 2606 5704 τῆς
2649 5631 2891 5703 μείζονος
2930 5628 3179 5694 ἐξουσίας
3212 5631 3302 5683 ἐπὶ
3330 5631 3428 5693 τάς
3457 5629 3714 5700 δηλωθεί-

2141 5743 2236 5791 σας
2265 5726 2439 5799 ἀρχὰς
2482 5725 2870 5798 προαγόμενοι·
2918 5723 3152 5778 κᾶπειτα
3191 5723 3571 5791 ἰδιωτεύοντες,
3609 5723 3713 5794 φάε-
