4068 6198
355 234 462 290 Ni

1331 240 1830 298 COMMENTARIA
1867 240 1933 296 IN
1973 239 2228 306 ιεΑιΑΜ.
2270 274 2338 284 ——
2376 244 2526 301 CAP.
2567 243 2682 301 XII.

2931 128 2945 178 l
3320 145 3338 174 ι

3533 253 3628 307 182

364 355 576 424 ραγξιν
608 355 828 419 εἰκότως
861 356 1314 428 παρεὸλήθησαν,
1345 359 1423 423 ὡς
1451 361 1510 412 ἐν
1543 360 1842 432 παραθέσει
1869 359 1961 414 τοῦ

2066 365 2524 433 comparationem
2599 362 2840 420 ﬂuminis
2895 367 3036 435 apud
3091 367 3213 424 illos
3267 382 3623 436 cxumrdnns,

369 447 559 500 πάλαι
583 447 687 519 πλη
694 447 1029 517 μμυροῦντος
1055 448 1237 512 αὐτοῖς
1265 451 1532 521 ποταμοῦ,
1575 452 1718 520 λέγω
1748 451 1820 524 ’δὴ
1867 449 1960 504 τοῦ

379 536 682 606 βασιλείου,
711 539 768 600 ὃς
789 537 851 610 δὴ
883 537 986 609 τὴν
1036 540 1215 592 πᾶσαν
1267 539 1480 610 ἁθρόως
1514 541 1686 612 αὐτην
1711 560 1769 595 τε
1809 541 1964 610 Αἴγυ-

385 646 525 681 πτον
553 630 643 682 καὶ
680 629 746 682 τὰ
795 631 940 700 ἀμφὶ
985 628 1194 701 ταύτην
1246 629 1374 704 έθνη
1417 633 1498 685 ἐνὶ
1538 631 1770 704 ῥεύματι
1809 650 1964 706 περι-

389 722 608 785 έκλυζεο
658 723 758 794 μιᾷ
807 722 1036 794 δυνάμει
1085 722 1337 796 βασιλικῇ
1390 726 1810 798 κατακρατούσῃ
1841 726 1950 782 τῶν

389 831 536 866 ολων.

455 925 474 956 r
500 907 611 960 Καὶ
641 906 798 960 ἔσται
825 907 998 970 δίοδος
1030 905 1109 976 τῷ
1139 905 1554 978 καταλειφθέντι
1599 927 1698 981 μου
1745 910 1859 982 λαῷ
1904 913 1962 962 ἐν

376 1001 666 1070 Αίγύπτῳο
727 1001 836 1068 καὶ,
872 999 1028 1053 ἔσται
1061 998 1138 1069 τῷ
1178 1000 1396 1072 Ἰσραὴλ
1439 1001 1515 1065 ὡς
1555 1005 1586 1074 ἡ
1641 1004 1825 1074 ἡμέρα
1875 1005 1963 1056 ὅτε

372 1091 601 1160 ἐξῆλθεν
658 1092 725 1144 ἐκ
758 1093 862 1162 γῆς
912 1092 1226 1160 Αἰγύπτου·
1267 1112 1284 1145 ι
1327 1095 1402 1157 ὠς
1458 1085 1624 1165 βατὴν
1675 1091 1816 1148 εἶναι
1867 1095 1961 1148 τοῦ

367 1184 557 1237 λοιποῦ
598 1185 700 1255 τὴν
750 1184 1030 1252 Αἴγυπτον
1060 1189 1170 1249 τοῖς
1205 1185 1300 1239 τοῦ
1345 1185 1583 1258 Χριστοῦ
1633 1188 1962 1258 Εὑαγγέλιον

369 1277 726 1346 κηρύττουσι,
778 1277 1008 1350 μηδενὸς
1051 1277 1298 1348 ἐμποδὼν
1347 1279 1530 1343 αὐτοῖς
1585 1282 1961 1352 ἐνισταμένου,

373 1368 498 1438 μηδ’
545 1370 854 1424 ἐπιϐαίνειν
897 1371 1223 1437 κωλύοντος.
1261 1372 1461 1442 Διόπερ
1496 1372 1572 1435 ὡς
1613 1373 1809 1444 μηκέτι
1842 1392 1964 1428 συν-

365 1460 618 1532 εστώσης
631 1463 730 1532 τῆς
742 1463 1055 1531 Αἰγυπτίων
1077 1463 1382 1534 βασιλείας,
1409 1462 1483 1528 ὡς
1501 1463 1558 1516 δὲ
1590 1464 1688 1535 τῆς
1717 1465 1958 1536 δαιμονι-

377 1553 485 1623 κῆς
551 1556 827 1626 ἐνεργείας
877 1555 980 1624 τῆς
1031 1558 1093 1609 ὲν
1151 1558 1335 1621 αὐτοῖς
1395 1557 1852 1629 ἀποσϐεσθείσης,
1899 1559 1962 1612 τὸ

381 1648 646 1717 κήρυγμα
671 1649 732 1702 τδ
773 1650 1124 1719 summatm
1165 1651 1258 1704 ἐπὶ
1291 1649 1488 1720 σχολῆς
1545 1649 1732 1714 αὐτοῖς
1779 1655 1958 1723 ἐπηγ-

394 1737 634 1804 γέλλετιη

895 1829 1287 1883 ΚΕΦΑΛΑΙΟΝ
1346 1833 1448 1890 IB’.

475 1938 494 1970 ι
532 1919 646 1974 Καὶ
677 1921 902 1992 ἐρεῖςοέν
940 1925 999 1992 τῇ
1035 1922 1218 1994 ἡμέρᾳ.
1267 1924 1482 1998 ἐκείνῃ·
1539 1926 1832 1997 Εὐλογήσω
1876 1941 1956 1990 σε,

403 2011 622 2082 Κύριε.»
648 2013 858 2083 (18)Ὡς
896 2013 996 2084 γὰρ
1027 2016 1056 2066 ὁ
1079 2014 1354 2079 Μωῦσέως
1370 2017 1496 2080 λαὸς
1525 2017 1672 2090 διέϐη
1710 2018 1837 2072 ποτὲ
1860 2018 1958 2088 τὴν

417 2102 670 2173 Ἐρυθρὰν
701 2103 965 2158 θάλασσαν
1004 2104 1080 2169 ὠς
1117 2103 1205 2158 διὰ
1258 2105 1465 2178 ξηρᾶς·
1527 2107 1645 2162 εἶτα
1687 2109 1825 2181 μετὰ
1859 2111 1959 2182 τὴν

388 2193 550 2246 δίοδον
574 2194 672 2265 τὴν
700 2194 840 2266 ᾠδὴν
874 2191 1016 2272 ᾖσαν
1066 2195 1338 2264 λέγοντες,
1377 2218 1396 2250 t
1437 2201 1692 2272 ’ᾼσωμεν
1725 2200 1803 2272 τῷ
1848 2203 1960 2255 Κυ-

380 2284 494 2355 ρίῳ,
530 2284 755 2349 ἐνδόξως
792 2287 901 2358 γὰρ
933 2287 1276 2354 δεδόξασται⁸
1328 2307 1346 2340 ι
1402 2289 1492 2344 τὸν
1543 2293 1705 2347 αὑτὸν
1759 2292 1959 2364 τρόπον

375 2379 468 2430 καὶ
492 2379 542 2429 οί
568 2379 1040 2449 προφητευόμενοι
1095 2381 1188 2434 τοῦ
1239 2383 1490 2455 Σωτῆρος
1533 2383 1690 2452 ἡμῶν
1731 2384 1958 2452 εὐαγγε-

372 2469 567 2534 λισταὶ,
592 2471 751 2523 αὐτοὶ⁵
777 2472 938 2535 ὄντες
962 2474 1012 2526 οί
1034 2473 1098 2526 ἐκ
1123 2473 1218 2528 τοῦ
1248 2479 1447 2541 παντὸς
1480 2477 1746 2531 Ἰουδαίων
1773 2461 1958 2544 ἔθνους

372 2562 831 2634 περιλειφθέντες,
882 2563 1160 2618 ἀκώλυτον
1217 2567 1530 2638 ποιούμενοι
1582 2568 1674 2621 τὸν
1731 2569 1955 2641 δρόμον,

371 2656 466 2710 καὶ
491 2657 676 2709 πᾶσαν
718 2656 1094 2728 διατρέχοντες
1135 2657 1234 2731 τὴν
1281 2660 1593 2728 Αἰγυπτίων
1623 2661 1828 2733 χώραν,
1866 2666 1959 2718 καὶ

381 2747 661 2810 Ἰουδαίοις
702 2747 805 2816 μὲν
851 2746 1219 2818 κηρύττοντες
1259 2750 1320 2804 τὸ
1373 2752 1704 2820 Εὐαγγέλιον
1749 2755 1807 2808 ἐν
1839 2759 1959 2820 ταῖς

379 2841 719 2906 συναγωγαῖς
809 2841 1012 2904 αὐτῶν,
1053 2843 1348 2915 ἐκκλησίας
1401 2844 1458 2897 δὲ
1523 2845 1762 2917 Χριστοῦ
1830 2865 1953 2901 συν-

384 2930 637 2994 ιστιῖιντες
657 2932 720 2985 ὲκ
734 2932 834 3003 τῆς
865 2933 973 2985 τῶν
997 2933 1172 2987 ἐθνῶν
1205 2937 1557 3008 ἐπιστροφῆς,
1584 2935 1955 3011 καινδνᾷσμα,

383 3025 638 3095 ἐμφερῶς
665 3031 770 3090 τοῖς
805 3029 900 3081 ἐπὶ
926 3031 1226 3095 Μωῦσέως,
1263 3031 1852 3105 ἐδίδασκοφᾷδειντοὺς
1890 3035 1955 3089 δι’

385 3117 566 3171 αὐτῶν
585 3118 1001 3192 ὠφελουμένους.
1028 3123 1196 3195 Τοῦτο
1210 3125 1267 3178 δέ
1290 3120 1357 3195 ἧν
1388 3125 1449 3178 τὸ
1473 3126 1825 3199 προφωνηθέν
1853 3129 1958 3183 ὑπὸ

385 3208 480 3264 τοῦ
509 3211 728 3282 Κυρίου,
785 3215 1088 3283 φάσκοντος
1125 3216 1211 3269 διὰ
1253 3216 1345 3270 τοῦ
1398 3218 1736 3288 προφητικοῦ
1764 3219 1952 3288 λόγου·

382 3319 406 3353 ς
447 3302 557 3355 Καὶ
576 3304 719 3378 ἐρεῖς
749 3308 808 3359 ἐν
834 3310 900 3378 τῇ
942 3307 1123 3380 ἡμέρᾳ
1161 3309 1344 3381 ἐκείνῃ
1363 3327 1376 3340 ·
1410 3311 1701 3384 Εὐλογήσω
1730 3331 1809 3377 σε,
1849 3315 1956 3368 Κύ-

377 3409 484 3464 ριε,
510 3393 644 3447 διότι
695 3395 971 3466 ὠργίσθης
1018 3414 1128 3468 μοι,
1161 3399 1255 3451 καὶ
1295 3399 1640 3475 ἀπέστρεψας
1663 3403 1752 3456 τὸν
1786 3403 1956 3475 θυμόν

374 3503 497 3551 σου,
524 3489 619 3541 καὶ
653 3488 893 3559 ἡλέησάς
925 3507 1012 3560 με.
1051 3511 1068 3541 ι

456 3597 475 3631 r
520 3580 650 3633 Ἰδοὺ
683 3583 713 3634 ό
743 3581 876 3645 Θεός
904 3599 1027 3652 μου,
1062 3584 1254 3656 Σωτήρ
1299 3603 1421 3656 μου.
1464 3586 1739 3651 πεποιθὼς
1764 3588 1955 3660 ἔσομαι

383 3673 467 3723 ἐπ’
494 3672 660 3742 αὐτῷ,
689 3673 784 3725 καὶ
810 3673 872 3725 οὐ
909 3673 1287 3746 φοῆηθήσομαι
1309 3694 1322 3707 ο
1355 3676 1486 3730 διότι
1515 3680 1547 3748 ἡ
1580 3677 1705 3742 δόξα
1738 3697 1838 3749 μου
1863 3682 1956 3734 καὶ

383 3765 418 3831 ἡ
447 3763 645 3826 αἵνεσίς
681 3781 783 3833 μου
799 3763 1023 3835 Κύριος,
1045 3767 1137 3818 καὶ
1155 3767 1371 3834 ἐγένετό
1400 3785 1486 3838 μοι
1513 3771 1593 3832 εἰς
1626 3771 1950 3841 σωτηρίαν,ι

381 3854 478 3906 καὶ
507 3853 543 3906 ἃ
565 3855 918 3924 παρακατιὼν
951 3855 1182 3910 ἐνταῦθα
1201 3856 1437 3922 διέξεισι.
1473 3858 1546 3911 Τὸ
1568 3859 1718 3928 γοῦν,
1737 3879 1754 3910 t
1791 3860 1958 3930 ὠργί-

381 3944 517 4015 σθης
573 3964 686 4016 μοι,
723 3965 742 3998 ι
781 3947 1166 4019 ἐξομολόγησιν
1214 3949 1496 4021 προτέρων
1545 3950 1956 4023 ἁμαρτημάτων

379 4035 740 4107 παρίστησιν
773 4031 850 4092 ὧν
881 4037 1045 4092 ἕνεκα
1091 4038 1224 4092 Θεοῦ
1256 4041 1424 4110 ὀργῆς
1471 4036 1611 4111 ἦσαν
1663 4042 1800 4105 ἄξιοι
1852 4043 1957 4114 πρὸ

376 4129 475 4198 τῆς
507 4130 775 4201 σωτηρίου
808 4129 1054 4201 κλήσεως
1089 4131 1138 4182 οἱ
1169 4130 1484 4200 Αἰγύπτιοιο
1519 4132 1581 4185 τὸ
1609 4133 1686 4198 δὲ,
1741 4153 1759 4184 ‹
1823 4133 1956 4187 Ἀπ-

377 4220 655 4292 έστρεψας
681 4222 772 4274 τὸν
802 4221 972 4293 θυμόν
1005 4239 1095 4275 σου
1123 4225 1217 4277 ἀπ’
1243 4226 1398 4296 ἐμοῦ,
1432 4225 1526 4279 καὶ
1550 4227 1787 4298 ἠλέησάς
1822 4243 1908 4296 με,
1931 4245 1950 4278 ι

377 4312 477 4382 τὴν
509 4313 647 4384 μετὰ
680 4313 778 4385 τὴν
813 4313 1004 4386 κλῆσιν
1040 4316 1372 4389 δωρηθεῶαν
1393 4319 1574 4381 αὐτοῖς
1605 4319 1797 4388 ἄφεσιν
1848 4318 1957 4370 τῶν

2067 457 2191 525 regii
2226 457 2366 522 dico,
2394 458 2535 526 quod
2582 473 2795 514 onmem
2841 474 2945 512 una
2982 457 3306 530 Aﬁgyptum,
3351 477 3414 516 ac
3469 462 3626 517 simul

2062 559 2250 618 gentes
2305 551 2740 621 circumpositas,
2787 567 2892 606 uno
2937 553 3092 608 alveo
3140 554 3468 622 inundabat,
3519 572 3624 609 una

2065 640 2206 709 regia
2276 650 2544 709 potestate
2603 642 2657 696 in
2724 645 3004 699 universos
3090 645 3421 701 dominatum
3487 647 3626 703 obti-

2062 746 2164 786 neu
2175 742 2246 784 te.

2133 912 2294 970 Vens.
2327 912 2411 972 16.
2443 932 2462 964 ι
2493 913 2559 968 Et
2584 915 2688 970 erit
2721 915 2978 971 transitus
3008 915 3264 971 dereticto
3290 916 3484 987 populo
3509 933 3628 972 meo

2063 1005 2115 1058 in
2148 1005 2382 1076 IEgypto
2417 1024 2430 1060 :
2462 1015 2517 1061 et
2559 1007 2665 1061 erit
2709 1007 2911 1074 Isracli,
2939 1008 3093 1078 quasi
3140 1008 3274 1074 dies,
3311 1024 3415 1077 qua
3461 1012 3630 1062 exivit

2061 1109 2126 1149 ex
2169 1095 2434 1166 Aigypto;
2461 1116 2480 1148 ι
2517 1097 2589 1151 ita
2639 1109 2694 1152 ut
2740 1099 2991 1169 deinceps
3033 1099 3302 1170 IEgyptus
3354 1102 3626 1172 Evangelii

2060 1187 2262 1242 Christi
2310 1191 2650 1259 praaconibus
2685 1193 2864 1260 pervia
2907 1193 3011 1259 sit,
3060 1194 3204 1247 nullo
3245 1195 3493 1248 obstante
3539 1197 3621 1249 vel

2063 1278 2366 1348 ingressum
2436 1283 2786 1350 prohibente.
2854 1283 3225 1354 Quapropter,
3281 1294 3465 1356 utpote
3511 1287 3621 1356 jam

2060 1371 2273 1425 sublato
2321 1371 2694 1443 Egyptiorum
2743 1389 2926 1444 regno,
2975 1391 3042 1431 ac
3093 1377 3386 1432 darmonica
3437 1393 3626 1447 opera-

2064 1462 2209 1518 tione
2256 1465 2394 1534 apud
2444 1465 2589 1534 ipsos
2617 1466 2914 1535 exstincta,
2955 1468 3265 1540 evangelica
3313 1471 3626 1540 praedicatio

2060 1553 2243 1623 quiete
2275 1555 2715 1610 annuntiabatur.

2651 1821 2879 1880 CAPUT
2916 1824 3029 1880 XII.

2132 1911 2362 1966 VensJ.
2405 1911 2502 1966 «Et
2533 1915 2678 1970 dices
2705 1916 2758 1970 in
2785 1917 2870 1970 die
2913 1917 3024 1979 illa,
3060 1918 3379 1973 Benedicam
3409 1931 3478 1986 te,
3519 1920 3626 1975 Do-

2059 2003 2225 2058 mine.
2249 2024 2266 2056 ι
2296 2003 2759 2071 Quemadmodum
2796 2011 2940 2063 enim
2973 2009 3168 2081 Moysis
3210 2013 3435 2081 populus
3475 2030 3624 2069 mare

2061 2094 2334 2163 Rubrum,
2366 2099 2519 2166 quasi
2570 2114 2666 2170 per
2697 2101 2925 2166 aridam,
2952 2103 3078 2156 olint
3109 2103 3319 2174 trajecit
3358 2122 3373 2160 :
3411 2121 3473 2160 ac
3506 2114 3626 2176 post

2063 2189 2368 2254 transitum,
2403 2193 2674 2247 canticum
2706 2193 2970 2249 canebant
3001 2195 3267 2264 dicentes,
3304 2199 3627 2253 «(lanternas

2062 2281 2312 2347 Domino,
2363 2283 2599 2355 gloriose
2632 2285 2775 2340 cnim
2819 2287 3152 2356 gloriﬁcatus
3204 2290 3389 2344 est":
3450 2290 3528 2345 sic
3574 2301 3628 2345 et

2059 2375 2407 2444 evangelista:
2435 2375 2734 2433 Salvatoris
2777 2380 2946 2433 nostri
2998 2380 3087 2450 qui
3130 2381 3183 2434 in
3235 2382 3515 2453 prephetia
3549 2381 3628 2438 leo

2061 2478 2289 2534 runtur,
2345 2469 2505 2525 iidem
2561 2471 2660 2541 ipsi
2713 2472 2961 2528 videlicet
3000 2474 3088 2542 qni
3139 2490 3205 2528 ex
3257 2485 3364 2528 tota
3400 2475 3624 2530 .Iurlatca

2058 2571 2216 2632 gente
2258 2563 2427 2617 relicti
2479 2564 2724 2629 fuerant,
2773 2580 2893 2620 cum
2938 2567 3082 2619 nullo
3127 2569 3376 2623 obstante
3406 2585 3624 2625 cursum

2059 2669 2216 2706 suum
2249 2654 2600 2722 perlicerent,
2632 2671 2696 2710 ac
2743 2664 2908 2710 totam
2934 2656 3310 2728 Egyptiornm
3352 2660 3622 2729 regionem

2060 2744 2452 2813 pervaderent,
2480 2745 2678 2802 Judaeis
2703 2749 2919 2818 quidem
2950 2750 3297 2819 Evangelium
3330 2751 3625 2820 praedican-

2060 2842 2138 2887 tes
2169 2834 2222 2888 in
2262 2837 2577 2906 synagugis,
2625 2852 2687 2891 ex
2716 2838 2953 2907 gentium
2989 2855 3116 2894 vero
3150 2841 3500 2896 conversione
3531 2840 3627 2894 Ec-

2059 2922 2250 2979 clesias
2303 2924 2504 2980 Christi
2564 2928 2993 2992 constituentes;
3067 2929 3341 2984 canticum
3399 2944 3621 2992 novum,

2062 3017 2280 3084 perinde
2317 3027 2478 3088 atque
2529 3018 2604 3073 illi
2662 3030 2901 3090 tempore
2943 3020 3168 3090 Moysis,
3218 3036 3414 3076 canere
3465 3023 3624 3076 doce-

2061 3113 2192 3164 bant
2219 3125 2345 3176 eos,
2372 3111 2463 3179 qui
2489 3125 2652 3180 opera
2689 3127 2786 3166 sua
2832 3111 3064 3166 fructum
3099 3123 3486 3184 perceperant;
3525 3114 3626 3168 hoc

2059 3202 2267 3258 scilicet
2318 3204 2587 3258 canticum
2621 3204 2750 3259 olim
2783 3220 2811 3258 a
2843 3205 3070 3260 Domino
3115 3221 3210 3273 per
3252 3206 3626 3276 pr0pheticum

2058 3311 2362 3351 sermonem
2412 3299 2871 3365 praenuntiatum:
2911 3316 2930 3350 ι
2968 3299 3031 3352 Et
3074 3299 3221 3353 dices
3267 3299 3319 3352 in
3372 3299 3461 3354 die
3516 3299 3625 3360 illa.

2061 3389 2379 3444 Benedicam
2415 3399 2484 3455 te,
2517 3390 2764 3456 Domine,
2801 3391 3056 3460 quoniam
3090 3394 3265 3446 iratus
3295 3408 3356 3448 es
3389 3393 3542 3459 mihi,
3571 3403 3626 3448 et

2057 3482 2297 3536 avertisti
2331 3481 2567 3537 furorem
2616 3495 2789 3549 tuum,
2820 3492 2874 3537 et
2905 3483 3160 3538 misertus
3185 3499 3246 3538 es
3280 3485 3430 3539 mihi.
3460 3505 3479 3538 ι

2131 3574 2294 3630 Vens.
2325 3576 2379 3631 2.
2413 3595 2430 3626 t
2459 3577 2593 3631 Ecce
2627 3577 2764 3632 Deus
2795 3593 2978 3643 meus,
3011 3577 3253 3632 salvator
3282 3584 3454 3643 mens,
3484 3579 3626 3633 ﬁdu-

2058 3668 2197 3722 ciam
2248 3668 2459 3723 habebo
2504 3669 2556 3724 itt
2611 3669 2731 3734 illo,
2776 3678 2830 3725 et
2863 3685 2968 3724 non
3005 3671 3203 3723 timebo
3242 3688 3254 3723 :
3291 3670 3418 3739 quia
3450 3670 3622 3737 gloria

2060 3773 2176 3811 mea
2223 3769 2279 3813 et
2325 3758 2442 3814 laus
2474 3775 2589 3814 mea
2627 3761 2921 3826 Dominus,
2958 3771 3012 3814 et
3055 3758 3230 3814 factus
3262 3771 3346 3816 est
3383 3760 3512 3814 mihi
3569 3760 3622 3815 in

2058 3851 2307 3919 salutem,
2335 3870 2354 3904 ι
2391 3859 2446 3908 et
2481 3868 2601 3921 quae
2635 3853 2734 3908 sub
2768 3854 2878 3907 haac
2911 3854 3273 3923 prosequitur.
3305 3853 3438 3907 Illud
3466 3866 3622 3924 ergo,

2063 3945 2276 4001 «iratus
2323 3962 2384 4001 es
2435 3946 2585 4009 mihi,
2616 3965 2635 4000 ι
2691 3947 3044 4017 pristinorum
3100 3958 3442 4016 peccatorum
3491 3962 3624 4002 con-

2061 4032 2346 4091 fessionem
2388 4037 2606 4091 exhibet
2650 4050 2664 4091 :
2719 4052 2949 4106 quorum
3002 4051 3159 4090 causa
3208 4036 3451 4108 Aigyptii
3503 4046 3628 4091 ante

2058 4128 2350 4183 salutarem
2389 4129 2726 4185 vocationem
2786 4129 2864 4183 ira
2917 4129 3006 4182 Dei
3062 4129 3206 4200 digni
3259 4137 3454 4194 erant;
3496 4129 3626 4183 illud

2059 4228 2258 4279 autem,
2290 4236 2309 4268 ι
2337 4218 2591 4272 Avertisti
2625 4218 2856 4273 furorem
2887 4229 3037 4272 tuum
3081 4235 3110 4273 a
3140 4235 3224 4274 nte
3245 4260 3259 4283 ,
3289 4229 3344 4274 et
3373 4221 3626 4274 misertus

2053 4306 2120 4366 'es
2154 4311 2338 4375 mihi,»
2381 4321 2724 4380 peccatorum
2755 4315 3147 4380 remissionem,
3180 4315 3283 4370 illis
3313 4323 3433 4385 post
3466 4331 3626 4370 voca-

379 4408 795 4478 ἁμαρτημάτων
831 4408 1104 4479 σημαίνει.
1136 4411 1199 4463 Ἦ
1227 4411 1334 4482 γὰρ
1362 4413 1522 4484 χάρις
1547 4412 1637 4464 καὶ
1667 4413 1700 4481 ή
1733 4410 1955 4482 ἀλήθεια

2064 4402 2261 4455 tionem
2315 4417 2649 4468 concessam,
2700 4403 2988 4473 signiﬁcat.
3036 4404 3168 4460 Nam
3202 4407 3374 4475 gratia
3405 4415 3461 4460 et
3487 4406 3626 4460 veri-

379 4499 469 4552 διὰ
505 4499 678 4569 Ἰησοῦ
701 4499 937 4570 Χριστοῦ
965 4501 1229 4571 γενομένη
1286 4503 1380 4555 καὶ
1408 4504 1590 4566 αὐτοῖς
1620 4502 1955 4570 Αἰγυπτίοις,

382 4592 476 4645 καὶ
514 4593 652 4644 πᾶσι
678 4595 792 4655 τοῖς
840 4592 932 4644 τὸν
968 4593 1092 4646 Υίὸν
1146 4593 1242 4646 τοῦ
1284 4593 1417 4648 Θεοῦ
1448 4595 1955 4666 παραδεδεγμένοις,

378 4683 600 4753 δεσμῶν
648 4681 801 4736 λύσιν
854 4683 948 4737 καὶ
1011 4683 1294 4756 ἁμαρτιῶν
1351 4687 1695 4758 συγχώρησιν
1754 4686 1959 4757 ἐδωρή-

383 4792 537 4830 σατο.

459 4886 480 4919 ι
528 4867 640 4922 Καὶ
667 4868 966 4940 ἁντλήσατε
1000 4866 1145 4943 ὕδωρ
1195 4869 1312 4941 μετ’
1355 4869 1691 4940 εὐφροσυνης
1732 4872 1797 4922 ἐκ
1845 4869 1954 4922 τῶν

382 4961 582 5031 πηγῶν
618 4960 711 5016 τοῦ
737 4961 1034 5033 Σωτηρίου.
1069 4982 1088 5014 ›
1115 4962 1282 5015 Πάλιν
1306 4959 1676 5031 ἀλληγορικῶς
1723 4961 1955 5014 ἐνταῦθα

383 5051 753 5125 παραδεκτέον
787 5052 847 5105 τὸ
879 5052 1020 5126 ὕδωρ
1053 5055 1146 5106 καὶ
1169 5053 1274 5116 τὰς
1307 5051 1489 5122 πηγὰς
1522 5051 1613 5103 τοῦ
1654 5051 1950 5123 Σωτηρίου.

383 5148 620 5215 Νοήσεις
647 5145 704 5198 δὲ
733 5143 903 5199 ταῦτα
929 5145 1092 5198 αὑτοῦ
1123 5145 1368 5214 λέγοντος
1393 5144 1486 5197 τοῦ
1523 5144 1672 5214 Σωτῆ
1683 5160 1799 5216 ροςσ
1837 5163 1857 5195 t
1892 5144 1958 5196 Εῐ

381 5254 470 5300 τις
499 5236 648 5307 διψᾷ,
677 5235 921 5307 ἐρχέσθω
945 5237 1080 5308 πρὸς
1127 5238 1214 5305 μὲ,
1251 5236 1342 5291 καὶ
1372 5236 1599 5289 πινέτωο
1631 5237 1659 5286 ό
1684 5235 1954 5288 πιστεύων

381 5332 465 5391 εἰς
492 5330 612 5400 ἐμὲ,
638 5347 657 5380 t
683 5327 864 5392 καθὼς
880 5325 1079 5398 εἷπενή
1110 5329 1149 5380 Γ
1156 5330 1322 5399 ραφὴ,
1349 5349 1366 5380 ι
1395 5327 1628 5398 ποταμοὶ
1644 5329 1706 5379 ὲκ
1728 5327 1826 5397 τῆς
1843 5344 1957 5380 κοι-

378 5428 504 5492 λίας
539 5429 702 5483 αὒτοῦ
726 5431 1004 5502 ῥεύσουσιν
1025 5429 1215 5491 ὓδατος
1245 5426 1458 5491 ζῶντος.
1512 5447 1528 5476 ι
1563 5426 1740 5494 Πηγαί
1779 5425 1954 5478 τοίνυν

455 5545 500 5576 ’⁸
535 5545 707 5600 Exod.
740 5563 829 5609 xv,
869 5549 914 5602 ι.
992 5548 1034 5576 τ’
1069 5544 1225 5602 Jnan.
1259 5560 1362 5610 vn,
1398 5544 1487 5599 57.

2061 4502 2142 4546 tas
2179 4508 2273 4562 per
2303 4491 2488 4547 Jesnm
2513 4493 2787 4549 Christum
2818 4496 2981 4563 facta,
3011 4515 3133 4553 cum
3167 4498 3294 4565 ipsis
3323 4496 3620 4568 Egyptiis,

2059 4594 2168 4637 tum
2201 4585 2453 4639 omnibus
2499 4585 2583 4649 iis,
2611 4585 2702 4655 qui
2744 4585 2937 4643 Filiqu
2974 4587 3065 4642 Dei
3100 4597 3470 4656 susceperant,
3504 4587 3626 4641 vin-

2056 4677 2295 4732 culorum
2331 4679 2676 4748 solutionem,
2718 4692 2772 4736 et
2805 4691 3146 4740 peccatorum
3181 4682 3390 4735 veniam
3419 4681 3585 4737 dedit.

2134 4860 2292 4918 Vens.
2323 4864 2375 4916 5.
2412 4880 2432 4912 t
2463 4864 2526 4916 Et
2557 4863 2772 4917 haurite
2797 4877 2992 4932 aquam
3021 4878 3142 4917 cum
3173 4863 3370 4932 gaudio
3401 4879 3468 4918 ex
3507 4862 3626 4918 [οη-

2064 4953 2203 5007 tibus
2228 4953 2514 5009 Salutaris.
2545 4974 2564 5006 ι
2611 4954 2734 5008 lltec
2776 4953 2929 5016 item,
2957 4963 3064 5008 tam
3110 4971 3276 5026 aqua,
3315 4970 3477 5025 quam
3509 4955 3626 5010 fon-

2063 5055 2140 5100 tes
2163 5043 2446 5111 Salutaris,
2481 5048 2767 5117 allegorice
2795 5059 2919 5103 sunt
2943 5048 3274 5117 accipienda.
3311 5047 3436 5103 Hac
3459 5064 3624 5113 porro

2062 5139 2335 5210 intelligas
2386 5142 2499 5210 ipso
2530 5143 2818 5197 Servatore
2867 5144 3102 5205 dicente,
3155 5159 3172 5191 t
3206 5139 3262 5193 Si
3309 5140 3432 5209 quis
3481 5141 3623 5206 sitit,

2062 5233 2241 5288 veniat
2286 5235 2352 5288 ad
2391 5253 2490 5297 me,
2527 5247 2576 5290 et
2625 5235 2768 5291 bibat
2810 5251 2827 5289 :
2869 5235 2960 5304 qui
3012 5235 3184 5290 credit
3223 5235 3274 5290 in
3314 5251 3452 5300 me,»
3485 5238 3627 5292 sicut

2063 5328 2196 5382 dicit
2255 5327 2552 5397 Scriptura.
2597 5349 2616 5382 ‹
2655 5328 2870 5382 ﬂumina
2917 5327 2983 5381 de
3047 5337 3234 5384 ventre
3293 5328 3410 5400 ejus
3455 5328 3623 5382 ﬂuent

2062 5436 2214 5490 aquae
2259 5423 2390 5478 viva:
2431 5423 2497 5476 ⁷².
2522 5441 2538 5474 ι
2574 5421 2770 5478 Fontes
2821 5421 2985 5492 igitur
3015 5421 3296 5488 Salutaris,
3342 5435 3621 5478 sermones

461 5691 576 5761 (18)
627 5688 752 5747 Ιιιυς
811 5692 934 5747 item
993 5691 1384 5760 Hieronymus,
1445 5689 1532 5744 sed
1593 5688 1806 5743 brevius
1860 5683 2132 5755 exprimit.
