4068 6198
329 306 426 361 ιες

1273 312 1777 373 COMMENTARIA
1806 318 1881 375 IN
1920 322 2179 377 ISAIAM.
2234 354 2291 364 -
2331 323 2483 379 CAP.
2526 323 2662 383 XIII.

3465 332 3567 387 186

330 422 502 485 6:613;
528 420 650 492 ζῇν,
684 419 777 474 τοῦ
795 421 1179 494 δικαιωτηρξου
1211 424 1306 477 τοῦ
1328 425 1467 479 Θεοῦ
1497 431 1898 501 μεμνημένους.

2006 453 2128 492 netu
2174 435 2330 492 eﬂ‘ert
2378 449 2570 494 contra
2617 440 2942 512 Babylonem
2969 484 2984 508 ,
3031 456 3313 516 postquam
3353 448 3406 503 in
3454 450 3570 520 ipso

333 511 563 584 Πρώτην
611 509 697 567 οὖν
738 513 912 583 τίθησι
967 514 1067 585 τὴν
1114 516 1259 569 κατά
1307 516 1626 584 Βαϐυλῶνος
1683 522 1893 594 δρασιν,

336 602 605 675 προειπὼν
641 604 699 655 ἐν
739 604 879 674 ἀρχῇ
918 605 1021 675 τῆς
1066 604 1195 675 ὅλης
1253 605 1436 676 βίϐλου
1482 609 1582 680 τὴν
1628 611 1768 664 κατά
1801 613 1897 684 τῆς

351 695 702 767 Ἰερουσαλήμ.
760 697 976 769 Ἐπειδὴ
1010 699 1120 770 γὰρ
1170 701 1246 771 μή
1295 702 1413 754 ἐστι
1468 707 1896 779 προσωποληψω

347 788 489 858 παρὰ
515 788 582 858 τῷ
606 788 746 859 Θεῷ,
780 789 877 842 ἀπ’
915 790 1098 843 αὐτῶν
1147 789 1349 862 ἧρξατο
1377 792 1484 846 τῶν
1526 796 1764 859 οἰκείων,
1803 801 1897 855 καὶ

347 883 420 943 εἰς
448 880 623 945 αὐτοὺς
650 881 813 935 πάλιν
838 880 1170 953 ἀναστρέφει
1203 883 1293 937 τὸν
1316 883 1475 953 λόγον
1495 903 1506 914 ·
1536 888 1644 941 τῶν
1661 888 1717 942 δὲ
1742 890 1897 944 ἀλλο-

344 970 502 1041 φύλων
520 971 691 1025 ἐθνῶν
712 972 813 1042 τὴν
861 971 1155 1025 Βασυλῶνα
1197 974 1515 1045 προτάσσει.
1542 976 1800 1050 Βασιλικὴ
1839 980 1897 1034 δὲ

338 1063 459 1133 αὕτη
479 1063 579 1117 τῶν
609 1062 921 1135 Ἀσσυρίων
952 1063 1126 1127 πόλις,
1155 1066 1384 1137 μεγίστη
1411 1068 1505 1121 καὶ
1526 1068 1893 1142 δυνατωτάτη.

332 1153 572 1223 Λέγονται
604 1154 667 1207 δὲ
704 1153 983 1225 Ἀσσύριοι
1028 1155 1232 1227 πρῶτοι
1259 1155 1362 1226 τῆς
1390 1160 1713 1230 οἰκουμένης
1760 1178 1898 1231 κρα-

330 1244 476 1313 τῆσαι
506 1245 591 1313 ἐφ’
618 1244 764 1308 ὅλοις
789 1244 982 1314 χιλίοις
1026 1246 1121 1297 καὶ
1174 1247 1508 1317 τριακοσίοις
1548 1249 1691 1303 ἔτεσι
1737 1251 1896 1321 μέχρι

328 1334 427 1386 τῶν
459 1335 892 1406 πολιορκούντων
943 1336 1043 1405 τὴν
1082 1335 1457 1410 Ἰερουσαλὴμ,
1502 1340 1596 1393 καὶ
1626 1340 1732 1393 τῶν
1766 1344 1897 1395 ἰου-

329 1425 482 1479 δαίων
538 1427 632 1479 τὸν
679 1426 807 1480 λαὸν
864 1426 1210 1497 αἰχμάλωτον
1283 1429 1599 1498 ἀγαγόντων
1665 1434 1745 1496 εἰς
1796 1434 1896 1506 τὴν

332 1516 501 1568 αὐτῶν
557 1515 763 1588 χώραν.
804 1517 929 1569 Ἐπὶ
973 1516 1147 1588 ταύτῃ
1192 1518 1302 1588 γάρ
1337 1522 1401 1590 τῇ
1446 1520 1556 1574 τῶν
1599 1522 1895 1594 Ἀσσυρίων

332 1606 538 1677 πράξει,
574 1606 769 1662 αὐτίκα
793 1608 888 1661 καὶ
907 1608 1007 1661 οὐκ
1030 1610 1112 1673 εἰς
1142 1609 1382 1682 μακράν,
1412 1611 1472 1665 τὸ
1498 1613 1697 1684 κράτος
1719 1614 1895 1668 αὐτῶν

338 1700 620 1771 κατελύθη.

2008 527 2128 582 libri
2160 528 2384 583 exordio
2422 530 2683 588 visionem
2731 547 2922 591 contra
2955 536 3251 593 Jerusalem
3306 543 3572 609 praemise-

2005 629 2112 674 rat.
2144 620 2277 687 Quia
2306 623 2448 676 enim
2481 623 2624 678 nulla
2652 638 2735 680 est
2766 643 3124 696 personarum
3157 633 3398 701 acceptio
3428 635 3569 703 apud

2005 714 2199 775 Deum,
2245 729 2273 767 a
2309 714 2704 771 contribulibns
2745 720 2862 773 suis
2888 735 3066 781 orsus,
3103 720 3154 773 in
3204 724 3421 774 eosdem
3452 739 3572 775 rur-

2003 822 2118 859 sum
2147 822 2452 860 sermonem
2485 813 2755 864 convertit
2781 828 2795 877 ;
2823 811 3139 881 alienigenis
3169 826 3298 865 vero
3322 814 3571 881 gentibus

2006 901 2326 971 Babylonem
2372 905 2670 973 praemittit.
2709 904 2874 975 Regia
2906 911 3081 957 autem
3115 903 3200 957 illa
3230 905 3568 975 Assyriorum

2004 997 2131 1051 urbs
2168 1006 2317 1064 erat,
2364 1000 2596 1052 maxima
2645 1007 2808 1066 atque
2864 997 3258 1067 potentissima.
3312 1000 3573 1057 Dicuntur

2003 1103 2168 1157 porro
2208 1089 2416 1160 Assyrii
2466 1090 2624 1155 primi
2677 1087 2918 1142 omnium
2952 1088 3072 1142 orbi
3107 1088 3399 1159 imperasse
3429 1101 3571 1147 totos

2005 1179 2151 1233 mille
2183 1190 2237 1234 et
2279 1189 2551 1236 trecentos
2596 1197 2807 1243 annos.
2854 1196 3025 1251 usque
3068 1183 3135 1236 ad
3175 1196 3270 1236 eos
3299 1183 3387 1252 qui
3415 1181 3569 1238 lem.-

2006 1272 2272 1341 solymam
2299 1272 2649 1336 obsederunt,
2684 1287 2744 1324 ac
2773 1270 3082 1327 Judmorum
3111 1273 3362 1342 populum
3395 1275 3569 1343 capti-

2002 1375 2126 1414 vum
2176 1361 2521 1415 abduxerunt
2564 1361 2615 1414 in
2670 1361 2943 1429 regionem
2986 1377 3161 1417 suam.
3208 1362 3435 1432 Propter
3470 1364 3571 1419 hoc

2001 1450 2146 1505 enim
2191 1450 2532 1521 Assyriorum
2586 1450 2835 1519 facinus,
2879 1467 2981 1507 nec
3019 1454 3109 1509 diu
3165 1465 3348 1523 postea
3380 1469 3570 1511 eorum

2002 1542 2285 1612 imperium
2327 1543 2561 1598 solutum
2596 1551 2697 1599 est.

414 1810 432 1841 ε
483 1791 775 1854 ’Δνοὶξατε,
819 1794 865 1845 οἱ
895 1794 1173 1864 ἄρχοντες.
1210 1812 1228 1845 i
1259 1795 1446 1849 Ταῦτα
1494 1796 1552 1850 δὲ
1600 1798 1657 1851 τὸ
1710 1800 1765 1852 ὲν
1822 1800 1898 1871 τῷ

2080 1811 2099 1845 ι
2128 1791 2349 1861 Aperite
2373 1793 2663 1861 principes.
2696 1812 2712 1845 ι
2744 1793 2879 1863 [Haec
2914 1809 3075 1862 porro
3098 1795 3335 1864 Spiritus
3358 1795 3575 1850 divinus

347 1884 590 1953 προφήτῃ
611 1882 834 1952 Πνεῦμα
861 1883 990 1938 θεῖον
1020 1887 1085 1939 ἐκ
1113 1884 1404 1957 προσώπου
1436 1887 1531 1941 τοῦ
1565 1889 1700 1941 θεοῦ
1725 1890 1897 1959 Λόγου

356 1974 625 2044 προφέρει.
662 1976 821 2038 Αὐτὸς
844 1978 1012 2030 τοίνυν
1041 1980 1069 2030 ό
1097 1980 1597 2051 παρακελευόμενος
1626 1986 1737 2046 τοῖς
1762 1984 1898 2054 ἀμφ’

356 2063 511 2115 αὐτὸν
530 2065 771 2132 ἀγγέλοις
800 2067 996 2134 ἀνοῖξαι
1028 2068 1197 2140 θύρας
1230 2071 1641 2140 κεκλεισμένας,
1673 2074 1765 2127 καὶ
1798 2092 1901 2128 πσ-

354 2157 761 2227 ρακελεύσασθαι
794 2163 899 2223 τοῖς
933 2160 1081 2214 ἔνδον
1125 2157 1241 2214 οὖσι
1291 2162 1569 2234 προϊέναι,
1606 2166 1760 2236 ἥκειν
1806 2168 1901 2220 καὶ

349 2248 579 2301 σπεύδειν
602 2250 693 2302 ἐπὶ
712 2251 808 2317 τὴν
828 2252 936 2305 τῶν
954 2252 1168 2305 ἀσεϐῶν
1190 2254 1480 2325 τιμωρίαν.
1522 2250 1688 2327 υἷμαι
1719 2256 1774 2311 δὲ
1811 2258 1900 2312 διά

336 2344 526 2395 τούτων
558 2343 845 2413 δηλοῦσθαι
873 2344 973 2415 τὴν
1008 2345 1395 2417 ἀφωρισμένην
1433 2350 1553 2411 ταῖς
1593 2348 1900 2420 ἀντικειμέ-

332 2450 442 2496 ναις
462 2434 749 2506 δυνάμεσιν
768 2454 781 2465 ·
811 2438 873 2489 ὲν
993 2436 1181 2508 ῶσπερ
1214 2438 1270 2490 ὲν
1294 2436 1650 2510 δεσμωτηρίῳ
1685 2439 1900 2512 καθειρ-

330 2528 517 2598 γμέναι
546 2530 897 2599 τυγχάνουσι.
926 2528 1036 2582 Kal.
1065 2530 1270 2600 μήποτε
1308 2529 1444 2601 αὓτη
1482 2531 1626 2584 ἐστὶν
1651 2534 1683 2601 ἡ
1710 2533 1899 2586 καλου-

326 2619 453 2690 μένη
478 2618 734 2683 ἄϐυσσος,
761 2619 1230 2691 ὲμπεπληρῶσθαι
1249 2620 1306 2673 δὲ
1328 2621 1636 2691 δρακόντων
1660 2623 1898 2679 διδάσκει

323 2712 349 2761 ό
374 2712 594 2780 φάσκων
623 2710 806 2779 λόγος,
841 2732 859 2763 ι
898 2712 1199 2781 Δράκοντες
1227 2713 1321 2765 καὶ
1362 2714 1531 2766 πᾶσαι
1574 2714 1834 2781 ἀδυσσοις
1873 2736 1892 2769 ι

324 2804 477 2857 Ὅθεν
509 2805 604 2857 καὶ
644 2803 737 2857 τὸν
784 2805 1014 2876 Σωτῆρα
1045 2805 1384 2876 παρεκάλουν
1429 2807 1475 2860 οἱ
1508 2806 1786 2878 δαίμονες,
1823 2808 1897 2879 μὴ

328 2896 534 2964 πέμψαι
562 2898 777 2961 αὐτοὺς,
802 2896 1038 2966 ὁπηνίκα
1067 2895 1219 2965 ἔλεγε
1249 2897 1329 2958 τὸ,
1362 2915 1380 2947 ι
1411 2893 1614 2962 Ἧλθες
1640 2898 1745 2969 πρὸ
1776 2916 1897 2952 και-

328 2987 428 3057 ροῦ
464 2986 744 3055 βασανίσαι
780 2990 945 3057 ἡμᾶς.
986 3008 1004 3038 ι
1041 2988 1113 3040 Οὐ
1154 2988 1262 3058 γάρ
1292 2988 1520 3058 ἠγνόουν
1558 2989 1744 3061 καιρόν
1776 3006 1899 3045 τινα

322 3077 548 3131 ἔσεσθαι
572 3079 745 3142 αὐτοῖς
770 3080 867 3149 τῆς
891 3082 971 3143 εἰς
1008 3078 1107 3150 τὴν
1135 3079 1369 3134 ἄϐυσσον
1402 3080 1753 3152 καθείρξεως.

402 3188 423 3221 ο
472 3169 612 3237 Ἐγὼ
637 3172 906 3225 συντάσσω
932 3172 1026 3225 καὶ
1050 3170 1161 3241 ἐγὼ
1186 3170 1304 3240 ἄγω
1331 3171 1551 3236 αὐτούς.
1590 3192 1609 3224 ι
1655 3174 1811 3238 Τίνες
1840 3173 1896 3228 δέ
1924 3165 1966 3223 C

321 3263 466 3315 εεσιν
507 3256 649 3316 οὗτοι
698 3264 821 3334 ἑξῆς
866 3263 1163 3335 παρίστησι
1204 3262 1481 3333 διασαφῶν
1546 3266 1642 3318 καὶ
1693 3264 1895 3333 λέγων·

332 3372 351 3403 ι
398 3354 651 3422 Γίγαντες
693 3354 958 3425 ἔρχονται,
982 3355 1263 3426 πληρῶσαι
1288 3355 1378 3408 τὸν
1410 3354 1579 3427 θυμόν
1610 3374 1745 3427 μου,
1779 3358 1902 3427 χαί-

320 3460 508 3517 ροντες
558 3446 675 3515 ἅμα
720 3447 814 3499 καὶ
859 3446 1191 3517 ὑϐρίζοντες.
1251 3467 1270 3498 ι
1322 3447 1635 3518 Συμφώνως
1683 3448 1739 3502 δὲ
1787 3452 1901 3512 τοῖς

324 3534 731 3605 Ἐεδομήκοντα
760 3536 1106 3607 ἡρμήνευσεν
1131 3536 1159 3588 ὁ
1184 3534 1475 3591 Θεώοτίων
1500 3535 1669 3591 εἰπών
1690 3554 1703 3568 ·
1737 3556 1754 3588 ι
1792 3536 1898 3590 Καί

313 3644 378 3694 γε
422 3627 660 3680 ὲκάλεσα
714 3627 838 3690 τοὺς
864 3627 1124 3695 γίγαντάς
1158 3643 1286 3697 μου·
1336 3646 1355 3679 ι
1398 3629 1426 3681 ὀ
1452 3629 1509 3682 δὲ
1546 3628 1773 3692 ’Δκύλας
1808 3630 1901 3683 καὶ

315 3722 345 3773 ὁ
387 3719 682 3789 Σύμμαχος
714 3720 834 3773 ἀντὶ
867 3719 981 3782 τοῦ,
1026 3739 1044 3771 ι
1091 3721 1369 3789 γίγαντας,
1424 3740 1543 3772 ι--ι
1569 3722 1825 3784 δυνατοὺς
1874 3739 1893 3772 ι

315 3812 692 3883 ἡρμήνευσαν.
725 3811 885 3866 Οὕτω
909 3813 965 3866 δὲ
1005 3812 1157 3867 καλεῖ
1198 3813 1296 3875 τὰς
1322 3813 1701 3886 τιμωρητικάς
1741 3813 1900 3866 δυνά-

316 3921 471 3976 μεις,
510 3904 575 3957 δι’
611 3898 686 3958 ὧν
736 3905 804 3957 τὰ
831 3905 930 3975 τῆς
976 3906 1117 3959 κατά
1157 3906 1266 3959 τῶν
1311 3905 1523 3963 ἀσεϐῶν
1565 3906 1733 3978 ὀργῆς
1766 3906 1901 3978 πλη-

318 3997 538 4069 ροῦται.
580 3999 953 4070 Ἐπιχαέρουσι
980 4000 1137 4053 κακοί
1169 4018 1334 4064 τινες,
1363 3996 1508 4056 οὗτοι
1536 4003 1585 4053 οἱ
1619 4002 1901 4073 λεγόμενοι

316 4093 597 4160 γίγαντες,
628 4092 817 4165 ὥσπερ
843 4094 909 4147 τὰ
948 4097 1067 4147 κατ’
1101 4094 1265 4165 εὐχὰς
1293 4095 1655 4166 πράττοντες·
1684 4095 1900 4167 χαίρον-

317 4201 410 4247 τες
433 4184 530 4236 ἐπὶ
552 4184 632 4255 τῷ
658 4184 898 4257 ὑδρίζειν
924 4186 1018 4239 καὶ
1044 4186 1288 4252 κολάζειν
1309 4188 1433 4251 τοὺς
1460 4186 1696 4252 ἀσεϐεῖς,
1718 4187 1811 4240 ἀτε
1834 4188 1899 4242 6i-

322 4274 395 4345 μὴ
430 4273 647 4344 ἔχοντες
677 4275 953 4347 σπλάγχνα
979 4276 1295 4347 οἰκτιρμῶν.

394 4383 414 4413 ι
444 4364 605 4435 Φωνὴ
631 4363 799 4417 ἐθνῶν
833 4365 1041 4419 πολλῶν
1071 4367 1162 4419 ἐπὶ
1192 4366 1299 4421 τῶν
1328 4353 1523 4439 ὀρέων,
1545 4365 1704 4437 ὁμοία
1731 4366 1901 4420 ἐθνῶν

319 4456 556 4510 πολλῶν.
604 4456 759 4527 Φωνὴ
799 4457 1060 4527 βασιλέων
1093 4459 1184 4511 καὶ
1233 4458 1401 4512 ἐθνῶν
1446 4458 1817 4529 συνηγμένων.
1874 4478 1893 4510 ι

320 4551 387 4601 Οἱ
419 4549 702 4619 μέλλοντες
738 4549 859 4602 τότε
899 4554 964 4621 τῇ
998 4549 1239 4622 τιμωρία
1287 4549 1674 4619 παραδίδοσθαι
1718 4549 1901 4618 φωνάς

317 4642 616 4711 ἀφήσουσι,
647 4641 713 4695 τά
737 4642 943 4694 ἑαυτῶν
971 4640 1449 4713 ἐξομολογούμενοι
1479 4642 1626 4696 κακά
1643 4659 1656 4673 ·
1683 4641 1817 4712 ὁμοῦ
1845 4642 1901 4695 δὲ

319 4735 418 4785 καὶ
448 4733 593 4786 κατά
620 4734 812 4786 ταύτὸν
838 4734 909 4787 τά
935 4734 1060 4805 ἔθνη
1094 4735 1288 4801 πάντα,
1321 4735 1416 4788 καὶ
1442 4737 1491 4787 oi.
1516 4735 1718 4788 τούτων
1748 4734 1901 4805 βασι-

319 4826 455 4892 λεῖς,
501 4827 633 4897 μίαν
672 4827 768 4897 τὴν
808 4827 976 4897 αὐτὴν
1019 4827 1356 4881 ἀποδώσουσι
1402 4827 1604 4899 φωνὴν,
1645 4827 1903 4898 ὀλοφυρό-

323 4934 478 4985 μενοι
516 4916 619 4979 τὰς
657 4916 861 4969 ἑαυτῶν
901 4917 1202 4990 συμφοράς.
1244 4919 1305 4971 Oi
1337 4917 1394 4971 δὲ
1431 4918 1686 4989 ἀνωτέρω
1716 4917 1905 4986 γίγαν-

315 5022 413 5068 τες
497 5005 891 5075 ινομασθέντες
968 5006 1265 5077 ὁπλομάχοι
1322 5007 1556 5063 ἐνταῦθα
1622 5007 1903 5076 λέγονται,

321 5098 549 5170 μακράν
574 5097 725 5161 ὅντες
760 5098 944 5162 πάλαι,
969 5098 1062 5151 καὶ
1086 5097 1273 5170 ὥσπερ
1307 5102 1365 5153 ὲν
1386 5099 1652 5170 θεμελίοις
1692 5099 1786 5151 τοῦ
1813 5101 1902 5152 οὺ-

316 5190 490 5260 ρανοῦ
519 5191 1019 5261 ἀποκεκλεισμένοι·
1048 5191 1161 5257 οὓς,
1194 5193 1283 5246 ὅτε
1316 5191 1504 5265 καιρὸς
1536 5192 1707 5257 καλεῖ,
1738 5208 1902 5262 προσ-

310 5284 512 5335 τάττει
536 5281 787 5353 έρχεσθαι
811 5284 840 5336 ό
864 5284 972 5336 τῶν
1001 5283 1136 5338 ὅλων
1166 5283 1356 5356 κριτὴς
1383 5285 1475 5336 ἐπὶ
1499 5282 1577 5354 τῷ
1611 5282 1903 5353 καταφθεί-

316 5391 415 5444 ριαι
446 5374 634 5426 πᾶσαν
665 5372 762 5444 τὴν
784 5374 892 5427 τῶν
922 5374 1108 5428 κακῶν
1129 5374 1469 5446 οἰκουμένην,
1499 5375 1635 5445 μετά
1658 5374 1748 5427 τὸν
1776 5376 1902 5445 ἀφο-

312 5465 520 5533 ρισμὸν
554 5462 663 5513 τῶν
693 5463 936 5517 δικαίων.
986 5465 1136 5517 Ἐπεὶ
1178 5464 1270 5517 καὶ
1310 5465 1367 5516 ἐν
1404 5467 1513 5528 τοῖς
1551 5464 1899 5533 Εὑαγγελὶοις

308 5562 341 5612 ό
390 5560 517 5623 Υἱὸς
549 5556 645 5611 τοῦ
691 5558 983 5633 ἀνθρώπου
1029 5559 1335 5631 καθήμενος
1374 5560 1467 5613 ἐπὶ
1514 5559 1701 5630 θρόνου
1746 5558 1897 5631 δόξῃς

386 5741 434 5773 ⁷⁸
480 5740 624 5799 Psal.
681 5757 910 5809 csum,
952 5740 1003 5795 7.
1080 5741 1123 5773 τ’
1160 5738 1351 5796 Matth.
1384 5754 1500 5807 rm,
1536 5738 1626 5795 ‘29.

2011 1887 2063 1941 in
2101 1888 2359 1955 propheta
2407 1887 2672 1940 exsistens
2703 1902 2767 1940 ex
2816 1901 3044 1956 persona
3095 1888 3186 1940 Dei
3236 1885 3397 1941 Verbi
3446 1902 3574 1956 prn-

2008 1978 2130 2033 l'crt.
2158 1977 2296 2033 Idem
2331 1978 2495 2045 igitur
2532 1977 2646 2045 ipse
2670 1986 2754 2032 est
2791 1977 2879 2046 qui
2924 1977 3129 2045 angelis
3170 1976 3575 2029 circumstanti-

2017 2070 2118 2124 bus
2140 2070 2405 2138 prmcipit,
2438 2078 2495 2122 ut
2526 2067 2741 2122 clausas
2769 2078 2953 2136 portas
2975 2067 3241 2135 aperiant,
3267 2082 3330 2121 ac
3348 2066 3575 2133 jubeant

2004 2177 2099 2216 eos
2128 2163 2218 2231 qui
2248 2162 2386 2216 intra
2425 2172 2552 2217 sunt
2575 2163 2809 2233 prodire,
2837 2162 3093 2217 accedere
3120 2174 3174 2215 et
3208 2161 3468 2215 festinare
3503 2162 3572 2214 ad

2006 2254 2297 2323 impiorum
2325 2254 2668 2325 supplicium.
2700 2252 2935 2309 Estituo
2963 2265 3141 2308 autem
3167 2254 3252 2308 his
3280 2252 3573 2323 signiﬁcari

2006 2348 2272 2401 ultionem
2299 2362 2419 2417 qua
2451 2348 2777 2403 adversariis
2827 2347 3188 2415 potestatibus
3222 2348 3522 2401 destinatur
3556 2363 3571 2399 :

2006 2441 2056 2494 in
2082 2456 2186 2508 qua
2226 2454 2323 2495 ceu
2355 2442 2407 2494 in
2437 2456 2656 2496 carcere
2687 2440 3098 2495 conclmlnntnr.
3141 2437 3277 2492 Num
3312 2437 3452 2493 forte
3486 2437 3573 2491 illa

2007 2533 2169 2586 fuerit
2198 2532 2451 2602 abyssus.
2494 2543 2552 2586 ut
2584 2542 2833 2595 vocatur,
2879 2547 3043 2600 quam
3088 2532 3416 2585 draconibus
3458 2529 3573 2599 ple-

2006 2641 2132 2680 nam
2168 2626 2243 2678 ait
2275 2625 2555 2691 Scriptura
2596 2626 2681 2679 bis
2707 2624 2911 2687 verbis,
2957 2642 2976 2673 ‹
3009 2622 3277 2676 Dracones
3307 2630 3364 2676 et
3384 2636 3577 2675 omnes

2005 2716 2183 2786 abyssi
2205 2715 2297 2766 ⁷⁵2
2326 2733 2345 2766 ι
2401 2712 2553 2768 Unde
2593 2723 2648 2766 et
2678 2712 3016 2767 Salvatorem
3057 2713 3324 2777 rogabant
3371 2710 3573 2762 timuit)-

2005 2822 2123 2868 nes,
2158 2821 2225 2861 ne
2255 2821 2314 2862 se
2353 2804 2444 2857 illo
2488 2803 2748 2869 mitteret,
2809 2818 2932 2856 cum
2979 2802 3252 2863 dicebant,
3318 2818 3336 2851 ι
3366 2797 3573 2852 Venisti

2004 2908 2129 2953 ante
2158 2909 2369 2968 tempus
2400 2906 2650 2966 torquere
2670 2911 2768 2950 nos
2788 2896 2853 2949 ".
2889 2913 2906 2946 ι
2937 2893 3050 2949 Νοη
3081 2893 3401 2964 ignorabant
3428 2893 3572 2947 enim

2007 2990 2243 3045 futurum
2286 3000 2492 3059 tempus
2539 3005 2662 3047 esse
2703 3005 2810 3059 quo
2873 2989 2925 3043 in
2976 2984 3573 3057 abyssogconcludcndi

2004 3092 2179 3137 erant.

2081 3174 2243 3231 Vsus.
2283 3175 2340 3233 5.
2384 3194 2403 3227 ι
2430 3175 2539 3245 Ego
2568 3174 2763 3229 ordino
2791 3183 2845 3229 et
2868 3188 2966 3240 ego
2992 3173 3132 3227 duco
3158 3185 3271 3227 eos.
3289 3188 3307 3222 ι
3344 3168 3573 3236 Quinam

2006 3269 2042 3324 ii
2102 3272 2211 3324 sint
2250 3267 2352 3324 sub
2395 3269 2509 3322 bare
2563 3268 2802 3322 declarat
2849 3266 2933 3319 bis
2990 3263 3188 3326 verbis,
3266 3279 3285 3312 ι
3316 3262 3577 3331 Gigantes

2006 3363 2226 3416 veniunt
2274 3360 2341 3414 ad
2382 3360 2711 3429 implendum
2757 3356 2996 3410 furorem
3036 3370 3238 3417 meum,
3278 3354 3576 3423 gaudentes

2005 3452 2163 3509 simul
2196 3463 2249 3506 et
2277 3449 2636 3507 contumelias
2664 3449 2982 3504 inferentes.
3014 3467 3032 3501 ι
3065 3446 3365 3501 Tbeodotio
3393 3456 3571 3500 autem

2005 3543 2229 3615 perinde
2265 3556 2328 3594 ac
2368 3539 2512 3594 LXX
2559 3542 2639 3593 sic
2697 3537 3084 3605 interpretatus
3132 3544 3235 3597 est,
3290 3553 3308 3585 ι
3336 3533 3402 3589 Ει
3446 3548 3576 3587 vero

2025 3633 2208 3688 vocavi
2235 3634 2481 3702 gigantes
2514 3644 2739 3692 meosn
2778 3627 2967 3696 Aquila
3003 3637 3185 3680 autem
3225 3633 3279 3679 et
3319 3624 3572 3694 Symma-

2006 3728 2159 3790 cbus,
2185 3740 2283 3795 pro
2309 3725 2419 3789 illo,
2460 3741 2479 3775 ι
2506 3724 2775 3793 gigantes,
2806 3740 2824 3773 ι
2868 3719 3205 3788 interpretati
3237 3727 3381 3780 sunt,
3411 3734 3432 3768 ι
3461 3717 3573 3770 for-

2010 3831 2109 3875 tes.
2141 3838 2161 3871 ι
2194 3818 2287 3873 Sic
2312 3833 2474 3888 porro
2501 3825 2661 3869 vocat
2692 3814 2913 3869 ultrices
2945 3813 3190 3877 virtutes,
3218 3810 3375 3880 queis
3409 3809 3488 3862 ira
3520 3817 3575 3861 et

2006 3910 2143 3963 ultio
2182 3918 2371 3963 contra
2398 3906 2594 3977 impios
2620 3916 2927 3960 exercetur.
2974 3903 3221 3977 Gaudent
3264 3900 3432 3967 igitur
3462 3913 3576 3951 ma-

2009 4001 2136 4070 ligni
2177 4001 2420 4069 quidam,
2457 3976 2700 4069 gigantes
2744 3998 2957 4059 vocati,
2994 3976 3148 4065 quasi
3182 4008 3293 4046 rem
3326 4006 3423 4060 pro
3451 4001 3576 4045 voto

2007 4100 2190 4161 agant,
2222 4090 2275 4145 in
2309 4088 2638 4145 contumelia
2666 4096 2722 4141 et
2767 4088 3030 4156 supplicio
3072 4086 3248 4153 impiis
3295 4083 3576 4140 inferendo

2009 4183 2153 4249 laeti;
2187 4192 2371 4252 utpote
2400 4182 2491 4250 qui
2518 4181 2727 4235 viscera
2766 4180 3152 4234 misericordia:
3179 4194 3285 4233 non
3318 4179 3573 4232 habeant.

2082 4359 2243 4413 Vens.
2283 4358 2338 4413 4.
2386 4375 2405 4408 ι
2434 4358 2546 4411 an
2577 4357 2811 4427 gentium
2846 4356 3132 4410 multarum
3181 4356 3233 4410 in
3284 4353 3576 4418 montibus,

2008 4454 2199 4509 similis
2226 4453 2474 4522 gentibus
2511 4451 2711 4504 multis.
2759 4450 2869 4505 Vox
2903 4466 3085 4519 regum
3102 4459 3153 4503 et
3179 4448 3418 4519 gentium
3450 4463 3575 4501 cou-

1933 4529 1976 4583 Ῑ)
2007 4557 2377 4616 gregatarnnt.
2405 4562 2423 4595 ι
2489 4542 2588 4608 Qui
2651 4552 2779 4595 tunc
2841 4543 3104 4610 supplicio
3152 4539 3396 4593 tradendi
3429 4548 3574 4602 sunt,

2007 4653 2168 4692 voces
2229 4636 2501 4702 etnittent,
2570 4634 2709 4689 mala
2766 4650 2860 4688 sua
2920 4636 3275 4688 conﬁtentes:
3310 4629 3577 4699 simulque

2007 4728 2196 4783 eodem
2225 4736 2468 4795 tempore
2494 4736 2683 4795 gentes
2697 4741 2885 4780 omnes
2912 4733 2968 4778 et
2998 4739 3182 4777 earum
3211 4736 3385 4791 reges,
3415 4735 3575 4773 unam

2007 4829 2063 4873 et
2090 4819 2336 4873 eamdem
2370 4819 2576 4872 dabunt
2607 4832 2792 4871 vocem
2821 4856 2836 4881 ,
2875 4816 3211 4869 calamitates
3238 4827 3365 4867 suas
3387 4812 3576 4881 lugen-

2008 4920 2111 4965 tes.
2139 4911 2214 4964 Illi
2256 4924 2384 4965 vero
2415 4910 2657 4980 praedicti
2707 4910 2971 4978 gigantes,
3012 4908 3100 4961 hic
3138 4905 3335 4960 armati
3375 4906 3568 4959 dicun-

2010 5009 2116 5065 tur,
2144 5003 2235 5070 qui
2268 5002 2394 5056 olim
2437 5001 2626 5072 procul
2668 5010 2845 5069 erant,
2877 5011 2931 5055 et
2952 4999 3110 5069 quasi
3136 5000 3190 5052 in
3215 4999 3338 5053 caeli
3377 4997 3572 5051 funda-

2009 5095 2207 5149 mentis
2248 5094 2463 5162 inclusi,
2491 5111 2627 5165 quos
2657 5097 2746 5150 ubi
2776 5105 2987 5163 tempus
3032 5101 3240 5156 evocat,
3266 5092 3419 5161 jubet
3456 5092 3577 5145 uni-

2006 5204 2284 5244 versorum
2331 5188 2496 5257 judex
2554 5187 2833 5251 accedere,
2882 5197 2942 5241 ut
2992 5196 3161 5240 totum
3200 5183 3574 5253 improborum

2006 5278 2222 5343 orbem,
2274 5289 2397 5348 post
2438 5279 2705 5348 justorum
2767 5277 3223 5348 segregationetn,
3270 5278 3571 5331 destruant.

2006 5371 2453 5441 Quandoquidem
2526 5381 2580 5425 et
2631 5371 2684 5424 in
2759 5368 3062 5438 Evangeliis
3111 5359 3277 5423 Filius
3334 5370 3572 5425 ltomiuis

2006 5468 2205 5521 sedens
2233 5465 2286 5518 in
2319 5465 2511 5519 tltrono
2534 5462 2718 5531 gloria:
2750 5478 2879 5526 θυαε,
2917 5477 3013 5516 eos
3038 5463 3129 5532 qui
3158 5479 3186 5517 a
3219 5464 3424 5517 dextris
3447 5474 3575 5516 sunt

2015 5560 2232 5631 primos
2255 5557 2322 5614 ad
2345 5565 2589 5629 paratum
2632 5556 2762 5627 ipsis
2802 5571 3024 5626 regnum
3070 5568 3197 5613 ante
3231 5557 3573 5615 constitutio-
