4068 6198
506 289 653 373 nr

1182 288 1451 345 EUSEBII
1488 286 1961 345 CESARIENSIS
1997 285 2146 343 OPP.
2188 283 2367 339 PARS
2404 280 2489 336 lll.
2514 274 2602 340 ’44
2642 279 3053 337 EXEGETICA.

3642 279 3745 335 188

510 431 629 469 nem
654 412 860 478 mundi,
880 420 1035 467 vocat
1065 430 1079 466 :
1107 413 1305 483 quibus
1334 414 1626 481 assumptis
1648 421 1702 466 et
1721 414 1788 465 ad
1808 411 2065 481 promissa

2176 406 2340 460 αὐτοῦ
2372 405 2498 467 τοὺς
2536 416 2603 458 εκ
2641 403 2831 467 δεξιῶν
2872 418 3122 471 πρωτους
3159 399 3252 451 επὶ
3288 397 3385 470 τὴν
3420 398 3747 468 ἡτοιμασμέ-

504 506 772 567 deductis,
829 505 882 558 in
922 505 1158 574 reliquas
1208 514 1402 574 gentes
1451 521 1482 559 a
1522 504 1762 561 sinistris
1803 512 2068 573 repertas,

505 600 644 669 ignis
676 598 1033 652 comminatio
1064 597 1316 652 infertur.

572 857 809 921 Vans.6,
833 859 885 910 '7.
912 876 929 908 ι
960 856 1187 919 Ulnlate,
1231 871 1398 926 prope
1438 857 1580 911 enim
1629 858 1741 912 dies
1769 858 2074 923 Domini.et

503 952 763 1006 contritio
795 967 823 1004 a
856 950 1083 1003 Domino
1127 951 1328 1004 veniet.
1371 951 1597 1020 Propter
1627 951 1727 1005 hoc
1753 953 1929 1007 omnis
1960 967 2073 1005 ma.

505 1062 609 1101 nus
630 1044 978 1106 dissolvetur,
1030 1054 1082 1097 et
1111 1043 1289 1097 omnis
1330 1043 1508 1096 anima
1541 1042 1776 1098 hominis
1806 1046 2070 1100 formida-

505 1141 624 1194 bit:
665 1138 1028 1191 turbabuntur
1061 1135 1218 1206 legati
1244 1176 1259 1199 ,
1307 1145 1364 1190 et
1407 1136 1622 1191 dolores
1660 1138 1805 1205 ipsos
1840 1153 2073 1209 occupa-

502 1233 655 1294 bunt,
681 1230 836 1299 quasi
878 1228 1117 1282 mulieris
1158 1227 1533 1297 parturientis.
1562 1247 1593 1293 ι,
1627 1227 1872 1283 Nondum
1913 1244 2070 1298 ergo,

510 1321 606 1387 ait,
648 1323 851 1374 instant
879 1336 939 1373 ea
966 1335 1084 1389 quae
1113 1320 1165 1373 in
1194 1320 1614 1374 comminatione
1660 1319 1940 1383 feruntur;
1974 1322 2069 1375 sed

498 1413 899 1482 quamprimum
955 1420 1178 1465 ventura
1235 1421 1379 1467 sunt.
1441 1412 1622 1478 Quare
1684 1421 2072 1481 praevertentes

501 1504 613 1567 illa,
656 1502 816 1565 fletu,
878 1502 1131 1556 lamentis
1178 1512 1234 1557 et
1287 1501 1495 1555 ululatu
1547 1501 1713 1557 Deum
1770 1503 2069 1571 placantes,

500 1596 638 1649 mala
678 1595 907 1649 avertite
940 1611 968 1647 a
1004 1594 1155 1649 vobis
1181 1609 1197 1648 :
1221 1594 1441 1663 jamjam
1480 1595 1625 1648 enim
1668 1595 1923 1663 praedicta
1952 1595 2070 1650 dies

501 1694 594 1747 ira:
645 1692 736 1745 Dei
783 1688 1011 1744 ali'ntura
1061 1700 1163 1746 est.
1215 1689 1443 1760 Legatos
1487 1698 1664 1743 autem
1711 1689 1797 1743 hic
1841 1687 2071 1744 fortasse

2173 516 2271 569 νην
2308 499 2487 558 αὐτοῖς
2525 494 2800 562 βασιλείαν
2844 494 2951 567 πρὸ
2986 492 3290 561 καταϐολῆς
3324 492 3530 561 κόσμου
3560 490 3742 543 καλεῖ⁹

2171 584 2245 644 ὧν
2279 587 2743 660 παραληφθέντων
2776 587 2869 640 xui.
2895 585 3252 656 εἰσαχθέντων
3281 584 3373 637 ἐπὶ
3395 584 3495 653 τὴν
3524 584 3751 665 ἐπαγγε-

2172 680 2310 743 λίαν,
2342 680 2434 732 ὲπὶ
2470 694 2541 732 τα
2577 679 2739 732 λοιπά
2768 678 2893 748 έθνη
2926 677 2993 729 τὰ
3026 678 3081 729 ὲν
3122 678 3233 738 τοῖς
3266 673 3574 745 ἀριστεροῖς
3603 673 3751 744 εὑρε-

2172 770 2450 843 θησόμενα
2481 774 2515 841 η
2543 771 2740 841 ἀπειλὴ
2771 769 2866 822 τοῦ
2894 769 3065 839 πυρὸς
3099 767 3462 837 ἐξενήνεκται.

2250 884 2268 915 ι
2330 863 2638 928 Ὀλολύζετε
2658 880 2671 893 ⁸
2705 864 2870 931 ἐγγὺς
2894 861 3002 931 γὰρ
3037 860 3219 933 ἡμέρα
3242 857 3466 930 Κυρίου,
3494 857 3589 911 xui
3627 874 3749 910 συν-

2171 954 2331 1025 τριϐὴ
2366 952 2516 1024 παρά
2548 952 2639 1005 τοῦ
2681 949 2884 1021 Κυρίου
2928 947 3065 1018 ἥξει.
3117 946 3215 999 Διά
3249 946 3404 999 τοῦτο
3445 946 3593 997 πᾶσα
3628 946 3748 1015 χεὶρ

2173 1044 2561 1113 ἑκλυθήσεται,
2592 1043 2687 1095 xui
2737 1043 2884 1094 πᾶσα
2932 1038 3077 1108 ψυχὴ
3130 1036 3415 1108 ἀνθρώπου
3450 1034 3745 1088 δειλιάσεν

2173 1136 2608 1207 ταραχθήσονται
2637 1136 2685 1186 οί
2723 1132 2996 1203 πρέσϐεις,
3025 1131 3117 1183 xui
3157 1129 3342 1191 ὠδῖνες
3376 1129 3572 1191 αὐτοὺς
3603 1128 3749 1194 ἕξου-

2175 1245 2277 1292 σιν,
2325 1228 2401 1291 ῶς
2446 1226 2701 1295 γυναικὸς
2748 1225 3058 1293 τικτούσης.
3111 1243 3129 1274 ι
3181 1222 3346 1275 Οὔπω
3394 1218 3508 1285 οὖν,
3562 1223 3743 1293 φησιν,

2172 1320 2372 1392 ἐπέστη
2424 1320 2490 1373 τά
2539 1318 2912 1389 ὴπειλημένα’
2961 1316 3141 1387 μέλλει
3189 1314 3247 1368 δὲ
3287 1316 3411 1367 ὅσον
3442 1314 3612 1367 οὔπω.
3656 1314 3749 1367 Διδ

2173 1413 2554 1484 προλαϐόντες,
2602 1408 2863 1479 κλαυθμῷ
2888 1408 2983 1461 xui
3017 1407 3221 1479 θρήνῳ,
3262 1407 3356 1459 xui
3393 1406 3617 1476 ὀλολυγῇ
3658 1405 3747 1472 ἐξ·

2176 1503 2465 1558 ιλεώσασθε
2485 1502 2553 1555 τά
2576 1502 2783 1555 ἑαυτῶν
2802 1500 2964 1553 κακά’
2996 1498 3173 1569 μέλλει
3199 1496 3307 1569 γὰρ
3333 1500 3365 1569 ἡ
3391 1498 3748 1569 προλεχθεῖσα

2172 1598 2355 1669 ἡμέρα
2402 1597 2500 1666 τῆς
2532 1594 2701 1666 ὀργῆς
2724 1593 2818 1646 τοῦ
2847 1590 2982 1645 Θεοῦ
3005 1590 3345 1660 ἐφίστασθαι.
3383 1591 3453 1643 Ἢ
3489 1589 3747 1661 πρέσϐεις

2175 1689 2404 1743 ἐνταῦθα
2430 1688 2582 1741 καλεῖ
2608 1687 2733 1749 τοὺς
2758 1683 3188 1759 προϊσταμένους
3210 1683 3314 1736 τῶν
3334 1683 3433 1752 τῆς
3458 1682 3745 1753 ἀθεότητος

497 1794 656 1837 vocat
684 1798 799 1846 eos,
825 1782 914 1851 qui
939 1781 1101 1835 dictis
1131 1781 1411 1835 atheorum
1433 1782 1840 1850 patrocinantur
1870 1800 1882 1835 :
1912 1792 2065 1851 atque

2174 1781 2375 1851 λόγων,
2408 1781 2502 1834 xui
2546 1781 2671 1841 τοὺς
2710 1776 3108 1849 πρεσϐεύοντας
3144 1775 3283 1848 ὑπὲρ
3328 1775 3430 1845 τῆς
3469 1774 3746 1828 εἰδωλολα-

497 1891 590 1929 eos
629 1875 721 1944 qui
752 1873 1072 1928 idololatria:
1108 1887 1349 1926 errorem
1385 1882 1629 1937 tuentur,
1660 1888 1868 1927 necnon
1891 1873 2075 1928 docto-

500 1984 587 2021 res
607 1969 889 2021 atheorum
913 1974 967 2019 et
1002 1964 1289 2032 impiormn
1327 1966 1638 2036 dogmatum
1663 2004 1681 2031 ,
1716 1980 1852 2035 quos
1882 1982 2072 2021 recen-

495 2057 598 2111 sita
633 2056 813 2110 omnia
858 2052 1132 2107 invadent.

566 2147 730 2200 Vsns.
770 2144 961 2198 10-12.
1009 2162 1026 2194 ι
1058 2143 1192 2196 Nam
1225 2141 1396 2196 stellae
1431 2141 1575 2205 εαξη,
1612 2141 1776 2196 Orion
1805 2152 1858 2197 et
1890 2143 2073 2198 omnis

493 2245 719 2291 ornatus
741 2236 884 2299 caeli,
916 2235 1089 2289 lucem
1121 2250 1226 2287 non
1263 2233 1505 2297 dabunt,
1539 2242 1604 2285 et-
1626 2235 2072 2289 obtenebrabitur

493 2325 608 2380 sole
638 2326 849 2379 oriente
872 2366 887 2389 ,
922 2333 975 2379 et
1009 2324 1131 2376 luna
1182 2336 1289 2375 non
1320 2323 1466 2377 dabit
1496 2321 1835 2390 splendorem
1888 2339 2066 2383 suum.

497 2420 560 2472 Et
587 2417 854 2473 mandabo
883 2419 1000 2471 orbi
1030 2417 1286 2471 universo
1330 2415 1471 2469 mala
1497 2456 1512 2479 ,
1546 2426 1601 2470 et
1634 2416 1815 2484 impiis
1846 2426 2065 2486 peccata

493 2524 705 2563 eorum.
734 2508 802 2562 Et
825 2509 1044 2577 perdam
1087 2508 1339 2574 iniuriam
1378 2507 1687 2575 iniquorum
1706 2517 1760 2561 et
1789 2519 2067 2563 contume-

494 2601 622 2654 liam
660 2601 1019 2670 superborum
1055 2598 1378 2667 deprimam.
1412 2617 1430 2650 ι
1474 2598 1683 2653 Etenim
1706 2606 2069 2655 consumma-

498 2692 659 2747 tionis
683 2701 925 2760 tempore
959 2705 1135 2761 neque
1176 2690 1278 2754 sol,
1321 2706 1494 2761 neque
1526 2691 1651 2745 luna
1673 2733 1689 2757 ,
1727 2708 1899 2762 neque
1934 2692 2067 2747 stelo

494 2785 577 2846 lze,
616 2784 703 2848 iis,
740 2785 831 2854 qui
862 2784 1204 2853 castigationi
1238 2793 1292 2837 et
1324 2785 1587 2851 supplicio
1631 2785 1874 2839 tradendi
1904 2794 2066 2852 sunt,

497 2878 676 2947 impiis
723 2876 897 2931 lucem
947 2891 1100 2930 suam
1136 2876 1377 2930 ’dabunt.
1434 2875 1748 2930 Lumiuaria
1795 2887 1977 2932 autem
2036 2893 2066 2933 a

497 2970 799 3024 ministerio
831 2984 928 3023 suo
966 2980 1145 3022 amota
1198 2968 1265 3021 ad
1324 2967 1485 3021 aliam
1523 2969 1910 3040 melioremque
1942 2985 2068 3026 sor-

2174 1871 2357 1944 τρείας
2389 1871 2617 1942 πλάνης,
2654 1869 2779 1933 τούς
2811 1886 2872 1922 τε
2914 1868 3261 1931 διδασκάλους
3288 1868 3395 1922 τῶν
3438 1867 3611 1921 ἀθέων
3653 1868 3747 1921 xui

2174 1963 2383 2018 ἀσεϐῶν
2419 1963 2726 2033 δογμάτων,
2765 1960 2860 2025 οὓς
2893 1958 3271 2032 μετελεύσεται
3308 1960 3376 2013 τά
3406 1959 3749 2031 κατηριθμη-

2177 2056 2311 2126 μένα
2347 2056 2545 2109 πάντα.

2249 2164 2268 2195 ι
2308 2147 2371 2197 Ui
2409 2145 2518 2216 γάρ
2550 2143 2778 2215 ἀστέρες
2808 2145 2900 2197 τοῦ
2928 2143 3175 2216 ούρανοῦ,
3216 2144 3309 2197 xui
3337 2143 3365 2195 ό
3408 2140 3620 2212 Ὠρίων,
3653 2142 3749 2194 xui

2170 2236 2278 2297 πᾶς
2307 2235 2335 2286 ὁ
2370 2234 2573 2304 κόσμος
2604 2234 2696 2286 τοῦ
2738 2233 2990 2305 ούρανοῦ,
3022 2234 3082 2286 τὸ
3115 2233 3229 2302 φῶς
3261 2233 3319 2285 ού
3359 2231 3620 2296 δώσουσι,
3653 2232 3748 2284 xui.

2172 2326 2583 2398 σκοτισθήσεται
2612 2328 2704 2380 τοῦ
2741 2328 2890 2399 ἡλίου
2926 2328 3321 2392 ἀνατέλλοντος,
3357 2328 3453 2381 xui.
3482 2328 3514 2397 ἡ
3549 2326 3747 2399 σελήνη

2168 2421 2229 2472 ού
2269 2418 2429 2473 δώσει
2468 2420 2527 2473 τὸ
2564 2420 2767 2489 φέγγος
2808 2422 2998 2491 αὐτῆς.
3044 2423 3153 2475 Καὶ
3192 2420 3507 2491 ὲντελοῦμαι
3562 2423 3627 2491 τῇ
3672 2422 3749 2473 οἰ-

2168 2511 2404 2582 κουμένῃ
2436 2510 2531 2584 ὅλῃ
2566 2512 2741 2574 κακὰ,
2786 2513 2877 2565 xui
2926 2515 3039 2575 τοῖς
3080 2511 3301 2566 ἀσεϐέσι
3342 2511 3439 2574 τάς
3478 2510 3748 2581 ἁμαρτίας

2166 2600 2374 2653 αὐτῶν·
2413 2600 2507 2653 xui
2547 2601 2731 2653 ἀπολῶ
2762 2600 2918 2670 ὓϐριν
2954 2601 3188 2673 ἀνόμων,
3223 2601 3318 2655 xui
3366 2600 3522 2671 ὓϐριν
3582 2601 3749 2672 ὑπερ-

2168 2692 2388 2761 ηφάνων
2414 2691 2751 2747 ταπεινώσω.
2795 2712 2815 2745 ›
2856 2694 3011 2747 Κατά
3053 2694 3161 2765 γὰρ
3194 2694 3284 2747 τὸν
3301 2692 3404 2764 τῆς
3442 2693 3747 2757 συντελείας

2168 2784 2357 2856 καιρὸν
2386 2783 2498 2836 οὗθ’
2532 2788 2561 2838 ὁ
2605 2784 2776 2854 ἥλιος,
2808 2783 2919 2838 οὔθ’
2959 2788 2992 2855 ἡ
3033 2785 3250 2856 σελήνη,
3286 2783 3399 2837 οὗθ’
3440 2786 3487 2837 οἱ
3522 2784 3747 2855 ἀστέρες

2168 2878 2280 2939 τοῖς
2314 2874 2531 2929 κολάσει
2563 2878 2657 2929 xui.
2688 2877 2926 2949 τιμωρίαι⁴
2960 2876 3489 2947 παραδοθησομένοις
3528 2876 3744 2930 ἀσεϐέσι

2167 2968 2228 3021 τὸ
2258 2967 2463 3022 ἑαυτῶν
2491 2968 2607 3037 φῶς
2641 2970 2700 3022 ού
2735 2968 2983 3023 δώσουσι.
3019 2968 3457 3032 Μεταϐάλλοντες
3488 2968 3542 3021 δὲ
3573 2969 3665 3021 καὶ
3695 2969 3744 3019 οἱ

499 3076 603 3116 tem
656 3061 982 3124 transibunt,
1032 3059 1187 3128 quasi
1246 3060 1714 3131 regenerationem
1770 3063 2063 3130 quamdam

2170 3062 2453 3133 φωστῆρες
2502 3061 2612 3115 ἀπὸ
2654 3062 2754 3132 τῆς
2809 3062 3015 3114 ἑαυτῶν
3052 3062 3358 3133 ὑπηρεσίας
3413 3062 3507 3114 ἐπὶ
3554 3060 3740 3131 έτέραν

493 3164 846 3209 consecutura
870 3191 884 3214 ,
954 3166 1127 3219 neque
1167 3151 1305 3205 ultra
1336 3168 1629 3222 corporum
1679 3154 1909 3208 vanitati
1945 3171 2064 3209 ser-

498 3241 699 3297 vientia
723 3256 738 3305 ;
770 3242 862 3296 sed
889 3240 1117 3294 liberata
1139 3254 1167 3293 a
1190 3242 1451 3295 servitute
1475 3244 1857 3313 corruptionis,
1878 3261 2067 3300 secun-

494 3338 622 3389 dum
650 3334 1002 3403 apostolicum
1041 3334 1287 3387 verbum.
1328 3334 1537 3390 Caelum
1568 3337 1747 3406 itaque
1782 3352 1938 3393 vocat
1972 3351 2066 3395 aut

498 3429 749 3483 caelestes
808 3438 1122 3497 potestates,
1181 3438 1273 3482 aut
1329 3430 1498 3499 ipsam
1559 3440 1907 3496 creaturam,
1961 3450 2064 3487 una

498 3537 619 3575 cum
674 3521 781 3574 Deo
836 3520 1205 3591 indignantem
1258 3537 1421 3591 super
1470 3522 1700 3587 insania,
1758 3524 2064 3595 arrogantia

496 3622 551 3665 et
580 3612 875 3681 impietate.

566 3786 726 3841 Vens.
768 3789 856 3850 l5,
900 3789 987 3843 Η.
1034 3807 1052 3840 ι
1084 3789 1147 3842 Et
1193 3780 1351 3843 erunt
1400 3790 1598 3844 residui
1635 3792 1790 3859 quasi
1839 3792 2054 3846 damula

495 3882 743 3951 rugiens,
779 3891 835 3936 et
872 3884 1025 3951 quasi
1060 3884 1178 3937 ovis
1216 3898 1421 3948 errans,
1473 3893 1524 3938 et
1557 3900 1663 3939 nou
1691 3888 1794 3939 erit
1818 3888 1908 3956 qui
1943 3902 2067 3941 con-

494 3982 699 4043 greget,
730 3975 803 4027 ita
830 3983 887 4029 ut
916 3975 1078 4029 homo
1110 3979 1175 4031 ad
1204 3977 1455 4047 populum
1486 3993 1641 4032 suum
1666 3989 2017 4035 convertatur
2046 4001 2059 4035 :

492 4075 547 4119 et
608 4068 768 4122 homo
825 4068 892 4122 ad
962 4070 1238 4138 regionem
1306 4087 1456 4125 suam
1528 4071 1770 4141 fugiet.»
1837 4073 2065 4142 Fugient

492 4158 691 4229 quippe
724 4159 782 4223 ii,
827 4168 886 4214 ut
931 4160 1213 4215 dexterum
1244 4162 1526 4231 quidpiam
1563 4174 1942 4233 assequantur,
1980 4165 2067 4219 vel

493 4262 552 4305 ut
582 4251 882 4322 perfugium
919 4254 1058 4323 apud
1094 4257 1402 4325 quempiam
1446 4272 1511 4311 ex
1556 4256 1700 4312 notis
1734 4258 2011 4314 inveniant
2046 4275 2062 4314 :

491 4346 583 4401 sed
619 4362 724 4401 non
765 4346 1040 4400 invenient
1070 4365 1084 4399 :

2169 3153 2356 3221 ἥξουσι
2389 3154 2674 3224 κρείττονα
2705 3153 2877 3223 λῆξιν,
2915 3152 3103 3223 ῶσπερ
3144 3152 3285 3216 τινὸς
3331 3152 3740 3220 παλιγγενεσίας

2166 3244 2511 3315 τευξόμενοι,
2549 3246 2641 3297 xui
2692 3245 2887 3315 μηκέτι
2932 3244 3030 3313 μὲν
3062 3246 3126 3313 τῇ
3172 3244 3279 3296 τῶν
3313 3244 3578 3313 σωμάτων
3622 3246 3742 3298 δου-

2166 3336 2412 3400 λεύοντες
2449 3338 2787 3408 ματαιότητι,
2820 3336 3103 3408 ἐλευθεροῦ
3113 3353 3259 3406 μενοι
3284 3336 3341 3388 δὲ
3365 3337 3473 3389 ἀπὸ
3498 3338 3597 3405 τῆς
3622 3336 3745 3390 δου-

2166 3429 2313 3494 λείας
2366 3431 2465 3501 τῆς
2521 3430 2756 3501 φθορᾶς,
2812 3428 2953 3482 κατά
3015 3428 3105 3481 τὸν
3160 3427 3509 3481 ἀποστολικὸν
3564 3427 3741 3496 λόγον.

2167 3520 2405 3591 Ούρανδν
2448 3518 2735 3590 τοιγαροῦν
2765 3519 2914 3587 λέγει
2960 3518 2993 3589 ἢ
3033 3517 3131 3581 τὰς
3163 3518 3418 3589 οὐρανίας
3461 3520 3741 3589 δυνάμεις,

2165 3611 2198 3681 ἢ
2240 3612 2333 3664 xui.
2381 3612 2551 3682 αὐτὴν
2588 3611 2687 3681 τὴν
2733 3610 2909 3663 κτίσιν
2954 3610 3462 3678 συναγανακτοῦσαν
3491 3609 3570 3681 τῷ
3622 3610 3746 3682 Θεῷ

2166 3706 2258 3758 ἐπὶ
2291 3704 2537 3775 ἀπονοία,
2580 3705 2673 3757 xui
2705 3702 3012 3774 ἀλαζονείᾳ,
3051 3702 3145 3755 xui
3173 3702 3438 3773 ἀθεότητι.

2242 3816 2261 3848 ι
2312 3797 2425 3851 Καὶ
2459 3796 2670 3850 ἔσονται
2710 3796 2758 3849 οί
2803 3794 3287 3865 καταλελειμμένοι
3336 3795 3412 3857 ὼς
3465 3794 3745 3865 δορκάδων

2167 3888 2386 3959 φεῦγον,
2418 3888 2511 3942 xui
2540 3888 2616 3952 ὡς
2645 3888 2914 3960 πρόϐατον
2951 3886 3322 3958 πλανώμενον,
3350 3888 3443 3940 xui
3466 3888 3565 3939 ούκ
3588 3887 3743 3941 ἔσται

2165 3983 2193 4035 ὁ
2242 3982 2527 4049 συνάγων·
2584 3981 2724 4034 ῶστε
2784 3980 3068 4052 ἄνθρωπον
3119 3981 3198 4043 είς
3252 3979 3341 4031 τὸν
3393 3979 3521 4033 λαὸν
3574 3978 3742 4032 αὑτοῦ

2168 4070 2608 4142 ἀποστραφῆναι,
2657 4071 2751 4123 xui
2782 4070 3067 4141 ἄνθρωπος
3110 4072 3189 4132 είς
3230 4068 3327 4138 τὴν
3362 4067 3547 4140 χώραν
3578 4068 3743 4121 αὐτοῦ

2169 4163 2443 4233 φεύξεται.
2490 4182 2508 4214 r
2545 4162 2833 4226 Φεύξονται
2868 4163 2966 4232 μὲν
2994 4163 3103 4231 γὰρ
3133 4161 3183 4212 οἱ
3224 4159 3535 4228 φεύγοντες,
3567 4159 3743 4226 δεξιοῦ

2165 4274 2311 4320 τινος
2344 4259 2546 4327 τυχεῖν,
2586 4256 2618 4326 ἧ
2660 4255 2974 4325 καταφυγὴν
3017 4253 3279 4325 εύράσθαι
3315 4254 3465 4323 παρά
3492 4272 3596 4307 τινι
3633 4254 3741 4307 τῶν

2166 4349 2478 4420 γνωρίμων,
2511 4349 2571 4401 ού
2608 4347 2711 4418 μὴν
2745 4348 3067 4417 εὑρήσουσιο

566 4438 728 4493 Vens.
774 4439 859 4492 15.
905 4457 923 4490 ι
954 4437 1069 4493 Non
1119 4432 1238 4492 erit‘
1274 4440 1417 4493 enim
1462 4440 1551 4509 qui
1602 4451 1892 4513 congreget
1945 4459 2059 4499 eos.

2242 4460 2259 4491 ι
2300 4442 2413 4493 Οὐκ
2454 4440 2603 4493 ἔσται
2637 4438 2745 4509 γάρ
2785 4440 2816 4490 ὁ
2862 4439 3107 4503 συνάγων
3155 4438 3369 4501 αὐτούς.
3417 4440 3511 4501 Ὃς
3537 4438 3643 4508 γάρ
3678 4437 3745 4490 ἃν

491 4529 626 4584 Nam
662 4531 753 4600 qui
786 4542 977 4600 captus
1022 4532 1205 4595 fuerit,
1237 4533 1593 4601 opprimetur,
1630 4544 1685 4588 et
1708 4536 1799 4602 qui
1834 4550 2063 4606 emigre-

491 4622 597 4690 gati
638 4630 784 4684 sunt,
838 4622 1013 4692 gladio
1058 4624 1272 4676 cadent.
1310 4640 1326 4673 ι
1372 4620 1651 4687 Quamvis,
1710 4625 1817 4687 ait,
1872 4640 2059 4678 eorum

492 4710 709 4777 quidam
748 4711 871 4780 fuga
904 4711 1132 4765 salutem
1160 4713 1417 4779 consequi
1449 4722 1738 4777 conentur,
1773 4713 1824 4766 hi
1849 4728 2063 4784 quoque

491 4810 649 4870 captu
678 4801 865 4855 faciles
895 4812 1072 4863 erunt,
1108 4818 1211 4855 non
1236 4802 1409 4856 damis
1429 4802 1684 4869 perfectis
1714 4804 2056 4869 salientibus,

493 4909 613 4959 qua:
649 4893 820 4947 levem
870 4894 1215 4963 velocemque
1268 4908 1488 4947 cursum
1527 4894 1763 4961 habent,
1814 4897 2058 4963 similes;

491 4986 582 5038 sed
615 4987 865 5041 damulis.

567 5075 730 5129 Vsus.
772 5076 859 5130 l6.
904 5092 923 5125 ι
950 5075 1015 5129 Et
1056 5075 1194 5130 filios
1236 5091 1421 5130 eorum
1471 5076 1776 5146 discerpent
1815 5078 1865 5133 in
1926 5094 2061 5134 con-

496 5174 679 5230 spectu
711 5180 920 5231 eorum,
965 5176 1019 5221 et
1065 5168 1258 5220 domus
1289 5182 1477 5220 eorum
1514 5169 1821 5233 vastabunt,
1860 5178 1913 5223 et
1942 5186 2061 5224 mu-

494 5254 652 5308 lieres
687 5270 873 5311 eorum
908 5260 1201 5313 habebunt.
1235 5279 1254 5311 ι
1300 5260 1535 5315 Perinde
1577 5274 1741 5329 atque
1771 5262 1915 5317 viros
1940 5279 2061 5332 sup-

496 5343 655 5414 plicio
685 5344 926 5410 affectos,
965 5350 1223 5404 mulieres
1251 5365 1466 5420 quoque
1510 5350 1842 5421 irreligiusas
1872 5361 1927 5406 et
1958 5354 2059 5406 im-

495 5437 629 5501 pias,
673 5452 795 5507 qua:
848 5440 1049 5507 prolem
1082 5442 1404 5505 ediderant,
1455 5443 1675 5513 paribus
1726 5444 2061 5500 cruciatibus

495 5529 1251 5600 aﬂicient:quemadmodum
1307 5545 1364 5590 et
1413 5534 1551 5590 filios
1596 5550 1783 5591 eorum
1833 5536 2059 5604 impios,

492 5636 722 5691 quorum
768 5624 983 5686 animae,
1037 5636 1298 5693 quantum
1350 5627 1417 5684 ad
1466 5645 1675 5697 mores,
1744 5632 2059 5702 parentibus

500 5714 702 5771 malitia
739 5715 939 5771 similes
965 5723 1109 5772 sunt.

2169 4529 2301 4599 ἁλῷ,
2332 4528 2719 4600 ἡττηθήσεται,
2766 4527 2861 4579 καὶ
2895 4528 3085 4591 οἵτινες
3116 4528 3442 4598 συνηγμένοι
3474 4527 3600 4591 εἰσὶ,
3647 4545 3745 4579 πε-

2172 4620 2387 4673 σοῦνται
2422 4618 2685 4690 μαχαίρᾳ.
2724 4636 2743 4669 )
2782 4616 2899 4669 Κάν
2928 4634 3071 4680 τινες
3100 4613 3211 4679 οὖν,
3251 4616 3436 4688 φησιν,
3474 4618 3532 4668 ἐν
3560 4618 3745 4680 αὐτοῖς

2168 4710 2476 4781 πειραθεῖεν
2509 4711 2653 4780 φυγῇ
2686 4709 2784 4781 τὴν
2816 4708 3087 4779 σωτηρίαν
3123 4707 3485 4779 πορίσασθαι·
3527 4708 3619 4761 xui
3650 4702 3742 4761 οῦ-

2166 4820 2247 4857 τοι
2282 4802 2537 4855 εὐάλωτοι
2564 4804 2900 4875 γενήσονται,
2934 4804 2993 4855 ού
3023 4802 3234 4873 δόρκοις
3262 4801 3487 4864 τελείοις
3520 4803 3742 4871 ἀποπη-

2166 4893 2319 4957 δῶσι,
2355 4892 2553 4963 κοῦφόν
2589 4911 2645 4946 τε
2686 4894 2780 4947 καὶ
2820 4896 2991 4964 ταχὺν
3024 4894 3363 4965 ποιουμένοις
3412 4893 3501 4945 τὸν
3541 4892 3743 4964 δρόμον

2168 4986 2427 5051 ἐοικότες,
2461 4984 2598 5039 ἀλλά
2627 4985 2947 5057 δορκαδίοις.

2244 5099 2261 5132 t
2310 5080 2420 5133 Καὶ
2457 5079 2526 5132 τὰ
2563 5080 2727 5132 τέκνα
2759 5080 2937 5133 αὐτῶν
2981 5077 3231 5150 ῥήξουσιν
3265 5076 3493 5131 ἐνώπιον
3539 5078 3739 5141 αὐτῶν,

2166 5172 2258 5225 xui
2296 5172 2391 5235 τάς
2426 5172 2603 5234 οἰκίας
2647 5170 2827 5224 αὐτῶν
2872 5170 3320 5242 προνομεύσουσι,
3366 5171 3461 5223 xui
3502 5170 3600 5234 τὰς
3640 5189 3741 5240 γυ·-

2165 5266 2358 5327 ναῖκας
2386 5263 2564 5317 αὐτῶν
2590 5263 2820 5328 ἕξουσιν.
2857 5283 2875 5315 ι
2916 5264 3143 5333 Ὁμοίως
3168 5262 3275 5333 γὰρ
3305 5262 3413 5331 ἄρα
3427 5266 3547 5326 «τοῖς
3581 5264 3741 5316 κολα-

2167 5356 2415 5425 ζομένοις
2446 5356 2671 5426 ἀνδράσι
2719 5358 2811 5409 xui
2858 5356 2955 5420 τὰς
2996 5354 3197 5408 τούτων
3236 5356 3499 5423 γυναῖκας
3544 5355 3739 5419 ἀθέους

2171 5448 2264 5500 xui.
2293 5447 2508 5511 ἀσεϐεῖς
2543 5449 2635 5501 xui
2669 5448 2767 5513 τὰς
2800 5447 3127 5518 γειναμένας
3156 5450 3277 5510 ταῖς
3324 5447 3468 5511 ἴσαις
3498 5446 3735 5502 ύποϐάλ⁹ο

2168 5539 2315 5592 λουσι
2342 5540 2661 5611 τιμωρίαιξ,
2693 5540 2880 5613 ῶσπερ
2906 5537 3000 5593 οὖν
3028 5540 3120 5592 xui
3147 5538 3216 5592 τὰ
3244 5540 3409 5594 τέκνα
3446 5540 3621 5593 αὐτῶν
3668 5540 3739 5595 ea:

2167 5632 2359 5702 ἀσεϐῆ,
2382 5633 2477 5696 τάς
2496 5632 2721 5696 οἰκείας,
2755 5634 2846 5685 xui
2868 5636 2931 5703 τῇ
2958 5632 3065 5687 τῶν
3092 5634 3307 5703 τρόπων
3333 5631 3509 5686 αὐτῶν
3534 5632 3737 5705 μοχθη-

2173 5726 2261 5799 ρίᾳ
2290 5726 2716 5792 ἐξοικειωθείσας
2744 5727 2834 5779 xui
2865 5726 3330 5799 παρομοιωθείσας
3352 5724 3545 5795 ψυχάς.
