3976 6194
249 281 356 339 189

1216 284 1722 344 COMMENTABIA
1756 289 1823 344 IN
1861 289 2116 347 ISAIAM.
2156 306 2222 332 ³-
2264 290 2421 347 CAP.
2459 288 2599 344 χιιι.

3407 288 3510 347 190

327 416 349 451 ι
417 400 553 454 Ἰδοὺ
600 398 850 471 ἐπεγερῶ
887 398 1016 469 ὑμῖν
1060 400 1189 465 τοὺς
1230 402 1468 473 Μήδους,
1509 404 1559 457 οἶ
1600 406 1660 458 ού
1692 406 1835 475 λογί-

2013 406 2180 463 Vens.
2222 408 2311 462 l7.
2359 427 2378 462 ι
2408 407 2547 464 Ecce
2599 404 2873 463 suscitabo
2936 406 3091 462 vobis
3147 405 3353 471 Medos,
3414 409 3504 476 qui

250 490 441 556 ζονται
474 492 753 563 ἀργύριον,
786 491 909 545 ούδέ
942 492 1165 562 χρυσίου
1199 495 1385 565 χρείαν
1416 496 1617 565 ἔχουσι,
1649 498 1836 563 τοξεύ-

256 600 409 656 ματα
448 582 741 637 νεανίσκων
782 583 1155 654 συντρίψουσι.
1209 605 1229 638 ι
1278 587 1436 655 Μέγα
1477 586 1574 658 μέν
1598 587 1707 661 γὰρ
1735 589 1833 642 αύ-

253 679 371 739 τοῖς
404 676 496 728 ἐπὶ
530 677 650 738 ταῖς
677 674 912 740 τοξείαις
940 677 1001 729 τὸ
1031 676 1279 748 φύσημα,
1306 679 1401 731 καὶ
1423 680 1483 732 τὸ
1505 680 1752 751 εὐτεχνές
1781 683 1838 734 ἐν

254 768 466 833 τούτοις
503 768 782 823 ποιοῦνται
822 771 951 841 περὶ
986 770 1183 824 πολλοῦ
1205 788 1217 801 ·
1256 772 1371 825 ἀλλ’
1400 774 1596 843 ἥττους
1627 774 1837 829 ἔσονται

257 859 368 913 τῶν
406 859 632 932 ἐχθρῶν.
681 860 919 932 Σκληροὶ
953 860 1011 913 δὲ
1050 861 1193 915 οὕτω
1234 862 1327 915 καὶ
1366 863 1837 936 ἀφιλοικτίρμονες

256 952 306 1004 οί
338 951 699 1021 νενικηκότες,
729 951 805 1015 ὡς
841 952 975 1023 μηδέ
1007 952 1107 1023 τῆς
1140 953 1377 1023 ἐλεεινῆς
1414 953 1628 1024 ήλικίας
1673 954 1837 1024 φειδὼ

256 1042 526 1097 ποιεῖσθαί
564 1061 705 1097 τινα.
743 1043 834 1115 Τῷ
865 1045 923 1098 δὲ
956 1045 1217 1114 φάσκοντι
1266 1045 1429 1117 λόγῳ,
1463 1065 1482 1098 ι
1546 1048 1675 1102 Ἰδοὺ
1710 1050 1837 1102 ἐπε-

252 1134 401 1206 γερῶ
430 1136 560 1206 ύμῖν
585 1137 711 1200 τοὺς
744 1137 984 1207 Μήδους,
1024 1156 1042 1188 ›
1094 1142 1363 1209 μαρτυρεῖ
1404 1140 1561 1211 ήτῆς
1598 1141 1836 1213 ἱστορίας

252 1231 497 1296 ἔκϐασις,
540 1232 893 1304 ἀνάγραπτος
928 1228 1063 1285 οὖσα
1107 1233 1259 1305 παρὰ
1301 1236 1415 1297 τοῖς
1472 1235 1737 1306 Ἐλλήνων
1767 1235 1836 1289 τὰ

250 1323 534 1377 Χαλδαϊκὰ
576 1326 672 1378 καὶ
708 1324 778 1377 τὰ
818 1325 1153 1396 Ἀσσυριακὰ
1196 1326 1691 1398 συγγραψαμένοις,
1726 1331 1837 1391 τοῖς

248 1431 309 1468 τε
342 1415 413 1469 τά
458 1414 681 1486 Μηδικὰ
726 1416 1090 1487 ἱσωρηκόσιν·
1135 1410 1209 1471 ὦν
1254 1419 1346 1471 καὶ
1393 1421 1553 1489 ἡμεῖς
1579 1420 1836 1483 πλείστας

250 1507 622 1579 ἀνελεξάμεθα
642 1509 947 1582 μαρτυρίας
972 1512 1027 1563 ἐν
1056 1512 1168 1574 τοῖς
1198 1510 1507 1581 πονηθεῖσιν
1534 1514 1664 1582 ἡμῖν
1692 1514 1836 1580 Χρο-

252 1601 448 1667 νικοῖς
471 1603 886 1673 συγγράμμασι.
946 1603 1231 1657 Φαίνονται
1283 1604 1463 1657 τοίνυν
1510 1604 1693 1674 Μῆδοι
1736 1604 1834 1675 τὴν

266 1694 571 1765 Ἀσσυρίων
594 1694 914 1758 καθελόντες
940 1696 1136 1767 ἁρχήψ
1168 1695 1390 1760 τούτους
1412 1713 1473 1750 τε
1504 1696 1684 1768 Κῦρος
1711 1697 1837 1750 ύπο-

1941 510 2223 571 argentum
2256 516 2362 557 non
2395 511 2610 566 curant,
2638 514 2736 555 nec
2767 514 2900 554 auro
2922 514 3059 568 onus
3100 499 3321 564 habent,
3350 514 3508 553 arcus

1935 590 2194 661 iuvenum
2243 601 2548 648 conterent.
2583 610 2603 643 ι
2652 591 2876 661 Magnus
2919 591 3136 661 quidem
3175 590 3281 645 illis
3328 600 3509 643 tumor

1940 684 2081 739 inest
2125 688 2194 740 ob
2237 687 2528 753 sagittandi
2564 686 2812 756 peritiam
2841 725 2857 749 ,
2908 699 3071 753 quam
3116 692 3290 736 artem
3340 682 3510 751 pluris

1938 776 2179 845 faciunt,
2230 779 2322 834 sed
2382 780 2616 835 inimicis
2673 780 2959 834 inferiores
3020 785 3203 832 erunt.
3262 774 3511 831 Victores

1939 885 2099 940 porro
2130 880 2277 924 tanta
2303 872 2502 925 duritie
2528 884 2582 927 et
2607 872 2946 925 immanitate
2986 879 3183 933 erunt,
3214 877 3272 922 ut
3298 882 3365 921 ne
3389 870 3510 936 qui-

1936 962 2056 1017 dem
2087 971 2283 1018 tenera:
2305 973 2359 1017 et
2386 965 2452 1018 ad
2483 964 2913 1018 misericordiam
2940 963 3174 1016 moventi
3210 962 3354 1015 artati
3384 977 3510 1030 par-

1936 1061 2080 1107 cant.
2136 1052 2272 1108 Huic
2320 1065 2512 1108 autem.
2552 1056 2731 1121 dicto,
2803 1072 2820 1106 ι
2852 1055 2989 1109 Ecce
3031 1054 3309 1109 suscitabo
3354 1052 3509 1106 vobis

1936 1144 2144 1209 Medos,
2175 1166 2193 1199 ι
2230 1147 2343 1215 ipse
2373 1148 2611 1202 historia:
2633 1156 2858 1202 eventus
2903 1146 3270 1202 testimonium
3308 1145 3458 1198 addit
3488 1156 3506 1198 :

1936 1252 2056 1306 qua:
2086 1238 2305 1293 historia
2328 1240 2466 1309 apud
2492 1238 2731 1302 Graecos,
2763 1239 2853 1308 qui
2874 1238 3187 1301 Chaldaica,
3212 1237 3500 1307 Assyriaca

1936 1338 1991 1389 et,
2060 1328 2265 1384 Medica
2340 1332 2677 1399 scripserunt
2743 1330 3337 1399 reperitur:quorum
3410 1344 3509 1382 nos

1938 1421 2105 1475 multa
2143 1422 2448 1476 testimonia
2482 1422 2798 1493 collegimus
2841 1422 2893 1476 itt
2940 1422 3215 1476 Chronicis
3247 1437 3371 1492 qua:
3396 1421 3512 1476 edi-

1935 1512 2134 1568 dimus.
2191 1513 2327 1567 Medi
2384 1515 2563 1583 itaque
2612 1514 2955 1585 Assyriorum
2993 1515 3278 1583 imperium
3308 1524 3512 1568 everte.

1937 1614 2064 1658 rnnt
2091 1621 2105 1659 :
2136 1603 2255 1659 illos
2285 1620 2415 1661 vero
2446 1606 2548 1660 sibi
2590 1606 2819 1674 subjecit
2847 1606 3044 1675 Cyrus,
3080 1606 3288 1675 primus
3317 1603 3510 1659 Persa-

1939 1712 2055 1751 rum
2086 1711 2196 1757 rex,
2233 1698 2326 1767 qui
2368 1697 2677 1753 Judaeorum
2718 1700 3089 1769 captivitatem
3129 1696 3335 1751 dimisit
3366 1712 3381 1749 :
3418 1695 3510 1749 de-

256 1787 423 1853 τάξας
450 1790 478 1841 ὁ
511 1787 735 1858 Περσῶν
763 1787 1012 1858 βασιλεὺς
1048 1789 1281 1860 πρῶτος,
1318 1791 1346 1842 ὁ
1385 1790 1477 1843 καὶ
1512 1789 1607 1858 τὴν
1636 1792 1832 1860 αἰχμα-

1944 1786 2120 1857 ditque
2155 1786 2357 1843 Iudaeis
2391 1804 2489 1859 pro
2527 1788 2696 1845 lubito
2738 1791 2790 1844 in
2826 1789 3100 1859 regionem
3145 1803 3301 1842 suam
3346 1786 3512 1843 remi-

258 1878 459 1932 λωσίαν
494 1879 604 1933 τῶν
646 1881 910 1934 Ἰουδαίων
942 1881 1118 1944 ἁνείς’
1166 1882 1259 1936 καὶ
1291 1881 1412 1945 δοὺς
1446 1881 1692 1946 ἐξουσίαν
1718 1884 1831 1946 τοῖς

260 1971 506 2026 θέλουσιν
539 1972 715 2026 αὐτῶν
739 1976 817 2037 εἰς
844 1975 940 2045 τὴν
975 1974 1178 2027 οίκείαν
1212 1974 1490 2028 ἐπανιέναι
1520 1973 1831 2049 χώραν,καὶ

260 2065 561 2136 ¹ἴίνεγείρειν
594 2064 684 2118 τὸν
716 2064 839 2118 ναὸν
866 2065 957 2118 τοῦ
993 2065 1145 2121 Θεοῦ.

335 2176 354 2207 r
388 2158 496 2209 Καὶ
525 2157 675 2209 ἔσται
709 2156 1040 2228 Βαϐυλὼν,ἢ
1081 2157 1322 2211 καλεῖται
1356 2158 1564 2223 ἔνδοξος
1594 2159 1703 2212 ἀπὸ
1732 2158 1829 2230 βα-

257 2247 450 2313 σιλέως
475 2249 775 2313 Χαλδαίων,
810 2249 868 2303 δν
896 2250 1093 2322 τρόπον
1122 2250 1490 2322 κατέστρεψεν
1522 2253 1550 2304 ὁ
1578 2251 1709 2315 Θεὸς
1736 2252 1832 2305 Σό-

253 2341 392 2412 δομα
453 2341 545 2395 καὶ
606 2341 896 2413 Γόμορρα,
958 2341 1019 2394 ού
1081 2341 1537 2413 κατοικηθήσεται
1600 2344 1679 2406 είς
1740 2342 1830 2397 τὸν

252 2430 439 2484 αἰῶνα.
484 2449 504 2483 ι
555 2430 837 2501 Ἀοίκητος
874 2430 929 2484 δὲ
970 2430 1064 2484 καὶ
1108 2430 1385 2494 παντελῶς
1428 2431 1631 2502 ἔρημος
1662 2431 1829 2485 εἰσέτι

253 2523 349 2578 καὶ
378 2522 472 2576 νῦν
503 2525 696 2594 ὁρᾶται
727 2525 760 2595 ή
809 2522 1065 2576 Βαϐυλών
1084 2539 1098 2552 θ
1146 2521 1420 2595 μάρτυρες
1462 2523 1519 2576 δέ
1547 2523 1749 2577 τούτων
1780 2525 1830 2577 οἱ

251 2618 315 2669 ἐκ
346 2615 455 2667 τῶν
486 2614 667 2668 τόπων
700 2615 925 2667 ἐκείνων
961 2613 1095 2685 πρὸς
1133 2615 1279 2685 ἡμᾶς
1319 2614 1719 2686 ἀφικνούμενοι.

325 2724 345 2757 ι
402 2705 524 2759 Οὐδ’
571 2705 633 2759 οὐ
681 2704 755 2775 μὴ
807 2704 1121 2758 εἰσέλθωσιν
1166 2707 1246 2767 εἰς
1278 2704 1446 2775 αὐτὴν
1490 2705 1578 2759 διὰ
1600 2706 1829 2762 ⁴πολλῶν

251 2796 473 2865 γενεῶν,
506 2796 614 2849 οὐδ’
641 2796 702 2849 ού
747 2795 822 2867 μὴ
865 2794 1143 2848 διέλθωσιν
1187 2796 1355 2866 αὐτὴν
1398 2796 1665 2866 Ἀραδες,
1711 2797 1831 2850 οὐδὲ

255 2889 514 2959 ποιμένες
542 2887 603 2940 οὐ
648 2886 722 2958 μή
751 2886 1168 2940 ἀναπαύσωνται
1199 2888 1257 2938 ἐν
1291 2886 1451 2957 αὐτῇ.
1496 2906 1513 2938 ι
1554 2886 1709 2940 Ούτω
1739 2889 1832 2960 δηο

255 2978 555 3049 λουμένων,
583 2980 656 3042 ὡς
683 2975 854 3049 οἶμαι,
887 2978 997 3032 τῶν
1026 2980 1157 3049 παρ’
1183 2981 1315 3050 ήμῖν
1351 2977 1696 3049 καλουμένων
1730 2981 1833 3036 Σα-

258 3071 533 3143 ρακηνῶν,
568 3072 639 3134 οἳ,
666 3071 764 3135 τὰς
803 3072 1185 3143 πραγματείας
1232 3072 1576 3144 ποιούμενοι,
1607 3076 1701 3129 καὶ
1744 3076 1831 3129 ἐπ’

1936 1877 2124 1946 grandi
2149 1894 2214 1932 ac
2256 1878 2436 1949 templi
2471 1879 2562 1934 Dei
2589 1880 2933 1935 restaurandi
2959 1878 3295 1934 facultatem.

2009 2145 2170 2200 Vens.
2212 2145 2300 2201 i9.
2347 2162 2366 2196 ι
2395 2143 2459 2198 Et
2511 2143 2615 2198 erit
2666 2142 2930 2214 Babylon,
2983 2157 3103 2211 qua:
3145 2151 3371 2196 vocatur
3399 2140 3512 2211 glo-

1935 2239 2077 2294 riosa
2118 2255 2148 2293 a
2198 2254 2325 2308 rege
2369 2236 2769 2302 Chaldaeorum,
2821 2235 3275 2305 quemadmodum
3316 2233 3513 2290 evertit

1936 2333 2076 2387 Deus
2110 2332 2399 2388 Sodomam
2428 2340 2479 2385 et
2510 2329 2870 2385 Gomorrham
2891 2372 2905 2397 ,
2934 2345 3040 2385 non
3079 2328 3423 2384 habitabitur
3451 2329 3508 2384 iu

1936 2426 2213 2481 saeculum.
2244 2444 2262 2477 ι
2317 2421 2619 2478 lnhahitata
2649 2434 2702 2478 et
2733 2423 3001 2479 hactenus
3039 2422 3251 2477 deserta
3287 2431 3369 2477 est
3408 2417 3514 2474 Ba-

1939 2518 2120 2590 bylon,
2164 2531 2324 2583 quam
2356 2532 2470 2572 rem
2507 2514 2868 2570 testiﬁcantur
2904 2515 2998 2585 qui
3029 2529 3097 2571 ex
3139 2513 3273 2569 locis
3307 2513 3414 2568 illis
3445 2514 3513 2567 ad

1935 2624 2034 2664 nos
2074 2608 2317 2661 veniunt.

2012 2720 2030 2751 ε
2057 2699 2173 2755 Non
2228 2698 2602 2769 ingretlientur
2644 2698 2698 2751 in
2735 2712 2853 2752 eam
2902 2711 2997 2768 per
3038 2696 3235 2751 multas
3282 2710 3514 2766 genera-

1938 2790 2135 2853 tiones,
2190 2803 2367 2857 neque
2416 2787 2725 2842 transibunt
2766 2801 2862 2856 per
2908 2800 3027 2840 eam
3063 2784 3303 2846 Arabes,
3338 2799 3512 2851 neque

1936 2896 2182 2956 pastores
2238 2882 2585 2950 requiescent
2644 2881 2699 2936 in
2763 2896 2849 2935 ea.
2896 2899 2916 2934 ι
2979 2879 3145 2945 Queis
3197 2877 3512 2948 signiﬁcau-

1939 2984 2045 3039 tur,
2083 2984 2141 3029 ut
2170 2974 2412 3036 aestimo,
2460 2972 2519 3037 ii,
2554 2972 2646 3042 qui
2698 2972 2839 3042 apud
2879 2985 2978 3026 nos
3010 2969 3270 3025 Saraceni
3314 2983 3514 3023 vocan-

1940 3078 2047 3132 tur,
2083 3066 2175 3136 qui
2211 3067 2636 3136 negotiationem
2666 3073 2951 3128 exercent,
2995 3071 3052 3118 et
3094 3062 3147 3117 in
3187 3063 3303 3131 ipsa
3332 3062 3511 3133 Baby-

257 3140 431 3233 αύτῆς
458 3162 770 3225 Βαϐυλῶνος
789 3140 857 3215 τὸ.
873 3140 1097 3217 παλαιὸν
1119 3140 1583 3234 ἐσκηνοποίοῦντο.
1608 3168 1835 3232 Φευκτὸς

1944 3160 2064 3212 Ione
2114 3157 2243 3213 olim
2306 3157 2537 3212 tentoria
2597 3159 2887 3226 ponebant.
2921 3153 3105 3225 Usque
3151 3154 3286 3208 adeo
3330 3161 3510 3207 autem

255 3254 311 3307 δὲ
339 3253 481 3306 οὕτω
509 3255 601 3307 καί
631 3258 740 3318 τοῖς
768 3257 1009 3328 ὁμόροις,
1040 3258 1132 3309 καὶ
1168 3260 1282 3320 τοῖς
1304 3257 1364 3322 ἐξ
1396 3257 1584 3325 ἔθνους
1623 3261 1837 3333 μακροῦ

258 3346 662 3419 περινοστοῦσιν
710 3348 909 3420 αὐτὴν,
963 3349 1039 3413 ὡς
1098 3350 1232 3421 μηδέ
1283 3351 1549 3422 ποιμένας
1602 3354 1730 3416 τοὺς
1781 3352 1841 3418 ἐξ

268 3437 517 3508 Ἀράϐων
552 3439 932 3509 κατανεμῆσαί
972 3456 1025 3492 τι
1074 3440 1180 3492 τῶν
1223 3440 1367 3494 ίδίων
1408 3440 1739 3513 θρεμμάτων
1781 3444 1838 3495 ἐν

252 3528 411 3599 αὐτῇ,
446 3528 536 3581 διά
582 3545 663 3581 τοι
698 3529 757 3581 τὸ
804 3529 1134 3600 ⁴ἠρημῶσθαι
1168 3530 1467 3594 παντελῶς.
1533 3532 1727 3585 ’ἰστέον
1758 3533 1835 3597 δέ,

252 3619 333 3671 ὅτι
360 3617 431 3670 τά
469 3618 803 3691 Σαρακηνῶν
837 3619 986 3691 έθνη,
1016 3621 1111 3673 καὶ
1146 3621 1339 3691 μέχρις
1384 3621 1554 3691 αὐτῆς
1585 3622 1840 3693 διήκοντα

254 3709 353 3779 τῆς
396 3707 693 3779 Ἀσσυρίων
731 3710 825 3762 καὶ
857 3710 957 3780 τὴν
1008 3710 1264 3763 ἐσωτάτω
1293 3712 1565 3783 νεμόμενα
1609 3712 1836 3784 ἔρημον,

260 3799 503 3871 Ἄραϐας
530 3798 816 3872 ὀνομάζει·
853 3800 1070 3869 γείτονα
1098 3801 1208 3872 γὰρ
1242 3801 1425 3873 ἔχουσι
1455 3803 1553 3874 τὴν
1594 3803 1839 3874 Ἀράϐων

262 3892 466 3964 χώραν.

331 4003 348 4036 t
382 3985 493 4039 Καὶ
535 3984 939 4039 ἀναπαύσονται
982 3987 1101 4039 ἐκεῖ
1145 3985 1341 4059 θηρία·
1391 3987 1484 4041 καὶ
1516 3988 1837 4060 ἐμπλησθή-

254 4074 440 4125 σονται
469 4074 529 4126 αἰ
560 4074 725 4127 οἰκίαι
754 4076 888 4145 ἦχου
908 4091 920 4105 ·
957 4076 1049 4128 καὶ
1077 4076 1483 4132 ἀναπαύσονται
1515 4080 1628 4131 ἐκεί
1662 4079 1839 4150 σειρῆ-

254 4182 364 4229 νες,
399 4166 497 4219 καὶ
520 4165 768 4237 δαιμόνια
798 4169 916 4220 ἐκεῖ
947 4167 1294 4238 ὁρχήσονται,
1331 4171 1425 4222 καὶ
1464 4169 1838 4242 ὀνοκένταυροι

254 4260 371 4311 ἐκεῖ
409 4260 865 4331 κατοικήσουσινο
909 4261 1005 4313 καὶ
1052 4264 1531 4334 νοσσοποιήσουσιν
1580 4265 1744 4334 ἐχῖνοι
1780 4266 1838 4318 ἐν

254 4354 364 4416 τοῖς
405 4351 577 4415 οίκοις
615 4352 814 4415 αὐτῶν,
868 4355 1002 4424 ταχὺ
1054 4354 1272 4427 ἔρχεται
1305 4356 1400 4409 καὶ
1444 4356 1504 4408 ού
1552 4359 1771 4427 χρονιεῖ.
1812 4377 1831 4409 ι

256 4443 378 4496 Τῶν
416 4444 515 4515 μὲν
543 4440 635 4498 οὖν
664 4446 889 4516 ήμέρων
918 4447 1010 4499 καὶ
1042 4447 1277 4516 λογικῶν
1310 4446 1463 4512 ζώων
1498 4448 1702 4521 ἔρημον
1738 4468 1838 4504 κα-

253 4539 529 4609 ταστήσας
579 4538 1033 4610 τὴνοΒαὸυλῶνα,
1078 4541 1229 4595 ούδέν
1263 4544 1503 4614 οἰκήσειν
1548 4543 1831 4608 θεσπίζει·

256 4629 423 4703 θηρία
455 4631 511 4685 δέ
558 4648 684 4686 τινα
727 4633 902 4704 ἄδηλα
932 4636 1065 4706 ήμῖν
1114 4635 1208 4689 καὶ
1258 4636 1529 4705 ἄγνωστα,
1577 4636 1834 4707 δαίμονάς

252 4742 406 4789 τινας
429 4726 524 4778 καὶ
553 4725 839 4796 πνεύματά
863 4744 983 4779 τινα
1015 4727 1200 4798 ἀπηνῆ
1222 4728 1313 4781 καὶ
1338 4730 1588 4802 ἀνήμερα
1616 4728 1834 4783 ἔσεσθαι

255 4815 311 4866 ἐν
343 4816 480 4884 αύτῇ
532 4831 682 4885 φησι.
732 4815 820 4868 Διὸ
869 4816 988 4869 ἀντὶ
1028 4817 1145 4882 τοῦ,
1197 4836 1214 4868 t
1243 4818 1426 4890 θηρία,
1451 4838 1470 4871 ›
1498 4839 1516 4870 ι
1541 4819 1702 4873 σείειν
1727 4839 1743 4871 ι
1786 4821 1835 4873 οἰ

248 4906 433 4961 λοιποὶ
462 4908 792 4978 ἐρμηνευταὶ
819 4907 1145 4963 ἐκδεδώκασι
1165 4927 1178 4940 ⁸
1211 4911 1303 4963 καὶ¹
1330 4912 1449 4963 ἀντὶ
1469 4909 1583 4976 τοῦ,
1613 4930 1632 4963 r
1662 4912 1839 4983 σειρῆ-

252 5016 365 5062 νες,
405 5018 422 5048 ι
458 5018 476 5049 t
520 4998 1049 5070 στρουθοκαμήλους,
1090 5020 1106 5051 ι
1133 5003 1420 5072 εἰρήκασι·
1454 5003 1548 5056 καὶ
1573 5004 1695 5056 ἀντὶ
1714 5003 1832 5069 τοῦ,

262 5115 280 5139 ι
317 5089 717 5161 ὸνοκένταυροι,
761 5109 778 5141 ι
824 5109 845 5165 t
881 5089 1065 5154 σείειν,
1107 5111 1124 5142 ι
1163 5091 1498 5163 ἀνέγραψαν,
1528 5093 1664 5164 αὐτῇ
1697 5111 1835 5165 χρη-

256 5181 479 5251 σάμενοι
506 5183 574 5251 τῇ
617 5162 857 5252 Ἐδρατδὶ
902 5184 1052 5252 φωνῇ
1083 5182 1170 5235 διὰ,
1197 5183 1258 5236 τὸ
1292 5162 1486 5256 άδηλον
1518 5184 1617 5253 τῆς
1641 5162 1835 5257 tenvi-

252 5272 422 5335 νείαςο
453 5272 589 5326 ἀλλὰ
621 5273 716 5327 καὶ
742 5275 880 5337 ἀντὶ,
912 5274 1399 5346 «ἐχίνων,ιὸμοίως
1412 5279 1459 5329 οἰ
1491 5279 1636 5347 τρεῖς
1663 5279 1837 5349 ἑρμη-

253 5364 461 5425 νευταὶ,
496 5382 514 5415 r
548 5365 835 5436 σειρῆνας,
874 5385 892 5416 ›
921 5366 1270 5436 ήρμήνευσαν
1293 5383 1306 5398 ·
1358 5369 1499 5439 τάχα
1514 5386 1614 5422 που
1641 5369 1730 5423 διὰ
1776 5369 1839 5423 τὸ

238 5455 534 5527 ’ἀπατηλὸν
555 5458 662 5510 τῶν
689 5458 947 5511 τοιούτων
970 5458 1257 5528 δαιμόνων.
1302 5460 1454 5513 Ἐπεὶ
1480 5461 1610 5532 παρ’
1647 5461 1839 5532 Ἔλλη-

254 5564 338 5600 σιν
384 5548 656 5618 ήδύφωνοί
699 5567 842 5612 τινες
878 5544 1035 5603 αὗται
1067 5550 1161 5603 καὶ
1196 5550 1461 5622 άπατηλοὶ
1510 5552 1837 5622 γεγενῆσθαι

257 5641 709 5711 μνημονεύονται.
758 5661 777 5693 ι
825 5642 976 5711 Ταχὺ
1021 5641 1256 5713 ἔρχεται,
1306 5642 1401 5695 καὶ¹
1444 5643 1504 5695 ού
1551 5640 1772 5714 χρονιεῖ.
1813 5664 1831 5696 ι

256 5734 438 5799 ’Ἅπας
453 5751 517 5803 γε
550 5735 657 5808 μὴν
697 5718 788 5789 καὶ
820 5733 1168 5807 νομιζόμενος
1201 5736 1349 5809 παρὰ
1383 5735 1685 5807 ἀνθρώποις
1738 5754 1839 5807 μα·

1929 5367 2183 5437 .pariter,
2243 5384 2262 5418 ι
2295 5368 2502 5421 sirenes
2528 5407 2545 5428 ,
2586 5386 2605 5418 ι
2682 5363 3034 5420 reddiderunt
3082 5383 3097 5420 :

1936 3266 2127 3321 perosa
2164 3258 2283 3305 erat
2313 3260 2422 3304 tum
2457 3251 2655 3305 vicinis
2679 3290 2695 3314 ,
2749 3259 2862 3303 tum
2898 3248 3213 3318 longinquis
3262 3257 3317 3300 et
3358 3261 3514 3316 pere-

1938 3344 2285 3414 grinantibus
2318 3343 2567 3414 gentibus
2588 3381 2603 3406 ,
2636 3351 2692 3395 ut
2733 3356 2800 3396 ne
2841 3351 3088 3411 pastores
3122 3340 3340 3409 quidem
3375 3338 3514 3393 Ara-

1937 3432 2064 3487 bum
2124 3446 2319 3502 pecora
2377 3446 2474 3486 sua
2537 3431 2646 3485 illic
2693 3429 2946 3500 pascendi
3006 3443 3172 3485 causa
3230 3428 3511 3492 ducerent,

1937 3528 2065 3598 quia
2133 3528 2351 3597 penitus
2407 3528 2622 3581 deserta
2676 3533 2730 3579 et
2783 3524 2985 3578 inculta
3032 3530 3167 3578 erat.
3219 3519 3510 3575 Sciendum

1938 3626 2117 3672 autem
2167 3627 2255 3671 est
2306 3615 2708 3671 Saracenorum
2767 3622 2983 3682 gentes,
3038 3625 3160 3681 qua:
3213 3623 3384 3677 usque
3444 3608 3513 3663 ad

1938 3711 2109 3781 ipsam
2140 3710 2486 3781 Assyriorum
2520 3716 2722 3763 terram
2759 3704 3095 3776 pertingunt,
3143 3711 3310 3770 atque
3364 3701 3509 3756 inte~

1938 3804 2140 3858 riorem
2174 3802 2521 3857 solitudinem
2552 3799 2815 3860 incolunt,
2842 3798 3055 3852 Arabas
3094 3795 3182 3850 hic
3205 3793 3509 3863 nominari;

1937 3909 2062 3951 nam
2090 3893 2332 3949 Arabum
2362 3892 2638 3962 regionem
2682 3891 2973 3945 ﬁnitimam
3007 3888 3230 3942 habent.

2010 3986 2173 4043 VERS.
2213 3985 2307 4053 21,
2346 3984 2439 4039 22.
2505 3983 2614 4038 «Et
2670 3981 3011 4037 accubabant
3065 3981 3136 4034 lbi
3189 3981 3412 4046 bestiae;
3459 3988 3514 4034 et

1937 4079 2296 4151 replebuntur
2322 4079 2519 4132 domus
2543 4076 2745 4131 sonitu.
2782 4075 2845 4128 Et
2883 4073 3225 4143 requiescent
3268 4072 3340 4126 ibi
3374 4078 3513 4126 sire-

1937 4188 2058 4236 nes,
2120 4181 2177 4226 et
2224 4169 2493 4223 daemonia
2528 4167 2601 4221 ibi
2662 4166 2961 4230 saltabunt,
3013 4163 3363 4219 onocentauri
3403 4162 3515 4217 illic

1937 4262 2311 4319 babitabunt:
2346 4270 2401 4316 et
2435 4258 2790 4314 nidilicabunt
2850 4258 3115 4314 herinacii
3164 4257 3216 4311 in
3266 4255 3515 4311 domibus

1937 4370 2146 4419 eorum,
2194 4353 2301 4408 cito
2350 4351 2548 4417 veniet,
2593 4358 2795 4404 etnon
2853 4349 3105 4403 tardabit.
3138 4365 3156 4399 ι
3219 4346 3511 4414 Postquam

1944 4454 2354 4501 mansuetorum
2396 4452 2449 4497 et
2505 4441 2909 4497 rationabilium
2949 4439 3261 4494 animalium
3288 4453 3512 4492 vacuam

1944 4540 2276 4612 Babylonem
2319 4539 2705 4601 constituerat,
2753 4552 2783 4591 a
2831 4534 2978 4589 nullo
3015 4532 3361 4588 habitandam
3395 4546 3516 4585 esse

1944 4633 2304 4696 vaticinatur;
2354 4630 2449 4685 sed
2498 4631 2760 4699 quasdam
2795 4628 3007 4698 ignotas
3040 4626 3198 4681 nobis
3241 4624 3419 4689 feras,
3462 4633 3518 4677 et

1946 4725 2221 4779 daemones
2249 4721 2516 4791 quosdam
2547 4721 2881 4790 Spiritttsqtte
2900 4717 3150 4772 crudeles
3176 4728 3229 4772 et
3253 4717 3516 4772 immanes

1947 4816 2023 4871 ibi
2062 4814 2281 4870 futuros
2311 4829 2433 4869 esse
2457 4812 2553 4867 ait.
2586 4813 2766 4879 Quare
2788 4828 2887 4882 pro
2913 4811 3003 4865 illo
3037 4829 3057 4862 ‹
3086 4809 3291 4873 bestire,
3315 4828 3335 4861 ι
3387 4808 3514 4863 reli-

1945 4909 2036 4979 qui
2072 4909 2419 4976 interpretes,
2480 4907 2627 4963 «siin
2655 4925 2676 4957 ι
2731 4905 3054 4968 ediderunt;
3085 4912 3141 4959 et
3189 4903 3305 4956 loco
3348 4901 3515 4962 illius,

1947 5020 1965 5053 ι
1989 5002 2218 5066 sirenes,
2245 5019 2265 5052 ι
2298 5019 2316 5052 ι
2341 4997 2846 5063 struthocamelbs,o
2870 4997 3159 5059 dixerunt;
3193 5009 3256 5049 ac
3282 5009 3378 5063 pro
3404 4992 3513 5058 illo,

1957 5111 1976 5144 ι
2002 5092 2374 5153 onocentauri,
2408 5099 2540 5155 in”?
2579 5090 2723 5155 siim,
2748 5108 2767 5142 ι
2812 5091 2939 5144 item
2989 5087 3326 5154 interpretati
3366 5096 3514 5148 sunt,

1942 5184 2059 5252 ipsa
2092 5184 2173 5238 usi
2209 5181 2478 5238 Hebraica
2514 5196 2666 5245 voce,
2711 5181 2781 5236 ob
2832 5180 3176 5250 signiﬁcatus
3215 5179 3517 5234 obscurita—

1945 5286 2073 5339 tem,
2109 5279 2218 5331 imo
2249 5276 2415 5330 etiam
2466 5290 2566 5345 pro
2611 5293 2631 5327 ι
2662 5273 2975 5336 herinaciis,
3025 5282 3134 5326 tres
3193 5271 3516 5339 interpretes

3149 5365 3399 5419 fortassis
3444 5365 3517 5420 ob

1945 5461 2131 5514 talium
2158 5460 2464 5514 daemonum
2497 5458 2945 5513 fraudulentiam.
2974 5458 3108 5513 Nam
3135 5461 3273 5528 apud
3297 5459 3517 5514 Cra-cos

1944 5552 2162 5608 Sirenes
2236 5552 2531 5606 dulcisonte
2589 5559 2649 5609 et
2697 5547 2916 5606 fallaces
2978 5550 3146 5607 fuisse
3197 5561 3513 5605 narrantur.

1953 5660 1971 5692 ι
2000 5641 2122 5696 Cito
2159 5641 2360 5703 veniet,
2405 5650 2459 5694 et
2492 5654 2598 5694 non
2627 5640 2881 5695 tardabit.
2916 5660 2934 5693 ›
2994 5640 3234 5707 Ουυίίνιε
3283 5649 3515 5707 tempus,

1948 5734 2164 5793 etiamsi
2198 5732 2570 5804 longissimum
2609 5733 2746 5805 apud
2794 5733 3044 5792 homines
3095 5748 3215 5789 esse
3270 5739 3513 5800 putetur,
