4068 6198
447 304 544 361 ηθι

1112 292 1378 353 EUSEBll
1414 291 1891 350 CESARIENSIS
1929 288 2079 348 OPP.
2113 288 2292 345 PARS
2330 286 2419 344 Ill.
2458 319 2527 328 —
2565 283 2971 342 EXEGETICA.

3586 268 3687 335 {92

448 415 821 472 brevissimum
855 421 1033 468 tamen
1077 413 1216 481 apud
1278 410 1444 466 Deum
1481 409 1719 478 iudicem
1765 407 2013 463 habetur.

2122 403 2379 474 κρότατοζ
2399 395 2533 455 εἶναι
2555 399 2742 471 χρόνος
2763 397 3099 469 βραχύτατος
3126 392 3278 465 παρὰ
3297 389 3375 463 πῖ)
3392 388 3685 462 Θεῷ’κριτῇ

449 509 657 565 Etenim
694 504 839 561 mille
862 504 988 558 anni
1014 504 1066 558 in
1099 512 1396 573 conspectu
1424 501 1564 572 ejus,
1609 510 1865 569 tanquam
1897 497 2015 553 dies

452 603 704 653 hesterna
745 606 1083 667 reputantur,
1115 603 1170 651 et
1208 606 1463 664 tanquam
1494 592 1736 649 custodia
1757 593 1810 646 in
1835 602 2012 647 nocte.

448 693 698 745 Attamen
753 706 858 744 non
894 698 1016 760 post
1056 688 1255 742 multas
1284 701 1550 741 annorum
1596 684 1851 753 periodos
1880 685 2018 738 vati-

449 782 648 836 cinium
684 781 960 850 impletum
1009 788 1133 835 est:
1166 779 1431 851 siquidem
1484 776 1722 849 Babylon
1765 778 1869 832 sub
1904 776 2014 833 Me-

451 877 638 930 dorum
666 874 891 944 imperio
916 888 1076 943 supra
1119 880 1413 926 memorata
1439 884 1692 940 perpessa
1723 880 1829 925 est.

1015 964 1244 1020 CAPUT
1315 962 1453 1019 XIV.

523 1059 689 1116 Vsus.
734 1060 783 1123 Ι,
823 1056 880 1111 2.
930 1076 948 1106 t
980 1055 1047 1111 Et
1079 1055 1427 1111 miserebitur
1452 1054 1713 1109 Dominus
1736 1053 1924 1120 Iacob,
1964 1063 2019 1108 et

452 1152 612 1221 eliget
659 1152 911 1205 lsraelem
951 1160 1050 1209 :et
1101 1150 1449 1220 requiescent
1494 1148 1547 1202 in
1596 1158 1741 1202 terra
1788 1163 1906 1215 sua,
1967 1155 2022 1202 et

452 1246 653 1298 advena
677 1245 995 1314 adiungetur
1022 1242 1102 1297 eis
1121 1281 1136 1306 .
1164 1252 1218 1296 et
1242 1241 1566 1311 adiungetur
1596 1239 1775 1294 domui
1809 1238 2001 1296 Jacob.

456 1336 517 1391 Et
546 1336 811 1403 accipient
832 1350 928 1389 eos
956 1346 1162 1405 gentes,
1191 1342 1245 1387 et
1271 1334 1525 1388 inducent
1552 1332 1604 1386 in
1628 1330 1803 1385 locum
1828 1347 2017 1386 suum:

451 1440 505 1482 et
527 1428 875 1498 possidebunt
903 1437 959 1482 et
994 1425 1504 1496 multiplicabuntur
1535 1439 1700 1495 super
1724 1435 1923 1480 terram
1966 1424 2019 1479 in

452 1534 637 1574 servos
678 1528 735 1573 et
770 1519 1016 1583 ancillas,
1077 1527 1129 1574 et
1184 1526 1341 1572 ertmt
1389 1516 1590 1584 captivi
1649 1517 1741 1585 qui
1782 1517 2025 1586 captivos

452 1621 709 1680 ceperant
738 1626 852 1674 eos,
886 1622 941 1664 et
969 1610 1267 1665 dominatui
1305 1625 1495 1663 eorum
1531 1608 1885 1676 subjicieutur
1932 1610 2021 1679 qui

452 1704 782 1759 dominatum
805 1704 1154 1757 obtinuerant
1182 1704 1236 1757 in
1259 1718 1375 1757 eos.
1406 1721 1423 1754 ι
1479 1700 1887 1772 Consequenler
1921 1704 2021 1772 igi-

454 1805 537 1850 tur
567 1808 791 1865 postea,
817 1812 935 1865 quae
966 1806 1154 1850 contra
1205 1796 1528 1868 Babylonem
1562 1797 1705 1851 dicta
1742 1806 1907 1865 sunt,
1936 1800 2021 1854 bis

451 1882 663 1940 Iudaici
697 1887 875 1956 populi
909 1903 972 1941 ex
1004 1887 1221 1941 inimica
1246 1896 1391 1941 terra
1428 1888 1479 1942 in
1509 1886 1805 1942 Jerusalem
1840 1905 2023 1945 rever-

451 1979 676 2041 sionem.
714 1996 836 2048 qua:
863 1981 963 2034 sub
1004 1980 1146 2050 Cyro
1185 1981 1437 2050 contigit,
1484 1981 1758 2051 siguiﬂcat
1788 1999 1802 2035 :
1834 1982 2019 2036 deela-

451 2087 579 2126 rans
607 2072 725 2127 fore
760 2082 816 2126 ut
847 2073 920 2126 illi
950 2085 1072 2141 post
1114 2074 1345 2127 reditum
1380 2074 1431 2125 in
1474 2076 1694 2141 regione
1735 2089 1831 2128 sua
1866 2076 2022 2143 quie-

449 2172 626 2227 scant,
658 2173 711 2217 et
739 2165 944 2217 advena
977 2164 1107 2232 ipsis
1146 2163 1491 2233 adjungatur.
1541 2166 1645 2219 Pro
1685 2165 1775 2219 illo
1817 2175 2018 2230 autem,

454 2271 474 2305 ι
497 2254 725 2319 advena,
755 2271 772 2306 ι
804 2253 993 2323 reliqui
1025 2258 1367 2320 luterpretes,
1410 2274 1429 2307 ι
1457 2256 1764 2327 proselytus
1793 2276 1811 2309 ι
1850 2259 2020 2311 inter-

450 2346 643 2415 pretati
677 2355 819 2401 sunt.
865 2345 958 2401 Sic
1001 2350 1146 2402 enim
1179 2350 1254 2405 ait
1291 2367 1384 2406 eos
1441 2352 1491 2405 in
1559 2362 1701 2405 terra
1752 2367 1846 2406 sua
1905 2367 2018 2406 rem

450 2451 708 2505 prospere
763 2450 1029 2510 gesturos,
1092 2452 1151 2496 ut
1199 2444 1359 2497 etiam
1400 2443 1718 2514 alienigenm
1779 2445 2017 2515 ipsorum

453 2527 765 2594 religionem
799 2528 1211 2600 amplectantur,
1242 2550 1307 2588 ac
1331 2535 1585 2607 proselyti
1624 2536 1777 2604 flant,
1810 2537 2020 2594 domui-

448 2630 557 2691 que
580 2618 750 2675 Jacob
780 2621 1131 2691 adjiciantur.

522 2882 690 2938 Vsus.
729 2884 783 2946 '5,
825 2882 878 2937 ι.
927 2902 943 2935 ι
974 2884 1039 2939 Ει
1068 2886 1173 2940 erit
1221 2884 1272 2939 in
1321 2885 1407 2940 die
1449 2886 1537 2939 illa
1590 2888 1937 2957 requiescere
1970 2900 2022 2947 te

454 2975 623 3030 faciet
657 2977 799 3030 Deus
833 2994 862 3029 a
896 2978 1083 3031 dolore
1113 2989 1205 3043 tuo
1228 2987 1281 3032 et
1314 2979 1381 3032 ab
1410 2979 1488 3032 ira
1523 2988 1609 3033 tua
1631 3020 1645 3043 ,
1678 2990 1734 3034 et
1770 2997 1801 3034 a
1846 2982 2020 3036 servi-

455 3079 564 3123 tute
584 3077 676 3123 tua
705 3070 858 3134 dura,
888 3084 991 3139 qua
1024 3070 1290 3123 servivisti
1314 3071 1393 3125 eis
1417 3087 1432 3123 :
1454 3082 1507 3126 et
1535 3088 1716 3126 sumes
1743 3072 2015 3139 planctum

454 3160 598 3214 hunc
648 3175 811 3228 super
866 3176 1046 3230 regem
1108 3158 1433 3230 Babylonis:
1471 3181 1490 3214 ι
1544 3178 1666 3216 nam
1729 3162 1906 3217 Persa:
1965 3174 2019 3217 et

453 3246 629 3314 Medi,
692 3248 1041 3319 Assyriorum
1103 3250 1327 3318 imperio
1390 3261 1447 3306 et
1519 3254 1650 3321 ipsis
1711 3254 2023 3324 Babyloniis

452 3337 509 3394 in
537 3339 854 3396 servitutem
885 3344 1141 3411 redactis,
1173 3360 1265 3400 eos
1295 3362 1403 3402 suae
1444 3346 1633 3402 ditioni
1670 3348 2018 3418 subegerunt.

527 3519 692 3577 Vsus.
734 3522 849 3577 5-8.
897 3543 915 3576 ι
943 3523 1006 3583 Et
1034 3525 1181 3581 dices
1208 3526 1261 3579 in
1305 3524 1394 3580 die
1426 3526 1510 3579 illa
1538 3568 1555 3593 ,
1589 3527 1869 3593 Quomodo
1909 3542 2024 3583 ces-

455 3616 595 3668 savit
652 3628 896 3680 exactor,
950 3629 1006 3672 et
1057 3621 1290 3674 cessavit
1340 3620 1704 3674 sollicitator?
1754 3618 2024 3675 Cnntrivit

458 3706 719 3763 Dominus
758 3708 945 3776 iugum
1001 3722 1348 3778 peccatorum
1375 3751 1390 3773 ,
1439 3709 1626 3780 jugnm
1675 3711 2020 3779 principum,

458 3802 771 3867 percutiens
806 3812 1021 3867 gentem
1074 3803 1179 3865 ira,
1220 3804 1374 3871 plaga
1430 3802 1739 3857 insanabili.
1796 3800 2023 3856 Feriens

454 3896 667 3955 gentem
701 3887 852 3957 plaga
885 3888 997 3952 irae,
1040 3905 1143 3942 non
1173 3890 1437 3959 pepercit,
1473 3890 1739 3958 requievit
1766 3891 1855 3959 qui
1883 3906 2021 3944 con-

457 3981 596 4036 ﬁdit.
645 3982 836 4037 Omnis
891 3992 1034 4036 terra
1075 3982 1271 4036 clamat
1312 3999 1435 4037 cum
1495 3984 1703 4038 laetitia.
1756 3985 1823 4039 Et
1876 3985 2019 4054 ligna

456 4073 645 4129 Libani
676 4074 850 4127 laetata
892 4084 1015 4128 sunt
1041 4091 1204 4145 super
1243 4085 1293 4129 te
1317 4117 1331 4141 ,
1365 4085 1417 4129 et
1447 4078 1643 4131 cedrus
1672 4076 1861 4130 Libani
1901 4096 1913 4130 :
1954 4094 2018 4131 ex

453 4184 563 4239 quo
619 4177 673 4222 tu
727 4168 1057 4231 dormivisti,
1117 4184 1220 4223 non
1276 4170 1522 4223 ascendit
1582 4170 1671 4239 qui
1719 4172 2021 4226 succideret

452 4280 572 4321 nos.
603 4284 622 4317 ι
657 4265 813 4321 Cedri
856 4265 1019 4333 igitur
1044 4275 1096 4319 et
1122 4266 1278 4332 pinus
1305 4267 1596 4320 secundum
1632 4266 2016 4337 Symmachum

453 4374 667 4414 rursum
729 4358 1039 4428 allegorice,
1107 4369 1367 4429 tyrannos
1421 4359 1685 4428 quosdam
1752 4362 2019 4430 superbos

2114 494 2437 563 λελόγισται.
2474 492 2632 546 Χίλια
2665 487 2759 545 οὖν
2797 490 2892 561 ἐτη
2927 487 3158 542 ἐνώπιον
3195 483 3362 539 αὐτοῦ
3393 482 3469 546 ὼς
3512 482 3691 552 ἡμέρα

2116 584 2149 652 ἡ
2175 580 2300 652 χθὲς
2322 580 2647 649 λελόγισται,
2672 578 2766 632 καὶ
2792 577 2869 641 ὼς
2896 575 3107 648 φυλακὴ
3136 576 3193 629 ὲν
3219 573 3392 628 νυκτί.
3423 571 3585 625 Ἀλλά
3599 576 3695 625 και

2115 676 2214 729 οὐκ
2249 676 2329 739 είς
2360 674 2601 746 μακροὺς
2642 672 2752 726 τῶν
2782 671 2990 742 χρόνων
3021 667 3253 731 κύκλους
3288 664 3697 739 τῆςὲκϐάσεως

2115 767 2185 821 τά
2209 766 2566 820 θεσπισθέντα
2592 765 2770 835 ἔτυχε,
2795 762 2862 816 τὰ
2894 759 3273 834 προρρηθέντα
3296 757 3575 829 παθούσης
3592 755 3696 827 τῆς

2118 862 2432 926 Βαϐυλῶνος
2464 862 2556 916 ἐπὶ
2589 860 2686 931 τῆς
2720 859 2919 931 Μήδων
2947 856 3140 928 ἀρχῆς.

2648 948 3043 1003 ΚΕΦΑΛΑΙΟΝ
3069 949 3162 1001 lA'.

2193 1064 2213 1097 ι
2262 1044 2374 1097 Καὶ
2415 1044 2627 1116 ἐλεήσει
2672 1041 2875 1113 Κύριος
2911 1041 3002 1093 τὸν
3046 1038 3258 1099 Ἰακὼϐ,
3290 1038 3386 1092 καί⁹
3420 1038 3695 1105 ὲκλέξεται

2120 1138 2198 1189 ἔτι
2231 1136 2320 1190 τὸν
2365 1136 2602 1208 Ἰσραὴλ,
2638 1135 2732 1188 καὶ
2765 1133 3168 1187 ἀναπαύσονται
3215 1131 3304 1185 ἐπὶ
3331 1131 3428 1201 τῆς
3463 1129 3566 1200 γῆς
3598 1130 3695 1182 αύ-

2118 1229 2248 1293 τῶν,
2280 1229 2375 1282 καὶ
2405 1229 2434 1281 6
2458 1227 2693 1299 γειώρας
2720 1224 3149 1301 προστεθήσεται
3174 1222 3312 1294 πρὸς
3344 1221 3540 1285 αύτούς
3558 1238 3571 1251 ⁸
3603 1222 3695 1274 καὶ

2122 1320 2554 1392 προστεθήσεται
2589 1321 2726 1391 πρὸς
2755 1319 2846 1372 τὸν
2870 1314 3017 1371 οἶκον
3057 1316 3267 1371 Ἰακὼϐ.
3302 1315 3410 1368 Καὶ
3438 1314 3695 1385 λήψονται

2122 1408 2317 1472 αὐτοὺς
2340 1408 2490 1474 ἔθνη,
2521 1409 2613 1461 καὶ
2637 1407 2941 1473 είσάξουσιν
2971 1409 3049 1469 είς
3069 1406 3160 1459 τὸν
3189 1406 3350 1459 τόπον
3374 1404 3571 1469 αὐτῶν,
3602 1404 3699 1457 καὶ

2124 1499 2734 1571 κατακληρονομήσουσι
2756 1539 2770 1561 ,
2817 1500 2909 1552 καὶ
2956 1498 3418 1568 πληθυνθήσονται
3462 1497 3555 1550 ἐπὶ
3602 1496 3701 1567 τῆς

2125 1591 2226 1661 γῆς
2255 1591 2331 1653 είς
2363 1589 2581 1652 δούλους
2613 1588 2708 1642 καὶ
2743 1589 2953 1653 δούλας.
2989 1589 3085 1642 καὶ
3118 1588 3327 1641 ἔσονται
3366 1586 3698 1658 αἰχμάλωτοι

2126 1684 2175 1735 oi
2207 1682 2748 1753 αἰχμαλωτεύσαντες
2791 1683 3009 1745 αὐτοὺς,
3042 1682 3136 1734 καὶ
3174 1680 3617 1753 κυριευθήσονται
3650 1681 3699 1734 oi

2127 1773 2512 1846 κυριεύσαντες
2552 1772 2768 1837 αύτούς.
2809 1793 2827 1824 ι
2881 1772 3210 1835 Ἀκολούθως
3245 1772 3424 1825 τοίνυν
3461 1770 3598 1843 μετά
3632 1769 3701 1823 τά
3806 1764 3815 1767 ⁷⁷

2124 1863 2489 1935 πφλεχθὲντα
2536 1862 2677 1916 κατά
2714 1863 2813 1932 τῆς
2842 1860 3192 1925 Βαϐυλῶνος,
3223 1860 3312 1913 διὰ
3354 1858 3560 1912 τούτων
3601 1856 3702 1927 τὴν

2122 1962 2214 2014 ἐπὶ
2248 1960 2431 2032 Κύρου
2464 1960 2760 2030 γενομένην
2792 1956 3127 2029 ἐπιστροφὴν
3155 1955 3247 2008 τοῦ
3278 1955 3387 2008 τῶν
3428 1951 3701 2007 Ἰουδαίων

2121 2052 2251 2106 λαοῦ
2276 2052 2373 2122 τὴν
2396 2052 2503 2105 ἀπὸ
2525 2052 2623 2122 τῆς
2655 2050 2920 2121 πολεμίας
2945 2051 3038 2104 ἐπὶ
3064 2049 3163 2120 τὴν
3214 2046 3570 2122 Ἰερουσαλὴμ
3603 2063 3703 2117 ση-

2125 2145 2323 2216 μαίνει,
2355 2142 2639 2205 διδάσκων,
2682 2143 2758 2205 ὼς
2800 2142 3202 2195 ἀναπαύσονται
3240 2140 3333 2193 ἐπὶ
3365 2141 3461 2209 τῆς
3491 2139 3704 2192 ἑαυτῶν

2122 2231 2302 2303 χώρας
2328 2230 2709 2294 ἐπανελθόντες
2728 2270 2743 2293 ,
2777 2231 2871 2284 καὶ
2903 2230 2979 2293 ὡς
3021 2230 3050 2281 6
3071 2229 3305 2299 γειώρας
3340 2226 3703 2298 προστεθήσεο

2120 2340 2206 2376 ται
2245 2323 2443 2386 αὐτοῖς.
2492 2324 2637 2374 Ἀντί
2678 2320 2734 2374 δὲ
2764 2321 2882 2383 τοῦ,
2934 2341 2951 2372 ι
2992 2323 3021 2373 ό
3062 2318 3317 2391 γειώρας,
3373 2337 3391 2370 ι
3432 2318 3482 2371 oi
3516 2315 3700 2370 λοιποὶ

2121 2414 2481 2486 ἑρμηνευταὶ,
2522 2434 2540 2466 ι
2599 2414 2628 2466 6
2677 2414 3014 2485 προσήλυτος
3062 2433 3080 2465 ι
3121 2414 3489 2483 ήρμὴνευσαν.
3541 2408 3702 2473 Οὕτω

2121 2508 2230 2579 γὰρ
2271 2503 2328 2561 εὖ
2371 2506 2597 2579 πράξειν
2622 2508 2815 2570 αὐτοὺς
2850 2508 2943 2560 ἐπὶ
2989 2506 3088 2575 τῆς
3123 2504 3331 2558 ἑαυτῶν
3367 2505 3469 2575 γῆς
3511 2520 3697 2573 φησιν,

2121 2598 2196 2661 ὼς
2229 2599 2324 2652 καὶ⁵
2360 2596 2687 2666 ἀλλοφύλους
2726 2596 3143 2667 ἀντιποιηθῆναι
3171 2595 3269 2665 τῆς
3313 2594 3490 2649 αὐτῶν
3525 2594 3701 2648 θεοσε⁸

2122 2691 2293 2754 ϐείας,
2339 2689 2591 2759 γενέσθαι
2632 2708 2691 2742 τε
2735 2688 3139 2761 προσηλύτους,
3194 2689 3288 2741 καὶ
3335 2685 3697 2759 προστεθῆναι

2120 2782 2198 2853 τῷ
2222 2784 2351 2852 οἴκῳ
2391 2780 2603 2835 Ἰακώϐ.

2142 2862 2147 2865 ’
2200 2894 2218 2925 ι
2263 2875 2371 2926 Καὶ
2390 2874 2541 2926 ἔσται
2577 2875 2635 2926 ὲν
2672 2874 2739 2942 τῇ
2777 2872 2961 2943 ἡμέρᾳ
3006 2871 3222 2942 ἐκείνῃ,
3259 2867 3560 2923 ἀναπαύσει
3593 2866 3698 2920 Κύ-

2125 2968 2239 3039 ριός
2282 2984 2339 3020 σε
2374 2966 2483 3020 ἀπὺ
2509 2966 2607 3036 τῆς
2635 2964 2828 3035 ὀδύνης
2864 2965 2959 3018 καὶ
2988 2963 3080 3017 τοῦ
3126 2962 3301 3035 θυμοῦ
3343 2961 3566 3023 σου,καὶ
3600 2960 3697 3030 τῆς

2122 3060 2364 3123 δουλείας
2392 3075 2483 3111 σου
2528 3057 2624 3126 τῆς
2679 3055 2920 3126 σκληρᾶς
2939 3096 2953 3117 ,
2982 3051 3050 3126 ἧς
3088 3053 3408 3116 ὲδούλευσας
3434 3093 3448 3117 ,
3479 3053 3661 3115 αὐτοῖς
3679 3069 3692 3081 ·

2127 3155 2218 3207 καὶ
2263 3151 2409 3225 λήψῃ
2454 3151 2543 3204 τὸν
2588 3149 2781 3221 θρῆνον
2829 3148 3015 3201 τοῦτον
3064 3148 3156 3199 ἐπὶ
3204 3146 3424 3215 βασιλέα
3461 3144 3701 3198 Βαϐυλῶ-

2126 3262 2243 3308 νος*
2303 3264 2320 3295 ι
2378 3243 2584 3313 Πέρσαι
2627 3240 2736 3311 γάρ
2787 3240 2877 3293 καὶ
2926 3238 3119 3308 Μῆδοι,
3161 3238 3342 3297 πᾶσαν
3400 3238 3701 3308 Ἀσσυρίων

2126 3337 2327 3409 ἀρχὴν,
2365 3336 2459 3389 καὶ
2504 3335 2698 3396 αὐτοὺς
2746 3332 2869 3394 τοὺς
2913 3329 3307 3391 Βαϐυλωνίους,
3353 3328 3701 3399 ὑποχειρίους

2124 3428 2398 3489 λαϐόντες,
2427 3427 2492 3495 τῇ
2525 3424 2733 3478 ἑαυτῶν
2760 3421 3029 3485 ὑπέταξαν
3060 3421 3305 3490 δυνάμει.

2200 3537 2219 3568 ι
2259 3516 2367 3568 Καὶ
2399 3517 2541 3585 ἐρεῖς
2566 3516 2623 3567 ὲν
2656 3516 2721 3584 τῇ
2756 3512 2936 3583 ἡμέρᾳ
2965 3510 3180 3583 ὲκείνῃο
3226 3509 3349 3573 Πῶς
3375 3509 3696 3564 ἀναπέπαυο

2123 3626 2212 3663 ται
2244 3612 2273 3662 6
2306 3607 2579 3669 ἀπαιτῶν,
2619 3606 2711 3658 καὶ
2752 3604 3130 3657 ἀναπέπαυται
3171 3604 3199 3655 6
3233 3602 3699 3675 ὲπισπουδαστήςς

2124 3699 2413 3771 Συνέτριιζρε
2458 3697 2660 3769 Κύριος
2703 3695 2795 3748 τὸν
2829 3692 2989 3762 ζυγὸν
3033 3693 3141 3746 τῶν
3193 3693 3552 3765 ἁμαρτωλῶν,
3608 3695 3707 3748 τδν

2124 3792 2285 3859 ζυγὸν
2324 3793 2433 3846 τῶν
2474 3790 2770 3861 ἀρχόντων,
2819 3788 3063 3854 πατάξας
3116 3787 3267 3851 ἔθνος
3312 3786 3468 3857 θυμῷ
3517 3787 3705 3858 πληγῇ

2123 3886 2343 3954 ἀνιάτῳ.
2376 3883 2559 3936 Παίων
2587 3880 2735 3943 ἔθνος
2761 3878 2975 3949 πληγὴν
3011 3877 3207 3949 θυμοῦ,
3239 3879 3273 3949 ἣ
3303 3877 3400 3930 οὐκ
3421 3875 3701 3945 ἐφείσατο,

2123 3975 2469 4031 ἀνεπαύσατο
2507 3971 2803 4036 πεποιθώς.
2844 3972 2999 4023 Πᾶσα
3032 3971 3065 4039 ἡ
3104 3971 3174 4040 γῆ
3224 3967 3322 4041 βοᾷ
3361 3970 3475 4040 μετ’
3513 3968 3702 4040 εὐφρο-

2128 4068 2310 4140 σύνης.
2345 4066 2456 4120 Καὶ
2486 4065 2554 4119 τὰ
2600 4064 2731 4132 ξύλα
2775 4061 2868 4116 τοῦ
2900 4062 3132 4116 Λιϐάνου
3176 4060 3560 4132 εύφράνθησαν
3608 4060 3701 4113 ἐπὶ

2128 4162 2231 4225 σοι,
2269 4160 2420 4231 καὶὴ
2453 4159 2643 4230 κέδρος
2674 4155 2768 4210 τοῦ
2803 4155 3032 4210 Λιϐάνου
3054 4171 3068 4184 ·
3109 4154 3200 4223 ἀφ’
3227 4146 3287 4205 οὗ
3335 4153 3398 4204 σὺ
3442 4152 3704 4222 κεκοίμη-

2124 4271 2233 4316 σαι,
2265 4252 2367 4305 οὐκ
2402 4250 2572 4321 ἀνέϐη
2608 4252 2635 4302 ό
2664 4249 2876 4302 κόπτων
2908 4248 3074 4316 ἡμᾶς.
3114 4264 3131 4297 t
3168 4246 3364 4316 Κέδροι
3399 4249 3579 4298 τοίνυν
3607 4245 3700 4298 καὶ

2123 4344 2332 4407 πίτυες,
2376 4343 2516 4396 κατά
2544 4342 2634 4395 τὸν
2677 4340 2968 4411 Σύμμαχον
3008 4338 3169 4392 πάλιν
3213 4338 3587 4409 ἀλληγορικῶς
3614 4356 3701 4391 τυ·

449 4452 777 4520 signilicant,
839 4467 866 4505 a
929 4449 1221 4518 Babylonia
1272 4452 1544 4512 obsessos.
1602 4462 1657 4506 et
1718 4470 1745 4505 a
1800 4455 2015 4524 propria

2128 4439 2350 4510 ράννους
2381 4433 2532 4497 τινὰς
2560 4433 2904 4503 ἐπηρμένους
2939 4431 3315 4502 σημαίνουσιν,
3346 4432 3449 4484 ὑπὸ
3470 4430 3569 4500 τῆς
3595 4431 3700 4485 Βα-

451 4546 672 4613 regione
702 4547 945 4599 succisus
968 4585 983 4609 ,
1032 4558 1168 4612 quos
1197 4546 1264 4596 de
1300 4543 1540 4611 przedicti
1597 4542 2014 4615 Babyloniorum

452 4638 592 4707 regis
622 4637 773 4691 ruina
805 4638 1042 4707 gaudere
1070 4647 1491 4692 consentaneum
1530 4649 1668 4691 erat.

521 4816 684 4872 Vens.
725 4815 778 4871 9.
818 4833 838 4867 ι
877 4814 1119 4869 Infernus
1144 4813 1328 4866 subter
1360 4811 1714 4866 exacerbatus
1736 4821 2023 4866 estoccur-

449 4922 576 4964 reus
604 4908 699 4962 tibi
730 4922 745 4959 :
782 4906 940 4960 simul
970 4905 1187 4959 excitati
1232 4913 1355 4957 sunt
1404 4903 1495 4959 tibi
1541 4916 1730 4957 omnes
1774 4903 2018 4971 gigantes

452 5002 543 5071 qui
574 5011 731 5056 terra:
757 5000 1129 5070 imperarunt,
1170 4998 1259 5067 qui
1322 4997 1633 5051 excitarunt
1687 5009 1751 5048 ex
1805 4994 2014 5048 tltrouis

454 5092 567 5144 suis
597 5106 785 5145 omnes
818 5105 971 5159 rcges
1014 5089 1275 5158 Sentium.
1317 5104 1338 5138 ι
1371 5085 1476 5141 Nos
1502 5099 1717 5155 qtioque
1757 5085 1880 5154 jure
1924 5085 2017 5137 Sa-

453 5195 591 5236 tunae
619 5184 881 5248 dicemus,
909 5187 1001 5252 qui
1052 5181 1180 5235 olim
1214 5180 1431 5249 quidem
1492 5179 1557 5232 ab
1607 5177 1697 5231 illo
1745 5176 2014 5231 devastati

450 5288 678 5339 sumus;
712 5275 805 5327 sed
833 5276 1041 5328 llrmam
1071 5276 1284 5328 denmm
1331 5273 1380 5325 in
1423 5270 1639 5326 Christo
1692 5269 2014 5323 sententiam

453 5366 787 5429 retinuimus,
819 5376 1164 5434 mentemque
1192 5365 1259 5418 ad
1301 5364 1558 5433 pietatem
1594 5362 1764 5417 solide
1804 5362 2014 5415 radica-

453 5470 583 5518 tam.
614 5472 817 5523 corque
840 5456 1275 5511 tloridissimnm:
1314 5472 1334 5506 ι
1374 5453 1451 5507 Ex
1474 5468 1581 5523 quo
1606 5464 1659 5505 tu
1689 5451 2013 5516 dormivisti,

452 5568 557 5607 non
592 5550 834 5605 ascendit
860 5548 950 5618 qui
979 5550 1281 5603 succideret
1321 5564 1439 5603 nos.
1475 5566 1493 5598 ι

522 5643 684 5697 Vsus.
704 5642 888 5697 104⁸2.
922 5656 942 5690 ι
964 5640 1164 5693 Omnes
1176 5640 1576 5710 respondebunt
1598 5648 1650 5693 et
1674 5638 1852 5693 dicent
1879 5636 1971 5692 tibi
1996 5655 2009 5691 :

452 5730 517 5788 Et
548 5744 600 5787 tu
629 5743 818 5800 captus
852 5746 909 5787 es
934 5730 1073 5785 sicut
1103 5736 1155 5782 et
1180 5743 1283 5785 uos
1322 5744 1336 5785 :
1371 5730 1426 5785 in
1468 5727 1622 5786 nobis
1648 5739 1827 5785 autem
1858 5742 2013 5794 repu-

2127 4528 2392 4589 ϐυλωνίας
2425 4524 2884 4594 πολιορκηθέντας
2922 4525 3016 4577 καὶ
3041 4524 3139 4593 τῆς
3167 4524 3371 4587 οἰκείας
3403 4523 3701 4576 ἀποκοπέν-

2124 4640 2223 4686 τας
2247 4619 2425 4691 χώρας
2444 4636 2457 4649 ’
2486 4616 2576 4681 οὓς
2619 4616 2764 4680 εἰκὸς
2796 4612 2863 4687 ἦν
2900 4615 3227 4686 ἐπιχαρῆναι
3254 4618 3321 4687 τῇ
3360 4612 3564 4667 πτώσει
3601 4612 3697 4667 τοῦ

2123 4710 2282 4783 δηλου
2290 4708 2470 4780 μένου.

2199 4822 2216 4853 ι
2262 4801 2429 4872 ᾍδης
2456 4799 2697 4854 κάτωθεν
2727 4796 3028 4868 ἐπικράνθη
3056 4798 3394 4867 συναντήσας
3419 4814 3500 4850 σοι
3521 4813 3535 4828 θ
3578 4813 3698 4849 συν-

2122 4892 2430 4965 ηγέρθησάν
2478 4908 2565 4943 σοι
2620 4890 2817 4951 πάντες
2846 4892 2894 4942 οἱ
2941 4888 3194 4957 γίγαντες
3231 4889 3281 4941 οἱ
3315 4888 3573 4959 ἄρξαντες
3600 4888 3698 4959 τῆς

2123 4984 2245 5053 γῆς,
2272 4983 2319 5034 oi
2348 4980 2654 5050 ἐγείραντες
2678 4982 2743 5032 ἐκ
2771 4977 2879 5031 τῶν
2909 4978 3113 5048 θρόνων
3149 4977 3325 5032 αὐτῶν
3353 4977 3558 5041 πάντας
3602 4977 3698 5047 βα-

2126 5074 2290 5137 σιλεῖς
2325 5073 2512 5127 ἐθνῶν.
2563 5091 2581 5123 ι
2635 5071 2896 5143 Ἐροῦμεν
2935 5070 2992 5123 δὲ
3031 5072 3123 5124 καί
3164 5073 3323 5142 ἡμεῖς
3360 5072 3584 5133 είκότως
3621 5071 3698 5142 τῷ

2124 5167 2355 5236 Σατανᾷ,
2398 5165 2446 5217 οἱ
2482 5162 2649 5217 πάλαι
2700 5162 2795 5233 μὲν
2834 5162 2962 5233 παρ’
2996 5162 3205 5215 ἐκείνου
3254 5162 3694 5233 πεπορθημένοι·

2118 5260 2327 5330 ἑδραῖον
2356 5257 2411 5309 δὲ
2441 5255 2625 5309 λοιπὸν
2659 5253 2950 5326 ἐσχηκότες
2991 5257 3048 5307 ὲν
3076 5252 3292 5323 Χριστῷ
3320 5253 3381 5305 τὸ
3418 5255 3697 5325 φρόνημα,

2124 5352 2219 5405 καὶ
2264 5350 2386 5403 νοῦν
2441 5350 2520 5412 εἰς
2567 5347 2850 5402 εὐσέϐειαν
2895 5346 3109 5417 ἀσφαλῆ
3162 5346 3254 5397 καί
3308 5336 3695 5417 ὲρῤιξωμένον,

2125 5445 2219 5497 καὶ
2260 5442 2484 5513 καρδίαν
2518 5440 2916 5511 εὐθαλεστάτηί
2935 5458 2947 5471 ’
2985 5460 3002 5490 ι
3027 5439 3140 5508 Ἀφ’
3165 5432 3225 5491 οὗ
3257 5439 3319 5491 σὺ
3344 5438 3695 5509 κεκοίμησαι,

2124 5538 2223 5590 οὐκ
2251 5535 2415 5605 ἀνέϐη
2448 5537 2476 5588 6
2515 5535 2729 5588 κόπτων
2766 5534 2935 5604 ἡμᾶς.
2972 5551 2988 5583 ι

2200 5650 2218 5683 ι
2261 5631 2462 5693 Πάντες
2497 5627 2956 5699 ἀποκριθήσονται
2994 5626 3086 5677 καὶ
3118 5623 3301 5696 ὲροῦσί
3343 5640 3442 5676 σοι·
3476 5622 3584 5676 Καὶ
3630 5622 3697 5675 σὺ

2108 5724 2314 5791 ἑάλως,
2347 5721 2531 5787 ὥσπερ
2558 5722 2649 5774 καὶ
2696 5720 2874 5785 ἡμεῖς’
2919 5720 2974 5771 ἐν
3016 5718 3143 5783 ἡμῖν
3189 5717 3243 5771 δὲ
3287 5712 3692 5781 κατελογίσθθης.
