4068 6198
326 309 352 362 Ι
362 310 438 364 93

1302 301 1799 358 COMMENTARIA
1838 301 1904 357 IN
1942 298 2201 359 ISAIAM.
2239 331 2312 345 —
2345 299 2501 357 CAP.
2545 297 2683 354 XIV.

3500 285 3601 343 i96

331 429 567 502 Κατέϐη
597 431 677 489 εἰς
905 425 1036 492 δόξα
1069 443 1184 491 σου,
1211 427 1244 498 ὴ
1269 427 1438 500 πολλὴ
1463 428 1767 500 εὐφροσύνη
1803 445 1919 481 σου.

2035 437 2171 480 latus
2220 442 2300 479 es.
2332 423 2617 478 Descendit
2659 422 2711 476 in
2744 417 3014 474 infernum
3049 414 3218 487 gloria
3269 420 3382 477 tua,
3432 411 3598 466 multa

344 526 645 581 ’Υποκάτω
687 541 778 578 σου
822 520 1130 593 στρώσουσι
1187 521 1370 592 σῆψιν,
1417 524 1510 576 καὶ
1570 522 1632 576 τὸ
1677 523 1922 577 καταιιά‹

341 619 536 690 λυμμά
574 635 663 671 σου
700 613 942 685 σκώληξ.
998 611 1126 676 Πῶς
1173 611 1430 677 ἐξέπεσεν
1475 614 1539 666 ἐκ
1571 613 1664 666 τοῦ
1695 613 1922 687 οὐρανοῦ

344 713 375 764 6
421 708 726 780 Ἐωσφόρος-
747 707 778 760 6
813 703 960 778 πρωῒ
994 703 1330 761 ἀνατέλλωνι
1351 704 1638 776 συνετρίϐη
1657 705 1792 775 πρὸς
1826 706 1924 777 τὴν

348 803 448 873 γῆν
473 804 500 856 6
529 799 880 855 ἀποστέλλων
927 796 1064 867 πρὸς
1122 795 1301 850 πάντα
1348 797 1416 851 τά
1456 797 1617 868 ἔθνη;
1656 816 1674 849 ι
1716 799 1779 851 Oi
1826 798 1923 869 μὲν

347 894 434 946 ἐπὶ⁵
453 893 549 961 γῆς
571 892 748 953 ὄντες,
788 888 944 960 φησὶ,
969 886 1036 940 τὰ
1059 887 1316 958 ἀνωτέρω
1336 888 1602 958 εἰρημένα
1636 889 1918 959 φήσουσινο

344 987 461 1041 οίδέ
485 986 576 1039 τὸν
611 982 960 1054 ἀνθρώπινον
996 981 1401 1046 ἀπαλλάξαντες
1441 979 1573 1050 βίον,
1606 982 1694 1035 καὶ
1736 980 1924 1052 ὥσπερ

341 1080 398 1131 ἐν
416 1079 640 1149 δεσμοῖς
669 1080 788 1140 τοῖς
812 1075 908 1130 τοῦ
941 1075 1068 1148 ᾅδου
1107 1073 1325 1146 χωρίοις
1356 1075 1793 1144 ἀπολειφθέντες,
1832 1074 1926 1129 καί¹

339 1171 487 1224 αὐτοὶ
526 1173 595 1241 τῇ
638 1169 892 1240 ἀπωλείᾳ
947 1167 1111 1222 αὐτοῦ
1167 1166 1379 1232 λέξουσι
1421 1166 1490 1220 τὰ
1533 1167 1921 1238 ἐπιφερόμενα.

337 1263 549 1326 Φθάσας
579 1262 639 1316 δὲ
663 1262 793 1325 τοὺς
821 1262 940 1314 ἐκεῖ
965 1261 1171 1325 πάντας
1201 1263 1230 1314 6
1266 1261 1420 1334 ᾅδης,
1458 1261 1552 1314 καὶ
1584 1262 1615 1332 ὴ
1643 1260 1925 1330 ἐφεστῶσαι

338 1357 456 1418 ταῖς
501 1354 612 1408 τῶν
655 1352 1003 1424 τεθνηκότων
1043 1352 1237 1424 ψυχαῖς
1291 1352 1538 1425 δύναμις,
1596 1351 1784 1422 ὥσπερ
1840 1369 1924 1415 τις

339 1444 712 1516 δεσμωτηρίου
762 1443 1107 1513 τυγχάνουσα
1147 1443 1400 1516 φρουρὸς,
1451 1442 1694 1497 κάτωθεν
1727 1444 1789 1496 ἐκ
1818 1443 1925 1496 τῶν

347 1536 631 1590 σκοτεινῶν
667 1534 856 1606 μυχῶν
880 1533 1018 1605 μετὰ
1051 1532 1219 1602 θυμοῦ
1239 1534 1333 1587 καὶ
1368 1533 1536 1604 ὀργῆς
1559 1535 1926 1605 ἐπαναστήσε-

347 1625 439 1678 ταί
464 1641 565 1676 σοι.
588 1623 789 1676 Τούτου
811 1623 868 1677 δὲ
891 1622 1082 1694 ῶσπερ
1101 1622 1360 1694 ἄρχοντος
1385 1623 1491 1676 τῶν
1524 1625 1637 1678 ἐκεῖ
1661 1624 1923 1696 κρατοῦν-

355 1714 562 1778 τοςτοῦ
588 1715 786 1768 οἰκείου
829 1714 1197 1785 διεγερθέντος
1241 1713 1453 1784 θρόνου,
1510 1714 1602 1767 καὶ
1653 1716 1701 1766 οἱ
1735 1714 1924 1782 λοιποὶ

2028 517 2211 570 lzetitia
2246 525 2355 570 tua.
2386 515 2586 570 Subter
2625 522 2676 567 te
2704 519 2946 567 sternent
2973 507 3196 569 tineam.
3218 514 3274 560 et
3297 504 3601 574 operimen-

2029 617 2141 662 tum
2178 618 2326 661 tuutn
2360 604 2584 661 vermis.
2618 601 2897 669 Quomodo
2925 597 3122 654 cecidit
3173 597 3238 651 de
3266 594 3405 650 cmlo
3434 591 3600 647 Luci-

2026 701 2128 766 fer,
2162 700 2251 769 qui
2285 714 2443 753 mane
2478 694 2802 751 oriebatur?
2833 691 3104 748 contritus
3151 700 3234 744 est
3283 689 3348 741 ad
3398 696 3600 742 terram

2025 793 2117 863 qui
2151 791 2399 846 mittebat
2422 790 2488 844 ad
2517 801 2707 844 omnes
2737 784 2963 855 gentes?
3007 802 3024 834 ι
3063 781 3161 848 Qui
3197 781 3249 834 itt
3278 789 3418 832 terra
3450 785 3595 842 sunt,

2026 884 2222 953 inquit,
2260 898 2346 947 ea,
2376 897 2495 950 quae
2522 879 2772 948 superius
2801 877 2941 931 dicta
2969 883 3134 936 sunt,
3164 870 3474 942 proferent;
3504 867 3595 938 qui

2027 987 2203 1030 autem
2233 975 2469 1030 humana
2499 973 2605 1027 vita
2636 969 2830 1032 functi,
2867 978 2921 1023 et
2955 968 3006 1020 in
3041 966 3174 1020 locis
3213 960 3410 1016 inferni
3444 957 3598 1028 quasi

2028 1067 2079 1120 in
2108 1064 2335 1120 vinculis
2364 1063 2698 1125 detinentur,
2733 1059 2832 1129 ipsi
2886 1071 3100 1126 quoque
3131 1069 3294 1123 super
3319 1050 3435 1120 ejus
3485 1049 3603 1106 exi-

2030 1159 2103 1212 tio
2136 1171 2198 1211 ea
2229 1171 2347 1226 qua:
2372 1151 2721 1223 superaddita
2749 1158 2878 1203 sunt
2917 1145 3362 1218 pronuntiabunt.
3401 1139 3604 1222 anes

2029 1265 2190 1318 porro
2222 1247 2331 1300 illic
2368 1253 2648 1300 versantes
2681 1249 3014 1310 przevertens
3051 1234 3332 1296 infernus,
3385 1215 3598 1285 necnon

2028 1339 2201 1393 virtus
2250 1337 2336 1390 illa
2383 1348 2504 1404 quat
2543 1339 2876 1386 mortuorum
2923 1326 3208 1380 animabus
3237 1331 3465 1393 praeest;
3501 1335 3600 1376 ceu

2027 1430 2273 1500 quaedam
2301 1423 2539 1482 carceris
2571 1430 2758 1476 custos
2787 1435 2852 1473 ex
2896 1416 3019 1472 imis
3056 1414 3466 1482 tenebrosisque
3511 1426 3606 1480 pe-

2031 1519 2328 1574 netralibus
2373 1531 2496 1571 cum
2555 1511 2737 1566 furore
2786 1521 2840 1562 et
2883 1507 2963 1562 ira
3011 1507 3254 1576 insurget
3296 1514 3488 1560 contra
3528 1513 3604 1558 te.

2029 1613 2141 1668 lloc
2174 1621 2352 1665 autem
2391 1607 2634 1679 principe
2663 1604 2785 1659 istic
2813 1603 3134 1674 imperante,
3168 1617 3233 1654 ex
3278 1599 3476 1654 throno
3505 1612 3606 1653 suo

2027 1704 2313 1765 excitato,
2367 1699 2560 1768 reliqui
2587 1713 2776 1752 omnes
2813 1699 3089 1767 gigantes,
3146 1697 3262 1750 sive
3307 1691 3605 1748 secundum

365 1808 562 1870 πάντες
599 1807 865 1876 γίγαντες,
904 1809 948 1859 οἱ
993 1805 1135 1859 κατά
1175 1808 1300 1870 τοὺς
1347 1805 1682 1878 ὲρμηνευτὰς
1736 1826 1754 1858 ι
1805 1807 1928 1861 Ῥα-

2035 1795 2271 1863 reliquos
2305 1792 2632 1860 interpretes
2662 1807 2681 1838 ι
2710 1787 2996 1855 Rapltaim,
3031 1805 3049 1837 ι
3083 1800 3188 1839 una
3223 1789 3602 1838 surrexerunt.

372 1899 529 1969 φαῖμ,
573 1918 591 1950 ι
634 1899 1041 1968 συνανέστησαν.
1085 1898 1241 1962 Τίνες
1277 1898 1334 1950 δέ
1377 1891 1542 1962 οὗτοι,
1583 1897 1926 1970 διερμηνεύει

374 1991 576 2059 λέγων’
611 1992 670 2045 ΟΞ
703 1991 950 2062 ἄρχοντες
989 1981 1088 2062 τῆς
1123 1991 1246 2062 γῆς,
1283 1992 1329 2043 οἱ
1377 1989 1686 2061 ἐγείραντες
1720 1993 1782 2044 ἐκ
1821 1990 1928 2043 τῶν

379 2085 566 2157 θρόνων
593 2083 763 2138 αὐτῶν
795 2085 1002 2148 πάντας
1039 2083 1270 2155 βασιλεῖς
1316 2083 1505 2146 ἐθνῶν,
1557 2083 1651 2136 καὶ
1692 2083 1760 2136 τὰ
1790 2083 1928 2137 αὐτὰ

372 2177 442 2248 τῷ
488 2179 939 2249 κατηγορουμένῳ
985 2177 1194 2247 βασιλεῖ
1245 2177 1562 2242 Βαϐυλῶνος
1601 2178 1924 2248 πράξαντες.

361 2270 422 2324 0!
445 2272 531 2324 καὶ
557 2271 771 2341 γυμνὴν
807 2271 902 2324 καὶ
931 2270 1132 2342 ἔρημον
1159 2269 1253 2324 τοῦ
1283 2270 1533 2342 σώματος
1551 2273 1649 2345 τὴν
1673 2272 1766 2326 τοῦ
1799 2291 1927 2326 ποτε

357 2357 763 2429 βασιλεύσαντος
816 2359 1132 2425 Βαϐυλῶνος
1179 2361 1355 2433 ψυχὴν
1377 2363 1610 2436 ὁρῶντες
1671 2367 1929 2434 φήσουσιν

355 2454 519 2524 αὐτῇ·
555 2454 668 2506 Καὶ
703 2451 798 2506 σοῦ
822 2453 1086 2524 κρείττων
1128 2455 1319 2523 γέγονε
1351 2455 1600 2520 Θάνατος,
1632 2457 1706 2521 ὡς
1740 2459 1834 2512 καὶ
1870 2459 1929 2512 σὲ

351 2549 528 2618 ὅμοιον
555 2549 689 2618 ἡμῖν
717 2546 1050 2616 ἁπελέγξαι;
1101 2547 1268 2601 ὓὺδὲν
1318 2549 1427 2620 ἄρα
1461 2544 1528 2620 ἦν
1567 2550 1595 2602 6
1642 2550 1783 2623 ὑπὲρ
1827 2552 1930 2622 γῆν

353 2637 483 2708 βίος,
512 2641 609 2693 καὶ
635 2641 665 2694 6
701 2639 932 2703 πλοῦτος
965 2640 1060 2693 καὶ
1101 2642 1133 2711 ἡ
1167 2640 1315 2707 δόξα,
1351 2642 1444 2694 καὶ
1485 2645 1518 2714 η
1560 2643 1798 2713 τοσαύτη
1843 2643 1932 2696 δυ-

349 2732 604 2785 ναστεία·
650 2731 789 2785 ἀλλὰ
831 2730 938 2784 τῶν
979 2731 1196 2786 πάντων
1239 2731 1463 2787 ἐκείνων
1508 2733 1680 2802 πέρας
1716 2735 1788 2804 γῆ
1836 2735 1931 2787 καὶ

354 2824 543 2885 σποδὸς
595 2825 916 2890 διαδέξεται,
961 2821 1177 2896 σκώληξ
1220 2841 1278 2876 τε
1335 2824 1430 2877 καὶ
1481 2823 1699 2895 σαρκῶν
1746 2825 1926 2896 σῆψις.

368 2913 557 2986 Ἥμεῖς
587 2917 642 2970 δέ
681 2934 739 2970 σε
771 2919 834 2971 οὐ
861 2916 1053 2988 θνητὸν
1091 2916 1409 2988 ἐνομίζομεν
1429 2934 1442 2946 ·
1496 2915 1846 2988 ἀπατώμενοι
1873 2918 1930 2972 δὲ

357 3013 428 3080 τῇ
459 3027 526 3062 πε
537 3010 588 3081 pi.
614 3012 671 3064 σέ
694 3011 840 3084 δόξῃ,
869 3009 947 3082 τῷ
975 3011 1096 3065 κατ’
1124 3011 1351 3082 οὐρανὸν
1396 3010 1763 3083 λαμπροτάτῳ
1813 3029 1928 3081 φω-

364 3104 546 3173 στῆρι,
573 3103 648 3173 τῷ
672 3103 758 3157 τὸν
785 3103 935 3174 ἧλιον
955 3103 1417 3176 προσκαλουμένῳ
1451 3103 1744 3176 Ἑωσφόρῳ
1770 3104 1928 3156 ἀπει-

363 3191 615 3263 κάζομεν.
673 3193 742 3248 Σὺ
794 3194 850 3247 δὲ
906 3194 998 3247 ἐπὶ
1056 3193 1237 3258 σαυτῷ
1299 3194 1394 3247 καὶ
1449 3192 1670 3264 μείζονα
1723 3194 1930 3250 τούτων

357 3287 604 3359 ἑφρὸνεις
643 3287 906 3360 γαυριῶν,
953 3289 1048 3343 καὶ⁵
1092 3287 1256 3359 μανία
1287 3287 1496 3360 φρενῶν
1535 3287 1930 3358 ἀλαζονευόμε-

354 3398 461 3443 νος,
497 3380 573 3443 ὡς
617 3380 812 3434 σαυτὸν
865 3379 942 3452 τῷ
984 3379 1191 3451 ὑψίστῳ
1236 3379 1354 3451 Θεῷ
1401 3379 1786 3451 παραϐάλλειν,
1836 3381 1932 3434 καὶ

353 3473 493 3546 ὑπὲρ
520 3473 620 3538 τὰς
650 3473 908 3546 οὐρανίας
943 3473 1136 3543 ἀψίδας
1166 3474 1258 3527 τὸν
1291 3472 1486 3526 σαυτοῦ
1525 3473 1711 3546 θρόνον
1748 3473 1934 3544 θήσειν

356 3564 743 3633 φαντάζεσθαι.
775 3565 959 3619 Ταῦτα
987 3567 1083 3637 μὲν
1109 3560 1202 3620 οὖν
1232 3567 1360 3638 περὶ
1385 3564 1477 3618 σοῦ
1511 3567 1694 3636 ἡμεῖς,
1720 3564 1934 3637 θνητοῖς

356 3657 632 3728 λογισμοῖς
658 3657 1027 3728 ἀπατώμενοι,
1057 3657 1442 3728 διενοούμεθα·
1480 3657 1703 3711 τοιαῦτα
1743 3657 1800 3712 δὲ
1841 3659 1936 3712 καὶ

363 3748 430 3798 σὺ
453 3746 543 3798 ἐπὶ
575 3747 754 3817 σαυτῷ
783 3747 992 3820 φρενῶν
1018 3749 1272 3803 ἐκστάσει
1305 3749 1573 3823 ἐφρόνεις.
1619 3745 1726 3802 Ἦν
1753 3749 1797 3803 δ’
1827 3749 1938 3821 ἄρα

364 3839 459 3890 καὶ
487 3838 575 3890 τοῦ
617 3841 747 3910 περὶ
781 3840 840 3892 σέ
882 3839 1066 3904 τέλους
1110 3841 1329 3911 ἐλεγχος
1360 3842 1388 3894 6
1420 3842 1608 3913 χρόνος
1637 3841 1758 3896 καθ’
1785 3841 1814 3894 ὃ
1842 3842 1936 3896 ἐά-

360 3929 496 3995 λωςο
536 3932 657 3985 οὐδὲ
701 3936 814 3994 τοῖς
855 3935 1058 3995 λοιποῖς
1098 3931 1407 4002 ἀνθρώποις
1449 3934 1641 4004 ὁμοίαν
1686 3934 1937 4005 ἐσχηκὼς

359 4023 630 4097 τελευτήν.
661 4025 724 4079 0i
757 4025 858 4095 μέν
883 4025 992 4098 γὰρ
1019 4026 1102 4095 ἐφ’
1135 4027 1384 4097 ἡσυχίας,
1414 4027 1596 4098 ἠρέμα
1618 4027 1712 4080 καὶ
1746 4027 1936 4098 πράως

359 4119 450 4170 ἐπὶ
476 4121 578 4188 τῆς
609 4117 819 4172 ἑαυτῶν
857 4118 1058 4182 ἑστίας,
1097 4119 1158 4172 τὸ
1202 4119 1361 4190 χρέος
1405 4119 1703 4173 ἀπέδοσαν*
1740 4119 1805 4172 σὺ
1854 4118 1934 4182 δὲ,

358 4212 423 4280 τῇ
464 4209 571 4263 τῶν
648 4209 921 4281 πολεμίων
963 4211 1205 4285 μαχαίρᾳ
1254 4211 1354 4282 τὴν
1407 4211 1550 4282 ζωὴν
1593 4211 1934 4283 ἀφαιρεθεὶς,

360 4303 552 4372 νεκρὸς
604 4301 809 4370 ἄταφος
867 4304 1091 4376 ριφήση,
1155 4302 1318 4375 θηρσὶ
1388 4302 1521 4374 βορὰ
1574 4304 1668 4358 καὶ
1729 4305 1938 4370 οἰωνοῖς

363 4393 698 4462 ἐγκείμενος.
747 4393 894 4456 Ἕως
931 4394 1029 4463 μὲν
1061 4388 1152 4447 οὖν
1189 4395 1528 4464 συνειστήκει
1575 4395 1607 4466 ἡ
1660 4393 1936 4457 Βαϐυλὼν,

2031 1887 2261 1954 Quinam
2299 1899 2431 1938 vero
2464 1882 2516 1937 lti
2570 1889 2751 1936 essent
2797 1879 3029 1950 explicat
3074 1879 3262 1932 dicens
3286 1915 3302 1938 .
3333 1875 3608 1945 principes

2030 1989 2212 2042 terrae,
2245 1975 2334 2046 qui
2366 1990 2428 2028 ex
2466 1971 2678 2028 titronis
2719 1973 2832 2026 suis
2875 1969 3186 2024 excitarunt
3219 1980 3412 2019 omnes
3451 1979 3606 2034 reges

2028 2070 2267 2142 gentiunt
2306 2089 2317 2124 :
2352 2068 2442 2136 qui
2480 2065 2630 2132 paria
2661 2077 2724 2117 ac
2762 2062 2851 2117 ille
2881 2077 3004 2116 reus
3043 2058 3334 2130 Babylonis
3361 2072 3452 2110 rex
3481 2070 3604 2125 per-

2029 2170 2330 2232 petrartmt.
2367 2160 2430 2214 Hi
2459 2175 2590 2216 vero
2618 2159 2814 2214 nudam
2843 2167 2899 2212 et
2933 2167 3172 2223 corpore
3222 2149 3416 2204 orbam
3459 2147 3606 2200 illius

2029 2260 2155 2315 olim
2193 2255 2503 2327 Babylonici
2541 2255 2682 2327 regis
2713 2253 2952 2307 animam
3003 2258 3319 2310 cernentes,
3371 2243 3451 2298 sic
3484 2256 3603 2296 eam

2029 2349 2429 2421 compellabunt
2460 2365 2473 2400 :
2508 2348 2755 2402 Etiamne
2782 2353 2835 2398 te
2870 2342 3068 2398 fortior
3101 2353 3248 2394 mors
3277 2337 3397 2401 fttit,
3447 2336 3517 2390 ita
3548 2344 3607 2387 ut

2033 2453 2082 2498 te
2113 2442 2344 2497 similem
2397 2441 2554 2496 nobis
2602 2454 2722 2495 esse
2773 2431 3266 2493 evincere-limiti!
3313 2445 3443 2496 ergo
3488 2439 3606 2483 erat

2033 2545 2246 2590 terrena
2291 2534 2381 2587 illa
2413 2532 2546 2596 vita,
2575 2530 2776 2586 divitia:
2801 2571 2817 2596 ,
2858 2527 3028 2600 gloria
3055 2536 3110 2580 et
3149 2532 3295 2578 tanta
3327 2522 3603 2590 potentia:

2031 2628 2122 2682 sed
2149 2627 2401 2680 omnibus
2429 2625 2512 2678 Itis
2547 2624 2668 2678 linis
2696 2625 2798 2677 erit
2840 2632 2982 2676 terra
3014 2629 3067 2672 et
3096 2617 3292 2688 pulvis,
3324 2612 3527 2668 verutis
3553 2621 3607 2664 et

2030 2717 2212 2772 carnis
2241 2717 2488 2786 putredo.
2529 2713 2636 2768 Nos
2663 2728 2792 2768 vero
2817 2721 2872 2766 te
2905 2708 3182 2765 mortalem
3215 2705 3438 2760 minime
3481 2717 3604 2758 esse

2031 2806 2353 2878 putabamus
2386 2823 2401 2860 :
2439 2821 2502 2860 ac
2539 2804 2711 2874 gloria
2765 2814 2818 2857 te
2847 2799 3219 2856 circumdante
3270 2795 3482 2866 decepti
3507 2834 3524 2860 ,
3552 2802 3608 2848 te

2043 2900 2478 2970 splendidissimo
2509 2896 2715 2952 co-Iesti
2770 2892 3061 2958 lnminari,
3115 2891 3391 2958 solemque
3435 2885 3606 2942 advn-

2030 2993 2172 3048 cauti
2203 2990 2451 3047 Lucifero
2473 2989 2940 3057 comparabamus.
2977 2983 3056 3038 Tu
3092 2997 3221 3036 vero
3251 2991 3304 3037 te
3333 2979 3493 3035 etiam
3525 2979 3609 3033 bis

2034 3085 2290 3154 majorem
2344 3081 2720 3148 arbitrabaris,
2743 3079 3032 3135 lasciviens
3058 3093 3123 3131 ac
3164 3076 3361 3131 mentis
3397 3073 3606 3129 insania

2038 3180 2109 3233 ita
2139 3177 2483 3247 superbiens,
2511 3185 2569 3229 ut
2606 3184 2656 3228 te
2686 3173 2952 3227 altissimo
2993 3169 3104 3224 Deo
3135 3167 3434 3228 conferres.
3470 3181 3531 3220 ac
3557 3174 3609 3218 te

2037 3271 2288 3327 thronum
2323 3278 2475 3324 tuum
2511 3281 2672 3336 supra
2729 3264 2976 3320 caelestes
3024 3262 3260 3316 fornices
3303 3257 3607 3319 positurum

2034 3379 2154 3419 esse
2185 3361 2488 3432 iactitares.
2522 3360 2645 3414 llaec
2673 3359 2836 3428 igitur
2871 3370 2967 3410 nos
3012 3353 3334 3408 mortalibus
3384 3349 3610 3416 ratioci-g

2038 3455 2143 3510 niis
2169 3453 2400 3524 decepti,
2449 3453 2514 3506 de
2539 3463 2597 3505 te
2622 3449 2983 3519 cogitavimus
3017 3461 3031 3498 :
3067 3443 3193 3498 talia
3232 3453 3286 3496 et
3317 3451 3369 3495 tu
3429 3451 3612 3495 mente

2037 3555 2229 3618 captus
2261 3545 2329 3600 de
2359 3556 2411 3599 te
2441 3544 2559 3611 ipso
2586 3542 2881 3597 sentiebas.
2919 3538 2991 3592 At
3037 3536 3120 3590 vel
3167 3533 3341 3588 solum
3397 3541 3611 3600 tempus

2036 3652 2143 3709 quo
2165 3646 2356 3706 captus
2381 3643 2436 3690 et
2463 3635 2637 3688 victus
2662 3648 2720 3688 es
2744 3675 2760 3699 ,
2808 3628 3153 3685 manifestum
3195 3633 3314 3678 erat
3363 3624 3484 3701 linis
3532 3623 3610 3678 tui

2038 3742 2416 3805 argumentum
2455 3747 2469 3784 :
2506 3744 2682 3800 neque
2709 3725 2941 3783 similem
2975 3723 3095 3779 aliis
3124 3719 3434 3776 hominibus
3467 3733 3614 3773 mor-

2039 3837 2146 3881 tem
2179 3839 2239 3880 es
2284 3830 2624 3884 consecutus.
2677 3819 2752 3874 Illi
2793 3819 2990 3890 quippe
3027 3815 3231 3871 sensim
3255 3853 3271 3880 ,
3339 3811 3524 3884 quiete
3556 3818 3613 3864 et

2038 3917 2179 3973 domi
2210 3917 2451 3971 debitum
2485 3915 2812 3979 solverunt;
2846 3923 2902 3966 tu
2930 3925 3058 3964 vero
3107 3909 3452 3964 inimicorum
3500 3903 3613 3976 gla-

2038 4015 2129 4071 dio
2159 4017 2268 4069 vita
2299 3988 2562 4085 privatus,
2602 4009 2902 4078 insepultus
2928 4005 3270 4079 projicieris,
3299 4013 3355 4058 et
3401 4001 3513 4057 eris
3555 4000 3610 4055 itt

2038 4124 2222 4164 escam
2259 4107 2453 4163 bestiis
2482 4113 2538 4159 et
2571 4103 2903 4158 volucribus.
2935 4099 3185 4167 Quandiu
3234 4097 3400 4168 igitur
3437 4094 3614 4165 Baby-

2039 4201 2128 4256 lon
2156 4208 2432 4270 superstes
2470 4197 2590 4258 fuit,
2637 4210 2704 4250 ac
2751 4193 3024 4265 principes
3075 4208 3198 4260 eius
3247 4205 3467 4262 regnum
3501 4202 3618 4240 nta-

2038 4310 2309 4368 gnamque
2332 4292 2595 4348 ditionem
2627 4299 2683 4344 et
2709 4289 3010 4360 potentiam
3033 4286 3385 4347 obtinebant;
3419 4280 3614 4346 virtus,

2038 4402 2161 4458 quae
2186 4386 2316 4457 ipsis
2338 4380 2595 4454 prafecta
2617 4389 2759 4444 erat,
2793 4395 2985 4448 magna
3016 4378 3244 4433 fortasse
3267 4370 3611 4444 perﬁciebat:

366 4482 633 4552 βασίλειόν
662 4500 722 4535 τε
756 4479 824 4554 ἦν
865 4485 958 4537 καὶ
984 4483 1271 4537 δυναστεία
1319 4483 1529 4556 μεγάλη
1562 4464 1670 4538 τῶν
1712 4485 1932 4539 αὐτόθεν

2041 4480 2130 4536 ubi
2160 4487 2343 4532 autem
2369 4477 2548 4548 gentis
2580 4474 2723 4529 illius
2750 4490 2974 4545 regnum
3027 4471 3262 4527 deletum
3307 4476 3411 4531 est,
3464 4464 3615 4535 priu-

364 4577 737 4649 κρατούντων·
775 4576 916 4647 τάχα
955 4593 1058 4630 που
1101 4578 1195 4630 καὶ
1227 4577 1261 4647 ἡ
1309 4576 1673 4632 ἐπιστατοῦσα
1714 4577 1932 4648 δύναμις

2041 4587 2170 4643 ceps
2194 4585 2409 4641 quoque
2434 4570 2565 4640 ipsis
2591 4569 2882 4639 praefectus
2902 4607 2919 4629 .
2945 4574 3132 4634 utpote
3157 4561 3268 4630 jam
3300 4576 3396 4616 suo
3429 4557 3616 4626 elapso

363 4672 545 4733 αὐτοῖς
576 4669 645 4723 τὰ
673 4669 890 4739 μεγάλα
923 4669 1286 4743 συνέπραττεν
1309 4687 1321 4704 ·
1372 4671 1493 4725 ἐπεὶ
1522 4671 1578 4724 δέ
1612 4671 1876 4742 ἠφάνιστο
1903 4673 1936 4744 ἡ

366 4762 611 4832 βασιλεία
641 4760 737 4815 τοῦ
771 4761 976 4826 ἐθνους,
1019 4763 1115 4817 καὶ
1138 4765 1166 4817 6
1205 4762 1447 4832 ἐφεστὼς
1505 4764 1688 4827 αὐτοῖς
1735 4763 1939 4835 ἄρχων,

363 4853 604 4925 ὡσπερεὶ
636 4852 930 4926 πληρώσας
955 4854 1081 4918 τοὺς
1103 4855 1296 4909 ἑαυτοῦ
1329 4855 1573 4926 χρόνους,
1599 4855 1680 4918 εἰς
1712 4855 1805 4909 τὸν
1832 4853 1941 4908 τῶν

370 4948 574 5018 ὁμοίων
632 4946 783 5017 αὐτῷ
819 4947 992 5019 χῶρον
1028 4947 1495 5020 παρελαμϐάνετο,
1526 4949 1584 5002 ἐν
1605 4940 1650 5017 ᾧ
1677 4949 1942 5020 συνήντη-

367 5057 466 5094 σαν
485 5039 634 5111 αὐτῷ
655 5039 854 5104 πάντες
873 5040 923 5092 οἱ
956 5040 1196 5112 Ῥαφαῒμ
1225 5041 1566 5113 καλούμενοι,
1603 5040 1636 5111 ἢ
1670 5043 1719 5095 οἱ
1753 5042 1943 5110 γίγαν-

366 5147 487 5196 τες·
521 5125 671 5186 οὗτοι
695 5131 750 5185 δέ
785 5131 878 5186 καὶ
913 5130 1063 5184 αὐτοὶ
1099 5131 1355 5204 δυνάμεις
1401 5132 1505 5186 εἰσί
1545 5149 1708 5196 τινες,
1752 5133 1829 5198 αῖ,
1868 5132 1944 5196 ὡς

369 5225 532 5290 εἰκὸς,
560 5220 703 5297 ἦσαν
734 5225 934 5296 ἐτέρων
971 5223 1141 5278 ἐθνῶν
1175 5224 1314 5279 κατά
1357 5225 1581 5296 χρόνους
1628 5225 1729 5279 οὐκ
1769 5224 1945 5297 ὀρθῶς

367 5318 733 5389 ἠγησάμεναι.
755 5318 902 5389 Μήτι
922 5313 1018 5372 οὖν
1047 5317 1211 5382 αὐτὸς
1258 5311 1412 5381 οὗτος
1441 5320 1469 5372 6
1493 5317 1593 5388 τῆς
1629 5316 1945 5381 Βαϐυλῶνος

366 5405 552 5477 ἅρχων
580 5407 710 5460 ποτὲ
735 5406 994 5474 γεγονὼς,
1019 5407 1118 5478 τὴν
1142 5406 1332 5460 ἐαυτοῦ
1365 5409 1467 5479 γῆν
1486 5406 1776 5480 διέφθειρε,
1812 5407 1945 5471 Θεὸς

367 5499 497 5569 παρ’
525 5499 708 5562 αὐτοῖς
721 5497 1093 5570 νομιζόμενος,
1138 5497 1279 5552 οὕτω
1297 5497 1467 5552 δὲκαὶ
1491 5499 1581 5552 τὸν
1595 5499 1789 5553 ἐαυτοῦ
1817 5498 1946 5552 λαὸν

365 5591 681 5653 ἀπέκτεινε,
713 5591 807 5645 καὶ
835 5591 962 5656 τοὺς
991 5590 1184 5646 ἐαυτοῦ
1229 5592 1380 5656 υἱοὺς
1421 5595 1602 5662 σφαγῇ
1637 5592 1947 5665 παραδέδω-

366 5697 484 5742 κεν,
520 5681 601 5745 είς
621 5679 898 5734 ἀπώλειαν
933 5684 1042 5748 τοῖς
1077 5677 1164 5737 ὁπ’
1193 5680 1360 5736 αὐτοῦ
1389 5681 1734 5755 ἀρχομένοις,
1764 5683 1854 5736 διά
1883 5683 1946 5739 τὸ

367 5771 689 5844 νομισθῆναι
734 5772 863 5844 παρ’
907 5773 1090 5840 αὐτοῖς
1132 5773 1263 5838 Θεὸς
1306 5770 1442 5829 εἶναι
1473 5772 1742 5844 γεγονώς;
1791 5774 1852 5828 Ei
1900 5775 1944 5830 δ’

2045 4675 2284 4734 tempore
2310 4705 2326 4729 ,
2359 4665 2411 4719 in
2439 4665 2537 4720 sibi
2575 4662 2833 4718 similium
2872 4663 3046 4715 locum
3093 4666 3340 4723 receptus
3373 4662 3488 4717 est,
3525 4650 3615 4703 ubi

2042 4766 2398 4811 occurrerunt
2445 4757 2544 4826 ipsi
2591 4771 2782 4812 omnes
2851 4752 2943 4822 qui
3001 4758 3264 4804 vocantur
3321 4741 3613 4814 Rapitaim,

2043 4849 2160 4905 sive
2227 4849 2516 4919 gigantes:
2556 4848 2609 4904 lti
2660 4849 2825 4903 etiam
2876 4844 3110 4897 virtutes
3176 4840 3421 4908 quaedam
3487 4843 3614 4888 sunt

2043 4957 2198 5012 tutas,
2229 4951 2287 4996 ut
2310 4941 2534 4997 credere
2564 4949 2648 4996 est
2671 4980 2687 5006 ,
2719 4939 2841 4994 aliis
2863 4937 3146 5009 gentibus,
3176 4944 3325 4988 certo
3356 4927 3619 4996 temporis

2045 5031 2225 5099 spatio
2255 5045 2362 5086 non
2395 5041 2539 5086 recte
2580 5029 2932 5101 praefuerant.
2967 5023 3104 5079 Num
3149 5023 3311 5095 igitur
3346 5019 3434 5073 hic
3477 5017 3616 5088 ipse.

2045 5125 2173 5179 olim
2228 5122 2522 5196 Babylonis
2583 5124 2835 5195 princeps
2890 5131 3095 5176 terram
3131 5123 3304 5184 zsuam
3353 5111 3618 5179 corrupit,

2049 5215 2188 5271 Deus
2223 5233 2390 5286 penes
2415 5216 2540 5272 illos
2568 5215 2794 5286 populos
2822 5213 3193 5274 existimatus,
3222 5217 3386 5274 atque
3413 5205 3488 5260 ita
3522 5218 3620 5270 po-

2045 5309 2228 5378 puluttt
2249 5325 2405 5364 suum
2421 5308 2642 5372 occidit,
2665 5323 2730 5363 ac
2753 5307 2891 5362 filios
2905 5319 3033 5360 suos
3053 5301 3168 5357 neci
3188 5297 3441 5362 tradidit;
3460 5306 3622 5364 atque

2049 5405 2101 5458 in
2132 5404 2428 5474 perniciem
2461 5403 2678 5459 subdito
2712 5401 2812 5455 sibi
2843 5397 3041 5470 populo
3070 5398 3188 5464 fuit,
3220 5394 3345 5466 quia
3384 5391 3453 5445 ab
3487 5387 3621 5460 ipsis

2048 5503 2105 5549 ttt
2128 5493 2270 5548 Deus
2292 5493 2508 5549 itabitns
2539 5491 2757 5545 fuerat?
2785 5490 2936 5557 Quod
2958 5489 3002 5544 si
3041 5489 3154 5543 haec
3177 5487 3248 5542 ita
3275 5501 3334 5540 se
3355 5483 3620 5542 habeant,

2050 5595 2220 5642 restat
2244 5596 2299 5640 ut
2338 5594 2508 5639 totaut
2546 5583 2845 5653 prophetia}
2869 5583 3211 5643 sententiam,
3243 5592 3363 5648 quae
3401 5576 3468 5628 de
3513 5572 3617 5626 Ba-

2049 5678 2262 5750 bylonis
2311 5690 2434 5747 rege
2463 5676 2671 5746 prolata
2701 5684 2825 5743 est,
2864 5677 2917 5730 in
2950 5675 3094 5730 illam
3129 5671 3386 5725 virtutem
3414 5666 3586 5719 refers

2050 5787 2170 5828 mus
2207 5787 2219 5825 :
2253 5784 2373 5843 qua
2430 5770 2556 5842 quia
2613 5768 2705 5828 Dei
2759 5769 2986 5845 gloriam
3029 5766 3169 5840 apud
3207 5763 3308 5822 sibi
3348 5759 3624 5833 subditum.
