4068 6198
409 232 516 288 195

1078 224 1344 281 EUSEBII
1385 221 1861 280 CESARIENSIS
1898 220 2049 277 OPP.
2091 218 2271 275 PARS
2308 218 2397 274 Ill.
2437 248 2508 263 —
2545 216 2959 275 EXEGETICA.

3568 219 3668 274 l96

409 343 664 414 populum
700 349 883 405 nacta,
915 338 1084 394 altum
1119 339 1404 409 sapiebat,
1450 338 1573 408 jure
1619 337 1863 408 arguitur
1903 336 1972 390 Ιιίε

2088 332 2200 406 ἔχει
2227 333 2397 387 ταῦτα
2435 334 2629 398 οὕτως,
2672 334 2788 406 ὥρα
2824 335 2919 389 καὶ
2957 334 3135 388 πάντα
3178 333 3267 388 τὸν
3308 334 3408 405 τῆς
3453 350 3666 406 προφη-

408 436 705 504 Scriptura:
732 433 911 488 verbis
939 450 954 485 :

2081 427 2230 490 τείας
2259 427 2432 496 λόγον,
2463 426 2554 479 τὸν
2582 427 2709 498 περὶ
2739 425 2832 479 τοῦ
2858 425 3117 496 βασιλέως
3150 415 3469 488 Βαϐυλῶνος
3506 442 3670 496 προσ-

405 529 780 601 ενηνεγμένον,
838 529 916 591 είς
954 526 1167 599 ἐκείνην
1204 525 1494 596 ἀναφέρειν
1541 526 1639 597 τὴν
1687 524 1913 595 δύναμιν
1943 524 2123 594 "inte,
2160 522 2345 593 ἐπειδὴ
2397 521 2530 575 Θεοῦ
2563 521 2720 585 δόξαν
2795 520 2946 593 παρά
2999 524 3110 584 τοῖς
3171 519 3494 591 ἀρχομένοις
3535 534 3669 591 κτη-

407 620 613 692 σαμένη
667 621 807 691 μέγα
852 620 1169 691 ἐφρόνησεν,
1211 617 1435 681 είκότως
1482 615 1840 685 ἀπελέγχεται
1874 613 1978 668 ὐπὸ
1993 613 2084 666 τοῦ
2125 612 2427 682 φάσκοντος
2454 610 2611 680 λόγου
2635 627 2651 643 ο

478 717 637 770 Vens.
658 715 840 775 45,14.
868 713 976 767 «Tu
998 723 1175 767 autem
1198 714 1378 766 dixisti
1403 714 1453 764 in
1474 721 1651 764 mente
1670 721 1777 775 tua,
1798 711 1848 767 in
1866 726 1980 765 cos-

405 807 513 861 lum
545 806 851 870 ascendam,
872 817 921 859 et
957 821 1118 875 supra
1144 805 1325 859 stellas
1347 804 1467 857 caeli
1499 818 1695 872 ponam
1727 803 1978 857 thronum

406 914 582 953 meum
616 914 632 951 :
676 907 729 951 et
757 897 945 951 similis
980 912 1075 949 ero
1105 896 1422 961 Altissimo;
1470 914 1488 947 ι
1530 908 1583 951 et
1611 908 1806 951 caetera
1840 912 1979 965 quo-

406 1005 509 1059 que
535 990 659 1043 huic
694 989 1082 1058 interpretandi
1114 987 1307 1041 rationi
1341 984 1651 1055 aptaveris;
1693 998 1979 1058 postquam

405 1082 459 1137 in
484 1081 644 1135 obvio
672 1096 861 1143 sensu,
895 1095 1013 1149 qua:
1044 1080 1095 1133 iu
1139 1079 1421 1150 prophetia
1467 1080 1778 1134 indicantur
1807 1080 1981 1135 sensi-

405 1172 500 1226 bili
532 1172 641 1242 regi
675 1171 1052 1241 applicaveris.

504 1352 665 1407 Vnus.
711 1353 921 1416 25,95.
977 1372 993 1405 ι
1053 1354 1181 1409 Ηιιιο
1214 1353 1345 1408 dicit
1397 1352 1658 1410 Dominus
1712 1352 1975 1415 Sabaoth,

409 1445 872 1510 Quemadmodum
922 1445 1066 1511 dixi,
1120 1448 1191 1499 ita
1232 1446 1337 1500 erit
1370 1462 1385 1498 :
1420 1456 1472 1501 et
1522 1445 1978 1514 quemadmodum

405 1536 743 1605 deliberavi,
800 1538 872 1590 ita
924 1538 1159 1591 manebit
1194 1554 1206 1589 :
1240 1549 1299 1589 ut
1350 1538 1565 1607 perdam
1610 1536 1868 1606 Assyrios
1926 1536 1977 1589 in

406 1639 549 1683 terra
579 1645 695 1683 mea
727 1639 781 1683 et
809 1630 858 1683 in
890 1629 1164 1685 montibus
1199 1631 1354 1686 meis.
1393 1630 1458 1684 Et
1489 1640 1651 1684 erunt
1681 1631 1732 1683 in
1764 1628 1981 1689 concul-

408 1725 713 1789 cationem,
745 1732 799 1778 et
837 1722 1116 1776 auferetur
1155 1723 1222 1777 ab
1267 1724 1346 1777 eis
1377 1722 1564 1793 jugum
1612 1722 1873 1792 ipsorum,
1927 1733 1981 1778 et

405 1813 573 1891 gloria
603 1828 790 1867 eorum
818 1813 886 1865 ab
916 1812 1157 1866 humeris
1184 1812 1420 1881 ipsorum
1451 1803 1743 1868 auferetur.
1784 1834 1802 1866 ι
1844 1814 1977 1869 Cum

409 1902 561 1969 dicit,
600 1921 619 1954 ι
656 1902 725 1957 Ut
760 1902 977 1972 perdam
1003 1906 1326 1973 Assyriosin
1356 1914 1495 1958 terra
1518 1922 1633 1960 mea
1663 1908 1789 1974 et,in
1821 1924 1971 1962 mon-

2161 728 2178 759 ι
2208 709 2279 761 Σὺ
2309 708 2364 761 δὲ
2398 702 2557 771 εἶπας
2588 707 2646 759 ὲν
2675 708 2743 776 τῇ
2781 705 2989 777 διανοιᾳ.
3025 722 3119 758 σου
3140 722 3153 735 ·
3192 706 3288 768 Εἰς
3318 705 3408 758 τὸν
3440 702 3671 776 οὐρανὸν

2083 800 2445 871 ἀναϐήσομαι,
2500 800 2594 853 καὶ⁸
2639 799 2824 852 ὲπάνω
2876 797 2984 851 τῶν
3037 799 3252 869 ἄστρων
3298 797 3393 851 τοῦ
3436 796 3671 869 οὐρανοῦ

2083 874 2247 966 θήσω
2270 893 2361 945 τὸν
2410 893 2596 964 θρόνον
2628 909 2751 963 μου,
2792 892 2888 944 καὶ
2919 890 3111 961 ἔσομαι
3143 892 3328 962 ὅμοιος
3374 890 3452 961 τῷ
3510 890 3668 958 Ὑψί-

2086 1000 2223 1052 στῳ’
2268 1002 2285 1035 ι
2335 982 2431 1036 καὶ
2463 982 2531 1035 τὰ
2551 980 2714 1035 λοιπά
2746 982 2803 1035 δὲ
2838 982 2985 1052 αὐτῷ
3012 983 3341 1053 ὲφαρμόσεις
3363 983 3439 1053 τῷ
3474 983 3669 1035 ἀποδο-

2084 1075 2227 1130 θέντι
2264 1076 2427 1148 λόγῳ,
2462 1076 2600 1148 μετά
2648 1076 2741 1129 τοῦ
2781 1077 2876 1131 καὶ
2917 1075 2994 1147 τῷ
3041 1074 3347 1147 προχείρως
3396 1073 3670 1144 νοουμένῳ

2081 1168 2323 1241 αἰσθητῷ
2359 1168 2568 1239 βασιλεῖ
2603 1166 2671 1222 τά
2707 1168 2794 1223 διά
2853 1168 2952 1239 τῆς
2987 1166 3322 1240 προφητείας
3370 1164 3669 1237 δηλούμενα

2080 1262 2536 1333 προσαρμόττειν.

2159 1372 2175 1405 ι
2218 1354 2357 1407 Τάδε
2387 1353 2535 1422 λέγει
2569 1352 2774 1424 Κύριος
2807 1350 3058 1405 Σαϐαώθο
3095 1352 3191 1405 Ὃν
3217 1350 3416 1423 τρόπον
3450 1350 3668 1422 εἴρηκα,

2081 1445 2251 1510 οὐτως
2294 1447 2479 1500 ἔσται·
2534 1446 2630 1499 καὶ
2689 1445 2747 1499 ὃν
2806 1445 3006 1516 τρόπον
3056 1443 3450 1515 βεϐούλευμαι,
3496 1442 3671 1508 οὓτως

2085 1541 2265 1610 μενεῖο
2306 1536 2402 1591 τοῦ
2454 1537 2717 1591 ἀπολέσαι
2762 1537 2890 1600 τούς
2932 1534 3247 1605 Ἀσσυρίους
3290 1535 3383 1586 ἐπὶ
3433 1533 3531 1604 τῆς
3566 1533 3670 1605 γῆς

2079 1630 2176 1700 τῆς
2212 1631 2371 1700 ὲμῆς,
2411 1628 2505 1682 καὶ
2528 1629 2620 1680 ὲπὶ
2656 1627 2764 1681 τῶν
2802 1626 2973 1699 ὀρέων
3018 1644 3137 1698 μου.
3180 1625 3291 1678 Καὶ
3329 1626 3541 1678 ἔσονται
3588 1626 3669 1688 εἰς

2080 1721 2475 1792 κατάπάτημα,
2508 1719 2601 1773 καὶ
2626 1718 3056 1790 ἀφαιρεθήσεται
3094 1718 3189 1770 ἀπ’
3226 1716 3404 1771 αὐτῶν
3446 1718 3474 1769 6
3507 1714 3668 1783 ζυγὸς

2081 1813 2412 1879 αὐτῶν,.καὶ
2458 1812 2517 1865 τὸ
2558 1810 2718 1875 κῦδος
2760 1809 2937 1863 αὐτῶν
2982 1809 3089 1863 ἀπὸ
3126 1808 3235 1861 τῶν
3279 1809 3444 1879 ῶμων
3488 1808 3665 1861 αὐτῶν

2081 1903 2529 1976 ἀφαιρεθήσεται.
2565 1923 2583 1955 ι
2615 1902 2797 1957 Είπών
2829 1919 2892 1971 γε
2920 1902 3047 1973 μὴν,
3077 1921 3094 1954 ι
3146 1900 3435 1954 Ἀπολέσαι
3471 1901 3666 1953 Ἀσσυ-

406 1992 547 2046 tibus
603 1994 766 2055 meis,
809 2012 827 2044 ι
874 1993 1028 2046 docet
1067 1993 1489 2064 Babyloniorum
1559 1998 1872 2067 regionem,
1924 2009 1972 2054 et

2081 1996 2229 2065 ρίους
2257 1996 2347 2048 ἐπὶ
2379 1998 2477 2067 τῆς
2504 1997 2607 2066 γῆς
2635 1997 2732 2065 τῆς
2774 1997 2934 2065 ὲμῆς,
2969 1994 3063 2046 καὶ
3096 1993 3188 2047 ἐπὶ
3214 1991 3321 2045 τῶν
3353 1991 3525 2064 ὀρέων
3555 1993 3666 2045 τῶν

402 2079 518 2147 ejus
545 2091 753 2136 montes
786 2096 888 2134 non
917 2081 1124 2135 alienos
1156 2084 1256 2136 sibi
1293 2098 1412 2137 esse
1446 2100 1459 2137 :
1504 2102 1627 2140 nam
1652 2127 1668 2151 ,
1704 2106 1723 2138 ι
1756 2089 1968 2143 Domini

401 2181 485 2225 est
512 2162 677 2234 terra,
703 2182 754 2225 et
791 2172 1064 2239 plenitudo
1094 2174 1262 2242 ejus.»
1285 2175 1353 2242 7⁵·
1376 2175 1543 2229 Erunt
1569 2193 1718 2247 ergo.
1746 2180 1841 2241 ait,
1868 2180 1971 2234 As-

402 2264 531 2334 syrii
563 2265 612 2317 in
638 2264 1125 2328 Conculcationem,
1152 2266 1354 2319 subditi
1381 2266 1468 2329 iis,
1504 2270 1595 2336 qui
1628 2285 1721 2323 eos
1750 2286 1972 2339 supera-

405 2355 506 2407 turi
532 2365 682 2409 sunt.
735 2355 1030 2410 Auferetur
1085 2340 1265 2411 autem
1313 2356 1540 2426 jugum,
1595 2363 1735 2429 quod
1791 2372 1972 2417 stante

402 2443 629 2513 imperio
691 2462 812 2511 suo,
865 2447 1095 2502 subditis
1143 2448 1526 2517 imponehaut;
1568 2452 1755 2521 jugum
1826 2464 1973 2509 certe

399 2549 565 2604 grave
597 2553 661 2590 ac
686 2537 878 2590 durum
913 2535 1018 2590 illis
1082 2554 1096 2590 :
1147 2547 1199 2590 et
1247 2537 1415 2607 gloria
1471 2540 1585 2594 sive
1635 2543 1797 2595 decus
1843 2542 1971 2595 olim

403 2628 642 2683 humeris
674 2627 912 2696 ipsorum
948 2628 1263 2697 impositum
1293 2668 1308 2691 ,
1351 2627 1648 2687 auferetur.
1697 2632 1971 2698 Quemad-

401 2720 618 2774 modum
671 2720 815 2773 enim
867 2720 930 2773 de
975 2720 1268 2774 Servatore
1328 2720 1529 2775 dictum
1582 2730 1710 2786 est,
1743 2742 1761 2773 ι
1808 2723 1974 2792 Cujus

401 2811 736 2883 principatus
754 2828 915 2881 super
938 2811 1219 2865 humerum
1238 2813 1350 2881 ejus
1374 2813 1497 2881 7"“;
1525 2832 1544 2866 ι
1576 2815 1656 2869 sic
1669 2824 1724 2869 et
1747 2815 1977 2871 hocloco

401 2902 573 2971 gloria
602 2902 950 2973 Assyriorum
982 2914 1149 2969 super
1176 2901 1436 2955 humeros
1471 2902 1733 2970 ipsorum,
1777 2905 1980 2960 dicitur

400 3007 573 3046 esse:
629 3008 790 3061 quam
858 2990 1207 3046 auferendam
1265 3007 1384 3047 esse
1442 3008 1622 3049 sermo
1664 2996 1981 3051 intermina-

402 3091 508 3134 tur.

2079 2087 2248 2157 ἐμῶν,
2292 2106 2311 2138 ι
2337 2087 2595 2150 διδάσκει,
2626 2087 2701 2148 ὡς
2724 2086 2815 2139 καὶ
2842 2089 2874 2156 ἡ
2910 2084 3266 2139 Βαϐυλωνίων
3304 2083 3475 2155 χώρα,
3506 2084 3574 2137 τά
3608 2102 3667 2137 τε

2078 2180 2164 2230 ἐπ’
2196 2178 2363 2249 αὐτῆς
2395 2178 2493 2250 ὅρη
2542 2179 2644 2231 οὐκ
2684 2173 2752 2248 ἧν
2797 2176 3051 2247 ἀλλότρια
3093 2174 3289 2229 αὐτοῦ·
3348 2195 3365 2226 ι
3404 2174 3508 2227 Τοῦ
3560 2174 3669 2247 γὰρ

2076 2270 2281 2342 Κυρίου
2334 2272 2367 2340 ἡ
2408 2272 2477 2340 γῆ
2540 2269 2636 2322 καὶ
2676 2269 2739 2322 τὸ
2784 2268 3054 2340 πλήρωμα
3127 2268 3316 2337 αὐτῆς.
3356 2286 3372 2317 ι
3413 2268 3667 2321 Ἔσονται

2079 2362 2258 2416 τοίνυν
2277 2363 2327 2415 οί
2369 2362 2675 2434 Ἀσσύριοι,
2708 2361 2895 2431 φησὶν,
2934 2363 3014 2423 είς
3042 2360 3435 2429 καταπάτημα,
3456 2357 3653 2428 ὑποχεῖς

2082 2471 2186 2525 ριοι
2220 2454 2499 2523 γενόμενοι
2534 2456 2645 2517 τοῖς
2688 2453 2825 2526 μετά
2868 2452 3043 2505 ταῦτα
3091 2452 3269 2506 αὐτῶν
3303 2452 3666 2521 κρατήσασιν.

2091 2543 2544 2615 Ἀφαιρεθήσεται
2565 2543 2621 2596 δὲ
2649 2545 2741 2596 καὶ
2772 2543 2801 2595 6
2843 2544 3025 2612 ζυγὸς,
3062 2542 3119 2595 ὃν
3154 2543 3241 2594 ὅτε
3263 2542 3522 2610 ἐκράτουν
3558 2543 3667 2603 τοῖς

2080 2634 2171 2687 ὐπ’
2216 2635 2394 2687 αὐτῶν
2443 2635 2767 2707 ἀρχομένοις
2816 2637 3097 2706 ὲπήρτων,
3145 2632 3310 2700 ζυγὸν
3360 2629 3528 2701 βαρὺν
3574 2632 3667 2684 καὶ

2079 2725 2483 2779 δυσϐάστακτον
2510 2724 2915 2798 ἀπαιωροῦντες
2945 2726 3129 2788 αὐτοῖς
3148 2740 3161 2755 ⁸
3205 2725 3301 2779 καὶ
3329 2728 3392 2781 τὸ
3429 2724 3587 2786 κυδος
3613 2722 3667 2775 δὲ

2082 2816 2282 2881 αὐτῶν,
2323 2817 2459 2889 ὅπερ
2491 2817 2697 2888 ἐστὶνὴ
2737 2816 2883 2883 δόξα,
2928 2814 3378 2886 ἀφαιρεθήσεται,
3429 2813 3461 2882 ὴ
3506 2810 3667 2866 πάλαι

2081 2912 2193 2974 τοῖς
2222 2908 2391 2981 ὤμοις
2420 2910 2599 2964 αὐτῶν
2627 2911 2974 2981 ἐπικειμένη.
3032 2910 3120 2972 Ὠς
3151 2906 3259 2978 γὰρ
3293 2908 3384 2959 ἐπὶ
3415 2904 3510 2959 τοῦ
3551 2906 3665 2958 Σω-

2083 3002 2247 3071 τῆρος
2273 2999 2542 3065 λέλεκται,
2583 3019 2600 3051 ι
2635 2993 2709 3054 Οὐ
2740 3003 2772 3071 ὴ
2801 3001 2943 3071 ἀρχὴ
2976 3000 3068 3052 ἐπὶ
3097 2998 3191 3051 τοῦ
3235 2998 3383 3067 ῶμου
3418 2994 3604 3060 αὐτοῦ,
3643 3014 3662 3046 ι

2085 3089 2258 3154 οὕτως
2308 3091 2544 3145 ἐνταῦθα
2588 3090 2652 3144 τὸ
2697 3091 2854 3154 κῦδος
2906 3090 3012 3143 τῶν
3070 3088 3364 3159 Ἀσσυρίων
3422 3089 3516 3141 ἐπὶ
3560 3087 3667 3140 τῶν

403 3165 568 3241 ὤμων
604 3170 781 3224 αὐτῶν
813 3170 1046 3243 εἴρηται’
1086 3174 1222 3244 ὅπερ
1238 3172 1700 3244 ἀφαιρεθήσεσθαι
1735 3176 1916 3229 αὐτῶν
1955 3181 1983 3232 6
2015 3179 2174 3250 λόγος
2202 3182 2433 3237 ἀπειλεῖ.

471 3259 633 3317 Vsus.
654 3261 746 3323 26,
776 3262 868 3318 27.
908 3280 925 3311 ι
964 3261 1074 3316 lloc
1102 3261 1486 3316 estconsilium
1523 3265 1664 3331 quod
1700 3266 1843 3333 cepit
1872 3267 1972 3321 Do-

2161 3288 2179 3320 ι
2209 3268 2355 3341 Αὕτη
2389 3270 2608 3342 ἡβουλὴ
2649 3272 2714 3342 ἢν
2747 3269 3092 3341 βεϐούλευται
3142 3268 3347 3340 Κύριος
3390 3267 3483 3320 ἐπὶ
3538 3267 3666 3338 ὃλην

401 3352 584 3406 minus
626 3369 789 3423 super
818 3368 1034 3408 omnem
1066 3364 1265 3408 terram
1295 3372 1308 3408 :
1337 3365 1392 3408 et
1422 3355 1538 3408 haec
1564 3365 1646 3409 est
1672 3372 1862 3411 manus
1879 3373 1976 3412 cx-

400 3441 542 3497 celsa
583 3458 742 3510 super
767 3458 954 3497 omnes
981 3455 1186 3514 gentes.
1229 3445 1358 3511 Qua:
1389 3446 1531 3498 enim
1580 3446 1721 3501 Deus
1761 3456 1978 3503 sanctus

400 3533 638 3589 decrevit
660 3575 674 3597 ,
707 3536 826 3604 quis
860 3536 1185 3607 dissipabit?
1226 3537 1287 3591 Et
1318 3550 1532 3592 manum
1559 3537 1674 3608 ejus
1707 3540 1975 3595 excelsam

400 3628 523 3696 quis
554 3630 804 3683 avertet?
837 3648 854 3680 ι
893 3629 944 3683 ld
973 3639 1080 3692 est,
1121 3629 1278 3698 quale
1300 3627 1564 3696 judicium
1591 3630 1663 3707 de
1680 3630 1972 3702 Babylone,

399 3728 455 3774 et
484 3723 550 3775 de
580 3720 694 3790 ejus
724 3721 1118 3775 habitatoribus
1145 3720 1308 3772 latum
1366 3730 1489 3784 est,
1542 3720 1647 3774 tale
1703 3722 1864 3774 etiam
1912 3722 1976 3775 de

400 3815 529 3867 vi'ris
564 3815 813 3867 omnibus
840 3813 1012 3867 atheis
1041 3823 1093 3866 et
1132 3812 1345 3880 impiis,
1377 3813 1467 3881 qui
1503 3812 1686 3865 orbem
1726 3814 1975 3868 obtinue-

400 3911 562 3967 runt,
594 3901 822 3955 feretur.
870 3900 1001 3955 Nam
1050 3902 1347 3955 secundum
1392 3902 1667 3971 aequitatis
1712 3902 1971 3956 rationem

399 3993 547 4062 paria
580 3993 872 4063 patientur,
901 3992 989 4061 qui
1022 3992 1073 4046 in
1108 3992 1311 4046 similes
1343 3993 1645 4062 impietates
1694 3992 1825 4061 lapsi
1858 3991 1973 4046 lue-

404 4086 529 4139 rint.
575 4083 674 4138 Ubi
708 4082 1169 4149 subintelligamus
1203 4091 1449 4153 oportet,
1481 4092 1670 4153 gentes
1699 4084 1876 4138 atheis
1907 4092 1963 4137 et

399 4177 577 4245 impiis
604 4176 911 4231 hominibus
951 4176 1176 4230 refertas
1206 4196 1218 4229 :
1252 4191 1357 4230 non
1387 4177 1530 4230 enim
1563 4177 1676 4231 haec
1704 4176 1824 4229 sine
1857 4176 1964 4230 ullo

2081 3362 2179 3433 τὴν
2205 3363 2547 3435 οἰκουμένην,
2584 3364 2679 3416 καὶ
2699 3361 2837 3433 α’ύτη
2868 3364 2902 3432 ὴ
2928 3362 3049 3433 χεὶρ
3081 3362 3114 3431 ἡ
3149 3360 3327 3431 ὑψηλὴ
3361 3359 3452 3410 ἐπὶ
3489 3359 3664 3412 πάντα

2078 3454 2149 3507 τὰ
2180 3454 2328 3525 ἔθνη.
2372 3457 2439 3507 Ἀ
2488 3456 2597 3527 γὰρ
2642 3456 2670 3508 6
2712 3454 2844 3518 Θεὸς
2889 3455 2917 3506 6
2962 3453 3115 3520 ἆγιος
3161 3451 3530 3522 βεϐούλευται,
3581 3451 3664 3513 τίς

2077 3541 2453 3607 διασκεδάσει;
2499 3544 2593 3596 καὶ
2625 3546 2723 3615 τὴν
2762 3546 2922 3614 χεῖρα
2969 3542 3136 3595 αὐτοῦ
3187 3542 3285 3613 τὴν
3330 3540 3539 3612 ὑψηλὴν
3581 3540 3665 3603 τίς

2077 3633 2444 3703 ἀποστρέψεις
2490 3652 2508 3683 ι
2550 3635 2621 3686 Ἢ
2666 3634 2761 3687 καὶ
2785 3634 2866 3685 ὅτι
2897 3631 3054 3686 ὁποία
3075 3632 3432 3701 ,ἐξενήνεκται
3484 3629 3665 3701 κρίσις

2039 3724 2205 3803 ,περὶ
2251 3726 2350 3794 τῆς
2398 3721 2735 3787 Βαϐυλῶνος,
2790 3723 2885 3775 καὶ
2927 3724 3036 3776 τῶν
3080 3721 3287 3792 ταύτης
3340 3722 3665 3791 οἰκητόρων,

2074 3813 2293 3885 τοιαύτη
2316 3831 2400 3877 τις
2429 3813 2583 3867 ἔσται
2623 3813 2720 3866 καὶ
2746 3816 2779 3885 ἡ
2819 3814 2947 3886 περὶ
2971 3813 3188 3867 πάντων
3220 3812 3327 3866 τῶν
3358 3814 3455 3881 τῆς
3490 3812 3667 3863 οίκου-

2079 3907 2245 3977 μένης
2275 3905 2665 3978 κρατησάντων
2687 3904 2863 3959 ἀθέων
2884 3906 2978 3958 καὶ
2999 3906 3213 3959 ἀσεϐῶν
3254 3902 3464 3974 ἀνδρῶν
3484 3920 3497 3931 ·
3526 3902 3666 3955 κατά

2075 3996 2183 4068 γὰρ
2211 3997 2298 4050 τὸν
2325 3995 2419 4049 τοῦ
2440 3996 2645 4050 δικαίου
2690 3993 2846 4064 λόγον
2880 3996 3159 4067 παρόμοια
3193 3996 3479 4048 πείσονται
3517 3995 3565 4046 οί
3596 3993 3666 4046 τά

2074 4088 2235 4157 ὅμοια
2279 4086 2745 4158 δυσσεϐήσαντεςο
2784 4085 3287 4157 προσεπινοούντων
3325 4086 3480 4155 ἡμῶν
3510 4083 3661 4153 ἔθνη,

2072 4179 2139 4231 τὰ
2172 4178 2279 4231 τῶν
2300 4178 2477 4231 ἀθέων
2501 4178 2595 4231 καὶ
2624 4176 2838 4230 ἀσεϐῶν
2878 4176 3118 4248 ἀνδρῶν·
3173 4176 3234 4228 οὐ
3274 4176 3379 4245 γὰρ
3425 4175 3665 4246 ἀκρίτως

398 4262 730 4329 discrimine,
763 4264 827 4316 de
858 4264 961 4331 piis
992 4274 1044 4316 et
1080 4265 1187 4318 Deo
1216 4266 1444 4319 addictis
1472 4266 1626 4330 viris,
1654 4267 1970 4336 accipienda

2079 4269 2242 4322 ταῦτα
2282 4268 2424 4323 κατὰ
2452 4268 2558 4320 τῶν
2589 4265 2827 4319 εὐσεϐῶν
2868 4266 2961 4318 καὶ
3013 4265 3121 4319 τῶν
3161 4266 3240 4337 τῷ
3283 4266 3401 4335 Θεῷ
3441 4268 3661 4319 ἀνακει-

398 4363 541 4406 sunt.
571 4354 688 4420 Quo
722 4355 885 4424 igitur
925 4354 1082 4407 modo
1112 4370 1269 4408 orsus
1290 4365 1406 4419 est,
1445 4358 1632 4411 eodem
1688 4366 1741 4411 et
1788 4358 1968 4424 desiit,

2079 4359 2250 4430 μένων
2295 4357 2610 4428 ἐκδέχεσθαι
2659 4358 2953 4428 προσήκει.
3030 4356 3245 4429 Ὥσπερ
3304 4353 3398 4411 οὖν
3436 4357 3660 4429 ἤρξατο,

400 4444 702 4500 universale
722 4446 813 4500 Dei
851 4445 916 4500 de
938 4444 1187 4499 oumibus
1213 4444 1493 4501 ferendum
1513 4451 1775 4519 judicium
1816 4466 1967 4505 com—

2079 4451 2256 4503 τοῦτον
2287 4451 2380 4504 καὶ
2412 4449 2722 4502 συνετέλεσε
2754 4448 2844 4500 τὸν
2884 4448 3085 4521 τρόπον
3120 4449 3222 4519 τῆς
3261 4450 3403 4504 κατὰ
3444 4449 3662 4503 πάντων

402 4550 709 4592 memorans
735 4579 751 4604 ,
782 4545 839 4590 ut
886 4552 1074 4592 onmes
1113 4540 1203 4609 qui
1235 4538 1573 4610 Scripturam
1606 4542 1866 4613 legerint,
1901 4545 1965 4598 ad

2079 4540 2363 4611 καθολικῆς
2410 4539 2503 4592 τοῦ
2542 4538 2678 4591 Θεοῦ
2730 4537 2964 4609 κρίσεως
3007 4538 3322 4608 ἀναγκαίως
3358 4540 3661 4610 μνημονεύ-

397 4628 801 4681 conversionem
838 4629 1054 4685 invitet.

2079 4650 2200 4696 σας·
2227 4632 2366 4685 ὥστε
2400 4630 2724 4702 ἐπιστρέψαι
2754 4629 2964 4693 πάντας
2985 4631 3112 4694 τοὺς
3137 4630 3560 4701 ἐντυγχάνοντας
3592 4632 3657 4702 τῇ

469 4808 631 4866 Vens.
660 4808 753 4874 28,
785 4811 855 4866 29
936 4829 952 4864 ι
996 4811 1050 4866 lu
1100 4826 1242 4866 anno
1287 4827 1395 4881 quo
1444 4822 1689 4868 mortuus
1737 4822 1818 4867 est
1876 4828 1971 4868 rex

396 4899 575 4955 Achaz
598 4942 614 4967 ,
638 4900 838 4956 factum
866 4911 949 4956 est
975 4903 1192 4957 verbum
1226 4904 1401 4957 istud:
1435 4902 1509 4958 Ne
1539 4904 1813 4970 laetemini,
1837 4904 1968 4959 alie-

397 4990 607 5057 nigena:
634 5008 843 5057 omnes,
873 4995 1163 5048 contritum
1213 5004 1299 5049 est
1349 4996 1492 5048 enim
1538 4993 1730 5065 jugum
1774 5011 1968 5063 percu-

401 5081 580 5133 tientis
602 5098 696 5137 vos
728 5101 743 5139 :
781 5101 902 5139 nam
936 5099 999 5138 ex
1030 5085 1236 5138 semine
1286 5095 1601 5155 serpentum
1659 5088 1969 5156 egredietur

398 5170 575 5239 proles
601 5176 818 5239 aspidis,
848 5187 901 5231 et
932 5176 1022 5230 lilii
1053 5192 1241 5230 eorum
1285 5178 1635 5245 egredientur
1687 5189 1969 5242 serpentes

398 5261 663 5315 volantes.
708 5280 725 5313 ι
772 5264 967 5320 Laetari
1002 5267 1154 5320 vobis
1189 5267 1425 5320 nomium
1454 5268 1823 5336 permittitur,
1864 5269 1966 5324 etsi

400 5362 612 5407 mortuo
643 5368 766 5422 rege
792 5355 992 5424 impio,
1043 5361 1108 5415 de
1155 5376 1265 5430 quo
1312 5359 1442 5413 olim
1492 5359 1832 5430 gaudebatis,
1878 5362 1967 5429 pio

400 5454 579 5499 autem
635 5444 753 5499 viro
798 5448 1079 5515 imperium
1128 5452 1477 5520 suscipiente,
1517 5453 1655 5508 utin
1686 5451 1967 5521 Paralipo-

399 5551 592 5590 menon
617 5535 656 5589 ll
684 5537 817 5590 libro
853 5538 918 5594 de
945 5538 1172 5598 Ezecltia
1197 5543 1508 5597 declaratur
1530 5581 1546 5607 ,
1593 5554 1649 5598 et
1677 5543 1729 5597 in
1770 5554 1964 5612 quarto

397 5621 724 5691 Regnorum.
754 5626 1213 5693 Quemadmodum
1247 5632 1388 5685 enim
1420 5632 1521 5688 sub
1549 5632 1715 5704 impio
1756 5632 1936 5689 Acha:

470 5741 530 5772 ⁸⁸·
571 5739 715 5796 Psal.
738 5757 888 5809 mn,
924 5742 974 5796 l.
1047 5743 1136 5774 ἠν
1168 5743 1289 5799 Isai.
1323 5759 1406 5815 Ix,
1437 5747 1506 5819 6.!

2075 4727 2116 4778 Γ
2123 4727 2289 4778 caui.

2123 4727 2318 4869 ρῗᾟοῦ
2355 4814 2506 4877 ἔτους
2542 4806 2603 4867 οὗ
2650 4812 2916 4868 ἀπέθανεν
2945 4815 2974 4867 6
3003 4813 3257 4884 βασιλεὺς
3307 4812 3492 4885 Ἀχὰζ,
3536 4815 3659 4883 ὲγε-

2074 4910 2211 4981 νήθη
2237 4908 2299 4961 τὸ
2326 4909 2476 4979 ῥῆμα
2502 4907 2688 4961 τοῦτο·
2717 4906 2809 4980 Μὴ
2832 4908 3249 4981 εὐφρανθείητε,
3290 4910 3343 4962 οἱ
3369 4908 3657 4978 ἀλλόφυλοι

2073 5004 2302 5064 πάντες·
2337 5000 2625 5073 συνετρίϐη
2655 5000 2764 5072 γάρ
2797 5003 2825 5054 ὁ
2858 5000 3023 5070 ζυγὸς
3067 5002 3160 5056 τοῦ
3204 5003 3454 5067 ποιέοντος
3489 5003 3653 5073 ὑμᾶς.

2075 5097 2139 5149 ὲκ
2169 5094 2277 5165 γὰρ
2315 5093 2625 5165 σπέρματος
2659 5092 2835 5162 ὄφεων
2871 5091 3213 5158 ἐξελεύσεται
3251 5096 3447 5164 ἔγγονα
3494 5095 3660 5164 ἀσπί-

2072 5186 2200 5248 δων,
2227 5184 2407 5239 καὶτὰ
2435 5184 2631 5253 ἔγγονα
2670 5184 2850 5239 αὐτῶν
2888 5184 3258 5252 ἐξελεύσονται
3310 5186 3460 5253 ὄφεις
3494 5186 3657 5239 πετό-

2076 5294 2245 5349 μενοι.
2283 5295 2301 5329 ι
2332 5276 2527 5329 Οὐκέτι
2566 5275 2786 5346 ἀφίεται
2819 5276 2948 5347 ὑμῖν
2990 5276 3393 5348 εὐφραίνεσθαι,
3421 5278 3655 5330 ιάποθα-

2072 5369 2252 5432 νόντος
2303 5368 2401 5439 μὲν
2431 5368 2525 5421 τοῦ
2573 5369 2803 5433 ἀσεϐοῦς
2853 5368 3115 5440 βασιλέως
3160 5369 3244 5438 ἐφ’
3293 5363 3338 5437 ᾧ
3380 5370 3440 5422 τὸ
3485 5370 3653 5424 πάλαι

2072 5461 2326 5533 ἐχάρητε,
2360 5460 2641 5524 θεοσεϐοῦς
2667 5462 2724 5515 δὲ
2762 5460 2955 5533 ἀνδρὸς
2995 5462 3091 5533 τὴν
3130 5462 3304 5534 ἀρχὴν
3337 5462 3655 5533 διαδεξαμέ-

2072 5566 2192 5604 νου·
2236 5552 2312 5614 ὡς
2362 5552 2420 5604 ὲν
2461 5554 2525 5623 τῇ
2572 5552 2802 5625 δευτέρᾳ
2855 5552 2964 5607 τῶν
3032 5554 3523 5627 Παραλειπομένων
3572 5554 3652 5625 τῷ

2084 5641 2298 5715 Ἐζεκίᾳ
2329 5641 2765 5715 μεμαρτύρηται,
2799 5644 2892 5697 καὶ
2920 5646 2977 5700 ὲν
3011 5645 3338 5728 τῇκτετάρτῃ
3357 5646 3463 5705 τῶν
3488 5646 3651 5703 Βασι-
