3976 6194
263 217 364 280 197

1212 230 1720 301 (ΣΟΜΜΕΝΤΑΒΙΑ
1760 238 1826 293 ΙΝ
1869 240 2124 305 ιεΑιΑιι.
2169 272 2233 285 -
2267 242 2421 302 CAP.
2464 246 2605 305 XIV.

3427 268 3531 325 {98

256 344 442 401 λειῶν.
472 347 691 420 Ὥσπερ
712 346 820 421 γὰρ
844 350 938 404 ἐπι
966 350 1063 405 τοῦ
1097 353 1329 418 ἀσεϐοῦς
1365 358 1549 429 Ἀχὰζ,
1593 360 1741 425 εἰκὸς
1778 358 1838 435 ἦν

1960 364 2243 435 allophylis
2288 368 2553 437 gaudendi
2603 377 2658 424 et
2708 370 2921 428 laetandi
2969 390 3132 431 causa
3181 379 3402 444 aderat,
3455 388 3527 440 ita

257 442 477 511 χαίρειν
510 441 605 495 καὶ
652 441 1040 513 εὐφραίνεσθαι
1094 445 1223 509 τοὺς
1272 449 1623 519 ἀλλοφύλους,
1676 454 1850 521 οὕτως

264 534 362 585 ἐπὶ
409 533 504 585 τοῦ
554 534 761 586 δικαίου
809 535 1002 607 ἀνδρὸς
1052 538 1146 591 τοῦ
1204 539 1467 607 Ἐζεκίου,
1509 546 1847 620 εὑκαίρωςή

266 625 575 694 προφητεία
624 626 1016 700 ἀποτεινομένη
1080 631 1217 702 πρὸς
1291 635 1489 701 αὐτούς
1554 656 1707 709 φησι’
1757 641 1848 713 Μὴ

266 717 679 787 εὑφρανθείητε,
714 718 1001 789 ἀλλόφυλοι
1021 738 1034 753 ’
1069 723 1235 778 πάλαι
1268 727 1365 797 μὲν
1400 730 1509 800 γὰρ
1538 734 1617 784 ἑτι
1645 732 1849 799 ζῶντος

265 807 363 860 τοῦ
401 808 583 878 Ἃχὰζ,
610 810 795 863 καὶτὰ
825 811 995 884 ἐχθρά
1026 814 1104 884 τῷ
1142 816 1261 888 Θεῷ
1307 821 1659 890 πράττοντος,
1702 827 1850 891 εἰκὸς

267 894 336 969 ἦν
361 900 499 970 ὑμᾶς
517 899 921 971 εὐφραίνεσθαι,
944 905 1129 977 ἐπειδὴ
1156 910 1534 982 συνετέτριπτο
1553 915 1645 967 τοῦ
1685 917 1849 987 Ἀχάζ

267 992 295 1042 ὁ
324 990 508 1057 ζυγὸς.
554 991 630 1051 ὡς
671 991 746 1062 μὴ
795 992 1054 1049 δύνασθαι
1095 998 1256 1052 αὑτὸν
1308 1001 1627 1058 ὑποτάττειν
1680 1009 1843 1078 ὑμᾶς,

268 1082 400 1152 μηδὲ
438 1084 530 1136 τὸν
572 1084 672 1155 τῆς
700 1087 876 1158 ἀρχῆς
918 1089 1081 1142 αὑτοῦ
1137 1093 1299 1160 ζυγὸν
1350 1097 1647 1153 ἐπιτιθέναι
1682 1103 1841 1173 ὑμῖνο

262 1176 447 1246 διόπερ
468 1177 799 1248 ἐπληθύνετο
818 1181 886 1234 τά
912 1200 979 1235 κα
990 1183 1059 1237 κά
1083 1186 1172 1237 καὶ
1198 1186 1386 1261 ὥσπερ
1409 1192 1634 1262 μηδενὸς
1662 1197 1847 1250 παίον-

260 1284 369 1331 τος,
400 1269 754 1340 ήὲρπυστική
782 1288 839 1323 τε
868 1274 961 1325 καὶ
994 1274 1195 1340 ἰοϐόλος
1242 1279 1351 1332 τῶν
1394 1282 1644 1354 πονηρῶν
1687 1304 1846 1339 πνευ-

263 1358 448 1429 μάτων
500 1358 728 1430 δύναμις
779 1362 1142 1433 ἐπληθύνετοο
1187 1370 1305 1422 νυνι
1341 1371 1396 1423 δὲ
1438 1358 1535 1444 τήν
1568 1375 1844 1444 βασιλείαν

258 1452 642 1523 διαδεξαμένου
669 1454 863 1527 ἀνδρὸς
887 1455 1193 1525 θεοσεϐοῦς,
1225 1463 1406 1518 οὑκέτι
1439 1467 1656 1537 χαίρετε
1686 1470 1761 1535 ὡς
1785 1472 1844 1525 τὸ

260 1543 423 1614 πρίν·
464 1545 731 1616 ἐφέστηκε
771 1546 880 1618 γάρ
908 1548 1035 1619 ὑμῖν
1070 1552 1099 1603 ὁ
1123 1553 1295 1607 παίων
1335 1558 1428 1610 καὶ
1468 1558 1708 1621 τύπτων,
1751 1564 1846 1616 καὶ

262 1637 611 1706 σωφρονίζων
658 1640 822 1709 ὑμᾶς.
877 1641 1211 1713 Ἐπληροῦτο
1250 1647 1307 1700 δὲ
1346 1651 1440 1703 καὶ
1481 1650 1656 1705 ταῦτα
1704 1656 1840 1726 πρὸς

1951 456 2049 508 sub
2074 455 2219 523 justo
2252 457 2369 511 viro
2398 458 2627 513 Ezecltia
2654 500 2669 525 ,
2715 475 3013 533 opportune
3058 466 3340 538 Scriptura
3382 473 3528 543 ipsos

1953 546 2233 616 alloquens
2291 549 2396 614 ait,
2471 551 2549 606 Ne
2624 553 2911 619 laetemini,
2973 557 3289 629 alienigena:
3335 579 3351 616 :
3396 565 3524 619 olim

1950 640 2148 709 quippe
2177 641 2396 695 Achazo
2430 645 2742 711 superstite,
2779 661 2842 701 ac
2889 662 3077 717 perosa
3124 651 3237 707 Deo
3288 652 3525 710 facinora

1950 732 2163 797 edente,
2193 748 2357 787 causa
2388 736 2541 790 vobis
2565 741 2826 805 gaudendi
2866 753 3017 808 erat,
3057 745 3179 811 quia
3229 748 3521 800 contritum

1948 830 2065 874 erat
2099 823 2542 894 Acbazijugum;
2577 829 2647 881 ita
2695 840 2752 883 ut
2805 847 2907 884 non
2963 846 3145 900 posset
3199 851 3298 891 vos
3356 839 3526 903 subji-

1950 925 2108 977 cere,
2157 927 2329 981 neque
2382 915 2591 984 imperii
2642 920 2724 971 sui
2765 919 2953 989 jugum
3010 923 3162 977 vobis
3190 924 3466 994 imponere
3506 945 3521 982 :

1948 1015 2280 1073 quapropter
2304 1006 2803 1077 multiplicabantur
2836 1012 2975 1066 mala
3000 1052 3014 1075 ,
3046 1029 3109 1069 ac
3130 1056 3145 1077 ,
3196 1027 3381 1085 utpote
3435 1035 3526 1074 ne-

1950 1093 2094 1148 mine
2127 1098 2494 1165 percutiente,
2526 1100 2795 1168 reptilium
2834 1112 2887 1155 et
2934 1115 3322 1162 venenatorum
3358 1109 3525 1178 spiri-

1951 1192 2100 1237 tuum
2139 1186 2494 1258 malignornm
2546 1193 2628 1245 vis
2675 1194 2989 1261 augebatur.
3039 1194 3156 1250 Jam
3212 1214 3340 1254 vero
3371 1212 3522 1269 post-

1948 1288 2109 1340 quam
2158 1276 2241 1329 vir
2292 1276 2579 1348 religiosus
2628 1296 2849 1350 regnum
2894 1291 3145 1355 excepit,
3180 1304 3245 1342 ne
3293 1292 3523 1361 amplius

1947 1365 2199 1420 laatetnini
2236 1379 2291 1423 ttt
2325 1380 2483 1424 antea
2521 1389 2534 1423 :
2570 1372 2895 1428 inslatenim
2929 1377 3081 1433 vobis
3127 1381 3218 1448 qui
3254 1384 3524 1449 percutiat

1946 1469 1998 1510 et
2036 1462 2322 1524 verberet,
2372 1476 2577 1531 vosque
2626 1465 2693 1517 ad
2740 1479 2927 1521 sanam
2992 1478 3226 1525 mentem
3278 1474 3520 1531 reducat.

1946 1546 2071 1603 Haec
2095 1566 2255 1619 porro
2287 1552 2353 1606 ad
2383 1552 2616 1609 litteram
2657 1558 2920 1627 completa
2962 1572 3089 1615 sunt
3132 1565 3235 1618 sub
3265 1563 3519 1632 Ezechia,

1946 1641 2011 1694 de
2045 1658 2150 1711 quo
2172 1644 2371 1700 dictum
2396 1659 2479 1702 est
2508 1648 2559 1702 in
2594 1648 2731 1703 libro
2759 1663 2952 1720 quarto
2977 1653 3312 1723 Regnorum,
3344 1676 3363 1709 ι
3395 1656 3517 1728 ipse

261 1726 408 1790 λέξιν
452 1728 544 1780 ἐπὶ
587 1728 679 1781 τοῦ
724 1728 984 1796 Ἐζεκίου,
1022 1736 1147 1805 περὶ
1182 1730 1243 1790 οὗ
1289 1737 1502 1809 εἴρηται
1537 1743 1595 1796 ὲν
1642 1748 1705 1815 τῇ
1751 1764 1838 1799 τε-

1946 1734 2207 1801 percussit
2251 1734 2547 1807 allopltylos
2570 1716 2856 1808 .usque—ad
2906 1716 3132 1809 Gazam,
3165 1754 3217 1799 et
3255 1716 3514 1816 usque-ad

263 1818 441 1890 τάρτῃ
467 1818 574 1872 τῶν
603 1820 923 1873 Βασιλειῶν·
971 1843 988 1873 t
1027 1826 1198 1890 Αὑτὸς
1240 1829 1479 1895 ἐπάταξε
1516 1835 1642 1897 τοὺς
1685 1836 1841 1890 ἀλλο-

265 1908 467 1971 Φύλους
490 1909 592 1973 ἕως
624 1910 821 1981 Γάζης,
855 1914 946 1966 καὶ
977 1915 1083 1979 ’έως
1112 1917 1275 1987 ὁρίων
1297 1920 1468 1991 αὐτῆς
1491 1924 1598 1977 ἀπὸ
1631 1926 1839 1998 πύργου

266 1997 649 2067 φυλασσόντων
673 2001 775 2066 ἕως
806 2005 1011 2069 πόλεως
1038 2009 1262 2079 ὀχυρᾶς.
1294 2030 1312 2062 ι
1344 2012 1452 2066 Καὶ
1483 2016 1684 2086 ταύτην
1711 2019 1754 2071 δ’
1774 2019 1841 2073 ἀν

270 2090 420 2174 σχοίη
452 2090 548 2163 τήν
576 2092 809 2147 διάνοιαν
836 2096 895 2149 τὸ
928 2099 1234 2168 εἰρημένον,
1263 2119 1281 2151 ι
1311 2103 1400 2174 Μὴ
1428 2105 1838 2180 εὐφρανθείητε,

262 2181 569 2250 ἀλλόφυλοι,
609 2204 627 2236 ι
665 2186 805 2255 μέγα
836 2189 1159 2259 φρονοῦντες
1188 2193 1280 2245 ἐπὶ
1312 2199 1425 2260 τοῖς
1467 2200 1840 2271 νομιζομένοις

259 2273 390 2344 ὑμῖν
420 2274 578 2339 θεοῖς,
621 2277 698 2348 τῷ
746 2280 959 2349 μηδένα
996 2278 1135 2336 εἶναι
1193 2284 1283 2337 τὸν
1311 2288 1662 2358 συντρίϐοντα
1696 2294 1840 2364 ὑμᾶς

253 2366 344 2420 διὰ
367 2381 465 2439 τήν
492 2368 585 2422 τοῦ
613 2371 883 2442 παρόντος
926 2374 1114 2445 καιροῦ
1154 2378 1470 2451 μοχθηρίαν.
1508 2383 1569 2436 Εἰ
1597 2385 1705 2456 γάρ
1744 2388 1839 2441 καὶ

256 2456 326 2509 τά
360 2459 595 2527 μάλιστα
639 2462 925 2535 συνετρίϐη
968 2467 995 2518 ὁ
1027 2466 1188 2535 ζυγὸς
1234 2469 1328 2522 τοῦ
1376 2473 1626 2539 παίοντος
1672 2479 1837 2549 ὑμᾶς,

254 2549 369 2602 ἀλλ’
393 2553 455 2605 οὑ
492 2555 631 2626 πρὸς
660 2556 814 2628 ὑμῶν
856 2558 1071 2626 ἐγένετο
1110 2560 1303 2625 ταῦτα,
1349 2556 1441 2618 ἐπὶ
1482 2569 1637 2638 κακῷ
1674 2570 1730 2625 δὲ
1762 2572 1839 2644 τῷ

257 2640 523 2715 ὑμετέρῳ.
563 2646 807 2717 Μηδενὸς
838 2648 947 2721 γὰρ
976 2651 1118 2721 ὑμᾶς
1158 2653 1428 2720 παίοντος,
1476 2658 1608 2730 μηδὲ
1645 2640 1838 2715 ταπειξ

256 2733 494 2799 νοῦντος,
533 2737 665 2808 μηδὲ
697 2740 1135 2811 ὲπιστρέςροντος,
1180 2744 1345 2816 πολλή
1379 2765 1463 2810 τις
1493 2751 1550 2801 ἐν
1580 2752 1716 2821 ,ὑμῖν
1743 2754 1837 2821 γέ-

256 2844 413 2895 γονεν
438 2830 692 2901 ὲπιτριϐὴ
722 2833 930 2895 κακῶν.
977 2836 1035 2887 Οἱ
1080 2837 1188 2907 γὰρ
1237 2838 1402 2892 πάλαι
1459 2840 1635 2910 ὄφεων
1678 2844 1837 2916 δίκην

258 2920 379 2982 ταῖς
424 2921 716 2993 ὑμετέραις
760 2924 957 2995 ψυχαῖς
1016 2927 1445 2997 ἐμφωλεύοντες,
1501 2932 1556 2985 ἔν
1617 2951 1675 2986 τε
1722 2940 1837 3000 τοῖς

261 3013 549 3084 ὑμετέροις
582 3018 748 3086 ἱεροῖς
770 3035 829 3070 τε
854 3021 947 3072 καὶ
977 3025 1143 3086 ναοῖς,
1175 3023 1250 3087 ὼς
1281 3024 1343 3096 δὴ
1368 3025 1497 3090 θεοὶ,
1528 3028 1839 3100 ἐφεδρεύον-
1864 3060 1906 3117 C

256 3119 353 3166 τες
376 3107 599 3177 πονηροὶ
626 3107 891 3178 δαίμονες,
927 3111 1103 3183 δεινὴν
1146 3114 1307 3186 γονὴν
1348 3118 1440 3169 καὶ
1486 3117 1707 3189 σπέρμα
1742 3138 1837 3173 πο-

259 3197 424 3267 νηρὸν
444 3199 777 3271 άπεκύησανο
810 3202 883 3266 ὡς
901 3206 1130 3270 ἀσπίδας
1150 3206 1209 3272 ἐξ
1232 3208 1409 3262 αὑτῶν
1443 3212 1752 3279 γεννᾶσθαι,
1776 3215 1838 3268 τὸ

260 3290 474 3344 πάντων
509 3291 615 3345 τῶν
639 3294 858 3349 ἰοϐόλων
885 3297 1157 3367 χείριστον
1179 3318 1191 3330 ·
1234 3302 1298 3355 ἐκ
1326 3301 1530 3358 τούτων
1562 3323 1620 3358 τε
1656 3307 1838 3360 αὑτῶν

256 3384 447 3447 ἄλλους
477 3388 772 3459 ὑποστῆναι
795 3390 947 3460 ὀφεις
960 3392 1047 3446 τὸν
1076 3393 1213 3467 ἀέρα
1232 3396 1413 3450 διιπτα
1422 3398 1633 3468 μένους.
1652 3401 1837 3457 Ταῦτα

258 3478 355 3546 μὲν
392 3474 486 3533 οὖν
511 3481 652 3534 κατὰ
672 3482 765 3535 τὸν
793 3484 1034 3554 παρόντα
1060 3489 1250 3558 καιρὸν
1289 3490 1350 3542 οὑ
1390 3494 1521 3563 παρ’
1559 3493 1686 3563 ὑμῖν
1737 3495 1834 3564 μό-

253 3585 364 3631 νοις
384 3572 494 3632 τοῖς
514 3571 849 3642 ἀλλοφύλοις,
894 3576 990 3648 ήδη
1028 3578 1083 3630 δὲ
1119 3580 1211 3632 καὶ
1243 3583 1368 3654 παρ’
1401 3584 1548 3655 αὑτῷ
1590 3585 1667 3657 τῷ
1702 3605 1838 3659 χρη-

262 3658 535 3727 ματίζοντι
564 3662 677 3733 λαῴ
707 3665 840 3719 Θεοῦ
872 3667 1100 3739 πληθύει
1127 3688 1138 3700 ·
1175 3671 1251 3735 ὡς
1284 3674 1459 3727 πάντα
1497 3678 1696 3748 τρόπον
1736 3696 1834 3731 πε-

260 3749 575 3820 πληρῶσθαι
611 3755 700 3808 τὸν
734 3758 892 3829 ἀέρα,
931 3760 1298 3833 διιπταμένων
1334 3765 1527 3834 ὄψεων.
1555 3770 1647 3823 καὶ
1675 3772 1835 3840 ἐκγό-

254 3856 363 3892 νων
386 3842 642 3909 ἀσπίδων,
689 3849 941 3921 πονηρῶν
971 3870 1129 3906 τινων
1163 3856 1258 3909 καὶ
1290 3856 1631 3927 λυμαντικῶν
1673 3880 1835 3916 πνευ-

258 3932 464 4001 μάτων.
503 3936 931 4010 Ἀναδειχθέντος
976 3943 1032 3996 δὲ
1077 3948 1218 4001 κατά
1266 3950 1454 4021 καιρὸν
1493 3951 1587 4005 τοῦ
1617 3954 1831 4007 πάντων

249 4021 457 4075 τούτων
486 4025 759 4097 ὀλετῆρος,
813 4032 1119 4101 οἰχήσονται
1164 4036 1258 4088 καὶ
1308 4038 1355 4088 oi
1407 4037 1579 4108 ὄφεις,
1638 4041 1730 4092 καὶ
1773 4043 1831 4094 αἱ

253 4115 479 4181 ἀσπίδες
519 4122 591 4173 τά
640 4138 699 4173 τε
746 4124 951 4176 τούτων
996 4128 1208 4200 πονηρά
1247 4129 1469 4199 ἔκγοναο
1513 4133 1588 4197 ὡς
1632 4135 1828 4205 μηκέτι

253 4209 496 4280 ἐνεργεῖν
529 4211 702 4267 ταῦτα
731 4215 788 4267 ἐν
819 4215 1147 4288 ἀνθρώποις.

331 4319 349 4350 t
385 4301 841 4375 Βοσκηθήσονται,
890 4327 909 4359 ι
948 4311 1055 4381 γάρ
1085 4328 1240 4381 φησι,
1272 4331 1288 4363 t
1319 4316 1522 4384 πτωχοὶ
1550 4315 1616 4369 δι’
1640 4316 1824 4371 αὑτοῦ*

252 4390 483 4462 πένητες
540 4394 595 4447 δὲ
652 4395 926 4469 ἄνθρωποι
972 4402 1058 4452 ἐπ’
1114 4404 1333 4474 εἰρήνης
1385 4404 1825 4460 ἀναπαύσονται⁸
1867 4408 1905 4461 D
1936 4418 2091 4472 peros
2129 4420 2142 4456 :

252 4486 431 4541 ἀνελεῖ
470 4488 526 4543 δὲ
563 4490 706 4561 λιμῷ
735 4492 797 4544 τὸ
838 4494 1059 4565 σπέρμα
1106 4513 1221 4559 σου,
1259 4498 1350 4550 καὶ
1386 4499 1446 4551 τὸ
1478 4500 1828 4571 κατάλειμμά

253 4595 347 4631 σου
373 4580 571 4635 ἀνελεῖ.
597 4603 615 4633 ι
648 4584 818 4638 Τοῦτο
846 4588 941 4657 μὲν
973 4584 1066 4640 οὖν
1105 4589 1165 4642 τὸ
1205 4590 1533 4662 ὲρπυστικὸν
1562 4592 1655 4646 καὶ
1683 4593 1826 4646 i066-

250 4670 342 4725 λον
390 4672 545 4741 γένος
581 4674 724 4747 λιμῷ
776 4677 954 4731 ἀνελεῖ
1000 4679 1028 4731 ὁ
1077 4682 1568 4752 προφητευόμενος,
1628 4683 1826 4754 μηκέτι

250 4764 564 4835 ἐπιτρέπων
592 4770 800 4841 τροφήν
830 4771 929 4842 τὴν
971 4772 1196 4843 συνήθη,
1233 4772 1433 4846 δηλαδὴ
1470 4775 1570 4846 τὴν
1606 4775 1693 4830 διὰ
1730 4775 1827 4829 θυ-

252 4858 385 4911 σιῶν
424 4863 491 4932 τῇ
533 4861 816 4937 δαιμονικῇ
874 4864 1049 4937 πλάνῃ
1099 4868 1502 4939 προσῳέρεσθαι
1535 4886 1547 4899 ’
1593 4872 1720 4933 τοὺς
1774 4871 1830 4924 δὲ

250 4948 445 5003 ἑαυτοῦ
466 4954 712 5023 πτωχοὺς
761 4956 1037 5027 ἑκθρέψει,
1064 4956 1158 5010 atati.
1195 4959 1252 5011 ἐν
1281 4960 1471 5031 εἰρήνῃ
1503 4959 1827 5025 ἀναπαύσει,

255 5046 452 5116 μηκέτι
503 5050 1029 5121 παρενοχλουμένους
1090 5054 1196 5107 ὑπὸ
1250 5053 1360 5107 τῶν
1418 5054 1826 5125 παραδοθέντων

252 5138 515 5207 ἑρπετῶν.
544 5140 776 5194 Δύναται
811 5142 994 5212 μέντοι
1020 5144 1194 5198 ταῦτα
1237 5143 1332 5199 καὶ
1370 5145 1569 5216 ἑτέρως
1615 5146 1695 5207 εἰς
1733 5145 1825 5198 τὸν

263 5230 510 5294 Ἐζεκίαν
561 5233 928 5306 πληροῦσθαι·
976 5237 1099 5299 τοὺς
1141 5236 1250 5307 γὰρ
1286 5235 1451 5289 πάλαι
1498 5236 1640 5289 κατὰ
1694 5237 1825 5289 Θεὸν

250 5326 669 5396 πτωχεύσαντας
696 5328 755 5381 ὲν
783 5328 943 5381 παντὶ
981 5326 1060 5397 τῷ
1114 5327 1377 5380 Ἰουδαίων
1419 5326 1830 5397 ἐθνειάνεκτή-

250 5436 383 5472 ςατο
435 5423 658 5490 τροφαῖς
702 5421 945 5486 λογικαῖς
991 5420 1084 5473 καὶ
1130 5419 1498 5482 διδασκαλίαις
1523 5436 1535 5449 ·
1589 5419 1682 5481 οὓς
1733 5420 1825 5472 καὶ

249 5512 581 5584 κατέστησεν
612 5513 704 5566 ἐπὶ
727 5513 826 5584 τήν
857 5512 1026 5585 καλὴν
1049 5510 1216 5584 νομὴν
1249 5510 1343 5565 τοῦ
1379 5512 1477 5583 τῆς
1513 5511 1827 5575 θεοσεϐείας

324 5719 366 5750 ⁷⁸
395 5717 460 5774 lV
499 5717 631 5789 Reg.
659 5731 812 5783 xvttt,
833 5715 889 5769 8.

1947 1827 2207 1881 terminos
2232 1826 2368 1895 ejus,
2400 1846 2429 1882 a
2467 1833 2596 1883 turri
2625 1832 2919 1887 Custodum
2951 1850 3121 1905 usque
3150 1839 3215 1892 ad
3246 1841 3519 1896 civitatem

1943 1917 2203 1970 tnunitam
2239 1919 2304 1972 ⁷⁸.
2352 1938 2370 1971 ›
2402 1919 2467 1974 Ει
2509 1922 2621 1975 haec
2662 1937 2879 1990 quoque
2924 1925 3053 1978 dicti
3106 1929 3371 1982 sententia
3403 1929 3519 1985 fue-

1943 2008 2034 2071 rit,
2083 2028 2102 2060 t
2142 2008 2219 2064 Ne
2247 2010 2527 2076 lzetemini,
2561 2014 2896 2083 alienigenae,
2937 2036 2956 2068 ›
2996 2033 3249 2087 magnum
3280 2024 3519 2077 sentien-

1945 2106 2023 2153 tes
2056 2115 2216 2169 super
2248 2104 2310 2156 iis
2331 2143 2345 2167 ,
2379 2120 2513 2172 ans
2545 2106 2673 2161 deos
2719 2122 2839 2161 esse
2886 2112 3085 2177 putatis
3106 2153 3121 2176 ,
3153 2114 3305 2180 quasi
3341 2115 3522 2170 nullus

1941 2192 2011 2245 sit
2038 2193 2107 2247 ob
2137 2196 2421 2259 przesentis
2453 2198 2713 2263 temporis
2736 2200 3055 2266 nequitiam,
3086 2203 3176 2269 qui
3209 2218 3304 2257 vos
3330 2217 3519 2258 conte-

1944 2297 2026 2338 rat
2058 2294 2113 2340 et
2147 2287 2437 2355 Opprimat.
2480 2286 2705 2349 Etiamsi
2736 2292 2881 2344 enim
2920 2293 3171 2346 attritum
3201 2294 3273 2347 sit
3326 2294 3517 2367 jugum

1940 2378 2076 2447 ejus,
2106 2378 2197 2440 qui
2230 2393 2321 2432 vos
2348 2381 2729 2449 percutiebat;
2779 2384 2831 2438 id
2872 2398 3019 2439 certe
3052 2402 3155 2440 non
3197 2402 3227 2441 e
3257 2404 3313 2442 re
3343 2401 3519 2444 vestra

1942 2470 2137 2537 fuerit;
2188 2471 2294 2526 imo
2348 2474 2526 2540 potius
2572 2474 2624 2527 in
2704 2477 2962 2531 damnum
3010 2488 3249 2533 vestrum
3294 2491 3394 2536 est.
3446 2483 3521 2537 At

1940 2564 2083 2617 enim
2122 2562 2341 2617 nemine
2372 2579 2464 2618 vos
2494 2568 2853 2633 percutiente,
2905 2571 3120 2623 nemine
3151 2571 3515 2641 deprimente.

1940 2654 2025 2707 vel
2060 2655 2410 2721 corripiente,
2452 2673 2641 2723 magna
2685 2658 2735 2711 in
2788 2658 2941 2713 vobis
2987 2660 3248 2715 malorum
3296 2663 3377 2718 vis
3430 2664 3519 2718 in-

1940 2746 2130 2801 valuit.
2164 2745 2301 2800 Nam
2352 2749 2443 2816 qui
2485 2750 2611 2803 olim
2658 2753 2996 2819 serpentium
3027 2754 3197 2807 instar
3226 2755 3277 2808 in
3305 2756 3517 2809 anima-

1940 2854 2060 2893 rutn
2100 2849 2402 2893 vestrarum
2436 2840 2676 2897 latibulis
2706 2844 2977 2911 agebant,
3012 2854 3177 2914 atque
3230 2846 3283 2900 in
3318 2848 3517 2903 vestris

1941 2932 2183 2987 delubris
2230 2948 2295 2988 ac
2354 2934 2587 3003 templis,
2632 2936 2788 2989 veluti
2835 2937 2944 3001 dii,
3006 2938 3162 2992 sedes
3221 2939 3512 3003 habebant,

1942 3026 2477 3093 malignidazmones
2506 3066 2520 3084 .
2554 3027 2726 3080 diraut
2760 3028 2963 3097 prolem
2998 3044 3061 3082 ac
3089 3044 3273 3083 semen
3308 3029 3514 3098 impro—

1942 3118 2067 3171 bum
2094 3117 2428 3182 emiserunt;
2464 3119 2534 3171 ita
2569 3127 2627 3171 ut
2666 3133 2729 3172 ex
2771 3119 2873 3174 illis
2906 3120 3120 3189 aspides
3145 3120 3512 3190 gignerentur,

1940 3212 2079 3279 quod
2133 3220 2216 3264 est
2273 3212 2515 3265 omnium
2566 3221 2958 3266 venenatorum
3021 3214 3395 3278 teterrimum;
3446 3228 3516 3267 ex

1940 3302 2114 3371 iisque
2140 3301 2230 3355 alii
2266 3303 2396 3356 editi
2441 3303 2549 3357 sint
2597 3311 2879 3370 serpentes
2927 3318 3025 3371 per
3072 3317 3200 3355 aera
3247 3302 3509 3357 volantes.

1939 3391 2065 3446 Haec
2108 3407 2270 3461 porro
2323 3393 2376 3445 in
2429 3391 2707 3459 praesenti,
2776 3407 2881 3446 non
2944 3394 3087 3461 apud
3156 3408 3253 3447 vos
3304 3402 3511 3447 tantum

1937 3482 2268 3552 alienigenas
2292 3523 2307 3548 ,
2341 3483 2435 3536 sed
2461 3485 2622 3536 etiam
2656 3483 2796 3551 apud
2830 3498 2952 3535 eum
2976 3522 2991 3547 ,
3031 3482 3123 3552 qni
3164 3483 3392 3552 populus
3415 3483 3510 3536 Dei

1939 3586 2180 3641 vocatur,
2209 3590 2401 3644 magno
2437 3590 2665 3628 numero
2704 3575 3009 3638 habentur;
3061 3576 3132 3627 ita
3185 3584 3244 3628 ut
3289 3590 3513 3644 prorsus

1936 3685 2029 3722 acr
2078 3670 2351 3737 repleatur
2402 3668 2752 3737 serpentibus
2813 3666 3235 3731 volitantibus,‘
3275 3681 3337 3720 ac
3390 3666 3514 3720 filiis

1936 3764 2179 3832 aspidttm
2206 3804 2221 3826 ,
2259 3763 2511 3833 malignis
2539 3763 2750 3818 scilicet
2775 3759 3103 3829 quihusdam
3155 3775 3220 3813 ac
3265 3760 3512 3814 exitiosis

1934 3857 2235 3925 Spirttilnts.
2268 3854 2406 3910 Cum
2437 3865 2617 3909 autem
2656 3855 2698 3909 is
2722 3892 2738 3922 ,
2771 3853 2859 3923 qui
2908 3853 3021 3906 haec
3054 3851 3233 3905 omnia
3265 3851 3511 3907 sublatu-

1937 3964 2026 4001 rus
2059 3959 2167 4011 est,»
2195 3964 2293 4002 suo
2328 3957 2571 4016 tempore
2600 3946 2908 4012 advenerit,
2933 3954 2989 3998 et
3021 3943 3353 4015 apparuerit,
3383 3952 3513 3998 tunc

1934 4049 2240 4107 serpentes,
2272 4039 2509 4107 aspidcs,
2533 4051 2831 4105 earumque
2856 4036 3099 4106 improba
3122 4032 3301 4102 proles
3326 4034 3513 4099 absce-

1934 4131 2102 4195 deut;
2146 4129 2215 4181 ita
2250 4137 2308 4182 ut
2337 4130 2451 4183 haec
2475 4129 2529 4182 in
2565 4128 2813 4182 homines
2846 4128 2954 4181 vim
3004 4124 3142 4179 ultra
3199 4139 3304 4179 non
3356 4139 3512 4177 exer-

1933 4233 2111 4277 ceant.
2978 4264 2989 4281 ο

2004 4312 2167 4367 Vens.
2204 4313 2293 4365 '50.
2320 4310 2453 4365 Nam
2489 4329 2508 4363 t
2543 4321 2855 4379 pascentur,
2886 4309 3082 4379 inquit,
3108 4325 3204 4379 per
3231 4325 3351 4361 eum
3376 4323 3510 4377 pau—

2183 4405 2370 4473 inOpes
2398 4411 2578 4455 autent
2610 4402 2856 4457 homines
2894 4401 2946 4454 in
3002 4416 3133 4470 pace
3183 4398 3464 4470 quiescent
3494 4417 3505 4452 :

1938 4497 2084 4548 fame
2109 4510 2238 4549 vero
2271 4495 2561 4548 interliciet
2596 4508 2782 4549 semen
2807 4503 2978 4556 tuutn,
3009 4501 3062 4545 et
3092 4491 3344 4560 reliquias
3392 4500 3509 4543 tuas

1935 4584 2233 4639 interimet.
2278 4603 2296 4636 ι
2335 4583 2448 4639 lloc
2480 4586 2646 4653 igitur
2683 4584 2876 4653 reptile
2900 4592 2953 4636 et
2978 4591 3299 4635 venenatum
3340 4596 3508 4648 genus

1936 4673 2075 4730 fame
2111 4676 2326 4729 necabit
2356 4676 2420 4743 is,
2461 4675 2556 4745 qui
2584 4676 2636 4728 in
2677 4673 2955 4745 prophetia
3004 4674 3173 4725 fertur
3197 4711 3211 4734 ,
3245 4685 3345 4724 nec
3370 4670 3505 4722 ultra

1935 4770 2211 4839 permittet
2238 4778 2295 4822 ut
2323 4776 2615 4823 consuetus
2647 4768 2821 4829 cibus,
2853 4764 3101 4819 videlicet
3146 4778 3240 4833 per
3299 4761 3509 4816 sacrifi-

1936 4863 2045 4926 cia,
2073 4863 2437 4921 .dtemoniacte
2489 4858 2867 4930 superstitioni
2923 4856 3199 4912 offeratur.
3236 4853 3505 4921 Pauperes

1938 4965 2119 5007 autem
2153 4968 2280 5007 suos
2313 4952 2569 5017 enntriet,
2600 4960 2655 5003 et
2700 4949 2754 5002 in
2812 4962 2942 5015 pace
2993 4945 3274 5016 quiescere
3322 4942 3503 5004 faciet,

1936 5060 2042 5099 non
2066 5044 2203 5098 ultra
2237 5054 2460 5098 vexatos
2485 5058 2513 5095 a
2564 5039 2879 5094 memoratis
2930 5035 3230 5105 reptilibus.
3273 5031 3505 5086 Possunt

1934 5139 2097 5192 etiam
2134 5137 2318 5190 istln'cc
2355 5137 2460 5189 alio
2493 5135 2651 5187 modo
2689 5134 2741 5186 in
2773 5130 3007 5186 Ezechia
3040 5126 3258 5197 impleta
3287 5123 3451 5179 fuisse
3487 5141 3500 5177 :

1936 5230 2050 5300 ipse
2078 5228 2223 5283 enim
2254 5243 2371 5296 eos,
2404 5226 2492 5295 qui
2530 5231 2581 5278 in
2629 5225 2884 5278 universo
2925 5219 3147 5274 .ludaico
3192 5216 3383 5288 populo
3417 5233 3513 5309 se—v

1935 5323 2169 5378 cundum
2198 5323 2362 5378 Deum
2387 5333 2650 5391 pauperes
2673 5317 2801 5372 olim
2833 5314 3073 5379 fuerant,
3102 5311 3239 5367 cibis
3268 5312 3513 5393 rationum

1933 5413 2072 5471 libus
2100 5423 2156 5469 et
2187 5412 2431 5469 doctrina
2458 5408 2774 5473 recreavit;
2820 5420 2956 5485 quos
3000 5406 3125 5458 item
3178 5403 3230 5457 in
3282 5402 3512 5488 eptimis

1933 5506 2071 5577 ejus,
2101 5521 2220 5575 qua?
2248 5507 2388 5576 piam
2414 5502 2729 5571 religionem
2756 5499 2935 5565 docet,
2966 5496 3096 5568 legis
3127 5494 3342 5567 pascuis
3382 5506 3508 5548 con-
