3976 6194
280 257 377 312 illi

1233 254 1735 310 CUMMENIABIA
1778 259 1841 310 ΙΝ
1883 258 2134 315 ιδΑιΑιι.
2171 288 2241 299 —
2268 257 2421 314 CAP.
2463 250 2602 313 XVI.

3415 268 3525 330 203

278 391 379 446 νην
406 393 425 427 ι
469 374 668 446 ,Ὁρᾷς
700 372 758 426 τὸ
786 372 972 444 θαῦμα
1016 371 1109 425 τοῦ
1157 373 1316 442 λόγου
1360 377 1419 429 ἐν
1462 374 1540 446 τῷ
1576 375 1844 447 συμπερά-

1955 378 2244 445 justitiam.
2279 398 2298 431 ι
2333 378 2515 436 Viden‘
2546 377 2811 435 sermonis
2837 379 3135 439 mirabilem
3167 383 3222 440 in
3270 386 3376 445 line
3403 406 3527 461 pro-

279 485 453 540 σματι
487 468 584 538 τῆς
627 467 960 538 προφητείας
996 467 1402 538 περιεχόμενον.
1437 469 1595 523 Κατὰ
1620 471 1679 522 τὸ
1724 470 1856 523 αὐτὸ

277 566 393 635 γὰρ
444 563 704 626 θεσπίσας
752 564 1080 634 ἀφανισμὸν,
1129 563 1540 638 εὐαγγελίζεται
1600 566 1851 632 ἐλπίδας*

282 653 492 726 σκηνὴν
539 652 699 707 Δαυϊδ
725 655 923 724 φήσας,
953 652 1047 705 καὶ
1096 652 1281 723 θρόνον
1327 654 1463 708 Θεοῦ
1505 658 1633 727 παρ’
1675 657 1859 722 αὐτοῖς

281 745 685 817 συστήσασθαι·
718 744 1007 800 καὶταῦτα
1034 744 1250 798 ἔσεσθαι
1274 747 1456 800 οὐκέτι
1493 748 1552 814 ἐξ
1584 748 1857 820 ἀνθρωπί-

283 857 383 911 νης
411 840 552 902 τινὸς
583 837 841 907 σπουδῆς,
867 838 983 891 ἀλλ’
1036 836 1095 901 ἐξ
1145 838 1325 903 ἐλέους
1370 839 1503 891 Θεοῦ
1550 840 1645 893 καὶ
1672 841 1857 910 φιλαν-

285 931 547 1001 θρωπίας.
602 930 695 983 Διὸ
741 929 989 983 λέλεκται
1032 928 1173 983 κατά
1224 929 1316 983 τὸν
1375 930 1625 997 Ἀκύλαν,
1672 951 1690 983 ι
1746 933 1856 986 Καὶ

282 1023 734 1094 ἐτοιμασθήσεται
791 1024 850 1076 ἐν
900 1022 1035 1092 ἐλέῳ
1099 1021 1323 1094 θρόνος·
1381 1041 1399 1075 ι
1452 1022 1595 1077 κατὰ
1657 1023 1715 1076 δὲ
1763 1024 1854 1077 τὸν

278 1115 625 1181 Θεοδοτίωνα,
660 1135 679 1167 ι
720 1115 828 1168 Καὶ
871 1113 1322 1186 ἐτοιμασθήσεται
1370 1117 1486 1186 μετ’
1513 1115 1692 1179 ἐλέους
1733 1116 1856 1189 θρόο

277 1224 383 1269 νος.
428 1225 447 1257 ι
483 1205 602 1258 Τίνι
657 1206 715 1258 δὲ
762 1203 1304 1277 ἐτοιμασθήσεται,ἧ
1360 1205 1573 1269 πάντως
1618 1224 1721 1258 που
1776 1206 1855 1277 τῷ

274 1297 514 1369 Χριστῷ,
540 1296 617 1367 τῷ
646 1298 709 1349 ἐκ
736 1297 1048 1367 σπέρματος
1078 1294 1239 1349 Δαυῒδ
1259 1312 1483 1367 γεγεννη
1494 1296 1666 1368 μένῳ;
1700 1297 1856 1350 Ἐσε-

276 1390 398 1444 σθαι
431 1390 612 1444 τοίνυν
659 1389 810 1461 παρὰ
858 1391 970 1453 τοῖς
1015 1388 1333 1453 Μωαϐίταις
1377 1388 1563 1461 θρόνον
1617 1389 1853 1462 Χριστοῦ

274 1499 461 1554 φησιν,
493 1483 551 1535 ἑν
570 1476 614 1549 ᾧ
639 1481 908 1535 καθιείται
940 1480 1079 1551 μετά
1112 1479 1371 1550 ἀληθείας
1402 1482 1459 1534 ἐν
1498 1484 1671 1552 σκηνῇ
1691 1480 1853 1535 Δαυῖδ

271 1575 756 1646 γεννηθησόμενος.
792 1573 949 1629 Οῦτω
988 1573 1045 1627 δέ
1072 1572 1257 1627 καλεῖν
1302 1572 1460 1627 είωθε
1492 1572 1554 1626 τὸ
1582 1591 1853 1645 προφητι-

272 1668 370 1722 κὸν
409 1668 624 1737 πνεῦμα
649 1668 744 1738 τὴν
784 1667 1109 1737 Ἐκκλησίαν
1143 1666 1237 1720 τοῦ
1267 1665 1403 1721 Θεοῦ
1428 1683 1442 1697 ·
1478 1667 1600 1720 ἐπεὶ
1632 1667 1724 1720 καὶ
1761 1666 1851 1719 τὸν

1958 470 2156 540 phetia:
2178 472 2537 528 oeconomiam
2564 473 2587 527 7
2615 471 2748 527 Nam
2774 484 3060 546 postquam
3092 478 3363 535 excidium
3391 486 3531 540 vati-

1958 566 2169 622 cinatus
2192 574 2297 633 est,
2321 566 2508 622 eodem
2544 574 2787 635 tempore
2810 582 2957 638 spem
2989 569 3186 624 bonam
3215 573 3527 633 annuntiat.

1958 654 2168 719 dicens,
2205 656 2614 712 tabernaculum
2661 658 2830 714 David
2859 669 2914 713 et
2964 662 3213 717 thronum
3259 663 3353 720 Dei
3384 668 3526 736 apud

1959 744 2077 800 illos
2120 748 2560 802 constituendum
2610 763 2777 815 esse;
2830 751 3053 820 haecque
3120 767 3227 807 non
3289 754 3525 811 humana

1957 837 2187 905 quadam
2226 852 2390 907 opera
2418 848 2472 893 et
2498 839 2862 896 sollicitudine
2886 882 2899 905 ,
2939 844 3031 897 sed
3059 860 3123 897 ex
3153 845 3527 904 misericordia

1958 938 2011 982 et
2038 929 2323 985 clementia
2356 929 2472 984 Dei.
2498 930 2677 997 Quare
2696 933 2993 987 secundum
3021 933 3272 1004 Aquilam
3304 938 3524 1007 dicitur,

1962 1040 1981 1073 ι
2025 1022 2092 1077 Et
2114 1023 2511 1092 praeparabitur
2542 1025 2594 1078 in
2641 1025 3017 1080 misericordia
3062 1028 3326 1096 thronus;
3366 1050 3385 1082 ι
3434 1048 3526 1088 se-

1958 1116 2191 1172 cundum
2241 1116 2665 1171 Theodotionem
2717 1132 2882 1183 vero,
2936 1136 2955 1170 ι
3010 1118 3073 1172 Ει
3135 1125 3525 1192 prmparabitur

1954 1222 2077 1261 cum
2109 1208 2483 1262 misericordia
2513 1210 2757 1265 thronus.
2798 1228 2817 1261 ι
2859 1210 2955 1265 Cui
2985 1223 3165 1267 autem
3195 1216 3527 1284 praeparabi-

1959 1306 2065 1361 tur,
2099 1299 2200 1353 nisi
2230 1299 2390 1368 plane
2412 1300 2631 1355 Christo
2656 1342 2669 1366 ,
2700 1300 2791 1371 qui
2823 1316 2886 1356 ex
2918 1304 3127 1358 semine
3162 1304 3328 1361 David
3368 1318 3527 1364 natus

1956 1398 2038 1445 est
2062 1391 2085 1444 ?
2107 1390 2196 1445 Ait
2223 1391 2387 1463 igitur
2406 1393 2547 1463 apud
2578 1391 2841 1449 Moabitas
2866 1396 3065 1451 Christi
3097 1397 3347 1454 thronum
3379 1398 3525 1456 l‘utu-

1956 1498 2073 1537 rum
2100 1498 2240 1551 esse,
2286 1484 2338 1539 in
2365 1500 2471 1554 qua
2504 1500 2626 1540 cum
2654 1487 2884 1541 veritate
2927 1490 3137 1544 sedebit
3166 1490 3211 1545 is
3240 1492 3332 1562 qui
3361 1492 3412 1547 in
3446 1502 3525 1548 ta-

1955 1573 2249 1629 bernaculo
2282 1574 2447 1628 David
2478 1577 2783 1631 nasciturus
2823 1590 2928 1632 est.
2982 1578 3072 1635 STc
3122 1597 3283 1650 porro
3315 1598 3529 1639 nuncuo

1954 1681 2085 1737 pare
2141 1668 2276 1722 solet
2331 1668 2565 1735 Spiritus
2616 1670 2965 1738 prephcticus
3022 1673 3319 1729 Ecclesiam
3378 1676 3522 1732 Deit

274 1759 511 1832 Χριστὸν
542 1760 700 1813 αὐτὸν
731 1758 890 1813 Δαυῒδ
915 1757 1204 1830 ὀνομάζειν
1227 1757 1364 1823 ἔθος,
1392 1757 1477 1812 διὰ
1509 1758 1569 1810 τὸ
1596 1758 1661 1810 ἐκ
1687 1755 1844 1828 σπέρ-

1955 1772 2077 1813 nam
2111 1760 2284 1827 ipsum
2327 1772 2542 1827 quoque
2571 1755 2847 1814 Christum
2882 1762 3135 1817 Davidem
3167 1779 3365 1820 vocare
3395 1781 3525 1821 con-

282 1870 450 1925 ματος
502 1851 662 1904 Δαυῖδ
708 1851 843 1905 κατᾶ
892 1852 1070 1922 σάρκα
1115 1849 1472 1921 γεγεννῆσθαι
1527 1850 1710 1904 αὐτόν.
1762 1850 1853 1902 Διὸ

280 1943 485 2014 σκηνὴν
518 1942 614 2013 μὲν
645 1942 805 1994 Δαυῒδ
846 1942 941 2011 τὴν
971 1941 1296 2012 Ἐκκλησίαν
1345 1940 1629 2006 ἀποκαλεῖ,
1663 1941 1851 2012 θρόνον

277 2036 445 2090 δὲτὴν
483 2036 575 2087 ἐπὶ
596 2034 791 2105 ταύτης
819 2034 908 2087 τὸν
955 2034 1054 2105 τῆς
1095 2033 1416 2104 Ἐκκλησίας
1453 2033 1745 2105 πρόεδρον,
1790 2032 1849 2098 ὃς

278 2130 369 2185 τὸν
411 2129 716 2201 σωματικὸν
761 2128 947 2199 ἐπέχει
990 2126 1200 2199 θρόνον,
1243 2127 1405 2181 τόπον
1450 2126 1632 2199 τηρῶν
1662 2125 1849 2198 ὥσπερ

273 2222 366 2275 τοῦ
403 2220 660 2294 Χριστοῦ.
696 2221 876 2291 "Amp
902 2219 979 2285 ὡς
1029 2222 1087 2274 ἐν
1137 2219 1453 2291 μυστηρίοις
1494 2218 1639 2273 κατά
1687 2219 1848 2290 μέσον

270 2316 368 2385 τῆς
389 2312 718 2383 προφητείας
743 2310 1211 2383 παρεμϐέϐληται,
1238 2309 1331 2363 τοῦ
1355 2310 1509 2379 ἁγίου
1536 2309 1849 2380 Πνεύματος

272 2406 452 2476 μόνοις
476 2406 587 2467 τοῖς
605 2402 857 2475 μέλλουσι
894 2402 1151 2467 συνιέναι,
1186 2404 1282 2457 καὶ⁹
1308 2403 1407 2473 τῆς
1443 2402 1646 2456 τούτων
1669 2400 1849 2469 ἀξιοῦ-

272 2498 392 2552 σθαι
423 2496 675 2568 θεωρίας,
701 2496 799 2567 τὴν
823 2495 1028 2550 τούτων
1052 2497 1253 2565 γνῶσιν
1284 2495 1742 2567 ταμιευσαμένου.

343 2699 362 2732 ι
416 2678 761 2751 Ἠκούσαμεν
796 2677 894 2750 τὴν
929 2676 1085 2751 ὓϐριν
1110 2676 1313 2731 Μωά6’
1349 2676 1608 2748 ὑϐριστὴς
1640 2674 1847 2745 σφόδρα

267 2773 367 2846 τὴν
411 2772 800 2844 ὑπερηφανίαν,
831 2774 926 2827 καὶ
970 2773 1003 2843 ὴ
1056 2770 1212 2842 ῦϐρις
1242 2769 1408 2823 αὑτοῦ
1455 2769 1551 2823 κα)⁸
1598 2769 1631 2839 ἡ
1684 2768 1844 2839 μῆνις

271 2866 435 2922 αὑτοῦ
455 2884 469 2897 ·
499 2868 597 2937 οὐχ
620 2866 793 2930 οὕτως
824 2866 857 2937 ἡ
904 2864 1135 2936 μαντεία
1185 2880 1300 2927 σου,
1343 2862 1443 2931 οὐχ
1470 2860 1661 2925 οὕτως.
1700 2859 1847 2915 Ὀλο-

269 2957 418 3023 λύξει
450 2959 656 3013 Μωάϐ·
707 2960 764 3011 ἐν
816 2958 922 3029 γὰρ
956 2960 1023 3027 τῇ
1062 2953 1365 3010 Μωαϐίτιδι
1416 2954 1613 3018 πάντες
1663 2952 1844 3006 ὀλολύ-

271 3050 451 3116 ξουσι”
504 3054 615 3114 τοῖς
666 3048 973 3103 κατοικοῦσι
1018 3048 1075 3102 δὲ
1104 3046 1212 3119 Σὴθ
1247 3046 1579 3117 μελετήσεις,
1618 3045 1709 3099 καὶ
1741 3045 1841 3098 οὐκ

1955 1851 2170 1916 suevit,
2224 1852 2349 1920 quia
2398 1866 2464 1906 ex
2509 1854 2715 1910 semine
2760 1853 2926 1908 David
2976 1858 3270 1911 secundum
3300 1870 3526 1915 carnem

1954 1950 2113 1995 natus
2148 1951 2250 1997 est.
2282 1941 2643 2008 Quamobrem
2673 1944 2970 1999 Ecclesiam
3001 1947 3221 2015 quidem
3267 1949 3525 2004 tabcrnao

1952 2032 2130 2086 culum
2186 2034 2355 2088 David
2390 2035 2669 2105 appellat,
2726 2038 2978 2091 thronum
3033 2049 3214 2095 autem
3281 2040 3524 2111 ejusdem

1952 2123 2205 2179 Ecclesia:
2219 2126 2525 2194 przesidem,
2540 2128 2630 2197 qui
2649 2143 2963 2196 corporeum
2989 2134 3242 2186 thronum
3272 2142 3523 2201 occupat,

1950 2222 2114 2284 atque
2140 2231 2235 2271 ceu
2264 2215 2463 2271 Christi
2509 2218 2680 2273 locum
2720 2227 2881 2274 tenet.
2929 2221 3080 2287 Quae,
3102 2234 3200 2275 ceu
3231 2222 3286 2275 in
3316 2233 3525 2292 myste-

1949 2308 2067 2372 riis,
2101 2308 2155 2363 in
2204 2308 2384 2363 medio
2430 2310 2721 2380 prophetiae
2749 2311 2950 2366 inserta
2985 2321 3130 2376 sunt,
3157 2310 3362 2380 Spiritu
3399 2328 3528 2368 san-

1954 2409 2042 2454 cto
2075 2400 2265 2455 horum
2290 2402 2542 2459 notitiam
2582 2403 2649 2458 iis
2698 2412 2910 2458 tantum
2944 2404 3033 2474 qui
3062 2403 3417 2471 intellecturi,
3467 2412 3526 2460 et

1948 2491 2208 2548 harumce
2259 2508 2439 2549 rerum
2488 2496 2803 2565 spectaculo
2848 2497 2994 2568 digni
3034 2496 3265 2554 habendi
3321 2505 3520 2570 erant,

1947 2595 2287 2642 reservante.

2022 2677 2184 2735 Vens.
2231 2677 2305 2746 6,
2343 2678 2391 2732 7.
2450 2696 2469 2731 ι
2517 2679 2834 2737 Audivimus
2881 2683 3266 2740 contumeliam
3315 2684 3518 2753 Moab,

1947 2771 2370 2828 contumeliosus
2394 2771 2550 2826 valde
2574 2775 2918 2842 superbia,et
2939 2778 3266 2833 contumelia
3293 2779 3431 2849 ejus,
3463 2791 3521 2836 et

1946 2866 2026 2919 ira
2056 2865 2173 2935 ejus
2205 2883 2218 2920 :
2253 2880 2357 2920 non
2407 2867 2485 2921 sic
2520 2867 2785 2923 divinatio
2822 2880 2909 2923 tua
2938 2909 2953 2936 ,
2987 2886 3092 2925 non
3140 2871 3242 2927 sic.
3280 2871 3520 2930 Ululabit

1947 2955 2103 3011 Moab
2139 2976 2152 3012 :
2190 2972 2315 3012 nam
2345 2958 2398 3013 in
2430 2956 2721 3015 Moabitide
2765 2976 2956 3017 omnes
3002 2963 3325 3021 ululabunt:
3359 2967 3517 3021 habi-

1948 3048 2184 3103 tantibus
2213 3046 2344 3105 Seth
2371 3050 2716 3107 meditaberis
2738 3062 2793 3107 et
2818 3069 2921 3106 nun
2956 3054 3323 3113 confunderis.
3355 3077 3375 3111 ι
3410 3060 3517 3115 Ge-

269 3144 608 3216 ἐντραπήση.
646 3163 664 3194 ι
700 3143 809 3213 Οὐχ
835 3142 1016 3214 ὅμοιαι
1077 3143 1129 3194 αἱ
1159 3140 1388 3212 πράξεις
1410 3142 1523 3203 τοῖς
1549 3138 1646 3209 τῆς
1672 3139 1842 3210 ὑπερ-

1953 3150 2026 3195 sta
2073 3143 2321 3211 superbis
2350 3142 2509 3198 dictis
2538 3144 2730 3199 similia
2761 3158 2864 3200 non
2903 3156 3061 3215 sunt;
3094 3150 3208 3204 sive
3250 3152 3377 3220 quia
3408 3150 3521 3207 Deo

269 3235 496 3307 ηφανίας
524 3235 698 3303 λόγοις
721 3251 735 3264 ·
762 3235 793 3306 ἢ
829 3234 923 3287 καὶ
946 3232 1131 3303 ἐπειδὴ
1164 3232 1305 3304 μέγα
1329 3230 1586 3303 ἐφρόνουν
1630 3230 1722 3284 ἐπὶ
1763 3228 1842 3301 τῷ

271 3327 475 3381 ἑαυτῶν
510 3326 636 3397 θεῷ,
681 3328 773 3379 καὶ
819 3329 941 3390 ταῖς
970 3325 1162 3378 τούτου
1194 3323 1469 3395 μαντείαις
1490 3341 1503 3354 ο
1547 3323 1645 3393 οὐχ
1676 3321 1838 3385 οὕτω,

269 3423 452 3495 φησὶν,
478 3420 652 3486 ἔσται,
689 3421 850 3474 ὁποῖα
902 3417 1227 3490 μαντεύεται
1270 3419 1298 3471 ὀ
1339 3419 1471 3489 παρ’
1504 3417 1687 3481 αὐτοῖς
1728 3416 1845 3471 δαί-

266 3533 403 3588 μων,
436 3512 545 3568 οὐδ’
603 3515 764 3568 ὁποῖα
792 3512 880 3566 διὰ
927 3512 1191 3585 χρησμῶν
1237 3515 1348 3576 τοῖς
1381 3509 1840 3581 ἐξαπατωμένοις,

264 3609 360 3661 καὶ
383 3607 514 3659 Θεὸν
541 3606 703 3660 αὑτὸν
732 3601 873 3657 εἶναι
898 3604 1211 3676 νομίζουσιν
1241 3602 1635 3676 ἐπηγγέλλετο·
1670 3603 1698 3654 ὁ
1735 3601 1844 3675 γὰρ

267 3698 436 3753 ἐπιὼν
458 3698 645 3770 χρόνος
665 3697 869 3750 τούτων
890 3696 1070 3751 αὐτῶν
1092 3697 1152 3749 τὸ
1181 3696 1377 3767 ψεῦδος
1402 3694 1683 3763 διελέγξει.

345 3810 366 3841 ι
406 3790 488 3843 Τὰ
530 3790 684 3844 πεδία
727 3789 961 3869 Ἐσεϐὼν
1004 3789 1283 3862 πενθήσει,
1322 3788 1566 3860 ἄμπελος
1590 3786 1841 3859 Σαϐαμά,

264 3884 658 3946 καταπίνοντες
681 3882 751 3935 τά
773 3882 922 3955 ἔθνη,
968 3883 1393 3954 καταπατήσατε
1427 3880 1524 3945 τὰς
1567 3880 1844 3951 ἀμπέλους

262 3976 461 4047 αὐτῆς,
490 3976 592 4038 ἕως
622 3972 804 4046 Ἰαζὴρ
852 3976 912 4028 οὑ
949 3975 1023 4045 μὴ
1059 3974 1353 4044 συνάψητε,
1394 3971 1700 4044 πλανήθητε
1745 3970 1844 4043 τὴν

258 4069 499 4142 ἔρημον·
530 4069 579 4121 oi
611 4066 1014 4137 ἀπεσταλμένοι
1042 4065 1556 4135 ἐγκατελείφθησαν,
1589 4063 1844 4133 διέϐησαν

256 4161 369 4235 γὰρ
398 4161 533 4232 πρὸς
555 4160 653 4230 τὴν
678 4159 973 4216 θάλασσαν.
1007 4158 1107 4212 Διά
1133 4158 1291 4212 τοῦτο
1319 4156 1624 4226 κλαύσομαι
1651 4155 1726 4219 ὡς
1754 4154 1845 4208 τὸν

256 4253 538 4325 κλαυθμὸν
576 4253 777 4324 Ἰαζὴρ,
806 4251 1050 4323 ἄμπελον
1083 4250 1334 4321 Σαϐαμά,
1381 4248 1460 4302 Τά
1510 4246 1699 4319 δένδρα
1751 4264 1843 4300 σου

255 4346 560 4411 κατέϐαλεν
596 4344 830 4397 Ἐσεϐὼν
856 4343 952 4397 καὶ
985 4342 1229 4413 Ἐλεαλὴ,
1256 4342 1338 4396 ὅτι
1369 4340 1463 4395 ἐπὶ
1492 4339 1570 4411 τῷ
1600 4337 1843 4411 θερισμῷ

254 4444 355 4497 καὶ
398 4442 491 4494 ἐτιί
536 4441 613 4511 τῷ
663 4437 921 4513 τρυγητῷ
967 4454 1061 4491 σου
1111 4437 1503 4507 καταπατήσω,
1535 4433 1628 4487 xui.
1662 4433 1840 4486 πάντα

255 4532 580 4589 πεσοῦνται.
608 4532 720 4586 Καὶ
747 4531 1046 4603 ἀρθήσεται
1079 4528 1382 4600 εὐφροσύνη
1413 4529 1507 4580 καὶ
1526 4525 1838 4596 ἀγαλλίαμα

253 4630 320 4682 ἐκ
350 4627 459 4679 τῶν
489 4625 845 4698 ἀμπελώνων,
877 4624 971 4677 καὶ
997 4624 1055 4675 ἐν
1076 4625 1189 4686 τοῖς
1212 4620 1496 4692 ἀμπελῶσι
1527 4637 1619 4673 σου
1664 4619 1724 4671 οῦ
1761 4618 1835 4689 μὴ

253 4716 743 4788 εὐφρανθήσονται,
772 4714 866 4767 καὶ
891 4714 951 4767 οὐ
992 4713 1065 4784 μὴ
1109 4712 1440 4781 πατήσουσιν
1462 4705 1600 4763 οἶνον
1640 4710 1718 4771 εἰς
1765 4707 1836 4761 τὰ

253 4809 526 4879 ὑπολήνια
550 4825 563 4837 ·
589 4808 864 4861 πέπαυται
888 4807 1014 4878 γάρ.
1044 4825 1061 4857 ι
1095 4802 1355 4875 Σημαίνει
1374 4802 1429 4855 δὲ
1457 4800 1546 4854 διὰ
1570 4802 1670 4872 τῆς
1692 4801 1835 4856 amt»

254 4919 354 4972 ρας
391 4899 488 4952 καλ⁸
507 4897 599 4951 τοῦ
626 4896 908 4970 θερισμοῦ,
943 4897 1037 4949 καλ⁸
1080 4894 1167 4948 διὰ
1206 4895 1307 4965 τῆς
1336 4891 1597 4955 πολλάκις
1640 4895 1836 4963 ὀνομα-

250 4993 483 5061 σθείσης
509 4991 755 5062 ἀμπέλου
805 4990 866 5042 τὸ
921 4988 1145 5052 εὐθαλὲς
1193 4986 1288 5041 καὶ
1335 4988 1592 5057 ἄκμαιον,
1638 4986 1731 5038 καὶ
1777 4982 1838 5037 τὸ

248 5085 529 5160 τρυφερὸν
568 5085 659 5137 καὶ
688 5083 891 5154 ὡραῖον
926 5083 1026 5152 τῆς
1053 5080 1162 5134 τῶν
1194 5079 1537 5151 δηλουμένων
1577 5078 1742 5149 ζωῆς,
1777 5080 1835 5131 ἐν

248 5175 281 5254 ᾖ
328 5178 526 5247 ὥσπερ
588 5175 875 5246 μεθύοντες
945 5173 1129 5243 διῆγον
1186 5171 1676 5243 ὲνευιρραινόμενοι,
1741 5169 1835 5223 καὶ

245 5269 628 5342 ἐντρυφῶντες
653 5268 746 5319 ἐπὶ
768 5269 888 5329 ταῖς
915 5264 1096 5327 ἀθέοις
1120 5263 1298 5317 αὐτῶν
1332 5260 1688 5326 δυσσεϐείαις.

327 5381 347 5413 ι
381 5358 483 5411 Διά
507 5358 667 5412 τοῦτο
700 5360 734 5429 ἡ
767 5357 946 5411 κοιλία
995 5372 1093 5426 μου
1147 5354 1240 5407 ἐπὶ
1286 5352 1457 5407 Μωάϐ
1503 5353 1579 5416 ὡς
1633 5353 1833 5426 κιθάρα

247 5454 472 5525 ὴχήσει,
501 5451 594 5503 καὶ
638 5449 705 5503 τὰ
746 5448 896 5512 ἐντός
922 5464 1024 5518 μου
1051 5445 1183 5498 ὡσεὶ⁵
1206 5446 1383 5514 τεῖχος
1414 5442 1442 5497 ὃ
1473 5443 1832 5507 ἐνεκαίνισας,

251 5548 353 5601 καὶ
388 5545 541 5598 ἔσται
588 5545 666 5606 εἰς
716 5543 775 5595 τὸ
826 5537 1160 5612 ἐντραπῆναί
1212 5554 1293 5591 σε.
1335 5556 1353 5587 ι
1393 5538 1547 5591 Κατά
1590 5534 1646 5589 δὲ
1679 5537 1834 5605 λόγον

251 5638 572 5710 βαθύτερον,
599 5635 737 5708 πρὸς
776 5634 935 5687 αὑτὸν
967 5632 1060 5686 καὶ
1082 5630 1176 5685 νῦν
1208 5632 1235 5683 ό
1267 5629 1444 5697 λόγος,
1478 5627 1614 5699 πρὸς
1649 5628 1705 5683 ὃν
1739 5630 1833 5681 καὶ

249 5729 337 5795 τὸ,
383 5748 402 5781 ι
433 5728 565 5782 ὡσεὶ
589 5729 763 5796 τεῖχος
785 5725 813 5777 δ
851 5723 1207 5785 ὲνεκαίνισας,
1250 5741 1270 5772 ι
1295 5717 1493 5792 δηλαδὴ
1537 5718 1629 5773 τὸν
1676 5718 1828 5772 Θεόν.

496 5825 771 5885 ΡΑτιιοι.
824 5821 943 5884 Gtt.
1003 5819 1237 5881 XXIV.

1944 3246 2041 3287 suo
2064 3272 2080 3299 ,
2107 3232 2331 3303 ejusque
2368 3233 2637 3289 vaticiniis
2667 3235 2897 3290 tnultum
2943 3237 3179 3295 lidebant
3210 3256 3225 3293 ι
3259 3255 3366 3295 non
3396 3242 3473 3296 ita
3498 3281 3515 3305 .

1943 3324 2159 3394 inquit,
2190 3328 2300 3380 erit
2344 3334 2405 3380 ut
2429 3326 2763 3381 vaticinatur
2790 3329 2998 3384 daemon
3047 3330 3302 3399 illorum,
3342 3346 3518 3403 neque

1944 3426 2002 3471 ut
2032 3416 2119 3483 iis,
2152 3416 2244 3485 qui
2276 3416 2483 3486 decepti
2517 3417 2665 3472 illum
2715 3433 2811 3487 pro
2835 3419 2935 3475 deo
2966 3420 3262 3487 habebant,
3290 3422 3518 3479 oraculo

1942 3507 2299 3577 pollicebatur
2329 3526 2344 3561 :
2380 3506 2619 3563 futurum
2653 3509 2848 3578 quippe
2881 3518 3089 3579 tempus
3129 3512 3251 3568 illos
3295 3514 3519 3570 mendao

1943 3598 2014 3654 cii
2038 3609 2248 3669 arguet.

2015 3781 2181 3840 Vsus.
2236 3783 2400 3839 8—10.
2457 3802 2476 3837 ι
2514 3783 2777 3839 Planities
2817 3783 3029 3840 Esebon
3069 3784 3311 3856 lugebit,
3357 3785 3517 3840 vinea

1946 3876 2177 3933 Saltama
2204 3918 2220 3946 ,
2256 3878 2347 3948 qui
2402 3876 2678 3949 deglutitis
2705 3887 2892 3947 gentes
2920 3919 2935 3946 ,
2963 3878 3280 3935 conculcate
3322 3879 3514 3936 vineas

1943 3968 2083 4037 ejus,
2110 3985 2283 4041 usque
2326 3967 2486 4025 Jazer
2528 3984 2594 4024 ne
2642 3969 2946 4041 attingatis,
2983 3977 3164 4025 errate
3206 3984 3303 4040 per
3333 3968 3520 4026 deser-

1945 4071 2058 4117 tum
2092 4079 2107 4116 :
2144 4062 2296 4117 missi
2330 4062 2575 4118 derelicti
2611 4074 2773 4127 sunt,
2810 4062 3244 4130 pertransierunt
3273 4063 3417 4118 enim
3449 4062 3518 4117 ad

1943 4169 2110 4209 mare.
2138 4153 2261 4211 ldeo
2286 4154 2510 4225 plorabo
2541 4165 2814 4223 tamquam
2847 4155 3059 4224 ploratu
3092 4153 3274 4222 Jazer,
3302 4155 3515 4210 vineam

1945 4246 2202 4306 Sabama.
2248 4249 2487 4305 Arbores
2520 4259 2640 4304 tuas
2687 4247 2887 4319 dejecit
2935 4248 3145 4303 Esebon
3197 4257 3252 4303 et
3297 4246 3515 4309 Eli-ale.

1943 4340 2069 4409 quia
2120 4355 2352 4396 messem
2404 4350 2459 4396 et
2488 4341 2813 4395 vindemiam
2854 4351 3002 4397 tuam
3038 4339 3413 4404 conculcabo,
3463 4347 3518 4394 et

1945 4433 2126 4487 omnia
2174 4434 2390 4490 cadent.
2424 4433 2491 4487 Et
2540 4434 2758 4489 tolletur
2798 4434 2985 4490 laetitia
3022 4447 3077 4491 et
3107 4433 3407 4494 exsultatio
3449 4432 3517 4492 de

1946 4525 2122 4580 vineis
2152 4543 2166 4579 :
2195 4535 2250 4581 et
2282 4524 2337 4579 in
2367 4525 2540 4581 vineis
2573 4528 2678 4585 tuis
2709 4528 3053 4594 lartabuntur,
3090 4544 3190 4585 nec
3229 4530 3517 4588 calcabunt

1944 4616 2127 4669 vinum
2164 4616 2219 4670 in
2268 4616 2631 4673 torcularibus
2686 4637 2698 4673 :
2756 4620 2988 4674 cessavit
3020 4621 3188 4674 enim.
3227 4639 3246 4673 ι
3280 4617 3386 4676 Per
3413 4638 3515 4675 au-

1945 4716 2187 4761 tumnum
2236 4717 2291 4763 et
2326 4724 2555 4765 messem
2582 4750 2597 4775 ,
2651 4726 2716 4767 ac
2766 4728 2867 4782 per
2910 4712 3121 4766 vineam
3160 4714 3354 4781 sapius
3402 4727 3516 4769 me-

1943 4809 2208 4854 moratam
2238 4841 2252 4867 ,
2302 4800 2630 4868 ﬂorentem,
2683 4804 3044 4874 voluptariam
3105 4813 3160 4860 et
3215 4805 3511 4872 jucundam

1943 4904 2127 4946 eorum
2157 4892 2322 4947 vitam
2360 4893 2603 4958 indicat,
2634 4908 2738 4963 qua
2787 4910 2885 4949 ceu
2934 4894 3072 4950 ebrii
3112 4895 3375 4965 degebant
3418 4895 3510 4951 la:-

1946 4991 2121 5041 tanles
2170 4994 2226 5040 et
2284 4986 2626 5043 lascivientes
2677 4989 2730 5042 in
2784 4986 3007 5043 nefariis
3051 4988 3163 5043 suis
3214 4988 3515 5057 impietatio

1942 5076 2062 5130 bus.

2014 5346 2178 5408 Vens.
2230 5352 2317 5410 ll.
2348 5372 2367 5406 ι
2404 5353 2530 5409 Ideo
2560 5365 2750 5411 venter
2780 5368 2934 5411 meus
2966 5369 3130 5425 super
3157 5354 3313 5410 Moab
3352 5354 3509 5425 quasi

1944 5442 2153 5498 cithara
2199 5444 2455 5509 sonabit,
2500 5454 2554 5499 et
2602 5446 2863 5501 interiora
2916 5462 3032 5500 mea
3075 5447 3229 5517 quasi
3279 5463 3506 5511 murus,

1942 5549 2100 5602 quem
2136 5536 2423 5600 innovasti,
2457 5547 2508 5591 et
2541 5538 2645 5591 erit
2676 5547 2730 5591 nt
2762 5549 2812 5593 te
2840 5549 3213 5593 revereantttr.
3250 5558 3270 5592 ι
3303 5539 3513 5594 δρουιιι

1943 5630 2065 5682 dum
2097 5630 2500 5698 profundiorem
2533 5630 2864 5702 intelligendi
2900 5633 3163 5688 rationem
3195 5674 3210 5699 ,
3240 5646 3362 5687 eum
3396 5632 3509 5702 jam

1939 5718 2235 5789 alloquitur
2288 5719 2372 5775 cui
2404 5719 2526 5775 dicit
2561 5760 2576 5787 ,
2628 5740 2645 5773 ι
2681 5724 2833 5793 quasi
2871 5739 3060 5780 murus
3094 5738 3252 5793 quem
3283 5723 3509 5778 innova-

3146 5822 3183 5881 7
