2036 3097
241 142 295 172 εδδ

576 141 708 170 EUSEBII
726 140 965 169 CAESABIENSIS
984 141 1058 169 OPP.
1080 141 1168 170 PARS
1186 141 1231 169 IlI.
1251 157 1285 161 —
1303 141 1506 171 EXEGETICA.

1801 146 1854 174 204

242 201 296 233 sli,
325 209 334 226 ›
361 199 485 227 videlicet
500 199 593 226 Deum.
619 199 687 233 Quid
704 207 770 234 ergo
784 199 835 226 sibi
857 199 914 226 vult
941 199 1005 226 illud

1077 199 1109 225 Τί
1132 196 1177 225 οῦν
1195 198 1317 234 βούλεται
1331 199 1361 225 τὸ
1384 199 1528 235 τολμηρῶς
1548 199 1642 227 δοκοῦν
1667 200 1799 237 εἰρῆσθαι,
1813 204 1853 235 τὸ,

242 244 312 279 quod
329 251 394 271 sane
421 249 521 271 temere
544 244 644 271 dictum
660 244 793 277 videatur,
819 253 828 269 (
850 243 927 275 Erit,
951 248 980 270 ut
998 248 1023 272 te

240 288 436 316 revereantur?
448 298 456 314 ι
473 288 541 321 Ideo,
559 288 655 322 inquit,
673 288 764 316 firmas
783 288 934 329 miltiii‘ntns
951 289 1024 324 cogi-

242 336 359 363 tationes
374 335 503 370 elargitus
516 342 545 362 es
557 356 564 368 ,
589 335 624 362 ila
642 340 672 361 ut
689 335 733 369 qui
750 334 857 363 ses‘e‘ad
872 328 1023 363 tegminime

241 384 411 412 convertunt,
427 381 464 407 tui
480 381 659 408 reverentiam
673 371 800 411 habeant.
812 381 846 414 ob
864 371 1021 416 argumenta

241 434 274 453 ex
287 426 378 453 inditis
392 426 456 453 mihi
470 426 623 461 pra-validis
645 427 856 461 cogitationibus
872 427 937 461 ipsis
948 428 1022 454 obla-

240 477 279 499 ta.
295 472 377 499 Deest
399 472 487 506 itaque
509 471 573 499 illud
586 492 593 503 ,
612 481 621 498 ι
641 472 710 507 ipsi,
732 482 741 499 ι
757 478 786 500 ιιι
801 480 866 500 sana
880 474 1020 501 verborum

240 518 373 546 sententia
388 518 526 551 reddatur,
544 527 552 543 ι
571 518 603 544 Et
615 518 667 545 erit
684 523 713 545 ut
725 519 773 553 ipsi
792 520 969 547 reverentiam
983 520 1020 547 tui

240 565 368 592 habeant.
400 573 408 590 ι
432 563 660 597 Quemadmodum
686 565 755 592 enim
774 566 820 599 qui
838 566 864 592 in
882 566 957 594 bellis
975 567 1021 593 ad-

240 618 318 638 versa
333 610 402 637 facie
417 610 579 642 consistunt,
596 611 713 644 quandiu
731 619 807 646 aequo
823 616 908 648 marte
924 620 1021 648 pugna-

240 660 294 688 tur,
310 664 363 683 non
382 660 456 691 terga
478 657 563 688 dant,
578 663 663 690 neque
685 657 777 692 pedem
800 658 941 691 referunt;
960 666 1020 686 cum

239 707 328 729 autem
351 702 434 729 altera
461 710 523 736 pars
541 702 667 737 praevalet
681 722 688 735 ,
708 707 770 730 tunc
786 703 874 738 fugam
898 703 1018 737 faciunt;

239 748 276 775 ita
292 752 318 776 et
333 749 421 775 anima
441 748 612 783 impudenter
624 749 650 776 in
670 748 728 776 acie
743 749 832 777 stabat
849 757 899 777 nec
913 757 1020 777 revere-

237 795 337 827 batnr;
356 795 440 821 verbo
456 798 545 821 autem
569 794 669 823 efﬁcaci
687 796 808 822 convicta
822 815 829 827 ,
845 795 871 822 in
889 795 1019 830 pudorem

237 845 263 867 et
279 840 461 867 reverentiam
476 840 600 866 vertitur.
616 840 648 867 Et
667 842 728 875 quia
742 840 767 867 in
784 841 891 867 occulta
904 841 1019 868 hominis

235 890 312 920 parte
326 886 384 912 haec
394 885 535 912 conversio
548 885 672 918 efﬁcitur,
685 886 813 921 ὲντροπή,
829 886 885 914 sive
900 886 1017 920 confusio

237 936 418 966 nuncupatur.
435 931 495 958 Ideo
509 939 575 966 ergo
591 937 686 958 venter
700 932 807 959 sonabit
821 951 829 963 ,
849 936 877 959 et
891 927 1018 959 interiora

237 977 315 1011 quasi
335 985 446 1010 murus,
470 986 549 1014 quem
564 978 970 1023 ἰριιονλεὶι(,θῦμα-»ριξᾳριμεηιξες
990 983 1018 1004 ut

236 1026 383 1056 mutentur;
397 1028 423 1050 et
436 1024 645 1054 confundantur,
665 1018 801 1058 Deumque
823 1018 994 1051 reveroaniur
1009 1029 1016 1051 :‘

236 1069 352 1095 antehac
365 1069 439 1095 utilis
451 1070 563 1103 pudoris
578 1070 673 1100 ignari.
693 1069 743 1095 Per
756 1069 818 1094 illud
835 1077 909 1100 sane.

269 1113 350 1141 Vens.
367 1114 410 1140 12.
432 1123 441 1139 ι
467 1114 534 1146 Quia
548 1114 708 1148 defatigatus
728 1118 770 1141 est
783 1114 858 1141 Moab
877 1114 903 1140 in
919 1114 1015 1140 altari-

233 1158 284 1186 bus
295 1180 303 1192 ,
317 1163 344 1186 et
359 1159 525 1194 ingredietur
540 1160 565 1186 in
590 1160 741 1187 manufacta
763 1160 794 1186 ad
816 1161 948 1187 orandum
960 1180 968 1193 ,
989 1165 1016 1187 et

233 1212 286 1232 non
306 1209 432 1239 poterunt
452 1212 546 1232 eruere
566 1205 637 1232 illum
651 1225 658 1237 ,
679 1215 687 1231 ι
705 1205 820 1233 fortasse
845 1206 933 1233 omnis
956 1206 1014 1233 ido-

234 1250 348 1277 lolatrize
365 1251 573 1278 desunctioneln
594 1271 602 1280 .
623 1251 649 1277 in
674 1251 725 1278 line
743 1259 775 1278 ex
801 1251 916 1279 adventu
935 1251 1014 1279 Verbi

233 1296 350 1324 futuram
365 1316 373 1328 ,
395 1297 559 1323 vaticinatur
584 1296 666 1324 Isaias
690 1305 696 1323 :
720 1297 780 1331 quia
797 1304 892 1324 omnes
908 1297 934 1324 in
950 1304 1016 1325 θοα-

234 1342 370 1371 struendis
386 1342 492 1377 templis
510 1342 636 1377 insumpti
657 1341 761 1369 labores
782 1342 842 1368 vani
867 1346 952 1374 sunt,
973 1343 1015 1369 in-

233 1388 425 1422 fructuosaque
447 1395 509 1423 spes
534 1388 560 1415 in
590 1387 750 1423 manufactis
779 1387 876 1422 posita.
903 1397 913 1413 ι
936 1387 1014 1420 Nam,

233 1435 332 1469 inquit,
355 1435 490 1468 orabunt,
511 1440 535 1462 et
556 1442 609 1462 non
630 1439 755 1469 poterunt
775 1439 871 1461 eruere
890 1433 974 1461 illum.
1003 1443 1012 1460 ι

232 1479 364 1507 Caeterum
394 1480 444 1506 hoc
458 1479 514 1513 jam
537 1479 563 1506 in
590 1479 705 1506 adventu
728 1479 828 1506 Christi
852 1479 1014 1514 completum

1077 255 1086 271 ι
1108 246 1203 272 Ἔσται
1214 247 1253 278 είς
1263 247 1293 272 τὸ
1309 247 1473 282 έντραπῆναί
1489 255 1530 272 σε.
1548 255 1558 272 ›
1571 247 1620 273 Διὰ
1631 247 1710 273 τοῦτό
1724 256 1779 283 μοι,
1806 257 1856 285 φη-

1074 291 1125 322 σὶν,
1150 291 1274 326 ἰσχυροὺς
1296 291 1413 326 ἐχαρίσω
1434 289 1539 316 ἔνδοθεν
1561 291 1624 322 τοὺς
1646 290 1853 326 διαλογισμούς·

1073 335 1142 361 ὥστε
1154 336 1216 367 τοὺς
1228 335 1275 362 νῦν
1292 336 1329 371 μὴ
1342 335 1553 371 ἐπιστρέφοντας
1574 336 1620 362 ἐπὶ
1639 336 1668 362 σέ
1691 337 1856 372 ὲντραπῆναί

1074 390 1113 412 σε,
1125 381 1168 407 διὰ
1179 380 1231 407 τῶν
1243 381 1359 416 ἐλέγχων
1374 382 1427 408 τῶν
1441 382 1649 417 προσαγομένων
1665 383 1755 414 αὐτοῖς
1766 383 1797 409 ὲκ
1808 383 1857 419 τῆς

1072 427 1125 454 τῶν
1138 427 1284 463 δεδομένων
1301 436 1344 463 μοι
1352 427 1487 462 λογισμῶν
1503 427 1632 459 εὐτονίας.
1647 428 1741 454 Λειπει
1754 426 1801 455 οὖν
1815 429 1854 462 τὸ,

1076 483 1084 499 ι
1099 474 1207 505 αὐτοὺς,
1231 484 1240 499 ›
1256 474 1301 500 ἴνα
1311 474 1396 508 ὑγιῶς
1410 475 1425 500 ὁ
1440 473 1501 505 νοῦς
1513 473 1566 500 τῶν
1580 473 1708 509 ῥημάτων
1727 474 1855 510 ἀποδοθῇ,

1075 528 1083 544 ι
1100 519 1157 545 Kal.
1177 518 1252 545 ἔσται
1266 519 1305 549 εἰς
1320 518 1350 544 τὸ
1367 519 1532 554 ὲντραπῆναι
1549 518 1647 550 αὐτούς
1661 527 1701 547 σε.
1722 528 1731 544 ι
1750 519 1855 554 Ὥσπερ

1072 562 1126 598 γὰρ
1144 564 1168 589 οἱ
1181 563 1209 589 ἐν
1223 565 1279 595 τοῖς
1294 563 1421 598 πολέμοις
1434 564 1634 599 ἀντιπρόσωποι
1652 564 1778 597 ἑστῶτες,
1804 565 1856 597 ἕως

1074 609 1122 644 μὲν
1136 609 1270 640 ἰσοπαλεῖς
1283 609 1407 636 δοκοῦσιν
1421 608 1500 641 εἶναι,
1521 610 1550 636 οὐ
1576 610 1720 645 τρέπονται
1739 611 1798 637 οὐδὲ
1811 612 1856 637 ὲκ-

1071 654 1217 686 κλίνουσιν,
1228 654 1335 681 ἐπειδὰν
1345 655 1372 681 δὲ
1385 655 1506 692 ὑπερέχῃ
1523 655 1611 681 αὐτῶν
1623 656 1652 682 τὸ
1661 656 1753 692 ἕτερον
1763 655 1854 692 μέρος,

1070 701 1220 736 τραπέντες
1236 701 1378 735 φεύγουσιν
1388 709 1394 716 ·
1412 701 1482 727 οὕτω
1498 701 1545 727 καὶ
1559 702 1630 737 ψυχὴ
1643 702 1695 728 ὑπὸ
1718 702 1856 734 ἀναιδείας

1070 746 1298 782 παρατεταγμένη
1309 746 1423 782 ἕστηκεν
1434 747 1483 774 οὐκ
1493 747 1687 783 ὲντρεπομένη,
1700 747 1856 783 ἐλεγχθεῖσα

1069 792 1097 818 δὲ
1119 792 1170 819 ὑπὸ
1195 792 1274 826 λόγου
1288 792 1494 827 καθαπτομένου
1516 792 1610 827 αὐτῆς,
1634 792 1764 828 τρέπεται
1786 793 1855 829 πρὸς

1070 838 1210 873 αἰσχύνην.
1225 839 1279 865 Καὶ
1297 838 1391 873 ἐπειδὴ
1411 839 1439 864 ἐν
1462 837 1500 873 τῷ
1515 838 1627 874 κρυπτῷ
1640 837 1687 865 τοῦ
1709 837 1853 874 ἀνθρώπου

1069 885 1173 919 γίνεται
1193 886 1209 920 ή
1222 884 1320 921 τροπὴ,
1333 884 1452 920 ἐντροπὴ
1467 885 1696 920 προσηγόρευται.
1714 884 1764 911 Διὰ
1774 885 1853 911 τοῦτο

1074 930 1119 959 οὖν
1134 933 1150 967 ἡ
1170 932 1258 959 κοιλία
1269 933 1378 967 ἠχήσει,
1392 932 1438 958 καὶ
1453 932 1486 958 τὰ
1502 931 1586 964 ἐντὸς,
1602 933 1666 958 ὡσεὶ
1688 933 1774 967 τεῖχος
1786 932 1800 958 δ
1812 933 1853 959 ὲν-

1068 979 1203 1005 εκοιινισεν
1216 980 1229 1005 ό
1240 978 1305 1010 Θεὸς
1321 977 1368 1004 τοῦ
1385 978 1524 1013 προφήτου
1535 986 1542 992 ⁸
1559 978 1602 1004 ἵνα
1625 977 1796 1012 μεταϐάλωσι
1806 978 1853 1005 καὶ

1068 1024 1230 1060 ὲντραπῶσι,
1246 1023 1292 1050 τοῦ
1315 1023 1446 1050 αἰδεῖσθαι
1473 1023 1548 1053 Θεὸν,
1579 1023 1710 1059 πρότερον
1730 1023 1780 1050 οὐκ
1803 1023 1853 1049 ὲπ-

1069 1071 1204 1105 ιστάμενοι
1218 1072 1266 1105 τὴν
1278 1069 1413 1104 ὠφέλιμον
1427 1068 1566 1104 αἰσχύνην.
1576 1069 1623 1096 Διὰ
1641 1070 1730 1104 μέντοι
1741 1068 1799 1102 τοῦ,

1104 1125 1113 1141 ι
1133 1117 1192 1142 Ὅτι
1208 1116 1336 1142 ἐκοπίασε
1349 1115 1434 1142 Μωὰσ
1454 1115 1499 1141 ἐπὶ
1527 1117 1584 1147 τοῖς
1600 1115 1712 1150 βωμοῖς,
1734 1115 1781 1141 καὶ
1796 1116 1853 1141 εἰσ-

1065 1161 1202 1188 ελεύσεται
1221 1162 1260 1192 είς
1278 1161 1312 1187 τὰ
1339 1160 1523 1196 χειροποίητα,
1549 1161 1618 1187 ὥστε
1641 1160 1851 1196 προσεύξασθαι,

1065 1207 1112 1233 καὶ
1126 1207 1155 1233 οὐ
1171 1206 1208 1242 μὴ
1219 1207 1346 1233 δύνωνται
1370 1205 1506 1238 ἐξελέσθαι
1526 1206 1606 1233 αὐτόν
1615 1215 1622 1221 ·
1638 1216 1647 1232 ι
1661 1206 1730 1241 τάχα
1743 1206 1789 1232 τὸν
1806 1206 1853 1233 ἐπὶ

1064 1253 1135 1280 τέλει
1153 1253 1306 1288 ἀφανισμὸν
1323 1253 1413 1288 πάσης
1435 1253 1657 1288 είδωλολατρείας
1679 1253 1712 1279 ὲκ
1731 1252 1780 1287 τῆς
1803 1252 1852 1279 τοῦ

1065 1299 1144 1333 λόγου
1164 1298 1333 1333 ἐπιφανείας,
1352 1298 1515 1334 προφητεύει
1538 1299 1552 1324 ό
1575 1298 1703 1330 Ἡσαΐας·
1733 1298 1774 1325 ὅτι
1800 1298 1852 1334 μά-

1064 1354 1133 1372 ταιοι
1151 1344 1249 1375 πάντες
1269 1345 1293 1370 οἱ
1316 1344 1361 1370 ἐπὶ
1378 1345 1437 1375 ταῖς
1459 1345 1640 1375 κατασκευαῖς
1655 1343 1709 1370 τῶν
1721 1343 1791 1371 ναῶν
1803 1343 1851 1379 μό-

1065 1383 1133 1426 χθοι,
1150 1391 1198 1417 καὶ
1212 1391 1359 1425 ἀνωφελεῖς
1382 1391 1410 1417 αἱ
1432 1391 1471 1422 εἰς
1491 1390 1525 1416 τὰ
1544 1389 1718 1425 χειροποίητα
1734 1389 1848 1421 ἐλπίδες.

1069 1446 1078 1462 ι
1096 1436 1293 1472 Προσεύξονται
1312 1436 1377 1472 γὰρ,
1394 1436 1470 1471 φησὶ,
1488 1437 1535 1463 καὶ
1549 1437 1579 1462 οὐ
1598 1435 1634 1471 μὴ
1659 1435 1788 1462 δύνωνται
1804 1434 1846 1467 ἒξ-

1065 1483 1172 1510 ελέσθαι
1183 1483 1274 1509 αὐτόν.
1290 1492 1299 1508 ι
1310 1482 1394 1509 Τοῦτο
1405 1482 1433 1508 δὲ
1447 1482 1494 1508 νῦν
1511 1482 1556 1508 ὲπ¹ι
1569 1482 1618 1516 τῆς
1633 1480 1749 1517 Χριστοῦ
1760 1480 1851 1515 ἐπιδη-

232 1531 274 1553 est
296 1535 303 1552 :
327 1525 371 1552 illa
395 1526 492 1560 quippe
514 1525 578 1553 olim
604 1525 706 1552 famosa
723 1525 819 1559 templa
845 1532 893 1559 pro
919 1532 1015 1559 scopu—

1067 1529 1130 1564 μίας
1145 1528 1340 1564 πεπλήρωται·
1358 1528 1418 1555 ἀντὶ
1441 1527 1580 1554 σκοπέλων
1596 1527 1643 1562 μὲν
1659 1527 1712 1562 γὰρ
1736 1527 1850 1561 ἑστήκα-

231 1571 266 1599 lis
292 1570 427 1598 habentur
449 1582 455 1598 :
485 1578 534 1598 nec
557 1571 627 1598 ultra
651 1570 702 1598 illa:
730 1570 880 1598 daemonum
904 1570 1017 1599 fallacia:

231 1617 399 1649 consistunt,
425 1616 579 1645 adversaria
612 1617 656 1643 illa
686 1621 816 1652 potestate
842 1624 890 1652 per
918 1621 1016 1652 myste-

233 1663 302 1690 rium
331 1664 421 1691 crucis
447 1663 473 1690 in
500 1667 556 1691 toto
584 1663 649 1690 orbe
678 1663 850 1697 praedicatum
874 1662 901 1689 in
926 1662 1016 1698 fugam

232 1716 321 1736 versa.

268 1754 349 1782 Vens.
367 1755 417 1787 l5.
437 1754 481 1781 14.
506 1763 515 1779 ‹
542 1754 597 1781 Hoc
621 1753 730 1781 verbum
754 1753 826 1788 quod
848 1753 951 1781 locutus
974 1757 1016 1780 est

233 1804 361 1832 Dominus
381 1810 462 1839 super
478 1802 554 1830 Moab
569 1822 576 1835 ,
590 1803 699 1837 quando
714 1802 820 1829 locutus
831 1806 882 1831 est.
898 1801 931 1829 Et
944 1809 1015 1829 nunc

210 1862 214 1863 ν
231 1850 293 1877 dico
308 1849 334 1878 in
359 1849 445 1876 tribus
461 1848 538 1875 annis
559 1855 689 1875 annorum
707 1847 864 1875 mercenarii
878 1867 886 1880 ,
899 1848 1014 1875 inhono-

232 1903 336 1930 rabitur
352 1902 438 1936 gloria
452 1899 540 1931 Moab,
557 1900 583 1926 in
597 1899 723 1927 omnibus
734 1900 835 1927 divitiis
850 1899 942 1927 multis
960 1907 967 1926 :
985 1904 1013 1927 et

231 1949 399 1983 relinquetur
417 1947 562 1978 mlnimus,
582 1950 609 1973 et
629 1953 680 1973 non
697 1947 855 1973 honoratus.
876 1955 886 1972 ι
902 1945 954 1973 Pro
968 1946 1012 1973 illo

231 1995 301 2028 apud
318 1992 388 2020 LXX
401 1992 562 2027 lnterpretes
575 1991 656 2024 dicto,
673 2000 683 2017 ι
702 1991 730 2018 In
747 1992 833 2019 tribus
846 1992 925 2019 annis
944 1999 1014 2019 mer-

231 2039 333 2067 cenarii
357 2038 563 2066 inhonorabitur
588 2037 672 2073 gloria
698 2036 796 2070 Moab,
823 2046 831 2063 ι
853 2037 1013 2072 interposita

231 2086 302 2121 apud
314 2085 430 2120 reliquos
452 2085 611 2118 interpretes
627 2083 774 2115 distinctio,
791 2083 934 2112 clariorem
949 2091 1011 2111 sen-

231 2133 343 2160 tentiam
368 2131 449 2158 etiicit
473 2139 480 2157 :
507 2138 569 2157 nam
594 2131 740 2157 secundum
757 2130 881 2165 Aquilam
903 2130 1011 2162 dicitur,

233 2188 243 2204 ι
263 2178 290 2205 ln
302 2177 387 2205 tribus
402 2176 479 2203 annis
493 2176 670 2208 mercenarii;
690 2184 699 2201 ι
718 2178 863 2202 secundum
885 2175 1012 2211 Symma-

1068 1584 1109 1601 σιν
1127 1576 1151 1601 οἱ
1165 1575 1225 1602 ναοὶ
1240 1574 1407 1610 περιὸόητοι,
1419 1573 1510 1600 οὐκέτι
1525 1573 1553 1600 δὲ
1569 1574 1597 1599 αἱ
1615 1573 1669 1599 ἀπὸ
1687 1573 1740 1599 τῶν
1754 1572 1848 1608 δαιμό-

1066 1630 1119 1648 νων
1131 1621 1243 1651 ἀπάται,
1260 1619 1472 1654 φυγαδευθείσης
1492 1618 1542 1653 τῆς
1561 1618 1750 1653 ἀντικειμένης
1769 1617 1850 1645 δυνά-

1067 1676 1139 1703 μεως
1150 1666 1195 1693 διὰ
1210 1666 1239 1693 τὸ
1254 1666 1401 1701 μυστήριον
1413 1664 1460 1691 τοῦ
1479 1663 1594 1698 σταυροῦ
1611 1663 1658 1690 τοῦ
1676 1663 1746 1690 κατὰ
1759 1664 1850 1691 πᾶσαν

1065 1713 1113 1748 τὴν
1126 1712 1286 1747 οἰκουμένην
1298 1720 1364 1746 κεκη
1370 1711 1513 1746 ρυγμένου.

1102 1768 1112 1784 ι
1130 1758 1215 1785 Τοῦτο
1234 1758 1264 1784 τὸ
1286 1758 1359 1793 ῥῆμα
1374 1757 1387 1783 δ
1408 1757 1522 1792 ὲλόιλησε
1550 1755 1651 1790 Κύριος
1678 1755 1724 1780 ἐπὶ
1749 1753 1847 1786 Μωὰσ,

1063 1805 1142 1832 ὁπότε
1159 1804 1283 1838 ὲλάλησε.
1297 1803 1352 1830 Kal.
1364 1803 1411 1829 νῦν
1428 1802 1508 1836 λέγω,
1525 1802 1554 1828 ὲν
1570 1801 1658 1836 τρισὶν
1672 1800 1758 1826 ἐτεσιν
1780 1799 1849 1825 ὲτῶν

1066 1849 1199 1886 μισθωτοῦ
1219 1848 1434 1884 ἀτιμασθήσεται
1449 1849 1465 1883 ὴ
1482 1847 1544 1880 δόξα
1556 1846 1642 1873 Μωὰϐ
1654 1847 1682 1872 ὲν
1699 1845 1781 1873 παντὶ
1808 1844 1849 1877 τῷ

1064 1895 1170 1930 πλούτῳ
1180 1894 1220 1930 τῷ
1234 1894 1333 1929 πολλῷ,
1359 1894 1406 1921 καὶ
1419 1892 1666 1929 καταλειφθήσεται
1693 1891 1841 1927 ὀλιγοστδς,

1064 1943 1110 1969 καὶ
1123 1942 1172 1968 οὐκ
1185 1941 1302 1976 ἔντιμος.
1322 1950 1331 1966 ›
1354 1940 1426 1967 Ἀντὶ
1445 1941 1534 1976 μέντοι
1549 1939 1595 1965 τοῦ
1612 1938 1688 1973 παρὰ
1710 1939 1767 1969 τοῖς
1782 1937 1844 1964 Ἑϐ-

1062 1987 1214 2022 δομήκοντα
1250 1985 1399 2020 φάσκοντος
1434 1985 1525 2019 λόγου,
1551 1994 1560 2009 ‹
1594 1984 1639 2009 Ἐν
1650 1983 1737 2018 τρισὶν
1760 1982 1847 2008 ἐτεσιν

1064 2032 1199 2069 μισθωτοῦ
1221 2031 1436 2067 ἀτιμασθήσεται
1460 2032 1476 2066 ὴ
1504 2029 1566 2063 δόξα
1596 2028 1692 2061 Μωὰϐ,
1714 2038 1723 2053 ι
1743 2028 1760 2062 ἡ
1776 2026 1848 2054 κατὰ

1062 2080 1124 2111 τοὺς
1143 2079 1251 2110 λοιποὺς
1265 2077 1434 2114 έρμηνευτὰς
1444 2076 1581 2111 διαστολὴ,
1596 2074 1696 2110 μεταξὺ
1708 2073 1846 2109 βληθεῖσα,

1063 2125 1231 2160 σαφεστέραν
1243 2124 1392 2158 κατέστησε
1409 2122 1457 2158 τὴν
1478 2122 1606 2148 διάνοιαν·
1626 2120 1696 2146 κατὰ
1721 2119 1769 2154 μὲν
1793 2118 1847 2153 γὰρ

1062 2169 1106 2195 τὸν
1127 2169 1240 2195 Ἀκύλαν
1255 2168 1362 2203 εἴρηται
1372 2186 1379 2198 ,
1394 2177 1402 2192 ι
1415 2167 1458 2192 Ἐν
1473 2166 1559 2201 τρισὶν
1576 2164 1646 2190 ἔτεσι
1663 2162 1797 2198 μισθωτοῦ
1810 2171 1816 2177 ·
1834 2171 1844 2187 ι

230 2224 311 2250 chum
325 2229 388 2250 vero
400 2244 407 2254 ,
432 2231 441 2247 ι
459 2221 496 2248 Ex
519 2228 550 2248 eo
570 2225 689 2255 tempore
711 2225 738 2247 et
761 2229 833 2247 nunc
851 2221 954 2248 locutus
970 2224 1011 2248 est

1067 2215 1133 2241 κατὰ
1157 2215 1185 2241 δὲ
1211 2215 1255 2240 τὸν
1277 2214 1431 2249 Σύμμαχον,
1445 2222 1454 2238 ι
1470 2212 1583 2238 Ἔκτοτε
1605 2210 1651 2236 καὶ
1664 2209 1711 2235 νῦν
1735 2208 1847 2243 ὲλόιλησε

230 2269 359 2297 Dominus
374 2269 465 2296 dicens
478 2287 485 2299 ,
500 2267 527 2294 ιιι
547 2266 632 2293 tribus
655 2267 731 2293 annis
746 2266 822 2300 quasi
839 2274 920 2301 Super
936 2273 1009 2293 mer—

229 2313 385 2347 canarium;
408 2323 417 2339 I
433 2313 579 2341 secundum
595 2312 804 2339 Theodotionem
821 2317 922 2344 autem,
941 2321 949 2337 ι
970 2311 1010 2339 Ab

230 2369 263 2388 eo
283 2365 400 2394 tempore
425 2365 452 2386 et
473 2366 543 2385 nunc
566 2358 668 2385 locutus
685 2362 727 2385 est
750 2357 878 2384 Dominus
900 2357 1009 2390 dicens,

230 2407 259 2435 In
274 2407 358 2434 tribus
388 2405 482 2436 annis,
500 2404 575 2438 quasi
592 2404 668 2430 annis
684 2403 853 2430 mercenarii.
876 2412 885 2428 ι
899 2403 1010 2435 Deinde,

230 2453 284 2480 alio
306 2455 442 2485 resumpto
458 2449 591 2484 principio
605 2469 612 2481 ,
629 2448 727 2475 dicitur
743 2448 814 2482 apud
831 2447 948 2482 reliquos
971 2447 1013 2474 in-

230 2501 371 2531 terpretes,
391 2504 400 2521 ι
415 2494 448 2521 Ει
462 2493 668 2522 inhonorabitur
682 2492 767 2527 gloria
782 2491 860 2519 Moab
879 2499 939 2519 cum
954 2499 1014 2519 om-

229 2541 308 2569 nibus
323 2541 424 2568 divitiis
440 2540 542 2567 multis.
569 2548 578 2564 »
600 2538 666 2565 Nam
683 2538 836 2572 coniunctio
850 2558 857 2570 ,
882 2543 905 2565 et
919 2559 926 2571 ,
953 2546 1012 2573 quae

231 2588 320 2615 media
336 2587 526 2623 interponitur,
539 2586 619 2613 aliam
636 2585 716 2612 effert
729 2584 888 2612 sententiam
901 2604 908 2615 ,
925 2584 1012 2611 abhis

229 2634 330 2666 verbis,
345 2642 354 2658 ι
373 2633 406 2660 Ει
417 2632 623 2661 inhonorabitur
637 2632 720 2667 gloria
735 2631 812 2658 Moab
826 2639 833 2663 ;
853 2640 862 2656 ι
878 2637 938 2665 qum
948 2637 1012 2657 vero

230 2679 354 2714 superius
378 2684 515 2712 ponuntur
540 2677 692 2713 significant
718 2676 859 2704 Dominum
885 2675 1011 2710 praedicta

230 2724 320 2752 omnia
336 2723 370 2750 de
383 2722 460 2749 Moab
485 2724 510 2749 in
531 2724 618 2750 tribus
642 2722 720 2749 annis
743 2721 858 2748 locutum
884 2727 945 2748 esse
964 2727 1012 2754 per

232 2769 406 2804 prophetam,
421 2774 451 2793 ac
466 2767 488 2794 si
506 2768 629 2795 mercede
645 2767 818 2795 conduxisset
834 2773 893 2793 eum
908 2786 915 2798 ,
930 2770 1011 2799 atque

230 2814 353 2848 nt-bnjns
372 2813 517 2848 prophetiae
539 2813 688 2840 ministerio
704 2817 812 2840 vacaret
841 2811 1009 2846 przecepisse.

231 2861 288 2888 Non
304 2861 374 2888 enim
392 2859 617 2894 quemadmodum
634 2867 684 2886 nos
699 2863 782 2886 totam
799 2858 941 2887 lectionem
958 2865 1010 2884 una

1064 2262 1165 2297 Κύριος
1179 2261 1276 2295 λέγων,
1301 2261 1343 2286 Ἐν
1369 2260 1456 2294 τρισὶν
1472 2258 1559 2284 ἐτεσιν
1568 2256 1606 2288 ὡς
1621 2256 1667 2281 ἐπὶ
1685 2253 1844 2290 μισθωτοῦ-ι

1065 2306 1134 2334 κατὰ
1149 2306 1178 2332 δὲ
1193 2305 1238 2332 τὸν
1255 2298 1431 2335 Θεοδοτίωναέ
1445 2313 1454 2329 ι
1478 2302 1542 2329 Ἀπὸ
1568 2301 1627 2327 τότε
1651 2300 1698 2326 καὶ
1713 2298 1759 2325 νῦν
1784 2298 1847 2324 ἐλά-

1065 2353 1129 2388 λησε
1157 2352 1256 2387 Κύριος
1280 2352 1376 2386 λέγων,
1397 2350 1529 2385 Ἐντρισὶν
1552 2348 1638 2374 ἔτεσιν
1660 2346 1696 2378 ὡς
1717 2345 1847 2376 ἐνιαυτοῖς

1067 2397 1210 2434 μισθωτοῦ.
1232 2408 1241 2423 ι
1261 2395 1327 2424 Εἶτα
1343 2397 1396 2423 ἀπὸ
1414 2396 1509 2431 ἑτέρας
1533 2393 1620 2429 ἀρχῆς
1640 2393 1744 2428 εἴρηται
1771 2390 1847 2425 παρὰ

1065 2447 1120 2476 τοῖς
1149 2445 1250 2476 λοιποῖς
1279 2443 1466 2479 ὲρμηνευταῐς,
1493 2451 1501 2467 ι
1530 2441 1584 2466 Καὶ
1600 2436 1846 2474 ἀτιμασθήσεταιή

1065 2491 1128 2523 δόξα
1142 2490 1229 2517 Mde
1247 2490 1294 2516 σὺν
1310 2489 1390 2516 παντῖ¹
1402 2488 1440 2523 τῷ
1454 2487 1550 2522 πλήθει
1560 2485 1598 2521 τῷ
1613 2484 1710 2518 πολλῷ.
1723 2493 1732 2509 ι
1743 2484 1771 2510 ὐ
1781 2483 1846 2518 γὰρ,

1066 2536 1124 2569 καὶ,
1143 2536 1288 2571 σύνδεσμος
1306 2535 1385 2570 μέσος
1395 2533 1605 2569 παρεμϐληθεὶς,
1618 2532 1713 2567 ἑτέραν
1729 2530 1847 2557 διάνοιαν

1067 2582 1219 2617 παρέστησε
1233 2581 1281 2617 τὴν
1291 2581 1345 2607 ἀπὸ
1360 2580 1417 2611 τοῦ,
1431 2590 1440 2605 ι
1460 2580 1514 2606 Καὶ
1530 2578 1740 2613 ἀτιμασθήσεται
1754 2577 1770 2611 ἡ
1784 2575 1846 2608 δόξα

1066 2628 1167 2655 Μωάὂ·
1190 2637 1199 2653 ι
1218 2627 1248 2653 τὸ
1263 2627 1292 2653 δὲ
1309 2626 1460 2662 ἔμπροσθεν
1475 2625 1567 2660 ἐδήλου
1584 2624 1621 2655 ὡς
1634 2624 1662 2649 ὲν
1676 2622 1763 2658 τρισὶν
1776 2621 1846 2647 ἔτεσι

1065 2674 1098 2701 τὰ
1115 2673 1297 2710 προλεχθέντα
1312 2673 1400 2699 πάντα
1414 2672 1477 2707 περὶ
1492 2670 1541 2705 τῆς
1562 2668 1648 2696 Μωὰϐ
1668 2667 1769 2704 Κύριος
1782 2666 1846 2693 ἐλά-

1065 2720 1129 2755 λησε
1143 2719 1187 2745 διὰ
1204 2718 1250 2745 τοῦ
1267 2718 1417 2754 προφήτου,
1430 2717 1523 2751 ὥσπερ
1536 2714 1740 2750 μισθωσάμενος
1756 2711 1846 2743 αὑτὸν,

1065 2766 1112 2793 καὶ
1127 2765 1319 2800 ἀπασχολήσας
1336 2764 1400 2800 περὶ
1419 2764 1467 2798 τὴν
1480 2760 1631 2797 ὑπηρεσίαν
1648 2759 1697 2794 τῆς
1710 2759 1773 2794 περὶ
1786 2756 1846 2783 τού-

1065 2821 1119 2839 των
1138 2811 1313 2848 προφητείας,
1325 2811 1361 2837 Οὐ
1374 2810 1427 2845 γὰρ
1443 2808 1536 2843 ὥσπερ
1552 2807 1631 2842 ἡμεῖς
1649 2805 1754 2841 ἀθρόως
1784 2812 1846 2830 συν-

1065 2858 1193 2889 άπτοντες
1206 2858 1236 2884 τὸ
1253 2858 1305 2884 πᾶν
1329 2855 1493 2889 ἀνάγνωσμα
1502 2852 1671 2888 διερχόμεθα,
1685 2850 1757 2878 οὕτω
1772 2849 1819 2876 καὶ
1832 2849 1845 2874 ἑ
