4072 6194
458 301 559 360 ΞΟἺ

1114 272 1385 344 EUSEBII
1432 277 1909 340 CASSARIENSIS
1946 275 2098 335 OPP.
2139 274 2325 332 PARS
2360 276 2450 333 Ill.
2491 305 2559 317 —
2598 272 3005 333 EXEGETICA.

3604 267 3711 325 208

463 421 616 484 capta
647 419 751 467 est.
784 413 983 468 Verum
1004 408 1454 481 quemadmodum
1483 404 1683 461 reversi
1703 402 1872 459 Judazi
1908 402 2038 457 Hie-

2155 399 2466 473 ἐπλήρωσαν
2500 399 2819 471 οἰκητόρων,
2852 398 2945 450 τὸν
2993 392 3152 448 αὐτὸν
3189 391 3387 464 τρόπον
3432 389 3522 444 καὶ
3550 390 3585 461 ἡ
3617 390 3714 442 Δα-

466 503 795 574 rosolymam
829 505 1005 558 denuo
1028 502 1361 569 excitarunt,
1385 511 1548 569 alque
1574 498 1853 569 regionem
1881 497 2033 551 inco-

467 595 532 649 lis
562 594 931 664 repleverunt.
980 593 1047 647 ad
1073 592 1320 648 eumdem
1368 591 1581 644 modum
1612 598 1668 643 et
1697 588 1993 643 Damascus
2020 627 2035 651 ,

450 674 554 743 'illa
588 703 840 758 perpessa
870 728 885 751 ,
919 701 1037 756 qua:
1092 685 1146 739 in
1203 685 1485 754 pr0phetia
1526 682 1796 746 feruntur,
1842 694 2037 734 rursus

466 780 523 833 in
553 778 799 849 sequenti
832 787 1072 847 tempore
1101 785 1306 831 structa
1330 773 1431 829 fuit
1452 815 1466 840 ,
1507 774 1580 828 ita
1630 780 1690 827 ut
1717 771 1862 842 regia
1885 772 2041 826 sedes

469 872 525 926 in
553 884 615 923 ea
646 870 843 925 iterum
872 878 1193 938 poneretur.

543 984 561 1016 ι
600 964 662 1018 Ει
692 979 797 1018 non
829 964 966 1017 ultra
1009 966 1229 1031 regnum
1260 962 1313 1015 in
1345 961 1607 1014 Damasco
1636 972 1649 1011 :
1688 968 1740 1013 et
1763 957 2037 1011 residuum

470 1056 757 1128 Syrorum.
790 1073 807 1105 ι
837 1054 961 1108 llzec
988 1054 1238 1107 dicuntur
1266 1053 1417 1122 quasi
1452 1052 1747 1104 Damascus
1768 1056 2041 1118 superstes

471 1150 684 1219 quidem
714 1146 889 1200 futura
916 1146 1005 1210 sit,
1032 1145 1127 1199 sed
1158 1159 1261 1198 non
1292 1144 1494 1197 munita
1530 1150 1586 1197 et
1614 1141 1760 1211 regni
1792 1147 1952 1207 caput
1983 1148 2041 1193 ut

470 1240 618 1295 olim.
647 1239 880 1293 Possunt
909 1238 1033 1291 item
1078 1235 1181 1289 alio
1216 1234 1376 1288 modo
1425 1235 1537 1288 lucc
1588 1232 1705 1287 loca
1754 1231 2039 1302 eXplicari,

473 1332 625 1401 quasi
658 1330 867 1386 scilicet
895 1329 1174 1397 prophetia
1202 1325 1455 1380 Damasci
1501 1325 1691 1380 incolis
1734 1324 2041 1393 depressio-

472 1440 595 1480 nem
622 1433 672 1477 et
707 1422 969 1492 privatam
999 1420 1163 1473 vitam
1206 1417 1552 1486 praenuntiat.
1581 1416 1659 1470 lta
1692 1416 1833 1470 enim
1864 1416 2044 1471 dicere

472 1516 710 1572 solemus
744 1514 1011 1569 excidisse
1053 1511 1271 1564 divitem
1292 1548 1306 1573 ,
1338 1524 1461 1563 cum
1500 1509 1552 1561 in
1582 1516 1885 1562 extremam
1915 1523 2043 1575 pau-

470 1620 737 1682 pertatem
763 1607 1072 1671 devenerit;
1101 1603 1461 1671 similiterque
1488 1601 1663 1654 virum
1695 1600 2041 1662 honoratum,

472 1718 593 1759 cum
627 1701 884 1772 dignitate
927 1713 1023 1753 sua
1065 1696 1327 1766 Spoliatus
1373 1694 1554 1748 fuerit.
1589 1690 1704 1747 Non
1736 1692 1878 1746 enim
1907 1707 2045 1761 prte-

2147 492 2374 563 μασκὸς,
2412 490 2655 544 παθοῦσα
2672 490 2801 542 τότε
2830 487 2897 542 τά
2920 486 3023 541 ὑπὸ
3042 486 3139 556 τῆς
3170 479 3508 554 προφητείας
3534 479 3715 532 θεσπι-

2144 586 2358 648 σθέντα,
2400 581 2552 649 αὖθις
2580 586 2643 637 ἐν
2670 586 2783 647 τοῖς
2829 580 2965 653 μετὰ
3014 578 3187 632 ταῦτα
3212 577 3425 651 χρόνοις
3453 572 3717 643 ἀνῳκοδό-

2147 696 2303 752 μητο,
2334 679 2409 741 ὡς
2439 679 2528 732 καὶ
2553 677 2818 748 βασίλειον
2850 677 2905 727 ὲν
2941 674 3075 744 αὐτῇ
3106 671 3365 743 συστῆναι
3393 666 3574 722 πάλιν.

2221 978 2237 1008 ι
2280 957 2388 1011 Καὶ
2414 956 2594 1008 οὐκέτι
2623 950 2867 1022 βασιλεία
2904 952 2961 1002 ἐν
2987 944 3281 1018 Δαμασκῷ·
3324 945 3417 998 καὶ
3444 942 3505 996 τὸ
3549 939 3721 995 κατά-

2143 1050 2327 1103 λοιπον
2354 1046 2463 1100 τῶν
2484 1045 2691 1117 Σύρων.
2738 1062 2755 1094 ι
2796 1043 2882 1104 Ὡς
2913 1039 3022 1108 γὰρ
3066 1036 3365 1108 μελλούσης
3413 1032 3510 1105 μὲν
3551 1028 3721 1100 αὐτῆς

2144 1141 2382 1202 ἔσεσθαι,
2404 1139 2463 1192 ού
2492 1138 2597 1209 μὴν
2628 1137 2722 1190 καὶ
2756 1135 2955 1206 ὀχυρᾶς
2985 1130 3125 1185 κατὰ
3156 1130 3215 1183 τὸ
3248 1127 3473 1182 παλαιὸν
3502 1142 3724 1196 γενησο-

2147 1235 2334 1305 μένης,
2384 1231 2501 1285 οὐδὲ
2543 1227 2930 1301 βασιλευούσης
2968 1225 3140 1280 ταῦτα
3176 1224 3407 1296 εἴρηται.
3463 1220 3617 1274 Ἔστι
3663 1218 3721 1273 δὲ

2146 1325 2241 1379 καὶ
2274 1324 2445 1386 ἄλλως
2476 1320 2751 1375 ἐπιϐαλεῖν
2776 1322 2887 1383 τοῖς
2909 1318 3114 1381 τόποις,
3156 1317 3229 1380 ὡς
3262 1317 3362 1385 τῆς
3391 1311 3724 1384 προφητείας

2144 1416 2469 1471 ταπείνωσιν
2497 1417 2606 1477 τοῖς
2638 1416 2915 1484 οἰκήτορσι
2950 1408 3258 1481 Δαμασκοῦ,
3288 1408 3380 1460 καὶ
3400 1405 3511 1477 βίον
3537 1404 3724 1458 ἰδιωτι-

2146 1508 2241 1561 κὸν
2267 1504 2783 1580 προαναφωνούσης.
2814 1502 2968 1556 Οῦτω
2997 1498 3128 1569 γοῦν
3144 1498 3410 1570 εἰώθαμεν
3435 1496 3611 1564 λέγειν
3641 1495 3724 1548 ἐκ·

2145 1598 2486 1653 πεπτωκέναι
2528 1598 2617 1650 τὸν
2652 1593 3157 1659 πλούσιον,ὲπειδὰν
3190 1592 3265 1655 εἰς
3297 1590 3530 1660 ἐσχάτην
3558 1588 3722 1659 ἐλάσῃ

2150 1690 2359 1744 πενίαν·
2405 1692 2497 1744 καί⁸
2525 1689 2614 1743 τὸν
2647 1688 2883 1759 ἔντιμον,
2927 1685 3144 1739 ἐπειδάν
3177 1677 3238 1737 οὗ
3284 1684 3528 1754 μετεῖχεν
3564 1680 3726 1748 ἀξιώ-

471 1796 706 1852 stantior
738 1803 791 1866 tu
822 1807 881 1847 es
916 1791 1043 1846 ﬁliis
1076 1790 1241 1845 Israel
1305 1798 1358 1841 et
1388 1787 1557 1856 gloria
1587 1800 1797 1841 eorum.
1834 1758 1967 1839 Nam
2002 1785 2044 1839 si

2155 1797 2318 1853 ματος
2352 1779 2613 1851 στερηθῇ.
2649 1779 2722 1833 Οὐ
2757 1758 2865 1849 γὰρ
2897 1775 2961 1828 σὺ
2991 1774 3215 1846 βελτίων
3237 1768 3287 1826 εἶ
3324 1772 3429 1824 τῶν
3456 1770 3587 1823 υἰῶν
3628 1771 3725 1823 Ἰσ-

472 1884 564 1939 ille
584 1883 710 1939 olim
736 1880 965 1951 populus
990 1880 1083 1935 Dei
1104 1887 1467 1947 nuncupatus,
1484 1886 1787 1932 memorato
1810 1884 2048 1946 tempore

474 1975 733 2047 dignitate
755 1988 850 2027 sua
876 1972 1123 2041 lapsurus
1150 1968 1498 2040 est,pristina
1526 1966 1781 2022 libertate
1806 1975 1860 2023 et
1882 1981 2049 2037 regno

471 2067 808 2139 spoliandus,
855 2080 961 2119 non
985 2071 1067 2119 est
1100 2060 1243 2132 quod
1272 2071 1327 2116 tu
1362 2061 1660 2116 Damascus
1688 2061 1753 2116 de
1779 2059 1894 2130 pari
1916 2073 2047 2115 casu

473 2160 795 2232 indigneris.

544 2345 707 2398 Vens.
731 2342 785 2396 4.
811 2360 829 2392 ι
862 2339 985 2395 Haec
1004 2337 1135 2394 dicit
1154 2336 1415 2393 Dominus
1437 2336 1671 2394 Sabaoth
1700 2356 1713 2393 :
1738 2337 1855 2392 Erit
1879 2337 1931 2393 in
1958 2337 2046 2393 die

472 2437 564 2493 illa
603 2444 663 2491 ut
699 2433 913 2490 deﬁciat
945 2430 1110 2502 gloria
1153 2429 1317 2484 Jacob
1342 2470 1356 2492 ,
1382 2439 1437 2486 et
1468 2429 1684 2500 pinguia
1708 2429 1891 2502 gloria:
1930 2428 2046 2497 ejus

475 2532 939 2581 commoveantur.
974 2540 992 2573 ι
1028 2519 1094 2573 Et
1123 2517 1523 2572 animadvertas
1546 2516 1734 2582 velim,
1772 2532 1893 2571 eum
1936 2530 2044 2570 non

444 2635 453 2645 ·
475 2615 717 2670 funditus
741 2610 1119 2667 destruendam
1140 2616 1375 2678 gentem,
1391 2610 1484 2663 sed
1507 2617 1712 2663 tantum
1736 2609 1918 2680 gloria
1940 2609 2046 2679 pri-

478 2708 638 2764 stinae
660 2706 930 2777 jacturam
963 2702 1078 2759 fore
1108 2700 1435 2772 signiﬁcare.
1462 2699 1685 2765 Pinguia
1711 2715 1840 2756 vero
1863 2701 2048 2769 gloria:

476 2801 642 2871 prisci
692 2798 835 2853 illius
868 2796 1073 2868 pupuli,
1109 2802 1264 2849 erant
1303 2791 1667 2847 sacerdotium
1697 2801 1753 2847 et
1798 2807 2045 2863 regnum,

478 2906 693 2947 sacrum
722 2890 849 2944 item
898 2887 1166 2942 canticum
1208 2892 1263 2937 et
1310 2882 1490 2938 cultus
1529 2882 1823 2936 secundum
1873 2880 2046 2950 legem

476 2980 774 3053 praestitus,
806 2974 1160 3047 praphetandi
1205 2973 1379 3042 gratia
1414 2982 1469 3028 et
1497 2971 1670 3043 gentis
1709 2970 1952 3037 libertas,
1984 2985 2048 3025 ac

480 3080 525 3132 si
573 3092 680 3146 qua
719 3076 821 3128 alia
870 3086 1034 3143 penes
1072 3068 1348 3124 Judaicam
1400 3074 1610 3136 gentem
1662 3065 2044 3119 habebantur:

481 3184 602 3239 quae
628 3165 913 3221 confertim
940 3160 1299 3218 concutienda
1315 3166 1370 3214 et
1396 3157 1696 3213 amovenda
1728 3155 1843 3211 fore
1872 3168 2049 3211 sermo

478 3257 742 3330 praedicit.

555 3352 718 3408 Vsus.
748 3350 800 3415 5,
834 3350 886 3403 6.
923 3366 942 3399 ι
985 3347 1050 3402 Et
1078 3347 1184 3402 erit
1213 3342 1663 3416 quemadmodum
1710 3341 1755 3395 si
1794 3340 1915 3411 quis
1943 3339 2055 3395 col-

483 3443 677 3513 legerit
710 3454 935 3496 messem
979 3446 1239 3503 stantem,
1270 3444 1325 3489 et
1359 3447 1540 3489 semen
1589 3433 1863 3502 spicarum
1907 3446 2051 3485 mes-

484 3536 671 3593 suerit.
703 3535 768 3589 Et
792 3533 899 3588 erit
931 3529 1379 3603 quemadmodum
1409 3528 1453 3583 si
1479 3529 1601 3599 quis
1640 3526 1918 3598 collegerit
1946 3526 2055 3596 spi-

484 3645 579 3685 cas
612 3630 662 3682 in
689 3627 829 3682 valle
852 3640 1062 3697 aSpera,
1088 3636 1144 3679 et
1178 3623 1394 3678 relictus
1411 3622 1574 3676 fuerit
1598 3622 1649 3675 in
1682 3636 1743 3676 ea
1769 3618 1998 3675 culmus.
2030 3637 2048 3668 ι

486 3723 637 3779 Sicut
668 3722 810 3776 enim
851 3721 902 3775 in
940 3732 1112 3774 messe
1142 3717 1472 3787 colliguntur
1499 3716 1714 3784 quidem
1750 3713 1934 3783 spicae,
1969 3726 2056 3766 re-

483 3817 747 3886 linquitur
765 3823 947 3867 tamen
986 3811 1037 3865 in
1064 3824 1195 3879 agro
1214 3807 1424 3862 culmus
1452 3807 1632 3861 tenuis
1657 3822 1673 3872 ;
1721 3806 1793 3859 ita
1818 3803 2054 3857 futurum

486 3911 562 3963 ait
588 3907 871 3962 Iudaicum
893 3902 1170 3974 populum,
1194 3916 1359 3971 penes
1379 3915 1540 3971 quem
1569 3898 1731 3969 spicae
1754 3896 1884 3951 olim
1912 3906 2058 3950 stan-

486 4011 569 4056 tes
598 3998 961 4060 succidentur,
983 3995 1238 4064 solusque
1266 3991 1604 4061 relinquetur
1636 3989 1864 4045 culmus.
1900 3986 2055 4054 Quod

487 4095 533 4149 si
570 4094 691 4164 quis
718 4091 856 4161 apud
887 4104 980 4145 eos
1007 4088 1307 4159 reperiatur
1331 4085 1729 4140 existimatione
1759 4081 1979 4153 dignus,
2009 4080 2056 4135 is

486 4184 888 4256 comparabitur
928 4183 1109 4254 spicae,
1153 4196 1259 4237 non
1308 4180 1359 4235 in
1397 4177 1617 4248 planitie
1640 4218 1653 4238 ,
1692 4177 1785 4231 sed
1822 4176 1875 4230 in
1910 4174 2058 4229 valle

488 4280 634 4334 sicca
672 4284 728 4332 et
773 4288 962 4344 aspera
1004 4270 1270 4328 nascenti.
1314 4267 1578 4324 Caeterum
1620 4268 1769 4339 spica
1829 4264 2057 4321 indicari

487 4382 619 4443 puto
640 4371 864 4425 chorum
894 4365 1279 4436 discipulorum
1309 4362 1832 4434 etevangelistarum
1868 4360 2057 4417 Salva-

2153 1875 2287 1947 ραὴλ
2323 1877 2418 1930 καὶ
2436 1874 2536 1945 τῆς
2564 1872 2721 1944 δόξης
2756 1871 2953 1924 αὐτῶν.
2992 1870 3055 1922 Εἰ
3079 1868 3190 1939 γὰρ
3220 1870 3248 1921 ό
3276 1867 3443 1921 πάλαι
3474 1865 3568 1919 τοῦ
3591 1862 3724 1919 Θεοῦ

2148 1962 2498 2036 χρηματίζων
2526 1964 2736 2027 λαὸςςὲν
2763 1964 2874 2025 τοῖς
2900 1959 3212 2030 λεγομένοις
3242 1958 3454 2030 χρόνοις
3483 1958 3729 2011 ἐκπεσεῖ-

2147 2075 2237 2111 ται
2266 2056 2360 2109 τοῦ
2386 2056 2583 2110 οἰκείου
2611 2054 2941 2125 ἀξιώματος,
2962 2051 3175 2121 καὶτῆς
3213 2050 3381 2104 πάλαι
3406 2050 3534 2121 παρ’
3548 2048 3729 2110 αὐτοῖς

2149 2141 2570 2219 πολιτευομένης
2610 2146 2937 2216 αὐτονομίας
2980 2145 3075 2197 καὶ
3119 2142 3415 2211 βασιλείας·
3437 2141 3496 2192 ού
3530 2140 3635 2209 χρή
3670 2155 3731 2191 σε

2147 2241 2244 2312 τὴν
2276 2239 2563 2310 Δαμασκὸν
2594 2237 2663 2291 τὰ
2683 2238 2841 2308 ὃμοια
2876 2235 3187 2305 πάσχουσαν
3204 2230 3547 2300 ἀγανακτεῖν.

2217 2353 2236 2387 ¢
2272 2333 2411 2387 Τάδε
2441 2332 2591 2401 λέγει
2618 2330 2823 2401 Κύριος
2860 2325 3107 2380 Σαϐαὼθ·
3140 2325 3330 2378 Ἔσται
3363 2324 3420 2375 ὲν
3451 2324 3518 2393 τῇ
3546 2318 3733 2391 ἡμέρᾳ

2148 2427 2328 2498 ἐκείνῃ
2356 2423 2593 2493 ἔκλειψις
2622 2423 2720 2492 τῆς
2758 2416 2914 2489 δόξης
2967 2413 3178 2469 Ἰακώϐ·
3223 2414 3319 2468 καὶ
3346 2412 3413 2466 τὰ
3442 2411 3603 2464 πίονα
3634 2410 3732 2480 τῆς

2148 2521 2303 2592 δόξης
2324 2516 2498 2571 ἀὑτοῦ
2535 2512 2896 2583 σεισθήσεται.
2936 2527 2954 2558 ι
2992 2506 3102 2561 Καί⁸
3139 2505 3238 2559 θέα
3268 2506 3414 2568 ὅπως
3446 2503 3547 2556 οὐκ
3577 2500 3732 2555 ἀναί-

2152 2590 2298 2685 ρεσιν
2339 2609 2574 2679 παντελῆ
2605 2605 2700 2661 τοῦ
2747 2603 2931 2664 ἔθνους
2972 2598 3248 2670 σημαίνει,
3283 2595 3419 2650 ἀλλὰ
3448 2594 3546 2664 τῆς
3570 2590 3730 2661 δόξης

2148 2683 2346 2770 αὐτῶν,
2379 2700 2445 2775 ἦς
2478 2702 2721 2774 μετεῖχον
2769 2698 3051 2770 πρότερον,
3082 2692 3421 2761 καθαίρεσιν.
3459 2686 3629 2739 ΙῘίονα
3672 2683 3731 2736 δὲ

2147 2795 2215 2871 ἦν
2245 2798 2342 2869 τῆς
2386 2795 2476 2850 τοῦ
2502 2793 2766 2867 προτέρου
2810 2789 2942 2844 λαοῦ
2972 2787 3182 2858 δόξηςὴ
3216 2780 3503 2871 ἱερωσύνη,
3556 2777 3649 2871 καί
3694 2776 3730 2845 ἡ

2152 2866 2420 2961 βασιλεία,
2450 2886 2511 2939 τό
2540 2866 2598 2937 τε
2642 2884 2795 2951 ἅγιον
2826 2877 2978 2953 ᾆσμα
3022 2878 3116 2931 καὶ
3151 2877 3185 2945 ἡ
3231 2872 3374 2927 κατὰ
3411 2870 3609 2941 νόμους
3634 2866 3728 2918 λα-

2148 2983 2325 3056 τρεία,
2348 2982 2382 3051 ἥ
2410 2997 2471 3032 τε
2499 2976 2808 3050 προφητικὴ
2831 2974 3009 3045 χάρις,
3040 2970 3133 3024 καὶ
3167 2969 3201 3038 ἡ
3226 2966 3320 3019 τοῦ
3350 2963 3535 3026 ἔθνους
3567 2960 3717 3013 ἐλευ-

2151 3076 2327 3148 θερία,
2360 3074 2454 3126 καὶ
2483 3074 2582 3126 ὅσα
2622 3069 2755 3125 ἄλλα
2799 3068 2949 3141 παρὰ
2982 3065 3061 3136 τῷ
3090 3060 3369 3131 ⁹Ἰουδαίων
3397 3058 3559 3112 ἔθνει·
3592 3056 3733 3125 άπερ

2155 3168 2363 3239 ἁθρόως
2393 3160 2791 3234 σεισθήσεσθαι,
2826 3160 2918 3212 καὶ
2948 3154 3225 3215 παντελῶς
3264 3149 3534 3217 ἐκλείψειν
3589 3163 3724 3219 προ-

2155 3254 2409 3328 αγορεύει
2452 3256 2481 3307 ό
2520 3251 2697 3320 λόγος.

2235 3368 2254 3402 ι
2292 3349 2403 3404 Καὶ
2439 3347 2591 3400 ἔσται
2633 3344 2691 3397 ὃν
2734 3342 2931 3415 τρόπον
2960 3339 3053 3392 ἐάν
3085 3353 3169 3399 τις
3209 3333 3488 3403 συναγάγῃ
3527 3328 3737 3400 άμητὸν

2158 3437 2443 3508 ἑστηκότα,
2494 3436 2589 3488 καὶ
2640 3432 2859 3503 σπέρμα
2898 3426 3145 3498 σταχύων
3177 3424 3382 3495 άμήσῃ.
3427 3420 3539 3473 Καὶ⁹
3581 3418 3736 3470 ἐσται

2156 3534 2214 3586 ὃν
2247 3529 2444 3601 τρόπον
2468 3527 2562 3581 ἐάν
2587 3543 2672 3588 τις
2707 3523 2989 3595 συναγάγῃ
3019 3518 3219 3588 στάχυν
3258 3517 3314 3568 ἐν
3341 3514 3583 3584 φάραγγι
3614 3526 3737 3563 στεη

2160 3628 2275 3700 ρεᾷ,
2310 3625 2404 3679 καὶ
2424 3619 2754 3688 καταλειφθῇ
2790 3619 2846 3670 ἐν
2888 3615 3024 3683 αὐτῇ
3058 3610 3300 3680 καλάμη.
3342 3626 3361 3658 ι
3393 3606 3482 3700 Ὠς
3518 3602 3626 3675 γὰρ

2157 3692 2353 3791 άμητῷ
2398 3713 2717 3781 συνάγονται
2746 3707 2841 3779 μὲν
2868 3706 2918 3760 οἰ
2968 3704 3218 3774 στάχυες,
3254 3694 3639 3753 καταλείπεται
3680 3692 3739 3746 δὲ

2159 3784 2215 3865 ὲν
2243 3784 2491 3881 ’τῇ-χώρᾳ
2542 3803 2763 3873 καλάμη
2808 3799 2959 3871 ψιλή·
2998 3796 3139 3850 οὕτω
3175 3792 3337 3865 φησὶν
3383 3786 3602 3842 ἔσεσθαι
3646 3784 3741 3838 τὸν
3772 3804 3785 3817 ·

2171 3876 2436 3959 Ἰουδαίων
2469 3876 2641 3962 λαὸν,
2675 3891 3060 3964 άποτμηθέντα
3101 3887 3198 3960 μὲν
3243 3882 3351 3939 τῶν
3392 3880 3559 3935 πάλαι
3606 3876 3737 3948 παρ’

2160 3996 2341 4058 αὐτοῖς
2366 3989 2632 4061 σταχύων,
2663 3986 2828 4059 μόνης
2860 3983 2917 4035 δὲ
2944 3981 3042 4052 τῆς
3065 3976 3317 4048 καλάμης
3342 3976 3399 4026 ἐν
3425 3972 3613 4061 αὐτοῖς
3638 3984 3739 4061 κα-

2159 4057 2555 4154 ταλειφθείοῆς.
2718 4075 2774 4127 δὲ
2820 4073 2912 4126 καί
2952 4070 3052 4123 πού
3092 4084 3177 4154 τις
3219 4062 3413 4134 εὑρεθῇ
3461 4062 3518 4112 ἐν
3557 4057 3737 4119 αὐτοῖς

2161 4179 2307 4243 ἄξιος
2325 4148 2519 4244 λόγου,
2569 4166 3050 4240 παραϐληθήσεται
3077 4152 3231 4220 οὗτος
3257 4154 3467 4224 στάχυϊ,
3508 4148 3629 4220 οὑχί
3678 4149 3739 4201 ἐν

2160 4272 2238 4343 τῷ
2261 4269 2424 4339 πεδίῳ
2463 4265 2639 4336 φύντι,
2683 4260 2795 4315 ἀλλ’
2836 4259 2893 4310 ὲν
2936 4254 3136 4308 κοιλάδι
3176 4250 3268 4303 καὶ
3306 4248 3547 4318 φάραγγι
3569 4258 3741 4298 κατα-

2165 4333 2311 4437 ξῆρῳ
2358 4333 2453 4415 καὶ
2476 4333 2713 4427 στερεᾷ.
2757 4347 3054 4421 Δηλοῦσθαι
3092 4345 3149 4398 δὲ
3183 4338 3335 4413 οἶμαι
3363 4338 3450 4392 διὰ
3480 4334 3576 4390 τοῦ
3607 4333 3741 4387 στάν

491 4465 626 4520 toris
686 4462 894 4525 nostri,
948 4461 1013 4515 de
1078 4474 1186 4529 quo
1241 4457 1553 4528 superius"
1614 4453 2049 4521 dicebatur,¢Et

2326 4453 2417 4505 τὸν
2439 4424 2608 4521 χορὸν-
2628 4424 2737 4498 τῶν
2764 4440 2857 4494 τοῦ
2888 4438 3139 4507 Σωτῆρος
3166 4432 3323 4505 ἡμῶν
3359 4426 3614 4502 μαθητῶν
3645 4424 3744 4479 καὶ

490 4561 597 4614 nisi
622 4559 878 4613 Dominus
897 4554 1133 4610 Sabaoth
1157 4552 1467 4621 reliquisset
1493 4552 1647 4607 nobis
1668 4565 1877 4614 semen,
1901 4546 2056 4617 quasi

494 4652 725 4708 Sodoma
756 4648 1065 4712 fuissemus,
1097 4657 1150 4702 et
1176 4644 1329 4716 quasi
1362 4644 1669 4699 Gomorrlta
1697 4641 1901 4697 similes
1929 4640 2055 4695 facti

493 4758 753 4800 essemus.
793 4760 811 4792 ι

566 4947 586 4981 ι
622 4930 729 4985 Aut
758 4937 1009 4994 tanquam
1044 4937 1210 4994 grana
1246 4921 1401 4975 olivae
1424 4918 1531 4973 duo
1562 4915 1645 4971 vel
1680 4915 1780 4969 tria
1819 4914 1881 4967 ad
1922 4927 2064 4966 sum-

494 5021 732 5076 mitatem
777 5018 1082 5079 sublimem,
1119 5016 1202 5068 vel
1243 5024 1474 5081 quatuor
1500 5007 1580 5062 vel
1615 5008 1853 5078 quinque
1890 5006 1940 5058 in
1970 5019 2058 5057 ra-

494 5112 597 5165 mis
636 5125 820 5164 eorum
869 5108 1055 5163 relicta
1097 5106 1316 5159 iuerint.
1354 5123 1371 5154 ι
1413 5100 1645 5155 Tantam
1690 5100 1890 5168 quippe
1945 5096 2062 5151 fore

495 5204 569 5257 ait
594 5202 908 5272 eorum,qui
932 5217 997 5257 ex
1027 5198 1219 5255 lsraele
1244 5197 1560 5265 superstites
1586 5202 1761 5253 erunt,
1784 5192 2057 5244 raritatem

493 5302 548 5351 in
584 5306 824 5365 tempore
849 5338 864 5361 ,
895 5298 1035 5366 quod
1076 5296 1127 5349 in
1174 5291 1449 5363 prophetia
1496 5298 1733 5351 notatur,
1787 5296 1842 5338 ut
1873 5298 2060 5338 omnes

494 5390 657 5458 spicze
688 5387 779 5440 uni
817 5387 1115 5456 comparari
1153 5383 1360 5455 possint
1392 5400 1405 5446 ;
1452 5394 1546 5435 eos
1581 5387 1759 5432 autem
1793 5378 1880 5446 qui
1922 5390 2059 5445 prae-

498 5482 792 5537 stantiores
821 5480 959 5546 apud
993 5478 1111 5531 illos
1133 5488 1330 5541 erunt,
1366 5474 1478 5528 fore
1514 5470 1673 5541 quasi
1701 5472 1805 5523 duo
1841 5467 1925 5522 vel
1960 5468 2061 5520 tria

494 5588 662 5646 grana
698 5572 850 5626 oliva!
896 5570 949 5623 in
983 5572 1295 5625 summitate
1339 5566 1575 5624 sublimi.
1612 5563 1777 5631 Queis
1812 5559 2061 5616 subindi-

554 5754 600 5785 "
625 5752 752 5820 Cap.
778 5768 816 5817 ι,
854 5764 993 5806 vers.
1030 5748 1084 5803 9.

2163 4519 2577 4614 εύαγγελιστῶν,
2603 4554 2668 4591 πε
2677 4536 2730 4608 ρί
2761 4526 2822 4586 οῦ
2851 4531 2945 4585 καὶ
2962 4531 3017 4582 ἐν
3035 4530 3145 4589 τοῖς
3167 4521 3473 4596 ἔμπροσθεν
3501 4519 3737 4588 ἐλέγετο·

2174 4659 2191 4690 ι
2222 4608 2329 4691 Κάί
2356 4636 2401 4687 εξ
2421 4632 2496 4703 μὴ
2530 4628 2730 4700 Κύριος
2760 4619 2984 4677 Σαϐαὼθ
3020 4615 3374 4687 ἐγκατέλιπεν
3409 4613 3539 4682 ἡμῖν
3572 4608 3741 4679 σπέρ-

2173 4749 2266 4803 μα,
2295 4730 2369 4791 ὼς
2396 4700 2606 4795 Σόδομα
2636 4720 2700 4774 ἂν
2743 4714 3104 4785 ἐγενήθημεν,
3147 4708 3241 4762 καί¹
3275 4707 3350 4769 ὼς
3382 4704 3633 4774 Γόμορρα
3674 4700 3744 4752 ἂν

2167 4814 2551 4888 ὡμοιώθημεν.
2592 4831 2607 4862 ι

2246 4930 2261 4959 ι
2305 4909 2373 4960 Ἢ
2405 4906 2479 4969 ὼς
2503 4905 2675 4975 ρὦες
2706 4896 2889 4959 ἐλαίας
2933 4895 3025 4948 δύο
3056 4893 3089 4963 ἢ
3124 4896 3272 4960 τρεῖς
3302 4890 3385 4943 ἐπ’
3417 4886 3615 4975 ἄκρου,
3645 4898 3739 4975 με·

2166 5000 2393 5071 τεώρου,
2428 4996 2461 5067 ἢ
2492 4994 2772 5063 τέσσαρες,
2810 4988 2843 5057 ἣ
2884 4985 3043 5037 πέντε
3073 4984 3165 5036 ἐπὶ
3192 4981 3299 5034 τῶν
3333 4977 3541 5033 κλάδων
3565 4972 3744 5029 αὐτῶν

2168 5063 2584 5158 καταλειφθῶσι.
2630 5103 2646 5135 ι
2673 5080 2951 5148 Τοσαύτην
2975 5078 3082 5147 γάρ
3112 5090 3273 5143 φησιν
3304 5068 3519 5123 ἔσεσθαι
3547 5063 3744 5118 σπάνιν

2168 5186 2272 5239 τῶν
2299 5187 2363 5236 ἐκ
2394 5156 2486 5234 τοῦ
2526 5175 2741 5245 Ἰσραὴλ
2776 5168 3168 5242 σωθησομένων
3200 5162 3340 5217 κατὰ
3365 5162 3490 5222 τοὺς
3518 5156 3743 5230 χρόνους

2166 5278 2259 5341 οὒς
2291 5278 2323 5347 ἡ
2350 5270 2651 5346 προφητεία
2688 5266 2963 5339 σημαίνει,
2989 5263 3062 5324 ὡς
3078 5260 3157 5312 ὲν).
3181 5257 3372 5325 στάχυϊ
3402 5249 3745 5322 παραϐάλλε-

2171 5370 2293 5423 σθαι
2319 5369 2444 5430 τοὺς
2477 5365 2702 5424 πάντας·
2727 5360 2851 5421 τοὺς
2878 5356 2933 5409 δὲ
2953 5356 3009 5407 ὲν
3032 5353 3211 5411 αὐτοῖς
3225 5344 3536 5417 ἐξαιρέτους
3558 5339 3740 5394 τοσού-

2170 5480 2291 5524 τους
2348 5456 2564 5512 ἕσεσθαί
2606 5470 2777 5515 τινας,
2817 5450 3003 5517 ὥσπερ
3046 5446 3093 5496 εἰ
3138 5440 3318 5513 ῥῶγας
3361 5436 3548 5499 ἐλαίας
3572 5433 3665 5486 δύο
3708 5432 3746 5524 ἱ)

2169 5557 2316 5627 τρεῖς
2366 5551 2491 5613 τοὺς
2544 5548 2630 5601 ἐπ’
2670 5545 2840 5615 ἄκρου
2891 5534 3187 5611 μετεώρου,
3240 5526 3605 5600 αἰνιττομένου
3651 5521 3745 5575 τοῦ
