3976 6194
291 262 397 322 309

1246 272 1752 363 COMMENTARIA
1793 282 1857 338 IN
1898 284 2155 342 ISAIAM.
2190 319 2259 330 —
2295 290 2446 345 CAP.
2489 291 2652 349 XVII.

3436 308 3541 356 ‘le

292 380 457 448 λόγου
494 377 622 442 τοὺς
647 379 982 450 ἀκροτάτους
1005 382 1111 436 τῶν
1143 381 1475 455 ἀποστόλων,
1506 391 1599 456 οὒς
1624 397 1751 448 ποτὲ
1775 398 1845 467 μὲ

1975 413 2169 458 cantur
2195 404 2561 480 apostolorum
2592 406 2871 477 praecipui,
2892 420 3031 475 quos
3059 406 3352 478 aliquando
3384 411 3540 471 binos

292 466 440 521 κατὰ
468 466 725 536 συζυγίαν
749 471 775 521 ό
799 470 987 542 Σωτὴρ
1022 477 1431 546 προσεκαλεῖτο,
1458 484 1587 535 ποτὲ
1622 486 1677 539 δὲ
1701 466 1865 559 τρεῖς

290 558 389 623 οὓς
421 562 455 633 ή
485 562 671 634 Γραφή
694 561 785 615 τοῦ
814 564 1147 633 Εὐαγγελίου
1164 568 1433 626 ἐκλεκτῶν
1456 558 1870 652 ὲκλεκτοτέρους

292 655 575 726 εἰσήγαγεο
610 656 754 726 λέγω
781 658 844 730 δὴ
888 659 1093 730 Πέτρον
1127 664 1218 717 καὶ
1267 666 1521 722 Ἰάκωϐον
1563 672 1657 724 καὶ
1698 673 1871 726 Ἰωάν-

293 765 412 820 νην,
442 748 535 812 οὒς
571 751 662 803 ἐπὶ
691 752 752 805 τὸ
793 753 918 824 ὅρος
948 754 1191 825 ἀνήγαγε
1233 758 1445 829 μόνους,
1489 764 1868 834 ἱστορήσοντας

294 842 394 912 τήν
419 842 839 913 μεταμόρφωσιν
855 847 1040 911 αὐτοῦ,
1062 849 1157 903 καὶ
1186 850 1277 902 ἐπὶ
1309 852 1405 923 τῆς
1425 854 1867 928 ἀναϐιωσκούσης

294 932 560 1006 θυγατρὸς
605 935 698 989 τοῦ
737 937 1187 1010 ἀρχισυναγώγου
1224 944 1497 1013 παρέλαϐε
1537 946 1668 1018 (20).
1710 950 1773 1001 Οἱ
1808 949 1864 1002 δὲ

289 1028 463 1084 λοιποὶ
488 1030 641 1101 παρά
672 1033 798 1096 τοὺς
830 1036 980 1103 τρεῖς
1006 1035 1225 1101 τούτους
1257 1041 1305 1089 οἱ
1337 1038 1597 1111 τέσσαρές
1627 1043 1731 1093 εἰσι
1772 1043 1864 1096 καὶ

288 1120 469 1184 πέντε,
503 1122 597 1174 καὶ
630 1124 755 1187 τοὺς
780 1125 1053 1198 τέσσαρας
1090 1129 1184 1183 καὶ
1231 1133 1354 1195 τοὺς
1393 1133 1574 1201 πέντε,
1603 1134 1734 1190 δέκα
1772 1139 1864 1190 καὶ

285 1207 558 1280 τέσσαρας
586 1212 798 1283 ποιήσει
822 1214 948 1279 τοὺς
988 1216 1217 1284 πάντας,
1248 1214 1322 1274 ὧν
1354 1221 1564 1278 δώδεκα
1611 1225 1709 1297 μὲν
1738 1228 1863 1291 τοὺς

285 1299 537 1372 πρώτους
580 1303 907 1371 ἀποστόλους
940 1308 1113 1375 εἴποις
1155 1311 1223 1367 ἂν
1248 1308 1409 1378 εἶναι,
1450 1318 1550 1369 ούκ
1572 1317 1775 1373 ἐλάττω
1805 1320 1861 1372 δὲ

283 1392 464 1485 αὐτῶν
499 1395 597 1468 τὴν
639 1398 839 1471 ἀρετὴν
879 1402 1109 1470 Παῦλον,
1161 1408 1254 1460 καὶ
1284 1409 1444 1462 αὐτὸν
1492 1410 1620 1464 ὄντα
1664 1414 1860 1485 κλητὸν

282 1483 600 1555 ἀπόστολον,
649 1490 743 1542 καὶ
776 1490 866 1543 τὸν
912 1493 1166 1550 Ἰάκωϐον
1197 1499 1478 1566 γεγονέναι
1516 1503 1605 1555 τὸν
1636 1483 1860 1575 ἀδελφὸν

280 1576 374 1667 τοῦ
413 1577 638 1650 Κυρίου,
667 1581 727 1644 ὃς
755 1582 971 1653 πρῶτος
997 1587 1295 1654 ἐπίσκοπος
1316 1592 1413 1663 τῆς
1475 1594 1859 1667 Ἰεροσολύμων

295 1665 618 1738 Ἐκκλησίας
642 1672 732 1761 ὑπ’
763 1674 924 1728 αὐτοῦ
970 1680 1300 1749 καταστῆναι
1324 1682 1418 1736 τοῦ
1443 1684 1693 1758 Σωτῆρος
1727 1665 1860 1761 μνη-

1973 494 2233 550 Servator
2271 497 2590 561 advocabat,
2626 497 2916 566 aliquando
2950 506 3152 565 ternos,
3192 514 3327 568 quos
3358 500 3538 566 Evan—

1971 586 2091 653 gelii
2122 587 2408 656 ‘scriptura
2454 586 2644 642 electis
2692 587 2978 644 electiores
3027 589 3266 656 inducit,
3317 590 3537 648 Petrum

1970 677 2175 731 scilicet
2208 687 2260 732 et
2299 676 2557 733 Jacobum
2589 687 2642 732 et
2683 678 2943 732 Joannem
2965 718 2979 743 ,
3027 678 3170 733 solos
3201 680 3255 734 in
3298 691 3536 737 montem

1970 771 2230 825 adductos
2253 810 2267 835 ,
2300 779 2358 824 ut
2402 770 2892 839 transfigurationis
2929 778 3266 837 spectatores
3310 783 3533 829 essent:

1968 877 2100 930 quos
2133 861 2259 915 item
2303 876 2425 916 cum
2465 860 2877 930 archisynagogi
2910 860 3072 914 ﬁliam
3102 860 3406 929 suscitavit,
3448 878 3536 918 se-

1967 970 2086 1007 cum
2114 953 2426 1022 assumpsit.
2460 951 2525 1005 Et
2565 952 2653 1020 qui
2688 960 2810 1020 post
2839 961 2950 1006 tres
2982 950 3102 1005 illos
3152 953 3349 1007 residui
3382 964 3531 1022 sunt,

1965 1054 2195 1114 quatuor
2221 1054 2346 1098 sunt
2372 1051 2426 1097 et
2458 1043 2716 1112 quinque,
2739 1057 2801 1097 ac
2826 1042 2924 1098 bos
2954 1051 3186 1112 quatuor
3218 1054 3268 1097 et
3296 1045 3533 1115 quinque

1966 1135 2031 1188 ad
2079 1149 2360 1189 numerum
2399 1133 2806 1203 quatuordecim
2852 1134 3081 1189 deducet
3121 1153 3133 1189 :
3184 1150 3249 1189 ex
3302 1151 3531 1205 quorum

1966 1240 2190 1279 numero
2242 1225 2525 1279 duodecim
2574 1226 2791 1294 quidem
2843 1225 3047 1295 primos
3105 1228 3378 1296 apostolos
3413 1244 3532 1285 esse

1966 1318 2131 1380 dicas,
2164 1325 2219 1371 et
2256 1315 2360 1369 illis
2406 1331 2509 1369 non
2539 1316 2739 1372 virtute
2773 1318 3033 1372 minorem
3066 1319 3326 1382 Paulum,
3358 1321 3450 1391 qui
3478 1330 3531 1377 et

1965 1410 2077 1480 ipse
2095 1408 2605 1480 vocatusﬁapostolns
2622 1419 2722 1475 est,
2741 1419 2796 1465 et
2815 1408 3071 1467 Jacobum
3102 1414 3321 1481 fratrem
3355 1414 3531 1469 Domi-

1965 1502 2149 1571 ni,qui
2175 1501 2380 1570 primus
2426 1499 2934 1572 Hierosolymitanae
2970 1504 3230 1561 Ecclesiae
3250 1506 3531 1577 episcopus

1964 1594 2031 1648 ab
2062 1594 2175 1663 ipso
2197 1591 2479 1647 Salvatore
2508 1593 2837 1649 constitutus
2866 1607 3221 1653 memoratur.
3249 1598 3313 1653 Hi
3344 1614 3531 1654 omnes

1965 1685 2017 1739 in
2043 1687 2350 1740 summitate
2368 1684 2520 1750 oleae,
2544 1686 2794 1741 videlicet
2814 1684 3124 1744 Iudaeorum
3148 1691 3529 1757 successionis,

284 1756 587 1826 μονεύεται.
623 1754 779 1816 Οῦτοι
803 1763 858 1817 δὲ
891 1766 1091 1833 πάντες
1120 1771 1208 1825 ἐπ’
1236 1772 1404 1845 ἄκρου
1430 1776 1527 1847 τῆς
1542 1754 1745 1843 ἐλαίας,
1776 1754 1845 1833 λέ-

1965 1778 2160 1847 reperti
2211 1776 2262 1829 in
2308 1777 2561 1845 praesenti
2603 1788 2996 1835 memorantur.
3046 1781 3271 1836 Divinns
3316 1796 3529 1853 quoque

281 1864 368 1943 γω
387 1846 452 1920 δὴ
473 1849 571 1919 τῆς
612 1851 877 1911 Ἰουδαίων
900 1857 1150 1932 διαδοχῆς
1173 1864 1305 1936 εὑρη
1316 1865 1464 1936 μένοι
1478 1846 1565 1921 διὰ
1586 1870 1694 1924 τῶν
1716 1872 1853 1943 μετά

282 1940 469 2010 χεῖρας
502 1943 939 2013 μνημονεύονται.
962 1949 1072 2002 Καὶ
1092 1952 1119 2003 ό
1136 1951 1276 2016 θεῖος
1294 1954 1349 2007 δὲ
1379 1956 1699 2023 Ἀπόστολος
1711 1940 1852 2016 οἶδεν

281 2028 439 2122 ἐλαίᾳ
481 2033 842 2103 παραϐάλλειν
879 2039 977 2111 τήν
1025 2042 1176 2112 παρὰ
1228 2045 1395 2100 Ἰούδα
1447 2048 1713 2122 διαδοχὴν,
1759 2054 1852 2107 καὶ

282 2120 438 2216 ῥίζαν
482 2122 643 2191 ἁγίαν
684 2128 775 2181 καὶ
822 2130 1093 2204 ἀπαρχὴν,
1149 2136 1242 2190 καὶ
1284 2120 1851 2216 καλλιελαίανήαὺτὴν

277 2212 450 2268 καλεῖ.

347 2305 537 2403 ιΔΤάδε
579 2309 727 2403 λέγει
759 2313 963 2385 Κύριος
1014 2321 1042 2371 ὸ
1082 2318 1214 2385 Θεὸς
1282 2324 1518 2397 Ἰσραήλ⁸
1563 2329 1639 2400 Τῇ
1668 2331 1849 2403 ἡμέρᾳ

269 2397 450 2492 ἐκείνῃ
472 2402 748 2468 πεποιθὼς
777 2404 929 2462 ἔσται
966 2411 993 2462 ὁ
1022 2410 1307 2484 ἄνθρωπος
1339 2416 1431 2468 ἐπὶ
1458 2418 1536 2488 τῷ
1564 2397 1849 2492 ποιήσαντί

269 2490 527 2586 αὐτόν·ᾐοὶ
555 2494 612 2547 δὲ
631 2496 899 2570 ὀφθαλμοὶ
926 2502 1091 2557 αὐτοῦ
1126 2506 1203 2568 εἰς
1231 2506 1320 2559 τὸν
1348 2508 1499 2577 ἅγιον
1516 2510 1608 2564 τοῦ
1637 2490 1850 2586 Ἰσραὴλ

268 2582 648 2655 ὲμϐλέᾥονται·
706 2593 803 2644 καὶ
853 2593 913 2645 ού
970 2594 1044 2666 μὴ
1084 2598 1399 2664 πεποιθότες
1436 2594 1569 2655 ὦσιν
1606 2582 1848 2670 ἐπὶ-τοίς

268 2674 493 2746 βωμοῖς,
536 2678 657 2733 οὐδὲ
706 2681 802 2735 ὲπὶ
833 2686 943 2748 τοῖς
976 2684 1156 2757 ἔργοις
1188 2687 1299 2742 τῶν
1332 2692 1532 2764 χειρῶν
1563 2694 1763 2761 αὐτῶν,
1813 2696 1848 2750 ἀ

266 2764 528 2838 ἐποίησαν
554 2770 604 2822 οἱ
630 2771 883 2827 δάκτυλοι
916 2776 1115 2830 αὐτῶν·
1144 2778 1259 2831 ἀλλ”
1292 2780 1504 2835 ἔσονται
1529 2785 1847 2851 πεποιθότες

268 2855 362 2910 ἐπὶ
386 2860 476 2913 τὸν
504 2861 655 2931 ἆγιον
675 2864 768 2918 τοῦ
802 2867 1039 2940 Ἰσραήλ.
1069 2871 1177 2923 Καὶ
1202 2872 1301 2925 ούκ
1316 2872 1535 2942 ὄψονται
1559 2875 1627 2929 τά
1653 2876 1846 2950 δένδρα

270 2951 451 3006 αὐτῶν
470 2955 592 3009 οὐδὲ
629 2957 700 3011 τὰ
745 2959 1084 3033 βδελύγματα
1112 2966 1310 3019 αὐτῶν.
1341 2967 1418 3038 Τῇ
1445 2969 1628 3042 ἡμέρα
1665 2971 1847 3043 ἐκείνῃ

269 3042 483 3099 ἔσονται
522 3050 577 3100 αί
620 3051 798 3116 πόλεις
833 3070 922 3107 σου
948 3056 1521 3130 ἐγκαταλελειμμέναι,
1557 3063 1615 3115 ὃν
1645 3042 1845 3135 τρόπον

1958 1869 2247 1940 Apostolus
2273 1867 2425 1924 Judze
2452 1870 2851 1926 successionem
2883 1870 3015 1928 oleae
3053 1876 3411 1945 comparavit,
3452 1877 3531 1947 ip-

1959 1976 2183 2032 samque
2213 1961 2447 2018 radicem
2483 1971 2747 2029 sanctam,
2787 1963 3058 2021 orimitias
3087 1975 3142 2021 et
3181 1967 3380 2022 bonam
3424 1967 3528 2022 oli-

1956 2068 2079 2108 vam
2108 2062 2283 2112 vocat.

2028 2325 2189 2382 Vens.
2238 2327 2389 2382 7-l0.
2436 2347 2453 2380 ι
2495 2329 2619 2386 ιιωο
2656 2330 2789 2386 dicit
2827 2332 3091 2387 Dominus
3131 2333 3271 2388 Deus
3323 2333 3527 2391 Israel:

1956 2418 2013 2473 In
2045 2420 2131 2475 die
2160 2420 2248 2474 illa
2272 2420 2552 2477 conlidens
2577 2422 2684 2476 erit
2707 2422 2870 2478 homo
2894 2424 2947 2478 in
2978 2439 3064 2490 eo,
3090 2426 3182 2495 qui
3210 2427 3339 2481 fecit
3363 2442 3524 2486 eum:

1955 2511 2096 2565 oculi
2130 2521 2306 2566 autem
2342 2511 2455 2581 ejus
2510 2515 2562 2569 in
2605 2523 2849 2569 sanctum
2890 2516 3060 2571 Israel
3104 2518 3427 2587 rcspicient:
3471 2527 3528 2575 et

1956 2618 2061 2655 non
2092 2602 2426 2658 confidentes
2450 2614 2611 2658 erunt
2640 2606 2694 2660 in
2729 2606 2993 2664 altaribus
3013 2648 3028 2675 ,
3066 2622 3239 2677 neque
3265 2610 3318 2663 in
3349 2609 3526 2679 operi-

1955 2691 2053 2747 bus
2082 2708 2334 2747 manuum
2362 2709 2582 2748 suarum
2610 2736 2625 2759 ,
2654 2712 2774 2765 qua:
2816 2697 3066 2753 fecerunt
3099 2699 3250 2768 digiti
3294 2714 3479 2755 eorum
3506 2719 3520 2755 :

1954 2783 2045 2837 sed
2077 2794 2238 2837 erunt
2269 2784 2606 2841 conﬁdentes
2631 2787 2683 2839 in
2719 2799 2907 2842 sancto
2938 2788 3121 2843 Israel.
3148 2790 3212 2844 Et
3239 2805 3345 2844 non
3376 2792 3524 2847 vide-

1953 2872 2084 2927 bunt
2127 2874 2348 2929 arbores
2383 2890 2569 2929 eorum
2604 2891 2703 2931 nec
2745 2877 3178 2936 abominationes
3222 2897 3427 2939 eorum.
3463 2882 3520 2938 In

1953 2965 2040 3017 die
2069 2964 2154 3017 illa
2193 2973 2351 3018 erunt
2382 2963 2656 3021 derelictae
2701 2969 2862 3021 urbes
2907 2977 3031 3033 tuae,
3065 2971 3520 3038 quemadmodum

1954 3056 2357 3125 dereliquerunt
2394 3055 2696 3112 Amorrltaei
2745 3068 2800 3112 et
2849 3058 2988 3113 Evzei
3038 3074 3067 3113 a
3120 3060 3257 3115 facie
3286 3060 3518 3117 ﬁliorum

268 3136 561 3192 κατέλιπον
580 3142 629 3193 oi
677 3143 982 3218 Ἀμορραῖοι
1004 3149 1099 3203 καὶ
1122 3152 1171 3203 οἱ
1198 3152 1383 3206 Εύαῖοι
1418 3155 1527 3208 ἀπὸ
1560 3156 1845 3226 προσώπου

1957 3149 2136 3204 Israel.
2172 3150 2239 3204 Et
2268 3159 2428 3205 erunt
2456 3151 3004 3223 desertae,,quoniam
3038 3154 3325 3211 deseruisti
3354 3156 3518 3211 Deum

266 3225 379 3315 τῶν
410 3228 538 3280 υἱῶν
585 3231 814 3305 Ἰσραήλ.
872 3238 983 3291 Kal.
1015 3239 1229 3294 ἔσονται
1273 3244 1500 3315 ἔρημοι,
1539 3225 1672 3300 διότι
1714 3266 1846 3303 κατ-

265 3314 446 3382 έλιπες
466 3323 557 3374 τὸν
574 3320 704 3377 Θεὸν
720 3325 808 3377 τὸν
847 3328 1076 3401 Σωτῆρά
1105 3348 1221 3397 σου,
1241 3314 1333 3387 καὶ
1362 3314 1567 3408 Κυρίου
1600 3340 1693 3392 τοῦ
1717 3341 1843 3413 βοη-

264 3406 357 3463 θοῦ
380 3427 472 3463 σου
502 3414 601 3467 οὑκ
629 3416 923 3490 ἐμνήσθης.
955 3423 1053 3475 Διά
1092 3425 1248 3479 τοῦτο
1283 3428 1565 3497 φυτεύσεις
1594 3432 1843 3504 φύτευμα

258 3501 504 3569 ἄπιστον,
541 3508 635 3560 καὶ
691 3510 912 3583 σπέρμα
957 3514 1205 3571 ἄπιστον.
1237 3519 1315 3591 Τῇ
1350 3520 1407 3573 δὲ
1452 3523 1652 3594 ἡμέρᾳ,
1769 3501 1841 3580 *ἂν

261 3597 551 3688 φυτεύσῃς,
597 3602 935 3679 πλανηθήση.
965 3609 1036 3661 Τὸ
1062 3610 1119 3663 δὲ
1162 3611 1317 3683 πρωϊ
1339 3612 1434 3665 ἐὰν
1475 3597 1722 3688 σπείρης,
1749 3618 1841 3670 ἀν-

262 3687 523 3784 θήσει-είς
539 3695 769 3768 ἀμητὸν,
848 3701 913 3754 ἂν
930 3704 1111 3774 ἡμέρᾳ
1136 3705 1410 3779 κληρώσῃ·
1443 3709 1536 3763 καὶ
1561 3710 1840 3784 ώςπατὴρ

262 3777 547 3851 ἀνθρώπου
598 3786 854 3861 κληρώσῃ
886 3794 998 3856 τοῖς
1048 3796 1183 3858 υἱοῖς
1239 3777 1410 3850 σουξι
1449 3798 1658 3870 Ὥσπερ
1707 3777 1835 3871 γὰρ,

261 3874 446 3944 φησὶν,
483 3879 701 3935 ἐκείνων
725 3883 1100 3951 ἀπολωλότων,
1119 3887 1294 3958 ἕτεροι
1333 3889 1685 3961 παρελθόντες
1712 3910 1838 3945 κατ-

256 3971 420 4041 έσχον
461 3972 637 4026 αὐτῶν
664 3974 762 4039 τὰς
792 3977 974 4042 πόλεις
1002 3981 1096 4033 καὶ
1148 3982 1246 4044 τὰς
1278 3982 1484 4053 χώρας,
1546 3983 1720 4048 οὕτως
1746 3986 1837 4039 καὶ

250 4064 311 4116 αἱ
347 4064 438 4117 σαὶ
482 4065 664 4130 πόλεις
690 4069 910 4141 ἑτέρους
936 4072 1145 4136 ἕξουσιν
1170 4075 1481 4145 οἰκήτορας,
1522 4076 1675 4146 ὑμῶν
1695 4078 1831 4130 ἀπο-

249 4152 562 4224 ϐληθέντων
614 4158 709 4211 καὶ
756 4156 1112 4222 ἐξωσθέντων.
1172 4180 1190 4211 ι
1232 4163 1341 4215 Καὶ
1375 4162 1585 4217 ἔσονται
1618 4164 1831 4237 ἔρημοι,

247 4247 390 4301 διότι
410 4249 701 4315 κατέλιπες
722 4251 814 4305 τὸν
840 4253 972 4308 Θεὸν
992 4255 1082 4309 τὸν
1114 4256 1337 4327 σωτῆρά
1364 4275 1477 4324 σου,
1507 4259 1603 4312 καὶ
1626 4259 1830 4332 Κυρίου

246 4339 349 4397 τοῦ
381 4341 516 4395 Θεοῦ
573 4361 666 4397 σου
712 4346 812 4398 οὐκ
846 4348 1143 4420 ἐμνήσθης.
1192 4369 1210 4401 ι
1270 4350 1435 4403 Ἔνθα
1459 4351 1523 4422 δὴ
1554 4351 1647 4404 καὶ
1667 4353 1829 4407 αὐτοῦ

246 4430 435 4503 Ἰησοῦ
463 4433 557 4488 τοῦ
581 4436 831 4508 Σωτῆρος
859 4440 1014 4510 ἡμῶν
1051 4440 1322 4513 μέμνηται
1348 4445 1380 4513 ή
1428 4443 1685 4513 Ἐϐραῖκὴ
1721 4462 1831 4512 φω-

1953 3243 2287 3298 Salvatorem
2330 3254 2504 3309 tuum,
2533 3254 2587 3298 et
2626 3245 2838 3300 Domini
2887 3247 3150 3316 adjutoris
3183 3249 3257 3303 tui
3298 3264 3401 3304 non
3431 3265 3518 3306 re-

1950 3338 2205 3391 cordatus
2250 3352 2329 3391 es.
2374 3337 2605 3407 Pr0pter
2649 3340 2751 3394 lioc
2803 3340 3073 3409 plantabis
3131 3342 3517 3410 plantationem

1950 3428 2333 3495 inlidelem,et
2379 3444 2561 3483 semen
2610 3429 2844 3487 inlidele.
2893 3431 2990 3485 Die
3033 3443 3211 3488 autem
3256 3434 3344 3487 illa
3370 3474 3385 3496 ,
3413 3450 3516 3504 qua

1948 3521 2244 3589 plantabis,
2277 3522 2506 3575 errabis.
2537 3521 2692 3577 Mane
2721 3538 2851 3578 vero
2886 3524 3332 3592 si'seminaveris,
3358 3525 3517 3582 ﬂore-

1951 3615 2025 3667 bit
2048 3616 2099 3667 in
2135 3630 2384 3678 messem,
2411 3629 2514 3684 qua
2545 3615 2631 3670 die
2667 3616 3033 3669 lwereditatem
3067 3615 3267 3669 adibis:
3300 3627 3355 3671 et
3398 3628 3516 3671 tan-

1947 3723 2110 3775 quam
2167 3718 2321 3776 paler
2368 3707 2606 3762 hominis
2668 3707 3037 3763 litereditatem
3085 3707 3330 3762 sortieris
3389 3708 3516 3764 ﬁliis

1950 3799 2075 3852 tuis.
2119 3818 2137 3850 ι
2168 3797 2629 3865 Quemadmodum
2678 3801 2845 3864 enim,
2882 3800 3073 3869 inquit,
3109 3799 3213 3855 illis
3242 3801 3515 3870 pereunti-

1946 3890 2067 3955 bus,
2100 3892 2416 3946 accedentes
2454 3892 2542 3945 alii
2590 3907 2779 3947 eorum
2819 3892 2979 3947 urbes
3014 3902 3069 3948 et
3100 3896 3347 3963 regiones
3373 3896 3512 3949 obti-

1945 3989 2210 4044 nuerunt,
2241 3980 2319 4033 sic
2348 3989 2403 4033 et
2427 3979 2590 4033 urbes
2624 3989 2748 4042 tute,
2776 3981 2932 4035 vobis
2952 3984 3142 4052 ejectis
3165 4000 3227 4038 ac
3256 3984 3511 4053 depulsis,

1946 4075 2133 4129 incolis
2174 4076 2294 4130 aliis
2341 4075 2714 4144 replebuntur.
2753 4095 2769 4126 ι
2808 4076 2873 4129 Ει
2902 4087 3061 4134 erunt
3095 4079 3346 4145 desertae,
3387 4080 3514 4149 quia

1942 4167 2275 4235 dereliquisti
2306 4167 2471 4221 Deum
2503 4174 2839 4220 servatorem
2875 4178 3023 4221 tnum
3049 4211 3063 4233 ,
3091 4182 3145 4224 ct
3179 4169 3385 4225 Domini
3417 4171 3513 4225 Dei

1944 4259 2020 4312 tui
2049 4260 2363 4312 recordatus
2394 4274 2498 4312 non
2527 4275 2606 4314 es.
2648 4276 2666 4309 ι
2698 4257 2797 4313 llic
2816 4275 2945 4315 vero
2976 4262 3146 4328 ipsum
3178 4262 3359 4317 Jesnm
3391 4262 3512 4317 Sal-

1943 4359 2179 4405 vatorem
2214 4358 2454 4403 nostrum
2483 4350 2745 4408 llebraica
2782 4368 2879 4408 vox
2925 4364 3350 4408 conunemorat:
3388 4369 3513 4408 nam

1937 4440 2066 4497 Jcsu
2106 4458 2300 4497 nomen
2333 4443 2384 4497 in
2417 4442 2661 4498 Graecam
2695 4445 2931 4515 linguam
2974 4446 3287 4500 translatum
3317 4444 3510 4500 Salva-

249 4524 348 4595 νήθ
367 4526 609 4597 σωτῆρα
634 4529 744 4601 γὰρ
761 4531 912 4601 δηλοῖ
936 4532 997 4585 τὸ
1021 4534 1193 4603 Ἰησοῦ
1233 4534 1403 4604 ὄνομα
1438 4537 1515 4598 είς
1540 4536 1639 4608 τὴν
1656 4537 1833 4590 Ἐλλά-

1953 4543 2103 4587 iorem
2132 4532 2419 4603 signiﬁcat.
2455 4536 2577 4589 llzec
2602 4552 2730 4591 vero
2762 4538 2815 4590 in
2847 4552 3008 4591 causa
3046 4538 3159 4591 fore
3186 4537 3283 4601 ait,
3304 4535 3510 4604 utipsis

244 4617 321 4671 δα
366 4617 609 4686 γλῶτταν
651 4622 1107 4694 ἑρμηνευόμενον.
1151 4626 1260 4678 Καὶ
1301 4626 1458 4680 τοῦτο
1516 4628 1707 4691 αἴτιον,
1755 4630 1835 4683 διὸ

244 4711 625 4783 συμϐήσεσθαι
654 4715 837 4780 αὐτοῖς
877 4717 946 4770 τὰ
991 4718 1355 4789 προλεχθέντα
1376 4720 1571 4785 πάντα,
1599 4722 1832 4794 εἴρηται,

240 4802 383 4855 διότι
410 4805 699 4859 κατέλιπον
727 4808 818 4862 τὸν
850 4809 980 4864 Θεὸν
998 4812 1090 4865 τὸν
1113 4812 1341 4884 Σωτῆρα
1366 4813 1564 4880 αὐτῶν,
1603 4815 1695 4869 καὶ
1722 4817 1833 4869 Κυ-

244 4895 369 4967 ρίου
420 4896 518 4949 τοῦ
562 4897 791 4952 πάντοτε
838 4899 1033 4971 βοηθοῦ
1087 4904 1264 4957 αὐτῶν
1316 4906 1417 4958 οὐκ
1464 4906 1830 4979 ἐμνήσθησαν.

253 4986 430 5041 Ἐπάν
457 4984 571 5053 οὖν,
606 4992 759 5064 φησὶ,
804 4992 865 5045 τὸ
913 4994 1135 5065 σπέρμα
1171 4996 1328 5049 τοῦτο
1358 4996 1417 5049 τὸ
1463 4997 1687 5051 ἄπιστον
1729 5003 1822 5055 καὶ

238 5076 344 5148 τὴν
376 5079 598 5147 φυτείαν
620 5081 715 5153 τὴν
736 5083 961 5136 ἄπιστον
987 5088 1215 5157 σπείρης
1245 5089 1303 5139 ἐν
1325 5089 1388 5158 τῇ
1413 5089 1636 5141 σεαυτοῦ
1651 5089 1818 5162 ψυχῇ,

237 5170 371 5223 τότε
408 5172 749 5247 πλανηθήσῃ·
780 5177 829 5229 εἰ
867 5176 943 5240 δὲ,
980 5178 1405 5247 μεταϐαλὼνὲπὶ
1430 5179 1526 5251 τὴν
1552 5181 1823 5235 ἀνατείλα-

238 5276 349 5314 σαν
392 5262 469 5334 τῷ
496 5264 685 5337 κόσμῳ
718 5268 927 5339 πρωῖαν
956 5267 1049 5320 τοῦ
1098 5270 1272 5338 φωτὸς
1298 5270 1393 5323 τοῦ
1443 5272 1818 5341 εὐαγγελικοῦ,

234 5352 432 5425 ἕτερον
454 5357 676 5429 σπέρμα
710 5359 973 5429 νκατάθοιο
1006 5363 1073 5432 τῇ
1108 5363 1302 5416 σαυτοῦ
1337 5364 1563 5435 διανοίᾳ,
1595 5366 1720 5438 περὶ
1760 5362 1818 5423 οῦ

237 5443 492 5500 λέλεκται
537 5451 594 5503 ὲν
628 5451 997 5521 Εὑαγγελίοιςο
1044 5470 1063 5502 ι
1106 5451 1355 5523 Ἐξῆλθεν
1383 5456 1411 5507 ό
1440 5455 1677 5527 σπείρων
1728 5456 1819 5510 τοῦ

324 5564 370 5596 ⁷⁸
397 5563 596 5621 Matth.
626 5583 747 5634 xm,
776 5570 829 5627 5.
903 5571 947 5603 ⁸ο
980 5573 1109 5628 ibid.
1141 5572 1231 5627 24.

1935 4626 2191 4695 prasdicta
2210 4628 2389 4680 omnia
2417 4628 2894 4697 contingant,quia
2921 4626 3508 4696 dereliqueruntDeum

1934 4718 2275 4774 Salvatoretn
2321 4736 2476 4775 sumn
2505 4762 2519 4783 ,
2552 4731 2606 4776 et
2631 4722 2843 4777 Domini
2885 4720 3145 4790 adjutoris
3186 4734 3399 4789 semper
3426 4718 3509 4774 sui

1935 4826 2039 4866 non
2076 4812 2460 4867 meminerunt.
2509 4814 2643 4867 Cum
2675 4816 2858 4884 itaque
2879 4853 2894 4877 ,
2923 4814 3034 4876 ait,
3069 4812 3169 4866 huc
3198 4827 3382 4866 semen
3426 4812 3509 4866 ius

1935 4904 2236 4969 credulum,
2263 4916 2317 4961 et
2343 4908 2485 4961 hanc
2512 4906 2781 4961 infidelem
2813 4908 3204 4977 plantationem
3240 4908 3295 4959 in
3324 4905 3503 4961 anima

1937 5008 2027 5052 tua
2059 5000 2413 5055 seminaveris
2435 5041 2449 5066 ,
2477 5010 2586 5055 tum
2620 5002 2864 5067 errabis;
2902 5003 2986 5057 sin
3021 5012 3201 5055 autem
3229 5000 3507 5057 exoriente

1933 5091 1985 5145 in
2023 5092 2221 5147 mundo
2256 5095 2550 5165 evangelici
2582 5094 2801 5149 luminis
2834 5094 3094 5159 diluculo,
3142 5104 3343 5148 imitata
3376 5112 3502 5151 sen-

1936 5185 2104 5238 tentia
2140 5184 2284 5239 aliud
2315 5202 2498 5242 semen
2532 5188 2585 5241 in
2616 5196 2796 5240 mente
2828 5195 2916 5240 tua
2942 5186 3161 5255 jeceris,
3192 5186 3259 5240 de
3285 5203 3392 5256 quo
3418 5189 3502 5241 di-

1932 5286 2075 5331 ctum
2105 5286 2190 5332 est
2219 5277 2273 5331 in
2304 5278 2637 5348 Evangeliis,
2672 5298 2692 5331 ι
2728 5277 2873 5331 Exiit
2917 5278 3007 5346 qui
3060 5280 3293 5333 seminat
3337 5283 3499 5333 semi-

1932 5384 2064 5423 nare
2090 5370 2167 5436 "°;
2204 5390 2223 5421 ι
2256 5379 2332 5432 el,
2361 5390 2379 5421 ι
2417 5369 2607 5424 Simile
2639 5369 2837 5424 factum
2867 5378 2951 5422 est
2987 5385 3210 5440 regnum
3238 5368 3501 5424 caelorum

1931 5462 2136 5516 homini
2167 5463 2456 5519 seminanti
2496 5462 2695 5519 bonum
2739 5476 2920 5517 semen
2956 5463 3010 5517 in
3054 5478 3182 5535 agro
3221 5479 3321 5517 suo
3347 5461 3429 5527 8°;
3475 5481 3495 5514 ι

312 5658 585 5746 (Smilace
640 5665 753 5738 ipsa
800 5666 1160 5742 llicronymus
1192 5670 1257 5728 ad
1301 5671 1443 5730 hunc
1488 5670 1665 5730 locum
1726 5676 1817 5746 qui
1858 5685 2025 5733 ictam
2093 5678 2303 5734 Eusebii
2374 5677 2697 5735 sententiam
2727 5687 2785 5735 ut
2830 5694 2980 5732 snam
3022 5675 3231 5734 extulit.
3263 5674 3396 5731 Vide
3434 5669 3498 5729 in

238 5727 583 5791 Praefatiouc.
