4072 6194
518 284 617 349 ιιι

1248 279 1515 337 EUSEBII
1554 281 2022 339 CIESARIENSIS
2057 279 2207 337 ΟΡΡ.
2247 280 2424 340 PARS
2463 285 2546 340 III.
2586 316 2661 347 ,—
2696 285 3105 346 EXEGETICA.

3625 290 3732 345 912

518 412 571 455 et
595 411 715 453 cum
751 411 802 450 In
834 395 1050 465 propria
1083 393 1204 450 luce
1226 396 1452 475 orientis
1485 398 1733 452 matutini
1769 397 1897 459 solis
1921 398 2069 465 justi-

2180 396 2418 465 σπεῖραιο
2458 415 2478 449 ι
2523 397 2637 461 καὶ,
2679 417 2698 450 ι
2737 399 3002 472 Ὡμοιώθη
3040 402 3072 472 ἡ
3104 398 3347 470 βασιλεία
3368 399 3475 454 τῶν
3499 401 3736 476 οὐρανῶν

518 490 604 544 tiae
656 484 845 549 fueris,
884 485 934 537 in
996 492 1049 538 te
1103 484 1166 541 ad
1219 499 1452 540 messem
1502 485 1751 553 ﬂorebit,
1792 490 1862 543 ita
1912 500 1971 543 ut
2012 491 2075 544 iis

514 577 801 641 omnibus,
867 576 958 645 qui
1042 575 1135 630 libi
1220 591 1316 645 per
1401 576 1693 631 salutarem
1774 578 2075 632 doctrinam

513 671 808 723 secundum
849 669 1014 723 Deum
1056 667 1167 722 nati
1226 668 1458 733 fuerint,
1504 680 1707 725 sortem
1746 670 1943 726 bonam
1982 672 2077 725 tri-

516 761 667 815 buas.

586 1035 751 1091 Vens.
772 1036 889 1090 524
905 1037 991 1091 Vae
1016 1035 1340 1091 multitudini
1364 1037 1605 1106 gentium
1620 1037 1933 1091 multarum.
1956 1037 2074 1093 Sic-

516 1137 577 1180 ut
626 1141 775 1181 mare
809 1124 1090 1190 ﬂuctuans,
1126 1126 1205 1181 sic
1238 1126 1606 1181 turbabimini.
1646 1145 1664 1177 ι
1699 1125 1988 1196 Postquam
2010 1126 2078 1183 de

515 1218 871 1272 conversione
922 1218 1156 1287 gentium
1205 1221 1270 1272 ad
1319 1218 1520 1282 Deum,
1568 1226 1622 1272 et
1665 1218 1731 1271 de
1772 1217 2076 1274 Judaaorum

514 1310 891 1365 incredulitate
938 1326 1063 1379 erga
1125 1311 1398 1365 Christum
1458 1310 1781 1365 vaticinatus
1849 1320 1962 1374 est,
2009 1311 2077 1364 ad

513 1400 906 1456 multitudinem
935 1404 1169 1471 gentium
1202 1401 1530 1471 pertransit,
1569 1416 1690 1470 qua:
1730 1418 1851 1458 cum
1884 1403 1937 1457 in
1964 1403 2077 1472 ipsa

513 1493 794 1561 Damasco,
814 1503 924 1547 tum
944 1495 995 1548 in
1015 1493 1135 1548 aliis
1149 1494 1454 1563 regionibus
1476 1494 1527 1548 in
1547 1493 1921 1549 incredulitate
1934 1509 2077 1547 man-

512 1594 685 1648 surae,
716 1592 771 1635 et
802 1581 1099 1637 Ecclesiam
1142 1584 1232 1638 Dei
1285 1593 1557 1638 vexatura;
1584 1591 1639 1638 et
1687 1584 2075 1656 impugnatura:

512 1691 637 1738 sum

582 1775 744 1830 Vens.
782 1773 869 1827 15.
906 1789 926 1823 ι
965 1772 1030 1825 Ει
1055 1769 1274 1823 dorsum
1307 1769 1549 1838 gentium
1594 1770 1883 1825 multarum
1933 1770 2073 1825 sicut
2102 1754 2147 1809 Β

511 1883 647 1937 aqua
674 1865 907 1921 sonabit.
940 1862 1096 1918 Sicut
1123 1876 1263 1933 aqua
1291 1860 1477 1922 multa,
1504 1870 1689 1931 gentes
1719 1862 1935 1917 multm:
1964 1863 2072 1919 sic-

511 1970 573 2021 ut
602 1973 736 2028 aqua
771 1958 823 2012 vi
856 1956 1116 2025 impulsa.
1156 1974 1175 2007 ι
1210 1954 1669 2021 Quemadmodum
1707 1955 1850 2009 enim
1910 1958 2073 2010 maris

509 2050 669 2109 dorsa
698 2047 1048 2102 tumescentia
1081 2056 1135 2101 et
1166 2046 1216 2098 in
1246 2043 1473 2097 sublime
1505 2044 1665 2109 elata,
1690 2046 1814 2099 dum
1842 2061 1869 2098 a
1901 2048 2073 2103 ventis

509 2142 822 2209 agitantur,
871 2146 1037 2202 atque
1098 2137 1418 2200 turbantur,
1468 2137 1702 2193 sonitum
1777 2140 2070 2193 maximum

508 2234 710 2297 edunt,
742 2240 798 2285 et
843 2239 1045 2284 metum
1086 2230 1466 2296 navigantibus
1515 2229 1783 2283 incutiunt
1821 2247 1836 2295 ;
1883 2232 2069 2284 eodem

508 2328 670 2380 modo
696 2324 866 2378 turbae
892 2322 1212 2392 pOpulorum
1234 2324 1348 2377 sive
1374 2316 1623 2377 Damasci
1643 2325 1754 2378 sive
1778 2326 1828 2378 in
1848 2326 2071 2395 reliquis

506 2414 913 2487 regionibus,‘in
934 2413 1189 2468 inlldelita
1200 2423 1250 2467 te
1269 2423 1324 2468 et
1344 2414 1645 2469 idololatria
1679 2428 1978 2481 manentes,
2003 2418 2071 2471 ab

505 2506 865 2571 lnvisibilibus
886 2504 1134 2574 gentibus
1157 2504 1391 2572 agitatae,
1424 2490 1876 2561 instar‘ﬂuctuum
1902 2510 2069 2565 maris

507 2598 741 2653 sonitum
773 2601 968 2661 edent,
1004 2576 1191 2650 contra
1230 2597 1527 2654 Ecclesiam
1565 2600 1654 2655 Dei
1702 2601 2065 2669 insurgentes.

507 2690 706 2755 Verum
754 2690 871 2746 illas
916 2709 935 2742 ι
988 2688 1284 2744 eliminabit
1327 2698 1381 2744 et
1418 2691 1599 2760 procul
1641 2692 1957 2763 insequetur
1996 2713 2009 2747 :
2045 2714 2062 2745 ι

505 2785 606 2842 etsi
636 2785 741 2840 illa:
772 2785 940 2839 maris
971 2786 1140 2840 ferme
1165 2785 1340 2839 instar
1370 2794 1555 2839 contra
1576 2785 1913 2842 adversarios
1944 2802 2069 2843 suos

2180 487 2450 558 ἀνθρώπῳ
2476 488 2746 561 σπείροντι
2771 490 2930 543 καλὸν
2964 491 3184 562 σπέρμα
3205 493 3260 543 ἐν
3281 490 3359 561 τῷ
3391 491 3503 563 ίδίῳ
3529 493 3733 564 ἀγρῷίι

2178 578 2271 630 καὶ
2304 578 2440 632 ἐπάν
2475 580 2532 633 ἐν
2556 579 2633 650 τῷ
2668 581 2780 649 ἰδίῳ
2825 582 2961 650 φωτὶ
2990 583 3162 650 γένοιο
3207 582 3308 653 τῆς
3338 584 3579 655 πρωῖνῆς
3614 585 3742 639 ἀνα-

2177 669 2335 739 τολῆς
2363 671 2455 723 τοῦ
2492 670 2640 740 ἡλίου
2680 671 2779 741 τῆς
2817 671 3173 744 δικαιοσύνης,
3208 673 3425 744 ἀνθήσει
3456 674 3513 728 ἐν
3541 672 3625 727 σοὶ¹
3662 676 3741 740 είς

2178 761 2409 830 ἀμητόν·
2437 761 2513 825 ὡς
2558 763 2877 834 μεταδοῦναι
2907 763 3106 835 κλῆρον
3131 765 3330 833 ἀγαθὸν
3363 767 3457 819 καὶ⁵
3486 766 3602 831 τοῖς
3619 766 3744 819 ἐαυ-

2177 852 2271 906 τοῦ
2301 857 2435 908 πᾶσι
2462 858 2579 919 τοῖς
2613 856 2755 909 κατὰ
2793 855 2925 909 Θεὸν
2960 857 3368 929 γεννησομένοις
3394 857 3481 911 διά
3509 858 3609 929 τῆς
3636 875 3745 914 σωη

2176 961 2242 1015 τη
2252 945 2367 1016 ρίου
2388 946 2753 1011 διδασκαλίας.

2253 1058 2271 1089 ι
2314 1040 2453 1092 Οὐαὶ
2475 1039 2677 1111 πλῆθος
2702 1039 2869 1094 ἐθνῶν
2897 1040 3123 1095 πολλῶν.
3166 1041 3253 1106 Ὦς
3284 1041 3523 1097 θάλασσα
3552 1044 3744 1114 κυμαί-

2177 1150 2362 1197 νουσα,
2409 1133 2582 1198 οὓτως
2631 1134 3055 1205 ταραχθήσεσθε.
3109 1136 3244 1206 Περὶ
3279 1135 3378 1206 τῆς
3419 1135 3527 1189 τῶν
3571 1136 3738 1191 ἐθνῶν

2178 1225 2270 1277 ἐπὶ
2301 1225 2391 1278 τὸν
2424 1226 2559 1279 Θεὸν
2590 1226 2946 1299 ἐπιστροφῆς,
2992 1226 3087 1278 καλ⁸
3116 1226 3217 1296 τῆς
3262 1228 3341 1289 εἰς
3367 1228 3457 1280 τὸν
3506 1228 3740 1301 Χριστὸν

2178 1315 2435 1379 ἀπιστίας
2457 1314 2552 1368 τοῦ
2591 1316 2855 1369 Ἰουδαίων
2881 1314 3065 1378 ἔθνους
3098 1314 3358 1379 θεσπίσας
3389 1316 3417 1368 ό
3440 1316 3615 1385 λόγος,
3646 1334 3743 1387 με-

2175 1407 2418 1461 ταϐαίνει
2440 1408 2531 1460 ἐπὶ
2559 1407 2628 1461 τὰ
2656 1408 2832 1479 πλήθη
2862 1407 2969 1461 τῶν
2990 1407 3177 1475 ἐθνῶν,
3202 1410 3259 1461 ἐν
3288 1410 3423 1479 αὐτῇ
3456 1426 3512 1462 τε
3546 1412 3614 1481 τῇ
3636 1412 3743 1462 Aa-

2179 1496 2375 1568 μασκῷ
2401 1499 2496 1551 καὶ
2526 1501 2644 1561 ταῖς
2683 1498 2894 1562 λοιπαῖς
2939 1498 3139 1570 χώραις
3162 1502 3219 1554 ἐν
3257 1500 3481 1571 ἀπιστίᾳ
3516 1502 3742 1571 ἀπομει-

2175 1587 2400 1652 νάντων,
2443 1589 2538 1642 καὶ
2577 1590 2677 1659 τὴν
2722 1590 3045 1659 Ἐκκλησίαν
3079 1590 3169 1644 τοῦ
3218 1590 3349 1645 Θεοῦ
3383 1591 3621 1646 ἐλαύνειν
3650 1591 3744 1645 καὶ

2175 1680 2477 1752 πολιορκεῖν
2506 1681 2820 1752 μελλόντων.

2252 1793 2271 1825 ι
2301 1774 2409 1827 Καὶ
2447 1773 2614 1837 νῶτος
2659 1774 2827 1827 ἐθνῶν
2878 1774 3084 1829 πολλῶν
3120 1775 3195 1839 ὡς
3229 1774 3370 1848 ὕδωρ
3412 1776 3619 1847 ἡχήσει·
3668 1774 3741 1839 ὡς

2176 1866 2320 1938 ὕδωρ
2342 1867 2500 1931 πολὺ,
2536 1866 2660 1936 ἔθνη
2695 1866 2884 1927 πολλὰ,
2917 1867 2993 1930 ὡς
3017 1866 3206 1930 ὓδατος
3234 1867 3426 1919 πολλοῦ
3463 1867 3554 1938 βίᾳ.
3585 1883 3740 1937 φερο-

2179 1956 2361 2027 μένου.
2396 1976 2414 2006 ι
2463 1957 2551 2019 Ὠς
2571 1956 2677 2027 γὰρ
2711 1956 2984 2027 θαλάσσης
3006 1956 3072 2008 τὰ
3109 1956 3251 2009 νῶτα
3272 1948 3631 2027 κυρτούμενα,
3652 1953 3740 2007 καὶ

2180 2050 2263 2111 είς
2296 2047 2429 2117 ὕψος
2454 2048 2736 2117 αίρόμενα,
2762 2049 2820 2100 ἐν
2850 2046 2927 2117 τῷ
2967 2046 3318 2117 χειμάζεσθαι
3353 2046 3445 2099 καὶ
3475 2045 3738 2117 ταράσσε-

2175 2143 2298 2196 σθαι
2329 2144 2434 2195 ὑπὸ
2469 2143 2703 2212 ἀνέμων,
2735 2137 2868 2211 ἦχον
2905 2142 3158 2210 μέγιστον
3190 2139 3406 2207 ἐμποιεῖ
3449 2137 3542 2188 καὶ
3581 2134 3743 2203 φόόον

2172 2238 2285 2298 τοῖς
2301 2234 2569 2287 πλέουσινο
2596 2232 2737 2286 οὕτω
2764 2231 2856 2284 καὶ
2884 2230 2951 2293 τὰ
2976 2228 3152 2299 πλήθη
3180 2228 3287 2281 τῶν
3319 2230 3376 2281 ἐν
3428 2228 3561 2296 αὐτῇ
3590 2243 3647 2277 τε
3674 2229 3739 2298 τῇ

2171 2323 2446 2395 Δαμασκῷ
2472 2325 2564 2376 καὶ
2584 2325 2703 2384 ταῖς
2730 2321 2941 2385 λοιπαῖς
2963 2306 3166 2392 χώραις
3186 2320 3272 2374 ἐπ’
3305 2319 3530 2390 ἀπιστίᾳ
3553 2318 3646 2372 καὶ
3662 2318 3734 2371 εί..

2170 2415 2528 2486 δωλολατρείᾳ
2587 2414 2850 2484 μενόντων
2921 2414 3108 2478 ἐθνῶν,
3164 2413 3270 2467 ὑπὸ
3324 2412 3432 2466 τῶν
3500 2413 3743 2484 ἀοράτων

2172 2506 2338 2561 ἐθνῶν
2385 2506 2766 2577 ἐνεργούμενα,
2817 2506 2973 2576 δίκην
3010 2504 3268 2575 κυμάτων
3293 2504 3566 2575 θαλάσσης
3602 2503 3743 2575 ἠχή-

2173 2616 2341 2663 σουσι,
2365 2598 2505 2652 κατὰ
2533 2599 2631 2668 τῆς
2672 2598 2996 2668 Ἐκκλησίας
3015 2597 3109 2651 τοῦ
3139 2598 3274 2650 Θεοῦ
3316 2596 3739 2666 ἐπανιστάμενα.

2176 2711 2195 2742 ι
2226 2692 2335 2744 Καὶ
2365 2692 2759 2763 ἀποσκορακιεί
2802 2691 3018 2754 αὐτοὺς,
3064 2692 3158 2745 καὶ
3192 2691 3378 2763 πόρρω
3400 2691 3594 2754 αὐτοὺς
3622 2687 3745 2745 διώ-

2170 2784 2335 2851 ξεται·
2364 2790 2403 2836 ι’
2420 2783 2698 2855 μονονουχὶ
2728 2781 3001 2853 θαλάσσης
3025 2784 3178 2856 δίκην
3202 2783 3309 2837 τῶν
3339 2783 3743 2859 ἀνθεστηκότων

505 2876 703 2931 ﬂuctus
755 2876 1021 2931 attollant.
1058 2875 1229 2931 Dousa
1275 2886 1455 2931 autem
1503 2876 1791 2931 multarum
1828 2879 2065 2949 gentium

2170 2877 2687 2947 κατακυμαίνοντες.
2722 2875 2907 2929 Νῶτον
2939 2876 2995 2928 δὲ
3038 2876 3235 2940 αὐτοὺς
3264 2874 3472 2929 πολλῶν
3498 2874 3664 2929 ἐθνῶν
3687 2876 3742 2929 ἐν

508 2970 596 3023 hic
626 2968 745 3023 illas
774 2976 1075 3037 nuncupat,
1106 2968 1229 3038 quia
1266 2979 1454 3038 gentes
1484 2970 1678 3024 multas
1724 2970 2069 3039 insequentes

2170 2969 2376 3032 τούτοις
2397 2968 2681 3031 ἀποκαλεῖ,
2708 2969 2795 3022 διὰ
2827 2968 2888 3021 τὸ
2903 2966 3072 3021 πολλὰ
3098 2967 3382 3022 διώκεσθαι
3411 2970 3536 3039 παρ’
3565 2968 3739 3020 αὐτῶν

507 3060 731 3113 instant.
759 3057 860 3123 Qui
900 3073 1029 3112 vero
1077 3058 1473 3128 insequuntur,
1506 3076 1534 3115 a
1572 3070 1719 3129 tergo
1755 3071 1809 3115 et
1846 3076 1874 3114 a
1909 3065 2067 3117 dorso

2170 3059 2316 3129 ἔθνη.
2344 3058 2607 3131 Τρέχουσι
2639 3059 2695 3112 δὲ
2735 3058 2876 3112 κατὰ
2895 3061 3062 3113 νώτου
3095 3060 3268 3131 πάντη
3303 3076 3361 3112 τε
3391 3060 3485 3113 καὶ
3530 3059 3740 3123 πάντως

508 3147 824 3216 fugientium
868 3148 1087 3201 omnino
1126 3159 1371 3204 currunt.
1412 3169 1430 3202 ι
1468 3151 1533 3205 Et
1572 3152 1874 3209 eliminabit
1899 3153 2066 3218 illum,

2170 3152 2277 3204 τῶν
2311 3152 2616 3221 φευγόντων
2667 3153 2715 3204 οἱ
2769 3151 3073 3214 διώκοντες.
3117 3172 3135 3204 ι
3194 3153 3306 3205 Καὶ
3353 3151 3741 3222 ἀποσκορακιεί

506 3250 561 3296 et
583 3240 740 3310 longe
773 3241 944 3311 ipsum
971 3250 1341 3312 persequetur.
1389 3262 1407 3294 ι
1452 3242 1508 3296 Id
1545 3253 1661 3312 est,
1707 3253 1853 3299 retro
1892 3246 2069 3301 mittet

2170 3244 2350 3306 αὐτὸν,
2382 3246 2474 3296 καὶ
2503 3244 2689 3315 πόρρω
2718 3243 2878 3296 αὐτὸν
2904 3242 3168 3306 διώξεται.
3202 3261 3220 3293 ι
3247 3243 3551 3305 Τουτέστιν,
3570 3244 3743 3299 ὀπίσω

505 3338 563 3386 et
605 3329 778 3400 ipsum
820 3344 1192 3401 persequetur.
1225 3330 1533 3389 Secundum
1577 3336 1822 3407 Aquilam
1866 3348 2067 3403 autem,

2170 3332 2395 3404 πέμψει,
2437 3333 2532 3385 καὶ
2566 3333 2727 3385 αὐτὸν
2771 3331 3036 3395 διώξεται.
3076 3331 3229 3384 Κατά
3272 3331 3328 3383 δὲ
3353 3332 3442 3384 τὸν
3488 3332 3741 3398 Ἀκύλαν,

511 3438 531 3470 ι
562 3419 994 3477 Comminabitur
1022 3424 1097 3478 illi
1126 3465 1140 3489 ,
1175 3433 1230 3478 et
1265 3425 1433 3495 fugiet
1470 3425 1628 3500 longe
1660 3445 1674 3491 ;
1710 3448 1729 3480 ι
1771 3430 2065 3484 secundum

2175 3442 2193 3475 ι
2237 3424 2578 3495 Ἐπιτιμήσει
2612 3426 2667 3476 ἐν
2683 3423 2851 3493 αύτῷ,
2881 3423 2972 3475 καὶ
3010 3422 3261 3492 φεύξεται
3296 3424 3530 3494 μακράν·
3559 3443 3577 3474 ι
3599 3426 3743 3479 κατά

507 3513 888 3585 Symmachum
937 3531 1106 3583 vero,
1157 3538 1175 3570 ι
1216 3519 1280 3573 Et
1331 3519 1585 3576 infremet
1638 3522 1777 3591 ipsi,
1807 3531 1861 3577 et
1902 3523 2069 3593 fugiet

506 3605 714 3686 procul.
745 3624 764 3657 ι
811 3606 907 3662 Cui
936 3621 1113 3665 autem
1146 3627 1332 3666 eorum
1367 3614 1618 3669 infremet
1646 3627 1735 3669 aut
1769 3618 2066 3672 commina-

506 3696 673 3764 bitur,
710 3697 809 3752 nisi
841 3702 1109 3769 prazdictaa
1140 3701 1437 3756 infidelium
1468 3705 1784 3771 ponulorum
1820 3708 1987 3775 genti,
2014 3718 2068 3762 et

505 3788 676 3854 Ipsam
708 3790 931 3859 agitanti
958 3793 1218 3847 diabolo?
1251 3794 1381 3860 Quis
1405 3806 1582 3850 autem
1611 3797 1742 3867 ipsis
1773 3802 2068 3855 commina-

506 3878 673 3941 bitur,
705 3882 805 3935 nisi
836 3882 882 3935 is
915 3883 979 3937 de
1008 3899 1113 3952 quo
1144 3885 1341 3939 dictum
1373 3895 1455 3941 est
1491 3906 1502 3940 :

584 3969 745 4025 Vsus.
775 3971 859 4026 14.
899 3991 917 4023 ι
953 3972 1381 4029 Comminabitur
1428 3975 1685 4031 Dominus
1734 3979 1787 4034 in
1839 3989 1928 4045 te,
1976 3986 2065 4050 qui

482 4076 488 4098 ς
520 4060 684 4130 elegit
727 4060 1043 4119 Jerusalem.
1074 4065 1154 4119 Ad
1198 4081 1478 4137 vesperam
1528 4070 1630 4123 erit
1673 4069 1883 4137 luctus,
1917 4085 2067 4129 ante-

516 4170 679 4225 quam
709 4154 777 4210 sit
803 4155 1112 4225 diluculum,
1134 4168 1189 4212 et
1213 4174 1315 4213 non
1352 4162 1475 4215 erit.
1508 4160 1631 4216 Haec
1677 4164 1851 4232 portio
1878 4178 2063 4220 corum

509 4249 603 4318 qui
639 4248 870 4320 populati
900 4259 1025 4304 sunt
1053 4266 1191 4305 vos:
1221 4252 1507 4308 baereditas
1533 4270 1719 4309 eorum
1757 4259 1847 4325 qui
1885 4273 1979 4313 vos
2013 4259 2063 4312 in

502 4336 868 4393 baereditatcm
911 4340 1285 4409 possederunt.
1321 4362 1340 4395 ι
1393 4342 1463 4399 lis
1506 4346 1703 4416 quippe
1751 4350 1841 4417 qui
1894 4350 2067 4404 instar

2166 3514 2221 3567 δὲ
2237 3514 2326 3567 τὸν
2360 3514 2722 3585 Σύμμαχον,ξι
2750 3515 2859 3568 Καὶ
2888 3514 3286 3586 ἐμϐριμήσεται
3319 3515 3465 3585 αὐτῷ
3485 3517 3579 3570 καὶ
3610 3516 3743 3585 φεύ-

2167 3604 2314 3672 ξεται
2337 3606 2541 3677 πόρῤω.
2582 3625 2601 3658 ι
2630 3606 2745 3659 Τίνι
2776 3606 2831 3659 δέ
2869 3594 3047 3660 αὐτῶν
3077 3605 3531 3678 ἐμϐριμήσεταιῆ
3564 3610 3741 3661 ἐπιτι-

2170 3699 2421 3768 μήσεται,
2445 3699 2477 3768 ἢ
2505 3697 2581 3769 τῷ
2610 3698 2956 3769 προλεχθέντι
2995 3698 3135 3751 ἔθνει
3155 3697 3262 3751 τῶν
3289 3699 3532 3752 ἀπίστων
3572 3699 3737 3765 λαῶν,

2166 3790 2259 3843 καὶ
2289 3789 2366 3860 τῷ
2417 3789 2639 3854 τούτους
2672 3790 2980 3862 ἐνεργοῦντι
3031 3790 3296 3861 διαϐόλῳ;
3332 3790 3428 3855 Τίς
3459 3792 3516 3844 δὲ
3556 3794 3740 3857 αὐτοῖς

2164 3882 2475 3951 ἐπιτιμήσει
2499 3882 2610 3935 ἀλλ’
2641 3882 2673 3953 ἢ
2703 3884 2908 3946 ἐκεῖνος
2942 3886 3070 3954 περὶ
3098 3877 3157 3936 οὗ
3193 3883 3428 3953 εἴρηται,

2239 3995 2258 4028 ι
2308 3978 2653 4049 Ἐπιτιμήσει
2689 3976 2894 4047 Κύριος
2924 3979 2980 4029 ἐν
3012 3976 3095 4029 σοὶ
3127 3976 3482 4047 ἐκλεξάμενος
3514 3978 3611 4047 τὴν
3638 3978 3734 4030 Ἱε-

2167 4067 2468 4139 ρουσαλήμ.
2502 4068 2645 4139 Πρὸς
2686 4067 2927 4140 ἑσπέραν
2962 4066 3113 4121 ἔσται
3141 4067 3333 4130 πένθος
3371 4069 3534 4139 πρινὴ
3570 4069 3733 4139 πρωῒ.

2164 4154 2258 4206 καὶ
2302 4155 2403 4208 οὐκ
2433 4154 2603 4208 ἔσται.
2631 4155 2841 4226 Αὕτηὴ
2894 4157 3049 4227 μερὶς
3099 4156 3206 4209 τῶν
3255 4157 3736 4228 προνομευσάντων

2164 4246 2330 4316 ὑμᾶς,
2362 4245 2698 4317 κληρονομία
2736 4248 2850 4308 τοῖς
2898 4247 3346 4317 κληρονομήσασι.
3407 4267 3426 4300 ι
3470 4249 3593 4312 Τοίς
3624 4250 3735 4322 γὰρ

2163 4338 2318 4410 δίκην
2349 4338 2619 4409 θαλάσσης
2648 4338 3011 4408 κυμαινούσης
3045 4338 3427 4409 κατεπαρθεῖσι
3464 4342 3561 4411 τῆς
3611 4342 3735 4394 Ἐκ-

500 4432 669 4485 maris
695 4430 1009 4487 ﬂuctuantis
1036 4441 1220 4487 contra
1253 4421 1547 4492 Ecclesiam
1576 4455 1695 4494 sese
1732 4442 2062 4508 extulerunt,

2170 4431 2395 4502 κλησίας
2421 4431 2556 4502 πρὸς
2581 4434 2646 4500 τῇ
2667 4430 2814 4482 δύσει
2835 4429 2928 4483 τοῦ
2947 4430 3059 4499 βίου
3078 4430 3171 4483 καὶ
3193 4431 3328 4502 πρὸς
3344 4432 3490 4503 αὐτῷ
3505 4433 3580 4504 τῷ
3593 4435 3735 4487 τέλει

499 4521 554 4575 in
582 4536 779 4576 occasu
813 4523 931 4578 vitae
952 4564 968 4590 ,
1000 4532 1053 4578 et
1084 4524 1135 4577 in
1185 4526 1299 4595 ipso
1329 4528 1438 4583 ﬁne
1476 4529 1651 4585 luctus
1681 4533 1893 4599 aderit,
1940 4536 2063 4604 quia

502 4626 609 4666 non
641 4613 780 4667 ultra
823 4623 1006 4669 erunt.
1038 4613 1172 4667 Nam
1224 4615 1276 4670 in
1328 4617 1508 4675 futuro
1554 4624 1751 4678 sarcqu
1796 4640 1930 4679 nova
1975 4627 2062 4679 lux

498 4704 722 4761 orientis
742 4715 793 4760 et
820 4707 1070 4762 matutini
1100 4716 1228 4762 tunc
1251 4708 1316 4763 ad
1345 4709 1602 4767 ultionem
1638 4714 1913 4769 ferendam
1943 4714 2063 4768 illu-

498 4796 661 4853 cebit.

1050 4891 1276 4949 CAPUT
1313 4892 1494 4948 XVIII.

571 4980 730 5037 Vens.
758 4982 809 5050 I,
829 4983 883 5035 9..
920 5001 938 5033 ι
972 4983 1065 5037 Vae
1090 4996 1247 5041 teme
1275 4988 1515 5050 navium,
1541 4987 1640 5041 alae
1672 4988 1808 5041 ultra
1839 4987 2058 5044 ﬂumina

496 5070 824 5141 Ethiopim;
861 5074 949 5143 qui
989 5076 1151 5130 mittit
1178 5077 1230 5130 in
1267 5092 1415 5131 mare
1440 5077 1690 5145 obsides,
1718 5089 1773 5133 et
1803 5081 2058 5151 epistolas

495 5162 726 5218 biblinas
766 5182 924 5236 supra
975 5184 1190 5237 aquam.
1243 5188 1262 5221 ι
1318 5170 1467 5226 Unde
1514 5170 1715 5224 factum
1762 5180 1822 5226 ut
1870 5188 2060 5228 omnes

503 5253 695 5322 abique
723 5253 889 5311 Judaei
942 5262 1143 5329 pariter
1185 5270 1237 5315 et
1268 5277 1374 5316 uno
1430 5279 1692 5318 consensu
1736 5262 2058 5321 Christianze

502 5346 756 5401 Joctrinaa
780 5352 1255 5407 contradicercnt?
1293 5354 1345 5408 In
1377 5364 1618 5409 veterum
1660 5359 1876 5425 scriptis
1903 5374 2058 5428 repe-

567 5523 679 5608 (gl)
713 5524 826 5608 Hic
843 5524 1129 5608 Eusebium
1157 5532 1353 5608 acerbe
1374 5535 1559 5608 carpit
1587 5533 2059 5608 Hieronymusvhis

502 5596 700 5676 verbis,
731 5614 751 5648 ι
783 5596 1047 5676 Eusebius
1072 5601 1418 5676 Caesariensis
1448 5596 1758 5661 historicam
1788 5596 2055 5675 interpre-

499 5668 753 5727 tationem
782 5668 935 5738 titulo
960 5672 1365 5738 repromittens,
1393 5676 1622 5730 diversis
1656 5676 1901 5731 sensibus
1929 5668 2056 5734 ὦνον

497 5743 651 5817 satur
674 5753 688 5792 :
708 5737 864 5810 cujus
885 5753 1004 5795 cum
1029 5739 1193 5796 libros
1217 5737 1471 5823 legerem,
1492 5746 1633 5803 aliud
1666 5746 1829 5813 multo
1860 5750 2053 5832 reperi,

2169 4522 2359 4586 πένθος
2392 4523 2595 4585 ἔσεται,
2617 4523 2696 4575 ὅτι
2723 4522 2903 4575 οὐκέτι
2936 4523 3272 4593 ¹ὑπάρχουσι·
3313 4513 3573 4579 κατὰτὺν
3609 4527 3736 4597 μέλ-

2165 4615 2323 4668 λοντα
2370 4616 2561 4676 αἰῶνα,
2618 4614 2738 4666 νέου
2771 4614 2949 4682 φωτὸς
2985 4615 3244 4685 ἀνατολῆς
3287 4619 3379 4670 καὶ
3411 4620 3622 4690 πρωῖας
3674 4619 3735 4672 τὸ

2165 4706 2466 4778 τηνικαῦτα
2488 4708 2607 4769 ταῖς
2620 4705 2795 4768 δίκαις
2825 4705 3246 4777 ἐπιλάμψαντος.

2668 4895 3057 4949 ΚΕΦΑΛΑῙΟΝ
3118 4898 3222 4950 III‘.

2240 5007 2259 5037 ι
2295 4987 2430 5040 Οὐαὶ
2480 4986 2584 5056 γῆς
2630 4986 2847 5051 πλοίων,
2892 4988 3158 5059 πτέρυγες
3186 4990 3440 5044 ἐπέκεινα
3473 4993 3733 5064 ποταμῶν

2163 5079 2464 5142 Αἰθιοπίαςο
2496 5080 2524 5130 ὁ
2552 5078 2892 5133 ἀποστέλλων
2925 5082 2981 5133 ἐν
3009 5080 3252 5155 θαλάσσῃ
3270 5085 3472 5153 ὅμηρα,
3500 5084 3594 5138 καὶ
3613 5086 3735 5140 ἐπι-

2166 5172 2360 5237 στολάς
2392 5173 2631 5243 βιϐλίνας
2684 5174 2868 5229 ἐπάνω
2918 5176 3011 5229 τοῦ
3068 5176 3275 5240 ὕδατος.
3323 5197 3341 5229 ι
3390 5176 3562 5232 Πόθεν
3604 5180 3732 5243 τοὺς

2164 5267 2441 5337 πανταχοῦ
2486 5266 2770 5330 Ἰουδαίους
2800 5270 2925 5331 τοὺς
2956 5268 3162 5332 πάντας
3192 5269 3493 5339 συμφώνως
3525 5270 3585 5336 ἐξ
3614 5271 3732 5336 ἐνὸς

2169 5359 2508 5431 συνθήματος
2543 5358 2841 5429 ἀντιλέγειν
2866 5360 2944 5432 τῷ
2982 5361 3107 5431 περὶ
3138 5360 3372 5432 Χριστοῦ
3408 5360 3549 5435 λόγῳ
3583 5362 3730 5448 (21);

2161 5554 2320 5609 quam
2353 5539 2528 5593 indice
2566 5540 2931 5609 promittebat.
2972 5540 3287 5609 Ubicunque
3315 5539 3460 5597 enim
3493 5554 3616 5595 eum
3650 5539 3730 5595 hi-

2158 5610 2323 5666 Storia
2374 5610 2670 5668 defecerit.
2698 5610 2887 5682 transit
2929 5612 2994 5664 ad
3029 5610 3362 5682 allegoriam,
3389 5620 3444 5665 et
3474 5611 3544 5682 ita
3573 5624 3730 5682 sepa:

2160 5691 2279 5735 rata
2313 5682 2608 5743 consociat,
2636 5690 2694 5733 ut
2730 5681 2895 5734 mirer
2910 5694 3033 5735 eum
3066 5679 3201 5735 nova
3225 5682 3486 5749 sermonis
3520 5679 3729 5748 fabrica

2165 5752 2216 5808 in
2249 5767 2411 5808 unum
2445 5766 2641 5833 corpus
2664 5750 2892 5822 lapidem
2918 5750 3228 5835 ferrumque
3250 5751 3590 5831 conjungere,
3615 5749 3726 5821 Hoc
