4072 6194
362 298 482 353 ειε

1336 293 1836 351 COMMENTABIA
1876 294 1940 349 IN
1983 295 2234 352 ISAIAM.
2273 325 2344 336 —-
2379 296 2530 352 CAP.
2573 297 2754 357 XVIII.

3513 299 3618 352 214

373 412 636 485 Εὖρομεν
656 411 716 464 ὲν
740 411 843 473 τοῖς
869 408 979 464 τῶν
1010 407 1252 463 παλαιῶν
1291 410 1736 482 συγγράμμασιν,
1775 411 1850 477 ὡς
1904 415 1954 467 οί

2058 416 2244 480 rimus,
2268 413 2781 487 Hierosolymitanos
2825 412 3063 470 Iudaica:
3107 414 3283 484 gentis
3312 415 3618 470 sacerdotes

315 521 338 540 ο
379 504 488 576 τὴν
539 502 882 575 Ἰερουσαλὴμ
910 501 1190 565 οἰκοῦντες
1212 501 1306 554 τοῦ
1330 501 1436 554 τῶν
1481 502 1746 556 Ἰουδαίων
1775 505 1957 568 ἔθνους

390 597 564 666 ἱερεῖς
587 595 673 647 καὶ
699 593 1055 665 πρεσϐύτεροι
1086 593 1389 664 γράμματα
1422 593 1846 665 διαχαράξαντες
1881 597 1959 659 εἰς

393 689 570 742 πάντα
590 685 952 756 διεπέμψαντο
974 684 1043 737 τά
1064 684 1189 754 έθνη
1210 687 1321 748 τοῖς
1338 684 1648 754 ἁπανταχοῦ
1689 666 1958 751 Ἰουδαίοις

394 781 754 842 διαϐάλλοντες
808 778 906 848 τὴν
940 777 1180 849 Χριστοῦ
1215 778 1581 842 διδασκαλίαν,
1629 779 1703 842 ὡς
1749 780 1958 850 αἵρεσιν

398 859 577 942 καινὴν
609 871 702 926 καὶ
727 869 1016 942 ἀλλοτρίαν
1049 867 1146 922 τοῦ
1181 868 1337 932 Θεοῦ,
1369 870 1742 943 παρήγγελλόν
1787 889 1847 924 τε
1890 871 1957 924 δι’

390 967 679 1021 ἐπιστολῶν
731 965 806 1036 μὴ
858 961 1266 1034 παραδέξασθαι
1321 963 1508 1033 αὐτήν.
1545 961 1712 1015 Τοῦτο
1767 963 1823 1016 δὲ
1865 959 1956 1016 οὖν

381 1057 512 1112 αὐτὸ
541 1055 833 1126 σημαίνειν
875 1051 1051 1105 ἔοικεν
1085 1051 1119 1120 ἡ
1153 1049 1290 1121 μετά
1317 1053 1504 1122 χεῖρας
1530 1053 1852 1122 προφητεία,
1900 1053 1957 1103 ὲν

375 1145 421 1218 ᾧ
446 1147 616 1215 λέγει·
651 1165 670 1197 ι
709 1145 846 1198 Οὐαὶ
874 1144 978 1213 γῆς
1009 1141 1229 1203 πλοίων,
1260 1142 1527 1211 πτέρυγες
1559 1143 1808 1196 ἐπέκεινα
1860 1160 1957 1194 πο..

373 1238 566 1310 ταμὼν
601 1235 908 1298 Αἰθιοπίας⁹
935 1236 964 1286 6
987 1233 1330 1288 ἀποστέλλων
1355 1235 1412 1286 έν
1439 1233 1679 1307 θαλάσσῃ
1705 1235 1908 1305 ὅμηρα·
1933 1253 1950 1285 ι

371 1333 490 1386 ἀνθ’
512 1324 577 1384 οῦ
609 1333 638 1385 6
663 1329 958 1399 Σύμμαχος
981 1327 1364 1392 ἀποστόλους
1377 1323 1496 1379 εἰπε
1521 1328 1718 1400 φήσας,
1752 1347 1770 1379 ι
1792 1329 1957 1379 Ἀπο-

377 1423 614 1478 στέλλων
666 1419 1000 1482 ἀποστόλους
1051 1420 1110 1471 ὲν
1148 1417 1408 1490 Θαλάσσῃ·
1456 1437 1474 1469 ι
1530 1419 1558 1472 6
1617 1419 1673 1472 δὲ
1731 1417 1958 1480 Ἀκύλας

376 1514 721 1584 πρεσϐύτας
735 1511 1000 1575 ἐξέδωκεν
1037 1507 1228 1572 εἰπὼν,
1259 1526 1278 1558 ι
1323 1509 1379 1561 '0
1412 1508 1752 1562 ἀποστέλλων
1781 1510 1837 1561 έν
1865 1507 1958 1561 θα-

378 1606 560 1676 λάσση
586 1601 914 1675 πρεσϐύτας.
957 1619 978 1652 ι
1018 1601 1180 1670 Ὁρᾷς
1231 1599 1378 1662 ὅπως
1408 1600 1436 1652 6
1466 1599 1622 1668 λόγος
1662 1600 1788 1662 τοὺς
1827 1615 1957 1668 προ-

382 1696 678 1766 λεχθένεας
720 1693 988 1746 Ἰουδαίων
1010 1692 1276 1762 ἄρχοντας
1293 1689 1585 1756 ταλανίζει,
1619 1691 1712 1744 καὶ
1737 1691 1834 1761 τὴν
1852 1691 1955 1761 γῆν

2060 513 2116 561 et
2131 505 2390 569 seniores,
2410 505 2620 561 litteras
2639 506 2692 559 in
2723 520 2912 560 omnes
2928 513 3114 573 gentes
3133 506 3341 560 misisse
3357 505 3620 560 adomnes

2059 597 2256 665 ubique
2275 593 2487 650 Judaeos
2511 636 2525 660 ,
2554 611 2659 664 quo
2689 596 2890 650 Christi
2921 596 3224 650 doctrinam
3256 595 3618 659 traducerent,

2060 695 2117 741 ut
2164 701 2355 741 novam
2393 702 2452 741 ac
2487 687 2595 741 Deo
2641 687 2917 740 inimicam
2965 695 3168 740 sectam
3217 705 3230 739 :
3268 702 3331 739 ac
3381 685 3622 755 epistolis

2058 777 2351 844 monuisse,
2394 787 2452 832 ut
2497 792 2564 833 ne
2595 777 2740 832 illam
2775 777 3096 846 reciperent.
3129 774 3242 828 Iloc
3287 775 3460 842 ipsum
3493 790 3623 845 ergo

2057 868 2362 950 signiﬁqare
2391 869 2601 923 videtur
2633 882 2868 938 praesens
2919 865 3202 937 prophetia
3249 865 3334 918 ubi
3378 865 3618 919 dicitur:

2064 981 2082 1014 ι
2123 961 2213 1016 Va:
2246 969 2402 1015 terrae
2447 961 2694 1024 navium,
2730 959 2824 1012 alte
2853 957 2990 1011 ultra
3034 955 3254 1010 ﬂumina
3289 953 3615 1024 Ethiopite;

2057 1054 2148 1123 qui
2189 1053 2353 1107 mittit
2379 1053 2432 1106 in
2467 1068 2615 1108 mare
2651 1052 2904 1115 obsides;
2946 1069 2964 1100 ι
2995 1064 3092 1117 pro
3121 1065 3228 1118 quo
3263 1048 3621 1118 Symmachus

2031 1145 2314 1215 apostolos
2344 1145 2480 1197 dixit
2510 1145 2592 1198 his
2628 1144 2807 1198 verbis
2829 1183 2844 1206 ,
2880 1163 2898 1194 ι
2931 1142 3032 1210 Qui
3062 1141 3228 1195 mittit
3253 1149 3308 1194 et
3345 1137 3621 1209 apostolos

2056 1239 2109 1292 in
2141 1251 2328 1302 mare;
2363 1253 2381 1286 ι
2407 1234 2599 1303 Aquila
2623 1249 2753 1289 vero
2788 1235 2982 1305 legatos
3011 1233 3198 1298 edidit,
3229 1233 3434 1296 dicens,
3467 1248 3486 1281 ι
3518 1227 3621 1294 Qui

2059 1329 2223 1382 mittit
2273 1327 2326 1381 in
2375 1341 2522 1382 mare
2567 1325 2791 1396 legatos.
2834 1345 2853 1376 ι
2895 1324 3077 1381 Viden’
3127 1323 3399 1392 quomodo
3439 1335 3620 1375 sermo

2058 1418 2339 1487 praedictos
2382 1415 2686 1473 Iudaeorum
2739 1415 3006 1485 principes
3054 1414 3282 1469 miseros
3341 1411 3619 1482 praedicet,

2058 1527 2262 1566 necnon
2282 1520 2478 1565 terram
2503 1525 2708 1575 eorum,
2728 1507 2880 1576 cujus
2901 1505 3101 1561 malitia
3127 1521 3297 1575 usque
3321 1505 3388 1560 ad
3404 1502 3619 1558 JEthio-

2064 1616 2156 1672 pes
2178 1611 2504 1671 pervaserat.
2520 1601 2880 1668 Quamobrem
2900 1599 3191 1654 secundum
3208 1596 3615 1668 Symmachum,

2063 1713 2082 1746 ί
2120 1693 2212 1748 ναξ
2240 1704 2395 1748 terra;
2435 1695 2642 1750 sonitus
2671 1693 2769 1747 ala”:
2789 1734 2804 1759 ,
2843 1707 2962 1759 qum
2994 1691 3132 1745 ultra
3163 1690 3376 1744 ﬂutnina
3407 1688 3621 1743 IEthio—

391 1787 598 1854 αὐτῶν,
637 1783 702 1857 ἧς
732 1788 769 1856 ἡ
800 1784 956 1838 κακία
986 1784 1179 1856 μέχρις
1199 1783 1469 1838 Αἰθιόπων
1494 1782 1714 1852 ἔφθασε.
1742 1781 1832 1835 Διὸ
1855 1799 1953 1836 κα-

2058 1785 2158 1855 ρίαξ
2186 1803 2205 1837 ›
2230 1802 2244 1838 :
2280 1785 2434 1854 queis
2457 1784 2745 1853 signiﬁcat,
2770 1783 2930 1837 etiam
2956 1781 3093 1835 ultra
3111 1780 3424 1852 Ethiopum
3443 1781 3621 1851 regio-

398 1880 470 1934 τὰ
500 1880 593 1932 τὸν
626 1878 912 1949 Σύμμαχον
939 1877 1170 1948 εἴρηται,
1199 1896 1217 1928 ι
1248 1876 1383 1931 Οὐαὶ
1415 1875 1518 1945 γῆς
1541 1877 1570 1929 6
1595 1871 1725 1945 ἦχος
1758 1873 1953 1946 πτέρυ-

401 1989 517 2040 γος,
542 1974 576 2041 ἡ
597 1969 830 2041 πέραθεν
855 1969 1103 2040 ποταμῶν
1119 1969 1415 2033 Αἰθιοπίας
1449 1987 1467 2020 ι
1494 1969 1559 2022 δι’
1575 1961 1648 2022 ὧν
1680 1969 1950 2039 σημαίνει,

399 2064 480 2128 ὡς
509 2065 599 2116 καὶ
632 2062 800 2132 πέραν
827 2061 920 2130 τῆς
961 2061 1235 2114 Αἰθιόπων
1263 2060 1464 2133 χώρας,
1501 2061 1658 2132 ἡτῶν
1689 2059 1952 2131 ἐσχατιῶν

397 2157 494 2226 τῆς
523 2157 642 2226 γῆς,
672 2157 702 2208 6
727 2155 822 2225 τῆς
843 2154 1104 2225 πονηρίας
1126 2149 1257 2224 ἦχος
1287 2153 1392 2206 τῶν
1417 2152 1514 2224 τὴν
1560 2153 1814 2207 Ἰουδαίαν
1845 2153 1950 2224 γῆν

386 2247 674 2301 οἰκούντων
702 2245 792 2299 διά
823 2261 986 2298 τινων
1023 2243 1210 2315 ὥσπερ
1252 2243 1558 2315 ἰπταμένων
1586 2244 1782 2298 πλοίων
1816 2261 1950 2317 προ-

379 2337 562 2408 ῆλθεν,
615 2336 755 2388 οἵτε
799 2334 1087 2388 ἀπόστολοι
1137 2333 1338 2396 αὐτῶν,
1388 2335 1675 2399 ἐπιστολὰς
1718 2335 1956 2406 βιϐλίνας

377 2429 752 2500 κομιζόμενοι,
796 2427 1054 2498 ὑπεράνω
1082 2443 1140 2479 τε
1176 2425 1283 2479 τῶν
1327 2426 1532 2480 ὑδάτων
1559 2427 1957 2498 ναυτιλλόμενοι

377 2523 474 2574 καὶ
498 2521 596 2591 τὴν
626 2518 902 2572 θάλασσαν
919 2517 1268 2587 ἐμπλέοντες,
1301 2518 1609 2588 ἁπανταχοῦ
1631 2520 1732 2589 γῆς
1755 2518 1959 2588 διέτρε-

376 2630 494 2684 χον,
524 2613 617 2666 τὸν
653 2614 784 2684 περὶ
810 2611 905 2664 τοῦ
948 2611 1199 2682 Σωτῆρος
1229 2611 1262 2680 ἠ
1271 2610 1385 2681 μῶν
1417 2610 1851 2676 ὲνδιαὸἀλλοντες
1869 2612 1958 2665 λό-

2059 1893 2203 1941 nem,
2247 1876 2360 1932 sive
2393 1877 2530 1931 ultra
2573 1884 2814 1928 extrema
2844 1881 3033 1939 terrae,
3072 1873 3289 1927 malitiae
3320 1872 3620 1927 incolarum

2057 1970 2253 2026 Judaea:
2291 1971 2548 2034 sonitum,
2577 1985 2673 2024 ceu
2707 1966 3025 2038 quibusdam
3050 1965 3354 2020 volantibus
3384 1966 3613 2020 navibus
3648 2013 3652 2016 .

2057 2064 2314 2129 delatum,
2349 2062 2676 2134 pervenisse,
2731 2058 3106 2129 apostolosque
3142 2073 3327 2114 eorum
3355 2057 3645 2128 epistolas

2055 2155 2285 2211 hiblinas
2327 2155 2659 2220 deterentes,
2693 2170 2754 2210 ac
2785 2169 2948 2222 supra
2986 2155 3204 2209 dorsum
3248 2167 3510 2219 aquarum
3557 2151 3613 2208 in

2057 2246 2300 2316 marique
2345 2246 2684 2317 navigantes,
2720 2247 2920 2316 ubique
2951 2255 3216 2302 terrarum
3269 2245 3612 2308 discurrisse,

2057 2351 2356 2392 sermonem
2383 2337 2448 2392 de
2479 2336 2766 2394 Servatore
2797 2347 2981 2393 nostro
3026 2337 3311 2393 calumniis
3351 2336 3616 2393 vellican-

2059 2437 2156 2484 tes.
2207 2428 2488 2499 Apostolus
2530 2446 2660 2487 vero
2711 2432 2874 2487 etiam
2919 2447 3061 2487 nunc
3103 2430 3274 2487 Judaei
3309 2442 3628 2500 nuncupare;

2057 2521 2233 2576 solent
2261 2536 2374 2590 eos,
2397 2523 2487 2593 qui
2512 2523 2804 2580 circulares
2829 2525 3130 2594 principum
3163 2537 3382 2579 suorum
3411 2522 3618 2576 litteras

2060 2611 2480 2683 circumquaque
2506 2615 2807 2685 deportant.

377 2723 494 2773 γον.
533 2703 891 2784 Ἀποστόλους
941 2703 1000 2756 δὲ
1041 2703 1208 2756 εἰσέτι
1252 2703 1347 2756 καὶ
1376 2702 1467 2756 νῦν
1498 2703 1618 2768 ἔθος
1651 2704 1798 2758 ἐστὶν
1839 2703 2110 2768 Ἰουδαίοις
2147 2703 2433 2776 ὀνομάζειν
2467 2707 2595 2770 τοὺς
2642 2706 2902 2775 ἐγκύκλια
2934 2707 3234 2776 γράμματα
3299 2703 3450 2773 παρά
3510 2701 3618 2758 τῶν

378 2797 655 2868 ἀρχόντων
677 2795 859 2849 αὐτῶν
888 2793 1389 2865 ἐπικομιζομένους.

465 2909 484 2940 ι
503 2889 866 2960 Πορεύσονται
893 2888 1002 2960 γὰρ
1034 2885 1252 2955 ἄγγελοι
1283 2885 1471 2954 κοῦφοι
1503 2885 1638 2958 πρὸς
1659 2885 1808 2948 ἔθνος
1838 2903 1958 2957 μετ-

395 2980 564 3052 έωρον
617 2981 708 3034 καὶ
743 2979 891 3047 ξένον
921 2979 1049 3034 λαὸν
1095 2980 1188 3032 καὶ
1221 2977 1471 3048 χαλεπόν.
1507 2978 1602 3040 Τίς
1661 2978 1822 3032 αὐτοῦ
1857 2980 1956 3032 έπ-

396 3073 580 3125 έκεινα
598 3089 614 3136 ;
631 3072 774 3136 ἔθνος
797 3072 910 3141 (22)
933 3071 1248 3124 ἀνέλπιστον
1273 3071 1364 3124 καὶ
1381 3070 1918 3143 καταπεπατημένον.
1932 3090 1950 3123 ι

409 3164 498 3227 Ὧς
527 3158 661 3216 εἶναι
687 3162 856 3233 ἀρχὴν
889 3161 1212 3232 πράγματος
1231 3177 1244 3189 ·
1283 3159 1374 3212 καί
1413 3176 1502 3229 μοι
1532 3159 1676 3211 δοκεί
1705 3158 1862 3212 τοῦτο
1897 3159 1957 3211 τὸ
1985 3199 2025 3257 C

397 3253 716 3324 πρόσταγμα
746 3252 882 3322 πρὸς
928 3253 1051 3314 τοὺς
1110 3249 1354 3320 μαθητὰς
1388 3247 1480 3301 τοῦ
1513 3251 1760 3321 Σωτῆρος
1801 3251 1956 3321 ἡμῶν

389 3344 674 3416 εἰρῆσθαι·
709 3341 800 3406 οὓς
832 3341 921 3396 διὰ
944 3341 1002 3395 τὺ
1025 3343 1190 3396 πᾶσιν
1215 3339 1518 3413 ἀνθρώποις
1548 3341 1767 3410 ἀγαθῶν
1799 3342 1959 3411 εὐαγ-

386 3435 642 3505 γελιστάς
675 3431 836 3498 εἶναι,
865 3435 1129 3504 ἀγγέλους
1165 3435 1259 3488 καὶ
1286 3434 1519 3504 κούφους
1552 3434 1799 3505 ὠνόμασε
1824 3435 1960 3505 πρὸς

386 3528 792 3599 ἀντιδιαστολὴν
819 3527 926 3581 τῶν
969 3526 1266 3581 Ἰουδαϊκῶν
1310 3527 1639 3581 ἀποστόλων.
1675 3529 1842 3597 Φησὶν
1867 3523 1959 3580 οὖν

391 3621 526 3692 πρὸς
557 3619 754 3683 αὐτοὺς
786 3620 908 3682 τοὺς
939 3617 1045 3671 τῶν
1067 3616 1283 3677 ἀγαθῶν
1321 3617 1582 3686 ἀγγέλους
1605 3635 1618 3647 ο
1671 3618 1879 3688 Ὑμεῖς,
1911 3619 1959 3670 οἱ

397 3711 625 3781 Χριστοῦ
649 3709 910 3782 μαθηταὶ,
930 3709 1244 3781 πορεύεσθε,
1269 3709 1455 3779 ὥσπερ
1480 3705 1572 3762 οὖν
1603 3710 1760 3773 αὐτὸς
1790 3711 1818 3762 6
1845 3711 1959 3762 Σω-

396 3800 503 3872 τὴρ
527 3801 802 3869 διετάξατο
833 3801 969 3872 πρὸς
1015 3801 1157 3870 ὑμᾶς
1199 3799 1402 3868 λέγων·
1445 3819 1462 3850 ‹
1489 3799 1788 3870 Πορεύεσθε
1826 3799 1959 3870 μᾶλ-

397 3893 490 3946 λον
526 3896 652 3965 πρὸς
679 3894 753 3949 τὰ
795 3893 1041 3967 πρόϐατα
1066 3892 1132 3945 τὰ
1149 3891 1457 3947 ἀπολωλότα
1489 3893 1634 3946 οἴκου
1679 3891 1911 3963 Ἰσραὴλ,
1936 3912 1953 3943 ι

393 3987 785 4059 καί,‹Πορευθέ
796 4003 929 4051 ντες,
951 3984 1323 4057 μαθητεύσατε
1350 3985 1526 4038 πάντα
1553 3985 1620 4038 τὰ
1648 3985 1772 4056 ἔθνη
1801 3988 1857 4038 έν
1883 3985 1960 4055 τῷ

389 4079 614 4151 ὀνόματί
649 4098 770 4151 μου.
800 4098 818 4132 ›
856 4080 1213 4151 Πορευόμενοι
1244 4079 1321 4144 δὲ,
1349 4080 1499 4148 φησὶ,
1529 4078 1719 4147 κοῦφοι
1747 4078 1960 4146 γίνεσθε

389 4172 487 4224 καὶ
519 4172 820 4237 εὐσταλεῖς,
853 4171 929 4234 ὠς
970 4169 1034 4224 ἂν
1078 4170 1265 4240 ῥᾳδίαν
1309 4169 1406 4240 τὴν
1439 4169 1660 4239 πορείαν
1696 4169 1920 4239 ποιῆσθε
1941 4187 1954 4200 ο

386 4263 418 4316 6
447 4263 513 4334 δὴ
540 4263 635 4316 καὶ
668 4265 850 4326 αὐτοῖς
881 4263 1039 4316 πάλιν
1066 4263 1294 4334 παρῄνει
1313 4261 1484 4331 λέγων
1504 4278 1516 4290 ·
1548 4281 1566 4312 ί
1590 4261 1772 4330 Μηδὲν
1791 4262 1958 4332 ἄρητε

389 4354 532 4407 κατά
562 4354 659 4424 τῆν
687 4354 803 4407 ὀδόν
826 4370 841 4385 ·
878 4354 954 4424 μὴ
985 4353 1258 4424 κτήσησθε
1292 4352 1487 4423 χρυσὸν
1521 4351 1654 4421 μηδὲ
1695 4349 1832 4421 ἀργυ
1843 4369 1956 4422 ρον,

390 4445 529 4518 ι)ηέ
576 4444 772 4516 χαλκὸν
811 4447 888 4508 εἰς
923 4445 1020 4508 τάς
1069 4445 1243 4510 ζώνας
1304 4443 1476 4514 ὑμῶν,
1505 4465 1522 4495 ι
1571 4443 1662 4496 καὶ
1709 4441 1776 4496 τὰ
1811 4442 1954 4513 ἑξῆς.

2137 2905 2155 2936 ς
2192 2884 2348 2941 Ibunt
2373 2885 2514 2940 enim
2555 2885 2726 2940 nuntii
2755 2885 2957 2941 celeres
2982 2886 3048 2940 ad
3072 2893 3284 2957 gentem
3319 2883 3616 2939 excelsamv

2059 2986 2114 3032 et
2135 2977 2475 3048 peregrinum
2492 2977 2769 3048 populum,
2787 2988 2841 3032 et
2864 2993 3102 3048 gravem.
3123 2977 3254 3044 Quis
3271 2977 3409 3031 ultra
3442 2977 3618 3031 illum?

2057 3083 2187 3140 gens
2217 3070 2496 3138 desperata
2525 3077 2580 3123 et
2601 3071 2939 3125 conculcata.
2994 3088 3012 3121 ›
3055 3068 3130 3122 Ita
3162 3077 3220 3123 ut
3272 3070 3345 3124 sit
3382 3068 3510 3123 illud
3538 3069 3614 3124 rei

2059 3159 2269 3215 initium
2301 3178 2313 3213 :
2351 3161 2674 3230 videturque
2713 3160 2844 3214 mihi
2870 3161 2972 3215 hoc
3004 3170 3334 3230 praeceptum
3371 3160 3619 3216 Salvato-

2060 3251 2134 3306 ris
2156 3251 2324 3307 nostri
2357 3251 2632 3322 discipulis
2656 3251 2769 3306 dari
2797 3269 2809 3316 ;
2845 3251 2934 3322 qui
2976 3252 3118 3320 quod
3167 3252 3424 3306 omnibus
3447 3251 3620 3306 homi-

2060 3343 2216 3398 nibus
2245 3343 2508 3398 bonorum
2555 3344 2727 3398 nuntii
2756 3345 2881 3406 sint,
2916 3343 3088 3398 nuntii
3121 3354 3175 3399 et
3200 3343 3408 3397 celeres
3439 3345 3508 3397 ab
3549 3357 3617 3397 eo

2059 3442 2341 3498 vocantur,
2376 3435 2441 3488 ad
2467 3434 2818 3489 dilferentiam
2848 3434 3194 3489 Judaicorum
3223 3437 3611 3504 apostolorum.

2059 3524 2180 3579 Illos
2222 3525 2384 3593 igitur
2411 3526 2673 3579 bonorum
2717 3527 2932 3580 nuntios
2987 3527 3066 3580 sic
3111 3526 3449 3596 alloquitur:
3487 3527 3617 3593 Vos,

2058 3617 2256 3672 Christi
2282 3617 2550 3687 discipuli,
2576 3618 2665 3680 ite,
2698 3619 3146 3686 quemadmodum
3174 3618 3288 3686 ipse
3315 3617 3464 3672 vobis
3490 3616 3617 3672 Ser-

2059 3718 2214 3762 vator
2240 3707 2516 3778 praecepit,
2552 3725 2569 3758 ‹
2609 3705 2685 3761 Ite
2705 3706 2881 3777 potius
2903 3707 2969 3760 ad
2997 3721 3145 3770 oves,
3176 3695 3294 3775 qua:
3317 3706 3616 3774 perierunt,

2060 3801 2254 3854 domus
2286 3799 2449 3854 Israel
2476 3801 2554 3865 δίς
2606 3818 2625 3851 ›
2658 3809 2731 3863 et,
2762 3819 2779 3849 ‹
2810 3799 3010 3854 Euntes
3034 3798 3222 3853 docete
3256 3811 3444 3852 omnes
3476 3813 3611 3868 gen-

2062 3899 2139 3944 tes
2186 3891 2238 3945 in
2269 3892 2486 3946 nomine
2530 3907 2649 3947 meo
2677 3892 2743 3947 ⁸³.
2777 3911 2795 3943 ι
2847 3889 3050 3945 Euntes
3081 3900 3284 3954 autem,
3329 3892 3427 3957 ait,
3473 3890 3618 3945 leves

2058 3991 2230 4038 estote
2277 3991 2330 4037 et
2369 3983 2628 4052 expediti,
2678 3991 2736 4038 ut
2785 3982 2999 4036 facilius
3053 3982 3195 4036 viam
3240 3983 3615 4037 emetiamini.:

2058 4072 2199 4140 quod
2233 4073 2395 4126 etiam
2426 4072 2532 4127 illis
2567 4072 2857 4128 mandabat
2890 4073 2974 4127 his
3007 4073 3212 4138 verbis,
3241 4092 3258 4124 ι
3292 4073 3436 4128 Nihil
3479 4075 3613 4128 tulee

2060 4163 2179 4218 ritis
2205 4165 2254 4217 in
2281 4165 2401 4229 via;
2436 4179 2501 4218 ne
2527 4163 2846 4233 possideatis
2883 4179 3095 4231 aurum,
3141 4180 3240 4219 nec
3290 4175 3574 4236 argentum
3601 4206 3617 4229 ,

2061 4269 2158 4308 nec
2189 4269 2263 4308 aes
2286 4255 2336 4307 in
2362 4255 2511 4309 zonis
2539 4254 2733 4308 vestris
2753 4254 2963 4318 “,ietc.
2995 4253 3154 4310 Jubet
3189 4265 3366 4310 autem
3399 4256 3618 4324 prolici-

2059 4346 2134 4400 sci
2161 4361 2255 4400 eos
2285 4346 2352 4400 ad
2389 4355 2604 4415 gentem
2664 4346 2947 4401 sublimem
2986 4357 3040 4401 ct
3073 4348 3432 4417 peregrinanti,
3470 4356 3526 4401 et
3552 4350 3619 4403 ad

2061 4436 2312 4506 populum
2346 4451 2584 4505 gravem.
2621 4435 2737 4490 Non
2769 4439 2911 4492 cnim
2947 4439 3011 4489 ad
3047 4449 3204 4492 notos
3232 4437 3317 4493 vel
3363 4435 3622 4491 domesti-

388 4535 616 4591 Κελεύει
660 4536 716 4589 δὲ
755 4535 1077 4607 πορεύεσθαι
1112 4535 1246 4607 πρὸς
1274 4535 1423 4599 ἔθνος
1455 4534 1723 4606 μετέωρον
1748 4535 1838 4587 καὶ
1872 4535 1956 4600 ξέ-

2060 4544 2152 4584 cos
2187 4529 2300 4583 sive
2337 4526 2533 4582 fratres
2560 4528 2932 4594 mittebantur,
2966 4531 3060 4583 sed
3086 4530 3151 4581 ad
3179 4529 3439 4598 quosdam
3475 4543 3620 4596 pcre-

387 4640 501 4688 νσν,
524 4623 620 4676 καὶ
645 4622 780 4695 πρὸς
812 4621 937 4674 λαὸν
965 4621 1213 4692 χαλεπόν.
1247 4621 1321 4674 Οὐ
1356 4619 1462 4691 γὰρ
1488 4621 1622 4690 πρὸς
1651 4619 1957 4691 γνωρίμους

2063 4620 2243 4689 grinos
2286 4621 2495 4690 ignotos
2530 4621 2677 4676 viros
2737 4632 2790 4676 et
2837 4623 3183 4693 alienigenas,
3239 4621 3380 4691 apud
3429 4635 3620 4676 omnes

462 4716 506 4747 "
535 4716 726 4770 Matth.
757 4732 809 4780 ι,
833 4715 886 4770 6.
962 4715 1006 4746 ⁸³
1033 4714 1222 4768 Matth.
1249 4729 1436 4778 xxvm,
1472 4713 1555 4768 I9.
1631 4713 1676 4744 ⁸³
1700 4711 1887 4766 Matth.
1910 4729 1963 4778 x,
2001 4709 2053 4765 9.

386 4811 630 4867 breviter
658 4809 935 4873 admonui,
967 4823 1034 4862 ne
1075 4809 1194 4876 quis
1240 4824 1336 4862 nos
1361 4817 1507 4876 putet
1531 4823 1595 4861 ex
1625 4807 1766 4861 illius
1795 4807 1948 4860 fonti-

387 4881 494 4935 bus
529 4889 801 4933 mutuasse
827 4894 947 4946 qua:
976 4879 1239 4933 dicimus:
1267 4893 1386 4930 nam
1417 4887 1471 4931 et
1500 4880 1553 4930 in
1587 4879 1834 4946 prmsenti
1861 4893 1950 4931 ca-

386 4950 562 5020 pitulo
589 4949 876 5020 adversum
901 4947 1113 5020 Judaeos
1141 4947 1951 5020 etIIierosolymam_dieitpro-

387 5017 636 5090 phetiam
665 5018 825 5085 dirigi
860 5033 876 5071 :
915 5019 1153 5090 quodin
1190 5017 1449 5090 principio
1479 5017 1599 5070 ﬁdei
1627 5017 1950 5090 Christianae

392 5087 463 5145 ad
491 5099 632 5143 totas
660 5102 849 5158 gentes
895 5088 1146 5158 epistolas
1188 5089 1460 5152 miserint,
1510 5101 1588 5158 ne,
1616 5087 1950 5158 susciperent

387 5154 699 5228 passionem
731 5154 949 5224 Christi,
978 5167 1030 5228 et
1056 5158 1297 5212 miserint
1329 5172 1496 5226 usque
1527 5157 1591 5210 ad
1621 5154 1947 5228 .1Ethi0piam

388 5225 452 5297 et
500 5228 890 5283 occidentalem
959 5227 1204 5297 plagam,
1267 5225 1555 5297 totumque,
1601 5225 1952 5297 orbem’ejus

387 5296 1207 5365 blasphemiae.dissemina’tione
1239 5296 1641 5366 eompleverint.
1677 5314 1696 5347 ι
1733 5296 1796 5366 Et
1826 5309 1954 5366 sane

389 5364 538 5436 quod
575 5369 652 5422 ait
695 5366 1057 5439 Hieronymus
1098 5364 1383 5439 Eusebium
1435 5364 1804 5439 ἀλληγορικῶς
1837 5365 1952 5439 ple-

388 5436 928 5507 rumquegdictorum
975 5451 1192 5490 sensum
1237 5436 1602 5507 interpretari,
1641 5436 1849 5507 cuique
1877 5436 1954 5490 le-

385 5504 552 5576 genti
572 5505 743 5575 palam
777 5508 882 5561 erit
907 5523 920 5568 ;
949 5507 1089 5575 quod
1116 5519 1246 5576 vero
1275 5504 1427 5572 dicit,
1458 5521 1518 5561 se
1559 5521 1662 5560 nou
1691 5520 1761 5576 ex
1784 5504 1952 5576 Euse-

390 5575 465 5631 bii
499 5576 740 5632 fontibus
766 5586 1056 5640 mutuasse,
1095 5575 1162 5630 de
1195 5585 1304 5629 toto
1335 5580 1722 5631 commentario
1751 5575 1951 5630 intelli-

427 5662 489 5700 as
513 5663 528 5699 :
561 5647 762 5702 etenim
793 5647 1048 5716 pleraque
1077 5646 1164 5699 ille
1205 5645 1378 5710 aﬂ‘ert,
1404 5661 1522 5713 quae
1545 5645 1807 5716 Eusebius
1835 5644 1954 5698 nul-

411 5727 606 5774 atenus
647 5715 824 5780 attigit
865 5733 879 5776 :
926 5715 1020 5773 sed
1071 5725 1246 5774 tamen
1291 5717 1454 5774 multa
1501 5731 1566 5773 ex
1618 5715 1763 5772 hisce
1805 5729 1954 5771 com-

2053 4803 2368 4861 mentariis.
2403 4801 2569 4855 etiam
2616 4801 2899 4871 allegorice
2943 4801 3080 4855 dicta
3138 4799 3354 4871 hausit,
3390 4815 3616 4868 quorum

2051 4890 2310 4944 perquam
2351 4872 2624 4926 minimam
2668 4870 2873 4941 partem
2906 4911 2920 4935 ,
2962 4887 3058 4924 nos
3097 4870 3226 4923 hinc
3267 4880 3321 4923 ct
3360 4871 3484 4924 inde
3523 4885 3620 4924 no-

2052 4956 2301 4998 tavunus.

2142 5014 2231 5074 2‘2)
2267 5012 2393 5066 Hac
2423 5011 2475 5065 in
2505 5011 2648 5065 hunc
2677 5012 2852 5066 locum
2903 5009 2960 5065 S.
3001 5010 3362 5078 Hieronymus
3408 5007 3573 5062 habet
3602 5050 3618 5075 ,

2057 5103 2074 5135 ‹
2113 5080 2277 5146 LXX,
2313 5097 2410 5152 pro
2438 5080 2662 5152 ecquod
2691 5096 2791 5152 nos
2819 5080 3052 5135 diximus
3096 5088 3496 5146 exspectantem,
3525 5095 3617 5132 ex-

2055 5149 2390 5222 spectantem,
2417 5161 2472 5205 et
2498 5149 2554 5204 in
2587 5149 2850 5204 Ilebraico
2882 5152 3140 5219 scriptum
3163 5159 3266 5222 est,
3299 5160 3617 5222 sperantem,

2060 5217 2391 5284 sperantem,
2439 5236 2470 5274 e
2515 5223 2788 5276 contrario
2848 5217 3178 5288 interpretati
3240 5227 3366 5272 sunt
3393 5217 3615 5272 ἀνέλπι-

2063 5310 2204 5354 στον,
2236 5293 2288 5345 id
2319 5302 2420 5355 est,
2450 5307 2552 5342 non
2577 5301 2889 5354 sperantem.
2924 5291 2990 5343 Et
3019 5291 3086 5343 ob
3116 5290 3254 5343 hanc
3278 5304 3496 5341 causam
3524 5292 3617 5344 de-

2061 5365 2255 5417 derunt
2279 5362 2619 5416 occasionem
2650 5360 2898 5424 Eusebio,
2922 5369 2980 5411 ut
3007 5361 3105 5412 hoc
3134 5359 3199 5414 de
3221 5359 3469 5429 gentibus
3504 5376 3618 5412 ma-

2061 5433 2164 5503 gis,
2193 5446 2311 5501 qum
2332 5446 2435 5503 nec
2459 5445 2605 5503 spem
2634 5431 2885 5503 habeant.
2935 5444 3034 5482 nec
3063 5429 3470 5483 Testanwntum
3500 5429 3616 5489 Dei,

2062 5499 2161 5560 nec
2192 5499 2501 5570 prophetas,
2529 5499 2952 5570 intelligendum
2993 5503 3294 5566 putaverit;
3340 5514 3501 5570 quam
3555 5503 3620 5552 de

2060 5570 2258 5626 Judaeis
2284 5589 2296 5624 :
2326 5571 2469 5638 quod
2492 5569 2558 5623 ab
2596 5569 2727 5638 ipsis
2758 5578 2936 5637 postea
2965 5570 3236 5631 Ecclesiae,
3266 5569 3470 5638 quaedin
3500 5585 3617 5637 spe-

2061 5587 2258 5626 Juuaets
2284 5589 2296 5624 :
2368 5587 2469 5623 uou
2492 5587 2558 5623 ao
2596 5587 2727 5638 IpSIS
2758 5587 2936 5637 poswa
2965 5587 3236 5631 ecclesiae,
3266 5587 3386 5636 quae
3418 5587 3470 5621 in
3500 5587 3617 5637 spe-

2061 5642 2179 5696 cula
2203 5587 2490 5695 consgituta
2516 5650 2616 5704 est,
2647 5641 2790 5695 dona
2820 5639 3078 5697 mittenda
3103 5642 3235 5707 sint,-
3256 5648 3306 5692 et
3338 5636 3624 5696 οίῐοτυιιιιω

2065 5712 2295 5768 victimte
2321 5709 2648 5779 spiritualcs.
2693 5738 2703 5779 ε
