4072 6194
456 266 567 327 315

1128 260 1395 317 EUSEBII
1433 259 1900 320 CESARIENSIS
1935 266 2086 324 OPP.
2126 236 2307 323 PARS
2342 263 2431 321 Ill.
2471 293 2540 305 —
2573 260 2980 319 EXEGETICA.

3591 264 3695 320 216

460 392 651 455 gentes
681 382 955 448 dispersos
990 392 1004 431 :
1038 378 1091 432 in
1137 378 1334 448 quibus
1364 392 1495 434 vere
1522 379 1782 435 sublimes
1814 381 2031 451 quidam

2137 384 2232 437 καὶ
2264 382 2399 456 πρὸς
2430 381 2664 445 οἰκείους
2690 382 2848 445 τινὰς
2880 379 2975 435 καὶ
3006 379 3266 451 ἀδελφοὺς
3293 380 3695 447 ἀπεστέλλοντο,

458 483 636 543 erant,
662 475 714 529 in
746 474 891 528 nulla
937 473 1092 526 ﬂrma
1145 487 1203 526 re
1240 472 1629 535 consistentes,
1653 488 1716 527 ac
1745 484 2027 539 errantes,

459 566 549 633 qui
601 565 749 620 omni
800 564 1200 632 superstitionis
1256 574 1420 618 vento
1483 564 2025 620 circumferebantur.

460 658 622 711 Iidem
653 670 817 723 porro
846 671 977 727 gens
1008 657 1189 724 gravis
1219 666 1397 719 erant,
1432 657 1533 727 piae
1561 656 1840 727 religionis
1867 660 2031 713 verbo

460 746 644 799 infesti
679 756 733 802 et
760 748 989 801 inimici.
1026 747 1134 802 llos
1187 756 1362 800 tamen
1396 756 1451 801 ut
1484 747 1682 801 adeant
1714 748 1888 802 nuntii
1936 762 2025 802 ve-

461 839 607 893 loces
636 841 900 909 prteripit,
934 856 997 895 ac
1028 840 1133 895 illis
1161 842 1481 909 praedicent,
1521 852 1574 896 et
1622 856 1804 919 usqug
1829 842 1895 897 ad
1934 857 2030 897 ex-

461 939 633 984 trema
682 939 839 986 terra:
918 934 1236 999 pervadant.
1287 935 1646 1001 Quamobrem
1707 934 2026 1003 subjungit,

467 1039 487 1072 ι
526 1019 662 1087 Quis
688 1022 828 1076 ultra
856 1022 1048 1077 illum?
1085 1042 1103 1075 ι
1134 1024 1248 1078 sive
1291 1026 1584 1079 secundum
1617 1022 2024 1095 Symmachum,

467 1134 486 1166 ι
521 1113 651 1170 Post
682 1130 845 1185 quem
878 1132 985 1171 non
1015 1126 1100 1172 est
1126 1118 1290 1171 ultra.
1318 1137 1337 1170 ι
1361 1117 1485 1173 Haec
1517 1126 1698 1173 autem
1748 1132 1879 1189 gens
1935 1132 2029 1187 pe-

461 1211 675 1281 regrina
702 1219 756 1264 et
790 1210 1059 1274 sublimis,
1110 1210 1229 1266 sine
1263 1225 1359 1279 spe
1392 1210 1657 1281 degebat;
1695 1210 1766 1264 ita
1800 1218 1859 1264 ut
1887 1209 2032 1265 dicat

458 1304 771 1373 Apostolus,
811 1322 831 1356 (
857 1304 1084 1360 Eramus
1115 1304 1408 1374 aliquando
1435 1319 1587 1359 suem
1626 1318 1729 1359 non
1772 1304 2032 1360 habentes

458 1406 515 1451 et
546 1397 692 1452 athei
734 1396 787 1451 in
821 1397 1019 1451 mundo
1042 1398 1107 1452 ⁸⁸.
1137 1415 1157 1449 ι

2135 472 2270 527 ἀλλά
2316 472 2451 544 πρός
2490 490 2641 536 τινας
2678 470 3121 541 ἀπεξενωμένους
3155 471 3465 539 ἀγνώστους
3507 472 3707 542 ἄνδρας

2137 566 2231 634 καὶ
2258 564 2586 634 ἀλλογενείς,
2618 565 2743 627 τοὺς
2766 565 2822 617 ἐν
2846 564 2979 617 πᾶσι
3006 565 3118 626 τοῖς
3140 562 3312 616 ἔθνεσι
3333 581 3346 593 ·
3378 566 3435 617 ἐν
3459 557 3541 626 οἷς
3564 558 3701 634 ἦσαν

2142 630 2411 729 μετέωροι
2440 655 2676 727 ἀληθῶς,
2712 658 2804 709 ἐπὶ¹
2837 657 3001 728 μηδὲν
3030 656 3239 727 ἐδραίου
3282 657 3534 720 ἑστῶτες,
3562 630 3702 709 πλα-

2142 750 2367 821 νώμενοι
2408 750 2503 803 καὶ
2534 750 2951 822 περιφερόμενοι
2994 751 3154 802 παντὶ
3188 749 3370 820 ἀνέμῳ
3408 748 3511 818 τῆς
3541 747 3705 827 1:910-

2141 843 2263 896 θέου
2302 843 2529 914 πλάνης.
2574 844 2635 896 Οἱ
2666 842 2710 895 δ’
2745 842 2897 894 αὐτοὶ
2936 842 3029 895 καὶ
3078 840 3308 911 χαλεπὸν
3353 841 3503 903 ἔθνος
3542 835 3704 912 ἦσαν,

2136 934 2345 1005 ἐχθρῶς
2371 935 2465 989 καὶ
2498 935 2769 1014 πολεμίως
2788 934 3114 1006 διακείμενοι
3135 934 3270 1003 πρὸς
3290 934 3380 987 τὸν
3400 934 3500 1004 τῆς
3522 933 3675 987 θεοσε
3697 963 3705 973 ι

2136 1027 2285 1091 δείας
2313 1026 2489 1095 λόγον.
2519 1027 2709 1097 Ὅμως
2736 1025 2780 1078 δ’
2806 1021 2899 1078 οὖν
2934 1025 3068 1097 πρὸς
3092 1025 3311 1089 τούτους
3338 1026 3705 1096 παρακελεύε-

2137 1135 2227 1173 ται
2266 1118 2484 1171 ἀπιέναι
2526 1119 2650 1181 τοὺς
2681 1116 2944 1186 ἀγγέλους
2984 1116 3217 1185 κούφους
3244 1117 3336 1169 καὶ⁸
3362 1116 3570 1180 τούτοις
3602 1135 3703 1188 κη-

2142 1210 2370 1283 ρύττειν,
2408 1210 2701 1263 διαϐαίνειν
2729 1209 2785 1262 δὲ
2834 1210 2927 1262 καὶ
2964 1208 3056 1261 ἐπὶ
3100 1207 3167 1260 τά
3200 1206 3409 1279 πέρατα
3450 1208 3549 1279 τῆς
3576 1208 3702 1279 γῆς.

2139 1304 2231 1356 Διὸ
2252 1302 2514 1371 ἐπιλέγει,
2537 1323 2554 1354 ι
2579 1302 2674 1365 Τίς
2696 1301 2857 1355 αὐτοῦ
2880 1301 3167 1362 ὲπέκεινας
3192 1319 3210 1353 ι
3238 1300 3268 1371 ῆ
3293 1301 3433 1353 κατά
3454 1300 3543 1353 τὸν
3564 1300 3708 1373 Σύμ-

2144 1413 2334 1467 μαχον,
2375 1415 2394 1447 ι
2416 1395 2551 1449 Μεθ’
2579 1394 2638 1447 ὃν
2673 1395 2773 1447 οὐκ
2816 1393 2961 1447 ἐστιν
2994 1392 3266 1447 ἐπέκεινα.
3299 1413 3318 1446 ι
3354 1393 3522 1447 Τοῦτο
3557 1394 3613 1447 δέ
3645 1394 3707 1448 τὸ

459 1491 869 1562 ἀπεξενωμένον
912 1494 1007 1547 καὶ
1051 1494 1323 1565 μετέωρον
1371 1494 1544 1562 ἔθνος,
1617 1496 1710 1549 καὶ
1751 1494 2067 1549 ἀνέλπιστον
2103 1489 2197 1564 ἦν·
2261 1494 2337 1557 ὡς
2366 1492 2545 1561 λέγειν
2576 1492 2665 1545 τὸν
2706 1490 3060 1546 Ἀπόστολον·
3106 1509 3124 1541 ι
3158 1486 3339 1561 Ἦμέν
3379 1508 3480 1545 που
3516 1491 3707 1546 ἐλπίδα

463 1583 539 1655 μὴ
570 1582 801 1654 ἔχοντες,
834 1585 928 1640 καὶ
961 1586 1107 1640 ἀθεοι
1139 1590 1198 1640 ἐν
1225 1588 1303 1659 τῷ
1331 1588 1539 1660 κόσμῳ.
1562 1608 1580 1641 ι

533 1679 697 1736 Vens.
734 1681 787 1733 ὅ.
824 1699 841 1731 ι
889 1680 1041 1736 Nunc
1074 1682 1293 1737 ﬂumina
1321 1693 1483 1739 teme
1531 1685 1714 1739 omnia
1757 1695 2031 1757 tamquam

2212 1700 2229 1730 ο
2260 1679 2374 1734 Νῦν
2404 1681 2455 1732 οἱ
2486 1678 2717 1750 ποταμοὶ
2749 1678 2846 1750 τῆς
2876 1678 2979 1749 γῆς
3008 1678 3207 1740 πάντες
3238 1676 3313 1740 ὡς
3340 1676 3491 1747 χώρα
3520 1692 3705 1729 κατοιο

459 1772 608 1841 regio
639 1773 883 1828 habitata
913 1791 926 1827 :
964 1775 1302 1829 habitabitur
1325 1776 1474 1847 regio
1502 1791 1709 1832 eorum.
1754 1798 1773 1831 ι
1808 1779 2034 1835 Videtur

458 1864 592 1923 mihi
616 1866 983 1929 subindicare,
1031 1865 1341 1922 ﬂuminibus
1363 1868 1604 1939 quidem,
1636 1870 2031 1927 multitudinem

459 1956 703 2025 gentium
726 1972 845 2026 qme
871 1958 1033 2013 Deum
1060 1960 1354 2029 cognitum:
1375 1970 1500 2015 sunt
1526 1977 1541 2025 ;
1575 1963 1883 2033 regionibus
1909 1980 2035 2020 vero

458 2060 671 2113 earum,
716 2049 976 2104 ecclesias
1030 2068 1044 2104 :
1100 2053 1550 2118 quemadmodum
1602 2055 1744 2107 enim
1788 2057 2034 2121 superius

460 2137 712 2199 ﬂuctibus
773 2142 976 2204 maris,
1029 2140 1395 2210 ﬂuctibusque
1440 2144 1691 2207 tttrbatis,
1736 2146 2030 2200 inﬁdelium

458 2229 697 2298 gentium
724 2229 909 2283 turbas
931 2229 1297 2296 comparavit;
1333 2230 1411 2285 sic
1442 2240 1496 2284 et
1532 2247 1674 2286 nunc
1704 2232 1880 2287 ﬂuviis
1908 2234 2030 2287 dul-

459 2317 616 2375 cibus
652 2319 971 2389 placideque
1003 2320 1372 2385 manantibus,
1400 2320 1600 2376 Christi
1634 2323 1855 2392 papulos
1878 2325 2030 2378 simi-

456 2410 538 2467 les
595 2410 701 2475 ait;
762 2426 858 2480 per
888 2412 1160 2481 regionem
1200 2422 1382 2467 autem
1442 2429 1652 2480 eorum,
1690 2415 1895 2470 indicat
1930 2416 2031 2471 Ec-

458 2503 703 2561 clesiam.
731 2504 872 2560 Olim
898 2520 1027 2576 ergo
1056 2505 1243 2560 istbazc
1269 2506 1489 2560 ﬂumina
1525 2507 1827 2564 inhabitata
1853 2520 2028 2576 erant,

460 2605 516 2653 et
536 2612 568 2652 a
593 2596 701 2653 Deo
737 2599 914 2654 aliena
939 2615 954 2663 ;
984 2614 1045 2653 ac
1078 2602 1228 2671 regio
1250 2617 1436 2657 eorum
1460 2603 1545 2672 pia
1572 2603 1831 2675 religione
1861 2621 2030 2661 vacua

462 2696 516 2743 et
542 2691 756 2745 deserta
785 2707 799 2753 ;
824 2689 934 2758 iam
961 2704 1091 2745 vero
1123 2706 1221 2762 per
1252 2702 1517 2759 nostram,
1551 2696 1743 2764 inquit,
1776 2697 2033 2766 prtedica-

460 2780 692 2846 tionem,
724 2790 1015 2835 memorata
1055 2780 1272 2836 ﬂumina
1303 2785 1529 2855 etregio
1550 2800 1759 2853 eorum,
1802 2787 1855 2841 in
1882 2787 2033 2842 habi-

462 2881 632 2927 tatam
666 2880 863 2929 terram
896 2888 1046 2927 versa
1078 2883 1224 2929 sunt.
1268 2875 1320 2929 Id
1352 2890 1515 2945 porro
1565 2880 1879 2947 procurabit
1930 2880 2033 2936 illis

459 2962 664 3018 Christi
698 2964 955 3034 signum:
986 2984 1005 3016 ι
1060 2963 1237 3021 Veluti
1288 2968 1498 3039 signum
1547 2985 1575 3023 a
1630 2980 1812 3027 monte
1854 2972 2032 3028 eleva-

460 3055 627 3110 bitur.
666 3073 686 3108 ι

542 3143 702 3199 Vsus.
728 3145 781 3200 4.
816 3164 834 3197 ι
864 3146 1141 3215 Tanquam
1196 3148 1441 3206 buccina:
1464 3167 1563 3207 vox
1588 3153 1875 3209 audietur:
1909 3158 2034 3226 quia

461 3235 541 3293 sic
573 3236 711 3292 dixit
754 3237 1015 3294 Dominus
1062 3240 1194 3294 mihi
1222 3257 1238 3295 :
1269 3240 1544 3299 Securitas
1588 3246 1694 3299 erit
1727 3247 1777 3301 in
1810 3264 1925 3303 mea
1958 3250 2037 3305 ci-

459 3329 651 3383 vitate.
684 3348 705 3383 »
743 3328 1005 3387 Przedicta
1064 3334 1214 3403 regio
1261 3349 1378 3389 mea
1428 3335 1640 3391 Domini
1700 3339 1890 3395 civitas
1915 3351 2033 3396 est:

463 3431 633 3487 quare
668 3420 937 3474 securitas
972 3421 1023 3474 in
1058 3436 1121 3477 ea
1152 3423 1278 3486 erit,
1333 3432 1522 3494 utpote
1553 3428 1892 3483 custodiente
1926 3445 2031 3493 me,

462 3517 519 3566 et
546 3510 787 3587 undique
812 3510 956 3567 illam
986 3521 1228 3580 tutante;
1256 3514 1331 3569 ita
1368 3514 1563 3585 utjure
1588 3516 1654 3571 de
1682 3516 1769 3572 illa
1802 3518 2033 3587 dicatur,

468 3619 489 3654 ι
509 3599 758 3658 Gloriosa
780 3603 920 3658 dicta
945 3614 1071 3658 sunt
1102 3606 1168 3660 de
1192 3615 1263 3671 te,
1288 3607 1479 3663 civitas
1510 3608 1598 3662 Dei
1624 3609 1667 3640 ⁸⁸
1696 3628 1709 3675 ;
1738 3629 1756 3662 ι
1781 3621 1834 3664 et
1863 3630 1879 3661 ι
1906 3611 2035 3664 Flu-

462 3694 629 3750 minis
671 3694 904 3765 impetus
955 3696 1235 3752 lmtiﬂcant
1281 3701 1558 3756 civitatem
1592 3702 1704 3755 Dei.
1742 3700 1917 3757 Veluti
1946 3705 2036 3759 lux

461 3796 627 3841 aestus
665 3788 975 3853 meridiani,
1006 3798 1061 3843 et
1096 3798 1157 3844 ut
1190 3791 1363 3845 nubes
1396 3793 1535 3847 roris
1567 3792 1669 3847 diei
1705 3796 1896 3850 messis
1928 3796 2028 3848 ⁸⁸.»

465 3877 544 3929 Ab
573 3875 877 3943 bujusmodi
903 3878 1045 3943 luce,
1072 3895 1193 3949 qua:
1220 3881 1376 3948 quasi
1416 3891 1580 3938 aestus
1621 3884 1953 3939 meridianus
1977 3885 2029 3939 in

461 3965 683 4021 civitate
711 3983 827 4022 mea
866 3969 1176 4040 eﬂ'unditur,
1220 3973 1372 4039 nihil,
1415 3975 1608 4043 inquit,
1662 3976 1868 4030 civitati
1905 3992 2036 4031 mea:

463 4058 649 4112 damni
680 4058 936 4125 infertur,
970 4077 1146 4133 neque
1171 4064 1323 4121 dolor
1354 4066 1421 4121 iis
1456 4068 1548 4137 qui
1584 4067 1890 4138 huiusmodi
1919 4068 2036 4124 luce

460 4148 883 4219 perfunduntur.
902 4153 1016 4210 Lux
1041 4157 1204 4225 igitur
1225 4157 1331 4223 illa,
1356 4170 1438 4215 est
1461 4160 1631 4231 ipsum
1656 4162 1747 4217 Dei
1778 4162 2031 4231 Verbum,

460 4246 603 4313 quod
629 4244 924 4302 Ecclesiam
953 4251 1070 4321 ejus
1098 4267 1311 4321 semper
1336 4255 1636 4326 illuminat;
1666 4258 1834 4314 nubes
1854 4269 2032 4314 autem

2137 1772 2404 1843 κουμένη’
2441 1769 2915 1841 κατοικισθήσεται
2960 1770 2993 1840 ἡ
3028 1766 3181 1839 χώρα
3223 1767 3420 1822 αὐτῶν.
3454 1786 3473 1818 ι
3530 1767 3707 1820 Δίνίτ-

2132 1864 2321 1918 τεσθαι
2372 1863 2429 1917 δὲ
2462 1862 2549 1916 διά
2594 1861 2800 1916 τούτων
2854 1861 3118 1932 μοιδοκεί
3168 1860 3444 1930 ποταμοὺς
3498 1858 3596 1929 μὲν
3639 1858 3708 1912 τά

2135 1955 2314 2027 πλήθη
2338 1955 2444 2009 τῶν
2469 1955 2559 2008 τὸν
2590 1954 2721 2007 Θεὸν
2752 1953 3199 2023 ἐπιγνωσομένων
3226 1950 3370 2004 λαῶν
3390 1968 3402 1980 ·
3434 1948 3617 2021 χώρας
3647 1947 3709 2002 δὲ

2140 2046 2321 2099 αὐτῶν
2376 2046 2476 2109 τὰς
2525 2044 2843 2115 ἐκκλησίας·
2894 2043 2969 2106 ὡς
3050 2043 3157 2113 γὰρ
3199 2042 3453 2113 ἀνωτέρω
3501 2040 3709 2111 κύμασι

2135 2138 2431 2207 θαλάσσης,
2463 2136 2555 2189 καὶ
2584 2136 2790 2206 κύμασι
2822 2134 3252 2204 τεταραγμένοις
3287 2135 3353 2187 τὰ
3384 2134 3559 2204 πλήθη
3600 2134 3709 2187 τῶν

2132 2230 2375 2283 ἀπίστων
2421 2228 2589 2281 ἐθνῶν
2630 2226 2953 2299 παρέϐαλεν,
2988 2227 3129 2280 οὕτω
3158 2226 3253 2279 νῦν
3288 2229 3548 2296 ποταμοῖς
3578 2225 3707 2292 γλυ-

2133 2321 2251 2375 κέσι
2295 2321 2387 2374 καὶ
2430 2319 2703 2383 εὐσταθῶς
2745 2318 3081 2389 κινουμένοις
3124 2320 3247 2382 τοὺς
3280 2316 3513 2390 Χριστοῦ
3541 2316 3707 2380 λαοὺς

2131 2418 2403 2487 ἀφομοιοῖ,
2453 2414 2636 2487 χώραν
2684 2414 2860 2468 αὐτῶν
2915 2413 3159 2487 δηλώσας
3198 2414 3298 2486 τὴν
3354 2412 3704 2483 Ἐκκλησίαν.

2131 2510 2305 2564 Πάλαι
2354 2509 2449 2580 μὲν
2492 2503 2584 2563 οῦν
2622 2504 2761 2579 ἦσαν
2792 2509 2841 2561 oi
2876 2508 3108 2577 ποταμοὶ
3137 2500 3281 2560 οὗτοι
3313 2504 3577 2573 ἀοίκητοι,
3614 2505 3709 2558 καὶ

2133 2601 2399 2674 ἀλλότριοι
2427 2599 2583 2665 Θεοῦ,
2606 2600 2641 2671 ἦ
2668 2617 2725 2653 τε
2752 2598 2906 2671 χώρα
2928 2598 3106 2652 αὐτῶν
3134 2598 3338 2671 ἔρημος
3365 2596 3671 2660 θεοσεϐείας
3688 2611 3705 2627 ·

2134 2695 2248 2748 νυνὶ
2291 2694 2348 2747 δὲ
2400 2694 2489 2747 διὰ
2547 2692 2641 2747 τοῦ
2685 2692 2975 2763 ἡμετέρου,
3027 2692 3186 2761 φησὶ,
3238 2689 3610 2762 κηρύγματος,
3657 2689 3707 2741 οί

2132 2788 2459 2860 δηλωθέντες
2493 2786 2725 2857 ποταμοὶ
2758 2785 2851 2838 καὶ
2880 2786 2912 2855 ἡ
2947 2782 3101 2855 χώρα
3133 2783 3310 2837 αὐτῶν
3349 2784 3427 2846 είς
3458 2779 3707 2851 οἰκουμέ-

2137 2899 2233 2953 νην
2260 2880 2394 2933 ἐστί.
2421 2877 2749 2951 Προξενήσει
2777 2877 2834 2930 δὲ
2866 2876 3023 2930 τοῦτο
3052 2876 3233 2940 αὐτοῖς
3255 2876 3315 2929 τὸ
3349 2874 3440 2929 τοῦ
3470 2872 3705 2947 Χριστοῦ

2138 2974 2389 3044 σημεῖονο
2426 2988 2445 3021 ι
2479 2970 2625 3023 Ὠσεὶ
2655 2971 2878 3041 σημεῖον
2906 2969 3014 3022 ἀπὸ
3051 2968 3211 3041 ὅρους
3247 2966 3404 3041 ἀρθῇ.
3437 2986 3456 3019 ι

2211 3169 2230 3202 ι
2270 3150 2356 3212 Ὠς
2390 3149 2687 3217 σάλπιγγος
2740 3148 2889 3220 φωνὴ
2941 3148 3199 3203 ἀκουστὸν
3232 3147 3381 3201 ἔσται
3402 3165 3416 3179 ’
3452 3147 3585 3201 διότι
3617 3147 3705 3201 οῦ-

2134 3260 2241 3307 τως
2280 3238 2399 3297 εἷπε
2444 3241 2647 3312 Κύριός
2691 3258 2811 3311 μοι’
2856 3241 3146 3310 Ἀσφάλεια
3191 3240 3341 3292 ἕσται
3380 3241 3438 3291 ἐν
3477 3242 3542 3309 τῇ
3598 3240 3706 3311 ἐμῇ

2136 3336 2305 3388 πόλει.
2333 3354 2350 3385 ι
2409 3336 2473 3387 Ἦ
2514 3334 2571 3387 δὲ
2616 3333 2969 3405 προλεχθεῖσα
3012 3332 3161 3403 χώρα
3214 3332 3318 3404 ἐμὴ
3367 3331 3457 3383 τοῦ
3502 3332 3706 3401 Κυρίου

2136 3428 2251 3481 ἐστὶ
2278 3426 2459 3489 πόλις·
2497 3426 2577 3479 διὸ
2607 3424 2873 3493 ἀσφάλεια
2907 3424 3058 3478 ἔσται
3089 3426 3146 3475 ἐν
3179 3424 3334 3494 αὐτῇ,
3365 3423 3439 3486 ῶς
3476 3421 3541 3476 ἂν
3569 3423 3703 3493 ἐμοῦ

2135 3518 2488 3586 φυλάττοντος
2527 3519 2618 3570 καὶ
2664 3516 2993 3586 πανταχόθεν
3029 3516 3196 3587 αὐτὴν
3239 3515 3701 3586 ἀσφαλιξομένουο

2135 3610 2273 3664 ὥστε
2306 3612 2527 3675 εἰκότως
2586 3609 2711 3681 περὶ
2757 3608 2925 3679 αὐτῆς
2968 3608 3251 3677 λέγεσθαιο
3290 3628 3308 3661 ι
3332 3607 3707 3678 Δεδοξασμένα

2136 3702 2367 3774 ἐλαλήθη
2404 3702 2529 3775 περὶ
2564 3700 2677 3767 σοῦ,
2714 3703 2747 3773 ὴ
2803 3700 2954 3764 πόλις
3002 3700 3095 3754 τοῦ
3143 3699 3299 3765 Θεοῦ,
3334 3720 3351 3753 ι
3387 3702 3509 3753 καὶ·
3555 3720 3571 3750 ι
3599 3699 3707 3752 Τοῦ

2137 3795 2380 3866 ποταμοῦ
2427 3794 2496 3857 τὰ
2540 3795 2838 3865 όρμήματα
2881 3794 3232 3864 εὐφραίνουσι
3267 3794 3367 3865 τὴν
3406 3792 3561 3846 πόλιν
3611 3792 3706 3846 τοῦ

2135 3886 2289 3940 Θεοῦ.
2325 3885 2412 3949 Ὠς
2441 3885 2555 3954 φῶς
2587 3884 2864 3955 καύματος
2894 3886 3257 3957 μεσημϐρίας,
3280 3885 3371 3937 καὶ
3403 3885 3479 3947 ὡς
3510 3883 3706 3955 νεφέλη

2134 3978 2324 4050 δρόσου
2383 3978 2595 4050 ἡμέρας
2646 3978 2877 4049 ἀμητοῦ.
2905 3998 2923 4030 ›
2977 3978 3229 4031 Τοιούτου
3283 3978 3338 4030 δὲ
3390 3975 3565 4047 φωτὸς
3610 3975 3707 4030 καὶ

2135 4070 2322 4143 ῶσπερ
2356 4072 2634 4140 καύματος
2684 4069 3055 4140 μεσημϐρινοῦ
3086 4069 3374 4141 γενομένου
3411 4070 3466 4121 ἐν
3500 4070 3564 4139 τῇ
3599 4069 3705 4140 ἐμῇ

2136 4164 2308 4230 πόλει,
2356 4164 2455 4218 οῦκ
2502 4163 2637 4226 ἔστι,
2684 4164 2836 4235 φησὶ,
2890 4162 3081 4234 βλάϐη,
3116 4161 3231 4214 οὐδὲ
3271 4160 3413 4231 λύπη
3459 4163 3567 4225 τοῖς
3604 4159 3706 4213 ὑπὸ

2133 4257 2359 4327 τοιούτῳ
2394 4257 2530 4325 φωτὶ
2564 4254 3077 4325 καταυγαζομένοις.
3126 4252 3243 4315 Φῶς
3281 4253 3393 4323 μὲν
3417 4248 3509 4305 οὖν
3550 4250 3709 4315 αὑτός

461 4342 627 4405 roris,
657 4341 894 4412 Spiritus
914 4354 1157 4412 sanctus,
1176 4348 1267 4415 qtti
1292 4364 1597 4418 supremam
1623 4352 1883 4423 unigeniti
1910 4351 2031 4405 Filii

2138 4350 2285 4401 ἐστιν
2313 4350 2341 4401 ὁ
2367 4347 2457 4401 τοῦ
2488 4346 2621 4400 Θεοῦ
2653 4348 2840 4415 Λόγος,
2870 4348 2897 4398 ό
2925 4345 3022 4415 τὴν
3050 4344 3372 4415 Ἐκκλησίαν
3398 4343 3560 4397 αὑτοῦ
3589 4343 3706 4396 διαν

459 4429 554 4489 Dei
604 4434 950 4506 theologiam,
988 4437 1077 4503 iis,
1132 4442 1224 4509 qui
1256 4456 1377 4495 eam
1428 4458 1626 4513 capere
1680 4458 1785 4496 non
1813 4443 2032 4510 valent,

460 4525 787 4581 adnmbrate
828 4529 1019 4596 tradit,
1056 4540 1113 4584 nt
1153 4542 1570 4603 attemperatum
1608 4535 1882 4604 quidpiam
1918 4535 2031 4590 eﬂi-

459 4618 655 4683 ciatur,
671 4616 835 4673 altam
855 4630 910 4673 et
932 4635 1197 4676 summam
1221 4624 1287 4677 de
1301 4623 1518 4679 Christo
1540 4624 1863 4693 theologiam
1891 4639 2035 4680 com-

463 4706 740 4775 plectens;
771 4709 931 4779 idque
956 4726 1023 4765 ex
1050 4727 1272 4769 accessu
1320 4714 1599 4779 cujusdam
1651 4715 1806 4769 nubis
1857 4716 2028 4770 sancti

461 4800 717 4869 Spiritus.
750 4801 876 4858 Hace
913 4819 1076 4873 porro
1107 4814 1231 4860 ante
1262 4820 1489 4861 messem
1532 4804 1710 4860 futura
1746 4806 2029 4875 prmdicit:

463 4893 565 4947 hac
609 4894 821 4950 ratione
862 4896 1066 4953 fructus
1098 4899 1150 4952 in
1183 4898 1423 4954 Ecclesia
1454 4898 1543 4952 Dei
1578 4899 1900 4968 pullulantes
1956 4900 2032 4955 si-

460 4988 752 5056 gniﬁcans,
786 4991 877 5059 qui
917 4992 1092 5046 instar
1119 4993 1392 5061 spicarum
1416 4991 1765 5048 eﬂlorescnut
1791 5012 1803 5047 :
1841 5009 1944 5060 qua
1969 4994 2033 5046 de

458 5095 517 5132 re
546 5084 795 5151 superius
832 5084 875 5115 ⁸⁷
912 5085 1026 5140 haec
1054 5085 1390 5149 declarabat,
1432 5106 1449 5139 ι
1489 5086 1555 5140 Et
1586 5086 1912 5139 laetabuntur
1943 5101 2035 5141 co-

459 5186 573 5233 ram
614 5182 685 5237 te,
712 5174 854 5229 sicut
892 5176 983 5247 qui
1022 5177 1274 5232 lzetantur
1310 5178 1361 5231 in
1394 5192 1588 5234 utesse.
1630 5195 1648 5228 ι
1684 5177 1750 5231 Et
1784 5174 2034 5230 Salvator

456 5261 709 5315 similiter
748 5278 871 5318 cum
930 5268 1158 5331 diceret,
1194 5286 1213 5319 ι
1242 5267 1445 5323 Levate
1492 5269 1678 5324 oculos
1718 5278 1945 5331 vestros,
1978 5274 2032 5322 et

455 5353 634 5408 videte
661 5369 842 5423 agros,
873 5363 1129 5426 quoniam
1193 5360 1298 5415 albi
1348 5372 1476 5416 sunt
1528 5364 1595 5416 ad
1646 5376 1874 5416 messem
1901 5360 1965 5411 ⁸⁸.
2005 5378 2023 5411 ι

453 5444 574 5503 Erit
602 5445 786 5513 itaque
835 5446 925 5503 lux
956 5450 1256 5509 divinitatis
1306 5453 1496 5519 Verbi,
1534 5455 1586 5507 in
1633 5456 1749 5525 ejus
1782 5452 2026 5517 civitate,

453 5554 561 5591 non
593 5545 891 5607 temperata
918 5542 1070 5609 quasi
1095 5543 1281 5613 vigens
1303 5555 1360 5600 et
1387 5546 1718 5613 meridiana;
1750 5546 1874 5616 quia
1901 5544 2028 5598 vero

2140 4440 2340 4502 παντὸς
2386 4439 2665 4507 φωτίζων·
2718 4436 2912 4506 νεφέλη
2950 4436 3005 4490 δὲ
3055 4436 3244 4507 δρόσου
3289 4436 3348 4489 τὸ
3394 4435 3613 4505 Πνεῦμα
3646 4434 3707 4488 τὸ

2142 4532 2315 4600 ἅγιον,
2352 4530 2412 4583 τὸ
2444 4529 2541 4600 τὴν
2583 4528 2757 4601 ἄκραν
2776 4528 3050 4597 θεολογίαν
3094 4528 3187 4581 τοῦ
3226 4527 3547 4599 μονογενοῦς
3576 4527 3708 4580 Υίοῦ

2131 4624 2223 4677 τοῦ
2254 4622 2388 4675 Θεοῦ
2416 4625 2524 4686 τοῖς
2549 4621 2622 4692 μὴ
2658 4621 2791 4685 οἵοις
2820 4640 2878 4674 τε
2917 4623 3087 4695 αὐτὴν
3132 4624 3326 4692 χωρεῖν
3370 4619 3706 4688 ἐπισκιάζον,

2132 4716 2206 4778 ῶς
2240 4714 2577 4785 κεκραμένον
2608 4714 2985 4767 ἀποτελεῖσθαί
3028 4732 3078 4767 τι
3114 4714 3245 4767 πολὺ
3278 4714 3370 4767 καὶ
3411 4714 3707 4786 ἀκρότατον

2128 4812 2225 4879 τῆς
2254 4808 2380 4879 περὶ
2406 4806 2639 4879 Χριστοῦ
2675 4806 2968 4876 θεολογίας,
2986 4807 3069 4861 διὰ
3100 4808 3195 4877 τὴν
3228 4806 3320 4859 τοῦ
3353 4808 3505 4875 ἁγίου
3541 4806 3705 4859 Ilvati-

2139 4916 2305 4970 ματος
2364 4898 2600 4971 ὡσπερεί
2633 4917 2777 4962 τινος
2800 4898 3025 4968 νεφέλης
3049 4898 3378 4969 ὑποδρομὴν.
3406 4898 3515 4951 Kal
3536 4896 3708 4952 ταῦτα

2134 4991 2351 5045 ἔσεσθαί
2396 5008 2526 5062 φησι
2562 4992 2668 5063 πρὸ
2701 4990 2791 5043 τοῦ
2839 4989 3135 5061 θερισμοῦο
3173 4989 3357 5043 τοῦτον
3400 4987 3571 5060 δηλῶν
3615 4988 3709 5041 τὸν

2134 5086 2334 5157 τρόπον
2374 5085 2473 5147 τὰς
2506 5086 2563 5138 ὲν
2598 5087 2715 5147 ταῖς
2773 5083 3089 5154 ἐκκλησίαις
3128 5083 3218 5137 τοῦ
3254 5082 3387 5136 Θεοῦ
3430 5097 3707 5154 καρποφο-

2136 5177 2275 5247 ρίας,
2306 5176 2460 5247 δίκην
2494 5175 2738 5247 σταχύων
2770 5175 3063 5240 ἀνθούσας·
3101 5177 3227 5246 περὶ
3254 5169 3315 5230 οῦ
3339 5175 3429 5227 καὶ
3454 5173 3708 5244 ἀνωτέρω

2133 5268 2318 5339 ἐδήλου
2350 5268 2521 5337 λέγων
2541 5285 2553 5299 ·
2580 5289 2597 5319 ι
2633 5266 2735 5321 Καὶ
2767 5267 3223 5339 εὐφρανθήσονται
3244 5265 3468 5319 ἐνώπιόν
3501 5265 3707 5328 σου,ὼς

2131 5361 2179 5413 οἰ
2207 5360 2619 5432 εὐφραινόμενοι
2670 5362 2727 5413 ἐν
2776 5359 2990 5432 ἁμητῷ.
3026 5378 3045 5411 ι
3096 5359 3205 5412 Καὶ
3236 5361 3263 5411 ό
3294 5359 3483 5431 Σωτὴρ
3509 5357 3707 5429 ὁμοίως

2130 5450 2195 5503 δι’
2220 5443 2293 5504 ὧν
2322 5451 2505 5520 ἐλεγεν
2530 5470 2541 5481 ·
2578 5471 2597 5505 ι
2635 5452 2904 5524 Ἑπάρατε
2928 5452 3051 5515 τοὺς
3080 5449 3391 5521 ὀφθαλμοὺς
3419 5450 3593 5522 ὑμῶν,
3614 5449 3708 5503 καὶ

2135 5541 2269 5595 ἴδετε
2318 5541 2414 5606 τάς
2449 5541 2652 5614 χώρας,
2696 5544 2777 5597 ὅτι
2820 5540 3003 5596 λευκαί
3058 5542 3161 5593 είσι
3211 5540 3347 5610 πρὸς
3381 5538 3656 5615 θερισμόν.
3684 5546 3735 5626 »ἶ

524 5717 786 5793 “Ephes.
817 5737 876 5789 ιι,
908 5721 1023 5797 12.
1066 5723 1108 5755 ⁸⁸
1142 5722 1280 5780 Psal.
1315 5742 1535 5794 Lxxxvr,
1560 5727 1611 5785 3.
1690 5728 1733 5761 λδ
1765 5727 1902 5784 Psal.
1944 5745 2031 5786 xu

2135 5768 2139 5783 .
2216 5730 2261 5807 ’1
2290 5728 2420 5797 Cap.
2450 5743 2523 5797 rx,
2550 5742 2687 5784 vers.
2714 5728 2767 5781 5.
2838 5726 2880 5759 ⁸⁸
2921 5723 3074 5782 Joau.
3108 5742 3174 5790 tv,
3229 5726 3317 5783 5.3.
