3976 6194
24 2267 83 2277 .-

44 2290 83 2297 ...-

303 259 411 317 ΞΠ
1256 265 1757 323 COMMENTARIA
1794 267 1852 321 IN

1953 255 2156 324 uisui
2193 301 2256 312 -
2294 268 2447 325 CAP.
2490 269 2678 327 xvm.
3273 302 3285 318 ο
3376 250 3377 253 γ
3430 276 3535 333 218

308 378 508 430 Ἔσται
560 375 738 429 τοίνυν
767 376 825 429 τὸ
860 377 957 446 μὲν
987 395 1100 446 φως
1148 381 1247 451 τῆς
1289 382 1540 452 θεότητος
1584 382 1677 435 τοῦ
1707 384 1852 451 Λόγοε

1983 384 2050 437 ab
2075 384 2381 438 hominibus
2413 385 2530 453 capi
2562 384 2770 453 nequit,
2812 383 3155 440 intercedens
3180 385 3354 440 media
3388 401 3534 457 qua:-

296 471 548 539 ἇκρατον
580 469 762 541 ὥσπερ
806 471 1039 541 ἀκμαῖον
1074 475 1164 527 καὶ
1201 461 1564 547 μεσημϐρινὸν
1593 478 1650 529 ἐν
1685 480 1751 547 τῇ
1781 478 1875 529 αύ-

300 559 402 612 τοῦ
432 559 613 612 πόλειο
646 559 730 612 διὰ
756 560 812 613 δὲ
843 561 905 614 τὸ
936 563 1009 633 μὴ
1042 566 1352 637 χωρηθῆναι
1380 568 1510 621 αὐτὸ
1536 568 1641 621 ὑπὸ
1666 568 1874 639 ἀνθρώ-

306 668 449 717 πων,
481 651 618 722 μέση
646 650 927 707 διελθοῦσα
955 655 987 723 ἠ
1016 655 1209 727 νεφέλη
1234 659 1327 711 τοῦ
1361 658 1515 726 ἁγίου
1537 658 1872 727 Πνεύματος,

307 743 498 814 δρόσου
546 741 812 812 ἔμπλεως,
860 746 1164 801 ἐπισκιάσει
1214 749 1311 820 τὴν
1350 750 1517 821 αὐτὴν
1566 749 1739 809 πόλιν,
1765 749 1871 812 ἵνα,

310 835 388 897 ὡς
413 837 470 888 ἐν
496 835 729 906 ἡμέραις
755 836 987 907 ἀμητοῦ,
1004 842 1123 905 ταῖς
1154 841 1259 911 πρὸ
1281 841 1373 894 τοῦ
1409 841 1687 913 θερισμοῦ,
1711 839 1873 893 καὶτὸ

313 924 425 994 φῶς
458 925 712 999 ἑκλὰμπῃ
747 929 840 981 καὶ
866 931 897 999 ή
933 931 1126 999 νεφέλη
1156 934 1444 1005 ἐπισκιάζῃ
1473 935 1658 1005 αὐτην.

383 1035 402 1067 ι
435 1017 626 1069 Ἔσται
662 1019 767 1089 πρὸ
797 1020 889 1071 τοῦ
932 1020 1212 1093 θερισμοῦ,
1243 1024 1369 1077 ὅταν
1414 1024 1735 1096 συντελεσθῇ
1779 1025 1871 1079 ἄν-

307 1106 419 1168 θος,
458 1108 551 1160 καὶ
593 1108 775 1177 ὅμφαξ
822 1109 1090 1184 ἐξανθήσῃ
1135 1114 1292 1177 ἄνθος
1334 1115 1737 1186 ὀμφακίζουσα·
1776 1117 1869 1170 καὶ

304 1199 494 1267 ἀφελεῖ
520 1199 588 1253 τά
618 1200 870 1271 βοτρύδια
894 1203 963 1255 τά
1000 1205 1169 1276 μικρά
1192 1210 1302 1271 τοῖς
1323 1208 1626 1279 δρεπάνοις,
1659 1209 1869 1272 καὶτὰς

304 1290 641 1362 κληματίδας
670 1294 876 1362 ἀφελεῖ,
910 1295 1003 1348 καὶ
1040 1298 1580 1371 ἀποκόψει.ι”Ωσπερ
1603 1299 1731 1369 γὰρ,
1763 1316 1866 1369 φη·-

303 1384 410 1446 σὶν,
440 1386 499 1438 ὲν
526 1386 645 1447 ταῖς
674 1387 956 1456 ἀμπέλοις,
988 1389 1204 1443 ἐπειδὰν
1251 1390 1498 1459 δμφακες
1533 1386 1662 1444 ὦσιν
1702 1391 1868 1460 οίιβό-

298 1491 482 1545 τρυες,
536 1476 760 1540 ἐπιστὰς
797 1479 825 1530 6
856 1480 1095 1549 γεωργὸς
1137 1479 1205 1533 τά
1235 1483 1463 1553 περιττά
1486 1483 1578 1535 καὶ
1621 1484 1865 1554 ἄχρηστα

296 1565 406 1617 τῶν
447 1565 737 1635 κλημάτων
768 1568 1045 1631 ἐκκόπτει,
1072 1570 1132 1622 οὐ
1164 1570 1342 1639 μόνον,
1368 1571 1502 1624 ἀλλά
1527 1571 1621 1625 καὶ
1642 1572 1708 1625 τὰ
1739 1572 1863 1624 ἀτε-

298 1650 536 1723 λεσφόρα
560 1655 651 1706 καὶ
679 1653 917 1724 ὡσπερεὶ
945 1661 1260 1727 νεκριμαῖα·
1292 1659 1385 1712 καὶ
1424 1658 1591 1712 ταῦτα
1622 1660 1751 1730 γὰρ,
1789 1660 1864 1722 ὡς

1974 477 2096 530 dum
2140 476 2307 531 nubes
2335 476 2569 544 Spiritus
2601 474 2973 544 sancti,plena
3009 476 3169 540 roris,
3192 478 3433 532 eamdem
3460 480 3537 534 ci-

1974 569 2191 622 vitatem
2240 568 2589 632 inumbrahit,
2646 580 2724 632 ut,
2770 569 3218 637 quemadmodum
3264 569 3316 622 in
3348 569 3536 626 diebus

1975 658 2189 720 messis,
2215 673 2333 726 quae
2368 659 2535 727 ipsam
2577 672 2801 713 messem
2865 668 3237 726 praevertunt,
3269 668 3324 714 et
3357 659 3535 716 lumen

1974 750 2272 819 splendeat,
2295 761 2350 804 et
2382 750 2551 805 nubes
2582 750 2847 805 inumbret
2879 748 3042 805 illam.

2043 1019 2206 1073 Vens.
2237 1018 2294 1082 5,
2325 1018 2377 1072 6.
2411 1035 2430 1068 ι
2463 1016 2581 1072 Erit
2606 1027 2731 1073 ante
2759 1032 3012 1084 messem,
3039 1030 3159 1070 cum
3191 1014 3351 1070 fuerit
3395 1026 3528 1067 con-

1971 1118 2274 1164 summatus
2302 1107 2422 1174 ﬂos,
2449 1117 2504 1163 et
2534 1124 2635 1163 uva
2668 1124 2772 1164 non
2805 1118 3015 1163 matura
3062 1107 3311 1161 eduxerit
3341 1103 3525 1159 ﬂorem

1969 1202 2281 1271 germinans
2309 1218 2324 1255 :
2357 1212 2414 1256 et
2447 1200 2658 1256 auferet
2696 1200 2998 1255 racemulos
3042 1212 3237 1268 parvos
3267 1196 3488 1251 falcibus
3509 1233 3527 1260 ,

1968 1303 2026 1349 et
2052 1302 2327 1349 sarmenta
2362 1293 2513 1348 tollet
2573 1303 2629 1348 et
2671 1292 2967 1347 abscindet.
3003 1309 3022 1343 )
3067 1289 3528 1357 Quemadmodum

1966 1387 2134 1452 enim,
2175 1386 2373 1455 inquit,
2399 1386 2451 1439 in
2478 1384 2671 1448 vineis,
2703 1385 2827 1438 dum
2864 1399 2980 1439 uva:
3006 1383 3307 1437 immaturae
3357 1389 3482 1435 sunt
3508 1418 3526 1442 ,

1968 1479 2263 1532 adventans
2297 1476 2530 1546 agricola
2562 1475 2773 1530 inutiles
2801 1476 3046 1544 palmites
3072 1473 3272 1528 excidit
3297 1510 3312 1536 ,
3351 1484 3527 1539 neque

1964 1570 2019 1623 id
2044 1577 2272 1635 tantum,
2291 1568 2383 1623 sed
2401 1567 2565 1621 etiam
2593 1566 2925 1620 infructuosa
2951 1577 3175 1634 qumque
3200 1573 3255 1616 et
3282 1576 3527 1615 arescen-

1969 1662 2042 1716 tia
2070 1669 2278 1717 resecat
2306 1678 2319 1714 :
2369 1660 2568 1714 etenim
2605 1659 2691 1713 illa
2723 1664 2995 1727 quoqufy
3024 1664 3211 1722 utpote
3243 1668 3362 1723 quae
3390 1650 3525 1706 nihil

298 1747 401 1801 οὐκ
430 1745 496 1799 ἂν
523 1747 736 1812 ἀλκαῖα,
760 1748 874 1801 οὐδὲ
903 1748 1112 1821 ἀγαθὴν
1142 1749 1329 1819 ἔχοντα
1351 1750 1540 1804 ἐλπίδα
1563 1750 1699 1823 πρὸς
1727 1768 1852 1822 καρ-

1965 1751 2164 1821 vigoris
2195 1750 2427 1805 habeant
2447 1790 2463 1815 ,
2504 1764 2679 1818 neque
2704 1749 2865 1804 ullam
2894 1748 2959 1801 ad
2996 1746 3206 1801 fructus
3228 1743 3519 1815 perfectio-

302 1835 405 1889 ποῦ
452 1837 744 1903 τελείωσιν,
798 1842 1067 1911 περιαιρεῖ
1114 1842 1389 1913 ἐπιστήμῃ
1424 1845 1722 1913 γεωργικῇ,
1772 1844 1858 1896 ἵνα

306 1927 379 1999 μὴ
419 1928 737 2001 λυμαίνηται
767 1934 872 1995 τοῖς
903 1932 1235 2003 ἐρρωμένοις
1262 1932 1480 2006 βότρυσι
1523 1934 1592 1987 τά
1630 1934 1857 2005 περιττά

301 2020 394 2074 καὶ
421 2020 693 2092 ἀχρησταο
730 2024 859 2077 διότι
897 2023 1069 2078 ταῦτα
1104 2024 1203 2095 μὲν
1228 2026 1450 2095 ἀφαιρεῖ
1490 2026 1583 2078 καὶ
1628 2025 1855 2096 παραδί-

295 2111 456 2165 δωσιν
501 2115 580 2175 είς
619 2113 816 2185 βρῶσιν
861 2134 878 2166 ι
902 2118 1012 2178 τοῖς
1054 2118 1314 2178 πετεινοῖς
1366 2114 1457 2168 τοῦ
1500 2116 1729 2187 ούρανοῦ
1763 2116 1855 2169 καὶ

291 2204 404 2264 τοῖς
431 2202 637 2274 θηρίοις
661 2205 759 2274 τῆς
788 2204 913 2275 γῆς,
945 2224 963 2255 ι
999 2206 1065 2258 τὰ
1099 2206 1153 2258 δὲ
1182 2206 1271 2260 τὸν
1300 2207 1488 2277 ἐντελῆ
1521 2206 1854 2270 διασώζοντα

289 2294 499 2365 καρπὸν
528 2294 614 2347 διὰ
640 2295 820 2365 πάσης
850 2295 1163 2365 ἐπιμελείας
1208 2297 1459 2365 φυλάττει
1480 2313 1493 2327 ο
1542 2297 1682 2350 οὕτω
1715 2298 1853 2352 κατά

286 2384 378 2437 τὸν
425 2385 613 2455 καιρὸν
650 2386 741 2439 τοῦ
786 2386 1043 2458 θερισμοῦ
1070 2389 1389 2458 γενήσεσθαί
1424 2406 1576 2459 φησι,
1618 2389 1725 2443 τῶν
1754 2389 1853 2459 τῆς

286 2476 531 2547 ἀμπέλου
554 2478 821 2549 περιττῶν
841 2478 1155 2549 κλημάτων,
1173 2478 1384 2532 καὶτῶν
1406 2481 1691 2550 ἀχρήστων
1711 2480 1863 2550 αύτῇο

286 2567 522 2641 βοτρύων
567 2572 1055 2643 περιαιρουμένων,
1108 2573 1201 2625 καὶ
1251 2573 1724 2643 ἀποκοπτομένων,
1773 2575 1851 2636 είς

284 2661 449 2734 βοράν
490 2680 549 2716 τε
595 2664 948 2735 ἐκδιδομένων
986 2667 1105 2728 ταῖς
1152 2667 1496 2728 κολαστικαῖς
1528 2664 1846 2735 δυνάμεσιν,

282 2756 333 2809 oi
382 2756 573 2823 divaeei.
620 2756 858 2829 βότρυες,
890 2759 945 2811 αἱ
985 2757 1319 2829 καρποφόροι
1350 2758 1537 2828 ψυχαὶ,
1571 2758 1671 2827 τῆς
1700 2757 1850 2827 παρὰ

285 2846 419 2899 Θεοῦ
446 2846 720 2913 τεύξονται
757 2848 969 2917 ἀγαθῆς
1000 2848 1230 2913 ἐλπίδος.
1278 2850 1363 2903 Ἐν
1393 2850 1601 2913 τούτοις
1629 2850 1789 2913 αὐτὸς
1818 2852 1847 2904 6

288 2936 476 3008 Σωτὴρ
506 2940 693 2994 ἑαυτὸν
721 2935 972 3012 εἶναιτὴν
998 2941 1238 3013 ἄμπελον
1266 2940 1463 3012 ἔφησεν
1481 2958 1493 2972 ο
1513 2942 1639 3005 τοὺς
1664 2941 1720 2994 δὲ
1746 2958 1849 3012 μα-

284 3028 457 3101 θητὰς
493 3030 562 3085 τὰ
602 3032 876 3103 κλήματαο
908 3034 1130 3105 βότρυες
1161 3034 1217 3086 δὲ
1258 3033 1365 3087 τῶν
1395 3033 1686 3105 κλημάτων
1716 3034 1845 3088 ἀκό-

284 3120 476 3175 λουθόν
503 3123 618 3176 ἐστι
637 3127 792 3188 νοεῖν,
809 3126 927 3188 τοὺς
957 3125 1059 3178 ὑπὸ
1082 3125 1190 3177 τῶν
1211 3124 1519 3179 ἀποστόλων
1545 3126 1845 3197 μαθητευο-

285 3221 481 3287 μένους
499 3231 513 3244 ·
537 3207 611 3267 ὧν
635 3215 701 3268 τά
722 3215 905 3287 ὥσπερ
926 3218 1217 3287 νεκριμαῖα
1243 3214 1493 3286 βοτρύδια
1514 3217 1581 3269 τά
1604 3216 1848 3288 ἄχρηστα

282 3304 378 3362 καὶ
406 3306 642 3377 ζωτικῆς
672 3307 950 3379 δυνάμεως
982 3309 1339 3380 ἐστερημένα,
1359 3307 1498 3361 κατὰ
1538 3308 1628 3362 τὸν
1659 3310 1847 3381 καιρὸν

282 3396 376 3466 τῆς
407 3398 641 3470 κρίσεως
678 3398 1145 3470 ἀποϐληθήσεσθαι
1188 3400 1428 3454 διδάσκει
1447 3417 1460 3430 °
1499 3400 1592 3454 καὶ
1621 3401 1687 3454 τὰ
1714 3402 1847 3473 κλή-

277 3506 421 3560 ματα
450 3490 504 3544 δὲ
533 3490 813 3555 ὡσαύτως,
844 3492 912 3545 τὰ
952 3490 1153 3562 μηδένα
1202 3493 1393 3563 βότρυν
1439 3492 1692 3563 φέροντα,
1735 3486 1844 3557 οἷος

276 3578 342 3652 ἢν
363 3582 392 3633 ὁ
416 3582 680 3652 προδότης
717 3582 935 3647 Ἰούδας,
962 3581 1162 3653 ὁμοίως
1190 3586 1301 3647 τοῖς
1333 3584 1625 3655 ἀχρήστοις
1656 3583 1846 3659 βότρυε-

1961 1858 2081 1899 nem
2117 1857 2266 1913 spem
2294 1842 2622 1911 relinquant,
2647 1856 2711 1895 ex
2737 1840 3087 1910 agriculturae
3102 1839 3292 1909 peritia
3321 1838 3386 1892 de
3415 1852 3521 1893 me-

1959 1937 2047 1990 dio
2077 1934 2238 1999 tollit,
2300 1948 2369 1988 ne
2410 1934 2681 2002 superﬂua
2720 1943 2774 1986 ct
2824 1930 3029 1986 inutilia
3059 1930 3362 1999 vigentibus
3399 1926 3521 1983 uvis

1957 2036 2229 2082 noceant:
2294 2026 2649 2095 quamobrem
2716 2023 2805 2077 illa
2842 2023 3063 2093 quidem
3113 2019 3312 2084 aufert,
3361 2028 3416 2073 et
3460 2017 3517 2073 in

1957 2134 2135 2174 escam
2178 2136 2198 2171 ι
2219 2117 2533 2173 volatilibus
2555 2117 2675 2172 caeli
2711 2125 2765 2170 et
2816 2114 3004 2171 bestiis
3038 2125 3194 2168 terra:
3225 2131 3243 2164 ι
3282 2110 3515 2180 abiicit;

1955 2224 2076 2279 qua:
2103 2223 2233 2262 vero
2260 2208 2561 2276 perfectum
2603 2205 2833 2260 fructum
2875 2212 3096 2258 servant
3132 2202 3469 2269 retinentque
3496 2236 3514 2263 ,

1955 2313 2162 2354 summa
2206 2297 2564 2353 sollicitudine
2592 2295 2719 2350 colit
2745 2306 2799 2349 et
2832 2305 3045 2360 tuetur;
3079 2293 3158 2347 sic
3191 2292 3242 2345 in
3272 2299 3516 2359 tempore

1955 2390 2150 2447 messis
2182 2387 2421 2443 futurum
2456 2401 2575 2443 esse
2602 2387 2697 2453 ait,
2724 2386 2917 2440 ablatis
2967 2384 3164 2453 quippe
3194 2396 3515 2449 supervaca-

1954 2484 2075 2540 neis
2103 2483 2273 2538 vineae
2300 2481 2632 2551 palmitibus,
2680 2479 3013 2548 succisisque
3044 2477 3319 2533 inutilibus
3348 2477 3465 2531 uvis
3494 2512 3512 2540 ,

1954 2581 2117 2642 atque
2145 2574 2201 2628 in
2229 2588 2406 2628 escam
2436 2571 2703 2627 ultricium
2734 2578 3055 2640 potestatum
3087 2568 3331 2630 traditis;
3361 2566 3516 2621 bona

1953 2679 2087 2728 uva},
2117 2665 2229 2718 sive
2244 2664 2439 2718 aniutaa
2461 2662 2770 2725 fructifera),
2799 2662 2992 2716 bonam
3023 2675 3170 2729 spent
3193 2674 3221 2712 a
3253 2659 3359 2713 Deo
3379 2673 3514 2712 con-

1950 2764 2263 2822 sequentur.
2290 2754 2345 2807 ln
2380 2754 2461 2809 liis
2477 2767 2637 2823 porro
2665 2754 2779 2823 ipse
2806 2753 3059 2806 Servator
3077 2765 3134 2805 se
3153 2752 3361 2804 vineam
3389 2762 3511 2803 esse

1950 2846 2120 2911 dixit;
2148 2846 2437 2914 discipulos
2468 2860 2596 2902 vero
2644 2858 2793 2908 suos,
2833 2844 3112 2912 palmites;
3168 2857 3298 2897 uvas
3332 2850 3511 2894 autem

1947 2938 2227 3008 palmitum
2260 2954 2596 3008 consequens
2628 2944 2788 2993 estut
2821 2936 3176 3006 intelligamus
3228 2947 3347 2987 esse
3376 2946 3469 2985 eos
3495 2966 3512 2994 ,

1949 3032 2041 3101 qtti
2078 3031 2146 3086 ab
2173 3031 2429 3101 apostolis
2455 3030 2681 3085 instituti
2716 3028 2969 3084 fuerunt:
3004 3040 3231 3096 quorum
3261 3024 3381 3079 illos
3413 3038 3511 3077 ceu

1953 3123 2250 3179 racemulos
2276 3122 2489 3178 inutiles
2518 3138 2584 3177 ac
2625 3122 2774 3191 vitali
2792 3121 2990 3174 virtute
3008 3121 3262 3189 privatos,
3293 3116 3345 3169 in
3377 3122 3514 3169 tem-

1951 3231 2081 3285 pore
2124 3215 2312 3283 judicii
2361 3214 2694 3284 abjiciendos
2749 3228 2868 3267 esse
2919 3214 3105 3273 docet;
3157 3207 3513 3275 similiterque

1950 3309 2198 3378 palmites
2219 3308 2419 3362 nullam
2449 3322 2603 3361 uvam
2638 3305 2892 3369 ferentes,
2920 3302 3095 3372 qualis
3125 3308 3244 3353 erat
3270 3297 3513 3367 proditor

1947 3399 2132 3466 Judas,
2161 3401 2378 3467 perinde
2405 3408 2565 3468 atque
2589 3396 2803 3451 inutiles
2824 3410 2977 3457 uvas,
3002 3407 3031 3445 ε
3055 3391 3362 3446 volatilibus
3387 3387 3511 3442 coeli
3562 3444 3575 3457 ι

1947 3502 2000 3547 et
2030 3493 2217 3548 bestiis
2244 3501 2421 3553 terrae,
2477 3489 2728 3543 videlicet
2772 3484 3100 3542 adversariis
3138 3492 3193 3537 et
3232 3481 3512 3536 ultricibus

1945 3586 2255 3648 virtutibus,
2288 3585 2525 3637 excisum
2564 3582 2649 3645 iri,

280 3690 389 3739 σιν,
426 3673 868 3745 ἀποκοπήσεσθαι
897 3676 1008 3737 τοῖς
1049 3677 1311 3739 πετεινοῖς
1359 3674 1454 3728 τοῦ
1477 3676 1704 3748 ούρανοῦ
1754 3677 1846 3731 καὶ
1881 3677 1993 3740 τοῖς
2026 3674 2233 3749 θηρίοις
2292 3676 2390 3747 τῆς
2432 3675 2553 3746 γῆς,
2588 3673 2954 3743 ἀντικείμεναι
2987 3667 3300 3724 κολαστικαὶ
3354 3666 3508 3737 δηλοεο

277 3767 395 3820 νότι
425 3766 697 3837 δυνάμεις.

355 3880 375 3913 ι
417 3863 501 3915 ’Ev
523 3862 599 3933 τῷ
629 3862 804 3934 καιρῷ
828 3861 1017 3932 ἐκείνῳ
1041 3862 1456 3935 ἀνενεχθήσεται
1479 3865 1627 3937 δῶρα
1654 3867 1842 3939 Κυρίῳ

274 3952 503 4008 Σαϐαὼθ
549 3957 615 4008 ἐκ
654 3954 782 4007 λαοῦ
836 3954 1189 4024 τεθλιμμένου
1233 3956 1328 4008 καὶ
1369 3956 1702 4026 τετιλμένου,
1749 3957 1843 4010 καὶ

272 4046 384 4103 ἀπὸ
413 4044 541 4100 λαοῦ
576 4046 833 4117 μεγάλου,
886 4047 993 4099 ἀπὸ
1037 4046 1130 4099 τοῦ
1174 4045 1268 4099 νῦν
1294 4047 1388 4100 καὶ
1417 4049 1496 4111 εἰς
1541 4049 1631 4100 τὸν
1673 4049 1844 4103 αἰῶνα

274 4136 518 4208 χρόνον.»
544 4138 645 4208 Εῖη
669 4137 713 4190 δ’
746 4137 812 4193 ἂν
837 4133 989 4201 οὗτος
1018 4140 1047 4191 ό
1076 4138 1175 4206 τὴν
1211 4140 1400 4208 στενὴν
1434 4139 1527 4191 καὶ
1552 4138 1844 4209 τεθλιμμέ-

271 4244 375 4299 την
401 4228 599 4284 ὁδεύων
630 4230 730 4303 τὴν
770 4230 1087 4299 ἀπάγουσαν
1122 4232 1201 4293 είς
1250 4230 1348 4301 τὴν
1389 4229 1533 4301 ζωήν
1556 4248 1569 4260 ·
1620 4233 1647 4284 ό
1684 4229 1843 4293 αὐτὸς
1891 4258 1912 4281 ο

2022 3862 2183 3919 Vens.
2202 3861 2255 3914 7.
2283 3877 2303 3912 ι
2348 3858 2402 3912 ln
2425 3867 2666 3926 tempore
2692 3854 2782 3909 illo
2800 3852 3098 3907 afferentur
3122 3851 3257 3904 dona
3283 3849 3510 3906 Domino

1948 3953 2209 4018 Sabaoth,
2246 3966 2275 4005 a
2302 3948 2497 4020 populo
2526 3946 2766 4001 contrito
2799 3952 2853 3999 et
2887 3942 3112 4005 divulso,
3154 3950 3207 3995 et
3259 3955 3287 3994 a
3316 3941 3510 4010 populo

1949 4060 2165 4116 magno,
2185 4042 2252 4096 ab
2284 4042 2385 4096 hoc
2412 4050 2652 4106 tempore
2678 4050 2847 4105 usque
2877 4035 2927 4087 in
2953 4041 3290 4103 perpetuum.
3323 4050 3341 4082 ›
3371 4029 3510 4085 Fue-

1946 4140 2016 4193 rit
2037 4146 2214 4192 autem
2244 4135 2333 4188 hic
2356 4131 2575 4202 populus
2606 4131 2651 4183 is
2678 4129 2770 4197 qui
2793 4128 2843 4180 in
2868 4136 3096 4195 anguSta
3129 4132 3184 4179 et
3214 4133 3364 4177 arcta
3396 4123 3505 4186 via,

1945 4244 2066 4297 qua:
2088 4225 2237 4280 ducit
2265 4223 2331 4276 ad
2355 4222 2542 4283 vitam,
2564 4218 2845 4289 graditur:
2878 4217 3098 4285 ipseque
3131 4213 3373 4266 divulsus
3402 4220 3504 4278 est,

275 4321 373 4374 ml.
420 4302 794 4391 ἐκτετιλμένος
839 4323 1090 4395 ὑπάρχει,
1155 4322 1230 4385 ὡς
1282 4322 1347 4376 ἂν
1394 4324 1496 4390 τῆς
1526 4323 1709 4393 κοινῆς
1738 4323 1844 4376 τῶν

1953 4327 2129 4387 utpote
2155 4316 2302 4385 quia
2337 4311 2612 4367 communi
2652 4308 2929 4362 hominum
2988 4307 3096 4360 vita
3154 4305 3359 4358 alienus
3396 4302 3506 4369 sit,

274 4412 575 4483 ἀνθρώπων
621 4412 768 4483 ζωῆς
797 4414 1246 4486 ⁴ἡλλοτριωμένος,
1281 4418 1375 4469 καὶ
1411 4415 1584 4487 μέγας
1623 4414 1678 4468 δέ
1726 4415 1839 4468 ἐστι

275 4504 428 4574 παρὰ
463 4504 540 4575 τῷ
582 4505 700 4576 Θεῷ
748 4507 841 4559 καὶ
882 4506 1078 4570 πολύς’
1110 4506 1190 4559 διὸ
1228 4508 1491 4572 λέλεκται,
1532 4526 1549 4559 ι
1576 4507 1682 4561 ἀπὸ
1709 4505 1838 4559 λαοῦ

277 4595 537 4666 μεγάλου.
561 4615 579 4648 ι
618 4598 726 4650 Καὶ
754 4596 863 4668 γὰρ
897 4599 954 4651 ὲν
1001 4596 1080 4669 τῷ
1114 4599 1339 4669 παρόντι
1374 4600 1493 4670 βίῳ,
1541 4600 1633 4652 καὶ
1668 4600 1724 4653 ἐν
1762 4598 1839 4670 τῷ

276 4687 519 4760 μέλλοντι
544 4688 600 4742 δὲ
627 4691 780 4743 αἰῶνι
808 4690 878 4743 τὰ
904 4690 1095 4760 λογικά
1134 4690 1296 4761 ,δῶρα
1333 4691 1427 4744 καὶ
1467 4690 1566 4754 τὰς
1606 4690 1839 4761 ἀναιμά-

271 4794 439 4843 κτους
490 4779 570 4850 τῷ
607 4781 725 4852 Θεῷ
763 4782 953 4846 θυσίας
997 4783 1335 4854 ἀναπέμπων
1357 4783 1417 4836 οὐ
1442 4783 1782 4854 διαλιμπάνει
1810 4782 1838 4834 ό

268 4871 530 4943 δηλωθεὶς
555 4872 697 4937 λαός.

348 4982 369 5015 ι
403 4963 593 5029 Ἔθνος
638 4965 854 5031 ἐλπίζον
903 4968 996 5021 καὶ
1043 4968 1589 5039 καταπεπατημένον,
1635 4970 1664 5022 ὅ
1692 4969 1837 5025 ἐστιν

268 5058 330 5111 ἐν
363 5056 515 5128 μέρει
544 5057 786 5129 ποταμοῦ
834 5059 935 5130 τῆς
973 5059 1153 5130 χώρας
1192 5061 1357 5114 αὐτοῦ
1406 5062 1485 5122 είς
1524 5060 1614 5113 τὸν
1653 5062 1835 5126 τόπον,

252 5139 333 5201 ,οὗ
362 5147 424 5199 τὸ
462 5149 629 5220 ὄνομα
673 5150 875 5223 Κυρίου
924 5151 1165 5217 Σαϐαὼθ,
1220 5155 1301 5215 εἰς
1342 5153 1466 5223 ὅρος
1506 5151 1677 5220 ἅγιον.
1707 5170 1724 5203 ι
1766 5152 1839 5204 Τὸ

264 5236 383 5308 γὰρ
409 5238 555 5303 ἔθνος
591 5240 751 5295 τοῦτο
789 5243 847 5294 ἐν
896 5242 1049 5313 μέρει
1099 5240 1343 5312 ποταμοῦ
1384 5244 1479 5313 τῆς
1521 5242 1700 5313 χώρας
1738 5240 1832 5294 τοῦ

264 5326 408 5381 Θεοῦ
437 5329 746 5401 ἐτύγχανεν,
781 5332 868 5386 ὅτε
913 5332 969 5385 ἐν
1002 5333 1069 5402 τῇ
1113 5332 1402 5402 Ἐκκλημία
1434 5332 1525 5385 τοῦ
1553 5331 1685 5384 Θεοῦ
1709 5334 1835 5384 ἐπο-

266 5418 538 5473 λιτεύετο’
568 5422 642 5486 ὡς
673 5423 851 5492 λέγειν
872 5441 886 5456 ι
933 5443 952 5476 ι
985 5425 1075 5478 Ἐν
1108 5422 1263 5494 μέρει
1294 5425 1628 5493 γινώσκομεν
1653 5425 1746 5477 καὶ
1775 5424 1833 5476 ἐν

271 5509 429 5587 μέρει
457 5516 887 5586 προφητεύομεν.
919 5536 935 5569 ι
971 5515 1105 5570 Οὔτε
1132 5514 1240 5585 γὰο
1268 5515 1355 5571 τὸν
1391 5515 1563 5571 πάντα
1594 5516 1833 5589 ποταμὸν

341 5691 387 5731 ⁸³
415 5692 431 5751 l
459 5692 580 5751 Cur.
613 5709 729 5754 xm.
763 5694 813 5753 9.

1946 4423 2174 4479 magnus
2207 4406 2333 4460 item
2384 4414 2437 4459 et
2467 4403 2667 4457 multus
2693 4409 2775 4455 est
2814 4398 2954 4467 apud
2992 4398 3157 4451 Deum
3188 4416 3198 4449 :
3229 4410 3394 4464 quare
3423 4394 3505 4448 di-

1945 4513 2087 4556 ctum
2116 4507 2218 4563 est,
2258 4515 2276 4551 I
2324 4512 2353 4549 a
2383 4494 2575 4565 papulo
2611 4507 2824 4563 magno.
2853 4509 2872 4543 ι
2907 4492 2978 4546 At
3005 4489 3146 4544 enim
3176 4488 3227 4541 in
3252 4486 3506 4556 praesenti

1944 4594 2049 4647 vita
2081 4600 2136 4646 et
2165 4593 2220 4646 in
2271 4590 2451 4645 futuro
2488 4586 2723 4651 saeculo,
2774 4582 3114 4639 rationabilia
3146 4580 3307 4647 dona,
3338 4588 3394 4634 et
3420 4579 3505 4633 in;

1944 4695 2197 4742 cruentas
2220 4684 2422 4739 hostias
2449 4681 2556 4737 Deo
2580 4681 2826 4736 emittere
2855 4690 3124 4745 nunquam
3184 4680 3362 4729 cessat
3385 4685 3503 4729 me-

1944 4786 2185 4833 moratus
2215 4775 2458 4847 populus.

2020 4980 2037 5014 ι
2068 4960 2216 5015 Gens
2244 4972 2468 5028 sperans
2501 4966 2554 5011 et
2587 4953 2925 5017 conculcata,
2968 4965 3087 5021 quae
3116 4958 3200 5006 est
3246 4948 3300 5001 in
3347 4954 3504 5016 parte

1939 5055 2082 5108 ﬂuvii
2124 5053 2358 5122 regionis
2391 5049 2527 5119 ejus,
2562 5049 2613 5103 in
2652 5046 2769 5101 loco
2794 5045 2882 5099 ubi
2917 5058 3107 5098 nomen
3148 5040 3359 5095 Domini
3401 5032 3499 5092 Sa-

1938 5147 2121 5213 baoth,
2158 5146 2211 5199 in
2244 5153 2423 5199 monte
2478 5150 2686 5197 sancto.
2719 5158 2737 5193 ι
2770 5139 2893 5194 llaec
2921 5138 3063 5191 enim
3103 5147 3233 5204 gens
3265 5133 3314 5186 in
3346 5138 3502 5203 parte

1939 5238 2085 5293 ﬂuvii
2114 5237 2353 5309 regionis
2383 5235 2473 5290 Dei
2499 5243 2637 5301 erat,
2657 5232 2872 5303 quando
2910 5231 2960 5283 iu
2991 5226 3226 5282 Ecclesia
3265 5224 3357 5279 Dei
3383 5236 3499 5278 ver-

1942 5332 2195 5397 sabatur;
2231 5329 2303 5384 ita
2337 5338 2395 5383 ut
2428 5329 2594 5392 dicat,
2638 5345 2657 5379 (
2694 5324 2750 5378 In
2778 5330 2931 5392 parte
2969 5317 3344 5389 cognoscimus
3363 5313 3495 5371 etin

1939 5432 2090 5493 parte
2113 5422 2496 5492 prophetamns
2531 5419 2599 5472 ⁸⁵.
2631 5438 2649 5471 ι
2683 5413 3025 5483 Nequeenim
3056 5420 3225 5466 totum
3249 5406 3491 5471 ﬂuvium,

1940 5514 2150 5573 scilicet
2174 5512 2404 5570 Verbum
2435 5510 2551 5578 Dei,
2596 5507 2840 5583 capiebat
2896 5505 2983 5561 illa
3012 5502 3198 5579 regio:
3234 5511 3401 5574 quare
3432 5494 3492 5555 in
