4072 6194
506 272 611 329 219

1175 269 1442 327 EUSEBII
1479 268 1947 325 C.~ESABIENSIS
1982 268 2133 324 OPP.
2173 266 2348 323 PARS
2384 267 2476 323 III.
2513 299 2584 308 —-
2619 265 3030 322 EXEGETICA.

3615 267 3721 321 220

505 398 659 461 parte
685 385 829 443 ﬂuvii
875 385 1114 458 regionis
1148 385 1243 443 Dei
1290 386 1458 443 fuisse
1495 387 1694 443 dicitur
1738 397 2063 443 memoratus

2169 385 2382 455 ἐχώρει,
2417 385 2557 453 λέγω
2606 385 2661 437 δὲ
2694 384 2785 438 τὸν
2828 383 2921 437 τοῦ
2949 380 3083 435 Θεοῦ
3124 381 3316 450 Λόγον,
3358 382 3391 452 ἡ
3434 381 3724 453 δηλωθεῖσα

503 480 753 553 populus.

1085 659 1311 716 CAPUT
1346 660 1485 716 XIX.

576 751 740 807 Vens.
768 751 822 804 1.
851 768 869 801 ι
893 749 1042 805 Visio
1075 748 1315 821 Egypti.
1348 750 1490 805 Ecce
1514 751 1769 807 Dominus
1805 752 1955 807 sedet
1980 768 2067 807 su-

503 857 602 913 per
627 842 820 896 nubem
858 842 1053 905 levem,
1075 851 1129 896 et
1150 842 1328 897 veniet
1359 842 1409 895 in
1442 841 1753 912 Egyptum.
1788 863 1806 895 ι
1844 845 2065 899 Attente

507 935 963 990 considerandum
999 944 1102 998 est,
1139 952 1247 1005 quo
1275 946 1431 1001 pacto
1455 937 1701 1002 dicatur,
1735 957 1753 988 ‹
1785 936 1936 992 Visio
1970 938 2067 992 .43-

504 1024 675 1095 gypti.
708 1042 728 1076 »
774 1022 887 1076 Νοη
918 1025 1062 1078 enim
1093 1026 1538 1093 quemadmodum
1576 1028 1641 1081 de
1669 1027 1940 1099 Babylone
1983 1032 2064 1083 di-

506 1118 751 1182 cebatur,
788 1135 806 1167 ι
848 1115 996 1171 Visio
1036 1126 1223 1171 contra
1261 1117 1626 1187 Babylonem;
1667 1140 1685 1173 ι
1722 1137 1895 1189 neque
1925 1123 2064 1177 sicut

505 1208 572 1262 de
606 1206 786 1262 Iudaea
833 1218 884 1263 et
928 1207 1244 1277 Jerusalem,
1298 1228 1314 1263 ι
1359 1212 1506 1267 Visio
1538 1228 1696 1282 quam
1740 1212 1871 1269 vidit
1900 1214 2061 1270 Isaias

504 1299 647 1354 ﬁlius
667 1302 861 1365 Amos;
916 1316 1076 1370 quam
1108 1303 1241 1356 vidit
1271 1314 1459 1358 contra
1494 1303 1733 1359 Judaaam
1764 1315 1820 1361 et
1841 1304 2060 1361 Jerusa-

503 1390 642 1455 lem;
670 1411 689 1443 ι
729 1407 902 1461 neque
952 1403 1009 1447 ut
1060 1395 1125 1448 de
1149 1396 1411 1452 Damasco
1442 1405 1497 1451 et
1524 1398 1591 1451 de
1625 1397 1941 1465 Moabitide;
1968 1414 2062 1453 eo-

504 1481 627 1536 dem
653 1484 810 1538 modo
853 1486 918 1538 de
951 1483 1222 1557 Egypto:
1260 1504 1366 1543 non
1416 1488 1561 1543 enim
1595 1488 1812 1553 dicitur,
1851 1508 1870 1541 ι
1913 1491 2064 1546 Visio

2169 475 2320 547 χώρα
2338 495 2352 507 ε
2382 476 2463 529 διὸ
2486 478 2542 528 ἐν
2567 476 2720 545 μέρει
2745 476 2837 529 τοῦ
2863 473 3105 545 ποταμοῦ
3132 475 3231 545 τῆς
3262 472 3443 547 χώρας
3474 475 3569 527 τοῦ
3592 475 3722 529 Θεοῦ

2171 568 2388 636 λέγεται
2414 567 2688 635 γεγονέναι
2715 568 2773 619 τὸ
2795 567 3028 636 δηλωθέν
3056 565 3221 628 ἕθνοςι

2677 659 3066 711 ΚΕΦΑΛΑΙΟΝ
3105 658 3182 710 18’
3189 698 3202 712 .

2241 771 2258 801 ‹
2287 752 2514 822 Ὅρασις
2566 750 2860 818 Αἰγύπτου.
2922 750 3049 803 Ἰδοὺ
3110 749 3308 818 Κύριος
3356 748 3591 819 κάθηται
3636 750 3727 803 ἐπὶ

2163 843 2390 913 νεφέλης
2427 842 2652 913 κούφης,
2694 842 2787 895 καὶ
2815 842 2931 912 ἥξει
2964 844 3041 904 εἰς
3082 841 3369 910 Αἴγυπτον.
3398 862 3416 893 ι
3454 842 3725 912 Προσήκει

2162 936 2218 988 δὲ
2245 936 2334 988 τὸν
2366 935 2489 988 νοῦν
2527 935 2815 1003 ἐπιστῆσαι
2860 935 3007 997 ὅπως
3042 934 3253 1003 εἴρηται
3278 952 3291 965 ο
3338 953 3355 983 ι
3382 934 3608 1003 Ὂρασις
3634 934 3726 985 Αἰ-

2163 1027 2388 1095 γύπτου.
2414 1046 2432 1078 ι
2469 1028 2543 1080 Ού
2589 1025 2697 1096 γὰρ
2738 1026 2811 1087 ὡς
2858 1026 2948 1077 ἐπὶ
2988 1024 3086 1094 τῆς
3125 1023 3437 1086 Βαόυλῶνος
3465 1023 3681 1091 ἐλέγετο
3706 1040 3720 1053 ·

2170 1139 2188 1170 ι
2222 1121 2445 1189 Ὄρασις
2479 1118 2618 1171 κατὰ
2664 1116 3008 1179 Βαϐυλῶνος·
3044 1114 3147 1167 οὐδ’
3189 1114 3264 1177 ὡς
3312 1114 3403 1166 ἐπὶ
3450 1114 3546 1185 τῆς
3603 1115 3725 1166 ’1ου-

2163 1211 2316 1275 δαίας
2337 1212 2429 1263 καί¹
2450 1211 2547 1280 τῆς
2569 1208 2937 1281 Ἰερουσαλὴμ,
2960 1227 2977 1258 ‹
3006 1209 3235 1279 Ὂρασις
3255 1209 3319 1279 ἢν
3339 1204 3472 1261 είδεν
3499 1207 3725 1270 Ἡσαΐας

2164 1300 2279 1363 υίὸς
2320 1300 2515 1371 Ἀμὼς,
2542 1301 2607 1369 ἣν
2638 1294 2745 1351 εἶδε
2776 1297 2915 1350 κατά
2955 1297 3052 1367 τῆς
3092 1298 3348 1359 Ἰουδαίας
3385 1297 3478 1349 καὶ
3526 1296 3721 1367 Ἰερου-

2164 1392 2374 1463 σαλήμ’
2399 1410 2417 1443 ι
2453 1390 2559 1443 οὐδ’
2590 1390 2664 1453 ὡς
2690 1389 2780 1442 ἐπὶ
2804 1389 2902 1458 τῆς
2940 1388 3227 1457 Δαμασκοῦ
3262 1388 3353 1441 καὶ
3378 1388 3476 1458 τῆς
3504 1384 3725 1439 Μωαϐί-

2161 1484 2323 1548 τιδος,
2368 1483 2540 1546 οὕτως
2583 1483 2674 1535 ἐπὶ
2727 1481 2824 1551 τῆς
2864 1480 3169 1549 Αἰγύπτου·
3217 1482 3279 1533 ού
3324 1480 3431 1551 γὰρ
3481 1480 3722 1551 εἴρηται,

506 1585 699 1631 contra
730 1575 1059 1647 Egyptum;
1104 1596 1124 1631 ι
1155 1581 1245 1634 sed
1279 1581 1431 1650 quasi
1468 1580 1732 1652 Egyptus
1764 1583 1945 1638 visura
1965 1625 1979 1649 ,
2009 1595 2063 1640 et

2168 1592 2185 1624 ι
2214 1576 2441 1644 ’Ὀρασις
2483 1572 2623 1626 κατά
2640 1572 2738 1643 τῆς
2757 1570 3058 1638 Αἰγύπτου⁸
3085 1589 3103 1622 ›
3129 1570 3245 1641 ἦτοι
3265 1570 3339 1633 ὡς
3365 1570 3528 1639 αὐτῆς
3570 1568 3727 1637 Αἰγύ-

504 1666 676 1721 oculis
709 1667 1133 1730 discernemﬂi
1188 1673 1429 1740 praeditis
1478 1675 1903 1742 contemplatura
1948 1686 2063 1731 erat

2166 1684 2297 1719 πτου
2318 1665 2612 1736 μελλούσης
2638 1666 2789 1735 όρᾷν,
2816 1664 2909 1717 καὶ
2931 1663 3150 1733 θεωρεῖν
3185 1663 3477 1733 ὀφθαλμοῖς
3498 1663 3727 1733 διορατι-

502 1773 567 1814 ea
591 1774 707 1828 qua:
735 1761 787 1814 in
818 1761 1068 1816 vaticinio
1099 1762 1341 1817 feruntur
1368 1783 1379 1817 :
1410 1765 1492 1819 vel
1521 1767 1645 1835 quia
1691 1769 1951 1837 propheta
1980 1770 2063 1822 vi-

2170 1759 2284 1820 κοϊς
2309 1758 2377 1810 τὰ
2403 1755 2790 1825 θεσπιζόμενα·
2826 1754 2858 1825 ἢ
2887 1754 2963 1818 ὼς
2989 1753 3081 1807 τοῦ
3111 1755 3389 1825 προφήτου
3416 1756 3513 1824 τὴν
3539 1755 3726 1825 ὅρασιν

506 1854 715 1906 sionem
774 1854 1037 1909 habuerat
1065 1854 1335 1927 IEgyptiis
1384 1860 1757 1928 pulcherrima
1814 1878 2063 1930 praznun-

2166 1848 2491 1919 τεθεαμένου
2515 1848 2612 1918 τὴν
2633 1846 2702 1900 τά
2734 1846 2993 1899 κάλλιστα
3019 1848 3129 1908 τοῖς
3156 1846 3467 1914 Αἰγυπτίοις
3489 1863 3725 1915 προανα-

503 1944 723 1999 tianles.
756 1946 890 2011 Quid
920 1947 1060 1999 enim
1091 1948 1385 2015 pulchrius,
1414 1951 1542 2019 quid
1571 1951 1780 2008 beatius
1801 1952 2063 2025 Egyptiis

2168 1942 2510 2012 φωνήσασαν.
2530 1939 2593 1993 Τί
2614 1938 2719 2009 γὰρ
2742 1938 3037 1999 κάλλιον,τί
3053 1937 3107 1990 δὲ
3132 1937 3538 2008 μακαριώτερον
3558 1938 3728 2008 ὑπάρ-

504 2044 824 2089 eventurum
852 2046 991 2100 erat,
1017 2052 1179 2106 quam
1198 2040 1337 2106 quod
1372 2041 1626 2094 Dominus
1655 2046 1937 2110 praesentia
1969 2060 2063 2100 sua

2168 2051 2279 2103 χειν
2306 2033 2533 2103 ἥμελλεν
2581 2032 2897 2100 Αἰγυπτίοις
2935 2029 3028 2081 τοῦ
3069 2029 3160 2080 τὸν
3200 2028 3402 2098 Κύριον
3431 2029 3528 2097 τῆς
3564 2028 3727 2081 αὐτοῦ

505 2125 657 2194 ipsos
710 2126 1046 2194 dignaturus,
1084 2135 1138 2180 et
1188 2128 1429 2181 notitiam
1468 2130 1550 2183 sui
1610 2131 1739 2199 ipsis
1773 2133 2063 2188 collaturus

2167 2123 2466 2193 παρουσίας
2509 2121 2793 2186 καταξιοῦν
2827 2121 3039 2182 αὐτοὺς,
3086 2121 3178 2171 καὶ
3211 2117 3306 2187 τὴν
3337 2117 3500 2170 αὑτοῦ
3529 2118 3729 2185 γνῶσιν

502 2215 1043 2284 esset,'facmrusque
1085 2218 1189 2271 alia
1217 2220 1398 2273 omnia
1420 2234 1540 2289 quae
1575 2221 1627 2274 in
1680 2221 2062 2294 Egyptiorum

2166 2216 2347 2277 αὐτοῖς
2380 2214 2657 2284 παρέξειν,
2700 2214 2791 2266 καὶ
2841 2213 3082 2282 ποιήσειν
3111 2212 3211 2264 ὅσα
3258 2209 3390 2264 ἄλλα
3433 2209 3727 2279 ἐμφέρεται

499 2304 699 2359 bonum
736 2307 1055 2359 verterent?

577 2415 597 2448 ι
632 2396 698 2451 Ει
732 2397 1087 2452 movebuntur
1125 2400 1428 2456 manufacta
1469 2400 1684 2472 Egypti
1712 2418 1741 2457 a
1770 2403 1904 2459 facie
1927 2406 2061 2473 ejus,

498 2495 555 2541 et
582 2501 675 2541 cor
707 2502 892 2542 eorum
926 2489 1267 2559 superabitur
1301 2492 1353 2545 in
1381 2492 1530 2562 ipsis.
1557 2512 1576 2546 ›
1612 2492 1761 2560 Quod
1789 2510 1919 2551 sane
1944 2500 2065 2566 quis

499 2580 795 2635 secundum
828 2581 1070 2637 historia:
1099 2582 1384 2638 veritatem
1422 2594 1548 2639 tunc
1569 2587 1890 2657 completum
1917 2591 2067 2645 dixe-

502 2673 596 2737 rit,
628 2664 749 2727 cum
782 2672 898 2741 ipse
929 2674 1207 2739 Dominus,
1229 2674 1319 2744 qui
1351 2675 1401 2728 in
1438 2677 1704 2745 principio
1729 2679 1868 2746 apud
1899 2681 2063 2735 Deum

504 2770 648 2826 erat,
684 2762 827 2817 Deus
860 2761 1119 2827 Verbum,
1158 2780 1265 2819 non
1301 2764 1624 2835 incorporeo
1663 2780 1838 2835 neque
1879 2767 2069 2824 invisi-

500 2853 595 2908 bili
629 2856 786 2909 modo
822 2855 873 2909 in
912 2854 1286 2925 Egyptiorum
1333 2858 1555 2927 regione
1598 2858 2062 2928 peregrinabatur,

502 2943 599 2996 sed
630 2944 681 2996 in
709 2946 848 2998 nube
873 2944 957 2997 illa
981 2946 1104 3009 levi,
1136 2955 1193 2998 ut
1217 2947 1579 3010 existimatur,
1610 2949 1803 3002 sedens
1824 2949 2064 3015 advenit,

502 3031 709 3087 scilicet
733 3033 785 3086 in
811 3047 1059 3101 corpore,
1104 3033 1244 3102 quod
1274 3032 1524 3089 Christus
1578 3048 1965 3106 assumpserat,
1999 3054 2063 3092 ex

503 3123 712 3191 Spiritu
752 3132 939 3178 sancto
992 3133 1046 3178 et
1098 3140 1166 3178 ex
1198 3134 1384 3179 sancta
1442 3126 1659 3196 Virgine
1689 3130 2061 3183 constitutum.

503 3211 639 3267 Nam
674 3213 721 3267 si
757 3227 863 3266 non
892 3214 1151 3282 scriptum
1178 3224 1324 3267 esset
1358 3214 1529 3283 ipsum
1569 3215 1696 3269 nubi
1742 3216 2062 3271 insidentem

499 3312 791 3356 venturum
812 3318 949 3366 esse,
988 3313 1164 3373 posset
1184 3303 1453 3372 quispiam
1505 3303 1707 3369 dicere,
1742 3304 1906 3359 Deum
1936 3304 2066 3359 Ver-

499 3394 627 3450 bum
658 3395 1067 3464 iucorporaliter
1095 3407 1149 3450 et
1176 3395 1353 3449 divina
1382 3396 1582 3451 virtute
1604 3397 1801 3466 ubique
1832 3412 2063 3466 praasen-

500 3494 633 3551 tem,
683 3496 867 3557 utpote
900 3488 987 3556 qui
1015 3488 1191 3541 omnia
1236 3485 1472 3555 impleat,
1516 3502 1638 3540 nam
1687 3505 1705 3537 ι
1754 3486 1810 3540 ln
1869 3485 2065 3541 mundo

500 3588 639 3645 erat,
671 3588 727 3634 et
764 3580 992 3634 mundus
1026 3595 1119 3649 per
1151 3579 1320 3649 ipsum
1358 3579 1530 3633 factus
1556 3590 1632 3633 est
1666 3579 1734 3644 9°,
1768 3597 1785 3630 ι
1821 3578 2063 3633 eamdem

502 3672 557 3726 in
614 3671 841 3742 Egypto
895 3672 1232 3740 praesentiam
1298 3672 1585 3737 exhibere,
1633 3670 2063 3740 quandoquidem

501 3761 887 3831 inspectionem
928 3772 981 3815 et
1028 3762 1414 3831 providentiam
1472 3762 1536 3814 ad
1590 3764 1707 3815 illos
1759 3776 1927 3830 usque
1971 3776 2066 3815 ex-

501 3853 693 3907 tendit.
714 3850 910 3906 Verum
935 3852 1022 3906 illo
1047 3853 1202 3907 modo
1229 3868 1331 3905 non
1358 3854 1525 3922 magis
1546 3854 1596 3906 in
1622 3852 1874 3923 Egypto,
1903 3868 2063 3921 quam

502 3942 559 3997 in
598 3942 704 3996 alia
739 3944 974 4013 qualibet
1006 3944 1189 3997 mundi
1230 3953 1382 4012 parte
1406 3959 1525 3999 esse
1555 3946 1789 3999 dicatur.
1826 3944 1896 3997 At
1926 3959 2066 3999 nunc

503 4034 819 4102 specialiter
843 4045 896 4089 et
924 4035 1178 4090 distincte
1212 4036 1430 4102 dicitur,
1471 4039 1644 4108 ipsum
1676 4038 1801 4092 nubi
1840 4038 1941 4092 levi
1975 4038 2062 4091 in-

504 4126 772 4181 sidentem
808 4136 1093 4182 venturum
1124 4130 1176 4184 in
1198 4130 1488 4202 {Egyptum
1511 4146 1652 4195 esse,
1685 4146 1791 4199 quo
1812 4130 2065 4200 proprius

503 4218 724 4289 quidam
745 4228 798 4274 et
822 4236 1113 4290 corporeus
1142 4224 1257 4292 ejus
1277 4224 1538 4277 adventus
1580 4224 1938 4291 signiﬁcatur.
1967 4222 2064 4276 Cui

503 4308 702 4365 dixerit
728 4311 995 4380 quispiam
1030 4313 1083 4365 in
1116 4314 1302 4368 eadem
1342 4314 1725 4383 explanatione
1786 4313 2062 4378 insistens,

2162 2308 2273 2368 τοῖς
2299 2306 2612 2372 Αἰγυπτίοις
2632 2322 2645 2368 ;

2240 2415 2257 2448 ι
2288 2396 2395 2449 Καὶ
2447 2394 2785 2465 σεισθήσεται
2815 2393 2884 2447 τά
2933 2392 3280 2464 χειροποίητα
3313 2390 3585 2459 Αἰγύπτου
3620 2388 3728 2449 ἀπὸ

2166 2488 2454 2559 προσώπου
2485 2486 2671 2549 αὐτοῦ,
2713 2486 2806 2539 καὶ
2840 2486 2873 2556 ἡ
2919 2484 3112 2557 καρδία
3153 2483 3328 2537 αὐτῶν
3367 2481 3728 2553 ήττηθήσεται

2166 2584 2223 2634 ἐν
2255 2582 2455 2643 αὐτοῖς.
2485 2598 2502 2630 ι
2541 2580 2605 2631 Ὃ
2633 2578 2696 2649 δὴ
2741 2576 3128 2648 πεπληρῶσθαι
3163 2576 3364 2628 εἴποιεν
3395 2574 3459 2628 ἄν
3483 2590 3566 2637 τις
3594 2573 3728 2643 πρὸς

2169 2670 2423 2743 ἱστορίαν,
2466 2670 2554 2722 ὅτε
2594 2666 2816 2731 αύτὸςό
2856 2666 3078 2737 Κύριος,
3112 2667 3140 2718 6
3173 2667 3228 2717 ἐν
3280 2666 3419 2736 ἀρχῇ
3475 2664 3608 2732 πρὸς
3638 2662 3728 2715 τὸν

2165 2764 2316 2828 Θεὸν,
2346 2763 2477 2826 Θεὸς
2502 2761 2671 2829 Λόγος
2696 2761 2794 2813 οὐκ
2819 2760 3121 2830 ἀσωμάτως
3149 2758 3268 2812 οὐδὲ
3287 2757 3504 2827 ἀφανῶς
3537 2756 3726 2827 ἐπεδή-

2170 2873 2256 2926 μει
2284 2858 2348 2926 τῇ
2378 2855 2485 2907 τῶν
2514 2853 2820 2922 Αἰγυπτίων
2849 2850 3021 2923 χώρα,
3058 2849 3193 2903 ἀλλά
3225 2849 3361 2921 μετά
3387 2848 3485 2918 τῆς
3515 2846 3727 2917 νομιζο-

2170 2946 2336 3018 μένης
2370 2946 2575 3016 κούφης
2608 2945 2834 3015 νεφέλης
2882 2944 3187 3014 καθήμενον
3225 2942 3383 2995 αὑτὸν
3418 2938 3724 3009 ἀφικέσθαι,

2166 3036 2259 3088 τοῦ
2316 3035 2564 3106 σώματος
2612 3035 2830 3105 δηλαδὴ,
2865 3026 2924 3087 οῦ
2972 3033 3245 3105 ἀνειλήφει
3288 3035 3315 3085 6
3370 3031 3621 3102 Χριστὸς,
3670 3028 3726 3096 ἐξ

2169 3128 2321 3195 ἁγίου
2374 3127 2690 3195 Πνεύματος
2754 3124 2844 3176 καί
2907 3124 3005 3193 τῆς
3090 3123 3249 3191 ἁγίας
3304 3120 3575 3192 Παρθένου
3637 3122 3728 3172 ἐπ-

2166 3218 2583 3289 εσκευασμένου.
2615 3219 2677 3271 Εἰ
2708 3218 2805 3286 μὲν
2826 3216 2931 3285 γὰρ
2963 3215 3036 3286 μὴ
3078 3215 3392 3283 προσέκειτο
3422 3214 3481 3265 τὸ
3527 3214 3617 3265 ἐπὶ
3643 3230 3729 3267 νε-

2167 3312 2331 3381 φέλην
2376 3310 2674 3380 καθήμενον
2703 3307 2860 3361 αὑτὸν
2889 3306 3200 3375 ἀφικέσθαι,
3230 3304 3347 3375 ἤτοι
3392 3304 3621 3372 ἡδύνατό
3647 3322 3731 3368 τις

2165 3400 2363 3467 λέγειν,
2412 3400 2491 3451 ὅτι
2539 3398 2839 3467 ἀσωμάτως
2884 3396 2977 3447 καὶ
3010 3396 3160 3463 θεῖκῇ
3193 3394 3416 3463 δυνάμει
3453 3392 3728 3461 πανταχοῦ

2166 3492 2354 3563 παρὼν
2404 3494 2431 3544 6
2474 3490 2603 3553 Θεὸς
2631 3490 2821 3557 Λόγος,
2857 3488 2951 3541 ἅτε
2985 3488 3047 3558 δὴ
3080 3488 3256 3541 πάντα
3300 3486 3548 3556 πληρῶνο
3584 3505 3602 3537 ι
3640 3486 3730 3540 Ἑν

2164 3583 2240 3654 τῷ
2270 3584 2456 3653 κόσμῳ
2480 3601 2497 3632 ι
2533 3581 2639 3652 γὰρ
2681 3600 2697 3631 ι
2721 3577 2808 3651 ἦν,
2843 3580 2935 3633 καὶ
2960 3582 2988 3631 6
3017 3580 3215 3650 κόσμος
3249 3579 3314 3631 δι’
3353 3577 3517 3631 αὑτοῦ
3544 3577 3730 3645 ἐγένε-

2162 3693 2243 3740 το,
2272 3696 2289 3727 ι
2322 3677 2415 3729 καὶ⁹
2450 3678 2516 3747 τῇ
2551 3673 2806 3743 Αἰγύπτῳ
2832 3674 2930 3744 τὴν
2962 3672 3128 3744 αὐτὴν
3157 3673 3455 3745 παρουσίαν
3479 3672 3728 3743 παρέχει,

2165 3768 2249 3821 διὰ
2282 3767 2373 3820 τοῦ
2415 3768 2512 3839 τὴν
2554 3766 2857 3837 ἐπισκοπὴν
2892 3766 3055 3819 αὐτοῦ
3096 3767 3188 3819 καὶ
3217 3765 3313 3836 τὴν
3351 3766 3603 3836 πρόνοιαν
3636 3764 3733 3833 μέ-

2166 3877 2285 3931 χρις
2334 3858 2511 3912 αὐτῶν
2581 3858 2860 3910 ἐκτείνειν.
2935 3856 3071 3909 Ἀλλ’
3118 3857 3175 3909 ού
3223 3854 3420 3926 μᾶλλον
3468 3856 3609 3907 εἴποι
3649 3870 3729 3916 τις

2167 3948 2324 4002 αύτὸν
2372 3950 2428 4002 ἐν
2471 3947 2750 4019 Αἰγύπτῳ,
2780 3948 2813 4019 ἢ
2854 3952 2910 4001 ἐν
2942 3948 3114 4019 ἑτέρῳ
3146 3947 3300 4018 μέρει
3336 3948 3552 4009 πάντως
3591 3945 3730 4000 κατά

2165 4039 2348 4093 τοῦτον
2390 4041 2653 4112 ὑπάρχειν
2690 4042 2779 4095 τὸν
2817 4042 3039 4113 τρόπον.
3084 4040 3197 4093 Νῦν
3242 4040 3296 4092 δὲ
3338 4038 3731 4109 ἀφωρισμένως

2167 4132 2245 4193 είς
2280 4130 2552 4199 Αἴγυπτον
2578 4131 2739 4183 αὐτὸν
2768 4130 2916 4199 ἥξειν
2944 4133 2972 4183 ό
2998 4130 3153 4197 λόγος
3190 4130 3279 4181 ἐπὶ
3318 4129 3545 4199 νεφέλης
3572 4128 3731 4181 αὑτὸν

2165 4223 2452 4295 ὀχούμενον
2486 4224 2692 4295 κούφης
2721 4219 2896 4289 εἶπεν,
2928 4221 3229 4287 ἰδιάζουσάν
3270 4240 3387 4275 τινα
3420 4223 3507 4275 καί
3545 4238 3730 4291 σωμα-

2166 4316 2321 4386 τικὴν
2346 4314 2442 4385 τὴν
2468 4316 2764 4385 παρουσίαν
2793 4314 2954 4367 αὐτοῦ
2982 4306 3257 4383 δηλῶνίᾮ
3282 4313 3344 4383 δὴ
3386 4314 3527 4366 εἴποι
3556 4313 3619 4365 ἄν
3651 4330 3732 4374 τις

502 4406 635 4453 tunc
652 4400 1019 4469 propheticum
1050 4403 1251 4456 dictum
1282 4405 1436 4458 linem
1465 4404 1741 4468 habuisse,
1763 4418 1884 4456 cum
1911 4403 1956 4455 is
1974 4402 2061 4470 qui

2167 4412 2194 4461 6
2222 4407 2390 4477 ταύτῃ
2418 4408 2801 4477 συνιστάμενος
2837 4410 2900 4477 τῇ
2930 4407 3120 4477 ἐκδοχῇ
3153 4406 3335 4470 τέλους
3383 4406 3642 4476 ἠξιῶσθαι
3672 4406 3733 4458 τὸ

502 4505 570 4545 ex
587 4489 805 4562 Virgine
831 4503 988 4547 natus
1016 4504 1100 4548 est
1124 4494 1285 4560 Deus,
1308 4511 1467 4565 quem
1498 4493 1902 4548 Emmanuelem
1934 4508 2060 4561 pro-

2162 4499 2318 4569 ῥητὸν
2345 4499 2435 4550 ἐπὶ
2462 4500 2526 4567 τῇ
2553 4499 2630 4561 εἰς
2657 4496 2975 4568 ἀνθρώπους
2999 4497 3210 4567 προόδῳ
3236 4496 3328 4549 τοῦ
3358 4498 3420 4549 ἐκ
3447 4497 3542 4567 τῆς
3573 4496 3733 4564 ἁγίας

503 4584 686 4655 phetia
720 4594 895 4649 vocat,
925 4586 991 4640 ad
1017 4586 1263 4640 homines
1312 4586 1548 4642 advenit.
1599 4583 2061 4653 Quemadmodum

2166 4588 2433 4660 Παρθένου
2487 4588 2832 4659 γεννηθέντος
2876 4586 3032 4653 Θεοῦ,
3086 4588 3144 4640 ὃν
3182 4588 3530 4658 Ἐμμανουήλ
3580 4588 3733 4641 καλεῖ

503 4676 651 4730 enim
676 4678 845 4731 nubes
863 4691 965 4729 non
992 4676 1209 4731 aliunde
1230 4678 1666 4731 constitutionem
1694 4676 1877 4739 habet,
1904 4690 2063 4743 quam

2166 4683 2193 4751 ή
2222 4680 2542 4751 προφητεία.
2589 4680 2675 4742 Ὠς
2705 4680 2811 4750 γὰρ
2840 4682 2871 4749 ἠ
2908 4679 3101 4749 νεφέλη
3127 4680 3225 4732 ούκ
3256 4680 3474 4732 ἄλλοθεν
3504 4681 3614 4750 ἔχει
3635 4681 3733 4750 τὴν

503 4781 569 4823 ex
607 4781 733 4822 aere
761 4774 816 4821 et
846 4780 912 4821 ex
954 4782 1155 4837 vapore
1207 4779 1399 4832 terrae,
1439 4768 1517 4821 sic
1572 4776 1626 4821 et
1685 4781 1881 4836 corpus
1922 4767 2066 4833 quod

503 4860 816 4929 assumpsit,
849 4875 915 4914 ex
948 4859 1155 4930 Spiritu
1183 4869 1372 4915 sancto
1397 4868 1452 4914 et
1479 4875 1544 4913 ex
1576 4870 1790 4913 terrena
1814 4859 2067 4913 substan-

503 4952 578 5006 tia
609 4954 988 5021 constitutum,
1021 4954 1143 5023 jure
1174 4954 1299 5008 nubi
1332 4953 1435 5007 levi
1477 4961 1843 5021 comparatur,
1876 4951 1958 5005 cui
1982 4951 2065 5003 in-

504 5042 685 5100 sidens
713 5044 981 5110 Christus,
1026 5046 1078 5097 in
1132 5044 1388 5115 IEgypto,
1423 5046 1550 5099 dum
1592 5044 1767 5096 adhuc
1814 5051 1957 5097 esset
1986 5042 2066 5096 in-

504 5136 647 5201 fans,
680 5138 1140 5208 peregrinabatur.
1173 5137 1227 5190 ιιι
1258 5138 1452 5206 quippe
1476 5147 1590 5191 erat
1614 5135 1879 5205 [Egyptiis
1911 5136 2063 5202 satis,

505 5226 596 5295 qui
619 5226 814 5281 virtute
845 5230 1100 5285 inell'abili
1121 5245 1185 5283 ex
1211 5230 1440 5284 adventu
1462 5228 1762 5283 Salvatoris
1814 5242 2065 5297 magnam

508 5325 635 5372 sunt
670 5318 951 5374 utilitatem
986 5322 1147 5376 nacti.
1208 5320 1276 5375 At
1327 5323 1615 5375 secundum
1670 5318 2063 5387 profundiorem

510 5414 772 5471 mentem,
798 5405 1008 5464 Domini
1042 5412 1322 5480 praesentia
1367 5409 1597 5480 Egyptii
1634 5408 1899 5478 praecipue
1940 5422 2067 5476 egeo

515 5498 667 5563 bant,
698 5506 879 5567 utpote
898 5502 1137 5557 omnium
1190 5503 1467 5559 hominum
1503 5500 2017 5571 superstitiosissimi
2047 5517 2059 5566 ;

588 5681 630 5718 "
682 5681 837 5740 Joan.
878 5683 1026 5751 1,10.

2166 4771 2453 4833 σύστασιν,
2500 4770 2531 4839 ἢ
2580 4770 2636 4835 ἐξ
2679 4772 2837 4841 ἀέρος
2880 4771 2973 4823 καί
3024 4770 3435 4841 ἀναθυμιάσεως
3473 4772 3570 4842 τῆς
3610 4772 3731 4842 γῆς,

2166 4858 2335 4923 οὕτως
2369 4860 2428 4912 τὸ
2480 4859 2637 4931 σῶμα
2691 4860 2718 4913 ὃ
2767 4860 3075 4931 ἀνείληφεν,
3121 4861 3180 4925 ἐξ
3224 4863 3375 4929 ἀγίου
3422 4862 3733 4932 Πνεύματος

2168 4955 2261 5009 καὶ
2311 4954 2411 5022 τῆς
2471 4952 2698 5021 γεώδους
2743 4955 2929 5017 οὐσίας
2982 4953 3217 5007 ὑποστὰν
3260 4954 3483 5017 εἰκότως
3538 4954 3733 5026 νεφέλῃ

2167 5044 2343 5117 κούφῃ
2383 5044 2717 5116 παρεϐλήθη,
2827 5044 3194 5115 ἐγκαθήμενος
3234 5045 3263 5095 6
3288 5042 3517 5113 Χριστὸς
3553 5043 3727 5113 ἐπεδή-

2173 5152 2260 5205 μει
2289 5138 2353 5206 τῇ
2383 5136 2641 5206 Αἰγύπτῳ
2666 5137 2805 5189 κατὰ
2836 5136 2933 5207 τὴν
2969 5136 3166 5206 νηπίαν
3189 5134 3420 5205 ήλικίαν.
3474 5134 3734 5205 Ἀπήρκει

2169 5227 2275 5298 γὰρ
2313 5229 2403 5280 καὶ
2446 5228 2601 5280 τοῦτο
2644 5229 2978 5297 Αἰγυπτίοις,
3012 5230 3230 5299 ἀρρήτῳ
3257 5227 3481 5297 δυνάμει
3507 5228 3734 5296 μέγιστα

2171 5318 2566 5391 ὠφελουμένοις
2592 5322 2654 5372 ἐκ
2677 5321 2775 5391 τῆς
2810 5320 2903 5373 τοῦ
2945 5320 3191 5389 Σωτῆρος
3230 5318 3555 5382 ἐπιδάσεως.
3584 5318 3737 5371 Κατά

2170 5410 2226 5463 δὲ
2267 5410 2559 5480 βαθύτερον
2593 5410 2736 5469 νοῦν,
2786 5412 2883 5482 τῆς
2907 5409 3000 5463 τοῦ
3032 5408 3232 5480 Κυρίου
3261 5412 3562 5481 παρουσίας
3600 5408 3737 5474 ἐξαι-

2176 5502 2342 5574 ρέτως
2379 5503 2544 5558 ἐδεῖτο
2576 5506 2609 5575 ἡ
2654 5502 2943 5573 Αἴγυπτος,
2983 5500 3163 5571 ἐπειδὴ
3192 5500 3408 5555 πάντων
3437 5499 3740 5574 ἀνθρώπων
