  <div class='ocr_page' id='page_1' title='image "/cluster/home/n/w/nwhite01/storage/ocr_20150623/24/hvd.32044073501801/118.png"; bbox 0 0 3976 6194; ppageno 0'>
   <div class='ocr_carea' id='block_1_1' title="bbox 287 255 390 311">
    <p class='ocr_par' dir='ltr' id='par_1_1' title="bbox 287 255 390 311">
     <span class='ocr_line' id='line_1_1' title="bbox 287 255 390 311; baseline 0 0"><span class='ocrx_word' id='word_1_1' title='bbox 287 255 390 311; x_wconf 71' lang='grc'><strong>221</strong></span> 
     </span>
    </p>
   </div>
   <div class='ocr_carea' id='block_1_2' title="bbox 1243 260 2616 333">
    <p class='ocr_par' dir='ltr' id='par_1_2' title="bbox 1243 260 2616 333">
     <span class='ocr_line' id='line_1_2' title="bbox 1243 260 2616 333; baseline 0.012 -16"><span class='ocrx_word' id='word_1_2' title='bbox 1243 260 1743 323; x_wconf 77' lang='lat' dir='ltr'><strong>COMMENTARIA</strong></span> <span class='ocrx_word' id='word_1_3' title='bbox 1778 268 1847 325; x_wconf 84' lang='grc' dir='ltr'>ΙΝ</span> <span class='ocrx_word' id='word_1_4' title='bbox 1884 267 2138 330; x_wconf 78' lang='lat' dir='ltr'><strong>lSAlAM.</strong></span> <span class='ocrx_word' id='word_1_5' title='bbox 2176 301 2244 313; x_wconf 91' lang='lat'><strong>--</strong></span> <span class='ocrx_word' id='word_1_6' title='bbox 2282 273 2433 331; x_wconf 84' lang='lat' dir='ltr'><strong>CAP.</strong></span> <span class='ocrx_word' id='word_1_7' title='bbox 2474 275 2616 333; x_wconf 73' lang='lat' dir='ltr'><strong>XIX.</strong></span> 
     </span>
    </p>
   </div>
   <div class='ocr_carea' id='block_1_3' title="bbox 287 379 1846 465">
    <p class='ocr_par' dir='ltr' id='par_1_3' title="bbox 287 379 1846 465">
     <span class='ocr_line' id='line_1_3' title="bbox 287 379 1846 465; baseline 0.01 -34"><span class='ocrx_word' id='word_1_8' title='bbox 287 379 836 453; x_wconf 83' lang='grc' dir='ltr'>δεισιδαιμονέστεροι</span> <span class='ocrx_word' id='word_1_9' title='bbox 883 383 1193 452; x_wconf 86' lang='grc' dir='ltr'>γεγόνασιν,</span> <span class='ocrx_word' id='word_1_10' title='bbox 1235 385 1311 451; x_wconf 85' lang='grc' dir='ltr'><strong>ὡς</strong></span> <span class='ocrx_word' id='word_1_11' title='bbox 1354 388 1428 459; x_wconf 85' lang='grc' dir='ltr'>μὴ</span> <span class='ocrx_word' id='word_1_12' title='bbox 1478 390 1633 461; x_wconf 86' lang='grc' dir='ltr'>μόνον</span> <span class='ocrx_word' id='word_1_13' title='bbox 1675 394 1846 465; x_wconf 81' lang='grc' dir='ltr'>είμαρ</span> 
     </span>
    </p>
   </div>
   <div class='ocr_carea' id='block_1_4' title="bbox 1949 379 3519 465">
    <p class='ocr_par' dir='ltr' id='par_1_4' title="bbox 1967 394 3519 465">
     <span class='ocr_line' id='line_1_4' title="bbox 1967 394 3519 465; baseline 0.01 -16"><span class='ocrx_word' id='word_1_14' title='bbox 1967 394 2041 450; x_wconf 87' lang='lat' dir='ltr'><strong>ita</strong></span> <span class='ocrx_word' id='word_1_15' title='bbox 2075 404 2136 451; x_wconf 86' lang='lat' dir='ltr'><strong>ut</strong></span> <span class='ocrx_word' id='word_1_16' title='bbox 2158 411 2261 452; x_wconf 91' lang='lat' dir='ltr'><strong>non</strong></span> <span class='ocrx_word' id='word_1_17' title='bbox 2291 399 2460 455; x_wconf 88' lang='lat' dir='ltr'><strong>solum</strong></span> <span class='ocrx_word' id='word_1_18' title='bbox 2483 401 2595 456; x_wconf 80' lang='lat' dir='ltr'><strong>fato</strong></span> <span class='ocrx_word' id='word_1_19' title='bbox 2615 409 2670 458; x_wconf 91' lang='lat' dir='ltr'><strong>et</strong></span> <span class='ocrx_word' id='word_1_20' title='bbox 2689 402 2858 460; x_wconf 74' lang='lat' dir='ltr'><strong>stellis</strong></span> <span class='ocrx_word' id='word_1_21' title='bbox 2888 404 3008 460; x_wconf 83' lang='lat' dir='ltr'><strong>coeli</strong></span> <span class='ocrx_word' id='word_1_22' title='bbox 3032 405 3271 462; x_wconf 78' lang='lat' dir='ltr'><strong>universi</strong></span> <span class='ocrx_word' id='word_1_23' title='bbox 3300 421 3519 465; x_wconf 82' lang='lat' dir='ltr'><strong>causam</strong></span> 
     </span>
    </p>
   </div>
   <div class='ocr_carea' id='block_1_5' title="bbox 293 471 1865 552">
    <p class='ocr_par' dir='ltr' id='par_1_5' title="bbox 293 471 1865 552">
     <span class='ocr_line' id='line_1_5' title="bbox 293 471 1865 552; baseline 0.01 -30"><span class='ocrx_word' id='word_1_24' title='bbox 293 471 438 544; x_wconf 83' lang='grc' dir='ltr'>μένῃ</span> <span class='ocrx_word' id='word_1_25' title='bbox 466 473 563 525; x_wconf 81' lang='grc' dir='ltr'>καὶ</span> <span class='ocrx_word' id='word_1_26' title='bbox 608 474 717 535; x_wconf 76' lang='grc' dir='ltr'>τοῖς</span> <span class='ocrx_word' id='word_1_27' title='bbox 759 474 878 527; x_wconf 84' lang='grc' dir='ltr'>κατ’</span> <span class='ocrx_word' id='word_1_28' title='bbox 909 475 1137 547; x_wconf 80' lang='grc' dir='ltr'>οὐρανὸν</span> <span class='ocrx_word' id='word_1_29' title='bbox 1163 476 1384 550; x_wconf 79' lang='grc' dir='ltr'><strong>ἄστροις</strong></span> <span class='ocrx_word' id='word_1_30' title='bbox 1416 480 1515 552; x_wconf 83' lang='grc' dir='ltr'>τὴν</span> <span class='ocrx_word' id='word_1_31' title='bbox 1548 482 1639 536; x_wconf 86' lang='grc' dir='ltr'>τοῦ</span> <span class='ocrx_word' id='word_1_32' title='bbox 1668 485 1865 549; x_wconf 87' lang='grc' dir='ltr'>παντὸς</span> 
     </span>
    </p>
   </div>
   <div class='ocr_carea' id='block_1_6' title="bbox 289 563 1863 645">
    <p class='ocr_par' dir='ltr' id='par_1_6' title="bbox 289 563 1863 645">
     <span class='ocr_line' id='line_1_6' title="bbox 289 563 1863 645; baseline 0.009 -29"><span class='ocrx_word' id='word_1_33' title='bbox 289 563 604 617; x_wconf 75' lang='grc' dir='ltr'>ἀνατιθέναι</span> <span class='ocrx_word' id='word_1_34' title='bbox 644 565 843 631; x_wconf 78' lang='grc' dir='ltr'>αἰτίαν,</span> <span class='ocrx_word' id='word_1_35' title='bbox 896 568 1148 623; x_wconf 77' lang='grc' dir='ltr'>ἐκπεσεῖν</span> <span class='ocrx_word' id='word_1_36' title='bbox 1189 570 1245 623; x_wconf 83' lang='grc' dir='ltr'><strong>δὲ</strong></span> <span class='ocrx_word' id='word_1_37' title='bbox 1289 573 1382 625; x_wconf 74' lang='lat' dir='ltr'><strong>xal.</strong></span> <span class='ocrx_word' id='word_1_38' title='bbox 1420 574 1578 645; x_wconf 90' lang='grc' dir='ltr'>μέχρι</span> <span class='ocrx_word' id='word_1_39' title='bbox 1620 575 1719 645; x_wconf 82' lang='grc' dir='ltr'>τῆς</span> <span class='ocrx_word' id='word_1_40' title='bbox 1756 577 1863 630; x_wconf 85' lang='grc' dir='ltr'>τῶν</span> 
     </span>
    </p>
   </div>
   <div class='ocr_carea' id='block_1_7' title="bbox 295 652 1863 733">
    <p class='ocr_par' dir='ltr' id='par_1_7' title="bbox 295 652 1863 733">
     <span class='ocr_line' id='line_1_7' title="bbox 295 652 1863 733; baseline 0.009 -28"><span class='ocrx_word' id='word_1_41' title='bbox 295 653 506 722; x_wconf 78' lang='grc' dir='ltr'>ἀλόγων</span> <span class='ocrx_word' id='word_1_42' title='bbox 531 652 702 717; x_wconf 79' lang='grc' dir='ltr'>ζώων,</span> <span class='ocrx_word' id='word_1_43' title='bbox 734 656 827 708; x_wconf 77' lang='grc' dir='ltr'>καὶ</span> <span class='ocrx_word' id='word_1_44' title='bbox 851 655 1054 727; x_wconf 89' lang='grc' dir='ltr'>θηρίων</span> <span class='ocrx_word' id='word_1_45' title='bbox 1079 658 1383 714; x_wconf 89' lang='grc' dir='ltr'>ἀτιθάσσων</span> <span class='ocrx_word' id='word_1_46' title='bbox 1431 663 1645 733; x_wconf 83' lang='grc' dir='ltr'><strong>πτηνῶν</strong></span> <span class='ocrx_word' id='word_1_47' title='bbox 1686 682 1745 717; x_wconf 88' lang='grc' dir='ltr'>τε</span> <span class='ocrx_word' id='word_1_48' title='bbox 1768 665 1863 719; x_wconf 75' lang='grc' dir='ltr'><strong>καὶ</strong></span> 
     </span>
    </p>
   </div>
   <div class='ocr_carea' id='block_1_8' title="bbox 300 746 1863 829">
    <p class='ocr_par' dir='ltr' id='par_1_8' title="bbox 300 746 1863 829">
     <span class='ocr_line' id='line_1_8' title="bbox 300 746 1863 829; baseline 0.007 -28"><span class='ocrx_word' id='word_1_49' title='bbox 300 746 541 817; x_wconf 72' lang='grc' dir='ltr'>ἑρπετῶν</span> <span class='ocrx_word' id='word_1_50' title='bbox 579 747 868 813; x_wconf 88' lang='grc' dir='ltr'>θεοποιίας.</span> <span class='ocrx_word' id='word_1_51' title='bbox 917 750 1070 803; x_wconf 85' lang='grc' dir='ltr'>Οῦτω</span> <span class='ocrx_word' id='word_1_52' title='bbox 1116 751 1173 805; x_wconf 82' lang='grc' dir='ltr'><strong>δὲ</strong></span> <span class='ocrx_word' id='word_1_53' title='bbox 1230 753 1519 810; x_wconf 77' lang='grc' dir='ltr'><strong>ἀδέσποτον</strong></span> <span class='ocrx_word' id='word_1_54' title='bbox 1561 758 1653 811; x_wconf 77' lang='grc' dir='ltr'>καὶ</span> <span class='ocrx_word' id='word_1_55' title='bbox 1694 758 1863 829; x_wconf 87' lang='grc' dir='ltr'>ἀπρο-</span> 
     </span>
    </p>
   </div>
   <div class='ocr_carea' id='block_1_9' title="bbox 298 838 1861 917">
    <p class='ocr_par' dir='ltr' id='par_1_9' title="bbox 298 838 1861 917">
     <span class='ocr_line' id='line_1_9' title="bbox 298 838 1861 917; baseline 0.008 -27"><span class='ocrx_word' id='word_1_56' title='bbox 298 838 482 909; x_wconf 83' lang='grc' dir='ltr'>νόητον</span> <span class='ocrx_word' id='word_1_57' title='bbox 530 839 757 910; x_wconf 76' lang='grc' dir='ltr'><strong>ἡγοῦντο</strong></span> <span class='ocrx_word' id='word_1_58' title='bbox 799 842 861 894; x_wconf 79' lang='grc' dir='ltr'><strong>τὸ</strong></span> <span class='ocrx_word' id='word_1_59' title='bbox 911 844 1019 895; x_wconf 83' lang='grc' dir='ltr'>πᾶν</span> <span class='ocrx_word' id='word_1_60' title='bbox 1042 883 1057 909; x_wconf 95' lang='grc'><strong>,</strong></span> <span class='ocrx_word' id='word_1_61' title='bbox 1118 844 1191 908; x_wconf 85' lang='grc' dir='ltr'>ὡς</span> <span class='ocrx_word' id='word_1_62' title='bbox 1249 846 1339 898; x_wconf 71' lang='grc' dir='ltr'><strong>καὶ</strong></span> <span class='ocrx_word' id='word_1_63' title='bbox 1407 846 1629 917; x_wconf 84' lang='grc' dir='ltr'><strong>βασιλέα</strong></span> <span class='ocrx_word' id='word_1_64' title='bbox 1683 849 1861 904; x_wconf 83' lang='grc' dir='ltr'>αὐτῶν</span> 
     </span>
    </p>
   </div>
   <div class='ocr_carea' id='block_1_10' title="bbox 297 932 1854 1013">
    <p class='ocr_par' dir='ltr' id='par_1_10' title="bbox 297 932 1854 1013">
     <span class='ocr_line' id='line_1_10' title="bbox 297 932 1854 1013; baseline 0.009 -32"><span class='ocrx_word' id='word_1_65' title='bbox 297 932 471 1001; x_wconf 84' lang='grc' dir='ltr'>γυμνῇ</span> <span class='ocrx_word' id='word_1_66' title='bbox 508 933 575 1000; x_wconf 81' lang='grc' dir='ltr'>τῇ</span> <span class='ocrx_word' id='word_1_67' title='bbox 625 932 835 1003; x_wconf 78' lang='grc' dir='ltr'><strong>κεφαλῇ</strong></span> <span class='ocrx_word' id='word_1_68' title='bbox 863 932 1073 1001; x_wconf 79' lang='grc' dir='ltr'>λέγειν’</span> <span class='ocrx_word' id='word_1_69' title='bbox 1108 954 1126 986; x_wconf 78' lang='grc' dir='ltr'><strong>ι</strong></span> <span class='ocrx_word' id='word_1_70' title='bbox 1152 936 1263 990; x_wconf 82' lang='grc' dir='ltr'>Οὐκ</span> <span class='ocrx_word' id='word_1_71' title='bbox 1283 933 1398 992; x_wconf 77' lang='grc' dir='ltr'>οῖδα</span> <span class='ocrx_word' id='word_1_72' title='bbox 1439 940 1530 993; x_wconf 82' lang='grc' dir='ltr'><strong>τὸν</strong></span> <span class='ocrx_word' id='word_1_73' title='bbox 1572 940 1804 1013; x_wconf 87' lang='grc' dir='ltr'><strong>Κύριον,</strong></span> <span class='ocrx_word' id='word_1_74' title='bbox 1834 962 1854 995; x_wconf 71' lang='grc' dir='ltr'>ι</span> 
     </span>
    </p>
   </div>
   <div class='ocr_carea' id='block_1_11' title="bbox 294 1016 1851 1101">
    <p class='ocr_par' dir='ltr' id='par_1_11' title="bbox 294 1016 1851 1101">
     <span class='ocr_line' id='line_1_11' title="bbox 294 1016 1851 1101; baseline 0.01 -29"><span class='ocrx_word' id='word_1_75' title='bbox 294 1020 406 1082; x_wconf 82' lang='grc' dir='ltr'>καὶ,</span> <span class='ocrx_word' id='word_1_76' title='bbox 436 1038 455 1070; x_wconf 86' lang='grc'><strong><em>‹</em></strong></span> <span class='ocrx_word' id='word_1_77' title='bbox 485 1020 581 1084; x_wconf 89' lang='grc' dir='ltr'>Τίς</span> <span class='ocrx_word' id='word_1_78' title='bbox 596 1022 743 1076; x_wconf 81' lang='grc' dir='ltr'>ἐστιν</span> <span class='ocrx_word' id='word_1_79' title='bbox 767 1016 827 1076; x_wconf 75' lang='grc' dir='ltr'>οὗ</span> <span class='ocrx_word' id='word_1_80' title='bbox 857 1025 1244 1097; x_wconf 81' lang='grc' dir='ltr'>είσακούσομαι</span> <span class='ocrx_word' id='word_1_81' title='bbox 1287 1033 1386 1101; x_wconf 86' lang='grc' dir='ltr'>τῆς</span> <span class='ocrx_word' id='word_1_82' title='bbox 1411 1031 1594 1101; x_wconf 80' lang='grc' dir='ltr'>φωνῆς</span> <span class='ocrx_word' id='word_1_83' title='bbox 1620 1017 1851 1099; x_wconf 48' lang='grc' dir='ltr'>αὐτοῦς»</span> 
     </span>
    </p>
   </div>
   <div class='ocr_carea' id='block_1_12' title="bbox 290 1108 1857 1196">
    <p class='ocr_par' dir='ltr' id='par_1_12' title="bbox 290 1108 1857 1196">
     <span class='ocr_line' id='line_1_12' title="bbox 290 1108 1857 1196; baseline 0.011 -35"><span class='ocrx_word' id='word_1_84' title='bbox 290 1108 477 1162; x_wconf 85' lang='grc' dir='ltr'>Ταῦτα</span> <span class='ocrx_word' id='word_1_85' title='bbox 494 1110 551 1163; x_wconf 86' lang='grc' dir='ltr'><strong>δὲ</strong></span> <span class='ocrx_word' id='word_1_86' title='bbox 577 1113 762 1176; x_wconf 76' lang='grc' dir='ltr'>αὐτοῖς</span> <span class='ocrx_word' id='word_1_87' title='bbox 783 1113 964 1184; x_wconf 81' lang='grc' dir='ltr'><strong>ἔργοις</strong></span> <span class='ocrx_word' id='word_1_88' title='bbox 984 1116 1138 1180; x_wconf 81' lang='grc' dir='ltr'><strong>τέλος</strong></span> <span class='ocrx_word' id='word_1_89' title='bbox 1158 1118 1427 1190; x_wconf 70' lang='grc' dir='ltr'>ἐλάμϐανε</span> <span class='ocrx_word' id='word_1_90' title='bbox 1450 1122 1572 1176; x_wconf 82' lang='grc' dir='ltr'>καθ’</span> <span class='ocrx_word' id='word_1_91' title='bbox 1586 1123 1644 1176; x_wconf 82' lang='grc' dir='ltr'><strong>ὃν</strong></span> <span class='ocrx_word' id='word_1_92' title='bbox 1669 1124 1857 1196; x_wconf 83' lang='grc' dir='ltr'>χρόνον</span> 
     </span>
    </p>
   </div>
   <div class='ocr_carea' id='block_1_13' title="bbox 288 1196 1857 1284">
    <p class='ocr_par' dir='ltr' id='par_1_13' title="bbox 288 1196 1857 1284">
     <span class='ocr_line' id='line_1_13' title="bbox 288 1196 1857 1284; baseline 0.012 -36"><span class='ocrx_word' id='word_1_93' title='bbox 288 1196 573 1269; x_wconf 72' lang='grc' dir='ltr'><strong>ἐκκλησίαι</strong></span> <span class='ocrx_word' id='word_1_94' title='bbox 624 1201 721 1271; x_wconf 85' lang='grc' dir='ltr'><strong>μὲν</strong></span> <span class='ocrx_word' id='word_1_95' title='bbox 769 1201 902 1255; x_wconf 83' lang='grc' dir='ltr'>Θεοῦ</span> <span class='ocrx_word' id='word_1_96' title='bbox 960 1203 1076 1257; x_wconf 82' lang='grc' dir='ltr'>καθ’</span> <span class='ocrx_word' id='word_1_97' title='bbox 1120 1206 1247 1277; x_wconf 84' lang='grc' dir='ltr'><strong>ὅλης</strong></span> <span class='ocrx_word' id='word_1_98' title='bbox 1307 1208 1513 1280; x_wconf 73' lang='grc' dir='ltr'>ἵδρυντο</span> <span class='ocrx_word' id='word_1_99' title='bbox 1556 1213 1654 1284; x_wconf 81' lang='grc' dir='ltr'><strong>τῆς</strong></span> <span class='ocrx_word' id='word_1_100' title='bbox 1692 1213 1857 1283; x_wconf 82' lang='grc' dir='ltr'>Αίγύ-</span> 
     </span>
    </p>
   </div>
   <div class='ocr_carea' id='block_1_14' title="bbox 296 1292 1853 1372">
    <p class='ocr_par' dir='ltr' id='par_1_14' title="bbox 296 1292 1853 1372">
     <span class='ocr_line' id='line_1_14' title="bbox 296 1292 1853 1372; baseline 0.011 -31"><span class='ocrx_word' id='word_1_101' title='bbox 296 1306 458 1355; x_wconf 86' lang='grc' dir='ltr'>πτου,</span> <span class='ocrx_word' id='word_1_102' title='bbox 507 1292 819 1363; x_wconf 79' lang='grc' dir='ltr'><strong>ἐπεδήμησε</strong></span> <span class='ocrx_word' id='word_1_103' title='bbox 845 1293 904 1346; x_wconf 85' lang='grc' dir='ltr'><strong>δὲ</strong></span> <span class='ocrx_word' id='word_1_104' title='bbox 930 1295 1090 1358; x_wconf 81' lang='grc' dir='ltr'>αὐτὸς</span> <span class='ocrx_word' id='word_1_105' title='bbox 1113 1300 1142 1351; x_wconf 84' lang='grc' dir='ltr'>δ</span> <span class='ocrx_word' id='word_1_106' title='bbox 1167 1299 1367 1371; x_wconf 81' lang='grc' dir='ltr'>Κύριος</span> <span class='ocrx_word' id='word_1_107' title='bbox 1396 1305 1508 1364; x_wconf 82' lang='grc' dir='ltr'>τοῖς</span> <span class='ocrx_word' id='word_1_108' title='bbox 1520 1304 1853 1372; x_wconf 72' lang='grc' dir='ltr'><strong>Αἰγυπτίοις,</strong></span> 
     </span>
    </p>
   </div>
   <div class='ocr_carea' id='block_1_15' title="bbox 285 1379 1855 1456">
    <p class='ocr_par' dir='ltr' id='par_1_15' title="bbox 285 1379 1855 1456">
     <span class='ocr_line' id='line_1_15' title="bbox 285 1379 1855 1456; baseline 0.011 -24"><span class='ocrx_word' id='word_1_109' title='bbox 285 1379 602 1437; x_wconf 78' lang='grc' dir='ltr'>ἐπισκοπῶν</span> <span class='ocrx_word' id='word_1_110' title='bbox 643 1383 740 1447; x_wconf 82' lang='grc' dir='ltr'>τὰς</span> <span class='ocrx_word' id='word_1_111' title='bbox 774 1384 1065 1456; x_wconf 82' lang='grc' dir='ltr'>ἐκκλησίας</span> <span class='ocrx_word' id='word_1_112' title='bbox 1087 1389 1248 1443; x_wconf 80' lang='grc' dir='ltr'>αὑτοῦ</span> <span class='ocrx_word' id='word_1_113' title='bbox 1273 1392 1411 1445; x_wconf 85' lang='grc' dir='ltr'>κατὰ</span> <span class='ocrx_word' id='word_1_114' title='bbox 1432 1393 1511 1446; x_wconf 76' lang='grc' dir='ltr'><strong>τόο</strong></span> <span class='ocrx_word' id='word_1_115' title='bbox 1539 1413 1557 1445; x_wconf 81' lang='grc' dir='ltr'><strong>ι</strong></span> <span class='ocrx_word' id='word_1_116' title='bbox 1572 1395 1741 1449; x_wconf 84' lang='grc' dir='ltr'>Ὅπου</span> <span class='ocrx_word' id='word_1_117' title='bbox 1764 1395 1855 1450; x_wconf 89' lang='grc' dir='ltr'>δύο</span> 
     </span>
    </p>
   </div>
   <div class='ocr_carea' id='block_1_16' title="bbox 286 1472 1855 1560">
    <p class='ocr_par' dir='ltr' id='par_1_16' title="bbox 286 1472 1855 1560">
     <span class='ocr_line' id='line_1_16' title="bbox 286 1472 1855 1560; baseline 0.012 -36"><span class='ocrx_word' id='word_1_118' title='bbox 286 1472 321 1543; x_wconf 73' lang='grc' dir='ltr'><strong>ἢ</strong></span> <span class='ocrx_word' id='word_1_119' title='bbox 344 1477 492 1545; x_wconf 82' lang='grc' dir='ltr'>τρεῖς</span> <span class='ocrx_word' id='word_1_120' title='bbox 523 1477 850 1548; x_wconf 82' lang='grc' dir='ltr'><strong>συνηγμένοι</strong></span> <span class='ocrx_word' id='word_1_121' title='bbox 877 1480 1011 1535; x_wconf 81' lang='grc' dir='ltr'>είσὶν</span> <span class='ocrx_word' id='word_1_122' title='bbox 1039 1482 1118 1551; x_wconf 81' lang='grc' dir='ltr'><strong>είς</strong></span> <span class='ocrx_word' id='word_1_123' title='bbox 1142 1480 1202 1534; x_wconf 85' lang='grc' dir='ltr'>τὺ</span> <span class='ocrx_word' id='word_1_124' title='bbox 1231 1482 1360 1553; x_wconf 84' lang='grc' dir='ltr'>ἐμὸν</span> <span class='ocrx_word' id='word_1_125' title='bbox 1386 1484 1577 1556; x_wconf 77' lang='grc' dir='ltr'>ὄνομα,</span> <span class='ocrx_word' id='word_1_126' title='bbox 1604 1488 1721 1543; x_wconf 88' lang='grc' dir='ltr'>ἐκεῖ</span> <span class='ocrx_word' id='word_1_127' title='bbox 1741 1491 1855 1560; x_wconf 87' lang='grc' dir='ltr'>είμι</span> 
     </span>
    </p>
   </div>
   <div class='ocr_carea' id='block_1_17' title="bbox 286 1566 1856 1653">
    <p class='ocr_par' dir='ltr' id='par_1_17' title="bbox 286 1566 1856 1653">
     <span class='ocr_line' id='line_1_17' title="bbox 286 1566 1856 1653; baseline 0.011 -34"><span class='ocrx_word' id='word_1_128' title='bbox 286 1566 347 1620; x_wconf 69' lang='grc' dir='ltr'><strong>ιν</strong></span> <span class='ocrx_word' id='word_1_129' title='bbox 371 1567 521 1639; x_wconf 83' lang='grc' dir='ltr'><strong>μέσῳ</strong></span> <span class='ocrx_word' id='word_1_130' title='bbox 540 1569 736 1624; x_wconf 80' lang='grc' dir='ltr'>αὐτῶν.</span> <span class='ocrx_word' id='word_1_131' title='bbox 765 1589 784 1623; x_wconf 75' lang='grc' dir='ltr'><strong>ι</strong></span> <span class='ocrx_word' id='word_1_132' title='bbox 812 1571 968 1626; x_wconf 74' lang='grc' dir='ltr'>Οὕτω</span> <span class='ocrx_word' id='word_1_133' title='bbox 993 1573 1122 1642; x_wconf 91' lang='grc' dir='ltr'>γοῦν</span> <span class='ocrx_word' id='word_1_134' title='bbox 1146 1576 1199 1628; x_wconf 81' lang='grc' dir='ltr'>αἱ</span> <span class='ocrx_word' id='word_1_135' title='bbox 1244 1576 1340 1645; x_wconf 84' lang='grc' dir='ltr'>μὲν</span> <span class='ocrx_word' id='word_1_136' title='bbox 1360 1578 1729 1653; x_wconf 79' lang='grc' dir='ltr'>ἐκκλησίαιτῇ</span> <span class='ocrx_word' id='word_1_137' title='bbox 1760 1583 1856 1635; x_wconf 81' lang='grc' dir='ltr'>αύ-</span> 
     </span>
    </p>
   </div>
   <div class='ocr_carea' id='block_1_18' title="bbox 286 1654 1856 1742">
    <p class='ocr_par' dir='ltr' id='par_1_18' title="bbox 286 1654 1856 1742">
     <span class='ocr_line' id='line_1_18' title="bbox 286 1654 1856 1742; baseline 0.013 -34"><span class='ocrx_word' id='word_1_138' title='bbox 286 1654 384 1709; x_wconf 78' lang='grc' dir='ltr'>τοῦ</span> <span class='ocrx_word' id='word_1_139' title='bbox 409 1657 702 1729; x_wconf 84' lang='grc' dir='ltr'>διέλαμπον</span> <span class='ocrx_word' id='word_1_140' title='bbox 723 1660 925 1733; x_wconf 87' lang='grc' dir='ltr'>χάριτι,</span> <span class='ocrx_word' id='word_1_141' title='bbox 954 1663 988 1733; x_wconf 86' lang='grc' dir='ltr'><strong>ή</strong></span> <span class='ocrx_word' id='word_1_142' title='bbox 1021 1662 1077 1716; x_wconf 83' lang='grc' dir='ltr'>δὲ</span> <span class='ocrx_word' id='word_1_143' title='bbox 1116 1663 1224 1719; x_wconf 85' lang='grc' dir='ltr'>τῶν</span> <span class='ocrx_word' id='word_1_144' title='bbox 1259 1667 1442 1722; x_wconf 80' lang='grc' dir='ltr'>αὐτόθι</span> <span class='ocrx_word' id='word_1_145' title='bbox 1465 1670 1731 1742; x_wconf 87' lang='grc' dir='ltr'><strong>δαιμόνων</strong></span> <span class='ocrx_word' id='word_1_146' title='bbox 1756 1692 1856 1729; x_wconf 88' lang='grc' dir='ltr'><strong>κα-</strong></span> 
     </span>
    </p>
   </div>
   <div class='ocr_carea' id='block_1_19' title="bbox 289 1745 729 1821">
    <p class='ocr_par' dir='ltr' id='par_1_19' title="bbox 289 1745 729 1821">
     <span class='ocr_line' id='line_1_19' title="bbox 289 1745 729 1821; baseline 0.018 -22"><span class='ocrx_word' id='word_1_147' title='bbox 289 1745 513 1819; x_wconf 78' lang='grc' dir='ltr'>θῃρεῖτο</span> <span class='ocrx_word' id='word_1_148' title='bbox 537 1749 729 1821; x_wconf 82' lang='grc' dir='ltr'>πλάνη.</span> 
     </span>
    </p>
   </div>
   <div class='ocr_carea' id='block_1_20' title="bbox 367 1839 1851 1922">
    <p class='ocr_par' dir='ltr' id='par_1_20' title="bbox 367 1839 1851 1922">
     <span class='ocr_line' id='line_1_20' title="bbox 367 1839 1851 1922; baseline 0.012 -31"><span class='ocrx_word' id='word_1_149' title='bbox 367 1858 390 1891; x_wconf 71' lang='grc' dir='ltr'>ί</span> <span class='ocrx_word' id='word_1_150' title='bbox 432 1839 540 1893; x_wconf 77' lang='grc' dir='ltr'><strong>Καὶ</strong></span> <span class='ocrx_word' id='word_1_151' title='bbox 570 1840 1022 1913; x_wconf 86' lang='grc' dir='ltr'>ἐπεγερθήσονται</span> <span class='ocrx_word' id='word_1_152' title='bbox 1067 1846 1352 1914; x_wconf 71' lang='grc' dir='ltr'>Αἰγύπτιοι</span> <span class='ocrx_word' id='word_1_153' title='bbox 1382 1850 1467 1903; x_wconf 78' lang='grc' dir='ltr'>ἐπ’</span> <span class='ocrx_word' id='word_1_154' title='bbox 1501 1852 1851 1922; x_wconf 76' lang='grc' dir='ltr'>Αἰγυπτίους,</span> 
     </span>
    </p>
   </div>
   <div class='ocr_carea' id='block_1_21' title="bbox 292 1932 1854 2012">
    <p class='ocr_par' dir='ltr' id='par_1_21' title="bbox 292 1932 1854 2012">
     <span class='ocr_line' id='line_1_21' title="bbox 292 1932 1854 2012; baseline 0.011 -25"><span class='ocrx_word' id='word_1_155' title='bbox 292 1932 391 1987; x_wconf 70' lang='grc' dir='ltr'><strong>καὶ</strong></span> <span class='ocrx_word' id='word_1_156' title='bbox 438 1932 733 2005; x_wconf 84' lang='grc' dir='ltr'>πολεμήσει</span> <span class='ocrx_word' id='word_1_157' title='bbox 771 1934 1055 2005; x_wconf 79' lang='grc' dir='ltr'>ἄνθρωπος</span> <span class='ocrx_word' id='word_1_158' title='bbox 1103 1940 1196 1993; x_wconf 83' lang='grc' dir='ltr'>τὸν</span> <span class='ocrx_word' id='word_1_159' title='bbox 1246 1942 1471 2012; x_wconf 81' lang='grc' dir='ltr'>ἀδελφὸν</span> <span class='ocrx_word' id='word_1_160' title='bbox 1523 1947 1708 2012; x_wconf 85' lang='grc' dir='ltr'>αὐτοῦ,</span> <span class='ocrx_word' id='word_1_161' title='bbox 1759 1952 1854 2004; x_wconf 82' lang='grc' dir='ltr'>καὶ</span> 
     </span>
    </p>
   </div>
   <div class='ocr_carea' id='block_1_22' title="bbox 292 2022 1854 2114">
    <p class='ocr_par' dir='ltr' id='par_1_22' title="bbox 292 2022 1854 2114">
     <span class='ocr_line' id='line_1_22' title="bbox 292 2022 1854 2114; baseline 0.015 -41"><span class='ocrx_word' id='word_1_162' title='bbox 292 2022 572 2114; x_wconf 75' lang='grc' dir='ltr'>ἄνθρωπος</span> <span class='ocrx_word' id='word_1_163' title='bbox 599 2025 690 2114; x_wconf 85' lang='grc' dir='ltr'>τὸν</span> <span class='ocrx_word' id='word_1_164' title='bbox 715 2026 937 2096; x_wconf 82' lang='grc' dir='ltr'>πλησίον</span> <span class='ocrx_word' id='word_1_165' title='bbox 963 2031 1147 2085; x_wconf 83' lang='grc' dir='ltr'>αὐτοῦ.</span> <span class='ocrx_word' id='word_1_166' title='bbox 1180 2052 1198 2086; x_wconf 77' lang='grc' dir='ltr'><strong>ι</strong></span> <span class='ocrx_word' id='word_1_167' title='bbox 1237 2036 1348 2089; x_wconf 78' lang='grc' dir='ltr'><strong>Καὶ</strong></span> <span class='ocrx_word' id='word_1_168' title='bbox 1371 2037 1540 2091; x_wconf 88' lang='grc' dir='ltr'>ταῦτα</span> <span class='ocrx_word' id='word_1_169' title='bbox 1566 2041 1664 2111; x_wconf 87' lang='grc' dir='ltr'>μὲν</span> <span class='ocrx_word' id='word_1_170' title='bbox 1688 2042 1854 2114; x_wconf 83' lang='grc' dir='ltr'>ἐπλη-</span> 
     </span>
    </p>
   </div>
   <div class='ocr_carea' id='block_1_23' title="bbox 291 2113 1852 2197">
    <p class='ocr_par' dir='ltr' id='par_1_23' title="bbox 291 2113 1852 2197">
     <span class='ocr_line' id='line_1_23' title="bbox 291 2113 1852 2197; baseline 0.015 -34"><span class='ocrx_word' id='word_1_171' title='bbox 291 2113 450 2187; x_wconf 86' lang='grc' dir='ltr'>ροῦτο</span> <span class='ocrx_word' id='word_1_172' title='bbox 484 2113 622 2185; x_wconf 87' lang='grc' dir='ltr'><strong>μετά</strong></span> <span class='ocrx_word' id='word_1_173' title='bbox 661 2117 719 2169; x_wconf 85' lang='grc' dir='ltr'>τὸ</span> <span class='ocrx_word' id='word_1_174' title='bbox 752 2118 1105 2187; x_wconf 83' lang='grc' dir='ltr'>εύαγγελικδν</span> <span class='ocrx_word' id='word_1_175' title='bbox 1146 2124 1427 2197; x_wconf 87' lang='grc' dir='ltr'>κήρυγμα,</span> <span class='ocrx_word' id='word_1_176' title='bbox 1461 2129 1523 2181; x_wconf 80' lang='grc' dir='ltr'>τὸ</span> <span class='ocrx_word' id='word_1_177' title='bbox 1561 2132 1640 2194; x_wconf 86' lang='grc' dir='ltr'><strong>είς</strong></span> <span class='ocrx_word' id='word_1_178' title='bbox 1673 2113 1852 2187; x_wconf 81' lang='grc' dir='ltr'>πᾶσαν</span> 
     </span>
    </p>
   </div>
   <div class='ocr_carea' id='block_1_24' title="bbox 284 2204 1852 2293">
    <p class='ocr_par' dir='ltr' id='par_1_24' title="bbox 284 2204 1852 2293">
     <span class='ocr_line' id='line_1_24' title="bbox 284 2204 1852 2293; baseline 0.014 -35"><span class='ocrx_word' id='word_1_179' title='bbox 284 2204 524 2260; x_wconf 84' lang='grc' dir='ltr'>διαδοθὲν</span> <span class='ocrx_word' id='word_1_180' title='bbox 570 2208 668 2281; x_wconf 82' lang='grc' dir='ltr'><strong>τὴν</strong></span> <span class='ocrx_word' id='word_1_181' title='bbox 705 2211 999 2278; x_wconf 76' lang='grc' dir='ltr'>Αἴγυπτον,</span> <span class='ocrx_word' id='word_1_182' title='bbox 1040 2215 1125 2285; x_wconf 74' lang='grc' dir='ltr'><strong>ἐφ’</strong></span> <span class='ocrx_word' id='word_1_183' title='bbox 1157 2209 1201 2284; x_wconf 81' lang='grc' dir='ltr'>ᾧ</span> <span class='ocrx_word' id='word_1_184' title='bbox 1233 2218 1302 2271; x_wconf 90' lang='grc' dir='ltr'><strong>τά</strong></span> <span class='ocrx_word' id='word_1_185' title='bbox 1350 2220 1446 2290; x_wconf 84' lang='grc' dir='ltr'>μὲν</span> <span class='ocrx_word' id='word_1_186' title='bbox 1480 2221 1660 2293; x_wconf 78' lang='grc' dir='ltr'>ἄψυχα</span> <span class='ocrx_word' id='word_1_187' title='bbox 1692 2225 1852 2289; x_wconf 82' lang='grc' dir='ltr'>ξόανα</span> 
     </span>
    </p>
   </div>
   <div class='ocr_carea' id='block_1_25' title="bbox 280 2296 1847 2388">
    <p class='ocr_par' dir='ltr' id='par_1_25' title="bbox 280 2296 1847 2388">
     <span class='ocr_line' id='line_1_25' title="bbox 280 2296 1847 2388; baseline 0.015 -41"><span class='ocrx_word' id='word_1_188' title='bbox 280 2297 383 2388; x_wconf 71' lang='grc' dir='ltr'>τῆς</span> <span class='ocrx_word' id='word_1_189' title='bbox 411 2296 471 2361; x_wconf 87' lang='grc' dir='ltr'><strong>ἐξ</strong></span> <span class='ocrx_word' id='word_1_190' title='bbox 516 2297 710 2363; x_wconf 84' lang='grc' dir='ltr'>αίῶνος</span> <span class='ocrx_word' id='word_1_191' title='bbox 756 2302 1015 2372; x_wconf 82' lang='grc' dir='ltr'><strong>ἀκινήτου</strong></span> <span class='ocrx_word' id='word_1_192' title='bbox 1067 2308 1307 2373; x_wconf 87' lang='grc' dir='ltr'>στάσεως</span> <span class='ocrx_word' id='word_1_193' title='bbox 1339 2312 1518 2365; x_wconf 83' lang='grc' dir='ltr'>αὐτῶν</span> <span class='ocrx_word' id='word_1_194' title='bbox 1564 2314 1847 2388; x_wconf 77' lang='grc' dir='ltr'>ἐσαλεύθη,</span> 
     </span>
    </p>
   </div>
   <div class='ocr_carea' id='block_1_26' title="bbox 282 2386 1849 2474">
    <p class='ocr_par' dir='ltr' id='par_1_26' title="bbox 282 2386 1849 2474">
     <span class='ocr_line' id='line_1_26' title="bbox 282 2386 1849 2474; baseline 0.014 -34"><span class='ocrx_word' id='word_1_195' title='bbox 282 2386 422 2442; x_wconf 81' lang='grc' dir='ltr'>ὥστε</span> <span class='ocrx_word' id='word_1_196' title='bbox 453 2390 527 2460; x_wconf 81' lang='grc' dir='ltr'>μὴ</span> <span class='ocrx_word' id='word_1_197' title='bbox 561 2393 916 2464; x_wconf 86' lang='grc' dir='ltr'>καθιδρύσθαι</span> <span class='ocrx_word' id='word_1_198' title='bbox 950 2398 1043 2451; x_wconf 72' lang='grc' dir='ltr'><strong>καὶ</strong></span> <span class='ocrx_word' id='word_1_199' title='bbox 1070 2398 1291 2468; x_wconf 79' lang='grc' dir='ltr'>βεϐαίαν</span> <span class='ocrx_word' id='word_1_200' title='bbox 1324 2403 1464 2474; x_wconf 79' lang='grc' dir='ltr'>ἔχειν</span> <span class='ocrx_word' id='word_1_201' title='bbox 1495 2405 1633 2460; x_wconf 77' lang='grc' dir='ltr'>αὐτὰ</span> <span class='ocrx_word' id='word_1_202' title='bbox 1663 2386 1849 2463; x_wconf 31' lang='grc' dir='ltr'>στάσι-ν</span> 
     </span>
    </p>
   </div>
   <div class='ocr_carea' id='block_1_27' title="bbox 279 2477 1849 2565">
    <p class='ocr_par' dir='ltr' id='par_1_27' title="bbox 279 2477 1849 2565">
     <span class='ocr_line' id='line_1_27' title="bbox 279 2477 1849 2565; baseline 0.015 -34"><span class='ocrx_word' id='word_1_203' title='bbox 279 2477 368 2533; x_wconf 85' lang='grc' dir='ltr'>διὰ</span> <span class='ocrx_word' id='word_1_204' title='bbox 410 2479 499 2533; x_wconf 78' lang='grc' dir='ltr'><strong>τὸν</strong></span> <span class='ocrx_word' id='word_1_205' title='bbox 551 2482 905 2555; x_wconf 86' lang='grc' dir='ltr'>ἐγγενόμενον</span> <span class='ocrx_word' id='word_1_206' title='bbox 940 2489 1124 2554; x_wconf 82' lang='grc' dir='ltr'>αὐτοῖς</span> <span class='ocrx_word' id='word_1_207' title='bbox 1166 2490 1322 2559; x_wconf 81' lang='grc' dir='ltr'>λαὸν,</span> <span class='ocrx_word' id='word_1_208' title='bbox 1372 2498 1420 2548; x_wconf 80' lang='lat' dir='ltr'><strong>oi</strong></span> <span class='ocrx_word' id='word_1_209' title='bbox 1466 2496 1524 2549; x_wconf 79' lang='grc' dir='ltr'>δὲ</span> <span class='ocrx_word' id='word_1_210' title='bbox 1566 2499 1623 2550; x_wconf 82' lang='grc' dir='ltr'><strong>ἐν</strong></span> <span class='ocrx_word' id='word_1_211' title='bbox 1669 2500 1849 2565; x_wconf 85' lang='grc' dir='ltr'>αὐτοῖς</span> 
     </span>
    </p>
   </div>
   <div class='ocr_carea' id='block_1_28' title="bbox 280 2569 1850 2663">
    <p class='ocr_par' dir='ltr' id='par_1_28' title="bbox 280 2569 1850 2663">
     <span class='ocr_line' id='line_1_28' title="bbox 280 2569 1850 2663; baseline 0.016 -42"><span class='ocrx_word' id='word_1_212' title='bbox 280 2569 687 2663; x_wconf 69' lang='grc' dir='ltr'>ἐμφωλεύοντες</span> <span class='ocrx_word' id='word_1_213' title='bbox 714 2576 969 2648; x_wconf 86' lang='grc' dir='ltr'>δαίμονες</span> <span class='ocrx_word' id='word_1_214' title='bbox 994 2584 1242 2654; x_wconf 76' lang='grc' dir='ltr'>πονηροὶ,</span> <span class='ocrx_word' id='word_1_215' title='bbox 1271 2584 1333 2638; x_wconf 84' lang='grc' dir='ltr'><strong>τὸ</strong></span> <span class='ocrx_word' id='word_1_216' title='bbox 1365 2588 1529 2658; x_wconf 82' lang='grc' dir='ltr'>μηδὲν</span> <span class='ocrx_word' id='word_1_217' title='bbox 1557 2588 1707 2654; x_wconf 75' lang='grc' dir='ltr'>ὄντες</span> <span class='ocrx_word' id='word_1_218' title='bbox 1736 2591 1850 2663; x_wconf 67' lang='grc' dir='ltr'>διηο</span> 
     </span>
    </p>
   </div>
   <div class='ocr_carea' id='block_1_29' title="bbox 282 2660 1849 2749">
    <p class='ocr_par' dir='ltr' id='par_1_29' title="bbox 282 2660 1849 2749">
     <span class='ocr_line' id='line_1_29' title="bbox 282 2660 1849 2749; baseline 0.014 -36"><span class='ocrx_word' id='word_1_219' title='bbox 282 2660 533 2732; x_wconf 80' lang='grc' dir='ltr'>λέγχοντο</span> <span class='ocrx_word' id='word_1_220' title='bbox 560 2666 651 2719; x_wconf 74' lang='grc' dir='ltr'>ἐπὶ</span> <span class='ocrx_word' id='word_1_221' title='bbox 681 2667 908 2733; x_wconf 89' lang='grc' dir='ltr'>τούτοις.</span> <span class='ocrx_word' id='word_1_222' title='bbox 940 2672 1147 2745; x_wconf 85' lang='grc' dir='ltr'>Ὥσπερ</span> <span class='ocrx_word' id='word_1_223' title='bbox 1172 2674 1279 2747; x_wconf 85' lang='grc' dir='ltr'>γὰρ</span> <span class='ocrx_word' id='word_1_224' title='bbox 1315 2679 1348 2748; x_wconf 86' lang='grc' dir='ltr'><strong>ή</strong></span> <span class='ocrx_word' id='word_1_225' title='bbox 1377 2678 1637 2749; x_wconf 83' lang='grc' dir='ltr'>ἐμφύλιος</span> <span class='ocrx_word' id='word_1_226' title='bbox 1664 2660 1849 2747; x_wconf 78' lang='grc' dir='ltr'>στάσις</span> 
     </span>
    </p>
   </div>
   <div class='ocr_carea' id='block_1_30' title="bbox 281 2753 1846 2842">
    <p class='ocr_par' dir='ltr' id='par_1_30' title="bbox 281 2753 1846 2842">
     <span class='ocr_line' id='line_1_30' title="bbox 281 2753 1846 2842; baseline 0.015 -37"><span class='ocrx_word' id='word_1_227' title='bbox 281 2753 404 2806; x_wconf 77' lang='grc' dir='ltr'>καθ’</span> <span class='ocrx_word' id='word_1_228' title='bbox 425 2756 552 2827; x_wconf 82' lang='grc' dir='ltr'>ὅλης</span> <span class='ocrx_word' id='word_1_229' title='bbox 576 2758 883 2830; x_wconf 84' lang='grc' dir='ltr'>διηγείρετο</span> <span class='ocrx_word' id='word_1_230' title='bbox 910 2763 1006 2833; x_wconf 84' lang='grc' dir='ltr'>τῆς</span> <span class='ocrx_word' id='word_1_231' title='bbox 1034 2766 1306 2834; x_wconf 75' lang='grc' dir='ltr'>Αἰγύπτου</span> <span class='ocrx_word' id='word_1_232' title='bbox 1328 2787 1340 2799; x_wconf 75' lang='grc' dir='ltr'>ο</span> <span class='ocrx_word' id='word_1_233' title='bbox 1369 2769 1723 2842; x_wconf 84' lang='grc' dir='ltr'>διισταμένων</span> <span class='ocrx_word' id='word_1_234' title='bbox 1752 2774 1846 2829; x_wconf 84' lang='grc' dir='ltr'>ἀπ’</span> 
     </span>
    </p>
   </div>
   <div class='ocr_carea' id='block_1_31' title="bbox 281 2842 1845 2931">
    <p class='ocr_par' dir='ltr' id='par_1_31' title="bbox 281 2842 1845 2931">
     <span class='ocr_line' id='line_1_31' title="bbox 281 2842 1845 2931; baseline 0.014 -37"><span class='ocrx_word' id='word_1_235' title='bbox 281 2842 525 2915; x_wconf 86' lang='grc' dir='ltr'>ἀλλήλων</span> <span class='ocrx_word' id='word_1_236' title='bbox 553 2848 646 2900; x_wconf 78' lang='grc' dir='ltr'>καὶ</span> <span class='ocrx_word' id='word_1_237' title='bbox 687 2852 1028 2921; x_wconf 87' lang='grc' dir='ltr'>τεμνομένων</span> <span class='ocrx_word' id='word_1_238' title='bbox 1060 2857 1153 2910; x_wconf 77' lang='grc' dir='ltr'><strong>καὶ</strong></span> <span class='ocrx_word' id='word_1_239' title='bbox 1190 2859 1566 2931; x_wconf 77' lang='grc' dir='ltr'>μεριζομένων</span> <span class='ocrx_word' id='word_1_240' title='bbox 1608 2866 1728 2918; x_wconf 82' lang='grc' dir='ltr'>κατ’</span> <span class='ocrx_word' id='word_1_241' title='bbox 1765 2863 1845 2916; x_wconf 75' lang='grc' dir='ltr'><strong>οῖ-</strong></span> 
     </span>
    </p>
   </div>
   <div class='ocr_carea' id='block_1_32' title="bbox 284 2940 1845 3025">
    <p class='ocr_par' dir='ltr' id='par_1_32' title="bbox 284 2940 1845 3025">
     <span class='ocr_line' id='line_1_32' title="bbox 284 2940 1845 3025; baseline 0.015 -37"><span class='ocrx_word' id='word_1_242' title='bbox 284 2952 434 3001; x_wconf 81' lang='grc' dir='ltr'>κους,</span> <span class='ocrx_word' id='word_1_243' title='bbox 466 2941 559 2992; x_wconf 62' lang='grc' dir='ltr'>καὶ</span> <span class='ocrx_word' id='word_1_244' title='bbox 588 2940 815 2997; x_wconf 77' lang='grc' dir='ltr'>πολιτῶν</span> <span class='ocrx_word' id='word_1_245' title='bbox 836 2945 932 3017; x_wconf 81' lang='grc' dir='ltr'><strong>τὴν</strong></span> <span class='ocrx_word' id='word_1_246' title='bbox 956 2946 1139 3019; x_wconf 79' lang='grc' dir='ltr'>χώραν</span> <span class='ocrx_word' id='word_1_247' title='bbox 1167 2950 1477 3018; x_wconf 82' lang='grc' dir='ltr'>οἰκούντων,</span> <span class='ocrx_word' id='word_1_248' title='bbox 1500 2954 1578 3025; x_wconf 83' lang='grc' dir='ltr'>τῷ</span> <span class='ocrx_word' id='word_1_249' title='bbox 1596 2957 1719 3022; x_wconf 84' lang='grc' dir='ltr'>τοὺς</span> <span class='ocrx_word' id='word_1_250' title='bbox 1752 2958 1845 3013; x_wconf 76' lang='grc' dir='ltr'>ιιὲν</span> 
     </span>
    </p>
   </div>
   <div class='ocr_carea' id='block_1_33' title="bbox 280 3028 1847 3120">
    <p class='ocr_par' dir='ltr' id='par_1_33' title="bbox 280 3028 1847 3120">
     <span class='ocr_line' id='line_1_33' title="bbox 280 3028 1847 3120; baseline 0.017 -40"><span class='ocrx_word' id='word_1_251' title='bbox 280 3028 463 3083; x_wconf 73' lang='grc' dir='ltr'>αὐτῶν</span> <span class='ocrx_word' id='word_1_252' title='bbox 505 3034 855 3105; x_wconf 85' lang='grc' dir='ltr'>προστρέχειν</span> <span class='ocrx_word' id='word_1_253' title='bbox 886 3038 963 3108; x_wconf 81' lang='grc' dir='ltr'>τῷ</span> <span class='ocrx_word' id='word_1_254' title='bbox 994 3039 1310 3114; x_wconf 79' lang='grc' dir='ltr'>κηρύγματι</span> <span class='ocrx_word' id='word_1_255' title='bbox 1342 3045 1678 3120; x_wconf 79' lang='grc' dir='ltr'>εὖαγγελικῷ</span> <span class='ocrx_word' id='word_1_256' title='bbox 1717 3051 1847 3106; x_wconf 87' lang='grc' dir='ltr'>ἀνα-</span> 
     </span>
    </p>
   </div>
   <div class='ocr_carea' id='block_1_34' title="bbox 1883 1763 1925 1819">
    <p class='ocr_par' dir='ltr' id='par_1_34' title="bbox 1883 1763 1925 1819">
     <span class='ocr_line' id='line_1_34' title="bbox 1883 1763 1925 1819; baseline 0 0"><span class='ocrx_word' id='word_1_257' title='bbox 1883 1763 1925 1819; x_wconf 83' lang='grc' dir='ltr'>Β</span> 
     </span>
    </p>
   </div>
   <div class='ocr_carea' id='block_1_35' title="bbox 278 3108 1912 3213">
    <p class='ocr_par' dir='ltr' id='par_1_35' title="bbox 278 3108 1912 3213">
     <span class='ocr_line' id='line_1_35' title="bbox 278 3108 1912 3213; baseline 0.017 -41"><span class='ocrx_word' id='word_1_258' title='bbox 278 3121 591 3193; x_wconf 81' lang='grc' dir='ltr'>χωροῦντας</span> <span class='ocrx_word' id='word_1_259' title='bbox 616 3126 715 3196; x_wconf 83' lang='grc' dir='ltr'>τῆς</span> <span class='ocrx_word' id='word_1_260' title='bbox 744 3108 1581 3211; x_wconf 24' lang='grc' dir='ltr'>δαιμονικῆςνκαὶψΑίγυπτιακῆς</span> <span class='ocrx_word' id='word_1_261' title='bbox 1613 3108 1839 3213; x_wconf 74' lang='grc' dir='ltr'>πλάνης·</span> <span class='ocrx_word' id='word_1_262' title='bbox 1870 3108 1912 3167; x_wconf 76' lang='lat' dir='ltr'>C</span> 
     </span>
    </p>
   </div>
   <div class='ocr_carea' id='block_1_36' title="bbox 277 3217 1840 3301">
    <p class='ocr_par' dir='ltr' id='par_1_36' title="bbox 277 3217 1840 3301">
     <span class='ocr_line' id='line_1_36' title="bbox 277 3217 1840 3301; baseline 0.013 -34"><span class='ocrx_word' id='word_1_263' title='bbox 277 3217 405 3280; x_wconf 83' lang='grc' dir='ltr'>τοὺς</span> <span class='ocrx_word' id='word_1_264' title='bbox 450 3217 504 3271; x_wconf 85' lang='grc' dir='ltr'>δὲ</span> <span class='ocrx_word' id='word_1_265' title='bbox 554 3219 980 3291; x_wconf 79' lang='grc' dir='ltr'>ἐναπομενοντας</span> <span class='ocrx_word' id='word_1_266' title='bbox 1023 3228 1081 3278; x_wconf 86' lang='grc' dir='ltr'><strong>ἐν</strong></span> <span class='ocrx_word' id='word_1_267' title='bbox 1121 3228 1256 3300; x_wconf 79' lang='grc' dir='ltr'>αὐτῇ</span> <span class='ocrx_word' id='word_1_268' title='bbox 1303 3230 1533 3301; x_wconf 82' lang='grc' dir='ltr'>πόλεμον</span> <span class='ocrx_word' id='word_1_269' title='bbox 1580 3233 1840 3288; x_wconf 81' lang='grc' dir='ltr'>ἄσπονδον</span> 
     </span>
    </p>
   </div>
   <div class='ocr_carea' id='block_1_37' title="bbox 276 3307 1839 3394">
    <p class='ocr_par' dir='ltr' id='par_1_37' title="bbox 276 3307 1839 3394">
     <span class='ocr_line' id='line_1_37' title="bbox 276 3307 1839 3394; baseline 0.012 -33"><span class='ocrx_word' id='word_1_270' title='bbox 276 3307 415 3361; x_wconf 85' lang='grc' dir='ltr'><strong>κατά</strong></span> <span class='ocrx_word' id='word_1_271' title='bbox 439 3310 644 3364; x_wconf 84' lang='grc' dir='ltr'>τούτων</span> <span class='ocrx_word' id='word_1_272' title='bbox 667 3311 900 3383; x_wconf 75' lang='grc' dir='ltr'>ἐγείρειν</span> <span class='ocrx_word' id='word_1_273' title='bbox 920 3331 934 3345; x_wconf 70' lang='grc' dir='ltr'><strong>θ</strong></span> <span class='ocrx_word' id='word_1_274' title='bbox 963 3315 1136 3383; x_wconf 78' lang='grc' dir='ltr'>οὕτως</span> <span class='ocrx_word' id='word_1_275' title='bbox 1161 3314 1253 3374; x_wconf 82' lang='grc' dir='ltr'>οῦν</span> <span class='ocrx_word' id='word_1_276' title='bbox 1292 3320 1643 3377; x_wconf 77' lang='grc' dir='ltr'>ἐπανίσταντο</span> <span class='ocrx_word' id='word_1_277' title='bbox 1672 3324 1839 3394; x_wconf 82' lang='grc' dir='ltr'>Αίγύ-</span> 
     </span>
    </p>
   </div>
   <div class='ocr_carea' id='block_1_38' title="bbox 274 3400 981 3471">
    <p class='ocr_par' dir='ltr' id='par_1_38' title="bbox 274 3400 981 3471">
     <span class='ocr_line' id='line_1_38' title="bbox 274 3400 981 3471; baseline 0.014 -20"><span class='ocrx_word' id='word_1_278' title='bbox 274 3415 418 3452; x_wconf 87' lang='grc' dir='ltr'>πτιοι</span> <span class='ocrx_word' id='word_1_279' title='bbox 440 3401 531 3454; x_wconf 81' lang='grc' dir='ltr'>ἐπ’</span> <span class='ocrx_word' id='word_1_280' title='bbox 560 3402 913 3471; x_wconf 77' lang='grc' dir='ltr'>Αἰγυπτίους.</span> <span class='ocrx_word' id='word_1_281' title='bbox 978 3400 981 3403; x_wconf 62' lang='grc'><em>’</em></span> 
     </span>
    </p>
   </div>
   <div class='ocr_carea' id='block_1_39' title="bbox 353 3578 1840 3665">
    <p class='ocr_par' dir='ltr' id='par_1_39' title="bbox 353 3578 1840 3665">
     <span class='ocr_line' id='line_1_39' title="bbox 353 3578 1840 3665; baseline 0.017 -36"><span class='ocrx_word' id='word_1_282' title='bbox 353 3596 372 3629; x_wconf 77' lang='grc' dir='ltr'><strong>ι</strong></span> <span class='ocrx_word' id='word_1_283' title='bbox 405 3578 563 3643; x_wconf 84' lang='grc' dir='ltr'>Πόλις</span> <span class='ocrx_word' id='word_1_284' title='bbox 596 3581 687 3634; x_wconf 78' lang='grc' dir='ltr'><strong>ἐπὶ</strong></span> <span class='ocrx_word' id='word_1_285' title='bbox 726 3582 898 3650; x_wconf 88' lang='grc' dir='ltr'>πόλιν,</span> <span class='ocrx_word' id='word_1_286' title='bbox 931 3586 1024 3640; x_wconf 75' lang='grc' dir='ltr'><strong>καὶ</strong></span> <span class='ocrx_word' id='word_1_287' title='bbox 1063 3589 1224 3659; x_wconf 82' lang='grc' dir='ltr'>νομὸς</span> <span class='ocrx_word' id='word_1_288' title='bbox 1262 3591 1354 3646; x_wconf 78' lang='grc' dir='ltr'><strong>ἐπὶ</strong></span> <span class='ocrx_word' id='word_1_289' title='bbox 1386 3596 1565 3665; x_wconf 84' lang='grc' dir='ltr'>νομόν.</span> <span class='ocrx_word' id='word_1_290' title='bbox 1604 3598 1712 3651; x_wconf 76' lang='grc' dir='ltr'><strong>Καὶ</strong></span> <span class='ocrx_word' id='word_1_291' title='bbox 1751 3618 1840 3654; x_wconf 90' lang='grc' dir='ltr'><strong>τα-</strong></span> 
     </span>
    </p>
   </div>
   <div class='ocr_carea' id='block_1_40' title="bbox 278 3671 1839 3755">
    <p class='ocr_par' dir='ltr' id='par_1_40' title="bbox 278 3671 1839 3755">
     <span class='ocr_line' id='line_1_40' title="bbox 278 3671 1839 3755; baseline 0.016 -33"><span class='ocrx_word' id='word_1_292' title='bbox 278 3671 603 3744; x_wconf 87' lang='grc' dir='ltr'>ραχθήσεται</span> <span class='ocrx_word' id='word_1_293' title='bbox 632 3675 693 3728; x_wconf 85' lang='grc' dir='ltr'>τδ</span> <span class='ocrx_word' id='word_1_294' title='bbox 715 3675 931 3748; x_wconf 90' lang='grc' dir='ltr'>πνεῦμα</span> <span class='ocrx_word' id='word_1_295' title='bbox 961 3681 1069 3734; x_wconf 85' lang='grc' dir='ltr'>τῶν</span> <span class='ocrx_word' id='word_1_296' title='bbox 1099 3686 1407 3752; x_wconf 78' lang='grc' dir='ltr'>Αἰγυπτίων</span> <span class='ocrx_word' id='word_1_297' title='bbox 1435 3690 1492 3741; x_wconf 86' lang='grc' dir='ltr'><strong>ἐν</strong></span> <span class='ocrx_word' id='word_1_298' title='bbox 1518 3691 1718 3755; x_wconf 83' lang='grc' dir='ltr'>αὐτοῖς,</span> <span class='ocrx_word' id='word_1_299' title='bbox 1744 3695 1839 3747; x_wconf 78' lang='grc' dir='ltr'>καὶ</span> 
     </span>
    </p>
   </div>
   <div class='ocr_carea' id='block_1_41' title="bbox 272 3762 1837 3855">
    <p class='ocr_par' dir='ltr' id='par_1_41' title="bbox 272 3762 1837 3855">
     <span class='ocr_line' id='line_1_41' title="bbox 272 3762 1837 3855; baseline 0.015 -40"><span class='ocrx_word' id='word_1_300' title='bbox 427 3763 613 3855; x_wconf 82' lang='grc' dir='ltr'>βουλὴν</span> <span class='ocrx_word' id='word_1_301' title='bbox 651 3768 830 3823; x_wconf 76' lang='grc' dir='ltr'>αὐτῶν</span> <span class='ocrx_word' id='word_1_302' title='bbox 874 3771 1229 3831; x_wconf 81' lang='grc' dir='ltr'>διασκεδάσω.</span> <span class='ocrx_word' id='word_1_303' title='bbox 1273 3780 1382 3832; x_wconf 77' lang='grc' dir='ltr'><strong>Καὶ</strong></span> <span class='ocrx_word' id='word_1_304' title='bbox 1434 3781 1837 3855; x_wconf 86' lang='grc' dir='ltr'>ἐπερωτήσουσι</span> 
     </span>
    </p>
   </div>
   <div class='ocr_carea' id='block_1_42' title="bbox 270 3853 1839 3941">
    <p class='ocr_par' dir='ltr' id='par_1_42' title="bbox 270 3853 1839 3941">
     <span class='ocr_line' id='line_1_42' title="bbox 270 3853 1839 3941; baseline 0.016 -36"><span class='ocrx_word' id='word_1_305' title='bbox 270 3853 404 3917; x_wconf 78' lang='grc' dir='ltr'>τοὺς</span> <span class='ocrx_word' id='word_1_306' title='bbox 437 3853 587 3920; x_wconf 83' lang='grc' dir='ltr'>θεοὺς</span> <span class='ocrx_word' id='word_1_307' title='bbox 613 3858 791 3913; x_wconf 82' lang='grc' dir='ltr'>αὐτῶν</span> <span class='ocrx_word' id='word_1_308' title='bbox 828 3862 922 3914; x_wconf 73' lang='grc' dir='ltr'><strong>καὶ</strong></span> <span class='ocrx_word' id='word_1_309' title='bbox 968 3862 1035 3916; x_wconf 84' lang='grc' dir='ltr'>τὰ</span> <span class='ocrx_word' id='word_1_310' title='bbox 1068 3865 1355 3938; x_wconf 84' lang='grc' dir='ltr'>ἀγάλματα</span> <span class='ocrx_word' id='word_1_311' title='bbox 1391 3872 1565 3926; x_wconf 78' lang='grc' dir='ltr'>αὐτῶν</span> <span class='ocrx_word' id='word_1_312' title='bbox 1593 3853 1688 3927; x_wconf 58' lang='grc' dir='ltr'><strong>καί</strong></span> <span class='ocrx_word' id='word_1_313' title='bbox 1713 3876 1839 3941; x_wconf 81' lang='grc' dir='ltr'>τοὺς</span> 
     </span>
    </p>
   </div>
   <div class='ocr_carea' id='block_1_43' title="bbox 269 3942 1831 4033">
    <p class='ocr_par' dir='ltr' id='par_1_43' title="bbox 269 3942 1831 4033">
     <span class='ocr_line' id='line_1_43' title="bbox 269 3942 1831 4033; baseline 0.017 -39"><span class='ocrx_word' id='word_1_314' title='bbox 269 3942 338 3994; x_wconf 80' lang='grc' dir='ltr'><strong>ἐκ</strong></span> <span class='ocrx_word' id='word_1_315' title='bbox 382 3943 477 4013; x_wconf 85' lang='grc' dir='ltr'>τῆς</span> <span class='ocrx_word' id='word_1_316' title='bbox 516 3945 616 4016; x_wconf 79' lang='grc' dir='ltr'><strong>γῆς</strong></span> <span class='ocrx_word' id='word_1_317' title='bbox 647 3948 988 4015; x_wconf 74' lang='grc' dir='ltr'>φωνοῦντας,</span> <span class='ocrx_word' id='word_1_318' title='bbox 1032 3953 1126 4006; x_wconf 73' lang='grc' dir='ltr'><strong>καὶ</strong></span> <span class='ocrx_word' id='word_1_319' title='bbox 1167 3958 1291 4021; x_wconf 87' lang='grc' dir='ltr'>τοὺς</span> <span class='ocrx_word' id='word_1_320' title='bbox 1348 3961 1831 4033; x_wconf 86' lang='grc' dir='ltr'>ἐγγαστριμύθους.</span> 
     </span>
    </p>
   </div>
   <div class='ocr_carea' id='block_1_44' title="bbox 267 4034 1837 4128">
    <p class='ocr_par' dir='ltr' id='par_1_44' title="bbox 267 4034 1837 4128">
     <span class='ocr_line' id='line_1_44' title="bbox 267 4034 1837 4128; baseline 0.015 -39"><span class='ocrx_word' id='word_1_321' title='bbox 267 4034 382 4089; x_wconf 73' lang='grc' dir='ltr'>Καὶ</span> <span class='ocrx_word' id='word_1_322' title='bbox 423 4037 728 4107; x_wconf 83' lang='grc' dir='ltr'>παραδώσω</span> <span class='ocrx_word' id='word_1_323' title='bbox 760 4042 856 4115; x_wconf 79' lang='grc' dir='ltr'>τὴν</span> <span class='ocrx_word' id='word_1_324' title='bbox 893 4045 1166 4114; x_wconf 79' lang='grc' dir='ltr'>Αἴγυπτον</span> <span class='ocrx_word' id='word_1_325' title='bbox 1194 4051 1273 4113; x_wconf 85' lang='grc' dir='ltr'><strong>είς</strong></span> <span class='ocrx_word' id='word_1_326' title='bbox 1308 4054 1494 4124; x_wconf 87' lang='grc' dir='ltr'>χεῖρας</span> <span class='ocrx_word' id='word_1_327' title='bbox 1536 4056 1837 4128; x_wconf 83' lang='grc' dir='ltr'>ἀνθρώπων</span> 
     </span>
    </p>
   </div>
   <div class='ocr_carea' id='block_1_45' title="bbox 266 4125 1837 4219">
    <p class='ocr_par' dir='ltr' id='par_1_45' title="bbox 266 4125 1837 4219">
     <span class='ocr_line' id='line_1_45' title="bbox 266 4125 1837 4219; baseline 0.017 -41"><span class='ocrx_word' id='word_1_328' title='bbox 266 4125 472 4219; x_wconf 63' lang='grc' dir='ltr'>κυρίων</span> <span class='ocrx_word' id='word_1_329' title='bbox 503 4129 773 4203; x_wconf 84' lang='grc' dir='ltr'>σκληρῶν,</span> <span class='ocrx_word' id='word_1_330' title='bbox 802 4136 894 4188; x_wconf 63' lang='grc' dir='ltr'><strong>καὶ⁵</strong></span> <span class='ocrx_word' id='word_1_331' title='bbox 933 4136 1169 4206; x_wconf 83' lang='grc' dir='ltr'>βασιλεῖς</span> <span class='ocrx_word' id='word_1_332' title='bbox 1204 4143 1431 4215; x_wconf 79' lang='grc' dir='ltr'>σκληροὶ</span> <span class='ocrx_word' id='word_1_333' title='bbox 1462 4125 1837 4219; x_wconf 88' lang='grc' dir='ltr'>κυριεύσουσιν</span> 
     </span>
    </p>
   </div>
   <div class='ocr_carea' id='block_1_46' title="bbox 265 4214 1835 4303">
    <p class='ocr_par' dir='ltr' id='par_1_46' title="bbox 265 4214 1835 4303">
     <span class='ocr_line' id='line_1_46' title="bbox 265 4214 1835 4303; baseline 0.017 -34"><span class='ocrx_word' id='word_1_334' title='bbox 265 4214 467 4269; x_wconf 77' lang='grc' dir='ltr'>αὐτῶν.</span> <span class='ocrx_word' id='word_1_335' title='bbox 506 4237 523 4269; x_wconf 80' lang='grc' dir='ltr'>ι</span> <span class='ocrx_word' id='word_1_336' title='bbox 560 4221 733 4292; x_wconf 76' lang='grc' dir='ltr'>Νομοὶ</span> <span class='ocrx_word' id='word_1_337' title='bbox 757 4224 813 4277; x_wconf 84' lang='grc' dir='ltr'>δὲ</span> <span class='ocrx_word' id='word_1_338' title='bbox 841 4226 1126 4282; x_wconf 85' lang='grc' dir='ltr'>καλοῦνται</span> <span class='ocrx_word' id='word_1_339' title='bbox 1154 4232 1284 4302; x_wconf 85' lang='grc' dir='ltr'>παρ’</span> <span class='ocrx_word' id='word_1_340' title='bbox 1312 4214 1628 4303; x_wconf 83' lang='grc' dir='ltr'>Αίγυπτίοις</span> <span class='ocrx_word' id='word_1_341' title='bbox 1670 4242 1835 4296; x_wconf 82' lang='grc' dir='ltr'>εἰσέτι</span> 
     </span>
    </p>
   </div>
   <div class='ocr_carea' id='block_1_47' title="bbox 250 4306 1836 4393">
    <p class='ocr_par' dir='ltr' id='par_1_47' title="bbox 250 4306 1836 4393">
     <span class='ocr_line' id='line_1_47' title="bbox 250 4306 1836 4393; baseline 0.019 -36"><span class='ocrx_word' id='word_1_342' title='bbox 250 4306 362 4367; x_wconf 72' lang='grc' dir='ltr'>’καὶ</span> <span class='ocrx_word' id='word_1_343' title='bbox 389 4307 485 4361; x_wconf 86' lang='grc' dir='ltr'>νῦν</span> <span class='ocrx_word' id='word_1_344' title='bbox 515 4311 572 4363; x_wconf 77' lang='lat' dir='ltr'><strong>ai</strong></span> <span class='ocrx_word' id='word_1_345' title='bbox 606 4314 732 4384; x_wconf 91' lang='grc' dir='ltr'>παρ’</span> <span class='ocrx_word' id='word_1_346' title='bbox 779 4318 961 4381; x_wconf 82' lang='grc' dir='ltr'>αὐτοῖς</span> <span class='ocrx_word' id='word_1_347' title='bbox 998 4321 1190 4393; x_wconf 84' lang='grc' dir='ltr'>χῶραι,</span> <span class='ocrx_word' id='word_1_348' title='bbox 1217 4325 1273 4378; x_wconf 78' lang='grc' dir='ltr'><strong>αἳ</strong></span> <span class='ocrx_word' id='word_1_349' title='bbox 1304 4328 1397 4379; x_wconf 78' lang='grc' dir='ltr'>καὶ</span> <span class='ocrx_word' id='word_1_350' title='bbox 1422 4328 1581 4382; x_wconf 81' lang='grc' dir='ltr'>αὑταὶ</span> <span class='ocrx_word' id='word_1_351' title='bbox 1604 4330 1836 4387; x_wconf 87' lang='grc' dir='ltr'>διίσταν-</span> 
     </span>
    </p>
   </div>
   <div class='ocr_carea' id='block_1_48' title="bbox 261 4400 1837 4497">
    <p class='ocr_par' dir='ltr' id='par_1_48' title="bbox 261 4400 1837 4497">
     <span class='ocr_line' id='line_1_48' title="bbox 261 4400 1837 4497; baseline 0.02 -46"><span class='ocrx_word' id='word_1_352' title='bbox 261 4414 357 4497; x_wconf 67' lang='grc' dir='ltr'>ται</span> <span class='ocrx_word' id='word_1_353' title='bbox 382 4400 517 4497; x_wconf 73' lang='grc' dir='ltr'>πρδς</span> <span class='ocrx_word' id='word_1_354' title='bbox 543 4402 775 4476; x_wconf 81' lang='grc' dir='ltr'>ἀλλήλας</span> <span class='ocrx_word' id='word_1_355' title='bbox 797 4409 896 4478; x_wconf 83' lang='grc' dir='ltr'>τῆς</span> <span class='ocrx_word' id='word_1_356' title='bbox 917 4412 1083 4483; x_wconf 78' lang='grc' dir='ltr'>αὐτῆς</span> <span class='ocrx_word' id='word_1_357' title='bbox 1111 4414 1294 4471; x_wconf 76' lang='grc' dir='ltr'>ἕνεκεν</span> <span class='ocrx_word' id='word_1_358' title='bbox 1317 4420 1641 4487; x_wconf 82' lang='grc' dir='ltr'>ὑποθέσεως.</span> <span class='ocrx_word' id='word_1_359' title='bbox 1682 4427 1837 4497; x_wconf 90' lang='grc' dir='ltr'>Ἐχω-</span> 
     </span>
    </p>
   </div>
   <div class='ocr_carea' id='block_1_49' title="bbox 266 4491 1831 4589">
    <p class='ocr_par' dir='ltr' id='par_1_49' title="bbox 266 4491 1831 4589">
     <span class='ocr_line' id='line_1_49' title="bbox 266 4491 1831 4589; baseline 0.02 -47"><span class='ocrx_word' id='word_1_360' title='bbox 266 4491 445 4589; x_wconf 65' lang='grc' dir='ltr'>ρίςετο</span> <span class='ocrx_word' id='word_1_361' title='bbox 473 4494 529 4589; x_wconf 79' lang='grc' dir='ltr'><strong>δὲ</strong></span> <span class='ocrx_word' id='word_1_362' title='bbox 555 4497 658 4566; x_wconf 81' lang='grc' dir='ltr'>τῆς</span> <span class='ocrx_word' id='word_1_363' title='bbox 693 4502 836 4555; x_wconf 85' lang='grc' dir='ltr'><strong>κατά</strong></span> <span class='ocrx_word' id='word_1_364' title='bbox 863 4502 998 4557; x_wconf 87' lang='grc' dir='ltr'>Θεοῦ</span> <span class='ocrx_word' id='word_1_365' title='bbox 1031 4508 1302 4574; x_wconf 87' lang='grc' dir='ltr'>πολιτείας</span> <span class='ocrx_word' id='word_1_366' title='bbox 1320 4514 1348 4565; x_wconf 86' lang='grc' dir='ltr'>ὁ</span> <span class='ocrx_word' id='word_1_367' title='bbox 1368 4514 1477 4568; x_wconf 85' lang='grc' dir='ltr'><strong>τῶν</strong></span> <span class='ocrx_word' id='word_1_368' title='bbox 1498 4516 1669 4575; x_wconf 82' lang='grc' dir='ltr'>ἀθέων</span> <span class='ocrx_word' id='word_1_369' title='bbox 1700 4491 1831 4589; x_wconf 73' lang='grc' dir='ltr'>βίος,</span> 
     </span>
    </p>
   </div>
   <div class='ocr_carea' id='block_1_50' title="bbox 259 4584 1829 4683">
    <p class='ocr_par' dir='ltr' id='par_1_50' title="bbox 259 4584 1829 4683">
     <span class='ocr_line' id='line_1_50' title="bbox 259 4584 1829 4683; baseline 0.02 -46"><span class='ocrx_word' id='word_1_370' title='bbox 259 4584 357 4683; x_wconf 76' lang='grc' dir='ltr'><strong>καὶ</strong></span> <span class='ocrx_word' id='word_1_371' title='bbox 383 4588 558 4683; x_wconf 58' lang='grc' dir='ltr'>νομὸς</span> <span class='ocrx_word' id='word_1_372' title='bbox 585 4593 909 4683; x_wconf 86' lang='grc' dir='ltr'>ἐπηγείρετο</span> <span class='ocrx_word' id='word_1_373' title='bbox 935 4599 1105 4670; x_wconf 84' lang='grc' dir='ltr'>νομῷ,</span> <span class='ocrx_word' id='word_1_374' title='bbox 1140 4603 1232 4656; x_wconf 91' lang='grc' dir='ltr'><strong>τοῦ</strong></span> <span class='ocrx_word' id='word_1_375' title='bbox 1276 4606 1631 4677; x_wconf 85' lang='grc' dir='ltr'>εὐαγγελικοῦ</span> <span class='ocrx_word' id='word_1_376' title='bbox 1663 4584 1829 4683; x_wconf 75' lang='grc' dir='ltr'>νύμου</span> 
     </span>
    </p>
   </div>
   <div class='ocr_carea' id='block_1_51' title="bbox 258 4672 1831 4767">
    <p class='ocr_par' dir='ltr' id='par_1_51' title="bbox 258 4672 1831 4767">
     <span class='ocr_line' id='line_1_51' title="bbox 258 4672 1831 4767; baseline 0.022 -42"><span class='ocrx_word' id='word_1_377' title='bbox 258 4672 332 4767; x_wconf 74' lang='grc' dir='ltr'>τὰ</span> <span class='ocrx_word' id='word_1_378' title='bbox 359 4674 464 4733; x_wconf 82' lang='grc' dir='ltr'>τῶν</span> <span class='ocrx_word' id='word_1_379' title='bbox 495 4678 809 4747; x_wconf 78' lang='grc' dir='ltr'>Αἰγυπτίων</span> <span class='ocrx_word' id='word_1_380' title='bbox 836 4685 1230 4758; x_wconf 79' lang='grc' dir='ltr'>ἀνατρέποντος</span> <span class='ocrx_word' id='word_1_381' title='bbox 1257 4672 1481 4767; x_wconf 78' lang='grc' dir='ltr'>νόμιμα,</span> <span class='ocrx_word' id='word_1_382' title='bbox 1524 4701 1599 4764; x_wconf 82' lang='grc' dir='ltr'><strong>ὡς</strong></span> <span class='ocrx_word' id='word_1_383' title='bbox 1627 4698 1691 4756; x_wconf 81' lang='grc' dir='ltr'><strong>αὖ</strong></span> <span class='ocrx_word' id='word_1_384' title='bbox 1724 4672 1831 4757; x_wconf 70' lang='grc' dir='ltr'><strong>πά-</strong></span> 
     </span>
    </p>
   </div>
   <div class='ocr_carea' id='block_1_52' title="bbox 258 4763 1829 4862">
    <p class='ocr_par' dir='ltr' id='par_1_52' title="bbox 258 4763 1829 4862">
     <span class='ocr_line' id='line_1_52' title="bbox 258 4763 1829 4862; baseline 0.022 -47"><span class='ocrx_word' id='word_1_385' title='bbox 258 4763 346 4817; x_wconf 91' lang='grc' dir='ltr'>λιν</span> <span class='ocrx_word' id='word_1_386' title='bbox 379 4767 472 4862; x_wconf 81' lang='grc' dir='ltr'>τοῦ</span> <span class='ocrx_word' id='word_1_387' title='bbox 508 4771 605 4841; x_wconf 81' lang='grc' dir='ltr'><strong>τῆς</strong></span> <span class='ocrx_word' id='word_1_388' title='bbox 644 4775 1084 4850; x_wconf 82' lang='grc' dir='ltr'>είδωλολατρείας</span> <span class='ocrx_word' id='word_1_389' title='bbox 1127 4784 1291 4855; x_wconf 87' lang='grc' dir='ltr'>νόμου</span> <span class='ocrx_word' id='word_1_390' title='bbox 1322 4763 1697 4862; x_wconf 72' lang='grc' dir='ltr'>πολεμοῦντος</span> <span class='ocrx_word' id='word_1_391' title='bbox 1738 4797 1829 4850; x_wconf 84' lang='grc' dir='ltr'>τὸν</span> 
     </span>
    </p>
   </div>
   <div class='ocr_carea' id='block_1_53' title="bbox 259 4861 1830 4958">
    <p class='ocr_par' dir='ltr' id='par_1_53' title="bbox 259 4861 1830 4958">
     <span class='ocr_line' id='line_1_53' title="bbox 259 4861 1830 4958; baseline 0.022 -49"><span class='ocrx_word' id='word_1_392' title='bbox 259 4861 528 4958; x_wconf 77' lang='grc' dir='ltr'>σωτήριον</span> <span class='ocrx_word' id='word_1_393' title='bbox 566 4862 742 4932; x_wconf 85' lang='grc' dir='ltr'>λόγον.</span> <span class='ocrx_word' id='word_1_394' title='bbox 790 4869 975 4935; x_wconf 87' lang='grc' dir='ltr'>Ταῦτα</span> <span class='ocrx_word' id='word_1_395' title='bbox 1017 4874 1072 4929; x_wconf 79' lang='grc' dir='ltr'><strong>δὲ</strong></span> <span class='ocrx_word' id='word_1_396' title='bbox 1103 4877 1278 4931; x_wconf 82' lang='grc' dir='ltr'>πάντα</span> <span class='ocrx_word' id='word_1_397' title='bbox 1326 4861 1552 4949; x_wconf 88' lang='grc' dir='ltr'>ἐγίνετο,</span> <span class='ocrx_word' id='word_1_398' title='bbox 1600 4886 1697 4958; x_wconf 81' lang='grc' dir='ltr'><strong>τὴν</strong></span> <span class='ocrx_word' id='word_1_399' title='bbox 1737 4890 1830 4943; x_wconf 79' lang='grc' dir='ltr'>ἐπὶ</span> 
     </span>
    </p>
   </div>
   <div class='ocr_carea' id='block_1_54' title="bbox 254 4950 1829 5049">
    <p class='ocr_par' dir='ltr' id='par_1_54' title="bbox 254 4950 1829 5049">
     <span class='ocr_line' id='line_1_54' title="bbox 254 4950 1829 5049; baseline 0.02 -45"><span class='ocrx_word' id='word_1_400' title='bbox 254 4950 416 5049; x_wconf 56' lang='lat' dir='ltr'><strong>stant?</strong></span> <span class='ocrx_word' id='word_1_401' title='bbox 449 4958 769 5049; x_wconf 80' lang='grc' dir='ltr'>συμφωνίαν</span> <span class='ocrx_word' id='word_1_402' title='bbox 812 4962 920 5017; x_wconf 84' lang='grc' dir='ltr'>τῶν</span> <span class='ocrx_word' id='word_1_403' title='bbox 960 4967 1272 5035; x_wconf 83' lang='grc' dir='ltr'>Αἰγυπτίων</span> <span class='ocrx_word' id='word_1_404' title='bbox 1317 4974 1411 5028; x_wconf 78' lang='grc' dir='ltr'>καὶ</span> <span class='ocrx_word' id='word_1_405' title='bbox 1440 4975 1539 5047; x_wconf 78' lang='grc' dir='ltr'><strong>τὴν</strong></span> <span class='ocrx_word' id='word_1_406' title='bbox 1579 4950 1829 5049; x_wconf 68' lang='grc' dir='ltr'>ὁμύνοιαν</span> 
     </span>
    </p>
   </div>
   <div class='ocr_carea' id='block_1_55' title="bbox 254 5041 1828 5137">
    <p class='ocr_par' dir='ltr' id='par_1_55' title="bbox 254 5041 1828 5137">
     <span class='ocr_line' id='line_1_55' title="bbox 254 5041 1828 5137; baseline 0.022 -45"><span class='ocrx_word' id='word_1_407' title='bbox 254 5041 437 5137; x_wconf 56' lang='lat' dir='ltr'><strong>avitth</strong></span> <span class='ocrx_word' id='word_1_408' title='bbox 458 5045 557 5116; x_wconf 81' lang='grc' dir='ltr'>τήν</span> <span class='ocrx_word' id='word_1_409' title='bbox 590 5051 717 5121; x_wconf 82' lang='grc' dir='ltr'>περὶ</span> <span class='ocrx_word' id='word_1_410' title='bbox 744 5052 843 5123; x_wconf 84' lang='grc' dir='ltr'>τὴν</span> <span class='ocrx_word' id='word_1_411' title='bbox 874 5058 1131 5113; x_wconf 87' lang='grc' dir='ltr'>πολύθεον</span> <span class='ocrx_word' id='word_1_412' title='bbox 1166 5062 1373 5136; x_wconf 85' lang='grc' dir='ltr'>πλάνην</span> <span class='ocrx_word' id='word_1_413' title='bbox 1396 5041 1712 5137; x_wconf 74' lang='grc' dir='ltr'>συγχέοντος</span> <span class='ocrx_word' id='word_1_414' title='bbox 1733 5072 1828 5125; x_wconf 89' lang='grc' dir='ltr'><strong>τοῦ</strong></span> 
     </span>
    </p>
   </div>
   <div class='ocr_carea' id='block_1_56' title="bbox 254 5132 1829 5229">
    <p class='ocr_par' dir='ltr' id='par_1_56' title="bbox 254 5132 1829 5229">
     <span class='ocr_line' id='line_1_56' title="bbox 254 5132 1829 5229; baseline 0.022 -47"><span class='ocrx_word' id='word_1_415' title='bbox 254 5132 691 5229; x_wconf 67' lang='grc' dir='ltr'>ἐπιδημήσαντος</span> <span class='ocrx_word' id='word_1_416' title='bbox 713 5143 894 5209; x_wconf 77' lang='grc' dir='ltr'>αὐτοῖς</span> <span class='ocrx_word' id='word_1_417' title='bbox 923 5149 1148 5219; x_wconf 82' lang='grc' dir='ltr'><strong>Κυρίου.</strong></span> <span class='ocrx_word' id='word_1_418' title='bbox 1180 5155 1269 5206; x_wconf 88' lang='grc' dir='ltr'><strong>Διὸ</strong></span> <span class='ocrx_word' id='word_1_419' title='bbox 1304 5132 1531 5229; x_wconf 64' lang='grc' dir='ltr'><strong>εἴρηται⁷</strong></span> <span class='ocrx_word' id='word_1_420' title='bbox 1557 5132 1704 5214; x_wconf 19' lang='grc' dir='ltr'>κατὰ*</span> <span class='ocrx_word' id='word_1_421' title='bbox 1738 5163 1829 5216; x_wconf 84' lang='grc' dir='ltr'><strong>τὸν</strong></span> 
     </span>
    </p>
   </div>
   <div class='ocr_carea' id='block_1_57' title="bbox 1866 4468 1910 4522">
    <p class='ocr_par' dir='ltr' id='par_1_57' title="bbox 1866 4468 1910 4522">
     <span class='ocr_line' id='line_1_57' title="bbox 1866 4468 1910 4522; baseline 0 0"><span class='ocrx_word' id='word_1_422' title='bbox 1866 4468 1910 4522; x_wconf 87' lang='grc' dir='ltr'><strong>Ι)</strong></span> 
     </span>
    </p>
   </div>
   <div class='ocr_carea' id='block_1_58' title="bbox 1968 485 3523 571">
    <p class='ocr_par' dir='ltr' id='par_1_58' title="bbox 1968 485 3523 571">
     <span class='ocr_line' id='line_1_58' title="bbox 1968 485 3523 571; baseline 0.011 -32"><span class='ocrx_word' id='word_1_423' title='bbox 1968 485 2375 571; x_wconf 87' lang='lat' dir='ltr'><strong>adscriberent,</strong></span> <span class='ocrx_word' id='word_1_424' title='bbox 2400 494 2493 547; x_wconf 83' lang='lat' dir='ltr'><strong>sed</strong></span> <span class='ocrx_word' id='word_1_425' title='bbox 2515 495 2677 548; x_wconf 84' lang='lat' dir='ltr'><strong>etiam</strong></span> <span class='ocrx_word' id='word_1_426' title='bbox 2701 494 2768 550; x_wconf 92' lang='lat' dir='ltr'><strong>ad</strong></span> <span class='ocrx_word' id='word_1_427' title='bbox 2785 511 2953 565; x_wconf 88' lang='lat' dir='ltr'><strong>usque</strong></span> <span class='ocrx_word' id='word_1_428' title='bbox 2978 498 3254 557; x_wconf 86' lang='lat' dir='ltr'><strong>brutorum</strong></span> <span class='ocrx_word' id='word_1_429' title='bbox 3278 499 3523 559; x_wconf 88' lang='lat' dir='ltr'><strong>animan-</strong></span> 
     </span>
    </p>
   </div>
   <div class='ocr_carea' id='block_1_59' title="bbox 1970 577 3518 661">
    <p class='ocr_par' dir='ltr' id='par_1_59' title="bbox 1970 577 3518 661">
     <span class='ocr_line' id='line_1_59' title="bbox 1970 577 3518 661; baseline 0.01 -31"><span class='ocrx_word' id='word_1_430' title='bbox 1970 577 2124 645; x_wconf 90' lang='lat' dir='ltr'><strong>tium,</strong></span> <span class='ocrx_word' id='word_1_431' title='bbox 2158 579 2395 637; x_wconf 80' lang='lat' dir='ltr'><strong>ferarum</strong></span> <span class='ocrx_word' id='word_1_432' title='bbox 2430 585 2765 653; x_wconf 81' lang='lat' dir='ltr'><strong>immanium,</strong></span> <span class='ocrx_word' id='word_1_433' title='bbox 2788 588 3065 644; x_wconf 90' lang='lat' dir='ltr'><strong>volucrum</strong></span> <span class='ocrx_word' id='word_1_434' title='bbox 3120 600 3174 646; x_wconf 88' lang='lat' dir='ltr'><strong>et</strong></span> <span class='ocrx_word' id='word_1_435' title='bbox 3223 591 3518 661; x_wconf 88' lang='lat' dir='ltr'><strong>reptilium,</strong></span> 
     </span>
    </p>
   </div>
   <div class='ocr_carea' id='block_1_60' title="bbox 1966 670 3522 738">
    <p class='ocr_par' dir='ltr' id='par_1_60' title="bbox 1966 670 3522 738">
     <span class='ocr_line' id='line_1_60' title="bbox 1966 670 3522 738; baseline 0.006 -15"><span class='ocrx_word' id='word_1_436' title='bbox 1966 678 2027 724; x_wconf 83' lang='lat' dir='ltr'><strong>ut</strong></span> <span class='ocrx_word' id='word_1_437' title='bbox 2062 670 2307 738; x_wconf 88' lang='lat' dir='ltr'><strong>deorum,</strong></span> <span class='ocrx_word' id='word_1_438' title='bbox 2337 674 2538 729; x_wconf 90' lang='lat' dir='ltr'><strong>cultum</strong></span> <span class='ocrx_word' id='word_1_439' title='bbox 2561 677 2957 733; x_wconf 77' lang='lat' dir='ltr'><strong>delaberentur.</strong></span> <span class='ocrx_word' id='word_1_440' title='bbox 2990 680 3064 734; x_wconf 91' lang='lat' dir='ltr'><strong>Ita</strong></span> <span class='ocrx_word' id='word_1_441' title='bbox 3091 695 3217 735; x_wconf 90' lang='lat' dir='ltr'><strong>vero</strong></span> <span class='ocrx_word' id='word_1_442' title='bbox 3247 680 3522 735; x_wconf 89' lang='lat' dir='ltr'><strong>dominatu</strong></span> 
     </span>
    </p>
   </div>
   <div class='ocr_carea' id='block_1_61' title="bbox 1965 763 3521 834">
    <p class='ocr_par' dir='ltr' id='par_1_61' title="bbox 1965 763 3521 834">
     <span class='ocr_line' id='line_1_61' title="bbox 1965 763 3521 834; baseline 0.004 -17"><span class='ocrx_word' id='word_1_443' title='bbox 1965 770 2023 817; x_wconf 91' lang='lat' dir='ltr'><strong>et</strong></span> <span class='ocrx_word' id='word_1_444' title='bbox 2048 763 2382 831; x_wconf 76' lang='lat' dir='ltr'><strong>providentia</strong></span> <span class='ocrx_word' id='word_1_445' title='bbox 2408 782 2636 821; x_wconf 88' lang='lat' dir='ltr'><strong>vacuum</strong></span> <span class='ocrx_word' id='word_1_446' title='bbox 2662 770 2971 823; x_wconf 88' lang='lat' dir='ltr'><strong>universum</strong></span> <span class='ocrx_word' id='word_1_447' title='bbox 3008 770 3433 834; x_wconf 77' lang='lat' dir='ltr'><strong>arbitrabantur,</strong></span> <span class='ocrx_word' id='word_1_448' title='bbox 3461 778 3521 824; x_wconf 92' lang='lat' dir='ltr'><strong>ut</strong></span> 
     </span>
    </p>
   </div>
   <div class='ocr_carea' id='block_1_62' title="bbox 1965 856 3520 927">
    <p class='ocr_par' dir='ltr' id='par_1_62' title="bbox 1965 856 3520 927">
     <span class='ocr_line' id='line_1_62' title="bbox 1965 856 3520 927; baseline 0.006 -20"><span class='ocrx_word' id='word_1_449' title='bbox 1965 868 2058 909; x_wconf 77' lang='lat' dir='ltr'><strong>rex</strong></span> <span class='ocrx_word' id='word_1_450' title='bbox 2083 856 2302 925; x_wconf 86' lang='lat' dir='ltr'><strong>quidam</strong></span> <span class='ocrx_word' id='word_1_451' title='bbox 2333 871 2520 912; x_wconf 87' lang='lat' dir='ltr'><strong>eorum</strong></span> <span class='ocrx_word' id='word_1_452' title='bbox 2549 859 2890 927; x_wconf 85' lang='lat' dir='ltr'><strong>impudenter</strong></span> <span class='ocrx_word' id='word_1_453' title='bbox 2921 860 3143 926; x_wconf 88' lang='lat' dir='ltr'><strong>diceret,</strong></span> <span class='ocrx_word' id='word_1_454' title='bbox 3182 880 3200 911; x_wconf 78' lang='grc' dir='ltr'><strong>ι</strong></span> <span class='ocrx_word' id='word_1_455' title='bbox 3236 859 3351 916; x_wconf 83' lang='grc' dir='ltr'><strong>Νοη</strong></span> <span class='ocrx_word' id='word_1_456' title='bbox 3394 859 3520 916; x_wconf 82' lang='lat' dir='ltr'><strong>novi</strong></span> 
     </span>
    </p>
   </div>
   <div class='ocr_carea' id='block_1_63' title="bbox 1964 946 3510 1019">
    <p class='ocr_par' dir='ltr' id='par_1_63' title="bbox 1964 946 3510 1019">
     <span class='ocr_line' id='line_1_63' title="bbox 1964 946 3510 1019; baseline 0.004 -20"><span class='ocrx_word' id='word_1_457' title='bbox 1964 946 2270 1014; x_wconf 91' lang='lat' dir='ltr'><strong>Dominum,</strong></span> <span class='ocrx_word' id='word_1_458' title='bbox 2306 957 2408 1015; x_wconf 64' lang='lat' dir='ltr'><strong>tet,</strong></span> <span class='ocrx_word' id='word_1_459' title='bbox 2441 967 2460 1000; x_wconf 77' lang='grc' dir='ltr'><strong>ι</strong></span> <span class='ocrx_word' id='word_1_460' title='bbox 2491 949 2621 1016; x_wconf 86' lang='lat' dir='ltr'><strong>Quis</strong></span> <span class='ocrx_word' id='word_1_461' title='bbox 2646 958 2727 1004; x_wconf 88' lang='lat' dir='ltr'><strong>est</strong></span> <span class='ocrx_word' id='word_1_462' title='bbox 2751 951 2902 1019; x_wconf 87' lang='lat' dir='ltr'><strong>cujus</strong></span> <span class='ocrx_word' id='word_1_463' title='bbox 2927 964 3115 1004; x_wconf 86' lang='lat' dir='ltr'><strong>vocem</strong></span> <span class='ocrx_word' id='word_1_464' title='bbox 3148 950 3362 1005; x_wconf 86' lang='lat' dir='ltr'><strong>audiam</strong></span> <span class='ocrx_word' id='word_1_465' title='bbox 3388 949 3435 984; x_wconf 78' lang='lat'>“</span> <span class='ocrx_word' id='word_1_466' title='bbox 3456 951 3510 1005; x_wconf 67' lang='lat' dir='ltr'><strong>is</strong></span> 
     </span>
    </p>
   </div>
   <div class='ocr_carea' id='block_1_64' title="bbox 1962 1037 3517 1113">
    <p class='ocr_par' dir='ltr' id='par_1_64' title="bbox 1962 1037 3517 1113">
     <span class='ocr_line' id='line_1_64' title="bbox 1962 1037 3517 1113; baseline 0.005 -22"><span class='ocrx_word' id='word_1_467' title='bbox 1962 1037 2088 1092; x_wconf 68' lang='lat' dir='ltr'><strong>Haac</strong></span> <span class='ocrx_word' id='word_1_468' title='bbox 2118 1053 2277 1107; x_wconf 88' lang='lat' dir='ltr'><strong>porro</strong></span> <span class='ocrx_word' id='word_1_469' title='bbox 2331 1040 2459 1109; x_wconf 88' lang='lat' dir='ltr'><strong>ipsis</strong></span> <span class='ocrx_word' id='word_1_470' title='bbox 2517 1043 2773 1111; x_wconf 84' lang='lat' dir='ltr'><strong>Operibus</strong></span> <span class='ocrx_word' id='word_1_471' title='bbox 2825 1045 2983 1099; x_wconf 85' lang='lat' dir='ltr'><strong>linem</strong></span> <span class='ocrx_word' id='word_1_472' title='bbox 3018 1052 3377 1113; x_wconf 87' lang='lat' dir='ltr'><strong>acceperunt,</strong></span> <span class='ocrx_word' id='word_1_473' title='bbox 3410 1043 3517 1113; x_wconf 65' lang='lat' dir='ltr'><strong>qua</strong></span> 
     </span>
    </p>
   </div>
   <div class='ocr_carea' id='block_1_65' title="bbox 1962 1132 3515 1205">
    <p class='ocr_par' dir='ltr' id='par_1_65' title="bbox 1962 1132 3515 1205">
     <span class='ocr_line' id='line_1_65' title="bbox 1962 1132 3515 1205; baseline 0.003 -20"><span class='ocrx_word' id='word_1_474' title='bbox 1962 1138 2207 1200; x_wconf 89' lang='lat' dir='ltr'><strong>tempore</strong></span> <span class='ocrx_word' id='word_1_475' title='bbox 2239 1132 2483 1188; x_wconf 77' lang='lat' dir='ltr'><strong>ecclesia:</strong></span> <span class='ocrx_word' id='word_1_476' title='bbox 2514 1134 2604 1188; x_wconf 88' lang='lat' dir='ltr'><strong>Dei</strong></span> <span class='ocrx_word' id='word_1_477' title='bbox 2640 1149 2735 1203; x_wconf 89' lang='lat' dir='ltr'><strong>per</strong></span> <span class='ocrx_word' id='word_1_478' title='bbox 2766 1144 2931 1190; x_wconf 87' lang='lat' dir='ltr'><strong>totam</strong></span> <span class='ocrx_word' id='word_1_479' title='bbox 2971 1134 3264 1205; x_wconf 63' lang='lat' dir='ltr'><strong>Egyptum</strong></span> <span class='ocrx_word' id='word_1_480' title='bbox 3311 1134 3515 1191; x_wconf 90' lang='lat' dir='ltr'><strong>consti-</strong></span> 
     </span>
    </p>
   </div>
   <div class='ocr_carea' id='block_1_66' title="bbox 1962 1221 3515 1297">
    <p class='ocr_par' dir='ltr' id='par_1_66' title="bbox 1962 1221 3515 1297">
     <span class='ocr_line' id='line_1_66' title="bbox 1962 1221 3515 1297; baseline 0.003 -20"><span class='ocrx_word' id='word_1_481' title='bbox 1962 1221 2269 1290; x_wconf 87' lang='lat' dir='ltr'><strong>tuebantur,</strong></span> <span class='ocrx_word' id='word_1_482' title='bbox 2297 1240 2358 1280; x_wconf 91' lang='lat' dir='ltr'><strong>ae</strong></span> <span class='ocrx_word' id='word_1_483' title='bbox 2386 1225 2500 1295; x_wconf 91' lang='lat' dir='ltr'><strong>ipse</strong></span> <span class='ocrx_word' id='word_1_484' title='bbox 2537 1227 2795 1281; x_wconf 91' lang='lat' dir='ltr'><strong>Dominus</strong></span> <span class='ocrx_word' id='word_1_485' title='bbox 2844 1228 2910 1282; x_wconf 88' lang='lat' dir='ltr'><strong>ad</strong></span> <span class='ocrx_word' id='word_1_486' title='bbox 2965 1226 3246 1297; x_wconf 68' lang='lat' dir='ltr'><strong>Egyptios</strong></span> <span class='ocrx_word' id='word_1_487' title='bbox 3274 1228 3515 1297; x_wconf 88' lang='lat' dir='ltr'><strong>peregri-</strong></span> 
     </span>
    </p>
   </div>
   <div class='ocr_carea' id='block_1_67' title="bbox 1960 1316 3514 1380">
    <p class='ocr_par' dir='ltr' id='par_1_67' title="bbox 1960 1316 3514 1380">
     <span class='ocr_line' id='line_1_67' title="bbox 1960 1316 3514 1380; baseline 0 -11"><span class='ocrx_word' id='word_1_488' title='bbox 1960 1323 2120 1371; x_wconf 89' lang='lat' dir='ltr'><strong>natus</strong></span> <span class='ocrx_word' id='word_1_489' title='bbox 2149 1324 2252 1378; x_wconf 86' lang='lat' dir='ltr'><strong>est,</strong></span> <span class='ocrx_word' id='word_1_490' title='bbox 2280 1331 2407 1371; x_wconf 87' lang='lat' dir='ltr'><strong>suas</strong></span> <span class='ocrx_word' id='word_1_491' title='bbox 2458 1316 2683 1373; x_wconf 89' lang='lat' dir='ltr'><strong>visitans</strong></span> <span class='ocrx_word' id='word_1_492' title='bbox 2710 1318 2969 1373; x_wconf 86' lang='lat' dir='ltr'><strong>ecclesias</strong></span> <span class='ocrx_word' id='word_1_493' title='bbox 3024 1319 3321 1372; x_wconf 88' lang='lat' dir='ltr'><strong>secundum</strong></span> <span class='ocrx_word' id='word_1_494' title='bbox 3361 1316 3514 1380; x_wconf 91' lang='lat' dir='ltr'><strong>illud,</strong></span> 
     </span>
    </p>
   </div>
   <div class='ocr_carea' id='block_1_68' title="bbox 1965 1405 3515 1480">
    <p class='ocr_par' dir='ltr' id='par_1_68' title="bbox 1965 1405 3515 1480">
     <span class='ocr_line' id='line_1_68' title="bbox 1965 1405 3515 1480; baseline 0.002 -22"><span class='ocrx_word' id='word_1_495' title='bbox 1965 1424 1984 1458; x_wconf 82' lang='grc' dir='ltr'><strong>ι</strong></span> <span class='ocrx_word' id='word_1_496' title='bbox 2012 1405 2117 1462; x_wconf 88' lang='lat' dir='ltr'><strong>Ubi</strong></span> <span class='ocrx_word' id='word_1_497' title='bbox 2147 1408 2253 1462; x_wconf 92' lang='lat' dir='ltr'><strong>duo</strong></span> <span class='ocrx_word' id='word_1_498' title='bbox 2289 1406 2375 1460; x_wconf 82' lang='lat' dir='ltr'><strong>vel</strong></span> <span class='ocrx_word' id='word_1_499' title='bbox 2432 1415 2543 1462; x_wconf 88' lang='lat' dir='ltr'><strong>tres</strong></span> <span class='ocrx_word' id='word_1_500' title='bbox 2602 1408 2917 1480; x_wconf 79' lang='lat' dir='ltr'><strong>congregati</strong></span> <span class='ocrx_word' id='word_1_501' title='bbox 2965 1408 3165 1463; x_wconf 80' lang='lat' dir='ltr'><strong>fuerint</strong></span> <span class='ocrx_word' id='word_1_502' title='bbox 3219 1407 3273 1461; x_wconf 88' lang='lat' dir='ltr'><strong>in</strong></span> <span class='ocrx_word' id='word_1_503' title='bbox 3302 1406 3515 1461; x_wconf 84' lang='lat' dir='ltr'><strong>nomine</strong></span> 
     </span>
    </p>
   </div>
   <div class='ocr_carea' id='block_1_69' title="bbox 1958 1497 3514 1568">
    <p class='ocr_par' dir='ltr' id='par_1_69' title="bbox 1958 1497 3514 1568">
     <span class='ocr_line' id='line_1_69' title="bbox 1958 1497 3514 1568; baseline -0.001 -15"><span class='ocrx_word' id='word_1_504' title='bbox 1958 1512 2100 1563; x_wconf 88' lang='lat' dir='ltr'><strong>meo,</strong></span> <span class='ocrx_word' id='word_1_505' title='bbox 2136 1498 2244 1553; x_wconf 89' lang='lat' dir='ltr'><strong>illic</strong></span> <span class='ocrx_word' id='word_1_506' title='bbox 2274 1513 2392 1553; x_wconf 90' lang='lat' dir='ltr'><strong>sum</strong></span> <span class='ocrx_word' id='word_1_507' title='bbox 2423 1499 2476 1554; x_wconf 90' lang='lat' dir='ltr'><strong>in</strong></span> <span class='ocrx_word' id='word_1_508' title='bbox 2519 1500 2693 1555; x_wconf 87' lang='lat' dir='ltr'><strong>medio</strong></span> <span class='ocrx_word' id='word_1_509' title='bbox 2739 1515 2925 1555; x_wconf 87' lang='lat' dir='ltr'><strong>eorum</strong></span> <span class='ocrx_word' id='word_1_510' title='bbox 2957 1500 3025 1553; x_wconf 82' lang='lat'><strong>&quot;.</strong></span> <span class='ocrx_word' id='word_1_511' title='bbox 3068 1518 3088 1553; x_wconf 75' lang='grc' dir='ltr'><strong>ι</strong></span> <span class='ocrx_word' id='word_1_512' title='bbox 3118 1497 3195 1553; x_wconf 86' lang='lat' dir='ltr'><strong>lta</strong></span> <span class='ocrx_word' id='word_1_513' title='bbox 3223 1498 3386 1568; x_wconf 80' lang='lat' dir='ltr'><strong>igitur</strong></span> <span class='ocrx_word' id='word_1_514' title='bbox 3427 1513 3514 1552; x_wconf 89' lang='lat' dir='ltr'><strong>ec-</strong></span> 
     </span>
    </p>
   </div>
   <div class='ocr_carea' id='block_1_70' title="bbox 1958 1591 3514 1663">
    <p class='ocr_par' dir='ltr' id='par_1_70' title="bbox 1958 1591 3514 1663">
     <span class='ocr_line' id='line_1_70' title="bbox 1958 1591 3514 1663; baseline 0.001 -18"><span class='ocrx_word' id='word_1_515' title='bbox 1958 1591 2134 1645; x_wconf 77' lang='lat' dir='ltr'><strong>clesiae</strong></span> <span class='ocrx_word' id='word_1_516' title='bbox 2167 1591 2381 1660; x_wconf 88' lang='lat' dir='ltr'><strong>quidem</strong></span> <span class='ocrx_word' id='word_1_517' title='bbox 2417 1591 2533 1661; x_wconf 86' lang='lat' dir='ltr'><strong>ejus</strong></span> <span class='ocrx_word' id='word_1_518' title='bbox 2564 1592 2738 1662; x_wconf 89' lang='lat' dir='ltr'><strong>gratia</strong></span> <span class='ocrx_word' id='word_1_519' title='bbox 2767 1592 3064 1663; x_wconf 80' lang='lat' dir='ltr'><strong>fulgebant,</strong></span> <span class='ocrx_word' id='word_1_520' title='bbox 3092 1592 3393 1648; x_wconf 63' lang='lat' dir='ltr'><strong>dmmonum</strong></span> <span class='ocrx_word' id='word_1_521' title='bbox 3423 1603 3514 1646; x_wconf 69' lang='grc' dir='ltr'><strong>εοιι⁴</strong></span> 
     </span>
    </p>
   </div>
   <div class='ocr_carea' id='block_1_71' title="bbox 1958 1683 3102 1755">
    <p class='ocr_par' dir='ltr' id='par_1_71' title="bbox 1958 1683 3102 1755">
     <span class='ocr_line' id='line_1_71' title="bbox 1958 1683 3102 1755; baseline 0.001 -16"><span class='ocrx_word' id='word_1_522' title='bbox 1958 1692 2063 1739; x_wconf 89' lang='lat' dir='ltr'><strong>tem</strong></span> <span class='ocrx_word' id='word_1_523' title='bbox 2091 1683 2163 1739; x_wconf 89' lang='lat' dir='ltr'><strong>ibi</strong></span> <span class='ocrx_word' id='word_1_524' title='bbox 2192 1684 2488 1755; x_wconf 90' lang='lat' dir='ltr'><strong>vigentium</strong></span> <span class='ocrx_word' id='word_1_525' title='bbox 2515 1699 2670 1740; x_wconf 88' lang='lat' dir='ltr'><strong>error</strong></span> <span class='ocrx_word' id='word_1_526' title='bbox 2704 1685 3102 1742; x_wconf 89' lang='lat' dir='ltr'><strong>destruebatur.</strong></span> 
     </span>
    </p>
   </div>
   <div class='ocr_carea' id='block_1_72' title="bbox 2026 1863 3507 1941">
    <p class='ocr_par' dir='ltr' id='par_1_72' title="bbox 2026 1863 3507 1941">
     <span class='ocr_line' id='line_1_72' title="bbox 2026 1863 3507 1941; baseline 0.003 -24"><span class='ocrx_word' id='word_1_527' title='bbox 2026 1863 2191 1921; x_wconf 65' lang='lat' dir='ltr'><strong>Vens.</strong></span> <span class='ocrx_word' id='word_1_528' title='bbox 2227 1864 2280 1920; x_wconf 77' lang='lat'><strong>2.</strong></span> <span class='ocrx_word' id='word_1_529' title='bbox 2320 1884 2339 1917; x_wconf 75' lang='grc' dir='ltr'><strong>ι</strong></span> <span class='ocrx_word' id='word_1_530' title='bbox 2372 1866 2437 1921; x_wconf 84' lang='lat' dir='ltr'><strong>Et</strong></span> <span class='ocrx_word' id='word_1_531' title='bbox 2467 1865 2846 1921; x_wconf 78' lang='lat' dir='ltr'><strong>excitabuntur</strong></span> <span class='ocrx_word' id='word_1_532' title='bbox 2864 1864 3100 1941; x_wconf 60' lang='lat' dir='ltr'><strong>Egyptii</strong></span> <span class='ocrx_word' id='word_1_533' title='bbox 3124 1864 3176 1923; x_wconf 81' lang='lat' dir='ltr'><strong>in</strong></span> <span class='ocrx_word' id='word_1_534' title='bbox 3200 1866 3507 1937; x_wconf 67' lang='lat' dir='ltr'><strong>Egypttos,</strong></span> 
     </span>
    </p>
   </div>
   <div class='ocr_carea' id='block_1_73' title="bbox 1955 1958 3511 2026">
    <p class='ocr_par' dir='ltr' id='par_1_73' title="bbox 1955 1958 3511 2026">
     <span class='ocr_line' id='line_1_73' title="bbox 1955 1958 3511 2026; baseline 0.001 -15"><span class='ocrx_word' id='word_1_535' title='bbox 1955 1966 2010 2011; x_wconf 90' lang='lat' dir='ltr'><strong>et</strong></span> <span class='ocrx_word' id='word_1_536' title='bbox 2050 1958 2273 2013; x_wconf 88' lang='lat' dir='ltr'><strong>bellabit</strong></span> <span class='ocrx_word' id='word_1_537' title='bbox 2316 1959 2477 2015; x_wconf 88' lang='lat' dir='ltr'><strong>homo</strong></span> <span class='ocrx_word' id='word_1_538' title='bbox 2503 1960 2758 2014; x_wconf 84' lang='lat' dir='ltr'><strong>adversus</strong></span> <span class='ocrx_word' id='word_1_539' title='bbox 2786 1959 3021 2017; x_wconf 65' lang='lat' dir='ltr'><strong>fratrem</strong></span> <span class='ocrx_word' id='word_1_540' title='bbox 3050 1977 3226 2026; x_wconf 90' lang='lat' dir='ltr'><strong>suum,</strong></span> <span class='ocrx_word' id='word_1_541' title='bbox 3266 1969 3320 2014; x_wconf 92' lang='lat' dir='ltr'><strong>et</strong></span> <span class='ocrx_word' id='word_1_542' title='bbox 3349 1961 3511 2016; x_wconf 86' lang='lat' dir='ltr'><strong>homo</strong></span> 
     </span>
    </p>
   </div>
   <div class='ocr_carea' id='block_1_74' title="bbox 1954 2048 3510 2123">
    <p class='ocr_par' dir='ltr' id='par_1_74' title="bbox 1954 2048 3510 2123">
     <span class='ocr_line' id='line_1_74' title="bbox 1954 2048 3510 2123; baseline 0.001 -18"><span class='ocrx_word' id='word_1_543' title='bbox 1954 2048 2211 2105; x_wconf 87' lang='lat' dir='ltr'><strong>adversus</strong></span> <span class='ocrx_word' id='word_1_544' title='bbox 2241 2052 2546 2121; x_wconf 86' lang='lat' dir='ltr'><strong>proximum</strong></span> <span class='ocrx_word' id='word_1_545' title='bbox 2592 2065 2773 2108; x_wconf 78' lang='lat' dir='ltr'><strong>suum.</strong></span> <span class='ocrx_word' id='word_1_546' title='bbox 2808 2073 2826 2106; x_wconf 76' lang='grc' dir='ltr'>ι</span> <span class='ocrx_word' id='word_1_547' title='bbox 2886 2054 2953 2108; x_wconf 87' lang='lat' dir='ltr'><strong>Et</strong></span> <span class='ocrx_word' id='word_1_548' title='bbox 3003 2055 3115 2108; x_wconf 67' lang='lat' dir='ltr'><strong>haec</strong></span> <span class='ocrx_word' id='word_1_549' title='bbox 3152 2053 3368 2123; x_wconf 84' lang='lat' dir='ltr'><strong>quidem</strong></span> <span class='ocrx_word' id='word_1_550' title='bbox 3410 2054 3510 2107; x_wconf 91' lang='lat' dir='ltr'><strong>im-</strong></span> 
     </span>
    </p>
   </div>
   <div class='ocr_carea' id='block_1_75' title="bbox 1951 2140 3510 2216">
    <p class='ocr_par' dir='ltr' id='par_1_75' title="bbox 1951 2140 3510 2216">
     <span class='ocr_line' id='line_1_75' title="bbox 1951 2140 3510 2216; baseline 0.005 -23"><span class='ocrx_word' id='word_1_551' title='bbox 1951 2140 2234 2211; x_wconf 90' lang='lat' dir='ltr'><strong>plebantur</strong></span> <span class='ocrx_word' id='word_1_552' title='bbox 2252 2152 2372 2212; x_wconf 87' lang='lat' dir='ltr'><strong>post</strong></span> <span class='ocrx_word' id='word_1_553' title='bbox 2393 2146 2755 2214; x_wconf 83' lang='lat' dir='ltr'><strong>evangelicam</strong></span> <span class='ocrx_word' id='word_1_554' title='bbox 2782 2145 3242 2214; x_wconf 71' lang='lat' dir='ltr'><strong>prmdicationem,</strong></span> <span class='ocrx_word' id='word_1_555' title='bbox 3264 2161 3383 2216; x_wconf 62' lang='lat' dir='ltr'><strong>qua:</strong></span> <span class='ocrx_word' id='word_1_556' title='bbox 3413 2160 3510 2215; x_wconf 87' lang='lat' dir='ltr'><strong>per</strong></span> 
     </span>
    </p>
   </div>
   <div class='ocr_carea' id='block_1_76' title="bbox 1954 2235 3509 2310">
    <p class='ocr_par' dir='ltr' id='par_1_76' title="bbox 1954 2235 3509 2310">
     <span class='ocr_line' id='line_1_76' title="bbox 1954 2235 3509 2310; baseline 0.003 -19"><span class='ocrx_word' id='word_1_557' title='bbox 1954 2244 2116 2291; x_wconf 87' lang='lat' dir='ltr'><strong>lotam</strong></span> <span class='ocrx_word' id='word_1_558' title='bbox 2150 2235 2437 2307; x_wconf 66' lang='lat' dir='ltr'><strong>Egyptum</strong></span> <span class='ocrx_word' id='word_1_559' title='bbox 2488 2240 2749 2307; x_wconf 83' lang='lat' dir='ltr'><strong>pervasit,</strong></span> <span class='ocrx_word' id='word_1_560' title='bbox 2799 2254 2908 2310; x_wconf 90' lang='lat' dir='ltr'><strong>quo</strong></span> <span class='ocrx_word' id='word_1_561' title='bbox 2938 2248 3179 2310; x_wconf 88' lang='lat' dir='ltr'><strong>tempore</strong></span> <span class='ocrx_word' id='word_1_562' title='bbox 3216 2241 3509 2296; x_wconf 88' lang='lat' dir='ltr'><strong>inanimata</strong></span> 
     </span>
    </p>
   </div>
   <div class='ocr_carea' id='block_1_77' title="bbox 1950 2325 3510 2399">
    <p class='ocr_par' dir='ltr' id='par_1_77' title="bbox 1950 2325 3510 2399">
     <span class='ocr_line' id='line_1_77' title="bbox 1950 2325 3510 2399; baseline 0.002 -18"><span class='ocrx_word' id='word_1_563' title='bbox 1950 2325 2236 2381; x_wconf 82' lang='lat' dir='ltr'><strong>simulacra</strong></span> <span class='ocrx_word' id='word_1_564' title='bbox 2287 2340 2316 2379; x_wconf 91' lang='lat' dir='ltr'><strong>a</strong></span> <span class='ocrx_word' id='word_1_565' title='bbox 2368 2328 2605 2383; x_wconf 84' lang='lat' dir='ltr'><strong>statione</strong></span> <span class='ocrx_word' id='word_1_566' title='bbox 2665 2343 2762 2383; x_wconf 87' lang='lat' dir='ltr'><strong>sua</strong></span> <span class='ocrx_word' id='word_1_567' title='bbox 2810 2344 2970 2399; x_wconf 90' lang='lat' dir='ltr'><strong>quam</strong></span> <span class='ocrx_word' id='word_1_568' title='bbox 3006 2344 3036 2383; x_wconf 91' lang='lat' dir='ltr'><strong>a</strong></span> <span class='ocrx_word' id='word_1_569' title='bbox 3073 2329 3270 2385; x_wconf 79' lang='lat' dir='ltr'><strong>saeculo</strong></span> <span class='ocrx_word' id='word_1_570' title='bbox 3305 2329 3510 2385; x_wconf 88' lang='lat' dir='ltr'><strong>obtine-</strong></span> 
     </span>
    </p>
   </div>
   <div class='ocr_carea' id='block_1_78' title="bbox 1948 2417 3509 2490">
    <p class='ocr_par' dir='ltr' id='par_1_78' title="bbox 1948 2417 3509 2490">
     <span class='ocr_line' id='line_1_78' title="bbox 1948 2417 3509 2490; baseline 0.003 -18"><span class='ocrx_word' id='word_1_571' title='bbox 1948 2417 2099 2481; x_wconf 89' lang='lat' dir='ltr'><strong>bant,</strong></span> <span class='ocrx_word' id='word_1_572' title='bbox 2140 2432 2366 2474; x_wconf 79' lang='lat' dir='ltr'><strong>excussa</strong></span> <span class='ocrx_word' id='word_1_573' title='bbox 2418 2428 2579 2487; x_wconf 89' lang='lat' dir='ltr'><strong>sunt,</strong></span> <span class='ocrx_word' id='word_1_574' title='bbox 2632 2429 2691 2475; x_wconf 93' lang='lat' dir='ltr'><strong>ut</strong></span> <span class='ocrx_word' id='word_1_575' title='bbox 2729 2436 2835 2476; x_wconf 87' lang='lat' dir='ltr'><strong>non</strong></span> <span class='ocrx_word' id='word_1_576' title='bbox 2873 2421 3015 2475; x_wconf 87' lang='lat' dir='ltr'><strong>ultra</strong></span> <span class='ocrx_word' id='word_1_577' title='bbox 3066 2436 3133 2475; x_wconf 80' lang='lat' dir='ltr'><strong>ex</strong></span> <span class='ocrx_word' id='word_1_578' title='bbox 3178 2420 3357 2490; x_wconf 84' lang='lat' dir='ltr'><strong>pepuli</strong></span> <span class='ocrx_word' id='word_1_579' title='bbox 3403 2421 3509 2476; x_wconf 84' lang='lat' dir='ltr'><strong>fre-</strong></span> 
     </span>
    </p>
   </div>
   <div class='ocr_carea' id='block_1_79' title="bbox 1950 2510 3507 2582">
    <p class='ocr_par' dir='ltr' id='par_1_79' title="bbox 1950 2510 3507 2582">
     <span class='ocr_line' id='line_1_79' title="bbox 1950 2510 3507 2582; baseline 0.004 -19"><span class='ocrx_word' id='word_1_580' title='bbox 1950 2510 2167 2579; x_wconf 87' lang='lat' dir='ltr'><strong>quentia</strong></span> <span class='ocrx_word' id='word_1_581' title='bbox 2209 2512 2443 2567; x_wconf 85' lang='lat' dir='ltr'><strong>lirmiter</strong></span> <span class='ocrx_word' id='word_1_582' title='bbox 2488 2521 2653 2577; x_wconf 85' lang='lat' dir='ltr'><strong>stare,</strong></span> <span class='ocrx_word' id='word_1_583' title='bbox 2704 2528 2803 2568; x_wconf 91' lang='lat' dir='ltr'><strong>nec</strong></span> <span class='ocrx_word' id='word_1_584' title='bbox 2848 2513 3016 2568; x_wconf 90' lang='lat' dir='ltr'><strong>solida</strong></span> <span class='ocrx_word' id='word_1_585' title='bbox 3055 2514 3348 2569; x_wconf 88' lang='lat' dir='ltr'><strong>subsistere</strong></span> <span class='ocrx_word' id='word_1_586' title='bbox 3382 2528 3507 2582; x_wconf 87' lang='lat' dir='ltr'><strong>pos-</strong></span> 
     </span>
    </p>
   </div>
   <div class='ocr_carea' id='block_1_80' title="bbox 1948 2601 3505 2675">
    <p class='ocr_par' dir='ltr' id='par_1_80' title="bbox 1948 2601 3505 2675">
     <span class='ocr_line' id='line_1_80' title="bbox 1948 2601 3505 2675; baseline 0.003 -21"><span class='ocrx_word' id='word_1_587' title='bbox 1948 2609 2109 2656; x_wconf 90' lang='lat' dir='ltr'><strong>sent:</strong></span> <span class='ocrx_word' id='word_1_588' title='bbox 2145 2601 2422 2659; x_wconf 69' lang='lat' dir='ltr'><strong>daamones</strong></span> <span class='ocrx_word' id='word_1_589' title='bbox 2452 2619 2581 2658; x_wconf 90' lang='lat' dir='ltr'><strong>vero</strong></span> <span class='ocrx_word' id='word_1_590' title='bbox 2622 2604 2880 2675; x_wconf 90' lang='lat' dir='ltr'><strong>maligni,</strong></span> <span class='ocrx_word' id='word_1_591' title='bbox 2918 2605 3007 2672; x_wconf 93' lang='lat' dir='ltr'><strong>qui</strong></span> <span class='ocrx_word' id='word_1_592' title='bbox 3056 2606 3106 2659; x_wconf 94' lang='lat' dir='ltr'><strong>in</strong></span> <span class='ocrx_word' id='word_1_593' title='bbox 3153 2605 3281 2674; x_wconf 87' lang='lat' dir='ltr'><strong>ipsis</strong></span> <span class='ocrx_word' id='word_1_594' title='bbox 3321 2619 3418 2660; x_wconf 90' lang='lat' dir='ltr'><strong>ceu</strong></span> <span class='ocrx_word' id='word_1_595' title='bbox 3450 2605 3505 2659; x_wconf 69' lang='lat' dir='ltr'><strong>in</strong></span> 
     </span>
    </p>
   </div>
   <div class='ocr_carea' id='block_1_81' title="bbox 1948 2690 3505 2765">
    <p class='ocr_par' dir='ltr' id='par_1_81' title="bbox 1948 2690 3505 2765">
     <span class='ocr_line' id='line_1_81' title="bbox 1948 2690 3505 2765; baseline 0.003 -20"><span class='ocrx_word' id='word_1_596' title='bbox 1948 2690 2182 2747; x_wconf 85' lang='lat' dir='ltr'><strong>latibulis</strong></span> <span class='ocrx_word' id='word_1_597' title='bbox 2212 2694 2466 2763; x_wconf 77' lang='lat' dir='ltr'><strong>agebant,</strong></span> <span class='ocrx_word' id='word_1_598' title='bbox 2502 2696 2554 2749; x_wconf 92' lang='lat' dir='ltr'><strong>in</strong></span> <span class='ocrx_word' id='word_1_599' title='bbox 2586 2694 2650 2749; x_wconf 87' lang='lat' dir='ltr'><strong>iis</strong></span> <span class='ocrx_word' id='word_1_600' title='bbox 2690 2695 2819 2763; x_wconf 85' lang='lat' dir='ltr'><strong>ipsis</strong></span> <span class='ocrx_word' id='word_1_601' title='bbox 2852 2694 2983 2748; x_wconf 86' lang='lat' dir='ltr'><strong>nihil</strong></span> <span class='ocrx_word' id='word_1_602' title='bbox 3022 2710 3141 2750; x_wconf 89' lang='lat' dir='ltr'><strong>esse</strong></span> <span class='ocrx_word' id='word_1_603' title='bbox 3172 2695 3505 2765; x_wconf 89' lang='lat' dir='ltr'><strong>comprobati</strong></span> 
     </span>
    </p>
   </div>
   <div class='ocr_carea' id='block_1_82' title="bbox 1949 2782 3505 2855">
    <p class='ocr_par' dir='ltr' id='par_1_82' title="bbox 1949 2782 3505 2855">
     <span class='ocr_line' id='line_1_82' title="bbox 1949 2782 3505 2855; baseline 0.001 -18"><span class='ocrx_word' id='word_1_604' title='bbox 1949 2791 2094 2837; x_wconf 85' lang='lat' dir='ltr'><strong>sunt.</strong></span> <span class='ocrx_word' id='word_1_605' title='bbox 2132 2782 2595 2849; x_wconf 85' lang='lat' dir='ltr'><strong>Quemadmodum</strong></span> <span class='ocrx_word' id='word_1_606' title='bbox 2627 2786 2768 2840; x_wconf 91' lang='lat' dir='ltr'><strong>enim</strong></span> <span class='ocrx_word' id='word_1_607' title='bbox 2800 2784 2976 2841; x_wconf 88' lang='lat' dir='ltr'><strong>civilis</strong></span> <span class='ocrx_word' id='word_1_608' title='bbox 3007 2784 3266 2839; x_wconf 88' lang='lat' dir='ltr'><strong>tumultus</strong></span> <span class='ocrx_word' id='word_1_609' title='bbox 3297 2799 3395 2855; x_wconf 85' lang='lat' dir='ltr'><strong>per</strong></span> <span class='ocrx_word' id='word_1_610' title='bbox 3423 2794 3505 2839; x_wconf 90' lang='lat' dir='ltr'><strong>to-</strong></span> 
     </span>
    </p>
   </div>
   <div class='ocr_carea' id='block_1_83' title="bbox 1948 2875 3501 2949">
    <p class='ocr_par' dir='ltr' id='par_1_83' title="bbox 1948 2875 3501 2949">
     <span class='ocr_line' id='line_1_83' title="bbox 1948 2875 3501 2949; baseline 0.001 -19"><span class='ocrx_word' id='word_1_611' title='bbox 1948 2884 2055 2930; x_wconf 89' lang='lat' dir='ltr'><strong>tam</strong></span> <span class='ocrx_word' id='word_1_612' title='bbox 2087 2875 2377 2949; x_wconf 68' lang='lat' dir='ltr'><strong>A‘Igyptum</strong></span> <span class='ocrx_word' id='word_1_613' title='bbox 2410 2878 2779 2933; x_wconf 88' lang='lat' dir='ltr'><strong>concitabatur</strong></span> <span class='ocrx_word' id='word_1_614' title='bbox 2799 2919 2815 2943; x_wconf 90' lang='lat'><strong>,</strong></span> <span class='ocrx_word' id='word_1_615' title='bbox 2858 2878 3066 2949; x_wconf 90' lang='lat' dir='ltr'><strong>populis</strong></span> <span class='ocrx_word' id='word_1_616' title='bbox 3097 2877 3501 2942; x_wconf 85' lang='lat' dir='ltr'><strong>dissidentibus,</strong></span> 
     </span>
    </p>
   </div>
   <div class='ocr_carea' id='block_1_84' title="bbox 1948 2966 3499 3040">
    <p class='ocr_par' dir='ltr' id='par_1_84' title="bbox 1948 2966 3499 3040">
     <span class='ocr_line' id='line_1_84' title="bbox 1948 2966 3499 3040; baseline -0.002 -16"><span class='ocrx_word' id='word_1_617' title='bbox 1948 2966 2240 3040; x_wconf 79' lang='lat' dir='ltr'><strong>divisisque</strong></span> <span class='ocrx_word' id='word_1_618' title='bbox 2278 2969 2469 3026; x_wconf 83' lang='lat' dir='ltr'><strong>studiis</strong></span> <span class='ocrx_word' id='word_1_619' title='bbox 2497 2984 2593 3039; x_wconf 91' lang='lat' dir='ltr'><strong>per</strong></span> <span class='ocrx_word' id='word_1_620' title='bbox 2625 2971 2812 3025; x_wconf 90' lang='lat' dir='ltr'><strong>domos</strong></span> <span class='ocrx_word' id='word_1_621' title='bbox 2856 2980 3042 3024; x_wconf 90' lang='lat' dir='ltr'><strong>mutuo</strong></span> <span class='ocrx_word' id='word_1_622' title='bbox 3070 2968 3454 3023; x_wconf 87' lang='lat' dir='ltr'><strong>altercantibus</strong></span> <span class='ocrx_word' id='word_1_623' title='bbox 3486 2985 3499 3021; x_wconf 92' lang='lat'><strong>:</strong></span> 
     </span>
    </p>
   </div>
   <div class='ocr_carea' id='block_1_85' title="bbox 1949 3060 3501 3133">
    <p class='ocr_par' dir='ltr' id='par_1_85' title="bbox 1949 3060 3501 3133">
     <span class='ocr_line' id='line_1_85' title="bbox 1949 3060 3501 3133; baseline -0.001 -18"><span class='ocrx_word' id='word_1_624' title='bbox 1949 3060 2090 3131; x_wconf 89' lang='lat' dir='ltr'><strong>quod</strong></span> <span class='ocrx_word' id='word_1_625' title='bbox 2126 3077 2193 3117; x_wconf 79' lang='lat' dir='ltr'><strong>ex</strong></span> <span class='ocrx_word' id='word_1_626' title='bbox 2228 3062 2435 3117; x_wconf 87' lang='lat' dir='ltr'><strong>civibus</strong></span> <span class='ocrx_word' id='word_1_627' title='bbox 2472 3062 2705 3133; x_wconf 78' lang='lat' dir='ltr'><strong>regionis</strong></span> <span class='ocrx_word' id='word_1_628' title='bbox 2751 3062 2959 3127; x_wconf 78' lang='lat' dir='ltr'><strong>incolis,</strong></span> <span class='ocrx_word' id='word_1_629' title='bbox 2996 3062 3082 3116; x_wconf 90' lang='lat' dir='ltr'><strong>alii</strong></span> <span class='ocrx_word' id='word_1_630' title='bbox 3131 3061 3343 3131; x_wconf 89' lang='lat' dir='ltr'><strong>quidem</strong></span> <span class='ocrx_word' id='word_1_631' title='bbox 3376 3060 3501 3114; x_wconf 90' lang='lat' dir='ltr'><strong>reli-</strong></span> 
     </span>
    </p>
   </div>
   <div class='ocr_carea' id='block_1_86' title="bbox 1948 3153 3499 3225">
    <p class='ocr_par' dir='ltr' id='par_1_86' title="bbox 1948 3153 3499 3225">
     <span class='ocr_line' id='line_1_86' title="bbox 1948 3153 3499 3225; baseline 0.002 -20"><span class='ocrx_word' id='word_1_632' title='bbox 1948 3160 2035 3206; x_wconf 92' lang='lat' dir='ltr'><strong>cto</strong></span> <span class='ocrx_word' id='word_1_633' title='bbox 2067 3153 2332 3209; x_wconf 89' lang='lat' dir='ltr'><strong>diabolico</strong></span> <span class='ocrx_word' id='word_1_634' title='bbox 2356 3170 2417 3209; x_wconf 88' lang='lat' dir='ltr'><strong>ac</strong></span> <span class='ocrx_word' id='word_1_635' title='bbox 2450 3154 2769 3225; x_wconf 64' lang='lat' dir='ltr'><strong>Egyptiaco</strong></span> <span class='ocrx_word' id='word_1_636' title='bbox 2803 3170 3009 3221; x_wconf 88' lang='lat' dir='ltr'><strong>errore,</strong></span> <span class='ocrx_word' id='word_1_637' title='bbox 3040 3156 3105 3210; x_wconf 89' lang='lat' dir='ltr'><strong>ad</strong></span> <span class='ocrx_word' id='word_1_638' title='bbox 3140 3154 3499 3225; x_wconf 87' lang='lat' dir='ltr'><strong>evangelicam</strong></span> 
     </span>
    </p>
   </div>
   <div class='ocr_carea' id='block_1_87' title="bbox 1946 3234 3499 3325">
    <p class='ocr_par' dir='ltr' id='par_1_87' title="bbox 1946 3234 3499 3325">
     <span class='ocr_line' id='line_1_87' title="bbox 1946 3234 3499 3325; baseline 0.001 -28"><span class='ocrx_word' id='word_1_639' title='bbox 1946 3245 2375 3315; x_wconf 58' lang='lat' dir='ltr'><strong>praedicationem</strong></span> <span class='ocrx_word' id='word_1_640' title='bbox 2407 3248 2756 3325; x_wconf 84' lang='lat' dir='ltr'><strong>accederent,</strong></span> <span class='ocrx_word' id='word_1_641' title='bbox 2792 3247 2883 3300; x_wconf 88' lang='lat' dir='ltr'><strong>alii</strong></span> <span class='ocrx_word' id='word_1_642' title='bbox 2928 3261 3056 3302; x_wconf 84' lang='lat' dir='ltr'><strong>vero</strong></span> <span class='ocrx_word' id='word_1_643' title='bbox 3094 3247 3147 3301; x_wconf 91' lang='lat' dir='ltr'><strong>in</strong></span> <span class='ocrx_word' id='word_1_644' title='bbox 3188 3234 3372 3301; x_wconf 80' lang='lat' dir='ltr'><strong>eodem</strong></span> <span class='ocrx_word' id='word_1_645' title='bbox 3421 3260 3499 3300; x_wconf 89' lang='lat' dir='ltr'><strong>er-</strong></span> 
     </span>
    </p>
   </div>
   <div class='ocr_carea' id='block_1_88' title="bbox 1946 3336 3499 3407">
    <p class='ocr_par' dir='ltr' id='par_1_88' title="bbox 1946 3336 3499 3407">
     <span class='ocr_line' id='line_1_88' title="bbox 1946 3336 3499 3407; baseline 0.002 -18"><span class='ocrx_word' id='word_1_646' title='bbox 1946 3351 2071 3390; x_wconf 90' lang='lat' dir='ltr'><strong>rore</strong></span> <span class='ocrx_word' id='word_1_647' title='bbox 2108 3346 2541 3405; x_wconf 88' lang='lat' dir='ltr'><strong>perseverantes,</strong></span> <span class='ocrx_word' id='word_1_648' title='bbox 2574 3337 2897 3407; x_wconf 78' lang='lat' dir='ltr'><strong>inexpiabile</strong></span> <span class='ocrx_word' id='word_1_649' title='bbox 2925 3338 3120 3393; x_wconf 86' lang='lat' dir='ltr'><strong>bellum</strong></span> <span class='ocrx_word' id='word_1_650' title='bbox 3164 3346 3347 3392; x_wconf 90' lang='lat' dir='ltr'><strong>contra</strong></span> <span class='ocrx_word' id='word_1_651' title='bbox 3382 3336 3499 3392; x_wconf 91' lang='lat' dir='ltr'><strong>illos</strong></span> 
     </span>
    </p>
   </div>
   <div class='ocr_carea' id='block_1_89' title="bbox 1945 3428 3496 3502">
    <p class='ocr_par' dir='ltr' id='par_1_89' title="bbox 1945 3428 3496 3502">
     <span class='ocr_line' id='line_1_89' title="bbox 1945 3428 3496 3502; baseline 0.001 -21"><span class='ocrx_word' id='word_1_652' title='bbox 1945 3429 2287 3484; x_wconf 82' lang='lat' dir='ltr'><strong>excitarent:</strong></span> <span class='ocrx_word' id='word_1_653' title='bbox 2328 3431 2408 3485; x_wconf 89' lang='lat' dir='ltr'><strong>sic</strong></span> <span class='ocrx_word' id='word_1_654' title='bbox 2458 3430 2619 3501; x_wconf 78' lang='lat' dir='ltr'><strong>igitur</strong></span> <span class='ocrx_word' id='word_1_655' title='bbox 2655 3430 2998 3502; x_wconf 88' lang='lat' dir='ltr'><strong>insurgebant</strong></span> <span class='ocrx_word' id='word_1_656' title='bbox 3037 3428 3269 3501; x_wconf 65' lang='lat' dir='ltr'><strong>Egyptii</strong></span> <span class='ocrx_word' id='word_1_657' title='bbox 3307 3438 3496 3485; x_wconf 85' lang='lat' dir='ltr'><strong>contra</strong></span> 
     </span>
    </p>
   </div>
   <div class='ocr_carea' id='block_1_90' title="bbox 1944 3518 2244 3591">
    <p class='ocr_par' dir='ltr' id='par_1_90' title="bbox 1944 3518 2244 3591">
     <span class='ocr_line' id='line_1_90' title="bbox 1944 3518 2244 3591; baseline 0.003 -16"><span class='ocrx_word' id='word_1_658' title='bbox 1944 3518 2244 3591; x_wconf 67' lang='lat' dir='ltr'><strong>Egyptios.</strong></span> 
     </span>
    </p>
   </div>
   <div class='ocr_carea' id='block_1_91' title="bbox 2018 3610 3495 3681">
    <p class='ocr_par' dir='ltr' id='par_1_91' title="bbox 2018 3610 3495 3681">
     <span class='ocr_line' id='line_1_91' title="bbox 2018 3610 3495 3681; baseline 0.003 -17"><span class='ocrx_word' id='word_1_659' title='bbox 2018 3610 2179 3667; x_wconf 75' lang='lat' dir='ltr'><strong>Vens.</strong></span> <span class='ocrx_word' id='word_1_660' title='bbox 2211 3612 2336 3681; x_wconf 64' lang='lat'><strong>5,4.</strong></span> <span class='ocrx_word' id='word_1_661' title='bbox 2359 3632 2377 3664; x_wconf 86' lang='grc'><strong>‹</strong></span> <span class='ocrx_word' id='word_1_662' title='bbox 2398 3611 2597 3668; x_wconf 86' lang='lat' dir='ltr'><strong>Civitas</strong></span> <span class='ocrx_word' id='word_1_663' title='bbox 2629 3613 2884 3669; x_wconf 86' lang='lat' dir='ltr'><strong>adversus</strong></span> <span class='ocrx_word' id='word_1_664' title='bbox 2916 3613 3207 3680; x_wconf 85' lang='lat' dir='ltr'><strong>civitatem,</strong></span> <span class='ocrx_word' id='word_1_665' title='bbox 3236 3622 3289 3668; x_wconf 92' lang='lat' dir='ltr'><strong>et</strong></span> <span class='ocrx_word' id='word_1_666' title='bbox 3307 3628 3495 3669; x_wconf 86' lang='lat' dir='ltr'><strong>nomus</strong></span> 
     </span>
    </p>
   </div>
   <div class='ocr_carea' id='block_1_92' title="bbox 1944 3704 3492 3776">
    <p class='ocr_par' dir='ltr' id='par_1_92' title="bbox 1944 3704 3492 3776">
     <span class='ocr_line' id='line_1_92' title="bbox 1944 3704 3492 3776; baseline 0.001 -18"><span class='ocrx_word' id='word_1_667' title='bbox 1944 3718 2201 3759; x_wconf 81' lang='lat' dir='ltr'><strong>adversus</strong></span> <span class='ocrx_word' id='word_1_668' title='bbox 2256 3720 2492 3761; x_wconf 90' lang='lat' dir='ltr'><strong>nomum.</strong></span> <span class='ocrx_word' id='word_1_669' title='bbox 2530 3705 2593 3758; x_wconf 86' lang='lat' dir='ltr'><strong>Et</strong></span> <span class='ocrx_word' id='word_1_670' title='bbox 2620 3706 2923 3761; x_wconf 89' lang='lat' dir='ltr'><strong>turbabitur</strong></span> <span class='ocrx_word' id='word_1_671' title='bbox 2967 3706 3184 3776; x_wconf 89' lang='lat' dir='ltr'><strong>spiritus</strong></span> <span class='ocrx_word' id='word_1_672' title='bbox 3219 3704 3492 3776; x_wconf 62' lang='lat' dir='ltr'><strong>[Egyptia-</strong></span> 
     </span>
    </p>
   </div>
   <div class='ocr_carea' id='block_1_93' title="bbox 1945 3794 3493 3866">
    <p class='ocr_par' dir='ltr' id='par_1_93' title="bbox 1945 3794 3493 3866">
     <span class='ocr_line' id='line_1_93' title="bbox 1945 3794 3493 3866; baseline 0.002 -20"><span class='ocrx_word' id='word_1_673' title='bbox 1945 3809 2062 3847; x_wconf 90' lang='lat' dir='ltr'><strong>rum</strong></span> <span class='ocrx_word' id='word_1_674' title='bbox 2108 3796 2160 3848; x_wconf 93' lang='lat' dir='ltr'><strong>in</strong></span> <span class='ocrx_word' id='word_1_675' title='bbox 2212 3795 2375 3865; x_wconf 87' lang='lat' dir='ltr'><strong>ipsis.</strong></span> <span class='ocrx_word' id='word_1_676' title='bbox 2421 3804 2475 3850; x_wconf 89' lang='lat' dir='ltr'><strong>et</strong></span> <span class='ocrx_word' id='word_1_677' title='bbox 2522 3795 2800 3851; x_wconf 88' lang='lat' dir='ltr'><strong>consilium</strong></span> <span class='ocrx_word' id='word_1_678' title='bbox 2845 3811 3027 3852; x_wconf 90' lang='lat' dir='ltr'><strong>eorum</strong></span> <span class='ocrx_word' id='word_1_679' title='bbox 3084 3794 3374 3866; x_wconf 83' lang='lat' dir='ltr'><strong>dissipabo.</strong></span> <span class='ocrx_word' id='word_1_680' title='bbox 3428 3795 3493 3851; x_wconf 81' lang='lat' dir='ltr'><strong>Et</strong></span> 
     </span>
    </p>
   </div>
   <div class='ocr_carea' id='block_1_94' title="bbox 1944 3884 3493 3953">
    <p class='ocr_par' dir='ltr' id='par_1_94' title="bbox 1944 3884 3493 3953">
     <span class='ocr_line' id='line_1_94' title="bbox 1944 3884 3493 3953; baseline 0.003 -15"><span class='ocrx_word' id='word_1_681' title='bbox 1944 3884 2347 3953; x_wconf 80' lang='lat' dir='ltr'><strong>interrogabunt</strong></span> <span class='ocrx_word' id='word_1_682' title='bbox 2415 3887 2542 3941; x_wconf 91' lang='lat' dir='ltr'><strong>deos</strong></span> <span class='ocrx_word' id='word_1_683' title='bbox 2588 3902 2717 3942; x_wconf 88' lang='lat' dir='ltr'><strong>suos</strong></span> <span class='ocrx_word' id='word_1_684' title='bbox 2779 3894 2831 3943; x_wconf 92' lang='lat' dir='ltr'><strong>et</strong></span> <span class='ocrx_word' id='word_1_685' title='bbox 2901 3886 3187 3941; x_wconf 81' lang='lat' dir='ltr'><strong>simulacra</strong></span> <span class='ocrx_word' id='word_1_686' title='bbox 3235 3901 3372 3953; x_wconf 85' lang='lat' dir='ltr'><strong>sua,</strong></span> <span class='ocrx_word' id='word_1_687' title='bbox 3440 3896 3493 3942; x_wconf 88' lang='lat' dir='ltr'><strong>et</strong></span> 
     </span>
    </p>
   </div>
   <div class='ocr_carea' id='block_1_95' title="bbox 1942 3976 3491 4048">
    <p class='ocr_par' dir='ltr' id='par_1_95' title="bbox 1942 3976 3491 4048">
     <span class='ocr_line' id='line_1_95' title="bbox 1942 3976 3491 4048; baseline 0.003 -18"><span class='ocrx_word' id='word_1_688' title='bbox 1942 3991 2058 4040; x_wconf 89' lang='lat' dir='ltr'><strong>eos,</strong></span> <span class='ocrx_word' id='word_1_689' title='bbox 2089 3977 2178 4045; x_wconf 91' lang='lat' dir='ltr'><strong>qui</strong></span> <span class='ocrx_word' id='word_1_690' title='bbox 2219 3976 2286 4031; x_wconf 90' lang='lat' dir='ltr'><strong>de</strong></span> <span class='ocrx_word' id='word_1_691' title='bbox 2334 3986 2473 4030; x_wconf 86' lang='lat' dir='ltr'><strong>terra</strong></span> <span class='ocrx_word' id='word_1_692' title='bbox 2532 3977 2825 4047; x_wconf 88' lang='lat' dir='ltr'><strong>loquuntur</strong></span> <span class='ocrx_word' id='word_1_693' title='bbox 2852 4018 2868 4042; x_wconf 92' lang='lat'><strong>,</strong></span> <span class='ocrx_word' id='word_1_694' title='bbox 2909 3988 2963 4032; x_wconf 91' lang='lat' dir='ltr'><strong>et</strong></span> <span class='ocrx_word' id='word_1_695' title='bbox 3006 3978 3389 4048; x_wconf 86' lang='lat' dir='ltr'><strong>ventriloquos.</strong></span> <span class='ocrx_word' id='word_1_696' title='bbox 3428 3979 3491 4035; x_wconf 84' lang='lat' dir='ltr'><strong>Et</strong></span> 
     </span>
    </p>
   </div>
   <div class='ocr_carea' id='block_1_96' title="bbox 1946 4066 3491 4138">
    <p class='ocr_par' dir='ltr' id='par_1_96' title="bbox 1946 4066 3491 4138">
     <span class='ocr_line' id='line_1_96' title="bbox 1946 4066 3491 4138; baseline 0.003 -18"><span class='ocrx_word' id='word_1_697' title='bbox 1946 4067 2149 4121; x_wconf 90' lang='lat' dir='ltr'><strong>tradam</strong></span> <span class='ocrx_word' id='word_1_698' title='bbox 2204 4066 2489 4138; x_wconf 63' lang='lat' dir='ltr'><strong>Egyptum</strong></span> <span class='ocrx_word' id='word_1_699' title='bbox 2533 4068 2586 4122; x_wconf 92' lang='lat' dir='ltr'><strong>in</strong></span> <span class='ocrx_word' id='word_1_700' title='bbox 2641 4083 2831 4123; x_wconf 89' lang='lat' dir='ltr'><strong>manus</strong></span> <span class='ocrx_word' id='word_1_701' title='bbox 2878 4069 3186 4133; x_wconf 88' lang='lat' dir='ltr'><strong>hominum,</strong></span> <span class='ocrx_word' id='word_1_702' title='bbox 3235 4068 3491 4125; x_wconf 88' lang='lat' dir='ltr'><strong>durorum</strong></span> 
     </span>
    </p>
   </div>
   <div class='ocr_carea' id='block_1_97' title="bbox 1943 4156 3491 4225">
    <p class='ocr_par' dir='ltr' id='par_1_97' title="bbox 1943 4156 3491 4225">
     <span class='ocr_line' id='line_1_97' title="bbox 1943 4156 3491 4225; baseline 0.002 -16"><span class='ocrx_word' id='word_1_703' title='bbox 1943 4156 2303 4221; x_wconf 91' lang='lat' dir='ltr'><strong>dominorum,</strong></span> <span class='ocrx_word' id='word_1_704' title='bbox 2334 4167 2385 4209; x_wconf 89' lang='lat' dir='ltr'><strong>et</strong></span> <span class='ocrx_word' id='word_1_705' title='bbox 2428 4171 2579 4225; x_wconf 86' lang='lat' dir='ltr'><strong>reges</strong></span> <span class='ocrx_word' id='word_1_706' title='bbox 2608 4158 2725 4211; x_wconf 91' lang='lat' dir='ltr'><strong>duri</strong></span> <span class='ocrx_word' id='word_1_707' title='bbox 2766 4158 3182 4213; x_wconf 90' lang='lat' dir='ltr'><strong>dominabuntur</strong></span> <span class='ocrx_word' id='word_1_708' title='bbox 3220 4174 3425 4214; x_wconf 88' lang='lat' dir='ltr'><strong>eorum.</strong></span> <span class='ocrx_word' id='word_1_709' title='bbox 3467 4177 3491 4212; x_wconf 74' lang='grc' dir='ltr'>ι</span> 
     </span>
    </p>
   </div>
   <div class='ocr_carea' id='block_1_98' title="bbox 1942 4246 3493 4319">
    <p class='ocr_par' dir='ltr' id='par_1_98' title="bbox 1942 4246 3493 4319">
     <span class='ocr_line' id='line_1_98' title="bbox 1942 4246 3493 4319; baseline 0.001 -17"><span class='ocrx_word' id='word_1_710' title='bbox 1942 4246 2096 4303; x_wconf 82' lang='lat' dir='ltr'><strong>Nomi</strong></span> <span class='ocrx_word' id='word_1_711' title='bbox 2154 4248 2294 4316; x_wconf 89' lang='lat' dir='ltr'><strong>apud</strong></span> <span class='ocrx_word' id='word_1_712' title='bbox 2343 4246 2627 4319; x_wconf 69' lang='lat' dir='ltr'><strong>IEgyptios</strong></span> <span class='ocrx_word' id='word_1_713' title='bbox 2679 4249 2943 4318; x_wconf 86' lang='lat' dir='ltr'><strong>hodieque</strong></span> <span class='ocrx_word' id='word_1_714' title='bbox 3005 4262 3263 4305; x_wconf 81' lang='lat' dir='ltr'><strong>vocantur</strong></span> <span class='ocrx_word' id='word_1_715' title='bbox 3308 4264 3493 4304; x_wconf 90' lang='lat' dir='ltr'><strong>eorum</strong></span> 
     </span>
    </p>
   </div>
   <div class='ocr_carea' id='block_1_99' title="bbox 1942 4340 3487 4410">
    <p class='ocr_par' dir='ltr' id='par_1_99' title="bbox 1942 4340 3487 4410">
     <span class='ocr_line' id='line_1_99' title="bbox 1942 4340 3487 4410; baseline 0.001 -15"><span class='ocrx_word' id='word_1_716' title='bbox 1942 4341 2207 4410; x_wconf 78' lang='lat' dir='ltr'><strong>regiones,</strong></span> <span class='ocrx_word' id='word_1_717' title='bbox 2244 4355 2363 4408; x_wconf 69' lang='lat' dir='ltr'><strong>quae</strong></span> <span class='ocrx_word' id='word_1_718' title='bbox 2415 4342 2575 4395; x_wconf 89' lang='lat' dir='ltr'><strong>etiam</strong></span> <span class='ocrx_word' id='word_1_719' title='bbox 2623 4342 2810 4396; x_wconf 86' lang='lat' dir='ltr'><strong>eadem</strong></span> <span class='ocrx_word' id='word_1_720' title='bbox 2843 4340 2911 4395; x_wconf 91' lang='lat' dir='ltr'><strong>de</strong></span> <span class='ocrx_word' id='word_1_721' title='bbox 2948 4356 3109 4397; x_wconf 86' lang='lat' dir='ltr'><strong>causa</strong></span> <span class='ocrx_word' id='word_1_722' title='bbox 3155 4351 3337 4395; x_wconf 83' lang='lat' dir='ltr'><strong>mutuo</strong></span> <span class='ocrx_word' id='word_1_723' title='bbox 3380 4342 3487 4396; x_wconf 83' lang='lat' dir='ltr'><strong>dis-</strong></span> 
     </span>
    </p>
   </div>
   <div class='ocr_carea' id='block_1_100' title="bbox 1942 4431 3488 4487">
    <p class='ocr_par' dir='ltr' id='par_1_100' title="bbox 1942 4431 3488 4487">
     <span class='ocr_line' id='line_1_100' title="bbox 1942 4431 3488 4487; baseline -0.001 -1"><span class='ocrx_word' id='word_1_724' title='bbox 1942 4432 2140 4486; x_wconf 81' lang='lat' dir='ltr'><strong>sident.</strong></span> <span class='ocrx_word' id='word_1_725' title='bbox 2176 4431 2468 4486; x_wconf 81' lang='lat' dir='ltr'><strong>Atheorum</strong></span> <span class='ocrx_word' id='word_1_726' title='bbox 2517 4442 2695 4486; x_wconf 86' lang='lat' dir='ltr'><strong>autem</strong></span> <span class='ocrx_word' id='word_1_727' title='bbox 2742 4433 2849 4486; x_wconf 81' lang='lat' dir='ltr'><strong>vita</strong></span> <span class='ocrx_word' id='word_1_728' title='bbox 2897 4434 2965 4487; x_wconf 89' lang='lat' dir='ltr'><strong>ah</strong></span> <span class='ocrx_word' id='word_1_729' title='bbox 3017 4432 3255 4487; x_wconf 88' lang='lat' dir='ltr'><strong>instituto</strong></span> <span class='ocrx_word' id='word_1_730' title='bbox 3298 4446 3488 4487; x_wconf 70' lang='lat' dir='ltr'><strong>secuno</strong></span> 
     </span>
    </p>
   </div>
   <div class='ocr_carea' id='block_1_101' title="bbox 1939 4522 3486 4589">
    <p class='ocr_par' dir='ltr' id='par_1_101' title="bbox 1939 4522 3486 4589">
     <span class='ocr_line' id='line_1_101' title="bbox 1939 4522 3486 4589; baseline 0.002 -13"><span class='ocrx_word' id='word_1_731' title='bbox 1939 4522 2063 4577; x_wconf 90' lang='lat' dir='ltr'><strong>dum</strong></span> <span class='ocrx_word' id='word_1_732' title='bbox 2121 4523 2283 4575; x_wconf 88' lang='lat' dir='ltr'><strong>Deum</strong></span> <span class='ocrx_word' id='word_1_733' title='bbox 2332 4523 2720 4589; x_wconf 87' lang='lat' dir='ltr'><strong>dissentiebat,</strong></span> <span class='ocrx_word' id='word_1_734' title='bbox 2764 4535 2820 4578; x_wconf 92' lang='lat' dir='ltr'><strong>et</strong></span> <span class='ocrx_word' id='word_1_735' title='bbox 2866 4539 3055 4578; x_wconf 84' lang='lat' dir='ltr'><strong>nomus</strong></span> <span class='ocrx_word' id='word_1_736' title='bbox 3093 4524 3348 4578; x_wconf 85' lang='lat' dir='ltr'><strong>adversus</strong></span> <span class='ocrx_word' id='word_1_737' title='bbox 3388 4538 3486 4579; x_wconf 87' lang='lat' dir='ltr'><strong>no-</strong></span> 
     </span>
    </p>
   </div>
   <div class='ocr_carea' id='block_1_102' title="bbox 1939 4614 3486 4686">
    <p class='ocr_par' dir='ltr' id='par_1_102' title="bbox 1939 4614 3486 4686">
     <span class='ocr_line' id='line_1_102' title="bbox 1939 4614 3486 4686; baseline 0.003 -19"><span class='ocrx_word' id='word_1_738' title='bbox 1939 4629 2083 4667; x_wconf 89' lang='lat' dir='ltr'><strong>mum</strong></span> <span class='ocrx_word' id='word_1_739' title='bbox 2121 4614 2462 4686; x_wconf 80' lang='lat' dir='ltr'><strong>insurgebat,</strong></span> <span class='ocrx_word' id='word_1_740' title='bbox 2503 4616 2810 4684; x_wconf 84' lang='lat' dir='ltr'><strong>evangelica</strong></span> <span class='ocrx_word' id='word_1_741' title='bbox 2854 4616 2967 4685; x_wconf 87' lang='lat' dir='ltr'><strong>lege</strong></span> <span class='ocrx_word' id='word_1_742' title='bbox 3009 4617 3078 4685; x_wconf 90' lang='lat' dir='ltr'><strong>(s.</strong></span> <span class='ocrx_word' id='word_1_743' title='bbox 3121 4614 3288 4686; x_wconf 84' lang='grc' dir='ltr'>νόμῳ)</span> <span class='ocrx_word' id='word_1_744' title='bbox 3322 4614 3486 4686; x_wconf 66' lang='lat' dir='ltr'><strong>Egy-</strong></span> 
     </span>
    </p>
   </div>
   <div class='ocr_carea' id='block_1_103' title="bbox 1936 4704 3487 4774">
    <p class='ocr_par' dir='ltr' id='par_1_103' title="bbox 1936 4704 3487 4774">
     <span class='ocr_line' id='line_1_103' title="bbox 1936 4704 3487 4774; baseline 0.001 -16"><span class='ocrx_word' id='word_1_745' title='bbox 1936 4704 2166 4773; x_wconf 88' lang='lat' dir='ltr'><strong>pliorum</strong></span> <span class='ocrx_word' id='word_1_746' title='bbox 2213 4704 2404 4774; x_wconf 87' lang='lat' dir='ltr'><strong>legalia</strong></span> <span class='ocrx_word' id='word_1_747' title='bbox 2456 4707 2833 4771; x_wconf 87' lang='lat' dir='ltr'><strong>subvertente,</strong></span> <span class='ocrx_word' id='word_1_748' title='bbox 2887 4721 2948 4760; x_wconf 89' lang='lat' dir='ltr'><strong>ac</strong></span> <span class='ocrx_word' id='word_1_749' title='bbox 2997 4706 3231 4761; x_wconf 86' lang='lat' dir='ltr'><strong>vicissim</strong></span> <span class='ocrx_word' id='word_1_750' title='bbox 3269 4704 3487 4762; x_wconf 89' lang='lat' dir='ltr'><strong>idolola-</strong></span> 
     </span>
    </p>
   </div>
   <div class='ocr_carea' id='block_1_104' title="bbox 1939 4796 3484 4868">
    <p class='ocr_par' dir='ltr' id='par_1_104' title="bbox 1939 4796 3484 4868">
     <span class='ocr_line' id='line_1_104' title="bbox 1939 4796 3484 4868; baseline 0.002 -19"><span class='ocrx_word' id='word_1_751' title='bbox 1939 4796 2052 4851; x_wconf 75' lang='lat' dir='ltr'><strong>triae</strong></span> <span class='ocrx_word' id='word_1_752' title='bbox 2091 4796 2203 4868; x_wconf 90' lang='lat' dir='ltr'><strong>lege</strong></span> <span class='ocrx_word' id='word_1_753' title='bbox 2249 4798 2484 4852; x_wconf 90' lang='lat' dir='ltr'><strong>salutare</strong></span> <span class='ocrx_word' id='word_1_754' title='bbox 2515 4800 2737 4853; x_wconf 86' lang='lat' dir='ltr'><strong>verbum</strong></span> <span class='ocrx_word' id='word_1_755' title='bbox 2763 4808 3123 4867; x_wconf 89' lang='lat' dir='ltr'><strong>oppugnante.</strong></span> <span class='ocrx_word' id='word_1_756' title='bbox 3165 4796 3289 4853; x_wconf 79' lang='lat' dir='ltr'><strong>Haec</strong></span> <span class='ocrx_word' id='word_1_757' title='bbox 3324 4812 3484 4868; x_wconf 91' lang='lat' dir='ltr'><strong>porro</strong></span> 
     </span>
    </p>
   </div>
   <div class='ocr_carea' id='block_1_105' title="bbox 1935 4886 3484 4958">
    <p class='ocr_par' dir='ltr' id='par_1_105' title="bbox 1935 4886 3484 4958">
     <span class='ocr_line' id='line_1_105' title="bbox 1935 4886 3484 4958; baseline 0 -17"><span class='ocrx_word' id='word_1_758' title='bbox 1935 4886 2114 4941; x_wconf 90' lang='lat' dir='ltr'><strong>omnia</strong></span> <span class='ocrx_word' id='word_1_759' title='bbox 2163 4888 2582 4958; x_wconf 86' lang='lat' dir='ltr'><strong>contingebant,</strong></span> <span class='ocrx_word' id='word_1_760' title='bbox 2637 4886 3012 4958; x_wconf 67' lang='lat' dir='ltr'><strong>Egyptiorum</strong></span> <span class='ocrx_word' id='word_1_761' title='bbox 3068 4903 3389 4944; x_wconf 89' lang='lat' dir='ltr'><strong>consensum</strong></span> <span class='ocrx_word' id='word_1_762' title='bbox 3428 4893 3484 4942; x_wconf 89' lang='lat' dir='ltr'><strong>et</strong></span> 
     </span>
    </p>
   </div>
   <div class='ocr_carea' id='block_1_106' title="bbox 1936 4981 3482 5037">
    <p class='ocr_par' dir='ltr' id='par_1_106' title="bbox 1936 4981 3482 5037">
     <span class='ocr_line' id='line_1_106' title="bbox 1936 4981 3482 5037; baseline -0.001 -3"><span class='ocrx_word' id='word_1_763' title='bbox 1936 4981 2276 5035; x_wconf 87' lang='lat' dir='ltr'><strong>concordiam</strong></span> <span class='ocrx_word' id='word_1_764' title='bbox 2312 4982 2457 5036; x_wconf 88' lang='lat' dir='ltr'><strong>circa</strong></span> <span class='ocrx_word' id='word_1_765' title='bbox 2499 4982 2786 5037; x_wconf 90' lang='lat' dir='ltr'><strong>multorum</strong></span> <span class='ocrx_word' id='word_1_766' title='bbox 2829 4981 3049 5035; x_wconf 89' lang='lat' dir='ltr'><strong>deorum</strong></span> <span class='ocrx_word' id='word_1_767' title='bbox 3086 4995 3320 5036; x_wconf 86' lang='lat' dir='ltr'><strong>errorem</strong></span> <span class='ocrx_word' id='word_1_768' title='bbox 3354 4993 3482 5034; x_wconf 84' lang='lat' dir='ltr'><strong>con-</strong></span> 
     </span>
    </p>
   </div>
   <div class='ocr_carea' id='block_1_107' title="bbox 1936 5070 3481 5141">
    <p class='ocr_par' dir='ltr' id='par_1_107' title="bbox 1936 5070 3481 5141">
     <span class='ocr_line' id='line_1_107' title="bbox 1936 5070 3481 5141; baseline 0.001 -18"><span class='ocrx_word' id='word_1_769' title='bbox 1936 5070 2191 5125; x_wconf 81' lang='lat' dir='ltr'><strong>fundente</strong></span> <span class='ocrx_word' id='word_1_770' title='bbox 2222 5071 2467 5138; x_wconf 92' lang='lat' dir='ltr'><strong>Domino,</strong></span> <span class='ocrx_word' id='word_1_771' title='bbox 2521 5073 2612 5141; x_wconf 92' lang='lat' dir='ltr'><strong>qui</strong></span> <span class='ocrx_word' id='word_1_772' title='bbox 2656 5073 2722 5126; x_wconf 91' lang='lat' dir='ltr'><strong>ad</strong></span> <span class='ocrx_word' id='word_1_773' title='bbox 2769 5071 2914 5141; x_wconf 89' lang='lat' dir='ltr'><strong>ipsos</strong></span> <span class='ocrx_word' id='word_1_774' title='bbox 2960 5071 3273 5126; x_wconf 90' lang='lat' dir='ltr'><strong>advenerat.</strong></span> <span class='ocrx_word' id='word_1_775' title='bbox 3309 5070 3481 5137; x_wconf 85' lang='lat' dir='ltr'><strong>Quare</strong></span> 
     </span>
    </p>
   </div>
   <div class='ocr_carea' id='block_1_108' title="bbox 1933 5163 3478 5233">
    <p class='ocr_par' dir='ltr' id='par_1_108' title="bbox 1933 5163 3478 5233">
     <span class='ocr_line' id='line_1_108' title="bbox 1933 5163 3478 5233; baseline 0 -18"><span class='ocrx_word' id='word_1_776' title='bbox 1933 5163 2224 5217; x_wconf 84' lang='lat' dir='ltr'><strong>secundum</strong></span> <span class='ocrx_word' id='word_1_777' title='bbox 2251 5165 2499 5233; x_wconf 83' lang='lat' dir='ltr'><strong>Aquilam</strong></span> <span class='ocrx_word' id='word_1_778' title='bbox 2532 5166 2751 5231; x_wconf 76' lang='lat' dir='ltr'><strong>dicitur,</strong></span> <span class='ocrx_word' id='word_1_779' title='bbox 2786 5185 2805 5218; x_wconf 88' lang='grc'><strong><em>‹</em></strong></span> <span class='ocrx_word' id='word_1_780' title='bbox 2844 5165 2912 5219; x_wconf 88' lang='lat' dir='ltr'><strong>Et</strong></span> <span class='ocrx_word' id='word_1_781' title='bbox 2945 5164 3259 5219; x_wconf 89' lang='lat' dir='ltr'><strong>seditionem</strong></span> <span class='ocrx_word' id='word_1_782' title='bbox 3285 5177 3478 5232; x_wconf 87' lang='lat' dir='ltr'><strong>ponam</strong></span> 
     </span>
    </p>
   </div>
   <div class='ocr_carea' id='block_1_109' title="bbox 265 5221 1846 5331">
    <p class='ocr_par' dir='ltr' id='par_1_109' title="bbox 265 5221 1820 5331">
     <span class='ocr_line' id='line_1_109' title="bbox 265 5221 1820 5331; baseline 0.023 -59"><span class='ocrx_word' id='word_1_783' title='bbox 265 5221 517 5331; x_wconf 70' lang='grc' dir='ltr'>Ἀκύλαν,</span> <span class='ocrx_word' id='word_1_784' title='bbox 548 5248 565 5279; x_wconf 75' lang='grc' dir='ltr'>ι</span> <span class='ocrx_word' id='word_1_785' title='bbox 600 5232 710 5287; x_wconf 80' lang='grc' dir='ltr'><strong>Καὶ</strong></span> <span class='ocrx_word' id='word_1_786' title='bbox 746 5238 1022 5292; x_wconf 87' lang='grc' dir='ltr'>στασιάσω</span> <span class='ocrx_word' id='word_1_787' title='bbox 1055 5221 1371 5311; x_wconf 73' lang='grc' dir='ltr'>Αἰγυπτίοις</span> <span class='ocrx_word' id='word_1_788' title='bbox 1409 5221 1763 5317; x_wconf 52' lang='grc' dir='ltr'>Αἰγυπτίους*</span> <span class='ocrx_word' id='word_1_789' title='bbox 1802 5274 1820 5306; x_wconf 74' lang='grc' dir='ltr'>ι</span> 
     </span>
    </p>
   </div>
   <div class='ocr_carea' id='block_1_110' title="bbox 1949 5221 3478 5331">
    <p class='ocr_par' dir='ltr' id='par_1_110' title="bbox 1952 5221 3478 5331">
     <span class='ocr_line' id='line_1_110' title="bbox 1952 5221 3478 5331; baseline 0.002 -22"><span class='ocrx_word' id='word_1_790' title='bbox 1952 5265 2068 5311; x_wconf 89' lang='lat' dir='ltr'><strong>nter</strong></span> <span class='ocrx_word' id='word_1_791' title='bbox 2106 5221 2387 5330; x_wconf 44' lang='lat' dir='ltr'><strong>Egyptilos</strong></span> <span class='ocrx_word' id='word_1_792' title='bbox 2414 5268 2466 5313; x_wconf 93' lang='lat' dir='ltr'><strong>et</strong></span> <span class='ocrx_word' id='word_1_793' title='bbox 2496 5221 2815 5331; x_wconf 66' lang='lat' dir='ltr'><strong>Egyptios;</strong></span> <span class='ocrx_word' id='word_1_794' title='bbox 2858 5277 2877 5310; x_wconf 76' lang='grc' dir='ltr'>ι</span> <span class='ocrx_word' id='word_1_795' title='bbox 2911 5260 3202 5313; x_wconf 86' lang='lat' dir='ltr'><strong>secundum</strong></span> <span class='ocrx_word' id='word_1_796' title='bbox 3239 5221 3478 5330; x_wconf 55' lang='lat' dir='ltr'><strong>Svmma—</strong></span> 
     </span>
    </p>
   </div>
   <div class='ocr_carea' id='block_1_111' title="bbox 252 5312 1827 5405">
    <p class='ocr_par' dir='ltr' id='par_1_111' title="bbox 252 5312 1827 5405">
     <span class='ocr_line' id='line_1_111' title="bbox 252 5312 1827 5405; baseline 0.022 -43"><span class='ocrx_word' id='word_1_797' title='bbox 252 5312 493 5405; x_wconf 45' lang='lat' dir='ltr'><strong>adrade</strong></span> <span class='ocrx_word' id='word_1_798' title='bbox 531 5318 622 5374; x_wconf 75' lang='grc' dir='ltr'>τὸν</span> <span class='ocrx_word' id='word_1_799' title='bbox 655 5321 969 5397; x_wconf 90' lang='grc' dir='ltr'>Σύμμαχον,</span> <span class='ocrx_word' id='word_1_800' title='bbox 1012 5346 1029 5378; x_wconf 78' lang='grc' dir='ltr'><strong>ι</strong></span> <span class='ocrx_word' id='word_1_801' title='bbox 1071 5330 1335 5401; x_wconf 80' lang='grc' dir='ltr'>Συμϐαλῶ</span> <span class='ocrx_word' id='word_1_802' title='bbox 1362 5312 1688 5405; x_wconf 80' lang='grc' dir='ltr'>Αἰγυπτίους</span> <span class='ocrx_word' id='word_1_803' title='bbox 1722 5312 1827 5396; x_wconf 56' lang='grc' dir='ltr'><strong>Ᾰίο</strong></span> 
     </span>
    </p>
   </div>
   <div class='ocr_carea' id='block_1_112' title="bbox 1926 5346 3478 5419">
    <p class='ocr_par' dir='ltr' id='par_1_112' title="bbox 1926 5346 3478 5419">
     <span class='ocr_line' id='line_1_112' title="bbox 1926 5346 3478 5419; baseline 0.003 -19"><span class='ocrx_word' id='word_1_804' title='bbox 1926 5346 2083 5403; x_wconf 90' lang='lat' dir='ltr'><strong>chum</strong></span> <span class='ocrx_word' id='word_1_805' title='bbox 2128 5363 2273 5413; x_wconf 84' lang='lat' dir='ltr'><strong>vero,</strong></span> <span class='ocrx_word' id='word_1_806' title='bbox 2329 5366 2348 5399; x_wconf 76' lang='grc' dir='ltr'>ι</span> <span class='ocrx_word' id='word_1_807' title='bbox 2405 5348 2744 5403; x_wconf 90' lang='lat' dir='ltr'><strong>Committam</strong></span> <span class='ocrx_word' id='word_1_808' title='bbox 2798 5347 3083 5419; x_wconf 65' lang='lat' dir='ltr'><strong>Egyptios</strong></span> <span class='ocrx_word' id='word_1_809' title='bbox 3139 5364 3260 5404; x_wconf 91' lang='lat' dir='ltr'><strong>cum</strong></span> <span class='ocrx_word' id='word_1_810' title='bbox 3317 5346 3478 5417; x_wconf 63' lang='lat' dir='ltr'><strong>Egy-</strong></span> 
     </span>
    </p>
   </div>
   <div class='ocr_carea' id='block_1_113' title="bbox 249 5403 1846 5508">
    <p class='ocr_par' dir='ltr' id='par_1_113' title="bbox 249 5403 1823 5508">
     <span class='ocr_line' id='line_1_113' title="bbox 249 5403 1823 5508; baseline 0.022 -54"><span class='ocrx_word' id='word_1_811' title='bbox 249 5403 523 5508; x_wconf 46' lang='grc' dir='ltr'>ἷυπτίοις..</span> <span class='ocrx_word' id='word_1_812' title='bbox 628 5412 869 5508; x_wconf 56' lang='grc' dir='ltr'>ξυγγενῆ</span> <span class='ocrx_word' id='word_1_813' title='bbox 910 5418 967 5471; x_wconf 84' lang='grc' dir='ltr'><strong>δὲ</strong></span> <span class='ocrx_word' id='word_1_814' title='bbox 1002 5421 1212 5485; x_wconf 87' lang='grc' dir='ltr'>τούτοις</span> <span class='ocrx_word' id='word_1_815' title='bbox 1242 5427 1334 5478; x_wconf 86' lang='grc' dir='ltr'>καί</span> <span class='ocrx_word' id='word_1_816' title='bbox 1374 5403 1596 5499; x_wconf 75' lang='grc' dir='ltr'>ἀδελφὰ,</span> <span class='ocrx_word' id='word_1_817' title='bbox 1625 5403 1823 5502; x_wconf 60' lang='grc' dir='ltr'>μᾶλλον</span> 
     </span>
    </p>
   </div>
   <div class='ocr_carea' id='block_1_114' title="bbox 1949 5403 3477 5508">
    <p class='ocr_par' dir='ltr' id='par_1_114' title="bbox 1949 5403 3477 5508">
     <span class='ocr_line' id='line_1_114' title="bbox 1949 5403 3477 5508; baseline 0.003 -20"><span class='ocrx_word' id='word_1_818' title='bbox 1949 5445 2069 5492; x_wconf 73' lang='lat' dir='ltr'><strong>itus.</strong></span> <span class='ocrx_word' id='word_1_819' title='bbox 2115 5457 2133 5488; x_wconf 76' lang='grc' dir='ltr'><strong>ι</strong></span> <span class='ocrx_word' id='word_1_820' title='bbox 2182 5436 2275 5493; x_wconf 87' lang='lat' dir='ltr'><strong>His</strong></span> <span class='ocrx_word' id='word_1_821' title='bbox 2323 5453 2483 5508; x_wconf 90' lang='lat' dir='ltr'><strong>porro</strong></span> <span class='ocrx_word' id='word_1_822' title='bbox 2525 5436 2700 5494; x_wconf 76' lang='lat' dir='ltr'><strong>amuia</strong></span> <span class='ocrx_word' id='word_1_823' title='bbox 2760 5449 2815 5496; x_wconf 86' lang='lat' dir='ltr'><strong>et</strong></span> <span class='ocrx_word' id='word_1_824' title='bbox 2860 5403 3074 5505; x_wconf 67' lang='lat' dir='ltr'><strong>similia,</strong></span> <span class='ocrx_word' id='word_1_825' title='bbox 3133 5439 3241 5494; x_wconf 92' lang='lat' dir='ltr'><strong>imo</strong></span> <span class='ocrx_word' id='word_1_826' title='bbox 3300 5438 3477 5507; x_wconf 79' lang='lat' dir='ltr'><strong>potius</strong></span> 
     </span>
    </p>
   </div>
   <div class='ocr_carea' id='block_1_115' title="bbox 247 5492 1846 5601">
    <p class='ocr_par' dir='ltr' id='par_1_115' title="bbox 247 5492 1821 5597">
     <span class='ocr_line' id='line_1_115' title="bbox 247 5492 1821 5597; baseline 0.022 -51"><span class='ocrx_word' id='word_1_827' title='bbox 247 5492 308 5547; x_wconf 69' lang='grc' dir='ltr'><strong>δὲ</strong></span> <span class='ocrx_word' id='word_1_828' title='bbox 354 5495 423 5569; x_wconf 74' lang='grc' dir='ltr'><strong>τὰ</strong></span> <span class='ocrx_word' id='word_1_829' title='bbox 453 5497 592 5554; x_wconf 81' lang='grc' dir='ltr'>αὐτά</span> <span class='ocrx_word' id='word_1_830' title='bbox 639 5503 846 5584; x_wconf 77' lang='grc' dir='ltr'>ἑτέροις</span> <span class='ocrx_word' id='word_1_831' title='bbox 887 5510 1125 5581; x_wconf 74' lang='grc' dir='ltr'>ῥήμασιν</span> <span class='ocrx_word' id='word_1_832' title='bbox 1160 5514 1319 5585; x_wconf 74' lang='grc' dir='ltr'>αὐτὸς</span> <span class='ocrx_word' id='word_1_833' title='bbox 1360 5520 1388 5575; x_wconf 80' lang='grc' dir='ltr'><em>ὁ</em></span> <span class='ocrx_word' id='word_1_834' title='bbox 1428 5492 1638 5593; x_wconf 74' lang='grc' dir='ltr'>Κύριος</span> <span class='ocrx_word' id='word_1_835' title='bbox 1664 5525 1821 5597; x_wconf 85' lang='grc' dir='ltr'>ήμῶν</span> 
     </span>
    </p>
   </div>
   <div class='ocr_carea' id='block_1_116' title="bbox 1949 5492 3474 5601">
    <p class='ocr_par' dir='ltr' id='par_1_116' title="bbox 1949 5528 3474 5601">
     <span class='ocr_line' id='line_1_116' title="bbox 1949 5528 3474 5601; baseline 0.003 -22"><span class='ocrx_word' id='word_1_836' title='bbox 1949 5528 2107 5585; x_wconf 67' lang='lat' dir='ltr'><strong>:adem</strong></span> <span class='ocrx_word' id='word_1_837' title='bbox 2152 5529 2265 5601; x_wconf 85' lang='lat' dir='ltr'><strong>ipsa</strong></span> <span class='ocrx_word' id='word_1_838' title='bbox 2300 5530 2418 5587; x_wconf 83' lang='lat' dir='ltr'><strong>aliis</strong></span> <span class='ocrx_word' id='word_1_839' title='bbox 2458 5530 2638 5589; x_wconf 84' lang='lat' dir='ltr'><strong>verbis</strong></span> <span class='ocrx_word' id='word_1_840' title='bbox 2682 5532 2934 5591; x_wconf 85' lang='lat' dir='ltr'><strong>Dominus</strong></span> <span class='ocrx_word' id='word_1_841' title='bbox 2976 5541 3158 5591; x_wconf 85' lang='lat' dir='ltr'><strong>noster</strong></span> <span class='ocrx_word' id='word_1_842' title='bbox 3194 5535 3250 5588; x_wconf 89' lang='lat' dir='ltr'><strong>in</strong></span> <span class='ocrx_word' id='word_1_843' title='bbox 3295 5529 3474 5586; x_wconf 84' lang='lat' dir='ltr'><strong>Evan-</strong></span> 
     </span>
    </p>
   </div>
   <div class='ocr_carea' id='block_1_117' title="bbox 328 5671 1431 5773">
    <p class='ocr_par' dir='ltr' id='par_1_117' title="bbox 328 5671 1431 5773">
     <span class='ocr_line' id='line_1_117' title="bbox 328 5671 1431 5773; baseline 0.02 -43"><span class='ocrx_word' id='word_1_844' title='bbox 328 5671 371 5723; x_wconf 64' lang='grc' dir='ltr'><strong>’ἓ</strong></span> <span class='ocrx_word' id='word_1_845' title='bbox 400 5675 569 5751; x_wconf 60' lang='grc' dir='ltr'><strong>εξοιῇ</strong></span> <span class='ocrx_word' id='word_1_846' title='bbox 607 5696 637 5738; x_wconf 88' lang='lat' dir='ltr'><strong>v</strong></span> <span class='ocrx_word' id='word_1_847' title='bbox 664 5726 677 5753; x_wconf 91' lang='lat'><strong>,</strong></span> <span class='ocrx_word' id='word_1_848' title='bbox 732 5685 786 5752; x_wconf 70' lang='lat'><strong>2.</strong></span> <span class='ocrx_word' id='word_1_849' title='bbox 861 5689 904 5721; x_wconf 72' lang='grc' dir='ltr'><strong>θ’</strong></span> <span class='ocrx_word' id='word_1_850' title='bbox 938 5688 1123 5762; x_wconf 68' lang='lat' dir='ltr'><strong>Matth.</strong></span> <span class='ocrx_word' id='word_1_851' title='bbox 1165 5708 1315 5773; x_wconf 76' lang='lat' dir='ltr'><strong>xvut,</strong></span> <span class='ocrx_word' id='word_1_852' title='bbox 1346 5693 1431 5761; x_wconf 69' lang='lat'><strong>20.</strong></span> 
     </span>
    </p>
   </div>
  </div>
