4072 6194
494 265 608 324 235

1163 260 1438 319 EUSEBII
1472 259 1947 317 CIESARIENSIS
1980 258 2129 320 OPP.
2172 257 2349 314 PARS
2383 256 2470 313 111.
2506 286 2577 300 --
2612 254 3017 311 EXEGETICA.

3612 249 3726 306 2‘24

498 385 653 456 geliis
695 383 895 447 docuit,
941 385 1153 450 dicens,
1217 402 1234 437 ι
1270 384 1450 441 Nolite
1496 396 1689 455 putare
1733 386 1875 455 quod
1902 398 2037 440 vene

2168 384 2226 435 ὲν
2251 380 2603 450 Εὐαγγελίοις
2646 378 2888 432 ἐδίδασκε
2928 376 3105 444 λέγων
3125 392 3137 404 ·
3192 392 3211 423 ι
3251 370 3341 443 Μὴ
3364 385 3617 441 νομισητσ
3644 371 3723 422 δτι

499 478 600 531 rim
636 489 821 545 pacem
854 473 1070 530 mittere
1108 490 1270 545 super
1296 486 1535 531 terram:
1584 492 1689 531 non
1726 478 1842 531 veni
1877 491 2062 545 pacem

504 568 738 629 mittere.
770 568 864 622 sed
896 566 1128 637 gladium
1160 566 1228 632 ³³³,
1264 586 1282 618 ι
1312 577 1367 621 et
1404 576 1620 621 czetera.
1658 567 1753 620 llis
1783 583 1945 637 porro
1972 582 2064 637 ge-

495 658 616 725 stis,
648 658 1079 713 conturbandum
1112 672 1232 712 esse
1265 657 1339 710 ait
1364 658 1611 727 spiritum
1648 657 2060 729 Aﬂgyptiorum;

494 747 791 803 secundum
833 747 1216 817 Symmachum
1268 762 1418 813 vero,
1468 765 1486 799 ι
1532 747 1600 802 Et
1644 759 1922 818 rumpatur
1956 750 2062 818 spi-

494 837 636 894 ritus
674 836 890 909 Egypti
931 838 983 892 in
1019 839 1167 907 ipsa;
1216 856 1235 889 ι
1274 839 1571 893 secundum
1614 838 2058 907 Theodotionem,

499 945 523 981 ι
559 928 624 982 Et
664 929 942 984 scindetur
982 927 1204 997 spiritus
1246 925 1464 997 [Egypti
1510 926 1563 980 in
1608 926 1760 995 ipsa;
1804 947 1823 979 ι
1868 928 2057 997 Aquila

488 1028 677 1075 autem
714 1020 791 1075 sic
841 1020 935 1085 ait,
996 1038 1014 1070 ι
1061 1018 1129 1073 Ει
1171 1020 1413 1073 tradetur
1458 1020 1686 1087 spiritus
1732 1020 1950 1091 IEgypti
2006 1020 2058 1077 in

492 1114 793 1169 visceribus
822 1112 958 1182 ejus.
1007 1132 1025 1165 ι
1057 1113 1170 1170 Hoc
1207 1123 1384 1169 autem
1433 1115 1647 1183 dirupto
1691 1130 1750 1168 ac
1778 1129 1841 1169 ex
1876 1113 2060 1169 Eccle-

2161 471 2322 546 ἦλθον
2352 474 2528 546 βαλεῖν
2554 473 2774 542 εἰρήνην
2805 470 2895 522 ἐπὶ
2926 470 3025 540 τὴν
3056 468 3181 538 γῆν⁸
3224 466 3324 518 οὐκ
3356 460 3515 534 ἦλθον
3552 462 3726 530 βαλεῖν

2162 570 2406 639 εἰρήνην,
2436 565 2571 620 ἀλλὰ
2617 566 2908 635 μάχαιραν,
2949 580 2967 612 ι
2997 560 3089 613 καὶ
3122 558 3189 611 τὰ
3249 557 3394 627 ἑξῆς.
3424 554 3640 607 Τούτων
3672 554 3728 607 δὲ

2162 658 2479 729 γινομένων,
2514 652 2950 725 ταραχθήσεσθαί
2976 666 3135 722 φησιν
3174 649 3202 700 ὁ
3235 647 3389 715 λόγος
3425 645 3485 700 τὸ
3515 642 3730 714 πνεῦμα

2160 748 2268 802 τῶν
2298 748 2608 816 Αἰγυπτίων
2629 764 2643 777 ο
2683 746 2824 798 κατά
2850 745 2905 797 δὲ
2933 744 3021 795 τὸν
3042 742 3351 812 Σύμμαχον,
3377 758 3395 790 ι
3418 739 3526 792 Kal
3554 736 3727 807 ῥαγή-

2161 857 2309 894 σεται
2343 839 2560 910 πνεῦμα
2589 837 2861 906 Αἰγύπτου
2889 838 2945 888 ὲν
2977 837 3134 905 αὐτῇ.
3172 853 3190 884 δ
3228 833 3382 885 Κατὰ
3402 830 3457 882 δὲ
3486 829 3578 881 τὸν
3600 827 3729 880 Θεο-

2156 932 2402 998 δοτίωνα,
2449 952 2466 984 ι
2516 932 2626 985 Kal
2658 929 3004 1001 σχισθήσεται
3031 926 3091 979 τὸ
3123 923 3337 994 πνεῦμα
3364 921 3639 991 Αἰγύπτου
3667 920 3724 971 ὲν

2157 1027 2316 1096 αὐτῇ·
2358 1043 2375 1076 ι
2410 1027 2437 1077 6
2464 1025 2521 1077 δὲ
2582 1022 2839 1085 Ἀκύλας,
2870 1039 2888 1071 ι
2925 1019 3033 1072 Kal
3056 1015 3483 1088 παραδοθήσεται
3510 1010 3725 1082 πνεῦμα

2156 1114 2430 1186 Αἰγύπτου
2462 1119 2518 1170 ὲν
2547 1116 2762 1185 έγκάτῳ
2786 1112 2975 1182 αὐτῆς.
3006 1129 3024 1162 ι
3072 1108 3272 1162 Τούτου
3298 1107 3353 1160 δὲ
3387 1103 3721 1177 ῥηγνυμένου

491 1207 574 1263 sia
621 1209 895 1277 proiecto,
942 1207 1008 1260 ad
1062 1206 1358 1275 profectum
1409 1205 1789 1277 Egyptiorum
1831 1208 2038 1262 consili:

2158 1213 2251 1265 καὶ
2282 1209 2822 1282 καταρριπτουμένου
2851 1209 2914 1259 ὲκ
2956 1206 3056 1274 τῆς
3094 1202 3435 1272 Ἐκκλησίας,
3474 1199 3719 1271 προκοπῇ

489 1313 652 1370 prava
683 1299 1000 1362 ineuntium,
1032 1297 1144 1367 Ego
1181 1298 1312 1368 ipse,
1358 1298 1435 1353 ait
1466 1299 1741 1363 Dominus,
1770 1300 2038 1357 consiliuu

2156 1305 2263 1361 τῶν
2291 1304 2599 1372 Αἰγυπτίων
2642 1300 2834 1372 βουλὰς
2876 1296 3115 1368 πονηρὰς
3150 1292 3522 1355 ἐπινοούντων,
3561 1287 3718 1357 Ἐγὼ,

489 1406 677 1447 eorum
712 1389 1001 1459 dissipabo.
1054 1407 1073 1442 ι
1127 1390 1193 1444 Et
1232 1391 1642 1461 interrogabant
1673 1392 1814 1460 ﬁdeos
1844 1406 1973 1447 suos
2003 1406 2033 1444 e

2156 1398 2344 1469 φησὶν,
2360 1396 2521 1460 αὐτὸς
2543 1397 2571 1449 6
2593 1394 2816 1464 Κύριος,
2830 1392 2929 1462 τὴν
2957 1387 3145 1461 βουλὴν
3169 1385 3345 1440 αὐτῶν
3365 1382 3717 1437 διασκεδάσω.

486 1483 776 1540 simulacra
808 1498 936 1548 sua,
982 1492 1037 1537 et
1073 1498 1165 1538 eos
1202 1483 1293 1550 qui
1333 1484 1400 1538 de
1446 1495 1586 1538 terra
1639 1483 1964 1554 loquuntur,
2003 1497 2033 1537 e

2161 1511 2179 1542 ι
2216 1491 2325 1544 Kal
2350 1490 2755 1562 ὲπερωτήσουσι
2778 1487 2904 1547 τοὺς
2926 1484 3080 1546 θεοὺς
3109 1479 3305 1545 αὐτῶν,
3335 1478 3429 1532 καὶ
3464 1476 3532 1530 τὰ
3556 1476 3721 1546 ἀγάλ-

486 1574 872 1645 ventriloquos.
910 1593 929 1626 ι
970 1572 1176 1629 Horum
1221 1572 1437 1628 nemine
1478 1588 1574 1642 pro
1616 1582 1874 1629 consueto
1906 1586 2038 1625 mort

2158 1600 2302 1654 ματα
2344 1582 2540 1647 αὐτῶν,
2585 1581 2680 1634 καὶ
2719 1579 2843 1642 τοὺς
2882 1578 2946 1629 ὲκ
2988 1576 3087 1645 τῆς
3128 1573 3231 1644 γῆς
3273 1570 3598 1642 φωνοῦντας,
3629 1569 3721 1623 καὶ

486 1676 799 1737 apparente,
846 1667 897 1720 in
938 1676 1209 1722 extremas
1239 1668 1516 1734 angustias
1544 1666 1881 1721 delabantur.
1929 1683 1947 1716 ι
1989 1664 2038 1719 EI

2153 1676 2281 1737 τοὺς
2311 1670 2799 1743 ἐγγαστριμύθους.
2841 1688 2858 1720 ι
2894 1666 3089 1724 Οὐκέτι
3136 1664 3358 1735 μηδενὸς
3390 1660 3593 1715 τούτων
3626 1659 3719 1712 αύ-

487 1760 695 1814 tradam
722 1759 1011 1831 JEgyptum
1043 1761 1097 1814 in
1128 1775 1318 1815 manus
1352 1760 1650 1823 hominum,
1710 1759 2038 1813 dominorum

2154 1767 2267 1827 τοῖς
2297 1762 2538 1834 συνήθως
2585 1759 2930 1831 φαινομένου,
2969 1759 3048 1819 εἰς
3090 1754 3323 1824 ἐσχάτην
3360 1748 3718 1823 ἐμπεσοῦνται

486 1850 770 1919 durorutn,
828 1859 882 1906 et
929 1865 1084 1922 reges
1126 1852 1245 1906 duri
1301 1850 1720 1907 dominabuntur
1763 1864 1975 1904 eorum.
2027 1867 2038 1902 ι

2152 1856 2406 1927 ἀπορίαν,
2453 1875 2469 1907 ε
2504 1855 2616 1909 Kal
2645 1848 2948 1924 παραδώσω
2986 1846 3085 1919 τὴν
3120 1846 3390 1915 Αἴγυπτον
3418 1845 3496 1907 είς
3534 1844 3719 1914 χεῖρας

486 1933 585 1991 His
622 1937 845 1992 indicari
892 1947 1019 2007 puto
1061 1948 1269 2010 tempus
1326 1955 1434 2009 quo
1507 1947 1761 1994 eventura
1813 1948 1939 1994 sunt
1990 1952 2038 1992 ea

2153 1948 2475 2021 ἀνθρώπων,
2526 1946 2730 2019 κυρίων
2776 1940 3040 2013 σκληρῶν,
3085 1941 3179 1994 καὶ
3221 1939 3458 2010 βασιλεῖς
3492 1934 3718 2007 σκληροὶ

480 2039 603 2096 quae
630 2027 680 2082 in
713 2028 966 2083 vaticinio
993 2028 1276 2085 feruntur:
1319 2046 1441 2085 nam
1485 2028 1866 2101 Egyptiorum
1899 2031 2038 2100 regni

2154 2038 2532 2111 κυριεύσουσιν
2598 2035 2797 2091 αὐτῶν.
2856 2054 2876 2085 ι
2959 2029 3222 2085 Ἐνταῦθα
3288 2026 3573 2098 δηλοῦσθαι
3626 2025 3718 2079 τὸν

481 2117 833 2173 mutationem
884 2118 999 2174 fore
1036 2120 1343 2190 signiﬁcat,
1380 2136 1485 2188 quo
1518 2129 1757 2189 tempore
1795 2121 2038 2177 Dominus

2150 2128 2339 2198 χρόνον
2380 2123 2531 2197 οἶμαι
2570 2125 2670 2194 τῆς
2707 2122 2814 2176 τῶν
2846 2119 3245 2191 θεσπιζομένων
3289 2115 3580 2177 ἐκϐάσεως·
3617 2130 3718 2184 με-

482 2205 539 2260 in
571 2203 868 2277 Egyptum
900 2208 1293 2275 proﬁciscetur.
1344 2209 1475 2276 Quis
1507 2224 1632 2264 vero
1662 2226 1767 2265 non
1810 2220 2038 2280 stupeat,

2147 2217 2375 2288 ταϐολὴν
2411 2216 2516 2286 γὰρ
2558 2213 2776 2267 ἔσεσθαι
2806 2213 2906 2282 τῆς
2948 2210 3227 2281 βασιλείας
3267 2207 3373 2260 τῶν
3402 2205 3715 2273 Αἰγυπτίων

482 2296 533 2353 si
611 2307 824 2366 tempus
869 2299 1111 2354 conferat
1160 2302 1411 2356 salutaris
1461 2303 1856 2372 praedicationis
1927 2319 2038 2359 cum

2149 2309 2424 2378 σημαίνει,
2451 2306 2592 2360 κατὰ
2620 2305 2745 2368 τοὺς
2776 2303 2999 2374 χρόνους
3034 2302 3132 2371 τῆς
3161 2298 3254 2352 τοῦ
3281 2298 3486 2369 Κυρίου
3512 2297 3590 2361 είς
3620 2295 3716 2348 Αῐ-

480 2390 633 2459 regui
674 2388 981 2461 Egyptiaci
1031 2392 1346 2459 eversione,
1404 2396 1670 2464 quomodo
1713 2395 1919 2451 scilicet
1948 2411 2038 2451 ex-

2145 2414 2348 2467 γυπτον
2384 2395 2639 2466 ἀφίξεως.
2672 2393 2782 2447 Kal
2822 2392 2906 2454 τίς
2931 2392 3031 2444 ούκ
3066 2390 3132 2443 ἂν
3161 2384 3479 2455 ἐκπλαγείη,
3508 2383 3715 2454 συμὸαο

480 2480 605 2535 inde
637 2482 702 2535 ad
739 2482 1055 2537 hodiernum
1095 2500 1265 2556 usque
1314 2487 1478 2551 diem,
1530 2502 1634 2541 non
1688 2486 1831 2541 ultra
1878 2489 2038 2557 prisci

2144 2488 2251 2544 λὼν
2278 2489 2403 2554 τοὺς
2430 2487 2523 2541 τοῦ
2560 2486 2825 2558 σωτηρίου
2852 2484 3203 2555 κηρύγματος
3234 2479 3325 2533 καὶ
3351 2477 3451 2548 τῆς
3477 2478 3533 2530 ὲν
3564 2474 3715 2547 αὐτῷ

477 2574 555 2629 illi
589 2575 877 2645 principes,
903 2576 1172 2633 Ptolemaei
1203 2594 1415 2650 nempe,
1450 2580 1583 2649 ipsis
1613 2581 1917 2650 imperent;
1948 2580 2038 2637 sed

2144 2578 2490 2642 καταλύσεως
2534 2576 2627 2631 τοῦ
2676 2576 2795 2629 κατ’
2849 2574 3123 2642 Αἴγυπτον
3187 2569 3478 2642 βασιλείου,
3528 2568 3602 2632 ὼς
3654 2568 3713 2635 ἐξ

479 2664 710 2722 Romani
746 2683 933 2723 eorum
960 2668 1203 2724 domini?

2142 2674 2347 2728 ἐκείνου
2394 2671 2488 2725 καὶ
2517 2673 2596 2733 εἰς
2635 2668 2793 2741 δεῦρο
2835 2667 3028 2739 μηκέτι
3068 2664 3245 2719 αὐτῶν
3286 2664 3413 2726 τοὺς
3450 2663 3711 2733 πρότερον

2142 2768 2425 2837 ἄρχοντας,
2455 2763 2597 2831 λέγω
2629 2760 2693 2832 δὴ
2720 2762 2845 2822 τοὺς
2872 2756 3259 2829 Πτολεμαίους,
3292 2756 3532 2826 κρατεῖν,
3578 2753 3710 2804 Ῥω-

2148 2859 2339 2929 μαίους
2363 2857 2420 2909 δὲ
2453 2853 2634 2908 αὐτῶν
2666 2852 2887 2924 κυρίους
2916 2849 3323 2920 ἀποφανθῆναι,

541 2933 650 2990 Pro
684 2935 776 2991 illo
807 2946 1011 3004 autem,
1047 2956 1065 2990 ι
1106 2952 1259 3009 reges
1306 2939 1447 3004 duri,
1484 2959 1503 2993 ι
1536 2941 1748 3011 Aquila,
1784 2960 1802 2993 ι
1841 2942 1909 2997 Ει
1945 2956 2038 2996 rex

2225 2949 2368 3002 Ἀντί
2408 2948 2466 3001 δὲ
2497 2947 2613 3011 τοῦ,
2651 2965 2670 2997 ι
2715 2944 2950 3015 βασιλεῖς
2990 2942 3235 3013 σκληροὶ,
3292 2960 3309 2991 ι
3347 2942 3375 2993 6
3412 2939 3509 3010 μὲν
3554 2936 3708 2989 Ἀκύ-

474 3026 759 3080 roboratus
786 3027 1033 3096 regnabit
1069 3027 1237 3097 ipsis:
1274 3048 1293 3082 ι
1322 3029 1677 3102 Symmachus
1714 3048 1842 3088 vero
1864 3073 1878 3097 .
1914 3051 1933 3085 ‹
1977 3033 2038 3087 Ει

2142 3041 2260 3106 λας,
2300 3058 2320 3092 ι
2358 3040 2469 3093 Kal
2500 3037 2750 3108 βασιλεὺς
2780 3034 3254 3108 κεκραταιωμένος
3278 3030 3581 3102 βασιλεύσει
3611 3030 3708 3083 αύ-

473 3128 571 3168 rex
611 3114 780 3170 durus
806 3078 1126 3185 patestatem
1155 3078 1383 3175 habebit
1426 3121 1480 3175 in
1524 3120 1683 3188 illos;
1717 3140 1736 3172 ι
1787 3078 2037 3176 Τίίθοάο-

2143 3078 2211 3096 η..
2301 3078 2320 3092 .
2359 3078 2469 3093 η...-
2534 3078 2748 3102 --...-..,
2782 3078 2881 3089 η-..
2922 3078 3091 3089 -..ηπ
3140 3078 3252 3096 -.η
3278 3078 3580 3102 ,_---.-----

2142 3078 2272 3199 τῶῖ,
2324 3152 2342 3185 ›
2400 3078 2654 3204 είρτῖκεν⁹
2697 3131 2725 3182 6
2762 3129 2819 3182 δὲ
2858 3078 3174 3199 Σςύμμαχζς,
3223 3144 3240 3175 ι
3293 3124 3401 3177 Kal
3455 3122 3708 3193 βασιλεὺς

476 3205 573 3273 tio,
607 3225 625 3258 ι
658 3206 725 3262 Ει
760 3220 853 3265 rex
890 3208 1045 3264 fortis
1070 3211 1436 3267 dominabitur
1469 3212 1591 3267 illis.
1628 3232 1648 3265 ι
1686 3213 1839 3269 llunc
1878 3228 2038 3283 porro

2143 3226 2375 3297 σκληρὸς
2406 3202 2706 3290 έξουσιάσει
2741 3220 2920 3276 αὐτῶν
2940 3238 2953 3249 ·
2991 3239 3010 3270 ι
3055 3219 3082 3270 6
3113 3219 3169 3271 δὲ
3200 3215 3507 3278 Θεοδοτίων,
3548 3232 3565 3263 ‹
3598 3213 3711 3268 Kal

474 3297 675 3352 dixeris
698 3313 819 3354 esse
858 3300 1259 3370 imperatorem,
1309 3302 1401 3371 qui
1438 3312 1677 3372 tempore
1719 3314 1871 3359 ortus
1917 3304 2038 3360 Sal-

2142 3320 2389 3391 βασιλεὺς
2437 3315 2654 3385 ἰσχυρὸς
2693 3311 2967 3380 κυριεύσει
3019 3306 3215 3363 αὐτῶν.
3261 3326 3278 3356 ι
3336 3306 3524 3367 Εἴποις
3556 3304 3601 3356 δ’
3639 3304 3708 3358 ἂν

471 3386 676 3442 vatoris
704 3391 879 3443 nostri
927 3390 1297 3447 Romanorum
1328 3395 1699 3449 monarchiam
1736 3396 2034 3452 obtinebat.

2142 3411 2325 3465 τοῦτον
2363 3405 2500 3461 εἶναι
2532 3406 2623 3457 τὸν
2659 3404 2801 3458 κατὰ
2831 3404 2955 3464 τοὺς
3000 3400 3221 3470 χρόνους
3267 3396 3367 3466 τῆς
3403 3396 3707 3464 γεννήσεως

473 3475 624 3534 Tunc
661 3480 804 3535 enim
849 3482 1122 3552 Augustus
1164 3498 1292 3539 vere
1351 3486 1657 3550 roboratus,
1708 3502 1771 3542 ac
1822 3487 2038 3544 fortiter

2142 3502 2230 3555 τοῦ
2288 3502 2535 3574 Σωτῆρος
2596 3506 2627 3573 ὴ
2638 3502 2751 3572 μῶν
2807 3500 2914 3552 τῶν
2957 3495 3237 3567 Ῥωμαίων
3290 3493 3706 3563 μοναρχήσαντα

471 3568 783 3642 imperans,
830 3574 1036 3645 primus
1098 3574 1385 3646 Egyptum
1455 3577 1716 3634 Romanis
1768 3578 2033 3648 subjecit,

2142 3594 2379 3664 βασιλέα.
2416 3568 2547 3647 ’Ϊξότε
2564 3568 2693 3663 γοῦν
2722 3592 3024 3660 Αὔγουστος
3059 3584 3533 3658 κεκραταιωμένος
3562 3582 3701 3654 ἁλη-

468 3673 753 3735 postquatn
794 3666 1106 3721 diuturnam
1153 3668 1296 3721 illam
1343 3668 1414 3721 ibi
1469 3670 1809 3739 regnantium
1842 3672 2036 3742 .Ptole-

2142 3684 2244 3749 θῶς
2276 3686 2370 3739 καὶ
2411 3684 2645 3757 ἰσχυρῶς
2688 3682 3007 3755 βασιλεύων,
3050 3679 3264 3751 πρῶτος
3303 3677 3399 3747 τὴν
3432 3674 3707 3744 Αἴγυπτον

470 3769 723 3812 maiorum
760 3759 1163 3815 successionem
1204 3758 1519 3815 sustulerat.

2142 3778 2368 3844 ὑπέταξε
2413 3779 2722 3849 Ῥωμαίοις,
2754 3774 2997 3831 καθελὼν
3025 3774 3123 3844 τὴν
3158 3774 3221 3825 ἐκ
3254 3768 3464 3842 μακροῦ
3495 3770 3706 3839 κρατή-

2137 3889 2306 3925 σασαν
2332 3871 2581 3944 διαδοχὴν
2608 3870 2714 3924 τῶν
2742 3870 2871 3940 παρ’
2898 3868 3080 3930 αὐτοῖς
3113 3861 3544 3934 βασιλευσάντων
3571 3862 3705 3913 Πτο-

2134 3964 2388 4034 λεμαίων.

540 4042 700 4099 Vsns.
738 4044 792 4099 5.
828 4064 847 4097 ι
885 4044 1011 4102 Hart:
1040 4049 1174 4103 dicit
1202 4049 1465 4108 Dominus
1509 4049 1779 4109 Sabaoth."
1839 4054 1907 4110 Et
1946 4055 2030 4111 bi-

2208 4077 2227 4108 (
2263 4056 2398 4110 Τάδε
2431 4055 2578 4123 λέγει
2612 4052 2816 4128 Κύριος
2866 4049 3090 4103 Σαϐαὼθ
3112 4066 3123 4079 ·
3170 4050 3280 4101 Καὶ
3320 4048 3532 4099 πίονται
3561 4045 3704 4118 ὕδωρ

465 4133 596 4191 bent
624 4135 857 4207 Egyptii
885 4155 1079 4209 aquam
1107 4156 1225 4212 qua:
1252 4153 1333 4197 est
1357 4145 1511 4213 juxta
1547 4161 1715 4202 mare.
1747 4166 1767 4199 ι
1789 4147 1894 4203 Pro
1920 4164 2027 4219 quo

2142 4152 2193 4205 τὸ
2241 4149 2393 4222 παρὰ
2440 4147 2713 4201 θάλασσαν
2750 4147 2799 4198 οἰ
2832 4144 3135 4212 Αἰγύπτιοι.
3189 4161 3206 4192 ι
3276 4139 3416 4193 Ἀνθ’
3452 4132 3512 4193 οῦ
3544 4141 3573 4191 6
3604 4139 3703 4210 μὲν

464 4228 686 4299 Aquila,
728 4248 747 4282 ι
777 4230 842 4286 Ει
876 4231 1215 4301 haurientur,
1248 4235 1441 4305 inquit,
1474 4255 1493 4289 ι
1531 4252 1683 4308 aquas
1705 4254 1770 4294 ex
1798 4241 1966 4307 mari;
2004 4259 2023 4292 ι

2146 4242 2391 4305 Ἀκύλας,
2423 4261 2441 4293 ι
2470 4241 2579 4293 Καὶ
2609 4237 3032 4307 ἁναποθήσεται,
3070 4234 3254 4303 φησὶν,
3284 4232 3452 4287 ὕδατα
3480 4232 3587 4286 άπὸ
3614 4231 3702 4285 θα-

463 4318 819 4390 Symmachus
876 4338 1041 4390 vero,
1078 4344 1098 4378 ι
1145 4326 1208 4380 Et
1254 4329 1760 4385 exterminabuntur
1804 4348 1836 4387 a
1890 4336 2026 4388 mari

2142 4335 2334 4404 lason;
2355 4351 2367 4363 ·
2409 4352 2426 4383 ι
2463 4334 2491 4384 6
2517 4332 2573 4384 δὲ
2601 4330 2910 4400 Σύμμαχος,
2952 4347 2969 4379 ι
3008 4328 3117 4380 Kal
3144 4325 3567 4397 ἀφανισθήσεται
3594 4325 3702 4378 ἀπὸ

462 4426 637 4482 aquae.
671 4432 691 4467 ι
738 4414 833 4469 llic
869 4432 1029 4483 porro
1075 4434 1171 4486 per
1215 4420 1383 4474 maria
1437 4422 1799 4479 turbulentam
1852 4423 2025 4497 {Egy-

2142 4424 2404 4493 3aldtos~qg
2436 4423 2617 4475 ὕδατα.
2655 4442 2671 4472 ι
2708 4419 2996 4491 Τροπικῶς
3024 4419 3080 4471 δὲ
3102 4422 3130 4473 ὁ
3158 4418 3313 4487 λόγος
3343 4418 3613 4480 θαλάσσας
3643 4420 3702 4471 ἐν

462 4507 697 4575 ptiorum
750 4510 1145 4568 multitudinem
1193 4513 1574 4570 subiudicavit.

534 4690 697 4752 Vens.
737 4696 790 4754 6.
836 4716 856 4748 ι
896 4697 1114 4757 Fluvius
1144 4709 1322 4754 autem
1371 4698 1584 4756 deﬁciet
1623 4714 1679 4758 et
1721 4712 2021 4762 exarescet.

463 4782 530 4837 Et
564 4783 811 4840 deﬁcient
850 4787 1092 4854 (lumina,
1132 4799 1185 4844 et
1247 4792 1463 4846 canales
1522 4790 1668 4846 ﬁuvii
1695 4833 1711 4860 ,
1756 4803 1810 4849 et
1846 4793 2026 4849 exsic-

462 4874 673 4931 eabitur
707 4879 883 4934 omnis
946 4884 1290 4951 congregatio
1349 4899 1635 4955 aquarum.
1688 4903 1708 4937 ι
1769 4884 1839 4941 Ut
1884 4901 2023 4942 novo

463 4965 583 5024 illos
606 4980 729 5040 potu
761 4973 1037 5043 excipias:
1076 4991 1199 5031 cum
1233 4979 1377 5033 enim
1411 4993 1582 5047 neque
1613 4978 1809 5033 ﬁumen
1847 4994 2023 5050 neque

463 5060 566 5115 alia
604 5063 655 5118 iu
702 5065 932 5137 [Egypto
974 5083 1113 5137 aqua
1144 5072 1400 5140 supersit,
1436 5088 1535 5127 nec
1572 5073 1779 5127 marina
1830 5074 1895 5128 ad
1931 5090 2023 5143 po-

465 5158 575 5204 tum
606 5153 800 5210 idonea
842 5158 931 5225 sit,
970 5174 1166 5214 novam
1212 5168 1269 5215 ct
1307 5162 1647 5232 pcregrinam
1679 5162 1797 5219 illos
1824 5179 2018 5233 aquam

463 5238 728 5297 bibituros
767 5245 859 5300 ait.
904 5248 1035 5305 Erat
1073 5266 1237 5321 porro
1274 5251 1363 5307 illa
1394 5268 1511 5321 qua:
1555 5269 1622 5308 ex
1662 5255 1902 5309 fontibus
1930 5271 2019 5310 sa-

462 5332 655 5390 lutaris
681 5350 708 5389 a
740 5336 965 5396 Domino
1001 5343 1133 5413 ipsis
1173 5343 1639 5415 suppeditabatur.
1673 5346 1811 5414 Quin
1855 5347 2020 5404 etiam

462 5421 701 5483 Judaicis
735 5428 1106 5491 deﬁcientibus
1137 5438 1316 5507 aquis,
1346 5449 1594 5509 captores
1624 5438 1880 5508 piscium,
1923 5441 2021 5495 hu-

463 5534 743 5577 manarum
774 5537 966 5593 nempe
1009 5527 1331 5599 animarum,
1374 5531 1639 5603 plancturi
1671 5546 1789 5588 esse
1831 5533 2017 5588 tlicuu-

534 5723 578 5759 "
605 5723 792 5785 Matth.
834 5740 862 5781 Χ
884 5764 898 5789 ,
932 5726 1018 5781 54.

2132 4516 2340 4580 τούτοις
2383 4516 2443 4570 τὸ
2492 4513 2802 4588 ταραχῶδες
2849 4512 3051 4583 πλῆθος
3091 4512 3197 4565 τῶν
3241 4512 3548 4581 Αἰγυπτίων
3587 4511 3701 4583 ᾐνί»

2134 4610 2280 4678 ξατο.

2208 4721 2225 4753 ι
2277 4703 2333 4755 Ὀ
2382 4701 2438 4753 δὲ
2470 4700 2710 4771 ποταμὸς
2741 4699 2976 4768 ἐκλείψει
3012 4699 3104 4752 καὶ
3138 4698 3552 4770 ξηρανθήσεται.
3588 4698 3699 4749 Kal

2131 4794 2464 4864 ἐκλείψουσιν
2496 4794 2545 4846 οἱ
2579 4793 2831 4864 ποταμοὶ,
2862 4793 2955 4845 καὶ
3003 4795 3058 4845 αἰ
3097 4792 3362 4863 διώρυγες
3404 4790 3497 4843 τοῦ
3530 4806 3698 4843 ποτα-

2133 4887 2256 4959 μοῦ,
2306 4888 2398 4940 καὶ
2447 4884 2839 4958 ξηρανθήσεται
2883 4885 3030 4937 πᾶσα
3072 4883 3361 4953 συναγωγὴ
3402 4883 3628 4936 ὑδάτων.
3676 4902 3693 4933 ι

2142 4982 2228 5043 Ὠς
2268 4978 2449 5034 καινὸν
2492 4980 2673 5041 αὐτοῖς
2705 4976 2916 5049 ξενίξῃς
2962 4978 3141 5030 πότον·
3183 4976 3377 5047 μηκέτι
3429 4975 3537 5046 γὰρ
3566 4975 3697 5043 ὑφε-

2130 5071 2329 5135 στῶτος
2360 5070 2451 5125 τοῦ
2483 5069 2749 5140 ποταμοῦ,
2786 5068 2916 5139 μηδὲ
2947 5070 3133 5140 ἐτέρου
3169 5066 3537 5137 Αἰγυπτιακοῦ
3573 5065 3696 5121 ὓδα-

2127 5181 2237 5229 τος,
2260 5163 2395 5217 am
2428 5162 2560 5235 μηδὲ
2595 5162 2686 5215 τοῦ
2722 5162 3005 5216 θαλαττίου
3041 5161 3342 5233 ἐπιτηδείου
3377 5162 3528 5224 ὄντος
3560 5162 3697 5231 πρὸς

2128 5258 2306 5320 πόσιν,
2347 5257 2463 5311 νέον
2511 5257 2603 5309 καὶ
2643 5255 2789 5321 ξένον
2837 5254 2977 5327 ὕδωρ
3035 5254 3251 5308 πίεσθαι
3296 5254 3492 5318 αύτούς
3536 5271 3693 5325 φησιο

2125 5348 2285 5402 τοῦτο
2313 5348 2368 5402 δὲ
2389 5344 2455 5419 ἦν
2490 5348 2550 5401 τὸ
2576 5349 2638 5401 ἐκ
2666 5348 2772 5401 τῶν
2798 5348 2989 5419 πηγῶν
3018 5347 3109 5399 τοῦ
3130 5346 3396 5416 σωτηρίου
3428 5346 3578 5417 παρὰ
3600 5346 3695 5399 τοῦ

2128 5442 2333 5514 Κυρίου
2370 5442 2549 5505 αὐτοῖς
2584 5441 3005 5514 χορηγούμενον.
3066 5438 3223 5493 Ἀλλά
3262 5439 3371 5512 γὰρ
3420 5441 3513 5493 καὶ
3550 5439 3695 5492 ἐκλι-

2126 5536 2333 5590 πόντων
2388 5536 2494 5590 τῶν
2554 5535 2858 5590 Ἰουδαϊκῶν
2913 5533 3140 5599 ὑδάτων,
3192 5535 3241 5587 οἱ
3294 5533 3527 5608 θηραταί
3582 5531 3694 5588 τῶν
