4072 6194
294 293 409 347 2ἳὸ

1281 285 1787 342 (ΣΟΜΜΕΝΤΑΒΙΑ
1827 287 1893 342 ΙΝ
1935 288 2187 345 ISAIAM.
2228 318 2298 329 —
2332 290 2487 348 CAP.
2527 292 2671 349 XIX.

3464 294 3573 353 εοθ

302 410 550 484 ἰχθύων,
580 410 776 482 δηλαδὴ
810 407 916 461 τῶν
952 406 1310 485 ἀνθρωπίνων
1341 406 1568 478 ίψυχῶν,
1613 408 1888 480 πενθήσειι

2003 415 2111 463 tur.
2160 407 2284 463 Illos
2320 418 2502 465 autem
2541 425 2572 465 α
2622 407 2886 480 propheta
2916 418 3247 465 memoratos
3274 408 3572 478 piscatores

302 504 591 572 λέγονται.
619 504 836 573 Νοήσεις
862 500 919 553 δὲ
950 501 1078 563 τοὺς
1109 500 1166 552 ἐν
1186 497 1266 569 τῷ
1296 500 1549 571 προφήτῃ
1575 499 1900 565 λεγομένους

315 597 503 660 ἁλιεῖς
540 598 629 649 καὶ
656 593 975 665 ἀμφιϐολεῖς
1020 592 1079 659 ἐξ
1116 592 1318 664 ἐτέρων
1350 592 1545 647 ἀλιέων
1592 593 1686 646 καὶ
1730 610 1900 664 σαγη-

311 690 552 749 ονευτῶν,
584 688 717 755 λέγω
744 687 808 757 δὴ
840 687 951 740 τῶν
982 686 1315 748 ἀποστόλων,
1360 687 1455 740 καί
1505 686 1761 757 μαθητῶν
1799 687 1896 741 τοῦ

325 782 572 853 Σωτῆρος
617 780 795 851 ἡμῶν,
841 774 925 842 οἷς
972 778 1211 846 ἐλέγετο,
1262 798 1280 829 ι
1316 778 1500 845 Δεῦτε,
1544 780 1639 832 καὶ
1686 782 1897 848 ποιήσω

330 875 470 944 ὑμᾶς
488 874 648 935 ἁλιεῖς
668 872 995 943 ἀνθρώπων.
1037 890 1055 923 ι
1083 872 1144 923 Εἰ
1179 871 1287 943 γάρ
1316 866 1457 925 οὗτοι
1480 870 1568 925 διὰ
1591 872 1689 943 τῆς
1716 872 1897 925 αὐτῶν

326 964 653 1028 διδασκαλίας
687 964 949 1036 ἐθήρευον
976 962 1077 1027 τὰς
1104 963 1211 1015 τῶν
1237 963 1537 1036 ἀνθρώπων
1578 964 1774 1035 ψυχὰς,
1808 966 1896 1019 ἕλ-

318 1076 495 1122 κοντες
518 1058 613 1112 ἐπὶ
660 1058 962 1128 σωτηρίαν,
998 1058 1086 1111 διὰ
1124 1058 1175 1109 τί
1208 1059 1309 1110 οὐκ
1336 1055 1401 1109 ἂν
1441 1057 1615 1119 εἴποις
1645 1058 1739 1110 καὶ
1767 1058 1894 1121 τοὺς

311 1150 622 1217 Αἰγυπτίων
678 1149 1008 1219 λεγομένους
1053 1148 1220 1211 ἁλιεῖς
1260 1149 1354 1201 καὶ
1398 1147 1718 1218 ἀμφιδολεῖς
1765 1150 1895 1211 τοὺς

306 1240 470 1293 παλαι
493 1240 857 1302 διδασκάλους
882 1239 983 1309 τῆς
1009 1241 1134 1310 παρ’
1166 1240 1349 1302 αὐτοῖς
1383 1237 1699 1308 φιλοσοφίας
1727 1233 1887 1303 εἶναι,

304 1330 351 1383 οἳ
394 1331 484 1384 διὰ
529 1333 634 1401 τῆς
673 1331 1057 1400 Αἰγυπτιακῆς
1108 1332 1381 1401 γοητείας,
1434 1332 1751 1401 ἐπαγίδευον
1797 1332 1890 1385 καὶ

305 1423 494 1495 ῶσπερ
528 1424 812 1488 ἐδελέαζον
844 1424 969 1487 τοὺς
1002 1423 1093 1475 ὑπ’
1132 1423 1309 1475 αὐτῶν
1344 1423 1729 1495 ἁλισκομένους
1751 1440 1762 1451 ·

382 1532 401 1563 ‹
440 1513 553 1565 Καὶ
579 1513 638 1563 ἐν
666 1514 826 1565 παντὶ
858 1512 969 1564 ’ἐλει
995 1511 1238 1582 καλάμου
1267 1514 1362 1565 καὶ
1402 1512 1676 1585 παπύρου,
1706 1515 1798 1567 καὶ
1825 1514 1887 1567 τὸ

310 1603 407 1671 ἀχὶ
436 1602 499 1654 τὸ
531 1602 760 1673 χλωρὸν,
791 1603 900 1655 πᾶν
932 1604 995 1655 τὸ
1027 1602 1210 1673 κύκλῳ
1234 1602 1327 1655 τοῦ
1353 1604 1619 1673 ποταμοῦ,
1647 1604 1742 1656 xal.
1775 1604 1882 1657 πᾶν

313 1695 377 1746 τὸ
408 1695 763 1765 σπειρόμενον
799 1694 885 1746 διά
919 1693 1013 1746 τοῦ
1063 1694 1306 1765 ποταμοῦ
1338 1692 1733 1766 ξηρανθήσεται
1762 1694 1885 1747 ἀνε-

324 1786 621 1857 μόφθορον.
647 1787 758 1839 Καὶ
793 1787 1124 1851 στενάξουσιν
1151 1789 1197 1840 οἱ
1226 1787 1417 1851 ἁλιεῖς,
1447 1787 1538 1840 καὶ
1570 1786 1884 1853 στενάξουσι
1916 1766 1958 1821 Β

327 1880 532 1940 πάντες
561 1881 610 1931 οἱ
641 1879 914 1948 βάλλοντες
947 1880 1236 1951 ἄγκιστρον
1264 1881 1343 1942 είς
1376 1880 1468 1933 τὸν
1503 1878 1767 1950 ποταμὸν,
1792 1880 1885 1932 καὶ

331 1974 385 2025 οἱ
413 1971 687 2041 βάλλοντες
714 1974 939 2043 σαγήνας
968 1974 1061 2025 καὶ
1094 1972 1412 2043 ἀμφιδολεῖς
1438 1971 1813 2043 πενθήσουσιν.
1861 1990 1879 2023 ι

334 2065 567 2135 Παντελῆ
599 2064 654 2118 δὲ
692 2060 835 2134 οἶμαι
878 2065 1139 2136 ξηρασίαν
1184 2064 1389 2118 ὑδάτων
1434 2064 1522 2118 διὰ
1565 2065 1767 2119 τούτων
1796 2082 1886 2137 ση-

329 2155 551 2225 μαίνειν,
590 2154 666 2217 ὼς
699 2155 829 2225 μηδὲ
876 2154 1020 2225 ἴχνος
1053 2154 1269 2208 νοτίδων
1312 2154 1519 2208 ὑδάτων
1554 2156 1688 2226 μήτε
1716 2156 1772 2207 ἐν
1806 2152 1884 2223 τῷ

317 2248 539 2318 ποταμῷ
572 2247 875 2317 φαίνεσθαι,
912 2248 1049 2318 μήτε
1085 2249 1141 2299 ὲν
1177 2246 1256 2317 τῷ
1279 2246 1387 2299 ἕλει
1433 2248 1559 2318 μήτ’
1589 2247 1731 2318 ἀμφὶ
1777 2246 1884 2299 τῶν

309 2340 565 2409 ποταμῶν
592 2339 765 2402 ἐκτός,
797 2339 922 2409 μήτ’
944 2340 1002 2391 ἐν
1022 2337 1167 2409 αύτῷ
1190 2338 1357 2409 μέσῳ,
1383 2339 1507 2410 μήτ’
1528 2340 1585 2391 ἐν
1609 2339 1881 2409 διώρυξιν,

306 2432 431 2504 μήτ’
455 2433 513 2484 ἐν
539 2431 825 2501 στασίμοις
861 2430 1080 2483 ὕδασινο
1118 2430 1290 2499 λεῑψιν
1333 2429 1389 2482 δὲ
1423 2430 1635 2501 ἀθρόως
1679 2430 1883 2483 τούτων

300 2525 516 2579 ἔσεσθαι
558 2525 839 2589 ἀπάντων,
873 2524 949 2587 ὡς
983 2523 1232 2595 μηδαμοῦ
1275 2523 1375 2593 τῆς
1416 2523 1732 2591 Αἰγυπτίων
1781 2527 1884 2594 γῆς

299 2617 466 2672 ὕδατα
512 2617 834 2688 ὑφεστάναι.
882 2615 1023 2668 Ἀλλ’
1061 2610 1211 2679 οὗτος
1252 2616 1280 2668 ό
1322 2615 1477 2683 λόγος
1518 2616 1612 2668 καὶ
1650 2616 1741 2669 τὸν
1783 2617 1882 2669 οὐκ

295 2711 548 2766 ἐθέλοντα
573 2710 824 2782 βιάζεται
846 2708 939 2762 ἐπὶ
962 2708 1225 2780 τροπικὴν
1255 2708 1600 2779 μεταϐαίνειν
1627 2708 1878 2779 θεωρίαν·

294 2805 441 2857 ὥστε
468 2803 527 2870 ἐξ
556 2803 804 2871 ἀνάγκης
837 2801 1115 2872 ποταμοὺς
1136 2802 1227 2856 καὶ
1257 2801 1422 2855 ’ύδατα
1444 2803 1585 2854 νοεῖν
1611 2800 1881 2869 Αἰγύπτια

298 2898 427 2968 ἦτοι
447 2897 515 2950 τὰ
536 2896 711 2967 πλήθη
735 2896 838 2965 τῆς
865 2895 1245 2964 Αίγυπτιακῆς
1268 2894 1568 2963 δυνάμεως,
1597 2892 1629 2963 ἢ
1653 2891 1752 2964 τήν
1786 2890 1882 2961 βα-

300 2990 516 3043 σιλείαν
558 2988 728 3041 αὐτῶν
775 2988 876 3057 τὴν
926 2986 1092 3040 πάλαι
1138 2984 1384 3057 ποταμοῦ
1428 2986 1583 3056 δίκην
1622 2984 1880 3056 πλημμυ-

298 3081 512 3153 ροῦσαν
537 3081 570 3152 ἢ
600 3080 713 3134 καθ’
743 3080 936 3151 ἑτέραν
983 3078 1227 3151 ἐκδοχὴν,
1264 3079 1364 3150 τὴν
1393 3079 1545 3172 παρ’.
1563 3077 1877 3147 Αἰγυπτίοις
1906 3110 1951 3172 ϐ

295 3176 370 3228 τὸ
392 3175 619 3228 παλαιὸν
640 3173 987 3244 ἀκμάζουσαν
1004 3170 1338 3240 φιλοσοφίαν,
1362 3171 1490 3242 περὶ
1515 3164 1583 3242 ἦς
1607 3170 1872 3223 λέλεκται’

306 3285 329 3319 ε
374 3268 479 3320 Καὶ
516 3264 805 3335 ἐπαιδεύθη
834 3264 1074 3332 Μωῦσῆς
1110 3262 1258 3335 πάσῃ
1285 3261 1446 3332 σοφία
1472 3262 1802 3331 Αἰγυπτίων.
1854 3280 1873 3314 ι

297 3359 478 3431 Πολλὴ
503 3358 609 3430 γάρ
636 3375 720 3421 τις
740 3353 808 3427 ἦν
831 3356 989 3427 αὑτὴ,
1016 3356 1109 3408 καὶ
1136 3355 1307 3424 μέγας
1328 3356 1356 3407 ὁ
1384 3356 1511 3425 παρ’
1535 3354 1717 3417 αὐτοῖς
1742 3354 1879 3424 ῥέων

297 3452 563 3522 ποταμὸς,
594 3452 622 3503 ό
660 3450 761 3520 τῆς
800 3450 932 3521 παρ’
980 3448 1161 3511 αὐτοῖς
1209 3445 1631 3517 θαυμαζομένης
1687 3446 1879 3515 σοφίας

294 3544 475 3611 λόγος.
500 3542 708 3595 Τούτου
745 3540 802 3593 δὲ
838 3539 1051 3609 ὑπῆρχε
1099 3539 1237 3608 μέρη
1269 3536 1440 3590 πολλά
1472 3553 1880 3608 κατακερματι-

299 3634 529 3704 ζομένου
558 3633 637 3697 εἰς
660 3632 930 3704 διώρυγας
953 3631 1173 3695 πολλὰς,
1204 3630 1300 3683 καὶ
1328 3630 1407 3694 είς
1437 3629 1660 3694 πολλοὺς
1705 3630 1882 3702 μαθη-

298 3720 404 3784 τὰς
442 3721 545 3773 τῶν
594 3720 715 3775 καθ’
755 3722 985 3774 ἕκαστον
1037 3719 1147 3772 τῶν
1188 3719 1316 3789 παρ’
1352 3720 1535 3782 αὐτοῖς
1586 3719 1877 3791 μαθήσεων

296 3812 498 3881 λόγων,
529 3812 585 3877 ἐξ
609 3807 683 3867 ὧν
707 3812 868 3882 ἑφυον
892 3812 990 3865 οὐκ
1025 3810 1258 3882 ἄμπελοι
1290 3810 1411 3863 οὐδὲ
1448 3811 1646 3875 ἐλαῖαι,
1677 3812 1796 3865 οὐδέ
1824 3828 1877 3863 τι

295 3904 411 3958 τῶν
468 3904 754 3977 καρπίμων
793 3904 903 3957 τῶν
946 3904 1256 3971 ἀναγκαίων
1301 3905 1553 3976 δένδρων,
1596 3903 1732 3958 ἀλλά
1781 3906 1880 3958 πά-

297 4013 489 4068 πυρος,
530 3998 773 4067 κάλαμος
798 3997 893 4052 καὶ
922 3997 981 4050 τὸ
1015 3997 1223 4068 χλωρὸν
1254 3997 1366 4069 ἀχί.
1415 3997 1666 4068 Σαγήνας
1692 3997 1749 4051 δὲ
1773 3998 1871 4050 αύ-

294 4088 403 4141 τῶν
431 4091 646 4159 νοήσεις
682 4088 789 4141 ἀπὸ
813 4087 914 4157 τῆς
954 4088 1046 4141 τοῦ
1076 4088 1327 4160 Σωτῆρος
1364 4089 1519 4158 ήμῶν
1560 4088 1877 4160 παραϐολῆς

292 4178 363 4231 δι’
394 4175 465 4253 ἦς
502 4179 719 4251 εἴρηται
739 4197 752 4210 '
794 4198 812 4231 ι
858 4180 1047 4251 Ὁμοία
1075 4180 1221 4235 ἐστὶν
1248 4182 1281 4251 ἡ
1309 4179 1548 4250 βασιλεία
1580 4180 1688 4232 τῶν
1711 4181 1876 4251 ούρα-

291 4272 400 4324 νῶν
429 4274 641 4343 σαγήνῃ
684 4272 943 4344 βληθείσῃ
968 4275 1048 4336 είς
1080 4272 1177 4344 τὴν
1216 4271 1511 4339 θάλασσαν,
1550 4273 1643 4326 καὶ
1683 4273 1875 4327 συλλα-

292 4362 465 4437 ϐούσῃ
494 4364 602 4417 ἀπὸ
636 4365 835 4428 παντὸς
866 4365 1053 4433 γένους
1083 4363 1294 4435 ἰχθύων.
1331 4382 1350 4414 ι
1396 4363 1601 4435 ’Ὠσπερ
1630 4364 1686 4417 δὲ
1721 4367 1777 4418 ὲν
1806 4368 1872 4436 τῇ

1998 508 2053 555 et
2105 501 2239 556 retia
2283 500 2550 569 jacientes
2596 502 2869 573 intelligas
2917 517 2980 557 ex
3042 502 3163 557 aliis
3207 502 3574 572 piscatoribus

1998 601 2050 647 et
2097 594 2312 660 sagenis
2356 595 2666 660 utentibus;
2717 610 2782 650 ex
2837 596 3097 664 apostolis
3147 596 3269 651 dico
3313 604 3368 652 et
3416 595 3575 651 disci-

1996 686 2138 757 pulis
2179 686 2475 741 Salvatoris
2516 687 2722 752 nostri,
2777 688 2971 757 quibus
3024 687 3337 752 dicebatur,
3387 706 3408 741 ι
3468 688 3575 743 Ve-

1997 779 2131 844 nite,
2176 786 2231 833 et
2281 777 2470 833 faciam
2504 794 2599 834 vos
2662 780 2961 848 piscatores
3018 779 3296 833 hominum
3326 778 3392 833 ".
3443 797 3463 833 ι
3512 778 3572 835 Si

1995 870 2137 925 enim
2186 870 2273 924 isti
2306 870 2550 925 doctrina
2583 886 2681 925 sua
2720 871 2997 925 hominum
3027 871 3240 924 animas
3282 869 3573 939 piscaban-

1996 973 2105 1027 tur,
2145 965 2211 1018 ad
2268 965 2493 1019 salutem
2543 964 2663 1019 illas
2700 965 3013 1031 trahentes,
3072 979 3173 1018 cur
3219 978 3323 1018 non
3362 962 3572 1018 dixeris

1995 1067 2323 1112 memoratos
2366 1056 2487 1110 illos
2535 1055 2916 1125 Egyptiorum
2975 1056 3277 1125 piscatores
3330 1062 3386 1109 et
3430 1052 3569 1107 retia

1987 1147 2254 1216 iacientes
2279 1193 2293 1214 ,
2332 1149 2500 1204 fuisse
2546 1148 2666 1204 illos
2708 1148 2838 1203 olim
2884 1148 3239 1218 philosophiae
3276 1148 3569 1209 doctores,

1990 1240 2080 1310 qui
2120 1255 2216 1310 per
2239 1240 2587 1313 Egyptiacas
2616 1242 2921 1312 praestigias
2986 1240 3357 1311 illaqueabant
3394 1246 3447 1293 et
3483 1238 3567 1294 in-

1991 1332 2251 1387 escabant
2275 1347 2367 1387 eos
2399 1348 2535 1403 quos
2573 1346 2766 1402 capere
2798 1342 3050 1403 poterant
3077 1332 3099 1385 ?

2066 1507 2221 1563 Vrsas.
2244 1509 2296 1577 7,
2329 1508 2381 1563 8.
2418 1526 2437 1559 ι
2473 1508 2540 1562 Et
2566 1508 2617 1563 in
2647 1511 2793 1565 omni
2828 1508 3018 1577 palude
3048 1505 3239 1560 calami
3268 1513 3321 1561 et
3352 1503 3566 1576 papyri,

1986 1610 2042 1656 et
2094 1599 2219 1654 aelii
2247 1602 2432 1654 virens
2455 1614 2616 1656 omne
2655 1602 2859 1656 circum
2888 1599 3111 1660 ﬂumen,
3141 1608 3195 1653 et
3232 1613 3391 1653 omne
3419 1594 3567 1666 quod

1986 1692 2283 1746 seminatur
2324 1692 2390 1744 ad
2421 1689 2643 1755 ﬂumen,
2680 1700 2891 1745 arescet
2937 1699 2989 1743 et
3024 1699 3188 1744 vento
3230 1688 3451 1758 peribit.
3492 1687 3563 1743 Et

1987 1793 2200 1856 gement
2238 1782 2559 1853 piscatores,
2614 1793 2668 1835 et
2713 1789 2931 1851 gement
2964 1796 3152 1835 omnes
3199 1782 3294 1850 qui
3345 1780 3571 1835 mittunt

1988 1876 2205 1930 hamum
2242 1875 2295 1927 in
2331 1873 2556 1936 ﬂumen.
2593 1882 2643 1927 et
2688 1875 2781 1942 qui
2829 1874 3053 1926 mittunt
3090 1886 3343 1941 sagcnas,
3379 1882 3437 1927 et
3469 1871 3563 1941 qui

1987 1967 2208 2021 tnittunt
2248 1966 2409 2031 retia,
2473 1966 2753 2033 lugehunt.
2807 1984 2824 2016 ι
2869 1963 2965 2017 llis
3005 1964 3373 2017 omnimodam
3415 1963 3565 2017 arbi-

1988 2066 2101 2111 tror
2150 2070 2410 2126 aquarum
2465 2055 2775 2109 siccitatem
2830 2053 3098 2120 indicari,
3157 2053 3230 2107 ita
3284 2062 3344 2107 ut
3389 2067 3569 2124 neque

1986 2148 2270 2221 vestigium
2311 2148 2555 2202 humoris
2594 2161 2783 2216 aquze,
2826 2145 2909 2201 vel
2944 2146 2996 2199 in
3033 2146 3222 2210 ﬂuvio,
3258 2146 3341 2200 vel
3382 2146 3434 2201 in
3476 2160 3565 2216 pa-

1986 2241 2132 2307 lude,
2187 2241 2274 2295 vel
2311 2251 2464 2297 extra
2505 2239 2726 2293 ﬂumina
2755 2239 2807 2294 in
2846 2240 3101 2303 circuitu,
3148 2240 3233 2294 vel
3270 2242 3322 2294 in
3362 2240 3562 2303 medio,

1984 2335 2067 2390 vel
2102 2335 2154 2389 in
2181 2334 2480 2396 canalibus,
2514 2332 2599 2387 vel
2631 2333 2683 2387 in
2720 2333 2876 2402 aquis
2906 2350 3010 2389 non
3045 2331 3359 2401 ﬂuentibus,
3390 2347 3556 2404 appa-

1988 2433 2140 2490 reat,
2197 2424 2292 2478 sed
2332 2424 2576 2479 omnium
2617 2422 2906 2478 confertim
2948 2424 3199 2478 vacuitas
3245 2432 3301 2478 et
3340 2424 3562 2492 penuria

1985 2517 2166 2571 futura
2203 2516 2307 2579 sit,
2359 2516 2432 2571 ita
2466 2524 2522 2570 ut
2568 2516 2620 2569 in
2651 2515 2884 2585 Egypto
2912 2530 3179 2584 nusquam
3221 2531 3376 2584 aqua:
3408 2532 3561 2571 com-

1983 2618 2228 2677 pareant.
2262 2608 2460 2664 Verum
2496 2608 2582 2662 hic
2607 2624 2788 2663 sermo
2814 2608 2899 2661 vel
2934 2608 3161 2661 invitum
3186 2622 3459 2677 quemque
3492 2608 3561 2661 ad

1985 2700 2263 2769 ﬁguratam
2320 2701 2741 2770 speculationem
2798 2700 2847 2753 vi
2902 2700 3205 2769 pertrahit,
3247 2699 3321 2752 ita
3357 2707 3417 2752 ut
3462 2713 3559 2755 ne-

1983 2792 2221 2846 cessario
2266 2804 2362 2859 per
2390 2792 2713 2862 Egyptiaca
2745 2790 2968 2845 ﬂumina
3030 2802 3084 2846 et
3135 2806 3303 2861 aquas
3362 2790 3556 2847 intelli-

1983 2894 2077 2950 gas
2105 2878 2439 2951 Egyptiacte
2470 2881 2722 2951 potentia:
2750 2881 2854 2935 vim
2897 2891 2951 2935 ct
2988 2882 3408 2947 multitudinem,
3459 2898 3556 2938 nec

1984 2986 2088 3025 non
2128 2986 2351 3043 regnum
2388 2987 2601 3034 eorum,
2643 2972 2787 3041 quod
2825 2972 2951 3026 olim
2994 2972 3231 3029 ﬂuminis
3266 2974 3437 3027 instar
3464 2989 3554 3029 cx-

1982 3065 2259 3132 undabat;
2301 3065 2416 3120 sive
2463 3067 2760 3121 secundum
2806 3066 2967 3120 aliam
3016 3067 3410 3136 interpretandi
3463 3082 3553 3121 ra-

1985 3158 2207 3222 tionem,
2264 3160 2656 3229 philosophiam
2696 3159 2825 3215 olim
2856 3161 2995 3229 apud
3041 3158 3327 3231 Egyptios
3357 3162 3555 3216 ﬂoren-

1984 3257 2121 3304 tem:
2161 3250 2227 3304 de
2269 3265 2379 3319 qua
2416 3252 2618 3306 dictum
2661 3265 2775 3315 e51,
2822 3270 2840 3303 ι
2890 3253 3176 3307 lnstitutus
3215 3264 3301 3309 est
3342 3252 3555 3325 Moyses

1980 3338 2034 3392 in
2075 3341 2221 3393 omni
2258 3341 2523 3409 sapientia
2564 3340 2948 3413 )Egyptiorum
2975 3346 3045 3400 ³⁵.
3087 3362 3105 3396 ι
3138 3344 3330 3414 Magna
3360 3347 3558 3415 quippe

1979 3431 2284 3501 antiquitus
2329 3432 2415 3486 illa
2462 3442 2616 3496 erat,
2661 3449 2914 3503 magnum
2960 3435 3030 3489 ibi
3070 3435 3306 3504 ﬂumen,
3362 3452 3556 3507 magna

1979 3538 2194 3593 quoque
2222 3539 2388 3594 penes
2428 3525 2549 3580 illos
2585 3537 2704 3581 erat
2746 3528 3051 3595 sapientiae,
3083 3544 3245 3597 quam
3285 3529 3554 3584 miraban-

1981 3624 2090 3682 tur,
2135 3617 2295 3671 ratio.
2328 3617 2509 3671 Multa:
2552 3633 2714 3687 porro
2760 3629 2939 3686 partes
2978 3630 3135 3673 erant
3171 3620 3329 3689 hujus
3378 3619 3555 3675 ﬂumi-

1979 3711 2084 3775 nis,
2121 3711 2279 3767 divisi
2312 3727 2504 3781 nempe
2545 3714 2598 3766 in
2632 3712 2828 3769 multos
2850 3712 3105 3779 canales,
3145 3712 3197 3768 in
3233 3712 3430 3769 multos
3470 3715 3554 3769 ui—

1982 3805 2177 3860 mirum
2218 3806 2511 3877 discipulos
2540 3807 2833 3862 secundum
2876 3807 3053 3861 varias
3085 3806 3421 3878 singulorum
3470 3806 3555 3863 di-

1978 3898 2277 3967 sciplinas:
2322 3913 2388 3953 ex
2412 3899 2613 3967 quibus
2636 3898 2975 3968 pullulabant
3011 3914 3117 3954 non
3148 3900 3343 3965 vineae.
3375 3913 3557 3972 neque

1978 3988 2153 4054 olivae,
2203 4005 2378 4061 neque
2425 3990 2533 4044 alia
2574 3992 2839 4061 quaepiam
2869 4005 2934 4046 ex
2973 3990 3243 4049 fructibus
3269 4008 3334 4049 ac
3364 4008 3554 4052 neces-

1979 4080 2140 4134 sariis
2194 4080 2525 4147 arboribus,
2576 4081 2669 4135 sed
2716 4095 2979 4150 papyrus,
3029 4083 3271 4138 calamus
3322 4092 3377 4139 et
3430 4085 3555 4140 aclii

1978 4173 2179 4225 virens.
2209 4171 2453 4241 Sagenas
2480 4186 2641 4240 porro
2673 4185 2864 4226 eorum
2896 4172 3173 4243 intelligas
3198 4187 3264 4227 ex
3291 4173 3553 4244 parabola

1979 4261 2307 4325 Salvatoris,
2383 4276 2488 4331 qua
2567 4261 2799 4326 dicitur,
2866 4280 2883 4313 ι
2930 4262 3120 4318 Simile
3174 4271 3258 4318 est
3325 4278 3550 4332 regnum

1977 4352 2235 4431 cmlorum
2264 4367 2481 4421 sagente
2508 4352 2685 4407 missa:
2709 4354 2760 4407 in
2800 4369 2970 4421 mare,
3004 4366 3059 4411 et
3079 4370 3145 4411 ex
3170 4356 3318 4410 omni
3350 4370 3553 4426 genere

292 4454 581 4525 παραϐολῇ
604 4457 652 4507 οί
682 4455 957 4527 ἄνθρωποι
989 4454 1169 4526 ἰχθύες
1198 4454 1463 4526 εἴρηνται,
1493 4456 1584 4508 καὶ
1609 4459 1819 4528 σαγήνη
1845 4458 1873 4509 ὁ

1985 4445 2205 4514 piscium
2239 4448 2587 4516 congreganti
2618 4449 2688 4499 9‘.
2731 4466 2750 4498 ι
2809 4448 3276 4513 Quemadmodum
3311 4462 3445 4504 vero
3491 4449 3547 4506 in

290 4545 423 4615 περὶ
452 4544 555 4614 τῆς
583 4544 860 4615 βασιλείας
887 4546 993 4599 τῶν
1023 4544 1265 4617 οὐρανῶν
1307 4545 1658 4614 εὐαγγελικὸς
1679 4546 1833 4615 λόγος
1853 4565 1867 4579 ·

1985 4538 2233 4609 parabola
2269 4539 2517 4595 homines
2552 4556 2646 4609 pro
2676 4541 2933 4610 piscibus,
2951 4552 3003 4597 et
3038 4556 3135 4610 pro
3165 4556 3363 4612 sagena
3379 4557 3548 4597 evan-

289 4636 467 4701 οὕτως
495 4637 589 4690 καὶ
619 4637 853 4690 ἐνταῦθα
879 4638 913 4707 ή
950 4637 1288 4700 πολύπλοκος
1309 4638 1549 4709 δεινότης
1578 4639 1670 4692 τοῦ
1712 4641 1872 4709 Αἰγυ-

1985 4631 2177 4702 gelicus
2223 4632 2288 4686 de
2341 4647 2508 4703 regno
2557 4633 2818 4689 cartorum
2858 4649 3037 4689 sermo
3090 4633 3324 4698 dicitur,
3384 4633 3456 4687 ita
3494 4642 3546 4691 et

290 4728 452 4780 πιίου
501 4727 683 4796 λόγου,
726 4728 813 4798 εἴη
862 4728 929 4781 ἂν
984 4730 1189 4800 σαγήνη
1228 4729 1319 4781 καὶ
1364 4728 1431 4782 τά
1484 4729 1871 4801 ἀμφίϐληστρα

1985 4724 2081 4778 hoc
2115 4724 2233 4779 loco
2274 4726 2545 4795 implicata
2581 4726 2667 4782 illa
2710 4726 3017 4798 Egyptiaci
3058 4728 3326 4789 sermonis
3367 4729 3543 4799 gravi-

288 4820 525 4890 όμοίως·
552 4824 601 4873 οἱ
630 4821 685 4873 δὲ
716 4822 1137 4893 σαγηνευόμενοι
1162 4822 1298 4892 πρὸς
1337 4821 1516 4876 αὐτῶν
1544 4823 1722 4893 ἰχθύες
1760 4818 1870 4875 εἶεν

1985 4825 2080 4881 tas,
2114 4834 2211 4888 pro
2242 4834 2439 4887 sagena
2473 4829 2528 4874 et
2564 4821 2767 4875 retibus
2793 4820 3046 4875 similiter
3082 4820 3419 4889 accipiatur;
3465 4818 3544 4889 pi-

288 4913 335 4961 ot
377 4913 496 4973 ταῖς
542 4911 843 4983 ἀπατηλαῖς
886 4911 1215 4981 σοφιστείαις
1257 4913 1335 4976 είς
1383 4914 1488 4965 πᾶν
1528 4908 1668 4975 εἶδος
1706 4912 1867 4965 ἀθέου

1985 4926 2097 4966 sces
2129 4926 2258 4966 vero
2299 4912 2363 4966 iis
2433 4914 2578 4982 capti
2636 4912 2859 4976 fuerint,
2894 4912 2985 4981 qui
3038 4911 3317 4970 fallacibus
3365 4910 3545 4982 σοι)θί-

287 5001 711 5072 δεισιδαιμονίας
770 5002 1185 5073 ύποσυρόμενοι.
1242 5003 1526 5070 Στενάξειν
1595 5002 1725 5070 γοῦν
1776 5005 1869 5057 καὶ

1985 5003 2245 5057 smatibus
2292 5003 2344 5057 in
2402 5019 2618 5059 omnem
2664 5003 2841 5072 impia:
2863 5003 3265 5073 superstitionis
3309 5003 3547 5071 speciem

289 5093 583 5164 πενθήσειν
607 5093 853 5161 λέγονται
880 5094 927 5144 οί
957 5092 1275 5163 ἀμφιδολεῖς
1305 5094 1402 5162 τῆς
1426 5092 1724 5162 Αἰγύπτου,
1762 5112 1867 5165 μη-

1985 5092 2348 5147 letrahuntnr.
2392 5094 2614 5149 Luctum
2657 5107 2787 5163 ergo
2842 5103 2891 5149 et
2930 5095 3204 5163 planctum
3238 5093 3411 5148 acturi
3456 5094 3541 5147 di-

287 5187 410 5241 κέτι
434 5187 646 5258 ἔχοντες
684 5186 945 5258 ἐργασίαν
971 5186 1059 5239 διὰ
1092 5187 1183 5240 τὸν
1220 5186 1636 5257 ἐπιδημήσαντα
1684 5189 1867 5250 αὐτοῖς

1985 5193 2165 5237 :untur
2196 5184 2433 5256 Egyptii
2492 5188 2831 5256 piscatores,
2888 5186 3012 5256 quia
3066 5186 3387 5242 adveniente
3433 5187 3543 5243 sibi

282 5278 525 5349 Χριστὸν
559 5279 653 5330 καὶ
692 5278 792 5348 τὴν
829 5280 1009 5330 πᾶσαν
1053 5275 1230 5330 αὐτῶν
1269 5275 1457 5345 σοφίαν
1501 5275 1864 5342 ἀπολέσαντα,

1985 5276 2203 5341 lliristo,
2265 5289 2319 5332 ct
2357 5293 2570 5333 omnem
2620 5279 2935 5347 sapientiam
2981 5292 3135 5333 suam
3185 5281 3543 5344 destruente,

282 5368 432 5423 κατά
452 5368 533 5432 τὸ,
563 5388 580 5419 ι
604 5369 813 5422 Ἀπολῶ
830 5370 929 5441 τὴν
954 5368 1143 5436 σοφίαν
1168 5366 1274 5421 τῶν
1292 5368 1487 5437 σοφῶν,
1514 5369 1607 5422 καὶ
1628 5369 1723 5440 τὴν
1751 5369 1865 5422 σύν-

1985 5368 2180 5422 nullum
2215 5379 2465 5438 superest
2495 5370 2627 5439 ipsis
2658 5385 2792 5441 opus
2821 5370 3107 5439 agendum,
3151 5371 3443 5427 secundum
3478 5370 3537 5424 ii-

280 5480 400 5517 εσιν
421 5462 533 5516 τῶν
562 5462 794 5516 συνετῶν
814 5461 1082 5517 ἀθετήσω.
1122 5482 1140 5515 ι

1991 5462 2097 5513 ud:
2143 5480 2160 5512 ι
2203 5462 2428 5517 Perdam
2471 5463 2791 5531 sapientiam
2836 5464 3185 5533 sapientium,
3222 5474 3276 5521 et
3302 5464 3537 5536 pruden—

1971 5556 2098 5610 tiam
2134 5555 2478 5626 prudentium
2515 5554 2828 5626 despiciam.
2861 5572 2880 5607 ι

357 5750 405 5783 ⁸⁴
434 5748 625 5805 lattb.
664 5748 842 5817 tv,i9.
907 5750 961 5827 _"
990 5753 1110 5811 Act.
1135 5765 1243 5825 ﬁn,
1270 5750 1360 5807 οε.
1440 5750 1486 5783 ’⁸
1510 5749 1697 5808 Matth.
1728 5764 1849 5817 xui,
1872 5749 1961 5805 47.
