4072 6194
509 309 615 367 227

1208 294 1474 355 EUSEBll
1512 289 1987 351 CESARIENSIS
2015 287 2163 344 OPP.
2203 285 2383 342 PARS
2409 284 2499 341 Ill.
2527 313 2599 325 —
2623 279 3031 339 EXEGETICA.

3619 277 3725 334 2‘28

578 428 739 484 Vsus.
766 426 819 481 9.
858 442 878 476 ι
916 423 982 479 Et
1009 416 1253 479 confusio
1278 414 1646 486 apprehendet
1670 428 1788 477 eos,
1822 410 1915 481 qui
1938 423 2064 479 ope-

2242 425 2260 456 ι
2298 404 2409 457 Kal
2439 403 2665 474 αἰσχύνη
2690 400 2916 472 λήψεται
2938 398 3065 461 τοὺς
3085 395 3485 468 ἐργαζομένους
3503 393 3564 447 τὸ
3584 393 3727 449 λίνον

509 530 698 576 rantur
724 517 893 571 linum
929 511 1170 575 scissile,
1207 518 1262 565 et
1293 509 1382 578 qui
1427 515 1719 576 operantur
1760 506 2006 573 hyssum.
2040 520 2059 552 ι

508 614 623 670 Hoc
650 611 812 666 modo
859 616 1038 663 mente
1068 606 1250 675 capias
1279 618 1373 657 eos
1407 602 1497 671 qui
1552 606 1846 669 operantur
1872 596 2064 661 linum,

508 718 682 772 neque
730 702 942 754 ﬁrmum
978 696 1119 765 quod
1171 695 1342 764 rumpi
1380 701 1640 762 nequeat,
1694 690 1787 746 sed
1821 688 2063 755 scissile,

509 807 811 849 sermonem
859 788 1108 843 videlicet
1166 786 1481 840 dissolutum
1529 792 1583 837 et
1642 782 1965 846 discissum,
2015 788 2069 834 et

510 888 728 957 byssum
757 881 1004 937 similiter
1031 898 1044 933 :
1097 878 1222 947 quia
1252 876 1439 930 isthzec
1476 875 1542 927 ab
1572 872 1820 941 Egyptio
1849 869 2070 924 ﬂumine

511 975 830 1030 fovebantur
896 980 949 1023 et
1012 967 1398 1037 irrigabantur.
1456 963 1636 1030 Quare
1691 962 1767 1015 ait
1815 962 2071 1015 harumce

511 1081 693 1122 rerum
747 1061 982 1117 artiﬁces
1029 1059 1304 1128 planctum
1360 1056 1632 1117 edituros,
1680 1051 1891 1121 quando
1926 1048 2070 1103 nulla

512 1156 741 1222 amplius
782 1152 867 1205 ﬁla
900 1149 1177 1219 sapientia:
1212 1161 1325 1200 suae
1353 1145 1419 1199 ad
1455 1145 1713 1198 amictum
1740 1151 1795 1195 et
1821 1149 2071 1195 ornatum

511 1247 645 1316 ipsis
690 1246 934 1299 aderunt.
978 1240 1094 1293 Lini
1133 1239 1276 1293 enim
1322 1251 1387 1291 ac
1435 1235 1582 1305 byssi
1628 1233 1779 1299 copia
1822 1240 2072 1286 ornatum

512 1336 616 1392 sibi
651 1343 704 1389 et
734 1334 1109 1388 indumentum
1142 1326 1540 1396 excogitabant,
1572 1322 1829 1391 captiosis
1854 1320 2074 1389 quibus-

513 1429 637 1481 dam
678 1435 733 1478 et
776 1422 1060 1477 fallacibus
1112 1417 1270 1472 dictis
1312 1414 1586 1470 mendacia
1623 1428 1716 1468 sua
1749 1412 2072 1482 aperientes.

585 1613 747 1667 Vsus.
780 1610 865 1666 l0.
900 1629 920 1662 ι
953 1609 1018 1663 Ει
1052 1616 1212 1663 erunt
1238 1607 1329 1677 qui
1358 1614 1653 1675 operantur
1676 1619 1739 1659 ea
1770 1606 1821 1659 in
1852 1604 2073 1660 dolore:

2171 500 2230 552 τὸ
2265 497 2497 569 σχιστὸν,
2540 496 2634 549 ml
2672 494 2799 556 τοὺς
2843 488 3243 562 ἐργαζομένους
3293 487 3391 559 τὴν
3441 484 3654 557 βύσσον.
3704 504 3725 537 ι

2173 590 2325 645 Οὕτω
2362 590 2570 661 νοήσεις
2610 588 2733 649 τοὺς
2778 582 3172 655 ἐργαζομένους
3212 580 3272 632 τὸ
3314 580 3478 642 λίνον,
3511 576 3633 630 οὗτε
3674 576 3735 629 τὸ

2176 684 2397 753 στερρὸν
2426 682 2519 733 ml
2549 678 2804 751 ἀρῤαγές,
2835 675 2971 729 ἀλλὰ
2996 674 3055 727 τὸ
3083 672 3314 744 σχιστὸν,
3348 671 3504 740 λόγον
3539 667 3735 740 δηλαδὴ

2173 772 2521 846 διερρωγότα,
2567 771 2660 823 καὶ
2705 767 3095 837 διεσχισμένον,
3147 765 3240 818 ml
3292 762 3387 833 τὴν
3441 760 3635 832 βύσσον
3680 758 3738 811 δὲ

2172 863 2457 927 ὡσαύτωςο
2513 862 2633 914 ἐπεὶ
2678 861 2771 913 καὶ
2816 858 2952 911 αὐτὰ
2995 856 3086 909 τοῦ
3132 853 3438 922 Αἰγυπτίων
3490 846 3736 919 ποταμοῦ

2178 958 2443 1027 μετεῖχεν,
2480 952 2538 1020 ἐξ
2585 949 2749 1006 αὑτοῦ
2797 948 3148 1021 ἅρδευόμενα.
3197 946 3286 998 Διὸ
3319 944 3412 997 ml
3446 942 3572 1003 τοὺς
3612 937 3738 992 τού-

2175 1064 2282 1100 των
2323 1047 2485 1116 φησὶν
2521 1045 2756 1115 ἐργάτας
2794 1039 3069 1104 στενάξειν
3111 1041 3139 1091 ὁ
3180 1038 3369 1105 λόγος·
3417 1036 3506 1087 ὅτε
3538 1030 3737 1103 μηκέτι

2177 1138 2360 1199 αὐτοῖς
2393 1136 2528 1207 πρὸς
2555 1132 2842 1205 περιϐολὴν
2886 1130 2980 1183 ml
3023 1128 3224 1199 κόσμον
3253 1128 3353 1196 τῆς
3386 1124 3511 1196 παρ’
3555 1122 3737 1184 αὐτοῖς

2180 1229 2370 1297 σοφίας
2401 1225 2470 1279 τὰ
2495 1224 2581 1278 διὰ
2625 1223 2824 1277 τούτων
2857 1221 3148 1290 ὑφάσματα
3177 1217 3493 1289 ηὑπόριστο.
3528 1213 3627 1266 Διὰ
3656 1212 3739 1265 λί-

2178 1338 2268 1375 νου
2311 1319 2418 1388 γὰρ
2465 1317 2651 1387 ῶσπερ
2694 1316 2787 1369 ml
2829 1313 3024 1383 βύσσου
3074 1310 3274 1379 κόσμον
3315 1308 3406 1360 ml
3452 1303 3741 1376 περιϐολὴν

2180 1411 2390 1472 ἑαυτοῖς
2416 1409 2688 1470 ἐπενόουν,
2724 1406 2963 1467 πιθανοῖς
2991 1419 3100 1455 τισι
3125 1402 3218 1454 ml
3247 1397 3541 1470 ἀπατηλοῖς
3564 1396 3742 1465 λόγοις

2180 1502 2240 1554 τὸ
2272 1502 2399 1570 παρ’
2434 1500 2615 1560 αὐτοῖς
2644 1495 2835 1568 ψεῦδος
2861 1494 3246 1553 καλύπτοντες.
3573 1478 3582 1489 ”

2256 1611 2275 1641 ι
2310 1593 2420 1645 Kal
2456 1591 2666 1643 ἔσονται
2711 1591 2759 1642 oi
2793 1588 3144 1659 ἐργαζόμενοι
3180 1583 3318 1638 αὐτὰ
3346 1584 3402 1635 ἐν
3437 1580 3613 1652 ὀδύνῃ·
3651 1578 3745 1632 καὶ

516 1713 570 1757 et
601 1716 789 1756 omnes
825 1702 917 1769 qui
958 1700 1161 1753 faciunt
1214 1699 1431 1768 zythum
1469 1696 1742 1762 dolebunt,
1785 1708 1840 1753 et
1886 1698 2077 1753 animis

2191 1682 2387 1747 πάντες
2431 1685 2480 1735 οἱ
2517 1680 2793 1744 ποιοῦντες
2839 1679 2928 1732 τὸν
2974 1677 3130 1741 ζύθον
3177 1674 3596 1745 λυπηθήσονται,
3651 1670 3745 1725 καὶ

517 1793 730 1847 cadent.
772 1812 789 1844 ι
839 1791 1111 1846 Gemitum
1146 1763 1391 1842 edituros
1423 1789 1500 1842 ait
1546 1790 1632 1856 qui
1682 1788 1918 1853 faciunt,
1973 1805 2075 1842 non

2191 1774 2277 1836 τὰς
2319 1772 2493 1844 ψυχὰς
2536 1772 2841 1826 πεσοῦνται.
2879 1788 2897 1820 ι
2946 1767 3223 1834 Στενάξειν
3265 1767 3322 1819 δὲ
3364 1766 3569 1828 πάντας
3615 1763 3746 1833 φησὶ

516 1884 698 1937 vinum
732 1898 797 1937 ex
828 1881 959 1945 vite,
1003 1879 1096 1934 sed
1140 1878 1515 1949 {Egyptiacutn
1558 1853 1804 1949 sythum,
1838 1878 1979 1948 quod
2029 1888 2083 1932 et

2191 1868 2304 1930 τοὺς
2347 1866 2628 1928 ποιοῦντας
2660 1866 2719 1917 ού
2756 1864 2847 1916 τὸν
2888 1860 2946 1927 ἐξ
2987 1860 3228 1930 ἀμπέλου
3270 1855 3427 1922 οἶνον,
3474 1855 3609 1910 ἀλλὰ
3655 1853 3744 1907 τὸν

517 1976 690 2045 ipsum
736 1974 978 2043 Spurium
1037 1980 1155 2025 erat
1329 1947 1635 2035 turbidum;
1682 1986 1789 2039 quo
1844 1969 2083 2042 ngyptii

2191 1959 2545 2028 Αἰγυπτιακδν
2576 1957 2761 2021 ζύθον·
2804 1956 2863 2019 ὃς
2890 1957 2982 2009 ml
3012 1954 3172 2017 αὐτὸς
3199 1952 3349 2015 νόθος
3380 1948 3445 2022 ἦν
3478 1952 3570 2003 καὶ
3598 1947 3747 2001 τεθο-

518 2041 649 2135 potu
683 2041 994 2129 utebantur,
1057 2073 1346 2131 antequam
1395 2062 1527 2130 ipsis
1575 2061 1853 2116 adveniret
1901 2041 2083 2116 Demi-

2191 2050 2421 2121 λωμένος
2442 2066 2455 2080 ο
2483 2043 2526 2116 ᾧ
2555 2050 2847 2119 ἐκέχρηντο
2878 2048 2997 2100 ἀντὶ
3038 2043 3199 2099 ποτοῦ
3241 2044 3368 2113 πρὶν
3402 2042 3584 2103 αὐτοῖς
3628 2041 3747 2092 ἐπι-

522 2130 653 2209 nus.
689 2154 802 2208 Hoc
832 2168 994 2221 porro
1027 2130 1351 2214 declinante,
1379 2152 1501 2220 jure
1527 2152 1728 2204 dicitur
1751 2149 1991 2204 futurum
2026 2159 2083 2204 ut

2191 2142 2423 2213 δημῆσαι
2452 2140 2542 2193 τὸν
2580 2140 2782 2210 Κύριον
2807 2142 2856 2192 οἱ
2883 2139 3186 2207 Αἰγύπτιοι.
3223 2134 3330 2187 Καὶ
3352 2132 3541 2186 τούτου
3573 2130 3630 2183 δὲ
3658 2132 3751 2182 ἐκ-

520 2244 639 2314 ejus
678 2242 916 2295 artiﬁces
962 2240 1235 2308 planctum
1284 2241 1446 2293 edant
1509 2247 1565 2292 et
1611 2239 1807 2293 animis
1843 2238 2081 2293 doleant.

520 2334 647 2389 Haec
681 2346 809 2386 vero
839 2346 1094 2400 passuros
1124 2330 1486 2384 comminatur
1519 2329 1737 2400 Egypti
1776 2329 2081 2399 sophistas,

520 2425 667 2496 zythi
698 2424 955 2488 artiﬁces,
992 2438 1055 2476 ac
1104 2422 1195 2476 lini
1227 2423 1452 2477 scissilis
1505 2423 1758 2492 byssique
1801 2424 2082 2492 Operarios

520 2528 574 2573 et
600 2517 824 2588 piscium
859 2524 1127 2585 captores,
1179 2516 1270 2585 qui
1319 2513 1702 2585 Egyptiacum
1755 2513 1985 2580 ﬂumen,
2036 2523 2089 2571 et

521 2609 858 2682 Egyptiacze
896 2607 1172 2677 sapientiae
1204 2621 1507 2663 sermonem
1540 2606 1774 2662 sollicite
1810 2615 2086 2664 curarent.

597 2789 756 2846 Vens.
794 2790 882 2844 11.
937 2808 955 2841 ι
1014 2788 1081 2843 Ει
1134 2788 1282 2844 stulti
1325 2798 1483 2845 erunt
1527 2789 1799 2861 principes
1838 2786 2085 2858 Taneos,

526 2885 795 2955 sapientes
826 2882 1123 2937 consiliarii
1179 2883 1355 2952 regis,
1399 2882 1684 2938 consilium
1726 2899 1911 2938 eorum
1958 2882 2094 2936 infa-

528 2976 786 3030 tuabitur.
828 2992 847 3025 ι
890 2970 965 3025 lbi
1007 2974 1151 3027 enim
1193 2976 1423 3030 maxime
1465 2976 1615 3046 prius
1660 2977 1969 3033 substitisse
2019 2978 2093 3031 ait

525 3078 714 3119 omnes
761 3063 1040 3118 diabolicae
1096 3064 1417 3122 idololatriae
1474 3069 1813 3140 praestigias:
1867 3070 2093 3124 ibidem-

2184 2232 2472 2295 κλίνοντος,
2499 2232 2719 2294 εἰκότως
2758 2231 3026 2293 στενάξειν
3059 2228 3301 2297 λέγονται
3329 2226 3423 2279 ml
3448 2224 3547 2287 τὰς
3570 2222 3751 2293 ψυχὰς

2194 2323 2450 2394 ἁλγήσειν
2470 2324 2519 2374 οἰ
2542 2321 2729 2374 τούτου
2755 2322 2992 2391 ποιηταί.
3017 2320 3199 2372 Ταῦτα
3230 2319 3326 2390 μὲν
3349 2312 3439 2370 οὖν
3466 2313 3750 2367 πείσεσθαι

2183 2415 2309 2476 τοὺς
2367 2413 2463 2483 τῆς
2511 2411 2782 2480 Αἰγύπτου
2833 2410 3088 2481 σοφιστὰς
3143 2408 3372 2471 ἀπειλεῖ,
3434 2403 3755 2470 ζυθοποιούς

2186 2521 2336 2567 τινας
2366 2504 2458 2557 καὶ
2488 2503 2630 2555 λίνου
2669 2502 2885 2573 σχιστού
2920 2502 3015 2555 ml
3047 2501 3239 2572 βύσσου
3269 2498 3524 2570 ἐργάτας,
3554 2493 3753 2566 ἰχθύων

2188 2613 2247 2649 τε
2288 2594 2571 2666 θηρευτὰς,
2612 2593 2704 2647 τὸν
2763 2593 3003 2664 ποταμὸν
3052 2592 3140 2645 τὸν
3182 2588 3549 2659 Αἰγυπτιακὸν
3594 2603 3754 2657 περι-

2191 2687 2437 2750 έποντας,
2474 2687 2567 2740 ml
2593 2686 2685 2738 τὸν
2714 2685 2811 2754 τῆς
2842 2683 3215 2753 Αἰγυπτιακῆς
3249 2680 3439 2751 σοφίας
3471 2679 3646 2748 λόγον.

2267 2795 2285 2829 ι
2326 2777 2435 2830 Kal
2467 2775 2637 2847 μωροὶ
2659 2774 2867 2827 ἔσονται
2896 2774 2944 2825 οἰ
2969 2773 3225 2843 ἄρχοντες
3251 2770 3487 2843 ξΓάνεως,
3519 2768 3568 2820 οἰ
3602 2763 3755 2834 σοφοὶ

2196 2866 2485 2939 σύμϐουλοι
2506 2866 2600 2919 τοῦ
2630 2865 2908 2937 βασιλέως,
2940 2865 2973 2934 ἡ
3001 2862 3161 2934 βουλὴ
3194 2860 3371 2914 αὐτῶν
3409 2857 3755 2931 μωρανθήσε-

2192 2977 2302 3014 ται.
2334 2978 2353 3011 ι
2396 2960 2482 3011 Ἐν
2511 2958 2683 3030 ταύτῃ
2710 2956 2818 3028 γὰρ
2854 2954 3087 3027 μάλιστά
3116 2971 3247 3022 φησι
3275 2953 3374 3023 τὴν
3408 2954 3583 3004 πᾶσαν
3615 2965 3753 3020 μαγ-

2192 3050 2412 3121 γανείαν
2459 3051 2558 3120 τῆς
2597 3049 2912 3120 δαιμονικῆς
2958 3044 3396 3115 είδωλολατρείας
3441 3042 3754 3096 συνεστάναι

528 3170 633 3226 que
673 3164 915 3226 tempore
963 3156 1160 3226 Moysis
1214 3158 1394 3213 sedem
1445 3131 1697 3215 habuisse
1741 3176 1855 3229 eos,
1902 3163 1992 3231 qui
2036 3164 2087 3217 in

2193 3143 2469 3214 πρότερον·
2508 3140 2738 3195 ἐνταῦθα
2765 3141 2820 3193 δὲ
2847 3138 2908 3192 τὸ
2951 3138 3217 3208 βασίλειον
3242 3136 3383 3206 ἔχειν
3410 3137 3535 3199 τοὺς
3571 3136 3627 3187 ἐν
3646 3134 3755 3196 τοῖς

529 3246 762 3318 ,Εεγριο
816 3248 1133 3316 regnabant.
1195 3249 1376 3315 Quare
1432 3253 1634 3307 dictum
1691 3262 1774 3309 est
1836 3254 1987 3325 signa
2040 3256 2091 3310 in

526 3354 721 3409 campo
754 3340 966 3396 Taneos
995 3342 1138 3395 edita
1182 3342 1369 3409 fuisse,
1405 3353 1512 3399 tam
1562 3345 1767 3416 Moysis
1813 3358 2089 3417 tempore,

530 3445 692 3499 quam
728 3430 780 3484 in
817 3433 1096 3501 praesenti.
1135 3432 1323 3503 Itaque
1352 3438 1735 3505 peregrinante
1768 3440 1995 3496 Domino
2041 3443 2091 3497 in

531 3522 784 3594 Egypto,
820 3539 941 3578 cum
978 3523 1301 3595 Egyptiaco
1324 3526 1545 3585 ﬂumine
1572 3532 1733 3585 etiam
1768 3542 2095 3590 memoratos

530 3616 653 3670 illos
683 3616 953 3686 principes
993 3619 1266 3674 daemones
1312 3620 1655 3679 infatuandos
1696 3624 1807 3691 ait,
1856 3627 2092 3693 etiamsi,

534 3708 761 3763 absente
807 3709 1055 3775 Domino,
1098 3712 1419 3778 sapientiam
1464 3725 1650 3783 aperte
1690 3716 2093 3784 proﬁterentur.

531 3798 731 3856 Verum
764 3801 809 3855 is
844 3811 1219 3871 argumentum
1253 3804 1380 3872 ipsis
1422 3806 1636 3869 obtulit.
1678 3825 1742 3864 ac
1771 3810 1955 3874 evicit,
2003 3825 2096 3865 eos

532 3892 667 3946 nihil
694 3894 972 3961 sapientiae
1005 3894 1241 3962 habere;
1272 3896 1366 3950 sed
1400 3896 1454 3952 in
1475 3898 1687 3954 Domini
1712 3900 1943 3956 adventu
1971 3916 2098 3957 vere

533 3982 726 4038 stultos
767 3999 907 4039 esse.

602 4164 765 4221 Vens.
804 4164 890 4229 12,
928 4165 1014 4220 15.
1052 4186 1070 4217 r
1104 4165 1380 4233 Quomodo
1421 4170 1607 4225 dicetis
1644 4172 1790 4242 regi,
1820 4172 1940 4228 Filii
1970 4189 2099 4242 pru-

533 4254 752 4309 dentum
777 4273 897 4321 nos,
930 4258 1022 4311 ﬁlii
1052 4274 1259 4330 regum,
1282 4262 1373 4330 qui
1419 4264 1485 4317 ab
1524 4264 1678 4318 initio
1710 4263 1968 4320 fuerunt?
1995 4266 2099 4321 Ubi

534 4362 676 4401 nunc
698 4348 963 4416 sapientes
990 4350 1107 4403 tui?
1130 4360 1183 4405 et
1207 4354 1526 4408 annuntient
1553 4356 1670 4419 tibi,
1689 4366 1743 4410 et
1766 4357 1943 4410 dicant
1971 4359 2097 4426 quid

2192 3234 2469 3297 Μωύσέως
2508 3233 2719 3304 χρόνοις
2767 3228 3142 3300 βασιλεύοντας
3186 3226 3285 3296 τῆς
3330 3225 3625 3294 Αἰγύπτου.
3668 3220 3760 3276 Διδ

2192 3325 2438 3379 λέλεκται
2479 3326 2537 3377 ἐν
2569 3324 2732 3393 πεδίῳ
2767 3322 2981 3384 Τάνεως
3014 3319 3082 3372 τὰ
3123 3321 3321 3389 σημεῖα
3360 3316 3656 3386 γεγονέναι,
3689 3316 3761 3369 τὰ

2194 3417 2287 3469 ἐπὶ
2316 3414 2593 3477 Μωῦσέως
2634 3413 2727 3467 ml
2756 3413 2849 3464 ἐπὶ
2880 3409 2974 3464 τοῦ
3008 3408 3287 3479 παρόντος.
3313 3406 3611 3478 Τοιγαροῦν
3638 3408 3764 3459 ἐπι-

2193 3508 2532 3579 δημήσαντος
2560 3504 2652 3559 τοῦ
2698 3505 2903 3575 Κυρίου
2947 3505 3012 3572 τῇ
3044 3500 3323 3570 Αἰγύπτῳ,
3364 3499 3457 3552 σὺν
3491 3497 3567 3568 τῷ
3592 3498 3765 3565 Αἰγυ-

2195 3602 2335 3671 πτίῳ
2400 3597 2627 3668 ποταμῷ
2684 3598 2776 3649 καὶ
2833 3596 2960 3658 τοὺς
3025 3592 3361 3664 δηλωθέντας
3413 3590 3765 3661 ἀρχοντικοὺς

2194 3692 2449 3763 δαίμονάς
2476 3706 2625 3753 τινας
2660 3684 3104 3759 μωρανθήσεσθαί
3138 3701 3291 3755 φησι,
3329 3682 3531 3752 καίπερ
3569 3680 3763 3749 σοφίαν

2197 3781 2701 3853 ἐπαγγελλομένους
2749 3781 2839 3832 ὅτε
2894 3779 2953 3832 ού
3010 3776 3188 3847 παρῆν
3242 3776 3422 3838 αὐτοῖς
3468 3774 3497 3825 ὁ
3535 3772 3760 3842 Κύριος.

2209 3876 2367 3931 Ἀλλὰ
2410 3876 2516 3945 γὰρ
2564 3874 2780 3943 ἔλεγχον
2823 3872 3004 3934 αὐτοῖς
3054 3871 3350 3940 ἐπήγαγεν,
3390 3866 3465 3930 ῶς
3507 3865 3763 3935 οὐδεμιᾶς

2202 3969 2442 4039 μετεῖχον
2475 3964 2691 4033 σοφίαςο
2734 3962 2905 4032 μωροί⁹
2942 3961 2997 4014 δὲ
3041 3955 3181 4031 ἦσαν
3226 3955 3437 4029 ἀληθῶς
3477 3956 3535 4009 ἐν
3563 3958 3627 4027 τῇ
3665 3954 3761 4008 τοῦ

2199 4060 2403 4132 Κυρίου
2433 4056 2704 4128 παρουσίᾳ

2275 4172 2293 4203 ι
2337 4150 2458 4215 Πῶς
2488 4152 2656 4221 ἐρεῖτε
2688 4146 2765 4217 τῷ
2788 4146 3010 4216 βασιλεῖ,
3036 4144 3155 4197 Υἱοὶ
3186 4142 3419 4195 συνετῶν
3450 4143 3630 4213 ἡμεῖς,
3653 4139 3763 4193 υἱοὶ

2201 4244 2461 4317 βασιλέων
2501 4242 2609 4294 τῶν
2643 4240 2700 4306 ἐξ
2728 4240 2930 4310 ἁρχῆςς
2959 4236 3068 4290 Ποῦ
3107 4237 3213 4288 εἱσι
3237 4234 3330 4288 νῦν
3373 4236 3420 4287 οἰ
3453 4232 3603 4303 σοφοί
3635 4249 3765 4299 σούς

2199 4338 2291 4390 καί⁹
2334 4331 2804 4403 ἀναγγειλάτωσάν
2852 4346 2951 4393 σοι,
2992 4329 3081 4381 καὶ
3136 4328 3447 4380 εἰπάτωσαν
3487 4326 3541 4379 τί
3579 4323 3769 4395 βεϐού-

534 4439 743 4493 consilii
793 4441 966 4494 inierit
1004 4441 1261 4496 Dominus
1295 4444 1532 4498 Sabaoth
1582 4416 1742 4516 super
1784 4416 2087 4517 Egyptum.

2198 4428 2382 4480 λευται
2422 4425 2622 4493 Κύριος
2669 4420 2891 4475 Σαϐαὼθ
2936 4420 3019 4472 ἐπ’
3057 4420 3350 4486 Αἴγυπτον.
3411 4418 3683 4484 Ἐξέλιπον
3716 4416 3768 4469 οί

536 4528 854 4583 Defecerunt
885 4529 1153 4598 principes
1174 4530 1403 4594 Taneos,
1423 4541 1475 4584 et
1496 4532 1714 4585 exaltati
1750 4545 1875 4585 sunt
1895 4533 2096 4603 princi-

535 4634 629 4687 pes
654 4619 977 4687 Mempheos,
999 4633 1055 4674 et
1075 4635 1259 4676 errare
1278 4621 1474 4677 facient
1491 4622 1780 4693 Egyptum
1802 4624 2094 4677 secundum

539 4708 725 4762 tribus.
757 4727 776 4759 ι
806 4708 937 4762 Cum
963 4725 1079 4773 .non
1103 4709 1331 4779 amplius
1368 4726 1547 4781 regem
1581 4710 1845 4775 habeatis,
1876 4726 2095 4780 quomo-

535 4797 605 4851 do
629 4800 851 4866 potestis
882 4800 948 4853 de
982 4801 1261 4868 prudentia
1281 4800 1537 4871 gloriari?
1556 4801 1832 4866 Quomodo
1853 4810 2092 4854 veterum

538 4902 717 4955 regum
761 4888 902 4942 ﬁlios
925 4904 1020 4943 vos
1061 4904 1181 4944 esse
1218 4891 1428 4953 dicitis,
1464 4889 1653 4954 Orum,
1694 4890 1797 4945 lsin
1838 4902 1891 4945 et
1919 4889 2097 4945 Osirin

536 4990 591 5034 et
617 4979 928 5049 Typhonem
962 4979 1300 5049 objicientes,
1326 4993 1487 5050 atque
1505 4981 1816 5049 iactitantes
1850 4983 2097 5046 deorum,

540 5070 756 5122 heroum
796 5079 850 5123 et
874 5081 1205 5124 mortuorum
1245 5086 1441 5139 genera
1480 5072 1604 5124 olim
1640 5072 1694 5124 in
1735 5070 1966 5143 Egypto
2001 5073 2101 5126 im-

541 5174 756 5227 perasse
786 5179 800 5215 :
828 5178 1055 5230 quorum
1089 5164 1309 5217 deorum
1331 5170 1384 5217 et
1415 5177 1594 5232 regum
1632 5179 1749 5229 vos,
1792 5180 1843 5217 tn
1871 5164 2102 5233 prophe-

542 5248 611 5299 tia
648 5248 869 5303 indicati
899 5253 1168 5322 principes
1193 5252 1404 5307 Taneos
1433 5263 1486 5307 et
1518 5252 1847 5322 Mempheos,
1882 5254 2020 5308 ﬁlios
2045 5261 2099 5307 et

541 5346 760 5405 nepotes
790 5355 913 5396 esse
961 5344 1220 5399 dictitatis
1249 5344 1273 5397 ?
1307 5344 1423 5411 Qua
1467 5345 1675 5399 ratione
1705 5345 1777 5399 dii
1812 5360 1877 5399 ac
1924 5345 2099 5399 omnis

540 5428 816 5494 sapientiae
847 5440 1117 5487 consortes
1147 5447 1266 5489 esse
1291 5433 1529 5501 potestis,
1558 5433 1647 5502 qui
1671 5447 1841 5501 neque
1866 5431 2098 5485 futuram

540 5530 773 5574 vestram
809 5519 1230 5579 confutationem
1265 5524 1559 5594 praavidere
1581 5524 1661 5577 vel
1683 5524 1974 5593 praedicere
2005 5538 2102 5593 po-

2199 4519 2457 4590 ἄρχοντες
2496 4516 2730 4576 Τάνεως,
2762 4512 2853 4564 ml
2898 4509 3188 4581 ύψώθησαν
3230 4514 3278 4563 οἰ
3315 4511 3569 4582 ἄρχοντες
3610 4508 3768 4579 Μέμ-

2200 4626 2363 4678 φεως,
2389 4606 2481 4660 ml
2519 4605 2847 4674 πλανήσουσι
2876 4602 2972 4673 τὴν
3015 4601 3286 4669 Αἴγυπτον
3332 4600 3471 4655 κατὰ
3517 4599 3708 4669 φυλάς.
3742 4618 3762 4650 ι

2198 4699 2409 4770 Μηκέτι
2446 4696 2553 4767 γὰρ
2589 4695 2922 4767 ὑπάρχοντος
2957 4694 3084 4764 ὑμῖν
3127 4692 3405 4763 βασιλέως,
3442 4694 3557 4755 πως
3586 4689 3687 4744 οἶοί
3709 4691 3771 4744 τέ

2198 4793 2322 4844 ἐστε
2350 4790 2441 4842 ἐπὶ
2462 4787 2671 4841 συνέσει
2696 4787 3051 4859 σεμνύνεσθαι
3072 4803 3086 4851 ;
3109 4785 3233 4849 Πῶς
3258 4785 3314 4837 δέ
3339 4785 3486 4847 υἱοὺς
3505 4783 3772 4853 βασιλέων

2200 4879 2442 4934 παλαιῶν
2482 4878 2703 4943 ἐαυτοὺς
2746 4874 2883 4932 εἷναί
2922 4895 3079 4946 φατε,
3120 4873 3307 4947 Ὧρον,
3344 4876 3437 4929 καὶ
3475 4878 3631 4940 Ἶσιν,
3675 4875 3773 4928 καὶ

2204 4975 2416 5045 Ὄσιριν
2438 4970 2857 5043 προϐαλλόμενοι
2874 4972 2967 5024 καὶ⁴
2994 4968 3226 5038 Τυφῶνα
3246 4969 3378 5039 (‘23),
3396 4968 3487 5021 ml
3505 4967 3659 5032 θεῶν,
3677 4969 3773 5022 καὶ

2203 5064 2416 5137 ἡρώων,
2452 5064 2546 5117 ml
2589 5062 2794 5115 νεκύων
2825 5063 2954 5133 γένη
2986 5063 3283 5131 φάσκοντες
3319 5061 3410 5112 τὸν
3453 5060 3615 5113 πάλαι
3641 5060 3771 5130 χρό-

2204 5177 2293 5213 νον
2322 5159 2429 5228 τῆς
2471 5155 2744 5224 Αἰγύπτου
2793 5154 3213 5226 κεκρατηκέναι,
3253 5146 3327 5204 ὧν
3364 5151 3499 5203 θεῶν
3544 5150 3635 5203 καὶ
3679 5149 3774 5219 βα-

2208 5252 2398 5304 σιλέων
2420 5248 2567 5311 υἱοὺς
2594 5248 2687 5301 καὶ
2713 5246 3008 5315 ἀπογόνους
3040 5245 3263 5305 ἐαυτοὺς
3288 5238 3426 5295 εἷναί
3456 5260 3594 5311 φατε
3617 5242 3774 5312 ὑμεῖς

2204 5344 2252 5395 οἱ
2284 5341 2373 5393 διὰ
2412 5340 2510 5410 τῆς
2544 5338 2876 5408 προφητείας
2915 5334 3230 5407 δηλούμενοι
3262 5334 3519 5402 ἄρχοντες
3558 5333 3777 5395 Τάνεως

2210 5433 2303 5483 καὶ
2341 5430 2650 5499 Μέμφεως;
2680 5428 2802 5492 Πῶς
2842 5429 2885 5481 δ’
2927 5428 2991 5481 ἂν
3022 5424 3169 5495 εἴητε
3196 5423 3306 5475 θεοὶ
3334 5423 3368 5493 ἢ
3397 5427 3578 5478 πᾶσαν
3614 5440 3777 5494 μετα-

2214 5531 2428 5592 σχοίητε
2481 5520 2692 5589 σοφίαν,
2749 5519 2881 5589 μηδέ
2936 5515 3218 5584 δυνάμενοι
3280 5513 3585 5585 προγνῶναι
3641 5512 3776 5584 μηδὲ

615 5719 723 5784 (‘33)
767 5715 813 5771 5-
845 5716 1219 5781 Hieronymus,
1253 5736 1272 5768 ι
1314 5730 1377 5774 nt
1400 5721 1525 5777 deos
1549 5729 1795 5777 auctores
1835 5720 2010 5785 gentis
2031 5719 2285 5777 simulent
2314 5720 2485 5779 Oron.
2513 5727 2567 5775 et
2602 5717 2729 5778 Irin.
2762 5726 2815 5773 et
2843 5714 3045 5774 Osirin.
3076 5724 3129 5773 et
3163 5713 3495 5775 Tvehonem.
3542 5730 3565 5765 ι
