4072 6194
248 301 358 358 229

1226 299 1733 358 COMMENTARIA
1770 299 1838 355 1N
1876 299 2134 358 ISAIAM.
2175 335 2243 345 —
2281 300 2437 357 CAP.
2479 300 2623 359 XIX.

3421 303 3526 364 250

250 424 682 497 προαγορεῦσαι
703 424 787 476 τὸν
826 422 1096 494 ὑμέτερον
1131 422 1349 494 ἔλεγχον
1385 425 1479 479 καὶ
1509 424 1608 495 τὴν
1630 425 1729 495 τῆς
1753 423 1844 495 βα-

1957 426 2128 492 testis,
2162 439 2337 494 neque
2366 423 2686 478 solutionem
2720 420 2867 491 regni
2893 436 3103 487 eorum,
3140 434 3369 489 quorum
3395 436 3524 477 eon-

255 518 481 582 σιλείας
513 518 794 571 κατάλυσιν
819 515 1028 569 τούτων
1066 507 1140 569 ὧν
1175 516 1497 586 ἐτυγχάνετε
1534 516 1846 586 σύμϐουλοι,

262 611 367 674 οὓς
398 614 499 666 καὶ
520 609 812 682 ἐπιτρίϐετε
841 610 1127 673 παντοίαις
1148 608 1377 673 πλάναις
1400 609 1810 681 περιϐάλλοντες
1830 628 1845 675 ;

360 724 383 758 ι
418 704 611 776 Κύριος
654 703 761 773 γὰρ
820 702 1083 773 ἐκέρασεν
1132 703 1314 766 αὐτοῖς
1379 701 1594 773 πνεῦμα
1645 702 1849 774 πλανή-

288 811 449 859 σεως,
480 795 566 846 καὶ
605 792 918 863 ἐπλάνησαν
961 793 1059 863 τὴν
1111 794 1383 861 Αἴγυπτον
1418 796 1476 847 ἐν
1541 794 1674 846 πᾶσι
1736 796 1848 855 τοῖς

288 886 467 957 ἔργοις
486 884 677 945 αὐτῶν,
710 884 787 946 ὡς
829 883 1097 937 πλανᾶται
1122 886 1149 937 6
1181 883 1393 954 μεθύων
1454 885 1545 937 καὶ
1611 885 1639 936 6
1700 884 1846 953 ἐμῶν

286 978 413 1047 ἅμα.
455 995 471 1026 ι
506 973 910 1044 Τεκμαίρεσθαι
939 973 995 1025 δέ
1030 974 1144 1025 ἐστι
1169 972 1340 1043 ταύτῃ
1377 975 1473 1043 τῆς
1535 972 1703 1044 μέθης
1748 972 1846 1043 τὴν

280 1066 569 1138 ὑπερϐολὴν
593 1067 704 1119 ἀπὸ
736 1065 829 1118 τοῦ
866 1065 999 1135 μηδέ
1029 1066 1230 1135 ὁμοίως
1261 1067 1373 1127 τοῖς
1400 1064 1602 1127 λοιποῖς
1636 1064 1846 1135 ἀνθρώ-

270 1176 387 1222 ποις
414 1158 902 1228 εἰδωλο).ατρεῦσαι
934 1158 1153 1220 αὐτοὺς,
1189 1158 1439 1209 ἐκπεσεῖν
1478 1156 1535 1208 δέ
1563 1156 1653 1209 καὶ
1687 1156 1843 1226 μέχρι

261 1253 358 1321 τῆς
388 1253 496 1305 τῶν
520 1252 737 1319 ἀλόγων
770 1248 924 1314 ζώων
965 1250 1031 1304 ἂν
1065 1249 1521 1319 είδωλοποιήσεως
1552 1266 1565 1279 ·
1625 1249 1705 1302 διὸ
1769 1248 1845 1300 λέ-

259 1345 467 1408 λεκται,
505 1363 525 1396 ι
557 1345 647 1407 Ὠς
681 1344 948 1396 πλανᾶται
980 1345 1007 1395 6
1043 1341 1254 1412 μεθύων
1278 1342 1371 1395 καὶ
1395 1343 1423 1394 6
1455 1341 1603 1412 ἐμῶν
1648 1340 1783 1411 ἃμα.
1820 1359 1838 1391 ι

263 1436 499 1509 Τοιαύτῃ
529 1438 641 1487 τινὶ
708 1435 849 1507 μέθῃ
908 1432 1008 1495 τὰς
1044 1432 1149 1487 τῶν
1182 1434 1494 1502 Αἰγυπτίων
1533 1432 1842 1503 ἐπλάνησαν

262 1526 441 1597 ψυχὰς
471 1528 520 1579 οἱ
544 1525 872 1597 δηλωθέντες
901 1524 1157 1595 ἄρχοντες
1191 1523 1407 1586 Τάνεως
1432 1524 1525 1577 καὶ
1545 1525 1840 1595 Μέμφεως,

262 1614 343 1681 οἷς
398 1619 560 1681 αὐτὸς
603 1620 631 1671 6
674 1618 878 1685 Κύριος
912 1616 1199 1687 πνεύματα
1238 1616 1553 1686 πλανήσεως
1589 1617 1839 1687 ἐκέρασε.

269 1713 532 1782 Δαίμονες
554 1710 663 1780 γὰρ
687 1711 832 1773 ὅντες
858 1709 1084 1780 πονηροὶ
1113 1710 1205 1762 καὶ
1234 1710 1491 1779 δυνάμεις
1532 1710 1840 1781 ἀντικείμε-

1950 515 2137 571 siliarii
2174 516 2327 578 estis,
2361 529 2499 583 quos
2544 514 2705 568 etiam
2740 512 3073 582 opprimitis,
3109 512 3234 567 dum
3264 512 3530 569 omnimo-

1950 611 2031 665 dis
2058 609 2332 664 erroribus
2364 610 2509 677 ipsos
2540 606 2880 677 complicatis
2905 606 2928 659 ?

2018 701 2182 757 Vens.
2210 702 2329 757 ΗΑ
2365 702 2619 755 Dominus
2641 700 2782 753 enim
2811 699 3022 753 miscuit
3051 698 3131 752 eis
3166 699 3413 768 spiritum
3439 712 3531 753 er-

1948 796 2108 858 roris,
2142 804 2195 848 et
2220 809 2405 848 errare
2432 794 2673 848 fecerunt
2708 790 3004 862 Egyptum
3037 792 3087 845 in
3115 792 3367 846 omnibus
3404 807 3531 859 ope-

1950 887 2098 941 ribus
2126 886 2387 954 ipsorum,
2418 893 2475 939 ut
2498 895 2644 939 errat
2683 885 2771 953 qui
2814 884 3005 939 ebrius
3031 894 3129 946 est,
3154 893 3207 937 et
3244 886 3333 953 qui
3365 884 3532 939 vomit

1947 978 2129 1031 simul.
2174 997 2191 1028 ›
2226 977 2359 1031 llinc
2402 991 2563 1046 porro
2608 977 3016 1043 coniectandum
3053 984 3134 1029 est
3166 984 3404 1043 quantus
3453 975 3531 1029 ibi

1949 1069 2109 1123 fuerit
2142 1068 2422 1121 ebrietatis
2472 1082 2749 1130 excessus,
2796 1068 2937 1136 quod
2967 1083 3072 1121 non
3116 1068 3338 1135 perinde
3363 1077 3528 1136 atque

1946 1160 2127 1215 caeteri
2183 1160 2432 1213 homines
2478 1158 2798 1213 idololatriae
2839 1160 3003 1214 dediti
3055 1170 3271 1223 essent,
3317 1159 3409 1213 sed
3462 1173 3530 1212 eo

1944 1267 2116 1321 usque
2145 1252 2474 1306 decidissent
2504 1250 2830 1319 impietatis,
2865 1259 2921 1304 ut
2956 1250 3239 1305 brutorutn
3284 1250 3530 1303 animan-

1946 1343 2078 1397 tium
2107 1343 2396 1397 simulacra
2425 1342 2703 1407 facerent;
2734 1358 2903 1411 quare
2929 1344 3125 1397 dictum
3150 1349 3253 1406 est,
3292 1360 3310 1393 ι
3350 1340 3419 1396 Ut
3439 1356 3529 1395 er-

1946 1442 2029 1487 rat
2061 1435 2152 1503 qui
2189 1436 2367 1490 ebrius
2400 1446 2501 1499 est,
2538 1443 2592 1489 et
2615 1435 2703 1503 qui
2741 1435 2906 1488 vomit
2946 1434 3124 1488 simul.
3162 1454 3179 1485 ι
3223 1435 3301 1488 Ad
3348 1435 3531 1502 hujus-

1944 1527 2424 1582 modiebrietatem
2462 1526 2702 1596 praedicti
2736 1526 3004 1595 principes
3040 1526 3250 1582 Taneos
3273 1535 3339 1581 'et
3362 1527 3530 1580 Mem-

1944 1619 2108 1687 pheos
2136 1617 2507 1689 Egyptiorum
2532 1619 2740 1671 animas
2778 1618 3150 1684 deduxerunt,
3177 1619 3368 1686 quibus
3416 1620 3531 1688 ipse

1946 1709 2199 1763 Dominus
2221 1711 2441 1777 spiritus
2477 1710 2679 1763 erroris
2715 1710 2955 1765 miscuit.
2983 1709 3115 1762 Nam
3165 1726 3287 1765 cum
3331 1713 3531 1765 daemoo

274 1822 389 1866 ναι,
420 1804 639 1856 ἐναντία
669 1802 744 1872 τῷ
775 1802 886 1872 Θεῷ
910 1802 1187 1873 ἐφρόνουν,
1224 1803 1317 1856 καὶ
1358 1802 1642 1872 θεομαχεῖν
1697 1804 1841 1855 ἐπει-

1947 1815 2038 1854 nes
2073 1799 2290 1869 maligni
2336 1808 2391 1853 et
2444 1799 2768 1853 adversariae
2819 1808 3111 1867 potestates
3165 1809 3381 1866 essent,
3419 1800 3530 1855 Deo

286 1895 480 1965 ρῶντο.
506 1893 597 1944 Διὸ
632 1891 988 1962 παρεδόθησαν
1017 1891 1212 1964 πλάνῃ,
1242 1891 1336 1944 τοῦ
1392 1891 1526 1945 Θεοῦ
1560 1892 1842 1962 κρίναντος

286 1985 521 2050 ἐπαξίως
549 1985 648 2053 τῆς
669 1986 920 2056 πονηρίας
959 1984 1137 2037 αὐτῶν
1168 1985 1340 2056 πλάνῃ
1375 1984 1707 2056 παραδοῦναι
1748 1986 1843 2039 αύ-

289 2077 433 2141 τούς.
466 2080 525 2130 Oi
553 2078 608 2131 δὲ
638 2077 732 2149 τὴν
761 2076 901 2146 σφῶν
952 2076 1147 2131 κακίαν
1182 2077 1274 2129 ἐπὶ
1325 2078 1452 2141 τοὺς
1494 2078 1840 2147 Αἰγυπτίους,

287 2170 468 2241 ὥσπερ
502 2169 622 2222 τινὰ
653 2170 727 2222 ἰὸν
754 2168 1123 2240 θανατηφόρον
1147 2169 1357 2239 διέχεαν
1376 2211 1392 2235 ,
1421 2170 1514 2224 καὶ
1538 2170 1842 2241 ἐπλάνησαν

279 2261 375 2331 τὴν
402 2262 692 2328 Αἴγυπτον,
733 2280 752 2311 ι
792 2260 879 2323 Ὠς
904 2260 1169 2313 πλανᾶται
1207 2262 1236 2313 6
1263 2258 1474 2330 μεθύων
1503 2260 1597 2313 καὶ
1626 2262 1654 2313 6
1695 2261 1843 2333 ἐμῶν

272 2356 400 2425 ἅμα.
434 2375 453 2406 ι
494 2354 653 2406 Ἀλλὰ
695 2352 1022 2406 καὶτούτων
1064 2352 1239 2405 αύτῶν
1293 2352 1456 2425 χάριν
1499 2353 1757 2424 ἐπεδήμει
1815 2356 1844 2406 6

270 2448 467 2517 Κύριος
496 2450 561 2517 τῇ
589 2446 873 2515 Αἰγύπτῳ,
904 2446 1012 2510 ἵνα,
1038 2446 1235 2509 αὐτοὺς
1268 2446 1363 2517 τῆς
1415 2445 1621 2517 πλάνης
1654 2447 1845 2519 ἀνανῆ-

264 2540 360 2609 dat.
397 2541 653 2611 ποιήσας,
679 2538 898 2610 μακρὰν
930 2539 1107 2592 αὐτῶν
1130 2538 1477 2612 άποσκεδάσῃ
1504 2540 1628 2603 τοὺς
1662 2538 1839 2603 λαούς.

338 2742 357 2773 σ
389 2722 501 2776 Καὶ
546 2722 647 2775 οὐκ
686 2722 839 2775 ἔσται
885 2722 997 2783 τοῖς
1023 2720 1339 2789 Αἰγυπτίοις
1369 2719 1525 2791 ἔργον
1551 2718 1579 2771 ὃ
1633 2720 1844 2789 ποιήσει

262 2815 510 2887 κεφαλὴν
549 2816 645 2867 καὶ
708 2813 899 2885 οὐρὰν,
928 2811 1101 2883 ἀρχὴν
1142 2813 1236 2866 καὶ
1282 2811 1452 2875 τέλος.
1486 2829 1505 2863 ι
1556 2812 1846 2878 νΑπρακτα

260 2907 381 2977 γὰρ
403 2908 581 2969 αὐτοῖς
611 2906 814 2959 ἐστιτὰ
842 2903 1206 2976 ἐνεργούμενα
1229 2904 1296 2958 τὰ
1320 2903 1488 2957 πολλὰ
1517 2903 1644 2975 παρ’
1665 2904 1846 2966 αὐτοῖς

263 2998 682 3068 ἔπιτελούμενα,
704 2998 777 3061 ὠς
824 2997 960 3069 μηδέ
987 2996 1145 3068 ἔργον
1173 2999 1229 3050 ἐν
1251 2996 1434 3060 αὐτοῖς
1481 2997 1616 3068 μήτε
1674 2994 1845 3068 ἀρχὴν

1941 1891 2251 1945 adversaria
2287 1890 2613 1957 sentiebant,
2646 1906 2708 1944 ac
2737 1898 2925 1944 contra
2954 1890 3116 1943 Deum
3154 1908 3395 1962 pugnare
3434 1907 3530 1948 co-

1943 1982 2231 2037 nabantur.
2268 1981 2626 2047 Quamobrem
2677 1982 2847 2035 errori
2906 1981 3083 2034 traditi
3133 1992 3291 2047 sunt,
3344 1986 3529 2037 decer-

1942 2084 2105 2130 nente
2126 2074 2254 2139 Deo,
2289 2074 2431 2143 quod
2460 2072 2711 2143 nequitiae
2732 2087 2918 2128 eorum
2937 2081 3359 2127 consentaneum
3387 2083 3529 2139 erat,

1942 2173 2003 2219 ut
2031 2164 2201 2218 errori
2236 2163 2597 2218 traderentur.
2645 2162 2723 2217 illi
2772 2178 2901 2218 vero
2934 2164 3215 2229 malitiam,
3252 2180 3349 2220 ceu
3381 2166 3530 2221 virus

1944 2256 2214 2325 quoddam
2269 2255 2610 2322 lethil’erum,
2642 2258 2695 2311 in
2744 2256 3031 2330 Egyptius
3076 2257 3425 2323 diﬂ‘uderunt,
3473 2268 3531 2314 et

1942 2348 2233 2419 Egyptum
2265 2348 2319 2402 in
2351 2364 2591 2404 errorem
2617 2350 2968 2414 induxerunt,
3003 2367 3022 2402 ι
3062 2349 3131 2405 Ut
3165 2361 3312 2406 errat
3338 2353 3407 2417 is,
3433 2352 3527 2423 qui

1943 2439 2124 2493 ebrius
2149 2448 2251 2504 est,
2284 2448 2337 2493 et
2366 2438 2458 2507 qui
2490 2440 2657 2493 vomit
2685 2440 2862 2495 simul.
2891 2460 2907 2491 ι
2932 2439 3128 2497 Verum
3156 2457 3343 2496 eorum
3364 2458 3530 2498 causa

1944 2528 2083 2583 Deus
2120 2528 2171 2581 in
2206 2528 2438 2599 IEgypto
2478 2530 2951 2598 peregrinabatur,
2987 2543 3066 2597 ut,
3090 2532 3195 2586 illis
3235 2533 3302 2588 ab
3344 2548 3530 2590 errore

1945 2618 2207 2682 deductis,
2236 2619 2461 2689 populos
2493 2619 2558 2672 ab
2584 2620 2662 2674 eis
2683 2621 2870 2688 procul
2915 2622 3232 2677 dimoveret.

2017 2712 2178 2766 Vens.
2219 2711 2304 2765 15.
2337 2729 2355 2763 ι
2393 2711 2455 2766 Ει
2484 2727 2588 2766 non
2637 2714 2741 2767 erit
2772 2711 3043 2782 Egyptiis
3069 2729 3226 2783 epus,
3251 2716 3395 2784 quod
3444 2715 3529 2769 fa-

1944 2802 2053 2858 ciat
2090 2810 2250 2873 caput
2284 2811 2339 2856 et
2370 2803 2617 2867 caudam,
2652 2804 2974 2873 pnineipium
3008 2812 3061 2858 et
3107 2803 3290 2859 tinem.
3331 2824 3350 2858 ι
3387 2804 3529 2861 Infe-

1943 2902 2031 2948 cta
2073 2894 2271 2963 quippe
2312 2902 2441 2948 sunt
2497 2891 2604 2947 illis
2644 2908 2805 2961 opera
2850 2893 3018 2947 multa
3072 2909 3191 2963 quas
3226 2895 3363 2965 apud
3405 2895 3528 2951 illos

1944 2986 2369 3054 perficiebantur
2402 3026 2416 3050 ,
2453 2984 2526 3041 ita
2559 2994 2617 3039 ut
2643 3000 2777 3055 opus
2799 3000 2962 3055 penes
2997 2985 3114 3041 illos
3148 3001 3253 3041 non
3293 2988 3529 3057 reperia-

262 3090 444 3160 ἔχειν,
474 3089 607 3159 μήτε
625 3087 787 3152 τέλος,
820 3087 914 3141 τοῦ
948 3087 1152 3157 Κυρίου
1187 3086 1281 3139 καλ⁹
1308 3084 1488 3148 τοῦτο,
1521 3086 1595 3148 ὠς
1617 3082 1841 3153 ἀγαθοῦ,

1947 3084 2056 3141 tur,
2095 3077 2235 3146 quod
2264 3076 2349 3132 vel
2380 3075 2696 3146 principium
2729 3076 2809 3130 vel
2843 3076 3000 3131 linem
3033 3078 3251 3140 habeat,
3266 3077 3528 3146 Domino,

264 3181 674 3253 ἐργασαμένου.
709 3179 887 3232 Πολλὰ
918 3178 1016 3249 μὲν
1044 3179 1152 3250 γὰρ
1187 3180 1246 3230 ἐν
1271 3180 1335 3249 τῇ
1372 3180 1503 3250 παρ’
1528 3177 1842 3246 Αἰγυπτίοις

1948 3178 2132 3239 utpote
2162 3171 2323 3234 bono,
2373 3172 2475 3226 hoc
2507 3172 2575 3225 ita
2618 3181 2930 3242 peragente.
2960 3170 3240 3240 Siquidem
3279 3171 3331 3225 in
3363 3170 3529 3243 Egy-

264 3271 523 3343 πολυθέῳ
553 3270 723 3342 πλάνῃ
756 3270 893 3341 ἔργα
928 3270 1100 3341 ἀρχὴν
1130 3268 1321 3339 ἔχοντα
1350 3266 1417 3341 ἦν
1447 3270 1539 3322 καὶ
1570 3268 1721 3332 τέλος
1756 3286 1844 3321 νο-

269 3366 539 3438 μιζομένῃ
564 3363 872 3434 ἀκολουθία.
899 3362 1055 3417 Κατὰ
1075 3364 1131 3418 δέ
1154 3365 1279 3427 τοὺς
1301 3362 1700 3433 δεδηλωμένους
1724 3362 1847 3433 χρό-

264 3474 394 3519 νους
421 3457 521 3527 τῆς
564 3456 658 3509 τοῦ
706 3454 911 3525 Κυρίου
951 3455 1028 3517 είς
1074 3455 1269 3517 αὐτοὺς
1313 3454 1610 3526 παρουσίας
1666 3453 1845 3506 οὐκέτι

264 3552 492 3606 ἔσεσθαι
516 3550 647 3621 παρ’
676 3550 858 3612 αὐτοῖς
893 3546 1050 3618 ἔργον
1089 3546 1327 3599 τοιοῦτον
1354 3547 1555 3617 πλῆρες
1587 3545 1681 3598 καὶ
1733 3544 1847 3598 ὁλό-

268 3644 472 3713 κληρον
497 3642 589 3695 καὶ
607 3640 811 3693 τέλειον
828 3656 842 3669 ο
882 3637 996 3690 ἀλλ’
1025 3639 1072 3690 εἰ
1101 3639 1195 3691 καὶ
1221 3636 1416 3709 εὑρεθῇ
1456 3637 1507 3689 τί
1540 3653 1689 3700 ποτε,
1716 3634 1845 3690 ἀκέ-

267 3734 443 3805 φαλον
483 3734 629 3786 ἔσται
660 3734 753 3786 καὶ
776 3733 1027 3802 ἄναρχον,
1064 3730 1249 3794 ἀτελές
1286 3748 1343 3783 τε
1378 3731 1471 3783 καὶ
1529 3730 1847 3801 άσυμπέρα-

271 3843 405 3880 στον
433 3843 446 3855 ·
494 3826 522 3878 ὅ
568 3826 627 3897 δὴ
682 3825 779 3878 καὶ
833 3824 979 3876 ἐστιν
1007 3823 1152 3895 ἔργῳ
1188 3822 1521 3894 παραλαϐεῖν
1545 3839 1558 3851 ·
1602 3822 1722 3874 ἐπεὶ
1752 3820 1846 3874 καί.

266 3918 553 3972 ἐκλέλοιπε
578 3916 854 3979 παντελῶς
884 3914 1059 3969 αὐτῶν
1088 3918 1121 3986 ἡ
1144 3914 1573 3986 εἰδωλολατρεία.
1607 3912 1847 3967 Τοιαῦτα

264 4012 329 4066 δέ
354 4013 468 4064 ἐστι
506 4013 640 4082 μήτε
694 4007 933 4079 κεφαλὴν
978 4007 1120 4079 ἔχειν
1184 4009 1321 4079 μήτε
1370 4007 1521 4071 τέλος
1567 4009 1646 4072 εἰς
1693 4006 1846 4060 λόγον

271 4085 461 4158 ἱκανοῦ
472 4120 625 4157 αενα.

345 4303 364 4335 ι
405 4283 487 4353 Τῇ
516 4283 701 4354 ἡμέρα
724 4283 905 4353 ἐκείνῃ
931 4281 1142 4335 ἔσονται
1170 4278 1457 4348 Αἰγύπτιοι
1485 4277 1560 4340 ὡς
1594 4280 1849 4345 γυναῖκες

264 4376 328 4426 ἐν
363 4374 557 4445 τρόμῳ
586 4372 680 4425 καὶ
723 4374 779 4427 ἐν
833 4372 980 4442 φόϐῳ
1012 4370 1119 4425 άπὸ
1179 4368 1465 4441 προσώπου
1514 4370 1611 4437 τῆς
1668 4368 1848 4440 χειρὸς

1944 3262 2120 3330 ptiaca
2144 3262 2430 3316 multorum
2462 3262 2741 3317 numinum
2774 3263 3179 3332 superstitione,
3201 3262 3366 3317 multa
3398 3277 3530 3331 ope-

1946 3368 2005 3407 ra
2059 3352 2379 3422 principium
2427 3362 2483 3408 et
2527 3353 2710 3419 finem,
2755 3354 3050 3408 secundum
3101 3364 3406 3421 reputatam
3457 3354 3529 3415 ibi

1946 3447 2166 3510 seriem,
2209 3447 2497 3501 habebant.
2541 3449 2608 3501 At
2644 3458 2945 3503 memorato
2982 3450 3245 3505 Dominici
3298 3450 3365 3504 ad
3411 3450 3529 3503 illos

1947 3538 2208 3593 adventus
2234 3539 2583 3607 tempore,ait
2614 3554 2718 3593 non
2743 3540 2881 3592 ultra
2910 3540 3024 3594 fore
3056 3556 3220 3608 penes
3247 3541 3367 3597 illos
3396 3557 3530 3611 opus

1946 3628 2251 3698 hujusmodi
2294 3628 2533 3698 plenum,
2575 3628 2844 3698 integrum
2892 3638 2944 3682 et
2975 3630 3311 3697 perfectum;
3353 3632 3448 3685 sed
3481 3631 3527 3685 si

1947 3719 2233 3790 quodpiam
2258 3720 2624 3789 hujuscemodi
2657 3721 2976 3790 reperiatur,
3000 3720 3173 3790 ipsum
3197 3720 3318 3775 sine
3349 3722 3528 3789 capite

1948 3825 2003 3868 et
2041 3814 2330 3884 principio,
2386 3815 2503 3869 sine
2551 3815 2783 3869 termino
2831 3823 2885 3869 et
2934 3814 3039 3869 ﬁne
3090 3814 3328 3869 futurum
3380 3828 3524 3869 esse.
3564 3818 3567 3821 ’

1948 3903 2101 3971 Quod
2138 3906 2300 3960 etiam
2357 3905 2472 3974 ipso
2516 3920 2678 3972 opere
2726 3905 3049 3973 completum
3100 3906 3529 3961 animadvertere

1947 4009 2071 4067 est;
2102 4017 2224 4056 nam
2261 3999 2566 4055 idololatria
2596 3998 2808 4069 penitus
2830 4000 3044 4057 defecit.
3066 3998 3176 4070 (24)
3203 3997 3335 4053 illud
3366 4012 3530 4070 porro

1948 4100 2052 4156 est,
2074 4108 2245 4162 neque
2280 4105 2440 4162 caput
2467 4110 2641 4164 neque
2678 4095 2837 4149 linem
2873 4093 3090 4157 habere,
3126 4102 3183 4147 ut
3215 4092 3349 4147 satis
3376 4107 3527 4147 com-

1950 4195 2306 4239 monstratum
2337 4196 2437 4241 est.

2020 4276 2185 4333 Vens.
2212 4278 2297 4331 16.
2335 4296 2353 4329 ι
2391 4277 2446 4331 in
2484 4278 2572 4333 die
2621 4279 2709 4335 illa
2754 4288 2915 4334 erunt
2943 4277 3195 4350 'Egyptii
3226 4277 3373 4333 velut
3409 4290 3528 4330 mu-

1949 4366 2109 4422 lieres
2157 4368 2208 4421 in
2250 4379 2481 4424 tremore
2513 4377 2567 4424 et
2613 4372 2666 4425 in
2716 4371 2906 4425 timore
2941 4387 2970 4425 a
3013 4372 3151 4425 facie
3198 4385 3389 4425 manus
3430 4370 3528 4425 Do.

263 4465 477 4535 Κυρίου
524 4462 770 4526 Σαϐαὼθ,
814 4465 878 4533 ἣν
900 4463 1060 4526 αὐτὸς
1096 4461 1343 4515 ἐπιϐαλεῖ
1386 4459 1585 4523 αὐτοῖς.
1632 4479 1649 4511 ι
1692 4460 1844 4513 Κατὰ

1953 4461 2081 4516 mini
2117 4462 2373 4528 Sabaoth,
2430 4478 2587 4533 quam
2628 4464 2740 4534 ipse
2772 4465 3025 4519 immittet
3070 4463 3195 4517 illis.
3237 4482 3256 4516 ι
3316 4462 3520 4518 Memo-

265 4559 396 4619 τοὺς
427 4556 788 4618 ἁποδοθέντας
840 4555 1061 4626 χρόνους
1093 4555 1190 4624 τῆς
1217 4551 1453 4620 ἀφίξεως
1497 4550 1590 4604 τοῦ
1647 4551 1847 4625 Κυρίου

264 4649 367 4718 τῆς
391 4650 471 4712 είς
505 4650 795 4717 Δίγυπτον,
855 4647 1035 4700 οὐκέτι
1093 4646 1308 4699 ἔσεσθαι
1359 4648 1471 4709 τοῖς
1530 4645 1847 4713 Αἰγυπτίοις

268 4743 531 4811 φρόνημα
561 4740 828 4811 ἀνδρικὸν,
854 4738 1124 4808 γυναικῶν
1172 4738 1227 4791 δέ
1278 4738 1431 4808 δίκην
1478 4739 1534 4788 ἐν
1566 4737 1714 4807 φόϐῳ
1754 4739 1847 4790 καὶ

271 4836 464 4905 τρόμῳ
488 4834 687 4899 διάξειν
716 4832 893 4887 αὐτῶν
916 4833 1005 4887 τὸν
1038 4832 1149 4902 βίον
1193 4831 1276 4885 διὸ
1324 4830 1419 4901 τὴν
1469 4831 1845 4883 ἐπαναστᾶσαν

272 4928 461 4989 uinci;
487 4927 647 4995 χεῖρα
670 4923 762 4976 τοῦ
794 4922 926 4977 Θεοῦ
956 4921 1219 4985 θεσπίζει.
1246 4921 1378 4990 Χείρ
1399 4919 1456 4972 δὲ
1504 4920 1705 4991 Κυρίου
1766 4920 1845 4983 τίς

271 5017 338 5071 ἂν
368 5016 592 5086 νοηθείη
622 5016 779 5086 ἑτέρα
809 5014 956 5085 παρὰ
984 5014 1080 5085 τὴν
1108 5014 1403 5084 λεγομένην
1448 5011 1625 5075 δεξιὰν
1662 5011 1845 5077 αὑτοῦ,

441 5107 474 5176 ἢ
523 5105 801 5175 Ῥωμαῖκὴ
860 5104 1085 5174 δύναμις
1146 5102 1457 5167 ὑποτάξασα
1517 5101 1641 5163 τοὺς
1688 5102 1848 5169 Αἰγυ-

273 5200 468 5262 πτίους
491 5199 585 5251 καί
616 5198 960 5268 ὑποχειρίους
989 5196 1331 5267 ποιησαμένη
1354 5194 1442 5247 διὰ
1471 5193 1566 5263 τὴν
1592 5192 1685 5245 τοῦ
1735 5194 1847 5247 Ku-

272 5292 395 5363 ρίου
430 5290 761 5361 παρουσίαν;
796 5288 951 5341 Οῦτω
974 5288 1083 5359 γάρ
1110 5304 1235 5340 ποτε
1272 5286 1363 5340 καὶ
1387 5287 1415 5338 6
1451 5284 1693 5346 διάϐολος
1712 5284 1848 5354 πρὸς

268 5385 363 5436 τὸν
431 5382 562 5435 Θεὸν
611 5382 1016 5453 ἀναγέγραπται
1064 5378 1300 5450 εἰρηκὼς
1357 5378 1483 5449 περὶ
1544 5376 1637 5429 τοῦ
1703 5376 1821 5430 Ἰώϐ

272 5493 292 5523 ο
333 5473 479 5527 Ἀλλ’
514 5472 831 5526 ἀπόστειλον
869 5472 967 5543 τὴν
993 5470 1153 5542 χεῖρά
1178 5486 1293 5532 σου,
1324 5470 1417 5522 καὶ
1446 5468 1581 5538 ἅψαι
1630 5468 1846 5522 πάντων

261 5560 339 5619 ὧν
368 5566 508 5635 ἔχει,
530 5567 580 5617 εἰ
618 5564 692 5635 μὴ
724 5566 804 5627 εἰς
832 5564 1121 5636 πρόσωπόν
1155 5580 1215 5617 σε
1244 5561 1543 5634 εύλογήσει.
1580 5581 1599 5615 ι
1638 5563 1698 5615 Οἰ
1739 5562 1849 5616 τοία

335 5657 382 5687 ⁷⁷
418 5654 707 5720 10b1,“.

334 5750 395 5821 (2
406 5752 453 5821 ι)
496 5751 674 5807 Locus
704 5751 937 5807 mutilus.

1952 4554 2085 4608 ratis
2133 4555 2395 4610 adventus
2437 4556 2647 4610 Domini
2701 4558 2752 4610 in
2808 4555 3101 4628 Egyptum
3155 4556 3526 4625 temporibus,

1950 4649 2148 4703 nullum
2181 4649 2448 4721 Egyptiis
2475 4652 2710 4706 futurum
2768 4651 2977 4705 virilem
3028 4664 3265 4717 sensum,
3302 4655 3396 4704 sed
3432 4664 3528 4703 eos

1950 4740 2235 4795 mulierum
2272 4744 2442 4798 instar
2480 4744 2533 4798 in
2571 4754 2716 4799 metu
2749 4754 2803 4799 et
2839 4755 3092 4807 tremore,
3127 4743 3197 4797 ob
3240 4742 3528 4795 imminen-

1951 4838 2057 4884 tem
2090 4831 2224 4900 ipsis
2266 4848 2480 4887 manum
2519 4832 2634 4897 Dei,
2661 4834 2821 4887 vitam
2852 4840 3069 4886 acturos
3100 4846 3219 4885 esse
3259 4830 3526 4885 vaticina-

1954 4932 2061 4976 tur.
2109 4923 2297 4980 Manus
2346 4935 2525 4979 autem
2582 4924 2792 4978 Domini
2838 4940 2957 4994 quae
3006 4924 3107 4977 alia
3156 4931 3374 4992 putetur
3406 4937 3527 4977 esse

1949 5024 2143 5083 praeter
2180 5031 2323 5079 eam,
2352 5032 2472 5086 quae
2510 5027 2731 5072 vocatur
2762 5020 2979 5072 dextera
3013 5016 3152 5085 eius,
3194 5016 3298 5069 nisi
3325 5013 3526 5067 Roma-

1950 5121 2137 5161 norum
2170 5109 2432 5175 potentia,
2456 5124 2574 5177 qua:
2602 5108 2883 5179 Egyptios
2913 5107 3121 5177 subegit
3153 5122 3213 5160 ac
3250 5103 3352 5158 sibi
3396 5104 3526 5159 sub-

1953 5196 2093 5251 ditos
2140 5198 2404 5264 reddidit,
2443 5201 2601 5269 idque
2645 5203 2714 5254 ob
2757 5199 2957 5255 Christi
3014 5196 3354 5267 prresentiam
3389 5196 3413 5249 ?
3446 5196 3523 5253 Ita

1953 5289 2149 5359 quippe
2203 5291 2474 5347 diabolum
2533 5292 2597 5346 de
2642 5289 2744 5346 Job
2800 5292 3102 5359 loquentem
3166 5291 3272 5344 Deo
3323 5290 3525 5345 dixisse

1952 5380 2210 5450 scriptum
2251 5394 2334 5438 est
2374 5401 2387 5436 :
2427 5399 2446 5433 ι
2484 5382 2589 5436 Sed
2632 5382 2781 5437 mitte
2810 5396 3023 5435 manum
3055 5389 3229 5442 tuam,
3274 5391 3329 5435 et
3366 5391 3525 5450 tange

1953 5473 2133 5527 omnia
2169 5488 2287 5542 quae
2308 5473 2490 5537 habet,
2524 5472 2624 5526 nisi
2664 5472 2715 5525 in
2748 5472 2940 5525 {aciem
2966 5472 3247 5528 benedicat
3274 5472 3365 5526 tibi
3387 5472 3471 5523 "7
3497 5489 3518 5523 ›

1958 5562 2057 5630 Qui
2089 5580 2217 5636 ergo
2245 5564 2534 5622 voluntatis
2571 5564 2664 5620 Dei
2704 5565 2771 5620 ad
2812 5563 3209 5637 subjugandum
3240 5563 3523 5639 ASgyptio-
