4072 6194
534 283 635 341 251

1237 281 1505 338 EUSEBII
1544 279 2023 351 C/ESARIENSIS
2051 276 2201 334 OPP.
2241 276 2417 334 PARS
2451 278 2537 333 111.
2577 309 2647 322 -
2684 277 3097 335 EXEGETICA.

3664 280 3775 336 252

534 415 651 459 rum
688 401 969 471 imperium
998 400 1231 457 ministri
1264 403 1522 467 fuerunt,
1553 402 1805 458 videlicet
1833 404 1946 473 ipsa
1996 401 2092 456 Ro-

2203 418 2296 455 νυν
2339 401 2787 473 διακονησάμενοι
2822 402 2900 473 τῷ
2945 401 3240 473 βουλήματι
3275 398 3368 453 τοῦ
3416 397 3547 452 Θεοῦ
3587 402 3665 463 είς
3712 400 3775 453 τδ

534 493 677 548 mani
722 493 994 548 exercitus
1025 494 1283 562 petentia,
1315 509 1508 548 manus
1547 504 1790 549 vocatur.
1828 493 2107 556 Quomodo

533 593 710 635 autem
745 582 1030 638 mulierum
1054 582 1226 637 instar
1275 598 1397 637 cum
1426 584 1618 638 timore
1636 590 1688 639 et
1720 584 1968 655 angustia
1997 583 2105 639 Ro-

532 674 706 726 manis
734 674 974 727 serviant
1004 671 1245 744 {Egyptii
1269 714 1285 741 ,
1330 673 1385 728 id
1420 686 1552 727 sane
1592 687 1699 727 non
1733 682 1816 727 est
1839 672 1983 742 quod
2008 687 2105 727 ex-

531 765 779 834 plicetur.

602 856 767 913 Vsus.
796 856 883 910 l7.
911 875 928 907 ‹
959 855 1025 909 Ει
1052 856 1158 910 erit
1202 855 1351 925 regio
1376 854 1687 909 Judreorum
1734 853 1787 908 in
1819 862 2103 909 terrorem.

530 945 846 1014 Quicunque
876 960 995 999 eam
1028 944 1389 999 nominaverit
1412 946 1567 1013 ipsis,
1601 945 1956 999 extimescent
1981 959 2107 1013 pro-

530 1050 650 1108 pter
708 1039 1010 1098 consilium,
1047 1037 1185 1106 quod
1238 1036 1511 1092 consuluit
1557 1037 1813 1092 Dominus
1867 1036 2104 1091 Sabaoth

528 1147 689 1200 super
717 1146 857 1185 eam.
897 1149 915 1183 ι
951 1130 1243 1197 Regionem
1272 1145 1398 1184 vero
1437 1128 1741 1184 Judaaorum
1777 1130 1822 1184 si
1857 1129 2103 1198 Scriptu-

527 1242 643 1279 ram
674 1225 909 1278 divinam
948 1224 1152 1276 dixeris
1192 1237 1346 1287 esse,
1375 1222 1687 1291 neutiquam
1741 1223 2101 1289 aberraveris,

527 1332 709 1387 quam,
726 1318 914 1371 obvim
933 1317 1144 1386 pietatis
1163 1327 1213 1368 et
1239 1316 1381 1379 ﬁdei,
1402 1315 1490 1383 qui
1515 1314 1795 1369 Dominum
1814 1326 2099 1383 noverunt,

524 1425 645 1464 cum
684 1410 896 1476 timore,
934 1419 1162 1462 tremore
1200 1418 1253 1461 et
1279 1412 1580 1462 reverentia
1602 1407 1823 1472 adeunt,
1856 1423 1960 1462 non
1990 1422 2106 1461 am-

526 1503 665 1571 plius
688 1512 745 1555 ut
777 1502 901 1555 olim
939 1501 1253 1569 hluspliema
1285 1500 1430 1553 dicta
1475 1501 1527 1553 in
1580 1514 1697 1553 eam
1740 1498 2099 1570 proferentes,

523 1595 618 1648 sed
648 1597 717 1648 ob
760 1594 1044 1647 Dominum
1088 1594 1138 1646 in
1186 1608 1248 1646 ea
1294 1593 1640 1661 praedicatum
1664 1632 1679 1657 ,
1704 1601 2023 1647 venerantes
2048 1605 2103 1652 et

522 1688 779 1742 colentes.
823 1687 1183 1753 Quamobrem
1221 1685 1466 1754 quisquis
1511 1684 1657 1739 illam
1693 1685 1824 1752 ipsis
1862 1699 2100 1738 comme-

2209 493 2572 564 χειρώσασθαι
2596 493 2693 564 τὴν
2720 496 3031 563 Αἱγυπτϊων
3061 492 3255 564 ἀρχὴν,
3279 492 3505 562 δύναμις
3550 490 3687 562 αῦτη
3719 491 3775 544 δὲ

2205 576 2272 653 ἦν
2307 585 2339 653 ή
2377 582 2683 653 Ῥωμαϊκοῦ
2714 583 2967 655 στρατοῦ,
3002 584 3122 654 χεὶρ
3146 581 3475 653 ὠνόμασται.
3505 579 3691 639 Ὅπως
3720 578 3776 631 δὲ

2206 671 2482 741 γυναικῶν
2510 673 2665 742 δίκην
2698 674 2835 743 μετὰ
2866 673 3030 742 φόϐου
3059 672 3151 726 καὶ
3188 671 3425 741 ἀγωνίας
3466 667 3778 722 δουλεύουσι

2217 765 2505 837 Ῥωμαίοις
2534 766 2837 835 Αἰγύπτιοι,
2869 766 3016 819 οὐδὲν
3049 766 3130 818 δεῖ
3156 764 3351 834 λέγειν.

2273 878 2292 909 ι
2333 859 2441 912 Καὶ
2464 858 2616 913 ἔσται
2645 862 2677 930 ή
2714 861 2865 931 χώρα
2890 860 2997 912 τῶν
3035 858 3300 912 Ἰουδαίων
3329 859 3439 919 τοῖς
3457 854 3777 924 Αἰγυπτίοις

2203 951 2281 1014 εἰς
2314 951 2599 1023 φόϐητρον.
2644 953 2756 1015 Πᾶς
2794 952 2852 1016 ὃς
2908 952 3001 1004 ἐὰν
3057 950 3296 1021 ὀνομάσῃ
3346 948 3512 1019 αὐτὴν
3567 947 3771 1011 αὐτοῖς,

2203 1040 2597 1112 φοϐηθήσονται
2623 1042 2709 1094 διὰ
2731 1042 2828 1111 τὴν
2862 1040 3074 1112 βουλὴν,
3106 1041 3172 1111 ἣν
3202 1038 3403 1109 Κύριος
3432 1033 3653 1088 Σαϐαὼθ
3686 1032 3775 1103 βε-

2204 1133 2483 1187 ϐούλευται
2505 1135 2589 1185 ἐπ’
2616 1136 2805 1204 αὐτήν.
2832 1153 2849 1185 ι
2880 1133 3077 1203 Χώραν
3108 1132 3163 1184 δὲ
3207 1128 3471 1184 Ἰουδαίων
3499 1126 3594 1198 τὴν
3623 1124 3772 1178 θείαν

2202 1227 2301 1281 οὐκ
2331 1225 2396 1278 ἂν
2432 1227 2698 1299 ἁμάρτοις
2740 1226 2907 1280 εἰπὼν
2947 1227 3196 1296 Γραφήν·
3252 1225 3318 1294 ἢν
3364 1221 3430 1275 δι’
3471 1218 3773 1290 ὑπερϐολὴν

2204 1322 2489 1384 εὐλαϐείας
2528 1322 2621 1374 καὶ
2658 1321 2893 1383 πίστεως
2921 1320 2969 1372 οἱ
3016 1319 3105 1371 τὸν
3140 1316 3339 1387 Κύριον
3403 1310 3771 1380 ἐπεγνωκότες

2205 1415 2342 1484 μετὰ
2364 1413 2527 1483 φόϐου
2564 1413 2654 1467 καὶ
2698 1412 2899 1483 τρόμου
2962 1412 3055 1464 καὶ
3106 1407 3387 1470 εὐλαϐείας
3436 1403 3769 1477 προσίενται,

2201 1501 2384 1555 οὐκέτι
2414 1502 2490 1565 ὡς
2522 1501 2582 1554 τὸ
2630 1503 2757 1573 πρὶν
2814 1499 3254 1571 βλασφημοῦντες
3311 1496 3499 1567 αὐτὴν,
3525 1495 3657 1549 ἀλλὰ
3682 1510 3769 1547 τι·-

2205 1593 2410 1663 μῶντες
2440 1594 2533 1647 καὶ
2564 1594 2808 1656 σέϐοντες
2833 1592 2917 1646 διὰ
2949 1592 3037 1645 τὸν
3084 1593 3140 1643 ὲν
3198 1590 3334 1659 αὐτῇ
3370 1586 3771 1659 κηρυττόμενον

2204 1686 2406 1757 Κύριον
2424 1703 2437 1716 ο
2469 1686 2549 1740 διὸ
2571 1687 2718 1750 πεῖςὸ
2734 1686 3012 1756 ὀνομάζων
3045 1685 3210 1755 αὐτὴν
3237 1686 3416 1746 αὐτοῖς
3443 1680 3604 1751 φόϐον
3630 1678 3768 1733 Θεοῦ

522 1790 727 1842 morat,
763 1779 1008 1833 timorem
1053 1779 1142 1832 Dei
1177 1778 1307 1847 ipsis
1358 1777 1619 1843 immittit,
1668 1790 1791 1830 nam
1826 1795 1843 1828 ι
1880 1775 2092 1830 Initium

2195 1777 2410 1847 ἐμποιεῖ
2456 1780 2669 1842 αὐτοῖς’
2725 1797 2743 1829 ‹
2781 1778 2987 1849 Ἀρχὴ»
3027 1778 3136 1848 γὰρ
3174 1796 3191 1829 t
3218 1777 3407 1847 σοφίας
3459 1775 3617 1844 φόϐος
3648 1774 3765 1829 Κυ-

521 1874 797 1940 sapientiae
826 1874 987 1925 timor
1014 1872 1303 1926 Domini”.
1332 1890 1349 1923 ι

596 1963 754 2018 Vens.
786 1964 871 2017 18.
912 1982 931 2015 ι
971 1962 1027 2016 1η
1060 1964 1148 2018 die
1180 1964 1268 2017 illa
1293 1971 1454 2017 erunt
1488 1962 1727 2031 quinque
1756 1962 2002 2018 civitates
2041 1960 2094 2014 in

522 2066 662 2110 terra
692 2054 934 2125 Egypti,
972 2054 1252 2123 loquentes
1288 2053 1469 2124 lingua
1498 2055 1909 2121 Chanaanitide,
1939 2064 1993 2109 et
2013 2054 2096 2124 ju-

519 2157 703 2201 rantes
730 2162 824 2217 per
870 2162 1064 2201 nomen
1115 2146 1323 2200 Domini
1361 2147 1598 2201 Sabaoth
1631 2148 1861 2202 :civitas
1889 2147 2095 2201 Asedec

518 2238 797 2292 vocabitur
848 2253 953 2291 una
1005 2236 1215 2290 civitas.
1249 2256 1266 2287 ι
1310 2238 1425 2291 Etsi
1460 2239 1698 2307 quinque
1753 2238 1994 2293 civitates
2040 2237 2093 2292 in

518 2327 769 2381 vaticinio
831 2325 1107 2388 ferantur,
1168 2337 1220 2379 at
1275 2340 1378 2379 non
1448 2326 1799 2395 ignorantium
1857 2336 1937 2380 est
1975 2325 2092 2381 illas

518 2419 756 2489 quinque
804 2431 962 2471 unam
995 2430 1134 2472 esse.
1181 2416 1359 2483 Quare
1414 2432 1607 2471 nomen
1661 2433 1824 2470 unum
1851 2417 2091 2472 onmium

519 2509 767 2573 additur,
798 2508 1037 2571 Asedec,
1076 2509 1217 2576 quod
1270 2509 1657 2577 interpretatur
1697 2508 2090 2579 Symmachus,

526 2621 544 2654 ι
580 2601 727 2657 solis.
760 2620 778 2653 ι
818 2599 989 2667 Quam
1017 2614 1144 2654 vero
1168 2600 1369 2654 dixeris
1401 2615 1518 2654 eam
1542 2614 1682 2667 esse,
1712 2600 1813 2654 nisi
1844 2609 2092 2654 sanctam

520 2695 614 2750 Dei
647 2693 959 2753 Ecclesium,
1010 2706 1129 2761 qum
1163 2691 1455 2746 secundum
1510 2690 1652 2745 LXX
1698 2692 1919 2762 quidem
1955 2692 2092 2747 dici-

521 2797 611 2841 tur
637 2786 859 2849 Asedec,
892 2784 1034 2851 quod
1081 2782 1369 2853 signiﬁcat,
1407 2801 1425 2834 ι
1466 2781 1722 2849 justitize;
1754 2802 1773 2833 ι
1800 2783 2091 2838 secundum

521 2878 904 2948 Symmachum
950 2890 1112 2939 vero,
1151 2892 1170 2925 ι
1230 2874 1380 2935 solis.
1432 2892 1450 2926 ι
1494 2874 1559 2927 de
1596 2889 1700 2942 quo
1744 2875 1944 2929 dictum
1986 2884 2091 2937 est,

526 2985 547 3019 ι
588 2966 921 3019 Timentibus
952 2972 1125 3017 autem
1150 2977 1236 3015 me
1270 2962 1473 3015 orietur
1511 2961 1587 3016 sol
1618 2962 1861 3030 iustitiae.
1888 2973 1941 3015 et
1982 2976 2093 3015 me-

523 3058 656 3112 dela:
687 3060 737 3110 in
765 3056 862 3109 alis
906 3055 1054 3125 ejus;
1094 3074 1112 3105 ›
1138 3056 1427 3108 secundum
1471 3064 1779 3107 accuratam
1815 3069 1942 3108 vero
1979 3055 2089 3107 dis-

2196 1867 2334 1938 ρίου.
2381 1887 2400 1920 ι

2271 1980 2289 2011 ι
2320 1961 2396 2030 Τῇ
2459 1958 2639 2030 ἡμέρᾳ
2693 1960 2875 2033 ἐκείνῃ
2932 1959 3141 2013 ἔσονται
3181 1960 3341 2013 πέντε
3402 1957 3573 2021 πόλεις
3610 1955 3764 2028 ὶνγῇ

2192 2052 2488 2120 Αἰγύπτου,
2516 2050 2767 2104 λαλοῦσαι
2820 2055 2886 2123 τῇ
2915 2051 3132 2124 γλώσσῃ
3167 2054 3231 2122 τῇ
3264 2049 3640 2111 Χαναανίτιδι,
3671 2048 3766 2102 καὶ

2192 2143 2483 2215 ὀμνύοντες
2507 2144 2585 2214 τῷ
2605 2145 2827 2215 ὀνόματι
2852 2146 3057 2216 Κυρίου
3076 2144 3299 2199 Σαϐαώθ
3316 2160 3329 2173 ⁸
3361 2143 3513 2206 πόλις
3546 2141 3767 2195 ’Δσεδὲκ

2191 2237 2518 2308 κληθήσεται
2555 2237 2652 2307 μία
2682 2238 2855 2301 πόλις.
2892 2256 2911 2288 ι
2949 2239 3012 2290 Εί
3038 2236 3095 2290 δὲ
3126 2236 3284 2289 πέντε
3315 2235 3556 2303 λέγονται
3583 2233 3768 2296 πόλεις

2189 2330 2245 2383 αί
2278 2327 2687 2400 θεσπιζόμεναι,
2722 2330 2835 2383 ἀλλ’
2867 2330 2927 2382 ού
2962 2328 3065 2400 χρὴ
3095 2330 3326 2397 ἀγνοεῖν,
3360 2326 3435 2390 ώς
3490 2325 3544 2378 αί
3598 2323 3765 2376 πέντε

2193 2421 2320 2492 μίαν
2349 2421 2695 2491 τυγχάνουσι.
2721 2421 2813 2475 Διὸ
2848 2421 2942 2474 καὶ
2967 2420 3025 2472 ἓν
3050 2420 3219 2488 ὄνομα
3240 2415 3381 2470 κατὰ
3420 2414 3606 2469 πασῶν
3638 2415 3764 2467 ἐπι-

2189 2511 2403 2581 λέγεται
2436 2513 2497 2566 τὸ
2537 2514 2777 2576 Ἀσεδὲκ,
2808 2514 2943 2582 ὅπερ
2996 2514 3022 2564 ὁ
3072 2511 3365 2580 Σύμμαχος
3417 2507 3764 2578 ἡρμήνευσεν

2197 2626 2217 2657 r
2256 2606 2425 2676 ἡλίου.
2453 2624 2471 2656 ι
2507 2604 2639 2657 Τίνα
2664 2605 2760 2675 μὲν
2792 2600 2883 2657 οῦν
2913 2604 3087 2664 εἴποις
3120 2602 3184 2655 ἂν
3205 2601 3407 2669 ταύτην
3440 2595 3629 2668 εἶναιῆ
3662 2598 3763 2670 τὴν

2190 2698 2351 2766 ἁγίαν
2380 2696 2471 2750 τοῦ
2500 2696 2634 2749 Θεοῦ
2679 2695 3018 2761 Ἐκκλησίαν,
3044 2695 3183 2747 κατὰ
3214 2694 3311 2765 μὲν
3338 2694 3460 2755 τοὺς
3496 2691 3759 2761 Ἐϐδομή-

2192 2806 2355 2843 κοντα
2383 2788 2720 2859 καλουμενην
2768 2789 3009 2848 Ἀσεδὲκ,
3038 2787 3066 2839 ὃ
3092 2787 3155 2857 δὴ
3199 2786 3451 2856 σημαίνει
3508 2803 3526 2835 ι
3560 2783 3762 2835 δικαιο-

2194 2881 2385 2952 σύνηςο
2428 2899 2446 2932 ι
2477 2880 2621 2934 κατὰ
2651 2880 2706 2933 δὲ
2738 2879 2829 2933 τὸν
2865 2880 3179 2950 Σύμμαχον,
3206 2899 3223 2929 ι
3254 2877 3426 2949 ἡλίου,
3458 2895 3476 2927 ι
3512 2874 3637 2945 περὶ
3696 2867 3757 2927 οῦ

2191 2973 2467 3026 λέλεκται·
2508 2992 2526 3023 ι
2559 2974 2683 3037 Τοῖς
2725 2972 2781 3026 δὲ
2812 2971 3161 3042 φοϐουμένοις
3211 2988 3275 3040 με
3328 2969 3571 3023 ἀνατελεῖ
3612 2969 3759 3038 ἥλιος

2191 3065 2553 3136 δικαιοσύνης,
2581 3066 2674 3119 καὶ
2708 3065 2877 3128 ίάσεις
2919 3064 2977 3116 ὲν
3027 3064 3148 3126 ταῖς
3198 3060 3451 3132 πτέρυξιν
3500 3058 3690 3113 αὐτοῦ·
3732 3076 3752 3108 ι

523 3146 735 3200 serendi
785 3123 1073 3205 rationem.
1124 3155 1284 3198 terra:
1335 3142 1526 3197 civitas
1562 3144 1792 3208 dicitur,
1824 3148 1966 3213 quod
2015 3146 2088 3199 ita

2195 3156 2335 3210 κατὰ
2387 3157 2441 3209 δὲ
2474 3123 2790 3228 τδάκριϐὲς
2822 3123 2921 3226 της
2949 3123 3430 3219 αὐτοῦνδιαλέξεως
3471 3153 3575 3223 γῆς
3610 3150 3757 3215 πόλις

522 3234 669 3289 reddi
698 3236 883 3304 possit,
922 3251 941 3285 ι
975 3232 1179 3288 Civitas
1212 3243 1368 3289 terra:
1400 3233 1677 3288 vocabitur
1705 3250 1809 3288 una
1838 3235 2083 3289 civitas.»

518 3324 638 3395 lpsa
667 3326 861 3396 quippe
888 3326 996 3381 sola
1018 3325 1072 3379 in
1097 3325 1341 3381 universa
1374 3336 1511 3380 terra
1547 3328 1651 3381 Deo
1672 3326 1859 3381 civitas
1890 3326 2089 3381 consti-

523 3419 711 3487 tuitur,
767 3419 837 3474 ita
888 3427 947 3473 ut
983 3420 1048 3472 de
1084 3418 1172 3471 illa
1221 3417 1756 3485 dicatur,tGloriosa
1785 3420 1925 3473 dicta
1962 3428 2089 3475 sunt

522 3510 588 3567 de
618 3519 691 3575 te,
721 3512 911 3566 civitas
955 3510 1049 3565 Dei
1067 3512 1133 3565 θ’.
1169 3530 1189 3564 ι
1233 3511 1481 3582 Quinque
1526 3520 1704 3567 autem
1746 3514 1996 3567 civitates
2033 3513 2086 3566 in

519 3604 759 3660 Ecclesia
806 3603 1250 3660 luerintdiversa:
1272 3604 1503 3659 instituti
1537 3613 1592 3659 et
1621 3603 1779 3660 ollicii
1812 3605 2087 3668 rationes;

518 3698 755 3768 quinque
775 3713 903 3754 vero
935 3706 1061 3752 sunt
1097 3697 1315 3753 ordines
1337 3697 1612 3760 distincti;
1646 3705 1756 3751 tres
1785 3696 1993 3751 scilicet
2015 3696 2086 3750 ita

519 3805 773 3846 numeres
799 3808 813 3844 :
846 3790 1048 3859 primus
1070 3798 1153 3843 est
1176 3789 1459 3858 praesulum
1485 3789 1642 3851 ordo,
1667 3790 1931 3843 secundus
1960 3803 2085 3857 pre-

519 3881 879 3951 sbyterorum,
923 3879 1270 3933 diaconorutn
1302 3879 1525 3942 tertius,
1567 3888 1790 3946 quartus
1821 3878 2087 3932 illumina-

521 3984 697 4026 torum
729 3972 782 4024 in
818 3970 1051 4036 Christo,
1084 3980 1382 4039 postremus
1423 3984 1632 4034 eorum,
1659 3971 1749 4039 qui
1780 3970 2083 4024 initiantur.

521 4065 827 4131 Sciendum,
851 4079 978 4134 ergo
1009 4073 1094 4119 est
1118 4064 1336 4119 ordines
1365 4063 1602 4133 quinque
1635 4062 1686 4116 in
1726 4061 1963 4117 Ecclesia
1991 4061 2085 4117 Dei

524 4157 755 4222 versari;
783 4170 948 4226 quare
974 4156 1210 4225 quinque
1252 4156 1497 4210 civitates
1532 4155 1632 4209 sub
1671 4170 1774 4208 una
1810 4155 2083 4220 dicuntur,

521 4247 799 4317 loquentes
848 4246 1022 4316 lingua
1056 4260 1173 4315 quae
1221 4245 1348 4299 olim
1378 4247 1517 4314 apud
1560 4243 1842 4315 Egyptios
1871 4242 2085 4298 Chana-

524 4355 635 4396 naea
686 4340 1058 4409 reputabatur,
1085 4349 1142 4393 et
1176 4337 1421 4407 iurantes
1452 4353 1556 4393 non
1594 4354 1688 4407 per
1729 4352 1821 4392 eos
1842 4378 1857 4401 ,
1891 4336 1980 4405 qui
2010 4334 2083 4390 dii

525 4433 677 4503 patrii
724 4432 1201 4495 existimabantur,
1242 4430 1336 4485 sed
1368 4430 1420 4484 in
1469 4430 1683 4483 nomine
1722 4428 1931 4483 Domini
1981 4426 2082 4483 Sa-

2193 3249 2460 3310 λέλεκται,
2488 3250 2623 3323 ὅπερ
2669 3250 2840 3312 οὕτως
2870 3249 2935 3302 ἂν
2976 3246 3355 3319 ἑρμηνευθείη,
3406 3264 3423 3297 ι
3454 3245 3612 3308 Πόλις
3660 3242 3758 3312 τῆς

2192 3342 2295 3411 γῆς
2326 3341 2705 3411 κληθήσεταιή
2740 3342 2837 3410 μία
2871 3340 3042 3403 πόλις.
3079 3358 3097 3390 ι
3130 3337 3279 3406 Αὕτη
3312 3336 3420 3408 γὰρ
3448 3336 3580 3407 μόνη
3637 3335 3759 3389 καθ’

2192 3434 2319 3504 ὅλης
2345 3434 2447 3504 γῆς
2480 3433 2690 3502 ἵδρυται
2731 3432 2810 3501 τῷ
2837 3432 2955 3501 Θεῷ
2982 3431 3153 3495 πόλις,
3212 3429 3289 3493 ὡς
3338 3428 3574 3498 ὲρεῖσθαι
3625 3428 3762 3500 περὶ

2192 3525 2382 3595 αὐτῆς,
2412 3543 2431 3575 ι
2466 3523 2834 3595 Δεδοξασμένα
2864 3521 3095 3593 ἐλαλήθη
3120 3521 3249 3593 περὶ
3277 3520 3391 3585 σοῦ,
3420 3521 3453 3591 ἡ
3483 3519 3633 3582 πόλις
3661 3518 3761 3573 τοῦ

2190 3614 2344 3668 Θεοῦ.
2390 3634 2408 3665 ι
2438 3613 2605 3667 Πέντε
2628 3613 2684 3666 δὲ
2718 3613 2898 3675 πόλεις
2917 3613 2973 3664 ὲν
3011 3610 3301 3680 Ἐκκλησία
3322 3610 3431 3663 είεν
3460 3610 3526 3663 ἂν
3558 3609 3613 3662 αἱ
3639 3607 3761 3662 διά-

2193 3723 2346 3778 φοροι
2379 3705 2669 3758 πολιτεῖαιο
2717 3703 2827 3775 (25)
2858 3702 3015 3755 πέντε
3044 3702 3099 3756 δὲ
3129 3703 3383 3771 τάγματα
3436 3699 3758 3772 διῃρημένα,

2190 3799 2353 3870 ἤγουν
2383 3801 2531 3869 τρεῖς
2561 3796 2905 3868 ἀριθμήσεις,
2930 3794 2992 3848 τὸ
3048 3794 3261 3866 πρῶτον
3317 3793 3424 3846 τῶν
3485 3792 3759 3864 προέδρων

2188 3889 2396 3959 τάγμα,
2426 3889 2599 3942 καὶτὸ
2620 3889 2866 3959 δεύτερον
2891 3886 2999 3941 τῶν
3024 3885 3407 3958 πρεσϐυτέρων
3428 3925 3443 3950 ,
3475 3885 3535 3937 τό
3562 3901 3620 3936 τε
3649 3882 3756 3937 τῶν

2189 3981 2449 4036 διακόνων
2476 3982 2538 4035 τὸ
2564 3982 2763 4053 τρίτον,
2796 3981 2890 4034 καὶ
2919 3980 3028 4034 τῶν
3075 3982 3131 4033 ὲν
3159 3980 3379 4050 Χριστῳ
3410 3974 3757 4047 πεφωτισμέ-

2191 4090 2294 4126 νων
2342 4072 2635 4143 τέταρτον,
2671 4073 2765 4127 καὶ
2820 4073 2911 4125 ἐπὶ
2966 4072 3173 4136 τούτοις
3227 4071 3335 4124 τῶν
3384 4072 3441 4123 ὲν
3482 4070 3754 4140 εἰσαγωγῇ

2189 4167 2581 4236 τυγχανόντων.
2630 4164 2843 4228 Ἰστέον,
2863 4165 2937 4228 ώς
2969 4164 3130 4216 πέντε
3150 4162 3405 4234 τάγματα
3420 4159 3757 4215 πολιτεύεται

2191 4258 2247 4310 ὲν
2272 4260 2337 4328 τῇ
2380 4258 2672 4328 Ἐκκλησία
2699 4257 2791 4310 τοῦ
2817 4256 2949 4310 Θεοῦ
2973 4273 2987 4287 ·
3004 4255 3084 4309 διὸ
3104 4254 3261 4308 πέντε
3285 4254 3465 4319 πόλεις
3500 4252 3603 4307 ὑπὸ
3629 4250 3757 4323 μίαν

2192 4345 2457 4416 εἴρηνται,
2473 4348 2727 4402 λαλοῦσαι
2755 4350 2819 4419 τῇ
2844 4346 3080 4417 γλώσσῃ,
3105 4345 3270 4399 πάλαι
3291 4347 3419 4416 παρ’
3446 4342 3760 4413 Αἰγυπτίοις

2191 4437 2517 4510 νομιζομένῃ
2545 4440 2908 4501 Χαναανίτιδι,
2937 4439 3031 4493 καὶ
3063 4438 3350 4508 ὀμνύοντες
3374 4438 3433 4489 ού
3482 4436 3608 4499 τοὺς
3654 4452 3760 4487 πα-

525 4522 705 4588 baoth,
739 4522 829 4591 qui
860 4521 985 4575 olim
1046 4518 1242 4574 Judazis
1268 4518 1514 4589 cognitus
1541 4517 1680 4574 Deus
1710 4527 1844 4572 erat.
1874 4516 1973 4572 llic
2002 4515 2089 4573 ille

2195 4528 2401 4600 τρῴους
2435 4530 2588 4593 θεοὺς
2627 4531 2719 4593 οὓς
2743 4531 3006 4602 ἐνόμιζον,
3042 4530 3156 4584 ἀλλ’
3189 4531 3221 4601 ἢ
3259 4528 3336 4600 τῷ
3378 4528 3602 4600 ὀνόματι
3646 4527 3761 4579 Κυ-

525 4626 640 4671 erat
667 4618 756 4686 qui
789 4618 840 4670 in
872 4615 1012 4669 nube
1037 4612 1162 4677 levi,
1196 4612 1283 4667 hic
1329 4622 1444 4665 erat
1473 4612 1561 4679 qui
1599 4610 1665 4664 ad
1703 4610 1847 4679 ipsos
1878 4610 2092 4666 advenit

525 4709 789 4762 Christus.

592 4892 757 4947 Vens.
801 4891 885 4945 l9.
919 4909 935 4939 ι
971 4888 1028 4942 ln
1078 4890 1165 4944 die
1198 4886 1283 4943 illa
1314 4885 1418 4942 erit
1458 4884 1625 4939 altare
1665 4885 1889 4941 Domino
1922 4886 1973 4940 in
2003 4901 2088 4941 re-

524 4990 679 5057 gione
713 4983 1107 5055 Egyptiorum,
1136 4993 1189 5036 et
1236 4980 1481 5035 columna
1525 4979 1590 5033 ad
1634 4978 1917 5032 terminum
1970 4978 2086 5047 ejus

529 5077 769 5130 Domino.
800 5093 821 5127 ι
855 5075 927 5127 De
952 5073 1231 5127 divinitate
1257 5070 1349 5124 Dei
1378 5070 1428 5124 in
1452 5069 1683 5140 Egypto
1706 5071 2084 5126 constituenda

524 5179 575 5220 et
611 5172 675 5223 de
700 5168 926 5223 diversis
955 5166 1007 5220 in
1042 5165 1260 5219 civitate
1280 5164 1577 5230 ordinibus,
1592 5164 1925 5227 vaticinatus,
1953 5179 2084 5219 con-

532 5271 814 5327 sequenter
842 5262 1011 5315 altare
1035 5260 1085 5314 in
1107 5259 1327 5313 civitate
1357 5258 1447 5312 Dei
1496 5255 1729 5311 futurum
1759 5271 2086 5313 commemo-

597 5374 642 5405 ’⁸
666 5371 802 5425 Psal.
830 5388 919 5438 cx,
946 5374 1030 5427 l0.
1106 5373 1151 5405 ⁹⁹
1175 5370 1317 5427 Psal.
1349 5370 1635 5434 Lxxxvi,5.

599 5512 710 5581 (εδ)
752 5509 849 5581 llic
897 5508 1286 5581 llieropymus,
1319 5527 1347 5581 ί(
1403 5506 1571 5581 Porro
1609 5507 1707 5581 qui
1749 5506 1800 5581 in
1859 5508 2089 5581 adventu

529 5577 781 5647 Christi,»
808 5580 903 5639 ait.
926 5596 943 5627 ι
968 5588 1017 5631 et
1047 5577 1286 5633 Romano
1316 5579 1540 5645 imperio
1562 5577 1892 5647 prophetiam
1924 5579 2095 5631 disse-

536 5662 679 5714 runt.
711 5645 947 5719 quinque
995 5648 1238 5701 civitates
1277 5648 1358 5700 vel
1405 5648 1572 5715 legem
1622 5645 1869 5714 Domini,
1897 5662 2012 5715 quae
2041 5650 2093 5702 in

532 5718 871 5779 Alexandria
900 5718 1130 5783 primum
1183 5719 1529 5783 interpretata
1575 5728 1684 5784 est,
1722 5719 1807 5772 vel
1861 5720 2093 5783 quinque

2197 4620 2313 4691 ρίου
2367 4620 2615 4685 Σαϐαὼθ,
2670 4623 2763 4675 τοῦ
2815 4623 3013 4677 πάλαι.
3042 4620 3312 4684 Ἰουδαίοις
3358 4618 3760 4692 γνωριζομένου

2195 4709 2349 4762 Θεοῦ.
2386 4705 2551 4775 Οὗτος
2577 4712 2633 4764 δὲ
2678 4709 2744 4783 ἦν
2771 4715 2799 4767 ὀ
2846 4713 2939 4765 ἐπὶ
2969 4712 3196 4783 νεφέλης
3223 4710 3461 4781 κούφης,
3494 4700 3649 4772 οὗτος
3702 4706 3763 4761 δὲ

2194 4795 2261 4873 ἦν
2288 4803 2315 4855 ὁ
2348 4802 2685 4874 ἐπιδημήσας
2719 4804 2950 4876 Χριστὸς
2975 4805 3177 4867 αὐτοῖς.

2269 4913 2287 4944 ι
2322 4896 2398 4966 Τῇ
2451 4896 2631 4969 ἡμέρα
2652 4897 2835 4968 ἐκείνῃ
2860 4898 3012 4950 ἔσται
3050 4895 3431 4967 θυσιαστήριον
3468 4893 3543 4964 τῷ
3571 4891 3765 4963 Κυρίῳ

2192 4987 2251 5040 ὲν
2272 4985 2423 5058 χώρᾳ
2453 4990 2784 5056 Αἰγυπτίων,
2818 4989 2986 5060 στήλη
3016 4988 3151 5061 πρὸς
3183 4988 3242 5041 τὸ
3288 4988 3431 5059 ὃριον
3475 4986 3644 5055 αὐτῆς
3683 4984 3765 5055 τῷ

2191 5080 2398 5151 Κυρίῳ.
2440 5100 2457 5132 ι
2486 5082 2872 5160 Προφητεύσας
2892 5083 2920 5133 ὁ
2940 5080 3095 5151 λόγος
3126 5081 3252 5151 περὶ
3284 5079 3490 5141 πόλεως
3520 5076 3655 5130 Θεοῦ
3704 5076 3765 5129 ἐν

2191 5170 2450 5243 Αἰγύπτῳ
2472 5175 2897 5245 συστησομένης,
2946 5174 3039 5228 καὶ
3066 5173 3174 5226 τῶν
3204 5174 3261 5225 ὲν
3291 5174 3357 5243 τῇ
3401 5169 3553 5223 πόλει
3577 5166 3764 5238 διαφό-

2197 5279 2302 5333 ρων
2334 5266 2649 5336 ταγμάτων,
2673 5268 2978 5332 ἀκολούθως
3004 5265 3385 5336 θυσιαστηρίου
3412 5266 3471 5317 ὲν
3507 5264 3574 5334 τῇ
3609 5260 3765 5315 πόλει

2200 5510 2455 5567 Ecclesiae
2488 5511 2726 5571 ordines,
2753 5512 3035 5580 episcopos
3057 5549 3072 5576 ,
3101 5506 3760 5580 presbyteros,diaconos.

2201 5580 2393 5662 ﬁdeles
2442 5590 2497 5634 et
2530 5575 2967 5662 catechumenos",
3007 5598 3024 5632 ι
3063 5577 3150 5634 ubi
3198 5575 3382 5648 aperte
3428 5575 3641 5632 Eusebii
3685 5576 3764 5628 iti-

2201 5661 2485 5721 terpretem
2510 5661 2638 5722 agit.
