4072 6194
280 257 388 311 255

1257 250 1760 307 COMMENTARIA
1800 252 1867 307 IN
1908 252 2161 316 ISAIAM.
2203 286 2271 294 —
2305 252 2457 311 CAP.
2499 253 2642 311 XIX.

3457 259 3565 320 954

274 372 371 425 τοῦ
412 369 562 425 Θεοῦ
597 368 961 441 γενησομένου
995 368 1347 441 μνημονεύει,
1368 371 1459 422 καὶ
1490 369 1647 423 τοῦτο
1668 370 1881 424 ἔσεσθαι

1991 381 2089 437 rat,
2123 371 2263 440 quod
2303 373 2462 427 modo
2502 388 2759 443 perquam
2808 375 3039 431 mirabili
3086 375 3204 432 fore
3247 377 3394 433 dicit.
3429 370 3565 434 Nam

280 464 641 537 παραδόξως.
663 463 777 515 Τῶν
799 462 905 533 γὰρ
933 461 1105 514 παλαι
1135 464 1264 534 παρ’
1308 462 1625 531 Αἰγυπτίοις
1672 461 1887 533 νομίζοι

291 557 483 627 μένων
518 555 654 608 θεῶν
689 552 1065 615 ἀπολωλότων,
1115 554 1211 605 καὶ
1244 552 1339 606 τοῦ
1401 550 1649 625 ποταμοῦ
1706 552 1887 606 αὐτῶν

293 648 699 711 ἐκλελοιπότος,
731 647 963 699 καὶτῶν
1009 646 1285 717 ἀρχόντων
1324 644 1542 709 Τάνεως
1587 648 1681 699 καί¹
1733 646 1888 717 Μέμ-

300 759 450 810 φεως
486 740 1021 811 ἀπομωρανθέντων,
1070 740 1131 792 τὸ
1160 742 1288 810 παρ’
1326 740 1600 803 Ἰουδαίοις
1624 739 1885 812 ὀνομαζό-

308 849 465 903 μενον
506 831 688 900 Κυρίει
738 830 1132 902 θυσιαστήριὸν
1161 847 1292 901 φησι
1318 830 1717 900 συστήσεσθαι·
1748 831 1776 883 ὃ
1820 831 1886 902 δὴ

306 925 395 977 καί
424 926 452 994 1';
486 924 587 975 τῶν
624 925 976 995 πραγμάτων
1023 923 1245 988 ἔκϐασις
1285 924 1587 994 ὀφθαλμοῖς
1622 928 1751 997 ἡμῖν
1791 927 1888 979 αύ-

302 1017 407 1077 τοῖς
452 1014 726 1067 δείκνυσιν
758 1028 771 1042 ⁸
831 1014 908 1077 ὼς
972 1016 1170 1085 μηκέτι
1230 1017 1310 1079 εἰς
1370 1015 1630 1087 μέλλοντα
1697 1019 1887 1089 καιρὸν

299 1108 592 1180 προσδοκᾷω
618 1108 715 1161 τοῦ
762 1108 924 1177 λόγου
952 1110 1011 1162 τὸ
1046 1108 1411 1180 ἀποτέλεσμα.
1432 1110 1543 1180 (26)
1587 1111 1672 1175 Ὡς
1707 1112 1764 1164 δὲ
1790 1111 1889 1183 μία

292 1203 466 1266 πίστις
503 1203 600 1255 καὶ
638 1202 697 1254 ἓν
726 1203 1013 1272 βάπτισμα
1045 1204 1138 1256 καὶ
1175 1203 1274 1273 μία
1320 1203 1618 1275 Ἐκκλησία
1644 1203 1885 1276 εἴρηται,

286 1296 423 1348 οὕτω
456 1296 554 1347 καὶ
585 1296 983 1367 θυσιαστήριον
1028 1296 1085 1348 ἓν
1128 1296 1247 1349 καθ’
1278 1297 1406 1366 ὅλης
1460 1297 1557 1367 τῆς
1609 1297 1886 1365 Αἰγύπτου

288 1389 661 1461 ἐγηγερμένον
692 1392 750 1441 ὲν
788 1393 906 1453 ταῖς
931 1389 1248 1458 ἐκκλησίαις
1263 1390 1357 1443 τοῦ
1371 1390 1505 1443 Θεοῦ
1530 1390 1888 1462 θυσιαστήρια

286 1482 566 1550 τυγχάνει,
626 1480 721 1533 καὶ
756 1480 855 1550 μία
900 1479 965 1549 δὴ
1003 1479 1113 1550 (‘27)
1146 1480 1316 1550 στήλη
1345 1484 1531 1552 γραφὴ
1560 1481 1657 1533 σὺν
1690 1480 1767 1551 τῷ
1798 1481 1889 1535 θυ-

293 1573 597 1643 σιαστηρίῳ
626 1575 683 1625 ἐν
723 1570 1031 1641 δηλωθείσῃ
1076 1570 1229 1623 πόλει
1265 1572 1517 1642 συνέστη,
1583 1571 1887 1643 διορίζουσα

292 1670 417 1730 τοὺς
452 1668 682 1729 πιστοὺς
709 1665 814 1717 τῶν
849 1663 1184 1733 Αἰγυπτίων,
1217 1664 1312 1717 καὶ
1344 1665 1676 1736 ἀφορίζουσα
1690 1667 1888 1731 αὐτοὺς

298 1759 403 1810 τῶν
431 1757 701 1810 ἀπίστων.
745 1758 810 1809 Ἡ
840 1758 932 1826 μὲν
959 1752 1053 1809 οὖν
1085 1756 1343 1828 ἀνωτέρω
1374 1758 1453 1819 εἰς
1480 1756 1750 1828 φόϐητρόν
1770 1760 1882 1821 τοῖς

304 1850 628 1915 Αἰγυπτίοις
673 1847 882 1901 ἔσεσθαι
924 1848 1190 1919 λεγομένη
1234 1847 1389 1920 χώρα
1439 1847 1547 1901 τῶν
1593 1847 1876 1914 Ἰουδαίων,

310 1941 409 2012 τὴν
445 1940 740 2011 Ἰουδαῖκὴν
764 1939 1043 1994 αἰνίττεται
1068 1940 1309 2011 Γραφὴν,
1338 1942 1432 1994 καὶ
1472 1940 1563 1993 τὸν
1613 1939 1714 2011 τῆς
1766 1941 1881 1993 Πα-

312 2032 474 2095 lati;
504 2031 772 2102 Διαθήκης
794 2032 940 2099 λόγον
963 2048 976 2061 ·
1000 2033 1033 2101 ἠ
1058 2031 1116 2084 δὲ
1142 2031 1220 2103 τῷ
1250 2030 1484 2104 Χριστοῦ
1506 2032 1876 2102 θυσιαστηρίῳ

315 2126 708 2197 συνεζευγμένη
740 2126 898 2197 στήλη
928 2125 988 2179 τὸ
1023 2126 1121 2197 τῆς
1152 2127 1361 2198 Καινῆς
1388 2126 1662 2198 Διαθήκης
1695 2127 1780 2198 εἴη
1815 2128 1880 2181 ἂν

311 2240 500 2286 arm;
517 2221 622 2274 τῶν
641 2219 947 2289 Αἰγυπτίων
974 2220 1084 2274 ἀπὸ
1106 2219 1215 2273 τῶν
1242 2221 1510 2275 ἀπίστων.

370 2332 391 2365 ι
430 2312 541 2367 Καὶ
590 2312 740 2365 ἔσται
790 2314 870 2375 είς
924 2315 1150 2383 σημεῖον
1183 2313 1263 2377 εἰς
1291 2312 1379 2365 τὸν
1414 2312 1585 2365 αἰῶνα
1608 2311 1796 2385 Κυρίῳ
1823 2312 1881 2366 ὲν

295 2404 446 2477 χώρα
479 2406 780 2474 Αἰγύπτου,
808 2406 892 2458 ὃτι
922 2404 1279 2476 κεκράξονται
1347 2405 1484 2481 πρὸς
1536 2403 1741 2477 Κύριον
1793 2404 1881 2458 διὰ

290 2501 413 2562 τοὺς
435 2498 717 2561 θλίϐοντας
745 2497 966 2560 αύτούς.
993 2499 1103 2551 Καὶ
1126 2498 1415 2552 ἀποστελεῖ
1441 2498 1625 2562 αὐτοῖς
1668 2497 1879 2571 ἄνθρω-

293 2608 391 2643 πον
448 2589 508 2655 ὃς
566 2589 729 2643 σώσει
788 2588 1019 2653 αὐτούς·
1068 2589 1268 2661 κρίνων
1304 2589 1707 2654 σώσειαύτούς.
1768 2590 1881 2644 Καὶ

289 2684 529 2753 γνωστὸς
553 2683 707 2736 ἔσται
735 2682 937 2754 Κύριος
963 2685 1074 2746 τοῖς
1101 2684 1434 2752 Αἰγυπτίοις,
1459 2683 1552 2738 καὶ
1579 2681 1878 2753 γνώσονται

289 2778 339 2829 οἱ
374 2776 661 2845 Αἰγύπτιοι
714 2776 806 2828 τὸν
870 2775 1076 2847 Κύριον
1134 2776 1192 2828 ἐν
1236 2778 1302 2847 τῇ
1350 2775 1533 2848 ἡμέρᾳ
1558 2773 1877 2847 ὲκείνῃ,καὶ

291 2871 578 2939 ποιήσουσι
608 2868 799 2921 θυσίαν
824 2868 916 2920 καὶ
949 2866 1141 2938 δῶρον,
1168 2868 1262 2921 καὶ
1294 2866 1539 2932 εὔξονται
1579 2865 1745 2937 εὐχὰς
1798 2864 1876 2936 τῷ

296 2960 631 3031 Κυρῳπκαὶ
683 2958 1043 3011 ἀποδώσουσι.
1084 2977 1103 3010 ι
1152 2958 1243 3010 Διὸ
1293 2958 1370 3029 τῷ
1433 2955 1644 3029 σημείῳ
1702 2955 1876 3026 τούτῳ

1988 478 2109 517 cum
2140 464 2211 516 illi
2239 462 2371 518 olim
2400 464 2537 535 apud
2578 458 2865 538 Egyptios
2908 469 3138 536 reputati
3169 468 3242 523 dii
3285 470 3562 539 perierint,

1988 557 2184 611 ﬁutiicn
2215 556 2449 626 ipsorum
2481 558 2763 625 defecerit,
2789 560 3059 630 principes
3087 559 3299 616 Taneos
3323 572 3377 616 et
3403 562 3565 616 Mem-

1991 649 2155 718 pheos
2178 650 2423 704 infatuati
2448 650 2669 715 fuerint,
2697 663 2822 707 tunc
2841 654 3013 708 altare
3041 655 3182 722 apud
3211 653 3423 711 Iuda-os
3462 656 3566 710 Do-

1991 742 2137 795 tnino
2186 751 2587 811 nuncupatum,
2628 745 3065 799 constituendum
3125 746 3240 801 fore
3284 748 3567 818 ait,quod

1990 845 2119 884 Sane
2153 832 2227 885 rei
2264 840 2492 885 eventus
2518 832 2673 885 nobis
2704 833 2772 887 ob
2802 833 2988 888 oculos
3017 835 3204 903 ponit;
3233 835 3303 889 ita
3341 846 3399 889 ut
3432 837 3563 890 dicti

1990 924 2438 992 complementum
2491 924 2557 978 ad
2604 909 2841 979 futurum
2885 934 3095 995 tempus
3133 943 3240 981 non
3281 938 3564 997 exspecte-

1994 1031 2133 1069 mus.
2172 1014 2633 1082 Quemadmodum
2669 1028 2847 1071 autem
2867 1033 2970 1072 una
3005 1018 3158 1084 ﬁdes,
3193 1036 3355 1074 unum
3390 1018 3568 1090 banti-

1991 1122 2125 1173 sma,
2164 1117 2219 1161 et
2254 1123 2358 1161 una
2389 1107 2625 1162 Ecclesia
2663 1108 2892 1174 dicitur,
2925 1109 3003 1166 sic
3026 1120 3080 1164 et
3103 1110 3291 1165 altaria
3332 1111 3565 1182 plurima

1991 1199 2042 1253 in
2082 1208 2192 1254 tota
2220 1197 2453 1268 Egypto
2477 1198 2788 1261 constituta,
2819 1213 2916 1268 pro
2952 1216 3057 1253 uno
3088 1199 3241 1253 altari
3284 1201 3337 1253 in
3378 1199 3567 1255 Eccle-

1990 1292 2086 1346 siis
2135 1289 2224 1345 Dei
2279 1291 2576 1345 constituto
2613 1290 2858 1344 habenda
2898 1299 3056 1354 sunt,
3088 1300 3141 1345 et
3173 1306 3277 1345 una
3318 1285 3565 1346 columna

1989 1384 2103 1437 sive
2145 1383 2332 1452 cippus
2373 1397 2495 1436 cum
2541 1381 2699 1436 altari
2746 1382 2798 1434 in
2837 1381 2925 1437 illa
2966 1382 3187 1438 civitate
3235 1384 3409 1454 posita
3450 1391 3568 1449 est,

1991 1474 2175 1530 ﬁdeles
2222 1473 2504 1545 Egyptios
2543 1473 2612 1528 ab
2647 1472 2951 1530 inﬁdelibus
2998 1488 3293 1546 segregans
3325 1490 3392 1531 ac
3429 1474 3570 1529 divi-

1992 1571 2143 1625 dens.
2176 1570 2345 1641 Regio
2372 1571 2537 1641 igitur
2565 1571 2652 1625 illa
2687 1570 3023 1641 Iud-.cornm,
3051 1590 3170 1644 quae
3208 1576 3260 1629 in
3302 1586 3568 1632 terrorem

1990 1663 2262 1734 [Egyptiis
2285 1663 2463 1717 futura
2495 1664 2713 1727 dicitur,
2752 1662 3030 1719 Judaicam
3077 1665 3387 1723 subindicat
3422 1667 3571 1724 Scri-

1988 1763 2237 1825 pturam,
2274 1770 2337 1808 ac
2382 1754 2600 1809 theris
2640 1755 2973 1811 Testamcnti
3025 1759 3284 1823 verbum;
3318 1759 3569 1815 columna

1986 1862 2116 1902 vero
2150 1862 2269 1901 cum
2292 1845 2493 1901 Christi
2534 1847 2688 1901 altari
2722 1847 3029 1917 conjuncta,
3060 1848 3193 1904 Novi
3241 1850 3571 1906 'l‘estamenti

1987 1938 2336 2011 Evangelium
2387 1938 2579 2005 fuerit,
2605 1939 2806 1995 Christi
2857 1939 3041 1996 ﬁdeles
3076 1957 3141 1996 ex
3192 1940 3462 2012 Egyptiis
3498 1944 3571 1995 ab

1984 2030 2289 2086 inﬁdelibus
2314 2029 2715 2085 disterminans.

1920 2125 2270 2196 Εὑαγγέλιον,
2299 2122 2532 2197 διορίζον
2589 2124 2717 2189 τοὺς
2780 2125 2859 2190 εἰς
2915 2125 3007 2181 τὸν
3055 2124 3287 2199 Χριστὸν
3353 2123 3573 2179 πιστεύ-

2059 2314 2224 2370 Vens.
2256 2315 2345 2382 20,
2368 2314 2460 2369 21.
2496 2330 2514 2364 ι
2558 2311 2624 2366 Et
2647 2310 2753 2367 erit
2783 2310 2835 2365 in
2858 2312 3069 2383 signum
3102 2310 3155 2367 in
3186 2310 3442 2368 saeculum
3467 2310 3573 2364 Do-

1986 2411 2132 2465 mino
2160 2409 2212 2464 in
2244 2408 2460 2480 regione
2482 2404 2722 2477 Egypti,
2747 2419 3001 2472 quoniam
3028 2403 3343 2461 clamabunt
3366 2403 3433 2457 ad
3467 2401 3575 2457 Du-

1984 2505 2187 2559 minum
2227 2512 2447 2573 propter
2478 2500 2846 2569 opprimentes
2891 2511 3005 2551 eos.
3040 2497 3109 2550 Et
3153 2497 3329 2551 mittet
3361 2496 3442 2551 eis
3475 2496 3576 2553 ho-

1985 2597 2208 2658 minem,
2252 2593 2341 2663 qui
2375 2590 2753 2655 salvabiteos;
2788 2588 3041 2659 judicans
3084 2588 3314 2642 salvabit
3346 2603 3463 2643 eos.
3505 2590 3575 2645 Et

1984 2699 2143 2744 notus
2180 2685 2285 2741 erit
2325 2684 2586 2738 Dominus
2614 2681 2902 2751 Egyptiis,
2933 2688 2988 2734 et
3038 2689 3366 2749 cognoscent
3396 2678 3572 2752 Egy-

1984 2778 2081 2850 ptii
2125 2777 2407 2831 Dominum
2454 2774 2507 2828 in
2563 2773 2650 2827 die
2678 2773 2787 2838 illa,
2835 2781 2891 2825 et
2924 2770 3125 2825 facient
3159 2769 3488 2826 sacriﬁcium
3518 2781 3575 2826 et

1983 2872 2207 2937 donum,
2257 2880 2311 2924 et
2358 2867 2628 2921 vovebunt
2682 2876 2806 2920 vota
2856 2863 3104 2928 Domino,
3152 2872 3207 2918 et
3256 2864 3502 2922 reddent.
3544 2883 3566 2916 ι

1984 2962 2366 3031 Quamobrem,
2401 2975 2522 3015 cum
2565 2959 2669 3015 hoc
2697 2958 2851 3028 signo
2880 2972 3001 3013 sese
3030 2957 3240 3011 munire
3280 2955 3575 3013 didicerint

296 3052 844 3121 κατασφραγίζεσθαι
882 3052 1262 3123 μεμαθηκότες
1292 3053 1340 3104 οἰ
1363 3050 1452 3104 τὸν
1478 3050 1680 3123 Κύριον
1703 3066 1881 3120 παρα-

1985 3054 2248 3127 Egyptii,
2275 3054 2368 3124 qui
2394 3052 2676 3108 Dominum
2716 3060 3087 3120 susceperunt,
3118 3052 3218 3106 hoc
3274 3058 3575 3105 tutamenta

291 3141 611 3211 δεδεγμένοι
638 3141 920 3209 Αἰγύπτιοι
956 3142 1309 3213 φυλακτηρίῳ
1339 3140 1514 3213 τούτῳ
1547 3141 1843 3213 κέχρηνται
1862 3157 1879 3170 ο

293 3231 443 3286 ὥστε
472 3234 563 3286 καί
595 3235 651 3285 ἐν
681 3238 797 3297 ταῖς
832 3234 1073 3304 θλίψεσιν
1099 3233 1248 3305 αύτῷ
1284 3234 1495 3306 σημείῳ
1527 3233 1709 3305 βοηθῷ
1737 3232 1882 3306 χρὼν

298 3340 450 3377 quo;
494 3324 725 3395 ἀναὸοᾷν
764 3326 857 3378 καὶ
878 3325 1255 3379 ἐπικαλεῖσθαι
1292 3327 1383 3379 τὸν
1416 3324 1619 3399 Κύριον
1640 3323 1727 3378 διὰ
1754 3325 1882 3390 τοὺς

292 3417 666 3481 auctam-.1;
701 3417 915 3481 αὐτούς.
958 3419 1114 3481 Τίνες
1134 3418 1187 3471 δὲ
1217 3414 1355 3490 ἦσαν
1379 3413 1540 3483 οὗτοι,
1577 3417 1688 3471 ἀλλ’
1743 3416 1777 3488 ἢ
1831 3417 1882 3469 οἱ

291 3507 690 3576 ἀπομείνανηες
718 3511 782 3579 τῇ
811 3508 1055 3580 ἀπωλείᾳ
1090 3509 1379 3578 Αἰγύπτιοι
1402 3549 1417 3572 ,
1466 3510 1593 3582 περὶ
1642 3502 1716 3562 ὧν
1758 3511 1880 3562 κατ’

291 3602 470 3672 ἀρχᾶς
511 3601 727 3670 ἐλέγετ’)
776 3602 873 3672 τῆς
931 3602 1288 3673 προφητείας,
1353 3621 1371 3654 ι
1408 3604 1518 3655 Καὶ
1576 3603 1883 3674 ἐπαναστή-

298 3711 486 3746 σονται
517 3694 801 3763 Αἰγύπτιοι
844 3695 981 3767 πρὸς
1039 3696 1389 3765 Ᾱίγυπτίους,
1446 3696 1540 3749 καί
1584 3696 1880 3768 πολεμήσει

296 3785 587 3852 ἄνθρωπος
614 3788 704 3840 τὸν
733 3788 963 3857 ἀδελφὸν
993 3787 1181 3849 αὐτοῦ,
1216 3788 1367 3852 πόλις
1403 3788 1495 3842 ἐπὶ
1555 3788 1732 3854 πόλιν,
1786 3790 1880 3843 καὶ

296 3880 472 3949 vago;
498 3882 586 3934 ἐπὶ
613 3882 794 3952 νομόν.
841 3901 859 3931 ι

376 3992 397 4025 ι
436 3974 544 4027 Καὶ
575 3974 800 4038 πατάξει
828 3975 1030 4047 Κύριος
1057 3975 1182 4040 τοὺς
1209 3974 1539 4043 Αἰγυπτίους
1574 3972 1756 4045 πληγῇ
1785 3972 1880 4028 καὶ

294 4064 511 4121 ἰάσεται
564 4066 758 4131 αὐτούς
779 4084 792 4097 ⁸
828 4067 921 4120 καί
938 4069 1436 4139 ὲπιστραφήσονται
1470 4068 1608 4139 πρὸς
1652 4066 1878 4137 Κύριον,

293 4158 393 4213 καὶ
416 4158 799 4212 εἰσακούσεται
832 4157 1035 4220 αὐτῶν,
1071 4159 1165 4211 καὶ
1192 4158 1405 4212 ἰάσεται
1432 4156 1629 4220 αὐτοὺς
1665 4157 1822 4211 ἰάσει.
1854 4174 1873 4208 ι

304 4251 463 4304 ἐπὶ
494 4250 603 4322 γὰρ
628 4270 647 4301 ι
670 4250 731 4305 ὃν
766 4253 958 4321 ἀγαπᾷ
989 4251 1190 4323 Κύριος
1211 4291 1225 4315 ,
1258 4251 1351 4304 καὶ
1383 4248 1652 4303 παιδεύει*
1689 4266 1881 4320 μαστι-

292 4346 384 4411 γοῖ
406 4345 466 4397 δὲ
519 4344 695 4397 πάντα
728 4345 862 4409 υἱὸν,
898 4346 958 4398 ὃν
1003 4344 1365 4416 παραδέχεται
1389 4359 1403 4373 ο
1432 4361 1451 4394 ι
1499 4341 1723 4405 εἰκότως
1786 4340 1879 4395 καὶ

1986 3158 2243 3214 utentur;
2275 3147 2349 3201 ita
2387 3155 2444 3200 ut
2484 3145 2537 3201 in
2592 3144 2852 3201 :erumnis
2896 3144 3086 3199 eodem
3116 3144 3271 3213 signo
3294 3157 3392 3213 pro
3420 3141 3576 3212 adju-

1987 3251 2103 3297 tore
2153 3238 2255 3305 usi,
2287 3236 2520 3292 clament
2552 3245 2608 3292 et
2660 3237 2916 3292 invocent
2969 3235 3260 3291 Dominum
3314 3234 3577 3290 adversus

1983 3349 2076 3388 eos
2146 3334 2236 3403 qui
2275 3348 2334 3388 se
2390 3330 2715 3401 oppriment.
2765 3329 2996 3395 Quinam
3031 3336 3228 3382 .autem
3278 3326 3354 3382 illi
3393 3337 3573 3391 erant,

1985 3426 2087 3479 nisi
2114 3426 2147 3479 ii
2180 3425 2270 3494 qui
2302 3425 2352 3478 in
2384 3422 2624 3494 pernicie
2650 3430 2969 3477 manserunt
2998 3419 3262 3491 Egyptii,
3284 3419 3350 3474 de
3380 3419 3576 3488 quibus

1984 3518 2036 3571 in
2068 3515 2361 3586 prophetiae
2387 3515 2540 3569 initio
2566 3513 2864 3579 dicebatur,
2887 3530 2905 3563 ι
2931 3511 3000 3565 Ει
3046 3510 3575 3583 ἰηειιιυεοηῑιέεεγριίί

1983 3617 2169 3664 contra
2199 3605 2582 3678 Egyptios,et
2613 3604 2831 3659 bellabit
2869 3603 3033 3657 homo
3060 3602 3322 3656 adversus
3353 3602 3573 3655 fratrem

1982 3714 2159 3766 suum,
2217 3699 2406 3753 civitas
2436 3696 2697 3751 adversus
2727 3694 2999 3752 civitatem
3020 3734 3035 3760 ,
3059 3702 3116 3748 et
3156 3706 3354 3748 nomus
3380 3694 3574 3746 adver-

1981 3806 2074 3847 sus
2100 3806 2339 3846 nomum.
2385 3809 2402 3842 Ι

2055 3976 2215 4033 Vens.
2240 3974 2331 4030 22.
2351 3995 2369 4027 ι
2389 3975 2456 4028 Et
2486 3972 2753 4043 percutiet
2772 3971 3030 4026 Dominus
3057 3968 3348 4042 Egyptios
3370 3970 3523 4041 plaga
3549 4008 3566 4033 .

1982 4080 2037 4125 et
2067 4069 2280 4123 sanabit
2320 4080 2435 4122 eos.
2487 4065 2554 4119 Et
2611 4072 2993 4119 convertentur
3038 4063 3106 4116 ad
3161 4060 3470 4126 Dominum,
3513 4073 3570 4115 et

1981 4160 2231 4215 exaudiet
2255 4173 2371 4222 eos,
2404 4165 2459 4212 et
2492 4156 2712 4211 sanabit
2750 4170 2843 4210 eos
2880 4154 3186 4210 sanatione.
3215 4173 3234 4207 ι
3267 4154 3399 4221 Quia
3422 4151 3569 4208 enim

1987 4270 2006 4304 ι
2049 4267 2207 4322 quem
2238 4249 2407 4320 diligit
2437 4248 2599 4313 Deus,
2637 4248 2908 4317 castigat;
2948 4245 3186 4317 ﬂagellat
3229 4257 3410 4301 autem
3450 4258 3571 4298 om-

1981 4360 2106 4400 nem
2140 4343 2330 4408 lilinm,
2355 4355 2516 4411 quem
2555 4340 2785 4409 suscipit
2812 4341 2867 4407 ‘;
2909 4358 2928 4392 ι
2966 4339 3090 4408 jure
3118 4337 3404 4409 Egyptios
3440 4349 3569 4407 per-

291 4437 422 4498 τοῦς
454 4436 784 4502 Αἰγυπτίους
821 4439 1087 4490 πατάσσει
1112 4434 1361 4505 ἀγαπῶν,
1386 4432 1605 4487 ἐπειδὰν
1635 4434 1693 4487 ἐν
1726 4433 1881 4504 χρείᾳ

1985 4438 2176 4501 cutiet,
2222 4435 2325 4491 etsi
2355 4433 2564 4505 diligat,
2588 4434 2633 4487 si
2664 4433 2883 4503 quando
2941 4432 3299 4502 castigatione
3336 4436 3393 4483 et
3432 4443 3570 4483 con-

294 4525 556 4593 γίνωνται
578 4526 823 4591 παιδείας
858 4527 949 4581 καὶ
981 4526 1333 4600 ἐπιστροφῆς,
1370 4525 1483 4578 ἀλλ’
1528 4525 1627 4578 οὐκ
1658 4526 1739 4587 εἰς
1770 4541 1877 4595 μαα

295 4618 475 4690 γράν·
536 4618 700 4688 μηδὲν
750 4619 805 4671 δὲ
854 4618 1221 4691 ὑπερθέμενος
1277 4619 1419 4670 ἰᾶται
1476 4620 1541 4688 τῇ
1589 4615 1752 4670 αὑτοῦ
1800 4617 1881 4669 ἰά-

300 4726 403 4761 σει.

377 4822 395 4852 ι
428 4802 508 4872 Τῇ
572 4803 752 4873 ἡμέρα
802 4802 987 4876 ἐκείνῃ
1043 4800 1195 4854 ἔσται
1241 4800 1361 4864 ὁδὸς
1406 4799 1680 4870 Αἰγύπτου
1744 4800 1879 4872 πρὸς

310 4893 650 4963 ἐλσσυρίουελ
682 4894 777 4947 καὶ
815 4893 1215 4948 εἰσελεύσονται
1261 4892 1534 4965 Ἀσσύριοι
1588 4894 1725 4966 πρὸς
1782 4892 1878 4945 Αἶ-

296 5001 526 5053 γυπτον,
557 4988 651 5041 καὶ
678 4987 962 5056 Αἰγύπτιοι
991 4987 1345 5057 πορεύσονται
1369 4985 1505 5057 πρὸς
1541 4985 1878 5057 Ἀσσυρίους,

297 5079 392 5131 καὶ
414 5080 786 5134 δουλεύσουσιν
814 5078 1101 5148 Αἰγύπτιοι
1144 5081 1254 5142 τοῖς
1295 5076 1649 5151 Ἀσσυρίοις.»
1689 5078 1880 5129 Ἀσσυ-

298 5170 452 5237 ρίους
476 5171 533 5223 δὲ
564 5171 799 5225 ἐνταῦθα
822 5168 975 5243 οἶμαι
1006 5171 1189 5225 καλεῖν
1232 5170 1331 5241 τὴν
1367 5168 1588 5241 Γραφὴν
1608 5169 1735 5232 τοὺς
1770 5169 1867 5223 νῦν

293 5260 669 5333 καλουμένους
695 5261 899 5331 Σύρους
918 5278 931 5292 ·
969 5260 1109 5316 κατά
1130 5262 1190 5314 τὸ
1207 5261 1370 5315 πάλαι
1400 5261 1456 5313 δὲ
1479 5260 1528 5313 οἰ
1559 5258 1657 5330 τὴν
1682 5260 1879 5329 Συρίαν

368 5376 385 5407 ¹
424 5373 591 5430 Hebr.
626 5392 722 5442 xu,
746 5381 801 5433 ϐ.

363 5486 485 5561 (25)
534 5507 552 5540 ι
602 5490 680 5543 Ita
710 5501 890 5547 autem
926 5508 1091 5546 niurm
1133 5491 1303 5546 altare
1342 5490 1562 5561 dicitur,
1607 5487 1881 5561 quomodo

291 5558 419 5633 una
457 5561 616 5633 ﬁdes,
642 5572 697 5615 et
747 5578 912 5616 unum
958 5564 1247 5633 baptisma.
1277 5558 1785 5633 etguna_Eccle_sia._
1816 5558 1884 5611 Et

290 5631 503 5704 titulus
524 5629 1171 5704 juxtautcrminum'ejus
1207 5631 1452 5704 Domino,
1491 5629 1633 5704 haud
1661 5630 1882 5704 dubium

288 5702 429 5771 quin
464 5698 890 5771 Evarigeliuriiet
914 5698 1283 5772 apostatarum
1315 5702 1517 5773 scripta
1556 5698 1876 5770 signiﬁcet.»

513 5822 789 5884 Pnaot.
834 5821 948 5883 Gn.
998 5800 1227 5881 XXIV.

1982 4529 2232 4583 versione
2286 4542 2421 4597 opus
2466 4524 2745 4589 habeant;
2783 4526 2877 4580 sed
2927 4525 2979 4580 id
3019 4539 3123 4579 non
3162 4524 3228 4578 ad
3256 4522 3571 4577 diuturnum

1986 4629 2195 4689 tempus
2230 4618 2429 4686 faciet;
2458 4632 2521 4673 ac
2549 4616 2682 4672 nihil
2714 4616 3197 4687 comperendinans
3233 4614 3571 4670 curationem

1985 4720 2039 4767 et
2070 4710 2334 4764 medelam
2366 4710 2664 4766 adhibebit.

2056 4802 2223 4859 Vens.
2244 4803 2336 4857 23.
2363 4822 2380 4853 ι
2415 4803 2471 4857 ln
2498 4803 2585 4857 die
2619 4803 2707 4858 illa
2736 4803 2842 4858 erit
2865 4802 2950 4856 via
2972 4799 3190 4873 IEgypti
3212 4801 3279 4855 ad
3297 4799 3569 4872 Assyrios,

1987 4904 2043 4950 et
2097 4895 2468 4965 ingredientur
2511 4895 2716 4967 Assyrii
2756 4896 2806 4949 in
2853 4893 3145 4966 Egyptum
3172 4933 3187 4957 ,
3226 4901 3282 4948 et
3326 4891 3572 4963 Egyptii

1988 4985 2145 5042 ibunt
2185 4988 2251 5041 ad
2290 4987 2543 5058 Assyrios
2587 4999 2642 5043 et
2675 4988 2916 5043 servient
2957 4986 3197 5058 Egyptii
3247 4985 3509 5055 Assyriis.
3544 5002 3566 5036 ι

1987 5080 2242 5150 Assyrios
2280 5080 2367 5134 hic
2412 5091 2541 5151 puto
2568 5096 2597 5135 a
2636 5081 2915 5151 Scriptura
2944 5082 3126 5136 vocari
3156 5095 3272 5143 eos,
3306 5078 3399 5147 qui
3428 5092 3574 5131 nunc

1989 5168 2111 5241 Syri
2140 5172 2511 5242 appellantur;
2544 5173 2671 5228 olim
2701 5174 2899 5243 quippe
2925 5172 3130 5242 Assyrii
3160 5168 3574 5236 vocabanturii,

1986 5266 2075 5319 rui
2126 5265 2338 5337 Syriam
2378 5278 2434 5322 et
2472 5266 2914 5322 Mesoootamiam
2974 5264 3303 5322 incolebant.
3360 5264 3570 5321 Inimici

1987 5487 2115 5568 Ilaec
2160 5489 2554 5568 Hieronymus,
2601 5493 2691 5568 qui
2744 5493 2906 5548 etiam
2948 5493 3171 5551 inferius
3204 5497 3271 5551 de
3314 5496 3470 5568 Syris
3517 5504 3571 5553 et

1991 5560 2259 5632 {Egyptiis
2289 5560 2392 5615 non
2427 5576 2599 5631 pauca
2622 5560 2748 5617 hinc
2779 5574 3075 5622 mutuatur.

1998 5705 2015 5715 ρ
2064 5632 2176 5703 (27)
2212 5632 2631 5701 Στηλοῃοαφία
2661 5633 2798 5691 alius
2818 5639 3037 5707 γραφεῖ.
