4072 6194
500 256 530 305 S2

536 254 603 306 35
1238 248 1503 304 ICUSEBII
1545 246 2010 303 CAESARIENSIS
2049 245 2195 300 UPP.
2238 244 2415 298 PARS
2453 243 2539 299 III.
2569 275 2641 284 -υ
2672 243 3086 300 EXEGISTICA.

3652 248 3755 306 236

500 387 674 429 autem
713 381 897 427 mutuo
930 378 1083 426 erant
1122 370 1355 441 Egyptii
1403 381 1455 424 ct
1491 370 1719 440 Assyrii,
1757 385 1818 423 ac
1864 384 2077 437 semper

2187 368 2273 419 καὶ
2305 365 2727 434 Μεσοποταμίαν
2760 364 3036 425 οἰκοῦντες
3082 361 3352 434 Ἀσσύριοι
3382 362 3751 433 ἐχρημάτιζον.

500 477 687 520 mutuo
719 464 921 519 infesti.
960 462 1113 516 Nunc
1146 474 1325 516 autem
1361 478 1597 531 praesens
1631 478 1811 515 sermo
1842 478 2084 517 commu-

506 560 717 612 nionem
775 558 905 626 ipsis
954 568 1008 610 et
1062 556 1495 609 conunistionem
1548 556 1897 619 vaticinatur,
1944 556 2089 623 quod

499 664 772 718 nunquam
807 650 940 702 alias
968 647 1164 701 factum
1202 644 1545 699 fuerat.Nam
1582 656 1705 699 ante
1727 644 2089 699 Romanorum

500 742 785 809 imperium
820 741 1068 810 proprios
1099 753 1252 808 reges
1277 738 1547 793 habebant
1573 736 1816 808 Egyptii
1838 746 1890 791 et
1921 737 2089 808 Assy-

502 830 860 902 tii;AEgyptii
914 829 1130 900 quidem
1191 826 1546 893 Ptolemasos,
1578 827 1701 897 Syri
1756 834 1935 881 autem
1981 826 2092 880 An-

504 928 664 985 tiochi
706 938 758 982 ct
795 925 1045 981 Demetrii
1079 934 1347 995 posteros,
1385 926 1437 979 in
1485 938 1719 994 quorum
1759 922 1936 977 medio
1980 922 2089 977 sita

502 1022 704 1085 Iudaea,
734 1037 760 1075 a
792 1020 1024 1090 propriis
1056 1019 1183 1072 item
1232 1018 1567 1089 principibus
1615 1017 1923 1087 regebatur.
1955 1016 2092 1072 Cum

503 1122 678 1166 autem
704 1112 925 1165 Iudaica
960 1125 1092 1181 gens
1130 1110 1450 1164 Intermedia
1486 1118 1650 1170 esset,
1672 1108 1830 1162 modo
1859 1122 1887 1161 a
1914 1106 2092 1178 Syris,

503 1204 661 1255 tundo
708 1218 735 1255 ιι
778 1200 1083 1254 Ptolemaeis
1135 1198 1276 1252 bello
1337 1198 1716 1266 impetebatur.
1761 1195 1873 1251 Imo
1927 1198 2090 1251 etiam

504 1295 769 1365 Egyptiis
808 1292 1015 1346 inimici
1066 1290 1188 1360 Syri
1238 1298 1417 1357 erant,
1470 1298 1525 1343 et
1560 1288 1800 1360 Egyptii
1854 1289 2094 1359 Assyriis

504 1391 725 1447 hostes;
756 1386 1059 1439 utminime
1097 1383 1268 1437 libera
1321 1393 1465 1438 esset
1518 1383 1745 1437 alterius
1801 1382 1983 1451 populi
2026 1381 2093 1434 ad

504 1479 730 1532 alterum
765 1477 1048 1547 profectio.
1083 1474 1196 1531 Hoc
1225 1486 1381 1546 parto
1414 1490 1472 1530 se
1504 1490 1590 1529 res
1628 1474 1754 1527 olim
1798 1472 2089 1527 habebant.

501 1570 572 1622 At
623 1578 738 1639 post
800 1569 1085 1623 adventum
1154 1567 1362 1622 Domini
1418 1567 1469 1618 in
1525 1564 1855 1636 Egyptum,
1908 1577 2094 1633 pacem

505 1661 1002 1730 profundissimam,
1035 1677 1097 1715 ac
1133 1660 1565 1715 communionem
1595 1657 2093 1725 commerciumque

2204 460 2416 531 Ἐχθροί
2436 460 2491 511 δὲ
2512 454 2651 528 ἦσαν
2689 457 2976 526 Αἰγύπτιοι
3011 458 3105 509 καὶ
3151 456 3446 526 Ἀσσύριοι,
3488 456 3580 509 καὶ
3610 458 3760 512 πολέ-

2195 570 2305 623 μιοι
2331 551 2598 605 διετέλουν
2629 550 2781 613 ὄντες
2816 550 2880 602 ὲκ
2902 548 2995 601 τοῦ
3031 549 3247 611 παντός.
3282 546 3397 601 Νῦν
3421 548 3476 601 δὲ
3511 548 3540 601 6
3582 549 3766 605 παρὼν

2191 644 2347 711 λόγος
2380 641 2661 696 κοινωνίαν
2690 642 2873 703 αὐτοῖς
2915 640 3007 693 καὶ
3037 637 3316 709 ἐπιμιξίαν
3337 637 3605 702 θεσπίζει,
3635 640 3770 710 ὅπερ

2191 737 2311 790 οὐδὲ
2328 737 2511 791 ἄλλοτε
2543 735 2735 804 γέγονέ
2774 750 2923 787 ποτε.
2950 734 3066 805 Πρὸ
3093 733 3201 802 γὰρ
3224 732 3322 803 τῆς
3366 732 3461 785 Ῥιι
3478 731 3654 802 μαίων
3677 732 3771 803 ἀρ-

2192 829 2293 900 χῆς
2330 828 2625 893 ἰδιάζοντας
2654 822 2798 897 εἰχον
2849 824 3103 894 βασιλέας
3133 825 3184 877 οἵ
3237 842 3296 877 τε
3347 822 3636 892 Αἰγύπτιοι
3682 823 3775 877 καὶ

2206 919 2515 991 Ἀσσύριοι’
2579 921 2627 972 οἰ
2685 917 2973 986 Αἰγύπτιοι
3036 917 3134 989 μὲν
3187 916 3313 980 τοὺς
3362 914 3771 987 Πτολεμαίους,

2192 1011 2352 1084 Σύροι
2394 1014 2450 1066 δὲ
2505 1013 2631 1076 τοὺς
2670 1012 2777 1066 ἀπὸ
2840 1012 3111 1081 Ἀντιόχου
3170 1010 3261 1063 καὶ
3320 1008 3634 1080 Δημητρίου
3662 1000 3773 1063 ’ὧν

2198 1108 2335 1178 μέση
2357 1106 2583 1176 κειμένη
2619 1109 2651 1177 ἡ
2695 1104 2925 1159 Ἰουδαία
2966 1106 3060 1157 καὶ
3092 1102 3242 1165 ἰδίοις
3268 1100 3362 1155 καὶ
3381 1102 3522 1171 αὑτὴ
3551 1100 3773 1171 ἄρχουσι

2194 1199 2543 1270 ἐκυϐερνᾶτο.
2578 1197 3058 1268 Μεσολαϐούμενον
3084 1196 3142 1250 δὲ
3182 1195 3243 1248 τὸ
3286 1193 3556 1247 Ἰουδαίων
3604 1192 3773 1256 ἔθνος,

2195 1290 2325 1343 ποτὲ
2359 1290 2455 1360 μὲν
2497 1289 2600 1343 ὑπὸ
2628 1289 2812 1361 Σύρων
2840 1289 3185 1359 ἐπολεμεῖτο,
3216 1286 3345 1339 ποτὲ
3387 1286 3445 1338 δὲ
3480 1285 3586 1338 ὑπὸ
3644 1286 3776 1337 Πτο·

2196 1383 2453 1455 λεμαίων.
2520 1382 2677 1436 Ἀλλὰ
2708 1384 2801 1436 καὶ
2833 1381 3151 1451 Αἰγυπτίοις
3202 1379 3499 1449 ἐτύγχανον
3535 1379 3585 1431 οἱ
3619 1377 3777 1449 Σύροι

2197 1476 2466 1545 πολέμιον
2504 1476 2792 1544 Αἰγύπτιοι
2833 1475 2890 1528 δὲ
2933 1476 3045 1537 τοῖς
3090 1472 3399 1543 Ἀσσυρίοις
3437 1470 3779 1541 διεμάχοντο,

2195 1568 2269 1630 ὡς
2300 1568 2505 1638 ἄμικτα
2540 1563 2677 1621 εἶναι
2702 1569 2883 1631 αὐτοῖς
2912 1566 3006 1621 καὶ
3038 1566 3331 1629 ἀδιαϐἀτας
3376 1564 3482 1628 τὰς
3534 1564 3669 1635 πρὸς
3692 1562 3785 1617 ἀλ·-

2197 1658 2391 1729 λήλους
2423 1660 2668 1731 πορείας.
2701 1659 2935 1713 Τοιαῦτα
2965 1658 3065 1731 μὲν
3096 1654 3187 1711 οὖν
3229 1657 3531 1727 ἐτύγχανον
3572 1656 3639 1710 τὰ
3682 1655 3783 1710 πά-

503 1753 635 1820 ipsis
676 1750 913 1805 futurmu
942 1767 1182 1820 prassens
1231 1766 1414 1805 sermo
1445 1750 1791 1819 prteuuntiat.
1833 1747 1923 1800 llle
1964 1761 2082 1800 vero

2194 1750 2302 1805 λαι,
2346 1730 2507 1804 Μετὰγ
2542 1751 2599 1805 δὲ
2649 1753 2748 1823 τὴν
2778 1751 2961 1822 ἄφιξιν
2991 1751 3084 1805 τοῦ
3118 1751 3324 1821 Κυρίου
3368 1749 3472 1820 τὴν
3506 1750 3585 1814 εἰς
3616 1749 3777 1818 Λίγυ-

503 1859 616 1909 eos,
650 1844 740 1911 qui
776 1843 900 1896 olim
936 1842 1137 1896 inimici
1172 1851 1347 1907 erant,
1379 1842 1548 1911 Syros
1588 1842 1730 1905 dico,
1755 1839 2007 1909 Assyrios
2038 1846 2094 1892 et

504 1934 777 1999 Israelem,
806 1944 990 1988 mutuo
1020 1934 1293 1999 conciliat,
1327 1944 1490 2003 atque
1518 1948 1676 1986 unam
1713 1946 1902 1987 omnes
1925 1946 1953 1983 a
1982 1930 2091 1984 Deo

503 2028 938 2083 benedictionem
967 2038 1286 2098 accepturos
1320 2029 1484 2093 dicit;
1513 2028 1584 2081 ita
1618 2035 1677 2081 ut
1707 2026 1819 2094 jam
1848 2041 1951 2080 non
1979 2040 2093 2078 am-

503 2121 644 2189 plius
678 2120 840 2174 Israel
869 2122 1033 2173 altum
1061 2121 1259 2188 sapiat,
1299 2129 1555 2189 nequeut
1591 2119 1739 2173 solus
1778 2120 2093 2173 benedictus

504 2222 692 2265 contra
719 2212 854 2264 alios
880 2226 998 2265 sese
1019 2211 1265 2265 extollat.
1298 2210 1431 2276 Quis
1460 2224 1589 2280 ergo
1626 2209 1899 2265 Romanos
1932 2224 2091 2263 exer-

503 2304 645 2357 citus
672 2318 738 2357 ex
776 2303 1037 2372 Syrorum
1070 2304 1261 2356 militia
1307 2303 1499 2356 videns
1530 2302 1904 2372 z‘Egyptiorum
1933 2301 2085 2370 capi-

505 2397 648 2449 tihtts
680 2395 985 2459 imminere,
1024 2404 1077 2449 et
1129 2393 1414 2465 Egyptios
1454 2394 1559 2448 illis
1593 2394 1820 2457 servire,
1854 2395 2089 2463 prephe-

506 2488 592 2539 tia:
627 2494 877 2540 eventum
904 2502 1008 2540 non
1044 2485 1388 2540 admiretur?
1416 2484 1548 2552 Quis
1600 2500 1704 2538 non
1748 2486 2090 2554 Obstupescat

504 2592 735 2633 cernens
781 2577 1064 2649 Egyptios
1106 2579 1278 2633 libero
1321 2579 1552 2633 transitu
1582 2577 1796 2648 Syriam
1846 2586 2090 2647 petentes

505 2684 568 2725 ac
597 2670 834 2724 vicissim
861 2670 1030 2742 Syros
1061 2672 1179 2727 sine
1202 2672 1355 2726 obice
1395 2670 1447 2724 in
1487 2670 1781 2741 lEgyptum
1828 2671 2089 2725 acceden-

505 2769 607 2828 tes,
638 2769 800 2833 atque
820 2776 913 2819 eos
933 2763 979 2817 vi
998 2763 1367 2819 dominatricis
1387 2763 1637 2833 potentia:
1666 2762 1911 2815 subditos
1936 2762 2090 2815 esse?

505 2856 765 2926 Quodque
800 2856 1038 2910 omnium
1070 2855 1533 2910 mirabilissimum
1569 2862 1671 2917 est,
1710 2854 1761 2906 in
1808 2852 2091 2922 prophetia

506 2950 667 3011 dixit,
690 2950 877 3002 eodem
915 2957 1159 3017 tempore
1198 2948 1339 3017 apud
1376 2946 1544 3016 Syros
1574 2956 1630 3001 et
1666 2944 1987 3015 Egyptios,
2025 2960 2090 3001 ac

506 3042 560 3093 in
606 3050 746 3093 terra
774 3040 939 3094 Israel
985 3039 1209 3109 populos
1249 3039 1339 3093 Dei
1383 3039 1523 3103 fore,
1571 3040 1822 3108 ipsosque
1864 3037 2089 3094 benedio

506 3143 658 3185 etes:
690 3141 747 3185 ut
776 3130 934 3185 Israel
967 3146 1071 3185 non
1097 3130 1325 3200 amplius
1351 3128 1563 3183 ditl‘erat
1588 3129 1656 3183 ab
1680 3127 1953 3198 Egyptio,
1989 3144 2081 3181 ne-

506 3238 610 3293 que
659 3241 686 3278 a
734 3224 913 3295 Syro;
979 3238 1149 3293 neque
1210 3224 1348 3292 apud
1400 3223 1566 3277 Deum
1609 3222 1777 3291 pluris
1819 3222 2079 3274 habeatur

506 3318 700 3387 Syrus,
731 3331 889 3386 quant
926 3316 1089 3370 Israel
1146 3315 1231 3369 vel
1286 3312 1607 3384 Egyptius;
1646 3327 1815 3383 neque
1838 3313 2079 3367 vicissim

504 3409 790 3481 Egyptius
827 3410 1003 3463 minor
1028 3410 1098 3463 sit
1125 3408 1265 3478 apud
1304 3410 1469 3464 Deum
1501 3405 1699 3462 Isracle
1730 3416 1785 3460 et
1815 3406 1970 3477 Syro.

2195 1862 2327 1898 πτον
2368 1846 2589 1917 εἰρήνην
2618 1844 2940 1916 βαθυτάτην,
2979 1845 3260 1910 κοινωνίας
3288 1862 3347 1897 τε
3376 1846 3475 1898 καὶ
3504 1842 3780 1914 ἐπιμιξίας

2194 1939 2222 1989 ὁ
2254 1935 2442 2007 παρὼν
2472 1937 2628 2005 λόγος
2654 1939 2837 2002 αὐτοῖς
2870 1937 3295 2007 εὐαγγελίζεται.
3338 1938 3396 1992 Ὀ
3430 1938 3531 2007 μὲν
3575 1936 3640 2006 δὴ
3687 1930 3779 1988 οῦν

2196 2030 2420 2099 συνάγει
2476 2032 2602 2093 τοὺς
2658 2030 2822 2084 πάλαι
2869 2031 3114 2103 ἐχθροὺς,
3170 2032 3313 2100 λέγω
3358 2030 3422 2102 δὴ
3458 2030 3665 2101 Σύρους
3686 2030 3779 2082 καὶ

2192 2122 2528 2191 Αἰγυπτίους
2555 2123 2649 2175 καὶ
2690 2123 2779 2176 τὸν
2820 2123 3062 2194 Ἰσραὴλ,
3101 2125 3231 2194 μιᾶς
3273 2141 3332 2176 τε
3377 2122 3630 2190 εὐλογίας
3679 2121 3778 2191 τῆς

2194 2214 2344 2283 παρᾶ
2377 2213 2510 2265 Θεοῦ
2541 2212 2819 2278 τεύξεσθαι
2854 2211 3048 2275 αύτούς
3080 2228 3241 2281 φησι·
3277 2212 3353 2273 ὡς
3392 2210 3589 2281 μηκέτι
3635 2211 3782 2280 μέγα

2192 2307 2408 2377 φρονεῖν
2432 2304 2521 2357 τὸν
2554 2305 2794 2376 Ἰσραὴλ,
2819 2304 2952 2374 μηδὲ
2982 2303 3407 2374 κατεπαίρεσθαι
3428 2303 3537 2357 τῶν
3576 2304 3776 2366 ἄλλων,

2190 2398 2265 2461 ὼς
2296 2396 2454 2467 μόνον
2485 2396 2687 2467 ηύλογη
2696 2397 2871 2467 μένον.
2892 2397 2986 2460 Τίς
3003 2392 3116 2457 οῦν,
3132 2396 3428 2466 ὀφθαλμοῖς
3453 2395 3597 2467 ὁρῶν
3614 2413 3781 2468 στρα-

2190 2488 2388 2541 τόπεδα
2436 2488 2721 2559 Ῥωμαϊκὰ
2743 2487 2929 2559 Σύρων
2952 2488 3160 2559 ἀνδρῶν
3201 2488 3341 2542 κατὰ
3362 2486 3605 2559 κεφαλῆς
3666 2486 3776 2541 τῶν

2190 2580 2502 2648 Αἰγυπτίων
2531 2580 2906 2651 ἐγκαθήμενα,
2951 2579 3281 2647 Αἰγυπτίους
3306 2595 3364 2631 τε
3391 2578 3605 2641 τούτοις
3656 2578 3777 2631 δουο

2190 2672 2464 2736 λεύοντας,
2504 2673 2605 2725 οὐκ
2650 2672 2715 2725 ἂν
2773 2671 3075 2742 ἐκπλαγείη
3134 2672 3232 2742 τὴν
3276 2671 3377 2741 τῆς
3436 2670 3775 2742 προφητείας

2193 2762 2567 2828 ἐκϐασιν;Τίς
2617 2763 2674 2816 δὲ
2727 2764 2789 2816 ού
2843 2763 3178 2833 θαυμάσεται
3236 2762 3378 2832 ὁρῶν
3442 2762 3773 2831 Αἰγυπτίους

2192 2855 2361 2919 ἀδεῶς
2386 2854 2477 2908 ἐπὶ
2504 2854 2603 2924 τὴν
2637 2856 2823 2926 Σύρων
2851 2855 3219 2918 διαϐαίνοντας
3251 2854 3455 2926 χώραν,
3483 2854 3689 2927 Σύρους
3712 2871 3770 2908 τε

2192 2946 2482 3010 ἀκωλύτως
2512 2946 2891 3007 ἐπιϐαίνοντας
2929 2948 3042 3009 τοῖς
3084 2946 3420 3015 Αἰγυπτίοις,
3452 2946 3681 3020 δυνάμει
3712 2961 3769 2998 τε

2190 3038 2519 3109 ἀρχοντικῆς
2548 3038 2796 3103 ἐξουσίας
2843 3038 3410 3111 καταδεδουλωμένους
3437 3038 3667 3105 αύτούς,
3700 3037 3769 3090 Τὸ

2187 3130 2244 3183 δὲ
2274 3130 2529 3184 ἁπάντων
2578 3130 3006 3201 παραδοξότατον
3025 3170 3039 3195 ,
3065 3129 3267 3199 ταύτην
3295 3130 3466 3201 ἤρατο
3508 3131 3650 3184 κατὰ
3683 3130 3769 3183 τδν

2188 3224 2348 3277 αὑτὸν
2396 3224 2584 3295 χρόνον
2621 3223 2769 3295 παρὰ
2802 3223 2993 3294 Σύροις
3036 3224 3130 3276 καὶ
3159 3226 3284 3294 παρ’
3317 3224 3637 3291 Αἰγυπτίοις
3680 3224 3771 3276 καὶ

2190 3318 2247 3368 ὲν
2281 3319 2348 3387 τῇ
2374 3319 2445 3387 γῇ
2473 3315 2567 3368 τοῦ
2613 3316 2827 3386 Ἰσραὴλ
2861 3315 3024 3378 λαοὺς
3070 3314 3285 3368 ἔσεσθαι
3338 3313 3416 3384 τῷ
3475 3314 3615 3384 Θεῷ,
3678 3329 3773 3367 και

2189 3407 2410 3470 τούτους
2432 3408 2875 3478 ηύλογημένουςο
2915 3407 2991 3470 ὡς
3046 3407 3179 3478 μηδὲ
3236 3406 3435 3477 μηκέτι
3489 3405 3771 3477 διαφέρειν

503 3505 593 3558 τὸν
635 3504 849 3576 Ἰσραὴλ
876 3505 968 3558 τοῦ
1012 3504 1328 3574 Αἰγυπτίου,
1370 3503 1507 3574 μήτε
1552 3502 1647 3555 τοῦ
1688 3501 1882 3574 Σύρου,
1937 3502 2071 3573 μηδὲ
2106 3502 2439 3556 διαλλάττειν
2501 3502 2649 3574 παρὰ
2700 3501 2817 3572 Θεῷ
2835 3502 3067 3573 κρείττω
3087 3501 3177 3554 τὸν
3199 3500 3370 3563 Σύρον
3396 3499 3489 3553 τοῦ
3524 3500 3766 3571 Ἰσραὴλ,

508 3597 639 3668 μηδὲ
698 3597 791 3653 τοῦ
824 3596 1139 3666 Αἰγυπτίου,
1204 3596 1324 3667 μηδ’
1360 3592 1427 3649 αὖ
1482 3594 1643 3649 πάλιν
1696 3594 1788 3647 τὸν
1826 3594 2140 3665 ,Αἰγύπτιον
2180 3594 2530 3649 ἐλαττοῦσθαι
2584 3596 2735 3665 παρὰ
2794 3594 2913 3664 Θεῷ
2971 3592 3066 3647 τοῦ
3135 3592 3349 3664 Ἰσραὴλ
3393 3593 3426 3663 ἦ
3495 3592 3591 3646 τοῦ
3662 3594 3769 3648 Σύ-

507 3707 600 3761 ρου
610 3732 621 3743 .

579 3780 742 3837 Vsus.
783 3783 877 3836 24.
925 3801 943 3833 4
972 3783 1028 3836 In
1069 3782 1157 3835 die
1212 3782 1299 3836 illa
1349 3781 1454 3836 erit
1491 3780 1652 3834 Israel
1690 3782 1880 3835 tertius
1932 3782 2075 3835 inter

506 3874 810 3944 JEgyptios,
860 3882 910 3927 et
952 3874 1091 3926 inter
1138 3873 1389 3942 Assyrios
1448 3873 1763 3927 benedictus
1802 3872 1855 3924 in
1905 3880 2072 3936 terra,

506 3977 669 4031 quam
706 3960 981 4017 benedixit
1020 3961 1279 4015 Dominus
1307 3960 1564 4024 Sabaoth,
1596 3962 1685 4032 qui
1717 3961 1869 4025 dicit,
1908 3960 2073 4016 Bene-

508 4054 687 4111 dictus
717 4054 946 4123 populus
975 4069 1150 4121 meus,
1170 4056 1263 4125 qui
1303 4066 1385 4110 est
1411 4056 1462 4109 in
1481 4056 1808 4127 Egypto,et
1833 4056 1883 4109 in
1902 4058 2072 4127 Assy-

2255 3797 2272 3828 ι
2299 3778 2377 3846 Τῇ
2402 3773 2585 3845 ἡμέρᾳ
2619 3770 2802 3843 ἐκείνῃ
2822 3770 2975 3822 ἔσται
3015 3767 3230 3839 Ἰσραὴλ
3254 3766 3436 3838 τρίτος
3460 3766 3519 3819 ὲν
3538 3768 3652 3830 τοῖς
3684 3767 3769 3818 Al-

2176 3868 2445 3940 γυπτίοις,
2496 3864 2588 3917 καὶ
2615 3864 2671 3915 ἐν
2715 3864 2826 3924 τοῖς
2864 3860 3168 3931 Ἀσσυρίοις
3198 3856 3571 3930 ηύλογημένος
3616 3859 3674 3914 ἐν
3703 3858 3765 3926 τῇ

2175 3966 2270 4035 γῇ,
2300 3962 2365 4031 ἣν
2395 3958 2665 4028 ηύλόγησε
2698 3954 2903 4026 Κύριος
2954 3951 3178 4007 Σαϐαὼθ
3228 3954 3257 4006 6
3283 3952 3453 4019 λέγων
3476 3966 3491 3981 ·
3530 3951 3767 4018 Εὐλογη-

2179 4055 2335 4126 μένος
2360 4053 2388 4104 6
2417 4051 2543 4114 λαός
2577 4066 2677 4121 μου
2716 4049 2744 4100 6
2770 4049 2826 4101 ὲν
2848 4046 3128 4116 Αἰγύπτῳ,
3161 4046 3255 4097 καὶ
3281 4046 3310 4096 6
3335 4046 3391 4097 ὲν
3432 4043 3759 4114 Ἀσσυρίοις,

506 4147 628 4211 riis,
674 4156 727 4203 et
768 4146 1056 4201 hmreditas
1106 4163 1223 4203 mea
1274 4148 1462 4202 Israel.
1494 4168 1512 4201 ι
1572 4147 1726 4214 Quod
1754 4149 1800 4203 si
1834 4147 2066 4213 dicatur,

2187 4146 2268 4201 ιιαί
2297 4147 2329 4216 ἡ
2357 4142 2690 4215 κληρονομία
2724 4158 2825 4211 μου
2857 4137 3090 4209 Ἰσραήλ.
3117 4156 3135 4189 ι
3173 4136 3298 4189 Ἐὰν
3317 4136 3373 4189 δὲ
3405 4135 3634 4207 λέγηται
3660 4132 3766 4205 τρί-

505 4242 723 4299 tertium
749 4240 911 4295 Israel
945 4242 1090 4296 inter
1118 4240 1405 4313 Egyptios
1439 4254 1495 4296 et
1538 4242 1793 4313 Assyrios
1825 4241 2066 4296 futurum

503 4347 645 4398 esse,
686 4332 1030 4387 benedictum
1076 4332 1128 4385 in
1184 4342 1348 4397 terra,
1381 4346 1541 4401 quam
1577 4332 1857 4387 benedixit
1892 4332 2073 4387 Domi—

503 4439 609 4479 nus
655 4423 1009 4489 exercituum,
1039 4437 1106 4478 ne
1146 4422 1308 4476 aliam
1336 4430 1585 4491 putemus
1620 4436 1741 4476 esse
1775 4430 1976 4476 terram
2005 4422 2072 4474 ah

502 4515 748 4571 Ecclesia
804 4515 921 4570 Dei.
971 4512 1077 4569 Per
1131 4514 1298 4569 Israel
1344 4522 1525 4565 autem
1580 4511 1806 4580 intelligi
1866 4520 2069 4581 potest,

503 4611 707 4666 chorus
734 4609 912 4664 omnis
944 4618 1258 4663 sanctorum
1291 4606 1777 4677 religiosorumque
1806 4604 2065 4665 virorum,

502 4703 596 4773 qui
626 4718 692 4757 ex
724 4700 947 4757 Judaica
971 4711 1133 4771 gente
1159 4700 1402 4755 defuncti
1432 4707 1576 4753 sunt.
1621 4697 1964 4766 Quapropter
1984 4697 2069 4749 di-

502 4798 664 4860 citur,
712 4814 731 4847 ι
762 4795 826 4849 Et
858 4794 1145 4850 hereditas
1181 4807 1299 4847 mea
1340 4790 1530 4845 Israel.
1563 4790 1697 4843 Nam
1728 4788 1947 4859 quando
1989 4788 2070 4841 (II-

502 4889 722 4944 videbat
749 4887 1068 4943 Altissimus
1107 4894 1322 4956 gentes,
1374 4884 1514 4938 facta
1550 4894 1636 4937 cst
1688 4898 1815 4951 pars
1857 4881 2069 4935 Domini

503 4978 731 5047 populus
760 4976 876 5045 ejus
920 4974 1112 5040 Iacob,
1161 4973 1435 5029 funiculus
1468 4970 1804 5027 haarcditatis
1838 4968 1957 5037 ejus
1997 4970 2073 5023 ls-

502 5069 613 5122 rael
636 5072 714 5123 ’.»
743 5068 892 5123 Nune
915 5078 1096 5122 autem
1124 5065 1366 5136 Egyptii
1401 5065 1629 5135 populus
1659 5064 1799 5132 ejus,
1829 5070 1882 5116 et
1906 5076 2070 5131 pepu-

506 5158 589 5210 Ius
619 5160 735 5227 ejus
766 5159 1103 5225 benedictus,
1138 5167 1436 5219 vocantur;
1469 5164 1523 5209 et
1549 5152 1759 5223 Assyrii
1790 5150 2061 5205 similiter.

502 5248 635 5301 Illud
661 5260 860 5315 autem,
910 5249 1006 5304 «In
1058 5260 1225 5314 terra,
1289 5263 1448 5317 quam
1503 5244 1783 5300 benedixit
1810 5242 2069 5296 Dominus

505 5339 767 5403 Sabaoth,
808 5361 826 5392 ι
868 5342 935 5394 ad
979 5342 1256 5397 caelestem
1291 5352 1504 5409 quoque
1545 5346 1744 5390 terram
1776 5332 2065 5393 referatur,

503 5435 567 5488 de
607 5449 710 5503 qua
747 5433 879 5487 dicit
906 5433 1177 5503 Salvator,
1226 5454 1242 5486 ι
1282 5432 1431 5489 Beati
1467 5426 1922 5498 ntites,qttottiam
1965 5424 2063 5492 ipsi

574 5653 592 5681 ¹
624 5652 773 5705 Deut.
810 5666 982 5712 xxx”,
1015 5648 1066 5699 8.

2174 4256 2267 4302 τος
2306 4234 2521 4307 Ἰσραὴλ
2566 4236 2623 4287 ὲν
2672 4235 2782 4295 τοῖς
2826 4228 3145 4298 Αἰγυπτίοις
3176 4227 3272 4280 καὶ
3321 4228 3379 4279 ἐν
3408 4228 3523 4291 τοῖς
3572 4228 3759 4278 Ἀσσψ

2182 4330 2315 4399 ρίοις
2344 4325 2581 4389 ἔσεσθαι,
2603 4321 2960 4392 εὐλογημένος
2992 4320 3049 4372 ὲν
3078 4320 3144 4389 τῇ
3174 4320 3242 4388 γῇ
3272 4319 3337 4388 ἢν
3362 4316 3625 4388 εὐλόγησε
3647 4312 3783 4368 Κύ-“

2182 4436 2293 4491 ριος
2322 4416 2569 4477 Σαϐαὼθ,
2606 4414 2678 4485 μὴ
2701 4412 2891 4481 ἑτέραν
2918 4408 3223 4480 νομίζωμεν
3255 4402 3391 4460 εἶναι
3414 4408 3516 4479 τὴν
3542 4408 3648 4477 γῆν
3669 4404 3764 4475 τῆς

2191 4509 2516 4578 Ἐκκλησίας
2552 4506 2643 4559 τοῦ
2680 4503 2836 4557 Θεοῦ.
2907 4500 3119 4572 Ἰσραὴλ
3149 4501 3206 4553 δὲ
3247 4499 3482 4553 νοεῖσθαι
3536 4498 3767 4553 δύναται

2180 4604 2274 4656 καὶ
2295 4602 2403 4663 πᾶς
2430 4603 2458 4652 6
2504 4598 2660 4669 χορὸς
2692 4595 2798 4648 τῶν
2828 4594 2997 4663 ἁγίων
3042 4593 3137 4646 καὶ
3168 4590 3425 4660 θεοφιλῶν
3454 4590 3677 4663 ἀνδρῶν
3703 4591 3765 4641 ἐκ

2174 4694 2265 4747 τοῦ
2302 4692 2567 4745 Ἰουδαίων
2598 4689 2781 4751 ἔθνους
2812 4684 3314 4757 προεξεληλυθὸτων
3357 4682 3450 4736 τοῦ
3494 4682 3639 4753 βίου.
3674 4680 3761 4734 Διὸ

2174 4784 2453 4836 λέλεκται·
2494 4800 2511 4830 ι
2535 4780 2697 4850 Καὶὴ
2726 4777 3057 4849 κληρονομία
3084 4790 3184 4846 μου
3226 4775 3464 4845 Ἰσραήλ.
3498 4774 3634 4827 Ὅτε
3655 4772 3759 4843 γὰρ

2174 4872 2477 4945 διεμέριζεν
2505 4874 2533 4925 6
2569 4871 2829 4941 Ὕψιστος
2875 4868 3023 4937 ἔθνη,
3060 4866 3288 4937 ἐγενήθη
3340 4883 3495 4937 μερς
3550 4865 3756 4936 Κυρίου

2175 4968 2301 5029 λαὸς
2356 4962 2520 5021 αὑτοῦ
2586 4960 2797 5027 Ἰακὼϐ,
2851 4960 3135 5030 σχοίνισμα
3184 4956 3545 5027 κληρονομίας
3595 4952 3755 5009 αὑτοῦ
3803 5014 3806 5017 λ

2187 5056 2422 5127 Ἰσραήλ.
2455 5073 2472 5106 ι
2504 5052 2617 5107 Νῦν
2645 5053 2699 5105 δὲ
2731 5052 2822 5105 καὶ
2846 5050 3128 5118 Αἰγύπτιοι
3163 5048 3290 5110 λαὸς
3320 5046 3484 5101 αὑτοῦ
3516 5048 3751 5118 εἴρηται,

2175 5149 2269 5200 καὶ
2300 5148 2427 5210 λαὸς
2461 5144 2624 5199 αὐτοῦ
2662 5143 3044 5214 εὐλογημένος,
3094 5141 3186 5194 καὶ
3223 5138 3491 5209 Ἀσσύριοι
3534 5138 3749 5210 ὁμοίως.

2176 5239 2248 5291 Τὸ
2272 5238 2349 5302 δὲ,
2385 5258 2403 5289 ι
2425 5239 2513 5291 Ἑν
2545 5239 2609 5306 τῇ
2643 5239 2713 5306 γῇ
2743 5236 2809 5305 ἢν
2840 5235 3111 5306 ηύλόγησε
3141 5232 3340 5302 Κύριος
3374 5230 3621 5295 Σαϐαὼθ,
3648 5250 3668 5283 ι
3696 5231 3748 5281 ἕ-

2176 5350 2259 5401 χοι
2285 5331 2348 5384 ἂν
2374 5330 2469 5400 τὴν
2504 5329 2781 5398 ἀναφορὰν
2823 5329 2917 5381 καὶ
2968 5327 3058 5380 ἐπὶ
3092 5326 3187 5396 τὴν
3235 5324 3574 5395 ἐπουράνιον,
3628 5322 3747 5389 περὶ

2174 5421 2240 5496 ἦς
2272 5442 2433 5494 φησιν
2462 5426 2488 5476 ὁ
2521 5424 2739 5492 Σωτήρ’
2777 5443 2793 5469 ι
2819 5421 3091 5490 Μακάριοι
3149 5419 3195 5470 οἱ
3231 5419 3446 5488 πραεῖς,
3476 5418 3556 5470 δτι
3600 5410 3748 5465 αὑτηὶ
