4072 6194
284 308 399 365 257

1265 298 1776 357 (ΞΟΜΜΕΝΤΑΒΙΑ
1817 301 1887 358 ΙΝ
1927 301 2181 359 ΙΒΑΙΑΜ.
2221 335 2289 343 -
2327 303 2477 361 CAP.
2518 305 2641 364 XX.

3459 320 3569 376 εδδ

288 418 777 494 κληρονομήσουσι
825 424 925 487 την
980 413 1087 484 γῆν
1106 432 1118 444 ο
1149 434 1167 466 ι
1200 413 1330 468 ἔνθα
1363 417 1457 469 καὶ
1484 419 1518 486 ή
1570 417 1885 488 ἐπουράνιος

1994 420 2347 487 possidebunt
2374 432 2575 478 terram
2598 425 2642 488 ³,
2681 444 2701 478 ›
2736 427 2826 482 ubi
2866 439 2922 482 et
2961 432 3203 489 cmleslis
3236 430 3565 506 Jerusalem,

302 510 696 582 Ἰερουσαλὴμ,
724 508 811 562 καὶ
838 507 899 561 τὸ
930 506 1070 561 Σιὼν
1094 507 1220 579 ὅρος
1252 509 1571 579 ἐπουράνιον
1595 508 1752 562 Θεοῦ.

821 598 1221 652 ΚΕΦΑΛΑΙΟΝ
1276 600 1361 653 Κ’.

388 716 406 747 ι
429 694 537 747 Τοῦ
562 694 706 756 ἔτους
734 684 796 745 οὗ
830 690 1050 761 εἰσῆλθε
1081 690 1332 744 Ταναθὰν
1366 692 1447 755 εἰς
1484 691 1744 757 Ἀζωτον,
1772 696 1889 765 ἡνί-

308 807 387 842 κα
420 787 684 857 ἀπεστάλη
740 784 846 838 ὑπὸ
890 783 1056 856 Ἀρνὰ
1112 783 1377 854 βασιλέως
1419 785 1739 856 Ἀσσυρίων,
1794 786 1889 840 καὶ

312 880 605 951 ἐπολέμησε
631 877 732 949 τὴν
757 877 1023 941 Ἀζωτον,
1052 878 1148 930 καὶ
1174 875 1501 930 κατελάϐετο
1522 878 1694 948 αὑτήν
1719 896 1731 907 ·
1763 880 1886 933 τότε

312 972 530 1043 ἐλάλησε
564 970 769 1041 Κύριος
818 969 959 1040 πρὸς
994 969 1220 1021 Ἡσαΐαν
1259 969 1432 1036 λέγων
1456 985 1470 999 ⁸
1502 968 1761 1039 Πορεύου,
1792 973 1887 1025 καὶ

306 1063 461 1133 ἄφελε
483 1062 572 1114 τὸν
601 1062 810 1114 σάκκον
836 1059 946 1112 ἀπὸ
976 1059 1076 1129 τῆς
1097 1058 1297 1127 ὀσφύος
1330 1076 1442 1111 σου.
1472 1078 1490 1112 ι
1519 1060 1807 1131 Θαυμάσαι
1831 1063 1887 1115 δὲ

298 1154 407 1209 ἐστι
432 1153 523 1205 τὸν
553 1150 898 1222 προφητικὸν
938 1149 1073 1219 βίον,
1102 1150 1160 1204 ὃν
1192 1153 1220 1203 ό
1257 1150 1355 1221 μὲν
1397 1152 1716 1217 Ἀπόστολος
1746 1172 1887 1225 παρ-

291 1246 515 1317 έστησεν
560 1242 757 1307 εἰπὼν,
792 1262 809 1294 ι
854 1242 1151 1313 Περιῆλθον
1173 1245 1230 1295 ἐν
1253 1244 1545 1314 μηλωταῖς,
1573 1246 1631 1299 ὲν
1661 1240 1888 1316 αἰγείοις

285 1339 574 1410 δέρμασιν,
594 1336 1011 1406 ὑστερούμενοι,
1043 1334 1365 1405 θλιϐόμενοι,
1381 1337 1805 1408 κακουχούμενοι
1823 1355 1835 1368 ·
1864 1358 1881 1389 ι

288 1434 323 1503 ἡ
347 1434 404 1485 δὲ
424 1428 679 1503 παροῦσα
709 1428 905 1499 Γραφὴ
928 1429 1011 1480 ἐνὶ
1038 1428 1293 1498 ὲνδύματι
1322 1431 1511 1503 σάκκῳ
1538 1432 1629 1486 τὸν
1663 1433 1887 1487 Ἡσαΐαν

290 1526 636 1598 κεχρημένον
657 1524 891 1591 εἰσάγει,
932 1520 1230 1574 πενθοῦντα
1247 1522 1448 1596 δηλαδὴ
1477 1525 1573 1578 καί
1597 1525 1886 1580 ἁποκλαιό-

290 1635 452 1688 μενον
490 1617 616 1678 τοὺς
649 1614 734 1668 διὰ
767 1613 867 1676 τὰς
912 1611 1119 1676 οἰκείας
1146 1612 1399 1678 ἀσεϐείας
1442 1616 1658 1687 μακρὰν
1691 1618 1889 1673 ἀποπί-

291 1725 529 1771 πτοντας
556 1707 649 1759 τοῦ
679 1705 832 1759 Θεοῦ.

373 1821 393 1852 ι
421 1802 542 1853 Καὶ
570 1799 640 1852 τὰ
698 1798 948 1854 σανδαλιά
981 1815 1076 1852 σου
1116 1798 1382 1852 ὑπόλυσαι
1419 1799 1528 1853 ἀπὸ
1549 1799 1657 1854 τῶν
1710 1800 1887 1855 ποδῶν

299 1908 427 1945 σου.
486 1890 598 1944 Καὶ
627 1890 875 1961 ἐποίησεν
909 1888 1105 1954 οὕτως,
1162 1890 1528 1961 πορευόμενος
1558 1891 1762 1962 γυμνὸς
1795 1892 1888 1946 καὶ

305 1984 655 2047 ἁνυπόδετος.
689 1984 795 2037 Καὶ
826 1979 942 2036 εἶπε
976 1982 1201 2055 Κύριος,
1232 1983 1291 2037 ὃν
1318 1983 1520 2055 τρόπον
1556 1985 1886 2056 πεπόρευται

318 2076 551 2137 Ἦσαῑας
578 2078 605 2128 ὁ
638 2078 758 2138 παῖς
788 2093 887 2146 μου
912 2075 1121 2146 γυμνὸς
1148 2076 1241 2130 καὶ
1263 2076 1591 2140 ἀνυπόδετος
1612 2077 1737 2148 τρία
1767 2077 1884 2148 ἐτη,

306 2170 432 2238 τρία
460 2169 549 2239 ἔτη
576 2167 721 2221 ἔσται
749 2171 828 2231 εἰς
857 2171 1059 2239 σημεῖα
1085 2168 1180 2222 καὶ
1206 2169 1408 2241 τέρατα
1440 2171 1551 2233 τοῖς
1570 2170 1889 2238 Αἰγυπτίοις

300 2262 393 2313 καὶ
419 2259 681 2329 Αίθίαᾷιν.
712 2281 729 2311 ι
762 2260 837 2312 Τὸ
859 2261 918 2313 δὲ
951 2260 1307 2315 κελευσθέντα
1326 2261 1531 2330 γυμνὸν
1555 2260 1769 2331 βαδίσαι
1795 2264 1889 2316 καὶ

296 2353 370 2423 μὴ
400 2353 688 2423 μελλῆσαι,
712 2354 919 2425 πρᾶξαι
948 2354 1010 2407 δὲ
1038 2354 1195 2408 τοῦτο
1218 2354 1557 2426 παραχρῆμα
1583 2357 1669 2409 ἐπ’
1690 2356 1889 2424 ὀφθαλ-

294 2445 413 2515 μῶν
469 2444 583 2499 τῶν
632 2444 923 2515 παρόντων
967 2442 1135 2513 αὐτῷ,
1175 2444 1436 2515 μεγίστης
1492 2445 1737 2515 ὑπακοῆς
1794 2445 1889 2497 καὶ

290 2537 600 2609 προθυμίας
632 2537 736 2605 τῆς
767 2536 909 2609 πρὸς
941 2536 1033 2590 τὸν
1062 2536 1191 2590 Θεὸν
1222 2537 1417 2608 δεῖγμα
1447 2538 1674 2606 γένοιτο,
1712 2555 1890 2610 παρα-

292 2631 571 2701 στήματος
620 2647 683 2683 τε
718 2630 815 2683 καί¹
840 2631 1187 2701 φρονήματος
1216 2629 1546 2703 ἐπῃρμένου,
1583 2633 1763 2685 πᾶσαν
1791 2631 1888 2702 τὴν

292 2723 424 2791 παρ’
457 2719 770 2792 ἀνθρώποις
800 2720 960 2787 δόξαν
1010 2722 1068 2774 ὲν
1090 2722 1263 2775 οὐδενὶ
1289 2721 1591 2792 τιθεμένου.
1615 2723 1800 2776 Ταῦτα
1831 2723 1887 2775 δὲ

292 2812 605 2882 πράξαντος
636 2812 730 2865 τοῦ
758 2812 1065 2883 προφήτου,
1096 2811 1166 2864 τὰ
1192 2813 1352 2882 ὃμοια
1377 2810 1659 2865 πείσεσθαι
1691 2812 1770 2882 τῷ
1791 2810 1885 2864 τοῦ

295 2906 582 2975 προφήτου
618 2906 857 2975 σχήματι
920 2904 1048 2967 τοὺς
1101 2904 1432 2973 Αἰγυπτίους
1482 2903 1887 2976 πολεμηθέντας

301 2997 415 3049 ὑπὸ
455 2997 745 3067 Ἀσσυρίων
784 2997 949 3068 φησιν
978 2998 1007 3049 ὁ
1039 2996 1191 3060 Θεὸς,
1221 2997 1461 3067 γυμνοὺς
1496 2996 1590 3049 καὶ
1628 2994 1887 3049 ἀνυποδέ-

296 3106 433 3152 τους
452 3087 873 3159 ἀωχθήσεσθαι,
906 3089 965 3140 οὐ
993 3087 1201 3158 μόνους,
1233 3087 1368 3141 ἀλλὰ
1395 3088 1487 3141 καὶ
1510 3088 1636 3151 τοὺς
1663 3088 1884 3143 smmu-
1910 3117 1955 3178 Ο

302 3182 504 3251 ρήσειν
533 3179 626 3231 καί
678 3178 1055 3250 συμμαχήσειν
1108 3178 1289 3241 αὐτοῖς
1318 3178 1668 3242 ἐλπισθέντας
1699 3178 1880 3233 Αἰθίο-

299 3285 436 3334 πας.
470 3270 560 3339 Τῷ
608 3269 713 3342 γὰρ
762 3268 958 3339 πλήθει
987 3268 1096 3323 τῶν
1146 3269 1418 3323 Αἰθιόπων
1462 3271 1557 3324 καὶ
1585 3272 1653 3342 τῇ
1678 3270 1881 3325 τούτων

296 3366 464 3437 χειρὶ,
493 3362 705 3434 μεγάλα
735 3365 854 3415 κατ’
886 3364 1063 3417 ἐκεῖνο
1114 3362 1305 3434 καιροῦ
1360 3362 1690 3434 δυναμένων,
1747 3364 1882 3436 θαρ-

297 3458 517 3529 ροῦντες
569 3458 619 3509 οἱ
673 3456 981 3524 Αἰγύπτιοι,
1030 3455 1508 3528 καταφρονητικῶς
1540 3456 1745 3527 εἴχοντο
1774 3458 1882 3511 τῶν

310 3551 640 3622 Ἀσσυρίωνο
672 3548 789 3602 ἀλλ’
818 3549 848 3601 ὁ
890 3547 1021 3612 Θεὸς
1051 3548 1111 3602 τὸ
1144 3548 1333 3619 μέλλον
1362 3549 1649 3619 προφαίνει
1686 3549 1881 3618 λέγων,

308 3661 328 3692 ι
344 3645 441 3696 ὐν
475 3641 681 3711 τρόπον
705 3638 1039 3710 πεπόρευται
1068 3641 1097 3693 ό
1138 3641 1268 3704 παῖς
1293 3656 1393 3710 μου
1434 3639 1658 3704 Ἡσαιας
1678 3640 1883 3710 γυμνὸς

302 3733 405 3786 καὶ
436 3732 777 3796 ἀνυπόδετος,
809 3749 827 3782 ι
862 3732 957 3784 καὶ
979 3730 1050 3784 τὰ
1074 3730 1220 3802 ἑξῆς.

383 3823 728 3886 ι’Ὁτιοῦτως
758 3821 876 3887 ἄξει
922 3822 1173 3894 βασιλεὺς
1216 3822 1515 3894 Ἀσσυρίων
1557 3822 1659 3894 τὴν
1681 3825 1883 3894 αἰχμα-

297 3916 507 3971 λωσίαν
536 3915 807 3984 Αἰγύπτου
830 3915 926 3967 καὶ
956 3914 1246 3978 Αἰθιόπων,
1277 3914 1588 3979 νεανίσκους
1624 3915 1715 3968 καὶ
1747 3933 1881 3987 πρε-

299 4009 506 4073 σϐύτας
535 4010 775 4079 γυμνοὺς
805 4007 898 4060 καὶ
923 4007 1299 4070 ἀνυποδέτους,
1334 4007 1881 4078 ἁνακεκαλυμμένους

296 4101 397 4172 τὴν
415 4101 683 4171 αἰσχύνην
708 4098 1005 4167 Αἰγύπτου.
1031 4118 1049 4150 t
1079 4098 1228 4163 Δόξει
1259 4097 1327 4152 τὰ
1369 4098 1705 4168 προκείμενα
1728 4099 1882 4151 ὲναν-

296 4193 387 4247 da
415 4188 557 4246 εἶναι
586 4195 699 4254 τοίς
729 4191 931 4262 ἀρτίως
980 4190 1310 4261 εἰρημένοις,
1356 4190 1422 4242 δι’
1445 4183 1521 4243 ὧν
1551 4188 1766 4241 ἔσεσθαι
1792 4190 1883 4242 Αἰ-

298 4283 547 4352 γυπτίων
581 4282 679 4336 καὶ
734 4278 1031 4351 Ἀσσυρίων
1058 4279 1337 4351 ἐπιμιξίαν
1368 4279 1588 4351 εἴρηκεν
1620 4280 1649 4331 ὁ
1685 4278 1841 4347 λόγος
1865 4296 1878 4309 ’

295 4375 393 4427 νῦν
423 4375 481 4427 δὲ
514 4374 608 4427 τὸν
641 4372 863 4442 βασιλέα
910 4372 1021 4426 τῶν
1058 4370 1353 4443 Ἀσσυρίων
1386 4367 1762 4441 αἰχμαλώτους
1786 4370 1881 4441 λήτ-

1990 524 2046 566 et
2071 512 2199 581 Sion
2233 529 2388 568 mons
2410 517 2654 571 caalestis
2684 520 2773 573 Dei
2800 530 2907 575 est.

2581 608 2812 664 CAPUT
2852 612 2970 670 XX.

2062 697 2227 750 Vsus.
2260 699 2310 763 1,
2338 697 2395 754 2.
2434 718 2453 749 t
2499 698 2552 753 In
2592 716 2733 754 anno
2779 717 2888 770 quo
2927 704 3210 775 ingressus
3259 718 3345 762 est
3386 706 3568 763 Tann.

1992 787 2118 841 than
2150 792 2402 852 Azotum,
2437 804 2559 844 cum
2589 792 2788 848 missus
2819 805 2904 848 est
2935 797 3004 849 ab
3037 797 3183 850 Arna
3236 815 3365 869 rege
3395 802 3565 872 Assy.

1990 881 2218 944 riorum,
2247 890 2301 934 et
2331 886 2661 953 Oppugnavit
2685 886 2938 949 Azotum,
2976 898 3029 943 et
3060 890 3203 959 cepit
3242 905 3401 947 eam:
3437 902 3565 949 tunc

1989 969 2203 1025 locutus
2252 981 2335 1026 est
2385 973 2647 1028 Dominus
2693 978 2759 1029 ad
2802 977 2994 1032 Isaiam
3033 980 3247 1046 dicens,
3300 983 3471 1049 Vade,
3508 996 3565 1041 et

1989 1061 2145 1115 aufer
2204 1077 2422 1117 saccum
2449 1082 2478 1118 a
2512 1064 2711 1122 lumbis
2748 1069 2874 1123 luis.
2910 1088 2928 1121 ι
2975 1070 3160 1128 Mirari
3206 1075 3351 1130 subit
3432 1093 3560 1146 pro-

1989 1154 2259 1223 pheticum
2319 1156 2523 1217 vitam.
2576 1175 2740 1228 quam
2790 1162 3088 1230 Apostolus
3134 1165 3431 1225 declaravit
3478 1170 3564 1224 his

1990 1248 2193 1312 verbis,
2236 1266 2254 1298 ι
2281 1246 2624 1303 Circuierunt
2655 1252 2706 1305 itt
2740 1253 2955 1308 melotis
2985 1265 3039 1310 et
3084 1256 3136 1311 in
3173 1260 3410 1329 caprinis
3451 1263 3565 1331 pel-

1989 1331 2153 1400 libus,
2202 1347 2446 1407 cgentes,
2495 1340 2815 1409 angustiati,
2870 1343 3057 1399 afﬂicti
3110 1344 3151 1400 ‘.
3189 1366 3209 1400 ›
3260 1348 3386 1404 lizec
3433 1366 3562 1408 vero

1991 1422 2273 1494 Scriptura
2331 1427 2525 1483 Isaiam
2600 1446 2710 1485 uno
2765 1435 3021 1489 vestitum
3105 1452 3263 1496 sacco
3318 1441 3564 1501 inducit:

1989 1512 2259 1581 lugentem
2292 1516 2526 1583 scilicet,
2572 1528 2627 1575 et
2661 1520 3094 1603 illacrymuntem
3164 1542 3327 1599 super
3364 1532 3432 1589 iis
3468 1534 3564 1604 qui

1989 1607 2059 1662 ob
2094 1607 2404 1677 impietates
2433 1624 2561 1667 suas
2585 1598 2773 1682 procul
2803 1616 3124 1673 exciderant
3153 1634 3185 1674 a
3222 1621 3348 1677 Deo.

1917 1773 1963 1829 Β
2061 1786 2224 1843 Vens.
2255 1790 2309 1844 3.
2353 1810 2371 1843 ι
2400 1790 2466 1847 Et
2496 1792 2869 1850 calceamenta
2903 1806 2991 1853 tua
3040 1800 3191 1857 solve
3220 1803 3289 1861 de
3333 1807 3561 1873 pedibus

1991 1880 2119 1934 tuis.
2159 1880 2225 1935 Et
2254 1879 2385 1937 fecit
2427 1885 2527 1952 ita,
2569 1886 2853 1944 ambulans
2877 1891 3053 1946 nudus
3082 1902 3136 1946 et
3177 1894 3559 1954 discalceatus.

1988 1969 2057 2025 Et
2085 1973 2224 2027 dixit
2249 1974 2531 2041 Dominus,
2558 1980 3015 2047 quemadmodum
3043 1985 3343 2043 ambulavit
3369 2004 3564 2049 servus

1990 2077 2143 2117 meus
2204 2062 2370 2121 Isaias
2404 2067 2581 2122 nudus
2630 2078 2686 2123 et
2711 2070 3067 2129 discalceatus
3096 2086 3208 2133 tres
3231 2093 3427 2148 annos,
3450 2091 3565 2140 tres

1989 2156 2115 2230 anni
2144 2169 2303 2211 erunt
2330 2160 2382 2212 in
2415 2162 2569 2231 signa
2599 2173 2653 2217 et
2688 2166 2933 2236 prodigia
2963 2166 3236 2240 IEgyptiis
3269 2182 3323 2227 et
3348 2173 3564 2230 Ethio-

1988 2249 2166 2317 pibus.
2203 2269 2223 2302 ι
2280 2249 2433 2317 Quod
2486 2252 2748 2322 iubeatur
2792 2259 2969 2315 nudus
3016 2262 3271 2319 incedere
3316 2275 3372 2322 et
3421 2266 3562 2323 nihil

1989 2342 2257 2410 cunctari,
2293 2344 2453 2413 idque
2501 2347 2793 2405 confestim
2835 2366 2997 2422 agere
3044 2355 3097 2408 itt
3146 2354 3321 2411 oculis
3368 2368 3561 2415 astan-

1991 2432 2145 2499 tium,
2204 2436 2455 2492 maxima:
2511 2454 2644 2494 sane
2695 2442 3069 2513 obscquentiae
3119 2463 3247 2517 erga
3289 2448 3458 2508 Deum
3505 2462 3564 2508 et

1988 2524 2501 2596 alacritatis,parati
2536 2532 2663 2585 item
2687 2534 3047 2605 sublimisque
3076 2538 3245 2592 animi
3273 2554 3562 2611 argumen-

1990 2625 2100 2672 tum
2134 2617 2323 2684 fuerit,
2351 2621 2440 2689 qui
2474 2622 2767 2679 humanam
2808 2626 3034 2695 gloriam
3061 2643 3128 2683 ne
3158 2628 3310 2684 ﬂocci
3338 2634 3556 2700 quidem

1988 2706 2174 2763 faciat.
2206 2709 2333 2765 ilzec
2374 2724 2555 2767 autem
2608 2725 2803 2785 agente
2852 2719 3139 2788 propheta,
3172 2720 3239 2776 iis
3278 2737 3398 2791 qua:
3425 2741 3558 2794 pro-

1987 2800 2151 2869 pheta
2204 2805 2655 2873 representahat,
2699 2808 2895 2863 similia
2956 2826 3213 2880 passuros
3268 2814 3557 2889 Egyptios

1988 2890 2059 2945 ab
2088 2891 2328 2963 Assyriis
2359 2892 2655 2953 debellatus
2699 2900 2945 2968 praedicit
2978 2901 3150 2969 Deus;
3206 2906 3379 2963 nudus
3405 2908 3557 2966 vide-

1987 2981 2113 3037 licet
2137 2994 2193 3039 et
2224 2984 2583 3043 discalceatos
2626 2990 2917 3047 abductum
2953 2994 3054 3061 iri;
3092 3012 3267 3068 neque
3296 2999 3417 3056 illos
3445 3012 3558 3057 tan-

1989 3085 2123 3144 tum,
2175 3082 2266 3133 sed
2315 3082 2481 3136 etiam
2538 3084 2846 3154 Etltiopas,
2881 3101 3017 3155 quos
3069 3090 3137 3143 ad
3176 3090 3453 3147 auxilium
3499 3107 3555 3148 et

1986 3172 2361 3227 commilitium
2403 3186 2662 3231 venturos
2709 3191 2830 3232 esse
2874 3182 3223 3247 sperabatur.
3276 3181 3554 3255 Siquidem

1985 3264 2306 3335 Ethiopum
2338 3282 2404 3323 eo
2433 3277 2678 3339 tempore
2712 3272 3000 3326 admodum
3038 3275 3370 3345 potentium,
3419 3279 3529 3333 mnl

1987 3357 2201 3413 titudini
2246 3369 2300 3415 et
2336 3364 2517 3416 manui
2561 3362 2790 3419 ﬁdentes
2840 3364 3107 3436 Egyptii,
3152 3369 3407 3435 Assyrios
3459 3373 3559 3426 de.

1984 3451 2192 3519 speetui
2224 3451 2501 3506 habebant
2526 3471 2539 3507 :
2566 3464 2619 3507 at
2644 3454 2785 3510 Deus
2823 3456 3063 3511 futurum
3095 3466 3424 3527 prtenuntt’at
3465 3466 3518 3518 di

1984 3556 2136 3608 cens,
2173 3560 2192 3593 ι
2223 3542 2689 3607 Quemadmodum
2715 3547 3016 3602 ambulavit
3069 3564 3259 3607 servus
3310 3568 3465 3609 meus
3510 3556 3557 3609 l-

1984 3635 2127 3689 saias
2162 3636 2337 3691 nudus
2362 3646 2417 3691 et
2442 3636 2817 3704 discalceatus,
2839 3657 2859 3690 ι
2887 3647 2942 3694 et
2978 3652 3196 3696 caetera.

2057 3816 2220 3873 Vsus.
2261 3818 2314 3873 4.
2381 3837 2401 3872 ι
2434 3820 2700 3888 Quoniam
2752 3823 2833 3880 sic
2877 3834 3004 3894 aget
3050 3840 3145 3881 rex
3196 3825 3549 3898 Assyriorum

1985 3912 2353 3982 captivitatem
2379 3914 2605 3987 Egypti
2632 3926 2687 3972 et
2706 3917 3048 3989 Ethiopum,
3067 3919 3297 3988 juvenes
3315 3933 3371 3978 et
3397 3939 3556 3980 senes

1986 4002 2160 4057 nudos
2207 4014 2264 4059 et
2292 4006 2673 4073 discalceatos,
2718 4010 3091 4079 discoopertos
3134 4015 3340 4083 pudore
3386 4015 3553 4087 Egy-

1984 4095 2085 4163 pti.
2113 4114 2133 4147 ι
2170 4096 2296 4153 [hee
2351 4111 2500 4155 certe
2552 4101 2642 4169 iis,
2676 4117 2796 4171 quae
2836 4106 2998 4171 paulo
3039 4115 3165 4161 ante
3211 4108 3350 4163 dicta
3399 4122 3549 4176 sunt,

1984 4190 2261 4244 contraria
2290 4192 2599 4260 videantur,
2645 4192 2802 4263 queis
2854 4196 2999 4251 inter
3034 4197 3318 4269 Egyptios
3353 4210 3408 4254 et
3453 4202 3555 4254 As-

1988 4279 2169 4349 syrios
2200 4281 2637 4348 coniunctionem
2664 4293 2719 4338 et
2742 4289 3132 4343 commercium
3182 4288 3295 4344 fore
3339 4290 3556 4352 diceba-

1993 4380 2118 4424 tur:
2149 4388 2293 4427 nuuc
2320 4382 2501 4428 autem
2542 4375 2621 4429 ait
2651 4390 2830 4446 regem
2865 4378 3215 4450 Assyriorum
3240 4380 3468 4448 juvenes
3500 4392 3557 4435 et

294 4467 497 4537 ψεσθαί
525 4480 663 4537 φησι
686 4464 794 4517 τῶν
814 4462 1123 4533 Αἰγυπτίων
1148 4463 1274 4525 τοὺς
1301 4461 1614 4524 νεανίσκους
1642 4462 1735 4515 καὶ
1759 4463 1885 4526 τοὺς

1989 4479 2148 4519 senes
2178 4464 2559 4537 Egyptiorum
2609 4471 2781 4526 nudos
2819 4481 2873 4526 et
2908 4471 3264 4527 discalceatos
3307 4469 3554 4538 captivos

297 4556 616 4629 πρεσϐύτας
650 4556 889 4625 γυμνοὺς
924 4554 1017 4607 καὶ
1044 4554 1419 4618 ἀνυποδέτους.
1464 4552 1728 4625 Εὑρεθείη
1748 4553 1791 4607 δ’
1819 4552 1885 4605 ἂν

296 4649 456 4712 λύσις
506 4648 608 4719 τῆς
633 4646 887 4717 ἀπορίας,
921 4646 969 4698 εἰ
1019 4647 1408 4717 ἐπιστήσαιμεν
1453 4646 1529 4716 τῷ
1561 4646 1746 4717 τρόπῳ
1790 4645 1884 4699 τοῦ

299 4738 643 4812 προφητικοῦ
678 4739 1003 4808 πνεύματος.
1047 4739 1135 4802 Ὠς
1168 4738 1277 4810 γὰρ
1319 4740 1386 4809 τῇ
1429 4738 1688 4809 Αἰγύπτῳ
1713 4755 1883 4811 προσ-

298 4837 452 4907 ἔσχε,
482 4838 689 4891 συνεῖδε
746 4838 843 4907 μὲν
869 4837 963 4889 καὶ
990 4834 1057 4888 τὰ
1093 4834 1407 4904 παραυτίκα
1434 4835 1545 4896 τοῖς
1570 4833 1884 4903 Αἰγυπτίοις

302 4929 571 5000 μέλλοντα
583 4928 797 4983 ἔσεσθαι
829 4930 970 4983 κατὰ
1000 4927 1200 4999 τὸνξτοῦ
1230 4929 1509 4999 προφήτου
1532 4926 1741 4999 χρόνον,
1772 4928 1880 4980 ἀπ-

301 5022 500 5077 έϐλεπε
566 5021 622 5075 δὲ
657 5022 749 5075 καὶ
776 5024 870 5075 ἐπὶ
892 5021 962 5074 τὰ
996 5023 1223 5093 μακροῖς
1260 5019 1484 5091 ὕστερον
1509 5019 1718 5091 χρόνοις
1750 5021 1885 5073 ἀπο-

298 5112 580 5185 ὕησόμενα
627 5114 843 5185 χρηστὰ
873 5112 1001 5185 περὶ
1030 5113 1128 5184 τὴν
1176 5111 1284 5164 τῶν
1314 5112 1627 5180 Αἰγυπτίων
1680 5110 1879 5183 χώραν.

300 5202 437 5261 Εἶτα
490 5207 683 5279 πρῶτα
734 5207 945 5278 χρηστὰ
994 5206 1256 5269 θεσπίσας
1280 5204 1369 5257 διὰ
1410 5204 1520 5257 τῶν
1553 5204 1879 5278 ἔμπροσθεν,

297 5300 391 5355 ἐπὶ
422 5300 489 5353 τὰ
517 5300 856 5373 παραχρῆμα
883 5300 1221 5370 γενησόμενα
1264 5296 1598 5368 μεταϐαίνει.
1652 5298 1884 5369 Λυπηρὰ

296 5392 351 5445 δὲ
382 5396 497 5457 τοῖς
526 5392 843 5462 Αἰγυπτίοις
867 5390 1040 5445 ταῦτα
1066 5385 1135 5460 ἦν
1153 5405 1167 5419 ο
1195 5388 1231 5443 ἃ
1258 5389 1354 5442 καὶ
1397 5390 1498 5443 οὐκ
1535 5392 1614 5455 εἰς
1660 5390 1877 5462 μακρὰν

297 5485 600 5557 ἐπληροῦτο
632 5486 754 5538 κατ’
781 5484 979 5545 αὐτοὺς
1006 5481 1266 5548 ἐκείνους,
1301 5482 1423 5535 καθ’
1445 5482 1538 5547 οὓς
1589 5485 1618 5536 ὀ
1668 5486 1879 5556 προφήο

294 5594 392 5650 της
444 5578 777 5651 ἐγνωρίζετο
827 5576 1069 5649 χρόνους.
1132 5574 1467 5643 ’Δναγκαίως
1513 5573 1570 5628 δὲ
1619 5574 1679 5629 τὸ
1737 5575 1881 5630 θεῖον

295 5786 315 5819 ⁸
348 5785 541 5843 Matth.
563 5785 708 5857 vui.
786 5783 815 5833 ⁸.
839 5781 1003 5839 Hebr.
1034 5797 1111 5847 ιι,
1143 5779 1236 5836 37.

1988 4555 2344 4612 abducturum
2367 4574 2509 4615 esse.
2538 4559 2702 4627 Cujus
2727 4572 2906 4619 tamen
2954 4562 3286 4618 difﬁcultatis
3326 4561 3553 4617 solutio-

1986 4664 2109 4704 nem
2145 4651 2496 4719 reperiemus,
2530 4654 2575 4706 si
2614 4670 2820 4712 merem
2870 4657 3216 4711 attendamus
3251 4656 3553 4725 prophetici

1986 4742 2240 4811 spiritus.
2274 4741 2344 4797 Ut
2369 4745 2511 4799 enim
2550 4745 2786 4819 Egypto
2828 4749 3067 4803 animum
3113 4746 3431 4812 adhibebat,
3474 4748 3557 4800 vi—

1986 4835 2150 4889 debat
2202 4834 2420 4904 quidem
2455 4850 2517 4890 ea
2549 4852 2670 4905 qua:
2718 4853 2845 4893 mox
2892 4835 3167 4909 Egyptiis
3196 4837 3247 4890 in
3276 4836 3393 4907 ipso
3421 4851 3551 4906 pru-

1989 4927 2165 4995 pheta:
2198 4938 2462 4996 tempore,
2489 4940 2754 4984 eventura
2785 4938 2977 4996 erant;
3011 4931 3247 4998 itemque
3268 4928 3558 4999 prospicie»

1989 5018 2084 5071 bat
2110 5018 2250 5073 bona
2286 5015 2377 5072 illa
2424 5033 2542 5086 qua:
2590 5021 2849 5075 diuturno
2878 5031 3003 5089 post
3034 5030 3277 5089 tempore
3306 5020 3359 5072 in
3388 5017 3551 5091 (Egy-

1989 5110 2221 5179 ptiorum
2254 5114 2475 5185 regione
2503 5113 2680 5167 futura
2707 5123 2885 5167 erant.
2920 5112 3057 5168 Hinc
3084 5127 3206 5167 cum
3234 5112 3387 5180 prius
3414 5110 3555 5169 bona

1993 5201 2314 5260 vaticinatus
2341 5216 2507 5269 esset,
2543 5206 2611 5258 ad
2651 5218 2714 5258 ea
2754 5218 2877 5273 qua
2922 5216 3046 5258 mox
3093 5210 3358 5265 eventura
3397 5215 3560 5258 erant

1989 5295 2305 5362 pertransit.
2348 5294 2474 5351 llaec
2512 5309 2675 5365 porro
2719 5293 2994 5366 Egyptiis
3040 5294 3240 5362 tristia,
3287 5311 3408 5366 quae
3458 5311 3559 5352 nec

1983 5385 2073 5441 diu
2099 5396 2289 5457 postea
2318 5387 2537 5457 impleta
2566 5395 2714 5451 sunt,
2747 5388 2937 5443 iisdem
2970 5387 3106 5457 ipsis
3138 5403 3247 5459 quo
3290 5388 3555 5459 propheta

1985 5480 2310 5550 conspicuus
2350 5490 2617 5536 etnotus
2655 5490 2779 5535 erat
2819 5482 3173 5551 temporibus.
3231 5477 3556 5539 Necessario

1985 5581 2163 5628 autem
2192 5572 2426 5644 Spiritus
2454 5573 2667 5629 divinus
2699 5572 2766 5628 de
2804 5571 3019 5630 Domini
3049 5573 3102 5630 in
3134 5570 3430 5645 Egyptutn
3457 5570 3556 5626 atl-
