4072 6194
463 290 579 354 25!)
601 303 607 314 '

1173 291 1447 348 EUSEBll
1483 290 1962 350 Cri-:SARiENSIS
1997 289 2146 350 OPP.
2190 291 2370 349 PARS
2407 295 2497 349 111.
2541 326 2608 336 -—
2650 293 3059 351 EXEGETICA.

3623 294 3742 349 240‘

467 425 652 479 ventu,
687 423 742 469 et
775 414 840 468 de
866 413 1024 468 bonis
1055 411 1255 467 ibidem
1288 413 1340 467 in
1377 411 1668 484 {Egyptios
1693 412 2041 468 eonlerendis

2147 412 2372 483 Πνεῦμα
2396 412 2495 483 τῆς
2529 413 2656 474 περὶ
2682 410 2774 464 τοῦ
2807 412 3014 483 Κυρίου
3047 411 3125 473 είς
3171 409 3445 478 Αἴγυπτον
3473 407 3727 478 ἀφίξεως,

465 509 819 571 vaticinatus,
847 523 910 561 ea
942 521 1062 575 qua:
1100 522 1222 562 mox
1253 506 1410 560 liuent
1454 515 1681 560 nactura
1714 516 1872 561 erant
1913 506 2044 561 sub-

471 601 626 665 didit,
682 608 742 654 ut
787 615 816 651 a
871 599 1218 666 praesentium
1250 607 1447 652 eventu
1489 613 1573 660 ea,
1616 613 1737 668 qua:
1788 597 2044 652 diuturno

470 706 590 764 pust
619 686 866 764 tempore
891 693 1070 746 futura
1111 701 1292 757 erant,
1321 691 1603 746 credibilia
1629 699 1815 745 essent
1849 691 1918 746 iis
1950 691 2043 757 qui

470 797 599 838 tunc
625 783 1061 854 propheticorum
1089 797 1396 836 sermonum
1414 783 1690 835 auditores
1711 789 1888 836 erant.
1920 779 2046 836 llaec

468 889 599 945 ergo
624 873 876 945 quatiam
910 883 1228 936 tractamus,
1259 888 1364 927 non
1412 883 1572 927 erant
1621 881 1746 926 ante
1792 887 2045 942 praenun-

470 969 620 1022 tiatis
640 965 950 1021 contraria:
980 964 1068 1020 illa
1101 966 1302 1034 quippe
1331 979 1430 1034 pro
1456 965 1792 1035 temporibus
1825 965 1882 1018 in
1917 981 2044 1036 pro-

441 1061 649 1131 ephetia
680 1061 915 1124 notatis;
959 1059 1075 1113 luec
1121 1073 1251 1112 vero
1285 1073 1384 1128 pro
1422 1057 1584 1114 rebus
1620 1072 1742 1112 mox
1791 1058 2044 1130 gerendis

443 1152 810 1208 -enunuabaL

538 1334 706 1390 Vens.
738 1332 794 1387 5.
841 1352 858 1383 ι
886 1331 949 1386 Et
981 1331 1387 1386 confundentur
1415 1332 1654 1402 superati
1689 1330 1930 1402 Egyptii
1974 1329 2044 1383 ab

468 1427 837 1498 AithiOpibus,
878 1427 931 1480 in
959 1426 1154 1495 quibus
1183 1426 1531 1481 conﬁdebant
1571 1426 1849 1498 IEgyplii:
1885 1431 2042 1479 erant

466 1521 610 1575 enim
651 1518 784 1590 ipsis
811 1517 1003 1588 gloria.
1028 1535 1049 1570 ι
1097 1517 1498 1573 Erubescentes
1539 1517 1754 1572 scilicet
1796 1517 1863 1571 de
1892 1517 1957 1572 iis
1987 1517 2040 1570 in

463 1613 664 1681 quibus
686 1611 1067 1675 conﬁdebant;
1111 1611 1184 1664 ita
1220 1621 1281 1665 ut
1313 1626 1436 1666 sese
1475 1611 1575 1681 ipsi
1622 1611 1948 1666 damnarent
1985 1619 2043 1666 et

467 1712 776 1772 arguerent.

538 1796 701 1852 Vens.
736 1794 786 1849 6.
829 1812 848 1844 ι
871 1794 938 1847 Et
961 1793 1144 1848 dicent
1169 1794 1258 1862 qui
1294 1793 1539 1848 habitant
1591 1793 1646 1847 in
1693 1793 1869 1849 insula
1914 1793 2040 1859 hac,
2073 1780 2118 1837 Β

466 1888 604 1942 Ecce
655 1901 754 1941 nos
801 1884 1232 1948 conlidebamus,
1298 1895 1350 1937 ut
1403 1885 1468 1938 ad
1520 1898 1711 1938 eorum
1771 1883 2039 1938 auxilium

434 1979 904 2049 'coul‘ugereatus,
966 1978 1056 2048 qui
1100 1994 1205 2032 non
1260 1986 1554 2047 potuerunt
1595 1975 1801 2031 servari
1855 1991 1887 2031 a
1916 1989 2044 2048 rege

463 2073 834 2142 Assyriorum,
864 2082 919 2124 et
940 2069 1210 2138 quomodo
1235 2083 1332 2122 nos
1366 2067 1744 2122 servabimur?
1770 2086 1787 2119 ι

1050 2159 1276 2215 CAPUT
1317 2160 1459 2213 XXI.

505 2253 779 2316 'VEnsJ,
810 2254 865 2306 Ξ.
922 2270 940 2302 ‹
975 2252 1122 2306 Visio
1173 2251 1393 2306 deserti.
1443 2250 1598 2304 Sicut
1651 2248 1888 2318 procella
1945 2263 2041 2320 per

464 2329 739 2403 desertum
781 2345 1001 2406 transit,
1037 2357 1103 2397 ex
1129 2342 1345 2395 deserto
1385 2340 1610 2395 veniens
1639 2355 1666 2392 a
1698 2350 1841 2393 terra
1877 2357 1892 2392 :
1929 2348 2042 2394 ter-

464 2439 640 2496 ribilis
664 2438 801 2492 visio
837 2446 891 2491 et
931 2435 1087 2498 dura,
1122 2434 1431 2487 renuntiata
1468 2442 1552 2486 est
1585 2431 1738 2485 mihi.
1781 2432 2040 2487 Contem-

463 2541 589 2602 p‘tor
617 2528 935 2590 contemnit,
969 2535 1024 2582 et
1063 2526 1279 2594 iniquus
1311 2525 1494 2594 inique
1521 2524 1651 2592 agit.
1692 2523 1772 2578 Ad
1799 2538 1886 2578 me
1913 2523 2036 2578 Ela-

463 2624 632 2689 mitat,
662 2632 719 2677 et
753 2621 912 2690 legati
956 2619 1246 2674 Persarum
1293 2617 1356 2670 ad
1405 2631 1495 2670 me
1533 2616 1774 2671 veniunt.
1805 2635 1824 2668 ι
1856 2615 2039 2672 Persa:

466 2719 650 2787 itaque
674 2729 780 2769 non
818 2714 906 2767 diu
935 2721 1119 2781 postea
1155 2709 1429 2765 Medorum
1457 2709 1741 2780 imperium
1775 2709 2040 2779 excipien-

465 2821 569 2874 tes,
607 2806 896 2879 Babylonis
938 2803 1200 2873 reliquias
1229 2811 1560 2857 everterunt.
1586 2800 1716 2856 Jure
1763 2801 1930 2872 igitur
1968 2817 2042 2856 ze-

465 2900 629 2954 stimo
659 2898 776 2952 hmc
813 2896 1026 2950 hostilia
1057 2894 1196 2948 facta
1231 2893 1296 2948 de
1323 2893 1598 2965 Babylone
1624 2893 1749 2948 dici.
1775 2894 1914 2961 Quid
1935 2894 2040 2950 sibi

464 2990 582 3043 vult
615 2997 795 3041 autem
827 3001 948 3040 eum
974 2986 1073 3048 ait,
1111 3005 1128 3036 ‹
1157 2984 1307 3038 Visio
1332 2984 1574 3038 deserti?
1605 3004 1623 3036 ι
1678 2984 1798 3039 Jam
1843 2984 2040 3040 exhinc

449 3076 796 3144 Babylonem
823 3083 979 3128 vocat
1010 3075 1309 3138 desertum,
1359 3082 1582 3142 propter
1611 3087 1674 3127 ea
1701 3087 1820 3141 quae
1851 3074 1918 3127 de
1949 3089 2041 3127 va-

463 3168 651 3222 stitate
699 3165 816 3233 ejus
854 3165 907 3218 in
952 3162 1236 3233 prophetia
1287 3161 1554 3217 feruntur.
1604 3163 1786 3229 Qua-re
1821 3180 1883 3217 ex
1918 3180 2034 3234 per-

464 3273 598 3314 sona
644 3257 812 3327 ipsius
855 3254 1150 3324 Babylonis
1200 3253 1313 3306 hmc
1357 3252 1500 3307 dicta
1551 3253 1719 3308 fuisse
1776 3255 2036 3320 arbitror,

465 3351 620 3421 quasi
661 3348 821 3412 mala,
856 3362 976 3417 qua:
999 3355 1258 3400 eventura
1288 3345 1389 3400 sibi
1420 3354 1576 3400 erant
1615 3345 1836 3402 auribus
1876 3363 2036 3402 acce-

467 3445 655 3514 pisset,
683 3457 747 3496 ac
777 3448 1117 3511 precaretur,
1151 3448 1208 3491 ut
1233 3437 1426 3491 horum
1466 3436 1685 3490 auditus
1735 3438 2038 3505 pertransi-

468 3546 572 3602 ret,
612 3545 777 3605 utque
810 3550 894 3597 ea,
937 3546 1056 3602 quae
1087 3531 1542 3599 exspectabantur
1573 3547 1676 3584 non
1707 3532 2035 3586 acciderent.

540 3629 704 3683 Vens.
729 3627 782 3681 5.
820 3644 838 3676 ‹
874 3625 1027 3679 Nunc
1058 3623 1250 3691 lugebo
1291 3631 1346 3675 et
1375 3622 1702 3676 consolabor
1752 3637 1856 3675 me.
1898 3621 2037 3675 Pro-

467 3732 653 3792 pterea
670 3718 922 3788 impletus
946 3725 1028 3771 est
1060 3715 1273 3769 lumbus
1307 3727 1458 3768 meus
1479 3713 1768 3777 solutione,
1804 3721 1859 3767 et
1884 3713 2038 3768 dolo-

467 3831 556 3870 res
590 3814 905 3867 invaserunt
931 3823 1017 3862 me
1039 3818 1292 3876 tanquam
1321 3806 1735 3875 parturientem.
1767 3824 1784 3856 ι
1809 3805 2032 3870 Verum,

468 3914 530 3958 ut
553 3918 653 3972 par
682 3911 782 3964 est,
813 3915 955 3952 mute
996 3896 1208 3968 lugebo,
1251 3898 1394 3966 quod
1431 3911 1534 3950 non
1569 3905 1732 3950 antea
1777 3895 2032 3962 feceram,

469 3993 594 4064 quia
621 3992 851 4062 superba
879 4005 1052 4054 eram,
1080 3998 1136 4043 et
1170 3989 1432 4042 adversus
1471 3987 1710 4054 reliquas
1733 3997 1921 4056 gentes
1951 4001 2036 4042 me

471 4082 797 4139 extollebant
826 4119 842 4143 ,
883 4080 953 4133 ita
998 4089 1059 4134 ut
1104 4079 1226 4134 aliis
1258 4093 1430 4134 essem
1464 4077 1640 4131 luctus
1671 4092 1856 4132 causa.
1883 4075 2037 4132 Nunc

469 4191 600 4232 vero
626 4189 725 4244 ego
743 4175 861 4243 ipsa
888 4171 1150 4242 Babylon,
1189 4187 1312 4226 cum
1360 4171 1558 4241 popqu
1589 4185 1708 4225 meo
1736 4169 1952 4240 lugebo,
1984 4181 2040 4226 et

465 4271 614 4327 luctu
671 4282 756 4324 me
797 4265 1156 4328 consolabor;
1191 4267 1316 4336 quia
1359 4281 1444 4319 me
1493 4279 1675 4320 rerum
1728 4264 2036 4332 hujusmudi

466 4361 714 4418 nuntium
743 4356 998 4430 perculit:
1045 4357 1200 4426 cujus
1229 4371 1392 4411 causa
1429 4356 1670 4427 repletus
1707 4366 1792 4410 est
1825 4356 2038 4410 lumbus

2146 507 2240 559 καὶ
2272 505 2402 576 περὶ
2441 505 2550 557 τῶν
2587 505 2674 557 ἐπ’
2705 505 2840 575 αὐτῇ
2872 501 3251 573 γενησομένων
3273 503 3386 564 τοῖς
3417 501 3732 568 Αἰγυπτίοις

2145 598 2364 668 ἀγαθῶν
2397 597 2682 662 θεσπίσαν,
2720 597 2788 650 τά
2844 595 3186 669 παραχρῆμα
3242 593 3501 666 μέλλοντα
3544 593 3735 659 τέλους

2144 691 2432 761 τυγχάνειν
2469 689 2704 760 συνῆψεν
2729 706 2742 719 ·
2789 689 2877 742 ἵνα
2909 688 3016 742 ἀπὸ
3048 687 3147 758 τῆς
3184 687 3293 740 τῶν
3318 686 3605 760 παρόντων
3644 687 3738 739 ἐκ·

2145 785 2356 848 ϐάσεως
2384 785 2476 836 καὶ
2505 783 2575 836 τά
2611 785 2841 854 μακροῖς
2874 780 3098 852 ὓστερον
3129 779 3341 851 χρόνοις
3376 779 3638 851 μέλλοντα
3660 777 3739 848 γίρ

2143 875 2330 928 νεσθαι
2367 872 2679 943 πιστευθείη
2713 874 2824 935 τοῖς
2859 871 2980 923 τότε
3007 868 3310 941 τηνικαῦτα
3334 869 3442 922 τῶν
3466 885 3735 940 προφητι-

2143 968 2255 1020 κῶν
2279 967 2452 1036 λόγων
2485 964 2833 1018 ἐπακούουσι.
2871 964 2987 1017 Οὐκ
3027 958 3095 1034 ἦν
3122 958 3214 1016 οὖν
3240 961 3455 1015 ἐναντία
3496 961 3566 1015 τὰ
3598 978 3736 1032 προ-

2144 1059 2372 1131 κείμενα
2392 1058 2502 1112 τῶν
2520 1057 2609 1111 διὰ
2635 1057 2743 1110 τῶν
2766 1054 3073 1128 ἔμπροσθεν
3096 1054 3585 1126 προφητευομένων
3609 1070 3624 1084 ο
3661 1053 3738 1108 τά

2148 1153 2246 1224 μὲν
2292 1151 2401 1223 γὰρ
2432 1153 2512 1214 εἰς
2540 1153 2666 1214 τοὺς
2714 1148 3226 1220 προφητευομένους
3278 1147 3538 1218 χρόνους·
3574 1146 3641 1200 τὰ
3674 1147 3733 1200 δὲ

2144 1245 2398 1318 περὶτῶν
2428 1244 2652 1314 ἔγγιστα
2681 1244 3061 1315 γενησομένων
3093 1240 3359 1310 ἀνεφώνει

2221 1356 2239 1389 ι
2267 1337 2378 1391 Καὶ
2425 1335 2942 1408 ἀναισχυνθήσονται
2981 1334 3304 1406 ἡττηθέντες
3347 1335 3397 1386 οἱ
3444 1333 3735 1403 Αίγύπτιοι

2143 1433 2235 1485 ἐπὶ
2266 1433 2378 1495 τοῖς
2407 1429 2673 1499 Αἰθίοψιν,
2703 1430 2788 1498 ἐφ’
2827 1424 2908 1492 οἷς
2951 1423 3090 1500 ἦσαν
3125 1427 3442 1491 πεποιθότες
3483 1429 3531 1480 οἱ
3566 1426 3735 1495 Αίγύ-

2143 1540 2288 1576 πτιοι
2307 1539 2322 1553 ·
2364 1517 2502 1594 ἦσαν
2531 1521 2640 1593 γὰρ
2670 1520 2853 1584 αὐτοῖς
2883 1519 3008 1586 δόξα
3031 1536 3044 1550 ο
3070 1539 3088 1572 ι
3145 1518 3504 1591 ἐρυθριῶντες
3539 1519 3622 1586 ἐφ’
3648 1514 3735 1581 οἷς

2142 1615 2405 1686 ἐθάρσουν
2436 1613 2529 1666 καὶ
2571 1609 2984 1666 ἐπεποίθεισαν·
3037 1610 3114 1674 ὡς
3159 1608 3588 1678 καταγινώσκειν
3629 1610 3728 1662 καὶ

2146 1703 2460 1777 μέμφεσθαι
2491 1703 2686 1767 αὐτοὺς
2713 1701 2957 1766 ἑαυτούς.

2225 1815 2243 1846 ‹
2271 1797 2380 1850 Καὶ
2404 1795 2619 1868 ἐροῦσιν
2649 1797 2698 1849 οἱ
2747 1792 3128 1856 κατοικοῦντες
3167 1795 3224 1846 ὲν
3243 1794 3310 1864 τῇ
3338 1793 3487 1864 νήσῳ
3511 1792 3684 1866 ταύτῃ
3707 1809 3723 1822 ⁶

2165 1889 2298 1943 Ἰδοὺ
2328 1891 2491 1960 ἡμεῖς
2523 1883 2666 1960 ἦμεν
2698 1887 3016 1950 πεποιθότες
3061 1885 3156 1939 τοῦ
3187 1888 3378 1956 φυγεῖν
3419 1887 3500 1948 είς
3531 1886 3731 1950 αὐτοὺς

2144 1984 2224 2045 είς
2253 1981 2526 2054 βοήθειαν,
2553 1982 2604 2035 οἳ
2633 1983 2734 2035 οὐκ
2757 1981 3016 2052 ἠδύναντο
3050 1979 3284 2050 σωθῆναι
3327 1979 3435 2032 ἀπὸ
3463 1978 3730 2050 βασιλέως

2156 2075 2452 2147 Ἀσσυρίων
2475 2092 2489 2106 ο
2516 2075 2610 2130 καὶ
2645 2075 2760 2139 πῶς
2784 2077 2945 2145 ἡμεῖς
2978 2072 3339 2144 σωθησόμεθα
3364 2089 3378 2136 ;
3405 2092 3422 2124 ι

2655 2165 3049 2221 ΚΕΦΑΛΑΙΟΝ
3079 2167 3209 2219 KA'.

2221 2276 2241 2308 ‹
2265 2257 2336 2310 Τὸ
2390 2259 2572 2330 ὅραμα
2598 2258 2696 2330 τῆς
2739 2259 2965 2329 ἐρήμου.
3016 2256 3103 2320 Ὠς
3128 2255 3380 2323 καταιγὶς
3422 2253 3489 2308 δι’
3517 2253 3728 2326 ἐρήμου

2141 2340 2357 2414 διέλθοι,
2390 2347 2448 2413 ἐξ
2477 2349 2682 2421 ἐρήμου
2713 2347 2978 2420 ἐρχομένη
3009 2349 3073 2401 ἐκ
3097 2348 3200 2418 γῆς
3220 2361 3235 2377 ⁸
3269 2346 3496 2418 φοϐερὸν
3517 2345 3578 2398 τὸ
3594 2346 3730 2416 ὅρα-

2144 2460 2242 2514 μα,
2277 2443 2372 2496 καὶ
2400 2442 2633 2514 σκληρὸν
2666 2440 2938 2512 ἀνηγγέλη
2973 2458 3084 2514 μοι.
3127 2442 3185 2493 '0
3217 2438 3423 2494 ἀθετῶν
3472 2436 3673 2504 ἀθετεῖ,
3697 2439 3731 2491 6

2141 2531 2360 2604 ὰνομῶν
2389 2533 2603 2602 άνομεϊ.
2666 2531 2783 2584 Ἐπ’
2815 2531 2936 2601 ἐμοὶ
2993 2529 3044 2582 οἱ
3080 2529 3360 2600 Ἐλαμῖται
3388 2527 3482 2581 καὶ⁵
3509 2527 3559 2580 οἱ
3593 2526 3730 2598 πρέ-

2142 2625 2293 2688 σϐεις
2321 2623 2429 2678 τῶν
2462 2620 2688 2696 Περσῶν
2729 2621 2814 2674 ἐπ’
2848 2621 2946 2692 ἐμὲ
2981 2621 3248 2692 ἔρχονται.
3279 2640 3297 2671 ι
3336 2619 3545 2692 Πέρσαι
3572 2618 3726 2688 γοῦν,

2139 2717 2359 2789 Μήδους
2378 2717 2478 2770 οὐκ
2510 2717 2588 2780 είς
2618 2714 2834 2786 μακρὰν
2873 2713 3264 2785 διαδεξάμενοι,
3287 2713 3356 2766 τά
3377 2713 3603 2782 λείψανα
3628 2713 3729 2784 τῆς

2140 2809 2460 2872 Βαϐυλῶνος
2494 2807 2764 2862 καθεῖλον.
2791 2805 3028 2869 Εἰκότως
3055 2801 3147 2859 οὖν
3169 2805 3297 2878 περὶ
3321 2804 3637 2868 Βαϐυλῶνος
3655 2805 3724 2858 τὰ

2140 2903 2414 2975 πολεμικά
2443 2900 2693 2973 εἰρῆσθαι
2726 2898 2986 2971 ἡγοῦμαι.
3015 2899 3080 2951 Τί
3113 2898 3171 2951 δὲ
3229 2897 3474 2969 βούλεται
3515 2897 3544 2948 ό
3567 2895 3727 2964 λόγος

2141 2996 2392 3066 φάσκων,
2429 2994 2543 3048 «Τὸ
2588 2995 2770 3064 ὅραμα
2821 2991 2923 3060 τῆς
2973 2992 3266 3063 ἐρήμου;ι
3319 2987 3596 3043 Ἐντεῦθεν
3621 2987 3722 3059 ἤδη

2142 3087 2437 3140 Βαϐυλῶνα
2478 3085 2683 3157 ἔρημον
2715 3082 2968 3154 ὀνομάζει
2997 3083 3086 3136 διά
3116 3084 3184 3136 τά
3212 3081 3568 3136 θεσπισθέντα
3595 3079 3722 3152 περὶ
3779 3136 3784 3141 _

2140 3180 2243 3250 τῆς
2275 3179 2509 3252 ἐρημίας
2536 3178 2725 3248 αὐτῆς.
2759 3176 2848 3229 Διὸ
2874 3177 2937 3229 ἐκ
2973 3174 3265 3246 προσώπου
3290 3175 3390 3245 τῆς
3412 3172 3722 3234 Βαϐυλῶνος

2141 3270 2311 3340 αὐτῆς
2338 3267 2489 3341 οἶμαι
2515 3267 2689 3322 ταῦτα
2714 3267 2984 3337 λέγεσθαι,
3015 3268 3092 3331 ὡς
3115 3268 3195 3330 εἰς
3215 3267 3383 3337 ἀκοὴν
3422 3264 3728 3335 παραδεξα-

2145 3363 2311 3434 μένης
2331 3364 2398 3416 τὰ
2429 3361 2689 3433 μέλλοντα
2715 3361 2850 3430 αῦτῇ
2881 3359 3090 3412 ἐπιέναι
3122 3357 3287 3422 κακά,
3323 3356 3622 3427 εὐχομένης
3661 3372 3726 3408 τε

2140 3451 2428 3524 παρελθεῖν
2451 3451 2548 3523 τὴν
2581 3451 2768 3520 ἀκοὴν,
2803 3451 2897 3501 καὶ
2933 3448 3006 3520 μὴ
3037 3448 3286 3518 γενέσθαι
3311 3447 3380 3500 τά
3410 3444 3738 3519 προσδοκὼ-’

2143 3565 2302 3618 μενα.

2216 3661 2233 3694 ι
2253 3640 2368 3695 Νῦν
2397 3639 2636 3704 στενάξω
2667 3639 2760 3692 καὶ
2793 3635 3160 3709 παρακαλέσω
3182 3633 3434 3704 ἐμαυτόν,
3468 3632 3567 3686 Διά
3599 3631 3727 3685 τοῦ-

2139 3749 2199 3784 το
2227 3728 2531 3801 ἐνεπλήσθη
2562 3730 2596 3800 ἡ
2619 3727 2790 3798 ὀσφύς
2823 3743 2922 3798 μου
2949 3723 3075 3779 ἐκλύ
3085 3741 3238 3788 σεως,
3263 3723 3356 3777 καὶ
3388 3723 3574 3786 ὠδῖνες
3597 3722 3726 3778 έλα-

2140 3824 2232 3879 ϐόν
2267 3841 2334 3894 με
2364 3823 2438 3886 ὼς
2488 3822 2794 3875 τίκτουσαν.
2822 3840 2838 3872 ι
2883 3819 3020 3872 Ἀλλ’
3045 3817 3120 3882 ὡς
3153 3817 3296 3871 ἔοικε
3336 3816 3431 3872 νῦν
3465 3816 3722 3882 στενὲξω,

2137 3916 2273 3985 ὅπερ
2310 3913 2572 3984 πρότερον
2607 3910 2707 3964 οὐκ
2733 3910 3022 3983 ἔπραττον,
3062 3907 3408 3978 ὑπερήφανος
3438 3903 3592 3969 οὖσα,
3628 3908 3725 3960 καὶ

2137 4006 2246 4059 τῶν
2272 4001 2472 4056 λοιπῶν
2525 4001 2692 4055 ἐθνῶν
2735 3998 3175 4068 κατεπαιρομένη
3202 4014 3215 4026 ·
3269 3997 3344 4060 ὡς
3380 3997 3586 4068 ἑτέροις
3625 3999 3726 4068 ἐμ-

2140 4099 2314 4150 ποιεῖν
2339 4076 2690 4164 στεναγμούς.
2733 4091 2847 4143 Νῦν
2879 4089 2934 4142 δὲ
2969 4088 3107 4158 αὐτὴ
3137 4086 3245 4156 ἐγὼ
3274 4086 3551 4151 Βαϐυλὼν,
3578 4087 3673 4140 καὶ
3694 4088 3725 4140 6

2141 4191 2198 4242 ὲν
2231 4188 2354 4258 ἐμοὶ
2372 4185 2522 4249 λαὸς,
2557 4181 2818 4247 στενάξω,
2848 4181 2943 4237 καὶ
2972 4179 3332 4253 παρακαλέσω
3361 4179 3602 4251 ἐμαυτὴν
3633 4179 3748 4232 διὰ·

2138 4279 2232 4333 τοῦ
2260 4276 2568 4349 στεναγμοῦ
2589 4293 2604 4308 ο
2630 4275 2816 4343 ἐπειδὴ
2835 4272 3117 4344 καθήψατό
3171 4289 3270 4349 μου
3291 4273 3325 4342 ὴ
3355 4271 3484 4344 περὶ
3509 4270 3615 4323 τῶν
3642 4270 3727 4323 λε⁴

2139 4369 2376 4441 χθέντων
2393 4343 2891 4436 ἀγγελία,ἦςένεκα
2919 4343 3159 4433 ἐπλήσθη
3183 4343 3223 4432 ’ἡ
3248 4360 3417 4432 ὀσφύς
3432 4343 3542 4433 μου
3566 4361 3728 4414 ἐκλύ-

463 4469 620 4510 tuens
656 4451 944 4512 solutione,
986 4450 1075 4519 qui
1127 4449 1256 4504 olim
1313 4449 1639 4520 praecinctus
1702 4459 1822 4504 erat
1855 4459 1912 4504 et
1957 4450 2036 4502 la-

2145 4478 2281 4521 σεως
2330 4458 2496 4513 πάλαι
2529 4455 2936 4526 κατεσφιγμένη
3000 4456 3095 4508 καὶ
3122 4453 3533 4525 νεανιευομένη’
3562 4452 3724 4522 ὀδύνη

469 4545 753 4602 seiviebat.
784 4542 946 4596 Dolor
971 4541 1100 4596 item
1139 4551 1194 4594 et
1223 4540 1434 4594 labores
1467 4553 1555 4593 me
1577 4548 1938 4607 occuparunt,
1965 4538 2036 4592 ita

467 4651 528 4693 ut
561 4654 661 4708 ego
691 4637 952 4706 Babylon,
987 4634 1113 4688 olim
1160 4633 1376 4688 ca-teris
1407 4631 1683 4695 terribilis,
1721 4631 1853 4686 nihil
1881 4630 2037 4686 dili‘e-

458 4748 584 4787 -ram
615 4748 644 4785 a
681 4729 906 4784 muliere
959 4727 1221 4797 pariente.
1271 4723 1395 4779 Haec
1438 4739 1599 4793 porro
1646 4724 1774 4777 mihi
1819 4724 2036 4778 accide-

466 4835 615 4889 runt,
653 4825 780 4892 quia
832 4822 1008 4875 fateor
1041 4834 1126 4874 me
1165 4817 1349 4887 inique
1384 4816 1583 4885 egisse,
1615 4829 1737 4870 cum
1768 4814 2036 4868 neminem

468 4913 1044 4972 commonefaeieutem
1070 4925 1157 4964 me
1189 4909 1455 4970 audirem,
1493 4915 1547 4960 et
1575 4921 1697 4963 cum
1734 4905 1864 4959 mihi
1894 4920 2039 4959 cura:

469 5021 631 5072 esset,
673 5017 731 5061 ut
759 5015 964 5060 rectum
992 5003 1125 5058 nihil
1157 5002 1476 5072 aspicerem.
1513 4999 1716 5067 Quare,
1750 4998 1849 5064 ait,
1897 5014 2042 5053 Illlttc

468 5100 777 5154 conliteudo
811 5097 955 5152 dico.

540 5189 708 5245 Vsus.
742 5191 798 5245 4.
845 5208 864 5242 ι
897 5189 1083 5260 Inique
1123 5185 1233 5258 egi,
1272 5189 1413 5255 quod
1467 5199 1575 5238 non
1624 5182 1861 5238 viderem
1893 5201 1907 5237 :
1942 5199 2038 5238 cor

471 5295 650 5338 mourn
702 5293 874 5348 errat,
919 5281 1181 5352 iniquitas
1230 5293 1352 5332 mea
1391 5275 1656 5346 demergit
1701 5289 1786 5329 me
1813 5290 1828 5328 :
1858 5276 2038 5329 anima

471 5391 588 5431 mea
621 5375 675 5430 in
707 5383 856 5429 metu
883 5385 1152 5430 versatur.
1179 5391 1210 5424 ι·
1232 5369 1359 5425 llaec
1387 5383 1521 5424 sane
1555 5377 1686 5438 puto
1719 5383 1748 5420 a
1776 5367 2037 5436 propheta

469 5470 609 5523 dicta
660 5465 853 5530 fuisse,
911 5465 1204 5536 Babylonis
1258 5475 1543 5534 personam
1597 5468 1934 5527 assumente,
1985 5469 2041 5513 et

469 5560 623 5631 quasi
656 5559 919 5629 ejusdem,
957 5558 1069 5612 sive
1102 5556 1278 5626 gentis
1324 5555 1570 5609 eamdem
1619 5551 1905 5608 incolentis
1943 5567 2041 5606 no-

471 5658 616 5712 mine
656 5654 770 5708 hmc
794 5651 937 5706 dicta
975 5649 1229 5718 proferri.

548 5745 792 5804 Vens.
861 5761 879 5795 ι
909 5741 1159 5809 Praepara
1220 5752 1486 5807 mensam,
1529 5739 2039 5811 comedite,bibite;

2139 4569 2199 4606 τε
2231 4551 2326 4606 καὶ
2375 4549 2526 4602 πόνοι
2556 4546 2856 4602 κατέλαϐόν
2892 4563 2980 4618 με,
3033 4546 3108 4611 ὡς
3144 4547 3310 4618 μηδὲν
3348 4545 3626 4618 διαφέρειν
3653 4563 3748 4617 με’

2139 4644 2236 4716 τὴν
2262 4641 2577 4705 Βαϐυλῶνα,
2608 4640 2708 4712 τὴν
2737 4639 2902 4694 πάλαι
2922 4639 3127 4712 ἑτέροις
3147 4635 3311 4693 οὖσαν
3341 4637 3597 4711 φοϐεράν,
3626 4641 3750 4707 γυ-’

2142 4732 2328 4795 ναικὸς
2345 4730 2652 4800 τικτούσης.
2683 4729 2868 4783 Ταῦτα
2895 4729 2952 4783 δέ
2989 4747 3076 4800 μοι
3119 4727 3484 4800 συμϐέϐηκεν,
3515 4729 3730 4801 ἐπειδή·

2142 4841 2244 4894 περ
2264 4821 2508 4893 ὁμολογῶ
2529 4821 2866 4892 ἠδικηκέναι,
2891 4822 2977 4874 ὅτε
3000 4821 3222 4893 μηδενὸς
3244 4822 3438 4893 ἠκουον
3457 4821 3565 4875 τῶν
3583 4839 3728 4895 παρ-

2141 4914 2432 4969 αινούντων
2462 4931 2573 4984 μοι,
2607 4913 2699 4966 καὶ
2748 4915 2837 4966 ὅτε
2869 4913 3104 4981 σπουδὴν
3127 4913 3424 4986 ἐποιούμην
3447 4914 3610 4986 μηδὲν
3628 4914 3729 4988 ὀρ-

2143 5005 2232 5060 θὸν
2267 5005 2505 5077 βλέπειν.
2533 5005 2643 5068 Διὸ,
2681 5005 2833 5074 φησὶ,
2867 5003 2962 5057 νῦν
2994 5004 3455 5077 ἐξομολογουμένη
3493 5003 3660 5077 φημίο

2218 5203 2236 5237 ι
2259 5186 2522 5258 Ἦδίκησα
2538 5183 2632 5238 τοῦ
2657 5185 2732 5256 μὴ
2759 5184 3004 5256 βλέπειν·
3031 5185 3350 5257 πλανᾶταιὴ
3377 5186 3574 5258 καρδία
3597 5203 3726 5258 μου,

2143 5280 2234 5332 καὶ
2268 5282 2301 5350 ἡ
2327 5279 2528 5350 ἀνομία
2563 5295 2664 5350 μου
2704 5276 2953 5348 βαπτίζει
2987 5294 3052 5348 με
3073 5293 3086 5308 ’
3121 5278 3152 5348 ἡ
3181 5276 3325 5348 ψυχή
3359 5295 3462 5348 μου
3492 5278 3727 5350 ἐφέστη-

2143 5388 2238 5424 κεν
2255 5373 2334 5435 εἰς
2357 5370 2536 5440 φόϐον.
2572 5389 2590 5420 ι
2624 5369 2808 5423 Ταῦτα
2837 5370 2933 5441 μὲν
2959 5365 3111 5438 οἶμαι
3134 5367 3383 5439 λελέχθαι
3403 5369 3481 5441 τῷ
3508 5371 3728 5442 προφή-

2141 5478 2230 5535 τῃ,
2262 5460 2692 5534 προσωποιοῦντι
2747 5461 2844 5534 τὴν
2868 5457 3182 5524 Βαϐυλῶνα,
3205 5459 3300 5512 καὶ
3353 5459 3428 5524 ὡς
3451 5461 3508 5527 ἐξ
3531 5461 3725 5532 αὐτῆς,

2141 5555 2174 5626 ἢ
2204 5555 2298 5608 καὶ
2331 5553 2425 5607 τοῦ
2464 5555 2522 5605 ἐν
2557 5556 2696 5625 αὐτῇ
2736 5551 3111 5614 κατοικοῦντος
3151 5548 3338 5617 ἔθνους
3368 5552 3438 5607 τὰ
3458 5554 3727 5626 εἰρημένα

2143 5647 2523 5720 προέρχεσθαι.

2218 5739 2574 5808 «Ἑτοίμασον
2627 5738 2723 5808 τὴν
2770 5738 3067 5809 τράπεζαν,
3120 5742 3341 5813 φάγετε,
3394 5739 3736 5796 πίετε⁹ἆνα--
