3976 6194
261 400 366 456 2M

1227 400 1732 458 COMMENTARIA
1774 403 1838 460 IN
1880 403 2136 464 ISAIAM.
2178 438 2243 450 —
2281 409 2434 464 CAP.
2477 406 2616 464 XXI.

3429 413 3536 468 2ιὲ

265 516 520 582 στάντες,
551 515 600 570 οἱ
633 516 1269 587 ἄρχοντες,ἀνασ-πάσατε
1300 520 1544 593 θυρεούς.
1568 543 1586 572 ι
1619 524 1692 576 Τὸ
1727 541 1834 595 προ

1966 536 2285 598 surgentes,
2323 529 2619 599 principes,
2639 529 2862 599 arripite
2883 529 3122 599 clypeos.
3153 549 3174 584 ι
3197 529 3401 596 Medos,
3419 533 3536 586 Ela-

264 608 504 679 φητικὸν
537 607 752 678 πνεῦμα
791 607 927 680 πρὸς
951 609 1078 672 τοὺς
1108 609 1323 682 Μήδους
1349 614 1442 667 καὶ
1469 615 1594 679 τοὺς
1636 615 1853 686 Ἐλαμί-

265 716 386 765 τας,
412 699 506 752 καὶ
535 699 668 771 πρὸς
688 699 815 763 τούς
837 698 1093 769 πρέσϐεις
1113 701 1220 754 τῶν
1247 703 1468 773 Περσῶν
1491 705 1848 771 ἀποτείνεται,

267 791 530 864 διεγεῖρον
579 791 672 844 καὶ
705 791 1003 862 παρορμῶν
1034 793 1229 857 αὐτοὺς
1255 794 1347 847 ἐπὶ
1373 795 1465 848 τὸν
1501 797 1639 850 κατά
1670 798 1849 852 Βαϐυ-

269 881 474 937 λωνίων
496 883 750 954 πόλεμον.
792 883 885 936 Διὸ
913 883 988 946 ὼς
1018 884 1153 954 πρὸς
1182 886 1377 950 αὐτούς
1403 905 1566 958 φησιν
1587 906 1600 918 ·
1638 909 1655 940 ι
1679 891 1848 944 ἰἑτοί-

273 991 442 1046 μασον
462 974 560 1047 τήν
590 974 892 1047 τράπεζαν,
925 975 1150 1044 φάγετε,
1176 996 1195 1028 ι
1235 979 1328 1032 καὶ
1360 979 1428 1033 τὰ
1457 980 1603 1051 ἑξῆς.

341 1068 494 1121 «Ὀτι
532 1067 707 1132 οὓτως
732 1064 853 1122 εἷπε
883 1067 1257 1142 Κύριοςπρὸς
1287 1072 1354 1143 μέ
1376 1090 1390 1104 ·
1423 1073 1652 1138 Βαδίσας
1688 1085 1846 1130 σεαυ-

262 1154 344 1229 τῷ
373 1156 576 1227 στῆσον
623 1158 844 1224 σκοπὸν,
877 1161 970 1214 καὶ
994 1161 1022 1214 6
1053 1162 1146 1216 ἐὰν
1172 1161 1307 1236 ἴδῃς,
1353 1163 1690 1233 ἀνάγγειλον.
1739 1170 1847 1223 Καὶ

261 1247 401 1306 εἶδον
433 1252 710 1316 ἀναϐάτας
755 1255 938 1317 ἱππεῖς
991 1253 1102 1318 δύο,
1139 1255 1230 1308 καὶ
1262 1256 1539 1328 ἀναϐάτην
1577 1260 1718 1324 δνου,
1754 1263 1847 1314 καὶ

257 1343 537 1414 ἀναϐάτην
558 1343 826 1415 καμήλου.
883 1345 1171 1416 Ἀκρόασαι
1203 1347 1464 1417 ἀκρόασιν
1502 1351 1720 1422 πολλὴν,
1752 1355 1845 1407 καὶ

258 1435 491 1488 κάλεσον
515 1437 722 1508 Οὐρίαν
742 1438 821 1500 εἰς
849 1437 948 1508 τήν
969 1438 1218 1492 σκοπιάν.
1247 1459 1266 1490 ι
1295 1441 1573 1512 Σημεῖαδέ
1601 1445 1694 1496 καὶ
1718 1445 1848 1515 σύμ-

255 1527 390 1581 ϐολα
416 1524 486 1599 ἦν
511 1528 685 1582 ταῦτα
713 1529 814 1600 τῆς
839 1528 948 1582 τῶν
975 1529 1248 1602 πολεμίων
1280 1533 1657 1605 παρατάξεως,
1693 1530 1767 1590 ὧν
1795 1540 1842 1591 οἱ

262 1619 363 1690 μὲν
385 1619 473 1689 ἐφ’
506 1620 768 1690 ἁρμάτων
795 1619 1078 1692 ὀχούμενοι
1107 1621 1362 1693 ἐπῄεσαν,
1391 1627 1440 1679 οἱ
1469 1626 1525 1680 δὲ
1553 1629 1644 1681 ἐπὶ
1677 1646 1841 1682 νωτο-

256 1711 466 1782 φόρων,
493 1710 565 1764 τά
594 1711 778 1765 δέοντα
813 1712 949 1783 πρὸς
973 1713 1166 1785 χρείας
1190 1715 1534 1788 ἐπαγόμενοι.
1576 1739 1594 1770 ι
1618 1721 1840 1792 ’Λκρόα-

260 1819 352 1856 σαι
375 1802 638 1875 ἀκρόασιν
663 1803 881 1876 πολλὴν,
908 1805 1001 1860 καὶ
1025 1806 1252 1861 κάλεσον
1277 1809 1479 1882 Οὐρίαν
1498 1813 1578 1875 εἰς
1599 1813 1697 1884 τὴν
1719 1831 1843 1869 σκο·

258 1895 416 1960 πιάν,
441 1915 461 1947 ι
494 1897 594 1967 τὴν
613 1897 936 1968 ῥηθήσεσθαι
967 1900 1266 1970 μέλλουσαν
1281 1901 1491 1971 ἔπειτα,
1523 1904 1672 1978 ἢτήν
1699 1907 1846 1962 λέαι-
1877 1897 1918 1952 Β

258 2005 379 2051 ναν,
410 1989 444 2058 ἦ
499 1988 591 2043 τὸν
635 1991 817 2063 Ἀριήλ
868 1991 1117 2057 κάλεσαι,
1171 1995 1320 2059 ὅπως
1365 1997 1458 2050 καὶ
1482 1999 1644 2062 αὐτὸς
1670 1999 1839 2055 ἐλθὼν

259 2076 370 2131 ὐπδ
396 2077 490 2130 τοῦ
520 2078 721 2133 σκοποῦ
749 2080 986 2154 θεαθείη,
1029 2085 1122 2138 τοῦ
1153 2088 1433 2158 προφήτου
1465 2086 1580 2159 ἅμα
1612 2089 1690 2160 τῷ
1716 2108 1842 2144 σκο-

258 2169 346 2242 πῷ
376 2170 667 2242 θεωμένου.
712 2174 769 2227 '0
805 2173 861 2227 δὲ
897 2177 1176 2247 σημαίνων
1216 2177 1364 2248 λέγει
1390 2179 1458 2232 τὰ
1501 2179 1645 2251 ἑξῆς.
1679 2177 1844 2252 Οἶμαι

254 2261 342 2316 διὰ
360 2262 564 2317 τούτων
590 2266 950 2336 σημαίνεσθαι
973 2269 1074 2339 τῆς
1115 2271 1415 2344 ’Λσσυρίων
1439 2271 1715 2342 βασιλείας
1745 2275 1843 2344 τὴν

252 2354 492 2426 παντελῆ
524 2355 840 2428 καθαίρεσιν
870 2358 1006 2412 Θεοῦ
1050 2361 1228 2432 κρίσει
1253 2362 1569 2435 γενομένην.
1619 2365 1762 2418 Ἀντὶ
1787 2366 1843 2420 δὲ

249 2447 366 2511 τοῦ,
398 2467 415 2499 ι
440 2449 665 2521 Οὐρίαν,
694 2471 712 2500 ι
750 2452 778 2503 6
807 2453 905 2522 μὲν
943 2452 1189 2519 Ἀκύλας,
1227 2474 1245 2505 ι
1275 2455 1482 2522 λέοντα,
1516 2476 1535 2508 ι
1567 2459 1595 2511 ὁ
1614 2457 1672 2512 δὲ
1699 2459 1843 2530 Σύμ-

260 2557 454 2610 μαχος,
499 2559 517 2592 t
557 2541 796 2606 λέαιναν,
819 2563 837 2594 ι
875 2547 904 2597 ὀ
940 2544 997 2598 δὲ
1040 2545 1351 2612 Θεοδοτίων,
1407 2566 1426 2599 ι
1450 2548 1654 2620 ’Δριήλ,
1682 2571 1700 2602 ι
1751 2552 1839 2618 ἐξ-

256 2629 478 2686 έδωκεν.
513 2634 699 2696 Οὐδεὶς
729 2636 905 2691 τοίνυν
937 2637 1137 2708 Οὐρίαν
1160 2639 1438 2710 ὠνόμασεν
1457 2657 1472 2672 ·
1501 2642 1621 2696 ἐπεὶ
1661 2643 1780 2698 οὐδὲ
1805 2647 1840 2717 ἡ

265 2722 526 2796 Ἐϐραῖκὴ
550 2727 700 2799 φωνὴ
725 2727 1099 2800 ἐμνημόνευσε
1128 2730 1222 2783 τοῦ
1255 2732 1446 2802 Οὐρία.

326 2834 344 2866 ι
366 2817 478 2870 Καὶ
510 2814 690 2872 εἶπεν·
724 2820 886 2891 ἔστην
919 2821 1211 2887 διαπαντὸς
1237 2825 1468 2895 ἡμέρας,
1497 2827 1592 2879 καὶ
1624 2827 1716 2880 ἐπὶ
1739 2828 1839 2899 τῆς

256 2908 605 2980 παρεμϐολῆς
626 2909 786 2982 ἔστην
815 2911 942 2985 ὅλην
978 2914 1078 2986 τὴν
1115 2917 1304 2970 νύκτα.
1331 2936 1349 2968 ι
1383 2918 1638 2992 Είστήκει
1659 2921 1837 2976 τοίνυν

257 3002 357 3054 καὶ
381 3003 409 3054 6
437 3006 720 3076 προφήτης
749 3007 864 3076 ἆμα
879 3007 957 3078 τῷ
982 3009 1188 3080 σκοπῷ,
1226 3013 1542 3085 καραδοκῶν
1577 3015 1675 3086 τὴν
1711 3015 1836 3087 μέλ-

255 3095 458 3150 λουσαν
487 3098 668 3162 αὐτοῖς
719 3098 1050 3170 ὀφθήσεσθαι
1081 3101 1206 3172 ὄψιν
1254 3103 1348 3157 τοῦ
1383 3105 1592 3170 λέοντος
1623 3109 1837 3180 καὶτῆς

253 3191 494 3262 λεαίνης,
530 3192 561 3264 ἢ
589 3192 678 3246 τοῦ
726 3193 930 3268 Ἀριήλ.
978 3198 1428 3270 Διακαρτερήσας
1459 3199 1516 3253 δὲ
1547 3200 1638 3253 τὸν
1658 3202 1833 3256 πάντα

163 3349 166 3353 _
251 3283 356 3354 τῆς
399 3283 607 3355 ἡμέρας
651 3285 744 3340 καὶ
781 3287 872 3340 τὸν
912 3287 1012 3358 τῆς
1065 3289 1258 3352 νυκτὸς
1300 3291 1510 3361 χρόνον,
1567 3293 1827 3362 ἐπιλέγει·

257 3395 277 3424 ι
309 3373 420 3426 Καὶ
455 3373 564 3428 ίδού
594 3375 755 3438 αὐτὸς
782 3374 1021 3447 ἔρχεται.
1053 3395 1070 3426 ι
1113 3376 1206 3440 Τίς
1236 3377 1292 3430 δὲ
1322 3369 1554 3450 οὐτος,ἣ
1591 3379 1831 3450 δηλονότι

262 3465 447 3538 Ἀριὴλ
489 3465 834 3538 ἐπιϐεϐηκὼς
884 3466 1165 3540 ξυνωρίδις
1201 3469 1291 3522 Διό
1320 3487 1486 3542 φησι·
1530 3491 1548 3522 ι
1574 3473 1684 3525 Καὶ
1720 3473 1829 3527 ἰδοὺ

248 3559 411 3622 αὐτὸς
442 3559 660 3630 ἔρχεται
689 3561 783 3615 καὶ
816 3561 1092 3634 ἀναϐάτης
1120 3562 1426 3635 ξυνωρίδος.
1469 3583 1487 3616 ι
1511 3565 1606 3629 Τίς
1656 3566 1712 3619 δὲ
1740 3559 1830 3619 οὗ·

249 3669 342 3716 τος
365 3654 474 3725 ἄρα
493 3650 583 3726 ἦν,
609 3655 642 3726 ἢ
671 3657 909 3727 τιμωρός
935 3675 1016 3722 τις
1057 3657 1303 3727 ἄγγελος,
1333 3660 1399 3713 δι’
1429 3653 1488 3713 οὗ
1517 3659 1584 3714 τὰ
1608 3661 1706 3732 τῆς
1733 3678 1831 3714 πο-

247 3740 494 3814 λιορκίας
521 3746 621 3816 τῆς
675 3747 990 3812 Βαϐυλῶνος
1019 3749 1204 3821 ἔμελλε
1260 3750 1627 3824 πληροῦσθαι;
1680 3753 1834 3824 Τάχα

254 3853 360 3888 που
393 3837 577 3908 Ἀριὴλ
627 3837 1044 3912 ὀνομαζόμενος,
1071 3842 1102 3913 ἦ
1149 3843 1241 3896 καὶ
1273 3844 1435 3908 αὐτὸς
1463 3845 1668 3909 ἐκεῖνος
1695 3847 1724 3898 6
1755 3846 1831 3909 ὡς

248 3927 393 3980 λέων
406 3928 728 4000 ὡρυόμενος,
755 3933 848 3985 καὶ
879 3934 1196 4003 περιπατῶν
1229 3934 1404 4006 ζητῶν
1425 3936 1547 3990 τίνα
1563 3937 1828 4010 καταπίῃ.

243 4019 364 4072 Καὶ
377 4019 438 4091 δή
463 4020 796 4092 θεασάμενος
813 4024 974 4078 αὐτὸν
997 4025 1026 4077 6
1055 4028 1358 4097 προφήτης,
1389 4027 1625 4082 συνεῖδεν
1653 4029 1730 4092 ὼς
1760 4046 1832 4082 τι·

248 4114 562 4185 μωρητικὸς
595 4115 670 4168 ῶν
697 4115 926 4184 ἄγγελος
955 4118 1052 4187 τὴν
1087 4119 1185 4189 τῆς
1214 4118 1530 4182 Βαϐυλῶνος
1555 4119 1830 4176 ἀπώλειαν

239 4203 569 4276 ἐργάζεται·
601 4206 684 4260 διὸ
725 4207 918 4279 ἐπιϐοᾷ
960 4207 1167 4277 λέγων·
1209 4227 1227 4258 ι
1255 4209 1539 4271 Πέπτωκε,
1575 4211 1830 4265 πέπτωκε

239 4294 525 4363 Βαϐυλὼν,
553 4297 649 4352 καὶ
677 4299 851 4353 πάντα
878 4299 946 4353 τὰ
970 4299 1259 4370 ἀγάλματα
1285 4301 1474 4372 αὐτῆς,
1505 4302 1598 4355 καὶ
1625 4303 1692 4356 τὰ
1721 4321 1833 4373 χει-

1961 617 2148 683 mitas,
2171 628 2226 674 et
2256 618 2550 676 Persarum
2601 621 2812 691 legatos
2859 621 3151 691 compellat
3187 624 3534 693 propheticus

1959 711 2203 778 spiritus,
2225 713 2472 768 excitans
2505 727 2600 768 eos
2627 715 2694 768 ad
2725 713 2924 768 bellum
2959 725 3152 769 contra
3181 715 3510 788 Babylonius

1958 803 2140 869 Quare
2175 805 2330 873 quasi
2363 806 2428 860 ad
2467 806 2589 860 illos
2615 806 2746 860 talia
2781 806 2954 871 fatur,
3019 824 3039 858 ι
3082 805 3332 878 Praepara
3374 822 3534 863 men-

1957 909 2094 960 sam,
2139 895 2430 960 comedite,
2465 914 2482 946 ι
2511 905 2564 950 et
2586 906 2811 950 caetera.

2031 1079 2198 1136 Vens.
2235 1077 2355 1134 6-8.
2401 1080 2668 1148 Quoniam
2719 1082 2798 1136 sic
2843 1080 2983 1135 dixit
3011 1081 3268 1135 Dominus
3300 1083 3368 1135 ad
3420 1099 3527 1149 me,

1954 1172 2238 1228 Proiectus
2265 1184 2444 1228 statue
2479 1174 2574 1228 tibi
2605 1174 3026 1243 speculatorem,
3057 1176 3272 1244 etquod
3302 1176 3528 1239 videris.

1956 1266 2231 1320 renuntia.
2266 1265 2332 1319 Et
2360 1265 2472 1320 vidi
2517 1280 2759 1320 sessores
2793 1267 3003 1336 equites
3049 1267 3206 1332 duos,
3255 1282 3527 1324 sessorem

1955 1359 2117 1423 asini,
2171 1367 2226 1414 et
2262 1373 2533 1413 sessorem
2594 1360 2814 1414 cameli.
2860 1359 2998 1413 Audi
3026 1359 3360 1416 auditionem
3393 1362 3530 1414 mul-

1955 1461 2087 1515 tam,
2122 1461 2179 1505 et
2211 1465 2346 1506 voca
2375 1451 2565 1506 Uriam
2601 1454 2668 1505 ad
2700 1452 2996 1522 Speculum.
3025 1472 3042 1504 ι
3097 1452 3259 1524 Signa
3303 1467 3438 1508 vero
3475 1461 3532 1507 et

1953 1543 2197 1614 symhola
2231 1545 2349 1598 haec
2379 1554 2532 1598 erant
2572 1545 2708 1598 aciei
2749 1544 3119 1610 inimicorum,
3149 1562 3380 1617 quorum
3434 1547 3528 1601 alii

1951 1633 2204 1688 curribus
2231 1634 2370 1688 vecti
2405 1634 2708 1699 irruebant,
2766 1635 2856 1689 alii
2891 1635 3155 1704 jumentis
3193 1637 3442 1692 sarcinas
3471 1646 3530 1692 et

1949 1735 2313 1780 commeatum
2349 1728 2606 1795 agebant.
2663 1747 2679 1776 ι
2710 1728 2850 1780 Audi
2891 1729 3228 1783 auditionem
3276 1729 3524 1793 multam,

1948 1829 2004 1874 et
2028 1834 2160 1874 voca
2207 1818 2392 1874 Uriam
2437 1821 2503 1874 ad
2555 1821 2924 1890 Speculamp-
2974 1821 3224 1877 videlicet
3258 1837 3402 1886 eam,
3458 1822 3527 1874 de

1947 1931 2052 1987 qua
2076 1926 2266 1984 postea
2292 1930 2496 1982 sermo,
2531 1917 2644 1971 sive
2670 1916 2919 1982 leaenam,
2963 1917 3078 1973 sive
3114 1917 3259 1972 Ariel
3317 1932 3519 1980 evoca;

1947 2017 2008 2064 ut.
2039 2022 2098 2064 et
2132 2011 2248 2080 ipse
2274 2010 2502 2064 veniens
2526 2025 2554 2063 a
2589 2009 2929 2078 speculatore
2949 2010 3224 2074 videatur,
3259 2012 3521 2080 propheta

1948 2101 2076 2156 item
2116 2117 2240 2156 cum
2275 2101 2622 2171 speculatore
2656 2116 2760 2154 uua
2813 2100 3207 2169 conspiciente.
3249 2101 3344 2156 Ille
3391 2117 3524 2155 vero

1947 2194 2262 2262 speculator
2289 2208 2517 2246 monens
2542 2194 2826 2261 sequentia
2866 2193 3019 2246 dicit.
3050 2191 3145 2246 llis
3183 2203 3362 2246 autem
3393 2202 3529 2261 putt:

1947 2285 2243 2356 signiﬁcari
2271 2285 2619 2355 Assyriorum
2655 2299 2904 2351 regnum,
2934 2282 3142 2353 judicio
3170 2283 3261 2336 Dei
3281 2283 3524 2338 funditus

1945 2392 2222 2434 eversum.
2253 2375 2361 2432 Pro
2391 2377 2482 2430 illo
2512 2387 2715 2438 autem,
2749 2395 2768 2427 ι
2801 2375 3008 2442 Uriam,
3037 2395 3054 2427 ι
3108 2375 3327 2445 Aquila,
3361 2395 3380 2426 ι
3415 2376 3515 2430 leo-

1944 2485 2090 2535 nem,
2139 2487 2158 2522 ι
2212 2469 2595 2540 Symmachus.
2627 2487 2646 2520 ι
2683 2467 2934 2531 Ιεαιιιιιιιι,
2969 2485 2989 2517 ι
3020 2466 3342 2530 Thcodotio,
3391 2484 3410 2517 ι
3452 2469 3523 2520 Α-

1945 2562 2066 2626 riei,
2095 2582 2114 2614 ι
2143 2560 2332 2617 edidit.
2361 2560 2532 2616 Nemo
2562 2553 2726 2630 igitur
2763 2559 2947 2616 Uriam
2983 2559 3306 2614 memoravit
3336 2579 3347 2613 :
3386 2574 3522 2626 quo-

1941 2655 2090 2709 niam
2125 2668 2226 2710 nec
2251 2653 2514 2710 Hebraica
2546 2670 2646 2708 vox
2678 2653 2864 2708 Uriam
2896 2653 3161 2706 nominat.

2013 2830 2180 2889 Vsus.
2207 2832 2262 2887 9.
2305 2849 2324 2883 ι
2356 2830 2422 2885 Et
2444 2830 2623 2885 dixit:
2656 2830 2796 2886 Steti
2833 2838 2944 2884 tcta
2975 2828 3082 2895 die,
3120 2837 3176 2883 et
3226 2828 3278 2881 in
3318 2825 3516 2880 castris

1940 2927 2064 2980 steti
2097 2933 2208 2980 tota
2239 2935 2418 2980 nocte.
2455 2944 2473 2976 ι
2507 2923 2673 2979 Stetit
2707 2938 2840 2993 ergo
2869 2922 3132 2992 propheta
3173 2936 3296 2975 cum
3321 2933 3519 2986 specu-

1939 3015 2132 3080 latore,
2165 3026 2492 3086 exspectans
2525 3015 2762 3069 futuram
2794 3013 2940 3067 illam
2987 3013 3279 3076 visionem,
3315 3011 3514 3072 leonis,

1937 3107 2020 3162 vel
2056 3108 2258 3173 lemnm,
2289 3108 2376 3162 vel
2406 3106 2576 3162 Ariel.
2609 3105 2742 3160 Cum
2771 3115 2958 3161 autem
3010 3115 3122 3159 toto
3173 3105 3280 3158 diei
3315 3113 3370 3156 et
3418 3119 3517 3155 uu-

1937 3201 2042 3255 ctis
2076 3211 2317 3270 tempore
2343 3200 2690 3270 perstitisset,
2725 3199 2930 3263 subdit,
2963 3217 2980 3250 c
3021 3199 3081 3252 Et
3105 3212 3234 3252 ecce
3275 3198 3389 3264 ipse
3422 3209 3518 3248 ve-

1941 3292 2038 3346 nit.
2075 3312 2094 3343 ι
2127 3290 2259 3358 Quis
2291 3290 2378 3345 ille
2413 3301 2590 3344 autem
2637 3298 2743 3354 est,
2786 3289 2891 3344 nisi
2927 3287 3075 3342 Ariel
3103 3288 3226 3356 biga
3278 3285 3514 3340 vectus?

1939 3385 2118 3451 Quare
2142 3384 2238 3448 ait,
2293 3401 2312 3434 ι
2345 3383 2410 3436 Et
2435 3397 2565 3438 ecce
2609 3383 2722 3451 ipse
2774 3381 2946 3444 venit,
3002 3393 3261 3433 ascensor
3295 3378 3454 3447 bigae.
3487 3397 3508 3430 ι

1939 3475 2072 3542 Quis
2099 3491 2230 3530 vero
2256 3484 2375 3529 erat
2406 3473 2520 3537 ille,
2554 3473 2653 3527 nisi
2684 3472 2829 3527 ultor
2856 3470 3079 3541 quidam
3128 3469 3374 3539 angelus.
3411 3485 3510 3522 cu-

1932 3570 2023 3640 jus
2050 3583 2211 3639 opera
2241 3567 2530 3638 Babylonis
2559 3565 2773 3621 obsidio
2807 3563 3134 3632 perﬁcienda
3175 3562 3338 3616 erat?
3369 3559 3506 3614 For-

1941 3672 2085 3716 tasse
2119 3658 2266 3714 Ariel
2305 3658 2505 3714 dicitur
2532 3657 2618 3712 vel
2659 3657 2800 3710 idem
2833 3655 2948 3726 ipse
2981 3654 3074 3724 qui
3106 3652 3264 3723 quasi
3300 3651 3382 3711 leo
3420 3668 3515 3704 ru-

1938 3751 2093 3822 giens
2116 3751 2315 3804 circuit
2342 3761 2592 3818 quzerens
2626 3762 2789 3816 quem
2817 3747 3063 3802 devoret.
3122 3744 3188 3797 Et
3219 3757 3353 3797 sane
3383 3758 3512 3797 con-

1939 3852 2126 3912 specto
2169 3841 2282 3905 illo,
2313 3839 2576 3910 propheta
2611 3839 2884 3895 intellexit
2917 3855 3062 3902 etim,
3115 3847 3302 3907 utpote
3345 3851 3512 3907 ange-

1940 3935 2050 3990 lum
2085 3935 2336 4000 ultorem,
2363 3933 2655 4004 Babylonis
2700 3933 2926 3988 exitium
2969 3947 3305 4003 procurare:
3340 3944 3512 4000 quare

1937 4030 2209 4084 exclamat
2236 4028 2322 4082 his
2346 4027 2553 4088 verbis,
2586 4047 2604 4078 ι
2635 4027 2865 4091 Cecidit,
2898 4027 3097 4081 cecidit
3142 4023 3404 4094 Babylon,
3457 4033 3512 4078 et

1937 4121 2118 4176 omnia
2158 4120 2445 4174 simulacra
2488 4120 2626 4188 ejus,
2671 4129 2728 4172 et
2774 4118 3080 4173 manufacta
3125 4116 3242 4184 ejus
3273 4116 3510 4170 contrita

1938 4221 2066 4266 sunt
2116 4211 2168 4264 in
2227 4220 2454 4272 terram.
2503 4229 2522 4262 ι
2581 4210 2716 4263 Nam
2764 4209 2917 4278 quasi
2946 4209 2998 4264 id
3035 4223 3301 4279 peragere
3326 4209 3510 4275 jussus

1938 4314 2082 4360 esset
2115 4303 2288 4367 Ariel,
2334 4303 2480 4358 hanc
2507 4302 2712 4356 emittit
2743 4302 3008 4371 propheta
3040 4316 3226 4357 vocem
3252 4319 3263 4353 :

243 4392 514 4464 ροποίητα
540 4395 711 4466 αὐτῆς
733 4395 1020 4467 συνετρίϐη
1061 4397 1140 4460 είς
1179 4397 1277 4467 τὴν
1300 4397 1420 4468 γῆν.
1450 4416 1468 4448 ι
1509 4397 1598 4461 Ὠς
1645 4397 1754 4471 γὰρ
1813 4398 1986 4455 ταῦτα
2030 4399 2235 4471 πρᾶξαι
2275 4397 2695 4468 κεκελευσμένου
2736 4395 2831 4451 τοῦ
2865 4396 3071 4469 Ἀριὴλ,
3115 4395 3314 4465 ταύτην
3359 4395 3508 4466 ἠφίει

235 4487 346 4556 τήν
373 4490 558 4561 φωνὴν
584 4491 614 4543 6
646 4493 928 4563 προφήτης
956 4509 970 4522 ·

329 4602 346 4630 α
373 4581 687 4646 Ἀκούσατε,
709 4583 758 4636 οἱ
779 4583 1262 4655 καταλελειμμένοι
1285 4585 1374 4638 καί
1406 4587 1455 4638 οἱ
1480 4585 1827 4658 ὀδυνώμενοι,

2010 4585 2175 4640 Vsus.
2215 4579 2302 4634 l0.
2339 4597 2358 4630 ι
2389 4577 2586 4632 Audite
2621 4577 2716 4648 qui
2751 4577 2993 4634 derelicti
3022 4581 3179 4644 estis,
3206 4590 3257 4634 et
3287 4580 3380 4650 qui
3407 4580 3507 4636 do-

235 4671 540 4737 ἀκούσατε,
574 4673 611 4728 ἀ
639 4675 848 4745 ἥκουσα
895 4675 1049 4748 παρά
1095 4677 1300 4748 Κυρίου
1341 4677 1592 4744 Σαϐαὼθ,
1625 4681 1654 4732 6
1692 4679 1823 4745 Θεὸς

235 4762 342 4817 τοῦ
386 4765 600 4836 Ἰσραὴλ
646 4766 966 4836 ἀνήγγειλεν
1009 4769 1156 4839 ἡμῖν.
1183 4788 1201 4817 ι
1240 4770 1306 4820 "A
1333 4769 1440 4840 γάρ
1475 4772 1598 4840 ἐμοὶ
1620 4772 1827 4826 ἀπεκά-

235 4855 406 4925 λυψε,
424 4855 597 4911 ταῦτα
627 4858 722 4910 καὶ
750 4860 879 4928 ὑμῖν
899 4857 1155 4929 ἐξέφηνεν
1188 4860 1262 4924 ὼς
1287 4859 1350 4913 δι’
1370 4861 1651 4932 ἑρμηνέως
1665 4862 1820 4934 ἐμοῦ.

326 4967 344 4998 ι
372 4946 445 5000 T6
465 4948 648 5018 ὅραμα
680 4947 780 5017 τῆς
817 4949 1136 5021 Ἰδουμαίας.
1165 4951 1309 5021 Πρὸς
1337 4953 1436 5023 ἐμὲ
1493 4953 1648 5007 κάλει
1675 4955 1827 5026 παρά

231 5040 340 5095 τοῦ
375 5041 558 5112 Σηείρ.
591 5041 896 5095 Φυλάσσετε
920 5044 1189 5110 ἐπάλξεις.
1217 5064 1236 5096 ι
1277 5046 1458 5099 Ἕοικε
1477 5045 1532 5099 δὲ
1561 5050 1673 5112 τοῖς
1701 5050 1828 5101 ἐαυ-

232 5133 342 5187 τοῦ
373 5133 666 5205 γνωρίμοις
703 5137 731 5188 6
758 5134 890 5198 Θεὸς
924 5140 1262 5207 προσφωνεῖν
1293 5137 1466 5207 λέγων
1485 5155 1499 5168 ·
1551 5157 1569 5190 ι
1595 5139 1738 5211 Πρὸς
1771 5143 1826 5194 ἐ-

235 5225 319 5298 μὲ
349 5224 502 5278 κάλει
557 5226 710 5297 παρά
737 5225 830 5279 τοῦ
862 5227 1057 5299 Σηείρ·
1090 5247 1109 5280 ι
1154 5230 1316 5293 ιτοὺς
1343 5249 1360 5280 ι
1401 5230 1510 5301 γὰρ
1555 5249 1572 5280 ι
1599 5231 1826 5300 φεύγον-

228 5334 347 5382 τας
378 5317 526 5388 παρά
557 5318 652 5372 τοῦ
697 5319 883 5390 Σηεὶρ,
910 5338 930 5371 ›
989 5318 1127 5372 κατά
1155 5320 1280 5384 τοὺς
1308 5320 1525 5385 λοιποὺς
1565 5325 1829 5394 ἑρμηνευ-

227 5410 367 5474 τάς,
409 5427 427 5460 ι
454 5411 588 5481 πρὸς
623 5411 724 5481 ἐμὲ
759 5410 934 5475 κάλει,
961 5431 979 5462 ι
1013 5411 1197 5482 φησίν.
1227 5412 1394 5484 Σηεὶρ
1425 5413 1482 5466 δὲ
1507 5414 1748 5469 ἐκαλεῖτο
1767 5420 1826 5471 ἐν

229 5503 310 5572 τῇ
358 5500 586 5572 Ἀραϐίᾳ
614 5501 738 5573 ὅρος
766 5501 862 5554 τοῦ
896 5499 1087 5564 Ἠσαῦ,
1131 5501 1188 5553 ἐν
1213 5494 1258 5568 ᾧ
1297 5503 1633 5573 συνειστήκει
1662 5504 1826 5558 αὐτοῦ

231 5591 316 5646 τὰ
352 5591 632 5661 βασίλεια·
660 5593 985 5662 γνωρίζεται
1026 5592 1083 5646 δέ
1135 5594 1246 5656 τοῖς
1306 5593 1617 5662 ἐπιχωρίοις
1662 5595 1826 5647 εἰσέτι

239 5687 342 5742 καὶ
365 5686 462 5740 νῦν
486 5686 630 5741 οὕτω
658 5684 1008 5756 καλούμενον.
1046 5685 1170 5748 Τοῖς
1196 5679 1289 5738 οὖν
1309 5683 1580 5752 ἀγωνιῶσι
1601 5685 1692 5738 τὸν
1721 5686 1828 5739 ἀπὸ

233 5777 354 5831 τῶν
400 5777 712 5849 Ἰδουμαίων
746 5777 907 5848 φόϐον
944 5779 1173 5848 φάσκει·
1203 5775 1346 5848 Πρὸς
1376 5775 1473 5846 ἐμὲ
1499 5775 1826 5841 σπουδάζον-

1937 4675 2060 4730 letis
2085 4670 2288 4732 audite,
2321 4683 2443 4737 quae
2480 4668 2661 4723 audivi
2711 4683 2742 4724 a
2795 4669 3024 4724 Domino
3052 4670 3316 4735 Sabaoth,
3365 4671 3510 4729 Deus

1935 4765 2099 4823 lsracl
2130 4761 2474 4818 aummtiavit
2499 4761 2673 4815 nobis.
2706 4779 2726 4813 ι
2766 4760 2895 4828 Quae
2947 4761 3092 4816 enim
3127 4761 3216 4818 ille
3249 4762 3510 4818 revelavit

1937 4860 2088 4924 mihi,
2122 4859 2312 4913 eadem
2344 4855 2496 4909 vobis
2526 4871 2611 4908 me
2647 4855 2948 4924 interprete
2977 4855 3301 4914 declaravit.

2011 4949 2170 5006 Vsus.
2202 4950 2291 5005 il.
2325 4967 2344 5001 ι
2376 4947 2524 5004 Visio
2553 4945 2821 5000 ldumaaze.
2866 4947 2944 5002 Ad
2985 4963 3072 5002 me
3103 4964 3230 5002 voca
3258 4949 3328 5001 de
3362 4948 3507 5003 Seir.

1933 5043 2216 5101 Custodite
2248 5042 2675 5113 propugnacula,
2705 5061 2724 5093 ι
2764 5040 2937 5097 Notos
2971 5056 3100 5096 suos
3131 5041 3332 5107 alloqui
3363 5039 3509 5096 Deus

1933 5136 2148 5192 videtur
2178 5135 2264 5191 bis
2298 5134 2503 5201 verbis,
2554 5154 2572 5186 ι
2614 5135 2694 5188 Ad
2733 5149 2819 5188 me
2858 5147 2990 5189 voca
3033 5133 3099 5187 de
3125 5133 3283 5188 Seir:
3321 5152 3342 5186 ι
3380 5149 3503 5188 nam

1937 5247 1956 5281 ς
1990 5226 2258 5298 fugientes
2289 5228 2356 5282 de
2384 5227 2530 5290 Seir,
2563 5245 2580 5277 ι
2621 5227 2918 5280 secundum
2949 5224 3192 5294 reliquos
3235 5227 3506 5294 interpre-

1937 5331 2037 5387 tes,
2069 5339 2089 5372 ι
2121 5321 2187 5375 ad
2234 5336 2319 5375 me
2352 5335 2509 5386 voca,
2541 5338 2560 5370 ι
2601 5319 2800 5388 inquit.
2835 5319 2959 5373 Seir
2996 5328 3174 5374 autem
3206 5318 3506 5374 vocabatur

1935 5413 1988 5466 in
2017 5411 2216 5466 Arabia
2252 5427 2405 5465 mons
2441 5411 2599 5474 Esau,
2657 5412 2709 5465 iu
2758 5426 2866 5479 quo
2916 5411 3102 5464 stabat
3142 5411 3258 5478 ejus
3312 5412 3504 5482 regia:

1936 5504 2213 5572 hodieque
2237 5516 2397 5558 notus
2433 5503 2625 5558 incolis
2651 5513 2736 5558 est
2778 5504 2967 5557 eodem
3017 5505 3236 5557 nomine
3263 5504 3505 5574 appella-

1934 5606 2043 5650 tus.
2086 5597 2157 5650 lis
2193 5597 2380 5665 itaque
2423 5610 2486 5648 ex
2528 5593 2779 5650 ldunueis
2820 5596 2910 5666 qui
2961 5605 3106 5651 metu
3155 5597 3502 5663 laborabant,

1931 5689 2028 5752 ait,
2067 5706 2086 5738 ι
2117 5686 2194 5740 Ad
2217 5701 2300 5739 mc
2325 5687 2645 5742 festinantes
2662 5689 2860 5754 venite,
2886 5698 3084 5744 etcum
3111 5689 3182 5744 ad
3211 5705 3295 5744 me
3322 5702 3508 5745 acceS»

1932 5777 2138 5844 seritis,
2183 5779 2444 5834 custodite
2479 5779 2885 5850 propugnacula,
2911 5789 3084 5836 vestra
3114 5797 3128 5834 :
3165 5797 3187 5831 ι

233 5887 336 5936 τες
369 5871 555 5942 ἥκετε,
590 5875 684 5927 καὶ
717 5878 841 5945 παρ’
873 5875 994 5946 ἐμοὶ
1052 5873 1326 5944 γενόμενοι
1388 5869 1684 5942 φυλάσσετε
1733 5870 1825 5937 τὰς
1866 5873 2068 5928 ἑαυτῶν
2100 5871 2351 5938 ἐπάλξεις
2375 5891 2410 5949 '_
