4072 6194
521 369 628 427 εδδ

1204 366 1469 423 EUSEBII
1505 365 1981 426 CIESARIENSIS
2017 366 2168 425 OPP.
2209 366 2387 423 PARS
2422 366 2513 422 111.
2550 397 2621 408 —-
2658 365 3070 423 EXEGETICA.

3661 365 3766 419 ΞΗ

600 482 758 540 Vsus.
782 483 872 539 12.
933 503 952 536 ι
998 484 1065 539 Et
1093 498 1197 555 ego
1227 485 1534 542 custodiam
1562 502 1665 543 vos
1696 486 1785 542 die
1814 503 1877 543 ac
1909 498 2065 544 nocte

2264 506 2286 539 ι
2310 486 2481 555 Κάγὼ
2507 486 2565 540 δὲ
2594 486 2813 556 φυλάξω
2839 486 2982 557 ὑμᾶς
3005 486 3074 540 δι’
3102 485 3314 558 ἡμέρας
3332 485 3424 539 καὶ
3450 486 3656 548 νυκτὸς,
3677 489 3767 539 καὶ

518 589 576 634 et
608 578 750 647 apud
776 593 865 633 me
891 579 1067 635 eritis.
1101 598 1123 634 ι
1169 579 1228 634 Si
1274 581 1398 651 quis
1430 581 1487 635 in
1523 581 1680 637 vobis
1712 582 1915 636 auxilio
1958 597 2093 652 opus

520 669 735 734 habeat,
759 684 792 724 a
824 685 913 724 me
941 678 1153 739 quaerat
1180 685 1336 741 opem
1369 688 1383 727 :
1416 681 1472 726 et
1494 671 1539 726 si
1569 671 1690 741 quis
1728 671 1961 735 salutem
1997 688 2093 725 cu-

520 770 607 817 rat
658 776 833 827 suam,
868 764 936 818 ad
964 778 1049 818 me
1079 764 1284 821 veniat.
1328 783 1346 815 ι
1377 763 1503 821 Ιίιεο
1528 764 1746 835 quidem
1769 765 1913 819 dicta
1958 765 2090 819 mihi

515 853 775 909 videntur
804 856 868 909 ad
903 870 1000 911 eos
1042 872 1110 911 ex
1164 857 1435 927 ldunmis,
1463 857 1555 928 qui
1583 867 1790 913 terrore
1839 867 2089 913 conster-

518 945 629 999 nati
662 955 839 1012 erant,
869 962 1005 1016 quos
1036 948 1105 1003 ad
1141 964 1201 1004 se
1228 958 1386 1005 vocat
1426 949 1592 1014 Deus,
1642 948 1916 1018 pollicitus
1959 948 2092 1018 ipsis

513 1036 777 1092 auxilium
806 1054 987 1107 suum,
1021 1040 1066 1095 si
1096 1050 1281 1097 tamen
1312 1041 1368 1097 in
1404 1057 1465 1098 se
1493 1052 1873 1111 permaneant.

584 1217 749 1275 Vsus.
780 1222 972 1278 13-45.
1014 1241 1032 1274 ι
1061 1223 1117 1278 in
1170 1223 1310 1279 saltu
1348 1238 1576 1294 vespere
1610 1223 1873 1285 dormias,
1904 1234 1994 1275 aut
2031 1223 2084 1276 in

509 1312 596 1366 via
627 1312 845 1379 Dedan,
880 1316 936 1369 in
964 1330 1252 1372 occursum
1301 1317 1511 1372 sitienti
1555 1330 1750 1385 aquam
1798 1314 1958 1380 ferte,
1993 1314 2084 1383 qui

508 1403 767 1461 habitatis
824 1408 877 1462 in
923 1408 1147 1479 regione
1188 1408 1447 1464 Thaman
1476 1426 1489 1461 :
1518 1408 1750 1478 panibus
1809 1408 2086 1462 occurrite

507 1496 862 1568 fugientibus,
894 1511 1114 1571 propter
1151 1501 1549 1556 multitudinem
1597 1501 1928 1564 occisorum,
1957 1515 2083 1569 pro—

508 1600 631 1660 pter
661 1592 1060 1648 multitudinem
1093 1596 1415 1654 errantium.
1440 1604 1662 1663 propter
1686 1592 2080 1647 multitudinem

505 1684 691 1752 gladii,
739 1693 794 1739 et
842 1694 1061 1755 propter
1111 1684 1508 1739 multitudinem
1556 1700 1785 1738 arcuum
1841 1683 2081 1737 intonso-

504 1789 647 1839 rum,
687 1784 743 1831 et
774 1786 997 1846 propter
1038 1774 1444 1830 multitudinem
1503 1789 1695 1829 eorum
1743 1774 1834 1843 qui
1867 1772 2079 1860 cecide-

2193 580 2324 651 παρ’
2352 579 2475 651 ἐμοὶ
2503 579 2744 649 γένεσθε.
2776 598 2795 631 ι
2832 579 2901 632 Εἰ
2932 596 3016 642 τις
3046 580 3104 632 ὲν
3145 580 3272 648 ὑμῖν
3303 576 3555 649 βοηθείας
3581 576 3767 638 δεῖται,

2193 676 2323 745 παρ’
2366 673 2504 744 ἐμοῦ
2547 672 2777 744 ζητείτω
2812 672 2911 744 τὴν
2967 672 3249 743 βοήθειαν·
3282 671 3375 725 καὶ
3397 670 3451 723 εἴ
3473 687 3557 732 τις
3606 668 3772 722 αὑτοῦ

2191 765 2521 837 πεφρόντικε
2559 763 2851 835 σωτηρίας,
2886 766 3013 835 παρ’
3044 764 3169 834 ἐμοὶ
3216 763 3413 835 ἡκέτω.
3448 761 3634 815 Ταῦτα
3672 759 3772 830 μὲν

2189 857 2439 929 εἰρῆσθαί
2474 875 2564 929 μοι
2593 858 2738 910 δοκεί
2763 858 2900 927 πρὸς
2947 858 3074 921 τοὺς
3102 856 3468 928 ἐπτοημένους
3493 855 3584 908 τὸν
3606 852 3773 923 φόϐον

2189 950 2297 1005 τῶν
2336 950 2672 1021 Ἰδουμαίων,
2712 949 2805 1015 οὓς
2841 949 2977 1021 πρὸς
3024 950 3215 1004 ἑαυτὸν
3257 947 3517 1003 ἀνακαλεῖ
3558 948 3587 1001 6
3613 945 3771 1009 Θεὸς,

2189 1043 2656 1113 ἐπαγγελλόμενος
2682 1043 2781 1115 τὴν
2832 1044 2960 1114 παρ’
3008 1040 3173 1098 αὑτοῦ
3207 1041 3477 1113 βοήθειαν,
3510 1040 3557 1092 εἰ
3590 1055 3769 1110 παρα-

2192 1135 2404 1206 μένοιεν
2426 1138 2484 1190 ὲν
2518 1135 2687 1207 αὐτῷ.

2263 1247 2282 1279 r
2329 1227 2420 1281 ’Ev
2464 1226 2542 1298 τῷ
2584 1226 2775 1298 δρυμῷ
2810 1226 3051 1297 ἑσπέρας
3086 1223 3375 1296 κοιμηθῇς,
3408 1224 3441 1295 ἢ
3478 1224 3536 1276 έν
3565 1224 3631 1294 τῇ
3660 1220 3769 1293 6δῷ

2186 1318 2403 1371 Δαιδάν·
2434 1318 2516 1381 εἰς
2550 1317 2874 1387 συνάντησιν
2906 1315 3129 1385 διψῶντι
3151 1313 3296 1386 ὕδωρ
3326 1314 3540 1386 φέρετε,
3571 1314 3768 1366 οίὲνοιο

2186 1406 2409 1471 κοῦντες
2438 1409 2495 1461 ἐν
2517 1410 2583 1479 τῇ
2634 1407 2787 1480 χώρᾳ
2812 1406 3044 1479 Θαιμάν·
3074 1405 3259 1478 ἄρτοις
3311 1406 3602 1458 συναντᾶτε
3652 1406 3766 1465 τοῖς

2184 1500 2475 1569 φεύγουσιν
2506 1499 2672 1555 διὰτὸ
2697 1498 2901 1571 πλῆθος
2925 1499 3033 1555 τῶν
3065 1498 3503 1569 πεφονευμένων,
3536 1498 3629 1551 καὶ
3676 1496 3766 1550 διὰ

2182 1593 2244 1646 τὸ
2278 1593 2483 1665 πλῆθος
2530 1593 2637 1647 τῶν
2685 1592 3076 1663 πλανωμένων,
3102 1593 3196 1647 καὶ
3218 1592 3305 1645 διὰ
3331 1591 3391 1645 τὸ
3418 1590 3619 1662 πλῆθος
3662 1589 3764 1659 τῆς

2186 1684 2481 1755 μαχαίρας,
2528 1683 2621 1737 καὶ
2670 1682 2759 1737 διὰ
2789 1682 2851 1736 τὸ
2888 1681 3091 1752 πλῆθος
3124 1680 3232 1734 τῶν
3273 1679 3619 1751 τοξευμάτων
3654 1676 3764 1731 τῶν

2184 1774 2608 1846 διατεταμένων,
2656 1774 2750 1828 καὶ
2782 1773 2871 1827 διὰ
2910 1774 2972 1827 τὸ
3019 1772 3221 1844 πλῆθος
3257 1772 3367 1827 τῶν
3398 1769 3762 1824 πεπτωκότων

504 1876 634 1921 ruat
658 1866 711 1921 in
741 1867 903 1922 bello.
932 1886 951 1921 ο
998 1866 1118 1924 Jam
1170 1868 1314 1923 catini
1363 1868 1694 1923 instantibus
1734 1881 1935 1937 vosque
1977 1880 2066 1920 cte-

2184 1867 2242 1919 ὲν
2266 1866 2346 1937 τῷ
2381 1867 2622 1938 πολέμῳ.
2656 1885 2675 1919 ι
2724 1866 2863 1938 Ἤδη
2892 1866 3003 1939 γὰρ
3034 1866 3372 1920 ἐπιστάντων
3394 1864 3502 1917 τῶν
3529 1879 3760 1917 κατακο-

501 1958 755 2015 dentibus
806 1961 1154 2026 adversariis,
1191 1976 1351 2030 quam
1398 1960 1615 2029 plurimi
1658 1966 1897 2014 vestrum
1932 1957 2077 2027 peti-

500 2050 638 2106 bnut
669 2069 684 2105 :
711 2051 754 2106 si
796 2062 974 2107 autem
1008 2068 1149 2108 unus
1177 2068 1244 2108 ex
1274 2052 1448 2118 vobis,
1482 2056 1565 2107 vel
1594 2052 1721 2118 duo,
1759 2051 1842 2105 vel
1882 2052 2073 2105 admo-

498 2141 627 2197 dum
675 2143 833 2212 pauci
869 2143 1175 2198 incolumes
1208 2144 1503 2208 evaserint,
1530 2142 1652 2212 fuga
1696 2142 1926 2197 salutem
1973 2156 2072 2194 na—

494 2244 604 2302 cta;
635 2237 722 2292 his
752 2251 875 2308 ego,
908 2246 1097 2307 utpote
1131 2217 1481 2308 fugientibus,
1516 2248 1572 2292 et
1607 2239 1732 2306 fuga
1765 2235 2075 2305 defatigatis

496 2335 554 2383 et
578 2328 796 2393 solutis,
818 2342 940 2383 cum
974 2328 1139 2384 urbes
1166 2326 1483 2382 incolendas
1506 2342 1611 2381 non
1647 2326 1902 2389 habeant,
1936 2338 2073 2391 prae-

492 2420 635 2489 cipio
675 2430 734 2475 ut
769 2421 823 2475 in
872 2419 1017 2474 saltu
1069 2419 1213 2474 etin
1272 2420 1505 2473 desertis
1558 2417 1714 2480 locis,
1771 2424 2071 2491 occupante

493 2525 744 2582 vespera.
779 2511 1071 2567 dormiant.
1110 2510 1310 2566 Verum
1342 2526 1409 2564 ne
1440 2508 1586 2563 fame
1632 2519 1882 2573 pereant,
1915 2505 2070 2561 lassis

492 2608 599 2663 iliis
647 2617 702 2663 et
754 2607 1067 2663 sitientibus
1098 2606 1280 2662 oﬂ'erri
1331 2622 1527 2675 aquam
1560 2616 1616 2661 et
1650 2621 1848 2677 panem
1887 2604 2066 2673 iubeo.

493 2702 587 2757 llis
622 2714 801 2757 autem
848 2717 942 2756 vos
986 2702 1252 2772 alloquor,
1277 2701 1372 2771 qui
1410 2701 1692 2763 'Ilt:uman,
1740 2700 1820 2753 sic
1867 2699 2066 2751 dictam

492 2796 797 2864 regionem,
836 2795 1076 2850 incolitis
1108 2810 1121 2847 :
1158 2808 1296 2863 quos
1343 2794 1596 2846 convenit
1641 2790 1912 2860 fugientes
1945 2804 2069 2858 per-

491 2884 806 2939 humaniter
850 2885 1105 2953 excipere
1149 2896 1204 2938 et
1256 2893 1518 2940 tractare.
1568 2881 1705 2935 Puto
1751 2890 1930 2935 autem
1974 2894 2068 2936 eos

489 2989 618 3029 cum
656 2975 935 3031 civitatem
969 2976 1209 3030 incolere
1239 2990 1346 3029 non
1388 2974 1616 3044 possint,
1646 2975 1700 3028 in
1742 2973 1846 3026 viis
1875 2982 1929 3027 et
1958 2972 2066 3027 sal-

491 3066 639 3121 tibus
677 3066 1027 3121 babitaturos
1060 3081 1203 3121 esse.
1235 3064 1600 3132 Quamobrem
1639 3083 1705 3119 ne
1752 3064 2066 3134 despiciatis

486 3172 585 3211 eos
627 3156 721 3226 qui
773 3165 886 3212 tam
935 3156 1327 3212 miserabiliter
1369 3156 1511 3211 fame
1558 3166 1781 3225 pereunt
1810 3197 1825 3217 ,
1865 3156 1954 3223 qui
1996 3170 2060 3209 ex

487 3251 843 3307 inimicorum
877 3251 1057 3321 gladio
1097 3252 1230 3307 salvi
1277 3261 1613 3307 evaserunt:
1650 3253 1792 3319 quod
1828 3250 2063 3304 maxime

484 3356 555 3397 ex
599 3351 745 3398 tanta
782 3342 1134 3398 multitudine
1177 3344 1473 3407 evaserint,
1528 3341 1747 3397 cmtcris
1796 3341 2065 3411 pereunti-

488 3435 613 3497 bus,
649 3443 744 3489 aut
773 3435 826 3489 in
859 3435 984 3490 aliis
1017 3432 1248 3490 desertis
1279 3435 1412 3490 locis
1441 3433 1775 3488 errantibus.

2182 1962 2424 2014 πτόντων
2447 1961 2591 2032 ὑμᾶς
2618 1959 2907 2031 πολεμίων,
2937 1960 2986 2013 οἱ
3021 1960 3119 2030 μὲν
3153 1958 3392 2011 πλεῖστοι
3419 1957 3527 2009 τῶν
3546 1958 3603 2009 ὲν
3632 1956 3763 2026 ύμῖν

2177 2053 2527 2117 ἀπόλλυνται,
2570 2047 2653 2117 εἷς
2697 2053 2753 2106 δέ
2782 2070 2887 2106 που
2925 2052 3019 2105 καὶ
3044 2050 3313 2121 δεύτερος,
3362 2049 3514 2121 ἢκαὶ
3558 2048 3764 2119 σφόδρα

2177 2144 2403 2216 βραχεῖς
2450 2145 2499 2197 εἰ
2541 2144 2898 2216 περισωθείεν
2926 2147 3068 2215 φυγῇ
3111 2142 3209 2214 τὴν
3237 2141 3512 2213 σωτηρίαν
3543 2139 3764 2212 ποριζό-

2178 2251 2350 2307 μενοι,
2411 2234 2623 2297 τούτοις
2668 2235 2850 2298 αύτοῖς
2901 2233 3011 2303 ἐγὼ
3054 2232 3517 2305 παρακελεύομαι,
3557 2232 3766 2285 ὡσανεὶ

2174 2324 2434 2395 φεύγουσι
2490 2326 2587 2379 καὶ
2638 2327 2702 2379 ἐκ
2747 2326 2845 2397 τῆς
2879 2326 3058 2395 φυγῆς
3108 2324 3462 2396 παρειμένοις
3505 2322 3608 2394 ἤδη
3664 2324 3764 2377 καὶ

2172 2419 2572 2490 ἐκλελυμένοις,
2607 2418 2949 2490 μηκέτιγοῦν
2983 2418 3136 2471 πόλιν
3156 2420 3323 2471 οἰκεῖν
3357 2417 3591 2487 ἔχοντες,
3613 2407 3762 2470 οὗτοι

2171 2512 2231 2565 ὲν
2262 2511 2454 2584 δρυμῷ
2492 2513 2585 2567 καὶ
2619 2513 2675 2566 ὲν
2703 2512 2932 2583 ἐρήμοις
2974 2512 3181 2575 τόποις,
3218 2510 3635 2580 καταλαϐούσης
3662 2509 3759 2563 αύ-

2168 2606 2296 2669 τοὺς
2343 2605 2580 2677 ἑσπέρας
2636 2603 3082 2676 κοιμηθήσονται.
3141 2602 3278 2657 Ἀλλ’
3326 2603 3413 2657 ἵνα
3487 2602 3561 2673 μὴ
3614 2600 3759 2672 λιμῷ

2170 2698 2538 2770 διαφθαρεῖεν,
2569 2695 2910 2768 κεκμηκόσιν
2934 2697 3115 2760 αὐτοῖς
3144 2695 3238 2748 καὶ
3265 2694 3491 2764 διψῶσιν
3518 2691 3625 2746 ἀπὸ
3654 2709 3757 2746 κα-

2173 2791 2368 2867 μάτου,
2401 2790 2732 2863 προσφέρειν
2775 2789 2919 2861 ὕδωρ
2962 2790 3055 2843 καὶ
3094 2788 3256 2860 ἄρτον
3290 2784 3752 2859 παρακελεύομαι.

2170 2883 2357 2937 Ταῦτα
2390 2883 2448 2937 δὲ
2482 2884 2617 2955 πρὸς
2664 2884 2809 2954 ὑμᾶς
2865 2900 3008 2954 φημι
3063 2883 3189 2946 τοὺς
3220 2881 3321 2953 τὴν
3365 2878 3580 2952 Θαιμάν
3611 2876 3756 2931 οὕτω

2169 2976 2512 3045 καλουμένην
2570 2973 2754 3045 χώραν
2804 2973 3109 3038 οἰκοῦντας,
3161 2972 3255 3037 οὓς
3311 2972 3509 3044 πρέπει
3565 2970 3753 3037 δεξιῶς

2167 3067 2525 3138 ἀποδέχεσθαι
2577 3066 2671 3119 καὶ
2714 3064 3255 3137 φιλανθρωπεύεσθαι
3311 3066 3437 3129 τοὺς
3486 3063 3744 3134 φυγάδας.

2172 3156 2336 3230 Οἶμαι
2359 3159 2415 3212 δὲ
2450 3160 2603 3212 πόλιν
2638 3158 2716 3211 ἔτι
2759 3161 3034 3211 κατοικεῖν
3073 3159 3133 3211 ού
3167 3158 3470 3228 δυνάμενοι,
3514 3158 3571 3211 ὲν
3615 3156 3752 3218 όδοίς

2170 3253 2263 3306 καὶ
2286 3252 2509 3322 δρυμοῖς
2560 3249 3000 3322 αύλισθήσονται.
3044 3250 3134 3303 Διὸ
3177 3249 3254 3320 μὴ
3280 3250 3541 3320 παρίδητε
3579 3249 3752 3312 οὕτως

2166 3344 2400 3415 οἰκτρῶς
2420 3342 2563 3414 λιμῷ
2592 3343 2976 3414 φθειρομένους
3005 3342 3133 3404 τοὺς
3161 3341 3523 3403 διασωθέντας
3555 3341 3619 3392 ὲκ
3650 3340 3753 3411 τῆς

2166 3436 2274 3490 τῶν
2319 3436 2592 3506 πολεμίων
2641 3436 2935 3508 μαχαίρας
2992 3435 3041 3489 οἳ
3092 3433 3329 3504 μάλιστα
3380 3434 3444 3485 ὲκ
3491 3430 3751 3485 τοσούτου

489 3524 730 3598 πλήθους
757 3526 1071 3600 δεδύνηνται
1092 3528 1395 3599 διαφυγεῖν,
1431 3528 1539 3583 τῶν
1564 3528 1765 3585 λοιπῶν
1797 3527 2171 3597 ἀπολωλότων,
2219 3530 2252 3601 ἤ
2301 3532 2394 3583 καὶ
2432 3528 2921 3600 ἀποπλανηθέντων
2973 3530 3032 3581 ὲν
3077 3527 3284 3598 ἑτέροις
3343 3525 3752 3596 ἀπῳκισμένοις

483 3621 691 3688 τόποις.

559 3714 723 3771 γεω.
749 3715 847 3782 -16,
878 3718 963 3771 17.
994 3736 1013 3768 ι
1039 3717 1304 3784 Quoniam
1337 3719 1417 3773 sic
1443 3719 1577 3771 dixit
1607 3719 1737 3773 mihi
1773 3718 2056 3780 Dominus.

481 3808 673 3863 Adhuc
713 3821 888 3861 annus
917 3816 1177 3878 tanquam
1233 3822 1411 3862 annus
1458 3810 1804 3871 mercenarii,
1838 3809 2060 3863 deﬁciet

482 3900 657 3970 gloria
703 3900 939 3954 iiliorum
975 3900 1151 3955 Cedar
1177 3920 1190 3955 :
1216 3914 1270 3956 et
1310 3903 1453 3972 quod
1509 3903 1780 3970 reliquum
1835 3913 1914 3955 est
1970 3917 2059 3955 ar-

479 4004 643 4047 cuum
684 3990 907 4046 fortium
950 3993 1183 4047 liliorum
1226 3992 1423 4057 Cedat,
1459 3994 1566 4047 erit
1604 3993 1883 4063 exiguum,
1921 4009 2058 4061 quo-

481 4082 629 4139 niam
663 4084 924 4139 Dominus
954 4084 1096 4139 Deus
1118 4083 1281 4139 Israel
1316 4083 1527 4139 locutus
1558 4092 1660 4138 est.
1695 4104 1714 4134 ι
1740 4082 1894 4149 Quod
1928 4098 2055 4150 pro-

479 4189 572 4246 pe,
607 4186 663 4231 et
704 4176 865 4246 quasi
916 4176 1057 4230 intra
1104 4177 1298 4247 ianuas
1343 4177 1644 4247 ingressum
1701 4177 1772 4231 sit
1813 4175 2057 4231 Idumam

479 4269 706 4323 exitium
733 4285 747 4322 :
772 4278 826 4323 et
851 4269 997 4339 quod
1047 4271 1272 4325 omnino
1325 4271 1380 4325 in
1424 4271 1724 4341 perniciem
1762 4270 1886 4324 ituri
1920 4269 2053 4333 sint,

480 4360 795 4434 Babyloniis
842 4378 1031 4417 eorum
1086 4365 1252 4418 urbes
1303 4364 1739 4427 incendentibus,
1773 4378 1839 4418 ac
1885 4372 2055 4416 totam

480 4456 759 4528 regionem
813 4455 1236 4526 populantibus,
1291 4457 1438 4511 clare
1491 4457 1839 4525 praenuntiat.
1904 4455 2055 4509 Unus

478 4553 704 4624 quippe,
743 4550 844 4613 ait,
880 4549 1182 4605 intercedet
1230 4565 1428 4613 annus,
1458 4560 1515 4604 et
1545 4550 1814 4620 sagittarii
1855 4548 2053 4613 Cedar,

2244 3738 2262 3769 ι
2308 3717 2451 3771 Διάτι
2489 3715 2663 3780 οὕτως
2710 3712 2829 3769 εἶπέ
2863 3733 2953 3787 μοι
2983 3715 3205 3788 Κύριος
3243 3715 3363 3769 Ἔτι
3396 3713 3642 3777 ἐνιαυτὸς
3671 3714 3750 3780 ὡς

2160 3809 2409 3873 ἐνιαυτὸς
2438 3808 2730 3880 μισθωτοῦ,
2762 3807 2999 3877 ἐκλείψει
3032 3809 3065 3878 ἡ
3092 3806 3216 3872 δόξα
3240 3806 3350 3861 τῶν
3376 3805 3506 3859 υἱῶν
3532 3805 3746 3877 Κηδὰρ,

2165 3903 2261 3955 καὶ
2276 3902 2335 3955 τὸ
2357 3902 2681 3955 κατάλοιπον
2699 3901 2807 3954 τῶν
2829 3899 3176 3970 τοξευμάτων
3206 3898 3314 3951 τῶν
3346 3896 3583 3969 ἰσχυρῶν
3614 3897 3748 3951 υίῶν

2166 3995 2356 4067 Κηδὰρ
2390 3994 2540 4049 ἔσται
2572 3994 2771 4061 ὀλίγον,
2806 3995 2887 4046 ὅτι
2918 3992 3121 4064 Κύριος
3149 3993 3178 4046 6
3201 3990 3331 4055 Θεὸς
3376 3989 3591 4062 Ἰσραὴλ
3618 3988 3747 4042 ἐλά-

2163 4090 2347 4162 λησεν.
2383 4110 2403 4142 ι
2435 4091 2559 4143 Ὅτι
2604 4090 2825 4158 γέγονεν
2874 4088 3060 4156 ἐγγὺς,
3097 4087 3191 4140 καὶ
3238 4080 3351 4139 οἷον
3379 4085 3509 4138 εἴσω
3545 4084 3744 4156 βέϐηκε

2163 4184 2344 4255 θυρῶν
2377 4186 2405 4237 6
2434 4184 2531 4254 τῆς
2585 4181 2890 4253 Ἰδουμαίας
2939 4179 3179 4249 ὄλεθρος,
3225 4180 3319 4233 καὶ
3359 4180 3440 4233 ὅτι
3475 4178 3651 4249 πάντη
3684 4196 3746 4232 τε

2164 4276 2259 4329 καὶ
2319 4276 2535 4339 πάντως
2587 4277 2893 4346 οἰχήσονται
2950 4272 3086 4344 πρὸς
3138 4270 3430 4335 ἀπώλειαν,
3472 4288 3745 4341 κατεμπι-

2163 4370 2417 4441 πράντων
2450 4372 2632 4432 αὐτοῖς
2686 4366 2784 4431 τὰς
2834 4366 3017 4429 πόλεις
3072 4365 3180 4418 τῶν
3224 4363 3600 4427 Βαϐυλωνίων,
3650 4365 3747 4417 καὶ

2164 4462 2379 4515 ἃπασαν
2405 4461 2462 4514 δὲ
2490 4459 2899 4530 καταδῃούντων
2930 4457 3027 4528 τὴν
3065 4460 3272 4529 χώραν,
3304 4456 3747 4529 προαπαγγέλλει.

2164 4552 2371 4622 σαφῶς.
2415 4546 2509 4614 Εἷς
2547 4549 2654 4621 γὰρ
2689 4549 2862 4612 ἔσται,
2895 4549 3079 4619 φησὶν,
3118 4549 3148 4601 6
3181 4550 3424 4612 ἐνιαυτὸς
3449 4550 3477 4601 6
3515 4548 3743 4619 μεταξὺ,

475 4643 718 4709 etiamsi,
749 4644 947 4711 inquit,
976 4642 1171 4696 mirum
1200 4642 1293 4706 sit,
1328 4643 1381 4696 in
1422 4643 1539 4713 ejus
1582 4645 1657 4698 rei
1689 4638 2053 4711 suspicionem

2171 4645 2256 4697 καὶ
2288 4646 2336 4698 οἱ
2367 4644 2464 4713 τῆς
2494 4642 2684 4714 Κηδὰρ
2722 4642 2955 4706 τοξόται,
2993 4642 3188 4703 καίτοι,
3225 4642 3408 4712 φησὶν,
3437 4642 3537 4695 οὐκ
3575 4642 3747 4696 ἀθαύ-

476 4738 781 4797 venientcs,
822 4733 1077 4791 deﬁcient
1126 4744 1182 4788 et
1234 4733 1506 4803 peribunt.
1557 4731 1806 4801 Veraque
1859 4731 2056 4801 praedi-

477 4830 587 4884 ctio
616 4838 719 4891 eSt,
762 4826 1021 4881 Dominus
1063 4825 1209 4878 enim
1269 4822 1410 4877 Deus
1466 4822 1637 4876 Israel
1685 4820 1899 4875 locutus
1946 4826 2050 4873 est.

480 4922 696 4977 Veritas
718 4930 899 4977 autem
926 4933 1206 4986 nunquam
1239 4916 1552 4970 mentietur.

1045 5116 1271 5173 CAPUT
1312 5115 1474 5169 XX".

548 5279 713 5335 Vens.
747 5281 800 5336 l.
826 5304 847 5334 ι
876 5280 1033 5335 Visio
1058 5278 1215 5333 vallis
1247 5277 1400 5331 Sion.
1435 5275 1575 5345 Quid
1608 5276 1807 5330 factum
1826 5285 1909 5331 est
1934 5276 2050 5340 tibi,

474 5374 729 5443 quoniam
770 5390 919 5428 mine
961 5371 1297 5431 asccntli‘stis
1334 5385 1527 5425 Omnes
1564 5368 1615 5421 in
1658 5376 1797 5424 tecta
1824 5369 1999 5423 vana?
2028 5387 2047 5420 ι

471 5468 720 5525 i’msens
750 5466 907 5523 vallis
942 5465 1127 5521 Sionis
1158 5465 1319 5522 visio.
1350 5480 1453 5518 non
1486 5464 1552 5517 de
1592 5462 1710 5534 ipsa
1741 5462 1930 5523 Sione.
1956 5463 2052 5517 sed

475 5562 547 5616 de
573 5561 862 5625 adiacente
885 5558 1021 5613 valle
1047 5559 1265 5615 dicitur.
1299 5556 1668 5622 Quamobrem
1712 5555 1785 5610 ait
1814 5566 2004 5626 postea
2031 5574 2044 5611 :

476 5671 499 5706 ι
526 5653 591 5709 Et
615 5659 779 5707 erunt
806 5649 992 5706 eiecta:
1011 5649 1176 5704 valles
1207 5658 1333 5713 tuae,
1370 5647 1722 5717 replebuntur
1756 5648 2043 5703 curribus:

472 5747 683 5819 equites
741 5758 873 5799 vero
930 5741 1224 5797 occludent
1286 5758 1473 5813 portas
1539 5750 1723 5797 tuas.»
1803 5742 2050 5797 Arbitror

474 5853 635 5913 porro
672 5837 844 5897 Deum
891 5835 979 5893 bis.
1019 5831 1382 5903 abjCClionem
1430 5835 1646 5895 lsraclis
1671 5848 1723 5895 et
1747 5849 2045 5895 extremam

2162 4751 2383 4806 μαστον’
2420 4736 2505 4788 ἐπ’
2545 4733 2693 4805 αὐτῷ
2723 4735 2780 4788 δὲ
2804 4734 2977 4806 τούτῳ
3005 4735 3101 4807 τὴν
3127 4733 3394 4806 ὑπόληψιν
3423 4735 3744 4805 ἐσχηκότες,

2158 4824 2469 4895 ἐκλείψουσί
2495 4842 2554 4878 τε
2586 4825 2679 4879 καὶ
2711 4824 3055 4881 ἀπολοῦνται.
3084 4827 3192 4879 Καὶ
3220 4826 3425 4897 ἀληθὴς
3448 4828 3482 4898 ἡ
3505 4828 3746 4899 προαγό-

2162 4933 2363 4987 ρευσις·
2397 4915 2600 4986 Κύριος
2631 4915 2739 4987 γὰρ
2767 4915 3024 4987 ἐλάλησεν
3050 4919 3077 4969 ὁ
3098 4917 3231 4981 Θεὸς
3266 4917 3502 4989 Ἰσραήλ.
3527 4919 3745 4973 Ψεύσε-

2161 5024 2251 5061 ται
2287 5006 2342 5061 δὲ
2369 5007 2566 5078 μᾶλλον
2595 5007 2897 5079 ούδαμῶςή
2929 5008 3171 5080 ἀλήθεια.

2681 5124 3072 5179 ΚΕΦΑΛΑΙΟΝ
3097 5127 3222 5181 KB'.

2237 5302 2254 5332 ι
2311 5282 2383 5334 Τὸ
2409 5282 2591 5353 ὅραμα
2618 5281 2718 5351 τῆς
2751 5283 3033 5353 φάραγγος
3078 5282 3234 5339 Σιών.
3265 5285 3329 5336 Τί
3370 5286 3590 5355 ἐγένετό
3633 5304 3739 5351 σοι,

2157 5376 2239 5427 ὃτι
2270 5374 2365 5430 νῦν
2395 5375 2623 5446 ἁνὲϐητε
2647 5375 2849 5441 πάντες
2881 5378 2961 5439 εἰς
3000 5375 3224 5446 δώματα
3258 5378 3500 5448 μάταια;
3532 5400 3551 5431 ι
3577 5381 3650 5434 Τό
3678 5397 3742 5449 γε

2160 5469 2271 5541 μὴν
2323 5467 2683 5539 προκείμενον
2743 5469 3026 5539 φάραγγος
3086 5467 3225 5521 Σιὼν
3286 5470 3470 5543 ὅραμα
3518 5472 3578 5525 ού
3642 5473 3745 5544 τῆς

2156 5560 2326 5630 αὐτῆς
2361 5559 2519 5623 Σιὼν,
2557 5559 2693 5613 ἀλλὰ
2731 5560 2857 5632 περὶ
2901 5559 3002 5629 τῆς
3052 5562 3419 5634 προκειμένης
3455 5564 3593 5635 αὐτῇ
3638 5567 3743 5633 φάν.

2157 5672 2362 5726 ραγγος
2388 5656 2620 5727 εἴρηται.
2663 5655 2860 5725 Διόπερ
2916 5655 3040 5726 ἑξῆς
3071 5654 3273 5727 προῖὼν
3318 5656 3347 5709 6
3396 5656 3550 5724 λόγος
3580 5659 3735 5731 φησί·

2161 5766 2179 5800 ι
2223 5748 2333 5801 Καὶ
2361 5747 2572 5802 ἔσονται
2626 5748 2881 5802 ἐκλεκταὶ
2908 5748 3193 5821 φάραγγες
3227 5769 3344 5816 σου,
3394 5751 3733 5821 πλησθήσον-

2156 5860 2241 5899 ται
2290 5843 2569 5917 amrin-rw
2614 5845 2658 5897 oi
2706 5843 2989 5914 Eijnrrsi;
3029 5845 3366 5920 ἐμφράξουσι
3415 5845 3511 5911 τὰς
3560 5842 3731 5913 πύλας
