3976 6194
263 342 373 398 2ίὸ

1194 343 1689 401 (ΖΟΜΜΕΝΤΑΒΙᾹ
1731 343 1797 400 ΙΝ
1840 347 2091 403 ISAIAM.
2134 382 2203 390 —
2240 350 2389 407 CAP.
2433 349 2598 406 XXII.

3407 363 3513 417 2-56

268 477 391 516 σου.
427 477 448 513 ι
491 455 660 530 οἶμαι
705 457 792 512 διὰ
825 456 1030 511 τούτων
1064 459 1153 512 τὸν
1183 459 1313 514 Θεὸν
1344 461 1443 533 τὴν
1465 461 1734 534 ἀποϐολὴν
1758 464 1844 518 τοῦ

1952 465 2070 534 ejus
2094 467 2310 521 ruinam
2340 469 2653 539 significare
2688 471 2846 548 velle,
2889 470 3144 540 ipsosque
3171 474 3223 526 in
3260 473 3518 547 alienige-

280 552 505 626 Ἰσραὴλ
534 552 626 605 καὶ
651 553 748 622 τὴν
777 550 1012 622 ἐσχάτην
1040 551 1353 606 ἀπόπτωσιν
1387 556 1627 625 σημῆναι
1660 555 1844 625 βουλό-

275 661 460 716 μενον,
487 645 544 697 ἐν
575 642 653 714 τῷ
670 642 908 713 τάγματι
931 643 1036 695 τῶν
1053 642 1363 712 ἀλλοφύλων
1391 646 1586 710 αὐτοὺς
1613 647 1848 700 κατατά-

275 736 387 802 ξαι,
420 734 618 808 μέσους
645 733 1207 806 παραληφθένταςτῆς
1237 735 1346 788 τῶν
1374 736 1685 807 ἀλλοφύλων
1704 739 1843 808 Γρα-

273 828 405 900 φῆς.
434 826 591 880 ’Λλλά
619 825 711 879 καὶ
731 825 829 897 τὴν
851 825 1060 879 πτῶσιν
1088 827 1188 897 τῆς
1227 827 1575 899 Ἰερουσαλὴμ
1606 828 1845 899 ἡγοῦμαι

273 916 584 990 δηλοῦσθαι,
616 915 705 970 διὰ
735 915 894 969 τοῦτο
935 915 1194 985 φάραγγα
1234 914 1372 970 Σιὼν
1404 916 1704 988 ὀνομάζων.
1735 917 1846 970 Καὶ

273 1010 444 1073 ἄλλως
466 1007 524 1062 δέ
566 1008 840 1080 μέμφεται
867 1009 896 1060 6
923 1007 1056 1072 θεὸς
1076 1005 1168 1060 τοῦ
1209 1006 1476 1061 Ἰουδαίων
1510 1007 1695 1072 ἔθνους
1720 1009 1846 1072 τοὺς

270 1101 648 1165 ἀποπεσόντας
679 1099 771 1154 τοῦ
805 1100 971 1170 ὕψους
1002 1100 1095 1154 τοῦ
1115 1100 1399 1166 θεοσεϐοῦς
1430 1101 1841 1172 πολιτεύματος,

269 1195 459 1266 ὥσπερ
495 1193 561 1265 δὴ
577 1195 637 1246 ἐν
666 1192 874 1246 κοιλάσι
905 1193 1001 1246 καὶ
1027 1194 1086 1246 ἐν
1110 1192 1352 1264 φάραγξι
1394 1193 1488 1246 τοῦ
1520 1195 1618 1265 τῆς
1648 1195 1845 1259 κακίας

270 1286 432 1357 βυθοῦ
488 1283 1010 1348 καταπεπτωκότας.
1062 1283 1200 1337 Σιὼν
1261 1285 1358 1356 μὲν
1384 1285 1494 1357 γάρ
1536 1286 1660 1358 ὄρος
1697 1288 1845 1340 ἐστὶν

267 1378 494 1449 ὑψηλὸν,
535 1378 620 1447 ἐφ’
650 1373 710 1431 οὗ
740 1378 769 1430 6
812 1374 948 1439 νεὼς
976 1375 1070 1428 τοῦ
1100 1375 1234 1429 Θεοῦ
1269 1377 1600 1448 ᾠκοδόμητο·
1628 1377 1708 1430 διὸ
1757 1377 1846 1431 λέ-

265 1469 473 1524 λεκται·
509 1488 529 1520 ι
579 1469 696 1521 Ἐπ’
723 1467 848 1538 ὅρος
869 1467 1070 1538 ὑψηλὸν
1096 1467 1347 1538 ἀνάϐηθι,
1380 1470 1408 1521 6
1430 1469 1846 1540 εὐαγγελιζόμε-

264 1579 355 1626 νος
383 1560 542 1614 Σιών·
600 1580 618 1612 ι
657 1562 773 1626 καὶ,
807 1579 826 1612 ι
874 1560 1318 1632 Προσεληλύθατε
1373 1561 1512 1614 Σιὼν
1563 1563 1699 1634 ὄρει,
1751 1563 1844 1618 καὶ

265 1655 421 1707 πόλει
451 1654 587 1707 Θεοῦ
616 1652 818 1717 ζῶντος
858 1652 1208 1724 Ἰερουσαλὴμ
1249 1654 1574 1725 ἐπουρανίῳ.
1618 1675 1636 1707 ι
1674 1657 1784 1710 Καὶ
1815 1658 1842 1708 6

267 1744 426 1813 λόγος
441 1745 499 1800 δὲ
527 1748 555 1800 6
585 1745 935 1815 εῦαγγελικὸς
959 1745 1048 1798 διὰ
1075 1745 1165 1798 τοῦ
1189 1744 1324 1798 Σιὼν
1339 1745 1462 1816 ὅρος
1485 1747 1843 1818 σημαίνεσθαι

269 1838 361 1892 διὰ
385 1838 494 1891 τῶν
523 1837 826 1909 ἔμπροσθεν
854 1838 1215 1891 ἐπεδείκνυτο.
1249 1840 1313 1892 Ol
1355 1839 1412 1892 δὲ
1437 1839 1641 1910 ταύτης
1685 1841 1846 1893 ἐκπε-
1877 1827 1918 1882 Β

274 1931 460 1994 σὸντες
473 1930 570 2000 τῆς
601 1929 810 1995 ἐλπίδος
829 1931 886 1983 ὲν
911 1931 1154 2002 φάραγγι
1174 1931 1548 2002 παρακειμένῃ
1579 1931 1676 2001 τῆς
1705 1931 1844 1985 Σιὼν

275 2023 617 2077 πεπτώκασι·
643 2022 801 2077 πάλιν
851 2024 958 2096 γάρ
990 2026 1162 2096 ἀρετῇ
1191 2024 1359 2077 κακία
1391 2022 1715 2094 παρέπεται,
1765 2025 1844 2087 είς

271 2118 339 2184 ἥν
371 2116 631 2186 ἐμπίπτει
664 2119 693 2170 6
737 2118 832 2188 τῆς
864 2116 1068 2188 ἀρετῆς
1103 2115 1499 2181 ἐξολισθαίνων.
1532 2115 1687 2169 Οῦτω
1714 2115 1844 2182 γοῦν

267 2209 317 2259 0i
330 2207 430 2276 τῆς
465 2207 696 2272 πίστεως
727 2208 1189 2279 ἐξαμαρτάνοντες
1215 2209 1294 2271 είς
1309 2207 1565 2261 ἀπιστίαν
1591 2207 1844 2278 περιτρέ-

266 2315 477 2352 πονται.
516 2299 572 2351 Ὀ
591 2300 766 2352 τοίνυν
790 2300 855 2353 ἐκ
875 2299 1176 2370 περιτομῆς
1193 2298 1341 2363 λαὸς,
1367 2297 1460 2352 τοῦ
1486 2299 1842 2367 εὐαγγελικοῦ

264 2389 432 2459 ὕψους
493 2390 760 2451 ἐκπεσὼν,
810 2392 906 2445 καὶ
935 2391 1034 2461 τῆς
1080 2390 1402 2461 ἐπουρανίου
1437 2389 1572 2443 Σιὼν
1611 2391 1844 2443 ἀπαλλο-

261 2482 534 2553 τριωθεὶς,
576 2484 655 2546 είς
673 2483 766 2536 τὸν
802 2483 904 2554 τῆς
929 2483 1188 2546 ἀπιστίας
1215 2484 1553 2556 περιετράπη
1577 2483 1840 2556 κρημνόν·

259 2573 344 2627 διὸ
387 2575 480 2627 καὶ
507 2576 565 2628 ἐν
613 2573 932 2643 ἀλλοφύλοις
962 2573 1234 2644 ἐλογίσθη.
1271 2573 1432 2628 Ὅθεν
1469 2576 1502 2645 ἠ
1536 2574 1842 2647 προφητεία

260 2665 361 2737 τὴν
395 2666 632 2736 ἐσχάτην
661 2665 844 2720 αὐτῶν
882 2666 1152 2738 ἀποϐολὴν
1183 2665 1548 2737 αἰνιττομένη,
1577 2666 1639 2719 τὸ
1691 2666 1843 2736 ῥῆμα

262 2758 359 2828 τῆς
389 2758 669 2830 φάραγγος
700 2757 1024 2829 ἀνέγραψεν.
1069 2759 1220 2811 Ἐπεὶ
1249 2760 1322 2830 μή
1348 2760 1464 2811 ἐστι
1491 2758 1844 2829 προσωπολη-

262 2850 362 2920 ψία
407 2853 559 2922 παρά
585 2851 664 2922 τῷ
710 2851 851 2922 Θεῷ,
885 2849 1078 2904 τούτου
1115 2851 1275 2921 χάριν
1304 2852 1362 2904 ἐν
1388 2854 1498 2915 τοῖς
1545 2850 1684 2904 κατά
1733 2850 1842 2902 τῶν

265 2940 577 3008 ἀλλοφύλων
601 2939 834 3009 ἐλέγχοις
865 2939 1030 3008 μέσος
1054 2937 1386 3009 ἐμϐέϐληται
1416 2937 1558 2990 καὶὸ
1587 2937 1714 3007 περὶ
1743 2937 1843 3006 τῆς

267 3031 408 3085 Σιὼν
436 3031 614 3100 λόγος.
636 3032 726 3084 Διὸ
765 3031 855 3085 καὶ
881 3031 1007 3094 τοὺς
1037 3029 1136 3101 τῆς
1173 3028 1523 3101 Ἰερουσαλὴμ
1551 3030 1841 3100 οἰκήτορας

264 3124 460 3195 ὥσπερ
493 3126 550 3178 ἐν
578 3123 890 3192 ἀλλοφύλοις
914 3123 1238 3178 κατατάττει
1265 3124 1292 3175 ὁ
1307 3121 1459 3185 Θεὸς,
1487 3122 1579 3174 καὶ
1601 3120 1698 3191 τὴν
1717 3121 1837 3174 κατ’

266 3213 448 3269 αὐτῶν
474 3213 736 3285 προφέρει
763 3213 958 3285 ψῆφον.

346 3325 365 3358 ι
419 3305 750 3378 Ἐνεπλήσθη
784 3309 817 3377 ἡ
850 3306 1003 3370 πόλις
1029 3305 1293 3376 βοώντων·
1313 3307 1362 3358 οί
1383 3305 1717 3377 τραυματίαι
1747 3322 1840 3359 σου

264 3397 329 3452 οῦ
345 3399 674 3470 τραυματίαι
692 3399 985 3470 μαχαίρας·
997 3398 1103 3452 οὐδ’
1117 3399 1168 3452 οἱ
1181 3399 1360 3468 νεκροί
1377 3414 1468 3450 σου
1485 3398 1668 3469 νεκροὶ
1688 3397 1842 3449 πολέ-

265 3506 390 3559 μου.
432 3509 451 3541 ι
475 3489 708 3560 Θεωρῶν
726 3489 783 3542 δὲ
808 3492 837 3542 6
868 3490 1152 3560 προφήτης
1181 3488 1258 3559 τῷ
1280 3488 1548 3558 πνεύματι
1579 3488 1676 3551 τὰς
1701 3487 1843 3540 κατά

262 3581 361 3636 τοῦ
413 3582 667 3654 Σωτῆρος
713 3581 841 3651 βοὰς
879 3581 1082 3649 αὐτῶν,
1115 3583 1210 3636 καὶ
1247 3582 1346 3645 τὰς
1381 3581 1572 3646 ἀθέους
1595 3583 1714 3635 κατ’
1740 3583 1840 3634 αύ-

268 3672 364 3726 τοῦ
417 3673 783 3745 βλασφημίας,
845 3673 914 3726 δι’
971 3673 1038 3737 ἃς
1090 3673 1509 3745 ἀπεϐλήθησαν,
1569 3673 1838 3745 ἐπιφέρει·

354 3871 373 3905 ι
427 3851 800 3923 Ἐνεπλήσθηὴ
824 3850 973 3914 πόλις
989 3849 1252 3920 βοώντων.
1280 3851 1486 3915 Πάντες
1514 3853 1562 3904 οἱ
1585 3851 1843 3923 ἄρχοντές

271 3961 370 3998 σου
415 3944 735 4013 πεφεύγασι,
771 3943 864 3996 καὶ
911 3943 959 3994 οί
999 3942 1217 4006 ἁλόντες
1270 3943 1519 4015 σκληρῶς
1571 3944 1842 4014 δεδεμένοι

264 4036 400 4101 εἰσὶ,
436 4037 526 4090 καὶ
546 4037 596 4089 oi.
627 4036 898 4106 ἰσχύοντες
935 4038 992 4090 ἐν
1026 4037 1109 4090 σοὶ
1133 4037 1320 4108 πόρρω
1354 4036 1671 4106 πεφεύγασι.
1704 4056 1723 4088 ι
1754 4038 1844 4090 Διὸ

262 4129 449 4184 οὐκέτι
478 4127 619 4182 κατά
647 4128 709 4182 τὸ
741 4127 964 4181 παλαιὸν
999 4129 1125 4199 παρ’
1153 4129 1336 4190 αὐτοῖς
1360 4128 1422 4180 οὐ
1463 4126 1718 4197 βασιλεῖς,
1745 4128 1843 4198 οὐχ

263 4223 579 4294 ἡγούμενοι,
611 4223 712 4275 οὐκ
760 4223 1053 4294 ἀρχιερεῖς,
1107 4222 1169 4276 οῦ
1224 4222 1520 4292 προφῆται,
1571 4221 1685 4275 ἀλλ’
1724 4221 1843 4273 οῦδέ

262 4319 571 4388 Φαρισαῖοι,
620 4315 743 4368 οὐδὲ
800 4315 1166 4377 Σαδδουκαῖοι,
1199 4313 1322 4366 οὐδὲ
1356 4314 1470 4367 ὅσοι
1516 4313 1578 4366 τὸ
1616 4314 1843 4367 παλαιὸν

262 4411 388 4471 ταῖς
421 4406 550 4478 παρ’
577 4407 758 4468 αὐτοῖς
788 4405 983 4475 ἀρχαῖς
1011 4403 1315 4473 τετίμηντο.
1341 4401 1525 4456 Ταῦτα
1565 4399 1785 4455 συνιδὼν
1816 4403 1844 4454 6

263 4497 553 4568 προφήτης
578 4493 655 4565 τῷ
693 4492 984 4564 πνεύματι,
1024 4492 1120 4545 καὶ
1151 4490 1249 4563 τὴν
1281 4493 1346 4545 ἐκ
1383 4491 1638 4545 τοσούτου
1679 4490 1844 4559 ὕψους

265 4588 365 4642 ἐπὶ
410 4587 506 4659 τὴν
543 4585 780 4658 ἐσχάτην
813 4583 1010 4638 κακίαν
1053 4583 1242 4654 ὥσπερ
1280 4583 1400 4637 τινὰ
1433 4584 1714 4655 φάραγγα,
1747 4581 1845 4654 τὴν

262 4677 476 4733 πτῶσιν
494 4676 588 4730 τοῦ
632 4675 901 4730 Ἰουδαίων
933 4673 1062 4728 λαοῦ
1081 4673 1479 4744 ἀπολοφύρεται
1509 4675 1700 4743 λέγων·

344 4873 366 4906 ι
400 4854 496 4907 Διὰ
524 4852 682 4907 τοῦτο
709 4849 858 4916 εἶπα,
887 4851 1084 4921 ’Λφετέ
1121 4867 1208 4921 με,
1258 4849 1468 4921 πικρῶς
1515 4849 1838 4921 κλαύσομαι,

263 4948 348 5018 μὴ
404 4945 765 5016 κατισχύσητε
804 4944 1138 5016 παρακαλεῖν
1183 4960 1250 5014 με
1286 4943 1378 4996 ἐπὶ
1425 4941 1485 4994 τὸ
1529 4941 1840 5013 σύντριμμα

261 5043 370 5115 τῆς
413 5041 678 5112 θυγατρὸς
729 5040 823 5094 τοῦ
865 5040 1054 5109 γένους
1097 5056 1220 5110 μου.
1253 5057 1272 5089 ι
1321 5033 1451 5090 Οἶδα
1493 5036 1622 5107 γὰρ,
1657 5036 1840 5107 φησὶν,

261 5133 534 5204 ἀκριϐῶς,
569 5134 662 5186 καὶ
692 5131 770 5203 τῷ
805 5131 1074 5201 πνεύματι
1109 5128 1350 5202 προορῶ,
1378 5129 1474 5182 καὶ
1494 5126 1582 5180 διὰ
1605 5127 1672 5179 τὰ
1706 5143 1843 5198 προ-

261 5224 529 5296 λεχθέντα
572 5224 772 5285 πάντα,
817 5225 911 5277 καὶ
941 5225 976 5294 ἡ
1008 5222 1160 5285 πόλις
1191 5224 1225 5292 ἡ
1253 5221 1331 5292 τῷ
1359 5219 1478 5288 Θεῷ
1509 5219 1845 5289 ἀνακειμένη

260 5315 539 5375 ἁλώσεται
562 5357 577 5381 ,
609 5318 704 5372 καὶ
741 5318 936 5380 πάντες
960 5317 1009 5369 οἱ
1047 5316 1105 5367 ἐν
1129 5315 1267 5384 αὐτῇ
1307 5315 1384 5377 εἰς
1429 5311 1606 5381 χαρὰν
1639 5310 1847 5383 ἐχθρῶν

264 5409 756 5480 παραδοθήσονται.
790 5409 989 5480 Διόπερ
1041 5405 1292 5460 ἐντεῦθεν
1348 5405 1450 5476 ἤδη
1481 5403 1846 5475 ἀποδυρομαι,

264 5504 365 5558 καὶ
396 5502 586 5574 ὥσπερ
633 5502 724 5555 ἐπὶ
770 5501 1009 5573 γνησίοις
1043 5497 1277 5570 ἐμαυτοῦ
1341 5495 1663 5567 σπλάγχνοις
1716 5497 1847 5549 ἀπο-

263 5594 550 5665 κλαίομαι.

342 5799 366 5832 ³
392 5799 516 5856 lsai.
554 5815 639 5869 η,
673 5798 725 5855 9.
803 5800 821 5830 ‘
849 5797 1008 5855 llebr.
1051 5813 1147 5867 χιι,
1172 5797 1259 5851 22.

1949 571 2141 611 narum
2169 559 2358 613 ordine
2390 574 2692 628 reponere;
2722 575 2843 613 nam
2891 561 3050 616 medii
3091 563 3230 617 inter
3260 565 3518 636 alienige-

1948 659 2046 700 nas
2087 646 2139 700 in
2191 647 2473 718 Scriptura
2522 649 2794 704 locantur.
2847 650 2955 706 Sed
2995 654 3159 708 etiam
3203 665 3336 724 puto
3389 672 3512 711 cum

1949 737 2328 811 Hierosolyma:
2359 743 2570 796 ruinam
2589 743 2884 809 declarare,
2914 744 3140 814 ideoque
3165 748 3355 803 vallem
3385 748 3516 804 Sion

1948 830 2119 897 ipsam
2171 847 2386 886 vocare.
2436 834 2689 902 Alioquin
2746 849 2876 890 vero
2907 851 2937 890 e
2984 833 3291 892 Judzeorum
3355 849 3517 908 gente

1947 923 2088 979 Deus
2110 939 2204 980 eos
2229 927 2500 996 coarguit,
2524 928 2615 996 qui
2645 943 2677 982 a
2699 927 2936 997 religiosi
2968 928 3200 984 instituti
3235 933 3516 988 cacumine

1947 1015 2288 1080 deciderunt,
2313 1032 2412 1072 ceu
2450 1018 2504 1070 in
2543 1018 2710 1073 valles
2751 1028 2808 1074 et
2841 1020 3126 1090 voragines
3157 1021 3516 1090 profundissi-

1947 1122 2048 1160 mae
2098 1106 2313 1161 Inalitize
2362 1107 2586 1178 delapsi.
2616 1109 2825 1163 Etenim
2882 1107 3012 1164 Sion
3069 1125 3222 1164 mons
3258 1120 3340 1165 est
3375 1125 3513 1180 pran—

1947 1197 2106 1262 altus,
2139 1197 2191 1251 in
2223 1213 2329 1266 quo
2359 1197 2614 1268 templum
2651 1199 2744 1253 Dei
2783 1199 3109 1254 aediﬁcatum
3147 1209 3265 1254 erat
3295 1218 3309 1252 :
3342 1215 3514 1270 quare

1946 1287 2188 1342 dicitur:
2220 1306 2238 1339 ι
2269 1288 2444 1358 Super
2494 1299 2731 1345 montem
2794 1290 3065 1344 excelsum
3123 1291 3377 1359 ascende,
3420 1293 3511 1360 qui

1947 1381 2292 1450 evangelizas
2344 1381 2545 1446 Sion';
2578 1399 2596 1433 ι
2657 1391 2710 1435 et
2763 1399 2776 1432 :
2832 1382 3202 1437 «Accessistis
3261 1383 3328 1438 ad
3383 1381 3517 1440 Sion

1948 1481 2212 1536 montem,
2247 1481 2301 1526 et
2348 1474 2620 1528 civitatem
2661 1473 2753 1530 Dei
2794 1473 3027 1528 viventis
3069 1471 3369 1529 Jerusalem
3397 1487 3515 1529 (30'.-

1945 1563 2142 1617 lestem
2162 1565 2202 1620 ⁸.
2233 1582 2251 1615 ι
2290 1565 2669 1635 Evangelicum
2713 1578 2892 1619 autem
2920 1579 3225 1622 sermonem
3255 1580 3352 1635 per
3384 1564 3516 1621 Sion

1947 1665 2186 1709 montem
2243 1655 2536 1726 significari
2584 1657 2835 1725 superius
2883 1666 3366 1712 commonstratqu
3410 1667 3516 1712 est.

1947 1748 2046 1815 Qui
2097 1763 2260 1817 porro
2293 1764 2358 1802 ex
2408 1749 2511 1804 hac
2543 1763 2637 1817 spe
2669 1749 3002 1815 deciderunt,
3033 1749 3089 1803 in
3119 1747 3314 1804 vallem
3363 1747 3516 1803 Sioni

1947 1837 2283 1906 adiacentem
2310 1839 2512 1908 delapsi
2546 1851 2672 1893 sunt
2710 1862 2721 1894 :
2753 1855 2877 1892 nam
2926 1853 3115 1895 rursus
3147 1840 3401 1894 virtutem
3432 1855 3517 1894 se-

1946 1932 2132 2000 quitur
2171 1931 2396 1998 malitia,
2447 1933 2500 1986 in
2537 1947 2698 2002 quam
2732 1930 2936 1987 decidit
2975 1931 3070 2000 qui
3100 1946 3164 1986 es
3199 1931 3399 1985 virtute
3426 1933 3517 1986 dc-

1946 2023 2166 2078 lahitur.
2193 2022 2283 2078 Sic
2315 2023 2479 2094 igitur
2510 2024 2599 2092 qui
2634 2038 2702 2078 ex
2735 2021 2843 2076 lide
2873 2021 3131 2077 aberrant
3170 2023 3236 2077 ad
3266 2023 3517 2077 incredu-

1945 2114 2149 2170 litatem
2193 2125 2500 2170 vertuntur.
2543 2116 2778 2185 Populus
2815 2119 3003 2187 itaque
3037 2130 3103 2171 ex
3144 2115 3518 2170 circumcisio-

1946 2220 2035 2271 ne,
2077 2221 2144 2260 ex
2198 2207 2516 2276 evangelico
2564 2209 2846 2263 cacumine
2893 2209 3092 2278 lapsus,
3127 2217 3182 2262 et
3229 2221 3259 2260 a
3307 2207 3516 2262 cmlesti

1948 2297 2076 2354 Sion
2108 2299 2463 2364 ahalienatns,
2497 2301 2548 2355 in
2575 2302 2936 2372 prmcipitium
2967 2299 3368 2355 incredulitatis
3390 2314 3512 2354 cor-

1945 2391 2107 2446 ruit:
2152 2406 2321 2460 quare
2375 2391 2521 2447 inter
2597 2391 2932 2463 alienigenas
2997 2401 3298 2460 reputatur.
3363 2389 3518 2447 Unde

1945 2482 2225 2552 prophetia
2263 2492 2560 2538 extremam
2599 2497 2788 2539 eorum
2841 2483 3110 2553 repulsam
3159 2482 3514 2543 adumbrans,

1946 2574 2172 2629 verbum
2205 2574 2362 2629 vallis
2391 2575 2702 2644 descripsit.
2735 2575 2870 2641 Quia
2905 2590 3031 2630 vero
3059 2589 3161 2628 non
3195 2581 3280 2629 est
3324 2587 3511 2641 perso-

1944 2680 2135 2719 narum
2184 2666 2427 2734 acceptio
2475 2666 2614 2735 apud
2659 2667 2864 2731 Deum,
2915 2667 3036 2720 ideo
3095 2665 3144 2719 in
3189 2664 3516 2734 alienigena-

1946 2769 2064 2808 rum
2107 2755 2618 2825 reprehensionibus
2651 2755 2861 2810 medins
2888 2756 2954 2810 de
2985 2754 3152 2810 Sionc
3201 2767 3382 2809 sermo
3423 2754 3511 2806 in-

1942 2860 2122 2903 sertus
2156 2858 2261 2904 est.
2305 2847 2567 2915 Quocirca
2599 2847 2986 2919 Hierosolyma:
3013 2847 3240 2908 incolas,
3271 2847 3422 2915 quasi
3460 2846 3512 2898 in

1943 2939 2266 3010 alienigenis
2313 2939 2455 2994 Deus
2501 2939 2804 3004 constituit,
2836 2938 3270 3006 sententiamque
3311 2936 3516 3006 prolert

1942 3033 2223 3088 adversum
2251 3032 2389 3089 illos.

2021 3287 2184 3346 Vens.
2211 3289 2265 3345 2.
2304 3307 2322 3341 ι
2353 3288 2578 3359 llepleta
2625 3299 2705 3344 cst
2741 3299 2937 3344 civitas
2969 3289 3329 3345 clamantibus
3359 3309 3372 3344 :
3403 3290 3519 3344 vul-

1949 3381 2121 3436 nerati
2161 3383 2262 3446 tui,
2293 3396 2401 3437 non
2439 3381 2705 3436 vulnerati
2746 3381 2955 3450 gladio;
2991 3396 3164 3449 neque
3185 3382 3379 3435 mortui
3417 3383 3516 3446 tui,

1949 3473 2147 3526 mortui
2177 3472 2337 3527 bello.
2363 3491 2384 3526 ι
2419 3471 2624 3543 Spiritu
2653 3476 2996 3541 conspicatus
3040 3473 3299 3543 propheta
3326 3489 3516 3528 eorum

1949 3575 2137 3620 contra
2193 3564 2534 3621 Salvatorem
2571 3566 2860 3630 clamores,
2909 3565 3210 3636 iinpiasque
3248 3567 3300 3620 in
3343 3568 3516 3635 ipsum

1949 3659 2337 3729 hlasphemias,
2369 3673 2601 3728 quarum
2647 3672 2814 3714 causa
2845 3657 3027 3725 rejecti
3069 3669 3218 3722 sunt.
3245 3659 3522 3728 subjungit

1950 3753 2077 3809 illud
2111 3769 2126 3808 :

2021 3845 2182 3901 Vsus.
2215 3845 2266 3900 5.
2310 3866 2327 3898 ι
2357 3846 2576 3916 Repleta
2618 3853 2700 3901 est
2733 3845 2928 3900 civitas
2959 3844 3342 3900 clamantibus.
3391 3846 3520 3900 Um-

1951 3951 2046 3992 nes
2081 3938 2352 4007 principes
2390 3939 2466 3992 tni
2515 3937 2794 4007 fugerunt,
2824 3945 2880 3992 et
2924 3937 3066 4006 capti
3113 3937 3320 3992 duriter
3353 3937 3520 3992 vincti

1949 4041 2098 4094 sunt,
2127 4041 2182 4085 et
2208 4032 2298 4099 qui
2337 4039 2582 4100 potentes
2627 4041 2754 4085 sunt
2800 4030 2854 4084 in
2889 4039 2962 4095 te,
2991 4029 3149 4098 longe
3183 4029 3455 4098 fugerunt.
3492 4047 3511 4080 ι

1951 4121 2129 4187 Quare
2161 4135 2267 4174 non
2303 4120 2534 4188 amplius
2561 4128 2619 4173 ut
2657 4119 2960 4189 antiquitus
2985 4134 3160 4190 reges,
3197 4135 3299 4174 non
3333 4121 3521 4181 duce‘s.

1952 4228 2058 4267 non
2093 4210 2428 4275 sacerdotes,
2457 4226 2563 4264 non
2610 4211 2889 4279 propheta:
2914 4211 3056 4280 apud
3085 4210 3205 4266 illus
3233 4221 3389 4268 sunt;
3421 4210 3515 4264 sed

1952 4319 2127 4373 neque
2174 4302 2451 4367 Pharismi,
2497 4316 2672 4370 neque
2717 4301 2984 4367 Saducazi,
3019 4317 3196 4372 neque
3241 4301 3327 4354 alii
3363 4312 3523 4368 quot-

1951 4392 2226 4462 quotolim
2263 4406 2451 4447 eorum
2483 4392 2893 4462 magistratibus
2924 4391 3194 4461 perfuncti
3220 4401 3364 4446 sunt.
3401 4391 3525 4444 llxc

1951 4500 2074 4538 cum
2123 4484 2316 4554 spiritu
2363 4496 2613 4540 cerneret
2658 4486 2953 4556 prOphcta,
3005 4498 3214 4540 necnon
3257 4482 3404 4538 illum
3455 4499 3520 4537 es

1954 4586 2098 4630 tanta
2147 4575 2479 4631 sublimitate
2536 4577 2586 4629 in
2645 4586 2947 4632 extremam
3005 4573 3304 4632 malitiam.
3335 4589 3430 4629 ceu
3469 4575 3520 4626 in

1951 4667 2240 4739 quamdam
2288 4667 2507 4734 vallem,
2536 4667 2748 4722 Judaici
2791 4666 2972 4738 populi
3024 4665 3256 4735 lapsum,
3290 4664 3525 4720 lnctusi:

1950 4757 2246 4812 discruciat
2277 4757 2463 4812 dicens
2496 4776 2509 4810 :

2021 4850 2182 4906 Vens.
2227 4849 2280 4903 4.
2333 4848 2665 4916 ιΡῐυριοτοο
2729 4847 2872 4912 dixi,
2941 4847 3102 4902 sinite
3171 4861 3292 4912 mc,
3341 4860 3526 4900 amare

1947 4945 2106 5010 ﬂebo,
2154 4959 2257 4998 non
2305 4941 2552 5012 poteritis
2603 4940 2867 4994 consolari
2939 4956 3024 4994 me
3090 4954 3252 5008 super
3323 4937 3521 4992 contri-

1949 5037 2093 5090 tione
2147 5034 2267 5088 lilia:
2320 5023 2537 5103 generis
2592 5031 2718 5087 mei.
2748 5051 2767 5084 ι
2804 5031 2938 5085 Nam
2973 5041 3225 5087 accurate
3257 5029 3403 5093 novi,
3450 5030 3520 5084 in-

1947 5128 2084 5198 quit,
2117 5136 2168 5180 et
2191 5126 2386 5197 spiritu
2417 5126 2708 5195 praevideo,
2734 5125 2902 5180 etiam
2937 5140 3004 5179 ex
3036 5125 3102 5179 iis
3127 5123 3378 5178 ontnibns
3407 5140 3525 5194 quae

1953 5235 2111 5288 Supra
2155 5219 2296 5273 dicta
2349 5227 2498 5281 sunt,
2539 5216 2812 5270 civitatem
2846 5216 2956 5270 Deo
3003 5216 3272 5270 addictam
3303 5215 3494 5284 capien

1956 5312 2104 5375 dam,
2135 5319 2188 5363 ct
2212 5324 2401 5364 omnes
2430 5308 2522 5378 qui
2562 5307 2614 5360 in
2656 5306 2744 5359 illa
2789 5317 2933 5371 sunt,
2961 5305 3014 5360 in
3049 5307 3303 5376 gaudium
3347 5304 3522 5359 inimi-

1955 5418 2140 5459 corum
2197 5404 2401 5458 dandos
2441 5415 2584 5456 esse.
2653 5402 2834 5466 Quare
2874 5399 2987 5469 jam
3023 5399 3218 5455 exhinc
3265 5399 3440 5468 lugeo,
3471 5407 3525 5452 et

1955 5497 2106 5567 quasi
2133 5499 2370 5568 genuina
2405 5494 2608 5551 viscera
2641 5508 2756 5549 mea
2789 5490 3028 5562 deploro.
