4072 6194
484 318 590 375 ΞΠ

1153 310 1424 366 EUSEBII
1462 305 1935 365 OtESARlENSlS
1971 304 2122 362 OPP.
2163 304 2347 359 PARS
2386 302 2477 358 111.
2517 333 2587 343 -
2626 300 3048 359 EXEGETlCA.

3638 298 3741 358 248

553 432 717 491 Vens.
750 432 804 487 5.
843 445 863 484 ι
884 430 1021 497 Quia
1078 430 1195 485 dies
1250 430 1581 486 turbationis
1604 437 1657 485 et
1694 429 1972 494 interitus,
2001 437 2056 483 et

2238 444 2258 477 ι
2291 425 2416 478 ’Ότι
2450 424 2631 496 ἡμέρα
2662 424 2909 496 ταραχῆς
2934 426 3029 478 καὶ
3052 423 3349 488 ἀπωλείας,
3388 422 3479 477 καὶ
3507 440 3752 477 καταπα-

477 522 1031 582 conculcationiszet
1078 536 1238 577 error
1267 519 1323 575 'a
1376 520 1611 576 Domino
1678 520 1943 575 Sabaoth.
2001 519 2058 574 In

478 615 615 671 valle
661 615 793 671 Sion
838 624 1025 669 errant
1059 632 1073 668 :
1110 629 1139 667 a
1166 628 1333 684 parvo
1383 614 1449 667 ad
1490 627 1745 683 magnum
1777 622 1968 667 errant
2003 612 2057 667 in

479 707 777 765 montibus.
810 726 829 759 ι
890 706 1017 761 llarc
1061 720 1278 777 qnoqne
1312 705 1526 761 astimo
1564 705 1711 759 dicta
1754 705 1822 759 de
1852 704 1938 768 iis,
1967 704 2057 773 qui

477 809 852 857 convenerunt
878 800 929 854 in
962 816 1153 865 unum,
1183 801 1310 855 dum
1341 800 1551 856 insidiae
1579 808 1770 855 contra
1805 796 2061 852 Servato-

475 909 589 950 rem
632 902 878 949 ηοειτυιιι
904 904 1268 949 struerentur.

551 983 719 1042 Vens.
749 984 803 1039 6.
839 1001 857 1034 ι
899 982 1147 1043 Elantitze
1176 996 1354 1040 autem
1382 994 1727 1056 sumpserunt
1755 987 2057 1055 pharetras,

474 1090 531 1135 et
580 1078 834 1133 homines
893 1078 984 1146 qui
1045 1078 1347 1134 ascendunt
1384 1093 1573 1147 equos,
1605 1089 1661 1133 et
1714 1084 2061 1153 congregatio

474 1170 631 1225 aciei.
662 1189 680 1221 ›
718 1168 1000 1239 Signiﬁcat
1025 1179 1205 1224 autem
1252 1172 1487 1225 virtutes
1521 1171 1763 1228 occultas
1800 1183 1856 1227 et
1886 1175 2062 1230 inimi-

476 1274 593 1325 cas,
619 1260 776 1329 queis
801 1274 829 1311 a
855 1258 964 1313 Deo
995 1260 1176 1313 traditi
1212 1266 1359 1315 sunt.
1406 1259 1588 1326 Quare
1620 1262 1863 1318 Elamitaa
1889 1264 2060 1335 signi-

476 1352 642 1407 licant
674 1352 1057 1421 despicienles;
1094 1352 1221 1422 quia
1251 1355 1591 1423 pereuntium
1625 1355 1850 1412 salutem
1892 1359 2061 1428 negli-

481 1455 639 1517 gunt,
676 1460 741 1500 ac
776 1446 979 1500 nemini
1030 1455 1280 1515 parcunt;
1309 1447 1430 1500 ideo
1455 1447 1827 1502 verisimiliter
1857 1450 1931 1505 ita
1964 1466 2058 1505 vo.

475 1548 673 1593 cantur
716 1554 909 1593 eorum
965 1549 1158 1593 turmae
1214 1537 1548 1594 obsidentes.
1609 1540 1813 1595 Verum
1866 1558 2060 1613 magno

492 1643 617 1683 cum
672 1629 920 1684 exercitu
967 1628 1229 1683 instructa
1287 1629 1404 1684 acie
1452 1630 1504 1684 in
1554 1631 1693 1687 valle
1721 1630 1852 1687 Sion
1892 1634 1960 1688 ab
1992 1634 2061 1690 iis

474 1724 702 1777 obsessa
753 1732 1057 1788 versantes,
1105 1737 1225 1777 eam
1266 1723 1318 1778 in
1359 1734 1660 1780 extremam
1706 1740 1933 1798 egerunt
1964 1743 2059 1783 va-

472 1816 733 1869 stitawm.

553 1905 714 1961 Vens.
754 1908 807 1962 Ἰ.
843 1929 860 1960 ι
883 1907 950 1962 Ει
976 1916 1137 1962 erunt
1169 1907 1357 1964 electa:
1404 1910 1571 1967 vallos
1608 1919 1733 1979 tua},
1775 1911 2060 1982 replebun-

475 2009 566 2054 tur
591 2000 859 2065 curribus,
892 2002 1106 2071 equites
1135 2012 1314 2058 autem
1342 2004 1835 2074 occludentportas
1864 2017 2001 2060 tuas.
2032 2025 2050 2058 ι

473 2090 596 2147 Non
628 2107 772 2147 nunc
819 2108 996 2161 neque
1046 2094 1098 2148 in
1128 2095 1381 2164 praesenti
1421 2105 1665 2165 tempore
1690 2135 1705 2159 ,
1739 2097 1834 2151 sed
1872 2096 1923 2151 in
1962 2098 2054 2151 illa

476 2183 596 2248 die;
629 2182 886 2237 nimirum
921 2183 973 2238 in
1003 2194 1246 2253 tempore
1269 2201 1365 2256 per
1388 2188 1727 2257 prophetiam
1750 2191 2053 2246 enuntiato.

548 2353 714 2410 Vens.
741 2354 799 2420 8,
830 2356 885 2411 9.
922 2374 941 2408 ι
974 2352 1037 2409 Ει
1070 2355 1349 2412 recludent
1388 2369 1576 2429 portas
1601 2361 1761 2428 Jnda,
1795 2374 1850 2420 et
1878 2365 2055 2421 intue-

477 2447 681 2502 bnntur
712 2446 767 2501 in
806 2447 892 2502 die
924 2447 1015 2502 illa
1044 2447 1251 2505 electas
1279 2450 1469 2507 domos
1503 2455 1670 2509 urbis.
1711 2455 1780 2510 Et
1813 2466 2057 2527 retegent

478 2536 795 2592 abscondita
826 2538 1109 2599 domorum
1137 2543 1282 2595 arcis
1312 2540 1500 2599 David.
1525 2543 1589 2597 Et
1606 2544 1879 2611 viderunt,
1911 2549 2054 2617 quod

476 2630 661 2699 plures
688 2640 836 2695 sunt,
873 2640 928 2688 et
967 2632 1110 2701 quod
1141 2635 1339 2690 avertit
1371 2650 1569 2706 aquam
1595 2640 1797 2694 veteris
1834 2641 2057 2710 piscinae

477 2723 533 2778 in
558 2722 798 2779 civitate.
833 2744 851 2777 ι
888 2723 1012 2779 llaec
1046 2740 1209 2795 porro
1236 2736 1395 2783 erant
1422 2744 1624 2784 arcana
1658 2732 1808 2802 regni
1837 2734 2058 2804 symbo-

482 2816 555 2880 la,
589 2827 644 2871 et
690 2831 814 2886 qua:
859 2815 912 2871 in
966 2818 1281 2873 sanctuario
1310 2821 1544 2890 reposita
1590 2834 1786 2878 erant:
1820 2839 1939 2893 qua:
1971 2840 2061 2881 ne-

477 2908 637 2972 mini,
695 2918 1056 2978 pra-terquam
1128 2912 1400 2966 sacerdoti
1453 2923 1682 2980 tantum,
1741 2917 2058 2986 conspicere

477 2999 679 3054 licebat
707 3020 720 3054 :
750 3016 868 3068 qua:
894 3001 1061 3054 etiam
1097 3002 1333 3058 inimicis
1363 3006 1618 3060 tradenda
1653 3007 1808 3063 dicit.
1854 3007 1973 3065 Hac
1991 3011 2058 3067 de

478 3107 645 3146 causa
698 3092 850 3146 vallis
902 3091 1031 3147 Sion
1082 3093 1283 3148 incolas
1335 3096 1679 3165 criminatur,
1734 3101 1877 3170 quod
1912 3113 2057 3159 vete-

478 3184 560 3239 ris
587 3185 639 3237 in
671 3185 801 3239 urbe
835 3185 1055 3253 piscina:
1083 3202 1251 3255 aquas
1280 3190 1582 3246 averterint
1607 3232 1621 3257 ,
1649 3192 1922 3264 aliamque
1947 3196 2054 3252 sibi

480 3276 625 3331 intra
656 3277 793 3332 duos
820 3294 1002 3333 muros
1029 3295 1226 3350 aquam
1260 3282 1642 3353 excogitarint.
1690 3287 1845 3356 Aqua
1894 3304 2057 3358 porro

478 3370 683 3424 veteris
724 3370 778 3423 in
813 3372 950 3426 urbe
1000 3371 1244 3442 piscinae,
1282 3382 1399 3429 erat
1446 3377 1649 3431 veteris
1690 3388 1746 3432 et
1794 3380 2057 3438 divinitus

478 3461 760 3530 inSpiratae
799 3459 1096 3531 Scriptum
1128 3478 1332 3529 sermo,
1364 3479 1523 3535 quem
1558 3464 1891 3533 derivantes,
1925 3470 2059 3525 alie-

478 3567 603 3604 nam
657 3552 759 3607 sibi
808 3568 1003 3624 aquam
1048 3556 1450 3626 excogitarunt,
1496 3558 1772 3615 seniorum
1810 3560 2059 3619 videlicet

480 3645 817 3710 traditiones,
866 3648 1142 3703 doctrinas
1175 3657 1231 3703 et
1278 3660 1545 3719 praecepta
1599 3651 1876 3707 hominum
1927 3655 2056 3710 edo-

478 3747 704 3792 centes:
737 3753 842 3808 qua
874 3740 942 3794 de
982 3755 1043 3794 re
1067 3741 1212 3809 ipsos
1245 3740 1506 3798 Servator
1534 3746 1809 3813 coarguit,
1840 3761 2053 3801 eorum.

477 3846 587 3898 quo
630 3833 925 3901 nequitiam
960 3833 1288 3888 criminatur
1323 3835 1407 3889 his
1434 3836 1614 3891 verbis
1645 3856 1659 3893 :
1691 3857 1709 3888 ι
1741 3839 1806 3893 Ει
1837 3840 2051 3895 irritum

476 3918 690 3975 fecistis
723 3922 944 3975 verbum
978 3921 1069 3974 Dei
1098 3932 1319 3991 propter
1347 3924 1692 3981 traditionem
1721 3936 1951 3983 vestram
1976 3932 2051 3985 ".i

2166 519 2432 589 τήματος·
2489 518 2583 570 καὶ
2630 516 2896 586 πλάνησις
2936 515 3087 587 παρὰ
3126 516 3334 588 Κυρίου
3381 513 3630 570 Σαϐαὼθ.
3666 517 3755 568 Ἐν

2166 610 2412 680 φάραγγι
2453 607 2588 662 Σιὼν
2629 608 2959 662 πλανῶνται·
2995 610 3104 662 ἀπὸ
3145 608 3340 681 μικροῦ
3388 609 3492 672 ἕως
3520 607 3757 679 μεγάλου

2162 702 2470 756 πλανῶνται
2502 702 2596 755 ἐπὶ
2616 702 2684 756 τὰ
2708 702 2830 773 ὅρη.
2874 722 2891 754 ›
2918 703 3027 755 Kal
3055 702 3225 756 ταῦτα
3252 703 3309 756 δὲ
3334 699 3483 774 οἶμαι
3501 701 3760 772 λέγεσθαι

2162 794 2291 865 περὶ
2330 795 2438 847 τῶν
2469 794 2610 847 κατά
2656 793 2716 846 τὸ
2740 793 2872 847 αὐτὸ
2900 794 3259 848 συνελθόντων
3292 796 3349 848 ὲν
3374 797 3443 867 τῇ
3467 793 3613 848 κατά
3659 792 3759 848 τοῦ

2159 886 2412 954 Σωτῆρος
2432 884 2588 957 ἡμῶν
2615 884 2902 956 ἐπιϐουλῇ.

2237 998 2255 1030 ι
2290 979 2431 1032 Οίδὲ
2466 978 2752 1049 Ἐλαμίται
2802 978 2992 1031 ἔλαϐον
3040 978 3333 1049 φαρέτρας,
3364 995 3459 1032 και
3486 977 3755 1032 ἀναϐάται

2160 1071 2437 1143 ἄνθρωποι
2466 1073 2551 1141 ἐφ’
2581 1072 2799 1135 ἵππους,
2852 1072 2947 1127 καὶ
2980 1072 3267 1143 συναγωγὴ
3308 1072 3684 1143 παρατάξεως.
3729 1091 3750 1127 ι

2161 1165 2323 1237 Δηλοί
2368 1164 2425 1218 δὲ
2456 1164 2717 1236 δυνάμεις
2767 1164 2995 1234 ἀφανεῖς
3036 1164 3131 1218 καὶ
3172 1164 3485 1234 πολεμίους,
3515 1159 3603 1229 αἷς
3650 1166 3758 1219 ὑπὸ

2161 1256 2298 1312 Θεοῦ
2333 1256 2728 1329 παρεδόθησαν.
2748 1256 2839 1310 Διὸ
2856 1256 2945 1309 καὶ
2963 1258 3012 1309 οὶ
3057 1255 3341 1326 Ἐλαμίται
3365 1255 3756 1327 ἑρμηνεύονται

2167 1370 2185 1401 ι
2223 1349 2686 1420 παραδλέποντες·
2726 1369 2743 1401 ι
2798 1348 2886 1402 διὰ
2936 1348 2999 1402 τὸ
3052 1350 3298 1421 παρορᾷν
3340 1349 3439 1420 τὴν
3481 1349 3756 1419 σωτηρίαν

2161 1443 2268 1497 τῶν
2301 1441 2713 1515 ἀπολλυμένων,
2732 1442 2827 1496 xal
2869 1441 3095 1513 μηδενὸς
3124 1440 3418 1512 φείδεσθαι,
3441 1441 3583 1503 εἰκὸς
3611 1439 3756 1493 οὕτω

2162 1533 2461 1606 κεκλῆσθαι
2515 1533 2585 1587 τὰ
2635 1533 3073 1605 πολιορκήσαντα
3125 1533 3321 1597 αὐτοὺς
3390 1529 3757 1603 στρατιωτικά

2164 1627 2363 1699 πλήθη.
2404 1627 2567 1684 Ἀλλά
2603 1627 2741 1699 μετὰ
2770 1626 3031 1698 πλείστης
3047 1626 3330 1697 δυνάμεως
3359 1624 3755 1696 παραταξάμε-

2161 1738 2242 1773 νοι
2294 1723 2361 1791 τῇ
2418 1719 2836 1792 πολιορκηθείσῃ
2890 1719 3133 1791 φάραγγι
3181 1717 3340 1783 Σιὼν,
3388 1720 3468 1782 εἰς
3527 1717 3754 1789 ἔσχατον

2165 1811 2401 1883 ἐρημίας
2430 1812 2599 1884 αὐτὴν
2634 1813 2861 1883 ἤγαγον.

2242 1922 2260 1955 ι
2300 1905 2412 1957 Kal
2433 1904 2647 1959 ἔσονται
2679 1906 2733 1957 αἱ
2760 1904 3014 1957 ὲκλεκταὶ
3046 1903 3328 1975 φάραγγές
3368 1921 3485 1968 σου,
3514 1902 3755 1975 πλησθη-

2167 2017 2348 2054 σονται
2376 2000 2659 2073 ἁρμάτων,
2683 2001 2735 2053 οί
2768 2000 2826 2052 δὲ
2865 2001 3049 2062 ἱππεῖς
3079 1998 3416 2070 ἑμφράξουσι
3447 1996 3545 2061 τὰς
3582 1996 3753 2063 πύλας

2166 2110 2283 2147 σου.
2319 2112 2338 2146 ›
2379 2094 2513 2163 Οὐχὶ
2531 2092 2648 2156 νῦν,
2672 2092 2793 2145 οὐδὲ
2824 2092 2965 2146 κατὰ
2980 2093 3071 2145 τὸν
3098 2093 3340 2163 παρόντα
3374 2090 3583 2162 καιρὸν,
3618 2089 3756 2144 ἀλλά

2162 2184 2228 2252 τῇ
2276 2182 2461 2254 ἡμέρᾳ
2508 2182 2710 2253 ἐκείνῃ·
2747 2182 2895 2250 λέγει
2948 2182 3006 2234 δὲ
3055 2182 3114 2234 ὲν
3158 2181 3235 2253 τῷ
3294 2183 3755 2255 προφητευομένῳ

2162 2274 2357 2345 καιρῷ.

2241 2384 2260 2418 ι
2303 2366 2412 2419 Kal
2453 2364 2861 2435 ἀνακαλύψουσι
2893 2364 2993 2429 τὰς
3040 2366 3214 2430 πύλας
3260 2366 3450 2431 Ἰούδα,
3500 2366 3596 2420 καὶ
3648 2366 3754 2438 ἑμ-

2161 2458 2449 2529 6λέψονται
2480 2460 2547 2529 τῇ
2575 2457 2758 2529 ἡμέρᾳ
2789 2458 2971 2529 ἐκείνῃ
3005 2460 3084 2522 εις
3100 2459 3228 2523 τοὺς
3260 2460 3548 2523 ἐκλεκτοὺς
3570 2459 3755 2524 οῐκους

2161 2551 2263 2621 τῆς
2296 2549 2522 2613 πόλεως.
2541 2548 2650 2603 Kal
2678 2548 3084 2619 ἀνακαλύψουσι
3110 2549 3179 2603 τά
3212 2549 3431 2622 κρυπτὰ
3454 2550 3565 2605 τῶν
3590 2551 3755 2605 οἴκων

2160 2644 2261 2715 τῆς
2292 2644 2467 2714 ἄκρας
2498 2641 2680 2696 Δαυῒδ.
2717 2642 2825 2695 Kal
2856 2641 3091 2711 εἴδοσαν,
3131 2642 3213 2699 ὅτι
3254 2643 3471 2707 πλείους
3505 2644 3630 2707 εἰσὶ,
3658 2645 3753 2697 καὶ

2163 2735 2244 2788 ὅτι
2267 2734 2575 2806 ἀπέστρεψε
2608 2735 2670 2789 τὸ
2702 2732 2848 2807 ὕδωρ
2876 2737 2977 2808 τῆς
3001 2738 3233 2808 ἀρχαίας
3264 2734 3648 2806 κολυμϐήθρας
3672 2736 3754 2798 εἰς

2165 2827 2263 2899 τὴν
2298 2828 2471 2882 πόλιν.
2498 2846 2516 2879 ι
2549 2828 2736 2882 Ταῦτα
2770 2830 2828 2883 δὲ
2856 2826 2924 2901 ἦν
2949 2830 3019 2883 τὰ
3040 2831 3328 2903 ἀπόρρητα
3349 2832 3445 2903 τῆς
3480 2826 3752 2900 βασιλείας

2167 2920 2436 2993 σύμϐολα,
2470 2922 2564 2975 καὶ
2595 2921 2666 2975 τὰ
2698 2923 2756 2975 ὲν
2784 2922 2864 2994 τῷ
2889 2924 3190 2995 ἁγιάσματι
3225 2925 3577 2996 ἀποκείμενα·
3610 2922 3753 2980 ἀθύ-

2165 3015 2279 3070 δενὶ
2312 3015 2438 3085 ἑξῆν
2464 3018 2513 3069 εί
2544 3015 2618 3088 μὴ
2650 3017 2797 3088 μόνῳ
2821 3016 2899 3088 τῷ
2942 3019 3190 3090 ἀρχιερεῖ
3223 3019 3563 3073 ἐποπτεύειν·
3611 3019 3647 3074 ἃ
3686 3019 3749 3089 δὴ

2167 3108 2262 3161 καὶ
2298 3108 2436 3162 αὑτά
2456 3110 2571 3173 τοῖς
2604 3108 2884 3180 πολεμίοις
2907 3112 3381 3182 παραδοθήσεσθαι
3415 3130 3595 3184 φησιν.
3630 3112 3749 3166 'Errl

2162 3200 2373 3266 τούτοις
2409 3200 2686 3271 μέμφεται
2715 3202 2841 3265 τοὺς
2868 3203 2926 3255 ἑν
2948 3205 3013 3273 τῇ
3050 3203 3294 3275 φάραγγι
3328 3203 3485 3267 Σιὼν,
3511 3205 3586 3267 ὡς
3618 3207 3753 3259 ἁπο-

2166 3292 2505 3364 στρέψαντας
2533 3290 2604 3344 τὰ
2638 3290 2805 3344 ὕδατα
2837 3291 2940 3361 τῆς
2974 3292 3207 3363 ἀρχαίας
3247 3293 3635 3366 κολυμϐήθρας
3683 3295 3757 3350 τά

2163 3382 2293 3437 ὄντα
2315 3384 2372 3435 ἑν
2404 3386 2468 3453 τῇ
2489 3382 2661 3446 πόλει,
2692 3382 2880 3453 ἕτερον
2908 3382 2965 3435 δὲ
2986 3382 3129 3455 ὕδωρ
3144 3384 3326 3448 αὐτοῖς
3358 3386 3757 3456 ἐπινοήσαντας

2169 3472 2367 3544 μεταξὺ
2401 3471 2513 3525 τῶν
2544 3470 2639 3530 δύο
2688 3471 2937 3541 τειχέων.
2973 3472 3158 3545 ’Υδωρ
3189 3473 3244 3527 δὲ
3276 3469 3345 3545 ἦν
3396 3475 3629 3540 παλαιᾶς
3659 3494 3757 3531 κο-

2164 3562 2485 3636 λυμϐήθρας
2516 3563 2573 3615 ἑν
2613 3563 2680 3632 τῇ
2717 3560 2869 3615 πόλει
2893 3564 2923 3616 ό
2952 3561 3055 3633 τῆς
3101 3563 3335 3628 παλαιᾶς
3366 3566 3458 3619 καὶ
3492 3566 3747 3621 θεοπνεύ-

2167 3678 2293 3713 στου
2345 3658 2569 3731 Γραφῆς
2620 3656 2796 3726 λόγος,
2852 3656 2913 3710 ὃν
2957 3658 3422 3730 ἀποστραφέντες,
3475 3658 3756 3733 ἀλλότριον

2164 3752 2308 3824 ὕδωρ
2342 3752 2553 3814 ἑαυτοῖς
2582 3749 2906 3819 ἐπενόησαν,
2934 3750 3033 3813 τὰς
3054 3750 3377 3823 παραδόσεις
3392 3751 3497 3806 τῶν
3515 3754 3755 3824 πρεσϐυε-

2158 3845 2363 3917 τέρων,¹
2409 3843 2753 3907 διδάσκοντες
2783 3842 3130 3906 διδασκαλίας
3165 3846 3258 3899 καὶ
3313 3844 3622 3916 ἐντάλματα
3654 3846 3753 3901 ἀν-

2162 3936 2416 4010 θρώπων·
2453 3935 2539 4006 ἐφ’
2576 3928 2621 4005 ᾧ
2656 3934 2753 3988 καὶ
2794 3935 3068 4007 μέμφεται
3106 3937 3302 4003 αὐτοὺς
3338 3939 3365 3991 ό
3400 3939 3609 4009 Σωτὴρ,
3641 3939 3750 3992 ἀπ-

476 4015 719 4087 πλάγκων
762 4012 941 4069 αὐτῶν
971 4012 1071 4085 τὴν
1106 4018 1455 4089 παρανομίαν
1496 4019 1581 4089 ἃ(ρ’
1617 4014 1700 4085 οἷς
1746 4038 1899 4091 φησι·
1940 4042 1958 4074 σ
2002 4028 2094 4081 καὶ
2132 4028 2455 4102 ὴκυρώσατε
2508 4029 2599 4085 τὸν
2666 4029 2824 4100 λόγον
2868 4028 2963 4084 τοῦ
3004 4028 3141 4083 Θεοῦ
3180 4028 3268 4083 διά
3310 4028 3407 4102 τὴν
3457 4028 3755 4103 παράδοσιν

478 4110 653 4183 ὑμῶν.
694 4128 713 4161 ι

553 4201 719 4260 Vens.
750 4201 839 4267 10,
870 4202 956 4256 Η.
996 4223 1014 4255 ς
1046 4203 1113 4259 Et
1148 4206 1290 4275 quod
1343 4206 1628 4262 diruernnt
1672 4209 1864 4263 domos
1897 4208 2057 4265 Jeru-
2091 4226 2136 4282 ι)

478 4295 650 4351 salem
686 4296 738 4351 in
762 4295 1118 4351 munitionem
1148 4298 1286 4351 muri
1314 4298 1541 4364 civitati.
1570 4299 1638 4354 Et
1669 4300 1876 4357 fecistis
1904 4304 2056 4360 vobis

481 4403 679 4459 aquam
710 4389 766 4444 in
798 4389 977 4445 medio
1022 4405 1303 4445 murorum
1336 4392 1567 4447 duorum
1619 4393 1761 4447 intra
1796 4393 2055 4463 piscinam

477 4494 744 4539 vetet‘em.
773 4500 793 4534 ι
831 4480 885 4536 id
918 4490 1096 4537 autem
1145 4482 1264 4537 illos
1314 4484 1578 4555 hodieque
1626 4498 1948 4557 peragcnles
1979 4490 2059 4542 vi-

477 4577 629 4639 deas,
684 4575 832 4643 quia,
859 4574 1149 4644 assumptis
1205 4574 1501 4645 Scripturac
1547 4578 1750 4646 verbis,
1791 4580 1857 4634 iis
1914 4595 2057 4636 com-

477 4676 660 4721 menta
702 4680 799 4720 sua
838 4680 935 4720 ceu
985 4665 1156 4719 muris
1189 4666 1458 4733 muniunt,
1494 4667 1719 4738 ipsaque
1769 4668 1927 4738 quasi
1968 4683 2059 4723 se-

476 4774 621 4830 pem,
668 4759 977 4827 praesidium
1020 4766 1076 4813 et
1126 4758 1326 4813 ntmnia
1378 4758 1575 4814 fabulis
1610 4759 1725 4815 suis
1757 4762 2062 4829 circumpo-

477 4863 638 4909 nnnt.
678 4853 1143 4920 Quemadmodum
1172 4853 1315 4907 enim
1353 4853 1699 4923 peregrinum
1747 4853 1850 4907 sibi
1878 4852 2057 4908 locum

479 4948 880 5019 cxcogitarunt,
911 4963 976 5002 ac
1006 4962 1218 5001 murum
1262 4946 1361 5001 sibi
1394 4947 1818 5015 circumquaque
1844 4955 2059 4999 struxe-

478 5052 633 5106 runt,
663 5042 971 5098 divinarum
999 5040 1405 5110 Scripturarnm
1456 5038 1634 5094 verbis
1662 5054 1761 5094 ceu
1793 5039 2062 5110 lapidibus

478 5135 562 5188 nsi
590 5178 603 5201 ,
639 5136 713 5191 ita
748 5148 804 5193 et
839 5151 1034 5207 aquam
1072 5135 1270 5190 veteris
1309 5134 1362 5188 in
1414 5135 1543 5188 urbe
1586 5134 1809 5203 piscina:
1850 5145 2064 5190 averte-

454 5238 631 5292 runt,
662 5238 718 5284 et
748 5247 944 5287 novam
971 5231 1074 5287 sibi
1115 5244 1310 5299 aquam
1359 5229 1501 5281 inter
1526 5227 1660 5281 duos
1689 5242 1874 5283 muros
1901 5242 2063 5283 exco-

440 5307 755 5393 fgitarunt,
792 5325 1045 5378 nimirum
1119 5324 1262 5378 inter
1301 5321 1464 5376 Vcttts
1513 5331 1568 5375 et
1598 5318 1807 5374 Novum
1864 5320 2057 5376 Testa-

475 5401 722 5470 mentum
752 5430 766 5468 :
796 5416 906 5471 hwc
934 5421 1131 5488 quippe
1177 5418 1319 5473 muri
1355 5418 1462 5472 duo
1490 5426 1614 5472 sunt
1658 5414 1894 5471 civitatis
1946 5415 2060 5483 Dei,

476 5508 691 5570 scilicet
715 5510 840 5564 vita:
884 5510 1111 5565 instituti
1146 5514 1445 5569 secundum
1498 5511 1665 5567 Dcum
1698 5526 1710 5561 :
1739 5509 1793 5563 in
1827 5523 2061 5579 quorum

474 5604 657 5663 medio
699 5605 759 5671 ii,
795 5605 888 5676 qui
941 5604 1282 5676 incnsantur,
1327 5607 1561 5665 alienant
1612 5611 1665 5659 ct
1709 5600 2050 5675 pcregrinam

551 5698 573 5720 ⁹
600 5698 792 5754 Matth.
827 5713 913 5762 xv,
944 5698 976 5753 ϐ

551 5794 684 5868 (327‘)
729 5796 1072 5869 Ἐποεήτατξ.

2259 4224 2277 4259 ι
2318 4206 2429 4261 Καὶ
2460 4208 2542 4261 ὅτι
2577 4206 2896 4261 καθείλοσαν
2918 4208 3044 4270 τοὺς
3076 4207 3257 4269 οἴκους
3300 4208 3652 4279 Ἰερουσαλὴμ
3683 4209 3763 4271 είς

2178 4298 2275 4370 ὁχύ
2286 4316 2441 4371 ρωμα
2451 4300 2660 4370 τείχους
2676 4302 2741 4370 τῇ
2756 4300 2924 4353 πόλει.
2945 4300 3051 4352 Kal
3067 4300 3413 4354 ἐπεσπάσατε
3432 4300 3564 4371 (27')
3579 4300 3762 4364 αὐτοῖς

2178 4390 2323 4463 ὕδωρ
2354 4392 2456 4444 ἀνὰ
2494 4392 2655 4462 μέσον
2680 4391 2787 4444 τῶν
2803 4390 2895 4444 δύο
2910 4392 3129 4462 τειχέων
3145 4391 3415 4464 ἐσώτερον
3442 4393 3539 4463 τῆς
3568 4394 3753 4464 κολυμ-

2177 4483 2385 4555 ϐήθρας
2412 4486 2510 4554 τῆς
2525 4483 2775 4554 ἀρχαίας.
2810 4502 2827 4534 ι
2872 4483 3031 4547 Ἰδοις
3066 4484 3114 4537 δ¹
3145 4483 3210 4537 ἂν
3245 4485 3441 4548 αὐτοὺς
3467 4486 3634 4539 εἰσέτι
3667 4488 3757 4540 καὶ

2173 4573 2269 4628 νῦν
2298 4574 2457 4627 τοῦτο
2490 4574 2849 4645 πράττοντας,
2881 4570 3121 4636 ἑπειδὰν,
3155 4576 3224 4629 τά
3259 4579 3476 4649 ῥήματα
3499 4577 3761 4649 τῆςθείας

2172 4665 2398 4737 Γραφῆς
2432 4664 2932 4735 ἀπολαμδόωοντες,
2967 4665 3067 4730 τὰς
3116 4667 3321 4731 οἰκείας
3353 4669 3761 4740 περιτειχίζωσι

2176 4754 2519 4827 μυθολογίας,
2554 4754 2742 4825 ὥσπερ
2774 4753 2895 4806 τινὰ
2927 4754 3177 4825 φραγμὸν
3210 4756 3303 4808 καὶ
3330 4756 3627 4824 ἀσφάλειαν
3661 4758 3762 4810 καὶ

2171 4851 2346 4919 τεῖχος
2370 4850 2482 4911 τοῖς
2512 4846 2661 4910 ἰδίοις
2690 4846 3107 4920 περιϐάλλοντες
3145 4846 3353 4918 μύθοις.
3393 4850 3599 4918 Ὥσπερ
3644 4848 3758 4920 γὰρ

2171 4943 2321 5010 ξένον
2347 4942 2510 4995 τόπον
2540 4943 2750 5005 ἑαυτοῖς
2805 4940 3125 5012 ἐπενόησαν,
3153 4942 3247 4995 καὶ
3282 4944 3455 5011 τεῖχος
3485 4941 3610 4994 ἴδιον
3652 4960 3757 4996 περ·

2172 5034 2438 5107 ριέὸαλον,
2473 5034 2637 5098 λίθοις
2667 5035 2999 5106 χρησάμενοι
3035 5039 3155 5101 ταῖς
3187 5037 3295 5090 τῶν
3329 5038 3487 5091 θείων
3513 5036 3752 5106 Γραφῶν

2166 5125 2364 5192 λέξεσι·
2399 5126 2569 5191 οὕτως
2598 5123 2690 5180 οὖν
2733 5126 3082 5203 ἀπέστρεψαν
3116 5128 3177 5180 τὸ
3210 5127 3354 5199 ὕδωρ
3378 5128 3479 5198 τῆς
3513 5126 3750 5194 παλαιᾶς

2167 5218 2551 5291 κολυμὸήθρας
2573 5219 2634 5271 τὸ
2660 5220 2718 5271 ἑν
2741 5222 2806 5290 τῇ
2841 5220 3016 5285 πόλει,
3053 5220 3144 5273 καὶ
3190 5220 3486 5289 ἐπενόησαν
3531 5222 3749 5286 ἑαυτοῖς

2168 5312 2314 5376 ξένον
2348 5311 2490 5383 ὕδωρ
2554 5312 2753 5382 μεταξὺ
2786 5312 2893 5365 τῶν
2947 5313 3040 5366 δύο
3093 5312 3337 5382 τειχέων,
3374 5309 3516 5380 λέγω
3549 5314 3611 5385 δὴ
3644 5314 3747 5383 τῆς

2165 5403 2407 5467 Παλαιᾶς
2431 5404 2524 5458 καὶ
2556 5406 2763 5477 Καινῆς
2788 5406 3079 5476 Διαθήκης·
3099 5405 3190 5458 δύο
3222 5404 3330 5477 γὰρ
3363 5406 3430 5458 τὰ
3463 5407 3614 5478 τείχη
3642 5406 3744 5475 τῆς

2162 5494 2258 5549 τοῦ
2286 5496 2420 5550 Θεοῦ
2475 5496 2700 5563 πόλεως,
2735 5497 2934 5568 δηλαδὴ
2991 5498 3087 5567 τῆς
3121 5497 3260 5550 κατὰ
3292 5498 3425 5551 Θεὸν
3469 5498 3745 5563 πολιτείας

2164 5587 2436 5661 τυγχάνει·
2466 5582 2539 5645 ὧν
2574 5590 2733 5661 μέσον
2767 5590 3042 5662 ἀλλότριον
3067 5591 3159 5644 καὶ
3187 5590 3336 5657 ξένον
3358 5591 3499 5663 ὕδωρ
3531 5594 3744 5657 ἑαυτοῖς
