4072 6194
320 329 429 388 249

1293 333 1803 396 COMMENTARIA
1839 340 1906 398 IN
1944 342 2201 401 lSAlAM.
2241 376 2306 386 —
2339 341 2495 399 CAP.
2535 338 2703 397 XXII.

3482 342 3591 400 250

324 452 381 507 οι
403 452 866 525 κατηγορούμεναι
914 453 1242 526 ἐπενόησαν,
1264 454 1363 520 τάς
1394 456 1504 509 τῶν
1537 460 1915 527 πρεσϐυτέρων

2024 479 2219 534 squam
2252 463 2356 520 sibi
2387 462 2796 534 excogitarunt,
2826 460 3081 516 videlicet
3111 459 3390 516 seniorum
3427 462 3595 516 tradi-

332 547 682 619 παραδόσεις,
710 548 791 616 ἐφ’
823 542 915 611 αἷς
935 548 1032 602 καὶ
1069 547 1211 619 μέγα
1253 550 1542 621 φρονοῦσιν
1569 553 1617 605 οἱ
1658 556 1788 626 παρ’
1820 557 1919 610 αὑ-

337 641 456 702 τοῖς
490 638 795 710 καλούμενοι
845 639 1199 711 δευτερωταί.
1257 658 1277 692 ι
1315 643 1423 695 Καὶ
1462 643 1562 696 οὐκ
1595 644 1916 715 ἐνεϐλέψατε

343 731 424 794 εἰς
441 731 526 782 τὸν
549 730 637 783 ἀπ’
663 731 838 801 ἀρῆς
863 731 1169 802 ποιήσαντα
1193 732 1383 804 αὐτὴν,
1425 736 1516 788 καὶ
1544 736 1636 790 τὸν
1658 738 1919 794 κτίσαντα

345 821 502 891 αὐτὴν
531 822 626 874 οὐκ
658 819 853 875 εἴδετε.
895 841 914 872 ιι
958 823 1121 892 Λέγω
1157 823 1222 894 δὴ
1253 823 1354 896 τὴν
1383 825 1622 880 παλαιὰν
1653 827 1778 881 τῶν’
1797 828 1917 882 θεο-

348 912 602 964 πνεύστων
635 911 672 962 Γ
679 911 868 982 ραφῶν
898 912 1308 985 κολυμϐήθραν,
1341 913 1438 986 τὴν
1471 916 1578 969 ἀπὸ
1605 918 1795 987 πηγῶν
1821 917 1915 973 τοῦ

343 1002 470 1056 θείου
503 1002 823 1074 Πνεύματος
850 1005 1244 1077 προχεομένην.

401 1113 418 1144 ι
456 1093 564 1146 Καὶ
594 1093 828 1148 ἐκάλεσε
857 1095 1062 1166 Κύριος
1086 1095 1314 1150 Σαϐαὼθ
1349 1097 1407 1150 ἐν
1427 1100 1492 1170 τῇ
1527 1098 1711 1171 ἡμέρᾳ
1732 1101 1915 1174 ἐκείνῃ

324 1183 599 1256 κλαυθμὸν
633 1186 733 1240 καὶ
770 1187 999 1239 κοπετὸν
1034 1187 1128 1240 καὶ
1178 1185 1426 1260 ξύρησιν,
1462 1189 1558 1244 καὶ
1586 1188 1752 1252 ζῶσιν
1778 1191 1914 1245 σάκ-

321 1295 446 1331 κων·
480 1278 639 1332 αὐτοὶ
657 1279 716 1332 δὲ
732 1280 1060 1351 ἐποιήσαντο
1094 1279 1433 1352 εὐφροσύνην
1462 1282 1558 1336 καὶ
1577 1281 1915 1355 ἀγαλλίαμα,

317 1367 617 1438 σφάζοντες
641 1370 880 1441 μόσχους
907 1371 1003 1424 καὶ
1025 1370 1245 1437 θύοντες
1273 1373 1540 1445 πρόϐατα,
1557 1374 1698 1428 ὥστε
1722 1379 1918 1446 φαγεῖν

317 1459 546 1531 κρέατα,
576 1460 673 1514 καὶ
697 1462 846 1514 πιεῖν
871 1457 1034 1525 οἶνον,
1067 1461 1338 1532 λέγοντες,
1371 1463 1638 1536 Φάγωμεν
1660 1467 1752 1519 καὶ
1777 1467 1915 1520 πίω-

325 1570 443 1623 μεν·
476 1552 665 1624 αὔριον
707 1553 818 1625 γὰρ
868 1553 1308 1626 ἀποθνήσκομεν.
1349 1574 1368 1606 ι
1411 1556 1468 1609 '0
1515 1557 1614 1628 μὲν
1659 1553 1752 1612 οὖν
1785 1558 1918 1624 Θεὸς

327 1645 543 1716 μεγάλα
571 1646 899 1716 τολμήσασι,
943 1647 1020 1718 μὴ
1051 1645 1372 1719 βουλόμενος
1409 1646 1635 1703 θάνατον
1657 1650 1916 1722 ἀμαρτω-

325 1734 424 1789 λοῦ
449 1736 528 1799 ὡς
551 1735 650 1806 τὴν
677 1737 960 1806 μετάνοιαν
994 1737 1182 1802 αὐτοῦ,
1217 1737 1434 1810 θρηνεῖν
1451 1739 1648 1804 αὐτοὺς
1672 1740 1766 1796 καὶ
1788 1740 1920 1795 ἀπο-

2022 557 2215 622 tiones,
2245 555 2300 609 in
2359 555 2556 624 quibus
2585 553 2752 608 altum
2807 560 3028 622 sapiunt
3059 552 3116 617 ii,
3145 553 3239 622 qui
3281 552 3422 623 apud
3475 553 3595 610 illos

2021 648 2330 703 Deuterotaa
2365 645 2725 716 appellantur.
2758 665 2775 697 ι
2798 645 2865 700 Ει
2898 661 3003 700 non
3039 644 3355 713 respexistis
3387 646 3440 700 in
3470 659 3593 700 eum
3626 719 3631 724 .

2019 741 2110 809 qui
2138 741 2206 794 ab
2235 738 2390 794 initio
2435 739 2562 793 fecit
2599 737 2770 801 illam,
2791 745 2848 790 et
2872 736 3207 791 conditorem
3233 735 3352 802 ejus
3377 752 3484 792 non
3515 737 3596 792 vl-

2019 832 2195 888 distis.
2228 850 2247 883 ι
2281 832 2358 887 De
2393 832 2559 887 veteri
2590 830 2892 885 divinarum
2931 829 3337 898 Scripturarum
3381 829 3594 898 piscina

2021 923 2237 996 loquor,
2266 938 2387 996 quae
2412 937 2444 978 a
2465 922 2706 979 fontibus
2735 921 2903 977 divini
2933 919 3168 992 Spiritus
3207 930 3446 975 emanat.

2089 1101 2256 1156 Vens.
2291 1101 2377 1166 12,
2409 1100 2498 1156 l3.
2534 1119 2553 1152 ι
2577 1100 2643 1154 Ει
2698 1099 2915 1154 vocavit
2961 1099 3221 1154 Dominus
3265 1098 3502 1154 Sabaoth
3534 1099 3592 1154 ln

2018 1193 2106 1249 die
2134 1194 2221 1248 illa
2262 1192 2471 1259 ﬂetum,
2502 1203 2558 1248 et
2605 1192 2905 1262 planctum,
2929 1201 2983 1247 et
3014 1192 3362 1248 abrasionem
3393 1202 3450 1248 et
3477 1191 3592 1247 cin-

2018 1294 2233 1340 cturam
2267 1298 2552 1339 saccorum
2581 1301 2596 1340 :
2622 1283 2700 1338 illi
2729 1295 2910 1338 autem
2943 1283 3108 1338 laetati
3147 1292 3204 1338 et
3235 1283 3410 1354 gavisi
3442 1291 3590 1350 sunt,

2014 1377 2326 1448 jugulantes
2372 1376 2576 1432 vitulos
2622 1386 2677 1431 et
2730 1385 3033 1431 tnactantes
3084 1389 3235 1442 oves,
3267 1383 3326 1430 ut
3370 1378 3596 1432 ederent

2017 1485 2231 1534 carnes,
2263 1480 2319 1524 et
2342 1470 2594 1525 biberent
2625 1468 2830 1536 vinum,
2863 1469 3125 1532 dicentes,
3165 1467 3514 1522 comedamus
3537 1475 3594 1522 et

2017 1563 2292 1629 bibamus,
2324 1578 2449 1618 cras
2490 1563 2636 1617 enim
2690 1562 3007 1616 moriemur.
3034 1579 3052 1612 ι
3106 1559 3250 1615 Deus
3281 1560 3464 1631 igitur,
3499 1560 3593 1630 qui

2017 1671 2124 1710 non
2160 1654 2274 1709 vult
2326 1662 2556 1708 mortem
2605 1654 2928 1724 peccatoris,
2957 1653 3051 1706 sed
3099 1651 3270 1722 magis
3323 1651 3593 1721 pccniteno

2019 1747 2174 1813 tiam,
2208 1745 2354 1816 ipsos
2411 1761 2603 1815 magna
2669 1741 2911 1799 facinora
2957 1758 3262 1812 aggressos,
3313 1743 3500 1814 lugere
3537 1752 3594 1798 et

332 1825 621 1880 κλαίεσθαι
658 1826 755 1898 τὴν
801 1825 1002 1881 ὲαυτῶν
1034 1826 1310 1882 ἀπώλειαν
1365 1828 1823 1901 παρεκελεύσατο·
1864 1832 1914 1884 οί

2018 1839 2312 1909 perniciem
2360 1838 2491 1892 flere
2520 1850 2674 1891 suam
2701 1834 2886 1903 jubet;
2927 1834 3003 1887 illi
3039 1850 3168 1888 vero
3199 1835 3252 1887 in
3282 1832 3590 1901 huiusmodi

339 1917 398 1973 δὲ
427 1918 484 1970 ὲν
507 1918 762 1983 τοιούτοις
807 1922 985 1984 κακοῖς
1025 1918 1423 1992 ἐξεταζόμενοι,
1447 1922 1522 1985 ὡς
1558 1921 1624 1975 ἂν
1669 1923 1915 1991 ἀπεγνω-

346 2009 499 2072 κότες
532 2009 732 2064 ἑαυτῶν
754 2011 1041 2083 σωτηρίαν,
1066 2013 1146 2075 είς
1166 2012 1422 2066 ἀπόνοιαν
1442 2011 1754 2080 ἐξώκειλαν,
1774 2014 1915 2090 μέθῃ

348 2102 440 2154 καὶ
469 2104 640 2172 τρυφῇ
675 2103 892 2167 ἑαυτοὺς
921 2104 1189 2169 ἐκδόντες,
1229 2105 1304 2170 ὡς
1323 2106 1385 2160 ού
1408 2105 1796 2179 διαδεξομένης
1817 2109 1915 2162 αύ-

343 2191 462 2254 τοὺς
509 2191 641 2245 Θεοῦ
687 2194 920 2266 κρίσεως
955 2195 1095 2267 μετά
1143 2196 1245 2270 τὴν
1286 2195 1382 2250 τοῦ
1415 2197 1610 2271 θνητοῦ
1665 2198 1783 2270 βίου
1833 2217 1918 2254 τε-

238 2320 241 2321 ν
332 2281 538 2354 λευτήν.

401 2394 420 2425 ι
457 2375 565 2428 Καὶ
594 2375 1097 2448 ἀνακεκαλυμμένα
1118 2378 1294 2433 ταῦτά
1327 2382 1433 2433 είσι
1465 2382 1523 2435 ὲν
1541 2384 1654 2446 τοῖς
1669 2382 1772 2435 ὠσὶ
1800 2384 1917 2436 Κυ-

325 2465 442 2536 ρίου
468 2466 717 2521 Σαϐαὼθ.
759 2488 779 2520 ι
820 2470 913 2523 Διὸ
943 2469 1133 2543 ὥσπερ
1164 2471 1348 2544 δεσμῷ
1377 2473 1512 2526 Θεοῦ
1543 2473 1915 2530 καταδεθεῖσιν

322 2556 506 2620 αὐτοῖς
532 2560 599 2628 τῇ
636 2559 882 2631 ἁμαρτίᾳ
904 2561 1176 2630 ἀπόφασις
1199 2561 1542 2632 ἐξενήνεκται
1571 2566 1691 2617 κατ’
1713 2565 1912 2632 αὐτῶν,

323 2652 561 2718 φήσασω
602 2667 620 2699 ι
645 2651 761 2705 Οὐκ
794 2651 1126 2724 ἀφεθήσεται
1154 2656 1185 2725 ή
1214 2654 1437 2727 τοιαύτη
1474 2656 1714 2729 ἁμαρτία
1739 2658 1915 2730 ὑμῶν,

322 2740 430 2804 ἕως
461 2739 795 2814 ἀποθάνητε.
845 2763 865 2796 ι

402 2851 421 2884 ι
457 2831 596 2885 Τάδε
627 2833 778 2903 λέγει
807 2835 1010 2909 Κύριος
1049 2836 1298 2893 Σάϐαώθ·
1335 2839 1577 2911 Πορεύου
1600 2841 1682 2904 είς
1715 2858 1913 2896 παστοο

329 2924 519 2996 φόριον
551 2929 686 2999 πρὸς
717 2929 929 3000 Σομνάν
964 2931 1054 2984 τὸν
1077 2931 1300 3002 ταμίαν,
1337 2933 1432 2986 καὶ
1457 2929 1608 2986 εἷπον
1635 2933 1800 3005 αύτῷ·
1851 2935 1916 2988 Τί

335 3034 424 3072 σοι
457 3012 558 3072 ὧδε
577 3036 593 3082 ;
612 3020 782 3073 Καὶτί
807 3024 890 3074 σοί
911 3023 1061 3074 ὲστιν
1090 3016 1212 3088 ὧδε,
1233 3025 1315 3078 ὃτι
1342 3024 1684 3097 ὲλατόμησας
1707 3027 1916 3099 σεαυτῷ

332 3104 444 3165 ὧδε
482 3115 768 3182 μνημεῖον;
819 3116 916 3168 καὶ
937 3115 1200 3188 ἐποίησας
1234 3116 1446 3188 σεαυτῷ
1473 3120 1531 3171 ὲν
1555 3117 1743 3189 ὑψηλῷ
1779 3136 1915 3190 μνη-

335 3205 513 3276 μεῖον,
543 3207 636 3259 καὶ
670 3206 910 3279 ἔγραψας
947 3208 1162 3280 σεαυτῷ
1193 3211 1250 3263 ὲν
1289 3211 1469 3282 πέτρᾳ
1501 3213 1741 3283 σκηνήν;
1784 3212 1913 3266 Ἰδοὺ

329 3296 400 3369 δή
426 3297 630 3369 Κύριος
663 3299 891 3354 Σαϐαὼθ
942 3301 1162 3355 ἐκϐαλεῖ
1196 3303 1288 3356 καὶ
1319 3304 1567 3374 ὲκτρίψει
1597 3305 1784 3376 ἄνδρα,
1819 3306 1916 3359 καὶ

329 3389 520 3458 ἀφελεῖ
548 3390 648 3462 τὴν
678 3393 870 3464 στολήν
889 3411 1006 3458 σου,
1037 3386 1132 3451 καὶ
1158 3395 1252 3449 τὸν
1291 3397 1553 3466 στέφανόν
1586 3415 1681 3452 σου
1713 3399 1803 3452 τὸν
1828 3398 1917 3452 ἔν-

324 3481 496 3550 δοξον,
531 3485 628 3538 καὶ
660 3485 804 3556 ῥίψει
856 3504 914 3540 σε
935 3489 1016 3551 είς
1048 3486 1232 3560 χώραν
1277 3488 1518 3561 μεγάλην
1548 3492 1640 3544 καὶ
1673 3492 1917 3564 ἀμέτρη-

325 3593 438 3639 τον,
488 3579 585 3632 καὶ
631 3581 750 3631 ἐκεῖ
807 3579 1074 3652 ἀποθανῇ”
1111 3581 1204 3634 καὶ
1258 3580 1413 3653 θήσει
1442 3583 1502 3636 τὸ
1536 3584 1688 3655 ἀρμα
1722 3601 1814 3637 σου
1853 3584 1916 3637 τὸ

332 3669 494 3722 καλὸν
527 3672 606 3734 είς
639 3671 884 3742 ἀτιμίαν,
934 3675 1030 3727 καὶ
1061 3675 1153 3727 τὸν
1190 3669 1339 3727 οἶκον
1382 3673 1477 3727 τοῦ
1534 3675 1791 3748 ἄρχοντός
1818 3693 1913 3729 σου

335 3763 417 3824 είς
450 3764 832 3834 καταπάτημα·
872 3765 964 3819 καὶ
995 3767 1342 3839 ἀφαιρεθήσῃ
1375 3769 1438 3820 ἐκ
1470 3771 1568 3838 τῆς
1603 3767 1915 3839 οἰκονομίας

335 3869 434 3919 σου
469 3854 559 3907 καὶ
606 3857 669 3909 ὲκ
713 3858 814 3928 τῆς
865 3856 1105 3922 στάσεώς
1154 3876 1270 3916 σου.
1333 3878 1352 3911 ι
1408 3861 1603 3930 Ἔλεγε
1659 3861 1835 3914 τοίνυν
1885 3863 1914 3915 ό

343 3947 592 4020 Ἐϐραῖος
611 3951 872 4024 ἀρχιερέα
894 3951 1219 4024 γεγενῆσθαι
1256 3953 1349 4007 τὸν
1389 3954 1601 4026 Σομνᾶν
1629 3958 1913 4026 τρυφητήν

327 4057 470 4105 τινα,
498 4043 589 4103 καὶ
617 4043 711 4095 τὸν
751 4042 862 4112 βίον
893 4043 1128 4114 ἄσεμνον
1159 4043 1348 4115 ἄνδρα·
1385 4045 1460 4108 ὼς
1492 4047 1584 4098 καὶ
1626 4045 1913 4116 προδοῦναι

325 4131 419 4187 τὸν
440 4133 566 4186 λαὸν
584 4133 697 4204 (Ξ8)
714 4135 806 4187 καὶ
823 4134 1188 4207 αὐτομολῆσαι
1202 4138 1340 4209 πρὸς
1357 4138 1558 4208 Σεναχη
1569 4138 1792 4209 ρεὶμτὺν
1806 4137 1914 4191 τῶν

341 4225 643 4278 ’Δσσιιοίων
692 4225 934 4295 βασιλέα,
988 4229 1125 4300 πρὸς
1173 4229 1231 4283 ὃν
1283 4228 1562 4283 ἐκελεύετο
1615 4229 1848 4298 βαδίζειν
1886 4232 1914 4284 ό

328 4317 619 4391 armarat};
652 4321 732 4382 εἰς
768 4319 830 4372 τὸ
851 4321 1285 4394 παστοφόριον,ἢ
1312 4323 1452 4375 κατά
1476 4323 1566 4375 τὸν
1596 4308 1911 4394 Σύμμαχον,

332 4431 351 4461 ι
379 4411 472 4464 τὸν
497 4411 947 4481 σκηνοποιοῦντα,
994 4433 1012 4464 ι
1059 4414 1262 4484 ἢκατά
1289 4414 1381 4467 τὸν
1427 4414 1676 4478 Ἀκύλαν,
1717 4435 1735 4466 ι
1777 4415 1914 4487 πρὸς

324 4502 418 4556 τὸν
449 4501 774 4572 σκηνοῦντα·
806 4522 825 4554 ι
874 4502 1017 4557 οὕτω
1042 4503 1152 4575 γὰρ
1174 4505 1522 4576 ήρμήνευσαν
1553 4506 1688 4560 Θεοῦ
1720 4507 1782 4559 τὸ
1807 4524 1912 4560 πα-

328 4594 636 4665 στοςόριον·
675 4595 848 4648 εἰπεῖν
874 4613 935 4649 τε
968 4596 1135 4666 αὐτῷ·
1159 4598 1372 4668 Μάτην,
1392 4594 1437 4651 ὦ
1459 4594 1633 4663 οὗτος,
1659 4600 1752 4654 καὶ
1784 4617 1920 4672 προς-

325 4687 512 4750 πετῶς
545 4687 732 4741 ἐνθάδε
758 4687 940 4758 σαυτῷ
970 4689 1104 4760 πρὸς
1126 4693 1191 4762 τῇ
1223 4690 1398 4762 πέτρᾳ
1431 4694 1496 4763 τῇ
1531 4693 1706 4765 ὑψηλῇ
1735 4694 1919 4747 ἐλατό-

331 4796 514 4848 μησας
550 4783 832 4851 μνημεῖον,
871 4780 1146 4845 κοιλαίνας
1192 4783 1250 4834 ὲν
1294 4782 1445 4852 αὐτῷ
1486 4783 1777 4855 γράμμασι
1819 4785 1919 4857 τῆς

329 4871 532 4924 σαυτοῦ
568 4872 794 4943 γνώμης
843 4872 1106 4943 σύμϐολα⁹
1143 4874 1240 4926 ούκ
1291 4873 1466 4937 εἰδὼς,
1511 4875 1590 4928 ὅτι
1617 4877 1741 4948 ὄρος
1777 4878 1918 4931 κατά

329 4965 428 5018 σοῦ
462 4967 808 5036 ἐξενήνεκται
853 4965 1005 5038 παρά
1043 4966 1246 5037 Κυρίου
1305 4966 1552 5031 Σαϐαὼθ,
1609 4970 1638 5025 ὁ
1679 4967 1914 5022 κελεύων

324 5056 726 5129 καθαιρεθέντα
747 5073 806 5109 σε
823 5059 924 5129 τῆς
950 5058 1134 5129 τιμῆς,
1164 5054 1231 5129 ἧς
1259 5059 1350 5112 ἐπὶ
1371 5057 1464 5111 τοῦ
1493 5060 1756 5131 παρόντος
1789 5079 1916 5131 μετ-

323 5151 498 5216 εῖχες,
534 5147 628 5201 καὶ
666 5147 1020 5218 γυμνωθέντα
1055 5149 1153 5219 τῆς
1177 5149 1568 5222 περικειμένης
1591 5167 1671 5203 σοι
1698 5153 1912 5223 στολῆς,

322 5239 426 5294 τοῦ
457 5256 518 5293 τε
575 5240 842 5309 στεφάνου
888 5241 982 5294 καὶ
1031 5241 1129 5312 τῆς
1158 5241 1324 5313 ἄλλης
1365 5242 1540 5313 δόξης,
1574 5244 1912 5314 πορρωτάτω

316 5333 426 5417 τῇς
477 5330 711 5384 ἐνταῦθα
741 5331 865 5401 γῆς,
909 5333 1000 5386 ἐπὶ
1032 5331 1189 5402 ξένης
1232 5333 1376 5396 τινὸς
1422 5334 1515 5387 καὶ
1560 5334 1776 5406 μακρὰν
1811 5337 1918 5388 ἀπ-

314 5422 644 5495 ῳκισμένης
670 5421 855 5494 χώρας
884 5423 1196 5478 ἀποθανεῖν.
1228 5425 1504 5496 Περιττῶς
1538 5427 1645 5498 ἀρα
1676 5427 1923 5496 ὲφιλοκά·

314 5515 438 5578 λεις
474 5516 569 5568 τὸν
607 5515 775 5569 πολὺν
815 5518 1022 5569 ἐκεῖνον
1055 5517 1303 5586 συνάγων
1332 5517 1581 5583 πλοῦτον,
1605 5519 1674 5572 τὰ
1697 5518 1918 5592 ἅρματα

312 5610 419 5662 καὶ
446 5608 543 5662 τὸν
571 5608 760 5662 λοιπὸν
780 5608 969 5679 τῦφον,
997 5609 1058 5663 ὃν
1076 5609 1244 5663 εἰσέτι
1264 5610 1358 5665 καί
1384 5611 1478 5665 νῦν
1506 5612 1916 5685 περιϐέϐλησαι.

399 5726 520 5797 (9.8)
562 5727 656 5783 Sic
711 5724 1091 5798 Hieronymus,
1128 5747 1146 5780 ι
1185 5728 1358 5798 Supra
1408 5730 1643 5784 diximus
1675 5729 1909 5784 Subitam

311 5797 498 5857 fuisse
542 5798 882 5870 potititicem,
912 5797 1002 5872 qui
1050 5797 1288 5874 Assyriis
1336 5801 1573 5873 prodidit
1607 5802 1905 5857 civitatem.

2015 1931 2175 1988 malis
2201 1939 2506 1994 versantes,
2532 1927 2686 1998 quasi
2721 1929 2786 1982 de
2810 1927 2984 1982 salute
3007 1927 3362 1994 desperantes
3387 1941 3508 1989 sua,
3536 1927 3588 1979 in

2015 2022 2281 2078 insaniam
2333 2029 2683 2092 proruerunt,
2743 2017 2992 2073 ebrietati
3044 2028 3099 2072 et
3149 2016 3410 2085 voluptati
3470 2031 3593 2071 sese

2015 2114 2304 2178 dedentes;
2333 2112 2485 2182 quasi
2520 2125 2713 2181 nempe
2745 2119 2865 2180 post
2893 2112 3096 2165 exitum
3127 2125 3192 2164 ex
3220 2109 3321 2164 hac
3357 2108 3467 2161 vita
3495 2107 3590 2163 Dei

2010 2205 2272 2275 judicium
2313 2204 2626 2273 neutiquam
2660 2202 2779 2257 illos
2807 2213 3154 2273 excepturum
3187 2209 3352 2256 esset.

2091 2385 2251 2442 Vens.
2287 2385 2374 2440 l4.
2408 2405 2426 2437 ι
2454 2385 2520 2440 Et
2571 2385 2686 2440 haec
2719 2384 2956 2441 revelata
2993 2395 3119 2438 sunt
3152 2384 3204 2438 in
3236 2383 3460 2439 auribus
3489 2381 3594 2438 Do-

2017 2477 2148 2534 tnini
2199 2476 2461 2533 Sabaoth.
2497 2495 2515 2529 ι
2551 2477 2732 2543 Quare
2791 2476 2900 2530 illis
2952 2485 3174 2543 peccato
3235 2489 3333 2528 ceu
3378 2472 3593 2527 vinculo

2017 2571 2111 2624 Dei
2146 2571 2365 2632 vinctis,
2397 2570 2515 2626 haec
2542 2569 2816 2624 sententia
2861 2568 3136 2637 profertur
3167 2585 3179 2620 :
3217 2584 3235 2614 ι
3263 2565 3377 2619 Non
3409 2565 3593 2620 dimit-

2019 2669 2162 2715 tetur
2189 2660 2342 2714 vobis
2372 2660 2474 2713 hoc
2500 2666 2807 2729 peccatum,
2833 2658 3008 2712 donec
3041 2654 3374 2710 moriamini.
3404 2674 3424 2706 ι

2085 2839 2253 2896 Vens.
2284 2839 2464 2894 {5-19.
2499 2859 2517 2890 ι
2543 2837 2671 2894 Haec
2688 2839 2814 2894 dicit
2844 2839 3104 2894 Dominus
3133 2836 3368 2892 Sabaoth
3397 2856 3410 2891 :
3441 2835 3592 2892 Vade

2016 2932 2071 2987 in
2121 2932 2531 3002 pastophorium
2582 2931 2648 2986 ad
2704 2931 2962 2986 Somnam
3021 2931 3365 3001 penuarium,
3401 2938 3456 2983 et
3501 2927 3592 2982 die

2016 3022 2064 3078 ei
2102 3039 2117 3077 :
2150 3023 2290 3090 Quid
2331 3022 2424 3076 tibi
2467 3023 2600 3077 hic?
2641 3023 2702 3076 Et
2736 3003 2865 3092 quid
2899 3021 2995 3076 tibi
3027 3032 3134 3086 est,
3169 3020 3310 3090 quod
3341 3016 3592 3076 excidisti

2019 3115 2116 3170 tibi
2166 3116 2256 3170 hic
2291 3117 2834 3170 monumentum?et
2892 3115 3069 3170 fecisti
3127 3114 3221 3168 tibi
3272 3113 3324 3168 in
3375 3109 3590 3169 excelso

2019 3218 2454 3275 monumentum,
2486 3217 2542 3262 et
2568 3208 2838 3278 scripsisti
2885 3208 2982 3262 tibi
3015 3208 3066 3262 in
3099 3216 3250 3274 petra
3281 3206 3595 3262 tabernacu-

2015 3302 2168 3357 lum?
2203 3303 2341 3357 Ecce
2365 3312 2516 3356 certe
2549 3301 2808 3356 Dominus
2835 3299 3074 3356 SabaOth
3099 3300 3280 3371 ejiciet
3303 3309 3352 3354 et
3396 3305 3593 3352 atteret

2015 3395 2216 3461 virum,
2247 3403 2302 3448 et
2330 3395 2540 3450 auferet
2569 3395 2826 3449 amictum
2858 3404 3028 3459 tuum,
3066 3403 3120 3448 et
3159 3408 3415 3448 coronam
3443 3403 3590 3446 tuam

2015 3489 2332 3560 gloriosam.
2367 3498 2419 3544 et
2450 3489 2702 3557 projiciet
2733 3498 2786 3542 te
2817 3488 2869 3541 in
2914 3489 3191 3558 regionem
3240 3501 3487 3557 magnam
3538 3492 3595 3539 et

2016 3579 2360 3640 immensam.
2391 3586 2446 3633 et
2475 3579 2547 3632 ibi
2592 3577 2876 3642 morieris;
2907 3587 2962 3632 et
3003 3589 3167 3645 ponet
3191 3592 3409 3631 currum
3439 3566 3591 3630 tuum

2014 3669 2299 3740 pulchrum
2332 3669 2966 3734 indedecus,etdomum
2989 3668 3246 3738 prim-ipis
3271 3668 3345 3720 tui
3372 3668 3426 3721 in
3459 3683 3592 3722 con-

2015 3759 2374 3817 culcationem
2395 3779 2410 3814 :
2434 3772 2486 3816 et
2514 3777 2542 3815 a
2567 3762 2972 3833 dispensatione
2997 3770 3085 3815 tua
3114 3769 3168 3814 et
3188 3775 3215 3812 a
3244 3759 3474 3814 statione
3503 3769 3593 3813 tua

2015 3851 2307 3911 arceheris.
2338 3874 2360 3907 ι
2399 3855 2490 3910 Ait
2541 3855 2724 3925 itaque
2775 3854 3056 3919 Hebraeus,
3109 3853 3366 3909 Somnam
3428 3849 3594 3904 fuisse

2014 3959 2359 4029 pontiﬁcem,
2406 3949 2766 4019 voluptarium
2804 3955 2856 4001 et
2920 3946 3186 4002 indecorae
3245 3946 3366 4000 vitae
3420 3944 3594 4001 homi-

2015 4067 2170 4118 nem,
2213 4051 2282 4105 ita
2340 4057 2398 4101 ut
2445 4045 2608 4099 etiam
2644 4041 2898 4112 populum
2950 4041 3203 4110 proderet
3251 4049 3308 4095 et
3354 4039 3592 4095 transfu-

2015 4152 2168 4211 geret
2210 4143 2275 4194 ad
2315 4135 2668 4193 Senacherim
2702 4132 3047 4203 Assyriorum
3084 4148 3284 4202 regem,
3321 4148 3479 4203 quem
3505 4130 3594 4200 ju»

2017 4234 2174 4288 betur
2212 4229 2471 4301 propheta
2515 4227 2566 4280 in
2613 4225 2962 4296 pastophorio
3013 4227 3194 4291 adire;
3221 4227 3353 4292 sive,
3397 4241 3593 4279 secun-

2015 4326 2141 4381 dum
2170 4322 2580 4395 Symmachum,
2613 4338 2631 4372 ι
2662 4319 2726 4371 ad
2759 4319 3227 4374 tabernaculorum
3256 4319 3515 4372 artificem
3538 4336 3586 4385 ς)

2016 4435 2134 4485 seu,
2169 4416 2463 4472 secundum
2517 4413 2789 4483 Aquilam.
2851 4431 2869 4464 ι
2904 4417 2969 4465 ad
3026 4411 3365 4467 tabernacula
3428 4411 3595 4482 ﬂgcn-

1945 4517 2204 4577 Dtem,»
2264 4508 2334 4562 ita
2403 4507 2548 4560 enim
2611 4505 3022 4574 pastophorium
3090 4505 3179 4557 Dei
3254 4503 3592 4572 interpretati

2021 4612 2186 4660 sunt:
2220 4603 2428 4672 ipsique
2464 4599 2649 4654 dicere
2695 4599 3025 4669 prteripitur,
3074 4595 3219 4650 lleus
3263 4607 3341 4662 tu,
3392 4595 3592 4650 frustra

2019 4706 2073 4750 et
2110 4706 2312 4749 temere
2353 4693 2440 4746 hic
2477 4692 2570 4745 tibi
2608 4692 2661 4746 in
2697 4692 2801 4745 alta
2845 4700 2996 4760 petra
3045 4699 3448 4744 monumentum
3497 4705 3596 4743 ex-

2019 4785 2231 4849 cidisti,
2281 4782 2562 4850 insculptis
2601 4781 2798 4836 litteris
2843 4781 3132 4835 voluntatis
3187 4790 3287 4834 tuae
3350 4781 3594 4851 symbols

2022 4885 2414 4947 reprzcsentans
2459 4892 2474 4927 :
2521 4873 2776 4941 ignorans
2819 4871 3094 4924 decretum
3134 4885 3162 4922 a
3223 4869 3445 4923 Domino
3493 4867 3594 4922 Sa-

2020 4970 2182 5024 baoth
2211 4978 2394 5022 contra
2429 4975 2481 5020 te
2506 4965 2744 5035 prodire,
2770 4977 2877 5031 quo
2907 4971 2958 5016 te
2988 4961 3160 5029 jubet,
3197 4961 3399 5015 honore
3432 4974 3590 5028 quem

2023 5075 2164 5113 nunc
2215 5059 2426 5113 obtines
2467 5057 2844 5116 deturbatmn,
2890 5055 3122 5119 amictu,
3175 5069 3281 5123 quo
3327 5051 3590 5116 inducris,

2020 5165 2221 5204 corona
2245 5165 2308 5203 ac
2341 5149 2548 5218 reliquo
2573 5149 2767 5202 decore
2796 5157 3043 5210 exutum,
3070 5144 3259 5213 procul
3291 5146 3392 5200 hac
3424 5154 3590 5209 terra,

2023 5242 2076 5296 in
2111 5241 2394 5311 peregrina
2432 5252 2486 5294 et
2531 5238 2892 5292 remotissima
2948 5241 3164 5307 regione
3216 5237 3453 5308 defungi.
3487 5236 3595 5292 Su-

2024 5333 2226 5403 perllue
2258 5332 2420 5402 igitur
2449 5339 2625 5384 tantas
2657 5329 2778 5383 iilas
2807 5327 3024 5382 divitias
3053 5327 3297 5382 studiose
3335 5328 3595 5397 colligere

2023 5425 2325 5495 satagebas,
2368 5437 2432 5476 ac
2488 5437 2680 5477 currus
2718 5421 3122 5490 superbumque
3154 5420 3317 5473 alium
3357 5435 3593 5489 appara-

2024 5527 2154 5581 tutn,
2197 5531 2303 5584 quo
2347 5528 2491 5568 nunc
2520 5511 2780 5567 indueris.
2828 5509 2954 5566 llaec
2996 5511 3118 5569 item
3159 5512 3425 5583 quispiam
3459 5522 3595 5567 tem-

2024 5609 2138 5680 pori
2175 5607 2443 5679 passionis
2487 5603 2794 5661 Servatoris
2834 5607 3008 5661 nostri
3039 5615 3398 5677 congruenter
3438 5614 3588 5674 apta-

2019 5727 2124 5780 Sed
2155 5725 2278 5792 quia
2312 5724 2414 5777 hoc
2442 5721 2750 5779 traditionis
2780 5731 2860 5782 est
2896 5720 3196 5788 chraicm,
3225 5727 3277 5775 et
3307 5716 3589 5786 Scriptura

2019 5813 2123 5854 nou
2161 5794 2416 5867 loquitur,
2443 5801 2547 5850 etc.
2852 5797 2854 5800 '
