4072 6194
469 288 564 345 151

1148 288 1418 346 EUSEBII
1454 290 1926 348 CASSARIENSIS
1961 290 2114 348 OI‘P.
2155 290 2333 348 PARS
2368 291 2460 347 III.
2499 321 2572 332 —
2608 287 3021 346 EXEGETICA.

3605 289 3712 343 252

465 412 625 474 verit,
653 411 963 484 dixeritque
988 413 1270 480 Somnam,
1294 415 1389 484 qui
1418 431 1448 470 a
1477 416 1784 472 sacerdotio
1813 415 2027 481 excidit,

2152 415 2409 487 ’Λρμόσει
2433 414 2495 468 δέ
2535 430 2621 477 τις
2673 413 2744 466 τὰ
2770 409 3108 486 προκείμενα
3131 411 3212 473 εἰς
3258 408 3352 463 τὸν
3384 407 3570 480 καιρὸν
3620 407 3713 462 τοῦ

465 503 688 571 ligurem
739 517 862 561 esse
905 519 1093 561 eorum
1143 507 1234 574 qui
1279 505 1574 562 secundum
1626 507 1825 577 Iloysis
1864 507 2035 578 legem

462 593 824 649 sacerdotium
856 611 1119 665 corporeo
1155 611 1304 651 more
1347 597 1572 652 obibant
1605 599 1746 666 apud
1789 596 2035 665 Judazos;

462 699 600 752 quos
656 695 779 755 post
827 688 1136 756 passionem
1189 686 1520 752 Salvatoris,
1563 700 1815 744 cessante
1861 705 2041 744 sacer-

462 774 630 839 dotio,
657 791 720 831 ea
752 792 874 846 qua:
908 779 962 832 in
998 779 1283 847 prophetia
1313 778 1581 843 feruntur,
1621 795 1878 850 passuros
1917 795 2040 837 esse

460 865 806 922 vaticinatur.
849 868 1072 923 Eliacim
1101 884 1251 934 vero,
1282 871 1372 938 qui
1415 869 1683 940 signiﬁcat
1714 870 1810 926 Dei
1863 888 2036 926 recur-

463 961 646 1026 rectio,
677 962 982 1031 symbolum
1025 978 1147 1017 esse
1195 964 1319 1017 novi
1369 963 1682 1028 sacerdotii,
1711 964 1854 1034 quod
1907 963 2035 1019 Ser-

459 1053 668 1109 vatoris
699 1054 873 1109 nostri
899 1056 1224 1111 resurrectio
1256 1054 1310 1108 in
1342 1055 1460 1124 ejus
1481 1055 1718 1112 Ecclesia
1745 1071 1842 1127 per
1859 1065 2029 1112 totum

458 1144 644 1200 orbem
677 1145 977 1202 constituit.

534 1331 909 1386 νεικείω-ει.
955 1352 972 1383 ι
1004 1331 1069 1387 Et
1099 1333 1205 1388 erit
1249 1333 1301 1388 in
1348 1333 1436 1388 die
1478 1333 1603 1397 illa,
1654 1334 1860 1390 vocabo
1894 1349 2029 1404 pue-

456 1439 578 1479 rum
618 1439 797 1478 meum
831 1424 1058 1478 Eliacim
1088 1423 1322 1480 Clielcia:
1353 1424 1542 1490 lilium,
1581 1434 1638 1479 et
1663 1425 1879 1480 induam
1907 1441 2029 1480 eum

456 1517 658 1573 amictu
687 1525 802 1584 ωυ,
830 1526 884 1572 et
910 1532 1164 1572 coronam
1192 1529 1338 1571 tuam
1371 1517 1513 1572 dabo
1548 1517 1622 1582 ei,
1654 1527 1708 1574 et
1737 1519 2028 1587 potentiam

457 1617 516 1664 et
559 1608 1014 1678 dispensationem
1068 1619 1215 1661 tuam
1261 1608 1402 1664 dabo
1452 1610 1504 1663 in
1556 1624 1747 1663 manus
1793 1607 1928 1677 ejus.
1969 1609 2032 1662 Et

453 1699 564 1753 erit
598 1708 852 1769 tanquam
885 1709 1040 1768 pater
1071 1699 1445 1754 habitantibus
1481 1698 1804 1762 Jerusalem,
1833 1706 1888 1752 et
1937 1698 2032 1754 lia-

455 1790 759 1844 hitantibus
788 1788 948 1843 Juda.
982 1789 1050 1843 Et
1098 1789 1236 1844 dabo
1281 1788 1329 1843 ei
1377 1789 1586 1843 clavem
1623 1789 1815 1844 domus
1863 1787 2030 1844 David

457 1881 512 1934 in
543 1881 767 1934 bumerc
799 1878 953 1948 ejus:
981 1891 1035 1934 et
1066 1881 1293 1950 aperiet,
1325 1895 1499 1949 neque
1523 1881 1630 1935 erit
1657 1885 1747 1949 qui
1779 1879 2026 1962 claudat;

453 1981 512 2026 et
542 1972 778 2037 claudet,
809 1987 984 2042 neque
1021 1973 1124 2027 erit
1153 1972 1246 2042 qui
1275 1974 1505 2042 aperiat.
1535 1972 1601 2029 Et
1631 1972 1769 2026 dabo
1806 1970 2031 2041 gloriam

456 2065 625 2119 David
653 2067 725 2128 ei.
755 2075 808 2120 et
842 2065 1146 2134 imperabit,
1181 2075 1233 2121 et
1269 2081 1374 2120 non
1409 2065 1514 2120 erit
1549 2065 1641 2134 qui
1674 2065 2025 2119 contradicat.

455 2155 523 2211 Et
549 2157 877 2211 constituam
913 2171 1034 2210 eum
1081 2157 1376 2225 principem
1413 2157 1465 2210 in
1503 2155 1620 2210 loco
1654 2166 1811 2209 tuto:
1844 2166 1897 2210 et
1922 2156 2026 2211 erit

457 2248 510 2302 in
553 2247 804 2302 thronum
839 2247 1022 2317 gloriae
1054 2248 1246 2302 domus
1285 2247 1455 2317 patris
1487 2246 1588 2300 sui.
1633 2247 1695 2300 Et
1728 2249 1830 2301 erit
1861 2246 2028 2301 conli-

454 2337 588 2391 dens
618 2337 670 2390 in
709 2336 825 2405 ipso
858 2337 1036 2392 omnis
1067 2338 1333 2408 gloriosus
1379 2339 1431 2392 in
1467 2340 1629 2391 domo
1662 2337 1830 2406 patris
1861 2339 1966 2400 sui,
1995 2352 2025 2390 a

453 2438 622 2492 parvo
653 2437 824 2493 usque
850 2424 916 2478 ad
949 2440 1223 2495 magnum.
1256 2425 1430 2482 Omne
1460 2441 1556 2480 vas
1590 2441 1816 2495 parvum
1844 2442 1872 2479 a
1902 2441 2027 2481 vase

454 2513 710 2580 aganotb.
757 2513 823 2568 Et
872 2528 1035 2569 erunt
1085 2516 1306 2587 appensi
1360 2516 1410 2570 ei
1466 2516 1521 2571 in
1565 2518 1652 2573 die
1696 2517 1809 2572 illa.
1842 2537 1862 2570 ι
1903 2516 2024 2573 Tibi

452 2605 671 2672 quidem
721 2605 983 2678 [Somnus]
1036 2608 1127 2662 illa
1183 2608 1427 2663 conferet
1468 2623 1483 2662 :
1521 2608 1685 2664 alium
1732 2624 1859 2664 vero
1897 2625 1928 2662 a
1976 2619 2028 2666 te

451 2695 727 2752 diversum
778 2699 1002 2754 Eliacim
1035 2713 1258 2770 puerum
1283 2710 1339 2754 et
1382 2715 1602 2756 servum
1651 2717 1837 2766 suum,
1870 2701 1938 2756 ab
1969 2717 2026 2755 se

450 2788 760 2857 probatum,
799 2793 996 2846 amictu
1039 2791 1226 2846 induet
1257 2802 1377 2859 tuo,
1404 2801 1461 2849 et
1499 2809 1706 2849 corona
1738 2793 2024 2848 sacerdotii

448 2882 758 2946 exornabit,
805 2882 1087 2953 tradetque
1133 2883 1230 2950 ipsi
1269 2897 1410 2944 eam,
1442 2898 1565 2952 quae
1607 2883 1700 2938 tibi
1735 2883 1847 2949 jam
1895 2897 2026 2937 cou-

449 2970 657 3025 eredita
679 2981 786 3038 est,
827 2964 1308 3041 dispensationem.
1342 2973 1435 3027 His
1465 2976 1664 3042 quippe
1695 2973 1890 3043 dignus
1917 2985 2022 3040 est,
2052 3011 2094 3067 ϐ

451 3059 577 3127 quia
620 3076 650 3113 a
701 3063 806 3115 Deo
845 3063 1139 3130 productus
1173 3072 1226 3116 et
1259 3063 1520 3127 selectus,
1563 3079 1668 3117 non
1707 3075 1792 3118 est
1831 3065 2024 3119 similis

451 3151 552 3215 tni,
591 3153 858 3220 superbus
893 3165 948 3207 et
981 3169 1264 3223 arrogans.
1301 3154 1490 3219 Patris
1538 3163 1714 3209 autem
1757 3155 1877 3210 loco
1919 3158 2024 3212 erit

452 3243 538 3305 iis,
584 3244 674 3311 qui
727 3244 827 3299 sub
861 3242 977 3313 ejus
1024 3245 1502 3300 administratione
1547 3246 1742 3315 degcnt
1781 3263 1795 3299 :
1831 3262 2022 3314 qnam-

447 3334 634 3389 obrem
667 3335 764 3404 ipsi
797 3345 854 3391 ut
891 3336 1006 3391 miti
1037 3348 1090 3392 et
1129 3346 1410 3392 tnansueto
1441 3337 1588 3393 dabit
1618 3338 1844 3409 gloriam
1879 3339 2023 3410 regis

448 3427 617 3482 David
661 3429 930 3485 mitissimi
971 3439 1025 3484 et
1063 3429 1379 3498 iustissimi,
1429 3430 1503 3484 ita
1555 3439 1613 3484 ut
1658 3430 1854 3501 populo
1895 3446 2017 3486 cum

447 3520 686 3587 potentia
727 3536 918 3592 magna
962 3521 1210 3591 imperet,
1248 3529 1303 3576 et
1349 3518 1516 3590 jussis
1568 3521 1684 3590 ejus
1729 3520 1904 3576 nullus
1938 3535 2025 3574 re-

445 3619 672 3678 pugnet.
716 3610 936 3682 Eritque
987 3611 1124 3666 lixas
1153 3622 1207 3665 et
1245 3612 1474 3667 Iirmiter
1505 3612 1777 3667 stabiiitus
1819 3614 1871 3666 in
1917 3613 2019 3665 mi-

447 3701 673 3758 nisterio
696 3718 824 3767 suo,
861 3704 934 3758 ita
967 3712 1024 3758 ut
1053 3703 1300 3773 quisquis
1335 3703 1387 3756 in
1433 3703 1630 3772 populo
1663 3704 1843 3757 clarus
1885 3703 2020 3767 erit,

443 3805 552 3846 non
599 3795 913 3858 contendat,
962 3810 1136 3863 neque
1170 3793 1348 3846 futura
1398 3808 1634 3861 unquam
1673 3793 1910 3863 suspicio
1951 3794 2022 3847 sit

446 3884 661 3938 invidia:
682 3895 774 3939 aut
806 3885 990 3940 livoris
1019 3887 1070 3941 in
1097 3904 1252 3953 cum,
1281 3889 1376 3943 sed
1407 3901 1595 3941 omnes
1625 3885 1724 3955 ipsi
1763 3897 2019 3955 tanquam

443 3975 583 4044 patri
621 3975 912 4030 conﬁdant.
943 3976 1143 4034 Omnes
1184 3995 1314 4048 ergo
1343 3977 1632 4033 confertim
1663 3995 1694 4030 a
1729 3992 1897 4043 parvo
1928 3993 2019 4032 us-

443 4078 548 4133 que
572 4064 637 4119 ad
681 4080 932 4136 magnum
972 4069 1038 4124 ab
1071 4070 1185 4138 ejus
1213 4086 1308 4126 ore
1345 4069 1690 4139 pendebant,
1719 4068 1840 4138 ejus
1882 4082 2009 4138 erga

443 4155 627 4212 oinnia
656 4156 1007 4213 sollicitudini
1040 4160 1392 4214 conﬁdentes.

2143 507 2350 570 πάθους
2377 507 2471 559 τοῦ
2495 506 2744 576 Σωτῆρος
2775 503 2954 576 ήμῶνο
2988 503 3082 557 τὸν
3114 503 3211 574 μὲν
3240 500 3573 556 ἐκπίπτοντα
3619 501 3718 572 τῆς

2142 598 2442 671 ἱερωσύνης
2475 597 2690 668 Σομνὰν
2728 597 2912 651 εἰκόνα
2941 595 3082 651 εἶναι
3120 596 3295 664 λέγων
3318 594 3428 648 τῶν
3460 592 3606 647 κατὰ
3627 592 3720 644 τὸν

2139 687 2420 751 Μωῦσέως
2450 687 2612 758 νόμον
2658 687 2984 758 σωματικῶς
3034 684 3342 759 ἱερωμένων
3394 684 3546 757 παρὰ
3591 683 3722 738 ἰου-

2136 779 2322 834 δαίων·
2359 779 2455 845 οὖς
2485 799 2544 835 τε
2587 780 2728 851 μετὰ
2758 779 2820 834 τὸ
2850 779 3021 844 πάθος
3046 780 3108 834 τὸ
3133 780 3397 852 σωτήριον
3431 774 3718 829 πείσεσθαι

2139 871 2208 925 τὰ
2229 871 2703 944 προφητευόμενα,
2730 868 3043 943 παυομένης
3061 871 3159 941 τῆς
3185 867 3505 941 ἱερωσύνης,
3531 865 3720 920 θεσπί-

2138 965 2240 1030 ζει.
2267 966 2370 1019 Τὸν
2394 966 2453 1018 δὲ
2497 966 2797 1036 Ἐλιακεὶμ,
2855 965 3004 1020 Θεοῦ
3042 963 3383 1029 ἀνάστασις
3414 958 3716 1032 ἑρμηνευό-

2139 1073 2320 1126 μενον,
2349 1057 2617 1129 σύμϐολον
2633 1055 2771 1112 εἶναι
2790 1059 2891 1129 τῆς
2913 1059 3038 1122 νέας
3063 1057 3158 1111 καὶ⁸
3176 1053 3369 1124 καινῆς
3393 1051 3714 1124 ἱερωσύνης,

2135 1149 2204 1219 ἣν
2244 1151 2278 1220 ἠ
2316 1149 2412 1203 τοῦ
2459 1149 2710 1222 Σωτῆρος
2774 1150 2931 1221 ήμῶν
2988 1147 3283 1210 ἀνάστασις
3335 1147 3392 1198 ὲν
3437 1147 3503 1216 τῇ
3546 1141 3715 1196 αὑτοῦ

2148 1240 2444 1312 Ἐκκλησία
2485 1242 2608 1295 καθ’
2648 1244 2777 1313 ὅλης
2815 1243 2915 1314 τῆς
2962 1240 3287 1312 οἰκουμένης
3330 1239 3712 1309 συνεστήσατο.

2211 1349 2231 1381 ι
2262 1332 2373 1384 Καὶ
2401 1331 2554 1384 ἔσται
2577 1333 2637 1385 ὲν
2657 1335 2722 1404 τῇ
2747 1332 2930 1403 ἡμέρᾳ
2954 1331 3157 1402 ἐκείνῃ,
3190 1330 3406 1384 καλέσω
3429 1329 3519 1382 τδν
3545 1329 3716 1384 παῖδά

2139 1439 2242 1492 μου
2295 1422 2573 1494 Ἐλιακεὶμ
2613 1424 2706 1477 τὸν
2747 1422 2842 1477 τοῦ
2884 1422 3140 1486 Χελκίου,
3175 1423 3269 1475 καὶ
3301 1421 3506 1475 ἐνδύσω
3549 1418 3715 1474 αὐτὸν

2133 1515 2235 1584 τὴν
2272 1515 2467 1585 στολήν
2503 1532 2618 1582 σου,
2660 1515 2754 1569 καὶ
2788 1514 2880 1568 τὸν
2924 1512 3185 1582 στέφανόν
3228 1530 3320 1565 σου
3357 1511 3512 1565 δώσω
3539 1509 3711 1581 αὐτῷ,

2135 1606 2230 1658 καὶ
2259 1606 2321 1659 τὸ
2353 1607 2555 1678 κράτος
2587 1607 2684 1660 καὶ
2725 1609 2825 1677 τὴν
2856 1606 3168 1678 οἰκονομίαν
3197 1621 3291 1660 σου
3321 1605 3476 1659 δώσω
3503 1607 3582 1668 εἰς
3613 1603 3715 1668 τὰς

2131 1698 2321 1766 χεῖρας
2370 1696 2556 1750 αὑτοῦ.
2601 1698 2711 1750 Καὶ
2744 1697 2897 1751 ἔσται
2937 1697 3014 1761 ὡς
3061 1701 3244 1770 πατὴρ
3286 1700 3401 1760 τοῖς
3447 1695 3716 1749 ἐνοικοῦσι

2127 1787 2227 1858 τὴν
2262 1787 2652 1861 Ἰερουσαλὴμ,
2709 1792 2805 1845 καὶ
2851 1795 2963 1855 τοῖς
3014 1793 3317 1846 ἐνοικοῦσιν
3360 1790 3548 1845 Ἰούδα.
3603 1791 3715 1844 Καὶ

2126 1877 2285 1933 δώσω
2315 1879 2466 1952 αὐτῷ
2492 1881 2589 1953 τὴν
2617 1883 2803 1937 κλεῖδα
2833 1885 2986 1937 οἴκου
3019 1884 3184 1938 Δαυῖδ
3212 1884 3304 1937 ἐπὶ
3331 1882 3411 1953 τῷ
3453 1882 3587 1953 ὤμῳ
3617 1882 3709 1933 αὐ.

2128 1971 2223 2024 τοῦ
2246 1989 2259 2001 ·
2298 1973 2392 2026 καὶ
2437 1973 2669 2040 ἀνοίξει,
2717 1977 2812 2029 καὶ.
2845 1977 2946 2030 οὐκ
2993 1976 3145 2031 ἔσται
3188 1979 3216 2030 ὁ
3250 1975 3584 2030 ἀποκλείων·
3621 1974 3716 2030 καὶ

2130 2059 2353 2126 κλείσει,
2388 2065 2483 2118 καὶ
2518 2065 2620 2118 οὐκ
2653 2065 2803 2121 ἔσται
2837 2069 2865 2120 ό
2897 2069 3149 2137 ἀνοίγων.
3183 2070 3294 2122 Καὶ
3319 2067 3474 2121 δώσω
3498 2069 3597 2138 τὴν
3624 2067 3713 2122 δό-

2127 2148 2224 2213 ξαν
2248 2153 2413 2206 Δαυῒδ
2446 2155 2624 2226 αὐτῷ,
2658 2158 2753 2211 καὶ⁵
2782 2158 2957 2230 ἄρξει,
2993 2162 3089 2214 καὶ
3119 2161 3218 2213 οὐκ
3256 2160 3406 2213 ἔσται
3448 2161 3477 2212 ὁ
3504 2159 3714 2212 ἀντιλέ-

2126 2257 2257 2308 γων.
2285 2244 2396 2297 Καὶ
2425 2248 2608 2315 στήσω
2630 2249 2793 2302 αὐτὸν
2825 2251 3059 2322 ἄρχοντα
3093 2254 3149 2304 ὲν
3175 2252 3326 2323 τόπῳ
3359 2252 3534 2323 πιστῷ
3554 2269 3569 2281 ο
3615 2252 3712 2305 καὶ

2127 2331 2278 2386 ἔσται
2302 2335 2386 2398 εἰς
2422 2335 2612 2407 θρόνον
2638 2339 2799 2412 δόξης
2824 2341 2918 2394 τοῦ
2961 2343 3110 2397 οἴκου
3149 2342 3247 2397 τοῦ
3281 2344 3487 2415 πατρὸς
3521 2343 3711 2400 αὑτοῦ.

2125 2424 2235 2477 Καὶ
2279 2424 2431 2480 ἔσται
2475 2429 2754 2495 πεποιθὼς
2802 2434 2890 2485 ἐπ’
2942 2434 3104 2488 αὑτὸν
3151 2438 3260 2500 πᾶς
3301 2435 3508 2501 ἔνδοξος
3545 2437 3602 2488 ὲν
3634 2433 3716 2506 τῷ

2125 2517 2256 2588 οἴκῳ
2287 2519 2384 2572 τοῦ
2434 2523 2638 2595 πατρὸς
2685 2525 2872 2588 αὑτοῦ,
2913 2529 3021 2582 ἀπὸ
3068 2530 3265 2601 μικροῦ
3298 2530 3403 2593 ἓως
3449 2529 3711 2600 μεγάλου.

2127 2610 2242 2664 Πᾶν
2269 2612 2332 2664 τὸ
2373 2614 2566 2679 σκεῦος
2602 2617 2663 2669 τὸ
2703 2619 2896 2690 μικρὸν
2925 2621 3034 2674 ἀπὸ
3063 2621 3291 2686 σκεύους
3325 2621 3433 2674 τῶν
3465 2620 3708 2690 ἁγανώθ.

2125 2701 2237 2753 Καὶ
2301 2702 2514 2758 ἔσονται
2574 2708 3010 2781 ἐπικρεμάμενοι
3069 2713 3218 2784 αύτῷ
3278 2716 3338 2768 ὲν
3403 2716 3468 2785 τῇ
3524 2713 3710 2785 ἡμέρᾳ

2126 2792 2328 2864 ἐκείνῃ.
2377 2814 2394 2846 ι
2432 2797 2522 2849 Σοὶ
2557 2798 2656 2868 μὲν
2682 2800 2855 2854 ταῦτα
2895 2789 3138 2858 ἐποίσειο
3166 2805 3256 2858 τὸν
3297 2805 3353 2859 δὲ
3389 2805 3573 2878 ἕτερόν
3612 2819 3707 2859 σου

2126 2885 2216 2938 τὸν
2263 2886 2545 2960 Ἐλιακεὶμ
2589 2892 2752 2946 παῖδα
2787 2896 2880 2947 καὶ
2905 2896 3089 2950 δοῦλον
3124 2899 3318 2952 ἑαυτοῦ
3340 2939 3355 2964 ,
3383 2899 3706 2971 δοκιμάσας.

2127 2975 2222 3047 τὴν
2268 2976 2366 3048 σὴν
2404 2979 2612 3034 ὲνδύσει
2640 2984 2860 3056 στολὴν,
2905 2989 2999 3040 καὶ
3028 2987 3106 3058 τῷ
3144 2991 3391 3061 στεφάνῳ
3420 2990 3520 3061 τῆς
3553 2991 3710 3062 ἀρχι-

2125 3068 2405 3140 ερωσύνης
2428 3072 2667 3143 τιμήσει,
2695 3075 3009 3148 ἐγχειρίσας
3037 3079 3186 3150 αύτῷ
3213 3081 3281 3151 ἣν
3307 3081 3444 3144 τέως
3481 3081 3575 3134 ἐπὶ
3613 3079 3709 3133 τοῦ

2124 3158 2390 3229 παρόντος
2444 3163 2508 3215 σὺ
2562 3165 2891 3237 ἐπιστεύθης
2929 3170 3278 3240 οἰκονομίαν⁸
3327 3170 3476 3235 ἄξιος
3523 3171 3631 3244 γὰρ
3679 3174 3714 3227 ὁ

2122 3248 2260 3319 ἀνὴρ
2279 3249 2503 3304 τούτων.
2540 3254 2754 3326 Ἐπειδὴ
2777 3256 2834 3308 δὲ
2857 3257 3151 3327 προαχθεὶς
3176 3259 3279 3311 ὑπὸ
3305 3259 3401 3311 τοῦ
3427 3257 3583 3321 Θεοῦ,
3607 3261 3712 3312 ούκ

2123 3339 2238 3392 ἐστι
2268 3357 2350 3393 σοι
2379 3342 2582 3412 ὅμοιος,
2620 3346 2968 3417 ὑπερήφανός
3001 3366 3058 3400 τε
3102 3351 3197 3402 καὶ
3227 3348 3459 3412 ἀλαζών.
3508 3351 3712 3421 Χώραν

2124 3429 2181 3482 δὲ
2210 3431 2414 3502 πατρὸς
2441 3433 2621 3502 ἐφέξει
2651 3437 2784 3507 πρὸς
2804 3439 2930 3501 τοὺς
2959 3439 3251 3509 μέλλοντας
3278 3441 3370 3492 ὑπ’
3393 3440 3556 3494 αὐτοῦ
3584 3441 3712 3495 διοι-

2125 3520 2357 3575 κεῖσθαι.⁹
2386 3523 2574 3596 διόπερ
2598 3526 2674 3590 ὡς
2705 3529 2852 3596 ήπίῳ
2884 3531 2978 3583 καὶ
3006 3532 3166 3602 πρᾴῳ
3193 3533 3291 3603 τήν
3315 3531 3474 3596 δόξαν
3496 3531 3591 3584 τοῦ
3619 3532 3713 3602 βα·

2125 3612 2318 3678 σιλέως
2345 3616 2506 3669 Δαυῖδ
2533 3617 2628 3670 τοῦ
2656 3619 2967 3688 πραοτάτου
2995 3623 3087 3675 καὶ
3115 3623 3458 3678 δικαιοτάτου
3483 3625 3578 3678 καὶ
3602 3622 3711 3677 δὼ-

2124 3722 2227 3771 σει,
2255 3706 2395 3761 ὥστε
2424 3710 2613 3782 ἄρχειν
2638 3711 2732 3764 τοῦ
2763 3712 2893 3766 λαοῦ
2926 3714 3064 3785 μετά
3090 3715 3290 3788 πολλῆς
3316 3716 3584 3781 ἐξουσίας,
3615 3717 3714 3770 καὶ

2126 3801 2330 3870 μηδένα
2357 3802 2660 3872 ἀντιλέγειν
2697 3807 2810 3868 τοῖς
2852 3807 2945 3858 ὑπ’
2981 3807 3147 3860 αὐτοῦ
3191 3810 3707 3880 προστασσομένοις.

2128 3892 2321 3944 Ἔσται
2349 3893 2406 3945 δὲ
2448 3893 2845 3966 ὲστηλωμένος,
2875 3896 3107 3967 βεϐαίως
3147 3899 3432 3972 ἱδρυμένος
3473 3902 3568 3955 ἐπὶ
3610 3901 3712 3972 τὴν

2125 3984 2318 4038 ἑαυτοῦ
2348 3985 2691 4060 λειτουργίαν
2710 4006 2723 4019 ο
2753 3989 2829 4054 ὡς
2873 3991 3050 4045 πάντα
3077 3993 3169 4044 τὸν
3209 3995 3267 4046 ὲν
3297 3994 3374 4064 τῷ
3415 3994 3528 4066 λαῷ
3567 3993 3712 4048 ἔνδο-

2123 4071 2214 4138 ξον
2247 4075 2322 4146 μὴ
2354 4076 2594 4148 ἀγωνιᾷν
2625 4079 2760 4149 μηδὲ
2791 4079 3094 4152 ὑφορᾶσθαι
3127 4081 3318 4150 φθόνον
3347 4084 3378 4155 ἢ
3410 4084 3710 4154 βασκανίαν

2123 4164 2183 4229 ἐξ
2208 4167 2374 4221 αὑτοῦ
2406 4170 2779 4242 γενησομένην
2821 4173 2951 4225 ποτέ
2971 4191 2984 4202 ·
3015 4173 3333 4228 πεποιθέναι
3359 4176 3414 4228 δὲ
3445 4177 3534 4228 ἐπ’
3562 4174 3712 4245 αὐτῷ

441 4247 634 4342 ὡςᾼὲπὶ
673 4253 856 4324 πατρί.
902 4254 1108 4317 Πάντες
1133 4255 1262 4323 γοῦν
1299 4255 1509 4326 ἀθρόως
1543 4256 1653 4310 ἀπὸ
1680 4256 1880 4328 μικροῦ
1919 4257 2024 4320 ἓως
2061 4260 2299 4328 μεγάλου
2362 4263 2578 4320 ἔσονται
2639 4265 3003 4338 ἁνηρτημένοι
3027 4269 3213 4336 αὑτοῦ,
3247 4269 3573 4342 θαρροῦντες
3607 4271 3708 4324 αύ-

440 4338 535 4407 τοῦ
562 4345 629 4415 τῇ
655 4345 779 4414 περὶ
804 4345 1019 4400 πάντων
1046 4346 1358 4420 κηδεμονίᾳ.

515 4430 680 4492 Vens.
704 4438 793 4493 25.
842 4457 860 4491 ι
893 4439 1016 4494 Haec
1057 4441 1188 4494 dicit
1243 4441 1502 4496 Dominus
1539 4440 1777 4498 Sabaoth
1807 4461 1820 4496 :
1859 4445 2020 4499 Com-
2051 4447 2096 4502 D

440 4529 746 4583 movebitur
791 4531 952 4586 homo
999 4531 1268 4586 stabilitus
1312 4532 1363 4585 in
1409 4532 1527 4587 loco
1571 4543 1714 4599 tuto,
1762 4545 1818 4590 et
1862 4534 2014 4589 anfe-

440 4629 591 4676 retur
614 4630 669 4676 et
699 4622 876 4685 cadet,
901 4632 957 4678 et
984 4623 1432 4678 exterminabitur
1461 4625 1628 4693 gloria
1668 4626 1718 4679 in
1753 4642 1817 4679 eo
1841 4640 1856 4679 :
1889 4627 2015 4695 quia

442 4711 700 4766 Dominus
737 4713 944 4768 locutus
983 4723 1084 4769 est.
1117 4732 1135 4766 ι
1186 4711 1450 4780 Quoniam
1505 4729 1610 4768 non
1647 4723 1797 4770 recte
1841 4729 2017 4784 neque

440 4802 673 4858 ﬁdeliter
724 4803 1096 4876 concreditum
1147 4803 1247 4858 sibi
1321 4803 1680 4858 ministerium
1753 4804 1916 4868 obiit,
1963 4805 2015 4859 in

440 4893 682 4948 ordinem
730 4895 1000 4964 redigetur
1047 4904 1100 4949 et
1137 4894 1340 4948 bonore
1389 4895 1714 4963 privabitur,
1750 4895 2017 4966 cadctque

439 4985 612 5056 gloria
643 4987 805 5044 ineo.
836 4988 898 5040 Et
925 4988 1039 5042 haec
1064 4987 1241 5040 omnia
1275 4986 1372 5057 ipsi
1399 4987 1668 5055 evenient,
1703 4986 1813 5043 Deo
1843 4989 2017 5058 ipsum

439 5080 507 5136 ad
558 5078 700 5134 hanc
751 5079 1115 5135 calamitatem
1187 5079 1499 5133 damnante.
1555 5080 1648 5135 llis
1703 5095 1864 5151 porro
1919 5098 2017 5136 nos

439 5183 620 5222 sermo
664 5171 731 5223 ad
779 5171 1190 5240 temperantiam
1228 5170 1499 5236 hortatur,
1552 5173 1816 5242 docetque
1849 5188 1916 5228 ne
1965 5175 2015 5226 in

439 5261 600 5316 rebus
657 5265 932 5331 prosperis
997 5263 1274 5319 molliores
1326 5265 1649 5329 evadamus,
1707 5280 1882 5334 neque
1949 5266 2016 5320 de

439 5352 668 5422 imperio
718 5356 1128 5424 superbiamns,
1182 5371 1320 5412 neve
1366 5357 1628 5426 judicium
1677 5357 1771 5413 Dei
1821 5357 2016 5413 oblivi-

436 5461 582 5502 suam
592 5463 620 5498 ll
630 5461 674 5501 Γ.

989 5543 1218 5601 CAPUT
1260 5544 1442 5600 XXIII.

512 5629 675 5687 Vens.
710 5633 757 5687 I.
798 5649 817 5683 ι
851 5630 1082 5687 Verbum
1126 5633 1276 5707 Tyri.
1313 5637 1544 5704 Ululate,
1582 5651 1748 5693 naves
1783 5637 2016 5693 Cartha-

438 5722 613 5799 ginis,
652 5724 775 5798 quia
824 5722 1001 5796 periit.
1032 5743 1048 5776 ι
1089 5725 1322 5782 Verbum
1367 5727 1530 5797 igitur
1569 5727 1694 5799 Tyri
1729 5729 1781 5785 in
1829 5731 2016 5801 primis

2199 4463 2216 4494 ι
2257 4444 2395 4497 Τάδε
2431 4444 2580 4513 λέγει
2620 4446 2825 4516 Κύριος
2865 4447 3091 4502 Σαϐαὼθ
3116 4467 3130 4479 ο
3160 4452 3532 4523 Κινηθήσεται
3556 4457 3584 4508 ό
3611 4455 3706 4510 ἄν-

2121 4531 2336 4603 θρωπος
2362 4535 2392 4586 ὁ
2419 4536 2815 4607 ὲστηριγμένος
2858 4540 2916 4591 ὲν
2944 4539 3095 4611 τόπῳ
3124 4542 3318 4613 πιστῷ,
3352 4546 3445 4597 καὶ
3479 4547 3711 4617 ἀφαιρε-

2120 4625 2347 4696 θήσεται
2386 4627 2480 4679 καὶ
2514 4631 2782 4690 πεσεῖται,
2825 4631 2918 4685 καὶ
2949 4633 3462 4706 ὲξολοθρευθήσεται
3503 4640 3534 4710 ή
3581 4640 3711 4708 δόξα

2120 4718 2209 4770 ἐπ’
2231 4717 2414 4770 αὐτόν’
2440 4719 2521 4772 ὅτι
2549 4720 2753 4791 Κύριος
2780 4722 3060 4795 ἐλάλησεν.
3095 4745 3113 4777 ι
3159 4727 3376 4799 Ἐπειδὴ
3406 4729 3479 4800 μὴ
3505 4730 3705 4802 ὀρθῶς,

2123 4809 2260 4881 μηδὲ
2302 4810 2508 4875 πιστῶς
2527 4810 2796 4883 διῴκηκεν
2824 4815 2892 4886 ἢν
2919 4816 3214 4888 ἐπιστεύθη
3242 4820 3571 4891 οἰκονομίαν,
3612 4840 3735 4898 με·ἱ

2120 4902 2522 4973 ταταχθήσεται
2559 4906 2651 4958 καὶ
2683 4907 3112 4978 ἀφαιρεθήσεται
3139 4911 3238 4982 τῆς
3261 4912 3427 4982 τιμῆς
3446 4953 3461 4978 ,
3490 4915 3584 4968 καὶ
3611 4933 3708 4969 πε-

2123 4996 2297 5046 σεῖται
2333 4995 2366 5064 ή
2419 4993 2545 5061 δόξα
2570 4996 2660 5048 ἐπ’
2687 4997 2839 5068 αύτῷ
2859 5014 2874 5029 ο
2904 4999 2998 5052 καὶ
3028 4999 3203 5055 ταῦτα
3235 5002 3411 5057 πάντα
3457 5007 3586 5076 περὶ
3617 5008 3712 5062 a6-

2119 5086 2210 5140 τὸν
2237 5085 2438 5149 ἔσεται,
2475 5086 2760 5159 κρίναντος
2800 5091 2962 5146 αὐτὸν
2991 5092 3167 5147 ταῦτα
3200 5095 3392 5149 παθεῖν
3421 5096 3515 5151 τοῦ
3545 5098 3707 5156 Θεοῦ.

2121 5175 2449 5247 Σωφρονίζει
2467 5176 2523 5229 δὲ
2548 5176 2638 5231 διὰ
2661 5178 2865 5233 τούτων
2893 5182 2987 5234 καὶ
3021 5185 3167 5255 ἡμᾶς
3192 5186 3219 5237 ὁ
3247 5184 3402 5252 λόγος
3436 5188 3708 5245 παιδεύων

2125 5267 2200 5338 μὴ
2233 5268 2559 5338 χαυνοῦσθαι
2585 5272 2644 5325 ἐν
2674 5274 2794 5336 ταῖς
2829 5273 3187 5347 εὐπραγίαις,
3223 5277 3356 5347 μηδὲ
3382 5279 3728 5351 ἐπαίρεσθαι·

2120 5363 2240 5424 ταῖς
2260 5362 2474 5432 ἀρχαῖς,
2509 5363 2644 5434 μηδὲ
2667 5368 2768 5436 τῆς
2791 5367 3022 5437 κρίσεως
3051 5369 3386 5439 ἀμνημονεῖν
3415 5372 3511 5425 τοῦ
3542 5373 3700 5428 Θεοῦ.

2629 5547 3022 5602 ΚΕΦΛΛΑΙΟΝ
3062 5549 3190 5603 Kl”.

2193 5655 2211 5688 ι
2247 5634 2319 5688 Τὸ
2354 5638 2505 5708 ῥῆμα
2530 5638 2728 5710 Τύρου.
2774 5639 3081 5705 Ὀλολύζετε
3100 5681 3113 5706 ,
3145 5641 3304 5697 πλοῖα
3335 5642 3702 5718 Καρχηδόνος,

2116 5729 2202 5782 ὅτι
2239 5728 2503 5785 ἀπώλετο.
2554 5751 2571 5784 ›
2618 5728 2688 5783 Τὸ
2719 5730 2870 5803 ῥῆμα
2919 5733 3092 5788 τοίνυν
3128 5732 3222 5803 τῆς
3267 5733 3440 5804 Τύρου
3481 5732 3539 5791 ἐν
3586 5735 3701 5796 τοῖς
