4072 6194
329 292 452 350 255

1268 289 1773 350 COMMENTARIA
1814 294 1880 349 IN
1921 293 2173 349 ISAIAM.
2215 324 2284 333 -—
2321 292 2474 349 CAP.
2527 290 2720 347 XXIII.

3508 297 3615 353 234

340 407 599 479 πρώτοις
635 422 880 477 σημαινει
905 405 1008 477 τὴν
1052 404 1386 460 ἐπελθοῦσαν
1410 410 1476 479 τῇ
1525 408 1687 481 Τύρῳ
1730 410 1922 482 πολιορ

2042 407 2314 477 signiﬁcat
2358 406 2594 460 futuram
2639 405 2767 477 Tyri
2816 403 3153 462 obsidionem
3185 422 3201 461 :
3232 422 3338 478 quo
3373 416 3616 480 tempore

347 502 488 554 κίαν
510 516 526 530 ’
554 497 672 551 καθ’
706 497 763 550 ὃν
796 495 990 567 χρόνον
1021 496 1254 559 ἐπιστὰς
1276 498 1305 549 ό
1347 496 1629 569 Ἀσσύριος
1663 498 1801 569 μετά
1829 498 1937 550 τῶν

354 592 541 645 ἀλλων
570 589 729 643 ἐθνῶν
756 590 847 641 καὶ
870 586 1043 658 αὐτὴν
1070 581 1181 639 εἷλε
1220 588 1314 640 καὶ
1345 586 1441 659 τὴν
1470 587 1696 650 Σιδῶνα,
1724 588 1802 652 ὡς
1843 588 1935 641 καὶ

359 686 423 736 δν
458 685 570 745 ταῖς
602 680 794 745 ἔξωθεν
820 678 1126 749 ἐμφέρεται
1169 679 1448 749 ἱστορίαις.
1510 680 1597 732 Ἐν
1637 679 1716 750 τῷ
1761 678 1936 750 καιρῴ

362 777 536 828 τοίνυν
558 774 767 843 ἐκείνῳ,
805 771 927 825 καθ’
956 771 1017 824 ὃν
1046 771 1144 841 τὴν
1174 770 1442 840 τοσαύτην
1470 771 1685 842 ἐκείνην
1709 771 1937 842 ὑπέμει-

361 886 449 922 νεν
471 866 700 938 ἐρημίαν
725 866 759 935 ἡ
784 864 1002 935 Τυρίων
1036 863 1210 927 πόλις,
1240 864 1385 927 εἰκὸς
1405 859 1473 935 ἦν
1501 864 1697 929 αὐτοὺς
1738 864 1935 935 μηκέτι

358 962 487 1033 μηδὲ
533 958 753 1030 συνήθει
792 955 1092 1028 κεχρῆσθαι
1130 956 1391 1027 ἐμπορία,
1427 958 1713 1021 ναυτικοὺς
1752 957 1932 1021 ὄντας,

349 1054 441 1107 καὶ
468 1052 702 1106 πάντοτε
742 1048 1152 1121 πραγματείαις
1179 1050 1299 1111 ταῖς
1329 1048 1417 1101 διὰ.
1445 1047 1719 1120 θαλάσσης
1746 1047 1934 1119 σχολά-

342 1144 560 1209 ζοντας.
639 1141 1064 1210 Ἀφανισθεὶσης
1109 1138 1288 1192 τοίνυν
1338 1143 1437 1211 τῆς
1489 1140 1702 1213 Τύρου,
1750 1143 1934 1196 οὐκέτι

339 1231 481 1306 ἦσαν
533 1236 584 1288 οἱ
630 1234 734 1299 τὰς
783 1234 1057 1304 ἐμπορίας
1105 1232 1163 1299 ἐξ
1208 1234 1378 1303 αὐτῆς
1428 1234 1775 1304 κομίζοντες,
1825 1237 1933 1289 ἀπὸ

341 1327 694 1399 Καρχηδόνος
724 1326 978 1390 εἰωθότες
1010 1326 1251 1379 διαπλεῖν
1292 1326 1384 1379 ἐπὶ
1413 1326 1510 1398 τὴν
1540 1328 1736 1399 Τύρον.
1772 1348 1789 1379 t
1822 1328 1931 1382 Καὶ

340 1422 527 1475 ούκέτι
558 1421 807 1492 ἔρχονται
855 1422 919 1472 ὲκ
959 1422 1062 1490 γῆς
1101 1420 1397 1473 Κιττιέων·
1445 1413 1609 1490 ἦκται
1652 1420 1933 1492 αἰχμάλω-

342 1532 458 1577 τος.
507 1534 525 1565 ι
566 1513 799 1581 Λέγεται
846 1511 904 1564 δὲ
954 1514 986 1583 η
1042 1512 1265 1583 Κύπρος
1310 1513 1453 1566 οὕτω
1493 1512 1781 1585 δηλοῦσθαι
1838 1516 1931 1567 κα)⁵

345 1601 595 1654 Κιττίων
648 1596 784 1655 εἶναι
821 1601 976 1654 πόλιν
1018 1603 1078 1654 ὲν
1120 1604 1280 1674 αὐτῇ,
1315 1603 1381 1656 δι’
1420 1597 1487 1675 ἦς
1527 1604 1833 1675 παρέπλεον
1878 1606 1930 1658 οί

352 1695 465 1749 ἀπὸ
487 1694 589 1764 τῆς
616 1695 787 1763 Τύρου
814 1694 1232 1765 ναυτιλλόμενοι.

2041 501 2432 569 superveniens
2458 501 2719 572 Assyrius
2744 515 2869 555 cum
2898 500 3019 555 aliis
3043 501 3318 570 gentibus.
3347 513 3402 558 et
3445 503 3614 573 ipsam

2038 602 2093 646 et
2122 592 2378 647 Sidonem
2419 591 2595 659 cepit,
2639 597 2697 643 ut
2728 590 2893 645 etiam
2940 591 2993 645 in
3024 603 3335 647 exterarum
3372 594 3614 649 historiis

2041 692 2316 736 narratur.
2360 680 2457 735 Illo
2506 680 2689 749 itaque
2741 690 3013 751 tempore,
3063 696 3173 753 quo
3210 683 3498 753 Tyriorum
3537 687 3616 741 ci-

2037 779 2175 832 vitas
2205 784 2410 832 tantam
2445 790 2606 845 passa
2650 783 2737 830 est
2768 775 3101 843 vastitatem,
3130 793 3470 849 consequens
3496 792 3615 839 erat

2039 868 2160 923 illos
2212 883 2319 922 non
2384 866 2548 922 solito
2602 868 2934 922 commercio
2983 868 3099 933 uti;
3160 871 3360 925 nautici
3414 872 3614 942 quippe

2008 970 2232 1023 .erant,
2278 975 2341 1015 ac
2377 972 2592 1030 semper
2668 959 2894 1014 marinis
2954 960 3405 1030 negotiationibus
3452 979 3611 1019 vaca-

2036 1054 2188 1109 bant.
2225 1052 2408 1108 Deleta
2453 1054 2635 1121 itaque
2665 1052 2829 1122 Tyro,
2864 1052 2993 1107 nulli
3034 1066 3193 1109 erant
3216 1058 3306 1126 qui
3338 1072 3436 1127 pro
3461 1075 3613 1115 more

2037 1161 2246 1201 merces
2312 1145 2438 1200 inde
2501 1148 2971 1202 transveherent:
3020 1148 3055 1203 ii
3109 1164 3237 1204 vero
3283 1150 3612 1224 Carthagine

2035 1235 2238 1305 Tyrum
2273 1237 2532 1307 navigare
2579 1237 2849 1292 solebant.
2889 1257 2909 1290 t
2942 1238 3008 1292 Et
3053 1255 3158 1293 non
3204 1242 3341 1295 ultra
3389 1244 3613 1300 veniunt

2033 1328 2099 1381 de
2147 1336 2288 1382 terra
2320 1326 2677 1384 Citiensium:
2716 1328 2988 1386 abductus
3033 1342 3115 1386 est
3151 1334 3419 1402 captivus.
3443 1354 3461 1386 ι
3516 1336 3609 1393 llis

2036 1418 2269 1473 indicari
2320 1418 2557 1489 Cyprum
2590 1422 2811 1484 dicitur,
2844 1423 3241 1494 Cittiorumque
3270 1427 3457 1481 urbem
3510 1428 3610 1483 ibi-

2032 1510 2153 1564 dem
2206 1521 2460 1579 exstare,
2512 1513 2599 1568 cui
2647 1513 3058 1584 adnavigabant
3095 1517 3186 1585 qui
3234 1514 3381 1587 Tyro
3426 1519 3608 1575 solve-

2033 1601 2183 1655 bant.

435 1806 455 1836 ι
518 1786 640 1840 Τίνι
687 1788 853 1857 ὅμοιοι
899 1788 1188 1856 γεγόνασιν
1238 1790 1287 1841 οἱ
1335 1789 1713 1853 κατοικοῦντες
1758 1791 1815 1841 ὲν
1864 1791 1922 1860 τῇ

2108 1782 2270 1839 Vens.
2297 1784 2417 1839 2-4.
2464 1805 2483 1837 t
2512 1786 2608 1841 Cui
2644 1784 2853 1839 similes
2892 1783 3018 1839 facti
3054 1796 3183 1840 sunt
3227 1790 3316 1857 qui
3356 1791 3604 1848 habitant

363 1880 534 1950 νήσῳ,
563 1880 838 1951 μετάϐολοι
855 1880 1123 1952 Φοινίκης,
1145 1881 1509 1953 διαπερῶντες
1530 1883 1628 1953 τὴν
1653 1882 1931 1938 θάλασσαν

368 1971 427 2024 ὲν
452 1970 602 2023 ῦδατι
622 1970 822 2041 πολλῷ;
847 1972 1064 2043 σπέρμα
1090 1972 1401 2042 μεταϐόλων
1417 1974 1492 2036 ὼς
1519 1973 1730 2043 ἀμητοῦ
1754 1975 1930 2043 εἰσφε-

372 2062 627 2134 ρομένου’
660 2064 708 2115 οί
744 2064 1026 2134 μετάϐολοι
1074 2064 1181 2119 τῶν
1222 2064 1412 2121 ἐθνῶν.
1460 2065 1806 2138 Λίσχύνθητι,
1841 2066 1929 2120 Σι⁶

360 2155 477 2217 εὼν,
520 2152 671 2208 εἶπεν
708 2157 739 2226 ή
788 2156 1052 2211 θάλασσα.
1107 2158 1170 2210 ἹΙ
1209 2158 1265 2210 δὲ
1311 2159 1462 2229 ἰσχὺς
1509 2162 1607 2231 τῆς
1654 2160 1927 2231 θαλάσσης

348 2242 498 2300 εἶπεν
518 2264 532 2276 ·
562 2247 677 2302 Ούκ
700 2247 911 2313 ὧδινον,
939 2250 1061 2302 οὐδὲ
1087 2250 1293 2315 ἔτεκον,
1320 2250 1442 2303 οὐδὲ
1468 2249 1729 2323 ἐξέθρεψα
1758 2254 1927 2307 νεανί-

347 2356 529 2402 σκους,
585 2338 706 2392 οὐδὲ
759 2340 950 2411 ῦψωσα
997 2342 1313 2414 παρθένους.
1375 2364 1392 2396 ι
1444 2344 1559 2399 Νῦν
1604 2346 1659 2399 δὲ
1708 2349 1927 2402 πάντων

339 2432 557 2505 ἀθρόως
586 2435 976 2507 ἀφῃρημένους
998 2477 1012 2501 ,
1053 2437 1280 2494 καὶτῶν
1324 2438 1696 2510 νομιζομένων
1740 2444 1927 2507 αὐτοῖς

343 2527 562 2594 ἀγαθῶν
602 2530 987 2600 στερηθέντας,
1033 2530 1294 2602 αἰσχύνην
1334 2532 1693 2603 καταχέεσθαι
1760 2552 1923 2606 προσ-

342 2620 497 2689 ήκει·
545 2620 621 2693 μὴ
659 2622 879 2692 μόνους,
905 2621 1039 2675 ἀλλά
1069 2623 1161 2676 καὶ
1193 2624 1317 2687 τοὺς
1345 2626 1410 2678 ὲκ
1450 2626 1705 2693 γειτόνων
1742 2628 1924 2693 αὐτοῖς

341 2712 626 2777 οἰκοῦντας
672 2715 986 2779 Σιδωνίουςο
1039 2718 1321 2787 μονονουχὶ
1367 2718 1463 2770 καὶ
1506 2718 1605 2787 τῆς
1646 2717 1925 2791 θαλάσσης

348 2804 539 2874 αξη-ῆς,
566 2804 746 2877 φωνὴν
780 2805 1051 2878 ἀφιείσης,
1080 2807 1174 2860 καὶ
1200 2807 1614 2881 ἀποθρηνούσης
1640 2809 1810 2880 αὐτῆς
1834 2810 1922 2863 διὰ

349 2892 413 2943 τὸ
448 2893 640 2964 μηκέτι
685 2894 827 2964 ἔχειν
865 2895 959 2960 οὓς
1000 2895 1187 2967 θρέψει
1235 2898 1548 2961 νεανίσκους
1588 2899 1684 2953 καὶ
1716 2899 1921 2970 παρθέ-

350 3002 499 3047 νους.
532 2986 650 3039 Ὀτι
674 2987 731 3040 τδ
757 2989 986 3042 παλαιὸν
1010 2990 1198 3063 ὥσπερ
1229 2991 1501 3063 θαλάσσης
1536 2992 1703 3064 αὐτῆς
1730 2995 1923 3065 γεννή-

350 3094 503 3147 ματα
550 3077 639 3130 ύπ⁹
676 3080 838 3151 αὐτῆς
886 3082 1206 3155 ἐτρέφοντο,
1264 3085 1352 3137 ὅτε
1391 3085 1540 3156 ἤνθει
1590 3085 1659 3139 τὰ
1707 3086 1921 3157 Τυρίων

2039 1885 2091 1939 in
2125 1882 2322 1945 insula,
2358 1880 2725 1950 negotiatores
2754 1878 3062 1941 Phoeniciae,
3097 1880 3426 1947 trajicientes
3457 1898 3608 1937 mare

2036 1974 2087 2028 in
2125 1987 2265 2041 aqua
2308 1971 2514 2025 multa?
2565 1987 2749 2026 semen
2788 1971 3181 2041 negotiatorum
3217 1972 3370 2041 quasi
3418 1974 3607 2028 messis

2034 2075 2416 2136 compertam;
2467 2067 2830 2135 negotiatores
2875 2065 3136 2133 gentium.
3171 2065 3466 2131 Erubesce,
3521 2066 3607 2121 Si-

2031 2162 2160 2223 don,
2195 2159 2330 2213 dixit
2364 2174 2531 2212 mare.
2567 2157 2848 2213 Fortitudo
2876 2168 3059 2213 autem
3105 2160 3272 2213 maris
3305 2160 3457 2221 dixit,
3490 2158 3607 2215 Non

2033 2253 2328 2325 parturivi,
2373 2268 2471 2306 nec
2521 2252 2735 2320 peperi,
2783 2267 2882 2306 nec
2933 2253 3169 2307 enutrivi
3211 2253 3459 2322 juvenes,
3508 2270 3607 2310 nec

2033 2344 2263 2399 exaltavi
2302 2343 2557 2412 virgines.
2582 2363 2600 2394 ι
2645 2342 2797 2397 Nunc
2834 2353 3015 2398 autem
3056 2360 3151 2399 eos
3182 2346 3435 2401 omnibus
3470 2360 3602 2402 con-

2033 2437 2213 2492 fertim
2259 2436 2497 2499 orbatos,
2528 2446 2583 2490 et
2616 2437 2803 2501 bonis,
2837 2436 2907 2489 ita
2951 2436 3025 2491 illi
3074 2438 3456 2506 opinabantur,
3490 2441 3607 2496 suis

2031 2546 2273 2594 eversos,
2307 2530 2513 2599 pudore
2542 2527 2777 2583 sull‘undi
2807 2530 3092 2594 convenit;
3136 2545 3234 2584 nec
3271 2546 3367 2584 eos
3396 2531 3602 2599 solum,

2031 2623 2125 2676 scd
2159 2622 2325 2677 etiam
2358 2622 2568 2679 vicinos
2598 2637 2786 2676 eorum
2839 2620 3131 2675 Sidonios:
3174 2621 3257 2674 vel
3304 2622 3419 2689 ipso
3468 2626 3603 2678 inani

2030 2716 2183 2784 quasi
2228 2730 2414 2769 vocem
2457 2714 2760 2777 emittente,
2809 2728 2873 2766 ac
2920 2712 3157 2781 lugente,
3191 2714 3334 2781 quod
3376 2712 3604 2781 juvenes

2029 2815 2085 2859 et
2118 2805 2371 2873 virgines,
2393 2819 2528 2874 quos
2555 2804 2805 2868 enutrial,
2831 2818 2934 2857 non
2969 2804 3185 2859 habent.
3216 2804 3479 2869 Quoniam
3516 2823 3605 2859 an-

2032 2897 2279 2968 tiquitus,
2306 2913 2405 2952 ceu
2448 2896 2613 2952 maris
2647 2895 2817 2964 ipsius
2864 2896 3061 2965 proles,
3089 2898 3156 2952 ab
3184 2912 3248 2952 co
3285 2896 3596 2967 alebantur,

2026 3008 2134 3063 quo
2164 3003 2402 3064 tempore
2447 3008 2534 3048 res
2563 2991 2847 3062 Tyriorum
2880 2991 3142 3048 ﬂorebant
3168 3012 3183 3050 :
3224 3012 3362 3050 nunc
3391 3007 3598 3064 autem,

2028 3086 2175 3156 Tyro
2222 3087 2416 3151 deleta,
2460 3086 2582 3154 jure
2624 3088 2770 3156 ipsos
2819 3085 2965 3156 luget
3015 3101 3197 3151 mare,
3244 3098 3299 3144 ct
3342 3088 3601 3145 fortitudo

348 3172 683 3243 πράγματα’
717 3173 810 3226 νῦν
843 3174 899 3228 δὲ
934 3176 1020 3228 ὅτε
1066 3177 1261 3249 μηκέτι
1304 3178 1471 3241 ἐστὶν,
1518 3180 1742 3242 εἰκότως
1787 3180 1922 3232 ἀπο-

2028 3178 2142 3247 ejns
2175 3178 2524 3239 lamentatur,
2557 3179 2788 3232 filiorum
2818 3178 3043 3232 exitium
3074 3178 3381 3247 deplorans.

347 3262 592 3317 κλαίεται
617 3266 814 3330 αὐτοὺς
837 3269 870 3337 ἡ
908 3267 1170 3332 θάλασσα,
1211 3271 1303 3324 καὶ
1334 3272 1368 3341 η
1396 3272 1547 3341 ἰσχὺς
1586 3274 1759 3344 αὐτῆς
1787 3274 1921 3327 ἀπο-

344 3350 643 3421 θρηνεῖται,
675 3354 769 3407 ἐπὶ
794 3356 1005 3419 τέκνοις
1032 3357 1363 3412 ἀπολωλόσιν
1393 3360 1787 3432 ὀλοφυρομένη.

416 3459 436 3492 r
481 3442 649 3495 Ὅταν
674 3443 731 3497 δὲ
758 3446 1021 3499 ἀκουστὸν
1053 3447 1277 3520 γένηται
1305 3451 1363 3503 ὲν
1386 3450 1666 3522 Αἰγύπτῳ,
1690 3451 1920 3523 λήψεται

342 3534 538 3599 αὐτοὺς
567 3536 727 3609 ὀδύνη
756 3539 886 3611 πρὶ
911 3540 1107 3612 Τύρου.
1152 3543 1437 3597 ’Δπέλθετε
1466 3546 1544 3608 είς
1578 3546 1918 3619 Καρχηδόνα,

347 3628 625 3694 ὀλολύξατε
667 3632 718 3684 οἱ
757 3634 1139 3699 κατοικοῦντες
1177 3638 1235 3688 έν
1266 3639 1332 3708 τῇ
1377 3638 1525 3708 νήσῳ
1567 3637 1757 3709 ταύτῃ.
1807 3638 1921 3692 Οὐκ

350 3721 489 3791 αὕτη
520 3718 582 3791 ἢν
613 3724 646 3793 ἡ
680 3722 837 3796 ῦὸρις
864 3726 957 3778 ἀπ’
985 3725 1177 3797 ἀρχῆς,
1226 3730 1389 3801 πρινὴ
1418 3730 1784 3800 παραδοθῆναι
1818 3730 1917 3782 αύ-

346 3814 487 3881 τήν;
534 3814 622 3877 Τίς
667 3815 839 3869 ταῦτα
882 3817 1198 3871 ἐϐούλευσεν
1238 3822 1331 3873 ἐπὶ
1364 3820 1571 3891 Τύρον;
1610 3823 1702 3893 Μὴ
1737 3823 1919 3892 ἥσσων

343 3904 514 3965 εστὶν,
558 3903 587 3974 ἦ
624 3906 725 3957 υύκ
767 3906 974 3976 ίσχύει;
1022 3909 1084 3961 Οἱ
1118 3908 1347 3980 ἔμποροι
1400 3911 1567 3980 αὐτῆς
1618 3913 1665 3964 οἱ
1720 3912 1919 3977 ἔνδοξοι

339 3995 599 4067 ἄρχοντες
626 3997 728 4067 τῆς
748 3999 868 4069 γῆς.
894 4000 1096 4071 Κύριος
1117 4002 1342 4055 Σαϐαὼθ
1370 4003 1724 4057 ἐϐουλεύσατο
1746 4022 1919 4075 παρα-

339 4086 501 4139 λῦσαι
536 4089 714 4140 πᾶσαν
755 4090 853 4159 τὴν
904 4089 1059 4161 ὓϐριν
1094 4093 1201 4145 τῶν
1236 4093 1489 4157 ἐνδόξων,
1526 4096 1620 4147 καὶ
1652 4096 1917 4164 ἀτιμάσαι

340 4178 449 4229 πᾶν
479 4176 687 4242 ἔνδοξον
725 4180 817 4232 ἐπὶ
848 4181 947 4251 τῆς
991 4182 1114 4253 γῆς.
1155 4202 1174 4235 ι
1236 4183 1396 4236 Ἀλλά
1423 4185 1515 4237 καὶ
1555 4188 1588 4256 η
1621 4185 1915 4254 Αἴγυπτος,

337 4270 400 4325 ἐκ
424 4272 682 4338 γειτόνων
712 4274 1114 4344 παρακειμένη,
1154 4276 1213 4329 ἐξ
1242 4276 1423 4350 ὀδύνῃ,
1465 4278 1617 4346 φησὶ,
1648 4280 1919 4349 καταστή-

340 4378 511 4425 σεται,
543 4364 897 4433 φροντίζουσα
933 4366 1024 4419 καὶ
1058 4366 1399 4435 ἀγωνίζουσα
1437 4368 1563 4439 περὶ
1606 4369 1795 4438 αὐτῆς,
1840 4372 1915 4441 μή

338 4471 416 4523 πη
449 4454 519 4507 τὰ
552 4455 713 4524 ὃμοια
748 4455 895 4530 πάθῃ
927 4461 992 4529 τῇ
1028 4459 1259 4530 Τυρίων.
1293 4454 1393 4512 Ὧν
1414 4460 1556 4514 οὕτω
1587 4462 1912 4532 γενομένων,

336 4547 385 4598 εί
414 4545 665 4609 δύνασθε,
699 4549 851 4619 φησὶ,
888 4550 1024 4619 μετά
1050 4551 1173 4614 τοὺς
1206 4552 1549 4617 ἀπολωλότας
1573 4554 1915 4622 ὑπολειφθέν-

335 4657 429 4701 τες
457 4642 517 4692 ὲν
553 4644 617 4711 τῇ
652 4641 830 4713 Τύρῳ,
859 4643 1081 4713 διάὅητε
1109 4643 1399 4714 φεύγοντες
1441 4647 1531 4697 ἐπὶ
1563 4648 1688 4710 τοὺς
1720 4646 1914 4717 ὑμετέ-

339 4751 468 4804 ρους
513 4734 777 4799 ἀποίκους
822 4735 919 4806 τὴν
968 4736 1288 4808 Καρχηδόνα
1333 4737 1642 4802 οἰκοῦντας·
1691 4741 1913 4793 κάκεῖσε

337 4828 734 4898 ἀπομείναντες
782 4827 1194 4882 ἀπκλαύσασθε
1241 4829 1340 4898 τὴν
1386 4828 1593 4882 ἑαυτῶν
1640 4830 1909 4901 πατρίδα,

336 4920 819 4991 καταμεμφόμενοι
855 4921 926 4993 μὴ
960 4921 1177 4991 ἐτέρους
1206 4922 1289 4989 ἐφ’
1328 4915 1408 4984 οἷς
1433 4921 1747 4985 πεποίθατε,
1779 4922 1915 4976 ἀλλὰ

334 5016 433 5083 τὴν
484 5014 639 5084 ὑμῶν
690 5014 869 5068 αὐτῶν
922 5014 1298 5086 ὑπερηφανίαν
1345 5015 1438 5069 καὶ
1495 5015 1594 5086 τὴν
1644 5014 1822 5086 ὓϐριν,

335 5108 545 5171 πάντας
570 5108 767 5171 αὐτοὺς
795 5106 1136 5178 περιὸἁλλειν
1170 5106 1479 5179 ἐπειρᾶσθε.
1508 5107 1588 5160 Τὰ
1615 5107 1672 5160 δὲ
1706 5107 1911 5178 συμὸεο

332 5198 541 5266 θηκότα
576 5198 724 5268 ὑμῖν,
753 5192 799 5250 ὦ
833 5197 1042 5269 Τύριοι,
1082 5197 1157 5269 μὴ
1200 5198 1540 5270 εἱμαρμένης
1575 5200 1912 5269 ἐπιγράφετε

329 5291 575 5361 ἀνάγκη·
631 5290 766 5344 ἀλλά
821 5291 1090 5359 ἐζητήσατε
1144 5292 1272 5361 παρ’
1318 5291 1562 5354 ἑαυτοῖς,
1607 5290 1691 5353 τίς
1738 5290 1910 5344 ταῦτα

326 5382 712 5449 ἐϐουλεύσατο,
744 5382 824 5445 τίς
862 5383 1043 5453 ἔκρινε
1082 5382 1251 5436 ταῦτα
1285 5383 1476 5439 παθεῖν
1508 5384 1605 5455 τὴν
1636 5384 1906 5457 ὑμετέραν

327 5473 588 5545 πατρίδα.
630 5470 930 5543 Ζητοῦντες
962 5472 1071 5544 γὰρ
1104 5473 1363 5546 εὑρήσετε
1408 5475 1466 5526 ἐν
1513 5474 1698 5545 δικαίᾳ
1729 5475 1909 5546 κρίσει

323 5566 397 5622 τὰ
438 5564 670 5619 τοιαῦτα
722 5563 1151 5636 συμϐεϐηκέναι·
1195 5566 1398 5638 Κύριος
1434 5568 1541 5638 γὰρ
1589 5566 1835 5631 Σαϐαὼθ,
1880 5568 1911 5620 ὁ

326 5658 482 5729 πα.ρά
524 5658 715 5728 μόνοις
761 5655 1031 5728 Ἑϐραίοις
1097 5656 1530 5729 θεολογούμενος,
1592 5656 1778 5709 τοῦτον
1824 5654 1908 5719 ἐξ·

328 5749 529 5821 ἠνεγκε
562 5747 656 5803 τὸν
685 5747 828 5824 ὅρων

2093 3448 2407 3503 Υῑιις.5-9.
2466 3467 2483 3498 ι
2516 3448 2745 3514 Quando
2798 3458 2979 3500 autem
3044 3448 3284 3501 auditum
3336 3448 3497 3504 fuerit
3543 3450 3595 3503 in

2019 3534 2283 3605 Egypto,
2310 3550 2404 3589 eos
2434 3536 2616 3603 capiet
2662 3533 2816 3587 dolor
2844 3535 2909 3587 de
2933 3533 3096 3603 Tyro.
3125 3536 3282 3589 Abite
3313 3536 3601 3609 Carthagi-

2022 3643 2147 3681 nem
2174 3642 2189 3679 :
2220 3626 2422 3681 ululate
2452 3627 2545 3697 qui
2580 3625 2816 3680 incolitis
2855 3626 3085 3679 insulam
3136 3629 3295 3683 lianc.
3326 3628 3597 3698 Numquid

2023 3721 2135 3775 haec
2181 3730 2301 3774 erat
2346 3719 2541 3790 injuria
2587 3718 2656 3772 ab
2704 3718 2881 3788 initio,
2924 3720 3238 3790 priusquam
3285 3721 3593 3776 traderetur

2022 3814 2168 3881 ipsa?
2195 3811 2327 3879 Quis
2371 3813 2487 3867 haec
2533 3810 2805 3865 consuluit
2855 3826 3016 3878 super
3043 3812 3286 3882 Tyrum?
3324 3812 3461 3867 Num
3496 3813 3595 3867 im-

2019 3905 2267 3961 becillior
2295 3913 2401 3969 est,
2431 3914 2525 3958 aut
2554 3919 2659 3957 non
2690 3903 2897 3960 viribus
2924 3905 3103 3959 valet?
3132 3904 3454 3961 Mercatores
3478 3906 3595 3974 ejus

2020 3998 2260 4069 gloriosi,
2303 3998 2574 4067 principes
2599 4006 2779 4051 terrae.
2827 3996 3084 4051 Dominus
3115 3996 3357 4052 Sabaoth
3387 3998 3592 4053 delibe-

2022 4088 2161 4143 ravit
2200 4088 2493 4142 dissolvere
2527 4088 2837 4141 universam
2888 4088 3273 4143 contumeliam
3331 4089 3592 4158 glorioso-

2021 4198 2177 4245 rnm,
2229 4193 2285 4236 et
2347 4182 2636 4253 ignominia
2690 4182 2903 4237 allicere
2964 4198 3126 4238 omne
3186 4184 3475 4254 gloriosum
3538 4185 3589 4238 in

2020 4284 2185 4329 terra.
2210 4294 2229 4326 ι
2263 4273 2460 4329 Verum
2490 4275 2651 4327 etiam
2692 4274 2960 4345 Egyptus
3001 4293 3031 4330 e
3073 4276 3249 4330 vicino
3294 4277 3487 4344 posita,
3536 4277 3589 4330 in

2018 4368 2222 4431 dolore,
2269 4369 2461 4438 inquit,
2505 4371 2888 4433 constituetur,
2924 4369 3158 4422 sollicita
3194 4380 3246 4421 et
3278 4369 3435 4421 anxia
3474 4383 3593 4436 pro-

2020 4469 2137 4529 pter
2169 4458 2330 4518 illam,
2376 4475 2443 4513 ne
2491 4459 2743 4515 videlicet
2791 4476 2976 4529 parem
3019 4457 3194 4528 Tyria:
3226 4458 3589 4512 calamitatem

2021 4552 2272 4621 patiatur.
2307 4551 2490 4607 Rebus
2527 4564 2706 4607 autem
2744 4554 2813 4607 ita
2844 4556 3045 4623 gestis.
3086 4552 3142 4607 Si
3194 4552 3440 4619 potestis,
3485 4553 3588 4614 ait,

2016 4658 2111 4697 vos
2160 4644 2281 4712 qui,
2331 4645 2487 4698 caesis
2521 4642 2662 4711 aliis,
2710 4644 2762 4697 iu
2823 4644 2953 4699 urbe
3002 4642 3145 4713 Tyro
3181 4644 3376 4698 residui
3431 4643 3587 4706 emis,

2016 4735 2253 4805 trajicite
2278 4736 2486 4807 profugi
2517 4737 2582 4790 ad
2611 4736 2834 4791 colonos
2867 4746 3077 4790 vestros
3104 4735 3585 4805 Cartliaginenses.

2014 4828 2127 4883 Illic
2150 4843 2277 4884 vero
2299 4838 2696 4884 commorantes
2735 4828 2960 4896 patriam
3009 4827 3203 4894 lugete,
3230 4837 3283 4880 et
3311 4836 3583 4893 accusata,

2016 4936 2122 4975 non
2152 4921 2286 4975 alios
2318 4922 2625 4991 quospiam,
2653 4919 2849 4988 quibus
2894 4918 3159 4982 lidebatis,
3206 4919 3299 4972 sed
3349 4929 3583 4975 vestram

2017 5013 2322 5081 superbiam
2372 5021 2428 5067 et
2465 5010 2874 5075 contumeliam,
2911 5026 3013 5080 qua
3052 5010 3170 5063 illos
3200 5026 3392 5063 omnes
3435 5026 3584 5063 com-

2016 5105 2216 5176 plicare
2244 5106 2423 5162 conati
2463 5107 2614 5160 estis.
2645 5106 2837 5160 Casum
2870 5118 3032 5174 porro
3060 5111 3321 5168 vestrum,
3347 5118 3381 5158 o
3408 5101 3583 5175 Tyrii,

2014 5213 2085 5254 ne
2134 5198 2227 5254 fati
2275 5199 2588 5255 necessitati
2643 5198 2961 5259 ascribatis;
3011 5197 3104 5250 sed
3148 5197 3199 5249 in
3253 5198 3409 5252 vobis
3452 5199 3586 5267 ipsis

2012 5291 2259 5361 qumrite,
2288 5292 2410 5361 quis
2442 5292 2555 5345 haec
2603 5290 2831 5345 consilia
2870 5289 3073 5354 inierit,
3104 5288 3228 5358 quis
3257 5291 3324 5343 ad
3374 5300 3581 5345 tantam

2014 5385 2373 5441 calamitatem
2436 5385 2665 5454 patriam
2726 5392 2962 5437 vestram
3029 5381 3388 5437 damnaverit.
3442 5380 3581 5436 Nam

2017 5478 2381 5547 disquirentes
2414 5476 2849 5547 deprehendetis,
2891 5476 3004 5532 hrec
3029 5474 3179 5544 justo
3202 5475 3409 5545 judicio
3435 5476 3582 5530 acci-

2014 5571 2195 5626 disse:
2232 5571 2486 5626 Dominus
2534 5569 2735 5639 quippe
2785 5569 3057 5637 Sabaoth,
3098 5571 3191 5641 qui
3244 5570 3385 5639 apud
3439 5568 3581 5624 solos

2017 5660 2265 5715 Πρίηπος
2328 5677 2424 5731 pro
2479 5660 2585 5717 Deo
2643 5662 2888 5731 habetur,
2946 5666 3044 5719 hoc
3104 5662 3383 5719 decretum
3451 5672 3577 5728 pro-

2018 5754 2151 5811 ιιῑῖἑι.
