4072 6194
403 291 510 346 255

483 411 641 468 Vsus.
683 409 772 477 10,
827 411 914 465 ll.
961 427 981 460 ι
1010 407 1249 479 Operare
1301 418 1503 463 terram
1555 417 1700 462 luam
1741 425 1757 462 :

406 504 551 558 enim
587 515 692 557 non
741 501 971 571 amplius
1013 501 1235 558 veniunt
1267 499 1616 569 Carthagine.
1651 499 1842 555 Manus
1885 515 1983 554 au-

412 606 516 650 tem
547 605 637 651 tua
671 595 800 649 nihil
841 603 1018 664 potest
1051 593 1282 662 amplius
1321 592 1373 646 in
1416 593 1577 656 mari,
1621 607 1743 662 qua:
1787 607 1986 662 provo-

410 680 814 749 cabatreges.»
873 676 950 732 Ne
1000 678 1162 748 igitur
1207 677 1440 746 amplius
1489 676 1796 746 superbias,
1849 690 1987 730 neve

409 781 732 839 arroganter
764 785 914 840 agas,
954 769 1025 824 ob
1058 769 1276 825 divitias
1305 779 1360 824 et
1386 784 1516 837 opes
1547 767 1684 822 mari
1729 767 1987 824 advectas

412 862 508 915 tibi
555 878 570 915 :
621 875 808 914 verum
862 861 1116 930 depressa
1167 871 1222 915 et
1275 860 1513 922 humilis,
1539 859 1776 915 colend:e
1829 869 1987 915 terra:

410 967 566 1014 vaca,
601 960 663 1006 ut
709 951 970 1005 fructibus
1002 961 1163 1006 terra:
1195 966 1261 1005 ex
1308 949 1638 1019 agricultura
1672 949 1843 1020 partis
1888 966 1987 1004 nu-

413 1043 659 1098 triaris:
715 1044 923 1096 marina
985 1042 1256 1111 siquidem
1318 1043 1411 1097 tibi
1472 1042 1622 1096 lucra
1681 1054 1982 1098 cessarunt.

409 1134 546 1189 Nam
573 1136 698 1188 dum
731 1134 797 1188 iis
844 1135 1132 1200 l'rueharis,
1165 1133 1478 1188 felicitatem
1510 1133 1654 1188 ferre
1698 1144 1844 1189 tuam
1881 1151 1985 1190 non

407 1236 652 1294 poteras,
693 1226 787 1279 sed
821 1225 1030 1280 vicinos
1059 1240 1214 1294 reges
1252 1240 1442 1280 omnes
1481 1225 1823 1282 contumeliis
1865 1242 1988 1295 pro-

408 1319 662 1378 vocabas.
693 1318 956 1372 Czeterum
994 1318 1108 1372 haac
1158 1317 1300 1373 ultra
1345 1317 1529 1374 facere
1565 1317 1662 1372 tibi
1714 1334 1820 1372 non
1857 1317 1988 1373 liceo

408 1411 518 1476 bit,
564 1426 738 1481 neque
789 1423 980 1466 contra
1013 1411 1150 1466 alios
1202 1413 1523 1482 quospiam,
1572 1426 1748 1481 neque
1796 1423 1986 1466 contra

405 1503 694 1558 ﬁnitimam
721 1502 1000 1570 Sidonem,
1029 1518 1191 1573 quam
1220 1502 1415 1558 laedere
1440 1504 1714 1558 lentabas.
1747 1521 1766 1555 ι
1799 1503 1987 1558 Manus

409 1605 588 1650 autem
624 1606 713 1650 tua
747 1595 878 1650 nihil
912 1603 1088 1664 potest
1114 1595 1383 1665 amplius;
1415 1614 1435 1654 ι
1470 1595 1722 1650 videlicet
1749 1605 1988 1666 poteslus

410 1686 580 1757 regia,
611 1700 716 1756 qua
746 1686 874 1740 olim
907 1687 1117 1739 tirmata
1143 1693 1280 1738 erat.

484 1779 644 1834 Vens.
674 1779 867 1833 12-16.
903 1797 922 1830 ‹
955 1779 1216 1834 Dominus
1251 1779 1589 1834 exercituum
1628 1779 1881 1849 praacepit
1923 1777 1991 1833 de
2025 1769 2068 1827 Β

409 1869 693 1934 Chanaan,
727 1880 786 1923 ut
819 1869 1142 1939 perderetur
1175 1868 1294 1938 ejus
1325 1872 1508 1925 robur.
1545 1870 1612 1925 Et
1642 1871 1846 1934 dicent,
1875 1868 1990 1924 Non

413 1960 556 2014 ultra
585 1960 853 2030 adjicietis
881 1961 1237 2016 contumelias
1282 1972 1337 2017 et
1372 1963 1602 2031 injurias
1634 1963 1839 2018 inferre
1872 1962 1997 2018 ﬁliae

413 2051 566 2106 Sion.
604 2051 670 2105 Et
696 2050 740 2105 si
791 2051 992 2105 abieris
1020 2053 1086 2105 ad
1121 2051 1434 2117 Cittienses,
1467 2068 1639 2123 neqtte
1681 2053 1752 2108 ibi
1785 2053 1996 2127 requies

411 2143 514 2196 erit
543 2142 639 2196 tibi
669 2165 683 2198 :
712 2153 766 2198 et
793 2143 839 2198 si
871 2144 938 2196 ad
973 2153 1172 2197 terram
1199 2143 1597 2209 Chaldaeorum,
1629 2145 1744 2214 ipsa
1775 2161 1996 2215 quoque

413 2235 484 2290 ab
522 2235 762 2304 Assyriis
793 2244 1002 2289 vastata
1030 2244 1134 2297 est,
1168 2250 1341 2304 neque
1375 2237 1448 2291 ibi
1478 2237 1583 2290 erit
1613 2237 1710 2292 tibi
1751 2239 1992 2306 requies,

411 2328 538 2397 quia
580 2343 768 2382 murus
793 2327 908 2397 ejus
929 2327 1148 2382 cecidit.
1178 2326 1408 2393 Ululate,
1442 2343 1607 2384 naves
1627 2327 1992 2399 Carthaginis,

411 2418 537 2487 quia
575 2418 736 2489 periit
779 2418 1010 2472 munitio
1044 2427 1248 2472 vestra.
1291 2417 1354 2472 Et
1395 2420 1500 2473 erit
1537 2420 1591 2473 in
1643 2420 1731 2474 die
1777 2420 1862 2473 illa
1907 2436 1993 2475 re-

411 2509 690 2580 linquetur
735 2509 913 2580 'l‘yrus
961 2525 1068 2563 Lxx
1131 2510 1324 2576 annis,
1369 2510 1512 2565 sicut
1565 2521 1775 2581 tempus
1830 2512 1994 2582 regis,

413 2601 559 2656 sicut
594 2611 806 2671 tempus
839 2600 1098 2655 hominis.
1142 2601 1208 2654 Et
1238 2603 1346 2656 erit
1392 2611 1514 2671 post
1561 2617 1736 2656 annos
1779 2613 1997 2672 septua-

412 2695 584 2765 ginta,
609 2697 715 2750 erit
738 2693 914 2765 Tyrus
940 2703 1197 2764 tauquam
1229 2695 1502 2750 canticum
1528 2695 1808 2749 adulterae.
1831 2694 1999 2750 Sume

412 2789 701 2852 citharam,
747 2787 952 2853 circui,
996 2786 1194 2842 civitas
1241 2786 1517 2851 adultera,
1565 2785 1830 2840 oblivioni
1881 2797 1997 2841 tra-

413 2880 526 2935 dita
555 2899 566 2934 :
602 2881 739 2934 bene
771 2880 922 2949 pulsa
954 2881 1241 2942 citharam,
1277 2879 1442 2932 multa
1476 2893 1636 2946 cane,
1671 2891 1730 2934 ut
1767 2882 1840 2934 tui
1885 2895 2000 2936 me-

417 2971 590 3026 moria
630 2969 881 3024 exsistat.
903 2989 924 3022 ›
959 2970 1089 3036 Quae
1129 2984 1292 3037 porro
1319 2979 1512 3024 contra
1539 2969 1742 3040 Tyrum
1785 2972 1837 3025 in
1875 2973 2003 3025 vati-

417 3064 562 3120 cinio
610 3062 875 3122 feruntur.
927 3063 1108 3116 omnia
1165 3063 1353 3132 paucis
1399 3063 1556 3119 annis
1605 3063 1997 3119 absolventur:

1111 282 1382 342 EUSEBII
1419 282 1902 340 CASSARIENSIS
1938 281 2092 339 OPP.
2132 279 2312 336 PARS
2350 276 2438 334 lll.
2481 307 2550 318 —
2586 274 2978 330 EXEGETICA

1817 423 1981 462 naves
2009 426 2056 475 Α

3551 264 3656 319 256

2158 424 2177 455 ι
2228 399 2492 472 Ἐργάζου
2532 398 2630 470 τὴν
2671 397 2773 468 γῆν
2819 412 2913 449 σου
2934 411 2948 426 ’
2995 392 3091 445 καὶ
3125 391 3234 460 γὰρ
3278 387 3438 442 πλοῖα
3477 385 3655 438 οὐκέτι

2084 496 2301 569 ἔρχεται
2327 495 2392 546 ἐκ
2424 490 2792 562 Καρχηδόνος.
2833 489 2896 541 Ἦ
2923 487 2977 540 δὲ
3001 485 3122 557 χείρ
3151 500 3244 537 σου
3273 481 3459 534 ούκέτι
3490 478 3661 547 ἰσχύει

2086 586 2228 642 κατὰ
2265 585 2562 647 θάλασσαν,
2606 585 2639 655 ἡ
2675 579 3051 654 παροξύνουσα
3088 574 3362 654 βασιλεῖς..
3390 591 3407 624 t
3450 569 3666 638 Μηκέτι

2084 681 2264 735 τοίνυν
2307 677 2533 751 ὲπαίρου
2565 677 2640 741 ὡς
2676 675 2816 745 αὐτή
2855 667 3339 743 μεγαλαυχουμένη
3375 662 3466 716 ἐπὶ
3493 658 3572 730 τῷ
3602 660 3668 710 ἐκ

2085 773 2362 842 θαλάσσης
2396 767 2739 842 ποριζομένη)
2771 783 2853 818 σοι
2886 762 3132 832 πλούτῳ·
3163 755 3560 813 ταπεινωθεῖσα
3585 751 3665 814 δὲ,

2085 864 2213 935 περὶ
2255 863 2355 931 τὴν
2400 858 2603 928 σαυτῆς
2641 853 2870 926 ἀσχολοῦ
2903 853 3005 923 γῆν
3031 847 3399 921 γεωπονοῦσα,
3430 843 3524 898 καὶ
3557 840 3668 894 ἀπὺ

2083 955 2192 1009 τῶν
2229 954 2337 1008 ἀπὸ
2360 953 2462 1024 γῆς
2499 947 2729 1020 καρπῶν
2767 943 3074 1018 τρεφομένη
3094 959 3108 973 ο
3142 940 3419 994 πέπαυται
3445 936 3553 1005 γάρ
3581 949 3666 986 σοι

2083 1047 2156 1101 τὰ
2182 1048 2288 1103 ἀπὸ
2330 1046 2429 1117 τῆς
2467 1043 2743 1112 θαλάσσης
2776 1038 2964 1110 κέρδη.
3008 1038 3119 1090 Καὶ
3149 1035 3257 1105 γάρ
3290 1031 3492 1085 τούτων
3531 1029 3668 1089 ἀπο-

2085 1139 2346 1204 λαύουσα,
2387 1138 2487 1191 οὐκ
2534 1135 2728 1206 ἔφερες
2779 1132 2945 1201 αὐτῆς
2996 1130 3094 1199 τὴν
3142 1124 3511 1196 εὐδαιμονίανο
3549 1120 3672 1174 ἀλλ’

2089 1232 2381 1305 ἐξύϐρισας
2421 1227 2798 1302 παροξύνουσα
2833 1223 3071 1295 βασιλεῖς
3117 1220 3322 1282 πάντας
3361 1218 3487 1279 τοὺς
3529 1213 3673 1285 πλη-

2089 1323 2406 1396 σιοχώρους.
2439 1321 2586 1394 Πλὴν
2618 1317 2802 1372 οὐκέτι
2827 1333 2908 1369 σοι
2930 1315 3102 1369 ταῦτα
3131 1313 3389 1384 πράττειν
3429 1306 3675 1373 ἐξέσται,

2087 1419 2209 1474 οὐδὲ
2239 1417 2358 1472 καθ’
2387 1415 2613 1486 ἐτέρων,
2637 1414 2756 1467 οὐδὲ
2782 1409 2923 1464 κατὰ
2944 1408 3042 1478 τῆς
3065 1405 3290 1477 πλησίον
3314 1420 3394 1455 σοι
3415 1399 3666 1463 Σιδῶνος,

2088 1512 2155 1582 ἢν
2201 1510 2295 1563 καὶ
2324 1508 2493 1579 αὐτὴν
2523 1507 2730 1561 ἀδικεῖν
2774 1503 3088 1573 ἐπιχειρεῖς.
3149 1518 3166 1548 ι
3228 1497 3291 1549 Ἡ
3323 1495 3380 1548 δὲ
3411 1493 3530 1564 χείρ
3575 1508 3681 1546 σου

2089 1603 2274 1657 οὐκέτι
2309 1601 2514 1672 ίσχύει·
2566 1619 2583 1652 ι
2626 1598 2770 1667 λέγω
2798 1595 2863 1667 δὴ
2889 1598 2923 1666 ή
2964 1595 3192 1664 δύναμις
3222 1592 3255 1662 ή
3287 1587 3556 1660 βασιλικὴ,
3602 1585 3680 1639 δι”

2090 1691 2159 1768 ἦς
2189 1694 2250 1748 τὸ
2278 1694 2448 1748 πάλαι
2473 1691 2780 1764 ὠχύρωται.

2171 1805 2191 1838 ι
2242 1785 2448 1857 Κύριος
2495 1781 2720 1837 Σαϐαὼθ
2764 1777 3064 1832 ἐνετείλατο
3110 1774 3235 1845 πεῷ⁴
3285 1771 3526 1835 Χαναὰν,
3569 1771 3674 1824 άπι-

2095 1879 2278 1934 ολέσαι
2320 1878 2490 1950 αὐτῆς
2523 1877 2619 1949 τὴν
2647 1873 2822 1945 ίσχύν.
2853 1873 2962 1925 Καὶ
2991 1868 3226 1941 ἐροῦσιν·
3275 1865 3472 1919 Οὐκέτι
3501 1864 3561 1917 οὐ
3601 1862 3676 1934 μῆ

2095 1973 2434 2046 προσθήσετε
2473 1969 2568 2023 τοῦ
2600 1969 2842 2041 ὑϐρίζειν
2880 1965 2974 2020 καί
3015 1963 3220 2017 ἀδικεῖν
3256 1957 3685 2031 τὴν“τθυγατέρα·

2095 2065 2254 2120 Σιών.
2296 2064 2406 2118 Καὶ
2446 2063 2541 2116 ἐὰν
2577 2061 2819 2133 ἀπέλθῃς
2859 2061 2938 2122 είς
2973 2059 3230 2117 Κιττιεῖς,
3261 2053 3379 2105 ούδὲ
3405 2053 3521 2105 ἐκεῖ
3549 2049 3682 2104 ἀνά-

2095 2171 2298 2218 παυσις
2319 2153 2471 2206 ἔσται
2512 2169 2625 2205 σοι·
2671 2153 2764 2204 καὶ
2801 2152 2881 2214 είς
2915 2152 3016 2220 γῆν
3061 2146 3361 2205 Χαλδαίων,
3407 2143 3500 2196 καὶ
3537 2143 3679 2211 αὑτὴ

2095 2246 2386 2316 ἠρήμωται
2416 2244 2524 2296 ἀπὸ
2561 2243 2671 2296 τῶν
2716 2241 3018 2314 Ἀσσυρίων
3041 2280 3055 2303 ,
3087 2237 3206 2291 οὐδὲ
3257 2237 3373 2288 ἐκεῖ
3423 2252 3504 2287 σοι
3546 2232 3680 2286 ἀνά-

2096 2353 2298 2400 παυσις
2327 2336 2513 2389 ἔσται’
2557 2335 2639 2388 ὅτι
2684 2335 2713 2386 ὁ
2748 2335 2926 2402 τοῖχος
2963 2331 3132 2401 αὐτῆς
3177 2327 3486 2380 πέπτωκεν.
3530 2325 3682 2376 Ὀλο-

2095 2428 2312 2492 λύξατε,
2347 2427 2505 2480 πλοῖα
2531 2425 2899 2498 Καρχηδόνος,
2933 2425 3014 2477 ὅτι
3041 2421 3288 2476 ἀπώλετο
3328 2419 3389 2472 τὸ
3417 2417 3682 2488 ὀχύρωμα

2088 2521 2269 2592 ⁴ὑμῶν.
2311 2521 2418 2574 Καὶ
2459 2519 2610 2572 ἔσται
2640 2520 2698 2570 ὲν
2728 2520 2792 2589 τῇ
2831 2515 3012 2588 ἡμέρᾳ.
3043 2513 3228 2586 ἐκείνῃ
3252 2509 3684 2580 καταλειφθήσε-

2095 2629 2186 2666 ται
2223 2611 2397 2684 Τύρος
2433 2611 2530 2682 ἐτη
2585 2617 2646 2674 ο’,
2694 2609 2767 2674 ὡς
2802 2609 2994 2679 χρόνος
3045 2605 3330 2678 βασιλέως,
3374 2605 3449 2666 ὡς
3492 2602 3681 2676 χρόνος

2099 2705 2413 2778 ἀνθρώ-που.
2459 2704 2571 2757 Καὶ
2613 2702 2762 2755 ἔσται
2803 2699 2940 2771 μετὰ
2980 2698 3048 2752 τὰ
3091 2697 3131 2752 ο⁸
3157 2697 3273 2769 ἔτη,
3317 2697 3468 2749 ἔσται
3507 2693 3682 2766 Τύρος

2098 2798 2176 2862 ὡς
2216 2793 2370 2869 ᾆσμα
2411 2796 2636 2868 πόρνης.
2674 2794 2820 2849 Λάϐε
2865 2792 3117 2862 κιθάραν,
3161 2790 3481 2863 ρέμϐευσον,
3529 2786 3685 2852 πόλις

2102 2889 2274 2959 πόρνη
2320 2885 2743 2957 ὲπιλελησμένη,
2778 2882 2958 2946 καλῶς
2989 2882 3290 2954 κιθάρισον,
3325 2877 3492 2932 πολλὰ
3529 2873 3682 2949 ᾆσον,

2101 2979 2189 3032 ἵνα
2218 2995 2311 3032 σου
2345 2977 2504 3048 μνεία
2531 2977 2781 3048 γένηται.
2823 2992 2840 3024 ›
2883 2972 2962 3025 Τὰ
2989 2973 3044 3025 δὲ
3070 2969 3517 3044 προφητευόμενα
3544 2966 3683 3020 κατά

2100 3072 2200 3138 τῆς
2233 3071 2410 3142 Τύρου
2445 3068 2622 3122 πάντα
2652 3070 2710 3120 ὲν
2744 3066 2943 3133 ὀλίγοις
2981 3063 3125 3116 ἔτεσι
3162 3061 3639 3132 συντελεσθήσεται
3661 3074 3677 3090 θ

417 3157 617 3226 quibus
647 3155 808 3209 etiam
845 3154 1038 3209 civitas
1070 3153 1180 3209 Deo
1224 3166 1570 3220 consecrata,
1617 3157 1835 3211 deserta
1876 3155 1996 3210 fuit.

2106 3163 2165 3215 ὲν
2195 3156 2275 3225 οἷς
2304 3161 2398 3214 καὶ
2426 3161 2459 3231 ή
2487 3159 2566 3231 τῷ
2592 3157 2710 3228 Θεῷ
2737 3154 3088 3227 ἀφιερωμένη
3120 3154 3273 3216 πόλις
3301 3152 3534 3223 κατέστη
3558 3150 3687 3224 ἕρη-

419 3247 673 3303 Decrevit
697 3247 896 3316 quippe
943 3247 1108 3313 Deus,
1152 3246 1314 3301 unius
1364 3248 1597 3303 hominis
1643 3249 1768 3302 vitae
1797 3249 1995 3317 spatio,

418 3339 538 3392 sive
585 3337 747 3392 etiam
798 3337 959 3392 unius
1001 3337 1194 3392 annosi
1249 3337 1396 3405 regis
1442 3337 1758 3404 dominatu,
1805 3353 2000 3410 nempe

420 3429 763 3499 septuaginta
796 3431 974 3497 annis,
1025 3429 1258 3485 futuram
1297 3429 1425 3503 Tyri
1474 3431 1821 3485 solitudinem
1866 3431 1998 3486 deii-

421 3523 560 3578 uire.
592 3522 646 3578 lu
681 3523 769 3578 his
803 3533 982 3577 autem
1032 3521 1372 3592 septuaginta
1419 3522 1599 3589 annis,
1645 3523 1915 3578 canticum
1946 3532 2001 3577 et

421 3629 640 3670 carmen
679 3616 746 3670 de
791 3616 1048 3671 vastitate
1098 3625 1188 3670 tua
1239 3626 1440 3670 canent
1487 3631 1678 3669 omnes
1729 3615 1998 3678 homines,

421 3708 514 3777 qui
542 3717 594 3763 te
641 3708 766 3762 olim
802 3718 1056 3763 accurate
1109 3716 1394 3771 noverant,
1437 3707 1887 3776 quemadmodum
1933 3711 2002 3761 de

422 3801 651 3855 muliere
677 3816 708 3854 a
742 3805 935 3855 decore
967 3815 1065 3854 suo
1100 3799 1269 3866 lapsa.
1300 3797 1380 3852 Tu
1412 3815 1544 3854 vero
1575 3801 1689 3868 ipsa
1723 3809 1834 3854 toto
1864 3798 1998 3852 soli-

425 3892 628 3946 tudinis
653 3900 758 3945 tua:
801 3902 1060 3961 tempore,
1103 3892 1529 3960 circumquaque
1556 3890 1770 3954 oberra,
1799 3904 2003 3960 gyrans

423 3991 480 4039 et
504 4000 532 4037 a
564 3984 682 4039 loco
713 3984 764 4038 in
798 3985 971 4038 locum
1007 3995 1371 4051 transmeans,
1400 3995 1564 4054 atque
1592 3983 1734 4054 apud
1764 3983 2003 4053 reliquas

423 4085 615 4147 gentes
658 4075 954 4130 fornicans.
983 4075 1134 4142 Quod
1165 4077 1208 4131 si
1244 4077 1411 4144 vales,
1459 4091 1642 4131 sumas
1672 4075 1796 4130 licet
1827 4075 1998 4130 citha-

424 4185 544 4224 ram
573 4179 743 4234 tuam,
770 4182 874 4221 non
901 4176 954 4221 ut
985 4169 1311 4231 meretricio,
1340 4169 1435 4224 sed
1465 4178 1522 4224 ut
1547 4168 1795 4238 prudenti
1828 4184 1998 4236 more,

423 4260 787 4316 instrumento
839 4262 1008 4315 utaris
1055 4270 1170 4316 tuo.
1222 4261 1446 4317 Multum
1498 4262 1707 4316 cithara
1765 4261 1910 4324 lude,
1946 4270 2002 4316 et

423 4355 650 4410 multum
679 4367 835 4416 eane,
862 4367 924 4406 ac
954 4366 1142 4422 preces
1172 4355 1699 4424 supplicationesque
1728 4355 1794 4407 ad
1831 4353 2000 4408 Deum

423 4449 648 4504 emitte:
681 4448 760 4502 sic
787 4448 930 4502 enim
978 4445 1084 4500 erit
1127 4445 1201 4499 tui
1244 4447 1503 4502 memoria
1555 4446 1694 4515 apud
1734 4446 1923 4511 Deum,
1957 4446 2001 4500 si

424 4541 878 4599 modulationibus
916 4541 1134 4606 cantici,
1163 4550 1218 4596 et
1247 4541 1292 4594 si
1324 4541 1572 4596 sensibus
1601 4540 1739 4610 ejus,
1780 4539 2006 4594 citharae

424 4637 620 4701 instar,
676 4636 967 4704 prudenter
1019 4634 1214 4696 utaris,
1262 4643 1626 4704 temperanter
1671 4635 1888 4700 vivens,
1939 4649 2004 4690 ac

427 4729 537 4782 Deo
569 4729 822 4798 placitum
866 4741 1081 4784 cantqu
1121 4730 1313 4785 edens.
1342 4727 1432 4782 Sie
1468 4729 1573 4782 erit
1606 4729 1862 4782 memoria
1901 4728 2002 4794 tui,

427 4822 537 4878 Deo
567 4835 619 4878 te
652 4823 1027 4878 recordatione
1058 4839 1154 4878 sua
1190 4822 1468 4894 diguante.

498 5004 658 5060 Vens.
689 5005 772 5059 l7.
817 5025 834 5056 ι
866 5005 929 5059 Ει
959 5005 1062 5060 erit
1110 5016 1232 5076 post
1277 5022 1450 5061 annos
1481 5006 1846 5078 septuaginta,
1877 5007 2009 5062 visi-

427 5095 566 5150 tabit
596 5098 736 5154 Deus
770 5099 993 5171 Tyrum,
1025 5111 1078 5156 et
1117 5117 1336 5156 rursum
1390 5101 1707 5155 restituetur
1742 5101 1794 5154 in
1835 5100 2011 5170 pristi.

426 5201 580 5252 nutu,
602 5197 658 5240 et
690 5191 791 5243 erit
823 5195 1121 5262 emporium
1156 5194 1406 5248 omnibus
1453 5193 1634 5263 regnis
1665 5194 1812 5246 orbis
1848 5209 2009 5262 super

429 5279 623 5334 faciem
675 5290 852 5337 terrie.
878 5305 896 5335 ι
937 5287 1262 5356 Supradicto
1300 5286 1484 5356 elapso
1523 5297 1783 5356 tempore,
1822 5285 2007 5340 visita-

431 5373 629 5427 tionem
675 5374 791 5444 ejus
841 5380 1198 5443 nancisceris,
1244 5394 1308 5434 ac
1354 5377 1662 5433 restitueris
1703 5377 1756 5430 in
1805 5384 2005 5432 statum

430 5465 750 5535 pristinum;
785 5465 857 5520 ita
902 5477 959 5520 ut
993 5485 1205 5523 rursum
1244 5484 1410 5539 penes
1444 5478 1493 5522 te
1541 5468 1839 5540 emporium
1873 5482 2006 5523 con-

430 5558 710 5624 stituatur,
736 5575 799 5615 ac
825 5569 1010 5629 gentes
1036 5563 1395 5634 undequaque
1425 5562 1742 5620 festinanter
1764 5550 2008 5628 allluaut,

432 5661 486 5708 et
519 5667 725 5710 merces
753 5668 878 5709 suas
909 5653 972 5708 ad
1003 5663 1052 5708 te
1083 5653 1329 5709 deferant

2110 3273 2228 3327 μος.
2263 3255 2487 3325 ’Έκρινε
2519 3253 2628 3322 γὰρ
2656 3254 2684 3304 ό
2705 3251 2836 3312 Θεὸς
2861 3246 3146 3320 ἀνθρώπου
3173 3246 3288 3309 ἐνὸς
3312 3244 3456 3316 ζωῆς
3481 3245 3686 3316 χρόνῳ,

2106 3347 2250 3415 λέγω
2286 3344 2343 3398 δὲ
2382 3345 2748 3414 ἐϐδομήκοντα
2793 3341 2988 3401 ἔτεσιν,
3027 3337 3207 3408 ὁρίσαι
3244 3336 3340 3408 τὴν
3384 3335 3686 3407 μέλλουσαν

2105 3438 2458 3510 διαλήψεσθαι
2501 3436 2736 3509 ἐρημίαν
2781 3435 2879 3505 τὴν
2931 3433 3137 3502 Τύρον,
3188 3432 3220 3502 ἦ
3279 3431 3371 3484 καὶ
3421 3429 3688 3501 βασιλέως

2107 3532 2225 3596 ὲνὸς
2265 3528 2554 3593 πολυετοῦς
2577 3529 2770 3599 ἀρχήν.
2812 3526 2899 3579 Ἐν
2937 3526 2993 3578 ἃ
3020 3524 3231 3588 τούτοις
3264 3526 3374 3586 τοῖς
3415 3521 3455 3574 ο¹
3485 3521 3687 3584 ἐτεσιν,

2106 3623 2246 3695 ᾠδὴν
2279 3622 2374 3676 καὶ
2401 3616 2550 3693 ᾆσμα
2585 3620 2712 3691 περὶ
2738 3618 2836 3689 τῆς
2868 3617 2966 3688 σῆς
2991 3616 3226 3688 ἐρημίας
3260 3614 3448 3687 ᾇσουσι
3483 3613 3688 3677 πάντες

2107 3715 2382 3787 ἄνθρωποι
2418 3715 2466 3767 οἱ
2495 3711 2662 3765 πάλαι
2705 3727 2766 3763 σε
2805 3708 3048 3781 ἀκριϐῶς
3085 3706 3306 3770 εἰδότες,
3347 3706 3422 3768 ὡς
3463 3706 3554 3758 ἐπὶ
3591 3723 3692 3774 γυ-

2108 3809 2253 3862 ναικὶ
2293 3805 2600 3876 ὲκπεσούσῃ
2646 3806 2745 3874 τῆς
2793 3803 2929 3867 ίδίας
2973 3800 3158 3874 τιμῆς.
3194 3801 3307 3866 Καὶ
3353 3801 3415 3854 σὺ
3455 3800 3511 3853 δὲ
3550 3799 3690 3880 αὐτὴ

2109 3900 2360 3974 περίελθε
2403 3899 2495 3953 τὸν
2531 3899 2622 3951 σὸν
2674 3897 2864 3968 χρόνον
2904 3895 3006 3966 τῆς
3052 3895 3305 3966 ἐρημίας,
3354 3893 3688 3965 ῥεμϐομένη,

2109 3996 2204 4050 καὶ
2237 3993 2404 4048 τόπον
2441 3995 2506 4046 ἐκ
2547 3990 2711 4044 τόπου
2751 3988 3142 4060 μεθισταμένη,
3183 3987 3276 4040 καὶ
3307 3988 3387 4048 εἰς
3421 3983 3489 4038 τά
3527 3982 3691 4037 λοιπὰ

2109 4088 2237 4160 ἔθνη
2265 4085 2687 4158 ὲκπορνεύουσα.
2723 4082 2785 4135 Εἰ
2811 4081 2866 4134 δὲ
2897 4079 3118 4135 δύνασαι
3140 4076 3378 4131 λαϐοῦσα
3402 4077 3501 4146 τὴν
3530 4092 3690 4128 σεαυ-

2107 4183 2208 4253 τῆς
2260 4179 2492 4250 κιθάραν
2553 4174 2746 4247 μηκέτι
2800 4171 3069 4246 πορνικῷ,
3117 4171 3230 4224 ἀλλ’
3281 4166 3690 4240 ἐπιστημονικῷ

2109 4270 2416 4344 χρήσασθαι
2447 4267 2527 4339 τῷ
2559 4268 2758 4336 σαυτῆς
2784 4265 3018 4337 ὀργάνῳ,
3056 4261 3226 4316 πολλὰ
3258 4261 3560 4331 κιθάρισον,
3594 4259 3692 4314 καὶ

2111 4362 2284 4416 πολλὰ
2309 4359 2461 4434 ᾆσον,
2497 4360 2591 4414 καὶ
2622 4359 2688 4411 δι’
2722 4357 2896 4427 εὐχῶν
2931 4357 3023 4410 καὶ
3058 4355 3345 4426 ίκετηρίων
3377 4355 3550 4423 λόγων
3579 4352 3692 4407 τῶν

2112 4456 2248 4528 πρὸς
2275 4455 2426 4507 Θεό-ι’
2450 4451 2592 4505 οὕτω
2617 4451 2726 4521 γὰρ
2755 4449 2903 4502 ἔσται
2932 4466 3024 4502 σου
3057 4447 3214 4519 μνεία
3244 4447 3381 4518 πρὸς
3411 4447 3502 4500 τὸν
3533 4446 3689 4513 Θεὸν,

2111 4551 2160 4602 εἰ
2188 4550 2298 4610 τοῖς
2333 4545 2518 4617 μέλεσι
2546 4543 2640 4598 τοῦ
2668 4543 2910 4615 ᾄσματος
2939 4543 3033 4595 καὶ
3061 4544 3169 4604 τοῖς
3194 4540 3565 4613 αἰσθητηρίοις
3594 4541 3694 4594 αὐ-

2109 4641 2208 4711 τῆς
2243 4637 2671 4709 ὲνηρμοσμένοις
2700 4636 2928 4707 κιθάρας
2956 4634 3110 4704 δίκην
3143 4635 3520 4705 ἐπιστημόνως
3549 4635 3691 4706 χρή-

2112 4748 2253 4793 σαιο,
2283 4729 2574 4800 σωφρόνως
2602 4727 2813 4799 βιοῦσα,
2841 4726 2935 4780 καὶ
2955 4725 3075 4797 Θεῴ
3097 4726 3439 4797 ἀρεσκόντως
3466 4725 3687 4796 ᾅδουσαο

2108 4823 2252 4876 οὕτω
2287 4821 2397 4892 γάρ
2441 4837 2535 4873 σου
2591 4821 2749 4892 μνεία
2795 4820 3115 4890 γενήσεται,
3151 4816 3585 4884 καταξιώσαντός
3629 4835 3692 4871 σε

2112 4915 2210 4986 τῆς
2243 4911 2404 4967 αὑτοῦ
2441 4913 2661 4984 μνήμης
2692 4911 2787 4965 τοῦ
2823 4911 2978 4964 Θεοῦ.

2189 5028 2206 5059 ι
2249 5009 2354 5061 Καὶ
2378 5005 2527 5060 ἔσται
2561 5005 2697 5077 μετὰ
2725 5005 2767 5057 o'
2791 5004 2906 5075 ἔτη,
2937 5005 3242 5076 ἐπισκοπὴν
3263 5006 3477 5077 ποιήσει
3503 5005 3530 5057 ὁ
3558 5003 3694 5069 Θεὸς

2115 5100 2316 5172 Τύρου,
2345 5099 2438 5152 καὶ
2480 5097 2641 5151 πάλιν
2683 5098 3190 5167 ἁποκαταστήσεται
3231 5097 3310 5159 εἰς
3349 5096 3410 5149 τὸ
3443 5097 3691 5168 ἀρχαῖον,

2118 5195 2214 5248 καὶ
2251 5193 2400 5247 ἔσται
2437 5191 2696 5264 ἐμπόριον
2731 5191 2930 5255 πάσαις
2964 5195 3083 5255 ταῖς
3128 5191 3426 5262 βασιλείαις
3466 5191 3566 5262 τῆς
3615 5191 3695 5243 οἶ·

2113 5286 2386 5357 κουμένης
2413 5286 2505 5338 ἐπὶ
2537 5285 2827 5355 πρόσωπον
2859 5288 2958 5350 τῆς
2989 5285 3110 5354 γῆς.
3157 5305 3176 5336 ι
3213 5282 3440 5346 Λύτίκα,
3478 5301 3692 5354 συμπε-

2116 5376 2400 5449 ρανθέντος
2431 5373 2524 5428 τοῦ
2565 5374 2993 5446 προλελεγμένου
3026 5372 3236 5444 χρόνου,
3263 5373 3564 5442 ἐπισκοπῆς
3593 5371 3694 5441 τῆς

2115 5469 2244 5538 παρ’
2273 5464 2435 5520 αὑτοῦ
2462 5465 2648 5538 τεύξῃ,
2693 5467 2787 5519 καὶ
2820 5461 2976 5528 αὖθις
3001 5462 3498 5537 ἁποκαταστηθήσῃ
3526 5464 3608 5528 εἰς
3629 5463 3694 5516 τὸ

2114 5561 2338 5634 ἀρχαῖον
2361 5576 2374 5590 ·
2411 5558 2552 5611 ὥστε
2592 5559 2752 5613 πάλιν
2786 5558 3043 5628 συστῆναι
3071 5557 3129 5610 ἐν
3164 5557 3246 5610 σοὶ
3284 5559 3563 5630 ἐμπόριον,
3595 5557 3695 5611 καὶ

2115 5655 2240 5718 τοὺς
2275 5651 2649 5722 ἁπανταχόθεν
2693 5653 2910 5722 συρρεῖν
2950 5650 3402 5719 έπισπεύδοντας,
3450 5651 3545 5706 καὶ
3590 5649 3695 5715 τᾶς

2119 5744 2319 5799 ἑαυτῶν
2354 5743 2445 5796 ἐπὶ
2481 5743 2560 5796 σοὶ
2590 5739 2968 5813 πραγματείας
3000 5738 3338 5812 κομίζοντας.
