4072 6194
304 224 416 283 257

1241 222 1742 287 COMMENTARIA
1782 225 1847 281 ΙΝ
1888 226 2145 282 ISAIAM.
2182 257 2251 270 --
2289 223 2443 282 CAP.
2486 225 2676 283 XXIV.

3490 235 3596 301 Ξῖὸ

396 361 417 393 ι
455 341 572 394 Καὶ
601 340 751 394 ἔσται
780 339 949 411 αὐτῆς
982 340 1017 410 ή
1052 339 1314 411 ἐμπορῖα,
1342 341 1435 393 καὶ
1472 341 1501 392 6
1531 339 1721 409 μισθὸς
1759 339 1908 409 ἅγιος

2090 337 2371 396 VeasJS.
2418 359 2437 392 ι
2470 340 2535 395 Et
2587 343 2693 397 erit
2742 340 2857 410 ejus
2930 346 3225 417 negotiatio
3265 356 3319 403 et
3384 366 3594 409 merces

314 432 545 504 Κυρίῳ.
574 452 593 483 ›
622 430 732 502 ('23)
757 432 817 483 '0
830 430 895 500 δὴ
919 430 1015 482 καὶ
1042 429 1345 501 πληροῦται
1373 431 1493 484 καθ’
1518 432 1667 502 ἡμᾶς
1693 431 1907 495 αὐτούς.

317 524 446 594 Τῆς
474 523 587 595 γάρ
631 522 948 592 Ἐκκλησίας
986 520 1082 574 τοῦ
1110 520 1245 574 Θεοῦ
1276 520 1568 592 ἱδρυμένης
1606 522 1665 574 ὲν
1696 524 1762 593 τῇ
1808 523 1912 575 Τυ-

330 616 473 688 ρίων
523 612 693 677 πόλει,
722 612 913 685 ὥσπερ
955 608 1049 665 οὖν
1087 612 1180 665 καὶ
1210 614 1267 664 ὲν
1311 616 1422 676 τοῖς
1458 613 1662 676 λοιποῖς
1713 612 1907 679 ἔθνεσι,

330 706 505 760 πολλὰ
526 707 627 758 τῶν
652 707 707 757 ἐν
733 704 872 775 αὐτῇ
910 703 1276 775 μισθωμάτων
1306 704 1370 756 ὲκ
1399 704 1784 776 πραγματείας
1816 723 1910 759 κο-

336 799 631 871 μιζομένων
653 799 942 866 ἁγιάζεται
966 796 1043 867 τῷ
1062 796 1246 869 Κυρίῳ
1269 797 1688 869 προσφερόμενα
1702 800 1768 869 τῇ
1787 798 1910 851 Ἐκ-

334 894 522 965 κλησίᾳ
534 892 720 946 αὐτοῦ’
738 892 945 962 ἆπεροί
964 889 1282 961 κομίζοντες
1298 890 1667 963 προσφέρουσι
1699 892 1794 945 σὺν
1822 893 1911 945 εὐ-

328 988 526 1058 λαϐείᾳ.
548 1005 566 1037 ι
589 987 708 1039 υῦκ
720 986 909 1048 αὐτοῖς
926 984 1339 1055 συναχθήσεται,
1354 984 1488 1038 ἀλλὰ
1498 988 1610 1049 τοῖς
1627 985 1913 1039 κατοικοῦ-

324 1098 405 1134 σιν
428 1080 609 1132 ἔναντι
655 1079 864 1150 Κυρίου
886 1095 899 1108 ’
933 1078 1084 1131 πᾶσα
1114 1079 1145 1149 ή
1179 1078 1419 1149 ἐμπορία
1457 1079 1657 1152 αὐτῆς,
1690 1082 1907 1149 φαγεῖν,

319 1175 411 1229 καὶ
436 1176 601 1233 πιεῖν,
618 1173 718 1224 καὶ
743 1171 1149 1242 ἐμπλησθῆναι,
1172 1172 1265 1225 καὶ
1281 1173 1361 1235 εἰς
1380 1190 1442 1225 συ
1452 1172 1673 1244 μϐολὴν,
1697 1173 1907 1245 μνημό-

315 1285 469 1320 συνον
520 1267 704 1319 ἔναντι
740 1265 978 1335 Κυρίου·
1037 1284 1055 1316 ι
1100 1264 1301 1337 δηλαδὴ
1336 1268 1447 1328 τοῖς
1482 1266 1777 1338 παρέδροις
1812 1265 1907 1329 τοῦ

314 1362 744 1431 θυσιαστηρίου·
790 1356 935 1411 οὕτω
984 1358 1093 1429 γὰρ
1135 1358 1340 1430 Κύριος
1379 1359 1659 1426 διετάξατο
1695 1361 1808 1423 τοῖς
1847 1358 1909 1412 τὸ

316 1456 654 1523 Εὖαγγέλιον
694 1452 1157 1521 καταγγέλλουσιν
1200 1454 1263 1505 ὲκ
1293 1451 1387 1506 τοῦ
1421 1452 1751 1522 Εὐαγγελίου
1785 1453 1904 1525 ζῇνο

318 1548 411 1600 καὶ
437 1549 490 1599 οἱ
512 1546 592 1616 τῷ
626 1544 995 1615 θυσιαστηρίῳ
1030 1542 1471 1615 παρεδρεύοντες,
1508 1543 1587 1614 τῷ
1615 1543 1909 1615 θυσιαστη-

327 1638 428 1709 pit?
452 1637 901 1707 συμμερίζεσθαι.
929 1635 1149 1698 Τούτοις
1173 1631 1264 1689 οῦν
1287 1636 1490 1700 αὐτοῖς,
1518 1636 1592 1700 ὠς
1614 1635 1678 1690 ἂν
1704 1637 1905 1708 ἱερεῦσι

2020 441 2205 485 sancta
2242 428 2489 485 Domino.
2515 450 2534 483 ι
2571 432 2721 499 Quod
2753 444 2901 488 certe
2938 446 3122 492 nostro
3156 448 3397 508 tempore
3442 457 3593 497 com-

2018 522 2220 592 pletum
2251 524 2543 578 cernimus.
2584 523 2717 578 Nam
2771 541 2891 580 cum
2938 526 3179 583 Ecclesia
3224 529 3317 586 Dei
3355 531 3409 587 in
3462 534 3596 589 urbe

2019 613 2326 685 Tyriorum,
2362 615 2583 681 perinde
2620 625 2784 685 atque
2831 618 2883 671 in
2918 617 3139 687 reliquis
3172 622 3428 691 gentibus
3472 623 3598 677 fun-

2019 706 2141 759 data
2196 707 2301 770 sit,
2366 706 2545 760 multa:
2591 722 2657 761 ex
2708 708 2824 778 ejus
2893 710 3164 765 mercibus
3232 716 3597 782 negotiatione

2016 798 2187 866 partis
2219 797 2444 851 Domino
2471 810 2889 865 consecrantur,
2922 799 3179 856 Ecclesia:
3208 803 3325 873 ejus
3355 805 3592 861 oblatm:

2016 904 2135 959 qua:
2169 905 2289 945 cum
2335 892 2536 960 pietate
2577 907 2605 946 a
2637 894 3007 962 praebentibus
3055 891 3377 950 offeruntur.
3425 912 3444 948 ι
3476 896 3594 951 Non

2019 983 2148 1052 ipsis
2191 985 2639 1053 congregabitur;
2682 986 2777 1040 sed
2821 985 2918 1049 iis,
2967 986 3058 1055 qui
3113 985 3362 1043 habitant
3407 1003 3592 1044 coram

2016 1073 2262 1128 Domino.
2293 1074 2480 1131 Omnis
2524 1077 2817 1146 negotiatio
2859 1076 2998 1145 ejus,
3040 1088 3099 1131 ut
3133 1080 3278 1146 edat,
3326 1089 3380 1135 et
3412 1081 3591 1149 bibat,

2014 1176 2070 1222 et
2097 1168 2343 1233 satietur,
2375 1178 2431 1223 et
2472 1169 2523 1223 in
2575 1171 2911 1238 symbolum,
2959 1183 3365 1227 monumentum
3411 1189 3593 1229 coram

2017 1256 2271 1323 Domino;
2308 1258 2565 1312 videlicet
2600 1260 2862 1315 ministris
2901 1261 3086 1315 altaris
3121 1280 3133 1316 :
3168 1264 3246 1317 sic
3291 1265 3432 1318 enim
3467 1280 3596 1334 pra:-

2016 1347 2157 1417 eepit
2182 1348 2435 1403 Dominus
2466 1349 2529 1404 iis
2555 1351 2645 1419 qui
2678 1350 3025 1422 Evangelium
3056 1356 3395 1423 annuntiant,
3439 1368 3494 1410 ut
3525 1372 3593 1411 ex

2014 1440 2302 1511 Evangelio
2328 1443 2546 1508 vivant,
2578 1452 2633 1498 et
2662 1453 2718 1497 ut
2762 1445 2797 1497 ii
2829 1445 2915 1513 qui
2960 1447 3114 1500 altari
3146 1456 3344 1511 astant,
3383 1448 3436 1501 in
3470 1464 3595 1518 por-

2017 1531 2214 1586 tionem
2264 1533 2454 1589 altaris
2494 1535 2870 1591 admittantur.
2908 1537 3001 1590 llis
3047 1554 3178 1609 ergo
3220 1539 3372 1609 ipsis,
3408 1549 3593 1609 utpote

2015 1626 2389 1681 sacerdotibus
2428 1627 2561 1692 Dei,
2620 1628 2991 1684 habitantibus
3034 1630 3086 1684 in
3132 1640 3425 1701 conspectu
3472 1630 3580 1685 Do-

327 1728 424 1781 τοῦ
456 1726 594 1780 Θεοῦ
625 1731 735 1790 τοῖς
759 1726 1095 1780 κατοικοῦσιν
1127 1727 1305 1780 ἔναντι
1335 1728 1540 1798 Κυρίου
1559 1768 1574 1792 ,
1604 1727 1704 1791 τὰς
1730 1729 1908 1800 ἀπαρ-

2017 1718 2170 1784 mini,
2208 1720 2472 1787 primitias
2520 1718 2811 1775 oll‘erentes
2861 1723 3142 1775 memorati
3199 1723 3484 1788 homines,
3533 1741 3591 1780 re

333 1821 438 1890 χας
473 1819 868 1891 προσφέροντες
888 1821 933 1872 οἱ
962 1818 1315 1889 δηλωθέντες,
1339 1819 1486 1892 ἔργῳ
1516 1819 1783 1892 πληροῦσι
1813 1820 1913 1892 τήν

340 1913 659 1981 φάσκουσαν
680 1911 1024 1982 προφητείαν·
1058 1932 1075 1962 ι
1109 1912 1217 1964 Καὶ
1243 1911 1394 1966 ἔσται
1416 1912 1679 1984 ἐμπόριον
1705 1912 1909 1978 αὐτοῖς,

345 2004 443 2057 καὶ
473 2004 660 2074 μισθὸς
680 2005 873 2067 αὐτοῖς,
906 2023 927 2056 ι
975 2005 1069 2057 καὶ
1105 2004 1172 2056 τὰ
1200 2002 1346 2076 ἑξῆς.

838 2137 1236 2192 ΚΕΦΑΛΔΙΟΝ
1271 2138 1399 2191 ΚΔ’.

404 2293 423 2325 ι
468 2273 596 2327 Ἰδοὺ
638 2272 842 2346 Κύριος
881 2274 1237 2345 καταφθείρει
1271 2273 1368 2345 τήν
1406 2272 1731 2344 οἰκουμένην
1758 2272 1907 2345 ὃλην,

324 2368 418 2420 καὶ
441 2366 718 2438 ἐρημώσει
749 2367 942 2438 αὐτὴν,
977 2369 1070 2421 καὶ
1124 2364 1458 2436 ἁνακαλύψει
1504 2368 1565 2419 τὸ
1618 2367 1909 2435 πρόσωπον

321 2461 513 2530 αὐτῆς.
552 2480 572 2512 ι
622 2460 843 2532 Ἐπειδὴ
875 2460 984 2531 γάρ
1033 2480 1051 2513 ι
1107 2459 1201 2513 τοῦ
1252 2459 1455 2530 Κυρίου
1503 2461 1536 2529 ἡ
1581 2459 1649 2529 γῆ
1709 2458 1803 2512 καὶ
1851 2459 1910 2511 τὸ

324 2554 600 2624 πλήρωμα
638 2554 831 2623 αὐτῆς,
871 2572 889 2605 ι
929 2553 1128 2606 ὡσανεὶ
1151 2553 1369 2605 πάντων
1408 2551 1710 2623 ἀνθρώπων
1744 2552 1907 2623 κηδό-

326 2663 508 2716 μενος,
541 2645 913 2699 διαστέλλεται
945 2647 1011 2717 τῇ
1050 2641 1341 2717 ὅίκουμένῃ
1371 2644 1441 2698 τὰ
1473 2644 1601 2715 περὶ
1637 2645 1735 2715 τῆς
1776 2643 1907 2714 μελ-

321 2737 522 2807 λούσης
574 2738 823 2801 ἅπαντας
868 2736 1185 2809 ἀνθρώπους
1225 2736 1578 2808 διαλήψεσθαι
1623 2736 1716 2789 τοῦ
1773 2734 1905 2788 Θεοῦ

326 2830 580 2901 κρίσεως,
611 2834 665 2885 ὲν
689 2831 873 2902 ἡμέρᾳ
910 2833 999 2885 ὅτε
1027 2833 1199 2903 κρινεί
1229 2833 1256 2883 6
1288 2830 1418 2893 Θεὸς
1450 2829 1518 2883 τὰ
1549 2827 1767 2901 κρυπτὰ
1798 2827 1906 2881 τῶν

328 2922 661 2993 ἀνθρώπιον,
716 2942 732 2973 ι
789 2924 885 2976 καὶ
942 2922 1223 2993 διασπερεῖ
1272 2923 1399 2985 τοῦς
1452 2920 1792 2986 ἐνοικοῦντας
1848 2922 1906 2977 ὲν

326 3014 498 3083 αὐτῇ.
567 3034 585 3064 ι
637 3014 706 3066 Ἢ
764 3014 905 3067 κατὰ
960 3015 1051 3067 τὸν
1109 3014 1338 3067 Ἀκύλαν
1396 3015 1489 3067 καὶ
1553 3013 1901 3077 Θεοδοτίωνα,

332 3126 353 3156 ι
398 3105 768 3177 διασκορπίζει
815 3104 1008 3168 ἄλλους
1052 3103 1303 3175 ἀλλαχοῦ,
1346 3125 1364 3156 ι
1405 3103 1546 3157 κατὰ
1580 3103 1677 3174 τὴν
1709 3104 1902 3159 ἀναλο-

325 3198 461 3266 γίαν
492 3198 598 3251 τῶν
618 3199 845 3252 ἑκάστου
878 3196 1130 3268 πράξεων
1149 3212 1163 3225 θ
1191 3195 1381 3249 πολλαὶ
1414 3195 1522 3267 γὰρ
1558 3196 1716 3266 μοναὶ
1756 3195 1909 3269 παρὰ

325 3288 406 3359 τῷ
428 3289 624 3361 Πατρὶ,
662 3290 835 3360 μέγας
872 3306 933 3341 τε
968 3290 1062 3341 καὶ
1096 3288 1260 3351 πολὺς
1304 3290 1332 3341 6
1372 3287 1466 3340 τοῦ
1506 3286 1639 3340 Θεοῦ
1684 3287 1906 3358 κόσμος,

322 3387 400 3452 ὡς
431 3387 693 3440 δύνασθαι
732 3387 912 3449 πάσας
949 3383 1305 3455 ὑποδέχεσθαι
1353 3384 1448 3436 καὶ
1474 3383 1574 3446 τὰς
1621 3382 1680 3449 ἐξ
1715 3383 1910 3446 αἰῶνος

323 3476 385 3527 ὲν
412 3479 477 3546 τῇ
522 3479 593 3547 γῇ
642 3475 1110 3545 πεπολιτευμένοις
1151 3473 1347 3544 ψυχὰς,
1392 3472 1499 3527 τῶν
1556 3473 1653 3545 μὲν
1699 3472 1910 3527 ἀσεϐῶν

329 3570 417 3620 τὶν
458 3569 589 3639 ᾅδην
632 3569 725 3621 καὶ
760 3568 821 3620 τὸ
856 3566 961 3620 ὑπὸ
990 3567 1092 3636 γῆν
1135 3566 1468 3637 οἰκητήριον,
1523 3566 1770 3630 σκοτίους
1817 3566 1912 3620 καὶ

332 3660 597 3727 ἁοράτους
637 3660 847 3729 μυχοὺς
892 3657 1353 3729 κληρωσαμένων,
1403 3657 1543 3711 κατὰ
1593 3658 1673 3721 τὸ,
1716 3677 1733 3709 ι
1784 3659 1911 3711 Εἰσ-

332 3750 635 3804 ελεύσονται
659 3757 737 3815 είς
762 3751 829 3804 τὰ
857 3749 1144 3805 κατώτατα
1168 3751 1265 3822 τῆς
1295 3750 1417 3821 γῆς·
1449 3750 1912 3823 παραδοθήσονται

331 3847 415 3905 εἰς·
445 3846 627 3916 χεῖρας
660 3845 953 3918 ῥομφαίας,
1007 3843 1223 3915 μερίδες
1265 3842 1561 3897 ἀλωπέκων
1596 3843 1843 3897 ἔσονταιο
1886 3864 1905 3896 ι

332 3936 439 3988 τῶν
484 3938 538 3991 δὲ
586 3937 825 3991 εὐσεϐῶν
884 3935 1360 4009 άρπαγησομένων
1414 3937 1473 3989 ὲν
1532 3935 1783 4005 νεφέλαις
1831 3937 1913 4001 είς

324 4030 633 4099 ἀπάντησιν
663 4028 758 4083 τοῦ
798 4029 1006 4101 Κυρίου
1034 4030 1113 4091 είς
1142 4029 1301 4100 ἀέρα,
1331 4027 1426 4082 καὶ
1466 4027 1639 4092 οὕτως
1682 4028 1911 4081 πάντοτε

326 4126 427 4176 σὺν
458 4122 652 4193 Κυρίῳ
679 4121 1080 4193 γενησομένων.

405 4235 424 4263 ε
463 4215 577 4269 Καὶ
608 4215 760 4268 ἔσται
793 4216 821 4268 6
853 4214 979 4278 λαὸς
1012 4214 1086 4277 ὡς
1120 4216 1148 4268 6
1182 4213 1381 4285 ἱερεὺς,
1426 4210 1521 4264 καὶ
1553 4210 1582 4262 6
1616 4213 1744 4274 παῖς
1776 4210 1850 4274 ὡς
1883 4211 1912 4263 6

327 4308 542 4379 κύριος,
574 4310 668 4361 καὶ
700 4310 732 4379 ἡ
767 4307 1069 4379 Θεράπαινα
1107 4308 1182 4371 ὼς
1211 4310 1245 4379 ή
1281 4304 1463 4376 κυρία.
1504 4302 1749 4357 Ἔσταιὸ
1780 4303 1911 4371 ἀγο-

333 4401 517 4471 ράζων
552 4399 628 4461 ὡς
665 4400 693 4451 6
734 4399 948 4462 πωλῶν,
985 4416 1081 4452 και
1114 4399 1142 4451 6
1186 4396 1445 4465 δανείζων
1492 4394 1567 4459 ὡς
1607 4396 1636 4447 ὁ
1672 4393 1911 4458 δανειζό-

336 4510 521 4561 μενος,
556 4493 650 4546 καὶ
679 4494 708 4545 6
737 4491 966 4560 ὀφείλων
990 4490 1066 4556 ὡς
1097 4492 1125 4544 6
1153 4484 1197 4561 ᾧ
1228 4488 1449 4560 ὀφείλειν
1494 4506 1513 4540 ι
1555 4486 1908 4558 σημαίνοντος

331 4586 428 4639 τοῦ
477 4586 637 4654 λόγου
688 4584 780 4639 τοῦ
843 4582 1179 4657 προφητικοῦ
1234 4583 1325 4636 τὸν
1382 4584 1482 4654 τῆς
1527 4581 1636 4634 τῶν
1696 4579 1910 4651 νεκρῶν

330 4678 685 4740 ἀναστάσεως
758 4679 978 4749 τρόπον.
1039 4675 1283 4729 Ἐπειδὰν
1335 4674 1391 4728 δὲ
1453 4673 1805 4745 ἁνακαλυφθῇ
1843 4671 1913 4727 τά

330 4771 758 4842 ἐγκεκρυμμένα
801 4772 858 4824 ὲν
895 4773 960 4842 τῇ
991 4773 1060 4841 γῇ
1101 4768 1348 4840 σώματα,
1389 4767 1828 4839 παραστήσονται
1862 4765 1912 4817 οἱ

330 4862 645 4933 κρινόμενοι
680 4863 785 4935 πρὸ
831 4862 924 4916 τοῦ
977 4862 1215 4934 βήματος
1242 4860 1335 4914 τοῦ
1374 4860 1607 4933 μεγάλου
1641 4858 1829 4930 κριτοῦ
1856 4858 1914 4925 ἐξ

334 4956 451 5009 ἴσου
499 4956 735 5019 πάντες,
779 4954 854 5019 ὡς
889 4954 1021 5025 μηδὲ
1058 4953 1334 5025 διαφέρειν
1365 4951 1492 5014 τοὺς
1532 4951 1590 5003 ἐν
1621 4949 1700 5021 τῷ
1732 4948 1912 5021 θνητῷ

332 5049 437 5119 βίῳ
465 5050 598 5103 ποτε
626 5048 882 5115 δόξαντας
907 5047 1067 5101 πλέον
1097 5064 1149 5099 τι
1176 5044 1463 5117 ἐσχηκέναι
1490 5043 1608 5115 ήτοι
1646 5044 1705 5096 ὲν
1747 5040 1911 5110 ἀξιὼ-

334 5161 490 5213 ματι.
526 5141 559 5212 ἢ
590 5141 759 5209 γένει,
797 5140 830 5211 ἢ
864 5138 1097 5210 πλούτῳ,
1146 5137 1251 5191 τῶν
1292 5135 1669 5207 ἐνδεεστέρων.
1701 5135 1910 5201 Πάντες

327 5234 442 5307 γὰρ
478 5233 537 5300 ἐξ
560 5236 677 5288 ἴσου
707 5234 826 5287 τότε
861 5232 1297 5306 παραστήσονται
1321 5228 1398 5299 τῷ
1422 5227 1624 5300 βήματι
1650 5225 1743 5280 τοῦ
1774 5228 1910 5297 Χρι-

327 5328 485 5381 στοῦ-
522 5327 616 5381 καὶ
642 5325 722 5397 τῷ
761 5327 897 5396 ἱερεῖ
929 5321 1321 5395 παραπλησέως
1354 5321 1383 5373 6
1415 5319 1563 5384 λαὸς,
1594 5317 1686 5370 καὶ
1712 5319 1911 5388 ὁμοίως

400 5442 421 5473 ⁸
456 5440 598 5495 l’sal.
630 5438 722 5502 25,
763 5454 800 5491 ι.
906 5437 926 5468 ’
961 5435 1103 5491 Psal.
1138 5449 1272 5493 an,
1306 5432 1388 5485 ll.

401 5534 518 5603 (29)
563 5532 691 5588 llaec
738 5531 808 5584 ita
858 5529 1107 5603 exprimit
1133 5527 1517 5603 Allierrmyjmus,
1560 5542 1578 5575 ι
1610 5522 1907 5603 cernamus

324 5608 381 5660 in
411 5595 560 5677 Tyro
607 5595 1143 5677 exstructas'Christi
1181 5595 1477 5661 ecclesias;
1505 5595 1907 5677 consideremus

323 5665 767 5745 opes'omnium,
795 5672 935 5740 quod
995 5687 1099 5725 non
1163 5678 1508 5739 reponantur,
1556 5680 1654 5719 nec
1692 5665 1907 5717 thesau-

2016 1810 2127 1879 ipsa
2173 1819 2228 1864 et
2277 1824 2443 1880 opere
2482 1810 2707 1881 implent
2748 1812 3084 1882 prophetiam
3136 1829 3257 1882 qua:
3308 1816 3417 1881 ait,
3472 1834 3491 1869 ι
3526 1817 3592 1871 Et

2013 1902 2120 1958 erit
2163 1903 2462 1973 emporium
2525 1903 2691 1973 ipsis,
2734 1915 2789 1958 et
2838 1918 3046 1960 merces
3113 1905 3263 1974 ipsis.
3292 1925 3313 1958 ι
3360 1916 3416 1962 et
3478 1922 3587 1963 cae-

2017 2003 2151 2051 tera.

2566 2136 2797 2193 CAPUT
2849 2136 3039 2192 XXIV.

2090 2273 2245 2330 Vens.
2283 2276 2335 2329 Ι.
2377 2293 2396 2327 ‹
2447 2275 2586 2331 Ecce
2622 2276 2881 2331 Dominus
2932 2286 3243 2346 corrumpet
3291 2285 3459 2331 totum
3498 2292 3589 2333 or-

2010 2368 2154 2433 bem,
2183 2377 2238 2423 et
2270 2369 2503 2424 vastabit
2542 2384 2688 2435 eum,
2735 2380 2789 2425 et
2833 2370 3096 2426 revelahit
3158 2370 3355 2425 faciem
3402 2372 3552 2442 ejus.

2011 2461 2146 2527 Quia
2179 2480 2198 2513 ι
2242 2464 2385 2516 enim
2416 2481 2433 2513 ι
2476 2462 2685 2516 Domini
2729 2472 2811 2517 est
2839 2473 2979 2518 terra
3000 2473 3053 2518 et
3078 2464 3356 2534 plenitudo
3383 2464 3580 2534 ejustp

2014 2559 2271 2619 tanquam
2307 2551 2398 2621 qui
2433 2552 2710 2605 hominum
2749 2553 2989 2606 omnium
3042 2567 3227 2607 curam
3268 2563 3444 2623 gerat,
3468 2554 3587 2607 orbi

2010 2647 2280 2696 terrarum
2322 2641 2558 2710 explicat
2597 2656 2660 2696 ea
2691 2658 2810 2711 quae
2837 2644 2902 2696 ad
2956 2644 3049 2699 Dei
3091 2642 3356 2710 judicium
3418 2645 3587 2714 perti-

2010 2742 2159 2795 nent,
2215 2732 2283 2786 de
2317 2733 2587 2787 universis
2618 2733 2923 2788 hominibus
2980 2734 3311 2800 habendum,
3365 2750 3469 2803 qua
3499 2734 3590 2788 die

2002 2824 2267 2895 judicabit
2283 2814 2423 2880 De'us
2435 2828 2644 2881 occulta
2667 2826 2965 2893 hominum,
2989 2846 3006 2877 ‹
3030 2826 3087 2880 Et
3104 2826 3482 2897 dispergeteos
3494 2826 3588 2895 qui

2010 2918 2262 2973 habitant
2295 2918 2346 2972 in
2374 2920 2512 2987 ipso.
2540 2939 2559 2971 ι
2581 2921 2707 2976 Sive
2736 2920 3032 2975 secundum
3060 2919 3313 2989 Aquilam
3334 2928 3389 2975 et
3408 2920 3587 2974 Theo-

2009 3014 2305 3080 dotionem,
2380 3032 2398 3065 ι
2439 3014 2676 3084 Dissipat
2732 3014 2866 3068 alios
2924 3014 3074 3082 alibi,
3116 3032 3135 3067 ι
3202 3029 3301 3083 pro
3376 3014 3589 3069 ratione

2012 3122 2236 3177 operum
2295 3106 2601 3176 cujusque:
2645 3123 2767 3162 nam
2819 3105 3001 3163 multa:
3070 3107 3383 3162 mansiones
3446 3108 3588 3177 apud

2011 3195 2268 3251 Patrem:
2306 3211 2641 3267 magnusque
2683 3206 2737 3250 et
2777 3206 2962 3251 vastus
2991 3208 3074 3251 est
3115 3197 3209 3253 Dei
3245 3200 3497 3262 mundus,
3530 3206 3590 3252 ut

2011 3292 2181 3361 possit
2216 3290 2339 3345 illas
2384 3306 2572 3345 omnes
2608 3290 2892 3345 continere
2925 3290 3157 3354 animas,
3190 3306 3308 3360 qua:
3337 3306 3366 3344 a
3389 3290 3590 3345 smculo

2013 3383 2065 3436 in
2104 3392 2249 3436 terra
2278 3392 2506 3436 versata:
2552 3392 2682 3435 sunt
2726 3400 2740 3437 :
2777 3382 2957 3451 impiis
2990 3381 3259 3436 infernum
3288 3392 3343 3435 et
3370 3383 3588 3438 subter-

2013 3487 2237 3527 raneum
2277 3470 2635 3537 domicilium,
2663 3471 2978 3526 tenebrosos
3017 3471 3229 3527 scilicet
3257 3482 3311 3527 et
3347 3473 3588 3528 occuilos

2011 3579 2256 3618 recessus
2286 3562 2481 3627 nactis,
2512 3562 2806 3617 secundum
2842 3563 2991 3625 illud,
3020 3581 3039 3615 ι
3076 3563 3377 3618 lutroihuut
3416 3566 3468 3619 in
3507 3567 3590 3619 in-

2012 3656 2215 3713 feriora
2266 3667 2425 3713 terrae
2464 3673 2480 3710 :
2516 3657 2799 3712 tradentur
2845 3657 2897 3711 in
2934 3670 3123 3710 manus
3172 3654 3360 3725 gladii,
3406 3667 3589 3726 partes

2013 3752 2254 3821 vulpium
2274 3753 2499 3820 erunl‘;
2526 3770 2543 3802 ι
2565 3750 2666 3822 piis
2689 3765 2817 3806 vero
2837 3751 3005 3819 raptis
3035 3750 3088 3803 in
3117 3746 3348 3803 nubibus
3372 3750 3589 3805 obviam

2020 3845 2246 3902 Domino
2283 3845 2338 3900 in
2391 3859 2539 3909 aera,
2594 3853 2648 3899 et
2690 3844 2773 3898 sie
2818 3857 3031 3911 semper
3082 3857 3205 3897 cum
3240 3840 3466 3896 Domino
3501 3841 3588 3898 fu-

2016 3938 2175 3993 turis.

2087 4205 2249 4262 Vens.
2276 4206 2332 4261 2.
2372 4223 2389 4257 ι
2427 4205 2491 4260 Et
2512 4205 2617 4261 erit
2661 4220 2890 4275 populus
2922 4214 3178 4275 tanquam
3228 4207 3508 4269 sacerdos,
3535 4215 3590 4259 et

2014 4314 2202 4354 servus
2234 4308 2488 4368 tanquam
2532 4299 2809 4363 dominus,
2856 4308 2911 4352 et
2945 4298 3145 4352 fainula
3200 4309 3455 4367 tanquam
3490 4298 3587 4353 do-

1940 4419 1987 4478 ο
2017 4390 2182 4444 mina.
2224 4389 2341 4444 Erit
2386 4390 2477 4459 qui
2508 4390 2639 4445 emit
2699 4401 2955 4459 tanquam
2986 4390 3079 4459 qui
3118 4389 3323 4452 vendit,
3366 4389 3457 4457 qui
3510 4388 3589 4443 le-

2016 4481 2133 4534 nori
2168 4480 2258 4534 dat
2309 4486 2564 4549 tanquam
2602 4478 2692 4550 qui
2724 4480 2941 4549 accipit,
2996 4479 3088 4548 qui
3122 4478 3279 4532 debet
3330 4487 3587 4546 tanquam

2016 4572 2065 4626 is
2087 4572 2171 4626 cui
2200 4572 2379 4627 debet.
2414 4590 2433 4623 ι
2468 4571 2793 4641 Prophetico
2819 4587 2969 4627 more
2996 4569 3412 4626 resurreCtionis
3440 4584 3587 4625 mor-

2020 4673 2235 4720 tuorum
2268 4668 2484 4719 moduro
2526 4664 2814 4734 signiﬁcat.
2844 4663 2976 4718 Cum
3006 4671 3185 4717 autem
3218 4660 3450 4716 revelata
3473 4660 3590 4716 fue-

2021 4755 2133 4811 rint
2168 4770 2231 4811 ea
2283 4770 2401 4821 qua:
2443 4755 2493 4810 in
2541 4764 2687 4809 terra
2744 4757 2961 4811 condita
2995 4769 3248 4823 corpora,
3302 4753 3393 4823 qui
3445 4753 3591 4824 judi-

2021 4850 2177 4904 Candi
2211 4858 2336 4905 sunt
2372 4859 2498 4904 ante
2538 4847 2771 4903 tribunal
2822 4847 3003 4919 magni
3064 4845 3281 4915 judicis,
3311 4862 3378 4901 ex
3433 4860 3589 4915 inquo

2020 4962 2209 5002 omnes
2251 4946 2545 5012 sistentur,
2587 4945 2661 5000 ita
2702 4954 2761 4998 nt
2798 4945 2889 5013 qui
2944 4944 3072 4999 olim
3126 4943 3179 4997 in
3216 4943 3427 4998 mortali
3478 4944 3587 4998 vita

2021 5040 2222 5109 aliquid
2261 5039 2381 5109 plus
2419 5038 2542 5093 aliis
2574 5039 2775 5092 habere
2813 5036 3136 5092 videbantur
3160 5038 3277 5091 sive
3304 5035 3585 5101 dignitate,

2017 5130 2131 5184 sive
2160 5145 2378 5200 genere,
2403 5131 2519 5185 sive
2551 5128 2774 5191 divitiis,
2803 5127 2932 5181 nihil
2965 5126 3213 5180 dilferaut
3246 5142 3274 5178 a
3308 5126 3590 5195 pauperio-

2018 5222 2189 5277 ribus.
2268 5222 2468 5279 Omnes
2532 5222 2676 5277 enim
2734 5220 3015 5290 mqualiter
3066 5218 3321 5272 tribunali
3384 5218 3587 5273 Christi

2019 5317 2299 5385 sistentur,
2332 5314 2556 5387 perinde
2592 5324 2649 5368 ut
2686 5313 2966 5377 sacerdos,
3013 5311 3086 5366 ila
3118 5321 3173 5366 et
3226 5319 3482 5382 populus,
3533 5322 3590 5367 et

2013 5527 2277 5586 rizeotur.
2318 5523 2413 5578 sed
2460 5523 2655 5577 dentur
2690 5520 2774 5574 his
2818 5517 2909 5588 qui
2959 5517 3199 5572 habitant
3252 5531 3431 5573 coram
3478 5513 3587 5571 D3-

2013 5611 2177 5651 ιιιιιιο.
2205 5614 2223 5646 ι
