4072 6194
505 260 615 324 259

1205 257 1472 318 EUSEBll
1511 256 1990 317 CESAIHENSIS
2026 256 2179 313 OPP.
2222 253 2405 311 PARS
2441 253 2530 309 lll.
2572 284 2646 297 σ-
2684 251 3106 311 EXEGETlCA.

3665 258 3766 313 260

507 387 733 457 perinde
760 385 850 441 alii
903 398 1121 450 omnes,
1150 384 1300 454 'quia
1334 399 1441 440 non
1474 393 1558 439 est
1598 396 1954 453 personarum
2004 397 2097 437 ac-

2205 379 2421 443 πάντες·
2447 379 2569 432 ἐπεὶ
2601 380 2675 449 μή
2703 378 2820 430 ἑστι
2852 373 3279 450 προσωποληψία
3329 372 3481 444 παρὰ
3520 374 3594 445 τῷ
3632 378 3762 448 Θεῷ.

509 480 691 550 ceptio
729 478 870 548 apud
909 478 1098 533 Deum.
1159 477 1526 545 Quamobrem
1563 477 1703 546 apud
1743 476 1845 531 Job
1888 477 2093 531 dictum

510 582 642 626 est:
686 590 705 623 ι
740 570 946 625 Parvus
978 578 1032 625 et
1081 584 1310 639 magnus
1358 569 1469 623 illic
1515 577 1684 635 sunt,
1741 579 1798 623 et
1862 568 2097 623 famulus

512 681 619 717 non
654 671 908 716 metuens
956 660 1234 715 dominum
1280 675 1438 715 suum
1476 661 1539 713 “’.
1578 679 1596 711 ι

581 752 745 807 Vens.
777 753 832 816 5,
870 753 922 805 6.
973 770 992 803 ‹
1028 751 1390 822 Corruptione
1420 761 1807 822 corrumpetur
1836 761 2012 816 terra,
2042 762 2097 806 et

512 846 823 915 direptione
870 844 1161 915 diripietur
1191 856 1337 899 terra
1369 860 1383 896 :
1417 860 1477 899 os
1516 846 1661 900 enim
1716 844 1927 900 Domini
1963 845 2098 900 dixit

512 940 649 993 lucc.
678 937 840 992 Luxit
872 948 1040 1003 terra,
1070 947 1125 991 et
1176 946 1470 1008 corruptus
1493 948 1579 992 est
1617 939 1765 992 orbis
1792 956 1804 991 :
1844 937 2100 993 luxerunt

512 1034 711 1090 excelsi
764 1044 943 1089 terrae.
977 1052 995 1086 ι
1025 1032 1158 1087 Nam
1194 1033 1401 1105 prolata
1448 1048 1545 1103 per
1584 1032 1901 1103 prophetam
1928 1046 1956 1085 a
1988 1031 2099 1085 Deo

512 1126 808 1189 sententia,
839 1131 951 1180 lucc
975 1126 1293 1195 contingent
1328 1125 1418 1185 iis,
1468 1123 1558 1193 qui
1606 1124 1845 1193 peiorem
1892 1134 2095 1177 sortem

516 1220 661 1273 nacti
722 1220 925 1275 fuerint
960 1237 973 1272 :
1008 1234 1143 1288 quos
1192 1219 1397 1272 terreni
1459 1233 1654 1271 sensus
1688 1232 1849 1271 causa
1898 1226 2097 1269 terram

511 1322 689 1369 vocat.
728 1311 1192 1378 Quemadmodum
1237 1309 1382 1365 enim
1413 1308 1541 1362 olim
1586 1310 1716 1361 Ada‘
1745 1307 1950 1362 dictum
1991 1318 2096 1371 est,

517 1424 535 1455 ‹
573 1404 741 1457 Terra
775 1418 855 1467 es,
892 1412 945 1457 et
976 1404 1025 1456 iu
1062 1412 1261 1456 terram
1313 1400 1608 1456 reverteris
1640 1401 1679 1431 "
1705 1442 1720 1466 ,
1755 1419 1774 1452 ι
1812 1401 1890 1453 sic
1923 1411 1977 1455 et
2033 1400 2098 1455 iis

511 1494 603 1564 qui
642 1505 884 1565 tempore
938 1481 1107 1548 divini
1164 1492 1377 1563 judicii,
1432 1491 1723 1561 voluptarii
1759 1499 1815 1546 et
1853 1491 2099 1560 corporis

512 1594 779 1652 amantes,
810 1600 873 1639 ac
902 1584 1128 1653 proinde
1160 1584 1360 1637 terreni
1410 1592 1465 1637 et
1501 1582 1749 1637 carnales
1779 1582 2097 1651 deprehensi

515 1678 742 1744 fuerint,
778 1678 1145 1746 corruptionis
1186 1677 1513 1746 supplicium
1548 1675 1935 1729 comminatur.
1971 1676 2099 1742 Quae

2198 474 2289 527 Διὸ
2336 472 2553 544 εἴρηται
2604 467 2756 541 παρά
2799 468 2876 540 τῷ
2936 467 3089 521 Ἰώὸ·
3145 485 3164 519 ι
3212 466 3428 539 Μικρὸς
3473 467 3565 519 καὶ
3607 468 3766 537 μέγας

2198 568 2316 618 ἐκεῖ
2366 566 2501 627 ἑστι,
2570 564 2665 616 καὶ
2712 562 2967 634 Θεράπων
3019 560 3079 613 οὐ
3143 557 3395 621 δεδοικὼς
3450 556 3542 610 τόν
3589 557 3769 630 κύριον

2198 656 2387 711 αὐτοῦ.
2430 677 2449 708 ι

2274 771 2291 801 ι
2344 750 2524 823 Φθορᾷ
2573 748 2911 819 φθαρήσεται
2951 748 2985 817 ἡ
3018 746 3113 818 γῆ,
3159 746 3253 798 καὶ
3295 745 3542 816 προνομῇ
3579 760 3769 813 προνο-

2201 842 2529 914 μευθήσεται
2647 841 2740 910 γῆ·
2790 839 2851 892 τὸ
2898 838 3007 912 γάρ
3065 837 3237 908 στόμα
3291 836 3496 908 Κυρίου
3551 834 3773 906 ἐλάλησε

2198 935 2388 988 ταῦτα.
2439 932 2767 1003 Ἐπένθησεν
2810 934 2843 1003 ἡ
2884 932 2956 1002 γῆ
2995 931 3089 984 καὶ
3128 929 3338 1001 ἐφθάρη
3388 930 3421 1000 ὴ
3456 927 3771 998 οἰκουμένη·

2199 1027 2505 1097 ἐπένθησαν
2526 1029 2574 1079 οἰ
2604 1024 2797 1096 ὑψηλοὶ
2828 1024 2927 1094 τῆς
2958 1024 3081 1095 γῆς.
3127 1042 3145 1073 ι
3186 1022 3369 1093 Φωνῆς
3401 1021 3510 1091 γὰρ
3539 1021 3777 1090 ἀποφαν-

2198 1121 2357 1190 τικῆς
2387 1119 2521 1173 Θεοῦ
2543 1118 2631 1172 διά
2662 1118 2756 1172 τοῦ
2804 1118 3081 1189 προφήτου
3130 1114 3571 1187 προενεχθείσης,
3612 1112 3777 1165 ταῦτα

2198 1211 2352 1265 ἔσται
2376 1213 2489 1274 τοῖς
2520 1210 2618 1281 τὴν
2656 1210 2874 1280 χείρονα
2916 1206 3068 1278 λῆξιν
3100 1204 3406 1277 εἰληχόσιν·
3451 1202 3547 1266 οὓς
3587 1201 3673 1254 διὰ
3718 1199 3777 1255 τὸ

2199 1304 2401 1374 γεῶδες
2445 1305 2699 1375 φρόνημα
2759 1302 2861 1372 γῆν
2912 1298 3188 1370 ὀνομάζει.
3243 1299 3457 1369 Ὥσπερ
3503 1295 3609 1367 γάρ
3654 1310 3776 1350 ποτε

2200 1393 2392 1466 ἐλέχθη
2417 1395 2493 1463 τῷ
2531 1394 2719 1465 Ἀδὰμ,
2759 1412 2776 1444 ι
2818 1392 2898 1461 Γῆ
2932 1387 3002 1454 εἴ,
3043 1391 3136 1443 καί
3168 1390 3247 1453 εἰς
3274 1390 3379 1459 γῆν
3420 1386 3715 1460 ἁπελεῦσῃ,
3756 1405 3773 1438 ι

2199 1486 2340 1539 οὕτω
2368 1488 2460 1540 καὶ
2476 1489 2585 1550 τοῖς
2610 1485 2750 1541 κατὰ
2778 1486 2869 1539 τὸν
2891 1484 3082 1556 καιρὸν
3115 1482 3213 1553 τῆς
3245 1480 3337 1535 τοῦ
3370 1479 3511 1534 Θεοῦ
3558 1479 3783 1551 κρίσεως

2201 1581 2503 1653 φιληδόνοις
2550 1581 2643 1634 καὶ
2693 1578 3055 1650 φιλοσώμασι,
3103 1578 3197 1631 καὶ
3241 1576 3329 1630 διὰ
3366 1575 3534 1628 τοῦτο
3585 1575 3784 1645 γηῖνοις

2200 1676 2293 1729 καὶ
2322 1675 2597 1745 σαρκίνοις
2624 1670 3074 1746 εὐρεθησομένοις
3103 1673 3136 1743 ὴ
3163 1669 3467 1740 διαφθορᾶς
3498 1668 3781 1739 ἠπείληται

516 1780 697 1824 autem
730 1770 801 1823 sit
841 1778 985 1822 terra
1024 1768 1212 1837 lugens
1262 1776 1315 1821 et
1347 1768 1468 1836 quis
1510 1768 1661 1821 orbis
1693 1777 2001 1836 corruptus,
2044 1768 2095 1821 in

2205 1741 2455 1839 τιμωρία.
2492 1767 2588 1830 Τίς
2621 1741 2849 1819 δὲνὲστιν
2960 1741 3231 1817 πενθοῦσα
3271 1761 3343 1832 γῆ
3377 1761 3478 1814 καὶ
3522 1759 3782 1831 φθαρεῖσα

516 1858 869 1929 sequentibus
898 1859 1168 1920 declarat,
1225 1876 1244 1908 ι
1274 1856 1558 1915 Luxerunt
1586 1856 1787 1911 excelsi
1838 1867 2034 1911 terra);
2076 1878 2093 1910 ι

517 1954 617 2009 hos
650 1955 850 2023 quippe
885 1952 1119 2004 maxime
1151 1950 1229 2004 ira
1276 1950 1366 2005 Dei
1400 1951 1638 2013 invadet,
1672 1949 1925 2019 quoniam
1954 1969 1973 2001 ‹
2011 1966 2102 2005 su-

518 2048 699 2118 perbis
738 2047 963 2110 resistit,
1021 2044 1317 2099 humilibus
1357 2055 1538 2097 autem
1578 2044 1672 2097 dat
1727 2043 1957 2110 gratiam
1992 2045 2095 2097 ι’.»

586 2227 752 2282 Vsus.
785 2224 840 2279 5.
876 2242 894 2276 ι
933 2223 1102 2277 Terra
1143 2222 1255 2291 egit
1288 2222 1452 2289 impie
1492 2232 1714 2291 propter
1761 2222 2100 2278 habitatores

516 2334 682 2375 suos:
721 2318 844 2385 quia
878 2316 1215 2386 prmvaricati
1248 2323 1373 2368 sunt
1404 2314 1573 2381 legem
1624 2314 1861 2379 Domini,
1893 2325 1945 2367 et
1987 2314 2100 2368 dis-

518 2414 837 2479 sipaverunt
887 2416 942 2461 et
981 2412 1328 2458 mutaverunt
1374 2414 1666 2476 praecepta,
1712 2415 2096 2458 testamentum

515 2514 804 2560 mternum.
854 2519 872 2553 ι
914 2504 1113 2553 Omnes
1168 2500 1372 2568 quippe
1427 2497 1673 2552 homines
1706 2497 1793 2565 qui
1846 2510 1875 2549 a
1906 2496 2100 2551 sarculo

518 2596 706 2650 urbem
739 2594 1105 2656 incoluerunt,
1139 2591 1312 2647 Graeci
1367 2590 1525 2645 simul
1565 2599 1620 2644 et
1669 2589 1911 2655 barbari,
1944 2598 2104 2643 natu-

517 2688 617 2742 rali
654 2697 872 2757 accepta
914 2686 1051 2755 lege,
1071 2692 1125 2738 et
1150 2693 1413 2753 prazcepta
1446 2680 1538 2735 Dei
1570 2681 1623 2734 in
1665 2680 1953 2735 animabus
1990 2680 2103 2734 suis

521 2780 788 2849 insculpta
823 2781 1107 2843 habentes,
1135 2787 1294 2846 atque
1330 2782 1714 2829 testamentum
1740 2792 1778 2835 _a
1820 2772 2018 2828 seculo
2050 2773 2101 2827 in

519 2871 791 2927 communi
861 2870 1128 2937 cogitandi
1194 2869 1352 2922 modo
1404 2869 1830 2935 complectentes
1866 2882 1878 2917 :
1916 2873 2101 2929 postea

522 2962 616 3017 ubi
650 2978 709 3015 se
739 2963 1184 3029 pcecatiseontra
1211 2971 1457 3011 naturam
1484 2955 1828 3018 dediderunt,
1847 2956 2105 3010 naturalis

2200 1860 2514 1931 οἰκουμένη,
2568 1859 2823 1928 διασαφεῖ
2876 1858 3187 1928 ἐπιφέρων·
3265 1876 3283 1907 ι
3358 1854 3697 1924 Ἐπένθησαν
3733 1850 3779 1904 οἰ

2201 1954 2394 2025 ὑψηλοὶ
2425 1954 2523 2025 τῆς
2573 1955 2707 2023 γῆς·
2754 1971 2773 2003 ι
2824 1952 3057 2023 μάλιστα
3124 1949 3233 2021 γὰρ
3304 1948 3529 2011 τούτους
3570 1949 3603 2018 ὴ
3648 1944 3779 2016 ὀργὴ

2200 2048 2294 2099 τοῦ
2319 2048 2453 2100 Θεοῦ
2478 2045 2882 2116 μετελεύσεται,
2916 2045 3036 2097 ἑπεί
3075 2062 3093 2093 ι
3134 2042 3507 2113 ὑπερηφάνοις
3534 2037 3783 2092 ἀντιτάσ-

2203 2158 2373 2205 σεται,
2402 2142 2673 2202 ταπεινοῖς
2696 2139 2752 2192 δὲ
2772 2138 2954 2191 δίδωσι
2990 2136 3169 2207 χάριν.
3200 2154 3219 2187 ι

2276 2250 2293 2281 ι
2333 2232 2395 2283 Ἠ
2412 2232 2484 2302 γῆ
2509 2232 2753 2301 ὴνόμησε
2776 2230 2862 2283 διὰ
2882 2231 3009 2293 τούς
3038 2226 3427 2288 κατοικοῦντας
3444 2224 3631 2295 αὐτην·
3647 2222 3785 2276 διότι

2201 2326 2520 2397 παρέϐησαν
2558 2323 2648 2376 τὸν
2684 2323 2846 2393 νόμον
2894 2322 3099 2393 Κυρίου
3146 2322 3239 2374 καὶ
3283 2320 3657 2380 διεσκέδασαν,
3689 2312 3784 2386 ἦλ-

2199 2411 2365 2477 λαξαν
2393 2411 2459 2464 τά
2490 2409 2903 2482 προστάγματα,
2935 2409 3201 2480 διαθήκην
3239 2408 3477 2461 αἰώνιον.
3522 2426 3540 2458 ι
3575 2405 3783 2465 Πάντες

2201 2503 2309 2575 γάρ
2345 2503 2617 2573 ἄνθρωποι
2650 2503 2698 2555 οἰ
2732 2500 2791 2565 ἑξ
2818 2500 3015 2565 αἰῶνος
3045 2502 3142 2572 τὴν
3169 2500 3493 2571 οἰκουμένην
3527 2498 3782 2567 οἰκήσαν-

2201 2611 2312 2657 τες,
2336 2592 2595 2663 Ἕλληνες
2622 2591 2757 2663 ὁμοῦ
2789 2592 2883 2644 καὶ
2912 2591 3197 2663 βάρϐαροι,
3232 2591 3323 2644 τὸν
3352 2589 3583 2660 φυσικὸν
3615 2588 3777 2658 νόμον

2204 2685 2602 2757 παρειληφότες
2640 2686 2734 2737 καὶ
2764 2688 2831 2737 τά
2874 2683 3269 2753 προστάγματα
3317 2683 3410 2736 τοῦ
3468 2681 3603 2735 Θεοῦ
3663 2680 3780 2740 ταῖς

2205 2778 2413 2832 ἑαυτῶν
2439 2777 2635 2847 ψυχαῖς
2670 2776 2882 2847 ἔχοντες
2920 2774 3368 2846 ἐγγεγραμμένα,
3418 2776 3521 2847 τήν
3566 2790 3624 2826 τε
3664 2770 3777 2824 δια·-

2206 2871 2377 2943 θήκην
2398 2870 2494 2941 τὴν
2517 2869 2576 2935 ἐξ
2599 2870 2791 2933 αἰῶνος
2815 2870 2871 2921 ὲν
2900 2870 3022 2930 ταῖς
3064 2870 3271 2932 κοιναῖς
3305 2868 3537 2931 ἐννοίαις
3586 2863 3773 2919 ὑποδε-

2204 2962 2474 3034 δεγμένοι,
2504 2962 2735 3015 κᾶπειτα
2762 2960 2985 3023 ἑαυτοὺς
3015 2962 3125 3022 τοῖς
3156 2959 3307 3030 παρὰ
3343 2959 3504 3029 φύσιν
3538 2956 3778 3029 ἁμαρτή-

520 3053 658 3124 legis
692 3063 1119 3119 transgressores
1149 3050 1323 3104 ell‘ecti
1365 3057 1513 3103 sunt.
1585 3048 1945 3115 Quamobrem
1981 3050 2102 3115 jure

2208 3073 2339 3126 μασι
2369 3053 2746 3117 ἑκδεδωκότες,
2779 3050 3094 3123 παραϐάται
3123 3050 3217 3103 τοῦ
3253 3049 3486 3119 φυσικοῦ
3530 3049 3777 3119 γεγόνασι

524 3150 589 3199 ad
630 3143 862 3198 tribunal
890 3142 980 3195 Dei
1014 3143 1298 3210 sistentur,
1330 3142 1383 3196 in
1416 3141 1624 3210 judicio
1652 3141 2102 3211 transgressionis

523 3252 636 3293 sum
667 3236 932 3289 rationem
967 3235 1171 3289 daturi.

593 3416 759 3471 Vsus.
801 3416 958 3471 6.10.
1017 3433 1036 3467 ι
1095 3415 1324 3485 Propter
1362 3418 1467 3473 hoc
1522 3417 1831 3475 maledictio
1889 3420 2105 3475 vorabit

526 3518 746 3574 terram,
805 3509 1060 3578 quoniam
1109 3519 1470 3579 peccaverunt
1527 3512 1617 3581 qui
1687 3512 1927 3568 incolunt
1959 3528 2102 3568 eam.

524 3601 648 3656 ldeo
678 3616 942 3672 pauperes
993 3612 1151 3656 erunt
1211 3603 1546 3659 habitatores
1610 3613 1790 3668 terrae,
1846 3616 1901 3659 et
1940 3605 2105 3659 relin-

523 3703 760 3763 quentur
789 3694 1031 3748 homines
1060 3695 1238 3764 pauci.
1269 3694 1500 3765 Lugebit
1537 3696 1744 3757 vinum.
1787 3697 1989 3767 lugebit
2028 3698 2107 3750 vi-

525 3799 667 3837 nea:
703 3785 1057 3853 ingemiscent
1105 3800 1297 3839 omnes
1359 3785 1450 3854 qui
1525 3785 1846 3841 lzetabantur
1901 3790 2105 3841 animo.

522 3874 775 3930 Cessavit
815 3877 1068 3945 gaudium
1132 3887 1535 3949 tympanorum,
1601 3882 1835 3937 cessavit
1875 3898 1977 3937 vox
2026 3885 2105 3937 ci-

528 3969 718 4023 tbarm.
771 3968 1136 4036 Erubuerunt,
1188 3986 1295 4025 non
1347 3972 1602 4027 biberunt
1644 3974 1828 4028 vinum
1865 3992 1878 4028 :
1920 3991 2105 4031 amara

529 4061 674 4115 facta
712 4069 798 4114 est
840 4061 1010 4121 sicera
1048 4062 1357 4117 bibentibus
1390 4080 1403 4115 :
1439 4064 1682 4120 desolata
1705 4076 1790 4122 cst
1815 4067 1992 4121 omnis
2032 4071 2111 4122 ci-

529 4154 702 4219 vitas;
737 4153 952 4207 claudet
978 4156 1195 4209 domum
1223 4171 1290 4209 ne
1316 4164 1497 4226 pateat
1527 4157 1827 4230 ingressus.
1861 4179 1878 4211 ι
1906 4159 2105 4226 Quem-

531 4247 825 4301 admodum
900 4244 951 4298 in
1019 4246 1285 4315 principio
1329 4247 1655 4315 creatiouis,
1724 4252 1957 4304 nondum
2016 4267 2110 4305 cx-

530 4337 756 4392 sistente
806 4344 1053 4404 peccato,
1118 4336 1394 4391 benedixit
1437 4338 1576 4393 Deus
1611 4340 1913 4406 hominem,
1945 4341 2022 4395 sic
2056 4350 2111 4396 ct

2203 3148 2387 3217 νόμου.
2430 3146 2522 3199 Διὸ
2563 3146 2627 3216 δὴ
2669 3145 2907 3213 εὐλόγως
2948 3143 3391 3213 παραστήσονται
3436 3142 3515 3212 τῷ
3549 3140 3676 3210 θείῳ
3707 3138 3780 3190 δι⁴

2204 3240 2506 3311 καστηρίῳ,
2560 3238 2947 3308 κριθησόμενοι
2998 3236 3073 3298 ὡς
3130 3234 3286 3302 λόγον
3345 3233 3634 3303 ὑφέξοντες
3686 3230 3781 3299 τῆς

2203 3329 2412 3383 ἑαυτῶν
2448 3327 2829 3400 παραϐάσεως.

2279 3441 2296 3473 ι
2336 3419 2433 3473 Διὰ
2461 3420 2616 3473 τοῦτο
2643 3418 2751 3490 ἀρὰ
2776 3418 2948 3471 ἔδεται
2977 3418 3075 3487 τὴν
3104 3416 3227 3486 γῆν,
3263 3414 3345 3467 ὃτι
3381 3413 3702 3484 ἡμάρτοσαν
3733 3408 3783 3460 οἰ

2204 3513 2581 3575 κατοικοῦντες
2634 3512 2821 3583 αὐτήν.
2867 3511 2965 3563 Διά
3006 3508 3166 3562 τοῦτο
3212 3507 3417 3577 πτωχοί
3465 3505 3677 3557 ἔσονται
3731 3500 3785 3552 οἱ

2204 3606 2535 3669 ἐνοικοῦντες
2560 3608 2616 3658 ἐν
2639 3606 2706 3675 τῇ
2736 3606 2829 3674 γῇ,
2872 3604 2966 3656 καὶ
2998 3599 3521 3671 καταλειφθήσονται
3570 3594 3785 3665 ἄνθρω-

2205 3718 2294 3753 ποι
2320 3700 2508 3768 ὀλίγοι.
2544 3697 2807 3766 Πενθήσει
2839 3691 3001 3760 οἰνος,
3047 3692 3305 3763 πενθήσει
3354 3690 3619 3763 ἄμπελος,
3664 3703 3785 3740 στε-

2205 3793 2422 3857 νάξουσι
2452 3790 2651 3853 πάντες
2680 3789 2729 3841 οἰ
2763 3788 3174 3860 εὐφραινόμενοι
3199 3784 3526 3856 τὴνψυχήν.
3563 3780 3784 3834 Πέπαυ-

2205 3904 2293 3938 ται
2324 3883 2629 3955 εὐφροσύνη
2663 3880 2980 3952 τυμπάνων,
3018 3878 3291 3932 πέπαυται
3334 3876 3485 3948 φωνὴ
3534 3872 3781 3943 κιθάρας.

2219 3978 2616 4049 ᾝσχόνθησαν,
2665 3976 2765 4028 οὐκ
2802 3974 2984 4027 ἔπινον
3025 3970 3195 4025 οἶνον·
3233 3971 3433 4042 πικρὸν
3474 3969 3686 4039 ἐγίνετο
3726 3961 3785 4015 τὸ

2210 4070 2403 4141 σίκερα
2440 4071 2552 4131 τοῖς
2582 4067 2855 4120 πίνουσιν·
2888 4062 3160 4136 ἠρημώθη
3193 4064 3342 4115 πᾶσα
3365 4061 3553 4125 πόλις·
3587 4058 3784 4114 κλείσει

2208 4164 2385 4217 οἰκίαν
2431 4161 2525 4214 τοῦ
2582 4161 2655 4237 μὴ
2686 4158 2966 4211 εἰσελθεῖν.
3008 4176 3025 4205 ι
3063 4156 3272 4227 Ὥσπερ
3312 4154 3367 4207 δὲ
3406 4155 3463 4206 ἑν
3510 4155 3653 4227 ἀρχῇ
3691 4149 3786 4219 τῆς

2208 4254 2585 4326 κοσμοποιίαςν
2620 4253 2784 4323 μήπω
2819 4248 3092 4321 ἁμαρτίας
3118 4247 3451 4317 ὑποστάσης,
3485 4246 3785 4318 ηὐλόγησεν

2208 4351 2237 4401 δ
2263 4347 2395 4410 Θεὸς
2423 4347 2513 4399 τὸν
2544 4344 2848 4415 ἄνθρωπον,
2886 4340 3060 4403 οὕτως
3092 4341 3184 4393 ἐπὶ
3210 4338 3492 4410 συντελείᾳ
3531 4338 3640 4392 τῶν
3665 4330 3789 4387 αἰώ-

528 4430 585 4484 iu
627 4428 1094 4482 consummatione
1132 4429 1474 4484 smculorum.
1526 4430 1711 4501 Neque
1741 4433 1885 4486 enim
1917 4448 2102 4487 omnes

2210 4457 2334 4493 νων.
2379 4438 2512 4490 Οὐδὲ
2553 4436 2661 4507 γάρ
2700 4436 2906 4496 πάντας
2946 4431 3220 4497 στενάξειν
3261 4433 3395 4501 φησι
3436 4432 3571 4496 τούς
3616 4431 3672 4481 ἑν
3717 4423 3791 4493 τῷ

528 4524 587 4578 in
644 4522 899 4594 prmsenti
947 4522 1054 4576 vita
1107 4533 1393 4579 versantes
1466 4526 1822 4595 ingemituros
1860 4527 1957 4592 ait,
2010 4528 2103 4581 sed

528 4625 741 4670 tantum
764 4631 881 4679 eos,
905 4616 994 4685 qui
1024 4616 1075 4670 in
1109 4615 1215 4669 lata
1257 4627 1312 4671 et
1340 4619 1573 4688 spatiosa
1617 4619 1701 4673 via
1745 4620 2105 4687 incesserunt,

526 4709 625 4779 qui
658 4709 1059 4779 compotatione
1093 4718 1148 4764 et
1188 4708 1315 4764 luxu
1347 4726 1447 4766 sua
1485 4713 1668 4766 omnia
1694 4711 2061 4782 dilapidarunt
2090 4734 2105 4771 :

528 4803 623 4875 qui
666 4820 772 4858 non
800 4803 943 4858 ultra
988 4803 1356 4873 voluptatibus
1400 4803 1696 4871 fruuntur,
1752 4807 1845 4863 sed
1889 4808 1955 4863 (le
1990 4817 2108 4862 tur—

531 4897 691 4964 pibus
731 4909 793 4948 ac
827 4894 1053 4949 nefariis
1088 4896 1255 4964 gestis
1293 4896 1408 4951 suis
1446 4897 1703 4961 convicti,
1759 4897 1962 4967 pudore
1992 4898 2109 4954 suf-

528 4984 854 5041 funduntur.
892 4984 1215 5059 Plerumque
1249 4996 1428 5042 autem
1454 4984 1763 5058 Theologus
1782 4989 1963 5045 vinum
1994 5007 2106 5045 mc-

532 5092 773 5139 morans,
833 5077 1114 5131 hominum
1155 5078 1481 5147 voluptatem
1546 5080 1933 5148 subimlicavit,
1997 5084 2110 5137 sive

536 5172 837 5225 mercedem
866 5171 1104 5237 malitire,
1137 5180 1299 5240 atque
1328 5173 1523 5227 anima!
1560 5182 1862 5238 veternum,
1890 5175 1981 5245 qui
2014 5190 2110 5230 co-

530 5263 854 5331 gitationum
888 5277 1158 5319 rectarum
1202 5272 1254 5318 et
1300 5267 1627 5320 naturalium
1661 5267 1924 5321 rationem
1954 5282 2109 5323 ever-

536 5356 620 5411 tit.
650 5353 764 5421 Qua
800 5355 1059 5413 ebrietate
1113 5358 1265 5428 quasi
1318 5358 1638 5427 evigilantes
1668 5361 1760 5430 qui
1819 5370 1945 5415 tunc
1982 5376 2108 5430 sup-

531 5445 697 5514 plicio
750 5443 1089 5512 adicientur,
1163 5462 1324 5504 voces
1393 5459 1448 5503 et
1520 5449 1785 5505 clamores
1853 5436 2106 5519 lugubres

531 5535 824 5592 eﬂ'undent.

505 5699 518 5715 ”
608 5718 766 5775 "Job
795 5718 976 5787 111,19.
1015 5719 1081 5791 .“
1104 5717 1237 5773 Gen.
1271 5736 1352 5787 Ill,
1382 5720 1465 5775 l9.
1547 5723 1589 5753 ¹²
1620 5720 1805 5779 Jacob.
1828 5739 1900 5788 tv,
1923 5722 1975 5777 θ.

2215 4532 2439 4603 παρόντι
2480 4529 2597 4599 βίῳ,
2625 4527 2794 4597 ἀλλ’ἢ
2826 4528 2951 4590 τούς
2977 4525 3075 4597 τὴν
3102 4525 3360 4578 πλατεῖαν
3402 4527 3495 4578 καί
3548 4522 3791 4596 εὐρύχω-

2215 4641 2308 4696 ρον
2332 4621 2654 4684 ὡδευκότας,
2688 4619 3053 4689 οἰνοφλυγίαις
3079 4618 3172 4673 καὶ
3193 4608 3452 4681 ἀσωτίαις
3479 4617 3553 4672 τὰ
3591 4613 3793 4670 ἑαυτῶν

2212 4714 2685 4785 κατατρίψαντας·
2747 4715 2795 4765 οἱ
2845 4714 2938 4765 καὶ
2992 4711 3187 4783 μηκέτι
3253 4710 3467 4781 ἔχοντες
3515 4712 3621 4783 τὴν
3687 4704 3790 4759 τῶν

2210 4807 2411 4880 ἡδονῶν
2456 4806 2784 4859 ἀπόλαυσιν·
2845 4803 2980 4857 ἀλλὰ
3021 4804 3115 4856 καὶ
3175 4802 3520 4872 ἐλεγχόμενοι
3578 4800 3662 4871 ἐφ’
3704 4791 3791 4858 αἷς

2210 4899 2450 4971 ἔπραξαν
2479 4900 2729 4970 αἰσχραῖς
2768 4900 2860 4951 καὶ
2888 4896 3167 4967 ἀθεμίτοις
3206 4895 3487 4967 πράξεσιν,
3528 4892 3789 4965 αἰσχύνην

2216 4993 2629 5064 καταχεοῦνται.
2666 4990 2931 5053 Πολλάκις
2964 4989 3019 5042 δὲ
3056 4991 3084 5042 ὁ
3111 4988 3373 5057 Θεολόγος
3409 4988 3552 5040 οῐνου
3583 5000 3784 5058 μνημο-

2217 5087 2429 5151 νεύσας,
2448 5084 2542 5156 τὴν
2567 5083 2675 5137 τῶν
2701 5082 3001 5152 ἀνθρώπων
3038 5082 3247 5153 τρυφὴν
3274 5081 3509 5154 ᾐνίξατο,
3538 5081 3572 5152 ἢ
3608 5078 3666 5131 τὸ
3695 5076 3784 5144 τῆς

2216 5177 2414 5239 κακίας
2439 5174 2695 5247 μίσθωμα
2728 5176 2820 5228 καὶ
2852 5173 2943 5227 τὸν
2972 5174 3070 5243 τῆς
3099 5173 3275 5243 ψυχῆς
3302 5172 3488 5243 κάρον,
3515 5166 3784 5239 παρατρέ-

2217 5287 2385 5324 ποντα
2414 5270 2513 5340 τὴν
2543 5268 2780 5323 διάνοιαν
2826 5267 2934 5321 τῶν
2976 5266 3151 5339 ὀρθῶν
3184 5265 3278 5318 καὶ
3324 5262 3467 5317 κατά
3505 5263 3667 5333 φύσιν
3699 5259 3783 5310 λο-

2215 5364 2455 5435 γισμῶν·
2492 5358 2552 5418 οὗ
2594 5362 2942 5435 μεθύσματος
2981 5363 3168 5430 ὥσπερ
3212 5357 3568 5428 διανήψαντες
3587 5357 3635 5410 οἰ
3670 5352 3783 5405 τότε

2215 5454 2604 5527 κολαζόμενοι,
2687 5453 2870 5522 φωνάς
2946 5452 3219 5521 ἀφήσουσι
3302 5449 3397 5502 καὶ
3473 5447 3601 5518 βοὰς
3672 5456 3787 5493 πεν·

2215 5547 2391 5611 θικάς.
