3976 6194
203 236 302 292 26|

1144 240 1645 300 COMMENTARIA
1690 243 1756 299 IN
1794 244 2051 302 ISAIAM.
2093 279 2162 289 ——
2198 250 2353 305 CAP.
2392 250 2580 310 XXIV.

3390 263 3502 331 916!

282 371 304 402 ι
364 351 683 419 Ὀλολύζετε
711 353 840 426 περὶ
871 353 963 407 τοῦ
1000 357 1144 410 οἴνου
1183 364 1430 433 πανταχῆ
1460 380 1472 391 ·
1527 365 1780 418 πέπαυτα

1983 362 2146 419 Vens.
2182 367 2363 425 Η-Ιὸ.
2395 387 2414 420 ι
2451 369 2658 427 Ululate
2688 387 2786 443 pro
2812 375 2940 430 vino
2968 378 3172 451 ubique
3211 398 3226 435 :
3260 391 3499 447 cessavit

207 448 368 501 πᾶσα
392 448 721 521 εὐφροσύνη,
765 449 975 521 ἀπῆλθε
1018 454 1170 507 πᾶσα
1207 455 1515 530 εὐφροσύνη
1559 463 1659 532 τῆς
1687 464 1808 531 γῆς.

209 537 321 589 Καὶ
356 537 877 609 καταλειφθήσονται
908 539 1096 605 πόλεις
1126 542 1344 616 έρημοι,
1373 547 1470 602 καὶ
1492 544 1632 603 οἴκοι
1654 553 1814 620 ἐγκαο

210 630 630 701 ταλελειμμένοι
661 631 1012 688 ἀπολοῦνται.
1051 634 1238 691 Ταῦτα
1265 639 1444 694 πάντα
1471 641 1621 695 ἔσται
1652 645 1709 697 ἐν
1742 648 1808 718 τῇ

214 725 312 793 γῇ,
335 724 393 775 ὲν
423 724 571 795 μέσῳ
594 724 704 778 τῶν
733 724 926 780 ἐθνῶν.
955 728 1052 781 Ὃν
1083 730 1285 800 τρόπον
1320 731 1418 785 ἐάν
1444 751 1528 797 τις
1568 737 1811 809 καλαμή-

221 831 379 885 σηται
416 814 621 880 ἐλαίαν,
657 815 832 880 οὕτως
863 818 1275 890 καλαμήσονται
1305 824 1504 889 αὐτούς
1542 844 1556 859 ·
1588 829 1683 883 καὶ
1711 828 1807 883 ἐὰν

221 905 491 977 παύσηται
532 910 563 961 ὁ
602 909 900 981 τρυγητός.
948 928 967 961 ι
1022 912 1110 974 Ὠς
1146 913 1349 983 μηδένα
1389 918 1806 992 περιλειφθῆναι

218 998 325 1050 τῶν
354 998 587 1065 ἀσεϐῶν,
629 1000 768 1054 ἀλλὰ
816 1003 913 1057 καὶ
955 1003 1151 1074 μέχρις
1194 1006 1314 1071 ἐνὸς
1350 1008 1449 1081 τὴν
1489 1012 1670 1083 κρίσιν
1710 1013 1805 1068 τοῦ

215 1092 345 1145 Θεοῦ
374 1092 674 1163 μετελθεῖν.
717 1096 804 1159 Ὠς
834 1096 945 1167 γὰρ
990 1099 1038 1150 οἱ
1086 1097 1180 1151 τὸν
1214 1103 1314 1171 τῆς
1359 1102 1550 1170 ἐλαίας
1590 1108 1803 1178 καρπὸν

212 1182 598 1254 ἀναλεγόμενοι
628 1185 896 1257 καλάμοις
912 1185 1135 1242 εἰώθασι
1164 1188 1475 1262 διακρούειν
1507 1195 1601 1250 καὶ
1630 1213 1799 1250 καταο

212 1274 391 1329 ϐαλεῖν
428 1276 595 1347 μέχρι
643 1278 737 1333 καὶ
784 1281 934 1349 μιᾶς,
971 1277 1130 1332 εἵπου
1163 1282 1560 1358 περιλειφθείη,
1593 1287 1688 1341 καὶ
1726 1289 1802 1352 ὡς

212 1367 350 1437 μετὰ
404 1369 496 1421 τὸν
550 1370 822 1441 τρυγητὸν
882 1370 1197 1435 ἐπανιόντες
1242 1373 1387 1439 τινὲς
1446 1377 1800 1447 ἀναλέγονται

212 1459 391 1531 third;
420 1479 575 1525 τινας
597 1462 823 1533 βραχεῖς
845 1461 876 1533 ἢ
901 1464 1136 1537 βότρυας
1161 1469 1288 1532 τοὺς
1309 1469 1792 1541 αιταριιλειφθὲντας⁹

207 1552 299 1606 τὸν
334 1554 499 1607 αὐτὸν
523 1555 729 1626 τρόπον
763 1557 857 1609 καὶ
901 1559 1025 1623 τοὺς
1061 1559 1284 1624 ἀσεϐεῖς
1316 1561 1664 1628 ἀναλέξονται
1701 1567 1795 1620 καὶ

215 1645 409 1715 μέχρις
428 1646 561 1711 ὲνδς,
578 1647 653 1711 ὡς
672 1647 876 1720 μηδένα
892 1649 1177 1721 διαφυγεῖν
1200 1652 1298 1725 τὴν
1324 1653 1416 1709 τοῦ
1432 1653 1569 1708 Θεοῦ
1590 1656 1791 1727 κρίσιν.

287 1757 305 1790 ι
341 1732 502 1792 Οὗτοι
551 1739 647 1812 βοῇ
682 1743 1041 1814 φωνήσουσιν.
1087 1763 1105 1796 ι
1140 1745 1297 1810 Τίνες
1338 1745 1393 1799 δὲ
1433 1740 1581 1801 οὗτοι
1612 1748 1728 1801 ἀλλ’
1758 1750 1791 1820 ἢ
1827 1728 1869 1782 Β

214 1831 265 1883 oi.
286 1831 381 1883 τοῦ
412 1833 714 1904 κρείττονος
744 1837 1055 1907 τάγματος;
1090 1832 1212 1891 Εἶεν
1258 1839 1304 1891 δ’
1337 1839 1403 1892 ἂν
1440 1834 1585 1895 οὗτοι
1618 1842 1667 1893 οἱ
1694 1842 1793 1913 τῆς

216 1920 370 1993 παρὰ
404 1923 518 1994 Θεῷ
564 1927 977 1999 μεγαλειότητος
1019 1930 1331 2002 ἠξιωμένοι.
1381 1950 1398 1982 ι
1442 1934 1505 1984 Οί
1533 1933 1590 1986 δὲ
1622 1951 1791 1988 xam-

218 2015 519 2083 λειφθέντες
552 2020 645 2071 ἐπὶ
669 2019 764 2091 τῆς
793 2019 897 2090 γῆς
929 2022 1393 2093 εὐφρανθήσονται
1424 2024 1539 2095 ἅμα
1568 2027 1633 2096 τῇ
1663 2025 1789 2097 δόξῃ

217 2110 452 2180 Κυρίου·
489 2112 886 2183 ταραχθήσεται
920 2114 982 2167 τὸ
1017 2115 1159 2185 ὕδωρ
1200 2117 1299 2188 τῆς
1331 2116 1631 2189 θαλάσσης.
1675 2138 1692 2169 ι
1724 2120 1788 2172 υἱ

212 2202 266 2254 δὲ
291 2202 387 2273 τῆς
416 2204 628 2275 μερίδος
667 2207 944 2277 γενόμενοι
987 2207 1081 2262 τοῦ
1128 2208 1264 2262 Θεοῦ
1316 2210 1788 2282 εὐφρανθήσονται

208 2294 321 2365 ἅμα
350 2299 414 2368 τῇ
446 2297 569 2369 δόξῃ
604 2298 697 2352 τοῦ
748 2301 954 2372 Κυρίου
974 2318 985 2330 ·
1017 2302 1140 2354 τότε
1175 2301 1284 2374 γὰρ
1319 2303 1481 2367 αὐτὸς
1512 2305 1541 2356 ὁ
1581 2304 1787 2376 Κύριος

206 2390 477 2446 ἐλεύσεται
511 2394 568 2445 ὲν
594 2395 659 2464 τῇ
690 2391 817 2465 δόξῃ
849 2394 943 2447 τοῦ
981 2395 1193 2467 Πατρὸς
1234 2396 1400 2450 αὐτοῦ
1444 2398 1583 2468 μετὰ
1623 2398 1784 2453 δυνά-

207 2498 347 2551 μεως
373 2483 465 2536 καὶ
495 2483 654 2555 δόξης
687 2484 906 2554 πολλῆς.
965 2486 1088 2539 Ἐπὶ
1125 2486 1295 2559 ταύτῃ
1344 2487 1521 2542 τοίνυν
1557 2491 1623 2559 τῇ
1659 2488 1784 2560 δόξῃ

202 2571 293 2626 τοῦ
339 2573 544 2628 ἑαυτῶν
600 2576 805 2649 Κυρίου
860 2577 1328 2649 εὐφρανθήσονται
1377 2579 1426 2632 οἱ
1477 2580 1644 2634 πάλαι
1701 2582 1785 2645 είς

203 2663 359 2718 αὐτὸν
384 2665 695 2734 ἠλπικότες.
747 2666 894 2721 Ἀντὶ
933 2667 989 2719 δὲ
1030 2668 1145 2733 τοῦ,
1202 2688 1220 2721 ι
1272 2668 1687 2742 Ταραχθήσεται
1724 2671 1784 2726 τὸ

202 2751 342 2825 ὕδωρ
365 2755 462 2826 τῆς
488 2756 783 2828 θαλάσσης,
826 2775 844 2809 ι
885 2774 904 2809 ι
940 2758 1190 2829 ’Πχησαν
1225 2759 1393 2816 ὕδατα
1425 2762 1720 2832 θαλάσσης,
1757 2780 1775 2813 ›

202 2845 488 2901 Θεοδοσίων
508 2850 838 2920 ἡρμήνευσε,
862 2850 1139 2921 σημαίνων
1158 2852 1217 2904 τὸ
1243 2853 1469 2923 μέγεθος
1492 2856 1589 2926 τῆς
1612 2853 1777 2925 ζωῆς,

202 2932 238 3011 ᾖ
273 2938 561 3010 χρῄζονται
590 2944 637 2994 οἰ
664 2942 975 3010 δοξάζοντες
1016 2945 1108 2999 τὸν
1149 2947 1356 3000 ἑαυτῶν
1390 2948 1622 3018 Κύριον⁶
1662 2948 1780 3019 ήχῳ

200 3030 313 3102 γὰρ
343 3033 616 3105 θαλάσσης
640 3037 1116 3109 παραϐληθήσεται
1148 3039 1326 3092 αὐτῶν
1356 3041 1388 3112 ἡ
1425 3041 1597 3112 φωνή.

276 3144 298 3179 ι
340 3127 437 3181 Διὰ
465 3126 623 3181 τοῦτο
656 3130 687 3199 ἡ
715 3129 839 3196 δόξα
879 3130 1084 3203 Κυρίου
1117 3133 1175 3185 ἐν
1220 3135 1340 3196 ταῖς
1388 3134 1569 3205 νήσοις
1624 3134 1776 3192 ἔσται

196 3219 298 3291 τῆς
329 3218 619 3291 θαλάσσης.
658 3240 678 3272 ι
714 3223 845 3287 Ταῖς
887 3224 1237 3295 Ἑκκλησίαις
1283 3224 1481 3298 δηλαδὴ
1520 3231 1640 3293 ταῖς
1683 3245 1777 3299 με·-

195 3309 328 3376 ταξὺ
374 3312 540 3366 πάλαι
579 3315 688 3367 τῶν
737 3312 980 3369 ἀπίστων
1039 3316 1240 3380 ὲθνῶν,
1291 3316 1480 3391 ῶσπερ
1518 3320 1575 3373 ἐν
1625 3321 1777 3393 μέσῳ

194 3403 487 3477 θαλάσσης,
514 3406 973 3477 ἀπειλημμέναις,
996 3407 1080 3478 ἐφ’
1100 3408 1165 3474 ἃς
1197 3410 1230 3480 ἡ
1264 3410 1391 3475 δόξα
1422 3412 1625 3483 Κυρίου
1651 3416 1774 3468 ἐπι-

190 3495 386 3567 λάμψει
415 3497 560 3551 τότε.
596 3515 615 3549 ι
639 3499 712 3551 Τὸ
735 3498 904 3569 ὄνομα
932 3500 1140 3571 Κυρίου
1163 3500 1369 3567 ἔνδοξον
1399 3502 1571 3558 ἔσται.
1603 3504 1776 3578 Κύριε

186 3587 217 3640 ό
240 3588 368 3652 Θεὸς
411 3589 651 3662 Ἰσραὴλ,
678 3590 789 3644 ἀπὸ
822 3589 930 3655 τῶν
974 3592 1260 3663 πτερύγων
1295 3593 1394 3664 τῆς
1424 3596 1527 3665 γῆς
1571 3596 1775 3668 τέρατα

187 3679 479 3751 ἠκούομεν,
507 3681 662 3744 ἐλπὶς
694 3679 772 3752 τῷ
800 3680 1032 3736 εὐσεϐεῖ.
1069 3683 1226 3736 Κατὰ
1254 3682 1310 3736 δὲ
1344 3684 1436 3737 τὸν
1477 3685 1773 3759 Σύμμαχον

188 3772 281 3826 καὶ
312 3773 660 3835 Θεοδοτίωνα.
689 3793 707 3827 ι
743 3775 877 3828 Ἀπὸ
908 3774 1017 3828 τῶν
1047 3775 1335 3847 πτερύγων
1376 3778 1474 3848 τῆς
1502 3782 1606 3850 γῆς
1637 3780 1777 3850 ψαλ-

192 3865 325 3934 μους
367 3865 715 3938 ἠκούσαμεν·
758 3886 779 3917 ι
816 3866 958 3921 κατὰ
997 3865 1055 3919 δὲ
1094 3866 1186 3920 τὸν
1250 3867 1500 3931 Ἀκύλαν,
1536 3888 1554 3919 ι
1596 3869 1772 3941 μελῳ-

184 3954 318 4021 δίας.
364 3978 381 4009 ι
430 3960 495 4012 Oi
526 3959 635 4029 γὰρ
666 3961 769 4030 τῆς
807 3959 1021 4031 μερίδος
1065 3959 1159 4012 τοῦ
1209 3958 1365 4025 Θεοῦ,
1415 3959 1512 4032 τὴν
1554 3961 1769 4017 δικαίαν

181 4050 342 4105 αὐτοῦ
379 4052 566 4124 κρίσιν
596 4051 1101 4123 ἁποθαυμάζοντες,
1132 4052 1519 4122 εὐφραίνονται
1554 4053 1669 4125 ἅμα
1702 4059 1767 4127 τῇ

177 4139 301 4213 δόξῃ
333 4142 435 4196 τοῦ
489 4141 719 4213 Κυρίου,
758 4142 855 4195 καὶ
900 4141 1315 4214 εὐφραινόμενοι
1363 4140 1566 4212 ὕμνους
1619 4144 1769 4215 αὐτῷ

176 4230 264 4282 καὶ
299 4232 629 4303 φίλειῳδίας
675 4231 1125 4303 εὐχαριστηρίους
1169 4230 1607 4301 ἀναπέμπουσιν.
1652 4228 1770 4286 Εἶτ’

174 4321 446 4393 ἐπιλέγει,
481 4341 498 4373 ι
554 4323 737 4387 Ἐλπὶς
757 4321 833 4393 τῷ
861 4321 1089 4375 εὐσεϐεῖ.
1123 4339 1142 4371 ι
1188 4320 1405 4392 Ἐπειδὴ
1430 4322 1540 4393 γὰρ
1569 4323 1637 4376 τὰ
1655 4326 1768 4389 τοῖς

174 4415 405 4469 ἀσεϐέσι
436 4414 649 4487 διῆλθεν
672 4415 1031 4486 ήπειλημένα,
1076 4411 1204 4484 ὲξῆς
1249 4414 1376 4486 περὶ
1408 4417 1505 4485 τῆς
1551 4415 1767 4488 μερίδος
1802 4445 1843 4501 D

172 4511 268 4581 τῆς
307 4508 455 4563 Θεοῦ
498 4510 794 4581 ἐπήγαγεν,
842 4507 917 4569 ὡς
959 4525 977 4559 ι
1022 4505 1501 4578 Εὐφρανθήσονται
1545 4506 1661 4578 ἅμα
1698 4511 1764 4580 τῇ

174 4601 296 4673 δόξῃ
322 4601 563 4673 Κυρίου,
594 4621 612 4652 ι
640 4600 735 4655 καὶ
756 4599 830 4662 ὡς
870 4617 888 4649 ι
934 4598 997 4651 Ἡ
1018 4596 1147 4661 δόξα
1188 4597 1397 4669 Κυρίου
1432 4600 1491 4651 ὲν
1524 4603 1645 4663 ταῖς
1673 4601 1768 4671 νή-

174 4711 283 4759 σοις
308 4696 508 4748 ἒσται·
546 4714 564 4744 ι
603 4694 677 4757 ὡς
702 4692 765 4764 δὴ
790 4690 1301 4763 τὴνδικαιοκρισίαν
1337 4689 1431 4743 τοῦ
1472 4690 1606 4745 Θεοῦ
1644 4710 1768 4746 παι

174 4789 478 4859 ραστήσας,
539 4782 845 4847 ἀκολούθως
909 4784 1156 4853 ἐπήγαγε
1204 4781 1298 4834 τόο
1363 4802 1381 4832 ι
1459 4783 1645 4847 Ἐλπὶς
1687 4784 1767 4856 τῷ

171 4880 417 4933 εὐσεϐεῖ*
465 4898 483 4929 ι
516 4878 678 4930 παντὶ
706 4875 813 4949 γὰρ
834 4874 1025 4945 δικαίῳ
1050 4873 1144 4926 καὶ
1183 4872 1397 4926 εὐσεϐεῖ
1426 4874 1578 4945 ἀνδρὶ
1607 4874 1764 4938 ἐλπὶς

173 4971 352 5043 ἀγαθὴ
390 4970 666 5042 σωτηρίας
692 4969 1001 5023 ἀπόκειται.

245 5084 263 5119 ι
297 5065 416 5120 Καὶ
451 5062 666 5135 ἐροῦσι·
712 5061 848 5113 Οὐαὶ
894 5062 1005 5123 τοῖς
1050 5057 1329 5121 ἁθετοῦσι,
1361 5060 1409 5111 οἱ
1441 5057 1763 5122 ἀθετοῦντες

170 5157 262 5214 τὺν
295 5160 497 5229 νόμον·
536 5177 552 5208 ι
584 5155 727 5209 κατὰ
768 5153 864 5225 μὲν
888 5152 978 5207 τὸν
1014 5152 1244 5206 ’Λκύλαν
1270 5153 1504 5223 εἴρηται,
1537 5169 1556 5203 ι
1598 5152 1661 5203 Ὦ
1684 5150 1767 5205 οῖ-

175 5270 267 5323 μοι
292 5251 643 5315 ἀθετοῦντεςο
672 5248 959 5319 ὴθέτησαι.
988 5265 1005 5296 ι
1043 5240 1204 5317 Ὁρᾷς
1227 5247 1375 5309 ὅπως
1428 5245 1765 5315 συνέπασχον

170 5347 284 5407 τοῖς
347 5341 760 5412 ἀπολλυμένοις,
808 5339 901 5391 καὶ
952 5336 1294 5407 ὐπερήλγουν
1364 5335 1545 5389 αὐτῶν
1581 5336 1631 5388 οἱ
1666 5334 1762 5388 τοῦ

170 5436 307 5490 Θεοῦ
342 5435 618 5508 ἄνθρωποι
668 5432 756 5487 διὰ
797 5428 1228 5501 φιλανθρωπίαν,
1283 5429 1358 5493 ὡς
1413 5430 1493 5491 εἰς
1540 5427 1764 5493 ἑαυτοὺς

172 5529 534 5600 ἀναστρέφειν
587 5526 678 5580 τὸν
738 5521 1091 5593 ταλανισμὺν,
1137 5521 1230 5574 καὶ
1277 5522 1478 5591 λέγειν,
1526 5518 1572 5575 ὣ
1617 5521 1762 5591 οἴμοι

171 5623 255 5692 ἐφ’
280 5622 362 5687 οἷς
390 5623 666 5695 ἠθέτησαν
682 5621 729 5674 οἱ
765 5616 1109 5690 παραϐάταιῐ

1917 458 2096 513 omnis
2136 458 2342 525 laetitia,
2387 464 2640 520 discessit
2670 468 2851 522 omnis
2879 468 3060 526 laetitia
3094 481 3274 531 terrm.
3311 477 3377 533 Et
3406 495 3497 539 re-

1915 543 2231 616 linquentur
2263 552 2426 607 urbes
2457 554 2705 620 desertm,
2735 568 2792 613 et
2821 558 3014 616 domus
3053 563 3329 623 derelictae
3374 585 3499 639 per-

1914 635 2089 695 ibunt.
2136 640 2263 695 llaec
2317 645 2497 698 omnia
2541 659 2704 701 erunt
2762 648 2814 703 in
2849 659 3017 726 terra,
3063 655 3115 709 in
3152 659 3330 715 medio
3359 635 3495 731 gen-

1914 730 2067 787 tium.
2102 732 2567 798 Quemadmodum
2622 740 2666 793 si
2722 742 2844 809 quis
2877 747 3120 801 excutiat
3150 730 3383 818 olivam,
3414 754 3497 811 sic

1910 824 2188 878 excutient
2238 825 2419 895 ipsos;
2455 837 2512 883 et
2552 830 2597 883 si
2640 832 2885 900 quiescat
2915 836 3209 894 vindemia.
3253 858 3273 892 ι
3311 841 3386 896 lta
3435 852 3496 900 ut

1909 915 2089 969 nullus
2123 917 2412 986 impiorum
2445 921 2697 977 residuus
2739 924 2841 989 sit,
2886 927 2980 980 sed
3030 930 3096 983 ad
3126 946 3288 986 unum
3320 949 3493 1006 usque

1906 1008 2383 1077 omnesjudicium
2421 1012 2515 1066 Dei
2547 1014 2799 1069 subeant.
2836 1015 3305 1082 Quemadmodum
3339 1029 3491 1086 enim

1906 1099 1997 1167 qui
2029 1100 2186 1154 oliva:
2218 1100 2454 1156 fructum
2491 1104 2777 1175 colligunt,
2835 1110 3058 1177 perticis
3112 1114 3289 1172 solent
3330 1118 3490 1176 olivae

1904 1206 2071 1261 grana
2100 1205 2359 1250 excutere
2398 1212 2463 1252 ac
2500 1196 2739 1268 dejicere
2776 1215 2948 1271 usque
2979 1204 3045 1259 ad
3092 1221 3279 1272 unum,
3308 1209 3488 1267 sicubi

1902 1283 2312 1355 derelinquatur
2341 1304 2355 1341 :
2390 1304 2454 1343 ac
2487 1293 2939 1359 quemadmodum
2981 1306 3105 1365 post
3130 1299 3484 1371 vindemiam,

1904 1388 2244 1435 revertentes
2290 1383 2509 1451 quidam
2549 1400 2746 1455 parvos
2771 1389 2958 1444 acinos
2977 1401 3032 1445 et
3071 1407 3201 1448 uvas
3238 1395 3486 1454 residuas

1902 1469 2194 1540 colligunt,
2237 1473 2311 1528 ita
2348 1484 2403 1531 et
2432 1476 2627 1548 impios
2655 1481 2909 1552 colligent
2965 1499 3137 1553 usque
3175 1489 3244 1543 ad
3277 1505 3478 1561 unum;

1900 1561 1972 1615 ita
2006 1574 2063 1617 ut
2098 1565 2363 1634 judicium
2408 1568 2501 1624 Dei
2539 1587 2697 1627 nemo
2738 1574 3102 1647 subterfugiat

1965 1743 2131 1801 Vsus.
2164 1747 2252 1803 H.
2288 1767 2305 1800 ι
2330 1748 2393 1803 Hi
2419 1751 2655 1809 clamore
2688 1756 3148 1814 vociferabuntur.
3185 1780 3205 1813 ι
3245 1762 3477 1829 Quinam

1895 1835 1969 1903 bi,
2003 1838 2105 1892 nisi
2136 1839 2232 1909 qui
2264 1841 2560 1911 superioris
2595 1846 2800 1900 ordinis
2827 1849 2991 1903 sunt?
3028 1850 3123 1905 Isti
3169 1867 3335 1921 porro
3359 1856 3479 1916 l‘ue-

1894 1927 2025 1995 rint,
2074 1929 2163 1997 qui
2211 1944 2298 1994 ea,
2356 1945 2475 2000 qua:
2505 1936 2647 2003 apud
2688 1936 2856 1991 Deum
2897 1950 2982 1994 est
3043 1944 3473 2018 magniﬁcentia,

1892 2017 2096 2086 dignati
2124 2030 2270 2075 sunt.
2303 2041 2321 2074 ι
2353 2022 2454 2089 Qui
2490 2034 2670 2080 autem
2701 2028 2873 2083 relicti
2925 2029 3127 2088 fuerint
3170 2050 3332 2106 super
3362 2017 3476 2095 ter-

1892 2123 2033 2175 ram,
2068 2109 2393 2169 laetabuntur
2415 2108 2537 2172 éum
2567 2116 2739 2187 gloria
2767 2120 2981 2177 Domini
3008 2138 3022 2175 ι
3061 2128 3473 2189 conturbabitur

1889 2211 2031 2265 aqua
2080 2201 2267 2257 maris.
2320 2221 2338 2256 ι
2393 2202 2494 2269 Qui
2533 2214 2709 2261 autem
2750 2222 2813 2264 ex
2869 2211 3116 2277 portione
3153 2211 3247 2269 Dei
3286 2226 3470 2284 erunt,

1889 2287 2215 2346 ltetabuntur
2242 2310 2364 2348 cum
2398 2296 2573 2366 gloria
2608 2298 2853 2355 Domini:
2880 2313 3008 2357 tunc
3037 2304 3180 2359 enim
3221 2306 3336 2377 ipse
3370 2309 3473 2367 Do-

1889 2383 2069 2438 minus
2112 2386 2289 2440 veniet
2328 2388 2381 2440 in
2416 2389 2587 2458 gloria
2633 2390 2812 2448 Patris
2839 2395 2923 2449 sui
2961 2409 3081 2449 cum
3118 2406 3388 2466 potestate
3414 2412 3472 2457 et

1888 2474 2169 2542 majestate
2209 2477 2421 2547 grandi.
2473 2479 2527 2534 ln
2576 2482 2675 2537 hac
2728 2498 2856 2554 ergo
2900 2485 3110 2540 Domini
3159 2488 3243 2543 sui
3298 2491 3467 2562 gloria

1886 2564 2230 2632 iretabuntur,
2278 2568 2369 2638 qui
2393 2568 2520 2623 olim
2549 2572 2602 2626 in
2637 2573 2808 2641 ipsum
2836 2586 3210 2645 spcravernnt.
3242 2578 3349 2634 Pro
3378 2581 3468 2637 illo

1884 2664 2087 2717 autem,
2128 2674 2147 2707 ι
2178 2658 2593 2713 conturbabitur
2637 2677 2775 2732 aqua
2806 2666 2992 2731 maris,
3033 2685 3051 2718 ι
3087 2668 3166 2721 sic
3219 2668 3465 2725 Theodo—

1887 2744 1961 2798 tio
2012 2746 2400 2816 interpretatus
2442 2759 2545 2816 est,
2599 2769 2618 2802 ι
2661 2763 2959 2809 sonuerunt
3019 2770 3175 2825 aqua;
3219 2760 3405 2826 maris,
3437 2779 3459 2814 ι

1885 2835 2010 2887 vita:
2048 2834 2195 2889 illius
2228 2837 2658 2904 magnitudinem
2713 2840 3051 2910 signiﬁcans,
3079 2857 3183 2913 qua
3213 2842 3469 2900 fruentur

1885 2924 1920 2979 ii
1954 2926 2045 2997 qui
2074 2926 2362 2981 Dominum
2412 2944 2569 2983 suum
2615 2932 2787 3001 gloria
2836 2930 3077 2988 alliciunt
3113 2952 3126 2988 :
3159 2950 3263 2991 vox
3314 2938 3461 2993 enim

1886 3031 2073 3073 eorum
2116 3019 2316 3072 sonitui
2358 3018 2527 3073 maris
2560 3022 2986 3091 comparabitur.

1954 3110 2239 3167 Vens.15.
2274 3129 2293 3161 ι
2337 3111 2629 3182 Propterea
2685 3114 2855 3184 gloria
2912 3115 3127 3172 Domini
3174 3119 3226 3174 in
3271 3120 3462 3179 insulis

1883 3204 2049 3260 maris
2081 3205 2203 3257 erit.
2240 3221 2260 3256 ι
2301 3202 2358 3256 ln
2398 3202 2652 3258 Ecclesiis
2681 3206 2953 3271 videlicet,
3000 3223 3120 3277 quae
3142 3211 3270 3265 olim
3321 3212 3466 3268 inter

1880 3294 2189 3349 incredulas
2224 3304 2436 3365 gentes,
2491 3296 2657 3365 quasi
2705 3297 2757 3349 in
2808 3299 2985 3354 medio
3038 3303 3198 3366 mari,
3237 3302 3464 3359 inclusa:

1879 3395 2038 3442 erant
2067 3405 2081 3441 :
2120 3388 2171 3441 in
2201 3390 2355 3455 queis
2383 3389 2553 3459 gloria
2583 3389 2795 3443 Domini
2829 3401 2955 3446 tunc
2978 3391 3272 3466 ell'ulgebit.
3297 3414 3317 3448 ι
3355 3395 3462 3451 Νο-

1880 3493 2002 3533 men
2040 3479 2251 3534 Domini
2293 3478 2584 3548 gloriosum
2614 3482 2736 3534 erit.
2764 3482 2987 3537 Domine
3013 3484 3161 3541 Deus
3187 3486 3369 3555 Israel,
3391 3491 3462 3546 ab

1877 3573 1978 3628 alis
2015 3582 2173 3627 terrae
2205 3572 2454 3643 prodigia
2496 3572 2845 3629 audivimus:
2880 3590 3006 3643 spes
3035 3578 3143 3646 pio.
3185 3598 3206 3632 ι
3252 3580 3460 3635 διεσιω-

1877 3664 2002 3718 ιΙιιιη
2043 3662 2430 3735 Symmachum
2462 3679 2595 3720 vero
2620 3674 2676 3719 et
2706 3665 3158 3735 Theodotionem,
3193 3686 3214 3723 ι
3244 3671 3325 3725 Ab
3355 3673 3464 3727 alis

1878 3766 2035 3810 terra:
2087 3754 2327 3824 psalmos
2372 3756 2715 3823 audivimus;
2768 3775 2787 3808 ι
2829 3760 3127 3813 secundum
3180 3760 3455 3831 Aquilam,

1880 3864 1898 3897 ι
1936 3846 2213 3901 melodias.
2253 3866 2272 3899 ι
2309 3846 2441 3902 Nam
2468 3849 2557 3918 qui
2589 3864 2654 3904 ex
2696 3850 2945 3918 portione
2968 3851 3059 3905 Dei
3080 3863 3226 3918 sunt,
3245 3853 3462 3923 justum

1872 3934 2271 4006 ejusjudicium
2315 3939 2668 4003 admirantes,
2696 3938 2952 3995 laetantur
2986 3957 3110 3996 cum
3145 3937 3323 4011 gloria
3347 3943 3456 4000 Do-

1874 4028 2029 4093 mini,
2087 4045 2152 4084 ac
2201 4029 2306 4082 ltrti
2369 4030 2600 4099 hymnos
2649 4030 2749 4099 ipsi
2808 4041 2969 4100 atque
3023 4032 3354 4101 psalmodias
3399 4036 3460 4091 in

1872 4122 2175 4191 gratiarum
2198 4121 2469 4177 actionem
2500 4123 2778 4177 emittunt.
2809 4122 3001 4180 Postea
3037 4124 3223 4190 infert,
3254 4144 3275 4177 ι
3315 4125 3461 4197 Spes

1873 4211 1980 4281 pio.
2016 4229 2035 4262 ι
2075 4210 2211 4267 Cum
2243 4211 2388 4267 enim
2412 4212 2893 4267 comminationem
2923 4214 3104 4284 impiis
3133 4216 3457 4271 intentatam

1872 4300 2246 4370 prreteriisset,
2317 4301 2418 4355 sub
2464 4302 2580 4357 haec
2617 4302 2683 4356 de
2731 4302 2982 4371 portione
3045 4304 3139 4359 Dei
3185 4304 3285 4359 ista
3318 4306 3450 4360 sub-

1868 4392 2067 4463 jungit,
2137 4410 2157 4444 ι
2196 4391 2551 4449 Laetabuntur
2597 4409 2720 4448 eum
2778 4394 2950 4465 gloria
3021 4396 3266 4462 Domini,
3327 4415 3347 4450 ι
3397 4409 3457 4453 et

1880 4485 2107 4543 «Gloria
2158 4485 2371 4540 Domini
2426 4486 2479 4541 in
2537 4486 2730 4542 insulis
2774 4488 2926 4543 erit:
2975 4506 2994 4539 ι
3036 4503 3101 4544 ac
3166 4499 3454 4560 postquam

1870 4580 2072 4650 justum
2123 4577 2220 4632 Dei
2266 4578 2532 4648 judicium
2590 4582 2992 4648 enuntiaverat,
3052 4591 3453 4651 consequenter

1876 4671 2072 4740 adjecit
2108 4670 2260 4737 illud,
2300 4688 2319 4722 ι
2369 4670 2505 4740 Spes
2534 4672 2660 4741 pio:
2695 4690 2713 4723 ι
2749 4688 2872 4726 nam
2902 4671 3049 4727 omni
3077 4671 3219 4741 justo
3254 4673 3457 4744 pioque

1873 4769 1992 4821 viro
2017 4767 2156 4821 bona
2183 4765 2375 4822 salutis
2411 4767 2649 4834 reposita
2684 4779 2808 4834 spes
2848 4773 2955 4820 est.

1945 5038 2107 5095 \‘sns.
2148 5038 2233 5097 16.
2262 5057 2280 5090 ι
2316 5039 2383 5093 Et
2410 5040 2590 5095 dicent
2623 5037 2753 5093 εγω
2784 5045 3316 5107 ριαξινιιειοοιοιιοιιε,
3356 5037 3454 5107 qui

1871 5134 2298 5203 praevaricatum
2328 5133 2502 5204 legem
2536 5133 2549 5186 !
2587 5151 2608 5184 ι
2667 5131 2974 5185 Secundum
3006 5129 3259 5198 Aquilam
3314 5128 3452 5185 dici-

1870 5239 1996 5284 tur:
2027 5246 2045 5279 ι
2088 5225 2155 5295 0,
2201 5242 2278 5281 va:
2328 5227 2484 5289 mihi,
2543 5222 3001 5294 praevaricantes!
3062 5221 3451 5290 praevaricatus

1866 5335 1947 5376 es.
1994 5338 2013 5371 ι
2046 5319 2235 5375 Viden'
2258 5334 2366 5389 quo
2413 5328 2573 5389 pacto
2603 5319 2697 5374 Dei
2726 5316 2974 5372 homines
2998 5318 3063 5371 de
3097 5315 3445 5386 pereuntium

1866 5430 1994 5470 casu
2024 5414 2278 5470 dolebant
2302 5424 2359 5468 et
2388 5413 2749 5483 angebantur,
2784 5425 2979 5481 nempe
3005 5426 3071 5464 ex
3096 5410 3447 5465 humanitatis

1864 5506 2095 5573 all'ectu,
2149 5509 2223 5561 ita
2272 5514 2331 5561 ut
2392 5504 2446 5558 in
2476 5504 2690 5574 seipsos
2740 5504 2973 5559 miseria:
3012 5502 3288 5574 planctum
3316 5517 3448 5559 con-

1863 5610 2164 5667 verterent,
2207 5613 2276 5654 ac
2322 5598 2566 5653 dicerent
2602 5615 2617 5652 :
2649 5597 2716 5669 Ο,
2745 5613 2825 5656 va:
2875 5597 3007 5655 mihi
3048 5613 3148 5669 pro
3185 5595 3444 5668 praevari-

1862 5696 2080 5753 catione
2110 5704 2574 5765 transgressurum
2601 5694 2617 5750 ι
