4072 6194
493 215 607 274 268

495 447 611 500 vos,
635 433 725 501 qui
755 432 1018 486 habitatis
1059 440 1284 485 terram.
1327 431 1395 486 Et
1420 431 1527 486 erit
1558 431 1648 501 qui
1678 430 1879 501 fugerit
1916 433 2078 487 tirno-

495 542 633 589 rem,
664 526 821 580 cadet
874 525 927 578 in
963 525 1170 579 foveam
1198 540 1213 590 ;
1244 524 1335 593 qui
1361 536 1542 579 autem
1572 524 1773 579 exierit
1810 523 1877 579 de
1898 522 2077 590 fovea,

491 619 688 689 laqueo
736 619 982 687 capietur
1034 637 1047 672 :
1086 619 1212 688 quia
1263 618 1516 673 fenestrae
1565 619 1634 672 de
1688 615 1829 673 coelo
1878 626 2077 686 aperta:

491 722 637 775 sunt,
670 722 725 765 et
755 712 1139 767 concutientur
1172 712 1524 766 fundamenta
1576 719 1752 766 terrae.
1807 731 1826 765 ι
1870 712 1960 767 Dei
1996 713 2077 766 in-

491 808 852 876 spectionem,
905 816 960 859 et
990 803 1108 872 ejus
1141 806 1395 859 virtutem
1444 802 1776 868 subindicat,
1817 819 1922 873 qua
1957 819 2077 857 om-

491 901 650 955 nibus
680 901 956 969 providet,
988 908 1042 954 et
1073 898 1254 952 omnia
1286 896 1594 967 speculatur
1631 897 1785 967 quasi
1821 913 1886 952 ex
1926 897 2076 952 fene-

490 995 619 1049 stris
643 994 763 1050 cmli
798 994 1053 1047 universa
1091 991 1406 1061 respiciens.
1429 991 1560 1056 Qua:
1581 990 1795 1059 quidem
1820 988 2075 1043 fenestne

490 1098 621 1144 tunc
649 1089 823 1144 claudi
856 1088 1132 1149 videntur,
1160 1101 1282 1139 cum
1312 1084 1456 1139 Deus
1481 1084 1533 1137 in
1564 1093 1711 1138 terra
1759 1094 2074 1153 peccatores

489 1183 916 1245 circumlustrat,
947 1196 1043 1235 nec
1064 1188 1243 1234 tamen
1284 1180 1430 1248 ipsos
1458 1177 1689 1248 castigat
1720 1193 1734 1230 :
1770 1186 1898 1232 tunc
1925 1177 2071 1232 enim

488 1292 585 1331 ceu
614 1291 837 1330 aversus
871 1274 1003 1327 nihil
1036 1282 1326 1343 peccantes
1379 1272 1647 1340 inspicere
1670 1271 1908 1326 videtur.
1934 1270 2071 1326 Cum

487 1380 665 1424 autem
697 1377 983 1438 pem-antes
1009 1366 1193 1422 ulcisci
1221 1366 1485 1431 decrevit,
1516 1374 1643 1420 tunc
1670 1363 1919 1421 fenestrae
1943 1363 2070 1420 caeli

485 1473 685 1532 aperta:
735 1462 1004 1515 videntur.

556 1638 720 1695 Vens.
751 1637 944 1700 19.20.
971 1656 988 1689 (
1010 1636 1346 1697 Turbatione
1371 1637 1697 1703 turbabitur,
1727 1647 1781 1693 et
1803 1638 2069 1709 angustiis

1139 214 1412 271 EUSEBII
1455 213 1937 272 CESARIENSIS
1973 216 2125 275 OPP.
2169 218 2347 275 PARS
2384 219 2472 277 Ill.
2514 252 2583 263 -—
2621 216 3036 282 EXEGETICA.

572 338 734 396 Vsus.
771 338 859 402 l7,
895 336 985 392 i8.
1021 355 1039 388 ι
1071 334 1258 391 Timor
1284 346 1340 391 et
1366 337 1544 402 fovea,
1574 346 1629 391 et
1670 307 1897 406 laqueus
1919 352 2081 408 super
2108 351 2155 405 Α

3660 237 3767 294 266

2259 360 2277 391 ι
2318 340 2485 406 Φόϐος
2538 343 2633 395 καὶ
2670 342 2891 411 βόθυνος
2943 344 3040 398 καὶ
3092 347 3261 416 παγὶς
3313 347 3399 418 ἐφ’
3456 349 3597 421 ὑμᾶς
3636 355 3767 419 τοὺς

2181 432 2525 496 ἐνοικοῦντας
2570 435 2663 486 ἐπὶ
2706 438 2806 507 τῆς
2852 439 2977 509 γῆς.
3027 439 3139 493 Καὶ
3177 439 3330 495 ἐσται
3368 443 3397 493 6
3430 441 3643 510 φεύγων
3673 445 3767 498 τὸν

2172 526 2364 594 φόϐον,
2392 529 2711 597 ἐμπεσεῖται
2737 531 2817 592 εἰς
2841 530 2932 583 τὸν
2955 529 3207 601 βόθυνον·
3241 536 3269 586 6
3300 533 3357 586 δὲ
3396 533 3663 588 ἐκϐαίνων
3699 538 3765 589 ἐκ

2177 616 2272 669 τοῦ
2313 617 2532 687 βοθύνου
2557 618 2824 673 ἁλώσεται
2846 621 2950 674 ὑπὸ
2969 625 3068 693 τῆς
3093 624 3336 692 παγίδος·
3365 627 3449 679 ὅτι
3476 624 3686 697 θυρίδες
3708 627 3772 678 ἐκ

2176 710 2271 763 τοῦ
2297 711 2529 784 οὐρανοῦ
2556 712 2929 784 ἀνεῴχθησαν,
2958 716 3051 768 καὶ
3079 717 3424 788 σεισθήσεται
3448 716 3517 770 τὰ
3541 716 3771 787 θεμέλια

2174 807 2274 876 τῆς
2288 809 2410 878 γῆς.
2438 825 2456 857 ι
2477 806 2590 875 Τὴν
2622 807 2923 879 ἐπισκοπὴν
2937 807 3029 860 τοῦ
3052 808 3208 874 Θεοῦ,
3232 811 3324 863 καὶ
3349 811 3447 880 τὴν
3461 809 3767 881 ἐποπτικὴν

2175 901 2267 952 καὶ
2284 902 2382 973 τήν
2398 899 2736 973 θεωρητικὴν
2754 901 2919 956 αὑτοῦ
2936 902 3041 956 τῶν
3057 902 3191 956 δλων
3206 902 3433 975 δύναμιν
3462 903 3663 957 αἱνιττό
3672 922 3770 974 με·

2174 1013 2282 1059 νος,
2308 996 2589 1067 ἐφορῶσαν
2606 996 2672 1048 τά
2692 996 2891 1059 πάντα,
2906 995 3094 1068 ῶσπερ
3116 997 3202 1049 διά
3225 996 3452 1069 θυρίδων
3472 996 3567 1049 τοῦ
3588 998 3647 1050 οὐ
3657 1014 3768 1068 ρα-

2176 1087 2291 1153 νοῦ,
2316 1088 2372 1142 αἳ
2406 1088 2622 1142 δοκοῦσι
2660 1090 2757 1160 μὲν
2792 1087 3127 1154 κεκλεῖσθαι,
3162 1090 3380 1142 ἐπειδὰν
3410 1091 3533 1152 τοὺς
3564 1091 3765 1160 ἁμαρ-

2176 1183 2438 1247 τάνοντας
2480 1184 2573 1235 ἐπὶ
2608 1185 2710 1254 γῆς
2750 1183 3103 1254 περιέρχεται
3146 1185 3174 1235 6
3207 1183 3360 1248 Θεὸς,
3410 1184 3484 1253 μὴ
3529 1182 3760 1248 ἐπεξιὼν

2173 1279 2287 1338 τοῖς
2330 1276 2740 1348 πλημμελοῦσι·
2793 1276 2914 1329 τότε
2960 1276 3066 1347 γὰρ
3123 1274 3313 1347 ὥσπερ
3363 1276 3760 1347 ἀποστραφεὶς,

2172 1369 2281 1422 οὐδ’
2310 1369 2507 1442 ὁρῶντι
2543 1370 2667 1433 τοὺς
2704 1369 3118 1440 ἁμαρτάνοντας
3165 1369 3360 1422 ἐοικεν.
3419 1369 3669 1421 Ἐπειδὰν
3701 1368 3761 1421 δὲ

2174 1461 2335 1535 κρίνῃ
2378 1460 2687 1527 ἐπεξελθεῖν
2717 1464 2829 1525 τοῖς
2868 1460 3281 1533 ἡμαρτηκόσιν,
3325 1458 3516 1531 ὥσπερ
3557 1462 3763 1513 ἀναπε-

2171 1552 2459 1606 τάννυνται
2485 1551 2577 1605 τοῦ
2608 1551 2837 1624 ούρανοῦ
2867 1553 2924 1604 αἱ
2951 1551 3166 1622 θυρίδες

2247 1664 2265 1696 ι
2297 1645 2522 1717 Ταραχῇ
2554 1642 2958 1716 ταραχθήσεται
2994 1646 3028 1714 ή
3066 1646 3159 1714 γῆ,
3201 1642 3296 1695 καὶ
3317 1641 3522 1711 ἀπορίᾳ
3545 1641 3757 1713 ἀπορη-

483 1731 887 1802 angustiabitur
918 1741 1062 1785 terra
1097 1745 1112 1783 :
1156 1730 1439 1785 inclinavit
1487 1740 1542 1785 et
1588 1730 1895 1786 movebitur
1923 1731 2058 1785 sicut

2169 1714 2396 1808 θήσεται
2628 1714 2819 1790 ⁷ἔκλινε
2859 1737 2955 1790 καὶ
2986 1735 3331 1807 σεισθήσεται
3372 1734 3448 1799 ὡς
3470 1735 3759 1806 ὀπωροφυ-

484 1826 756 1893 tugurium
786 1835 951 1890 terra,
981 1824 1122 1878 sicut
1166 1823 1352 1877 ebrius
1385 1832 1441 1878 et
1497 1824 1833 1894 crapulatus.
1882 1843 1900 1876 ι
1939 1822 2066 1881 Ηςιεα

482 1932 644 1985 porro
697 1918 881 1973 omnia
933 1916 1171 1986 patietur
1211 1926 1395 1983 terra;
1449 1916 1529 1973 sic
1567 1917 1775 1973 vocatis
1810 1917 1917 1975 illis
1949 1918 2066 1989 ejus

477 2011 606 2066 olim
642 2010 1065 2075 habitatoribus,
1110 2024 1246 2078 quos
1282 2009 1397 2064 ham
1428 2026 1784 2082 perpessuros
1813 2013 1933 2078 ait;
1987 2012 2061 2067 ita

478 2115 538 2159 ut
572 2121 636 2159 ex
692 2104 957 2158 malorum
995 2104 1045 2156 vi
1075 2111 1132 2156 et
1160 2102 1451 2173 gravitate,
1502 2088 1670 2158 ebriis
1693 2112 1749 2158 et
1767 2103 2063 2174 crapulatis

477 2197 682 2252 similes
714 2197 844 2252 sint.
887 2214 905 2247 ι
937 2195 1003 2248 Et
1052 2196 1235 2258 cadet,
1269 2204 1325 2247 et
1358 2210 1464 2249 non
1495 2196 1694 2265 poterit
1727 2210 2014 2269 resurgere
2042 2213 2057 2249 :

477 2306 600 2343 nam
633 2288 915 2360 praxvaluit
943 2287 997 2342 in
1024 2301 1088 2340 ea
1123 2286 1402 2355 iniquitas.
1438 2305 1457 2339 ι

544 2500 713 2556 "Eas.
753 2499 842 2553 2|.
881 2517 898 2548 ι
940 2496 1007 2551 Ει
1059 2496 1165 2551 erit
1205 2495 1259 2550 in
1291 2494 1378 2550 die
1417 2494 1530 2560 illa,
1572 2494 1793 2549 inducet
1836 2494 1975 2550 Deus
2001 2494 2055 2550 in

472 2601 727 2648 ornatum
755 2589 877 2647 εαξιί
902 2606 1144 2645 manum.
1179 2607 1198 2641 ι
1233 2588 1512 2658 Siquidem
1536 2588 1705 2644 semel
1736 2590 1786 2643 in
1820 2589 1925 2645 line
1955 2590 2057 2644 ltu-

472 2704 645 2743 mana:
677 2688 797 2741 vita:
820 2686 970 2757 lapsa
998 2694 1160 2749 terra,
1191 2683 1307 2739 sive
1336 2696 1501 2738 carne
1527 2683 1768 2736 terrestri
1800 2692 1854 2737 et
1878 2685 2056 2737 anima

472 2783 717 2852 corporis
748 2789 999 2845 amante;
1054 2787 1166 2832 tum
1196 2776 1254 2841 ii,
1309 2775 1404 2846 qui
1430 2774 1562 2831 olim
1608 2782 1811 2830 terram
1849 2774 2055 2829 incolc-

473 2878 639 2941 bant,
700 2873 1156 2930 resurrectionem
1236 2881 1426 2941 postea
1508 2876 1937 2938 consequentur,
1999 2875 2057 2922 ut

470 2972 735 3024 sistantur
767 2966 1023 3021 tribunali
1064 2965 1293 3029 Christi,
1329 2971 1384 3017 et
1432 2962 1809 3031 unusquisque
1852 2958 2055 3015 referat

2167 1827 2354 1883 λάκιον
2393 1831 2427 1901 ἡ
2472 1832 2566 1900 γῆ,
2601 1830 2677 1891 ῶς
2716 1830 2745 1882 ὀ
2778 1828 2990 1900 μεθύων
3048 1828 3143 1882 καὶ
3184 1826 3523 1900 κραιπαλῶν.
3572 1846 3590 1879 ι
3640 1826 3754 1879 Καὶ

2168 1921 2340 1975 ταῦτα
2375 1921 2556 1974 πάντα
2588 1920 2836 1974 πείσεται
2865 1920 2899 1991 ή
2932 1921 3025 1990 γῆ,
3060 1917 3169 1972 τῶν
3210 1934 3340 1970 ποτε
3387 1916 3754 1987 κατοικησάν-

2165 2032 2274 2069 των
2321 2015 2492 2086 αὑτὴν
2524 2013 2667 2068 οὕτω
2710 2014 2775 2086 δὴ
2820 2014 3171 2085 καλουμένων
3197 2027 3212 2043 ·
3247 2011 3470 2065 τοιαῦτα
3512 2010 3570 2064 δέ
3619 2026 3752 2082 φησι

2167 2106 2447 2160 πείσεσθαι
2473 2107 2689 2169 αὐτοὺς,
2716 2106 2793 2168 ὡς
2813 2106 3046 2159 ἐοικέναι
3079 2104 3336 2177 μεθύουσι
3374 2104 3468 2157 καὶ¹
3511 2118 3752 2174 κραιπα-

2164 2196 2326 2251 λῶσιν
2351 2200 2415 2251 ἐκ
2448 2199 2549 2269 τῆς
2579 2196 2685 2251 τῶν
2719 2196 2904 2252 κακῶν
2936 2199 3034 2251 ὑπε
3046 2197 3260 2267 ρΰολῆς.
3296 2215 3314 2249 ι
3341 2196 3451 2249 Καὶ
3483 2198 3751 2258 πεσεῖται,

2162 2291 2258 2344 καὶ
2295 2290 2357 2343 οὐ
2400 2290 2475 2362 μὴ
2512 2290 2737 2360 δύνηται
2779 2289 3099 2360 ἀναστῆναι·
3150 2290 3445 2359 κατίσχυσε
3497 2286 3607 2358 γὰρ
3656 2287 3749 2341 ἐπ’

2164 2385 2331 2457 αὐτῆς
2356 2386 2390 2456 ἡ
2427 2383 2645 2455 ἀνομία.
2686 2401 2705 2435 ›

2237 2520 2256 2553 ‹
2301 2500 2411 2553 Καὶ
2438 2499 2589 2553 ἔσται
2625 2502 2684 2553 ἐν
2718 2503 2784 2572 τῇ
2831 2499 3015 2572 ἡμέρα
3060 2498 3264 2572 ἐκείνῃ,
3309 2495 3502 2564 ἐπάξει
3543 2500 3572 2551 6
3612 2498 3748 2565 Θεὸς

2160 2593 2253 2646 ἐπὶ
2272 2592 2362 2645 τὸν
2380 2592 2582 2663 κόσμον
2613 2593 2706 2647 τοῦ
2745 2592 2975 2664 ούρανοῦ
3011 2591 3109 2663 τὴν
3155 2594 3331 2663 χεῖρα.
3372 2610 3391 2643 ι
3428 2589 3613 2655 Ἀπαξ
3645 2590 3744 2663 μὲν

2159 2688 2267 2761 γὰρ
2296 2686 2535 2741 πεσοῦσα
2568 2687 2709 2741 κατά
2737 2687 2835 2757 τὴν
2880 2686 2974 2738 τοῦ
3018 2685 3213 2756 θνητοῦ
3262 2685 3377 2755 βίου
3415 2684 3672 2757 τελευτὴν
3706 2687 3741 2758 ή

2158 2786 2253 2853 γῆ,
2300 2781 2419 2853 ήτοι
2471 2778 2609 2852 σὰρξ
2659 2779 2866 2849 γεώδης
2913 2779 3009 2832 καὶ
3053 2778 3427 2849 φιλοσώματος
3471 2778 3648 2848 ψυχὴ,
3690 2779 3742 2833 οἱ

2162 2875 2327 2929 πάλαι
2353 2875 2450 2947 τὴν
2479 2876 2582 2946 γῆν
2617 2874 2937 2945 οἰκήσαντες
2980 2872 3078 2941 τῆς
3119 2870 3351 2942 καθεξῆς
3388 2872 3735 2935 ἀναστάσεως

2158 2970 2435 3037 τεύξονται
2464 2971 2543 3032 είς
2573 2968 2634 3021 τὸ
2667 2968 3007 3039 παραστῆναι
3037 2964 3113 3035 τῷ
3137 2965 3341 3036 βήματι
3360 2964 3452 3018 τοῦ
3479 2964 3735 3035 Χριστοῦ,

471 3061 770 3117 secundum
807 3074 870 3114 ea
903 3074 1025 3128 qua:
1051 3072 1282 3127 corpore
1314 3055 1670 3125 perpetravit,
1707 3057 1822 3109 sive
1854 3054 2053 3107 bonum

2159 3064 2253 3116 καὶ
2284 3059 2612 3132 κομίσασθαι
2644 3059 2871 3112 ἕκαστον
2902 3057 2972 3109 τά
2997 3055 3084 3109 διὰ
3113 3056 3206 3108 τοῦ
3248 3054 3496 3125 σώματος
3526 3054 3660 3126 πρὸς
3699 3055 3735 3109 ἃ

472 3156 589 3210 sive
642 3154 867 3209 malum.
899 3154 1030 3207 Cum
1070 3159 1252 3204 autem
1319 3150 1429 3203 lato
1464 3147 1671 3217 judicio
1706 3162 1735 3200 a
1767 3148 1907 3201 bona
1959 3161 2056 3213 spe

464 3246 798 3310 exciderint,
832 3253 888 3301 et
942 3240 1225 3313 suppliciis
1262 3240 1391 3295 olim
1449 3239 1826 3310 przenuntiatis
1868 3238 2052 3293 traditi

469 3340 708 3407 fuerint;
753 3349 881 3394 tunc
909 3354 938 3393 a
982 3336 1090 3392 Deo
1121 3333 1279 3405 lapsi,
1336 3348 1442 3388 non
1472 3332 1612 3386 ultra
1643 3345 1926 3402 resurgere
1960 3344 2054 3400 po-

469 3445 673 3489 terunt.
704 3432 870 3500 Queis
907 3427 1145 3484 universi
1171 3425 1699 3483 consummationem
1734 3423 2050 3486 declaravit,

469 3546 574 3599 qua
617 3528 812 3583 cmlum
838 3536 898 3582 et
928 3535 1072 3580 terra
1100 3522 1433 3577 transibunt.
1467 3518 1733 3574 Ornatum
1768 3531 1899 3572 vero
1926 3515 2051 3570 cceli

468 3625 606 3681 solet
631 3622 841 3694 Moyses
871 3618 1140 3689 appellare
1169 3614 1358 3680 solem,
1379 3611 1557 3665 lunam
1591 3621 1646 3664 et
1676 3607 1887 3664 stellas.
1917 3625 1936 3658 ι
1965 3606 2051 3660 Ιη-

468 3720 626 3774 ducet
657 3717 798 3771 Deus
838 3714 890 3769 in
914 3719 1168 3768 ornatum
1201 3706 1325 3762 coeli
1354 3718 1613 3769 manum;
1656 3720 1673 3753 ι
1707 3716 1903 3771 nempe
1931 3713 2049 3753 nte-

468 3821 680 3865 morato
708 3807 897 3879 iudicii
936 3804 1029 3860 Dei
1058 3812 1331 3871 tempore.

541 4120 704 4179 Vens.
735 4121 830 4176 22.
859 4140 878 4174 ι
920 4124 986 4177 Et
1017 4123 1071 4176 in
1124 4136 1277 4192 reges
1308 4129 1489 4181 terraz,
1541 4126 1597 4173 et
1638 4114 2049 4187 eongregabunt

466 4215 936 4287 congregationem
981 4214 1098 4282 ejus
1142 4214 1193 4267 in
1238 4225 1538 4275 carcerem,
1562 4219 1618 4263 et
1658 4206 1948 4263 occludent
1994 4206 2047 4259 in

468 4308 851 4369 munitionem;
899 4321 995 4376 per
1023 4306 1219 4358 multas
1265 4304 1644 4374 generationes
1667 4298 1909 4355 visitatio
1941 4305 2046 4351 erit

463 4420 674 4459 eorum.
700 4422 717 4455 ι
732 4402 958 4456 Videtur
972 4402 1036 4455 m3
1049 4400 1099 4454 lti
1120 4414 1214 4467 per
1232 4413 1385 4469 reges
1408 4408 1588 4460 terrae,
1603 4392 1875 4463 principes
1888 4388 2047 4460 hujus

2157 3154 2412 3227 ἔπραξεν,
2438 3154 2547 3206 εἴτε
2574 3150 2801 3221 ἀγαθὸν,
2822 3151 2930 3203 εἴτε
2960 3148 3148 3202 κακόν·
3185 3148 3404 3201 ἐπειδὰν
3441 3148 3497 3200 δὲ
3527 3148 3737 3219 κριθέν-

2155 3266 2248 3311 τες
2271 3248 2547 3300 ἐκπέσωσι
2595 3246 2695 3315 τῆς
2727 3242 2940 3313 ἀγαθῆς
2970 3240 3204 3304 ἐλπίδος,
3241 3242 3332 3294 καὶ
3358 3243 3478 3304 ταῖς
3506 3240 3736 3311 ἠπειληι

2158 3341 2346 3412 μέναις
2376 3337 2626 3392 κολάσεσι
2660 3334 3026 3407 παραδοθῶσι,
3055 3334 3115 3386 τὸ
3144 3332 3442 3403 τηνικαῦτα
3471 3332 3565 3385 τοῦ
3598 3333 3737 3386 Θεοῦ

2153 3430 2497 3493 ἐκπεσόντες,
2541 3428 2725 3481 οῦκέτι
2777 3428 3072 3498 ἀναστῆναι
3118 3425 3453 3495 δυνήσονται.
3521 3426 3609 3477 Ἐν
3652 3421 3740 3489 οἷς

2151 3522 2249 3595 τὴν
2279 3521 2583 3575 συντέλειαν
2614 3520 2849 3590 ἐδήλωσε
2890 3517 2984 3570 τοῦ
3016 3516 3237 3579 παντὸς,
3273 3516 3331 3568 ἐν
3435 3516 3464 3567 6
3505 3515 3738 3586 οὐρανὸς

2152 3618 2246 3671 καὶ
2288 3619 2321 3687 ή
2370 3617 2439 3686 γῆ
2475 3612 2917 3686 παρελεύσονται.
2962 3608 3179 3681 Κόσμον
3212 3608 3270 3661 δὲ
3309 3606 3534 3680 ούρανοῦ
3572 3608 3757 3662 εἴωθε-

2150 3710 2328 3773 λέγειν
2358 3708 2386 3759 ὁ
2424 3708 2664 3778 Μωῦσῆς
2691 3704 2780 3758 τὸν
2812 3703 2963 3775 ἥλιον
2987 3704 3080 3756 καὶ⁵
3116 3703 3215 3773 τὴν
3244 3701 3469 3773 σελήνην
3492 3702 3737 3766 καὶτοὺς

2148 3802 2403 3874 ἀστέρας.
2436 3820 2453 3852 ι
2478 3798 2697 3866 Ἐπάξει
2727 3798 2755 3850 6
2787 3796 2920 3859 Θεὸς
2948 3796 3040 3848 ἐπὶ
3071 3796 3161 3849 τὸν
3192 3795 3395 3865 κόσμον
3443 3794 3539 3847 τοῦ
3567 3794 3735 3866 ούρα-

2149 3896 2241 3951 νοῦ
2273 3897 2372 3968 τὴν
2406 3898 2595 3968 χεῖρα·
2634 3912 2652 3944 ι
2690 3892 2835 3960 λέγω
2874 3892 2931 3944 δέ
2964 3890 3106 3945 κατὶι
3139 3890 3231 3943 τὸν
3272 3888 3599 3960 δηλούμενον
3632 3890 3735 3959 τῆς

2149 3988 2242 4042 τοῦ
2277 3988 2413 4042 Θεοῦ
2447 3988 2683 4057 κρίσεως
2711 3985 2924 4056 καιρόν.

2226 4124 2244 4157 ί
2279 4105 2390 4158 Καὶ
2427 4104 2519 4156 ἐπὶ
2556 4102 2682 4164 τοὺς
2728 4098 2968 4171 βασιλεῖς
3000 4099 3099 4169 τῆς
3141 4097 3263 4167 γῆς,
3314 4093 3408 4147 καὶ
3447 4091 3733 4159 συνάξουσι

2151 4198 2474 4269 συναγωγὴν
2502 4196 2673 4265 αὐτῆς
2697 4196 2777 4257 εἰς
2809 4193 3208 4262 δεσμωτήριον,
3254 4190 3349 4242 καὶ
3380 4186 3735 4241 ἀποκλείσον-

2151 4309 2234 4345 σιν
2265 4292 2344 4355 εἰς
2370 4290 2630 4361 ὀχύρωμα
2650 4304 2662 4317 ·
2692 4286 2780 4339 διὰ
2809 4284 3019 4337 πολλῶν
3048 4281 3248 4351 γενεῶν
3278 4280 3549 4352 ἐπισκοπὴ
3580 4278 3734 4333 ἔσται

2149 4383 2346 4438 αὐτῶν.
2388 4401 2406 4432 ι
2442 4382 2599 4433 Δοκεῖ
2632 4395 2720 4448 μοι
2746 4378 2872 4439 τοὺς
2895 4377 3158 4446 ἄρχοντας
3178 4372 3271 4426 τοῦ
3308 4372 3503 4435 αἰῶνος
3538 4370 3732 4423 τούτου

465 4497 650 4555 saeculi
680 4495 1025 4567 signiﬁcare;
1079 4491 1159 4546 sic
1188 4490 1330 4545 enim
1364 4487 1571 4543 Danieli
1600 4484 1911 4541 declarabat
1937 4480 2047 4537 Ga-

2158 4473 2435 4547 σημαίνειν
2457 4471 2546 4524 διά
2572 4470 2679 4523 τῶν
2710 4467 2972 4538 βασιλέων
3000 4468 3097 4536 τῆς
3125 4468 3258 4535 γῆς·
3293 4462 3436 4518 οὕτω
3472 4462 3603 4532 γοῦν
3636 4462 3734 4515 καὶ

464 4574 627 4655 briel,
670 4589 796 4662 dum
834 4585 1049 4640 oracula
1109 4582 1210 4653 ipsi
1256 4581 1443 4636 ederet
1494 4578 1579 4632 his
1643 4576 1871 4631 verbis:
1912 4594 1930 4625 ε
1980 4572 2047 4627 Et

463 4685 611 4739 venit
636 4683 688 4736 in
717 4694 1006 4737 occursum
1041 4690 1216 4731 meum
1242 4673 1492 4744 princeps
1515 4670 1665 4738 regni
1693 4668 1990 4722 Medorum.
2019 4684 2038 4717 ι

463 4778 756 4845 Postquam
798 4769 1097 4828 invisibiles
1127 4765 1432 4834 huiusmodi
1480 4763 1723 4832 gentium
1764 4774 1917 4827 rcges
1952 4758 2040 4812 hic

466 4868 807 4930 memoravit,
830 4866 975 4935 ipsos
1006 4877 1163 4916 manu
1193 4859 1287 4913 Dei
1310 4853 1722 4926 congregandos
1745 4852 1843 4915 ait,
1879 4862 2043 4918 atque

467 4967 519 5019 in
554 4974 829 5021 carcerem
866 4954 1259 5026 conjiciendos,
1294 4958 1345 5003 et
1375 4944 1741 5003 occludendos
1777 4942 1830 4996 in
1861 4939 2040 4993 muni-

466 5058 633 5110 tione.
665 5054 799 5108 Nam
831 5066 956 5107 cum
989 5048 1226 5102 futurum
1268 5054 1414 5098 esset
1443 5049 1503 5095 ut
1533 5052 1757 5109 regnum
1790 5035 1883 5089 Dei
1913 5044 2040 5088 tunc

466 5148 725 5217 temporis
764 5144 1157 5216 reSplemleret,
1187 5154 1253 5193 ac
1298 5151 1496 5191 novum
1528 5128 1804 5195 saeculum,
1835 5126 2040 5199 princi-

466 5252 646 5313 patus,
687 5250 981 5309 potestates
1023 5244 1077 5290 et
1130 5242 1373 5288 rectores
1427 5226 1612 5282 mundi
1670 5224 2038 5283 tenebrarum,

466 5352 528 5391 ac
582 5331 883 5402 spiritualia
924 5327 1181 5399 nequitiae
1214 5330 1520 5394 superaret,
1561 5330 1900 5386 consequens
1924 5322 2042 5368 erat

465 5436 523 5481 ut
550 5426 585 5480 ii
623 5424 676 5479 in
710 5421 884 5475 lacum
918 5437 1078 5490 quem
1110 5418 1359 5474 foderant
1382 5414 1805 5483 conjicerentur.
1839 5408 2038 5460 Lat-um

464 5520 605 5574 enim
638 5515 836 5586 impius
880 5514 1056 5567 omnis
1086 5512 1297 5582 aperuit
1334 5520 1388 5565 et
1408 5506 1595 5563 ell'udit
1630 5519 1777 5566 euut,
1806 5511 1859 5555 et
1880 5499 2040 5554 cadet

466 5614 518 5667 in
544 5610 755 5665 foveam
779 5622 939 5675 quam
972 5604 1120 5659 fecit.

2148 4567 2225 4637 τῷ
2251 4564 2448 4634 Δανιὴλ
2466 4566 2494 4616 6
2518 4559 2870 4633 χρηματίζων
2894 4557 3040 4628 αὐτῷ
3062 4556 3170 4609 Γαε
3181 4556 3300 4628 ριὴλ
3322 4555 3512 4627 ἐδήλου
3534 4552 3729 4622 λέγων·

2154 4679 2171 4711 ι
2216 4659 2324 4711 Καὶ
2349 4656 2571 4728 ἐξῆλθεν
2603 4655 2685 4718 είς
2716 4651 3038 4722 συνάντησίν
3085 4667 3185 4720 μου
3232 4650 3413 4722 ἄρχων
3456 4646 3738 4718 βασιλείας

2147 4750 2364 4823 Μήδων.
2406 4768 2425 4800 ι
2462 4748 2601 4811 Τοὺς
2628 4744 2903 4806 τοιούτους
2934 4742 3202 4813 ἀοράτους
3233 4740 3346 4793 τῶν
3372 4738 3542 4793 ἐθνῶν
3577 4737 3740 4808 βασι-

2146 4844 2255 4908 λεῖς
2287 4840 2517 4896 ἐνταῦθα
2554 4836 2832 4912 προειπὼν
2870 4838 2899 4889 ὁ
2929 4835 3107 4903 λόγος,
3155 4831 3582 4904 συναχθήσεσθαι
3629 4831 3737 4885 αύ-

2146 4936 2273 4999 τούς
2303 4950 2465 5006 φησιν
2498 4932 2603 4986 ὑπὸ
2628 4934 2726 5003 τῆς
2756 4928 2937 5001 χειρὸς
2972 4927 3066 4980 τοῦ
3107 4927 3266 4997 Θεοῦ,
3309 4928 3402 4980 καὶ
3448 4925 3735 4997 ἐμϐληθή-

2151 5027 2337 5081 σεσθαι
2378 5029 2459 5090 εις
2507 5023 2877 5095 δεσμωτήριον
2928 5023 3021 5074 καὶ
3074 5016 3600 5089 ἀποκλεισθήσεσθαι
3648 5020 3735 5082 εἰς

2148 5122 2430 5193 ὀχύρωμα.
2477 5117 2789 5172 Ἀκόλουθόν
2826 5135 2917 5188 μοι
2955 5116 3064 5189 γὰρ
3086 5112 3153 5188 ἦν
3184 5118 3281 5185 τῆς
3323 5111 3597 5184 βασιλείας
3632 5111 3732 5164 τοῦ

2143 5216 2277 5269 Θεοῦ
2310 5212 2608 5284 μελλούσης
2638 5210 2756 5264 τότε
2788 5209 3133 5280 διαλάμπειν,
3168 5206 3261 5259 τοῦ
3289 5222 3349 5257 τε
3377 5204 3501 5257 νέου
3536 5203 3733 5265 αἰῶνος

2143 5310 2458 5380 ἐπικρατεῖν
2506 5305 2605 5369 τὰς
2650 5302 2826 5377 ἀρχὰς
2873 5304 2967 5357 καὶ
3015 5303 3112 5364 τὰς
3161 5297 3409 5363 ἐξουσίας
3462 5297 3558 5350 καί
3602 5294 3733 5359 τοὺς

2142 5400 2591 5472 κοσμοκράτορας
2624 5396 2718 5450 τοῦ
2763 5397 2989 5459 σκότους
3020 5392 3232 5454 τούτου,
3264 5388 3449 5443 καὶτὰ
3483 5402 3733 5457 πνευμα-

2142 5494 2270 5548 τικά
2300 5495 2398 5565 τῆς
2439 5492 2723 5563 πονηρίας,
2768 5491 2848 5552 είς
2879 5489 2969 5542 τὸν
3014 5485 3357 5558 προσήκοντα
3392 5481 3587 5542 αὐτοὺς
3623 5495 3731 5531 κα-

2140 5588 2476 5659 ταϐληθῆναι
2508 5585 2729 5649 λάκκον,
2753 5584 2811 5635 ὃν
2830 5581 2983 5635 αὐτοὶ
3009 5580 3219 5642 ἑαυτοῖς
3241 5575 3475 5649 ὤρυξαν.
3506 5571 3731 5628 Λάκκου

462 5722 570 5782 γαρ
602 5709 709 5773 πᾶς
760 5702 959 5775 ἀσεϐὴς
992 5701 1165 5770 ὤρυξε
1221 5704 1314 5753 καὶ
1361 5698 1664 5768 ἀνέσκαψεν
1715 5695 1895 5760 αὐτὸν,
1946 5691 2040 5746 καὶ
2081 5689 2396 5759 ἐμπεσεῖται
2425 5684 2505 5746 είς
2535 5680 2723 5752 βόθρον
2759 5678 2818 5731 ὃν
2847 5676 3156 5749 εἰργάσατο.
