3976 6194
481 289 582 344 267

1151 286 1420 345 EUSEBlI
1446 285 1929 344 CESMUENSIS
1966 285 2115 344 OPP.
2156 287 2332 365 PARS
2369 286 2457 346 Ill.
2497 319 2564 329 —
2600 285 3015 345 EXEGETICA.

3622 293 3738 349 268

482 419 539 466 et
564 413 931 478 tegumentum
969 417 1089 458 eras
1124 418 1139 457 :
1176 405 1287 460 into
1313 403 1476 459 etiam
1521 403 1625 457 illis
1661 412 1789 456 tunc
1823 402 2054 458 sitienti-

2161 401 2290 455 ἀλλὰ
2324 402 2419 455 καὶ
2463 402 2737 472 διψώντων
2776 405 2895 456 κατ’
2930 404 3105 456 έκεῖνο
3136 405 3326 477 καιροῦ
3348 446 3362 469 ,
3418 407 3493 472 ὡς
3529 407 3737 478 λέγειν,

482 504 607 567 bus,
650 516 715 555 ac
765 498 1083 561 dicentibus,
1133 516 1152 549 ι
1186 496 1372 552 Sitivit
1418 496 1594 551 anima
1638 496 1857 549 meaad
1888 494 2055 550 Deum

485 588 678 642 fortem
726 595 780 640 et
814 586 1105 648 viventem,
1137 604 1155 635 ι
1213 593 1267 638 tu
1305 585 1427 638 item
1477 583 1598 638 fons
1640 598 1795 649 eras,
1831 585 1921 653 qui
1965 598 2058 639 eos

486 677 664 734 sancti
694 676 925 747 Spiritus
973 676 1125 729 alveo
1181 674 1543 747 refrigerabas
1598 686 1760 745 atque
1807 678 2056 745 potabas,

483 787 549 827 ac
575 784 666 826 eos
692 770 873 823 animo
900 767 1211 824 deﬁcientes
1242 760 1551 832 récreabas,
1578 769 1833 839 ipsosque
1858 769 2056 826 virtute

484 861 745 930 unigeniti
783 859 943 917 Verbi
1000 861 1072 915 tui
1118 861 1485 917 confortahas.
1537 860 1616 916 Ne
1674 876 1803 915 vero
1832 861 1945 917 haec
1990 865 2058 918 de

483 969 540 1009 se
586 953 731 1009 dicta
785 953 952 1010 fuisse
1000 955 1404 1024 suspicarentur
1458 951 1668 1017 Judaei,
1722 952 1945 1010 eﬂ‘usam
2002 956 2055 1010 in

481 1057 674 1100 omnes
727 1054 919 1111 gentes
968 1037 1167 1099 Christi
1226 1044 1458 1116 gratiam
1512 1046 1817 1102 necessario
1873 1046 2058 1101 adiicit

481 1139 568 1195 his
598 1138 781 1194 verbis
812 1155 824 1190 ε

555 1318 722 1372 Vsus.
756 1316 807 1371 6.
853 1336 871 1369 ι
900 1316 969 1372 Ει
1012 1317 1175 1372 faciet
1218 1318 1478 1373 Dominus
1523 1314 1761 1373 Sabaoth
1808 1318 2058 1371 omnibus

484 1414 737 1481 gentibus
768 1412 821 1466 in
855 1417 1040 1465 monte
1076 1413 1197 1465 hoc.
1231 1431 1249 1464 ι
1291 1413 1430 1478 Quid
1460 1428 1590 1468 vero
1621 1411 1823 1467 faciet?
1856 1412 2060 1467 Secun-

484 1505 609 1558 dum
656 1504 886 1573 reliquos
934 1504 1149 1573 quidem
1182 1504 1524 1573 interpretes,
1562 1523 1581 1556 ‹
1620 1515 1869 1576 polum,»
1919 1505 2056 1559 dici-

487 1607 609 1664 tur;
661 1598 953 1653 secundum
994 1607 1172 1652 autem
1202 1595 1367 1661 LXX,
1408 1616 1427 1647 ι
1449 1597 1665 1663 Bibent,
1700 1598 1893 1666 inquit,
1924 1597 2059 1652 lani-

483 1689 641 1754 tiam,
684 1689 866 1742 bibent
900 1678 1105 1740 vinum.
1132 1707 1153 1739 ι
1199 1686 1514 1741 Convivium
1546 1702 1675 1759 ergo
1705 1704 1807 1741 non
1847 1687 2054 1753 lsraeli,

2163 513 2182 547 ι
2232 495 2512 565 Ἐδίψησεν
2542 497 2574 565 ἡ
2605 494 2748 566 ψυχή
2784 512 2884 566 μου
2925 496 3060 566 πρὸς
3088 496 3179 550 τὸν
3224 497 3355 551 Θεὸν
3386 500 3477 553 τὸν
3516 502 3738 574 ἰσχυρὸν

2158 588 2250 640 καὶ
2280 585 2476 650 ζῶντα,
2517 606 2534 638 ι
2576 587 2640 639 σὺ
2672 586 2835 641 πάλιν
2863 582 3007 658 ἦσθα
3029 588 3200 660 πηγὴ,
3248 590 3507 662 δροσίζων
3536 593 3740 658 αὐτοὺς

2158 679 2251 731 καὶ
2273 676 2503 742 ποτίζων
2536 681 2602 749 τῇ
2627 677 2722 729 τοῦ
2746 677 2902 747 ἁγίου
2933 678 3249 748 Πνεύματος
3267 683 3520 755 ἐπιρροῇ,
3546 684 3647 737 καὶ
3675 686 3741 737 σὺ

2156 770 2255 841 τῆς
2288 770 2632 841 ὀλιγοψυχίας
2677 770 2872 834 αὐτοὺς
2930 771 3175 838 ἁνεκτῶ,
3227 774 3487 845 ἐνισχύων
3536 778 3743 839 αὑτοὺς

2156 867 2222 935 τῇ
2256 864 2478 933 δυνάμει
2524 862 2618 916 τοῦ
2667 864 2990 934 μονογενοῦς
3038 882 3133 917 σου
3169 866 3366 935 Λόγου.
3401 869 3521 922 Ἵνα
3566 868 3625 922 δὲ
3667 868 3745 938 μὲ

2160 958 2287 1026 περὶ
2316 955 2493 1009 αὐτῶν
2544 954 2713 1008 ταῦτα
2747 955 3001 1024 λέγεσθαι
3054 956 3397 1011 ὑπολάϐωσιν
3461 959 3745 1013 Ἰουδαίων

2159 1049 2365 1111 παῖδες,
2419 1047 2728 1116 ἀναγκαίως
2753 1047 2852 1119 τὴν
2890 1049 2970 1112 είς
3001 1049 3177 1103 πάντα
3221 1050 3285 1103 τά
3318 1051 3445 1122 ἔθνη
3477 1051 3745 1121 χυθεῖσαν

2157 1138 2249 1191 τοῦ
2271 1137 2505 1209 Χριστοῦ
2538 1140 2697 1210 χάριν
2728 1139 2979 1211 ἐπιφέρει
3010 1139 3185 1209 λέγων
3206 1158 3218 1171 ⁸

2234 1338 2252 1370 ι
2290 1319 2400 1373 Καὶ
2435 1319 2649 1391 ποιήσει
2676 1323 2705 1372 ό
2734 1319 2938 1392 Κύριος
2973 1318 3199 1374 Σαϐαὼθ
3239 1323 3369 1374 πᾶσι
3408 1324 3521 1385 τοῖς
3557 1322 3744 1376 ἔθνεσι

2158 1410 2249 1463 ἐπὶ
2278 1412 2336 1463 τὸ
2361 1410 2485 1482 ὅρος
2508 1411 2682 1464 τοῦτο.
2724 1429 2742 1464 ι
2799 1412 2863 1465 Τί
2908 1411 2964 1466 δὲ
3007 1413 3256 1483 ποιήσεις
3300 1413 3439 1465 κατὰ
3483 1414 3584 1484 μὲν
3610 1416 3745 1479 τοὺς

2158 1502 2373 1567 λοιποὺς
2396 1505 2759 1575 ὲρμηνευτάς,
2812 1524 2831 1556 ι
2869 1504 3052 1569 πότον,
3085 1524 3104 1557 ι
3151 1504 3276 1576 ἑξῆς
3309 1506 3521 1577 εἴρηται
3544 1524 3557 1535 ·
3595 1506 3747 1559 κατᾶ

2156 1594 2213 1647 δὲ
2252 1596 2376 1658 τοὺς
2415 1594 2833 1667 Ἐὀδομήκοντα,
2872 1616 2890 1647 ‹
2925 1595 3169 1665 ῐΙίονται,
3207 1616 3225 1648 ι
3262 1597 3456 1667 φησὶν,
3489 1617 3508 1649 ι
3549 1599 3745 1671 εὖφρο-

2163 1686 2351 1757 σύνην,
2386 1687 2597 1740 πίονται
2623 1684 2783 1741 οἶνον.
2823 1707 2842 1739 ›
2887 1688 3194 1759 Συμπόσιον
3219 1689 3395 1743 τοίνυν
3419 1691 3480 1743 οὐ
3513 1690 3590 1761 τῷ
3634 1692 3743 1744 ἰσο

490 1795 667 1849 neque
694 1779 918 1837 Judaico
951 1778 1166 1849 papulo,
1219 1780 1312 1833 sed
1344 1778 1593 1834 omnibus
1613 1756 1870 1849 gentibus
1899 1795 2054 1849 para-

2166 1756 2324 1849 ραὴλ,
2364 1777 2481 1830 οὐδὲ
2530 1778 2607 1849 τῷ
2664 1774 2934 1832 Ἰουδαίων
2969 1756 3116 1849 λαῷ,
3165 1781 3297 1833 πᾶσι
3334 1781 3390 1834 δὲ
3414 1783 3528 1846 τοῖς
3560 1756 3746 1836 ἔθνεσι

483 1882 661 1927 turum
686 1887 807 1927 esse
828 1872 1110 1925 Dominum
1133 1871 1476 1933 vaticinatur,
1504 1887 1608 1925 non
1636 1872 1687 1925 in
1706 1871 2057 1934 convallibus,

478 1980 583 2020 non
620 1964 672 2019 in
702 1964 949 2035 planitie,
984 1964 1077 2018 sed
1125 1979 1298 2031 neque
1336 1964 1517 2018 multis
1551 1966 1603 2018 in
1638 1966 1929 2030 montibus,
1966 1980 2060 2017 ne-

476 2070 584 2127 que
616 2056 667 2110 in
711 2056 817 2110 alio
855 2056 1048 2125 quovis
1103 2065 1305 2120 monte,
1337 2057 1430 2111 sed
1466 2056 1516 2111 in
1550 2057 1662 2124 illo,
1693 2073 1851 2126 quem
1886 2059 2060 2124 expli-

478 2165 610 2205 cans
638 2149 876 2214 dicebat,
914 2168 932 2201 ι
956 2150 1220 2215 Quoniam
1257 2148 1504 2217 regnabit
1539 2150 1797 2203 Dominus
1829 2151 1879 2204 in
1908 2167 2061 2204 tttOtt-

479 2242 647 2307 tibus,
690 2250 743 2296 et
786 2240 840 2294 in
882 2250 1172 2310 conspectu
1204 2242 1479 2295 seniorum
1530 2256 1749 2295 suorum
1795 2242 2059 2313 gloriﬁca-

478 2334 645 2389 bitur.
673 2352 693 2385 ›
732 2332 868 2388 Nam
906 2333 957 2388 in
1000 2342 1180 2388 monte
1226 2333 1377 2402 regni
1422 2336 1528 2398 sui,
1578 2333 1630 2387 in
1676 2349 1784 2403 quo
1830 2333 2057 2405 gloriam

480 2441 634 2483 suam
679 2426 985 2481 senioribus
1022 2425 1136 2480 suis
1175 2424 1462 2495 prmbehit,
1505 2441 1569 2481 ac
1598 2426 1846 2496 gentibus
1874 2431 2057 2483 convi-

478 2518 625 2572 vium
684 2516 988 2587 apparabit,
1043 2514 1468 2570 immortalitatis
1519 2525 1703 2584 potum
1755 2517 1885 2586 ipsis
1917 2518 2059 2574 elar-

477 2610 673 2677 gietur.
716 2609 868 2663 llunc
918 2623 1047 2663 vero
1098 2618 1333 2661 montem
1380 2606 1617 2675 explicat
1656 2609 1945 2678 Apostolus
1978 2609 2059 2664 di-

477 2718 605 2759 cens
632 2703 691 2768 "’,
736 2721 752 2754 ι
786 2701 1105 2757 Accessistis
1147 2699 1213 2753 ad
1246 2698 1373 2753 Sion
1408 2709 1668 2766 montem,
1697 2710 1753 2757 et
1783 2701 2054 2756 civitatem

474 2793 570 2849 Dei
615 2793 891 2857 viventis,
939 2789 1241 2846 Jerusalem
1303 2791 1603 2856 caelestem,
1657 2802 1715 2846 et
1764 2792 2054 2847 multorum

476 2885 709 2942 millium
754 2885 1070 2956 angelorum
1114 2882 1493 2951 frequentiam,
1525 2894 1578 2938 ει
1606 2884 1903 2939 Ecclesiam
1944 2886 2057 2955 pri-

475 2977 812 3043 mitivorum,
839 2976 928 3044 qui
960 2974 1215 3043 descripti
1252 2983 1380 3027 sunt
1412 2975 1464 3028 in
1492 2975 1666 3033 ctelis.
1694 2995 1714 3029 ι
1749 2974 1863 3032 Hoc
1894 2976 2057 3048 igitur

477 3067 534 3123 in
559 3068 677 3123 loco
703 3065 1006 3130 constituti,
1043 3081 1150 3122 non
1184 3065 1372 3130 lsrael,
1418 3066 1512 3122 sed
1539 3077 1797 3136 quotquot
1827 3084 1891 3123 ex
1920 3086 2051 3139 gen-

478 3146 623 3217 tibus
649 3160 903 3216 omnibus
940 3158 1401 3229 promissionibus
1432 3159 1638 3230 dignati
1669 3169 1835 3225 sunt,
1868 3160 2054 3217 bibent

477 3254 749 3319 laetitiam,
779 3252 966 3308 bibent
1004 3252 1130 3306 item
1165 3250 1295 3307 illud
1330 3265 1397 3307 ex
1427 3266 1557 3305 vera
1591 3252 1698 3307 vite
1735 3267 2052 3323 expressum

477 3345 687 3413 vinum,
727 3346 794 3399 de
840 3360 949 3417 quo
999 3343 1251 3401 Salvator
1295 3344 1389 3407 ait,
1441 3363 1461 3396 ο
1491 3344 1606 3399 Νοη
1652 3346 1836 3416 utique
1875 3346 2053 3402 bibam

477 3436 630 3503 illud,
668 3435 840 3490 donec
869 3435 1050 3491 bibam
1078 3433 1209 3489 illud
1242 3446 1442 3487 novum
1480 3431 1760 3488 vobiscum
1794 3433 1848 3487 in
1888 3449 2054 3504 regno

478 3528 740 3584 malorum
770 3528 837 3585 η.
867 3546 885 3579 ι

547 3707 718 3764 Vsus.
755 3710 809 3763 7.
869 3726 889 3760 ι
921 3708 1205 3778 Ungentur
1259 3718 1536 3780 unguento
1594 3708 1648 3763 in
1702 3719 1883 3763 monte
1929 3709 2051 3764 hoc.

475 3796 654 3854 Trade
687 3796 869 3852 omnia
920 3799 1035 3852 haec
1065 3797 1323 3865 gentibus
1359 3814 1373 3851 :
1425 3798 1712 3855 consilium
1756 3798 1899 3853 enim
1951 3799 2055 3852 hoc

476 3905 641 3958 super
687 3905 880 3945 onmes
924 3900 1130 3959 gentes.
1163 3909 1181 3943 ι
1246 3890 1446 3944 llorum
1492 3905 1658 3960 porro
1706 3891 1971 3959 imagines
2002 3900 2057 3944 et

477 3981 720 4053 symbols
753 3982 804 4035 in
843 3983 1119 4054 mysteriis
1166 3982 1293 4037 novi
1334 3982 1663 4038 Testamenti
1720 3998 1815 4053 per
1864 3983 2057 4054 mysti-

475 4091 600 4131 cum
632 4076 872 4132 chrisma
899 4085 954 4130 et
981 4075 1270 4131 salutarem
1302 4076 1621 4146 sanguinem
1658 4076 1811 4131 nobis
1836 4075 2054 4130 tradidit

473 4170 819 4240 cvangelicus
847 4184 1058 4232 sermo;
1091 4177 1149 4223 ut
1185 4169 1237 4223 in
1278 4169 1362 4224 his
1393 4169 1628 4239 probati,
1663 4169 1828 4224 etiam
1869 4169 2055 4223 melio-

475 4279 596 4318 rum
657 4262 948 4333 participes
1000 4263 1219 4317 simus:
1256 4262 1456 4316 etenim
1510 4261 1672 4317 Israel
1730 4262 1814 4317 his
1862 4262 2054 4331 dignus

474 4368 583 4407 non
641 4361 748 4406 est.
810 4352 1276 4418 Quemadmodum
1333 4362 1515 4407 autem
1574 4352 1696 4421 quis
1751 4353 2052 4421 depositum

2164 1872 2603 1943 παρασκευάσειν
2635 1871 2725 1924 τὸν
2769 1870 2973 1944 Κύριον
3005 1873 3062 1924 tv
3094 1871 3303 1935 τούτοις
3343 1872 3609 1938 θεσπίζει,
3642 1874 3749 1928 οὐκ

2162 1965 2219 2015 tv
2248 1962 2597 2033 κοιλώμασιν,
2638 1962 2759 2016 οὐδὲ
2789 1965 2846 2017 tv
2878 1963 3167 2034 φάραγξιν,
3207 1964 3327 2017 οὐδὲ
3358 1966 3414 2018 ἐν
3450 1966 3712 2020 πεδιάσιν
3734 1983 3749 1994 ο

2160 2054 2272 2108 ἀλλ’
2329 2056 2449 2109 οὐδὲ
2501 2057 2557 2108 tv
2613 2055 2825 2119 πολλοῖς
2867 2056 3072 2128 ὄρεσιν,
3122 2053 3232 2110 οὐδ’
3261 2057 3337 2121 ὼς
3384 2056 3570 2129 ἔτυχεν
3624 2058 3750 2121 ἑνὸς

2158 2145 2344 2216 ὅρους·
2375 2148 2487 2200 ἀλλ’
2537 2149 2594 2200 tv
2639 2146 2849 2220 ἐκείνῳ,
2878 2149 3013 2220 ὅπερ
3033 2149 3247 2214 δεικνὺς
3285 2150 3503 2218 ἔλεγεν·
3546 2171 3564 2201 ι
3615 2151 3751 2205 Ὅτι

2161 2237 2467 2308 βασιλεύσει
2504 2239 2705 2311 Κύριος
2740 2243 2797 2293 tv
2833 2241 3006 2312 ὄρεσι,
3055 2242 3147 2295 καὶ
3195 2241 3424 2296 ἐνώπιον
3457 2242 3567 2296 τῶν
3600 2261 3749 2315 πρε-

2160 2328 2437 2401 σϐυτέρων
2470 2329 2635 2383 αὐτοῦ
2676 2329 3086 2401 δοξασθήσεται.
3129 2350 3147 2383 ι
3199 2331 3286 2385 Ἐν
3337 2331 3445 2403 γάρ
3488 2332 3569 2402 τῷ
3623 2334 3750 2405 ὄρει

2156 2423 2253 2490 τῆς
2282 2419 2474 2474 ἑαυτοῦ
2508 2419 2803 2490 βασιλείας,
2829 2421 2886 2472 tv
2912 2413 2957 2488 ᾧ
2983 2421 3077 2474 καὶ
3103 2420 3201 2491 τὴν
3223 2417 3378 2484 δόξαν
3400 2418 3595 2473 ἑαυτοῦ
3630 2424 3749 2484 τοῖς

2157 2509 2350 2563 ἑαυτοῦ
2402 2509 2794 2582 πρεσϐυτέροις
2837 2510 3085 2581 παρέξει,
3144 2511 3238 2564 καὶ
3290 2514 3401 2573 τοῖς
3452 2508 3632 2563 ἔθνεσι
3685 2513 3750 2565 τὸ

2161 2602 2460 2673 συμπόσιον
2494 2602 2946 2673 παρασκευάσας,
2981 2602 3044 2656 τὸ
3078 2602 3176 2673 τῆς
3210 2600 3511 2665 ἀθανασίας
3554 2602 3749 2668 a’ml;

2158 2695 2319 2748 ποτὸν
2346 2694 2666 2766 δωρήσεται.
2701 2693 3005 2766 Παρίστησι
3029 2693 3085 2747 δὲ
3111 2693 3173 2746 τὸ
3197 2694 3322 2765 ὅρος
3346 2695 3374 2746 ό
3414 2695 3747 2760 ’Λπόστολος

2155 2787 2322 2841 είπὼν
2340 2803 2355 2818 ’
2384 2806 2402 2838 ι
2428 2786 2876 2859 Προσεληλύθατε
2921 2786 3059 2840 Σιὼν
3103 2786 3216 2859 ὖρει
3240 2825 3269 2851 ,η
3291 2787 3385 2840 καὶ
3418 2786 3572 2840 πόλει
3599 2788 3741 2842 Θεοῦ

2158 2876 2357 2941 ζῶντος
2396 2876 2752 2948 Ἰερουσαλὴμ
2780 2876 3108 2948 ἐπουρανίῳ,
3155 2877 3249 2930 καὶ
3287 2877 3545 2949 μυριάσιν
3575 2878 3745 2947 ἀγγέ-

2155 2968 2262 3021 λων
2319 2968 2647 3042 πανηγύρει,
2693 2970 2790 3023 καὶ
2837 2969 3132 3041 Ἐκκλησία
3184 2971 3552 3043 πρωτοτόκων
3600 2973 3743 3026 ἀπορ

2157 3063 2562 3134 γεγραμμένων
2610 3064 2667 3117 tv
2713 3063 2983 3135 οὐρανοῖς.
3053 3082 3072 3115 ι
3137 3062 3401 3117 Ἐνταῦθα
3438 3065 3619 3118 τοίνυν
3653 3082 3742 3133 7c-

2158 3154 2391 3227 νόμενοι,
2415 3157 2516 3227 οὐχ
2534 3157 2563 3208 ό
2600 3155 2839 3228 Ἰσραὴλ,
2867 3156 2981 3209 ἀλλ’
3004 3156 3055 3210 oi
3080 3153 3141 3220 ἐξ
3159 3155 3412 3210 ἁπάντων
3436 3157 3547 3211 τῶν
3569 3158 3741 3213 ἐθνῶν

2158 3247 2572 3319 καταξιούμενοι
2603 3248 2714 3301 τῶν
2748 3247 3087 3317 ἐπαγγελιῶν
3121 3248 3335 3302 πίονται
3366 3249 3742 3323 εὐφροσύνην.

2158 3341 2254 3395 καὶ
2286 3340 2496 3393 πίονται
2520 3340 2611 3393 τὸν
2641 3340 2705 3393 ἐκ
2729 3340 2826 3411 τῆς
2854 3339 3111 3412 ἀληθινῆς
3139 3340 3384 3413 ἀμπέλου
3412 3336 3572 3403 οἶνον,
3604 3346 3748 3415 περὶ

2157 3427 2217 3486 οὗ
2244 3434 2273 3485 ὁ
2303 3431 2495 3503 Σωτὴρ
2522 3431 2675 3501 ἔλεγε
2699 3449 2712 3461 ο
2758 3452 2775 3483 ι
2818 3432 2895 3485 Οὐ
2924 3431 3029 3503 μὴν
3056 3433 3165 3486 πίω
3196 3431 3379 3498 αὑτὸν,
3403 3432 3498 3495 ἕως
3527 3432 3595 3485 ἂν
3616 3434 3745 3488 πίω

2159 3522 2324 3575 αὐτὸν
2371 3520 2556 3576 καινὸν
2596 3521 2714 3594 μεθ’
2759 3521 2914 3593 ὑμῶν
2955 3523 3014 3576 tv
3043 3526 3109 3595 τῇ
3162 3521 3405 3595 βασιλεία
3431 3522 3531 3576 τῶν
3562 3523 3744 3595 obpa-

2160 3630 2263 3664 νων
2271 3653 2284 3664 .
2325 3629 2339 3661 ι

2232 3725 2250 3757 ι
2293 3705 2584 3776 Χρίσονται
2630 3704 2798 3777 μύρον
2845 3706 2902 3759 tv
2952 3704 3031 3777 τῷ
3083 3704 3199 3779 δρει
3244 3706 3441 3777 τούτῳ.
3488 3706 3747 3779 Παράόος

2156 3796 2333 3852 ταῦτα
2376 3799 2552 3852 πάντα
2588 3801 2698 3862 τοῖς
2734 3797 2942 3852 ἔθνεσιν
2970 3814 2985 3828 ο
3024 3800 3058 3870 ὴ
3112 3798 3221 3871 γὰρ
3252 3799 3413 3871 βουλὴ
3458 3798 3601 3871 αῦτη
3651 3803 3749 3854 ἐπὶ

2161 3892 2340 3946 πάντα
2370 3891 2440 3944 τὰ
2472 3889 2619 3962 ἔθνη.
2664 3909 2683 3942 ι
2720 3890 2936 3945 Τούτων
2961 3890 3020 3944 δὲ
3048 3890 3261 3954 εἰκόνας
3291 3892 3425 3962 ἡμῖν
3463 3891 3561 3943 καὶ
3599 3890 3745 3963 σύμε-

2158 3981 2288 4035 δολα
2314 3982 2372 4034 tv
2402 3984 2514 4045 τοῖς
2551 3981 2874 4053 μυστηρίοις
2893 3982 2993 4053 τῆς
3022 3984 3214 4054 καινῆς
3241 3981 3515 4052 Διαθήκης
3534 3982 3627 4035 διὰ
3647 3982 3745 4035 τοῦ

2162 4076 2423 4148 μυστικοῦ
2467 4074 2767 4147 χρίσματος
2823 4077 2917 4129 κα)⁸
2970 4075 3064 4130 τοῦ
3113 4075 3379 4148 σωτηρίου
3431 4075 3667 4146 αἵματος
3715 4079 3746 4130 ὁ

2158 4169 2511 4238 εὐαγγελικὸς
2544 4169 2900 4241 παραδέδωκε
2935 4168 3090 4238 λόγος
3124 4186 3138 4199 ·
3170 4170 3277 4237 ἵνα,
3319 4172 3378 4223 tv
3409 4169 3619 4234 τούτοις
3652 4171 3743 4226 δο-

2158 4260 2538 4332 κιμασθέντες,
2585 4261 2811 4315 καὶτῶν
2847 4262 3169 4333 κρειττόνων
3213 4261 3609 4333 μεταλάϐωμεν
3641 4279 3661 4295 ο
3714 4266 3749 4317 ὁ

2156 4355 2267 4425 γὰρ
2308 4353 2525 4427 Ἰσραὴλ
2560 4354 2662 4407 οὐκ
2690 4352 2839 4418 ἄξιος
2866 4354 3088 4408 τούτων.
3127 4356 3337 4427 Ὠσπερ
3366 4355 3423 4409 δέ
3457 4373 3542 4421 τις
3569 4373 3746 4428 παρα-

474 4460 597 4498 cum
653 4459 901 4499 mensura
967 4445 1166 4512 tradit,
1221 4447 1337 4510 sie,
1394 4446 1591 4514 inquit,
1642 4446 1926 4515 mysticum
1981 4446 2049 4498 de

2161 4447 2465 4519 καταθήκην
2495 4449 2552 4500 tv
2572 4447 2755 4519 μέτρῳ
2778 4447 3305 4518 παραδίδωσι,οῦτω,
3330 4447 3482 4519 φησὶ,
3498 4449 3593 4502 τὸν
3607 4450 3745 4521 περὶ

471 4535 748 4605 praedictis
806 4538 967 4590 rebus
1024 4550 1332 4591 sermonem
1406 4540 1558 4590 trade
1619 4535 1888 4589 omnibus»
1922 4548 2055 4603 gen-

477 4628 621 4681 tibus
679 4641 693 4679 :

474 4727 558 4773 ῑεε
588 4729 689 4773 est.

550 4810 711 4868 Vnus.
740 4812 792 4869 8.
834 4831 853 4866 ι
877 4814 1160 4886 Absorpsit
1200 4828 1347 4869 mors
1384 4813 1720 4884 praevalens,
1766 4823 1823 4866 et
1865 4827 2051 4866 rursus

471 4903 695 4959 abstulit
727 4904 868 4961 Deus
896 4923 1111 4963 omnem
1142 4907 1435 4977 lacrymam
1469 4908 1537 4959 ab
1561 4905 1709 4959 omni
1739 4903 1885 4958 vultu
1917 4922 1932 4957 :
1963 4919 2051 4972 op-

470 4980 757 5063 probrium
810 4996 991 5067 populi
1043 4996 1283 5053 abstulit
1317 4997 1386 5051 ab
1448 4996 1703 5049 universa
1754 5004 1943 5049 terra:
1988 5008 2051 5047 os

471 5088 616 5142 enim
644 5086 858 5142 Domini
889 5090 1129 5143 locutum
1155 5098 1256 5143 est.
1286 5107 1304 5140 ι
1341 5088 1478 5142 Tum
1509 5088 1695 5156 igitur,
1724 5101 1844 5141 cum
1875 5087 2048 5140 sancti

471 5194 585 5239 una
626 5196 748 5235 cum
794 5181 935 5237 Filio
986 5183 1082 5236 Dei
1137 5180 1481 5252 regnabunt,
1536 5181 1647 5247 ipsa
1706 5195 1870 5243 mors,
1931 5196 2052 5249 qua:

471 5273 600 5327 olim
630 5273 961 5344 deglutiebat
989 5291 1118 5341 eos,
1146 5276 1368 5330 omnino
1396 5272 1794 5329 absorbebitur.
1827 5271 1932 5327 Pro
1959 5273 2048 5326 illa

470 5375 676 5430 autem,
708 5369 813 5422 erit
842 5369 1028 5423 unctio
1071 5384 1175 5438 qua
1226 5368 1558 5437 innngentur
1600 5380 1788 5420 omnes
1839 5375 2045 5435 gentes.

470 5456 681 5513 Etenim
712 5462 859 5515 uncti
908 5461 997 5514 illo
1028 5472 1323 5530 unguento,
1369 5477 1476 5515 non
1509 5460 1653 5513 ultra
1683 5460 1840 5513 morti
1888 5469 2052 5513 erunt

471 5553 687 5607 obnoxii
713 5593 728 5617 ,
770 5555 866 5609 sed
897 5555 1321 5610 immortalitatis
1353 5565 1407 5609 et
1432 5565 1649 5609 {eterna
1682 5553 1803 5608 vita:
1829 5568 2052 5609 consor-

507 5753 519 5783 π
574 5751 732 5809 Hebr.
760 5770 859 5820 xu,
893 5754 986 5809 22.
1064 5756 1108 5790 υ
1132 5755 1319 5813 Matth.
1352 5750 1499 5818 XXVI,
1536 5755 1624 5813 29.

754 4643 877 4681 nam
945 4629 1047 4683 hoc
1109 4628 1397 4682 consilium
1459 4643 1623 4697 super
1675 4641 1865 4681 omnes
1919 4640 2088 4698 geuo.

2155 4539 2263 4592 τῶν
2308 4538 2606 4609 λεχθέντων
2660 4538 2920 4610 μυστικὸν
2973 4540 3130 4608 λόγον
3173 4539 3411 4611 παράδος
3443 4541 3579 4593 πᾶσι
3626 4546 3742 4605 τοῖς

2158 4632 2333 4686 ἔθνεσι
2361 4648 2375 4664 ο
2405 4635 2498 4687 καὶ
2528 4632 2635 4707 γάρ
2664 4632 2825 4705 βουλὴ
2856 4633 2994 4705 αὕτη
3023 4634 3117 4687 ἐπὶ
3149 4635 3324 4688 πάντα
3340 4633 3410 4687 τὰ
3440 4633 3590 4706 ἔθνη.

2228 4834 2263 4864 ι-
2291 4815 2567 4869 Κατέπιεν
2586 4816 2615 4867 ὁ
2639 4815 2866 4879 θάνατος
2888 4815 3132 4887 ἰσχύσας,
3148 4816 3243 4868 καὶ
3258 4813 3419 4868 πάλιν
3442 4813 3693 4883 άφεῐλειν
3711 4815 3743 4866 ό

2152 4906 2284 4970 Θεὸς
2309 4908 2417 4960 πᾶν
2441 4907 2674 4977 δάκρυον
2704 4909 2813 4963 ἀπὸ
2834 4909 3033 4973 παντὸς
3063 4907 3357 4982 προσώπου
3380 4924 3393 4937 ·
3429 4907 3489 4959 τὸ
3534 4892 3743 4972 ὄνειδος

2147 4998 2245 5051 τοῦ
2280 4998 2410 5052 λαοῦ
2440 5001 2657 5068 ἀφεῖλεν
2677 5001 2785 5056 ἀπὸ
2810 5002 2992 5073 πάσης
3018 5001 3244 5072 τῆςογῆς
3268 5015 3282 5030 ⁸
3318 5000 3379 5054 τὸ
3401 4998 3512 5069 γὰρ
3558 4998 3741 5070 στόμα

2148 5090 2350 5162 Κυρίου
2373 5091 2617 5162 ὲλάλησε.
2646 5112 2664 5143 ι
2688 5094 2819 5147 Τότε
2836 5078 3033 5157 τοίνυν,
3051 5094 3137 5147 δτε
3164 5091 3242 5163 τῷ
3274 5091 3389 5163 Υιῷ
3410 5091 3504 5145 τοῦ
3527 5090 3668 5145 Θεοῦ
3689 5091 3742 5145 οἱ

2150 5184 2293 5253 άγιοι
2325 5181 2862 5255 ωμὸασιλεύσουσιν,
2896 5187 3057 5251 αὐτὸς
3081 5189 3110 5240 ὀ
3136 5186 3410 5250 θάνατοςό
3439 5184 3612 5239 πάλαι
3640 5203 3743 5241 Ἀα-

2152 5278 2623 5342 ταπίνωναύτοὺς,
2646 5278 2861 5343 πάντως
2887 5279 3510 5351 καταποθήσεται.·“Δνιὶ
3530 5278 3592 5333 δὲ
3616 5279 3751 5333 τού-

2155 5386 2249 5423 του
2280 5371 2430 5425 ἔσται
2463 5375 2494 5443 ὴ
2528 5374 2709 5444 χρίσις
2745 5375 2777 5444 ἡ
2808 5372 3138 5446 κεχρισμένῃ
3169 5376 3249 5437 είς
3277 5373 3454 5426 πάντα
3484 5372 3557 5427 τά
3572 5372 3745 5443 sm.

2158 5461 2483 5535 Χρισθέντες
2534 5464 2675 5536 γάρα.
2693 5465 2789 5535 τῷι
2812 5466 3109 5537 χρίσματι,
3165 5465 3350 5519 οὐκέτι
3400 5467 3749 5536 γενήσονται

2158 5557 2455 5627 ὑποχείριοι
2490 5558 2566 5628 τῷ
2599 5558 2846 5629 θανάτῳο·
2884 5559 3179 5622 ἀθανασίας
3204 5559 3260 5613 δὲ
3295 5557 3573 5629 καὶνζωῆς
3604 5559 3749 5618 alt-J-
