3976 6194
229 317 342 377 269’

1149 305 1647 368 COMMENTARIA
1684 312 1750 368 IN
1792 309 2048 367 lSAiAM.
2084 344 2150 352 —
2186 313 2340 367 CAP.
2383 306 2572 374 XXVI.

3377 323 3482 391 επ

228 430 346 486 νίου
377 425 722 501 μετέχοντες,
756 426 848 480 τὸν
883 426 1111 482 θάνατον
1133 427 1490 503 ἅνενέργητον
1517 432 1610 486 καὶ
1630 432 1801 503 ὥσπερ

1922 439 2024 496 tes,
2056 442 2285 486 mortem
2317 431 2644 487 imbecillam
2675 441 2726 487 et
2757 433 2910 502 quasi
2937 442 3202 488 mortuam
3234 437 3480 496 reddent.

233 521 428 592 νεκρὸν
449 514 865 589 καταστήσουσι.
907 519 1053 589 ,Ἀλλ’
1075 520 1225 592 ὁμῶς
1248 523 1276 573 6
1307 522 1683 595 φιλάνθρωπος
1702 523 1812 577 τῶν

238 609 541 683 ἀνθρώπων
578 609 791 680 Σωτὴρ,
825 608 1132 680 ῥυσάμενος
1175 609 1270 664 τοῦ
1317 611 1544 666 θανάτου
1577 613 1676 676 τὰς
1704 613 1811 667 τῶν

243 700 540 773 ἀνθρώπων
587 697 788 768 ψυχὰς,
834 698 934 769 τῆς
970 716 1030 751 τε
1072 699 1331 753 πολυθέου
1365 703 1459 755 καὶ
1495 703 1812 773 δαιμονικῆς

246 795 452 862 πλάνης
490 790 880 862 ἐλευθερώσας,
917 791 1103 860 ἀφεῖλε
1139 794 1246 845 πᾶν
1273 793 1506 864 δάκρυον
1543 795 1651 848 ἀπὸ
1677 813 1811 847 παν-

247 884 336 950 τὸς
385 881 687 956 προσώπου.
755 882 999 945 Ὀνειδος
1049 883 1104 937 δὲ
1160 879 1228 954 ἦν
1281 884 1374 938 τοῦ
1433 879 1562 939 λαοῦ
1612 887 1704 939 τοῦ
1753 886 1810 954 ἐξ

247 978 404 1033 ἐθνῶν
462 979 494 1046 ἡ
549 977 874 1048 κρατήσασα
925 975 1107 1028 αὐτῶν
1164 976 1577 1049 εἰδωλολατρεία
1608 996 1620 1008 ·
1677 980 1810 1050 ὅπερ

245 1068 430 1130 ὄνειδος
463 1067 684 1135 ἀφεῖλεν
733 1066 761 1116 6
792 1065 924 1128 Θεὸς
946 1105 957 1120 .
996 1067 1091 1118 καὶ
1137 1065 1198 1119 τὸ
1235 1068 1326 1120 ἐπὶ
1351 1067 1528 1140 τούτῳ
1557 1069 1806 1139 δάκρυον,

245 1161 344 1213 τῶν
371 1158 458 1212 διὰ
482 1159 580 1229 τὴν
607 1157 1017 1228 φιλανθρωπίαν
1049 1157 1147 1229 τὴν
1176 1157 1284 1212 τῶν
1321 1160 1589 1214 τοσούτων
1624 1161 1809 1233 ψυχῶν

1911 523 2163 577 Attamen
2211 523 2452 578 clemens
2495 523 2585 578 ille
2628 524 2904 580 hominum
2955 523 3246 593 Servator,
3281 525 3482 598 ereptis

1912 628 1940 665 a
1988 623 2158 668 morte
2207 622 2368 679 atque
2415 630 2445 667 a
2491 615 2870 683 superstitioso
2911 625 2966 671 et
3007 617 3270 674 diabolico
3301 623 3481 674 numi-

1913 718 2037 757 num
2087 719 2271 758 errore
2303 704 2551 758 liberalis
2589 705 2872 761 animabus
2903 707 3202 774 hominum,
3253 711 3480 766 abstulit

1911 809 2123 848 omnem
2179 795 2470 866 lacrytnam
2511 797 2579 850 ab
2619 798 2764 852 omni
2793 798 2960 852 vultu.
2991 797 3350 869 Opprobriutu
3385 808 3482 857 att-

1913 894 2018 939 tem
2065 885 2244 956 populi
2274 899 2340 940 ex
2383 887 2634 956 gentibus
2663 900 2780 942 erat
2826 889 3125 946 idololatria
3162 909 3330 962 penes
3360 895 3481 952 illos

1910 977 2159 1033 obtinens
2195 997 2208 1032 :
2249 980 2390 1050 quod
2423 980 2774 1050 Opprobrium
2810 994 2864 1036 et
2899 983 3162 1054 laerymas
3203 987 3324 1044 inde
3355 1001 3481 1044 con-

1911 1071 2198 1138 sequentes
2233 1072 2455 1126 abstulit
2491 1074 2654 1140 Deus,
2696 1075 2761 1128 iis
2817 1075 2906 1145 qui
2937 1075 3012 1130 ob‘
3051 1079 3342 1135 humanum
3392 1072 3479 1137 af-

1911 1157 2110 1213 fectum
2159 1162 2461 1214 animarum
2513 1160 2818 1230 bujusmodi
2874 1164 3166 1232 perniciem
3205 1166 3476 1238 lugebant.

242 1248 682 1318 ἀποκλαιομένων
710 1245 1002 1300 ἀπώλειαν.
1042 1247 1279 1311 Ὄνειδος
1304 1247 1410 1320 γὰρ
1438 1241 1505 1320 ἦν
1529 1242 1588 1302 ού
1618 1250 1811 1323 μικρὸν

236 1343 342 1404 τοῖς
373 1342 495 1394 κατ’
548 1339 733 1393 εἰκόνα
784 1337 878 1392 τοῦ
931 1337 1066 1392 Θεοῦ
1101 1341 1489 1412 πεποιημένοις
1538 1340 1599 1394 τὸ
1648 1343 1811 1395 ἐκπε-

237 1436 344 1486 σεῖν
389 1426 488 1503 τῆς
540 1430 762 1485 αἰωνίου
812 1431 956 1500 ζωῆς
1010 1433 1102 1484 καὶ
1156 1428 1371 1502 θανάτῳ
1419 1432 1806 1504 ὑποϐληθῆναι.

247 1523 379 1577 Ἀλλ’
432 1522 730 1595 ἀρθήσεται
782 1522 844 1574 τὸ
892 1521 1110 1587 ὄνειδος,
1149 1520 1244 1575 τοῦ
1276 1524 1372 1594 μὲν
1409 1523 1634 1578 θανάτου
1677 1541 1814 1577 κατ-

233 1615 559 1687 αργηθέντος
627 1615 722 1667 καὶ
761 1612 858 1666 τοῦ
899 1613 1122 1678 σκότους
1166 1610 1551 1683 ἀφανισθέντος
1577 1630 1589 1642 ·
1625 1615 1722 1685 τῆς
1757 1614 1801 1667 δέ

1915 1620 1984 1673 sti
2015 1631 2197 1685 autem
2231 1636 2397 1692 regno
2425 1621 2476 1674 in
2507 1631 2712 1675 aeterna
2747 1622 2852 1675 vita
2886 1621 3142 1693 fulgente,
3173 1625 3264 1680 illo
3294 1625 3477 1682 fruen-

247 1708 342 1762 τοῦ
379 1707 613 1781 Χριστοῦ
663 1707 934 1778 βασιλείας
983 1707 1182 1777 αἰωνίῳ
1227 1709 1338 1779 ζωῇ
1378 1707 1801 1779 διαλαμπούσης,

1917 1719 2004 1763 ιιιι·
2043 1713 2076 1764 ii
2112 1727 2178 1766 ex
2227 1713 2513 1781 gentibus,
2555 1713 2647 1782 qui
2697 1729 2726 1765 a
2775 1712 3014 1781 pristinis
3057 1716 3271 1784 quidem
3323 1711 3481 1775 malis

241 1797 636 1855 ἀπολαύσουσιν
662 1801 712 1852 οἱ
741 1799 797 1865 ἐξ
823 1798 1076 1852 ἁπάντων
1095 1799 1202 1853 τῶν
1226 1799 1393 1853 ἐθνῶν
1421 1801 1529 1854 τῶν
1555 1801 1652 1870 μὲν
1677 1817 1801 1870 προ-

1910 1803 2081 1872 erepti
2113 1811 2276 1867 sunt,
2313 1812 2368 1857 et
2403 1804 2493 1870 qui
2527 1804 2806 1872 promissis
2832 1803 2925 1859 Dei
2967 1804 3332 1865 donabuntur.

243 1893 417 1965 τέρων
463 1892 890 1963 ἠλευθερωμένοι
950 1892 1156 1957 κακῶν,
1195 1891 1305 1945 τῶν
1359 1893 1415 1946 δὲ
1468 1894 1806 1962 ἐπαγγελιῶν

241 1981 376 2036 Θεοῦ
409 1980 946 2054 καταξιωθησόμενοι.

316 2090 333 2122 ι
366 2073 469 2125 Καὶ
497 2069 676 2142 ἐροῦσι
707 2073 770 2142 τῇ
799 2071 979 2142 ἡμέρᾳ.
1009 2071 1226 2144 ἐκείνῃ·
1266 2073 1392 2126 Ἰδοὺ
1441 2073 1469 2124 6
1493 2073 1624 2138 Θεὸς
1653 2073 1807 2145 ἡμῶν

241 2164 326 2233 ἐφ’
357 2157 759 2235 ἠλπίζομεν,
811 2166 902 2219 καὶ
950 2164 1110 2218 σώσει
1159 2168 1328 2238 ἡμᾶς.
1373 2163 1538 2231 Οῦτος
1583 2161 1806 2240 Κύριος,

237 2255 598 2327 ὑπεμείναμεν
631 2255 778 2327 αὐτῷ
814 2258 907 2310 καὶ
938 2257 1342 2329 ἡγαλλιώμεθα,
1377 2260 1470 2312 καὶ
1503 2261 1810 2333 εὐφρανθη-

230 2344 436 2416 σόμεθα
472 2347 563 2399 ἐπὶ
592 2348 658 2416 τῇ
694 2345 937 2417 σωτηρίᾳ
977 2347 1156 2417 ἡμῶν.
1199 2349 1527 2402 Ἀνάπαυσιν
1571 2348 1729 2403 δώσει
1779 2353 1808 2403 6

227 2436 357 2500 Θεὸς
387 2439 477 2491 ἐπὶ
513 2439 573 2491 τὸ
600 2439 724 2509 ὅρος
756 2438 931 2492 τοῦτο.
971 2458 989 2490 ι
1011 2439 1427 2505 Καταποθέντος
1457 2441 1552 2496 τοῦ
1574 2442 1806 2497 θανάτου

227 2531 367 2583 κατὰ
397 2531 487 2583 τὸν
509 2530 608 2600 τῆς
641 2529 989 2595 ἀναστάσεως
1035 2534 1244 2604 καιρὸν,
1270 2535 1318 2586 οἱ
1353 2532 1445 2585 τοῦ
1469 2534 1589 2587 νέου
1617 2535 1809 2598 αἰῶνος

227 2621 332 2674 υἱοὶ
380 2626 448 2695 τῇ
486 2625 670 2696 ἡμέρᾳ.
697 2625 878 2696 ἐκείνῃ
922 2625 1332 2696 εὐχαριστήριον
1375 2625 1594 2696 ᾄσουσιν
1639 2627 1804 2697 ᾠδὴν,

230 2713 462 2786 ὁρῶντες
505 2717 563 2768 ἐν
603 2715 731 2787 δόξῃ
766 2716 856 2768 τὸν
899 2715 1107 2768 ἑαυτῶν
1138 2714 1383 2787 Σωτῆρα,
1429 2716 1523 2769 καὶ
1556 2715 1804 2786 ἐροῦσιν·

230 2822 251 2856 ι
302 2805 435 2860 Ἰδοὺ
464 2805 492 2855 6
531 2807 662 2870 Θεὸς
690 2805 849 2877 ἡμῶν
899 2807 983 2875 ἐφ’
1013 2800 1058 2874 ᾧ
1087 2806 1406 2876 ἠλπίζομεν.
1448 2826 1465 2856 ι
1504 2806 1677 2858 Πάλαι
1709 2806 1807 2876 μὲν

223 2897 338 2967 γὰρ
389 2899 544 2951 αὑτὸν
605 2901 662 2950 ἐν
714 2898 923 2950 ἐλπίσιν
979 2898 1228 2970 εἴχομεν,
1292 2898 1634 2962 πιστεύοντες
1686 2901 1806 2962 ταῖς

227 2989 405 3052 θείαις
426 2991 553 3062 περὶ
578 2989 736 3042 αὐτοῦ
763 2989 1132 3053 διδασκαλίαις
1151 3006 1164 3019 ⁸
1195 2988 1289 3042 νῦν
1314 2988 1368 3040 δὲ
1394 2990 1488 3042 καὶ
1508 2987 1801 3059 ὀφθαλμοῖς

1908 2987 2012 3058 iam
2038 3003 2168 3042 vero
2213 2987 2344 3058 ipsis
2373 2987 2546 3042 oculis
2575 2988 2821 3043 videmus
2853 3004 2996 3056 eum,
3025 3006 3193 3062 quare
3230 2994 3340 3064 jam
3379 2995 3471 3050 diu

224 3081 448 3152 ὁρῶμεν
519 3077 704 3144 αὑτὸν,
746 3083 822 3136 διὸ
869 3082 1208 3152 ὑπεμένομεν
1261 3080 1424 3134 πάλαι
1473 3081 1544 3134 τὰ
1585 3080 1801 3136 ἐπιόντα

1908 3079 2305 3135 sustinebamus
2349 3078 2653 3148 ingruentia
2705 3079 2862 3135 nobis
2905 3081 3065 3136 mala.
3121 3084 3188 3138 Et
3235 3085 3311 3140 illi
3344 3084 3470 3155 qui~

223 3147 363 3242 ἡμῖν
403 3171 633 3244 λυπηρά.
687 3175 793 3228 Καὶ
836 3177 884 3228 oi
923 3147 1020 3246 μέν
1054 3147 1226 3226 ταῦτα
1259 3174 1502 3244 ἐροῦσιν·
1534 3175 1562 3226 6
1593 3173 1648 3225 δέ
1677 3172 1801 3226 ἀνά-

1908 3172 2028 3226 dem
2064 3170 2178 3226 haec
2206 3171 2402 3226 dicturi
2416 3147 2598 3236 sunt;
2647 3169 2736 3226 ille
2768 3184 2896 3226 vero
2942 3174 3179 3245 requiem
3214 3176 3346 3246 ipsis
3362 3147 3470 3232 -dat-
3543 3249 3556 3258 θ

225 3281 430 3318 παυσιν
457 3266 635 3329 αὐτοῖς
665 3265 821 3319 δώσει
847 3269 902 3319 ἐν
925 3265 1004 3337 τῷ
1032 3265 1374 3337 προλεχθέντι
1405 3265 1503 3336 τῆς
1527 3264 1800 3336 βασιλείας

1908 3265 1981 3320 bit
2010 3264 2062 3318 in
2097 3271 2395 3318 memorato
2430 3263 2576 3331 regni
2611 3262 2694 3316 sui
2735 3274 2938 3320 monte.

223 3356 394 3411 αὐτοῦ
428 3357 562 3429 δρει.

219 3521 226 3528 η
295 3466 314 3500 ι
351 3451 462 3502 Καὶ
505 3449 1018 3522 καταπατηθήσεται
1079 3451 1112 3521 ἡ
1169 3449 1470 3514 Μωαϐῖτις,
1511 3445 1571 3502 ὃν
1599 3440 1798 3520 τρόπον

212 3541 480 3596 πατοῦσιν
510 3542 688 3596 ἅλωνα
722 3545 780 3594 ἐν
821 3542 1076 3612 ἁμάξαις.
1113 3542 1223 3595 Καὶ
1251 3543 1439 3614 ἀνήσει
1481 3542 1578 3605 τὰς
1610 3547 1797 3616 χεῖρας

211 3635 404 3708 αὐτοῦ,
427 3637 484 3688 ὃν
510 3637 706 3707 τρόπον
736 3637 827 3689 καὶ
847 3635 1006 3698 αὐτὸς
1033 3635 1360 3687 ἐταπείνωσε
1385 3633 1478 3688 τοῦ
1512 3635 1792 3688 ἀπολέσαι.

211 3723 329 3778 Καὶ
362 3725 687 3779 ταπεινώσει
729 3725 826 3794 τὴν
875 3723 1028 3796 ὕϐριν
1075 3722 1260 3787 αὑτοῦ,
1299 3725 1383 3792 ἐφ’
1413 3723 1449 3777 ἂ
1485 3724 1582 3787 τὰς
1610 3726 1798 3795 χεῖρας

1914 1248 2056 1303 Sane
2106 1252 2456 1321 opprobrium
2511 1269 2617 1306 non
2669 1253 2938 1308 modicum
2989 1266 3106 1310 erat
3157 1257 3224 1312 iis
3269 1260 3358 1328 qui
3409 1263 3480 1316 ad

1914 1343 2200 1412 imaginem
2242 1343 2334 1398 Dei
2372 1345 2574 1398 conditi
2622 1354 2814 1409 erant,
2864 1346 3004 1415 quod
3045 1364 3075 1402 a
3124 1349 3230 1404 vita
3279 1361 3479 1408 aeterna

1915 1433 2225 1487 laberentur
2249 1449 2312 1489 ac
2341 1436 2500 1488 morti
2531 1435 2947 1505 subjicercntur.
2985 1438 3091 1494 Sed
3123 1442 3475 1511 opprobrium

1914 1526 2214 1591 auferetur,
2249 1527 2421 1582 deleta
2455 1540 2648 1592 morte,
2681 1529 3021 1600 tenebrisque
3051 1531 3295 1589 sublatis.
3325 1526 3478 1591 Chri-

1984 2071 2146 2127 Yens.
2177 2071 2230 2138 9,
2262 2065 2351 2129 1'0.
2389 2093 2407 2126 ι
2432 2075 2496 2130 Et
2543 2072 2724 2130 dicent
2757 2078 2808 2130 in
2853 2069 2939 2131 illa
2989 2079 3074 2132 die
3097 2120 3113 2144 ,
3157 2078 3296 2137 Ecce
3335 2081 3478 2142 Deut

1912 2176 2112 2230 noster,
2149 2167 2202 2220 in
2246 2181 2351 2235 quo
2396 2169 2785 2236 sperabamus,
2830 2181 2880 2221 ct
2930 2168 3159 2224 snlvabit
3201 2187 3320 2227 nos.
3369 2173 3478 2230 Iste

1910 2253 2201 2320 Dominus,
2225 2254 2581 2310 sustinuimus
2609 2271 2754 2319 eum,
2787 2266 2840 2311 et
2866 2258 3269 2315 exsultabamus
3297 2272 3351 2315 et
3383 2263 3475 2318 la»-

1911 2347 2145 2404 tabituur
2175 2350 2228 2404 in
2260 2349 2436 2406 salute
2481 2360 2687 2404 nostra.
2742 2347 2999 2418 Requiem
3034 2352 3184 2406 dabit
3215 2341 3354 2409 Deus
3383 2372 3460 2411 su-

1903 2454 2006 2512 per
2037 2449 2269 2494 montem
2299 2439 2460 2493 hunc.
2493 2459 2512 2493 ι
2560 2441 2824 2509 Absorpta
2857 2438 3474 2504 mortemesurrectioni's

1911 2543 2184 2602 tempore,
2244 2533 2369 2587 novi
2429 2533 2610 2588 smculi
2664 2533 2758 2586 filii
2806 2535 2859 2589 in
2905 2534 2994 2587 illa
3047 2527 3136 2590 die
3179 2539 3473 2606 gratiarum

1908 2625 2137 2678 actionis
2175 2625 2448 2678 canticum
2480 2635 2696 2686 canent,
2731 2626 2973 2679 videntes
3004 2627 3054 2680 in
3080 2625 3253 2695 gloria
3281 2627 3465 2683 Serva-

1899 2711 2078 2766 torem
2111 2727 2265 2766 suum
2286 2753 2302 2777 ,
2333 2721 2387 2768 et
2423 2712 2624 2779 dicent,
2664 2731 2682 2762 ι
2713 2710 2850 2768 Ecce
2876 2715 3017 2770 Deus
3054 2727 3258 2782 noster,
3283 2718 3336 2772 in
3365 2728 3470 2789 quo

1907 2805 2276 2872 sperabamus.
2299 2824 2317 2856 ι
2353 2804 2494 2860 Olim
2522 2819 2756 2874 namque
2797 2805 2970 2874 ipsum
3015 2809 3067 2863 in
3101 2824 3195 2879 spe
3228 2805 3439 2868 habeba‘

1909 2913 2054 2963 mus,
2090 2897 2348 2952 doctrinae
2376 2897 2551 2966 ipsum
2587 2897 2929 2952 annuntianti
2959 2900 3115 2955 fidem
3168 2903 3471 2971 habentes;

1971 3441 2137 3501 Vsus.
2170 3445 2260 3509 Η,
2294 3444 2380 3498 12.
2417 3463 2436 3496 ι
2464 3445 2530 3498 Ει
2571 3444 2976 3499 conculcabitur
3004 3445 3284 3513 Moabitis,
3329 3461 3463 3519 quo-

1900 3541 2060 3595 modo
2096 3538 2305 3593 calcant
2348 3551 2530 3592 aream
2583 3536 2856 3605 plaustris.
2900 3538 2965 3594 Et
3004 3541 3243 3594 remittet
3272 3549 3465 3598 manus

1899 3648 2048 3696 suas,
2094 3633 2234 3685 sicut
2266 3636 2321 3682 et
2355 3629 2465 3696 ipse
2507 3628 2833 3693 humiliavit,
2876 3638 2933 3682 ut
2966 3630 3231 3700 perderet.
3278 3613 3345 3685 Εἰ
3370 3633 3464 3686 de-

1900 3724 2092 3794 primet
2124 3711 2374 3791 iniuriam
2410 3719 2546 3788 ejus,
2586 3720 2638 3772 iu
2670 3734 2790 3788 qua:
2823 3733 3014 3775 manus
3057 3719 3260 3789 injecit,
3295 3730 3350 3776 et
3377 3721 3460 3776 al"-

1901 3815 2180 3871 titudinetu
2233 3815 2422 3884 refugii
2478 3809 2618 3869 muri
2664 3813 2970 3872 humili-abit
3007 3833 3022 3870 :
3064 3824 3119 3870 et
3167 3815 3462 3873 descendet

1897 3927 2072 3981 usque
2101 3911 2167 3966 ad
2208 3901 2596 3982 pavimentum.
2626 3926 2645 3960 ι
2679 3907 2929 3962 Arbitror
2973 3907 3063 3962 hic
3093 3903 3248 3963 Moab
3283 3908 3464 3968 vocari

1899 4003 2192 4070 malignum
2259 4001 2592 4064 dmmonem,
2661 4009 2715 4052 et
2770 3998 3134 4052 adversariam
3183 3998 3464 4061 virtutem.

1899 4109 2016 4165 quae
2061 4094 2187 4150 olitn
2222 4093 2362 4162 apud
2393 4090 2661 4146 Moabitas
2713 4098 2771 4144 ut
2803 4090 2938 4144 deus
2987 4089 3292 4158 colebatur;
3345 4107 3466 4162 qua:

1899 4187 2023 4256 quia
2069 4185 2236 4239 altum
2287 4181 2572 4249 sapiebat,
2618 4193 2804 4236 contra
2847 4181 3015 4234 Deum
3064 4179 3228 4235 Israel
3273 4189 3461 4250 super-

207 3813 478 3879 ἐπέϐαλε,
519 3819 609 3870 καὶ
641 3813 700 3870 τὸ
734 3817 866 3885 ὕψος
902 3817 998 3886 τῆς
1029 3815 1346 3885 καταφυγῆς
1378 3814 1468 3867 τοῦ
1497 3815 1674 3884 τοίχου
1703 3825 1797 3868 τα-

207 3909 479 3964 πεινώσει
497 3925 510 3940 ⁶
541 3909 631 3962 καὶ
656 3907 1020 3978 καταϐήσεται
1041 3907 1145 3970 ἓως
1172 3905 1263 3959 τοῦ
1292 3905 1538 3974 ἐδάφους.
1578 3926 1594 3955 ι
1631 3903 1796 3978 Οἶμαι

201 4001 263 4056 δὲ
321 3999 563 4058 ἐνταῦθα
615 3999 786 4054 Mde
835 3998 1088 4068 λέγεσθαι
1128 3997 1221 4050 τὸν
1269 3997 1498 4068 πονηρὸν
1543 3998 1793 4068 δαίμονα,

207 4095 308 4148 καὶ
375 4093 482 4165 τὴν
525 4092 906 4162 ἀντικειμένην
969 4089 1219 4160 δύναμιν,
1257 4089 1355 4160 τὴν
1419 4089 1584 4142 πάλαι
1644 4090 1796 4161 παρὰ

196 4189 311 4250 τοῖς
371 4183 702 4248 Μωαϐίταις
749 4183 824 4247 ώς
869 4181 987 4235 θεὸν
1033 4180 1380 4253 τιμωμένην
1442 4181 1564 4250 ἥτις
1608 4181 1794 4257 ἐπειδὴ

199 4279 349 4349 μέγα
387 4278 636 4347 ἐφρόνει,
673 4273 1109 4345 κατεπαιρομένη
1141 4271 1235 4325 τοῦ
1276 4270 1409 4324 Θεοῦ
1445 4271 1674 4343 Ἰσραὴλ,
1702 4274 1796 4327 καὶ

1908 4280 2099 4342 biens,
2154 4277 2365 4345 sibique
2418 4272 2690 4328 subditam
2739 4281 2953 4342 gentem
3009 4271 3358 4342 depravanS‘,
3406 4279 3466 4326 ut

192 4373 256 4425 τὴ
303 4364 403 4443 ὕφ’
452 4370 649 4439 ἑαυτὴν
693 4368 843 4430 ἔθνος
887 4364 1255 4436 ἐπιτρίϐουσα,
1285 4363 1360 4426 ὡς
1394 4363 1486 4415 καὶ
1515 4365 1599 4415 ἐπ’
1630 4365 1793 4418 αὑτοῦ

1908 4371 2060 4424 etiam
2100 4378 2338 4434 tempore
2370 4366 2568 4438 Moysis
2620 4363 2745 4417 talia
2780 4363 3054 4445 auderet,
3100 4378 3164 4418 ac
3209 4362 3462 4432 p0pulunt

190 4466 495 4528 Μωῡσὲως
549 4461 772 4534 τοιαῦτα
831 4459 1120 4530 τολμῆσαι,
1175 4457 1248 4520 ώς
1287 4454 1649 4526 ἐκπορνεῦσαι
1702 4455 1794 4508 τὸν

1908 4464 1964 4516 ad
2011 4453 2452 4522 fornicationem,
2509 4467 2564 4512 et
2613 4457 2679 4510 ad
2727 4455 3083 4509 initiationem
3137 4453 3464 4524 Beelphegor

189 4557 330 4611 λαὸν
373 4556 480 4610 καὶ
516 4553 828 4623 τελεσθῆναι
859 4549 936 4620 τῷ
964 4546 1280 4617 Βεελφεγώρ
1300 4563 1312 4575 ·
1358 4546 1513 4599 τοῦτο
1538 4540 1592 4599 δὲ
1634 4542 1700 4617 ἦν
1733 4546 1793 4598 τὸ

1908 4553 2226 4616 deduceret;
2255 4559 2374 4605 erat
2420 4558 2600 4604 autem
2651 4547 2778 4602 illud
2824 4546 3176 4603 Moabitarum
3227 4545 3460 4608 idolum;
3535 4573 3537 4576 -

187 4650 308 4704 τῶν
337 4645 660 4704 Μωαϐιτῶν
685 4643 926 4696 εἴδωλον·
952 4640 1142 4694 τούτου
1174 4639 1331 4710 χάριν
1365 4638 1432 4690 τὰ
1458 4637 1795 4708 προκείμενα

1908 4645 2100 4698 ιίεὶιὈο
2149 4639 2264 4696 llaec
2303 4656 2420 4710 qua:
2454 4635 2568 4709 jam
2607 4630 2901 4694 tractamus
2927 4675 2945 4704 ,
2991 4635 3142 4706 quasi
3195 4636 3262 4690 de
3311 4627 3463 4706 gravi

183 4741 268 4807 ὡς
302 4741 451 4813 περὶ
475 4737 653 4808 δεινῆς
680 4751 822 4802 τινος
850 4733 952 4786 καὶ
973 4731 1238 4802 θεομάχου
1274 4719 1553 4793 δυνάμεως
1586 4744 1792 4798 προπε-

1908 4736 2126 4809 ιυαόπιη
2158 4745 2214 4790 et
2245 4730 2352 4788 Deo
2383 4733 2601 4787 inimica
2638 4733 2836 4788 virtute
2869 4731 3324 4802 prtenuntiantur.

187 4838 502 4908 φήςευταιι.
553 4857 556 4860 ·

2450 4893 2677 4968 CAPUT
2715 4893 2906 4966 XXVI.

1899 5071 1902 5076 ,
1968 5012 2132 5067 Vnus.
2169 5013 2196 5067 1
2230 4996 2278 5064 ’τι
2306 5000 2369 5068 lu
2398 5009 2486 5063 illa
2525 5007 2614 5060 die
2653 4997 2947 5058 cantabunt
2983 4999 3249 5076 canticum
3278 4997 3379 5051 hoc
3405 4996 3460 5052 in

1897 5117 2039 5160 terra
2068 5104 2226 5170 Juda,
2265 5104 2533 5158 dicentes.
2565 5118 2583 5150 ι
2634 5088 2764 5152 Post
2807 5091 2969 5166 quam
3011 5089 3178 5158 diem,
3222 5089 3312 5145 ubi
3343 5085 3464 5144 Sal-

1893 5205 2048 5252 vator
2091 5203 2276 5250 uoster
2313 5195 2366 5248 in
2400 5190 2606 5247 caelesti
2651 5197 2832 5242 monte
2868 5199 3088 5254 regnum
3121 5197 3276 5236 suum
3309 5196 3465 5236 acce-

1894 5289 2055 5358 perit,
2086 5287 2177 5356 qui
2209 5283 2490 5355 promissis
2535 5270 2680 5350 digni
2714 5266 3058 5339 erunt,'tunc
3086 5272 3306 5328 cteleste
3335 5287 3465 5328 can-

1897 5383 2064 5436 ticum
2115 5362 2400 5442 emittent,
2454 5375 2509 5428 in
2560 5370 2765 5428 cmle‘sti
2818 5361 3463 5431 Je‘rusalem'constituti,

1895 5491 2054 5547 quam
2096 5473 2151 5528 in
2185 5469 2436 5543 praesenti
2463 5466 2703 5521 Judazam
2741 5475 2920 5516 sermo
2948 5465 3240 5528 nuncupat,
3275 5455 3462 5513 habita

1896 5566 2129 5636 regionis
2147 5564 2208 5618 in
2235 5578 2343 5632 qua
2379 5570 2592 5614 terrena
2626 5551 2926 5618 Jerusalem
2956 5551 3057 5606 sita
3093 5561 3198 5612 est,
3229 5548 3461 5610 ratione.

1894 5661 1972 5719 Ita
2002 5660 2146 5718 enim
2197 5649 2613 5722 etJudmis‘qui
2668 5644 2980 5710 audiebant,
3034 5642 3366 5698 alacritatem
3407 5648 3462 5719 et

1896 5751 2307 5824 incitamentum
2344 5745 2408 5800 ad
2460 5756 2640 5798 rerum
2692 5736 3276 5810 propositarutn__spem
3323 5727 3463 5824 indi:

215 4972 226 4980 -
469 4957 476 4966 '
501 4967 503 4970 ·
703 4937 1112 4995 ΚΕΦΑΛΑΙΟΝε
1129 4937 1294 5002 KG".
1373 4983 1379 4989 .

269 5051 297 5094 ⁸
328 5039 419 5110 Τῇ
454 5033 638 5108 ἡμέρᾳ
662 5033 850 5103 ἐκείνῃ.
876 5030 1100 5102 ᾄσονται-
1123 5028 1184 5086 τὸ
1204 5023 1358 5098 ᾆσμα
1384 5023 1541 5078 τοῦτο
1575 5023 1668 5074 ἐπὶ
1691 5021 1792 5093 γῆς

194 5122 689 5198 Ἰούδαίλέγοντες.
732 5141 764 5177 ι’
803 5123 942 5178 Μεθ’
977 5122 1062 5193 ἣν,
1096 5119 1189 5174 τοῦ
1223 5116 1470 5188 Σωτῆρος
1499 5112 1666 5194 by.th
1694 5112 1791 5181 τὴν

180 5223 379 5282 αὑτοῦ
422 5220 700 5291 βασιλειαν
717 5214 1078 5286 ἀπειληφότος
1117 5214 1174 5265 ἐν
1201 5209 1280 5279 τῷ
1315 5205 1623 5277 ἐπουρανίῳ
1654 5203 1789 5274 δρει,

177 5321 236 5373 οι
275 5316 406 5370 τῶν
445 5309 784 5382 ἐπαγγελιῶν
817 5308 960 5376 ἄξιοι
981 5306 1203 5378 ᾀσονται
1231 5307 1287 5357 ἐν
1313 5305 1384 5376 τῇ
1402 5300 1587 5372 ἡμέρᾳ
1609 5297 1792 5368 ἐκείνῃ

177 5413 248 5467 ab
302 5405 640 5478 ἐπουράνιον
684 5401 837 5476 ᾆσμα
877 5401 938 5454 ἐν
975 5400 1042 5469 τῇ
1089 5396 1394 5467 ἐπουρανίῳ
1427 5390 1790 5464 Ἰερουσαλὴμ
1823 5469 1827 5472 i

177 5505 515 5576 γενόμενοι,
547 5501 614 5569 ἢν
643 5497 736 5550 ἐπὶ
755 5494 850 5549 τοῦ
877 5491 1141 5564 παρόντος
1175 5487 1430 5542 Ἰουδαίαν
1453 5485 1731 5576 ὠνόμασεν
1762 5485 1792 5536 ὁ

180 5575 390 5667 λύγος,
413 5589 721 5653 ἀκολούθως
744 5592 811 5660 τῇ
833 5583 1116 5658 χώρᾳτῆς
1133 5579 1384 5647 ἐπιγείου
1414 5575 1786 5648 Ἰερουσαλήμ.

182 5690 371 5744 Οὕτω
400 5681 670 5758 γὰρρμοῦ
713 5680 806 5733 καὶ
837 5680 948 5740 τοῖς
992 5673 1359 5746 ἀκροωμένοις
1397 5667 1489 5722 τοῦ
1527 5667 1792 5758 Ἰουδαίων

182 5779 336 5834 λαοῦ
369 5753 526 5832 παισὶ
550 5753 814 5840 θυμηδίαν
834 5767 956 5822 τινὰ
981 5765 1073 5820 καὶ
1100 5759 1408 5832 προτροπὴν
1449 5759 1528 5823 είς
1564 5756 1660 5824 τὴν
1683 5753 1785 5813 τῶι
