4072 6194
298 239 415 299 373

1224 232 1728 292 COMMENIAKIA
1765 245 1833 295 ιιι
1873 244 2127 297 ιδΑῘΑΜ.
2170 275 2237 283 ——
2272 252 2427 298 «Δι’.
2467 250 2654 302 Al".

3423 261 3529 318 υἱ

292 350 324 403 6
351 346 592 419 ἀοιδῆς,
626 346 717 439 ἵνα
751 345 934 439 pth-Bg
966 344 1065 416 τὴν
1087 346 1241 412 δόξαν
1255 338 1489 422 Κυρίου.
1524 353 1718 425 Κύριε,
1751 356 1868 427 ὑψη-

1990 356 2227 414 Tollator
2266 360 2482 431 impius,
2521 374 2701 420 utnon
2726 365 2902 421 videat
2926 367 3152 439 gloriam
3176 367 3406 424 Domini.
3436 370 3540 427 Do-

294 431 397 497 λός
456 450 559 487 σου
606 434 636 487 ὁ
686 431 931 504 βραχίων,
981 434 1078 487 καὶ
1118 436 1217 489 οὐκ
1260 436 1511 508 ᾔδεισαν*
1562 444 1780 511 γνόντες
1824 448 1881 501 δὲ

300 523 817 595 αἱσχυνθήσονται.ι
842 525 1101 579 Ταπεινοὶ
1135 528 1243 600 γὰρ
1263 530 1413 595 ὄντες
1442 534 1490 585 ei
1522 534 1754 600 ἀσεϐεῖς,
1787 539 1882 591 καὶ

572 615 927 685 ἀφεστηκότες
952 617 1053 687 τῆς
1084 619 1335 687 γνώσεως
1366 623 1459 676 τοῦ
1489 624 1643 690 Θεοῦ,
1679 630 1736 681 ἐν
1763 631 1884 683 σκό-

309 722 399 777 τῳ
460 706 556 777 τῆς
605 707 765 760 αὐτοῦ
830 708 1053 776 ἀγνοίας
1112 712 1480 768 ἐκαλινδοῦντο
1507 733 1522 747 ο
1592 718 1726 773 ἀλλά
1783 722 1882 791 τῆς

316 793 541 847 καθόλου
572 793 819 863 γνώσεως
849 797 1177 877 ἐπιστάσης,
1212 800 1534 874 θεασάμενοι
1561 805 1651 859 τὸν
1682 808 1881 879 ὑψηλὸν

321 881 566 954 βραχέονα
621 886 671 939 οἱ
735 888 906 941 πάλαι
958 890 1120 944 αὑτὸν
1178 891 1254 957 ὡς
1316 896 1390 966 μὴ
1450 897 1579 952 ὄντα
1637 899 1880 973 βλασφη-

320 973 554 1044 μοῦντες,
596 975 899 1031 παύσονται
943 980 1044 1050 τῆς
1085 982 1340 1048 ἀπονοίας
1384 987 1615 1061 αἰσχύνῃ
1655 992 1879 1061 κατεχό-

312 1082 477 1135 μενοι.

376 1175 397 1209 ι
434 1158 602 1229 Ζῆλος
630 1158 866 1233 λήψεται
887 1162 1014 1216 λαὸν
1054 1164 1398 1221 ἀπαίδευτον.
1438 1187 1457 1220 ι
1495 1170 1796 1226 Αίνίττεται
1824 1174 1880 1227 δὲ

295 1246 421 1311 τοὺς
455 1249 520 1300 ἐκ
551 1254 858 1321 περιτομῆς
889 1251 965 1323 μὴ
1004 1253 1468 1326 κᾳταδεξαμένους
1504 1259 1602 1329 τὴν
1628 1260 1713 1315 διὰ
1743 1263 1881 1335 Χρι-

296 1337 423 1392 στοῦ
438 1340 621 1412 χάριν.
646 1360 663 1392 ι
690 1343 800 1395 Καὶ
821 1342 918 1395 νῦν
946 1343 1058 1415 πῦρ
1086 1346 1209 1410 τοὺς
1238 1348 1583 1414 ὑπεναντίους
1612 1352 1783 1407 ἔδεται
1802 1371 1815 1384 ·
1853 1374 1873 1409 ι

294 1429 374 1494 ὡς
431 1430 499 1485 ἂν
552 1434 835 1501 ἀποφάσει
889 1434 1425 1508 ὑποϐληοησομένους
1478 1443 1543 1512 τῇ
1608 1441 1876 1519 λεγούσῖι’

302 1544 323 1579 ι
356 1527 660 1597 Πορεύεσθε
694 1530 775 1592 είς
797 1532 859 1582 τὸ
888 1528 1000 1601 πῦρ
1036 1531 1097 1583 τὸ
1146 1530 1357 1586 αἰώνιον
1390 1534 1451 1587 τὸ
1483 1538 1878 1611 ἡτοιμασμένον

297 1617 379 1690 τῷ
429 1619 661 1690 διαὸὀλῳ
712 1623 807 1675 καὶ
851 1623 965 1686 τοῖς
1003 1623 1253 1691 ἀγγέλοις
1280 1627 1468 1681 αὐτοῦ.
1509 1647 1529 1683 ι
1578 1631 1791 1705 Ἐπειδὴ
1818 1634 1877 1687 τὸ

305 1708 425 1778 φῶς
462 1711 565 1763 οὐκ
594 1711 851 1777 ἐδέξαντο,
884 1714 1345 1786 παραδοθήσονται
1378 1719 1455 1792 τῷ
1492 1722 1626 1794 πυρὶ
1673 1726 1766 1778 καὶ
1798 1726 1875 1797 τῷ

315 1801 527 1855 σκότει.

392 1908 415 1943 ι
446 1890 617 1963 Κύριε
674 1895 703 1945 ὁ
743 1893 861 1958 θεὸς
897 1895 1074 1966 ἡμῶν,
1111 1898 1330 1971 εἰρήνην
1364 1900 1453 1967 δὺς
1477 1904 1606 1974 ἡμῖν
1631 1923 1644 1937 ·
1698 1908 1875 1962 πάντα

316 1978 431 2055 γὰρ
483 1982 757 2046 ἀπέδωκας
815 1986 961 2055 ἡμῖν.
1009 1986 1181 2059 Κύριε
1229 1992 1257 2043 ό
1298 1991 1428 2057 Θεὸς
1466 1995 1641 2066 ἡμῶν,
1679 2000 1876 2071 κτῆσαι

516 2074 697 2144 Κύριε,
724 2076 875 2142 ἐκτὸς
900 2077 995 2131 σοῦ
1026 2079 1182 2133 ἄλλον
1208 2084 1306 2136 οὐκ
1333 2086 1552 2158 οἴδαμεν
1570 2105 1585 2119 ο
1618 2089 1677 2143 τδ
1706 2092 1877 2163 δνομά

319 2180 410 2258 σου
436 2165 779 2258 ὀνομάζομεν.
820 2189 838 2221 ι
870 2172 1025 2226 Καλά
1063 2176 1160 2246 μὲν
1192 2176 1299 2249 γὰρ
1332 2179 1424 2231 καὶ
1457 2180 1523 2234 τὰ
1552 2182 1684 2237 ἄλλα
1724 2188 1876 2258 παρά

311 2253 402 2307 σοῦ
435 2256 605 2309 πάντα
628 2274 641 2287 ο
670 2260 732 2312 τὸ
761 2260 819 2313 δὲ
844 2262 1102 2332 μέγιστον
1121 2266 1289 2339 δῶρον
1322 2271 1355 2341 ἡ
1389 2272 1539 2343 παρά
1575 2274 1688 2340 σοῦ,
1723 2253 1816 2331 καί
1838 2282 1871 2350 ή

302 2346 436 2417 πρὸς
459 2350 647 2403 ἑαυτὸν
683 2354 877 2424 εἰρήνη
914 2358 1189 2429 τυγχάνει,
1226 2359 1293 2413 ἶν’
1325 2363 1670 2421 ἀστασίαστοι
1705 2346 1871 2441 ὦμεν,

300 2439 394 2491 καὶ
416 2441 746 2512 χρονεύουσα
771 2448 904 2517 πρὸς
926 2450 986 2501 σὲ
1014 2450 1301 2519 διαπαντὸς
1323 2455 1634 2523 φυλάττοιτο
1665 2439 1812 2532 ἡμῶν
1838 2465 1873 2535 ἡ

295 2528 463 2623 ψυχῆς.
497 2531 669 2586 Τοῦτο
698 2534 744 2588 δ’
766 2535 832 2588 ἂν
859 2538 1081 2607 γένοιτο,
1116 2545 1163 2596 εί
1192 2546 1503 2621 καταξιὼσῃ
1536 2528 1718 2623 κτῆμα
1753 2528 1875 2609 suo;

296 2620 389 2673 τοῦ
438 2622 567 2677 ἶδιον
600 2626 856 2694 γενέσθαι
889 2632 1035 2702 ἡμᾶς
1054 2651 1067 2663 ·
1096 2637 1215 2691 ἐπεὶ
1242 2639 1333 2691 καὶ
1371 2620 1531 2710 ἡμεῖς
1572 2620 1673 2698 odit
1715 2646 1872 2700 ἄλλον

294 2711 415 2812 τινὰ
444 2714 666 2786 οἴδαμεν
697 2717 729 2788 ἢ
766 2718 846 2783 σὲ,
876 2724 970 2776 καὶ
1007 2726 1151 2797 μόνῳ
1188 2729 1265 2801 τῷ
1289 2731 1512 2803 ὀνόματί
1545 2752 1638 2789 σου
1677 2737 1873 2812 τεθαρ-

298 2804 759 2900 ρήκαμεν.μ”υτε
821 2814 1003 2868 τοίνυν
1066 2819 1252 2875 οὐδένα
1312 2823 1493 2895 ἕτερον
1530 2804 1871 2900 ἐκεκτήμεθα

297 2893 361 2986 εν
570 2897 667 2970 βίῳ
726 2902 759 2973 ἥ
826 2903 906 2968 σὲ,
978 2907 1197 2973 εἰκότως
1253 2893 1636 2986 ἀντιϐολοῦμεν
1701 2893 1870 2974 διατα-

299 2982 562 3054 ξιωθῆναι
610 2988 705 3057 τῆς
754 2991 855 3061 σῆς
907 2994 1158 3063 γενέσθαι
1208 3000 1422 3071 μερίδος
1477 2982 1570 3058 καὶ
1621 3007 1715 3060 τοῦ
1773 3010 1867 3064 σοῦ

298 3076 409 3147 add;
417 3093 513 3146 ρου
522 3118 535 3131 .

382 3187 429 3266 ιΔ
449 3170 510 3222 υἱ
549 3171 604 3224 δὲ
633 3177 808 3246 νεκροὶ
834 3176 978 3248 ζωὴν
1013 3179 1073 3232 οὐ
1103 3182 1177 3253 μὴ
1210 3182 1413 3252 ἴδωσιν,
1441 3187 1561 3242 οὐδὲ
1607 3192 1780 3266 ίατροὶ
1807 3194 1869 3245 οὐ

300 3258 382 3331 μὴ
402 3261 758 3335 ἀναστήσωσι.
793 3270 892 3323 Διά
919 3272 1077 3325 τοῦτο
1108 3275 1413 3346 ἀπήγαγες,
1448 3281 1541 3334 καὶ
1561 3283 1869 3349 ἀπώλεσας,

295 3353 392 3405 καὶ
420 3348 559 3425 ἦρας
582 3359 688 3409 πᾶν
721 3360 885 3429 ἄρσεν
914 3362 1111 3418 αὐτῶν.
1151 3385 1169 3418 ι
1218 3369 1407 3437 Ἡμεῖς
1436 3372 1534 3442 μὲν
1566 3371 1680 3439 οὖν,
1714 3380 1865 3448 φησι,

300 3444 382 3496 σοὶ
411 3446 598 3517 ἐσμὲν,
625 3448 818 3521 Κύριε,
840 3453 935 3506 καὶ
969 3457 1032 3508 σὺ
1062 3456 1122 3510 τὸ
1153 3459 1416 3533 ἡμέτερον
1447 3464 1707 3538 ὑπάρχεις
1727 3444 1869 3541 ita.

295 3551 371 3604 μα
386 3552 401 3565 ⁸
429 3539 479 3590 οἱ
502 3538 559 3591 δὲ
580 3543 698 3604 ταῖς
719 3543 853 3613 πρὸς
873 3543 1097 3600 θάνατον
1130 3550 1421 3622 ἁμαρτίαις
1449 3556 1674 3623 ἑαυτοὺς
1696 3538 1871 3613 ἐκδόν-

296 3644 409 3720 τες,
439 3632 531 3685 καὶ
560 3630 647 3685 διὰ
671 3632 830 3687 τοῦτο
850 3639 1032 3708 νεκροὶ
1058 3638 1155 3704 τὰς
1179 3640 1352 3713 ψυχὰς
1378 3646 1654 3717 γενόμενοι
1673 3666 1687 3680 ο
1726 3668 1744 3700 ι
1767 3650 1869 3720 ψυ-

297 3718 428 3816 Alﬁ)
462 3722 570 3793 γὰρ
609 3743 626 3774 ι
666 3725 1076 3801 ἁμαρτάνουσα,
1124 3731 1260 3805 αὕτη
1288 3736 1729 3814 ἀποθανεῖται-,ι

296 3810 352 3864 δὲ
378 3814 793 3888 ἐπηγγελμένην
815 3824 925 3884 τοῖς
952 3824 1125 3892 ἁγίοις
1158 3826 1371 3883 αἰώνιον
1399 3831 1541 3904 ζωὴν
1582 3810 1863 3907 οὑκ-ὄψον-

294 3917 409 3966 ται,
436 3904 551 3958 οὐδὲ
592 3908 762 3980 ἰατροί
800 3910 961 3964 ποθεν
1000 3914 1314 3982 ἐπιστάντες
1347 3921 1486 3975 κατὰ
1511 3923 1601 3977 τὸν
1623 3925 1721 3996 τῆς
1743 3904 1864 3999 5.9:-

292 4010 433 4059 σεως
463 3999 646 4069 καιρὸν
675 4001 990 4073 δυνήσονται
1014 4006 1193 4071 αὐτοῖς
1215 4012 1572 4085 ἐπικουρῆσαι
1602 4017 1737 4089 πρὸς
1763 4037 1865 4073 σω-

297 4088 505 4159 τηρίαν,
558 4091 666 4144 οὐδ’
708 4092 774 4148 ἂν
813 4096 1111 4169 ἀναστῆσαι
1160 4102 1335 4155 αὐτῶν
1369 4106 1468 4176 τὴν
1506 4107 1731 4163 πτῶσιν.
1757 4111 1864 4176 Οὓς

289 4180 398 4276 γάρ
432 4181 498 4234 σὺ
528 4184 557 4236 ὁ
584 4184 752 4254 μέγας
780 4189 873 4241 καὶ
902 4189 1126 4263 φοϐερὸς
1159 4195 1251 4247 καὶ
1272 4195 1478 4261 δίκαιος
1508 4200 1699 4270 κρίτης
1720 4218 1861 4276 παρ-

290 4270 501 4338 ἔδωκας
562 4276 823 4349 ἀπωλείᾳ,
882 4281 965 4345 τίς
1032 4285 1229 4356 ἰατρῶν
1288 4286 1655 4346 διασώσασθαι
1697 4292 1861 4366 δυνή-

290 4378 443 4417 σεται
464 4381 478 4429 ;

363 4473 385 4508 α
420 4456 520 4510 Διά
545 4458 697 4513 τοῦτο
730 4463 1011 4535 ἀπήγαγες
1037 4466 1129 4519 καὶ
1153 4468 1457 4536 ἀπώλεσας,
1482 4475 1573 4527 καὶ
1592 4470 1626 4548 ἦ
1634 4494 1731 4548 ρας
1751 4481 1858 4534 πᾶν

288 4544 459 4617 ἄρσεν
524 4550 719 4607 αὐτῶν.
760 4572 779 4605 ι
837 4556 980 4609 ’Δντὶ
1039 4557 1097 4611 δὲ
1156 4558 1275 4623 τοῦ,
1333 4578 1351 4611 ι
1409 4563 1505 4617 καὶ
1558 4544 1698 4637 ἧρας
1750 4571 1857 4623 πᾶν

289 4639 457 4711 ἄρσεν
490 4641 691 4706 αὐτῶν,
736 4662 755 4695 ι
801 4646 829 4699 ὁ
868 4646 1178 4719 Σύμμαχος,
1219 4670 1238 4702 ι
1273 4654 1450 4706 πᾶσαν
1493 4656 1592 4727 τὴν
1639 4661 1856 4733 μνήμην

289 4732 471 4784 αὐτῶν
502 4750 518 4763 ·
549 4753 568 4786 ι
600 4736 697 4789 ὁδὲ
737 4738 1073 4809 Ἀκύλαςμκαὶ
1094 4741 1400 4809 Θεοδοτίων,
1437 4766 1455 4798 ι
1495 4751 1601 4802 πᾶν
1628 4751 1688 4804 τὸ
1719 4770 1855 4825 μνη-

291 4824 526 4893 μόσυνον
561 4827 738 4880 αὐτῶν
773 4850 791 4881 ι
812 4832 1183 4903 ἡρμήνευσαν.
1210 4836 1356 4889 Ἔδει
1384 4838 1490 4910 γὰρ
1518 4842 1696 4895 πᾶσαν
1727 4824 1857 4917 μνή-

291 4932 399 4987 μην
432 4917 633 4981 κακίας
675 4920 902 4992 ἀρθῆναι
945 4924 1084 4978 κατά
1130 4926 1218 4981 τὸν
1238 4927 1564 4999 δηλούμενον
1612 4935 1711 5006 τῆς
1742 4938 1864 5007 κρίο

290 5022 428 5071 σεως
484 5011 694 5080 καιρόν.
736 5013 797 5066 Εἰ
848 5014 903 5067 δὲ
945 5014 1173 5084 λέγοιτο,
1208 5037 1226 5069 ι
1260 5022 1367 5073 πᾶν
1405 5022 1568 5095 ἄρσεν
1599 5026 1797 5091 αὐτῶν,
1837 5049 1856 5080 ι

294 5097 490 5170 πολλὴν
522 5101 730 5170 είσάγει
750 5104 847 5176 τὴν
867 5107 1271 5181 φιλανθρωπίαν
1303 5114 1331 5166 ὁ
1361 5112 1516 5183 λόγος
1535 5131 1549 5147 ο
1586 5117 1660 5181 ὡς
1684 5120 1860 5174 αὐτῶν

286 5189 391 5259 μὲν
415 5191 808 5264 ἡμαρτηκότων
849 5198 923 5269 μὴ
968 5200 1266 5270 μελλόντων
1298 5206 1672 5276 ἀφανίζεσθαι,
1723 5213 1859 5283 μηδὲ

285 5286 365 5346 είς
389 5286 452 5338 τὸ
466 5287 725 5352 παντελὲς
746 5292 1073 5349 ἀπόλλυσθαι
1092 5312 1105 5325 ·
1138 5296 1245 5351 τῶν
1264 5298 1321 5353 δὲ
1338 5304 1686 5374 γεννημάτων
1713 5304 1855 5361 οὕτω

283 5375 648 5468 ςηλουμὲνων,
705 5374 779 5435 ὧν
825 5384 858 5454 ἠ
914 5385 1059 5458 ψυχὴ
1108 5389 1287 5444 αὐτῶν
1343 5394 1635 5467 γεγέννηκε
1706 5396 1851 5468 λογιο

282 5467 436 5536 σμῶν
460 5470 733 5540 πονηρῶν,
761 5474 961 5530 τούτων
990 5481 1291 5551 ἀφανισμὸν
1310 5485 1631 5557 γενήσεσθαί
1661 5467 1845 5560 φησιν.

344 5669 383 5699 ⁸⁷
421 5669 615 5724 Matth.
660 5688 784 5728 xxv.
818 5676 902 5729 Η.

1910 1713 1951 1768 Β

1888 4403 1937 4463 D

1980 453 2148 519 mine,
2171 452 2443 508 excelsum
2498 452 2773 509 brachium
2805 466 2990 521 tuom,
3040 467 3093 511 et
3127 474 3234 513 non
3282 474 3538 531 cognoveo

1982 554 2107 598 runt
2136 563 2150 597 :
2185 544 2418 599 scientes
2443 556 2619 600 autem
2651 548 2990 602 erubescent.
3025 568 3043 599 ι
3087 550 3236 617 Impii
3261 553 3427 617 enim,
3455 555 3542 608 ab-

1977 637 2106 705 jccti
2136 652 2255 690 cum
2291 638 2401 692 sint
2424 681 2437 703 ,
2468 654 2539 697 ac.
2566 643 2749 709 procul
2780 643 3086 708 cognitione
3135 644 3225 698 llei
3263 645 3450 713 positi,
3486 646 3537 700 in

1984 728 2218 783 tenebris
2268 730 2383 796 ejus
2431 730 2747 798 ignorantia:
2779 734 3153 787 volutabantur
3188 752 3202 787 :
3234 749 3422 790 verum
3451 739 3544 791 ad-

1985 821 2231 873 veniente
2268 820 2356 873 illa
2397 822 2687 877 universali
2742 825 3080 894 cognitione,
3124 826 3365 880 videntes
3416 828 3541 882 bra-

1982 910 2161 965 chium
2209 912 2337 965 illud
2382 912 2653 968 excelsum
2707 916 2783 975 ii.
2818 918 2905 985 qui
2947 916 3074 969 olim
3102 918 3221 971 e'nm
3250 919 3401 987 quasi
3435 935 3540 974 non

1980 1000 2331 1055 exsistentem
2363 1002 2690 1074 blasphemis
2740 1006 2900 1061 dictis
2945 1006 3305 1075 incessebant,
3335 1009 3542 1079 pudore

1981 1090 2158 1145 allecti
2194 1092 2418 1147 insania:
2450 1096 2609 1147 tinem
2645 1094 2865 1150 facient.

2056 1206 2075 1237 ί
2112 1186 2269 1241 Zelus
2297 1188 2663 1257 appreltendet
2685 1192 2933 1260 pupulum
2966 1191 3311 1249 ineruditum.
3341 1211 3359 1244 ι
3400 1191 3541 1247 Sub-

1980 1278 2179 1333 iudicat
2221 1294 2314 1334 eos
2350 1296 2417 1334 ex
2466 1281 2878 1337 circumcisione
2906 1323 2920 1347 ,
2961 1284 3050 1355 qui
3081 1286 3305 1352 gratiam
3337 1283 3539 1339 Christi

1982 1385 2087 1425 non
2119 1370 2347 1440 amplexi
2396 1380 2557 1436 sont;
2601 1390 2621 1423 ι
2654 1370 2720 1425 Ει
2755 1372 2868 1441 jam
2914 1374 3049 1444 ignis
3082 1376 3419 1429 adversarios
3449 1374 3541 1430 dc-

1978 1472 2165 1527 vorat;
2210 1481 2230 1513 ι
2290 1474 2475 1532 utpote
2504 1463 2595 1533 qui
2643 1467 2925 1520 sententia:
2972 1466 3292 1536 sultjiciendi
3326 1467 3540 1520 sintdi-

1979 1557 2146 1619 centi,
2186 1574 2205 1606 ι
2240 1556 2504 1610 Discedite
2551 1560 2603 1610 in
2659 1557 2836 1624 ignem
2861 1567 3148 1623 aeternum,
3179 1570 3539 1631 purpuratum

1979 1647 2193 1701 diabolo
2225 1657 2278 1701 et
2308 1649 2511 1718 angelis
2538 1648 2654 1718 ejus
2682 1650 2744 1703 ⁸⁷.
2782 1668 2800 1701 ι
2851 1649 2987 1717 Quia
3038 1650 3209 1705 lucem
3237 1666 3342 1704 non
3382 1658 3541 1705 accc-

1980 1748 2192 1808 perunt,
2235 1739 2341 1807 igni
2375 1740 2701 1797 actcnebris
2732 1743 3031 1795 tradentur.

2048 1915 2208 1971 Vens.
2238 1916 2324 1981 1‘2,
2363 1915 2449 1969 15.
2482 1934 2499 1968 ι
2541 1915 2762 1995 Domine
2795 1916 2936 1972 Deus
2988 1928 3191 1984 noster,
3238 1933 3423 1988 pacem
3467 1918 3533 1970 da

1976 2007 2129 2062 nobis
2162 2025 2175 2061 :
2205 2008 2382 2062 omnia
2410 2008 2553 2061 enim
2581 2008 2775 2062 dedisti
2808 2008 2980 2063 nobis.
3020 2008 3239 2063 Domine
3272 2008 3413 2064 Deos
3440 2024 3537 2063 no-

1973 2104 2108 2160 ster,
2139 2096 2350 2166 posside
2389 2111 2487 2152 nos
2519 2115 2534 2152 :
2571 2097 2814 2163 Domine,
2845 2109 2997 2153 extra
3024 2108 3072 2151 te
3100 2097 3262 2152 alium
3299 2113 3406 2152 non
3438 2113 3535 2152 no-

1974 2187 2150 2241 vimus
2186 2205 2201 2241 :
2239 2202 2433 2244 nomen
2476 2197 2623 2243 tuttm
2663 2189 3002 2245 invocamus.
3034 2190 3149 2242 Alia
3180 2190 3376 2260 quippe
3414 2204 3535 2244 om-

1976 2277 2063 2331 nia
2093 2278 2190 2333 abs
2224 2290 2273 2332 te
2297 2280 2416 2333 data
2448 2280 2651 2350 Optima
2675 2291 2802 2336 sunt
2837 2299 2851 2335 :
2884 2283 2977 2336 sed
3004 2282 3247 2337 omnium
3274 2281 3533 2335 donorum

1976 2371 2268 2424 maximum
2304 2380 2406 2438 est,
2432 2388 2538 2440 pax
2583 2373 2671 2427 illa
2702 2388 2821 2442 qua:
2852 2375 2949 2428 abs
2983 2385 3034 2429 te
3069 2374 3450 2443 proliciseitur,
3483 2386 3538 2429 et

1973 2476 2131 2531 quam
2161 2462 2437 2516 nobiscum
2484 2463 2744 2518 habemus
2772 2505 2788 2529 ,
2822 2474 2881 2518 ut
2926 2466 3043 2519 sine
3079 2465 3307 2519 tumultu
3334 2476 3388 2519 et
3420 2481 3537 2520 mu-

1975 2555 2177 2609 tatione
2213 2556 2491 2624 degamus,
2539 2569 2826 2624 annuaque
2872 2566 3058 2609 nostra
3083 2556 3176 2609 tibi
3203 2570 3415 2624 semper
3443 2572 3537 2608 va-

1972 2657 2102 2699 cans
2131 2657 2396 2698 servetur.
2433 2644 2486 2698 ω
2532 2654 2709 2698 autent
2764 2646 3042 2713 inveniet,
3090 2646 3135 2698 si
3182 2661 3279 2699 nos
3312 2646 3422 2714 ipse
3479 2644 3532 2697 in

1973 2735 2243 2805 propriam
2279 2736 2370 2789 tibi
2398 2734 2796 2805 possessionem
2838 2738 3035 2793 habere
3065 2738 3304 2806 digneris
3347 2756 3360 2792 :
3406 2742 3532 2809 quia

1974 2843 2074 2884 nos
2118 2843 2221 2882 non
2261 2828 2426 2882 alium
2460 2829 2710 2883 novimus
2736 2838 2930 2898 praeter
2978 2838 3065 2897 te,
3098 2841 3152 2885 et
3205 2830 3256 2884 itt
3291 2831 3406 2886 solo
3436 2847 3531 2885 no-

1973 2919 2118 2975 mine
2150 2930 2241 2974 tuo
2266 2919 2605 2975 conﬁdimus.
2630 2918 2763 2975 Cum
2794 2920 2957 2991 igitur
2984 2920 3039 2975 in
3066 2923 3171 2976 vita
3204 2933 3386 2979 nostra
3424 2939 3531 2977 non

1896 3046 1940 3104 ο
1974 3010 2135 3065 alium
2170 3026 2330 3082 quam
2371 3021 2420 3065 te
2451 3012 2888 3080 possederimus;
2914 3010 3038 3081 jure
3063 3021 3409 3084 rogamusmt
3429 3023 3534 3067 tua:

1970 3104 2231 3173 portionis
2257 3113 2307 3156 et
2333 3104 2496 3158 sortis
2524 3120 2643 3157 esse
2672 3119 2995 3160 mereamur.

2041 3187 2203 3245 Vens.
2248 3192 2330 3243 t4.
2383 3208 2402 3240 ι
2460 3188 2657 3244 Μοιιυὶ
2700 3202 2879 3247 autem
2913 3192 3079 3248 vitam
3116 3210 3221 3249 non
3254 3194 3533 3260 videbunt,

1942 3296 2148 3369 ’ncque
2180 3282 2371 3335 medici
2409 3282 2774 3336 suscitabunt.
2806 3283 2928 3339 ideo
2973 3286 3245 3341 abduxisti
3272 3326 3288 3351 ,
3323 3298 3377 3342 et
3409 3302 3533 3357 per-

1968 3370 2175 3435 didisti,
2204 3378 2260 3424 et
2291 3370 2558 3425 sustulisti
2594 3386 2758 3426 omne
2808 3373 3105 3428 masculum
3134 3391 3343 3431 eorum.
3374 3396 3393 3429 ι
3424 3376 3537 3434 l‘los

1968 3460 2208 3529 quidem,
2242 3461 2339 3523 ait,
2368 3460 2441 3514 ttti
2471 3475 2658 3516 sumus
2678 3500 2695 3527 ,
2724 3463 2946 3517 Domine
2968 3505 2983 3530 ,
3020 3474 3073 3517 ct
3101 3474 3155 3518 tu
3186 3477 3368 3521 nostra
3403 3482 3531 3537 pos-

1967 3553 2141 3608 sessio
2171 3567 2267 3617 es;
2300 3551 2394 3619 qui
2428 3566 2558 3606 vero
2584 3566 2705 3607 sese
2739 3556 2976 3623 peccatis
3003 3557 3070 3610 ad
3116 3568 3345 3613 mortem
3375 3561 3531 3615 dedi-

1966 3644 2180 3711 derunt,
2246 3644 2476 3713 ideoque
2530 3644 2813 3701 animabus
2878 3650 3075 3701 mortui
3134 3659 3256 3702 sunt
3326 3668 3341 3706 :
3405 3667 3533 3707 nam

1970 3755 1989 3788 ι
2015 3737 2193 3791 anima
2213 3752 2331 3807 qua:
2352 3740 2678 3808 peccaverit,
2710 3739 2822 3810 ipsa
2844 3740 3103 3795 morietur
3125 3758 3138 3793 :
3162 3759 3181 3793 ι
3206 3742 3531 3812 promissam

1964 3829 2163 3884 sanctis
2197 3839 2454 3885 aeternam
2488 3831 2650 3885 vitam
2685 3846 2789 3885 non
2822 3831 3100 3895 videbunt,
3132 3847 3304 3903 neque
3333 3834 3531 3891 medici

1963 3924 2325 3993 undecunque
2372 3926 2634 3981 accedant
2670 3924 2859 3996 judicii
2933 3935 3213 3999 tempore,
3274 3938 3530 3998 poterunt

1965 4018 2097 4087 ipsis
2124 4032 2279 4088 apem
2310 4019 2374 4072 ad
2407 4018 2635 4073 salutent
2677 4017 2925 4073 conferre
2950 4058 2966 4085 ,
2999 4035 3170 4092 neque
3196 4035 3289 4077 eos
3312 4023 3379 4076 ab
3408 4023 3527 4079 exi-

1964 4110 2039 4164 tio
2065 4110 2351 4164 suscitare.
2382 4108 2439 4164 Si
2469 4110 2688 4179 quidem
2716 4125 2854 4179 quos
2885 4122 2937 4166 tu
2963 4151 2983 4177 ,
3010 4129 3235 4185 magne,
3268 4116 3533 4172 terribilis

1960 4211 2017 4257 et
2055 4202 2202 4272 juste
2230 4201 2401 4257 Judex
2432 4242 2450 4267 ,
2477 4203 2735 4273 perniciei
2786 4206 3052 4262 tradidisti
3079 4248 3095 4272 ,
3126 4208 3249 4279 quis
3276 4208 3522 4264 medicus

1961 4306 2176 4349 servare
2202 4295 2397 4365 poterit
2420 4295 2445 4349 ί

2041 4491 2057 4525 ι
2099 4472 2221 4529 Ideo
2252 4472 2521 4530 abduxisti
2556 4485 2609 4531 et
2640 4478 2958 4546 perdidisti,
2999 4490 3051 4535 ct
3081 4480 3341 4536 sustulisti
3365 4498 3526 4539 omne

1964 4564 2263 4620 masculum
2311 4580 2519 4620 eorum.
2567 4586 2586 4620 ι
2620 4567 2727 4623 Pro
2757 4570 2846 4625 illo
2876 4582 3053 4626 autem
3083 4609 3098 4632 ,
3133 4588 3152 4622 ι
3182 4581 3236 4626 et
3257 4573 3525 4629 sustulisti

1959 4656 2120 4710 oitiiie
2151 4655 2447 4713 masculum
2487 4674 2673 4714 eorum
2701 4702 2715 4726 ,
2760 4681 2778 4715 ι
2816 4656 3169 4735 Symmachus
3195 4703 3211 4727 ,
3251 4681 3269 4715 ι
3305 4678 3521 4721 onmem

1963 4750 2278 4805 memoriam
2333 4766 2549 4819 eorum;
2588 4773 2607 4806 ι
2646 4756 2839 4826 Aquila
2895 4770 3021 4811 vero
3068 4765 3123 4811 et
3164 4755 3470 4833 IllCOJOliO
3504 4800 3520 4826 ,

1964 4860 1985 4893 ι
2023 4857 2182 4897 omne
2214 4845 2524 4900 memoriale
2551 4862 2762 4912 eorum,
2801 4866 2820 4898 ι
2855 4848 3188 4919 interpretati
3219 4860 3366 4908 sunt.
3419 4851 3525 4906 Par

1955 4945 2073 4990 erat
2102 4938 2245 4991 enim
2280 4949 2577 4993 memorato
2621 4939 2807 5007 jndicii
2846 4951 3083 5011 tempore
3108 4983 3123 5007 ,
3153 4959 3370 4999 onmem
3424 4962 3521 5000 ne-

1956 5028 2139 5095 quitia:
2176 5031 2494 5085 memoriam
2523 5032 2589 5091 de
2618 5032 2794 5086 medio
2821 5032 2956 5086 tolli.
2994 5034 3145 5100 Quod
3178 5035 3223 5089 si
3252 5036 3518 5102 dicamus,

1962 5136 1982 5171 ι
2011 5135 2173 5175 omne
2208 5122 2506 5177 masculum
2542 5139 2752 5189 eorum,
2796 5143 2816 5177 ι
2851 5140 3100 5195 magnam
3148 5141 3327 5182 sermo
3376 5143 3519 5199 prae-

1958 5211 2061 5268 fert
2100 5216 2513 5281 humanitatem,
2566 5218 2723 5286 quasi
2752 5218 2958 5275 scilicet
2986 5236 3090 5275 non
3123 5221 3222 5292 ipsi
3260 5234 3515 5291 peccato-

1960 5321 2050 5361 res
2076 5306 2287 5363 delendi
2318 5325 2382 5366 ac
2427 5308 2666 5364 funditus
2717 5310 2970 5381 perdendi
3001 5314 3134 5380 sint,
3183 5314 3276 5368 sed
3325 5328 3517 5369 eorum

1958 5399 2098 5453 fetus
2122 5438 2138 5465 ,
2175 5414 2311 5469 quos
2354 5415 2539 5455 eorum
2573 5402 2750 5455 anima
2783 5402 2993 5471 peperit
3015 5441 3033 5467 ,
3090 5405 3240 5460 malta
3267 5406 3525 5464 videlicet

1954 5490 2329 5562 cogitationes,
2362 5492 2428 5547 de
2463 5492 2638 5546 medio
2665 5492 2908 5550 tollendae
2936 5493 3063 5551 sint.
