  <div class='ocr_page' id='page_1' title='image "/cluster/home/n/w/nwhite01/storage/ocr_20150623/24/hvd.32044073501801/145.png"; bbox 0 0 4072 6194; ppageno 0'>
   <div class='ocr_carea' id='block_1_1' title="bbox 513 237 622 299">
    <p class='ocr_par' dir='ltr' id='par_1_1' title="bbox 513 237 622 299">
     <span class='ocr_line' id='line_1_1' title="bbox 513 237 622 299; baseline 0.037 -4"><span class='ocrx_word' id='word_1_1' title='bbox 513 237 622 299; x_wconf 65' lang='grc' dir='ltr'><strong>ετδ</strong></span> 
     </span>
    </p>
   </div>
   <div class='ocr_carea' id='block_1_2' title="bbox 517 451 2082 522">
    <p class='ocr_par' dir='ltr' id='par_1_2' title="bbox 517 451 2082 522">
     <span class='ocr_line' id='line_1_2' title="bbox 517 451 2082 522; baseline 0.003 -14"><span class='ocrx_word' id='word_1_2' title='bbox 517 453 653 508; x_wconf 90' lang='lat' dir='ltr'><strong>mala</strong></span> <span class='ocrx_word' id='word_1_3' title='bbox 699 451 948 522; x_wconf 80' lang='lat' dir='ltr'><strong>gloriosis</strong></span> <span class='ocrx_word' id='word_1_4' title='bbox 999 461 1175 509; x_wconf 71' lang='lat' dir='ltr'><strong>terrm.</strong></span> <span class='ocrx_word' id='word_1_5' title='bbox 1227 455 1452 509; x_wconf 89' lang='lat' dir='ltr'><strong>Domine</strong></span> <span class='ocrx_word' id='word_1_6' title='bbox 1477 496 1492 518; x_wconf 89' lang='lat'><strong>,</strong></span> <span class='ocrx_word' id='word_1_7' title='bbox 1534 457 1587 510; x_wconf 90' lang='lat' dir='ltr'><strong>iu</strong></span> <span class='ocrx_word' id='word_1_8' title='bbox 1621 458 1966 512; x_wconf 90' lang='lat' dir='ltr'><strong>tribulatione</strong></span> <span class='ocrx_word' id='word_1_9' title='bbox 2001 475 2082 513; x_wconf 87' lang='lat' dir='ltr'><strong>re-</strong></span> 
     </span>
    </p>
   </div>
   <div class='ocr_carea' id='block_1_3' title="bbox 516 545 2081 622">
    <p class='ocr_par' dir='ltr' id='par_1_3' title="bbox 516 545 2081 622">
     <span class='ocr_line' id='line_1_3' title="bbox 516 545 2081 622; baseline 0.006 -24"><span class='ocrx_word' id='word_1_10' title='bbox 516 545 718 598; x_wconf 84' lang='lat' dir='ltr'><strong>cordati</strong></span> <span class='ocrx_word' id='word_1_11' title='bbox 753 559 940 599; x_wconf 88' lang='lat' dir='ltr'><strong>sumus</strong></span> <span class='ocrx_word' id='word_1_12' title='bbox 971 545 1042 597; x_wconf 93' lang='lat' dir='ltr'><strong>tui</strong></span> <span class='ocrx_word' id='word_1_13' title='bbox 1084 567 1095 600; x_wconf 92' lang='lat'><strong>:</strong></span> <span class='ocrx_word' id='word_1_14' title='bbox 1136 546 1186 598; x_wconf 92' lang='lat' dir='ltr'><strong>iu</strong></span> <span class='ocrx_word' id='word_1_15' title='bbox 1221 547 1568 602; x_wconf 88' lang='lat' dir='ltr'><strong>tribulatione</strong></span> <span class='ocrx_word' id='word_1_16' title='bbox 1596 565 1759 618; x_wconf 84' lang='lat' dir='ltr'><strong>parva</strong></span> <span class='ocrx_word' id='word_1_17' title='bbox 1801 552 2081 622; x_wconf 84' lang='lat' dir='ltr'><strong>disciplina</strong></span> 
     </span>
    </p>
   </div>
   <div class='ocr_carea' id='block_1_4' title="bbox 515 635 2085 707">
    <p class='ocr_par' dir='ltr' id='par_1_4' title="bbox 515 635 2085 707">
     <span class='ocr_line' id='line_1_4' title="bbox 515 635 2085 707; baseline 0.006 -19"><span class='ocrx_word' id='word_1_18' title='bbox 515 644 608 688; x_wconf 89' lang='lat' dir='ltr'><strong>tua</strong></span> <span class='ocrx_word' id='word_1_19' title='bbox 636 635 812 689; x_wconf 88' lang='lat' dir='ltr'><strong>nobis.</strong></span> <span class='ocrx_word' id='word_1_20' title='bbox 856 654 873 685; x_wconf 82' lang='grc' dir='ltr'><strong>ι</strong></span> <span class='ocrx_word' id='word_1_21' title='bbox 910 636 1173 702; x_wconf 81' lang='lat' dir='ltr'><strong>Quoniam</strong></span> <span class='ocrx_word' id='word_1_22' title='bbox 1207 638 1528 693; x_wconf 82' lang='lat' dir='ltr'><strong>universalis</strong></span> <span class='ocrx_word' id='word_1_23' title='bbox 1551 639 1741 707; x_wconf 89' lang='lat' dir='ltr'><strong>judicii</strong></span> <span class='ocrx_word' id='word_1_24' title='bbox 1766 642 1938 696; x_wconf 86' lang='lat' dir='ltr'><strong>locum</strong></span> <span class='ocrx_word' id='word_1_25' title='bbox 1964 659 2085 697; x_wconf 91' lang='lat' dir='ltr'><strong>eon-</strong></span> 
     </span>
    </p>
   </div>
   <div class='ocr_carea' id='block_1_5' title="bbox 516 725 2082 798">
    <p class='ocr_par' dir='ltr' id='par_1_5' title="bbox 516 725 2082 798">
     <span class='ocr_line' id='line_1_5' title="bbox 516 725 2082 798; baseline 0.006 -21"><span class='ocrx_word' id='word_1_26' title='bbox 516 725 807 793; x_wconf 89' lang='lat' dir='ltr'><strong>templatur</strong></span> <span class='ocrx_word' id='word_1_27' title='bbox 836 725 1123 794; x_wconf 77' lang='lat' dir='ltr'><strong>propheta,</strong></span> <span class='ocrx_word' id='word_1_28' title='bbox 1155 742 1252 782; x_wconf 92' lang='lat' dir='ltr'><strong>ceu</strong></span> <span class='ocrx_word' id='word_1_29' title='bbox 1281 727 1485 796; x_wconf 90' lang='lat' dir='ltr'><strong>judicio</strong></span> <span class='ocrx_word' id='word_1_30' title='bbox 1518 745 1775 798; x_wconf 66' lang='lat' dir='ltr'><strong>prmseus,</strong></span> <span class='ocrx_word' id='word_1_31' title='bbox 1820 747 1882 787; x_wconf 89' lang='lat' dir='ltr'><strong>ac</strong></span> <span class='ocrx_word' id='word_1_32' title='bbox 1910 734 2082 788; x_wconf 89' lang='lat' dir='ltr'><strong>tribu-</strong></span> 
     </span>
    </p>
   </div>
   <div class='ocr_carea' id='block_1_6' title="bbox 517 815 2079 891">
    <p class='ocr_par' dir='ltr' id='par_1_6' title="bbox 517 815 2079 891">
     <span class='ocr_line' id='line_1_6' title="bbox 517 815 2079 891; baseline 0.005 -22"><span class='ocrx_word' id='word_1_33' title='bbox 517 815 627 870; x_wconf 85' lang='lat' dir='ltr'><strong>nali</strong></span> <span class='ocrx_word' id='word_1_34' title='bbox 662 815 753 869; x_wconf 86' lang='lat' dir='ltr'><strong>Dei</strong></span> <span class='ocrx_word' id='word_1_35' title='bbox 805 827 1027 883; x_wconf 82' lang='lat' dir='ltr'><strong>astans;</strong></span> <span class='ocrx_word' id='word_1_36' title='bbox 1067 833 1164 887; x_wconf 91' lang='lat' dir='ltr'><strong>pro</strong></span> <span class='ocrx_word' id='word_1_37' title='bbox 1191 820 1505 875; x_wconf 87' lang='lat' dir='ltr'><strong>conditione</strong></span> <span class='ocrx_word' id='word_1_38' title='bbox 1531 836 1707 876; x_wconf 90' lang='lat' dir='ltr'><strong>rerum</strong></span> <span class='ocrx_word' id='word_1_39' title='bbox 1737 839 1870 891; x_wconf 90' lang='lat' dir='ltr'><strong>quas</strong></span> <span class='ocrx_word' id='word_1_40' title='bbox 1899 827 2039 879; x_wconf 88' lang='lat' dir='ltr'><strong>videt</strong></span> <span class='ocrx_word' id='word_1_41' title='bbox 2065 867 2079 890; x_wconf 92' lang='lat'><strong>,</strong></span> 
     </span>
    </p>
   </div>
   <div class='ocr_carea' id='block_1_7' title="bbox 512 907 2079 986">
    <p class='ocr_par' dir='ltr' id='par_1_7' title="bbox 512 907 2079 986">
     <span class='ocr_line' id='line_1_7' title="bbox 512 907 2079 986; baseline 0.006 -25"><span class='ocrx_word' id='word_1_42' title='bbox 512 907 674 961; x_wconf 85' lang='lat' dir='ltr'><strong>modo</strong></span> <span class='ocrx_word' id='word_1_43' title='bbox 707 908 1014 972; x_wconf 79' lang='lat' dir='ltr'><strong>conﬁtetur,</strong></span> <span class='ocrx_word' id='word_1_44' title='bbox 1046 913 1206 965; x_wconf 92' lang='lat' dir='ltr'><strong>modo</strong></span> <span class='ocrx_word' id='word_1_45' title='bbox 1234 921 1510 982; x_wconf 74' lang='lat' dir='ltr'><strong>precatur,</strong></span> <span class='ocrx_word' id='word_1_46' title='bbox 1545 915 1702 968; x_wconf 84' lang='lat' dir='ltr'><strong>modo</strong></span> <span class='ocrx_word' id='word_1_47' title='bbox 1730 918 1930 985; x_wconf 81' lang='lat' dir='ltr'><strong>gratias</strong></span> <span class='ocrx_word' id='word_1_48' title='bbox 1951 918 2079 986; x_wconf 81' lang='lat' dir='ltr'><strong>agit,</strong></span> 
     </span>
    </p>
   </div>
   <div class='ocr_carea' id='block_1_8' title="bbox 512 999 2083 1070">
    <p class='ocr_par' dir='ltr' id='par_1_8' title="bbox 512 999 2083 1070">
     <span class='ocr_line' id='line_1_8' title="bbox 512 999 2083 1070; baseline 0.007 -18"><span class='ocrx_word' id='word_1_49' title='bbox 512 1013 636 1053; x_wconf 79' lang='lat' dir='ltr'><strong>mox</strong></span> <span class='ocrx_word' id='word_1_50' title='bbox 664 999 838 1068; x_wconf 84' lang='lat' dir='ltr'><strong>dignis</strong></span> <span class='ocrx_word' id='word_1_51' title='bbox 872 1015 901 1052; x_wconf 90' lang='lat' dir='ltr'><strong>a</strong></span> <span class='ocrx_word' id='word_1_52' title='bbox 935 1001 1044 1054; x_wconf 91' lang='lat' dir='ltr'><strong>Deo</strong></span> <span class='ocrx_word' id='word_1_53' title='bbox 1080 1017 1177 1070; x_wconf 89' lang='lat' dir='ltr'><strong>pro</strong></span> <span class='ocrx_word' id='word_1_54' title='bbox 1228 1003 1421 1057; x_wconf 90' lang='lat' dir='ltr'><strong>merito</strong></span> <span class='ocrx_word' id='word_1_55' title='bbox 1458 1005 1662 1059; x_wconf 88' lang='lat' dir='ltr'><strong>dandas</strong></span> <span class='ocrx_word' id='word_1_56' title='bbox 1699 1009 2083 1063; x_wconf 85' lang='lat' dir='ltr'><strong>retributiones</strong></span> 
     </span>
    </p>
   </div>
   <div class='ocr_carea' id='block_1_9' title="bbox 502 1081 2104 1168">
    <p class='ocr_par' dir='ltr' id='par_1_9' title="bbox 502 1081 2104 1168">
     <span class='ocr_line' id='line_1_9' title="bbox 502 1081 2104 1168; baseline 0.007 -26"><span class='ocrx_word' id='word_1_57' title='bbox 502 1100 752 1148; x_wconf 54' lang='lat' dir='ltr'><strong>.enarrat.</strong></span> <span class='ocrx_word' id='word_1_58' title='bbox 800 1089 923 1145; x_wconf 86' lang='lat' dir='ltr'><strong>llaec</strong></span> <span class='ocrx_word' id='word_1_59' title='bbox 975 1108 1137 1161; x_wconf 91' lang='lat' dir='ltr'><strong>porro</strong></span> <span class='ocrx_word' id='word_1_60' title='bbox 1171 1081 1353 1148; x_wconf 83' lang='lat' dir='ltr'><strong>omnia</strong></span> <span class='ocrx_word' id='word_1_61' title='bbox 1409 1096 1562 1150; x_wconf 92' lang='lat' dir='ltr'><strong>nobis</strong></span> <span class='ocrx_word' id='word_1_62' title='bbox 1594 1112 1690 1166; x_wconf 90' lang='lat' dir='ltr'><strong>per</strong></span> <span class='ocrx_word' id='word_1_63' title='bbox 1746 1096 2104 1168; x_wconf 68' lang='lat' dir='ltr'><strong>Seripturam&#39;</strong></span> 
     </span>
    </p>
   </div>
   <div class='ocr_carea' id='block_1_10' title="bbox 513 1181 2082 1260">
    <p class='ocr_par' dir='ltr' id='par_1_10' title="bbox 513 1181 2082 1260">
     <span class='ocr_line' id='line_1_10' title="bbox 513 1181 2082 1260; baseline 0.007 -26"><span class='ocrx_word' id='word_1_64' title='bbox 513 1195 664 1235; x_wconf 85' lang='lat' dir='ltr'><strong>suam</strong></span> <span class='ocrx_word' id='word_1_65' title='bbox 693 1181 868 1249; x_wconf 74' lang='lat' dir='ltr'><strong>oﬂert,</strong></span> <span class='ocrx_word' id='word_1_66' title='bbox 906 1193 965 1236; x_wconf 91' lang='lat' dir='ltr'><strong>ut</strong></span> <span class='ocrx_word' id='word_1_67' title='bbox 994 1184 1360 1251; x_wconf 86' lang='lat' dir='ltr'><strong>instituamur,</strong></span> <span class='ocrx_word' id='word_1_68' title='bbox 1390 1189 1566 1242; x_wconf 86' lang='lat' dir='ltr'><strong>edocti</strong></span> <span class='ocrx_word' id='word_1_69' title='bbox 1601 1189 1780 1242; x_wconf 90' lang='lat' dir='ltr'><strong>omnia</strong></span> <span class='ocrx_word' id='word_1_70' title='bbox 1818 1205 1937 1258; x_wconf 67' lang='lat' dir='ltr'><strong>quae</strong></span> <span class='ocrx_word' id='word_1_71' title='bbox 1969 1191 2082 1260; x_wconf 88' lang='lat' dir='ltr'><strong>ipse</strong></span> 
     </span>
    </p>
   </div>
   <div class='ocr_carea' id='block_1_11' title="bbox 509 1275 2078 1347">
    <p class='ocr_par' dir='ltr' id='par_1_11' title="bbox 509 1275 2078 1347">
     <span class='ocr_line' id='line_1_11' title="bbox 509 1275 2078 1347; baseline 0.007 -20"><span class='ocrx_word' id='word_1_72' title='bbox 509 1285 580 1327; x_wconf 84' lang='lat' dir='ltr'><strong>ex</strong></span> <span class='ocrx_word' id='word_1_73' title='bbox 612 1275 774 1329; x_wconf 81' lang='lat' dir='ltr'><strong>divini</strong></span> <span class='ocrx_word' id='word_1_74' title='bbox 807 1276 1041 1343; x_wconf 81' lang='lat' dir='ltr'><strong>Spiritus</strong></span> <span class='ocrx_word' id='word_1_75' title='bbox 1072 1277 1431 1334; x_wconf 90' lang='lat' dir='ltr'><strong>illustratioue</strong></span> <span class='ocrx_word' id='word_1_76' title='bbox 1479 1291 1724 1335; x_wconf 87' lang='lat' dir='ltr'><strong>noverat.</strong></span> <span class='ocrx_word' id='word_1_77' title='bbox 1775 1281 1840 1336; x_wconf 85' lang='lat' dir='ltr'><strong>Et</strong></span> <span class='ocrx_word' id='word_1_78' title='bbox 1891 1299 2030 1337; x_wconf 91' lang='lat' dir='ltr'><strong>nunc</strong></span> <span class='ocrx_word' id='word_1_79' title='bbox 2063 1324 2078 1347; x_wconf 94' lang='lat'><strong>,</strong></span> 
     </span>
    </p>
   </div>
   <div class='ocr_carea' id='block_1_12' title="bbox 512 1365 2080 1444">
    <p class='ocr_par' dir='ltr' id='par_1_12' title="bbox 512 1365 2080 1444">
     <span class='ocr_line' id='line_1_12' title="bbox 512 1365 2080 1444; baseline 0.006 -25"><span class='ocrx_word' id='word_1_80' title='bbox 512 1365 686 1437; x_wconf 89' lang='lat' dir='ltr'><strong>inquit</strong></span> <span class='ocrx_word' id='word_1_81' title='bbox 711 1408 725 1432; x_wconf 95' lang='lat'><strong>,</strong></span> <span class='ocrx_word' id='word_1_82' title='bbox 767 1369 1030 1436; x_wconf 87' lang='lat' dir='ltr'><strong>Domine,</strong></span> <span class='ocrx_word' id='word_1_83' title='bbox 1067 1386 1190 1426; x_wconf 88' lang='lat' dir='ltr'><strong>eum</strong></span> <span class='ocrx_word' id='word_1_84' title='bbox 1226 1383 1435 1443; x_wconf 78' lang='lat' dir='ltr'><strong>tempus</strong></span> <span class='ocrx_word' id='word_1_85' title='bbox 1471 1374 1721 1437; x_wconf 90' lang='lat' dir='ltr'><strong>adesset,</strong></span> <span class='ocrx_word' id='word_1_86' title='bbox 1769 1373 1822 1428; x_wconf 90' lang='lat' dir='ltr'><strong>in</strong></span> <span class='ocrx_word' id='word_1_87' title='bbox 1857 1384 2080 1444; x_wconf 79' lang='lat' dir='ltr'><strong>angusta</strong></span> 
     </span>
    </p>
   </div>
   <div class='ocr_carea' id='block_1_13' title="bbox 516 1460 2078 1532">
    <p class='ocr_par' dir='ltr' id='par_1_13' title="bbox 516 1460 2078 1532">
     <span class='ocr_line' id='line_1_13' title="bbox 516 1460 2078 1532; baseline 0.004 -19"><span class='ocrx_word' id='word_1_88' title='bbox 516 1468 573 1514; x_wconf 86' lang='lat' dir='ltr'><strong>et</strong></span> <span class='ocrx_word' id='word_1_89' title='bbox 602 1467 750 1514; x_wconf 89' lang='lat' dir='ltr'><strong>arcta</strong></span> <span class='ocrx_word' id='word_1_90' title='bbox 782 1463 865 1514; x_wconf 86' lang='lat' dir='ltr'><strong>via</strong></span> <span class='ocrx_word' id='word_1_91' title='bbox 908 1460 1237 1525; x_wconf 86' lang='lat' dir='ltr'><strong>incedentes,</strong></span> <span class='ocrx_word' id='word_1_92' title='bbox 1257 1478 1352 1532; x_wconf 90' lang='lat' dir='ltr'><strong>pro</strong></span> <span class='ocrx_word' id='word_1_93' title='bbox 1376 1465 1573 1531; x_wconf 83' lang='lat' dir='ltr'><strong>pietate</strong></span> <span class='ocrx_word' id='word_1_94' title='bbox 1599 1466 2078 1520; x_wconf 84' lang='lat' dir='ltr'><strong>concertabamus:</strong></span> 
     </span>
    </p>
   </div>
   <div class='ocr_carea' id='block_1_14' title="bbox 510 1551 2080 1625">
    <p class='ocr_par' dir='ltr' id='par_1_14' title="bbox 510 1551 2080 1625">
     <span class='ocr_line' id='line_1_14' title="bbox 510 1551 2080 1625; baseline 0.006 -23"><span class='ocrx_word' id='word_1_95' title='bbox 510 1566 698 1607; x_wconf 87' lang='lat' dir='ltr'><strong>verum</strong></span> <span class='ocrx_word' id='word_1_96' title='bbox 749 1552 802 1606; x_wconf 90' lang='lat' dir='ltr'><strong>in</strong></span> <span class='ocrx_word' id='word_1_97' title='bbox 837 1551 1125 1607; x_wconf 76' lang='lat' dir='ltr'><strong>afﬂictione</strong></span> <span class='ocrx_word' id='word_1_98' title='bbox 1177 1554 1266 1608; x_wconf 89' lang='lat' dir='ltr'><strong>illa</strong></span> <span class='ocrx_word' id='word_1_99' title='bbox 1303 1594 1318 1616; x_wconf 93' lang='lat'><strong>,</strong></span> <span class='ocrx_word' id='word_1_100' title='bbox 1373 1569 1709 1625; x_wconf 85' lang='lat' dir='ltr'><strong>nequaquam</strong></span> <span class='ocrx_word' id='word_1_101' title='bbox 1741 1573 1956 1613; x_wconf 87' lang='lat' dir='ltr'><strong>eramus</strong></span> <span class='ocrx_word' id='word_1_102' title='bbox 2005 1558 2080 1612; x_wconf 79' lang='grc' dir='ltr'>ιιιί</span> 
     </span>
    </p>
   </div>
   <div class='ocr_carea' id='block_1_15' title="bbox 510 1645 2082 1719">
    <p class='ocr_par' dir='ltr' id='par_1_15' title="bbox 510 1645 2082 1719">
     <span class='ocr_line' id='line_1_15' title="bbox 510 1645 2082 1719; baseline 0.004 -22"><span class='ocrx_word' id='word_1_103' title='bbox 510 1645 858 1700; x_wconf 85' lang='lat' dir='ltr'><strong>immemores</strong></span> <span class='ocrx_word' id='word_1_104' title='bbox 889 1663 904 1700; x_wconf 88' lang='lat'><strong>:</strong></span> <span class='ocrx_word' id='word_1_105' title='bbox 938 1646 1030 1700; x_wconf 87' lang='lat' dir='ltr'><strong>sed</strong></span> <span class='ocrx_word' id='word_1_106' title='bbox 1058 1647 1432 1702; x_wconf 77' lang='lat' dir='ltr'><strong>recordatione</strong></span> <span class='ocrx_word' id='word_1_107' title='bbox 1473 1648 1547 1700; x_wconf 91' lang='lat' dir='ltr'><strong>tui</strong></span> <span class='ocrx_word' id='word_1_108' title='bbox 1593 1649 1929 1702; x_wconf 82' lang='lat' dir='ltr'><strong>corroborati</strong></span> <span class='ocrx_word' id='word_1_109' title='bbox 1989 1665 2082 1719; x_wconf 91' lang='lat' dir='ltr'><strong>pa-</strong></span> 
     </span>
    </p>
   </div>
   <div class='ocr_carea' id='block_1_16' title="bbox 1188 215 3050 303">
    <p class='ocr_par' dir='ltr' id='par_1_16' title="bbox 1188 215 3050 303">
     <span class='ocr_line' id='line_1_16' title="bbox 1188 215 3050 303; baseline 0.003 -8"><span class='ocrx_word' id='word_1_110' title='bbox 1188 241 1474 298; x_wconf 75' lang='lat' dir='ltr'><strong>EUSEBII&#39;</strong></span> <span class='ocrx_word' id='word_1_111' title='bbox 1498 242 1970 303; x_wconf 61' lang='lat' dir='ltr'><strong>CESARIENSIS</strong></span> <span class='ocrx_word' id='word_1_112' title='bbox 2003 246 2150 302; x_wconf 85' lang='lat' dir='ltr'><strong>OPP.</strong></span> <span class='ocrx_word' id='word_1_113' title='bbox 2191 247 2370 303; x_wconf 75' lang='lat' dir='ltr'><strong>PARS</strong></span> <span class='ocrx_word' id='word_1_114' title='bbox 2407 246 2495 302; x_wconf 84' lang='lat' dir='ltr'><strong>Ill.</strong></span> <span class='ocrx_word' id='word_1_115' title='bbox 2534 277 2605 288; x_wconf 93' lang='lat'><strong><em>—</em></strong></span> <span class='ocrx_word' id='word_1_116' title='bbox 2637 215 3050 302; x_wconf 57' lang='lat' dir='ltr'><strong>EXEGETICA.</strong></span> 
     </span>
    </p>
   </div>
   <div class='ocr_carea' id='block_1_17' title="bbox 587 355 2154 432">
    <p class='ocr_par' dir='ltr' id='par_1_17' title="bbox 587 355 2154 432">
     <span class='ocr_line' id='line_1_17' title="bbox 587 355 2154 432; baseline 0.005 -18"><span class='ocrx_word' id='word_1_117' title='bbox 587 355 754 414; x_wconf 72' lang='lat' dir='ltr'><strong>Vens.</strong></span> <span class='ocrx_word' id='word_1_118' title='bbox 801 358 867 414; x_wconf 76' lang='grc'><strong>15</strong></span> <span class='ocrx_word' id='word_1_119' title='bbox 896 397 912 423; x_wconf 94' lang='grc'><strong>,</strong></span> <span class='ocrx_word' id='word_1_120' title='bbox 956 359 1046 416; x_wconf 74' lang='grc'><strong>16.</strong></span> <span class='ocrx_word' id='word_1_121' title='bbox 1085 377 1102 410; x_wconf 89' lang='grc'><strong><em>‹</em></strong></span> <span class='ocrx_word' id='word_1_122' title='bbox 1143 359 1290 415; x_wconf 81' lang='lat' dir='ltr'><strong>Adde</strong></span> <span class='ocrx_word' id='word_1_123' title='bbox 1316 361 1396 415; x_wconf 91' lang='lat' dir='ltr'><strong>eis</strong></span> <span class='ocrx_word' id='word_1_124' title='bbox 1425 362 1560 415; x_wconf 88' lang='lat' dir='ltr'><strong>mala</strong></span> <span class='ocrx_word' id='word_1_125' title='bbox 1589 404 1605 426; x_wconf 95' lang='lat'><strong>,</strong></span> <span class='ocrx_word' id='word_1_126' title='bbox 1657 364 1880 421; x_wconf 89' lang='lat' dir='ltr'><strong>Domine</strong></span> <span class='ocrx_word' id='word_1_127' title='bbox 1903 407 1918 432; x_wconf 94' lang='lat'><strong>,</strong></span> <span class='ocrx_word' id='word_1_128' title='bbox 1949 366 2082 421; x_wconf 81' lang='lat' dir='ltr'><strong>adde</strong></span> <span class='ocrx_word' id='word_1_129' title='bbox 2109 371 2154 427; x_wconf 80' lang='grc' dir='ltr'>Α</span> 
     </span>
    </p>
   </div>
   <div class='ocr_carea' id='block_1_18' title="bbox 3633 251 3742 308">
    <p class='ocr_par' dir='ltr' id='par_1_18' title="bbox 3633 251 3742 308">
     <span class='ocr_line' id='line_1_18' title="bbox 3633 251 3742 308; baseline 0 0"><span class='ocrx_word' id='word_1_130' title='bbox 3633 252 3697 308; x_wconf 70' lang='grc'><strong>27</strong></span> <span class='ocrx_word' id='word_1_131' title='bbox 3703 251 3742 308; x_wconf 82' lang='lat'><strong>6&#39;</strong></span> 
     </span>
    </p>
   </div>
   <div class='ocr_carea' id='block_1_19' title="bbox 2261 360 3742 438">
    <p class='ocr_par' dir='ltr' id='par_1_19' title="bbox 2261 360 3742 438">
     <span class='ocr_line' id='line_1_19' title="bbox 2261 360 3742 438; baseline 0.002 -21"><span class='ocrx_word' id='word_1_132' title='bbox 2261 383 2280 417; x_wconf 78' lang='grc' dir='ltr'><strong>ι</strong></span> <span class='ocrx_word' id='word_1_133' title='bbox 2308 365 2547 438; x_wconf 81' lang='grc' dir='ltr'><strong>Πρόσθες</strong></span> <span class='ocrx_word' id='word_1_134' title='bbox 2579 365 2760 427; x_wconf 76' lang='grc' dir='ltr'>αὐτοῖς</span> <span class='ocrx_word' id='word_1_135' title='bbox 2794 363 2960 427; x_wconf 74' lang='grc' dir='ltr'>κακὰ,</span> <span class='ocrx_word' id='word_1_136' title='bbox 2985 360 3179 433; x_wconf 83' lang='grc' dir='ltr'>Κύριε,</span> <span class='ocrx_word' id='word_1_137' title='bbox 3211 360 3445 432; x_wconf 80' lang='grc' dir='ltr'><strong>πρόσθες</strong></span> <span class='ocrx_word' id='word_1_138' title='bbox 3475 364 3613 421; x_wconf 78' lang='grc' dir='ltr'>κακὰ</span> <span class='ocrx_word' id='word_1_139' title='bbox 3640 371 3742 430; x_wconf 75' lang='grc' dir='ltr'>τοῖς</span> 
     </span>
    </p>
   </div>
   <div class='ocr_carea' id='block_1_20' title="bbox 2185 453 3742 530">
    <p class='ocr_par' dir='ltr' id='par_1_20' title="bbox 2185 453 3742 530">
     <span class='ocr_line' id='line_1_20' title="bbox 2185 453 3742 530; baseline -0.002 -17"><span class='ocrx_word' id='word_1_140' title='bbox 2185 458 2414 523; x_wconf 79' lang='grc' dir='ltr'><strong>ἐνδόξοις</strong></span> <span class='ocrx_word' id='word_1_141' title='bbox 2439 459 2534 530; x_wconf 81' lang='grc' dir='ltr'><strong>τῆς</strong></span> <span class='ocrx_word' id='word_1_142' title='bbox 2563 457 2686 527; x_wconf 79' lang='grc' dir='ltr'>γῆς.</span> <span class='ocrx_word' id='word_1_143' title='bbox 2715 456 2908 528; x_wconf 83' lang='grc' dir='ltr'>Κύριε,</span> <span class='ocrx_word' id='word_1_144' title='bbox 2951 457 3007 509; x_wconf 80' lang='grc' dir='ltr'>ὲν</span> <span class='ocrx_word' id='word_1_145' title='bbox 3041 455 3214 524; x_wconf 82' lang='grc' dir='ltr'>θλίψει</span> <span class='ocrx_word' id='word_1_146' title='bbox 3246 453 3592 526; x_wconf 74' lang='grc' dir='ltr'>ἐμνήσθημεν</span> <span class='ocrx_word' id='word_1_147' title='bbox 3624 474 3710 510; x_wconf 89' lang='grc' dir='ltr'><strong>σου</strong></span> <span class='ocrx_word' id='word_1_148' title='bbox 3729 476 3742 488; x_wconf 93' lang='grc'><strong>·</strong></span> 
     </span>
    </p>
   </div>
   <div class='ocr_carea' id='block_1_21' title="bbox 2184 543 3750 618">
    <p class='ocr_par' dir='ltr' id='par_1_21' title="bbox 2184 543 3750 618">
     <span class='ocr_line' id='line_1_21' title="bbox 2184 543 3750 618; baseline -0.001 -17"><span class='ocrx_word' id='word_1_149' title='bbox 2184 551 2241 601; x_wconf 80' lang='grc' dir='ltr'>ἐν</span> <span class='ocrx_word' id='word_1_150' title='bbox 2269 549 2442 618; x_wconf 85' lang='grc' dir='ltr'>θλίψει</span> <span class='ocrx_word' id='word_1_151' title='bbox 2487 549 2659 618; x_wconf 80' lang='grc' dir='ltr'>μικρᾷ</span> <span class='ocrx_word' id='word_1_152' title='bbox 2703 547 2734 616; x_wconf 85' lang='grc' dir='ltr'>ἡ</span> <span class='ocrx_word' id='word_1_153' title='bbox 2774 543 2989 599; x_wconf 83' lang='grc' dir='ltr'>παιδεία</span> <span class='ocrx_word' id='word_1_154' title='bbox 3036 563 3126 598; x_wconf 85' lang='grc' dir='ltr'><strong>σου</strong></span> <span class='ocrx_word' id='word_1_155' title='bbox 3172 547 3323 616; x_wconf 78' lang='grc' dir='ltr'>ἡμῖν.</span> <span class='ocrx_word' id='word_1_156' title='bbox 3359 564 3377 596; x_wconf 76' lang='grc' dir='ltr'><strong>ι</strong></span> <span class='ocrx_word' id='word_1_157' title='bbox 3420 545 3632 615; x_wconf 78' lang='grc' dir='ltr'>Ἐπειδὴ</span> <span class='ocrx_word' id='word_1_158' title='bbox 3665 547 3750 599; x_wconf 75' lang='grc' dir='ltr'><strong>τὸν</strong></span> 
     </span>
    </p>
   </div>
   <div class='ocr_carea' id='block_1_22' title="bbox 2185 635 3766 711">
    <p class='ocr_par' dir='ltr' id='par_1_22' title="bbox 2185 635 3766 711">
     <span class='ocr_line' id='line_1_22' title="bbox 2185 635 3766 711; baseline -0.004 -18"><span class='ocrx_word' id='word_1_159' title='bbox 2185 640 2312 711; x_wconf 85' lang='grc' dir='ltr'><strong>περὶ</strong></span> <span class='ocrx_word' id='word_1_160' title='bbox 2344 641 2442 710; x_wconf 75' lang='grc' dir='ltr'>τῆς</span> <span class='ocrx_word' id='word_1_161' title='bbox 2469 638 2696 692; x_wconf 76' lang='grc' dir='ltr'><strong>καθόλου</strong></span> <span class='ocrx_word' id='word_1_162' title='bbox 2730 638 2962 708; x_wconf 88' lang='grc' dir='ltr'>κρίσεως</span> <span class='ocrx_word' id='word_1_163' title='bbox 2990 639 3150 690; x_wconf 84' lang='grc' dir='ltr'>τόπον</span> <span class='ocrx_word' id='word_1_164' title='bbox 3179 635 3371 705; x_wconf 85' lang='grc' dir='ltr'>θεωρεί</span> <span class='ocrx_word' id='word_1_165' title='bbox 3400 637 3427 688; x_wconf 89' lang='grc' dir='ltr'>ὁ</span> <span class='ocrx_word' id='word_1_166' title='bbox 3455 639 3766 707; x_wconf 25' lang='grc' dir='ltr'>προφήτης,-</span> 
     </span>
    </p>
   </div>
   <div class='ocr_carea' id='block_1_23' title="bbox 2184 727 3752 803">
    <p class='ocr_par' dir='ltr' id='par_1_23' title="bbox 2184 727 3752 803">
     <span class='ocr_line' id='line_1_23' title="bbox 2184 727 3752 803; baseline -0.002 -17"><span class='ocrx_word' id='word_1_167' title='bbox 2184 733 2381 787; x_wconf 78' lang='grc' dir='ltr'>ὡσανεὶ</span> <span class='ocrx_word' id='word_1_168' title='bbox 2438 731 2626 803; x_wconf 81' lang='grc' dir='ltr'>παρὼν</span> <span class='ocrx_word' id='word_1_169' title='bbox 2678 733 2741 802; x_wconf 80' lang='grc' dir='ltr'>τῇ</span> <span class='ocrx_word' id='word_1_170' title='bbox 2786 729 2983 803; x_wconf 84' lang='grc' dir='ltr'>κρίσει,</span> <span class='ocrx_word' id='word_1_171' title='bbox 3018 730 3110 783; x_wconf 80' lang='grc' dir='ltr'><strong>καὶ</strong></span> <span class='ocrx_word' id='word_1_172' title='bbox 3149 728 3225 799; x_wconf 78' lang='grc' dir='ltr'>τῷ</span> <span class='ocrx_word' id='word_1_173' title='bbox 3261 728 3464 800; x_wconf 82' lang='grc' dir='ltr'><strong>βήματι</strong></span> <span class='ocrx_word' id='word_1_174' title='bbox 3498 727 3589 780; x_wconf 84' lang='grc' dir='ltr'>τοῦ</span> <span class='ocrx_word' id='word_1_175' title='bbox 3624 728 3752 783; x_wconf 76' lang='grc' dir='ltr'>Θεοῦ</span> 
     </span>
    </p>
   </div>
   <div class='ocr_carea' id='block_1_24' title="bbox 2184 818 3756 897">
    <p class='ocr_par' dir='ltr' id='par_1_24' title="bbox 2184 818 3756 897">
     <span class='ocr_line' id='line_1_24' title="bbox 2184 818 3756 897; baseline -0.003 -20"><span class='ocrx_word' id='word_1_176' title='bbox 2184 823 2490 897; x_wconf 79' lang='grc' dir='ltr'>παρεστὼς,</span> <span class='ocrx_word' id='word_1_177' title='bbox 2520 825 2602 894; x_wconf 77' lang='grc' dir='ltr'><strong>ἐφ’</strong></span> <span class='ocrx_word' id='word_1_178' title='bbox 2625 818 2705 886; x_wconf 76' lang='grc' dir='ltr'>οἷς</span> <span class='ocrx_word' id='word_1_179' title='bbox 2732 825 2854 895; x_wconf 79' lang='grc' dir='ltr'>ὁρᾷ,</span> <span class='ocrx_word' id='word_1_180' title='bbox 2885 822 3013 876; x_wconf 81' lang='grc' dir='ltr'>ποτὲ</span> <span class='ocrx_word' id='word_1_181' title='bbox 3040 823 3136 892; x_wconf 86' lang='grc' dir='ltr'>μὲν</span> <span class='ocrx_word' id='word_1_182' title='bbox 3170 821 3590 892; x_wconf 79' lang='grc' dir='ltr'>ἐξομολογεϊται,</span> <span class='ocrx_word' id='word_1_183' title='bbox 3633 820 3756 873; x_wconf 76' lang='grc' dir='ltr'>ποτὲ</span> 
     </span>
    </p>
   </div>
   <div class='ocr_carea' id='block_1_25' title="bbox 2181 910 3756 985">
    <p class='ocr_par' dir='ltr' id='par_1_25' title="bbox 2181 910 3756 985">
     <span class='ocr_line' id='line_1_25' title="bbox 2181 910 3756 985; baseline -0.003 -16"><span class='ocrx_word' id='word_1_184' title='bbox 2181 917 2237 970; x_wconf 83' lang='grc' dir='ltr'>δὲ</span> <span class='ocrx_word' id='word_1_185' title='bbox 2273 916 2522 980; x_wconf 79' lang='grc' dir='ltr'><strong>ἱκετεύει,</strong></span> <span class='ocrx_word' id='word_1_186' title='bbox 2553 916 2682 968; x_wconf 84' lang='grc' dir='ltr'>ποτὲ</span> <span class='ocrx_word' id='word_1_187' title='bbox 2711 915 2768 967; x_wconf 81' lang='grc' dir='ltr'>δὲ·</span> <span class='ocrx_word' id='word_1_188' title='bbox 2787 915 3113 985; x_wconf 76' lang='grc' dir='ltr'>εὐχαριστεῖ,</span> <span class='ocrx_word' id='word_1_189' title='bbox 3139 913 3266 965; x_wconf 82' lang='grc' dir='ltr'>ποτὲ</span> <span class='ocrx_word' id='word_1_190' title='bbox 3292 913 3348 965; x_wconf 77' lang='grc' dir='ltr'>δὲ</span> <span class='ocrx_word' id='word_1_191' title='bbox 3369 913 3466 976; x_wconf 84' lang='grc' dir='ltr'><strong>τὰς</strong></span> <span class='ocrx_word' id='word_1_192' title='bbox 3495 910 3756 982; x_wconf 85' lang='grc' dir='ltr'>ἀποθησο-</span> 
     </span>
    </p>
   </div>
   <div class='ocr_carea' id='block_1_26' title="bbox 2187 1001 3754 1077">
    <p class='ocr_par' dir='ltr' id='par_1_26' title="bbox 2187 1001 3754 1077">
     <span class='ocr_line' id='line_1_26' title="bbox 2187 1001 3754 1077; baseline -0.003 -17"><span class='ocrx_word' id='word_1_193' title='bbox 2187 1007 2350 1077; x_wconf 82' lang='grc' dir='ltr'>μένας</span> <span class='ocrx_word' id='word_1_194' title='bbox 2395 1007 2504 1059; x_wconf 84' lang='grc' dir='ltr'>ὑπὸ·</span> <span class='ocrx_word' id='word_1_195' title='bbox 2545 1006 2637 1059; x_wconf 77' lang='grc' dir='ltr'>τοῦ</span> <span class='ocrx_word' id='word_1_196' title='bbox 2686 1004 2820 1058; x_wconf 79' lang='grc' dir='ltr'>Θεοῦ</span> <span class='ocrx_word' id='word_1_197' title='bbox 2856 1003 3088 1074; x_wconf 76' lang='grc' dir='ltr'>ἀμοιϐὰς</span> <span class='ocrx_word' id='word_1_198' title='bbox 3124 1005 3234 1065; x_wconf 58' lang='lat' dir='ltr'><strong>10L;</strong></span> <span class='ocrx_word' id='word_1_199' title='bbox 3267 1003 3437 1068; x_wconf 82' lang='grc' dir='ltr'>ἀξίοις</span> <span class='ocrx_word' id='word_1_200' title='bbox 3469 1001 3754 1072; x_wconf 84' lang='grc' dir='ltr'><strong>διέρχεται.</strong></span> 
     </span>
    </p>
   </div>
   <div class='ocr_carea' id='block_1_27' title="bbox 2182 1094 3759 1166">
    <p class='ocr_par' dir='ltr' id='par_1_27' title="bbox 2182 1094 3759 1166">
     <span class='ocr_line' id='line_1_27' title="bbox 2182 1094 3759 1166; baseline -0.003 -15"><span class='ocrx_word' id='word_1_201' title='bbox 2182 1100 2364 1153; x_wconf 82' lang='grc' dir='ltr'>Πάντα</span> <span class='ocrx_word' id='word_1_202' title='bbox 2403 1099 2460 1150; x_wconf 78' lang='grc' dir='ltr'><strong>δὲ</strong></span> <span class='ocrx_word' id='word_1_203' title='bbox 2506 1097 2676 1151; x_wconf 81' lang='grc' dir='ltr'>ταῦτα</span> <span class='ocrx_word' id='word_1_204' title='bbox 2699 1097 2786 1164; x_wconf 79' lang='grc' dir='ltr'>διὰ</span> <span class='ocrx_word' id='word_1_205' title='bbox 2818 1097 2916 1166; x_wconf 85' lang='grc' dir='ltr'>τῆς</span> <span class='ocrx_word' id='word_1_206' title='bbox 2944 1094 3107 1150; x_wconf 76' lang='grc' dir='ltr'>αὑτοῦ</span> <span class='ocrx_word' id='word_1_207' title='bbox 3136 1095 3356 1166; x_wconf 77' lang='grc' dir='ltr'>Γραφῆς</span> <span class='ocrx_word' id='word_1_208' title='bbox 3386 1094 3481 1147; x_wconf 71' lang='grc' dir='ltr'><strong>καὶ</strong></span> <span class='ocrx_word' id='word_1_209' title='bbox 3505 1096 3637 1164; x_wconf 82' lang='grc' dir='ltr'>ἡμῖν</span> <span class='ocrx_word' id='word_1_210' title='bbox 3665 1109 3759 1146; x_wconf 82' lang='grc' dir='ltr'>πα-</span> 
     </span>
    </p>
   </div>
   <div class='ocr_carea' id='block_1_28' title="bbox 2185 1185 3756 1263">
    <p class='ocr_par' dir='ltr' id='par_1_28' title="bbox 2185 1185 3756 1263">
     <span class='ocr_line' id='line_1_28' title="bbox 2185 1185 3756 1263; baseline -0.003 -18"><span class='ocrx_word' id='word_1_211' title='bbox 2185 1191 2486 1263; x_wconf 87' lang='grc' dir='ltr'>ραδίδωσιν,</span> <span class='ocrx_word' id='word_1_212' title='bbox 2535 1191 2610 1254; x_wconf 83' lang='grc' dir='ltr'>ὡς</span> <span class='ocrx_word' id='word_1_213' title='bbox 2660 1190 2725 1242; x_wconf 84' lang='grc' dir='ltr'><strong>ἂν</strong></span> <span class='ocrx_word' id='word_1_214' title='bbox 2765 1187 3160 1258; x_wconf 85' lang='grc' dir='ltr'>παιδευοίμεθα</span> <span class='ocrx_word' id='word_1_215' title='bbox 3196 1186 3572 1256; x_wconf 82' lang='grc' dir='ltr'><strong>διδασκόμενοι</strong></span> <span class='ocrx_word' id='word_1_216' title='bbox 3606 1185 3756 1241; x_wconf 81' lang='grc' dir='ltr'>πάνθ’</span> 
     </span>
    </p>
   </div>
   <div class='ocr_carea' id='block_1_29' title="bbox 2181 1274 3762 1349">
    <p class='ocr_par' dir='ltr' id='par_1_29' title="bbox 2181 1274 3762 1349">
     <span class='ocr_line' id='line_1_29' title="bbox 2181 1274 3762 1349; baseline -0.003 -16"><span class='ocrx_word' id='word_1_217' title='bbox 2181 1281 2280 1333; x_wconf 86' lang='grc' dir='ltr'>ὅσα</span> <span class='ocrx_word' id='word_1_218' title='bbox 2334 1281 2428 1332; x_wconf 74' lang='grc' dir='ltr'><strong>καὶ</strong></span> <span class='ocrx_word' id='word_1_219' title='bbox 2479 1280 2638 1342; x_wconf 76' lang='grc' dir='ltr'>αὐτὸς</span> <span class='ocrx_word' id='word_1_220' title='bbox 2689 1281 2753 1332; x_wconf 82' lang='grc' dir='ltr'>ὲκ</span> <span class='ocrx_word' id='word_1_221' title='bbox 2794 1279 2892 1349; x_wconf 77' lang='grc' dir='ltr'>τῆς</span> <span class='ocrx_word' id='word_1_222' title='bbox 2939 1276 3032 1330; x_wconf 79' lang='grc' dir='ltr'>τοῦ</span> <span class='ocrx_word' id='word_1_223' title='bbox 3079 1276 3220 1330; x_wconf 88' lang='grc' dir='ltr'>θείου</span> <span class='ocrx_word' id='word_1_224' title='bbox 3270 1274 3592 1346; x_wconf 84' lang='grc' dir='ltr'>Πνεύματος</span> <span class='ocrx_word' id='word_1_225' title='bbox 3645 1277 3762 1330; x_wconf 85' lang='grc' dir='ltr'><strong>ὲπι-</strong></span> 
     </span>
    </p>
   </div>
   <div class='ocr_carea' id='block_1_30' title="bbox 2183 1360 3760 1442">
    <p class='ocr_par' dir='ltr' id='par_1_30' title="bbox 2183 1360 3760 1442">
     <span class='ocr_line' id='line_1_30' title="bbox 2183 1360 3760 1442; baseline -0.003 -18"><span class='ocrx_word' id='word_1_226' title='bbox 2183 1371 2438 1442; x_wconf 81' lang='grc' dir='ltr'>λάμψεως</span> <span class='ocrx_word' id='word_1_227' title='bbox 2456 1372 2614 1440; x_wconf 80' lang='grc' dir='ltr'>ἔγνω.</span> <span class='ocrx_word' id='word_1_228' title='bbox 2642 1370 2752 1423; x_wconf 77' lang='grc' dir='ltr'><strong>Καὶ</strong></span> <span class='ocrx_word' id='word_1_229' title='bbox 2778 1369 2872 1424; x_wconf 84' lang='grc' dir='ltr'>νῦν</span> <span class='ocrx_word' id='word_1_230' title='bbox 2905 1365 3018 1434; x_wconf 75' lang='grc' dir='ltr'>οὖν,</span> <span class='ocrx_word' id='word_1_231' title='bbox 3051 1368 3232 1438; x_wconf 68' lang='grc' dir='ltr'>φησιν,</span> <span class='ocrx_word' id='word_1_232' title='bbox 3262 1369 3350 1420; x_wconf 83' lang='grc' dir='ltr'><strong>ὅτε</strong></span> <span class='ocrx_word' id='word_1_233' title='bbox 3375 1366 3571 1438; x_wconf 85' lang='grc' dir='ltr'>καιρὸς</span> <span class='ocrx_word' id='word_1_234' title='bbox 3600 1362 3687 1440; x_wconf 77' lang='grc' dir='ltr'>ἦν,</span> <span class='ocrx_word' id='word_1_235' title='bbox 3717 1360 3760 1420; x_wconf 79' lang='grc' dir='ltr'><strong>ὦ</strong></span> 
     </span>
    </p>
   </div>
   <div class='ocr_carea' id='block_1_31' title="bbox 2183 1458 3766 1536">
    <p class='ocr_par' dir='ltr' id='par_1_31' title="bbox 2183 1458 3766 1536">
     <span class='ocr_line' id='line_1_31' title="bbox 2183 1458 3766 1536; baseline -0.004 -19"><span class='ocrx_word' id='word_1_236' title='bbox 2183 1465 2374 1535; x_wconf 86' lang='grc' dir='ltr'>Κύριε,</span> <span class='ocrx_word' id='word_1_237' title='bbox 2408 1465 2506 1536; x_wconf 81' lang='grc' dir='ltr'>τὴν</span> <span class='ocrx_word' id='word_1_238' title='bbox 2559 1463 2748 1533; x_wconf 80' lang='grc' dir='ltr'>στενὴν</span> <span class='ocrx_word' id='word_1_239' title='bbox 2794 1461 2888 1515; x_wconf 79' lang='grc' dir='ltr'><strong>καὶ</strong></span> <span class='ocrx_word' id='word_1_240' title='bbox 2933 1462 3030 1533; x_wconf 78' lang='grc' dir='ltr'>τὴν</span> <span class='ocrx_word' id='word_1_241' title='bbox 3077 1459 3447 1530; x_wconf 82' lang='grc' dir='ltr'>τεθλιμμένην</span> <span class='ocrx_word' id='word_1_242' title='bbox 3492 1458 3766 1522; x_wconf 78' lang='grc' dir='ltr'><strong>ὁδεύοντες¹</strong></span> 
     </span>
    </p>
   </div>
   <div class='ocr_carea' id='block_1_32' title="bbox 2183 1550 3757 1628">
    <p class='ocr_par' dir='ltr' id='par_1_32' title="bbox 2183 1550 3757 1628">
     <span class='ocr_line' id='line_1_32' title="bbox 2183 1550 3757 1628; baseline -0.003 -20"><span class='ocrx_word' id='word_1_243' title='bbox 2183 1555 2321 1628; x_wconf 81' lang='grc' dir='ltr'>ὑπὲρ</span> <span class='ocrx_word' id='word_1_244' title='bbox 2343 1557 2439 1626; x_wconf 80' lang='grc' dir='ltr'>τῆς</span> <span class='ocrx_word' id='word_1_245' title='bbox 2466 1555 2746 1616; x_wconf 75' lang='grc' dir='ltr'>εὐσεϐείας</span> <span class='ocrx_word' id='word_1_246' title='bbox 2772 1553 3174 1624; x_wconf 78' lang='grc' dir='ltr'>ήγωνιζὸμεθα’</span> <span class='ocrx_word' id='word_1_247' title='bbox 3209 1552 3344 1623; x_wconf 82' lang='grc' dir='ltr'>πλὴν</span> <span class='ocrx_word' id='word_1_248' title='bbox 3372 1552 3472 1605; x_wconf 76' lang='grc' dir='ltr'><strong>καὶ</strong></span> <span class='ocrx_word' id='word_1_249' title='bbox 3500 1553 3557 1604; x_wconf 83' lang='grc' dir='ltr'>ὲν</span> <span class='ocrx_word' id='word_1_250' title='bbox 3579 1550 3757 1621; x_wconf 80' lang='grc' dir='ltr'>ἐκείνῃ</span> 
     </span>
    </p>
   </div>
   <div class='ocr_carea' id='block_1_33' title="bbox 2183 1639 3760 1728">
    <p class='ocr_par' dir='ltr' id='par_1_33' title="bbox 2183 1639 3760 1728">
     <span class='ocr_line' id='line_1_33' title="bbox 2183 1639 3760 1728; baseline -0.001 -33"><span class='ocrx_word' id='word_1_251' title='bbox 2183 1647 2248 1715; x_wconf 79' lang='grc' dir='ltr'>τῇ</span> <span class='ocrx_word' id='word_1_252' title='bbox 2288 1643 2461 1714; x_wconf 85' lang='grc' dir='ltr'>θλίψει</span> <span class='ocrx_word' id='word_1_253' title='bbox 2498 1646 2599 1696; x_wconf 80' lang='grc' dir='ltr'><strong>οὐκ</strong></span> <span class='ocrx_word' id='word_1_254' title='bbox 2649 1639 2791 1714; x_wconf 79' lang='grc' dir='ltr'>ἦμέν</span> <span class='ocrx_word' id='word_1_255' title='bbox 2851 1660 2942 1696; x_wconf 88' lang='grc' dir='ltr'><strong>σου</strong></span> <span class='ocrx_word' id='word_1_256' title='bbox 2987 1643 3328 1728; x_wconf 72' lang='grc' dir='ltr'>ἀμνήμονες·</span> <span class='ocrx_word' id='word_1_257' title='bbox 3380 1643 3475 1694; x_wconf 83' lang='grc' dir='ltr'>ὑπ’</span> <span class='ocrx_word' id='word_1_258' title='bbox 3512 1641 3680 1712; x_wconf 79' lang='grc' dir='ltr'>αὐτῆς</span> <span class='ocrx_word' id='word_1_259' title='bbox 3707 1641 3760 1693; x_wconf 77' lang='grc' dir='ltr'>δὲ</span> 
     </span>
    </p>
   </div>
   <div class='ocr_carea' id='block_1_34' title="bbox 510 1728 2083 1808">
    <p class='ocr_par' dir='ltr' id='par_1_34' title="bbox 510 1736 2078 1804">
     <span class='ocr_line' id='line_1_34' title="bbox 510 1736 2078 1804; baseline 0.004 -15"><span class='ocrx_word' id='word_1_260' title='bbox 510 1737 706 1790; x_wconf 88' lang='lat' dir='ltr'><strong>tieuter</strong></span> <span class='ocrx_word' id='word_1_261' title='bbox 756 1736 1084 1801; x_wconf 82' lang='lat' dir='ltr'><strong>ferebamus,</strong></span> <span class='ocrx_word' id='word_1_262' title='bbox 1133 1739 1206 1792; x_wconf 87' lang='lat' dir='ltr'><strong>ita</strong></span> <span class='ocrx_word' id='word_1_263' title='bbox 1239 1748 1299 1792; x_wconf 90' lang='lat' dir='ltr'><strong>ut</strong></span> <span class='ocrx_word' id='word_1_264' title='bbox 1325 1737 1665 1804; x_wconf 86' lang='lat' dir='ltr'><strong>diceremus,</strong></span> <span class='ocrx_word' id='word_1_265' title='bbox 1704 1758 1721 1790; x_wconf 83' lang='grc' dir='ltr'><strong>ι</strong></span> <span class='ocrx_word' id='word_1_266' title='bbox 1759 1739 2078 1796; x_wconf 85' lang='lat' dir='ltr'><strong>Tribulatio-</strong></span> 
     </span>
    </p>
   </div>
   <div class='ocr_carea' id='block_1_35' title="bbox 2184 1728 3761 1808">
    <p class='ocr_par' dir='ltr' id='par_1_35' title="bbox 2184 1735 3761 1808">
     <span class='ocr_line' id='line_1_35' title="bbox 2184 1735 3761 1808; baseline -0.003 -18"><span class='ocrx_word' id='word_1_267' title='bbox 2184 1738 2279 1807; x_wconf 83' lang='grc' dir='ltr'>τῆς</span> <span class='ocrx_word' id='word_1_268' title='bbox 2325 1737 2423 1807; x_wconf 84' lang='grc' dir='ltr'>σῆς</span> <span class='ocrx_word' id='word_1_269' title='bbox 2473 1738 2692 1808; x_wconf 78' lang='grc' dir='ltr'>μνήμης</span> <span class='ocrx_word' id='word_1_270' title='bbox 2727 1736 3120 1808; x_wconf 80' lang='grc' dir='ltr'>δυναμούμενοι</span> <span class='ocrx_word' id='word_1_271' title='bbox 3173 1735 3459 1808; x_wconf 76' lang='grc' dir='ltr'>καρτερῶς</span> <span class='ocrx_word' id='word_1_272' title='bbox 3501 1735 3761 1806; x_wconf 83' lang='grc' dir='ltr'>ὑπεμένο-</span> 
     </span>
    </p>
   </div>
   <div class='ocr_carea' id='block_1_36' title="bbox 509 1829 2080 1900">
    <p class='ocr_par' dir='ltr' id='par_1_36' title="bbox 509 1829 2080 1900">
     <span class='ocr_line' id='line_1_36' title="bbox 509 1829 2080 1900; baseline 0.004 -20"><span class='ocrx_word' id='word_1_273' title='bbox 509 1843 633 1882; x_wconf 90' lang='lat' dir='ltr'><strong>nem</strong></span> <span class='ocrx_word' id='word_1_274' title='bbox 669 1829 956 1898; x_wconf 87' lang='lat' dir='ltr'><strong>patientes,</strong></span> <span class='ocrx_word' id='word_1_275' title='bbox 993 1829 1088 1884; x_wconf 87' lang='lat' dir='ltr'><strong>sed</strong></span> <span class='ocrx_word' id='word_1_276' title='bbox 1117 1845 1224 1884; x_wconf 93' lang='lat' dir='ltr'><strong>non</strong></span> <span class='ocrx_word' id='word_1_277' title='bbox 1278 1831 1576 1900; x_wconf 83' lang='lat' dir='ltr'><strong>angustiati</strong></span> <span class='ocrx_word' id='word_1_278' title='bbox 1606 1848 1620 1896; x_wconf 91' lang='lat'><strong>;</strong></span> <span class='ocrx_word' id='word_1_279' title='bbox 1652 1833 2080 1900; x_wconf 83' lang='lat' dir='ltr'><strong>persecutionem</strong></span> 
     </span>
    </p>
   </div>
   <div class='ocr_carea' id='block_1_37' title="bbox 509 1919 2081 1994">
    <p class='ocr_par' dir='ltr' id='par_1_37' title="bbox 509 1919 2081 1994">
     <span class='ocr_line' id='line_1_37' title="bbox 509 1919 2081 1994; baseline 0.004 -22"><span class='ocrx_word' id='word_1_280' title='bbox 509 1919 768 1988; x_wconf 83' lang='lat' dir='ltr'><strong>ferentes,</strong></span> <span class='ocrx_word' id='word_1_281' title='bbox 798 1923 890 1977; x_wconf 86' lang='lat' dir='ltr'><strong>sed</strong></span> <span class='ocrx_word' id='word_1_282' title='bbox 920 1935 1023 1976; x_wconf 90' lang='lat' dir='ltr'><strong>non</strong></span> <span class='ocrx_word' id='word_1_283' title='bbox 1051 1922 1327 1988; x_wconf 90' lang='lat' dir='ltr'><strong>derelicti;</strong></span> <span class='ocrx_word' id='word_1_284' title='bbox 1365 1922 1577 1991; x_wconf 83' lang='lat' dir='ltr'><strong>dejecti,</strong></span> <span class='ocrx_word' id='word_1_285' title='bbox 1611 1924 1704 1978; x_wconf 90' lang='lat' dir='ltr'><strong>sed</strong></span> <span class='ocrx_word' id='word_1_286' title='bbox 1747 1939 1850 1978; x_wconf 89' lang='lat' dir='ltr'><strong>non</strong></span> <span class='ocrx_word' id='word_1_287' title='bbox 1902 1927 2081 1994; x_wconf 88' lang='lat' dir='ltr'><strong>perdi-</strong></span> 
     </span>
    </p>
   </div>
   <div class='ocr_carea' id='block_1_38' title="bbox 510 2010 2083 2084">
    <p class='ocr_par' dir='ltr' id='par_1_38' title="bbox 510 2010 2083 2084">
     <span class='ocr_line' id='line_1_38' title="bbox 510 2010 2083 2084; baseline 0.002 -19"><span class='ocrx_word' id='word_1_288' title='bbox 510 2011 550 2065; x_wconf 94' lang='lat' dir='ltr'><strong>ti</strong></span> <span class='ocrx_word' id='word_1_289' title='bbox 575 2011 639 2066; x_wconf 79' lang='grc'>¹⁸.</span> <span class='ocrx_word' id='word_1_290' title='bbox 672 2031 690 2064; x_wconf 76' lang='grc' dir='ltr'><strong>ι</strong></span> <span class='ocrx_word' id='word_1_291' title='bbox 726 2010 838 2066; x_wconf 85' lang='lat' dir='ltr'><strong>Hac</strong></span> <span class='ocrx_word' id='word_1_292' title='bbox 869 2027 998 2080; x_wconf 80' lang='lat' dir='ltr'><strong>ergo</strong></span> <span class='ocrx_word' id='word_1_293' title='bbox 1022 2011 1341 2066; x_wconf 90' lang='lat' dir='ltr'><strong>calamitate</strong></span> <span class='ocrx_word' id='word_1_294' title='bbox 1368 2013 1668 2079; x_wconf 83' lang='lat' dir='ltr'><strong>erudimur,</strong></span> <span class='ocrx_word' id='word_1_295' title='bbox 1699 2014 1930 2068; x_wconf 88' lang='lat' dir='ltr'><strong>scientes</strong></span> <span class='ocrx_word' id='word_1_296' title='bbox 1956 2015 2083 2084; x_wconf 86' lang='lat' dir='ltr'><strong>quia</strong></span> 
     </span>
    </p>
   </div>
   <div class='ocr_carea' id='block_1_39' title="bbox 511 2102 1364 2174">
    <p class='ocr_par' dir='ltr' id='par_1_39' title="bbox 511 2102 1364 2174">
     <span class='ocr_line' id='line_1_39' title="bbox 511 2102 1364 2174; baseline 0 -16"><span class='ocrx_word' id='word_1_297' title='bbox 511 2117 673 2174; x_wconf 86' lang='lat' dir='ltr'><strong>quem</strong></span> <span class='ocrx_word' id='word_1_298' title='bbox 707 2102 881 2173; x_wconf 80' lang='lat' dir='ltr'><strong>diligit</strong></span> <span class='ocrx_word' id='word_1_299' title='bbox 911 2104 1076 2167; x_wconf 88' lang='lat' dir='ltr'><strong>Deus,</strong></span> <span class='ocrx_word' id='word_1_300' title='bbox 1097 2102 1364 2172; x_wconf 61' lang='lat' dir='ltr'><strong>castigat.</strong></span> 
     </span>
    </p>
   </div>
   <div class='ocr_carea' id='block_1_40' title="bbox 579 2280 2083 2358">
    <p class='ocr_par' dir='ltr' id='par_1_40' title="bbox 579 2280 2083 2358">
     <span class='ocr_line' id='line_1_40' title="bbox 579 2280 2083 2358; baseline 0.002 -23"><span class='ocrx_word' id='word_1_301' title='bbox 579 2280 748 2335; x_wconf 74' lang='lat' dir='ltr'><strong>VERS.</strong></span> <span class='ocrx_word' id='word_1_302' title='bbox 779 2281 864 2348; x_wconf 79' lang='grc' dir='ltr'>Π,</span> <span class='ocrx_word' id='word_1_303' title='bbox 894 2282 980 2337; x_wconf 78' lang='lat' dir='ltr'><strong>l8.</strong></span> <span class='ocrx_word' id='word_1_304' title='bbox 1015 2301 1034 2334; x_wconf 77' lang='grc' dir='ltr'><strong>ι</strong></span> <span class='ocrx_word' id='word_1_305' title='bbox 1071 2282 1137 2336; x_wconf 83' lang='grc' dir='ltr'><strong>Ει</strong></span> <span class='ocrx_word' id='word_1_306' title='bbox 1165 2283 1306 2338; x_wconf 91' lang='lat' dir='ltr'><strong>sicut</strong></span> <span class='ocrx_word' id='word_1_307' title='bbox 1344 2285 1662 2356; x_wconf 85' lang='lat' dir='ltr'><strong>parturiens</strong></span> <span class='ocrx_word' id='word_1_308' title='bbox 1690 2287 2083 2358; x_wconf 82' lang='lat' dir='ltr'><strong>apprOpinquat</strong></span> 
     </span>
    </p>
   </div>
   <div class='ocr_carea' id='block_1_41' title="bbox 509 2364 2082 2444">
    <p class='ocr_par' dir='ltr' id='par_1_41' title="bbox 509 2364 2082 2444">
     <span class='ocr_line' id='line_1_41' title="bbox 509 2364 2082 2444; baseline 0.003 -17"><span class='ocrx_word' id='word_1_309' title='bbox 509 2374 575 2427; x_wconf 76' lang='grc' dir='ltr'>ιιι]</span> <span class='ocrx_word' id='word_1_310' title='bbox 601 2364 835 2444; x_wconf 78' lang='lat' dir='ltr'><strong>partum,</strong></span> <span class='ocrx_word' id='word_1_311' title='bbox 861 2384 912 2428; x_wconf 92' lang='lat' dir='ltr'><strong>et</strong></span> <span class='ocrx_word' id='word_1_312' title='bbox 939 2375 991 2427; x_wconf 91' lang='lat' dir='ltr'><strong>in</strong></span> <span class='ocrx_word' id='word_1_313' title='bbox 1023 2374 1208 2430; x_wconf 90' lang='lat' dir='ltr'><strong>dolore</strong></span> <span class='ocrx_word' id='word_1_314' title='bbox 1237 2392 1334 2431; x_wconf 92' lang='lat' dir='ltr'><strong>suo</strong></span> <span class='ocrx_word' id='word_1_315' title='bbox 1365 2378 1595 2438; x_wconf 83' lang='lat' dir='ltr'><strong>clamat;</strong></span> <span class='ocrx_word' id='word_1_316' title='bbox 1631 2377 1709 2429; x_wconf 91' lang='lat' dir='ltr'><strong>sic</strong></span> <span class='ocrx_word' id='word_1_317' title='bbox 1739 2376 1862 2429; x_wconf 85' lang='lat' dir='ltr'><strong>facti</strong></span> <span class='ocrx_word' id='word_1_318' title='bbox 1897 2393 2082 2432; x_wconf 88' lang='lat' dir='ltr'><strong>sumus</strong></span> 
     </span>
    </p>
   </div>
   <div class='ocr_carea' id='block_1_42' title="bbox 509 2463 2082 2535">
    <p class='ocr_par' dir='ltr' id='par_1_42' title="bbox 509 2463 2082 2535">
     <span class='ocr_line' id='line_1_42' title="bbox 509 2463 2082 2535; baseline 0.001 -16"><span class='ocrx_word' id='word_1_319' title='bbox 509 2463 715 2525; x_wconf 62' lang='lat' dir='ltr'><strong>Dilecto</strong></span> <span class='ocrx_word' id='word_1_320' title='bbox 739 2473 851 2520; x_wconf 90' lang='lat' dir='ltr'><strong>tuo.</strong></span> <span class='ocrx_word' id='word_1_321' title='bbox 881 2463 1106 2535; x_wconf 88' lang='lat' dir='ltr'><strong>Propter</strong></span> <span class='ocrx_word' id='word_1_322' title='bbox 1135 2466 1378 2520; x_wconf 88' lang='lat' dir='ltr'><strong>timorem</strong></span> <span class='ocrx_word' id='word_1_323' title='bbox 1410 2477 1580 2530; x_wconf 88' lang='lat' dir='ltr'><strong>tuum,</strong></span> <span class='ocrx_word' id='word_1_324' title='bbox 1608 2466 1846 2524; x_wconf 87' lang='lat' dir='ltr'><strong>Domine.</strong></span> <span class='ocrx_word' id='word_1_325' title='bbox 1882 2466 1937 2519; x_wconf 91' lang='lat' dir='ltr'><strong>in</strong></span> <span class='ocrx_word' id='word_1_326' title='bbox 1963 2477 2082 2521; x_wconf 84' lang='lat' dir='ltr'><strong>ute-</strong></span> 
     </span>
    </p>
   </div>
   <div class='ocr_carea' id='block_1_43' title="bbox 509 2556 2104 2632">
    <p class='ocr_par' dir='ltr' id='par_1_43' title="bbox 509 2556 2104 2632">
     <span class='ocr_line' id='line_1_43' title="bbox 509 2556 2104 2632; baseline 0.003 -22"><span class='ocrx_word' id='word_1_327' title='bbox 509 2569 574 2610; x_wconf 89' lang='lat' dir='ltr'><strong>ro</strong></span> <span class='ocrx_word' id='word_1_328' title='bbox 601 2556 910 2626; x_wconf 88' lang='lat' dir='ltr'><strong>accepimus</strong></span> <span class='ocrx_word' id='word_1_329' title='bbox 930 2597 946 2623; x_wconf 97' lang='lat'><strong>,</strong></span> <span class='ocrx_word' id='word_1_330' title='bbox 983 2567 1038 2611; x_wconf 91' lang='lat' dir='ltr'><strong>et</strong></span> <span class='ocrx_word' id='word_1_331' title='bbox 1071 2559 1454 2627; x_wconf 87' lang='lat' dir='ltr'><strong>parturivimus</strong></span> <span class='ocrx_word' id='word_1_332' title='bbox 1482 2602 1497 2627; x_wconf 90' lang='lat'><strong>,</strong></span> <span class='ocrx_word' id='word_1_333' title='bbox 1539 2571 1592 2614; x_wconf 91' lang='lat' dir='ltr'><strong>et</strong></span> <span class='ocrx_word' id='word_1_334' title='bbox 1622 2562 1925 2630; x_wconf 89' lang='lat' dir='ltr'><strong>peperimus</strong></span> <span class='ocrx_word' id='word_1_335' title='bbox 1969 2563 2074 2632; x_wconf 89' lang='lat' dir='ltr'><strong>spi-</strong></span> <span class='ocrx_word' id='word_1_336' title='bbox 2102 2562 2104 2564; x_wconf 72' lang='grc'>’</span> 
     </span>
    </p>
   </div>
   <div class='ocr_carea' id='block_1_44' title="bbox 510 2646 2082 2719">
    <p class='ocr_par' dir='ltr' id='par_1_44' title="bbox 510 2646 2082 2719">
     <span class='ocr_line' id='line_1_44' title="bbox 510 2646 2082 2719; baseline 0.004 -18"><span class='ocrx_word' id='word_1_337' title='bbox 510 2647 674 2704; x_wconf 88' lang='lat' dir='ltr'><strong>ritum</strong></span> <span class='ocrx_word' id='word_1_338' title='bbox 696 2646 886 2702; x_wconf 85' lang='lat' dir='ltr'><strong>salutis</strong></span> <span class='ocrx_word' id='word_1_339' title='bbox 914 2658 1016 2703; x_wconf 72' lang='lat' dir='ltr'><strong>tua:</strong></span> <span class='ocrx_word' id='word_1_340' title='bbox 1040 2690 1054 2713; x_wconf 94' lang='lat'><strong>,</strong></span> <span class='ocrx_word' id='word_1_341' title='bbox 1088 2664 1245 2719; x_wconf 88' lang='lat' dir='ltr'><strong>quem</strong></span> <span class='ocrx_word' id='word_1_342' title='bbox 1280 2652 1508 2706; x_wconf 79' lang='lat' dir='ltr'><strong>fecimus</strong></span> <span class='ocrx_word' id='word_1_343' title='bbox 1538 2651 1591 2706; x_wconf 93' lang='lat' dir='ltr'><strong>in</strong></span> <span class='ocrx_word' id='word_1_344' title='bbox 1638 2661 1800 2706; x_wconf 88' lang='lat' dir='ltr'><strong>terra.</strong></span> <span class='ocrx_word' id='word_1_345' title='bbox 1844 2651 1956 2707; x_wconf 83' lang='lat' dir='ltr'><strong>Non</strong></span> <span class='ocrx_word' id='word_1_346' title='bbox 1991 2669 2082 2708; x_wconf 88' lang='lat' dir='ltr'><strong>ca-</strong></span> 
     </span>
    </p>
   </div>
   <div class='ocr_carea' id='block_1_45' title="bbox 510 2738 2082 2812">
    <p class='ocr_par' dir='ltr' id='par_1_45' title="bbox 510 2738 2082 2812">
     <span class='ocr_line' id='line_1_45' title="bbox 510 2738 2082 2812; baseline 0.005 -19"><span class='ocrx_word' id='word_1_347' title='bbox 510 2738 722 2810; x_wconf 87' lang='lat' dir='ltr'><strong>demus,</strong></span> <span class='ocrx_word' id='word_1_348' title='bbox 748 2740 841 2795; x_wconf 89' lang='lat' dir='ltr'><strong>sed</strong></span> <span class='ocrx_word' id='word_1_349' title='bbox 869 2740 1063 2796; x_wconf 89' lang='lat' dir='ltr'><strong>cadent</strong></span> <span class='ocrx_word' id='word_1_350' title='bbox 1086 2757 1274 2796; x_wconf 88' lang='lat' dir='ltr'><strong>omnes</strong></span> <span class='ocrx_word' id='word_1_351' title='bbox 1299 2742 1630 2799; x_wconf 85' lang='lat' dir='ltr'><strong>habitatores</strong></span> <span class='ocrx_word' id='word_1_352' title='bbox 1661 2754 1838 2799; x_wconf 85' lang='lat' dir='ltr'><strong>terrae.</strong></span> <span class='ocrx_word' id='word_1_353' title='bbox 1865 2764 1883 2797; x_wconf 81' lang='grc' dir='ltr'><strong>ι</strong></span> <span class='ocrx_word' id='word_1_354' title='bbox 1906 2745 2082 2812; x_wconf 88' lang='lat' dir='ltr'><strong>Quare</strong></span> 
     </span>
    </p>
   </div>
   <div class='ocr_carea' id='block_1_46' title="bbox 511 2835 2079 2901">
    <p class='ocr_par' dir='ltr' id='par_1_46' title="bbox 511 2835 2079 2901">
     <span class='ocr_line' id='line_1_46' title="bbox 511 2835 2079 2901; baseline 0.004 -13"><span class='ocrx_word' id='word_1_355' title='bbox 511 2850 724 2890; x_wconf 90' lang='lat' dir='ltr'><strong>omnem</strong></span> <span class='ocrx_word' id='word_1_356' title='bbox 751 2835 988 2891; x_wconf 87' lang='lat' dir='ltr'><strong>laborem</strong></span> <span class='ocrx_word' id='word_1_357' title='bbox 1019 2838 1370 2901; x_wconf 88' lang='lat' dir='ltr'><strong>sustinentes,</strong></span> <span class='ocrx_word' id='word_1_358' title='bbox 1405 2839 1606 2894; x_wconf 89' lang='lat' dir='ltr'><strong>similes</strong></span> <span class='ocrx_word' id='word_1_359' title='bbox 1631 2855 1848 2894; x_wconf 90' lang='lat' dir='ltr'><strong>eramus</strong></span> <span class='ocrx_word' id='word_1_360' title='bbox 1871 2840 2079 2894; x_wconf 87' lang='lat' dir='ltr'><strong>mulieri</strong></span> 
     </span>
    </p>
   </div>
   <div class='ocr_carea' id='block_1_47' title="bbox 511 2925 2079 3002">
    <p class='ocr_par' dir='ltr' id='par_1_47' title="bbox 511 2925 2079 3002">
     <span class='ocr_line' id='line_1_47' title="bbox 511 2925 2079 3002; baseline 0.005 -25"><span class='ocrx_word' id='word_1_361' title='bbox 511 2925 830 2991; x_wconf 85' lang='lat' dir='ltr'><strong>parturienti</strong></span> <span class='ocrx_word' id='word_1_362' title='bbox 855 2939 873 2987; x_wconf 74' lang='lat'><strong>&#39;,</strong></span> <span class='ocrx_word' id='word_1_363' title='bbox 915 2935 967 2979; x_wconf 90' lang='lat' dir='ltr'><strong>et</strong></span> <span class='ocrx_word' id='word_1_364' title='bbox 997 2926 1290 2981; x_wconf 90' lang='lat' dir='ltr'><strong>clamorem</strong></span> <span class='ocrx_word' id='word_1_365' title='bbox 1325 2929 1590 2983; x_wconf 88' lang='lat' dir='ltr'><strong>emittenti</strong></span> <span class='ocrx_word' id='word_1_366' title='bbox 1615 2971 1630 2996; x_wconf 93' lang='lat'><strong>,</strong></span> <span class='ocrx_word' id='word_1_367' title='bbox 1679 2932 1802 2999; x_wconf 84' lang='lat' dir='ltr'><strong>quia</strong></span> <span class='ocrx_word' id='word_1_368' title='bbox 1836 2932 1912 2996; x_wconf 85' lang='lat' dir='ltr'><strong>id,</strong></span> <span class='ocrx_word' id='word_1_369' title='bbox 1939 2933 2079 3002; x_wconf 86' lang='lat' dir='ltr'><strong>quod</strong></span> 
     </span>
    </p>
   </div>
   <div class='ocr_carea' id='block_1_48' title="bbox 511 3017 2079 3084">
    <p class='ocr_par' dir='ltr' id='par_1_48' title="bbox 511 3017 2079 3084">
     <span class='ocr_line' id='line_1_48' title="bbox 511 3017 2079 3084; baseline 0.006 -16"><span class='ocrx_word' id='word_1_370' title='bbox 511 3017 564 3068; x_wconf 92' lang='lat' dir='ltr'><strong>in</strong></span> <span class='ocrx_word' id='word_1_371' title='bbox 596 3025 782 3070; x_wconf 89' lang='lat' dir='ltr'><strong>ventre</strong></span> <span class='ocrx_word' id='word_1_372' title='bbox 814 3026 1083 3084; x_wconf 89' lang='lat' dir='ltr'><strong>movetur,</strong></span> <span class='ocrx_word' id='word_1_373' title='bbox 1119 3017 1172 3070; x_wconf 91' lang='lat' dir='ltr'><strong>in</strong></span> <span class='ocrx_word' id='word_1_374' title='bbox 1203 3018 1374 3072; x_wconf 91' lang='lat' dir='ltr'><strong>lucem</strong></span> <span class='ocrx_word' id='word_1_375' title='bbox 1399 3020 1623 3074; x_wconf 80' lang='lat' dir='ltr'><strong>euixura</strong></span> <span class='ocrx_word' id='word_1_376' title='bbox 1655 3032 1737 3076; x_wconf 91' lang='lat' dir='ltr'><strong>est</strong></span> <span class='ocrx_word' id='word_1_377' title='bbox 1768 3041 1780 3076; x_wconf 94' lang='lat'>:</span> <span class='ocrx_word' id='word_1_378' title='bbox 1817 3023 1889 3076; x_wconf 89' lang='lat' dir='ltr'><strong>ita</strong></span> <span class='ocrx_word' id='word_1_379' title='bbox 1910 3033 1964 3078; x_wconf 92' lang='lat' dir='ltr'><strong>et</strong></span> <span class='ocrx_word' id='word_1_380' title='bbox 1985 3039 2079 3078; x_wconf 90' lang='lat' dir='ltr'><strong>nos</strong></span> 
     </span>
    </p>
   </div>
   <div class='ocr_carea' id='block_1_49' title="bbox 510 3104 2079 3183">
    <p class='ocr_par' dir='ltr' id='par_1_49' title="bbox 510 3104 2079 3183">
     <span class='ocr_line' id='line_1_49' title="bbox 510 3104 2079 3183; baseline 0.008 -26"><span class='ocrx_word' id='word_1_381' title='bbox 510 3115 757 3181; x_wconf 87' lang='lat' dir='ltr'><strong>respectu</strong></span> <span class='ocrx_word' id='word_1_382' title='bbox 789 3104 978 3161; x_wconf 92' lang='lat' dir='ltr'><strong>Dilecti</strong></span> <span class='ocrx_word' id='word_1_383' title='bbox 1029 3108 1103 3161; x_wconf 92' lang='lat' dir='ltr'><strong>tui</strong></span> <span class='ocrx_word' id='word_1_384' title='bbox 1152 3109 1350 3164; x_wconf 81' lang='lat' dir='ltr'><strong>fuimus</strong></span> <span class='ocrx_word' id='word_1_385' title='bbox 1384 3128 1397 3164; x_wconf 90' lang='lat'><strong>:</strong></span> <span class='ocrx_word' id='word_1_386' title='bbox 1432 3127 1554 3164; x_wconf 88' lang='lat' dir='ltr'><strong>nam</strong></span> <span class='ocrx_word' id='word_1_387' title='bbox 1588 3113 1919 3183; x_wconf 72' lang='lat' dir='ltr'><strong>unigenitum</strong></span> <span class='ocrx_word' id='word_1_388' title='bbox 1946 3115 2079 3170; x_wconf 68' lang='lat' dir='ltr'><strong>Ver-</strong></span> 
     </span>
    </p>
   </div>
   <div class='ocr_carea' id='block_1_50' title="bbox 510 3195 2077 3276">
    <p class='ocr_par' dir='ltr' id='par_1_50' title="bbox 510 3195 2077 3276">
     <span class='ocr_line' id='line_1_50' title="bbox 510 3195 2077 3276; baseline 0.008 -28"><span class='ocrx_word' id='word_1_389' title='bbox 510 3195 634 3254; x_wconf 86' lang='lat' dir='ltr'><strong>bum</strong></span> <span class='ocrx_word' id='word_1_390' title='bbox 671 3205 816 3250; x_wconf 91' lang='lat' dir='ltr'><strong>tuum</strong></span> <span class='ocrx_word' id='word_1_391' title='bbox 852 3198 998 3262; x_wconf 82' lang='lat' dir='ltr'><strong>intus</strong></span> <span class='ocrx_word' id='word_1_392' title='bbox 1025 3198 1076 3251; x_wconf 92' lang='lat' dir='ltr'><strong>in</strong></span> <span class='ocrx_word' id='word_1_393' title='bbox 1105 3200 1283 3254; x_wconf 90' lang='lat' dir='ltr'><strong>anima</strong></span> <span class='ocrx_word' id='word_1_394' title='bbox 1310 3201 1590 3276; x_wconf 83' lang='lat' dir='ltr'><strong>habentes,</strong></span> <span class='ocrx_word' id='word_1_395' title='bbox 1621 3219 1831 3260; x_wconf 89' lang='lat' dir='ltr'><strong>necnon</strong></span> <span class='ocrx_word' id='word_1_396' title='bbox 1862 3207 2077 3261; x_wconf 89' lang='lat' dir='ltr'><strong>insitum</strong></span> 
     </span>
    </p>
   </div>
   <div class='ocr_carea' id='block_1_51' title="bbox 509 3288 2082 3366">
    <p class='ocr_par' dir='ltr' id='par_1_51' title="bbox 509 3288 2082 3366">
     <span class='ocr_line' id='line_1_51' title="bbox 509 3288 2082 3366; baseline 0.009 -26"><span class='ocrx_word' id='word_1_397' title='bbox 509 3288 608 3351; x_wconf 79' lang='lat' dir='ltr'><strong>abs</strong></span> <span class='ocrx_word' id='word_1_398' title='bbox 659 3299 712 3344; x_wconf 88' lang='lat' dir='ltr'><strong>te</strong></span> <span class='ocrx_word' id='word_1_399' title='bbox 758 3289 916 3344; x_wconf 86' lang='lat' dir='ltr'><strong>nobis</strong></span> <span class='ocrx_word' id='word_1_400' title='bbox 946 3290 1182 3346; x_wconf 86' lang='lat' dir='ltr'><strong>divinum</strong></span> <span class='ocrx_word' id='word_1_401' title='bbox 1241 3293 1526 3360; x_wconf 89' lang='lat' dir='ltr'><strong>timorem,</strong></span> <span class='ocrx_word' id='word_1_402' title='bbox 1580 3312 1642 3349; x_wconf 91' lang='lat' dir='ltr'><strong>ac</strong></span> <span class='ocrx_word' id='word_1_403' title='bbox 1672 3310 2082 3366; x_wconf 88' lang='lat' dir='ltr'><strong>perseveranter</strong></span> 
     </span>
    </p>
   </div>
   <div class='ocr_carea' id='block_1_52' title="bbox 511 3379 2078 3461">
    <p class='ocr_par' dir='ltr' id='par_1_52' title="bbox 511 3379 2078 3461">
     <span class='ocr_line' id='line_1_52' title="bbox 511 3379 2078 3461; baseline 0.006 -27"><span class='ocrx_word' id='word_1_404' title='bbox 511 3379 770 3446; x_wconf 80' lang='lat' dir='ltr'><strong>ferentes,</strong></span> <span class='ocrx_word' id='word_1_405' title='bbox 801 3397 905 3436; x_wconf 91' lang='lat' dir='ltr'><strong>nou</strong></span> <span class='ocrx_word' id='word_1_406' title='bbox 945 3397 1041 3454; x_wconf 91' lang='lat' dir='ltr'><strong>spe</strong></span> <span class='ocrx_word' id='word_1_407' title='bbox 1067 3382 1200 3452; x_wconf 85' lang='lat' dir='ltr'><strong>lapsi</strong></span> <span class='ocrx_word' id='word_1_408' title='bbox 1231 3400 1457 3453; x_wconf 87' lang='lat' dir='ltr'><strong>sumus;</strong></span> <span class='ocrx_word' id='word_1_409' title='bbox 1500 3388 1594 3441; x_wconf 84' lang='lat' dir='ltr'><strong>sed</strong></span> <span class='ocrx_word' id='word_1_410' title='bbox 1623 3390 1928 3458; x_wconf 89' lang='lat' dir='ltr'><strong>peperimus</strong></span> <span class='ocrx_word' id='word_1_411' title='bbox 1968 3391 2078 3461; x_wconf 83' lang='lat' dir='ltr'><strong>spi-</strong></span> 
     </span>
    </p>
   </div>
   <div class='ocr_carea' id='block_1_53' title="bbox 510 3472 2080 3536">
    <p class='ocr_par' dir='ltr' id='par_1_53' title="bbox 510 3472 2080 3536">
     <span class='ocr_line' id='line_1_53' title="bbox 510 3472 2080 3536; baseline 0.008 -13"><span class='ocrx_word' id='word_1_412' title='bbox 510 3472 673 3536; x_wconf 73' lang='lat' dir='ltr'><strong>ritum</strong></span> <span class='ocrx_word' id='word_1_413' title='bbox 703 3472 916 3527; x_wconf 87' lang='lat' dir='ltr'><strong>salutis.</strong></span> <span class='ocrx_word' id='word_1_414' title='bbox 957 3473 1089 3529; x_wconf 82' lang='lat' dir='ltr'><strong>Nam</strong></span> <span class='ocrx_word' id='word_1_415' title='bbox 1139 3474 1263 3530; x_wconf 78' lang='lat' dir='ltr'><strong>finis</strong></span> <span class='ocrx_word' id='word_1_416' title='bbox 1303 3477 1394 3532; x_wconf 89' lang='lat' dir='ltr'><strong>ille</strong></span> <span class='ocrx_word' id='word_1_417' title='bbox 1450 3476 1638 3532; x_wconf 85' lang='lat' dir='ltr'><strong>Dilecti</strong></span> <span class='ocrx_word' id='word_1_418' title='bbox 1674 3480 1746 3533; x_wconf 93' lang='lat' dir='ltr'><strong>tui</strong></span> <span class='ocrx_word' id='word_1_419' title='bbox 1784 3489 1838 3534; x_wconf 91' lang='lat' dir='ltr'><strong>et</strong></span> <span class='ocrx_word' id='word_1_420' title='bbox 1873 3481 2080 3536; x_wconf 84' lang='lat' dir='ltr'><strong>timoris</strong></span> 
     </span>
    </p>
   </div>
   <div class='ocr_carea' id='block_1_54' title="bbox 510 3563 2078 3641">
    <p class='ocr_par' dir='ltr' id='par_1_54' title="bbox 510 3563 2078 3641">
     <span class='ocr_line' id='line_1_54' title="bbox 510 3563 2078 3641; baseline 0.006 -25"><span class='ocrx_word' id='word_1_421' title='bbox 510 3563 624 3636; x_wconf 81' lang='lat' dir='ltr'><strong>ejus</strong></span> <span class='ocrx_word' id='word_1_422' title='bbox 650 3572 859 3634; x_wconf 89' lang='lat' dir='ltr'><strong>partus,</strong></span> <span class='ocrx_word' id='word_1_423' title='bbox 897 3564 1119 3636; x_wconf 86' lang='lat' dir='ltr'><strong>spiritus</strong></span> <span class='ocrx_word' id='word_1_424' title='bbox 1151 3569 1320 3622; x_wconf 89' lang='lat' dir='ltr'><strong>nostri</strong></span> <span class='ocrx_word' id='word_1_425' title='bbox 1353 3577 1498 3624; x_wconf 84' lang='lat' dir='ltr'><strong>satus</strong></span> <span class='ocrx_word' id='word_1_426' title='bbox 1524 3579 1676 3635; x_wconf 86' lang='lat' dir='ltr'><strong>erat;</strong></span> <span class='ocrx_word' id='word_1_427' title='bbox 1720 3585 1878 3640; x_wconf 89' lang='lat' dir='ltr'><strong>quem</strong></span> <span class='ocrx_word' id='word_1_428' title='bbox 1916 3573 2078 3641; x_wconf 88' lang='lat' dir='ltr'><strong>spiri-</strong></span> 
     </span>
    </p>
   </div>
   <div class='ocr_carea' id='block_1_55' title="bbox 513 3653 2077 3720">
    <p class='ocr_par' dir='ltr' id='par_1_55' title="bbox 513 3653 2077 3720">
     <span class='ocr_line' id='line_1_55' title="bbox 513 3653 2077 3720; baseline 0.007 -13"><span class='ocrx_word' id='word_1_429' title='bbox 513 3653 624 3707; x_wconf 84' lang='lat' dir='ltr'><strong>tum</strong></span> <span class='ocrx_word' id='word_1_430' title='bbox 659 3662 718 3708; x_wconf 91' lang='lat' dir='ltr'><strong>ut</strong></span> <span class='ocrx_word' id='word_1_431' title='bbox 745 3655 1036 3720; x_wconf 88' lang='lat' dir='ltr'><strong>edidimus,</strong></span> <span class='ocrx_word' id='word_1_432' title='bbox 1074 3658 1325 3713; x_wconf 88' lang='lat' dir='ltr'><strong>omnibus</strong></span> <span class='ocrx_word' id='word_1_433' title='bbox 1352 3660 1539 3714; x_wconf 90' lang='lat' dir='ltr'><strong>orbem</strong></span> <span class='ocrx_word' id='word_1_434' title='bbox 1591 3660 1951 3716; x_wconf 89' lang='lat' dir='ltr'><strong>incolentibus</strong></span> <span class='ocrx_word' id='word_1_435' title='bbox 1979 3663 2077 3718; x_wconf 82' lang='lat' dir='ltr'><strong>lto-</strong></span> 
     </span>
    </p>
   </div>
   <div class='ocr_carea' id='block_1_56' title="bbox 511 3746 2079 3821">
    <p class='ocr_par' dir='ltr' id='par_1_56' title="bbox 511 3746 2079 3821">
     <span class='ocr_line' id='line_1_56' title="bbox 511 3746 2079 3821; baseline 0.008 -23"><span class='ocrx_word' id='word_1_436' title='bbox 511 3746 748 3806; x_wconf 81' lang='lat' dir='ltr'><strong>minibus</strong></span> <span class='ocrx_word' id='word_1_437' title='bbox 776 3757 961 3800; x_wconf 93' lang='lat' dir='ltr'><strong>notum</strong></span> <span class='ocrx_word' id='word_1_438' title='bbox 994 3748 1248 3813; x_wconf 81' lang='lat' dir='ltr'><strong>fecimus;</strong></span> <span class='ocrx_word' id='word_1_439' title='bbox 1294 3759 1349 3804; x_wconf 92' lang='lat' dir='ltr'><strong>ut</strong></span> <span class='ocrx_word' id='word_1_440' title='bbox 1395 3759 1451 3804; x_wconf 86' lang='lat' dir='ltr'><strong>et</strong></span> <span class='ocrx_word' id='word_1_441' title='bbox 1493 3751 1594 3819; x_wconf 90' lang='lat' dir='ltr'><strong>ipsi</strong></span> <span class='ocrx_word' id='word_1_442' title='bbox 1634 3753 1762 3807; x_wconf 86' lang='lat' dir='ltr'><strong>hinc</strong></span> <span class='ocrx_word' id='word_1_443' title='bbox 1784 3755 1979 3821; x_wconf 90' lang='lat' dir='ltr'><strong>edocti,</strong></span> <span class='ocrx_word' id='word_1_444' title='bbox 2013 3769 2079 3810; x_wconf 78' lang='lat' dir='ltr'><strong>ex</strong></span> 
     </span>
    </p>
   </div>
   <div class='ocr_carea' id='block_1_57' title="bbox 511 3837 2077 3914">
    <p class='ocr_par' dir='ltr' id='par_1_57' title="bbox 511 3837 2077 3914">
     <span class='ocr_line' id='line_1_57' title="bbox 511 3837 2077 3914; baseline 0.008 -26"><span class='ocrx_word' id='word_1_445' title='bbox 511 3837 853 3892; x_wconf 79' lang='lat' dir='ltr'><strong>:emulatione</strong></span> <span class='ocrx_word' id='word_1_446' title='bbox 889 3841 1223 3905; x_wconf 82' lang='lat' dir='ltr'><strong>parturiendi</strong></span> <span class='ocrx_word' id='word_1_447' title='bbox 1263 3857 1291 3894; x_wconf 92' lang='lat' dir='ltr'><strong>a</strong></span> <span class='ocrx_word' id='word_1_448' title='bbox 1325 3842 1519 3897; x_wconf 89' lang='lat' dir='ltr'><strong>timore</strong></span> <span class='ocrx_word' id='word_1_449' title='bbox 1575 3853 1666 3897; x_wconf 92' lang='lat' dir='ltr'><strong>tuo</strong></span> <span class='ocrx_word' id='word_1_450' title='bbox 1691 3883 1705 3909; x_wconf 97' lang='lat'><strong>,</strong></span> <span class='ocrx_word' id='word_1_451' title='bbox 1737 3853 1793 3898; x_wconf 90' lang='lat' dir='ltr'><strong>et</strong></span> <span class='ocrx_word' id='word_1_452' title='bbox 1837 3847 2077 3914; x_wconf 84' lang='lat' dir='ltr'><strong>pariendi</strong></span> 
     </span>
    </p>
   </div>
   <div class='ocr_carea' id='block_1_58' title="bbox 511 3925 2077 4003">
    <p class='ocr_par' dir='ltr' id='par_1_58' title="bbox 511 3925 2077 4003">
     <span class='ocr_line' id='line_1_58' title="bbox 511 3925 2077 4003; baseline 0.008 -27"><span class='ocrx_word' id='word_1_453' title='bbox 511 3925 758 3979; x_wconf 83' lang='lat' dir='ltr'><strong>eumdem</strong></span> <span class='ocrx_word' id='word_1_454' title='bbox 813 3928 1098 3996; x_wconf 90' lang='lat' dir='ltr'><strong>spiritum,</strong></span> <span class='ocrx_word' id='word_1_455' title='bbox 1151 3931 1434 3986; x_wconf 88' lang='lat' dir='ltr'><strong>utilitatem</strong></span> <span class='ocrx_word' id='word_1_456' title='bbox 1476 3933 1797 4003; x_wconf 88' lang='lat' dir='ltr'><strong>percipiant.</strong></span> <span class='ocrx_word' id='word_1_457' title='bbox 1861 3933 2077 3989; x_wconf 86' lang='lat' dir='ltr'><strong>Etenim</strong></span> 
     </span>
    </p>
   </div>
   <div class='ocr_carea' id='block_1_59' title="bbox 511 4004 2080 4097">
    <p class='ocr_par' dir='ltr' id='par_1_59' title="bbox 511 4004 2080 4097">
     <span class='ocr_line' id='line_1_59' title="bbox 511 4004 2080 4097; baseline 0.009 -29"><span class='ocrx_word' id='word_1_458' title='bbox 511 4017 602 4090; x_wconf 85' lang='lat' dir='ltr'><strong>qui</strong></span> <span class='ocrx_word' id='word_1_459' title='bbox 631 4017 775 4071; x_wconf 92' lang='lat' dir='ltr'><strong>buuc</strong></span> <span class='ocrx_word' id='word_1_460' title='bbox 807 4004 995 4074; x_wconf 82' lang='lat' dir='ltr'><strong>salutis</strong></span> <span class='ocrx_word' id='word_1_461' title='bbox 1043 4021 1293 4089; x_wconf 88' lang='lat' dir='ltr'><strong>spiritum</strong></span> <span class='ocrx_word' id='word_1_462' title='bbox 1346 4039 1451 4077; x_wconf 91' lang='lat' dir='ltr'><strong>non</strong></span> <span class='ocrx_word' id='word_1_463' title='bbox 1485 4026 1833 4095; x_wconf 88' lang='lat' dir='ltr'><strong>conceperint</strong></span> <span class='ocrx_word' id='word_1_464' title='bbox 1857 4065 1874 4092; x_wconf 95' lang='lat'><strong>,</strong></span> <span class='ocrx_word' id='word_1_465' title='bbox 1907 4042 2080 4097; x_wconf 88' lang='lat' dir='ltr'><strong>neque</strong></span> 
     </span>
    </p>
   </div>
   <div class='ocr_carea' id='block_1_60' title="bbox 511 4110 2076 4187">
    <p class='ocr_par' dir='ltr' id='par_1_60' title="bbox 511 4110 2076 4187">
     <span class='ocr_line' id='line_1_60' title="bbox 511 4110 2076 4187; baseline 0.004 -23"><span class='ocrx_word' id='word_1_466' title='bbox 511 4110 840 4187; x_wconf 87' lang='lat' dir='ltr'><strong>pepererint,</strong></span> <span class='ocrx_word' id='word_1_467' title='bbox 867 4125 987 4164; x_wconf 92' lang='lat' dir='ltr'><strong>cum</strong></span> <span class='ocrx_word' id='word_1_468' title='bbox 1015 4111 1252 4181; x_wconf 88' lang='lat' dir='ltr'><strong>alioquin</strong></span> <span class='ocrx_word' id='word_1_469' title='bbox 1279 4113 1494 4170; x_wconf 87' lang='lat' dir='ltr'><strong>steriles</strong></span> <span class='ocrx_word' id='word_1_470' title='bbox 1519 4124 1572 4169; x_wconf 89' lang='lat' dir='ltr'><strong>et</strong></span> <span class='ocrx_word' id='word_1_471' title='bbox 1604 4114 1924 4171; x_wconf 88' lang='lat' dir='ltr'><strong>infructuosi</strong></span> <span class='ocrx_word' id='word_1_472' title='bbox 1950 4119 2076 4187; x_wconf 90' lang='lat' dir='ltr'><strong>sint,</strong></span> 
     </span>
    </p>
   </div>
   <div class='ocr_carea' id='block_1_61' title="bbox 511 4181 2081 4278">
    <p class='ocr_par' dir='ltr' id='par_1_61' title="bbox 511 4181 2081 4278">
     <span class='ocr_line' id='line_1_61' title="bbox 511 4181 2081 4278; baseline 0.005 -23"><span class='ocrx_word' id='word_1_473' title='bbox 511 4219 540 4255; x_wconf 88' lang='lat' dir='ltr'><strong>a</strong></span> <span class='ocrx_word' id='word_1_474' title='bbox 573 4181 669 4272; x_wconf 77' lang='lat' dir='ltr'><strong>spe</strong></span> <span class='ocrx_word' id='word_1_475' title='bbox 715 4202 767 4256; x_wconf 92' lang='lat' dir='ltr'><strong>in</strong></span> <span class='ocrx_word' id='word_1_476' title='bbox 802 4209 851 4256; x_wconf 92' lang='lat' dir='ltr'><strong>te</strong></span> <span class='ocrx_word' id='word_1_477' title='bbox 882 4203 1116 4272; x_wconf 87' lang='lat' dir='ltr'><strong>reposita</strong></span> <span class='ocrx_word' id='word_1_478' title='bbox 1157 4205 1407 4260; x_wconf 76' lang='lat' dir='ltr'><strong>excident</strong></span> <span class='ocrx_word' id='word_1_479' title='bbox 1452 4223 1466 4260; x_wconf 87' lang='lat'><strong>:</strong></span> <span class='ocrx_word' id='word_1_480' title='bbox 1515 4207 1606 4274; x_wconf 89' lang='lat' dir='ltr'><strong>qui</strong></span> <span class='ocrx_word' id='word_1_481' title='bbox 1649 4217 1826 4262; x_wconf 88' lang='lat' dir='ltr'><strong>autem</strong></span> <span class='ocrx_word' id='word_1_482' title='bbox 1867 4224 1931 4263; x_wconf 83' lang='lat' dir='ltr'><strong>ex</strong></span> <span class='ocrx_word' id='word_1_483' title='bbox 1958 4223 2081 4278; x_wconf 87' lang='lat' dir='ltr'><strong>por-</strong></span> 
     </span>
    </p>
   </div>
   <div class='ocr_carea' id='block_1_62' title="bbox 512 4295 2080 4371">
    <p class='ocr_par' dir='ltr' id='par_1_62' title="bbox 512 4295 2080 4371">
     <span class='ocr_line' id='line_1_62' title="bbox 512 4295 2080 4371; baseline 0.004 -23"><span class='ocrx_word' id='word_1_484' title='bbox 512 4295 657 4349; x_wconf 89' lang='lat' dir='ltr'><strong>tione</strong></span> <span class='ocrx_word' id='word_1_485' title='bbox 687 4306 776 4349; x_wconf 90' lang='lat' dir='ltr'><strong>tua</strong></span> <span class='ocrx_word' id='word_1_486' title='bbox 809 4305 975 4361; x_wconf 92' lang='lat' dir='ltr'><strong>sunt,</strong></span> <span class='ocrx_word' id='word_1_487' title='bbox 1021 4297 1222 4365; x_wconf 84' lang='lat' dir='ltr'><strong>quique</strong></span> <span class='ocrx_word' id='word_1_488' title='bbox 1249 4309 1470 4368; x_wconf 89' lang='lat' dir='ltr'><strong>propter</strong></span> <span class='ocrx_word' id='word_1_489' title='bbox 1503 4309 1555 4352; x_wconf 89' lang='lat' dir='ltr'><strong>te</strong></span> <span class='ocrx_word' id='word_1_490' title='bbox 1594 4315 1954 4355; x_wconf 81' lang='lat' dir='ltr'><strong>:erumnarem</strong></span> <span class='ocrx_word' id='word_1_491' title='bbox 1985 4317 2080 4371; x_wconf 79' lang='lat' dir='ltr'><strong>ge-</strong></span> 
     </span>
    </p>
   </div>
   <div class='ocr_carea' id='block_1_63' title="bbox 512 4388 2157 4472">
    <p class='ocr_par' dir='ltr' id='par_1_63' title="bbox 512 4388 2157 4472">
     <span class='ocr_line' id='line_1_63' title="bbox 512 4388 2157 4472; baseline 0.005 -31"><span class='ocrx_word' id='word_1_492' title='bbox 512 4403 614 4452; x_wconf 84' lang='lat' dir='ltr'><strong>nus</strong></span> <span class='ocrx_word' id='word_1_493' title='bbox 644 4403 803 4444; x_wconf 90' lang='lat' dir='ltr'><strong>omne</strong></span> <span class='ocrx_word' id='word_1_494' title='bbox 829 4388 1065 4443; x_wconf 90' lang='lat' dir='ltr'><strong>tolerant</strong></span> <span class='ocrx_word' id='word_1_495' title='bbox 1092 4429 1107 4453; x_wconf 92' lang='lat'><strong>,</strong></span> <span class='ocrx_word' id='word_1_496' title='bbox 1138 4391 1348 4444; x_wconf 89' lang='lat' dir='ltr'><strong>etiamsi</strong></span> <span class='ocrx_word' id='word_1_497' title='bbox 1390 4407 1561 4462; x_wconf 87' lang='lat' dir='ltr'><strong>usque</strong></span> <span class='ocrx_word' id='word_1_498' title='bbox 1590 4393 1654 4447; x_wconf 89' lang='lat' dir='ltr'><strong>ad</strong></span> <span class='ocrx_word' id='word_1_499' title='bbox 1685 4405 1912 4448; x_wconf 90' lang='lat' dir='ltr'><strong>mortem</strong></span> <span class='ocrx_word' id='word_1_500' title='bbox 1944 4410 2076 4448; x_wconf 93' lang='lat' dir='ltr'><strong>con-</strong></span> <span class='ocrx_word' id='word_1_501' title='bbox 2111 4413 2157 4472; x_wconf 77' lang='grc' dir='ltr'>ι)</span> 
     </span>
    </p>
   </div>
   <div class='ocr_carea' id='block_1_64' title="bbox 512 4484 2081 4557">
    <p class='ocr_par' dir='ltr' id='par_1_64' title="bbox 512 4484 2081 4557">
     <span class='ocr_line' id='line_1_64' title="bbox 512 4484 2081 4557; baseline 0.006 -25"><span class='ocrx_word' id='word_1_502' title='bbox 512 4489 592 4557; x_wconf 63' lang='lat' dir='ltr'><strong>tua</strong></span> <span class='ocrx_word' id='word_1_503' title='bbox 627 4491 903 4553; x_wconf 89' lang='lat' dir='ltr'><strong>peccatum</strong></span> <span class='ocrx_word' id='word_1_504' title='bbox 939 4484 1376 4544; x_wconf 81' lang='lat' dir='ltr'><strong>concertaveriut</strong></span> <span class='ocrx_word' id='word_1_505' title='bbox 1401 4523 1417 4556; x_wconf 89' lang='grc'><strong>,</strong></span> <span class='ocrx_word' id='word_1_506' title='bbox 1450 4501 1477 4539; x_wconf 84' lang='lat' dir='ltr'><strong>a</strong></span> <span class='ocrx_word' id='word_1_507' title='bbox 1514 4485 1620 4539; x_wconf 86' lang='lat' dir='ltr'><strong>vita</strong></span> <span class='ocrx_word' id='word_1_508' title='bbox 1649 4527 1664 4557; x_wconf 89' lang='lat'><strong>,</strong></span> <span class='ocrx_word' id='word_1_509' title='bbox 1711 4501 1829 4555; x_wconf 68' lang='lat' dir='ltr'><strong>qua:</strong></span> <span class='ocrx_word' id='word_1_510' title='bbox 1858 4489 1996 4557; x_wconf 84' lang='lat' dir='ltr'><strong>apud</strong></span> <span class='ocrx_word' id='word_1_511' title='bbox 2029 4496 2081 4542; x_wconf 89' lang='lat' dir='ltr'><strong>te</strong></span> 
     </span>
    </p>
   </div>
   <div class='ocr_carea' id='block_1_65' title="bbox 509 4550 1278 4642">
    <p class='ocr_par' dir='ltr' id='par_1_65' title="bbox 509 4550 1278 4642">
     <span class='ocr_line' id='line_1_65' title="bbox 509 4550 1278 4642; baseline 0.001 -16"><span class='ocrx_word' id='word_1_512' title='bbox 509 4550 614 4639; x_wconf 69' lang='grc' dir='ltr'>εξι,</span> <span class='ocrx_word' id='word_1_513' title='bbox 631 4550 979 4642; x_wconf 82' lang='lat' dir='ltr'><strong>nequaquam</strong></span> <span class='ocrx_word' id='word_1_514' title='bbox 1007 4574 1278 4627; x_wconf 88' lang='lat' dir='ltr'><strong>labentur.</strong></span> 
     </span>
    </p>
   </div>
   <div class='ocr_carea' id='block_1_66' title="bbox 581 4749 2082 4830">
    <p class='ocr_par' dir='ltr' id='par_1_66' title="bbox 581 4749 2082 4830">
     <span class='ocr_line' id='line_1_66' title="bbox 581 4749 2082 4830; baseline -0.003 -23"><span class='ocrx_word' id='word_1_515' title='bbox 581 4749 747 4821; x_wconf 64' lang='lat' dir='ltr'><strong>Vens.</strong></span> <span class='ocrx_word' id='word_1_516' title='bbox 778 4753 864 4812; x_wconf 77' lang='grc'><strong>19.</strong></span> <span class='ocrx_word' id='word_1_517' title='bbox 916 4772 934 4807; x_wconf 78' lang='grc' dir='ltr'><strong>ι</strong></span> <span class='ocrx_word' id='word_1_518' title='bbox 973 4753 1276 4830; x_wconf 81' lang='lat' dir='ltr'><strong>Resurgent</strong></span> <span class='ocrx_word' id='word_1_519' title='bbox 1311 4755 1509 4808; x_wconf 90' lang='lat' dir='ltr'><strong>mortui</strong></span> <span class='ocrx_word' id='word_1_520' title='bbox 1538 4794 1553 4818; x_wconf 89' lang='lat'><strong>,</strong></span> <span class='ocrx_word' id='word_1_521' title='bbox 1610 4765 1664 4808; x_wconf 87' lang='lat' dir='ltr'><strong>et.</strong></span> <span class='ocrx_word' id='word_1_522' title='bbox 1695 4753 2082 4819; x_wconf 72' lang='lat' dir='ltr'><strong>excitabuntur</strong></span> 
     </span>
    </p>
   </div>
   <div class='ocr_carea' id='block_1_67' title="bbox 510 4849 2076 4930">
    <p class='ocr_par' dir='ltr' id='par_1_67' title="bbox 510 4849 2076 4930">
     <span class='ocr_line' id='line_1_67' title="bbox 510 4849 2076 4930; baseline -0.003 -26"><span class='ocrx_word' id='word_1_523' title='bbox 510 4852 601 4920; x_wconf 85' lang='lat' dir='ltr'><strong>qui</strong></span> <span class='ocrx_word' id='word_1_524' title='bbox 636 4861 757 4906; x_wconf 81' lang='lat' dir='ltr'><strong>sunt</strong></span> <span class='ocrx_word' id='word_1_525' title='bbox 795 4851 847 4905; x_wconf 93' lang='lat' dir='ltr'><strong>in</strong></span> <span class='ocrx_word' id='word_1_526' title='bbox 877 4853 1245 4906; x_wconf 89' lang='lat' dir='ltr'><strong>monumentis</strong></span> <span class='ocrx_word' id='word_1_527' title='bbox 1270 4894 1283 4918; x_wconf 96' lang='lat'><strong>,</strong></span> <span class='ocrx_word' id='word_1_528' title='bbox 1313 4863 1369 4905; x_wconf 89' lang='lat' dir='ltr'><strong>et</strong></span> <span class='ocrx_word' id='word_1_529' title='bbox 1398 4851 1728 4906; x_wconf 63' lang='lat' dir='ltr'><strong>laetabuntur</strong></span> <span class='ocrx_word' id='word_1_530' title='bbox 1749 4850 1841 4930; x_wconf 86' lang='lat' dir='ltr'><strong>qui</strong></span> <span class='ocrx_word' id='word_1_531' title='bbox 1872 4857 1998 4902; x_wconf 90' lang='lat' dir='ltr'><strong>sunt</strong></span> <span class='ocrx_word' id='word_1_532' title='bbox 2025 4849 2076 4901; x_wconf 92' lang='lat' dir='ltr'><strong>in</strong></span> 
     </span>
    </p>
   </div>
   <div class='ocr_carea' id='block_1_68' title="bbox 510 4940 2078 5017">
    <p class='ocr_par' dir='ltr' id='par_1_68' title="bbox 510 4940 2078 5017">
     <span class='ocr_line' id='line_1_68' title="bbox 510 4940 2078 5017; baseline -0.003 -20"><span class='ocrx_word' id='word_1_533' title='bbox 510 4953 654 4998; x_wconf 81' lang='lat' dir='ltr'><strong>terra</strong></span> <span class='ocrx_word' id='word_1_534' title='bbox 688 4963 702 4998; x_wconf 87' lang='lat'><strong>:</strong></span> <span class='ocrx_word' id='word_1_535' title='bbox 735 4959 823 5011; x_wconf 90' lang='lat' dir='ltr'><strong>ros</strong></span> <span class='ocrx_word' id='word_1_536' title='bbox 862 4945 1006 4998; x_wconf 88' lang='lat' dir='ltr'><strong>enim</strong></span> <span class='ocrx_word' id='word_1_537' title='bbox 1038 4985 1055 5017; x_wconf 84' lang='lat'><strong>,</strong></span> <span class='ocrx_word' id='word_1_538' title='bbox 1106 4945 1197 5013; x_wconf 88' lang='lat' dir='ltr'><strong>qui</strong></span> <span class='ocrx_word' id='word_1_539' title='bbox 1231 4959 1257 4996; x_wconf 89' lang='lat' dir='ltr'><strong>a</strong></span> <span class='ocrx_word' id='word_1_540' title='bbox 1295 4953 1348 4999; x_wconf 90' lang='lat' dir='ltr'><strong>te</strong></span> <span class='ocrx_word' id='word_1_541' title='bbox 1376 4953 1459 4998; x_wconf 84' lang='lat' dir='ltr'><strong>est</strong></span> <span class='ocrx_word' id='word_1_542' title='bbox 1486 4984 1500 5004; x_wconf 85' lang='lat'><strong>,</strong></span> <span class='ocrx_word' id='word_1_543' title='bbox 1546 4941 1749 4997; x_wconf 81' lang='lat' dir='ltr'><strong>medela</strong></span> <span class='ocrx_word' id='word_1_544' title='bbox 1783 4940 1914 5008; x_wconf 88' lang='lat' dir='ltr'><strong>ipsis</strong></span> <span class='ocrx_word' id='word_1_545' title='bbox 1950 4948 2033 4996; x_wconf 83' lang='lat' dir='ltr'><strong>est</strong></span> <span class='ocrx_word' id='word_1_546' title='bbox 2063 4956 2078 4992; x_wconf 90' lang='lat'><strong>:</strong></span> 
     </span>
    </p>
   </div>
   <div class='ocr_carea' id='block_1_69' title="bbox 512 5031 2081 5110">
    <p class='ocr_par' dir='ltr' id='par_1_69' title="bbox 512 5031 2081 5110">
     <span class='ocr_line' id='line_1_69' title="bbox 512 5031 2081 5110; baseline -0.002 -24"><span class='ocrx_word' id='word_1_547' title='bbox 512 5042 657 5087; x_wconf 88' lang='lat' dir='ltr'><strong>terra</strong></span> <span class='ocrx_word' id='word_1_548' title='bbox 680 5044 860 5090; x_wconf 90' lang='lat' dir='ltr'><strong>autem</strong></span> <span class='ocrx_word' id='word_1_549' title='bbox 894 5035 1181 5104; x_wconf 87' lang='lat' dir='ltr'><strong>impiorum</strong></span> <span class='ocrx_word' id='word_1_550' title='bbox 1226 5035 1406 5089; x_wconf 86' lang='lat' dir='ltr'><strong>cadet.</strong></span> <span class='ocrx_word' id='word_1_551' title='bbox 1465 5053 1481 5089; x_wconf 82' lang='grc' dir='ltr'><strong>ι</strong></span> <span class='ocrx_word' id='word_1_552' title='bbox 1535 5034 1838 5100; x_wconf 75' lang='lat' dir='ltr'><strong>Resurgeut</strong></span> <span class='ocrx_word' id='word_1_553' title='bbox 1884 5031 2081 5110; x_wconf 85' lang='lat' dir='ltr'><strong>quippe</strong></span> 
     </span>
    </p>
   </div>
   <div class='ocr_carea' id='block_1_70' title="bbox 435 5119 2080 5196">
    <p class='ocr_par' dir='ltr' id='par_1_70' title="bbox 435 5119 2080 5196">
     <span class='ocr_line' id='line_1_70' title="bbox 435 5119 2080 5196; baseline -0.002 -19"><span class='ocrx_word' id='word_1_554' title='bbox 435 5119 444 5134; x_wconf 85' lang='grc'><em>³</em></span> <span class='ocrx_word' id='word_1_555' title='bbox 511 5127 744 5188; x_wconf 83' lang='lat' dir='ltr'><strong>mortui;</strong></span> <span class='ocrx_word' id='word_1_556' title='bbox 773 5127 886 5182; x_wconf 80' lang='lat' dir='ltr'><strong>sive</strong></span> <span class='ocrx_word' id='word_1_557' title='bbox 921 5127 1215 5180; x_wconf 89' lang='lat' dir='ltr'><strong>secundum</strong></span> <span class='ocrx_word' id='word_1_558' title='bbox 1246 5127 1514 5196; x_wconf 82' lang='lat' dir='ltr'><strong>Aquilam,</strong></span> <span class='ocrx_word' id='word_1_559' title='bbox 1548 5142 1565 5175; x_wconf 81' lang='grc' dir='ltr'><strong>ι</strong></span> <span class='ocrx_word' id='word_1_560' title='bbox 1603 5121 1795 5178; x_wconf 78' lang='lat' dir='ltr'><strong>Vivent</strong></span> <span class='ocrx_word' id='word_1_561' title='bbox 1819 5123 1908 5193; x_wconf 90' lang='lat' dir='ltr'><strong>qui</strong></span> <span class='ocrx_word' id='word_1_562' title='bbox 1935 5137 2080 5176; x_wconf 65' lang='lat' dir='ltr'><strong>moro</strong></span> 
     </span>
    </p>
   </div>
   <div class='ocr_carea' id='block_1_71' title="bbox 514 5216 2081 5289">
    <p class='ocr_par' dir='ltr' id='par_1_71' title="bbox 514 5216 2081 5289">
     <span class='ocr_line' id='line_1_71' title="bbox 514 5216 2081 5289; baseline 0.002 -25"><span class='ocrx_word' id='word_1_563' title='bbox 514 5218 589 5269; x_wconf 84' lang='lat' dir='ltr'><strong>tui</strong></span> <span class='ocrx_word' id='word_1_564' title='bbox 647 5216 857 5271; x_wconf 86' lang='lat' dir='ltr'><strong>fuerant</strong></span> <span class='ocrx_word' id='word_1_565' title='bbox 907 5219 1022 5287; x_wconf 89' lang='lat' dir='ltr'><strong>tui;</strong></span> <span class='ocrx_word' id='word_1_566' title='bbox 1064 5238 1083 5271; x_wconf 75' lang='grc' dir='ltr'><strong>ι</strong></span> <span class='ocrx_word' id='word_1_567' title='bbox 1125 5219 1239 5273; x_wconf 89' lang='lat' dir='ltr'><strong>sive</strong></span> <span class='ocrx_word' id='word_1_568' title='bbox 1289 5220 1580 5274; x_wconf 88' lang='lat' dir='ltr'><strong>secundum</strong></span> <span class='ocrx_word' id='word_1_569' title='bbox 1611 5217 1992 5289; x_wconf 85' lang='lat' dir='ltr'><strong>Symmachum</strong></span> <span class='ocrx_word' id='word_1_570' title='bbox 2027 5224 2081 5268; x_wconf 94' lang='lat' dir='ltr'><strong>et</strong></span> 
     </span>
    </p>
   </div>
   <div class='ocr_carea' id='block_1_72' title="bbox 511 5307 2080 5375">
    <p class='ocr_par' dir='ltr' id='par_1_72' title="bbox 511 5307 2080 5375">
     <span class='ocr_line' id='line_1_72' title="bbox 511 5307 2080 5375; baseline -0.001 -12"><span class='ocrx_word' id='word_1_571' title='bbox 511 5307 938 5375; x_wconf 78' lang='lat' dir='ltr'><strong>Theodotionem</strong></span> <span class='ocrx_word' id='word_1_572' title='bbox 965 5353 978 5375; x_wconf 94' lang='lat'><strong>,</strong></span> <span class='ocrx_word' id='word_1_573' title='bbox 1024 5331 1040 5363; x_wconf 85' lang='grc' dir='ltr'><strong>ι</strong></span> <span class='ocrx_word' id='word_1_574' title='bbox 1081 5311 1274 5366; x_wconf 76' lang='lat' dir='ltr'><strong>Vivent</strong></span> <span class='ocrx_word' id='word_1_575' title='bbox 1307 5312 1500 5365; x_wconf 88' lang='lat' dir='ltr'><strong>mortui</strong></span> <span class='ocrx_word' id='word_1_576' title='bbox 1551 5311 1647 5364; x_wconf 90' lang='lat' dir='ltr'><strong>tui.</strong></span> <span class='ocrx_word' id='word_1_577' title='bbox 1694 5328 1713 5362; x_wconf 78' lang='grc' dir='ltr'><strong>ι</strong></span> <span class='ocrx_word' id='word_1_578' title='bbox 1754 5307 1950 5362; x_wconf 83' lang='lat' dir='ltr'><strong>Mortni</strong></span> <span class='ocrx_word' id='word_1_579' title='bbox 1984 5323 2080 5361; x_wconf 82' lang='lat' dir='ltr'><strong>au-</strong></span> 
     </span>
    </p>
   </div>
   <div class='ocr_carea' id='block_1_73' title="bbox 515 5398 2078 5468">
    <p class='ocr_par' dir='ltr' id='par_1_73' title="bbox 515 5398 2078 5468">
     <span class='ocr_line' id='line_1_73' title="bbox 515 5398 2078 5468; baseline 0.006 -18"><span class='ocrx_word' id='word_1_580' title='bbox 515 5408 621 5450; x_wconf 84' lang='lat' dir='ltr'><strong>tetu</strong></span> <span class='ocrx_word' id='word_1_581' title='bbox 653 5398 767 5465; x_wconf 89' lang='lat' dir='ltr'><strong>ejus</strong></span> <span class='ocrx_word' id='word_1_582' title='bbox 793 5399 1014 5468; x_wconf 89' lang='lat' dir='ltr'><strong>quinam</strong></span> <span class='ocrx_word' id='word_1_583' title='bbox 1049 5403 1271 5468; x_wconf 88' lang='lat' dir='ltr'><strong>fuerint,</strong></span> <span class='ocrx_word' id='word_1_584' title='bbox 1305 5402 1407 5456; x_wconf 90' lang='lat' dir='ltr'><strong>nisi</strong></span> <span class='ocrx_word' id='word_1_585' title='bbox 1444 5401 1614 5455; x_wconf 88' lang='lat' dir='ltr'><strong>sancti</strong></span> <span class='ocrx_word' id='word_1_586' title='bbox 1643 5400 1757 5468; x_wconf 83' lang='lat' dir='ltr'><strong>ejus</strong></span> <span class='ocrx_word' id='word_1_587' title='bbox 1789 5407 2078 5468; x_wconf 61' lang='lat' dir='ltr'><strong>martyres,</strong></span> 
     </span>
    </p>
   </div>
   <div class='ocr_carea' id='block_1_74' title="bbox 513 5487 2076 5570">
    <p class='ocr_par' dir='ltr' id='par_1_74' title="bbox 513 5487 2076 5570">
     <span class='ocr_line' id='line_1_74' title="bbox 513 5487 2076 5570; baseline 0.001 -27"><span class='ocrx_word' id='word_1_588' title='bbox 513 5489 605 5561; x_wconf 91' lang='lat' dir='ltr'><strong>qui</strong></span> <span class='ocrx_word' id='word_1_589' title='bbox 639 5489 728 5544; x_wconf 92' lang='lat' dir='ltr'><strong>alii</strong></span> <span class='ocrx_word' id='word_1_590' title='bbox 766 5505 794 5544; x_wconf 91' lang='lat' dir='ltr'><strong>a</strong></span> <span class='ocrx_word' id='word_1_591' title='bbox 825 5491 1096 5560; x_wconf 69' lang='lat' dir='ltr'><strong>prmdictis</strong></span> <span class='ocrx_word' id='word_1_592' title='bbox 1119 5493 1346 5551; x_wconf 88' lang='lat' dir='ltr'><strong>mortuis</strong></span> <span class='ocrx_word' id='word_1_593' title='bbox 1377 5503 1523 5562; x_wconf 88' lang='lat' dir='ltr'><strong>sunt,</strong></span> <span class='ocrx_word' id='word_1_594' title='bbox 1553 5492 1616 5546; x_wconf 92' lang='lat' dir='ltr'><strong>de</strong></span> <span class='ocrx_word' id='word_1_595' title='bbox 1644 5491 1842 5570; x_wconf 88' lang='lat' dir='ltr'><strong>quibus</strong></span> <span class='ocrx_word' id='word_1_596' title='bbox 1874 5487 2076 5545; x_wconf 81' lang='lat' dir='ltr'><strong>dictum</strong></span> 
     </span>
    </p>
   </div>
   <div class='ocr_carea' id='block_1_75' title="bbox 586 5668 1052 5736">
    <p class='ocr_par' dir='ltr' id='par_1_75' title="bbox 586 5668 1052 5736">
     <span class='ocr_line' id='line_1_75' title="bbox 586 5668 1052 5736; baseline 0.004 -13"><span class='ocrx_word' id='word_1_597' title='bbox 586 5670 627 5712; x_wconf 58' lang='grc' dir='ltr'><strong>θ’</strong></span> <span class='ocrx_word' id='word_1_598' title='bbox 669 5668 708 5736; x_wconf 75' lang='lat' dir='ltr'><strong>ll</strong></span> <span class='ocrx_word' id='word_1_599' title='bbox 740 5668 862 5723; x_wconf 87' lang='lat' dir='ltr'><strong>Cor.</strong></span> <span class='ocrx_word' id='word_1_600' title='bbox 901 5685 971 5736; x_wconf 90' lang='lat' dir='ltr'><strong>tvl</strong></span> <span class='ocrx_word' id='word_1_601' title='bbox 999 5669 1052 5724; x_wconf 86' lang='lat'><strong>9.</strong></span> 
     </span>
    </p>
   </div>
   <div class='ocr_carea' id='block_1_76' title="bbox 2188 1821 3762 1898">
    <p class='ocr_par' dir='ltr' id='par_1_76' title="bbox 2188 1821 3762 1898">
     <span class='ocr_line' id='line_1_76' title="bbox 2188 1821 3762 1898; baseline -0.001 -20"><span class='ocrx_word' id='word_1_602' title='bbox 2188 1842 2315 1898; x_wconf 88' lang='grc' dir='ltr'>μεν·</span> <span class='ocrx_word' id='word_1_603' title='bbox 2339 1825 2478 1879; x_wconf 82' lang='grc' dir='ltr'>ὥστε</span> <span class='ocrx_word' id='word_1_604' title='bbox 2504 1827 2680 1894; x_wconf 82' lang='grc' dir='ltr'>λέγειν</span> <span class='ocrx_word' id='word_1_605' title='bbox 2745 1844 2762 1876; x_wconf 80' lang='grc' dir='ltr'><strong>ι</strong></span> <span class='ocrx_word' id='word_1_606' title='bbox 2791 1825 3124 1896; x_wconf 77' lang='grc' dir='ltr'>Θλιϐόμενοι,</span> <span class='ocrx_word' id='word_1_607' title='bbox 3162 1825 3273 1878; x_wconf 85' lang='grc' dir='ltr'>ἀλλ’</span> <span class='ocrx_word' id='word_1_608' title='bbox 3313 1826 3372 1878; x_wconf 83' lang='grc' dir='ltr'><strong>ού</strong></span> <span class='ocrx_word' id='word_1_609' title='bbox 3405 1821 3762 1896; x_wconf 80' lang='grc' dir='ltr'>στενοχωρού-</span> 
     </span>
    </p>
   </div>
   <div class='ocr_carea' id='block_1_77' title="bbox 2187 1917 3764 1989">
    <p class='ocr_par' dir='ltr' id='par_1_77' title="bbox 2187 1917 3764 1989">
     <span class='ocr_line' id='line_1_77' title="bbox 2187 1917 3764 1989; baseline 0 -19"><span class='ocrx_word' id='word_1_610' title='bbox 2187 1936 2334 1988; x_wconf 87' lang='grc' dir='ltr'>μενοι</span> <span class='ocrx_word' id='word_1_611' title='bbox 2355 1935 2368 1948; x_wconf 91' lang='grc'><strong>·</strong></span> <span class='ocrx_word' id='word_1_612' title='bbox 2391 1918 2725 1989; x_wconf 77' lang='grc' dir='ltr'>διωκόμενοι,</span> <span class='ocrx_word' id='word_1_613' title='bbox 2747 1917 2857 1972; x_wconf 80' lang='grc' dir='ltr'>ἀλλ’</span> <span class='ocrx_word' id='word_1_614' title='bbox 2883 1917 2980 1970; x_wconf 85' lang='grc' dir='ltr'><strong>οὐκ</strong></span> <span class='ocrx_word' id='word_1_615' title='bbox 3005 1918 3608 1988; x_wconf 81' lang='grc' dir='ltr'>ὲγκαταλιμπανόμενοι</span> <span class='ocrx_word' id='word_1_616' title='bbox 3628 1934 3642 1947; x_wconf 91' lang='grc'><strong>·</strong></span> <span class='ocrx_word' id='word_1_617' title='bbox 3665 1933 3764 1970; x_wconf 85' lang='grc' dir='ltr'>κα-</span> 
     </span>
    </p>
   </div>
   <div class='ocr_carea' id='block_1_78' title="bbox 2183 2007 3761 2085">
    <p class='ocr_par' dir='ltr' id='par_1_78' title="bbox 2183 2007 3761 2085">
     <span class='ocr_line' id='line_1_78' title="bbox 2183 2007 3761 2085; baseline 0 -24"><span class='ocrx_word' id='word_1_618' title='bbox 2183 2009 2747 2085; x_wconf 78' lang='grc' dir='ltr'>ταϐαλλόμενοι,’ἁλλ’</span> <span class='ocrx_word' id='word_1_619' title='bbox 2789 2011 2890 2063; x_wconf 81' lang='grc' dir='ltr'>οὐκ</span> <span class='ocrx_word' id='word_1_620' title='bbox 2922 2009 3298 2080; x_wconf 87' lang='grc' dir='ltr'>ἀπολλύμενοι.</span> <span class='ocrx_word' id='word_1_621' title='bbox 3352 2029 3371 2060; x_wconf 76' lang='grc' dir='ltr'><strong>ι</strong></span> <span class='ocrx_word' id='word_1_622' title='bbox 3416 2010 3514 2064; x_wconf 78' lang='grc' dir='ltr'><strong>Διὰ</strong></span> <span class='ocrx_word' id='word_1_623' title='bbox 3563 2007 3761 2078; x_wconf 78' lang='grc' dir='ltr'><strong>ταύτης</strong></span> 
     </span>
    </p>
   </div>
   <div class='ocr_carea' id='block_1_79' title="bbox 2181 2099 3769 2172">
    <p class='ocr_par' dir='ltr' id='par_1_79' title="bbox 2181 2099 3769 2172">
     <span class='ocr_line' id='line_1_79' title="bbox 2181 2099 3769 2172; baseline 0 -20"><span class='ocrx_word' id='word_1_624' title='bbox 2181 2101 2312 2168; x_wconf 78' lang='grc' dir='ltr'>γοῦν</span> <span class='ocrx_word' id='word_1_625' title='bbox 2341 2101 2442 2170; x_wconf 81' lang='grc' dir='ltr'>τῆς</span> <span class='ocrx_word' id='word_1_626' title='bbox 2465 2100 2696 2170; x_wconf 78' lang='grc' dir='ltr'>θλίψεως</span> <span class='ocrx_word' id='word_1_627' title='bbox 2719 2100 3104 2172; x_wconf 82' lang='grc' dir='ltr'>παιδευόμεθα,</span> <span class='ocrx_word' id='word_1_628' title='bbox 3130 2101 3349 2164; x_wconf 82' lang='grc' dir='ltr'>εἰδότες,</span> <span class='ocrx_word' id='word_1_629' title='bbox 3377 2101 3460 2154; x_wconf 86' lang='grc' dir='ltr'><strong>δτι</strong></span> <span class='ocrx_word' id='word_1_630' title='bbox 3485 2100 3544 2153; x_wconf 83' lang='grc' dir='ltr'>ὃν</span> <span class='ocrx_word' id='word_1_631' title='bbox 3572 2099 3769 2168; x_wconf 70' lang='grc' dir='ltr'><strong>ἀγαπᾷ¹</strong></span> 
     </span>
    </p>
   </div>
   <div class='ocr_carea' id='block_1_80' title="bbox 2182 2191 2694 2261">
    <p class='ocr_par' dir='ltr' id='par_1_80' title="bbox 2182 2191 2694 2261">
     <span class='ocr_line' id='line_1_80' title="bbox 2182 2191 2694 2261; baseline -0.002 -17"><span class='ocrx_word' id='word_1_632' title='bbox 2182 2191 2402 2261; x_wconf 84' lang='grc' dir='ltr'>Κύριος,</span> <span class='ocrx_word' id='word_1_633' title='bbox 2431 2191 2694 2244; x_wconf 75' lang='grc' dir='ltr'>παιδεύει.</span> 
     </span>
    </p>
   </div>
   <div class='ocr_carea' id='block_1_81' title="bbox 2257 2279 3759 2354">
    <p class='ocr_par' dir='ltr' id='par_1_81' title="bbox 2257 2279 3759 2354">
     <span class='ocr_line' id='line_1_81' title="bbox 2257 2279 3759 2354; baseline 0.002 -22"><span class='ocrx_word' id='word_1_634' title='bbox 2257 2299 2274 2331; x_wconf 79' lang='grc' dir='ltr'><strong>ι</strong></span> <span class='ocrx_word' id='word_1_635' title='bbox 2305 2281 2414 2333; x_wconf 74' lang='grc' dir='ltr'>Καὶ</span> <span class='ocrx_word' id='word_1_636' title='bbox 2445 2281 2520 2344; x_wconf 83' lang='grc' dir='ltr'>ὡς</span> <span class='ocrx_word' id='word_1_637' title='bbox 2555 2284 2588 2354; x_wconf 87' lang='grc' dir='ltr'><strong>ή</strong></span> <span class='ocrx_word' id='word_1_638' title='bbox 2625 2282 2889 2336; x_wconf 77' lang='grc' dir='ltr'>ὠδίνουσα</span> <span class='ocrx_word' id='word_1_639' title='bbox 2921 2281 3124 2350; x_wconf 79' lang='grc' dir='ltr'>ἐγγίζει</span> <span class='ocrx_word' id='word_1_640' title='bbox 3169 2281 3262 2334; x_wconf 77' lang='grc' dir='ltr'>τοῦ</span> <span class='ocrx_word' id='word_1_641' title='bbox 3296 2283 3494 2346; x_wconf 82' lang='grc' dir='ltr'>τεκεῖν,</span> <span class='ocrx_word' id='word_1_642' title='bbox 3533 2279 3626 2334; x_wconf 82' lang='grc' dir='ltr'>καὶ</span> <span class='ocrx_word' id='word_1_643' title='bbox 3664 2279 3759 2335; x_wconf 72' lang='grc' dir='ltr'><strong>ἐπὶ</strong></span> 
     </span>
    </p>
   </div>
   <div class='ocr_carea' id='block_1_82' title="bbox 2179 2369 3761 2444">
    <p class='ocr_par' dir='ltr' id='par_1_82' title="bbox 2179 2369 3761 2444">
     <span class='ocr_line' id='line_1_82' title="bbox 2179 2369 3761 2444; baseline -0.001 -20"><span class='ocrx_word' id='word_1_644' title='bbox 2179 2375 2243 2442; x_wconf 79' lang='grc' dir='ltr'>τῇ</span> <span class='ocrx_word' id='word_1_645' title='bbox 2304 2372 2448 2425; x_wconf 84' lang='grc' dir='ltr'>ὠδῖνι</span> <span class='ocrx_word' id='word_1_646' title='bbox 2490 2373 2661 2444; x_wconf 75' lang='grc' dir='ltr'>αὐτῆς</span> <span class='ocrx_word' id='word_1_647' title='bbox 2704 2373 3001 2444; x_wconf 82' lang='grc' dir='ltr'>ἑκέκραγεν</span> <span class='ocrx_word' id='word_1_648' title='bbox 3027 2391 3040 2403; x_wconf 87' lang='grc'><strong>·</strong></span> <span class='ocrx_word' id='word_1_649' title='bbox 3090 2372 3260 2437; x_wconf 75' lang='grc' dir='ltr'>οὕτως</span> <span class='ocrx_word' id='word_1_650' title='bbox 3315 2373 3652 2444; x_wconf 78' lang='grc' dir='ltr'>ἐγενήθημεν</span> <span class='ocrx_word' id='word_1_651' title='bbox 3684 2369 3761 2440; x_wconf 83' lang='grc' dir='ltr'>τῷ</span> 
     </span>
    </p>
   </div>
   <div class='ocr_carea' id='block_1_83' title="bbox 2192 2462 3760 2536">
    <p class='ocr_par' dir='ltr' id='par_1_83' title="bbox 2192 2462 3760 2536">
     <span class='ocr_line' id='line_1_83' title="bbox 2192 2462 3760 2536; baseline -0.001 -20"><span class='ocrx_word' id='word_1_652' title='bbox 2192 2465 2483 2536; x_wconf 81' lang='grc' dir='ltr'>Ἀγαπητῷ</span> <span class='ocrx_word' id='word_1_653' title='bbox 2508 2483 2620 2519; x_wconf 92' lang='grc' dir='ltr'>σου.</span> <span class='ocrx_word' id='word_1_654' title='bbox 2650 2465 2748 2519; x_wconf 78' lang='grc' dir='ltr'><strong>Διὰ</strong></span> <span class='ocrx_word' id='word_1_655' title='bbox 2781 2467 2868 2519; x_wconf 78' lang='grc' dir='ltr'>τὸν</span> <span class='ocrx_word' id='word_1_656' title='bbox 2901 2465 3061 2536; x_wconf 78' lang='grc' dir='ltr'>φόϐον</span> <span class='ocrx_word' id='word_1_657' title='bbox 3098 2483 3211 2530; x_wconf 88' lang='grc' dir='ltr'>σου,</span> <span class='ocrx_word' id='word_1_658' title='bbox 3242 2465 3434 2536; x_wconf 82' lang='grc' dir='ltr'>Κύριε.</span> <span class='ocrx_word' id='word_1_659' title='bbox 3472 2466 3528 2517; x_wconf 82' lang='grc' dir='ltr'>ὲν</span> <span class='ocrx_word' id='word_1_660' title='bbox 3563 2462 3760 2533; x_wconf 76' lang='grc' dir='ltr'>γαστρὶ</span> 
     </span>
    </p>
   </div>
   <div class='ocr_carea' id='block_1_84' title="bbox 2183 2555 3762 2628">
    <p class='ocr_par' dir='ltr' id='par_1_84' title="bbox 2183 2555 3762 2628">
     <span class='ocr_line' id='line_1_84' title="bbox 2183 2555 3762 2628; baseline -0.001 -20"><span class='ocrx_word' id='word_1_661' title='bbox 2183 2555 2465 2627; x_wconf 79' lang='grc' dir='ltr'>ἐλάϐομεν,</span> <span class='ocrx_word' id='word_1_662' title='bbox 2490 2557 2584 2609; x_wconf 77' lang='grc' dir='ltr'><strong>καὶ</strong></span> <span class='ocrx_word' id='word_1_663' title='bbox 2617 2557 2975 2628; x_wconf 81' lang='grc' dir='ltr'>ὠδινήσαμεν,</span> <span class='ocrx_word' id='word_1_664' title='bbox 2999 2558 3092 2611; x_wconf 74' lang='grc' dir='ltr'>καὶ</span> <span class='ocrx_word' id='word_1_665' title='bbox 3125 2558 3383 2627; x_wconf 84' lang='grc' dir='ltr'>ὲτέκομεν</span> <span class='ocrx_word' id='word_1_666' title='bbox 3413 2555 3630 2626; x_wconf 76' lang='grc' dir='ltr'>πνεῦμα</span> <span class='ocrx_word' id='word_1_667' title='bbox 3659 2571 3762 2607; x_wconf 86' lang='grc' dir='ltr'>σω-</span> 
     </span>
    </p>
   </div>
   <div class='ocr_carea' id='block_1_85' title="bbox 2179 2645 3763 2723">
    <p class='ocr_par' dir='ltr' id='par_1_85' title="bbox 2179 2645 3763 2723">
     <span class='ocr_line' id='line_1_85' title="bbox 2179 2645 3763 2723; baseline -0.003 -23"><span class='ocrx_word' id='word_1_668' title='bbox 2179 2647 2371 2718; x_wconf 83' lang='grc' dir='ltr'>τηρίας</span> <span class='ocrx_word' id='word_1_669' title='bbox 2403 2664 2518 2711; x_wconf 81' lang='grc' dir='ltr'>σου,</span> <span class='ocrx_word' id='word_1_670' title='bbox 2559 2647 2587 2699; x_wconf 82' lang='grc' dir='ltr'><strong>δ</strong></span> <span class='ocrx_word' id='word_1_671' title='bbox 2619 2648 2948 2723; x_wconf 78' lang='grc' dir='ltr'>ἐποιήσαμεν</span> <span class='ocrx_word' id='word_1_672' title='bbox 2974 2649 3064 2701; x_wconf 73' lang='grc' dir='ltr'>ἐπὶ</span> <span class='ocrx_word' id='word_1_673' title='bbox 3099 2649 3198 2718; x_wconf 79' lang='grc' dir='ltr'>τῆς</span> <span class='ocrx_word' id='word_1_674' title='bbox 3227 2649 3347 2717; x_wconf 85' lang='grc' dir='ltr'>γῆς.</span> <span class='ocrx_word' id='word_1_675' title='bbox 3380 2648 3457 2700; x_wconf 66' lang='lat' dir='ltr'><strong>Ob</strong></span> <span class='ocrx_word' id='word_1_676' title='bbox 3496 2645 3763 2715; x_wconf 79' lang='grc' dir='ltr'>πεσούμεσο</span> 
     </span>
    </p>
   </div>
   <div class='ocr_carea' id='block_1_86' title="bbox 2181 2735 3757 2806">
    <p class='ocr_par' dir='ltr' id='par_1_86' title="bbox 2181 2735 3757 2806">
     <span class='ocr_line' id='line_1_86' title="bbox 2181 2735 3757 2806; baseline -0.001 -18"><span class='ocrx_word' id='word_1_677' title='bbox 2181 2737 2268 2800; x_wconf 86' lang='grc' dir='ltr'><strong>θα,</strong></span> <span class='ocrx_word' id='word_1_678' title='bbox 2327 2736 2460 2791; x_wconf 83' lang='grc' dir='ltr'>ἀλλὰ</span> <span class='ocrx_word' id='word_1_679' title='bbox 2512 2738 2796 2792; x_wconf 78' lang='grc' dir='ltr'>πεσοῦνται</span> <span class='ocrx_word' id='word_1_680' title='bbox 2843 2740 3041 2802; x_wconf 80' lang='grc' dir='ltr'>πάντες</span> <span class='ocrx_word' id='word_1_681' title='bbox 3082 2740 3130 2791; x_wconf 81' lang='grc' dir='ltr'>οἱ</span> <span class='ocrx_word' id='word_1_682' title='bbox 3154 2738 3493 2802; x_wconf 79' lang='grc' dir='ltr'>ἐνοικοῦντες</span> <span class='ocrx_word' id='word_1_683' title='bbox 3532 2736 3625 2791; x_wconf 70' lang='grc' dir='ltr'><strong>ἐπὶ</strong></span> <span class='ocrx_word' id='word_1_684' title='bbox 3661 2735 3757 2806; x_wconf 84' lang='grc' dir='ltr'>τῆς</span> 
     </span>
    </p>
   </div>
   <div class='ocr_carea' id='block_1_87' title="bbox 2183 2826 3757 2903">
    <p class='ocr_par' dir='ltr' id='par_1_87' title="bbox 2183 2826 3757 2903">
     <span class='ocr_line' id='line_1_87' title="bbox 2183 2826 3757 2903; baseline -0.001 -21"><span class='ocrx_word' id='word_1_685' title='bbox 2183 2833 2302 2901; x_wconf 78' lang='grc' dir='ltr'>γῆς.</span> <span class='ocrx_word' id='word_1_686' title='bbox 2341 2849 2361 2882; x_wconf 79' lang='grc' dir='ltr'>ι</span> <span class='ocrx_word' id='word_1_687' title='bbox 2393 2831 2482 2883; x_wconf 69' lang='grc' dir='ltr'><strong>Διὸ</strong></span> <span class='ocrx_word' id='word_1_688' title='bbox 2521 2833 2697 2886; x_wconf 77' lang='grc' dir='ltr'>πάντα</span> <span class='ocrx_word' id='word_1_689' title='bbox 2737 2833 2894 2886; x_wconf 85' lang='grc' dir='ltr'>πόνον</span> <span class='ocrx_word' id='word_1_690' title='bbox 2939 2832 3317 2903; x_wconf 79' lang='grc' dir='ltr'>ὑπομένοντες,</span> <span class='ocrx_word' id='word_1_691' title='bbox 3352 2832 3594 2895; x_wconf 85' lang='grc' dir='ltr'>ἐοικότες</span> <span class='ocrx_word' id='word_1_692' title='bbox 3619 2826 3757 2900; x_wconf 78' lang='grc' dir='ltr'>ἦμεν</span> 
     </span>
    </p>
   </div>
   <div class='ocr_carea' id='block_1_88' title="bbox 2181 2919 3758 2998">
    <p class='ocr_par' dir='ltr' id='par_1_88' title="bbox 2181 2919 3758 2998">
     <span class='ocr_line' id='line_1_88' title="bbox 2181 2919 3758 2998; baseline -0.001 -23"><span class='ocrx_word' id='word_1_693' title='bbox 2181 2923 2444 2997; x_wconf 81' lang='grc' dir='ltr'>ὠδινούσῃ</span> <span class='ocrx_word' id='word_1_694' title='bbox 2491 2925 2729 2993; x_wconf 71' lang='grc' dir='ltr'>γυναικὶ,</span> <span class='ocrx_word' id='word_1_695' title='bbox 2782 2927 2875 2979; x_wconf 75' lang='grc' dir='ltr'><strong>καὶ</strong></span> <span class='ocrx_word' id='word_1_696' title='bbox 2925 2925 3053 2997; x_wconf 81' lang='grc' dir='ltr'>βοὰς</span> <span class='ocrx_word' id='word_1_697' title='bbox 3092 2925 3324 2998; x_wconf 79' lang='grc' dir='ltr'>ἀφιούσῃ</span> <span class='ocrx_word' id='word_1_698' title='bbox 3371 2925 3501 2997; x_wconf 77' lang='grc' dir='ltr'>περὶ</span> <span class='ocrx_word' id='word_1_699' title='bbox 3533 2921 3662 2978; x_wconf 79' lang='grc' dir='ltr'>αὐτὸ</span> <span class='ocrx_word' id='word_1_700' title='bbox 3701 2919 3758 2974; x_wconf 82' lang='grc' dir='ltr'><strong>τὸ</strong></span> 
     </span>
    </p>
   </div>
   <div class='ocr_carea' id='block_1_89' title="bbox 2189 3017 3758 3092">
    <p class='ocr_par' dir='ltr' id='par_1_89' title="bbox 2189 3017 3758 3092">
     <span class='ocr_line' id='line_1_89' title="bbox 2189 3017 3758 3092; baseline 0.003 -23"><span class='ocrx_word' id='word_1_701' title='bbox 2189 3017 2402 3087; x_wconf 78' lang='grc' dir='ltr'>μέλλειν</span> <span class='ocrx_word' id='word_1_702' title='bbox 2439 3017 2501 3070; x_wconf 82' lang='grc' dir='ltr'>τὸ</span> <span class='ocrx_word' id='word_1_703' title='bbox 2530 3018 2670 3072; x_wconf 77' lang='grc' dir='ltr'>κατὰ</span> <span class='ocrx_word' id='word_1_704' title='bbox 2697 3019 2933 3090; x_wconf 74' lang='grc' dir='ltr'>γαστρὸς</span> <span class='ocrx_word' id='word_1_705' title='bbox 2963 3020 3278 3092; x_wconf 88' lang='grc' dir='ltr'>κινούμενον</span> <span class='ocrx_word' id='word_1_706' title='bbox 3327 3019 3406 3082; x_wconf 86' lang='grc' dir='ltr'><strong>είς</strong></span> <span class='ocrx_word' id='word_1_707' title='bbox 3463 3018 3586 3087; x_wconf 83' lang='grc' dir='ltr'><strong>φῶς</strong></span> <span class='ocrx_word' id='word_1_708' title='bbox 3631 3031 3758 3086; x_wconf 84' lang='grc' dir='ltr'>προ-</span> 
     </span>
    </p>
   </div>
   <div class='ocr_carea' id='block_1_90' title="bbox 2180 3107 3759 3182">
    <p class='ocr_par' dir='ltr' id='par_1_90' title="bbox 2180 3107 3759 3182">
     <span class='ocr_line' id='line_1_90' title="bbox 2180 3107 3759 3182; baseline 0.001 -20"><span class='ocrx_word' id='word_1_709' title='bbox 2180 3109 2335 3176; x_wconf 83' lang='grc' dir='ltr'>άγειν</span> <span class='ocrx_word' id='word_1_710' title='bbox 2354 3125 2368 3139; x_wconf 72' lang='grc' dir='ltr'><strong><em>ο</em></strong></span> <span class='ocrx_word' id='word_1_711' title='bbox 2397 3107 2538 3162; x_wconf 73' lang='grc' dir='ltr'>οὕτω</span> <span class='ocrx_word' id='word_1_712' title='bbox 2576 3108 2684 3182; x_wconf 76' lang='grc' dir='ltr'>γὰρ</span> <span class='ocrx_word' id='word_1_713' title='bbox 2719 3111 2814 3164; x_wconf 70' lang='grc' dir='ltr'>καὶ</span> <span class='ocrx_word' id='word_1_714' title='bbox 2841 3112 3000 3181; x_wconf 82' lang='grc' dir='ltr'>ἡμεῖς</span> <span class='ocrx_word' id='word_1_715' title='bbox 3025 3111 3250 3182; x_wconf 81' lang='grc' dir='ltr'>ἐγενήθη</span> <span class='ocrx_word' id='word_1_716' title='bbox 3276 3110 3372 3180; x_wconf 80' lang='grc' dir='ltr'><strong>μὲν</strong></span> <span class='ocrx_word' id='word_1_717' title='bbox 3390 3109 3466 3180; x_wconf 82' lang='grc' dir='ltr'><strong>τῷ</strong></span> <span class='ocrx_word' id='word_1_718' title='bbox 3499 3109 3575 3179; x_wconf 77' lang='grc' dir='ltr'>σῷ</span> <span class='ocrx_word' id='word_1_719' title='bbox 3604 3108 3759 3176; x_wconf 72' lang='grc' dir='ltr'>Ἀγα-</span> 
     </span>
    </p>
   </div>
   <div class='ocr_carea' id='block_1_91' title="bbox 2181 3199 3756 3273">
    <p class='ocr_par' dir='ltr' id='par_1_91' title="bbox 2181 3199 3756 3273">
     <span class='ocr_line' id='line_1_91' title="bbox 2181 3199 3756 3273; baseline -0.002 -21"><span class='ocrx_word' id='word_1_720' title='bbox 2181 3199 2337 3271; x_wconf 84' lang='grc' dir='ltr'>πητῷ</span> <span class='ocrx_word' id='word_1_721' title='bbox 2357 3215 2373 3230; x_wconf 77' lang='grc' dir='ltr'><strong>ο</strong></span> <span class='ocrx_word' id='word_1_722' title='bbox 2402 3201 2491 3254; x_wconf 71' lang='grc' dir='ltr'><strong>τὸν</strong></span> <span class='ocrx_word' id='word_1_723' title='bbox 2526 3201 2634 3273; x_wconf 80' lang='grc' dir='ltr'><strong>γὰρ</strong></span> <span class='ocrx_word' id='word_1_724' title='bbox 2672 3205 2929 3272; x_wconf 77' lang='grc' dir='ltr'>μονογενῆ</span> <span class='ocrx_word' id='word_1_725' title='bbox 2970 3219 3060 3255; x_wconf 84' lang='grc' dir='ltr'><strong>σου</strong></span> <span class='ocrx_word' id='word_1_726' title='bbox 3086 3202 3255 3270; x_wconf 85' lang='grc' dir='ltr'>Λόγον</span> <span class='ocrx_word' id='word_1_727' title='bbox 3282 3201 3429 3252; x_wconf 80' lang='grc' dir='ltr'>ἔνδον</span> <span class='ocrx_word' id='word_1_728' title='bbox 3463 3202 3676 3270; x_wconf 79' lang='grc' dir='ltr'>ἔχοντες</span> <span class='ocrx_word' id='word_1_729' title='bbox 3701 3200 3756 3256; x_wconf 79' lang='grc' dir='ltr'>ὲν</span> 
     </span>
    </p>
   </div>
   <div class='ocr_carea' id='block_1_92' title="bbox 2181 3292 3758 3364">
    <p class='ocr_par' dir='ltr' id='par_1_92' title="bbox 2181 3292 3758 3364">
     <span class='ocr_line' id='line_1_92' title="bbox 2181 3292 3758 3364; baseline -0.003 -20"><span class='ocrx_word' id='word_1_730' title='bbox 2181 3296 2245 3362; x_wconf 80' lang='grc' dir='ltr'>τῇ</span> <span class='ocrx_word' id='word_1_731' title='bbox 2286 3292 2492 3345; x_wconf 83' lang='grc' dir='ltr'>ἑαυτῶν</span> <span class='ocrx_word' id='word_1_732' title='bbox 2527 3293 2694 3364; x_wconf 83' lang='grc' dir='ltr'>ψυχῇ,</span> <span class='ocrx_word' id='word_1_733' title='bbox 2730 3295 2823 3346; x_wconf 74' lang='grc' dir='ltr'><strong>καὶ</strong></span> <span class='ocrx_word' id='word_1_734' title='bbox 2855 3293 2943 3345; x_wconf 87' lang='grc' dir='ltr'><strong>τὸν</strong></span> <span class='ocrx_word' id='word_1_735' title='bbox 2969 3295 3031 3346; x_wconf 84' lang='grc' dir='ltr'>ἐκ</span> <span class='ocrx_word' id='word_1_736' title='bbox 3063 3292 3156 3346; x_wconf 81' lang='grc' dir='ltr'>σοῦ</span> <span class='ocrx_word' id='word_1_737' title='bbox 3181 3293 3597 3362; x_wconf 84' lang='grc' dir='ltr'>κατασπαρέντα</span> <span class='ocrx_word' id='word_1_738' title='bbox 3626 3292 3758 3362; x_wconf 75' lang='grc' dir='ltr'>ἡμῖν</span> 
     </span>
    </p>
   </div>
   <div class='ocr_carea' id='block_1_93' title="bbox 2182 3380 3759 3452">
    <p class='ocr_par' dir='ltr' id='par_1_93' title="bbox 2182 3380 3759 3452">
     <span class='ocr_line' id='line_1_93' title="bbox 2182 3380 3759 3452; baseline -0.001 -19"><span class='ocrx_word' id='word_1_739' title='bbox 2182 3381 2359 3434; x_wconf 76' lang='grc' dir='ltr'>ἔνθεον</span> <span class='ocrx_word' id='word_1_740' title='bbox 2391 3381 2572 3449; x_wconf 78' lang='grc' dir='ltr'>φόϐον,</span> <span class='ocrx_word' id='word_1_741' title='bbox 2601 3383 2693 3433; x_wconf 74' lang='grc' dir='ltr'>καὶ</span> <span class='ocrx_word' id='word_1_742' title='bbox 2725 3382 2786 3452; x_wconf 84' lang='grc' dir='ltr'><strong>δὴ</strong></span> <span class='ocrx_word' id='word_1_743' title='bbox 2819 3383 3272 3452; x_wconf 81' lang='grc' dir='ltr'>καρτερήσαντες,</span> <span class='ocrx_word' id='word_1_744' title='bbox 3312 3381 3410 3433; x_wconf 84' lang='grc' dir='ltr'><strong>ούκ</strong></span> <span class='ocrx_word' id='word_1_745' title='bbox 3443 3380 3759 3447; x_wconf 78' lang='grc' dir='ltr'>ἐσφάλημεν</span> 
     </span>
    </p>
   </div>
   <div class='ocr_carea' id='block_1_94' title="bbox 2181 3469 3758 3544">
    <p class='ocr_par' dir='ltr' id='par_1_94' title="bbox 2181 3469 3758 3544">
     <span class='ocr_line' id='line_1_94' title="bbox 2181 3469 3758 3544; baseline -0.004 -19"><span class='ocrx_word' id='word_1_746' title='bbox 2181 3474 2277 3544; x_wconf 78' lang='grc' dir='ltr'>τῆς</span> <span class='ocrx_word' id='word_1_747' title='bbox 2307 3473 2536 3536; x_wconf 85' lang='grc' dir='ltr'>ἐλπίδος.</span> <span class='ocrx_word' id='word_1_748' title='bbox 2569 3472 2682 3526; x_wconf 78' lang='grc' dir='ltr'>ἀλλ’</span> <span class='ocrx_word' id='word_1_749' title='bbox 2712 3473 2966 3543; x_wconf 82' lang='grc' dir='ltr'>ἑτέκομεν</span> <span class='ocrx_word' id='word_1_750' title='bbox 2998 3472 3211 3542; x_wconf 78' lang='grc' dir='ltr'>πνεῦμα</span> <span class='ocrx_word' id='word_1_751' title='bbox 3248 3473 3543 3543; x_wconf 80' lang='grc' dir='ltr'>σωτηρίας.</span> <span class='ocrx_word' id='word_1_752' title='bbox 3589 3469 3758 3531; x_wconf 85' lang='grc' dir='ltr'>Τέλος</span> 
     </span>
    </p>
   </div>
   <div class='ocr_carea' id='block_1_95' title="bbox 2182 3561 3756 3636">
    <p class='ocr_par' dir='ltr' id='par_1_95' title="bbox 2182 3561 3756 3636">
     <span class='ocr_line' id='line_1_95' title="bbox 2182 3561 3756 3636; baseline -0.002 -19"><span class='ocrx_word' id='word_1_753' title='bbox 2182 3565 2290 3636; x_wconf 70' lang='grc' dir='ltr'><strong>γὰρ</strong></span> <span class='ocrx_word' id='word_1_754' title='bbox 2325 3566 2423 3636; x_wconf 78' lang='grc' dir='ltr'>τῆς</span> <span class='ocrx_word' id='word_1_755' title='bbox 2445 3567 2689 3636; x_wconf 84' lang='grc' dir='ltr'>κυήσεως</span> <span class='ocrx_word' id='word_1_756' title='bbox 2731 3565 2822 3617; x_wconf 80' lang='grc' dir='ltr'>τοῦ</span> <span class='ocrx_word' id='word_1_757' title='bbox 2869 3565 3175 3636; x_wconf 75' lang='grc' dir='ltr'>Ἀγαπητοῦ</span> <span class='ocrx_word' id='word_1_758' title='bbox 3210 3583 3299 3618; x_wconf 91' lang='grc' dir='ltr'><strong>σου</strong></span> <span class='ocrx_word' id='word_1_759' title='bbox 3343 3565 3436 3617; x_wconf 67' lang='grc' dir='ltr'>καὶ</span> <span class='ocrx_word' id='word_1_760' title='bbox 3465 3563 3557 3618; x_wconf 75' lang='grc' dir='ltr'>τοῦ</span> <span class='ocrx_word' id='word_1_761' title='bbox 3589 3561 3756 3632; x_wconf 77' lang='grc' dir='ltr'>φόϐου</span> 
     </span>
    </p>
   </div>
   <div class='ocr_carea' id='block_1_96' title="bbox 2183 3653 3760 3731">
    <p class='ocr_par' dir='ltr' id='par_1_96' title="bbox 2183 3653 3760 3729">
     <span class='ocr_line' id='line_1_96' title="bbox 2183 3653 3760 3729; baseline -0.001 -21"><span class='ocrx_word' id='word_1_762' title='bbox 2183 3656 2344 3710; x_wconf 75' lang='grc' dir='ltr'>αὐτοῦ</span> <span class='ocrx_word' id='word_1_763' title='bbox 2386 3659 2420 3729; x_wconf 79' lang='grc' dir='ltr'>ἡ</span> <span class='ocrx_word' id='word_1_764' title='bbox 2453 3656 2691 3728; x_wconf 83' lang='grc' dir='ltr'>σωτηρία</span> <span class='ocrx_word' id='word_1_765' title='bbox 2716 3653 2782 3729; x_wconf 76' lang='grc' dir='ltr'>ἦν</span> <span class='ocrx_word' id='word_1_766' title='bbox 2804 3656 2896 3709; x_wconf 76' lang='grc' dir='ltr'><strong>τού</strong></span> <span class='ocrx_word' id='word_1_767' title='bbox 2927 3659 3191 3729; x_wconf 75' lang='grc' dir='ltr'>ἡμετέρου</span> <span class='ocrx_word' id='word_1_768' title='bbox 3223 3657 3554 3728; x_wconf 87' lang='grc' dir='ltr'>πνεύματος.</span> <span class='ocrx_word' id='word_1_769' title='bbox 3578 3656 3760 3726; x_wconf 85' lang='grc' dir='ltr'>Ὅπερ</span> 
     </span>
    </p>
   </div>
   <div class='ocr_carea' id='block_1_97' title="bbox 2182 3746 3760 3823">
    <p class='ocr_par' dir='ltr' id='par_1_97' title="bbox 2182 3746 3760 3823">
     <span class='ocr_line' id='line_1_97' title="bbox 2182 3746 3760 3823; baseline -0.002 -22"><span class='ocrx_word' id='word_1_770' title='bbox 2182 3746 2646 3819; x_wconf 55' lang='grc' dir='ltr'>ἀπο-,νερλήσαντες</span> <span class='ocrx_word' id='word_1_771' title='bbox 2705 3751 2934 3821; x_wconf 77' lang='grc' dir='ltr'>φανερὸν</span> <span class='ocrx_word' id='word_1_772' title='bbox 2998 3752 3407 3823; x_wconf 86' lang='grc' dir='ltr'>κατεστήσαμεν</span> <span class='ocrx_word' id='word_1_773' title='bbox 3454 3751 3591 3803; x_wconf 81' lang='grc' dir='ltr'>πᾶσι</span> <span class='ocrx_word' id='word_1_774' title='bbox 3649 3750 3760 3812; x_wconf 75' lang='grc' dir='ltr'><strong>⁸τοῖς</strong></span> 
     </span>
    </p>
   </div>
   <div class='ocr_carea' id='block_1_98' title="bbox 2184 3838 3763 3915">
    <p class='ocr_par' dir='ltr' id='par_1_98' title="bbox 2184 3838 3763 3915">
     <span class='ocr_line' id='line_1_98' title="bbox 2184 3838 3763 3915; baseline -0.001 -22"><span class='ocrx_word' id='word_1_775' title='bbox 2184 3842 2275 3894; x_wconf 69' lang='grc' dir='ltr'>ἐπὶ</span> <span class='ocrx_word' id='word_1_776' title='bbox 2305 3841 2404 3911; x_wconf 82' lang='grc' dir='ltr'>τῆς</span> <span class='ocrx_word' id='word_1_777' title='bbox 2435 3842 2538 3913; x_wconf 77' lang='grc' dir='ltr'>γῆς</span> <span class='ocrx_word' id='word_1_778' title='bbox 2567 3841 2907 3895; x_wconf 75' lang='grc' dir='ltr'>κατοικοῦσιν</span> <span class='ocrx_word' id='word_1_779' title='bbox 2941 3842 3265 3915; x_wconf 84' lang='grc' dir='ltr'>ἀνθρώποις,</span> <span class='ocrx_word' id='word_1_780' title='bbox 3291 3843 3365 3907; x_wconf 83' lang='grc' dir='ltr'>ὡς</span> <span class='ocrx_word' id='word_1_781' title='bbox 3389 3843 3453 3896; x_wconf 83' lang='grc' dir='ltr'><strong>ἂν</strong></span> <span class='ocrx_word' id='word_1_782' title='bbox 3485 3843 3582 3896; x_wconf 77' lang='grc' dir='ltr'><strong>καὶ</strong></span> <span class='ocrx_word' id='word_1_783' title='bbox 3613 3838 3763 3894; x_wconf 71' lang='grc' dir='ltr'>αὐτοὶ</span> 
     </span>
    </p>
   </div>
   <div class='ocr_carea' id='block_1_99' title="bbox 2188 3931 3764 4005">
    <p class='ocr_par' dir='ltr' id='par_1_99' title="bbox 2188 3931 3764 4005">
     <span class='ocr_line' id='line_1_99' title="bbox 2188 3931 3764 4005; baseline -0.003 -19"><span class='ocrx_word' id='word_1_784' title='bbox 2188 3932 2449 4002; x_wconf 82' lang='grc' dir='ltr'>μαθόντες</span> <span class='ocrx_word' id='word_1_785' title='bbox 2496 3934 2824 4003; x_wconf 57' lang='grc' dir='ltr'>ὠξεληθείεν</span> <span class='ocrx_word' id='word_1_786' title='bbox 2875 3934 2962 3988; x_wconf 81' lang='grc' dir='ltr'>διὰ</span> <span class='ocrx_word' id='word_1_787' title='bbox 3005 3934 3098 3988; x_wconf 80' lang='grc' dir='ltr'>τοῦ</span> <span class='ocrx_word' id='word_1_788' title='bbox 3143 3933 3380 4005; x_wconf 77' lang='grc' dir='ltr'>ζηλῶσαι</span> <span class='ocrx_word' id='word_1_789' title='bbox 3425 3934 3635 4004; x_wconf 76' lang='grc' dir='ltr'>κυῆσαι</span> <span class='ocrx_word' id='word_1_790' title='bbox 3671 3931 3764 3985; x_wconf 79' lang='grc' dir='ltr'>καὶ</span> 
     </span>
    </p>
   </div>
   <div class='ocr_carea' id='block_1_100' title="bbox 2185 4021 3763 4095">
    <p class='ocr_par' dir='ltr' id='par_1_100' title="bbox 2185 4021 3763 4095">
     <span class='ocr_line' id='line_1_100' title="bbox 2185 4021 3763 4095; baseline -0.001 -19"><span class='ocrx_word' id='word_1_791' title='bbox 2185 4025 2380 4088; x_wconf 74' lang='grc' dir='ltr'>αὐτοὺς</span> <span class='ocrx_word' id='word_1_792' title='bbox 2413 4025 2520 4078; x_wconf 74' lang='grc' dir='ltr'>ἀπὸ</span> <span class='ocrx_word' id='word_1_793' title='bbox 2543 4025 2636 4078; x_wconf 79' lang='grc' dir='ltr'>τοῦ</span> <span class='ocrx_word' id='word_1_794' title='bbox 2673 4026 2858 4095; x_wconf 77' lang='grc' dir='ltr'>φόϐου,</span> <span class='ocrx_word' id='word_1_795' title='bbox 2900 4029 2995 4080; x_wconf 73' lang='grc' dir='ltr'><strong>καὶ</strong></span> <span class='ocrx_word' id='word_1_796' title='bbox 3023 4029 3308 4081; x_wconf 82' lang='grc' dir='ltr'>ἀποτεκεῖν</span> <span class='ocrx_word' id='word_1_797' title='bbox 3342 4025 3403 4079; x_wconf 77' lang='grc' dir='ltr'>τὸ</span> <span class='ocrx_word' id='word_1_798' title='bbox 3437 4026 3576 4079; x_wconf 81' lang='grc' dir='ltr'>αὐτὸ</span> <span class='ocrx_word' id='word_1_799' title='bbox 3605 4021 3763 4077; x_wconf 79' lang='grc' dir='ltr'>πνεῦο</span> 
     </span>
    </p>
   </div>
   <div class='ocr_carea' id='block_1_101' title="bbox 2189 4111 3762 4192">
    <p class='ocr_par' dir='ltr' id='par_1_101' title="bbox 2189 4111 3762 4192">
     <span class='ocr_line' id='line_1_101' title="bbox 2189 4111 3762 4192; baseline -0.003 -23"><span class='ocrx_word' id='word_1_800' title='bbox 2189 4133 2281 4186; x_wconf 88' lang='grc' dir='ltr'><strong>μα.</strong></span> <span class='ocrx_word' id='word_1_801' title='bbox 2329 4117 2390 4171; x_wconf 80' lang='grc' dir='ltr'><strong>Οἱ</strong></span> <span class='ocrx_word' id='word_1_802' title='bbox 2441 4118 2548 4192; x_wconf 74' lang='grc' dir='ltr'><strong>γὰρ</strong></span> <span class='ocrx_word' id='word_1_803' title='bbox 2603 4119 2676 4189; x_wconf 83' lang='grc' dir='ltr'><strong>μὴ</strong></span> <span class='ocrx_word' id='word_1_804' title='bbox 2728 4117 2888 4172; x_wconf 79' lang='grc' dir='ltr'>τοῦτο</span> <span class='ocrx_word' id='word_1_805' title='bbox 2935 4118 3190 4181; x_wconf 78' lang='grc' dir='ltr'>λαϐόντες</span> <span class='ocrx_word' id='word_1_806' title='bbox 3234 4117 3367 4190; x_wconf 82' lang='grc' dir='ltr'>μηδὲ</span> <span class='ocrx_word' id='word_1_807' title='bbox 3405 4118 3662 4179; x_wconf 85' lang='grc' dir='ltr'>τεκόντες</span> <span class='ocrx_word' id='word_1_808' title='bbox 3704 4111 3762 4166; x_wconf 82' lang='grc' dir='ltr'><strong>τδ</strong></span> 
     </span>
    </p>
   </div>
   <div class='ocr_carea' id='block_1_102' title="bbox 2186 4209 3762 4282">
    <p class='ocr_par' dir='ltr' id='par_1_102' title="bbox 2186 4209 3762 4282">
     <span class='ocr_line' id='line_1_102' title="bbox 2186 4209 3762 4282; baseline 0 -22"><span class='ocrx_word' id='word_1_809' title='bbox 2186 4209 2402 4280; x_wconf 76' lang='grc' dir='ltr'>πνεῦμα</span> <span class='ocrx_word' id='word_1_810' title='bbox 2436 4211 2532 4281; x_wconf 78' lang='grc' dir='ltr'>τῆς</span> <span class='ocrx_word' id='word_1_811' title='bbox 2566 4209 2858 4282; x_wconf 81' lang='grc' dir='ltr'>σωτηρίας,</span> <span class='ocrx_word' id='word_1_812' title='bbox 2893 4210 3067 4273; x_wconf 83' lang='grc' dir='ltr'>ἄλλως</span> <span class='ocrx_word' id='word_1_813' title='bbox 3101 4209 3155 4260; x_wconf 82' lang='grc' dir='ltr'>δὲ</span> <span class='ocrx_word' id='word_1_814' title='bbox 3189 4209 3368 4276; x_wconf 82' lang='grc' dir='ltr'>ἄγονοι</span> <span class='ocrx_word' id='word_1_815' title='bbox 3396 4209 3488 4262; x_wconf 72' lang='grc' dir='ltr'>καὶ</span> <span class='ocrx_word' id='word_1_816' title='bbox 3529 4211 3762 4279; x_wconf 80' lang='grc' dir='ltr'>ἄκαρποι</span> 
     </span>
    </p>
   </div>
   <div class='ocr_carea' id='block_1_103' title="bbox 2185 4297 3762 4371">
    <p class='ocr_par' dir='ltr' id='par_1_103' title="bbox 2185 4297 3762 4371">
     <span class='ocr_line' id='line_1_103' title="bbox 2185 4297 3762 4371; baseline 0.002 -20"><span class='ocrx_word' id='word_1_817' title='bbox 2185 4301 2481 4370; x_wconf 85' lang='grc' dir='ltr'>γενόμενοι,</span> <span class='ocrx_word' id='word_1_818' title='bbox 2511 4302 2602 4353; x_wconf 73' lang='grc' dir='ltr'><strong>καὶ</strong></span> <span class='ocrx_word' id='word_1_819' title='bbox 2626 4301 2981 4354; x_wconf 77' lang='grc' dir='ltr'>ἐκπεσοῦνται</span> <span class='ocrx_word' id='word_1_820' title='bbox 3004 4303 3102 4371; x_wconf 79' lang='grc' dir='ltr'>τῆς</span> <span class='ocrx_word' id='word_1_821' title='bbox 3129 4301 3276 4371; x_wconf 73' lang='grc' dir='ltr'>παρὰ</span> <span class='ocrx_word' id='word_1_822' title='bbox 3312 4299 3404 4352; x_wconf 82' lang='grc' dir='ltr'>σοῦ</span> <span class='ocrx_word' id='word_1_823' title='bbox 3440 4300 3659 4362; x_wconf 80' lang='grc' dir='ltr'>ἐλπίδος</span> <span class='ocrx_word' id='word_1_824' title='bbox 3677 4315 3691 4330; x_wconf 75' lang='grc'><strong><em>⁸</em></strong></span> <span class='ocrx_word' id='word_1_825' title='bbox 3714 4297 3762 4354; x_wconf 74' lang='grc' dir='ltr'><strong>οἱ</strong></span> 
     </span>
    </p>
   </div>
   <div class='ocr_carea' id='block_1_104' title="bbox 2185 4389 3761 4463">
    <p class='ocr_par' dir='ltr' id='par_1_104' title="bbox 2185 4389 3761 4463">
     <span class='ocr_line' id='line_1_104' title="bbox 2185 4389 3761 4463; baseline -0.001 -21"><span class='ocrx_word' id='word_1_826' title='bbox 2185 4392 2240 4444; x_wconf 83' lang='grc' dir='ltr'><em>δέ</em></span> <span class='ocrx_word' id='word_1_827' title='bbox 2262 4407 2350 4459; x_wconf 67' lang='grc' dir='ltr'><strong>ιγε</strong></span> <span class='ocrx_word' id='word_1_828' title='bbox 2384 4395 2481 4461; x_wconf 72' lang='grc' dir='ltr'>τῆς</span> <span class='ocrx_word' id='word_1_829' title='bbox 2503 4391 2600 4460; x_wconf 76' lang='grc' dir='ltr'>σῆς</span> <span class='ocrx_word' id='word_1_830' title='bbox 2639 4392 2850 4463; x_wconf 86' lang='grc' dir='ltr'>μερίδος</span> <span class='ocrx_word' id='word_1_831' title='bbox 2873 4391 3045 4455; x_wconf 79' lang='grc' dir='ltr'>ὄντες,</span> <span class='ocrx_word' id='word_1_832' title='bbox 3086 4395 3133 4443; x_wconf 87' lang='grc' dir='ltr'><strong>οί</strong></span> <span class='ocrx_word' id='word_1_833' title='bbox 3166 4391 3252 4444; x_wconf 79' lang='grc' dir='ltr'>διὰ</span> <span class='ocrx_word' id='word_1_834' title='bbox 3287 4392 3345 4444; x_wconf 83' lang='grc' dir='ltr'>σὲ</span> <span class='ocrx_word' id='word_1_835' title='bbox 3379 4392 3566 4445; x_wconf 73' lang='grc' dir='ltr'>πᾶσαν</span> <span class='ocrx_word' id='word_1_836' title='bbox 3593 4389 3761 4458; x_wconf 86' lang='grc' dir='ltr'>θλίψιν</span> 
     </span>
    </p>
   </div>
   <div class='ocr_carea' id='block_1_105' title="bbox 2190 4481 3779 4554">
    <p class='ocr_par' dir='ltr' id='par_1_105' title="bbox 2190 4481 3779 4554">
     <span class='ocr_line' id='line_1_105' title="bbox 2190 4481 3779 4554; baseline 0.001 -19"><span class='ocrx_word' id='word_1_837' title='bbox 2190 4483 2595 4553; x_wconf 80' lang='grc' dir='ltr'>ὑπομείναντες,</span> <span class='ocrx_word' id='word_1_838' title='bbox 2663 4484 2710 4534; x_wconf 84' lang='grc' dir='ltr'><strong>εί</strong></span> <span class='ocrx_word' id='word_1_839' title='bbox 2772 4483 2864 4535; x_wconf 77' lang='grc' dir='ltr'><strong>καὶ</strong></span> <span class='ocrx_word' id='word_1_840' title='bbox 2925 4481 3085 4554; x_wconf 81' lang='grc' dir='ltr'>μέχρι</span> <span class='ocrx_word' id='word_1_841' title='bbox 3125 4481 3351 4535; x_wconf 79' lang='grc' dir='ltr'>θανάτου</span> <span class='ocrx_word' id='word_1_842' title='bbox 3405 4482 3779 4550; x_wconf 82' lang='grc' dir='ltr'>ἀγωνίσαιντο,</span> 
     </span>
    </p>
   </div>
   <div class='ocr_carea' id='block_1_106' title="bbox 2192 4570 3760 4652">
    <p class='ocr_par' dir='ltr' id='par_1_106' title="bbox 2192 4570 3760 4652">
     <span class='ocr_line' id='line_1_106' title="bbox 2192 4570 3760 4652; baseline -0.002 -25"><span class='ocrx_word' id='word_1_843' title='bbox 2192 4574 2325 4646; x_wconf 68' lang='grc' dir='ltr'>πρὸς</span> <span class='ocrx_word' id='word_1_844' title='bbox 2375 4573 2472 4644; x_wconf 73' lang='grc' dir='ltr'>τὴν</span> <span class='ocrx_word' id='word_1_845' title='bbox 2523 4574 2810 4652; x_wconf 83' lang='grc' dir='ltr'>ἁμαρτίαν,</span> <span class='ocrx_word' id='word_1_846' title='bbox 2866 4574 3115 4645; x_wconf 72' lang='grc' dir='ltr'>οὐδαμῶς</span> <span class='ocrx_word' id='word_1_847' title='bbox 3165 4574 3261 4644; x_wconf 80' lang='grc' dir='ltr'>τῆς</span> <span class='ocrx_word' id='word_1_848' title='bbox 3306 4573 3455 4645; x_wconf 75' lang='grc' dir='ltr'>παρὰ</span> <span class='ocrx_word' id='word_1_849' title='bbox 3505 4574 3589 4627; x_wconf 79' lang='grc' dir='ltr'><strong>σοὶ</strong></span> <span class='ocrx_word' id='word_1_850' title='bbox 3622 4570 3760 4641; x_wconf 81' lang='grc' dir='ltr'>ζωῆς</span> 
     </span>
    </p>
   </div>
   <div class='ocr_carea' id='block_1_107' title="bbox 2189 4681 3742 4746">
    <p class='ocr_par' dir='ltr' id='par_1_107' title="bbox 2189 4681 3742 4746">
     <span class='ocr_line' id='line_1_107' title="bbox 2189 4681 3742 4746; baseline -0.001 -27"><span class='ocrx_word' id='word_1_851' title='bbox 2189 4681 2367 4719; x_wconf 76' lang='grc' dir='ltr'>αποπε</span> <span class='ocrx_word' id='word_1_852' title='bbox 2377 4683 2608 4718; x_wconf 86' lang='grc' dir='ltr'>σουνται.</span> <span class='ocrx_word' id='word_1_853' title='bbox 3085 4723 3090 4728; x_wconf 93' lang='lat'>_</span> <span class='ocrx_word' id='word_1_854' title='bbox 3738 4742 3742 4746; x_wconf 24' lang='lat'><strong><em>.</em></strong></span> 
     </span>
    </p>
   </div>
   <div class='ocr_carea' id='block_1_108' title="bbox 2266 4755 3760 4830">
    <p class='ocr_par' dir='ltr' id='par_1_108' title="bbox 2266 4755 3760 4830">
     <span class='ocr_line' id='line_1_108' title="bbox 2266 4755 3760 4830; baseline -0.002 -22"><span class='ocrx_word' id='word_1_855' title='bbox 2266 4776 2283 4808; x_wconf 79' lang='grc' dir='ltr'><strong>ι</strong></span> <span class='ocrx_word' id='word_1_856' title='bbox 2336 4759 2750 4829; x_wconf 80' lang='grc' dir='ltr'>Ἀναστήσονται</span> <span class='ocrx_word' id='word_1_857' title='bbox 2777 4761 2826 4811; x_wconf 90' lang='grc' dir='ltr'>οἱ</span> <span class='ocrx_word' id='word_1_858' title='bbox 2858 4759 3060 4830; x_wconf 76' lang='grc' dir='ltr'>νεκροὶ,</span> <span class='ocrx_word' id='word_1_859' title='bbox 3102 4759 3195 4812; x_wconf 76' lang='grc' dir='ltr'><strong>καὶ</strong></span> <span class='ocrx_word' id='word_1_860' title='bbox 3225 4757 3607 4830; x_wconf 80' lang='grc' dir='ltr'>ἐγερθήσονται</span> <span class='ocrx_word' id='word_1_861' title='bbox 3629 4756 3677 4808; x_wconf 91' lang='grc' dir='ltr'>οἱ</span> <span class='ocrx_word' id='word_1_862' title='bbox 3706 4755 3760 4806; x_wconf 82' lang='grc' dir='ltr'>ὲν</span> 
     </span>
    </p>
   </div>
   <div class='ocr_carea' id='block_1_109' title="bbox 2187 4849 3756 4920">
    <p class='ocr_par' dir='ltr' id='par_1_109' title="bbox 2187 4849 3756 4920">
     <span class='ocr_line' id='line_1_109' title="bbox 2187 4849 3756 4920; baseline 0.03 -19"><span class='ocrx_word' id='word_1_863' title='bbox 2187 4849 2298 4912; x_wconf 79' lang='grc' dir='ltr'>τοῖς</span> <span class='ocrx_word' id='word_1_864' title='bbox 2343 4849 2644 4920; x_wconf 74' lang='grc' dir='ltr'>μνημείοις,</span> <span class='ocrx_word' id='word_1_865' title='bbox 2694 4851 2788 4908; x_wconf 67' lang='grc' dir='ltr'>καὶ</span> <span class='ocrx_word' id='word_1_866' title='bbox 2830 4850 3291 4920; x_wconf 62' lang='grc' dir='ltr'><strong>εὐφρσονθῆδονται</strong></span> <span class='ocrx_word' id='word_1_867' title='bbox 3343 4853 3389 4903; x_wconf 60' lang='grc' dir='ltr'><strong>οἱ</strong></span> <span class='ocrx_word' id='word_1_868' title='bbox 3437 4852 3494 4903; x_wconf 66' lang='grc' dir='ltr'>ἐν</span> <span class='ocrx_word' id='word_1_869' title='bbox 3547 4852 3610 4920; x_wconf 66' lang='grc' dir='ltr'><strong>τῇ</strong></span> <span class='ocrx_word' id='word_1_870' title='bbox 3655 4849 3756 4917; x_wconf 51' lang='grc' dir='ltr'><strong>τῇ.</strong></span> 
     </span>
    </p>
   </div>
   <div class='ocr_carea' id='block_1_110' title="bbox 2189 4936 3759 5013">
    <p class='ocr_par' dir='ltr' id='par_1_110' title="bbox 2189 4936 3759 5013">
     <span class='ocr_line' id='line_1_110' title="bbox 2189 4936 3759 5013; baseline -0.003 -20"><span class='ocrx_word' id='word_1_871' title='bbox 2189 4941 2355 5013; x_wconf 84' lang='grc' dir='ltr'><strong>ἡγὰρ</strong></span> <span class='ocrx_word' id='word_1_872' title='bbox 2392 4941 2576 5012; x_wconf 85' lang='grc' dir='ltr'>δρόσος</span> <span class='ocrx_word' id='word_1_873' title='bbox 2610 4943 2641 5012; x_wconf 82' lang='grc' dir='ltr'>ἡ</span> <span class='ocrx_word' id='word_1_874' title='bbox 2682 4941 2832 5013; x_wconf 76' lang='grc' dir='ltr'>παρὰ</span> <span class='ocrx_word' id='word_1_875' title='bbox 2877 4940 2968 4994; x_wconf 74' lang='grc' dir='ltr'>σοῦ</span> <span class='ocrx_word' id='word_1_876' title='bbox 3017 4942 3153 5012; x_wconf 80' lang='grc' dir='ltr'>ἴαμα</span> <span class='ocrx_word' id='word_1_877' title='bbox 3189 4943 3370 5004; x_wconf 73' lang='grc' dir='ltr'>αὐτοῖς</span> <span class='ocrx_word' id='word_1_878' title='bbox 3412 4944 3561 4994; x_wconf 73' lang='grc' dir='ltr'>ἐστιν</span> <span class='ocrx_word' id='word_1_879' title='bbox 3587 4959 3598 4970; x_wconf 94' lang='grc'><strong>·</strong></span> <span class='ocrx_word' id='word_1_880' title='bbox 3642 4940 3673 5010; x_wconf 82' lang='grc' dir='ltr'>ὴ</span> <span class='ocrx_word' id='word_1_881' title='bbox 3704 4936 3759 4989; x_wconf 84' lang='grc' dir='ltr'>δὲ</span> 
     </span>
    </p>
   </div>
   <div class='ocr_carea' id='block_1_111' title="bbox 2189 5027 3757 5106">
    <p class='ocr_par' dir='ltr' id='par_1_111' title="bbox 2189 5027 3757 5106">
     <span class='ocr_line' id='line_1_111' title="bbox 2189 5027 3757 5106; baseline -0.002 -22"><span class='ocrx_word' id='word_1_882' title='bbox 2189 5034 2258 5104; x_wconf 79' lang='grc' dir='ltr'>γῆ</span> <span class='ocrx_word' id='word_1_883' title='bbox 2301 5032 2408 5084; x_wconf 87' lang='grc' dir='ltr'><strong>τῶν</strong></span> <span class='ocrx_word' id='word_1_884' title='bbox 2445 5033 2652 5086; x_wconf 76' lang='grc' dir='ltr'>ἀσεϐῶν</span> <span class='ocrx_word' id='word_1_885' title='bbox 2698 5037 2959 5088; x_wconf 84' lang='grc' dir='ltr'>πεσεῖται.</span> <span class='ocrx_word' id='word_1_886' title='bbox 3013 5053 3031 5086; x_wconf 78' lang='grc' dir='ltr'><strong>ι</strong></span> <span class='ocrx_word' id='word_1_887' title='bbox 3097 5035 3513 5106; x_wconf 85' lang='grc' dir='ltr'>Ἀναστήσονται</span> <span class='ocrx_word' id='word_1_888' title='bbox 3557 5032 3664 5103; x_wconf 75' lang='grc' dir='ltr'>γὰρ</span> <span class='ocrx_word' id='word_1_889' title='bbox 3711 5027 3757 5081; x_wconf 81' lang='grc' dir='ltr'>οἱ</span> 
     </span>
    </p>
   </div>
   <div class='ocr_carea' id='block_1_112' title="bbox 2186 5119 3752 5196">
    <p class='ocr_par' dir='ltr' id='par_1_112' title="bbox 2186 5119 3752 5196">
     <span class='ocr_line' id='line_1_112' title="bbox 2186 5119 3752 5196; baseline -0.003 -20"><span class='ocrx_word' id='word_1_890' title='bbox 2186 5125 2388 5195; x_wconf 70' lang='grc' dir='ltr'>νεκροὶ,</span> <span class='ocrx_word' id='word_1_891' title='bbox 2483 5125 2623 5179; x_wconf 72' lang='grc' dir='ltr'>κατὰ</span> <span class='ocrx_word' id='word_1_892' title='bbox 2652 5125 2740 5178; x_wconf 76' lang='grc' dir='ltr'><strong>τὸν</strong></span> <span class='ocrx_word' id='word_1_893' title='bbox 2786 5125 3034 5190; x_wconf 79' lang='grc' dir='ltr'>Ἀκύλαν,</span> <span class='ocrx_word' id='word_1_894' title='bbox 3079 5147 3094 5175; x_wconf 82' lang='grc' dir='ltr'><strong>ι</strong></span> <span class='ocrx_word' id='word_1_895' title='bbox 3136 5129 3395 5196; x_wconf 85' lang='grc' dir='ltr'>Ζήσονται.</span> <span class='ocrx_word' id='word_1_896' title='bbox 3427 5125 3474 5177; x_wconf 88' lang='grc' dir='ltr'>οἱ</span> <span class='ocrx_word' id='word_1_897' title='bbox 3528 5119 3752 5176; x_wconf 84' lang='grc' dir='ltr'>τεθνεῶ-</span> 
     </span>
    </p>
   </div>
   <div class='ocr_carea' id='block_1_113' title="bbox 2187 5212 3753 5289">
    <p class='ocr_par' dir='ltr' id='par_1_113' title="bbox 2187 5212 3753 5289">
     <span class='ocr_line' id='line_1_113' title="bbox 2187 5212 3753 5289; baseline -0.011 -11"><span class='ocrx_word' id='word_1_898' title='bbox 2187 5215 2278 5277; x_wconf 79' lang='grc' dir='ltr'><em>τές</em></span> <span class='ocrx_word' id='word_1_899' title='bbox 2319 5232 2432 5276; x_wconf 76' lang='grc' dir='ltr'>σου.</span> <span class='ocrx_word' id='word_1_900' title='bbox 2486 5235 2502 5264; x_wconf 68' lang='grc' dir='ltr'><strong>ι</strong></span> <span class='ocrx_word' id='word_1_901' title='bbox 2544 5216 2576 5285; x_wconf 75' lang='grc' dir='ltr'>ἢ</span> <span class='ocrx_word' id='word_1_902' title='bbox 2617 5215 2758 5269; x_wconf 73' lang='grc' dir='ltr'>κατὰ</span> <span class='ocrx_word' id='word_1_903' title='bbox 2799 5217 2888 5270; x_wconf 81' lang='grc' dir='ltr'><strong>τὸν</strong></span> <span class='ocrx_word' id='word_1_904' title='bbox 2933 5217 3225 5289; x_wconf 78' lang='grc' dir='ltr'>Σύμμαχον</span> <span class='ocrx_word' id='word_1_905' title='bbox 3269 5214 3362 5266; x_wconf 72' lang='grc' dir='ltr'><strong>καὶ</strong></span> <span class='ocrx_word' id='word_1_906' title='bbox 3409 5212 3753 5269; x_wconf 84' lang='grc' dir='ltr'>Θεοδοτίωνα,</span> 
     </span>
    </p>
   </div>
   <div class='ocr_carea' id='block_1_114' title="bbox 2195 5301 3754 5382">
    <p class='ocr_par' dir='ltr' id='par_1_114' title="bbox 2195 5301 3754 5382">
     <span class='ocr_line' id='line_1_114' title="bbox 2195 5301 3754 5382; baseline -0.007 -20"><span class='ocrx_word' id='word_1_907' title='bbox 2195 5325 2212 5357; x_wconf 75' lang='grc' dir='ltr'><strong>ι</strong></span> <span class='ocrx_word' id='word_1_908' title='bbox 2256 5307 2514 5377; x_wconf 73' lang='grc' dir='ltr'>Ζήσονται</span> <span class='ocrx_word' id='word_1_909' title='bbox 2562 5309 2608 5360; x_wconf 79' lang='lat' dir='ltr'><strong>0i</strong></span> <span class='ocrx_word' id='word_1_910' title='bbox 2646 5310 2827 5382; x_wconf 83' lang='grc' dir='ltr'>νεκροί</span> <span class='ocrx_word' id='word_1_911' title='bbox 2876 5327 2988 5363; x_wconf 85' lang='grc' dir='ltr'>σου.</span> <span class='ocrx_word' id='word_1_912' title='bbox 3026 5330 3042 5361; x_wconf 79' lang='grc' dir='ltr'><strong>ι</strong></span> <span class='ocrx_word' id='word_1_913' title='bbox 3086 5307 3288 5378; x_wconf 73' lang='grc' dir='ltr'>Νεκροὶ</span> <span class='ocrx_word' id='word_1_914' title='bbox 3330 5305 3384 5357; x_wconf 85' lang='grc' dir='ltr'>δὲ</span> <span class='ocrx_word' id='word_1_915' title='bbox 3419 5303 3582 5357; x_wconf 74' lang='grc' dir='ltr'>αὑτοῦ</span> <span class='ocrx_word' id='word_1_916' title='bbox 3616 5301 3754 5361; x_wconf 81' lang='grc' dir='ltr'>τίνες</span> 
     </span>
    </p>
   </div>
   <div class='ocr_carea' id='block_1_115' title="bbox 2189 5393 3755 5471">
    <p class='ocr_par' dir='ltr' id='par_1_115' title="bbox 2189 5393 3755 5471">
     <span class='ocr_line' id='line_1_115' title="bbox 2189 5393 3755 5471; baseline -0.015 -6"><span class='ocrx_word' id='word_1_917' title='bbox 2189 5396 2254 5450; x_wconf 73' lang='grc' dir='ltr'>ἂν</span> <span class='ocrx_word' id='word_1_918' title='bbox 2288 5393 2415 5461; x_wconf 68' lang='grc' dir='ltr'>εἶεν,</span> <span class='ocrx_word' id='word_1_919' title='bbox 2464 5399 2495 5470; x_wconf 82' lang='grc' dir='ltr'>ἦ</span> <span class='ocrx_word' id='word_1_920' title='bbox 2544 5403 2590 5453; x_wconf 75' lang='grc' dir='ltr'>οἱ</span> <span class='ocrx_word' id='word_1_921' title='bbox 2642 5401 2786 5471; x_wconf 75' lang='grc' dir='ltr'>ἅγιοι</span> <span class='ocrx_word' id='word_1_922' title='bbox 2835 5402 2994 5455; x_wconf 74' lang='grc' dir='ltr'>αὐτοῦ</span> <span class='ocrx_word' id='word_1_923' title='bbox 3050 5398 3340 5471; x_wconf 76' lang='grc' dir='ltr'>μάρτυρες,</span> <span class='ocrx_word' id='word_1_924' title='bbox 3386 5396 3562 5469; x_wconf 69' lang='grc' dir='ltr'>ἕτεροι</span> <span class='ocrx_word' id='word_1_925' title='bbox 3610 5393 3755 5450; x_wconf 77' lang='grc' dir='ltr'>ὄντες</span> 
     </span>
    </p>
   </div>
   <div class='ocr_carea' id='block_1_116' title="bbox 2192 5479 3757 5566">
    <p class='ocr_par' dir='ltr' id='par_1_116' title="bbox 2192 5479 3757 5566">
     <span class='ocr_line' id='line_1_116' title="bbox 2192 5479 3757 5566; baseline -0.001 -24"><span class='ocrx_word' id='word_1_926' title='bbox 2192 5489 2343 5563; x_wconf 70' lang='grc' dir='ltr'>παρὰ</span> <span class='ocrx_word' id='word_1_927' title='bbox 2373 5492 2497 5555; x_wconf 74' lang='grc' dir='ltr'>τοὺς</span> <span class='ocrx_word' id='word_1_928' title='bbox 2533 5491 2818 5563; x_wconf 80' lang='grc' dir='ltr'>λεχθέντας</span> <span class='ocrx_word' id='word_1_929' title='bbox 2847 5494 3089 5563; x_wconf 70' lang='grc' dir='ltr'>νεκροὺς,</span> <span class='ocrx_word' id='word_1_930' title='bbox 3128 5492 3252 5566; x_wconf 75' lang='grc' dir='ltr'>περὶ</span> <span class='ocrx_word' id='word_1_931' title='bbox 3285 5483 3360 5544; x_wconf 82' lang='grc' dir='ltr'>ὧν</span> <span class='ocrx_word' id='word_1_932' title='bbox 3390 5489 3592 5562; x_wconf 68' lang='grc' dir='ltr'>εἴρῃ-ω’</span> <span class='ocrx_word' id='word_1_933' title='bbox 3637 5501 3654 5535; x_wconf 77' lang='grc' dir='ltr'><strong>ι</strong></span> <span class='ocrx_word' id='word_1_934' title='bbox 3696 5479 3757 5533; x_wconf 67' lang='grc' dir='ltr'>οι</span> 
     </span>
    </p>
   </div>
  </div>
