4072 6194
335 253 449 309 αττ

1272 246 1776 306 ΟΟΜΜΕΝΤΑΠΙΑ
1815 248 1882 304 IN
1919 240 2287 322 ISAIAM.{:
2328 249 2483 305 CAP.
2524 242 2718 307 XXVI:

3485 208 3590 306 27s

341 368 407 422 δὲ
442 366 635 437 νεκροὶ
657 364 795 437 ζωὴν
822 364 879 417 ού
911 366 986 435 μὴ
1021 364 1222 427 ἴδωσιν,
1252 366 1372 419 οὐδὲ
1407 367 1581 437 ἰατροὶ
1608 367 1667 418 ού
1703 368 1775 437 μὴ
1811 368 1930 419 ἀνα-

2035 368 2227 434 fuerat,
2265 386 2283 419 ι
2326 365 2521 425 Μοι·ιιι,ἰ
2552 377 2733 422 autem
2779 365 2941 421 vitam
2972 380 3077 421 non
3112 365 3386 430 videbunt,
3417 336 3591 438 neque

357 459 696 530 στήσονταις
725 475 743 508 ι
785 455 917 507 Ἀλλ’
946 457 1143 509 ἐκεῖνοι
1173 457 1271 527 μὲν
1301 453 1439 527 ἦσαν
1472 458 1672 528 νεκροὶ,
1700 457 1768 510 τά
1794 457 1929 528 πρὸς

356 551 595 604 θάνατον
616 548 1000 619 ἡμαρτηκότες,
1034 550 1082 601 οί
1111 548 1167 601 δὲ
1198 548 1382 618 νεκροὶ
1419 548 1513 601 τοῦ
1548 548 1750 620 Κυρίου
1784 550 1831 601 οἱ
1862 548 1927 600 δι’

363 641 531 694 αὑτὸν
561 642 726 693 πᾶσαν
755 637 931 707 θλίψιν
961 639 1066 702 ἕως
1098 638 1325 693 θάνατον
1359 639 1737 710 ὑπομένοντες.
1787 640 1930 691 Ἀντί

363 731 425 787 δὲ
450 730 559 795 τοῦ,
596 750 614 781 ι
653 730 1059 801 ἐγερθήσονται,
1103 750 1119 781 ι
1158 732 1207 783 οἱ
1239 730 1418 785 λοιποὶ
1449 732 1817 803 ήρμήνευσαν,
1856 732 1930 795 ὡς

367 824 725 895 κοιμηθέντων
759 823 961 886 αὐτῶν,
995 824 1115 893 οὐχὶ
1160 824 1217 877 δὲ
1256 822 1584 877 τεθνεώτων.
1622 824 1711 876 Διὸ
1755 826 1782 875 ὁ
1823 824 1929 875 τῶν

365 917 523 983 ἁγίων
553 914 779 978 Θάνατος
825 916 1083 985 κοίμησις
1116 915 1457 986 ὀνομάζεται.
1500 914 1827 977 Ἀκολούθως
1872 915 1928 967 δὲ

359 1010 419 1078 τῇ
447 1008 695 1078 κοιμησει
722 1010 757 1078 ἡ
784 1007 1079 1070 ἀνάστασις
1112 1007 1441 1078 ὲξυπνισμὸς
1468 1007 1533 1060 ἀν
1567 1007 1801 1078 λεχθείη.
1840 1007 1929 1059 Διὸ

353 1100 487 1154 κατὰ
528 1101 657 1162 τοὺς
703 1099 927 1162 λοιποὺς
964 1098 1301 1170 ὲρμηνευτάς
1346 1098 1831 1170 ὲξυπνισθήσεσθαι
1879 1100 1930 1152 οἱ

343 1194 401 1243 ἐν
431 1195 544 1255 τοῖς
580 1191 869 1263 μνημείοις
900 1190 1041 1243 κατά
1068 1191 1128 1243 τὸ
1157 1191 1368 1263 πρῶτον
1402 1191 1672 1263 εἴρηνται·
1701 1191 1841 1245 κατὰ
1874 1193 1929 1245 δὲ

342 1284 402 1335 τὸ
428 1282 708 1354 δεύτερον,
740 1302 757 1333 ι
781 1282 1217 1350 ἀγαλλιάσονται,
1258 1300 1277 1335 ›
1312 1283 1344 1352 ἢ
1374 1303 1391 1334 ι
1422 1284 1713 1347 αίνὲσουσι,
1745 1302 1763 1335 ι
1791 1284 1931 1336 κατὰ

338 1374 429 1426 τὸν
466 1374 777 1443 ’Δκύλαν,ἢ
808 1392 825 1422 ι
854 1374 1195 1440 ἀλαλάξουσι,
1233 1394 1251 1425 ι
1278 1374 1417 1427 κατὰ
1461 1374 1549 1427 τὸν
1582 1374 1923 1428 Θεοδοτίωνα.

343 1466 544 1536 Δρδσος
578 1467 613 1535 ἠ
645 1465 740 1519 ἐπὶ
773 1466 874 1536 γῆς
903 1465 1163 1518 κατιοῦσα
1199 1466 1381 1537 ἠρέμα
1410 1467 1503 1519 καὶ
1526 1466 1713 1537 πράως
1740 1466 1928 1538 ἑκτρέ-

345 1573 437 1624 cret
465 1558 559 1609 καὶ
584 1554 765 1622 αὔξειν
788 1559 934 1608 ποιεῖ
954 1556 1029 1608 τάκ
1046 1556 1437 1627 ὲναποκείμενα
1457 1558 1591 1627 αὐτῇ
1622 1556 1923 1628 σπέρματα·

346 1648 440 1701 τὸν
468 1648 632 1700 αὐτὸν
661 1648 859 1718 τρόπον
890 1651 924 1717 ἡ
960 1648 1110 1719 παρά
1136 1647 1229 1701 σοῦ
1261 1647 1447 1719 δρόσος
1486 1648 1622 1719 ἷαμα
1654 1650 1748 1701 καὶ
1786 1649 1927 1719 ζωὴν

2034 458 2221 513 medici
2247 456 2621 512 suscitabunt?
2652 476 2671 508 ι
2706 456 2811 511 Sed
2842 456 2915 510 illi
2944 457 3164 526 quidem
3195 456 3389 510 mortui
3415 468 3592 522 erant,

2031 550 2120 619 qui
2152 550 2216 603 ad
2248 560 2473 604 mortem
2510 559 2888 618 peccaverant.
2933 548 3127 603 Mortui
3170 558 3349 604 autem
3384 550 3591 605 Domini

2031 652 2154 697 sunt
2198 642 2233 696 ii
2270 642 2357 710 qui
2400 648 2625 711 propter
2684 654 2805 695 eum
2839 655 3054 695 omnem
3105 639 3471 696 calamitatem
3523 642 3591 696 ad

2032 744 2258 787 mortem
2291 747 2460 801 usque
2490 740 2619 788 sunt
2664 731 2927 802 perpessi.
2960 731 3069 785 Pro
3096 729 3187 784 illo
3217 741 3421 797 autem,
3454 751 3473 785 ι
3505 747 3597 788 ex-

2030 827 2357 889 citabuntur,
2390 845 2406 875 »
2431 824 2620 895 reliqui
2654 825 3101 894 interpretantur,
3128 840 3193 879 ac
3215 826 3262 879 si
3294 824 3593 893 dormiant,

2032 936 2092 972 ac
2118 935 2222 971 non
2261 918 2456 971 mortui
2506 917 2635 970 sint.
2673 916 3031 982 Quamobrem
3068 925 3376 971 sanctorum
3408 930 3591 981 mors,

2032 1026 2252 1064 somnus
2285 1008 2606 1079 appellatur.
2643 1008 3052 1079 Consequenter
3106 1019 3286 1063 autem
3334 1008 3402 1061 ad
3451 1022 3597 1061 som-

2034 1120 2180 1165 num,
2212 1101 2562 1167 resurrectio,
2600 1100 2938 1168 experrectio
2970 1115 3090 1155 esse
3112 1100 3340 1154 dicatur.
3398 1097 3595 1164 Quam-

2031 1196 2215 1249 obrem
2255 1194 2551 1248 secundum
2583 1192 2818 1261 reliquos
2849 1194 3172 1263 interpretes
3198 1232 3215 1258 ,
3247 1198 3595 1261 experrectu-

2033 1303 2124 1340 ros
2160 1301 2279 1341 csse
2332 1288 2420 1353 qui
2479 1288 2530 1339 in
2586 1284 2949 1339 monumentis
2980 1293 3107 1339 sunt
3149 1283 3326 1352 primo
3358 1282 3594 1347 dicitur;

2032 1380 2267 1433 secundo
2296 1386 2472 1432 antem
2510 1394 2528 1427 ι
2565 1376 2925 1441 laetabuntur;
2964 1394 2982 1427 ι
3022 1376 3158 1442 sive,
3184 1392 3202 1427 ι
3228 1373 3538 1436 laudabunt,
3572 1388 3593 1425 ι

2033 1482 2089 1523 ut
2121 1469 2304 1536 Aquila
2335 1486 2347 1535 ;
2397 1468 2533 1534 sive,
2570 1488 2587 1519 ι
2624 1467 2955 1536 jubilabnnt,
2996 1486 3014 1519 ι
3057 1475 3115 1521 ιιι
3148 1465 3442 1522 Theodotio
3472 1481 3597 1520 ver-

2034 1560 2117 1614 tit.
2155 1559 2263 1613 Ros
2298 1568 2477 1613 autem
2509 1558 2560 1612 in
2588 1570 2786 1613 terram
2824 1558 3102 1627 delapsus,
3138 1558 3337 1611 sensim
3367 1556 3598 1627 placide—

2032 1669 2136 1722 que
2167 1654 2360 1721 injecta
2392 1652 2464 1706 ibi
2491 1652 2695 1705 semina
2725 1651 2929 1705 enutrit
2974 1660 3029 1705 et
3072 1665 3383 1705 accrescere
3420 1648 3549 1703 facit
3577 1664 3593 1702 :

352 1737 453 1791 καὶ
487 1738 755 1806 σωτηρίαν
792 1737 1013 1809 παρέξει
1046 1741 1156 1801 τοῖς
1190 1741 1297 1801 σοῖς
1330 1741 1561 1809 νεκροῖς,
1594 1730 1669 1790 ὧν
1724 1748 1789 1791 τα
1822 1737 1928 1790 σώ-

2035 1744 2331 1810 eodemque
2362 1743 2519 1796 modo
2551 1756 2640 1795 ros
2681 1744 2778 1796 abs
2815 1753 2865 1797 te
2897 1743 3168 1810 prodiens,
3204 1740 3485 1807 medelam,
3512 1741 3595 1795 vi-

364 1843 517 1897 ματα
560 1826 703 1880 κατά
730 1831 909 1899 καιρὸν
945 1831 1038 1882 ἐπὶ
1088 1829 1187 1899 τῆς
1217 1822 1320 1900 γῆς
1349 1829 1585 1901 ὲσπάρη.
1627 1830 1739 1882 Οὐκ
1772 1828 1837 1881 ἂν
1870 1828 1928 1881 δὲ

365 1918 636 1989 ἁμάρτοις
660 1919 812 1972 αὑτὸν
836 1916 973 1974 εἶναι
1002 1920 1189 1991 δρόσον
1210 1920 1381 1987 λέγων
1417 1920 1508 1972 τὸν
1544 1919 1804 1990 μονογενῆ
1838 1919 1929 1971 τοῦ

366 2009 503 2061 Θεοῦ
546 2011 728 2078 Λόγον,
774 2012 851 2077 ὃς,
898 2011 1195 2076 ὲπιστάξας
1241 2010 1338 2075 τὰς
1392 2010 1581 2063 ἑαυτοῦ
1636 2010 1931 2075 ζωοποιοὺς

373 2099 634 2166 σταγόνας
662 2103 767 2165 τοῖς
794 2100 959 2155 αὐτοῦ
991 2103 1222 2171 νεκροῖς,
1257 2099 1391 2170 ὁμοῦ
1437 2100 1530 2153 καὶ
1583 2098 1723 2152 ἴασιν
1758 2100 1931 2170 ἁμαρ-

363 2192 630 2263 τημάτων,
654 2196 707 2247 εἴ
730 2194 832 2247 πού
863 2212 917 2247 τι
949 2196 1129 2257 αὐτοῖς
1148 2194 1264 2247 κατ’
1291 2192 1576 2265 ἄνθρωπον
1609 2190 1933 2264 πεπλημμέ-

352 2282 500 2354 λητο,
552 2282 779 2354 παρέξει
828 2284 963 2354 ὁμοῦ
1010 2285 1106 2338 καὶ
1158 2283 1455 2338 ἀνάστασιν
1500 2282 1592 2335 καὶ
1636 2282 1928 2353 σωτηρίαν,

352 2376 447 2428 καὶ
494 2372 639 2446 ζωὴν
677 2373 896 2428 αἰώνιον
944 2376 1125 2439 αὐτοῖς
1167 2376 1464 2447 δωρήσεται
1490 2392 1503 2405 ο
1550 2374 1664 2427 ἀλλ’
1698 2374 1816 2445 οὐχὶ
1862 2374 1932 2427 τά

350 2464 458 2519 τῶν
485 2466 703 2519 ἀσεϐῶν
738 2466 984 2521 τοιαῦτα.

427 2666 447 2698 ι
473 2645 665 2711 Βάδιζε
688 2686 702 2709 ,
731 2648 760 2699 6
790 2646 915 2711 λαός
951 2664 1072 2718 μου·
1109 2648 1312 2702 εἴσελθε
1342 2648 1420 2711 είς
1446 2645 1512 2699 τά
1531 2643 1752 2716 ταμιεῖά
1781 2659 1925 2697 cum:

356 2740 434 2810 μὴ
464 2738 831 2809 περιεργάζου
862 2739 932 2792 τά
963 2740 1297 2813 πορρωτάτω
1320 2740 1654 2809 τυγχάνοντα
1686 2738 1792 2791 τῶν
1824 2738 1930 2790 σῶν

350 2833 634 2903 ταμιείων.
658 2852 677 2882 ι
702 2834 1044 2887 ’Δπὸκλεισον
1084 2833 1181 2904 τὴν
1232 2832 1399 2904 θύραν
1434 2848 1557 2884 σουο
1593 2829 1930 2901 ἀποκρύϐηθι

363 2924 559 2995 μικρὸν
587 2926 725 2990 ὅσον,
748 2927 852 2990 ἓως
876 2926 942 2980 ἂν
976 2927 1269 2998 παρέλθῃή
1303 2925 1438 2996 ὀργὴ
1467 2923 1687 2995 Κυρίου.
1722 2943 1739 2973 ι
1778 2921 1930 2975 Μετά

359 3019 465 3090 τὴν
510 3017 846 3073 διδασκαλίαν
884 3020 982 3091 τῆς
1022 3018 1129 3072 τῶν
1168 3018 1377 3090 νεκρῶν
1426 3015 1794 3078 ἀναστάσεως,
1852 3014 1927 3077 ὡς

362 3110 731 3183 περιεστῶτας
791 3111 1117 3185 ἔμπροσθεν,
1188 3112 1281 3164 καὶ
1337 3111 1429 3162 ἐπὶ
1488 3109 1549 3161 τὸ
1610 3108 1738 3160 αὐτὸ
1792 3106 1930 3177 μετά

364 3203 469 3276 τὴν
518 3205 799 3258 ἀνάστασιν
843 3204 1210 3276 συνηγμένους
1249 3204 1373 3266 τοὺς
1422 3202 1606 3269 ἁγίους
1654 3198 1747 3253 τοῦ
1794 3198 1929 3252 Θεοῦ

355 3297 695 3369 Θεασάμενον
735 3297 796 3351 τὸ
847 3298 1061 3368 πνεῦμα
1116 3296 1177 3349 τὸ
1226 3294 1580 3367 προφητικὸν,
1634 3293 1822 3346 ἔπειτα
1874 3291 1933 3355 ἐξ

353 3390 543 3461 ἑτέρου
579 3390 777 3461 μέρους
804 3390 903 3461 τὴν
937 3388 1192 3441 ἐπιοῦσαν
1219 3391 1331 3449 τοῖς
1358 3386 1607 3440 ἀσεϐέσιν
1636 3384 1803 3456 ὀργὴν
1832 3401 1931 3437 κα-

353 3480 650 3550 τανοῆσαν,
681 3478 753 3549 τῷ
785 3480 1025 3550 τάγματι
1050 3478 1157 3531 τῶν
1186 3477 1353 3547 ἁγίων
1384 3478 1692 3548 προσφωνεῖ
1724 3476 1936 3544 ἀποχωο

359 3575 474 3642 ρεῐν
510 3572 648 3643 πρὸς
696 3571 866 3643 βραχὺ
900 3572 993 3624 τοῦ
1028 3571 1239 3643 μακρὰν
1276 3568 1635 3641 κρύπτεσθαι,
1672 3568 1747 3631 ὼς
1796 3566 1931 3637 μηδὲ

363 3662 598 3733 θεωροὺς
642 3663 743 3730 τῆς
780 3663 885 3715 τῶν
930 3661 1140 3715 ἀσεϐῶν
1183 3660 1426 3729 γίνεσθαι
1478 3658 1771 3721 ἀπωλείας.
1822 3656 1931 3710 Ta-

370 3756 524 3824 μιεῖα
541 3754 594 3806 δὲ
622 3754 717 3807 τοῦ
746 3752 876 3806 λαοῦ
900 3753 993 3807 τοῦ
1016 3753 1147 3806 Θεοῦ
1173 3754 1228 3805 αἱ
1262 3752 1453 3805 πολλαὶ
1479 3749 1629 3821 παρὰ
1652 3749 1729 3819 τῷ
1757 3748 1931 3820 Πατρὶ

363 3846 682 3915 τυγχάνουσι
720 3846 907 3917 μοναὶ,
937 3845 1149 3915 ἑκάστῳ
1180 3845 1416 3915 τάγματι
1449 3843 1555 3895 τῶν
1590 3842 1758 3910 ἀγίων
1794 3840 1935 3894 κατὰ

361 3937 578 3991 δικαίαν
607 3938 743 3991 Θεοῦ
794 3938 974 4009 κρίσιν
1008 3937 1399 4008 ἀφωρισμέναι.
1437 3936 1529 3997 Εἰς
1563 3934 1712 3986 ταῦτ’
1745 3928 1836 3985 οὖν
1866 3932 1933 3984 τά

360 4033 447 4083 σοὶ
467 4031 955 4101 παρεσκευασμένα
986 4030 1205 4100 ταμιεῖά
1234 4046 1348 4090 σου,
1375 4029 1555 4097 φησιν,
1579 4029 1605 4079 ὁ
1630 4025 1760 4096 ὲμὸς
1785 4024 1931 4086 λαὸς,

356 4121 587 4184 εἴσελθε,
621 4122 715 4175 καὶ
753 4120 1070 4175 ἀπόκλεισον
1100 4120 1199 4191 τὴν
1232 4119 1399 4191 θύραν
1435 4136 1547 4170 σου.

435 4231 454 4263 ι
504 4213 639 4266 ’1δοῦ
669 4212 778 4284 γάρ
811 4211 1013 4284 Κύριος
1045 4212 1151 4265 ἀπὸ
1181 4211 1271 4264 τοῦ
1302 4211 1457 4281 ἀγίου
1492 4211 1685 4277 ἐπάγει
1713 4208 1810 4279 τὴν
1845 4208 1932 4277 ὀρ-

355 4308 461 4378 γὴν
495 4307 593 4359 ἐπὶ
630 4307 754 4368 τοὺς
786 4302 1125 4367 ἐνοικοῦντας
1157 4305 1248 4357 ἐπὶ
1276 4304 1375 4373 τῆς
1402 4300 1523 4371 γῆς.
1565 4321 1581 4352 ι
1621 4297 1929 4370 Παρελθού-

2037 1844 2140 1887 tam
2170 1844 2224 1887 et
2256 1834 2483 1888 salutem
2517 1834 2745 1887 mortuis
2792 1831 2979 1887 aﬂ‘eret
3017 1833 3120 1886 tuis
3144 1873 3159 1900 ,
3213 1848 3437 1902 quorum
3471 1847 3592 1887 cor-

2032 1941 2159 1996 pora
2194 1926 2358 1979 variis
2387 1926 2716 1995 temporibus
2764 1925 2816 1978 in
2848 1934 3047 1978 terram
3085 1924 3227 1979 velut
3255 1925 3460 1979 semina
3508 1924 3597 1992 ja-

2034 2025 2119 2070 cta
2157 2016 2373 2069 fuerint.
2411 2013 2597 2085 Neque
2632 2030 2792 2084 porro
2832 2014 3171 2071 aberraveris
3196 2054 3211 2080 ,
3245 2014 3291 2069 si
3339 2015 3487 2069 dicas
3516 2015 3598 2085 ip-

2033 2123 2149 2161 sum
2187 2108 2520 2176 unigenitum
2553 2106 2647 2161 Dei
2686 2104 2916 2160 Verbum
2948 2122 3120 2161 rorem
3144 2121 3282 2173 esse,
3316 2105 3457 2177 quod
3479 2115 3597 2177 gut-

2035 2199 2174 2252 tulas
2200 2212 2327 2252 suas
2358 2196 2587 2252 mortuis
2616 2194 2728 2250 suis
2766 2194 3032 2250 instillare
3061 2193 3269 2249 faciens
3294 2238 3309 2262 ,
3355 2209 3461 2249 una
3515 2209 3599 2249 re-

2034 2290 2268 2344 medium
2300 2288 2560 2358 peceatis,
2586 2287 2630 2342 si
2668 2286 2799 2357 quid
2828 2286 2896 2343 ab
2924 2287 3032 2342 illis
3060 2287 3371 2341 humanitus
3408 2299 3598 2355 pecca-

2036 2392 2144 2436 tum
2174 2422 2189 2445 ,
2234 2397 2297 2435 ac
2325 2379 2783 2434 resurrectionem
2808 2419 2822 2444 ,
2856 2378 3084 2433 salutem
3115 2388 3169 2433 et
3204 2381 3369 2433 vitam
3399 2378 3599 2448 sempi-

2036 2486 2244 2531 ternam
2277 2474 2408 2542 ipsis
2440 2470 2701 2529 conferet.
2730 2471 2801 2526 At
2833 2486 2922 2526 res
2955 2470 3239 2541 impiorum
3268 2486 3377 2526 non
3409 2470 3598 2526 eodem

2033 2568 2191 2623 modo
2215 2582 2273 2621 se
2308 2568 2526 2623 habent.

2105 2662 2273 2715 \‘sns.
2298 2660 2387 2714 20.
2426 2676 2446 2711 ‹
2485 2658 2653 2725 Vade,
2684 2656 2913 2727 populus
2959 2670 3111 2710 meus
3144 2674 3157 2710 :
3194 2654 3333 2710 intra
3368 2656 3418 2709 in
3448 2654 3598 2710 cubi-

2034 2752 2153 2809 cula
2188 2763 2315 2817 tua;
2354 2771 2373 2805 ι
2414 2768 2479 2807 ne
2513 2752 2783 2807 curiosius
2827 2749 3071 2818 inquiras
3113 2762 3174 2803 ea
3206 2790 3220 2813 ,
3250 2762 3369 2816 qua:
3414 2748 3598 2817 procul

2034 2843 2294 2900 cubiculis
2346 2844 2453 2897 tuis
2499 2850 2804 2898 versantur.
2857 2858 2876 2893 ι
2929 2837 3133 2895 Claude
3171 2838 3365 2891 ostium
3403 2846 3545 2891 tuum
3579 2857 3595 2889 :

2035 2937 2370 2993 abscondere
2446 2935 2719 3005 paululum
2789 2932 3317 3006 quantulumcunque
3354 2969 3371 2994 ,
3429 2931 3599 2985 donec

2036 3039 2382 3099 pertranseat
2406 3031 2484 3086 ira
2517 3026 2752 3083 Domini.
2794 3044 2813 3078 ι
2850 3025 2977 3080 Post
3013 3022 3228 3080 allatam
3257 3022 3323 3077 de
3360 3036 3600 3077 resurre-

2036 3124 2217 3179 ctione
2279 3133 2619 3178 mortuorum
2670 3120 2997 3181 doctrinam,
3043 3127 3260 3171 sanctos
3313 3114 3453 3181 Dei,
3505 3115 3599 3184 qui

2037 3226 2193 3269 antea
2241 3216 2745 3277 circumsteterant,
2775 3212 2962 3266 eodem
2996 3210 3050 3263 in
3087 3209 3206 3264 loco
3240 3217 3600 3277 coactos‘post

2035 3304 2487 3359 resurrectionem
2518 3302 2707 3357 videns
2733 3299 3078 3372 propheticus
3134 3298 3377 3369 spiritus.
3407 3299 3600 3352 deinde

2033 3410 2163 3450 vero
2190 3396 2292 3448 alia
2323 3410 2388 3448 ex
2417 3403 2567 3464 parte
2600 3390 2971 3447 imminentem
3010 3378 3352 3457 impiis'iram
3384 3389 3604 3458 conspi-

2035 3497 2207 3550 catus,
2248 3472 2560 3541 sanctorum
2602 3492 2801 3537 coetum
2842 3482 2910 3536 ad
2935 3482 3203 3535 modicum
3253 3490 3462 3553 tempus
3509 3497 3598 3534 se-

2036 3578 2228 3633 cedere
2260 3591 2323 3631 ac
2354 3574 2545 3646 procul
2574 3586 2694 3628 sese
2722 3572 2996 3626 occultare
3028 3581 3230 3635 monet,
3260 3585 3326 3626 ne
3358 3572 3465 3625 sint
3500 3571 3600 3625 im-

2038 3670 2247 3738 piorum
2282 3666 2546 3738 perniciei
2572 3672 2930 3734 spectatores.
2977 3660 3233 3717 Cubicula
3263 3676 3387 3715 vero
3420 3662 3599 3730 populi

2039 3761 2154 3828 Dei,
2186 3760 2452 3831 intelligas
2482 3771 2601 3813 esse
2631 3755 2826 3811 multas
2848 3754 2989 3822 apud
3019 3752 3235 3808 Patrem
3261 3751 3596 3820 mansiones,

2028 3856 2177 3925 justo
2216 3855 2304 3910 Dei
2332 3850 2533 3924 judicio
2571 3847 2798 3919 singulis
2849 3847 3126 3902 ordinibus
3173 3844 3487 3900 destinatas.
3537 3840 3596 3897 in

2039 3950 2152 4003 haec
2196 3947 2380 4017 igitur,
2415 3943 2609 4014 popule
2641 3942 2711 3996 mi
2738 3980 2753 4005 ,
2798 3949 2986 4011 parata
3018 3936 3115 3992 tibi
3140 3936 3386 3991 cubicula
3423 3934 3602 4005 ingre-

2038 4042 2187 4104 dere,
2220 4050 2274 4094 et
2302 4039 2492 4094 claude
2517 4036 2709 4092 ostium
2742 4045 2912 4087 tuutn.

2112 4196 2277 4251 Vens.
2307 4194 2398 4251 ει.
2436 4211 2453 4244 ι
2505 4192 2639 4248 Ecce
2674 4190 2819 4247 enim
2849 4189 3105 4245 Dominus
3141 4188 3205 4242 de
3236 4196 3423 4241 sancto
3452 4184 3604 4239 indu-

2040 4292 2117 4345 cit
2147 4291 2281 4343 iram
2315 4289 2485 4356 super’
2512 4286 2847 4341 habitatores
2877 4292 3059 4339 terrm.
3108 4300 3128 4335 ›
3163 4280 3455 4348 Postquam
3508 4290 3603 4329 au-

358 4416 461 4467 σης
511 4398 569 4450 δὲ
620 4396 812 4466 αὐτῆς,
854 4396 1198 4459 ἀναπετάσας
1245 4395 1430 4449 λοιπὸν
1457 4392 1557 4455 τὰς
1586 4391 1693 4444 τῶν
1734 4388 1930 4443 σαυτοῦ

2042 4396 2146 4437 tem
2174 4381 2262 4435 illa
2288 4378 2664 4450 pertransierit
2687 4420 2702 4444 ,
2742 4376 2995 4433 reseratis
3023 4374 3236 4429 demum
3264 4366 3493 4425 cubiculi
3527 4367 3602 4421 tui

357 4490 629 4562 ταμιείων
662 4490 855 4552 πύλας,
902 4488 1039 4558 μετά
1069 4488 1267 4557 πολλῆς
1307 4484 1551 4550 ἐξουσίας
1585 4482 1679 4535 καὶ
1718 4483 1935 4552 παρρη-

358 4587 482 4649 σίας
506 4582 692 4655 πρόῖθι
712 4583 801 4636 τὸν
823 4582 940 4635 νέον
964 4580 1276 4634 ἐποπτεύων
1309 4578 1498 4637 αἰῶνα,
1525 4577 1617 4629 καὶ
1638 4574 1735 4646 τὴν
1761 4575 1930 4644 ἐπηγ-

356 4677 630 4747 γελμένην
665 4692 747 4728 σοι
778 4672 1048 4743 βασιλείαν
1072 4670 1164 4724 τοῦ
1198 4668 1353 4723 Θεοῦ.
1398 4687 1416 4719 ι
1460 4668 1567 4720 Καὶ
1598 4665 1929 4733 ἀνακαλύψει

357 4772 394 4839 ἡ
421 4768 496 4837 γῆ
527 4767 587 4821 τὸ
619 4761 755 4838 αἷμα
788 4766 974 4835 αὐτῆς,
1011 4764 1106 4817 καὶ
1137 4763 1196 4815 ού
1232 4760 1597 4829 κατακαλύψει
1641 4760 1765 4819 τοὺς
1799 4758 1928 4827 ἀνῃ-

360 4860 663 4933 ρημένους·
704 4879 722 4911 ι
774 4860 848 4921 ὡς
894 4857 1095 4928 μηδένα
1138 4856 1321 4911 λαθεῖν
1366 4854 1473 4907 τῶν
1503 4852 1666 4905 πάλαι
1699 4853 1756 4904 ἐν
1792 4852 1929 4919 αὐτῇ

356 4954 460 5015 τας
490 4949 671 5022 ψυχὰς
702 4949 1058 5024 ἀνῃρημένων
1079 4948 1164 5001 διὰ
1195 4947 1302 5001 τῶν
1332 4945 1467 5017 πρὸς
1491 4945 1716 4997 θάνατον
1754 4944 1933 5013 ἀμαρ-

357 5046 651 5117 τημάτων·
682 5044 773 5096 ἐπὶ
804 5042 977 5113 τούτῳ
1014 5041 1120 5111 γάρ
1143 5041 1240 5111 τὴν
1267 5040 1438 5112 ὀργὴν
1470 5034 1689 5100 ἐπάξειν
1723 5034 1935 5105 εἴρηται

357 5138 389 5189 ὁ
419 5136 569 5199 Θεός’
598 5135 763 5207 ὀργῆς
800 5131 1032 5188 ἐνταῦθα
1055 5129 1457 5202 ὀνομαζομένης
1487 5126 1593 5179 τῶν
1626 5128 1743 5187 ταῖς
1775 5122 1933 5176 κολά-

360 5245 482 5281 σεσι
512 5225 936 5296 διακονουμένων
962 5224 1223 5292 ἀγγέλων.
1247 5221 1358 5293 (50)
1380 5220 1540 5291 Δηλοῖ
1558 5219 1613 5271 δὲ
1627 5216 1712 5271 διὰ
1732 5214 1932 5269 τούτων

356 5321 462 5388 τὴν
494 5319 598 5370 τῶν
643 5318 815 5387 ἀγίων
846 5314 940 5369 τοῦ
966 5313 1100 5367 Θεοῦ
1132 5313 1406 5383 ἀναίρεσιν
1436 5312 1527 5365 καὶ
1552 5308 1618 5362 τὰ
1650 5308 1756 5360 τῶν
1794 5324 1931 5378 μαρ-

354 5410 541 5480 τᾶρων
572 5411 799 5480 αἵματα,
833 5406 960 5475 περὶ
993 5398 1067 5458 ὧν
1098 5404 1191 5458 καὶ
1214 5403 1453 5473 Μωῦσῆς
1485 5404 1540 5455 ἐν
1578 5400 1782 5473 μεγάλῃ
1822 5398 1929 5469 ιξιδῇ

356 5502 586 5572 γράφων
618 5501 793 5568 ἔλεγεο
828 5517 845 5549 ι
889 5499 1009 5552 Ὅτι
1038 5497 1099 5550 τὸ
1130 5490 1268 5569 αἷμα
1299 5494 1403 5549 τῶν
1440 5494 1567 5550 υίῶν
1602 5491 1771 5547 »αὐτοῦ
1797 5491 1936 5547 ἐκδι-

437 5676 545 5737 ιῦθ)
585 5676 707 5731 litec
745 5674 1123 5734 Hieronymus.

2036 4474 2237 4544 januis,
2272 4479 2537 4542 potestate
2558 4478 2615 4524 et
2641 4468 2836 4525 fiducia
2875 4467 3041 4523 multa
3075 4465 3369 4519 instructus
3410 4460 3599 4528 prodi,

2042 4581 2236 4621 novum
2285 4562 2538 4618 saeculum
2568 4569 2996 4631 eonspecturus,
3028 4569 3234 4612 necnon
3275 4552 3600 4624 promissum

2042 4658 2134 4713 tibi
2162 4671 2382 4726 regnum
2435 4654 2551 4711 Dei.
2598 4672 2616 4706 ι
2666 4653 2735 4709 Ει
2785 4651 3046 4708 revelabit
3099 4658 3241 4702 terra
3284 4645 3601 4716 sanguinem

2040 4766 2219 4814 suum,
2250 4759 2302 4805 et
2334 4764 2437 4803 non
2469 4747 2763 4803 abscondet
2797 4744 3144 4804 interfectos;
3182 4759 3204 4796 ›
3238 4740 3308 4794 ita
3345 4748 3406 4793 ut
3444 4751 3609 4792 nemo

2042 4842 2206 4899 lateat
2239 4857 2424 4897 eorum
2456 4882 2469 4905 ,
2506 4838 2589 4910 qui
2613 4840 2738 4894 olim
2768 4838 2818 4893 in
2849 4853 2909 4892 ea
2939 4834 3233 4891 secundum
3263 4831 3498 4886 animam
3534 4831 3603 4884 ob

2042 4945 2263 5006 peccata
2305 4935 2371 4988 ad
2424 4943 2651 4988 mortem
2703 4928 2970 4985 interfecti
3017 4927 3167 4981 fuere
3194 4943 3209 4980 :
3240 4925 3342 4979 hac
3363 4922 3507 4977 enim
3538 4924 3607 4977 de

2043 5044 2201 5083 causa
2235 5028 2367 5080 iram
2403 5024 2717 5079 inducturus
2746 5036 2897 5076 suam
2948 5020 3088 5072 Dens
3120 5017 3337 5070 dicitur.
3374 5013 3472 5069 Hic
3502 5015 3605 5068 sci-

2042 5120 2167 5175 licet
2202 5120 2279 5171 ira
2326 5126 2585 5171 vocantur
2632 5112 2808 5180 angeli
2860 5108 3151 5165 inferenda:
3205 5103 3395 5159 ultioni
3445 5104 3606 5158 mini-

2040 5220 2301 5265 strantes.
2354 5208 2447 5263 llis
2477 5220 2640 5277 porro
2702 5202 2969 5273 signiﬁcat
3024 5207 3335 5255 sanctorum
3370 5197 3461 5253 Dei
3510 5213 3611 5253 ne-

2040 5319 2198 5367 cem,
2256 5313 2309 5356 et
2371 5310 2666 5371 martyrum
2724 5296 3035 5366 sanguinem
3077 5336 3091 5357 ,
3148 5291 3215 5346 de
3250 5292 3444 5363 quibus
3494 5291 3609 5347 ba‘c

2042 5399 2093 5453 in
2136 5412 2329 5468 magno
2378 5395 2585 5450 cantico
2644 5389 2830 5445 scribit
2901 5386 3154 5459 Moyses,
3214 5404 3232 5438 ι
3295 5386 3430 5454 Quia
3488 5400 3607 5440 san-

2045 5493 2260 5565 guinem
2309 5491 2537 5548 filiorum
2570 5498 2780 5542 suorum
2843 5480 3132 5539 ulcisectur
3165 5493 3219 5538 et
3274 5480 3611 5546 vindicabit,
