4072 6194
461 169 569 234 279

1125 161 1393 226 ευδεοιι
1430 166 1897 224 οΔΞεΑιιιΕΝειε
1929 166 2012 223 0P

2120 168 2298 225 PARS
2335 169 2421 226 lil.
2462 200 2532 211 —-
2567 169 2987 228 EXECETICA.

462 300 516 343 et
541 286 793 343 ultionem
822 286 1080 342 retribuet
1106 286 1339 341 inimicis
1363 325 1382 350 ,
1417 295 1470 342 et
1491 285 1799 343 odieutibus
1838 301 1898 343 se
1936 303 2012 342 re-

2125 291 2318 352 κεῖται.
2360 291 2452 344 καὶ
2499 289 2788 362 ἐκδικήσει,
2832 292 2922 348 καὶ
2967 292 3331 347 ἀνταποδὼσει
3374 295 3524 367 δίκην
3568 300 3676 364 soi;

467 380 664 435 tribuet
692 379 757 433 ".

1003 469 1230 527 CAPUT
1264 468 1476 525 XXVII.

532 564 694 619 Vsus.
734 565 786 620 1.
819 582 838 615 ι
879 564 932 618 lu
968 563 1054 617 die
1082 563 1168 618 illa
1221 564 1439 618 inducet
1466 564 1606 618 Deus
1636 564 1870 635 gladium
1901 583 2027 622 san-

461 665 632 722 ctum,
663 673 916 727 magnum
943 665 997 712 et
1013 656 1254 710 validum
1286 671 1446 727 super
1469 657 1780 726 draconem,
1814 674 2029 728 serpen-

457 765 566 809 tem
612 753 907 824 fugientem
935 793 949 816 ,
989 767 1152 821 super
1180 753 1470 808 draconem
1499 762 1801 822 serpentem
1829 762 2028 806 tortuo-

455 862 598 912 sum,
627 855 682 899 et
708 847 920 900 occidet
953 847 1269 902 draconem.
1301 845 1464 917 Virga
1496 845 1676 915 itaque
1726 844 1846 910 Dei,
1879 853 2024 898 recta

453 953 578 994 cum
606 939 698 1006 sit,
725 951 775 992 et
805 939 1146 1010 castigationi
1178 948 1328 1010 apta,
1364 939 1655 993 secundum
1692 937 1842 1003 illud,
1865 956 1884 989 ι
1909 935 2026 991 Vir-

456 1045 519 1098 ga
549 1029 905 1095 rectitudinis,
937 1032 1083 1100 virga
1111 1031 1258 1101 regni
1289 1030 1364 1084 ttti
1397 1030 1471 1096 ",
1507 1048 1526 1082 ι
1567 1030 1632 1085 iis
1658 1032 1746 1099 qui
1779 1030 1831 1083 in
1865 1029 2025 1084 rebus

456 1120 721 1176 medelam
759 1123 1168 1177 admittentibus
1199 1132 1492 1192 peccaruut
1515 1165 1530 1190 ,
1559 1133 1810 1178 servatur
1836 1124 1901 1175 ad
1941 1123 2024 1189 ip-

457 1228 639 1267 sorum
678 1213 1109 1282 castigationem,
1135 1215 1570 1271 emendationem
1601 1224 1657 1272 et
1701 1216 1768 1270 ad
1814 1215 2021 1268 utilita-

453 1313 560 1359 tem
592 1305 822 1374 prolata.
861 1304 963 1372 Qui
1007 1317 1186 1360 autem
1240 1307 1371 1363 nihil
1409 1319 1613 1364 rectum
1639 1348 1654 1374 ,
1699 1322 2021 1378 mquumquc

453 1397 588 1451 nihil
621 1396 803 1463 habet,
847 1399 938 1452 sed
985 1399 1204 1453 omnino
1239 1399 1476 1456 deﬂexus
1500 1411 1555 1456 ct
1591 1410 1865 1456 tortuosus
1895 1410 1976 1455 est
2001 1444 2016 1467 ,

453 1505 520 1544 ac
551 1501 768 1559 pectore
800 1501 1091 1556 ventreque
1120 1491 1268 1546 humi
1305 1503 1516 1561 reptat,
1544 1494 1893 1562 omniumque
1928 1508 2023 1562 pe-

454 1582 613 1636 dibus
664 1583 730 1636 ad
774 1583 1266 1652 supplantationem
1314 1595 1370 1639 et
1400 1585 1760 1655 dejectionem
1794 1585 2018 1639 insidias

2125 379 2356 452 ἐχθροῖς,
2392 382 2484 435 καί
2518 383 2630 444 τοῖς
2656 379 2901 452 μισοῦσιν
2929 383 3314 438 ἀνταποδώσει.
3349 404 3367 437 ι

2614 486 3001 540 ΚΕΦΑΛΔΙΟΝ
3035 488 3160 540 ΚΖ’.

2199 597 2219 630 ι
2267 580 2354 632 Ἐν
2379 581 2446 650 τῇ
2472 579 2651 649 ἡμέρα
2676 577 2857 649 ἐκείνη
2881 580 3068 646 ἐπάξει
3093 583 3121 634 ό
3143 578 3272 643 θεὸς
3295 578 3392 650 τὴν
3415 578 3684 650 μάχαιραν

2122 670 2220 742 τὴν
2245 670 2424 737 ἁγίαν,
2459 671 2554 740 τὴν
2581 670 2821 742 μεγάλην
2847 672 2939 723 καὶ
2953 670 3048 742 τὴν
3074 671 3294 742 ἰσχυραν
3327 671 3418 724 ἐπὶ
3445 670 3534 724 τὸν
3558 669 3685 742 δρᾶ.-

2125 778 2304 825 κοντα,
2331 762 2420 815 τὸν
2444 761 2563 830 ὅφιν
2586 761 2872 831 φεύγοντα,
2902 764 2993 816 ἐπὶ
3015 761 3102 815 τὸν
3123 763 3389 834 δράκοντα
3406 762 3526 831 ligni
3556 779 3684 817 σκο-

2124 850 2255 916 λιὺν,
2291 852 2384 906 καὶ
2411 851 2588 905 ἀνελεῖ
2609 854 2696 905 τὸν
2724 853 3007 924 δράκοντα.
3041 872 3058 904 ι
3089 854 3151 905 Ἥ
3179 854 3275 924 μὲν
3305 849 3394 907 οῦν
3429 853 3523 906 τοῦ
3545 853 3682 908 Θεοῦ

2123 941 2338 1014 ῥάϐδος.
2391 942 2575 997 εὐθεῐά
2613 962 2695 1008 τις
2733 942 2866 998 οὖσα
2897 923 2998 996 καὶ
3041 943 3371 1015 παιδευτικὴ,
3417 944 3556 997 κατὰ
3595 943 3681 1009 τὸ,

2129 1050 2146 1081 r
2170 1033 2388 1097 Ῥἀϐδος
2413 1033 2702 1104 εὐθύτητος
2723 1037 2756 1106 η
2781 1035 3076 1107 ῥάϐδοςτῆς
3097 1035 3367 1105 βασιλείας
3390 1034 3502 1088 σοῦ·
3531 1055 3549 1086 ι
3570 1038 3684 1100 τοῖς

2125 1123 2317 1191 ἰάσιμα
2332 1124 2670 1194 ἡμαρτηκόσι
2685 1129 2975 1196 τετήρηται
2992 1126 3071 1188 εἰς
3098 1125 3371 1178 παίδευσιν
3394 1124 3570 1178 αὑτῶν
3591 1126 3684 1180 καὶ

2122 1209 2401 1280 βελτίωσιν
2424 1214 2516 1265 καί
2533 1213 2706 1284 ψυχῆς
2725 1213 2984 1284 ὠφέλειαν
3001 1217 3400 1286 προσαγομένη·
3420 1218 3447 1269 ό
3465 1214 3522 1268 δὲ
3546 1214 3683 1286 μηδὲ

2118 1304 2276 1376 ὀρθὸν
2301 1305 2434 1377 μηδὲ
2463 1307 2589 1359 εὐθὺ
2617 1305 3096 1377 κεκτημένος,δλος
3120 1305 3176 1358 δὲ
3202 1305 3374 1359 διόλου
3397 1305 3679 1377 καμπύλος

2119 1399 2213 1452 καὶ
2237 1399 2463 1464 σκολιὸς,
2485 1400 2654 1470 χαμαί
2671 1417 2728 1452 τε
2745 1401 2836 1453 ἐπί
2853 1399 2914 1452 τὸ
2939 1399 3129 1471 στῆθος
3148 1400 3240 1452 καί
3255 1399 3456 1453 κοιλίαν
3473 1399 3678 1472 ἕρπων,

2119 1490 2417 1562 ἐφεδρεύων
2447 1509 2505 1545 τε
2534 1497 2644 1555 τοῖς
2684 1492 2899 1545 πάντων
2927 1493 3080 1545 ποσὶν
3110 1492 3200 1546 ἐπὶ
3228 1492 3289 1545 τὸ
3307 1490 3568 1557 σκελίξειν
3591 1493 3684 1547 καὶ

2118 1583 2470 1636 καταϐάλλειν
2501 1584 2716 1647 αὐτοὺς,
2754 1583 2890 1654 μετά
2942 1584 3146 1647 πάντας
3197 1585 3320 1646 τοὺς
3363 1582 3578 1648 ἀσεϐεῖς
3616 1585 3686 1655 τῇ

452 1670 694 1737 molitur,
745 1683 866 1743 post
899 1673 1092 1744 impios
1123 1689 1311 1730 omnes
1333 1715 1350 1741 ,
1380 1677 1554 1745 gravi,
1581 1692 1776 1746 magno
1804 1677 2012 1731 valido-

2122 1675 2334 1746 σκληρᾷ
2365 1675 2458 1728 καὶ
2494 1673 2702 1746 μεγάλῃ
2735 1675 2823 1727 καὶ
2880 1676 3074 1746 ἰσχυρᾷ
3099 1675 3339 1746 μαχαίρᾳ
3379 1673 3684 1748 παραδοθήσ-

452 1777 559 1832 que
597 1763 772 1834 gladio
801 1765 1064 1830 tradetur,
1100 1781 1259 1835 quem
1295 1769 1392 1838 ipsi
1423 1769 1523 1822 soli
1556 1783 1780 1840 magnus
1817 1770 1905 1824 ille
1935 1768 2024 1824 Ju-

452 1857 554 1910 dex
585 1857 916 1911 reconditum
942 1869 990 1912 et
1025 1870 1266 1929 paratum
1301 1861 1513 1916 habuit.
1547 1861 1796 1918 Gladium
1825 1865 1910 1920 hic
1934 1880 2022 1920 vo-

453 1957 540 2003 cat
571 1949 792 2004 ultionis
829 1949 1078 2006 ell'ectum
1115 1971 1127 2006 :
1162 1969 1318 2023 quem
1372 1955 1498 2010 item
1544 1965 1793 2012 sanctum
1845 1957 2017 2022 dicit,

453 2057 572 2096 cum
603 2051 662 2097 ut
693 2043 962 2098 minarum
989 2054 1250 2099 terrorem
1297 2046 1501 2114 leniat,
1529 2059 1639 2102 tum
1673 2058 1732 2103 ut
1771 2049 2021 2103 ostendat

453 2148 545 2190 eos
589 2136 680 2206 qui
723 2136 985 2206 supplicio
1019 2135 1348 2204 afficientur,
1393 2156 1500 2195 nor.
1549 2141 1613 2195 ad
1649 2141 1872 2196 exitium
1903 2155 2018 2194 ver-

453 2231 640 2284 tendos
666 2266 686 2296 ,
719 2231 812 2284 sed
847 2229 1255 2298 castigationem
1286 2233 1414 2300 ipsis
1446 2234 1751 2288 sanctitatis
1786 2247 2012 2287 causam

454 2319 688 2374 futuram
715 2336 852 2376 esse.
878 2321 945 2375 At
973 2321 1116 2375 enim
1151 2322 1291 2376 Deus
1317 2324 1446 2377 dum
1476 2326 1729 2396 castigat,
1761 2339 1865 2378 non
1891 2339 2013 2395 per-

456 2412 607 2475 dere,
643 2411 737 2466 sed
759 2427 852 2466 eos
881 2411 970 2482 qui
998 2422 1385 2470 convertuntur
1410 2417 1698 2472 emendare
1725 2427 1781 2473 et
1815 2417 2014 2473 sancti-

451 2501 614 2557 licare
630 2512 899 2572 peruptat.
1602 2492 1604 2495 V

522 2591 684 2650 Vsus.
724 2594 847 2650 2-4.
894 2615 912 2647 ι
943 2594 997 2650 lu
1040 2595 1128 2652 illa
1165 2597 1250 2652 die
1286 2597 1440 2652 vinea
1493 2598 1719 2668 pulchra
1755 2597 2010 2654 :deside-

453 2685 590 2739 rium
643 2687 868 2741 canendi
903 2696 1090 2742 contra
1142 2688 1309 2744 illam.
1367 2689 1480 2760 Ego
1529 2690 1722 2744 civitas
1780 2690 2008 2756 munita,

451 2778 646 2834 civitas
688 2779 930 2844 obsessa,
989 2778 1188 2840 frustra
1237 2791 1418 2850 potum
1462 2781 1601 2836 dabo
1630 2781 1703 2836 illi
1732 2799 1745 2835 :
1771 2780 2012 2849 capietur

450 2869 594 2924 cnim
622 2881 803 2935 noctu,
833 2871 918 2926 die
955 2880 1134 2926 autent
1167 2871 1324 2926 cadet
1370 2887 1559 2938 murus
1590 2873 1727 2942 ejus.
1770 2870 1886 2926 Non
1927 2879 2010 2926 cst

450 2975 570 3029 qua:
596 2975 697 3014 non
733 2962 1151 3030 apprehenderit
1184 2976 1324 3017 cam.
1358 2963 1488 3028 Quis
1519 2975 1677 3034 ponet
1709 2981 1793 3020 mc
1821 2975 2007 3019 custo-

449 3055 569 3105 dem
601 3050 764 3106 culmi
800 3053 850 3104 in
877 3052 1050 3122 agro?
1091 3063 1313 3122 propter
1344 3055 1619 3109 inimicam
1651 3057 1793 3111 hanc
1838 3055 2007 3125 repuli

449 3155 589 3198 eam.
615 3140 739 3196 ldeo
769 3142 896 3196 fecit
928 3144 1184 3199 Dominus
1206 3147 1386 3200 omnia
1409 3160 1528 3216 qua:
1546 3149 1826 3216 disposuit.
1853 3148 2012 3203 Com-

449 3232 606 3286 hnsta
629 3247 769 3288 sum.
807 3251 826 3288 ι
882 3233 1006 3290 lla'c
1052 3251 1213 3305 porro
1245 3247 1328 3292 est
1377 3239 1505 3293 dicti
1533 3243 1798 3296 sententia
1826 3259 1840 3295 :
1869 3242 2008 3298 Num

451 3323 646 3378 malum
675 3340 772 3394 pro
810 3327 956 3384 malo
978 3328 1226 3397 gentibus
1267 3329 1651 3400 reddiderunt,
1690 3335 1781 3403 qui
1817 3349 2007 3404 paceni

452 3417 558 3472 illis
618 3417 1017 3487 praedicabant?
1094 3419 1352 3476 lli'cnim
1410 3422 1833 3493 insequebantur
1891 3443 2006 3494 eos,

449 3507 629 3579 plagis
659 3509 822 3564 etiam
854 3510 1086 3579 additis;
1134 3511 1207 3566 illi
1253 3528 1380 3567 vero
1430 3514 1795 3584 pulcherrima
1855 3519 2005 3588 ipsis,

449 3613 642 3669 pacem
705 3601 915 3657 scilicet
969 3605 1380 3659 annuntiabant.
1445 3603 1582 3660 Nunt
1645 3607 1806 3679 igitur
1854 3613 2004 3680 paria

446 3693 789 3761 patiebantur
815 3695 1042 3764 gentiles
1072 3695 1168 3758 illi,
1211 3697 1334 3750 dum
1363 3699 1511 3768 pacis
1539 3715 1814 3769 prmeones
1864 3703 2006 3773 inju-

448 3783 548 3837 riis
600 3783 914 3838 adicerent?
960 3783 1330 3838 Vctberabant
1387 3788 1553 3851 enim,
1613 3805 1713 3844 nec
1769 3791 2003 3846 vicissim

445 3875 770 3945 wpnlabant
794 3890 808 3940 ;
830 3876 1147 3930 occidebant
1175 3891 1277 3931 nec
1301 3879 1689 3935 occidebantur
1717 3897 1732 3936 :
1767 3897 2008 3951 pugnan-

445 3975 530 4020 tes
558 3973 738 4020 autem
770 3975 824 4020 et
843 3968 1131 4038 opprobria
1159 3968 1472 4035 inferentes,
1503 3971 1650 4039 ipsos
1681 3975 2006 4031 divexabant

446 4064 607 4124 atque
635 4054 943 4124 pellebant:
993 4057 1069 4111 illi
1117 4074 1248 4113 vero
1301 4075 1407 4115 non
1465 4071 1758 4128 cessantes,
1819 4081 2004 4135 pacem

446 4145 581 4216 ipsis
610 4155 664 4202 et
695 4147 833 4202 bona
857 4149 1198 4204 nuntiabant.
1229 4149 1405 4217 Quare
1431 4154 1612 4210 subdit
1641 4170 1655 4206 :

511 4329 677 4386 Vitas.
718 4329 833 4385 5-8.
880 4329 1240 4387 (Clamabunt
1269 4332 1602 4408 habitatores
1630 4335 1747 4405 ejus
1775 4355 1787 4391 :
1817 4335 2004 4391 Facia-
2037 4359 2078 4413 ι)

441 4437 564 4476 mus
592 4436 781 4490 pacem
813 4438 934 4482 cum
965 4438 1052 4488 eo,
1085 4424 1348 4478 faciamus
1391 4440 1574 4493 pacem
1611 4444 1626 4482 :
1656 4429 1747 4496 qui
1782 4430 2002 4484 veniunt

441 4514 538 4568 lilii
563 4513 732 4574 Jacob
773 4516 1171 4583 germinabunt,
1221 4526 1277 4571 et
1312 4515 1522 4574 ﬂorebit
1553 4521 1714 4575 Israel
1747 4539 1761 4575 :
1791 4531 1846 4575 et
1898 4522 2000 4575 im-

441 4604 677 4674 plebitur
707 4615 852 4661 terra
883 4605 1061 4662 fructu
1092 4607 1228 4676 ejus.
1271 4608 1408 4662 Num
1451 4611 1590 4665 sicut
1634 4613 1746 4682 ipse
1775 4628 2002 4681 percus-

441 4698 535 4764 sit,
589 4708 642 4752 et
697 4701 810 4768 ipse
861 4699 1113 4754 similiter
1169 4703 1537 4770 percutietur?
1591 4713 1645 4757 et
1689 4705 1830 4758 sicut
1887 4706 2002 4773 ipse

439 4790 662 4856 occidit,
689 4790 760 4845 ita
785 4791 1094 4846 occidetur?
1117 4791 1368 4865 Pugnans
1393 4806 1448 4848 ct
1482 4793 1815 4862 exprobrans
1842 4796 2006 4850 emit-

442 4889 516 4937 tet
545 4895 660 4937 eos.
689 4880 878 4936 Nonne
903 4893 954 4935 tu
983 4898 1128 4948 eras,
1159 4885 1248 4954 qui
1281 4886 1632 4941 meditabaris
1651 4885 1844 4957 spiritu
1866 4885 2003 4941 duro

439 4970 747 5027 interficere
775 4987 868 5027 eos
897 4974 1086 5042 spiritu
1125 4974 1410 5030 furoris?»
1452 4975 1576 5030 Ilznc
1624 4978 1769 5031 enim
1821 4977 1999 5032 rnedi-

437 5061 687 5120 tabantur
725 5065 799 5120 illi
849 5081 916 5122 ex
955 5068 1202 5138 gentibus
1247 5067 1508 5132 infideles,
1546 5069 1776 5137 «Spiritu
1815 5072 1950 5125 duro
1975 5088 1996 5123 ι

438 5162 625 5210 contra
683 5159 952 5227 apostolos
992 5159 1192 5214 Christi
1249 5162 1530 5228 occupati,
1565 5161 1802 5232 nihilque
1852 5161 1998 5218 aliud

438 5248 759 5315 cogitantes,
789 5267 947 5319 quant
984 5253 1250 5324 quomodo
1285 5254 1474 5310 eodem
1502 5256 1692 5324 spiritu
1720 5257 1999 5312 interfice-

438 5349 556 5392 rent
581 5353 695 5393 eos.
725 5338 832 5394 Sed
859 5346 1111 5410 quoniam
1164 5347 1416 5401 asrunmis
1456 5347 1760 5416 ltnjusntodi
1812 5348 1996 5406 allecti

439 5429 538 5497 illi,
584 5445 692 5485 «ex
721 5429 887 5487 Jacob
930 5441 1320 5507 germinantes,
1371 5447 1422 5494 et
1462 5453 1528 5493 ex
1568 5438 1734 5496 lsrael
1779 5439 1996 5496 clliore-

501 5612 542 5642 "
576 5612 907 5674 Deut.sutt,
953 5613 1032 5666 f3.
1111 5616 1154 5646 ‘°
1184 5617 1320 5670 l‘sztl.
1351 5630 1491 5683 xuv,
1519 5615 1568 5671 7.

2124 1782 2293 1828 σεται,
2331 1766 2397 1837 ἣν
2425 1765 2571 1836 αὐτῷ
2598 1767 2740 1837 μόνῳ
2782 1770 2810 1820 ό
2855 1767 3025 1838 μέγας
3068 1768 3259 1839 κριτὴς
3309 1766 3682 1838 ἐταμιεύσατο.

2121 1857 2410 1928 Μαχαιραν
2453 1858 2685 1913 ἐνταῦθα
2724 1859 2868 1928 λέγει
2901 1861 3000 1931 τὴν
3039 1860 3314 1930 ἐνέργειαν
3362 1861 3463 1930 τῆς
3505 1860 3682 1929 δίκης·

2120 1951 2255 2004 ἀλλά
2285 1953 2376 2005 καὶ
2407 1952 2568 2020 ἁγίαν
2599 1952 2769 2016 καλεῖ,
2805 1951 2937 2022 ὁμοῦ
2981 1951 3076 2022 μὲν
3110 1951 3595 2023 παραμυθούμενος
3622 1950 3686 2006 τὸ

2119 2042 2345 2115 φοϐερὸν
2382 2044 2480 2114 τῆς
2512 2044 2760 2112 ἀπειλῆς,
2794 2043 2928 2114 όμοῦ
2962 2043 3016 2098 δὲ
3050 2045 3143 2126 καιί
3178 2043 3410 2106 δεικνὺς,
3461 2043 3536 2107 ὡς
3582 2043 3686 2098 οὐκ

2118 2136 2197 2197 εἰς
2226 2133 2498 2189 ἀπώλειαν
2529 2135 2989 2207 καταστρέψωσιν
3012 2137 3059 2188 οἱ
3083 2135 3497 2209 τιμωρούμενοι·
3522 2137 3662 2204 ἀγιω

2119 2226 2281 2295 σύνης
2302 2243 2360 2280 τε
2390 2227 2570 2290 αὐτοῖς
2592 2229 2761 2280 αἴτιον
2791 2228 2938 2282 ἔσται
2969 2227 3301 2298 μετανοοῦσι.
3326 2227 3434 2280 Καὶ
3454 2226 3559 2297 γὰρ
3578 2227 3684 2280 οὐκ

2115 2318 2372 2371 ἀπολέσαι
2413 2317 2660 2388 βούλεται
2703 2319 2732 2370 ὁ
2782 2319 2912 2382 Θεὸς
2952 2319 3236 2383 παιδεύων,
3283 2317 3418 2373 ἀλλὰ
3444 2318 3682 2392 καθᾶραι

2115 2411 2208 2464 καὶ
2237 2411 2458 2480 ἁγιάσαι
2486 2411 2935 2482 ἐπιστρέψαντας.

2185 2609 2204 2642 ι
2249 2589 2327 2663 Τῇ
2373 2591 2554 2663 ἡμέρα
2601 2593 2782 2664 ἐκείνῃ
2829 2591 3086 2663 ἀμπελὼν
3125 2593 3308 2657 καλὸς,
3358 2592 3680 2665 ἐπιθύμημα

2112 2681 2362 2754 ἐξάρχειν
2395 2686 2513 2736 κατ’
2549 2684 2736 2754 αὐτῆς.
2786 2684 2926 2754 Ἐγὼ
2975 2683 3125 2748 πόλις
3165 2685 3359 2756 ὀχυρὰ,
3407 2686 3558 2750 πόλις
3589 2701 3680 2740 πο·

2109 2775 2488 2848 λιορκουμένη,
2551 2777 2724 2847 μάτην
2773 2777 2940 2830 ποτιῶ
2995 2777 3199 2849 αὑτήν·
3266 2776 3526 2831 ἁλώσεται
3569 2779 3680 2852 γὰρ

2110 2869 2323 2931 νυκτὸς,
2373 2869 2584 2940 ἡμέρας
2623 2867 2678 2922 δέ
2719 2872 2959 2922 πεσεῖται
2999 2869 3060 2921 τὸ
3105 2873 3282 2940 τεῖχος
3331 2870 3517 2941 αὐτῆς.
3565 2869 3680 2924 Οὐκ

2114 2959 2258 3012 ἐστιν
2301 2960 2334 3030 ἢ
2368 2959 2468 3012 οὐκ
2496 2958 2787 3013 ἐπελάϐετο
2819 2960 3010 3029 αὐτῆς.
3044 2959 3085 3012 Τ
3093 2960 3138 3023 ίς
3182 2977 3248 3030 με
3290 2959 3442 3032 θήσει
3475 2959 3678 3030 φυλάσ-

2113 3069 2226 3105 σειν
2264 3052 2512 3122 καλάμην
2557 3052 2614 3103 ἐν
2654 3051 2843 3121 ἀγρῷ;
2892 3051 2978 3105 διὰ
3023 3052 3121 3123 τὴν
3169 3052 3430 3123 πολεμίαν
3475 3053 3678 3124 ταύτην

2107 3144 2348 3215 ὴθέτηκα
2409 3145 2594 3215 αὐτήν.
2641 3145 2830 3198 Τοίνυν
2871 3145 2959 3198 διὰ
3003 3144 3162 3198 τοῦτο
3204 3146 3426 3216 ἐποίησε
3476 3143 3679 3218 Κύριος

2108 3236 2282 3289 πάντα
2303 3237 2402 3290 ὃσα
2433 3236 2706 3302 συνέταξε.
2735 3236 3184 3304 Κατακέκαυμαι.
3218 3255 3235 3286 ι
3276 3238 3333 3290 '0
3353 3236 3408 3290 δὲ
3431 3235 3554 3300 νοῦς
3581 3236 3679 3292 τοῦ

2107 3327 2262 3396 λόγου
2299 3327 2535 3391 τοιοῦτός
2568 3329 2717 3380 ἐστι·
2753 3329 2842 3398 Μή
2876 3344 2927 3380 τι
2970 3327 3137 3380 κακὸν
3197 3327 3318 3380 ἀντὶ
3358 3327 3527 3380 κακοῦ
3561 3330 3678 3392 τοῖς

2109 3416 2314 3470 ἔθνεσιν
2352 3416 2668 3470 ἀπεδίδοσαν
2713 3420 2760 3470 οἱ
2805 3417 3163 3487 κηρύττοντες
3203 3418 3386 3480 αὐτοῖς
3419 3418 3675 3489 εἰρήνηνς

2109 3509 2171 3561 Ol
2209 3507 2441 3594 pév'yép
2470 3507 2690 3561 ἐδίωκον
2730 3509 2926 3570 αὐτοὺς
2973 3509 3066 3560 καὶ
3105 3507 3318 3578 πληγὰς
3355 3507 3631 3571 ἐπιθέντες
3657 3523 3675 3539 ·

2106 3599 2156 3652 εἰ
2187 3599 2243 3652 δὲ
2268 3597 2337 3651 τὰ
2363 3598 2621 3652 κάλλιστα
2654 3600 2835 3662 αὐτοῖς
2857 3600 2956 3670 τὴν
2982 3601 3204 3671 εἰρήνην
3235 3600 3671 3674 εὐηγγελίζοντο.

2106 3693 2249 3763 Μήτι
2295 3688 2386 3745 οῦν
2432 3693 2500 3744 τὰ
2541 3691 2631 3745 ἴσα
2678 3691 2911 3762 ἔπασχον
2943 3694 2992 3745 οἰ
3039 3693 3098 3756 ἐξ
3146 3692 3336 3757 ἐθνῶν,
3370 3693 3678 3759 ἀδικοῦντες

2105 3785 2231 3847 τοὺς
2269 3783 2369 3854 τῆς
2401 3785 2624 3854 εἰρήνης
2665 3785 2945 3854 κήρυκας;
2980 3785 3247 3837 Ἐτυπτον
3281 3785 3411 3855 γὰρ,
3453 3786 3547 3838 κικί¹
3577 3786 3677 3840 οὐκ

2105 3874 2510 3940 ἀντετύπτοντο,
2534 3878 2627 3929 καὶ
2663 3875 2916 3947 ἀνῄρουν,
2963 3875 3074 3929 ἀλλ’
3109 3877 3209 3930 οὐκ
3253 3876 3676 3950 ἀντανῃροῦντο·

2107 3967 2201 4020 καὶ
2247 3967 2540 4038 μαχόμενοι
2585 3967 2641 4021 δὲ
2686 3969 2778 4021 καὶ
2815 3967 3179 4033 ὀνειδίζοντες,
3219 3969 3438 4022 ἐδίωκον
3481 3968 3676 4031 αὐτοὺς

2106 4061 2201 4112 καὶ
2244 4060 2658 4128 ἐξαπέστελλον·
2687 4062 2734 4113 οἰ
2773 4060 2827 4114 δὲ
2866 4062 2966 4114 οὐκ
2997 4062 3302 4133 ἀνεχώρουν
3341 4062 3432 4116 τοῦ
3470 4063 3566 4134 τὴν
3595 4063 3676 4116 εἱ-

2109 4153 2277 4224 ρήνην
2317 4155 2410 4206 καὶ
2439 4153 2534 4207 τοῦ
2567 4153 2634 4206 τὰ
2665 4153 2847 4222 ἁγαθά
2873 4155 3052 4216 αὐτοῖς
3087 4153 3550 4222 εὐαγγελίζεσθαι.
3586 4155 3674 4208 Διδ

2108 4243 2371 4312 ἐπιλέγει·

2183 4354 2201 4385 ι
2241 4336 2529 4406 Βοήσονται
2575 4339 2618 4389 οἰ
2667 4336 2996 4400 ἐνοικοῦντες
3043 4339 3098 4390 ἐν
3149 4339 3311 4409 αὐτῇ·
3364 4341 3675 4411 ποιήσωμεν

2108 4427 2331 4498 εἰρήνην
2365 4427 2534 4497 αὐτῷ,
2569 4427 2880 4497 ποιήσωμεν
2911 4430 3157 4499 εἰρήνην·
3194 4431 3242 4481 οἱ
3274 4432 3556 4501 ἐρχόμενοι
3591 4431 3674 4485 τέ-

2109 4535 2212 4572 κνα
2262 4517 2454 4571 Ἰακὼϐ
2489 4519 2802 4590 βλαστήσει,
2849 4521 2943 4573 καὶ
2972 4521 3252 4592 ἐξανθήσει
3308 4523 3542 4595 Ἰσραὴλ,
3581 4524 3676 4579 καὶ

2107 4609 2546 4679 ἐμπλησθήσεται
2589 4613 2622 4682 ἡ
2656 4614 2944 4684 οἰκουμένη
2978 4613 3067 4666 τοῦ
3111 4613 3323 4688 καρποῦ
3366 4614 3549 4669 αὑτοῦ.
3584 4617 3676 4692 Μή

2109 4701 2186 4764 ὡς
2216 4701 2375 4764 αὐτὸς
2399 4701 2654 4768 ἐπάταξε,
2681 4705 2773 4757 καὶ
2793 4705 2953 4769 αὐτὸς
2979 4705 3148 4768 οὕτως
3173 4706 3506 4779 πληγήσεται
3523 4727 3538 4740 ·
3579 4712 3677 4764 καὶ

2110 4793 2185 4856 ὡς
2217 4793 2377 4856 αὐτὸς
2407 4793 2632 4860 ἀνεῖλεν,
2673 4795 2844 4860 οὕτως
2875 4798 3318 4873 ἀναιρεθήσεται;
3353 4801 3675 4873 Μαχόμενος

2111 4885 2205 4938 καί
2231 4883 2500 4949 ὀνειδίζων
2526 4886 2873 4951 ἐξαποστελεῖ
2895 4890 3108 4955 αὐτούς.
3140 4894 3214 4946 Οὐ
3246 4893 3309 4945 σὺ
3345 4889 3486 4964 ἦσθα
3517 4893 3674 4964 μελε-

2109 4974 2219 5028 τῶν
2260 4976 2336 5048 τῷ
2364 4976 2632 5049 πνεύματι
2654 4979 2731 5050 τῷ
2774 4979 3011 5053 σκληρῷ,
3037 4984 3244 5037 ἀνελεῖν
3282 4986 3474 5049 αὐτοὺς
3510 4987 3676 5037 πνεύ-

2112 5084 2240 5137 ματι
2287 5068 2490 5138 θυμοῦ;
2537 5089 2556 5120 ι
2607 5069 2790 5124 Ταῦτα
2842 5071 2950 5143 γὰρ
2989 5072 3254 5143 ἐμελέτων
3299 5075 3348 5126 οἱ
3395 5072 3452 5138 ἐξ
3503 5071 3676 5124 ἐθνῶν

2107 5160 2322 5215 ἄπιστοι
2362 5162 2502 5216 κατά
2536 5162 2643 5215 τῶν
2690 5163 2997 5217 ἀποστόλων
3039 5165 3133 5219 τοῦ
3172 5165 3406 5237 Χριστοῦ
3453 5184 3473 5216 ι
3513 5164 3679 5219 πνεύ-

2111 5269 2237 5323 ματι
2273 5253 2491 5326 σκληρῷ
2521 5275 2539 5306 ι
2591 5255 2961 5326 κατεχόμενοι,
3005 5259 3098 5311 καὶ
3139 5259 3286 5311 οὐδὲν
3327 5257 3512 5328 ἕτερον
3559 5257 3675 5312 διαο

2106 5346 2403 5420 νοούμενοι,
2456 5349 2489 5421 ἢ
2527 5351 2671 5415 ὅπως
2720 5351 2980 5406 ἀνέλωσιν
3035 5353 3229 5416 αὐτοὺς
3271 5351 3347 5423 τῷ
3391 5356 3448 5406 ἐν
3490 5354 3675 5419 αὐτοῖς

2107 5442 2395 5515 πνεύματι.
2438 5443 2575 5499 ⁹Αλλ⁹
2623 5445 2808 5519 ἐπειδὴ
2847 5445 3068 5500 τοιαῦτα
3095 5446 3391 5516 πάσχοντες
3413 5449 3461 5501 οἱ
3491 5449 3554 5501 ἐκ
3575 5445 3671 5503 τοῦ
