4072 6194
449 470 457 500 ι

543 294 648 349 283

1245 284 1510 342 EUSEBII
1551 285 2025 343 CESARIENSIS
2063 287 2212 342 opp.
2254 287 2430 342 rans
2468 286 2555 341 ιιι.
2592 315 2664 328 -
2701 271 3118 340 EXEGETICA.

3670 249 3774 333 est

543 405 906 469 miserebitur,
926 383 1020 476 “qui
1052 405 1176 460 fecit
1212 421 1327 472 eos,
1357 415 1415 482 et
1448 406 1538 477 qui
1577 406 1830 462 formavit
1865 424 1959 465 eos
2004 426 2094 464 nor

2211 410 2524 480 οἱκτειρήσῃ
2567 410 2594 460 6
2626 407 2855 477 ποιήσας
2884 406 3100 468 αὐτοὺς,
3127 403 3246 456 οὐδὲ
3279 403 3306 456 6
3339 402 3542 464 πλάσας
3582 403 3774 464 αὐτοὺς
3795 453 3808 478 ,
3841 433 3846 438 -

541 499 904 554 miserebitur.
931 517 949 550 ι
985 497 1079 552 His
1098 498 1390 568 signiﬁcari
1423 499 1659 554 arbitror
1679 500 1876 554 bellum
1904 501 2106 558 Iudaeis

537 590 592 646 in
617 590 1024 644 Palmstinorum
1053 601 1231 662 gente,
1252 601 1372 661 post
1389 591 1593 648 editum
1619 604 1812 648 contra
1835 594 2106 651 Christum

536 682 770 745 facinus,
799 683 1026 734 illatum.

609 771 774 826 Vens.
818 773 903 826 IS}.
953 791 970 823 ι
1001 773 1066 826 Et
1101 774 1207 828 erit
1239 773 1290 828 in
1329 774 1414 828 die
1440 776 1525 830 illa
1547 817 1562 842 ,
1590 777 1873 833 concludet
1903 778 2043 834 Deus
2075 796 2106 835 a

538 861 680 916 fossa
712 861 969 928 ﬂuminis,
993 879 1166 932 usque
1191 865 1258 917 ad
1284 865 1737 921 Rhinocoruram.
1773 867 1882 923 Vos
1925 881 2104 925 autem

536 966 862 1024 congregate
890 956 1166 1024 sigillatim
1215 956 1352 1011 filios
1399 957 1582 1012 Israel.
1613 979 1631 1011 ›
1667 958 1761 1014 Est
1807 961 1908 1016 hoc
1954 962 2106 1032 oppi-

533 1044 660 1098 dum
697 1047 762 1098 atl
807 1057 1044 1101 montem
1106 1049 1248 1102 inter
1299 1047 1592 1120 Egyptum
1642 1060 1698 1104 et
1758 1051 2103 1106 Palaestinam

534 1139 716 1202 situm.
743 1138 1084 1209 Quapropter
1123 1145 1417 1196 secundum
1467 1144 1705 1214 reliquos
1749 1145 2102 1215 interpretes,

537 1244 559 1278 ‹
595 1227 736 1280 intra
807 1237 1102 1282 torrentem
1165 1228 1462 1300 Egypti,»
1519 1234 1724 1286 dictum
1776 1244 1881 1289 est.
1938 1235 2102 1302 Queis

531 1319 929 1384 subiudicatur,
969 1330 1027 1373 ut
1071 1320 1189 1389 .jam
1222 1323 1352 1387 dixi,
1410 1324 1608 1378 bellum
1649 1324 1850 1381 Iudaeis
1897 1327 1949 1382 in
1997 1326 2102 1381 Pa-

537 1411 869 1464 .‘mstiuorum
902 1423 1061 1482 gente
1091 1414 1302 1483 positis,
1338 1413 1699 1471 inferendum.

603 1497 764 1558 Vens.
809 1503 895 1556 13.
941 1521 961 1556 ι
992 1505 1057 1558 Et
1101 1505 1208 1559 erit
1269 1506 1322 1559 in
1373 1507 1460 1560 die
1491 1507 1616 1571 illa,
1665 1507 1920 1575 clangent
1973 1511 2100 1564 tuba

531 1606 746 1661 magna,
772 1604 827 1648 et
862 1597 1080 1649 venient
1106 1598 1195 1666 qui
1224 1598 1498 1667 perierant
1523 1599 1577 1652 in
1607 1601 1828 1670 regione
1857 1603 2102 1672 Assyrio-

530 1701 674 1749 rum,
725 1696 779 1740 et
820 1688 911 1756 qui
945 1689 1224 1756 perierant
1270 1691 1322 1742 in
1373 1689 1606 1761 :Egypto
1643 1705 1657 1744 :
1689 1702 1744 1746 ct
1793 1695 2101 1748 adorabunt

2209 501 2270 554 οὐ
2311 502 2384 572 μὴ
2420 500 2632 572 ἐλεήσῃ.
2674 519 2691 550 ι
2745 494 2911 567 Οἶμαι
2941 496 2998 549 δὲ
3038 495 3123 549 διὰ
3160 495 3363 548 τούτων
3421 483 3805 570 σημαινεσθαι’

2207 593 2300 646 τὸν
2329 593 2622 646 ἐπελθόντα
2659 594 2770 654 τοῖς
2818 589 3083 653 Ἰουδαίοις
3128 589 3359 660 πόλεμον
3398 586 3539 640 κατά
3569 586 3630 638 τὸ
3669 585 3778 638 Πα-

2207 684 2494 739 λαιστίνων
2523 683 2690 746 ἔθνος,
2728 681 2864 753 μετά
2889 683 2986 752 τὴν
3020 681 3160 735 κατὰ
3185 679 3416 751 Χριστοῦ
3445 679 3671 750 τόλμαν.

2283 798 2300 828 ι
2338 779 2448 831 Καὶ
2474 777 2625 828 ἔσται
2654 777 2708 827 ἐν
2735 777 2799 845 τῇ
2823 774 3004 844 ἡμέρᾳ
3031 772 3232 844 ἐκείνῃ,
3267 770 3569 842 συμφράξει
3598 771 3627 822 6
3648 768 3782 835 Θεὸς

2207 870 2314 923 ἀπὸ
2346 868 2445 938 τῆς
2477 868 2740 939 διώρυγος
2772 865 2865 918 τοῦ
2912 865 3156 935 ποταμοῦ
3189 865 3292 928 ἕως
3331 862 3776 934 Ῥινοκορούρων.

2217 959 2404 1030 Ὑμεῖς
2428 959 2483 1011 δὲ
2508 958 2839 1024 συναγάγετε
2869 956 3006 1008 κατά
3039 956 3130 1008 ’ἐνα
3163 956 3287 1018 τοὺς
3307 956 3455 1018 υἱοὺς
3490 953 3721 1025 Ἰσραήλ.
3755 971 3774 1004 ι

2206 1051 2364 1113 Πόλις
2392 1050 2448 1102 δὲ
2479 1049 2614 1120 αὕτη
2664 1050 2809 1102 ἐστὶν
2840 1050 2982 1118 ἀμφὶ
3013 1046 3106 1101 τοῦ
3133 1047 3292 1120 ὅρους
3316 1045 3409 1099 τοῦ
3439 1045 3639 1117 μεταξὺ
3678 1044 3781 1114 τῆς

2205 1140 2479 1210 Αἰγύπτου
2528 1141 2620 1194 καὶ
2668 1140 2766 1210 τῆς
2808 1137 3168 1206 Παλαιστίνης
3207 1137 3453 1206 κειμένη.
3496 1135 3586 1189 Διὸ
3635 1134 3779 1189 κατά

2205 1235 2328 1296 τοὺς
2373 1233 2586 1296 λοιποὺς
2629 1230 2985 1303 ἑρμηνευτάς,
3033 1249 3051 1280 ι
3090 1227 3196 1281 ἔσω
3224 1228 3316 1281 τοῦ
3352 1227 3650 1299 χειμάρρου
3684 1227 3781 1279 AI-

2204 1324 2430 1392 τύπτου,
2469 1343 2485 1374 ι
2517 1323 2759 1394 εἴρηται·
2795 1320 3187 1391 αἰνιττομένου,
3219 1320 3294 1383 ὡς
3319 1320 3472 1391 ἔφην,
3500 1318 3592 1373 τοῦ
3617 1318 3777 1387 λόγου

2201 1416 2292 1468 τὸν
2331 1415 2688 1485 γενησόμενον
2720 1413 2859 1468 κατά
2911 1411 3175 1466 Ἰουδαίων
3211 1411 3441 1482 πόλεμον
3474 1410 3530 1462 ἐν
3563 1408 3640 1480 τῷ
3667 1409 3781 1462 Πα-

2205 1503 2488 1557 λαιστίνων
2529 1505 2690 1560 ἔθνει,
2732 1523 2750 1555 ι
2799 1503 2908 1556 Καὶ
2951 1501 3101 1555 ἔσται
3144 1504 3198 1555 ὲν
3233 1504 3295 1572 τῇ
3341 1501 3524 1573 ἡμέρα
3567 1501 3776 1573 ἐκείνῃ,

2205 1593 2493 1647 σαλπιοῦσι
2520 1597 2585 1666 τῇ
2641 1593 2898 1662 σάλπιγγι
2942 1597 3010 1665 τῇ
3061 1590 3291 1664 μεγάλῃ,
3336 1592 3428 1645 καὶ
3467 1591 3684 1662 ἥξουσιν
3724 1593 3776 1646 οἰ

2202 1688 2526 1757 ἀπολόμενοι
2572 1688 2628 1738 ὲν
2660 1688 2725 1756 τῇ
2762 1684 2915 1757 χώρᾳ
2943 1685 3050 1738 τῶν
3103 1685 3400 1756 Ἀσσυρίων
3436 1685 3528 1738 καὶ
3560 1686 3608 1737 οἰ
3641 1686 3778 1738 ἀποο

528 1770 813 1832 Dominum
860 1793 1021 1848 super
1057 1789 1293 1834 montem
1349 1793 1597 1836 sanctum
1630 1783 1681 1836 in
1715 1782 2037 1839 Jerusalem.
2073 1804 2092 1835 ι

2203 1779 2414 1850 λόμενοι
2449 1783 2507 1832 ἐν
2551 1777 2828 1849 Δίγύπτιίν
2879 1778 2972 1831 καὶ
3007 1779 3438 1849 προσκυνήσουσι
3466 1776 3544 1847 τῷ
3586 1778 3778 1850 Κυρίῳ

529 1868 904 1936 Expetendum
930 1871 1077 1925 cnim
1118 1881 1222 1936 est,
1255 1883 1311 1925 ut
1339 1872 1423 1927 vel
1452 1891 1588 1929 unus
1618 1891 1831 1939 eorum,
1863 1877 1944 1931 vel
1969 1878 2091 1940 duo,

528 1956 610 2009 vel
639 1957 844 2027 aliquot
881 1975 1047 2029 parvo
1081 1976 1308 2016 numero
1342 1979 1438 2032 per
1485 1965 1724 2036 singulas
1768 1968 1961 2034 urbes,
2007 1978 2098 2021 aut

529 2063 628 2117 per
661 2049 902 2120 singulas
922 2063 1111 2122 gentes
1139 2054 1372 2109 salutem
1421 2057 1720 2112 obtineant.
1764 2057 1874 2114 llos
1918 2061 2102 2129 itaque

526 2141 805 2210 sigillatim
842 2155 1168 2214 congregate
1204 2164 1218 2202 :
1254 2148 1475 2218 reliquis
1517 2165 1642 2204 vero
1682 2153 1935 2219 gentibus
1976 2155 2101 2208 tuba

528 2247 720 2302 magna
745 2245 923 2301 canet,
955 2252 1018 2290 ac
1032 2253 1156 2290 cum
1183 2238 1420 2296 clamore
1446 2241 1720 2310 loquetur,
1751 2245 2100 2300 audientibus

526 2325 797 2380 universis
823 2327 1153 2383 hominibus.
1203 2328 1584 2400 Egyptiorum
1615 2335 1835 2389 nomine
1864 2335 2092 2390 idolola-

526 2428 638 2471 iras
675 2433 866 2474 omnes
914 2420 1148 2487 indicat;
1185 2435 1280 2490 per
1329 2425 1578 2494 Assyrios
1625 2438 1839 2490 autem.
1884 2427 2098 2485 Israelis

526 2508 795 2572 inimicos.
820 2513 911 2582 qui
940 2511 1251 2567 Iudaeorum
1275 2517 1550 2588 regionem
1571 2518 1900 2574 obsederunt
1928 2537 1940 2572 :
1973 2537 2094 2575 nam

524 2603 849 2673 evangelica:
895 2605 1037 2659 illius
1086 2620 1215 2661 vere
1267 2621 1476 2678 magna:
1522 2612 1664 2666 tuba:
1709 2612 2098 2680 praedicatione

525 2690 630 2746 illis
658 2695 961 2762 enuntiata,
993 2696 1082 2766 qui
1109 2699 1250 2767 apud
1280 2709 1472 2770 gentes
1509 2701 1838 2765 idololatrzn,
1872 2713 1924 2758 et
1969 2703 2095 2757 olim

525 2781 733 2839 imimici
759 2795 811 2840 et
841 2786 1026 2843 hostes
1074 2788 1386 2844 Israelitica:
1425 2791 1702 2861 religionis
1735 2802 1926 2856 erant,
1965 2808 2096 2846 con-

525 2875 669 2928 versi
715 2876 780 2929 ad
818 2876 983 2932 Deum
1025 2880 1324 2946 accedent;
1367 2881 1437 2935 ita
1488 2892 1546 2935 ut
1600 2882 1636 2936 ii
1689 2883 1782 2953 qui
1827 2883 2096 2954 quondam

526 2962 792 3018 ldoiorum
817 2967 965 3021 cultu
997 2976 1053 3022 et
1083 2984 1271 3026 errore
1311 2972 1507 3042 perditi
1538 2981 1732 3038 erant,
1775 2973 2098 3041 resipiscen-

527 3061 611 3108 tes
634 3063 687 3108 et
709 3055 775 3109 ad
808 3057 900 3111 Dei
928 3062 1294 3128 cognitionem
1326 3072 1656 3117 maturantes
1677 3106 1690 3129 ,
1735 3063 1965 3118 salutem
2000 3079 2096 3134 per

527 3145 798 3201 Christum
828 3149 1062 3206 oblatam
1088 3155 1494 3209 nanciscantur.

2205 1871 2298 1923 ἐπὶ
2325 1871 2385 1924 τὸ
2428 1871 2552 1943 ὅρος
2578 1871 2638 1922 τὸ
2679 1871 2830 1938 ἆγιον
2867 1870 2924 1922 ἐν
2981 1869 3349 1942 Ἰερουσαλήμ.
3389 1889 3408 1922 ι
3472 1869 3780 1940 Ἀγαπητδν

2203 1960 2312 2032 γάρ
2335 1961 2395 2012 τὸ
2427 1960 2531 2012 κᾶν
2567 1960 2682 2022 ἓνα,
2714 1959 2746 2030 ἦ
2781 1959 2874 2012 καὶ
2897 1959 3163 2030 δεύτερον,
3195 1960 3285 2012 καί
3309 1977 3457 2022 τινας
3485 1959 3781 2033 εὐαριθμήο

2201 2069 2326 2115 τους
2350 2051 2408 2115 ἐξ
2433 2051 2611 2105 αὐτῶν
2638 2051 2758 2104 καθ’
2789 2053 3022 2122 ἑκάστην
3047 2051 3196 2106 πόλιν
3220 2052 3252 2122 ἢ
3277 2053 3370 2104 καὶ
3396 2051 3517 2105 καθ’
3544 2051 3781 2107 ἕκαστον

2201 2145 2351 2208 ἔθνος
2384 2145 2668 2210 σώζεσθαι.
2702 2145 2936 2208 Τούτους
2968 2146 3066 2215 μὲν
3105 2141 3197 2198 οὖν
3244 2145 3382 2198 κατὰ
3414 2146 3509 2198 ἕνα
3542 2146 3781 2216 συναγά⁴

2200 2253 2353 2304 γετε’
2390 2240 2501 2299 τοῖς
2532 2238 2588 2289 δὲ
2628 2237 2832 2301 λοιποῖς
2874 2237 3050 2290 ἔθνεσι
3093 2237 3350 2306 σάλπιγγι
3382 2238 3629 2290 σαλπίσει
3681 2255 3780 2309 με-

2197 2328 2358 2398 γάλῃ,
2401 2327 2493 2380 τοῦ
2527 2327 2682 2397 λόγου
2723 2328 2953 2398 βοῶντος
2996 2331 3074 2392 εἰς
3115 2327 3434 2392 ἐξάκουστον
3468 2330 3633 2382 πᾶσιν
3679 2331 3783 2382 ἀν-

2198 2419 2456 2491 θρώποις.
2504 2423 2766 2493 Σημαίνει
2811 2421 2866 2474 δὲ
2895 2422 2982 2475 διὰ
3023 2423 3118 2493 μὲν
3148 2423 3255 2476 τῶν
3289 2423 3619 2491 Αἰγυπτίων,
3647 2423 3781 2488 τοὺς

2197 2511 2586 2584 εἰδωλολάτραις
2626 2513 2854 2578 πάντας,
2903 2514 2990 2567 διὰ
3033 2514 3089 2568 δὲ
3128 2515 3236 2568 τῶν
3299 2514 3598 2587 ’Λσσυρίων
3650 2517 3778 2580 τοὺς

2199 2603 2488 2675 πολεμίους
2522 2605 2616 2658 τοῦ
2662 2606 2896 2678 Ἰσραὴλ,
2940 2607 3065 2670 τοὺς
3106 2607 3470 2678 πολιορκητὰς
3498 2608 3596 2678 τῆς
3645 2607 3778 2660 Ίου-

2195 2693 2357 2748 δαίων
2388 2693 2568 2768 χώρας
2595 2697 2934 2767 γενομένους,
2965 2692 3044 2761 οἷς
3072 2697 3165 2751 τοῦ
3188 2698 3344 2766 λόγου
3364 2698 3451 2750 διὰ
3494 2698 3592 2768 τῆς
3616 2697 3778 2767 εὐαγ-

2198 2785 2420 2855 γελικῆς
2466 2785 2761 2854 σάλπιγγος
2797 2788 2894 2858 τῆς
2938 2786 3013 2850 ὡς
3064 2786 3278 2858 άληθῶς
3323 2787 3560 2858 μεγάλης
3601 2785 3777 2859 κηρύσ-

2201 2873 2406 2940 ξαντος.
2439 2877 2834 2945 μεταϐαλόντες
2852 2881 2900 2932 οἱ
2927 2881 2982 2931 ἐν
3007 2882 3120 2942 τοῖς
3145 2879 3350 2934 ἔθνεσιν
3371 2879 3773 2951 εἰδωλολάτραι,

2200 2967 2295 3019 καὶ
2320 2968 2368 3018 oi
2400 2967 2563 3019 πάλαι
2595 2968 2799 3040 ἐχθροὶ,
2835 2971 2927 3022 καὶ
2953 2971 3002 3022 οἰ
3036 2970 3283 3041 πολέμιοι
3305 2971 3405 3041 τῆς
3428 2969 3518 3023 τοῦ
3560 2969 3772 3042 Ἰσραὴλ

2201 3056 2528 3121 θεοσεϐείας,
2555 3058 2742 3128 ἥξουσι
2770 3061 2904 3130 πρὸς
2931 3059 3021 3112 τὸν
3052 3058 3182 3113 Θεὸν
3225 3059 3667 3131 ἐπιστρέψαντες,
3698 3058 3774 3122 ὡς

2196 3154 2324 3216 τοὺς
2367 3153 2532 3207 πάλαι
2583 3153 2927 3217 ἀπολωλότας
2982 3155 3038 3204 ὲν
3079 3156 3144 3224 τῇ
3181 3153 3281 3222 τῆς
3333 3153 3774 3220 εἰδωλολατρείας

528 3238 719 3314 πλάνῃ,
751 3243 1182 3316 μεταϐληθέντας
1208 3249 1298 3301 καὶ
1326 3247 1662 3311 σπεύσαντας
1687 3248 1860 3302 ἐλθεῖν
1884 3249 1974 3301 ἐπὶ
1997 3249 2094 3319 τὴν
2126 3246 2218 3301 τοῦ
2249 3247 2382 3300 Θεοῦ
2401 3248 2619 3316 γνῶσιν,
2651 3249 2743 3302 καὶ
2772 3249 2872 3317 τῆς
2887 3247 2972 3300 διά
3003 3245 3236 3316 Χριστοῦ
3261 3244 3530 3313 σωτηρίας
3551 3245 3763 3313 τυχεῖν.

1051 3337 1277 3394 CAPUT
1329 3339 1562 3394 XXVIII.

593 3423 755 3481 Vens.
798 3427 849 3481 1.
896 3426 1029 3484 «ναξ
1073 3445 1285 3486 coronm
1338 3432 1718 3497 contumelize,
1771 3432 2093 3488 mercenarii

528 3517 801 3587 Ephraim.
831 3540 848 3573 ι
909 3521 1007 3576 IIic
1053 3521 1474 3590 Pharismorum,
1524 3542 1858 3582 summorum
1913 3543 2093 3582 sacer-

527 3614 732 3679 dotum,
775 3622 828 3668 et
885 3615 1212 3686 reliquorum
1259 3617 1469 3674 Judaici
1533 3621 1716 3690 populi
1784 3620 2090 3690 principum

526 3714 838 3758 consessum
871 3706 1178 3762 subindicat
1210 3727 1224 3764 :
1259 3723 1394 3779 quos
1439 3723 1504 3762 ex
1543 3711 1772 3764 diversis
1812 3711 2094 3768 ordinibus

526 3799 577 3846 et
613 3792 963 3863 dignitatibus
987 3797 1040 3850 in
1067 3815 1228 3852 unum
1265 3810 1504 3867 coactos,
1541 3817 1754 3856 corona.-
1787 3813 2091 3872 comparat,

526 3897 628 3936 non
657 3884 877 3939 honoris
912 3896 1004 3940 aut
1041 3889 1252 3958 gloriae,
1300 3893 1393 3946 sed
1442 3893 1787 3948 contumelia:
1827 3904 1880 3948 ct
1930 3897 2091 3950 dede-

526 3976 690 4030 coris.
731 3977 908 4045 Quare
937 3981 1035 4048 ait,
1067 4002 1084 4033 ‹
1122 3981 1212 4038 Vae
1239 4000 1454 4040 corona:
1484 3987 1862 4053 contumelia};
1897 4007 1914 4040 ι
1977 3989 2092 4044 sive

525 4071 818 4123 secundum
865 4073 1101 4144 reliquos
1161 4075 1508 4148 interpretes.
1571 4079 1841 4135 «Coronae
1894 4096 2089 4150 super-

526 4162 645 4215 him.
672 4180 691 4212 ι
736 4160 869 4216 Nam
906 4167 1122 4236 superbi
1157 4170 1377 4238 quidam
1428 4180 1616 4235 erant,
1669 4181 1985 4242 arrogantes
2037 4182 2091 4227 et

525 4253 717 4319 insani,
786 4255 838 4309 in
879 4271 1111 4325 quorum
1172 4276 1402 4317 numero
1453 4265 1774 4318 mercenarii
1837 4265 2087 4332 liphraim

523 4343 994 4412 eomputabantur.
1028 4346 1222 4404 .ludam
1272 4361 1420 4406 certe
1447 4354 1776 4420 proditorem
1827 4370 1894 4408 ex
1945 4354 2086 4408 tribu

527 4432 784 4502 Ephraim
837 4434 1005 4492 fuisse
1067 4437 1239 4494 fertur
1287 4457 1302 4492 :
1344 4457 1504 4510 quem
1534 4443 1652 4496 ideo
1695 4445 2087 4498 mercenarium

525 4533 697 4589 vocat,
756 4524 880 4594 quia
913 4527 1164 4595 pactione
1201 4532 1442 4598 pecunia:
1493 4533 1558 4585 ad
1613 4535 1926 4602 magistrum
1963 4548 2088 4602 pro-

525 4613 758 4668 dendum
806 4616 1062 4674 inductus
1103 4619 1284 4674 fuerit.
1354 4641 1371 4672 ι
1397 4622 1522 4677 Flos
1565 4624 1764 4679 cadens
1805 4626 1870 4679 de
1917 4627 2085 4694 gloria

2695 3339 3088 3393 ΚΕΦΑΛΑῙΟΝ
3141 3339 3272 3390 KH'.

2276 3434 2460 3486 «Οὐαὶ
2523 3433 2598 3504 τῷ
2663 3434 2908 3502 στεφάνῳ
2969 3431 3066 3502 τῆς
3125 3429 3354 3501 ὕϐρεως,
3405 3429 3454 3481 οἰ
3511 3428 3777 3498 μισθωτοὶ

2192 3525 2448 3596 Ἐφραίμ.
2483 3545 2498 3574 ι
2539 3525 2839 3577 Αἰνίττεται
2855 3524 2912 3577 δὲ
2945 3521 3004 3575 τὸ
3035 3521 3305 3592 συνέδριον
3333 3520 3441 3573 τῶν
3467 3519 3779 3591 Φαρισαίων

2192 3615 2284 3668 καὶ
2304 3616 2604 3686 ἀρχιερέων
2629 3615 2721 3668 καὶ
2749 3613 2857 3668 τῶν
2881 3614 3082 3668 λοιπῶν
3100 3615 3374 3686 ἀρχόντων
3392 3613 3484 3667 τοῦ
3507 3612 3776 3668 Ἰουδαίων

2190 3706 2338 3760 λαοῦο
2375 3708 2488 3770 οὕς,
2517 3711 2578 3760 ἐκ
2611 3707 2880 3778 διαφόρων
2907 3707 3230 3776 ἀξιωμάτων
3266 3705 3613 3770 συνελθόντας
3637 3708 3776 3764 κατὰ

2191 3799 2250 3851 τὸ
2293 3800 2443 3862 αὐτὸ,
2488 3801 2734 3871 στεφάνῳ
2785 3797 3141 3870 παραϐάλλει,
3177 3798 3238 3850 οὐ
3270 3797 3436 3868 τιμῆς
3469 3813 3611 3860 τινος
3655 3795 3772 3849 οὐδὲ

2190 3889 2367 3962 δόξης,
2403 3892 2514 3944 ἀλλ’
2552 3892 2760 3962 ὕϐρεως
2788 3892 2881 3945 καὶ
2905 3890 3148 3961 ἀτιμίας.
3174 3890 3264 3942 Διό
3281 3906 3464 3960 φησιν,
3499 3907 3516 3938 ι
3555 3887 3772 3958 Οὑαὶτῷ

2195 3984 2440 4055 στεφάνῳ
2487 3985 2584 4055 τῆς
2617 3984 2848 4055 ὕϐρεως,
2886 4002 2904 4035 ι
2956 3983 2989 4054 ἢ
3026 3982 3164 4036 κατὰ
3216 3985 3338 4045 τοὺς
3369 3981 3583 4044 λοιποὺς
3611 3980 3775 4052 ἑρμη-

2190 4075 2401 4140 νευτάς,
2439 4095 2456 4126 ι
2489 4076 2566 4146 τῷ
2601 4077 2847 4147 στεφάνῳ
2874 4077 2972 4146 τῆς
2997 4075 3386 4148 ὑπερηφανίας.
3417 4093 3434 4124 ι
3464 4072 3773 4144 Ὑπερήφα-

2189 4181 2267 4221 νοι
2301 4169 2406 4238 γάρ
2449 4185 2593 4232 τινες
2629 4163 2792 4238 ἦσαν,
2824 4166 3079 4232 ἀλαζόνες
3116 4185 3174 4220 τε
3205 4168 3298 4220 καὶ
3329 4165 3774 4236 ἀπονενοημένοι,

2188 4262 2247 4313 ὲν
2267 4255 2347 4324 οἷς
2375 4262 2616 4332 ὑπῆρχον
2637 4261 2727 4314 καὶ
2752 4263 2800 4314 οί
2826 4255 3083 4332 μισθωτοὶ
3101 4260 3192 4313 τοῦ
3211 4261 3448 4330 Ἐφραῖμ
3482 4259 3613 4329 (3i).
3631 4257 3773 4310 Ἐλέ-

2191 4369 2316 4421 γετο
2348 4353 2403 4405 δὲ
2439 4353 2639 4407 Ἰούδας
2698 4355 2725 4406 ὁ
2763 4353 3024 4425 προδότης
3073 4354 3136 4405 ἐκ
3182 4351 3350 4422 φυλῆς
3393 4352 3630 4424 Ἑφραῒμ
3675 4367 3773 4419 γε-

2189 4443 2421 4511 γονέναι·
2463 4443 2729 4513 μισθωτὸν
2775 4443 2830 4495 δὲ
2885 4442 3060 4508 καλεῖ,
3112 4442 3186 4505 ὡς
3239 4442 3302 4496 ἂν
3338 4441 3774 4512 ἐξηγορασμένον

2190 4536 2464 4605 χρήμασιν
2512 4535 2603 4586 ἐπὶ
2655 4535 2715 4588 τὸ
2771 4533 3058 4606 προδοῦναι
3118 4535 3208 4587 τὸν
3266 4535 3600 4588 διδάσκαλον.
3647 4551 3665 4584 ι
3698 4533 3773 4586 Τὸ

2189 4625 2346 4688 ἄνθος
2376 4625 2435 4677 τὸ
2463 4625 2693 4678 ἐκπεσὸν
2725 4626 2822 4696 τῆς
2872 4624 3029 4696 δόξης
3095 4626 3185 4678 ἐπὶ
3233 4627 3332 4696 τῆς
3385 4625 3626 4696 κορυφῆς
3675 4623 3772 4677 τοῦ

524 4719 686 4776 super
747 4710 1002 4766 verticem
1068 4712 1264 4766 montis
1319 4715 1557 4783 pinguis,
1605 4716 1695 4784 qui
1754 4715 1888 4768 ebrii
1960 4717 2087 4769 estis

2198 4715 2348 4787 ὅρους
2375 4715 2466 4767 τοῦ
2516 4714 2716 4785 παχέος
2781 4717 2828 4768 οἱ
2884 4714 3172 4786 μεθύοντες
3233 4717 3358 4771 ἄνευ
3415 4717 3576 4769 οἴνου.
3616 4734 3634 4767 ι
3670 4715 3776 4769 Με-

525 4798 727 4869 absque
767 4801 913 4858 vino.
941 4821 960 4855 ι
991 4801 1124 4858 Nam
1155 4803 1340 4874 gloriae
1394 4805 1674 4874 apostolici
1728 4805 1880 4858 chori
1915 4807 2086 4874 parti-

524 4905 673 4961 ceps,
707 4892 966 4950 inclinato
997 4897 1063 4950 ad
1109 4912 1222 4951 rem
1253 4897 1543 4964 pessimam
1588 4898 1790 4963 animo,
1837 4895 1934 4951 IIos
1981 4897 2092 4966 glo-

526 4984 619 5037 ria:
645 4985 840 5041 cadens
861 4987 1084 5044 eil'ectus
1113 4998 1218 5044 est.
1243 4988 1368 5044 Flos
1387 4999 1565 5042 autem
1589 5001 1643 5043 et
1671 5005 1895 5058 germen
1932 4991 2090 5058 paulo

527 5084 652 5129 ante
682 5079 1012 5134 vocabantur
1032 5082 1262 5150 apostoli
1291 5081 1615 5147 Salvatoris,
1649 5083 1739 5135 ubi
1778 5081 2085 5142 dicebatur.

532 5185 553 5220 ι
585 5167 706 5224 Filii
751 5173 917 5232 Jacob
971 5175 1370 5247 germinabunt,
1425 5185 1479 5229 et
1524 5173 1736 5228 ﬂorehit
1790 5173 1981 5240 Israel,
2036 5182 2090 5227 et

528 5260 839 5332 implebitur
867 5278 1007 5324 terra
1038 5270 1214 5325 fructu
1260 5269 1396 5336 ejus.
1436 5285 1454 5319 ι
1492 5265 1694 5322 Verum
1733 5265 1817 5322 his
1843 5266 2089 5335 delapsus

529 5354 808 5422 propheta,
835 5357 931 5413 llos
964 5362 1146 5430 gloria:
1175 5361 1430 5417 decidens
1463 5362 1638 5416 dictus
1670 5368 1772 5414 est.
1809 5359 1902 5412 Ilis
1927 5373 2088 5426 porro

527 5445 902 5516 signiﬁcantur
926 5451 960 5505 ii
982 5456 1072 5522 qui
1102 5464 1387 5526 aggravata
1419 5455 1598 5509 anima
1627 5459 1774 5516 sunt,
1802 5451 1867 5504 de
1891 5447 2086 5518 quibus

602 5577 1386 5662 (3I)_Aitit_em_llieronymps
1428 5589 1620 5662 Judam
1664 5586 1971 5662 lscarintem
2027 5600 2088 5639 ex

533 5651 674 5706 tribu
705 5652 958 5723 Ephraim
987 5653 1174 5721 fuisse,
1215 5651 1274 5714 εἰ
1307 5651 1557 5722 Eusebio,
1611 5669 1666 5712 ut
1711 5657 1946 5723 vidctur_
1975 5671 2092 5710 mu-

535 5719 763 5778 tuatusf
795 5719 1169 5794 Similiterque
1203 5745 1320 5796 qua:
1372 5719 1594 5785 inferius
1641 5731 1703 5786 de
1743 5719 2088 5783 Gethse'maui

2194 4805 2405 4876 τασχὼν
2429 4807 2537 4879 γὰρ
2568 4809 2664 4878 τῆς
2687 4807 2843 4880 δόξης
2868 4809 2960 4861 τοῦ
2987 4808 3342 4862 ἁποστολικοῦ
3363 4807 3544 4879 χοροῦ,
3575 4807 3660 4861 διὰ
3675 4811 3778 4880 τῆς

2199 4901 2289 4952 ἐπὶ
2321 4899 2380 4951 τὸ
2402 4904 2578 4971 χεῖρον
2616 4901 2810 4973 ῥοπῆς,
2837 4902 3024 4970 γέγονε
3059 4902 3118 4955 τὸ
3145 4901 3303 4964 ἄνθος
3323 4902 3383 4954 τὸ
3409 4900 3638 4954 ἐκπεσὸν
3672 4901 3774 4970 τῆς

2197 4992 2372 5063 δόξης.
2411 4993 2602 5056 ’Ἄνθος
2640 4993 2696 5045 δὲ
2720 4995 2812 5046 καὶ
2840 4993 3065 5062 βλαστὸς
3091 4991 3269 5064 μιὲιρῷ
3298 4989 3529 5063 πρόσθεν
3561 4990 3777 5060 ὠνομά-

2197 5084 2350 5148 ζοντο
2373 5087 2420 5138 οἰ
2455 5084 2845 5138 ἀπόστολοιτοῦ
2873 5085 3140 5156 Σωτῆρος,
3175 5085 3232 5136 ὲν
3250 5078 3330 5147 οἷς
3362 5083 3593 5152 ἐλέγετο·
3627 5101 3644 5132 ι
3675 5081 3775 5136 Τέ-

2197 5191 2297 5228 κνα
2342 5175 2532 5229 Ἰακὼϐ
2575 5177 2882 5248 βλαστήσει,
2929 5177 3021 5230 καὶ
3062 5173 3344 5245 ὲξανθήσει
3379 5173 3614 5244 Ἰσραὴλ,
3678 5172 3772 5226 καὶ

2195 5268 2558 5340 πλησθήσεται
2593 5271 2625 5340 ἡ
2667 5269 2958 5341 οἰκουμένη
2984 5269 3074 5322 τοῦ
3102 5265 3314 5338 καρποῦ
3345 5265 3530 5318 αὐτοῦ.
3570 5284 3587 5316 ι
3633 5263 3769 5317 Ἀλλ’

2193 5358 2258 5408 ὲκ
2290 5357 2490 5411 τούτων
2514 5359 2543 5410 6
2567 5361 2844 5431 προφήτης
2873 5359 3138 5419 ἐκπεσὼν,
3165 5357 3225 5409 τὸ
3248 5355 3404 5419 ἄνθος
3447 5357 3508 5410 τὸ
3541 5353 3770 5410 ἐκπεσὸν

2194 5451 2291 5521 τῆς
2311 5450 2468 5522 δόξης
2485 5453 2810 5525 εἴρηταινΣη
2819 5451 2993 5524 μαίνει
3025 5450 3081 5503 δὲ
3099 5444 3251 5514 οὕτος
3283 5451 3311 5503 6
3341 5448 3496 5518 λόγος
3522 5449 3581 5502 τὸ
3605 5447 3772 5519 σπέρ-

2199 5588 2469 5652 dicuntur,
2509 5589 2860 5661 Hieronymus
2885 5588 3060 5644 affert.
3112 5585 3225 5643 Vox
3275 5597 3452 5643 autem
3501 5584 3764 5641 Ilebraica

2200 5673 2274 5715 est
2295 5667 2640 5740 {32331833.
2739 5705 2742 5708 .
2957 5690 2960 5694 ι
