3976 6194
280 234 390 296 285

1110 232 1113 233 ⁷
1188 242 1694 299 COMMENTARIA
1732 248 1797 300 1N
1838 250 2090 300 ISAIAM.
2126 274 2193 286 -—
2225 252 2380 300 Lar.
2425 254 2653 299 sunt.

3415 271 3527 331 286

280 371 358 425 μα
387 349 501 406 τῶν
549 351 649 424 τὴν
676 352 854 426 ψυχὴν
888 358 1354 427 πεπαχυμμένων,
1386 363 1512 433 περὶ
1549 355 1623 415 ὧν
1652 362 1843 433 ἐλέχθη

1939 362 2171 419 ηιιίειιιηι
2221 373 2327 429 est,
2397 380 2416 413 ι
2449 363 2807 416 lnerassatum
2882 370 2964 415 est
3024 360 3165 413 enim
3216 374 3309 416 cor
3350 364 3524 431 populi

282 463 304 496 c
352 444 664 515 Ἐπαχύνθη
697 445 859 517 γὰρὴ
893 448 1089 519 καρδία
1113 448 1208 502 τοῦ
1243 450 1372 505 λαοῦ
1394 453 1603 508 τούτου.
1641 474 1659 507 ι
1682 454 1860 509 τΗσαν

1964 454 2122 525 hujus
2153 455 2221 509 “.
2248 474 2268 508 ι
2312 455 2488 510 Erant-
2519 456 2701 524 itaque
2736 469 2835 509 ceu
2870 454 3138 522 quoddam
3177 453 3375 507 montis
3404 455 3522 521 pin-

278 536 467 590 τοίνυν
500 536 679 609 ὥσπερ
713 556 795 600 τις
819 540 1027 611 κορυφὴ
1055 539 1213 610 ὄρους
1241 542 1333 595 τοῦ
1363 546 1563 615 παχέος
1592 547 1641 599 οἱ
1670 547 1850 617 ἄρχον·

1961 548 2077 618 guis
2110 563 2393 614 cacumen,
2428 548 2699 618 principes
2728 546 2907 618 pOpttli
2970 545 3314 616 impinguati,
3358 552 3525 611 caput

280 648 377 691 τες
398 628 492 682 τοῦ
523 647 733 700 πεπαχυ
742 650 779 700 μ
788 632 949 700 μένου
969 632 1119 696 λαοῦ,
1147 635 1354 708 κεφαλὴ
1379 639 1733 707 τυγχάνοντες
1757 639 1857 691 αύ-

280 722 413 786 τῶν,
446 717 524 785 οἷς
548 723 791 793 συνήφθη
816 723 877 775 τὸ
910 722 1068 787 ἄνθος
1100 725 1158 777 τὸ
1190 728 1420 781 ἐκπεσὸν
1455 731 1553 799 τῆς
1573 730 1745 801 δόξης·
1779 730 1859 783 διὸ

280 816 636 879 ταλανίζεται.
684 816 827 868 Ἀντί
880 817 937 869 δὲ
985 817 1102 883 τοῦ,
1156 838 1173 869 ι
1216 821 1307 873 ἐπὶ
1341 820 1441 891 τῆς
1474 824 1713 894 κορυφῆς
1760 824 1855 877 τοῦ

280 906 436 975 ὅρους
456 904 546 958 τοῦ
575 908 797 977 παχέος,
834 927 852 959 ι
877 910 905 959 6
930 910 1025 978 μὲν
1060 909 1307 974 Ἀκύλας,
1338 931 1355 960 ‹
1386 912 1662 983 φάραγγος
1686 918 1857 984 ῥυπα-

282 996 429 1069 ριῶν,
462 1016 481 1049 )
520 999 548 1051 6
577 998 635 1051 δὲ
662 1000 976 1069 Σύμμαχος,
1010 1021 1028 1051 ι
1070 1002 1346 1073 φάραγγος
1369 1006 1653 1076 πιοτήτων,
1738 1008 1766 1058 6
1797 1007 1854 1059 δὲ

278 1089 584 1153 Θεοδοτίων,
627 1110 647 1142 ‹
683 1092 964 1163 φάραγγος
998 1093 1218 1159 πιόνων,
1264 1114 1282 1145 ι
1314 1097 1685 1167 ήρμήνευσαν·
1737 1098 1851 1169 ἡδὲ

286 1182 544 1255 Ἐδραῖκὴ
596 1186 787 1256 φωνὴ,
836 1205 854 1237 ι
896 1187 1228 1260 Γηθσημανὶ,
1290 1209 1307 1241 ι
1368 1190 1629 1261 περιέχει.
1677 1186 1849 1263 Ὅπερ

269 1276 481 1346 ἥκουσά
506 1294 653 1342 τινος
695 1279 801 1332 τῶν
829 1282 1109 1352 ἡμετέρων
1136 1284 1436 1355 ἀγαπητῶν
1466 1284 1850 1355 διασαφοῦντος

267 1367 361 1421 καὶ
409 1367 665 1437 λέγοντος
711 1370 801 1423 τὸν
835 1372 997 1425 τόπον
1037 1369 1171 1428 εἶναι
1202 1376 1293 1428 τὸν
1328 1378 1384 1429 ἐν
1414 1376 1491 1447 τῷ
1534 1377 1850 1448 Εὑαγγελίῳ

273 1479 291 1508 ι
339 1459 652 1537 Γεθσημανὶ
707 1482 724 1513 ι
760 1462 1166 1535 ὠνομασμένον,
1202 1466 1329 1520 ἔνθα
1357 1470 1384 1521 ὁ
1412 1468 1675 1546 πρᾳδότης
1711 1468 1846 1538 μετὰ

266 1550 361 1605 τοῦ
398 1554 658 1622 στεφάνου
677 1556 777 1626 τῆς
808 1555 1016 1629 ὕϐρεως
1040 1558 1279 1613 ἐπελθὼν
1307 1558 1382 1630 τῷ
1404 1561 1639 1633 Σωτῆρι,
1664 1559 1734 1616 τὰ
1750 1562 1846 1632 τῆς

268 1646 557 1716 προδοσίας
586 1649 898 1719 εἰργάσατο.
1779 1643 1782 1646 ’

1960 642 2207 697 videlicet
2227 656 2438 705 eorum,
2466 641 2662 710 quibus
2705 640 2803 695 ﬂos
2844 639 3029 710 gloria:
3074 639 3329 692 decidens
3385 652 3522 690 con.

1953 733 2173 803 junctus
2215 744 2328 798 est;
2366 735 2488 788 ideo
2533 735 2767 789 miseros
2798 734 2917 788 illos
2945 731 3223 801 prredicat.
3280 729 3385 783 Pro
3432 727 3523 783 illo

1957 836 2156 892 autem,
2190 845 2208 878 ι
2240 841 2401 896 super
2428 827 2689 881 verticem
2732 827 2931 879 montis
2963 824 3201 894 pinguis,
3226 841 3245 873 ι
3302 819 3525 888 Aquila,

1960 935 1979 968 ι
2008 918 2169 975 vallis
2220 919 2500 983 sordium;
2534 938 2552 970 ι
2612 918 2996 987 Symmachus,
3041 914 3237 968 «vallis
3289 914 3519 982 pingue»

1954 1008 2171 1075 diuum;
2204 1029 2222 1061 ι
2256 1008 2577 1075 Theodotio,
2621 1027 2639 1061 ι
2671 1009 2826 1063 vallis
2849 1008 3150 1078 pinguium,
3182 1026 3201 1057 ι
3252 1007 3520 1073 interpre-

1956 1101 2051 1153 tati
2088 1110 2246 1165 sunt;
2291 1101 2561 1155 llebraica
2612 1109 2789 1154 autem
2836 1100 3013 1163 lectio,
3054 1117 3070 1150 ι
3099 1096 3513 1156 ϐοιιιεειιιτιιιί,ι

1950 1191 2283 1246 circumfert.
2309 1192 2483 1258 Quam
2514 1206 2697 1245 vocem
2725 1192 2905 1245 audivi
2930 1191 3238 1258 quempiam
3259 1187 3519 1242 edileetis

1950 1284 2168 1348 nostris,
2220 1283 2285 1337 de
2317 1284 2453 1349 loco,
2503 1282 2595 1351 qui
2632 1283 2684 1335 in
2725 1280 3015 1349 Evangelio
3068 1296 3086 1330 ι
3116 1276 3459 1333 Gctltsetnaui
3490 1294 3513 1329 ι

1949 1376 2164 1441 dicitur,
2192 1374 2576 1444 explicantem,
2628 1373 2715 1427 tibi
2760 1372 3006 1442 proditor
3037 1385 3157 1425 cum
3202 1369 3289 1423 illa
3326 1377 3516 1423 contu-

1949 1468 2120 1522 meliae
2184 1483 2384 1524 corona
2445 1466 2794 1522 Servatorem
2862 1465 3089 1528 adiens,
3150 1460 3519 1531 proditiOuem

1946 1560 2095 1619 fecit.

350 1754 367 1785 ι
408 1736 538 1789 Ἰδοῦ
578 1713 787 1808 ἰσχυρὸν
830 1739 922 1792 καὶ
955 1740 1209 1811 σκληρὸν,
1238 1742 1266 1793 6
1296 1741 1462 1812 θυμὸς
1493 1742 1717 1812 Κυρίου,
1769 1744 1845 1807 ὡς

2014 1742 2178 1799 Vens.
2217 1744 2273 1797 2.
2321 1764 2340 1793 ι
2366 1742 2505 1796 Ecce
2537 1741 2677 1795 forte
2712 1748 2766 1794 et
2815 1739 3045 1800 durum,
3103 1735 3252 1787 furor
3302 1731 3511 1785 Domini

270 1825 482 1894 χάλαζα
509 1829 919 1900 καταφερομένη
954 1830 1052 1883 οὐκ
1084 1830 1279 1901 ἔχουσα
1310 1834 1537 1903 σκέπην,
1568 1833 1658 1905 βίᾳ
1686 1851 1847 1888 κατα-

273 1916 567 1988 φερομένη·
602 1918 676 1981 ὡς
704 1918 892 1985 ὕδατος
921 1921 1055 1975 πολὺ
1091 1921 1293 1993 πλῆθος
1326 1921 1487 1994 σύρον
1521 1922 1723 1995 χώραν,
1774 1929 1838 1997 τῇ

272 2011 344 2077 γῇ
376 2009 583 2080 ποιήσει
604 2011 897 2082 άνάπαυμα
929 2017 1047 2076 ταῖς
1063 2014 1268 2084 χερσίν.
1306 2034 1322 2066 ι
1369 2014 1523 2068 Οὕτω
1543 2016 1651 2087 γὰρ
1673 2017 1841 2089 θυμὸς

272 2102 496 2171 Κυρίου,
534 2105 681 2173 φησι,
717 2105 857 2158 κατὰ
876 2106 1077 2158 τούτων
1106 2105 1282 2159 αὐτῶν
1313 2107 1588 2161 ἐλεύσεται
1617 2108 1727 2161 τῶν
1746 2127 1842 2178 με-

238 2188 498 2246 ’θυόντων
522 2194 647 2248 ἄνευ
676 2195 842 2249 οἴνου·
874 2196 948 2259 ὼς
974 2195 1182 2268 χαλάζῃ
1212 2198 1671 2269 παραϐάλλεσθαι,
1699 2200 1839 2255 κατὰ

263 2283 506 2353 κεφαλῆς
535 2286 744 2357 ἀνδρῶν
773 2286 873 2339 ούκ
914 2287 1141 2357 ἐχούσης
1159 2289 1366 2361 σκέπην
1398 2292 1833 2363 καταρασσούσῃ.

259 2373 418 2428 οὕτω
436 2393 551 2439 πως
574 2377 664 2428 τὸν
688 2377 865 2449 θυμὸν
894 2377 986 2431 τοῦ
1015 2378 1148 2431 Θεοῦ
1182 2381 1322 2433 κατὰ
1366 2380 1472 2433 τῶν
1497 2381 1836 2454 δηλουμένων

257 2467 715 2539 ὲπενεχθήσεσθαί
731 2486 885 2540 ιρησι.

333 2578 352 2609 ι
390 2560 499 2613 Καὶ
562 2563 675 2624 τοῖς
726 2562 852 2614 ποσὶ
918 2564 1429 2636 καταπατηθήσεται
1488 2569 1517 2621 6
1576 2569 1836 2639 στέφανος

259 2648 488 2722 ὕϐρεως,
515 2654 563 2705 οξ
608 2652 866 2723 μισθωτοὶ
890 2654 985 2707 τοῦ
1015 2657 1275 2729 Ἐφραῖμ.
1312 2678 1330 2710 ι
1368 2659 1540 2713 Πάλαι
1577 2662 1675 2731 μὲν
1724 2662 1834 2735 γὰρ

255 2735 398 2812 ἦσαν
427 2743 687 2813 στέφανος
717 2745 927 2817 ὕϐρεως
956 2749 1034 2812 είς
1060 2749 1122 2801 τὸ
1150 2748 1388 2823 ὑϐρίζειν
1415 2754 1831 2824 παρατεταγμέ-

261 2850 361 2887 νοι·
392 2835 474 2887 διὸ
509 2838 603 2889 καὶ
642 2838 899 2907 στέφανος
925 2840 1297 2912 ὑπερηφανίας
1317 2842 1576 2912 ἐλέγοντο·
1602 2843 1753 2909 τέλος
1776 2845 1832 2898 δὲ

262 2927 463 2990 αὐτοὺς
498 2927 809 2999 διαλήψεται
840 2932 1099 2996 τοιοῦτον,
1129 2934 1205 2997 ὡς
1252 2935 1695 3007 καταπατηθῆναι
1735 2938 1832 2990 αύ-

259 3019 410 3083 τούς·
442 3020 521 3073 διὸ
548 3020 641 3075 καὶ
670 3024 1120 3097 κατεπατήθησαν
1154 3025 1257 3079 ὑπό
1282 3043 1341 3079 τε
1370 3026 1477 3079 τῶν
1507 3028 1830 3083 καταδουλω-

262 3113 515 3181 σαμένων
547 3114 738 3178 αὐτοὺς
771 3117 1063 3188 πολεμίων·
1118 3119 1166 3171 οἳ
1215 3119 1308 3171 καὶ
1339 3117 1435 3189 τὴν
1470 3119 1621 3173 πόλιν
1653 3121 1829 3177 αὐτῶν

260 3203 474 3269 ἑαυτοῖς
502 3209 780 3281 καταπατή
790 3227 934 3279 ματα
960 3210 1310 3281 πεποιήκασι.

332 3404 351 3437 ι
379 3386 491 3439 Καὶ
522 3386 673 3441 ἔσται
716 3391 775 3444 τὸ
807 3392 965 3457 ἄνθος
996 3395 1056 3447 τὸ
1083 3396 1313 3450 ἐκπεσὸν
1346 3399 1442 3468 τῆς
1471 3398 1681 3463 ἐλπίδος
1732 3400 1830 3470 τῆς

250 3474 410 3546 δόξης
454 3478 542 3529 ἐπ’
572 3479 739 3550 ἄκρου
773 3482 866 3535 τοῦ
887 3483 1045 3554 ὅρους
1068 3486 1163 3539 τοῦ
1194 3488 1510 3558 ὑψηλοῦ·ιῦς
1526 3492 1830 3564 πρόδρομος

254 3567 441 3619 σύκου·
478 3568 603 3624 ἰδὼν
650 3572 801 3638 αύτὸ,
852 3575 979 3645 πρὶν
1030 3579 1107 3639 είς
1137 3579 1235 3650 τὴν
1266 3584 1421 3653 χεῖρα
1454 3583 1616 3635 αὐτοῦ
1647 3583 1829 3637 λαϐεῖν

254 3659 410 3722 αὐτὸ,
446 3660 659 3732 θελήσει
702 3663 831 3717 αὐτὸ
868 3671 1173 3723 καταπιεῖν.
1219 3689 1236 3721 ι
1288 3672 1537 3736 Τοιοῦτος
1564 3675 1621 3728 δέ
1646 3692 1729 3739 τις
1759 3671 1829 3745 ἦν

252 3750 284 3802 6
323 3748 539 3814 Ἰούδας,
574 3751 732 3815 ἄνθος
767 3755 865 3824 μὲν
897 3757 1152 3824 γεγονὼς,
1182 3759 1316 3812 ἀλλὰ
1346 3762 1588 3817 ἐκπεσὼν
1621 3765 1717 3834 τῆς
1742 3763 1830 3816 ἐλ-

255 3838 413 3903 πίδος
438 3840 567 3910 ὁμοῦ
598 3845 692 3896 καὶ
725 3846 821 3913 τῆς
852 3846 1026 3918 δόξης.
1065 3850 1175 3902 Καὶ
1215 3850 1382 3904 πάλαι
1419 3854 1515 3922 μὲν
1544 3854 1826 3924 τυγχάνων

254 3933 444 3985 ἐπάνω
473 3934 626 4005 ὅρους
650 3937 744 3989 τοῦ
775 3939 1000 4009 ὑψηλοῦ,
1030 3942 1157 4011 περὶ
1188 3939 1247 3997 οὗ
1274 3944 1474 4013 προῖὼν
1502 3946 1529 3997 6
1549 3950 1828 4019 προφήτης

251 4024 443 4093 φησίν·
471 4046 487 4077 ι
514 4028 768 4101 Ἐπ’,δρος
793 4031 990 4101 ὑψηλὸν
1019 4033 1267 4104 ἀνάϐηθι,
1293 4038 1320 4088 6
1344 4036 1825 4109 εὐαγγελιζόμενος

249 4114 412 4176 Σιών.
446 4138 465 4170 ι
520 4120 678 4173 Ἀλλά
710 4123 899 4190 γέγονε
944 4124 1181 4188 τοιοῦτός
1234 4144 1337 4190 τις,
1369 4127 1444 4191 ὡς
1496 4130 1823 4200 ὁμοιωθῆναι

247 4211 542 4284 προδρόμῳ
574 4213 758 4278 σύκου,
809 4217 1004 4290 καρπῷ
1037 4219 1466 4291 ἁτελεσιρορήτῳ,
1507 4223 1691 4294 ὡραίῳ
1725 4222 1824 4293 μὲν

247 4305 346 4356 καὶ
375 4305 524 4376 καλῷ
554 4310 621 4377 τῇ
666 4307 784 4377 θέα,
826 4309 1081 4381 ἀχρήστῳ
1114 4310 1168 4363 δὲ
1199 4311 1371 4375 ἄλλως
1411 4313 1496 4365 διὰ
1548 4315 1609 4367 τὸ
1638 4314 1824 4379 ἀτελὲς

1944 1835 2083 1887 sicut
2132 1834 2337 1903 grando
2401 1831 2621 1900 delapsa
2680 1845 2785 1883 non
2850 1827 3056 1882 habens
3115 1821 3509 1885 umbrticulum,

1942 1941 2059 1995 qua:
2083 1926 2349 1979 violenter
2391 1925 2592 1978 decidit
2630 1940 2644 1981 :
2677 1922 2816 1976 sicut
2843 1934 2996 1989 aqua:
3038 1919 3119 1971 vis
3165 1929 3358 1985 magna
3395 1923 3512 1966 tra»

1942 2016 2077 2071 hens
2110 2016 2382 2085 regionem
2418 2029 2432 2067 :
2471 2015 2523 2067 in
2560 2024 2703 2067 terra
2730 2012 2891 2065 faciet
2922 2009 3156 2078 quietem
3184 2006 3451 2059 manibus.
3484 2019 3507 2055 ι

1941 2105 2038 2171 Ita,
2080 2106 2274 2175 inquit,
2305 2104 2455 2159 furor
2484 2104 2695 2159 Domini
2730 2117 2824 2157 eos
2861 2102 2953 2170 qui
2983 2100 3117 2154 ebrii
3154 2107 3278 2154 sunt
3310 2096 3512 2165 absque

1940 2198 2085 2261 vino,
2138 2199 2424 2251 invasurus
2482 2205 2601 2259 est,
2657 2204 2716 2249 ut
2764 2192 3011 2264 grandini
3065 2198 3410 2260 comparetur
3456 2189 3510 2242 in

1938 2292 2109 2361 capita
2135 2292 2373 2345 virorum
2404 2298 2711 2359 legumento
2745 2286 2988 2341 carentia
3016 2283 3245 2352 delapsa:
3280 2302 3292 2336 :
3318 2281 3508 2335 eodem

1937 2385 2095 2440 modo
2140 2386 2376 2439 furorem
2413 2382 2505 2438 Dei
2559 2381 2873 2437 memoratis
2917 2376 3227 2433 hominibus
3268 2372 3508 2427 inferen-

1936 2480 2059 2532 dum
2088 2478 2348 2547 prmdicit.

2009 2568 2169 2625 Vens.
2209 2570 2262 2624 3.
2311 2588 2327 2620 ι
2359 2569 2425 2622 Et
2452 2568 2680 2636 pedibus
2708 2566 3115 2621 conculcabitur
3141 2575 3341 2616 corona
3375 2574 3506 2613 con-

1936 2662 2205 2728 tumeliae,
2262 2662 2583 2716 mercenarii
2635 2660 2959 2729 Epitraim.)
3036 2655 3175 2709 Olim
3237 2650 3503 2721 siquidem

1933 2769 2128 2808 corona
2160 2752 2500 2808 contumelia:
2522 2760 2715 2817 erant,
2748 2752 2813 2805 ad
2858 2748 3193 2805 inferendam
3222 2752 3504 2801 contume-

1931 2845 2057 2900 liam
2107 2846 2394 2910 instructi;
2446 2854 2776 2916 quapropter
2813 2857 3009 2898 corona
3065 2841 3193 2895 item
3241 2836 3505 2907 superbia

1930 2937 2295 3003 vocabantur;
2336 2936 2457 2991 talis
2492 2946 2669 2990 autem
2704 2936 2825 2990 finis
2858 2943 3221 3003 occupaturus
3258 2946 3351 2985 eos
3385 2940 3502 2991 est.

1932 3037 1988 3081 ut
2017 3028 2403 3083 conculcentur
2432 3046 2446 3082 :
2479 3036 2533 3082 et
2568 3042 2700 3081 sane
2728 3025 3034 3081 conculcati
3056 3033 3190 3079 sunt
3222 3023 3290 3076 ab
3316 3021 3500 3076 inlini-

1933 3123 2031 3185 cis,
2065 3121 2156 3190 qui
2198 3122 2342 3191 ipsos
2371 3121 2421 3175 in
2457 3119 2775 3174 servitutem
2809 3120 3135 3187 redegerunt
3167 3134 3180 3169 :
3211 3116 3302 3183 qui
3333 3114 3496 3166 etiam

1929 3215 2204 3269 civitatem
2248 3229 2433 3270 eorum
2471 3211 2738 3267 calcaneis
2782 3210 2897 3265 suis
2943 3208 3292 3264 obterendum
3338 3218 3498 3258 cura-

1931 3318 2160 3451 mt’lens.
2214 3397 2264 3450 ι.
2326 3415 2345 3448 ι
2372 3396 2435 3451 Ει
2485 3396 2589 3449 erit
2638 3393 2739 3450 ﬂos
2773 3394 2860 3463 qui
2899 3390 3095 3447 decidit
3147 3390 3212 3444 de
3246 3401 3340 3456 spe
3380 3384 3499 3456 glo-

1931 3493 2044 3554 τίω,
2092 3491 2146 3545 in
2197 3490 2398 3543 vertice
2448 3488 2647 3543 montis
2700 3484 2936 3549 excelsi;
2988 3484 3128 3537 sicut
3180 3485 3499 3549 praematura

1930 3586 2107 3648 ficus;
2153 3582 2243 3652 qui
2283 3581 2481 3635 viderit
2531 3596 2685 3643 eam,
2728 3579 3040 3647 priusquam
3090 3582 3267 3627 sumat
3311 3584 3526 3633 manu,'

1929 3676 2105 3743 cupiet
2139 3689 2255 3729 eam
2291 3674 2570 3729 devorare.
2605 3691 2624 3724 ι
2682 3669 2827 3723 Talis
2856 3676 2976 3723 erat
3021 3664 3211 3728 Judas,
3272 3663 3362 3730 qui
3398 3660 3498 3717 flos

1930 3780 2059 3820 sane
2084 3764 2288 3831 fuerat;
2334 3779 2520 3819 verum
2546 3765 2611 3818 de
2642 3777 2737 3833 spe
2768 3759 2930 3815 simul
2960 3768 3010 3813 et
3058 3760 3121 3812 de
3148 3754 3325 3825 gloria
3348 3752 3498 3808 deci-

1927 3860 2025 3913 dit.
2060 3859 2125 3913 Et
2149 3857 2274 3912 olim
2305 3856 2522 3926 quidem
2559 3871 2721 3925 supra
2770 3862 3004 3908 montem
3044 3848 3318 3905 excelsum
3354 3853 3494 3912 erat,

1927 3952 1992 4006 de
2041 3966 2145 4019 quo
2199 3953 2251 4005 in
2284 3950 2663 4019 {sequentibus
2714 3947 2976 4017 praplteta
3041 3944 3212 4008 dicit,
3273 3938 3496 4009 «Supra

1926 4053 2160 4097 montem
2188 4042 2460 4098 excelsum
2503 4040 2734 4096 ascende
2754 4080 2769 4105 ,
2808 4040 2896 4109 qui
2922 4038 3262 4105 evangelizas
3291 4035 3442 4090 Sion.
3469 4052 3490 4085 ι

1930 4134 2123 4188 Verum
2154 4134 2240 4186 ille
2270 4134 2389 4187 talis
2427 4133 2623 4195 evasit,
2658 4143 2717 4186 ιιι
2750 4141 3090 4202 praematura:
3122 4130 3244 4182 fleui
3274 4141 3497 4196 compa-

1928 4234 2161 4288 raretur,
2196 4224 2511 4290 imperfecto
2558 4223 2766 4278 scilicet
2812 4222 3049 4285 fructui;
3096 4219 3341 4288 specioso
3370 4216 3494 4286 qui--

1929 4320 2046 4374 dem
2083 4333 2147 4371 ac
2187 4318 2358 4371 forma
2410 4316 2657 4387 pulchro,
2714 4314 2808 4370 sed
2844 4314 2977 4367 alias
3022 4310 3195 4367 inutili
3224 4348 3238 4372 ,
3270 4310 3395 4377 quia
3423 4305 3494 4361 ob

242 4394 345 4448 τοῦ
382 4397 517 4467 πρὸς
544 4399 747 4470 τροφὴν
776 4400 1081 4471 ἐπιτηδείου
1116 4404 1346 4475 καρποῦ.
1399 4407 1490 4458 Διὸ
1524 4407 1823 4478 πρόδρομον

1952 4410 2385 4481 mperfectionem
2439 4409 2671 4464 nondum
2720 4408 2835 4462 esui
2890 4416 3046 4475 aptus
3098 4403 3304 4456 fructus
3349 4407 3489 4454 erat.

245 4488 414 4541 αὐτὸν
452 4490 741 4561 γενόμενον
784 4492 1106 4564 τεθεαμένος
1131 4498 1157 4549 6
1191 4496 1295 4549 τῶν
1329 4497 1505 4551 καλῶν
1534 4498 1818 4569 βάσκανος,

242 4581 574 4653 προήρπασε
608 4583 861 4647 σπεύσας·
920 4586 995 4648 ὡς
1049 4586 1266 4659 θελῆσαι
1327 4590 1486 4643 αὐτὸν
1538 4595 1822 4645 καταπιεῖν

241 4674 380 4744 πρὶν
412 4672 444 4743 ἦ
476 4674 573 4744 τῆς
603 4675 785 4746 χειρὸς
808 4676 1175 4733 ἐπιλαϐέσθαι·
1202 4680 1342 4734 οὕτω
1381 4681 1509 4751 γοῦν
1547 4683 1703 4735 αὑτὸν
1729 4685 1821 4736 καὶ

240 4765 509 4818 κατέπιεν
541 4767 659 4836 ίσχύ
668 4784 783 4831 σας.
835 4812 841 4818 .

324 4876 344 4908 r
387 4857 466 4929 Τῇ
500 4860 684 4932 ἡμέρᾳ
712 4862 893 4934 ἐκείνῃ
948 4861 1100 4916 ἔσται
1135 4864 1337 4935 Κύριος
1367 4866 1590 4921 Σαϐαὼθ
1638 4871 1666 4921 6
1706 4870 1823 4920 στὲο

238 4966 413 5017 (pavo;
454 4951 551 5022 τῆς
579 4953 809 5017 ἐλπίδος,
845 4957 873 5008 6
920 4955 1146 5020 πλακεὶς
1176 4958 1273 5027 τῆς
1325 4957 1499 5026 δόξης,
1536 4959 1612 5029 τῷ
1659 4977 1823 5013 κατα-

234 5040 517 5109 λειφθέντι
569 5045 662 5098 τού
692 5046 841 5099 λαοῦ.
878 5049 1408 5121 Καταλειφθήσονται
1439 5052 1496 5104 δὲ
1522 5053 1614 5104 ἐπὶ
1659 5054 1821 5106 πνεύ-

242 5149 382 5201 ματι
411 5133 641 5205 κρίσεως
676 5138 767 5189 ἐπὶ
796 5136 995 5209 κρίσιν,
1039 5140 1133 5193 καὶ
1187 5142 1337 5211 ίσχὺν
1381 5143 1693 5195 κωλυόντων
1728 5144 1822 5197 ἀν-

236 5223 407 5275 ελεῖν.
446 5244 463 5275 ›
492 5227 661 5296 Δῆλον
690 5228 745 5281 δὲ
772 5230 852 5283 ὅτι
876 5233 985 5294 τοῖς
1020 5228 1436 5302 περιλειφθεῖσιν
1470 5236 1533 5287 ἐκ
1577 5235 1677 5305 τῆς
1720 5235 1813 5288 τοῦ

234 5315 448 5379 παντὸς
479 5316 607 5371 λαοῦ
636 5321 928 5385 ἀπωλείας·
958 5317 1099 5376 οὗτοι
1118 5324 1175 5376 δὲ
1204 5320 1341 5395 ἦσαν
1367 5327 1415 5379 oi
1438 5325 1531 5378 τοῦ
1568 5327 1815 5399 ἃυτῆρος

231 5407 529 5462 ἀπόστολοι
544 5429 602 5464 τε
635 5413 727 5466 καὶ
755 5414 1008 5486 μαθηταί·
1039 5414 1197 5468 αὐτὸν
1230 5416 1336 5488 γάρ
1362 5418 1573 5472 ἔσεσθαι
1593 5419 1681 5472 τὸν
1700 5420 1809 5473 Κύ-

239 5516 361 5572 ριον
394 5502 653 5572 στέφανον
682 5504 892 5570 ἐλπίδος
914 5508 1321 5580 ἐπαγγέλλεται.
1418 5536 1423 5541 ~

238 5680 287 5713 ’δ
319 5679 484 5736 Matth
545 5698 664 5741 sm.
700 5686 782 5739 15.

1928 4503 2284 4571 Quamobrem
2331 4510 2711 4571 praematurum
2756 4496 2877 4554 eum
2931 4495 3283 4563 conspicatus
3322 4494 3494 4547 bono-

1930 4611 2043 4650 rum
2076 4595 2290 4650 invidus
2334 4594 2455 4656 ille,
2502 4594 2822 4648 festinanter
2862 4588 3157 4661 praeripuit,
3202 4587 3275 4640 ita
3319 4593 3376 4638 ut
3407 4584 3491 4638 vel

1927 4702 2213 4757 antequam
2244 4686 2394 4742 illum
2427 4700 2588 4741 manu
2622 4694 2861 4756 caperet,
2908 4683 3167 4737 devorare
3193 4676 3355 4733 vellet
3388 4695 3403 4731 :
3437 4686 3493 4732 et

1923 4784 2001 4837 sic
2034 4797 2157 4837 vere
2177 4782 2479 4843 devoravit,
2515 4783 2639 4851 quia
2670 4777 2954 4849 pra-valuit
2986 4776 3109 4847 ipsi.

1995 4872 2134 4928 Vens
2191 4873 2245 4938 5.
2293 4872 2348 4931 6.
2411 4892 2429 4925 ι
2462 4872 2515 4927 In
2556 4874 2643 4927 die
2683 4872 2772 4926 illa
2809 4871 2913 4925 erit
2964 4867 3219 4923 Dominus
3249 4865 3502 4921 Sabaoth-

1918 4982 2116 5021 corona
2172 4970 2306 5035 spei,
2355 4981 2474 5036 quae
2530 4964 2853 5033 complicata
2902 4969 2987 5016 est
3037 4960 3218 5030 gloria:
3274 4956 3488 5011 residuo

1919 5056 2113 5125 populi.
2174 5057 2566 5128 Relinqueutur
2617 5065 2795 5109 autem
2833 5055 2887 5109 in
2947 5054 3138 5122 spiritu
3194 5049 3383 5118 iudicii
3431 5048 3484 5104 in

1913 5146 2171 5215 judicium
2215 5157 2269 5203 et
2319 5148 2689 5202 fortitudinem
2740 5148 3038 5202 vetantium
3096 5142 3422 5199 interficere.
3462 5160 3491 5195 ιν

1923 5236 2177 5293 Videlicet
2204 5239 2268 5293 iis
2306 5240 2395 5309 Qui
2425 5255 2455 5293 a
2491 5239 2653 5293 totius
2679 5238 2857 5307 populi
2888 5236 3055 5291 exitio
3084 5234 3442 5291 remanserint
3470 5251 3485 5287 :

1922 5330 1972 5384 Ιιὶ
2014 5339 2191 5386 autem
2237 5341 2392 5386 erant
2448 5330 2674 5399 apostoli
2731 5340 2786 5386 et
2825 5328 3072 5399 discipuli
3136 5327 3481 5384 Salvatoris:

1924 5421 2093 5489 ipsum
2121 5423 2315 5494 quippe
2352 5421 2632 5479 Dominum
2664 5435 2920 5480 coronam
2952 5420 3065 5493 spe’i
3096 5418 3335 5476 futurum
3367 5432 3489 5473 esse

1924 5514 2227 5582 pollicetur.
