4072 6194
458 261 570 321 ’29ὶ

1137 252 1404 310 EUSEBll
1443 250 1922 310 CESARIENSlS
1959 251 2108 306 ΟΡΡ.
2152 250 2333 304 PARS
2369 249 2458 304 lll.
2497 272 2560 288 '—-
2603 248 3016 304 EXEGETICA.
3083 297 3096 309 .

3597 249 3710 307 Q9!

471 392 620 450 pere,
676 390 776 431 non
834 373 886 427 in
935 387 993 428 se
1043 381 1326 427 venturam
1373 386 1495 427 esse
1535 371 1850 442 sperabant,
1900 373 2037 441 quod

2144 368 2282 424 εἶναι
2315 373 2380 442 τῇ
2431 370 2782 443 ἀντικειμένῃ
2819 370 3045 440 δυνάμει
3076 371 3169 422 καὶ
3205 367 3454 441 αὐτῷ.τῷ
3483 368 3709 443 θανάτῳ,
3763 395 3768 398 ·

472 471 572 539 ipsi
609 467 935 522 adversarize
983 467 1238 536 potestati
1296 475 1348 518 et
1399 465 1559 519 morti
1609 463 2039 531 amicitiajuncti

469 571 688 616 essent:
721 561 841 615 ideo
872 579 891 611 c
922 559 1122 620 audite,
1150 580 1169 611 ι
1207 558 1403 627 inquit,
1446 575 1466 608 ι
1495 557 1717 611 verbum
1753 555 1982 610 Domini.
2017 575 2035 608 ι

540 653 701 706 Vens.
733 651 822 705 l6.
864 669 884 702 ι
911 650 1202 719 Pr0pterea
1255 649 1369 704 lucc
1409 648 1540 703 dicit
1571 649 1873 702 Dominus:
1907 649 2042 704 Ecce

466 743 875 812 egoimmittam
923 744 974 796 in
1021 741 1368 796 fundamenta
1415 741 1545 795 Sion
1573 741 1803 810 lapidem
1839 743 2043 812 pretio-

467 849 609 900 sum,
662 835 916 900 elecmm,
969 835 1304 905 angularcnt,
1361 833 1738 889 bonorabilem
1771 834 1820 887 in
1851 834 2043 889 funda-

455 939 646 982 :menta
679 927 835 996 ejus;
871 936 924 983 ct
956 929 1046 998 qui
1075 927 1374 982 crediderit
1416 928 1469 980 in
1518 942 1603 993 eo,
1663 943 1767 980 non
1802 925 2044 981 confun-

467 1020 652 1077 detur.
696 1039 715 1072 ι
779 1021 886 1075 Vos
939 1019 1160 1090 quidem
1205 1021 1435 1086 primum
1483 1021 1636 1074 vobis
1693 1021 2039 1088 praedicatam

471 1115 699 1184 gratiam
741 1128 848 1167 non
882 1110 1202 1180 suscepistis
1237 1129 1252 1166 :
1288 1126 1385 1180 ego
1417 1126 1545 1164 vero
1589 1109 1825 1180 lapidem
1863 1127 2038 1166 meum

454 1206 766 1274 :pretiosum
809 1213 864 1260 et
909 1204 1282 1260 Itonorabilem
1335 1205 1386 1257 in
1442 1202 1653 1274 angulis
1680 1205 2039 1268 constituens,

463 1295 738 1350 excelsum
775 1310 924 1360 eum,
960 1295 1247 1358 illustrem,
1290 1296 1651 1366 omnibusque
1700 1295 1822 1349 aliis
1870 1298 2043 1350 mani-

466 1387 660 1442 festum
701 1388 920 1452 faciam,
963 1397 1022 1442 ut
1050 1388 1297 1458 quisquis
1332 1388 1382 1442 in
1411 1388 1579 1456 ipsum
1623 1388 1934 1454 crediderit,
1977 1404 2042 1442 ne

466 1492 559 1547 spe
595 1477 828 1532 labatur.
882 1478 1037 1533 Hunc
1079 1493 1243 1546 porro
1293 1479 1523 1547 lapidem
1576 1478 1628 1533 in
1678 1479 2042 1534 fundamentis

468 1569 598 1623 Sion
645 1586 704 1625 se
734 1571 1034 1638 positurum
1086 1571 1396 1640 pollicetur,
1431 1571 1574 1642 quod
1631 1572 1794 1627 etiam
1839 1571 2037 1639 effecit,

465 1677 590 1715 cum
625 1664 728 1718 hoc
751 1665 955 1718 dictum
1004 1663 1316 1732 complevit,
1367 1683 1385 1714 ι
1419 1663 1593 1734 Supra
1638 1674 1843 1733 petram
1871 1666 2037 1720 :edili-

467 1755 602 1810 cabo
643 1756 940 1811 Ecclesiam
973 1772 1146 1809 meam
1182 1755 1248 1810 ".
1281 1775 1300 1808 ι
1338 1755 1472 1809 Nam
1511 1767 1750 1812 montem
1778 1758 1906 1812 Sion
1945 1775 2042 1827 pro

465 1849 775 1918 evangelica
803 1847 1208 1917 praedicatione,
1245 1856 1300 1901 et
1333 1863 1429 1917 pro
1461 1846 1702 1902 Ecclesia
1738 1863 1899 1917 supra
1921 1865 2040 1904 eam

466 1939 688 1994 fundata
739 1940 1061 2010 plerumque
1106 1941 1441 2009 accepimus.
1492 1939 1650 1994 llunc
1701 1955 1863 2010 porro
1905 1940 2041 2009 lapi-

466 2033 588 2087 dcm
618 2033 936 2103 pretiosum,
985 2031 1217 2086 electum
1256 2041 1310 2085 et
1358 2030 1733 2085 bonorabilem
1767 2033 1818 2084 in
1850 2030 2042 2084 funda-

465 2136 642 2179 menta
701 2124 951 2178 Ecclesia:
991 2139 1052 2178 se
1103 2123 1406 2192 positurum
1460 2122 1763 2191 promittit;
1809 2121 2042 2190 indeque

462 2224 546 2269 est
582 2217 723 2284 quod
776 2215 1052 2283 angularis
1086 2222 1140 2267 et
1175 2229 1422 2267 summus
1468 2213 1752 2283 augularis
1790 2224 2034 2269 vocetur.

464 2305 766 2362 Humanum
797 2315 977 2359 autem
1014 2305 1313 2359 Salvator-is
1371 2303 1539 2357 nostri
1589 2319 1786 2372 corpus
1819 2303 1900 2357 sic
1937 2319 2034 2355 vo-

467 2400 582 2455 cari
621 2399 813 2469 potuit.
842 2396 1124 2467 quoniam,
1178 2395 1478 2450 secundum
1514 2393 1815 2458 Danielem,
1851 2411 1868 2443 ‹
1902 2391 2037 2460 lapis

461 2490 674 2546 excisus
700 2490 818 2545 sine
849 2490 1123 2551 manibus,
1161 2507 1182 2541 ι
1220 2487 1373 2542 visus
1400 2486 1536 2553 fuit;
1567 2486 1641 2540 ita
1675 2495 1731 2539 ut
1760 2485 1896 2552 lapis
1919 2487 2037 2554 qui-

459 2571 582 2637 Idem
607 2599 704 2652 pro
734 2582 969 2636 humano
997 2594 1246 2649 corpore,
1279 2592 1434 2632 mons
1465 2592 1564 2646 pro
1587 2575 1887 2630 Salvatoris
1918 2576 2032 2631 dei.

464 2685 593 2740 tate,
633 2675 986 2746 intelligatur.

459 2827 464 2831 ,
532 2768 698 2823 Vens.
731 2769 817 2825 l7.
855 2788 871 2819 ι
901 2765 968 2820 Ει
995 2781 1190 2837 ponam
1220 2764 1484 2832 judicium
1515 2763 1567 2818 in
1604 2777 1784 2833 spem:
1830 2760 2043 2816 miseri-

461 2845 648 2915 cordia
677 2868 859 2913 autem
909 2873 1024 2912 mea
1074 2858 1128 2911 in
1180 2859 1458 2924 pondera;
1495 2864 1550 2909 et
1583 2855 1678 2924 qui
1714 2855 1877 2908 liditis
1923 2853 2039 2909 fru-

457 2935 571 3028 stra
606 2951 907 3014 mendacio,
961 2950 1089 3018 quia
1147 2964 1251 3002 non
1309 2947 1663 3017 pertransibit
1706 2960 1800 3001 vos
1829 2955 2037 3016 tempe-

464 3052 597 3097 stas.
631 3061 650 3094 ι
697 3033 1004 3095 Secundum
1035 3040 1271 3108 reliquos
1310 3049 1489 3092 autem
1528 3043 1858 3107 interpretes
1893 3057 1911 3089 ‹
1944 3042 2034 3109 qui
2063 3069 2105 3125 ο

465 3135 656 3198 credit,
695 3149 798 3187 non
841 3123 1140 3186 festinabit.
1177 3151 1195 3184 ι
1234 3131 1370 3185 Nam
1416 3131 1508 3200 qui
1560 3132 1754 3196 credit,
1785 3147 2036 3200 perseve-

458 3235 647 3281 ranter
676 3233 816 3294 aget,
843 3240 954 3278 rem
988 3224 1153 3277 verbo
1185 3224 1507 3294 promissam
1557 3231 1900 3291 exspectans.
1936 3223 2033 3280 Hic

459 3325 592 3372 vero
625 3318 760 3386 lapis
791 3316 972 3382 fuerit,
1010 3316 1233 3384 ipsaque
1260 3326 1411 3385 petra
1447 3315 1512 3369 de
1539 3329 1645 3385 qua
1686 3313 1937 3368 Salvator
1957 3314 2033 3368 di-

463 3409 642 3476 cebat,
685 3430 702 3463 ι
740 3410 914 3478 Super
960 3410 1100 3463 lianc
1146 3419 1354 3478 petram
1403 3407 1682 3463 aediﬁcabo
1732 3407 2033 3463 Ecclesiam

463 3517 660 3558 meam.
697 3522 716 3554 ι
751 3501 848 3556 llic
883 3501 1040 3571 lapis,
1070 3501 1154 3555 vel
1189 3516 1308 3555 cum
1331 3499 1622 3570 judicabit,
1656 3517 1905 3571 magnam
1931 3486 2033 3565 'iis,

465 3596 532 3652 de
561 3594 756 3665 quibus
793 3595 1058 3663 judicium
1111 3595 1436 3660 instituitur,
1469 3609 1620 3664 spem
1656 3594 1870 3660 all‘eret,
1906 3596 2032 3664 quia

463 3693 588 3763 ipsi,
611 3673 918 3762 justissima
951 3691 1189 3760 pondere
1232 3698 1287 3741 et
1331 3703 1608 3753 mensura,
1662 3685 2032 3742 misericordia

462 3786 812 3857 adiungitur;
845 3781 1196 3850 quamobrem
1232 3778 1474 3831 dicitur:

537 3877 696 3932 Vens.
734 3875 819 3928 18.
863 3891 882 3924 ι
917 3870 1284 3926 Misericordia
1322 3880 1502 3921 autem
1537 3881 1654 3921 mea
1686 3866 1738 3920 in
1770 3865 2030 3936 pondera.

459 3971 529 4026 Et
569 3985 672 4023 non
700 3966 908 4020 auferet
956 3964 1108 4018 vobis
1155 3970 1539 4017 testamentum
1572 3960 1791 4015 mortis;
1829 3971 1883 4013 et
1906 3973 2032 4026 spes

460 4069 641 4116 vestra
681 4059 734 4111 in
769 4056 1064 4122 infernum,
1097 4070 1202 4109 non
1236 4053 1615 4123 permanebit:
1669 4051 1904 4120 procella
1937 4066 2030 4106 ve-

462 4155 616 4210 niens
644 4152 688 4207 si
718 4149 1018 4214 transierit,
1062 4148 1218 4203 eritis
1254 4147 1327 4200 illi
1379 4148 1431 4200 in
1479 4146 1964 4200 ronculcationem.
1998 4163 2016 4195 ι

458 4247 539 4305 Ne
563 4262 659 4302 vos
694 4243 793 4314 ipsi
833 4241 1136 4311 accipiatis,
1197 4240 1393 4309 inquit,
1435 4239 1725 4293 dicentes:
1766 4240 2031 4304 Quoniam

461 4341 655 4396 mortis
689 4335 848 4392 amici
880 4349 1108 4400 ,sumus,
1157 4347 1264 4387 non
1297 4333 1464 4386 irruet
1494 4331 1547 4384 in
1575 4345 1672 4385 nos
1718 4339 2028 4399 tempestas,

2145 466 2328 537 φησιν,
2365 483 2384 516 ‹
2415 463 2681 518 ἀκούσατε
2714 463 2870 532 λόγον
2901 463 3127 534 Κυρίου.
3171 481 3190 515 ι

2220 667 2237 697 ι
2268 646 2366 700 Διὰ
2384 646 2540 700 τοῦτο
2562 646 2688 700 τάδε
2730 645 2878 714 λέγει
2911 646 3127 718 Κύριος·
3169 647 3298 700 Ἰδοὺ
3338 647 3447 716 ἐγὼ
3497 645 3720 718 ἐμϐαλῶ

2143 743 2222 804 είς
2248 742 2314 794 τὰ
2344 739 2566 812 θεμέλια
2601 739 2741 794 Σιὼν
2764 739 2908 793 λίθον
2938 740 3221 810 πολυτελῆ,
3253 741 3528 805 ἐκλεκτὸν,
3553 743 3722 812 ἀκρο-

2143 837 2413 902 γωνιαῖον,
2467 832 2683 903 ἔντιμον
2733 833 2812 896 είς
2836 832 2904 886 τὰ
2953 832 3176 904 θεμέλια
3207 833 3396 903 αὐτῆς·
3431 835 3524 887 καὶ
3555 835 3585 886 ὁ
3632 851 3722 886 πι-

2145 925 2347 978 στεύων
2382 926 2467 978 ὲπ’
2498 923 2670 994 αὐτῷ,
2702 924 2763 977 ού
2798 923 2872 996 μὴ
2907 925 3292 996 καταισχυνθῇ.
3330 944 3348 975 ι
3410 926 3598 995 Ὑμεῖς
3623 925 3722 995 μὲν

2141 1018 2202 1070 ού
2233 1016 2601 1088 παρεδέξασθε
2645 1016 2746 1087 τὴν
2773 1015 3005 1086 πρώτως
3032 1017 3158 1087 ὑμῖν
3188 1014 3721 1085 κατεπαγγελθεῖσαν

2144 1107 2322 1177 χάριν·
2373 1104 2480 1174 ἐγὼ
2527 1106 2583 1158 δὲ
2617 1106 2707 1158 τὸν
2740 1092 2977 1176 ἐμαυτοῦ
3002 1105 3148 1159 λίθον
3189 1106 3277 1159 τὸν
3307 1105 3568 1177 πολυτελῆ
3624 1107 3720 1158 καὶ

2142 1200 2320 1269 τίμιον
2349 1201 2405 1252 ἐν
2441 1199 2803 1271 ἀκρογωνίαις
2839 1198 3077 1262 ἀναθεὶς,
3104 1198 3305 1270 ὑψηλὸν
3329 1201 3423 1253 καὶ
3456 1201 3716 1270 ἐπιφανῆ,

2143 1294 2362 1355 καὶτοῖς
2384 1291 2562 1356 ἄλλοις
2585 1295 2750 1346 πᾶσιν
2785 1291 3006 1361 ἔκδηλον
3034 1295 3265 1362 ποιήσω,
3299 1293 3446 1356 ὅπως
3474 1295 3580 1357 πᾶς
3628 1295 3718 1346 ἐπ’

2143 1383 2302 1435 αὑτὸν
2336 1382 2607 1436 πιστεύων
2659 1382 2733 1453 μὴ
2783 1382 2991 1455 ἐκπέσῃ
3022 1382 3120 1452 τῆς
3153 1381 3392 1445 ἐλπίδος.
3421 1381 3619 1435 Τοῦτον
3662 1381 3720 1435 δὲ

2142 1475 2231 1528 τὸν
2257 1476 2401 1529 λίθον
2419 1474 2812 1543 ἐπαγγέλλεται
2837 1473 3021 1545 θήσειν
3051 1475 3131 1537 εἰς
3157 1474 3224 1526 τὰ
3258 1474 3484 1544 θεμέλια
3515 1473 3675 1537 Σιὼν,
3692 1473 3721 1527 ὃ

2141 1568 2205 1640 δὴ
2259 1569 2351 1622 καὶ
2397 1568 2542 1639 ἔργῳ
2575 1568 2893 1636 πεποίηκεν,
2940 1564 3108 1618 εἰπὼν
3141 1566 3234 1619 καὶ
3281 1565 3595 1630 ἐπιτελέσας
3633 1566 3718 1632 τὸ,

2149 1680 2166 1709 ι
2204 1659 2325 1712 Ἐπὶ
2344 1658 2442 1729 τὴν
2470 1659 2675 1730 πέτραν
2698 1657 3032 1728 οἰκοδομήσω
3060 1674 3158 1728 μου
3187 1657 3283 1729 τὴν
3311 1657 3651 1730 Ἐκκλησίαν.
3692 1677 3713 1710 ο

2077 1733 2115 1786 Β
2144 1747 2281 1802 Σιὼν
2326 1749 2434 1821 γὰρ
2478 1749 2603 1821 ὅρος
2647 1749 2708 1802 τὸ
2751 1748 3101 1817 εὑαγγελικὸν
3147 1751 3429 1820 κήρυγμα,
3482 1749 3574 1802 καὶ⁵
3626 1750 3718 1803 ἐπὶ

2141 1841 2316 1912 τούτῳ
2347 1840 2818 1912 τεθεμελιωμένην
2863 1841 3185 1912 Ἐκκλησίαν
3220 1841 3476 1904 πολλάκις
3514 1841 3716 1913 ἐξειλή-

2143 1949 2340 2002 φαμεν.
2372 1931 2644 2003 Πολυτελῆ
2673 1932 2730 1986 δὲ
2755 1933 2883 1986 ὄντα
2904 1932 2996 1985 τὸν
3045 1932 3188 1986 λίθον
3215 1929 3402 1985 τοῦτον
3432 1933 3522 1986 καὶ
3564 1932 3720 1986 ἐκλε-

2143 2023 2267 2074 κτὸν
2305 2023 2394 2076 καὶ
2434 2023 2614 2092 τίμιον
2649 2021 2835 2094 θήσειν
2868 2025 2946 2085 είς
2989 2023 3055 2075 τὰ
3097 2021 3320 2092 θεμέλια
3352 2019 3447 2093 τῆς
3491 2023 3718 2093 Ἐκκλη-

2143 2114 2261 2178 σίας
2292 2115 2710 2182 ὲπαγγέλλεται’
2745 2114 2991 2167 ἐντεῦθεν
3043 2117 3293 2182 γωνιαῖος
3343 2112 3436 2166 καί
3470 2115 3714 2185 ἀκρογω-

2138 2209 2306 2268 νιαῖος
2333 2205 2606 2274 κέκληται.
2650 2206 2748 2276 Εἴη
2780 2205 2824 2257 δ’
2857 2206 2922 2258 ἂν
2945 2206 3005 2258 τὸ
3043 2205 3376 2277 ἀνθρώπινον
3408 2205 3500 2259 τοῦ
3534 2207 3717 2279 Σωτῆτ

2148 2314 2236 2368 ρος
2267 2296 2423 2367 ἡμῶν
2455 2297 2624 2360 οὕτως
2655 2296 3040 2367 ὠνομασμένον
3075 2297 3250 2367 σῶμα·
3280 2299 3403 2350 ἐπεὶ
3447 2299 3541 2352 καὶ
3573 2301 3718 2353 κατὰ

2134 2391 2230 2467 ’τὸν
2266 2389 2484 2461 Δανιὴλ,
2520 2409 2535 2441 t
2581 2390 2723 2453 λίθος
2759 2390 2987 2460 τμηθεὶς
3024 2391 3150 2445 ἄνευ
3187 2391 3383 2464 χειρῶν
3424 2411 3442 2442 ι
3484 2394 3714 2464 ἑωρᾶτο·

2136 2482 2283 2536 λίθου
2317 2483 2412 2553 μέν
2437 2481 2531 2536 τοῦ
2565 2481 2905 2554 ἀνθρωπίνου
2931 2485 3219 2554 νοουμένου
3251 2479 3521 2555 σώματος·
3553 2486 3721 2557 ὄρους

2136 2575 2191 2628 δὲ
2225 2576 2324 2646 τῆς
2356 2576 2494 2629 κατὰ
2518 2576 2606 2629 τὸν
2639 2575 2866 2646 Σωτῆρα
2901 2576 3173 2648 θεότητος.

2214 2774 2232 2805 ι
2273 2757 2382 2808 Καὶ
2409 2754 2557 2827 θήσω
2609 2755 2788 2825 κρίσιν
2826 2755 2906 2817 εἰς
2956 2754 3176 2808 ἐλπίδα·
3211 2752 3328 2826 ἦδέ
3367 2748 3703 2824 ἐλεημοσύνη

2142 2865 2242 2920 μου
2277 2849 2356 2910 είς
2387 2846 2686 2917 σταθμοὺς,
2717 2847 2812 2900 καὶ
2851 2848 2905 2900 οἱ
2931 2847 3249 2912 πεποιθότες
3286 2848 3462 2918 μάτην
3493 2845 3707 2922 ψεύδει,

2137 2940 2219 2993 ὅτι
2263 2941 2325 2993 ού
2373 2941 2445 3011 μὴ
2493 2939 2740 3012 παρέλθῃ
2775 2940 2918 3009 ὑμᾶς
2947 2941 3216 3011 καταιγίς.
3257 2960 3276 2992 ›
3306 2941 3463 2994 Κατὰ
3499 2940 3553 2992 δὲ
3587 2939 3713 3002 τοὺς

2138 3034 2357 3097 λοιποὺς
2387 3033 2788 3104 ἐρμηνευτὰς,⁷ι
2814 3037 2841 3088 ὁ
2869 3034 3138 3087 πιστεύων
3175 3035 3235 3086 ού
3267 3033 3508 3088 σπεύσει.
3544 3054 3562 3083 ι
3588 3033 3708 3086 Μα-

2142 3125 2477 3197 κροθυμήσει
2525 3127 2634 3198 γὰρ
2665 3129 2694 3180 ὁ
2729 3127 3020 3190 πιστεύων,
3070 3126 3378 3198 περιμένων
3410 3125 3505 3178 τοῦ
3551 3124 3708 3192 λόγου

2141 3218 2240 3288 τὴν
2273 3217 2621 3286 ἐπαγγελιαν.
2658 3213 2826 3282 Οὗτος
2853 3219 2897 3271 δ’
2922 3218 2988 3271 ἂν
3022 3218 3105 3288 εἴη
3133 3221 3160 3270 ὁ
3187 3218 3351 3280 λίθος,
3397 3220 3425 3270 ὁ
3464 3217 3624 3279 αὐτός
3653 3233 3712 3269 τε

2141 3307 2312 3378 πέτρα
2333 3349 2345 3368 ,
2392 3309 2518 3379 περὶ
2545 3302 2611 3378 ἧς
2643 3311 2670 3360 ὀ
2699 3309 2887 3378 Σωτὴρ
2925 3307 3075 3375 ἔλεγε
3100 3324 3114 3340 ο
3149 3326 3166 3356 α
3217 3307 3338 3358 Ἐπὶ
3371 3306 3474 3377 τήν
3504 3305 3713 3375 πέτραν

2139 3398 2340 3469 ταύτην
2373 3399 2709 3468 οἰκοδομήσω
2758 3417 2856 3468 μου
2891 3399 2994 3467 τὴν
3025 3397 3368 3468 Ἐκκλησίαν.
3407 3416 3425 3448 ι
3466 3390 3629 3459 Οὗτος
3685 3399 3712 3448 ὁ

2139 3492 2282 3555 λίθος
2311 3493 2403 3544 καὶ
2429 3492 2629 3563 κρίνων
2675 3490 2885 3558 ἀγαθὰς
2929 3490 3154 3560 παρέξει
3209 3491 3321 3554 τοῖς
3369 3491 3710 3562 κρινομένοις

2141 3583 2382 3647 ἐλπίδας,
2414 3583 2600 3654 ἐπειδὴ
2649 3582 2912 3652 συνῆπται
2974 3581 3126 3651 αὐτῷ
3177 3580 3513 3653 ἐλεημοσύνη
3570 3587 3714 3654 μετὰ

2137 3676 2473 3730 δικαιοτάτου
2508 3674 2749 3746 σταθμοῦ
2779 3677 2875 3729 καλ⁸
2903 3674 3102 3746 μέτρου
3127 3691 3145 3704 σ
3169 3673 3249 3726 διδ
3277 3673 3547 3728 λέλεκταιο

2215 3895 2234 3929 ι
2268 3877 2397 3930 Ἡδὲ
2420 3876 2755 3949 ἐλεημοσύνη
2782 3896 2880 3950 μου
2904 3895 2984 3942 εις
3007 3878 3298 3948 σταθμούς.
3319 3878 3409 3950 Μὴ
3427 3880 3520 3933 καὶ
3537 3877 3712 3953 ἀφὲλῃ

2139 3965 2292 4038 ὑμῶν
2324 3965 2421 4038 τὴν
2466 3967 2729 4038 διαθήκην
2760 3965 2852 4022 τοῦ
2885 3967 3115 4020 θανάτου
3139 3982 3154 3995 °
3193 3968 3339 4037 καὶὴ
3370 3967 3520 4030 ἐλπὶς
3559 3963 3714 4038 ὑμῶν

2138 4062 2172 4131 ἡ
2205 4061 2336 4131 πρὸς
2374 4061 2464 4114 τδν
2504 4061 2634 4132 ᾅδην
2664 4064 2723 4114 ού
2758 4061 2830 4133 μὴ
2861 4063 3114 4133 ἐμμείνῃ.
3143 4045 3406 4130 Καταιγὶς
3440 4062 3712 4136 φερομένη

2139 4152 2232 4205 ἐὰν
2262 4153 2483 4226 ἐπέλθῃ,
2519 4153 2708 4206 ἔσεσθε
2731 4155 2868 4224 αὐτῇ
2900 4160 2979 4217 εἰς
3014 4154 3409 4224 καταπάτημα.
3438 4173 3456 4204 δ
3489 4154 3579 4224 Μὴ
3602 4153 3715 4224 γὰρ

2139 4244 2380 4307 ἑαυτοὺς,
2411 4245 2591 4313 φησὶν,
2628 4245 2870 4295 ἀπατᾶτε
2904 4242 3200 4310 φάσκοντες
3221 4260 3233 4273 ’
3252 4241 3465 4312 Ἐπειδὴ
3499 4241 3578 4312 τῷ
3610 4242 3711 4295 θα-

2138 4333 2281 4404 νάτῳ
2311 4333 2694 4404 ἐφιλιὼθημεν,
2718 4335 2777 4386 οὐ
2818 4333 2891 4404 μὴ
2915 4333 3115 4406 ἐπέλθῃ
3147 4334 3230 4402 ἐφ’
3261 4335 3406 4404 ήμᾶς
3432 4334 3705 4402 καταιγὶς,

463 4449 563 4489 nec
593 4432 866 4502 quidpiam
899 4427 1100 4484 doloris
1129 4425 1492 4494 experiemur.
1521 4421 1741 4483 Verum,
1761 4424 1895 4476 heus
1915 4437 2031 4491 vos,

2138 4425 2255 4477 ούδὲ
2306 4423 2752 4496 πειραθησόμεθά
2791 4441 2935 4487 τινος
2991 4423 3256 4494 λυπηροῦ.
3301 4423 3551 4477 Ἀκούετε
3602 4423 3714 4492 γὰρ

459 4525 570 4595 jam
602 4525 782 4580 audite
812 4532 867 4576 et
898 4519 1146 4581 ediscite,
1173 4517 1265 4586 qui
1302 4515 1589 4569 mendacio
1618 4513 1802 4577 liditis,
1830 4511 2034 4566 dicitis-

459 4633 591 4691 que,
656 4635 676 4667 ι
733 4613 1016 4670 Posuimus
1071 4607 1410 4664 mendacium
1460 4621 1609 4676 spem
1660 4617 1926 4670 nostram,
1981 4614 2035 4659 et

464 4709 746 4765 mendacio
804 4715 1149 4778 protegemur
1180 4719 1194 4768 ;
1231 4721 1250 4754 ι
1299 4699 1533 4770 procella
1586 4700 1891 4767 irrumpens
1934 4713 2034 4753 ne-

456 4816 735 4875 quaquam
788 4813 880 4855 vos
930 4795 1269 4870 praeteribit;
1303 4793 1400 4848 sed
1433 4801 1667 4847 vestrum
1696 4806 1818 4845 cttm
1860 4799 2034 4844 morte

455 4900 680 4966 "pactum
711 4890 940 4954 auferet,
985 4903 1050 4944 ac
1097 4901 1222 4959 spes
1269 4893 1470 4949 vestra,
1504 4898 1666 4952 quam
1719 4882 1774 4935 in
1824 4880 2035 4960 inferno

454 4975 757 5055 repositam
791 4981 1092 5047 habebatis,
1143 4981 1247 5036 nun
1301 4976 1558 5033 manebit.
1605 4973 1884 5044 Siquidem
1934 4974 2035 5027 in»

463 5062 671 5142 becillze
699 5077 776 5135 rei
813 5092 906 5134 vos
936 5072 1370 5137 concredidistis,
1403 5085 1525 5125 cum
1560 5067 1614 5123 in
1660 5075 1833 5121 morte
1864 5074 1920 5120 et
1954 5065 2036 5120 in—

455 5157 622 5225 ferno
647 5186 795 5239 spem
826 5179 1063 5226 vestram
1099 5164 1452 5237 appos‘uistis.

456 5252 460 5261 λ
543 5259 701 5314 Vnus.
732 5260 911 5324 19,20.
949 5279 969 5312 ε
999 5259 1134 5316 Cum
1169 5258 1471 5322 transierit,
1508 5255 1657 5312 tollet
1687 5269 1780 5310 vos
1812 5271 1826 5307 :
1857 5266 2034 5314 mane,

468 5365 659 5415 mane,
681 5351 932 5406 transibit
967 5353 1019 5407 in
1063 5352 1171 5417 die,
1209 5347 1266 5407 et
1299 5350 1352 5406 in
1389 5358 1550 5406 nocte
1574 5350 1678 5403 erit
1713 5361 1838 5416 spes
1871 5344 2032 5398 mala.

467 5440 668 5497 Discite
699 5449 758 5495 ut
784 5441 1036 5497 audiatis.
1088 5444 1146 5498 In
1185 5443 1448 5514 angustiis
1486 5442 1643 5514 positi
1695 5455 1800 5496 non
1847 5451 2036 5508 possu-

469 5543 589 5587 mus
632 5546 926 5604 pugnare:
981 5533 1082 5604 ipsi
1127 5547 1308 5592 autem
1364 5535 1561 5590 inﬁrmi
1602 5547 1813 5597 sumus,
1852 5532 1919 5586 ut'
1939 5544 2034 5585 vos

465 5626 889 5699 congregemini.
935 5643 955 5677 ι
1001 5624 1131 5679 Nam
1193 5629 1236 5682 si
1300 5625 1635 5696 voluissetis,
1683 5627 1737 5682 in
1791 5624 2035 5695 portione

545 5738 590 5773 ⁸⁸
618 5737 808 5797 Matth.
859 5753 968 5800 xw,
997 5735 1081 5792 l8.
1291 5760 1296 5768 -
1629 5748 1647 5776 ο

2139 4519 2386 4571 ἐντεῦθεν
2415 4517 2513 4588 ἤδη
2558 4519 2650 4571 καὶ
2683 4517 3001 4588 μανθάνετε,
3043 4509 3088 4568 ὦ
3131 4510 3278 4569 οῦτοι
3311 4516 3360 4568 οι
3393 4515 3713 4578 πεποιθότες

2138 4607 2213 4676 τῷ
2249 4607 2430 4675 ψεύδει
2471 4607 2564 4660 καὶ
2607 4606 2908 4678 eimxétec,
2951 4624 2970 4656 ι
3023 4604 3333 4676 Ἑθήκαμεν
3377 4604 3571 4674 ψεῦδος
3613 4605 3713 4674 τὴν

2131 4701 2326 4782 ’ἐλπίδα
2355 4699 2530 4770 ἡμῶν,
2563 4702 2657 4754 καὶ
2682 4700 2760 4771 τῷ
2792 4699 2975 4769 ψεύδει
3009 4698 3532 4770 σκεπασθησόμεθα·
3567 4717 3586 4750 ι
3630 4699 3714 4752 ὅτι

2140 4794 2389 4861 καταιγὶς
2433 4793 2776 4865 παρελθοῦσα
2822 4793 2882 4844 ού
2924 4791 3321 4864 παρελεύσεται
3367 4792 3509 4861 ὑμᾶς
3534 4805 3547 4819 ·
3576 4788 3714 4842 ἀλλὰ

2138 4884 2326 4955 ἀφελεῖ
2351 4885 2504 4956 ὑμῶν
2529 4887 2629 4957 τὴν
2669 4886 2806 4966 πρὸς
2834 4885 2926 4971 τὸν
2960 4883 3190 4938 θάνατον
3221 4883 3514 4955 συνθήκην,
3534 4884 3645 4972 ’καὶ
3679 4885 3712 4952 ή

2139 4979 2293 5045 ἐλπὶς
2321 4980 2474 5052 ὑμῶν
2501 4982 2536 5054 ἡ
2570 4980 2704 5066 πρὸς
2731 4980 2821 5034 τὸν
2855 4971 3080 5054 ᾂδηνόύ
3124 4978 3198 5051 μὴ
3222 4976 3475 5050 ἐμμείνῃ.
3520 4971 3715 5044 Σαθρῷ

2128 5073 2250 5146 ’γὰρ
2280 5076 2565 5147 πράγματι
2598 5076 2821 5141 ἑαυτοὺς
2851 5073 3230 5138 ἐπιστεύσατε,
3249 5071 3473 5142 θανάτῳ
3493 5069 3586 5123 καὶ
3607 5069 3713 5141 ᾄδῃ

2141 5163 2240 5230 τὰς
2269 5166 2539 5237 ὑμετέρας
2564 5163 2780 5230 ἐλπίδας
2801 5165 3222 5238 ἀναρτήσαντες.
3354 5175 3359 5181 ·
3385 5197 3387 5199 -

2219 5277 2240 5309 ι
2273 5259 2439 5311 Ὅταν
2456 5257 2725 5332 παρέλθῃ,
2757 5258 2988 5330 λήψεται
3009 5257 3174 5329 ὑμᾶς’
3221 5252 3367 5326 πρωῒ
3391 5250 3540 5323 πρωῒ
3575 5266 3711 5321 παρ’

2128 5349 2420 5404 ·ελεύσεται
2454 5351 2690 5423 ἡμέρας,
2719 5353 2814 5406 καὶ
2848 5352 2906 5403 ἐν
2932 5350 3088 5403 νυκτὶ
3116 5347 3266 5400 ἔσται
3291 5345 3445 5408 ἐλπὶς
3471 5343 3702 5414 πονηρά.

2141 5439 2356 5494 Meae-re
2382 5439 2620 5495 ἀκούειν.
2651 5440 3164 5514 Στενοχωρούμενοι,
3195 5435 3257 5489 ού
3301 5432 3575 5506 δυνάμεθα
3601 5432 3706 5504 μά-

2141 5527 2364 5601 χεσθαι’
2393 5531 2546 5587 αὐτοὶ
2572 5533 2628 5587 δέ
2653 5532 2985 5602 ἀσθενοῦμεν
3012 5529 3105 5582 τοῦ
3141 5530 3285 5600 ὑμᾶς
3307 5525 3656 5596 συναχθῆναι.
3687 5543 3704 5575 ι

2145 5627 2208 5680 Ei
2243 5626 2351 5700 γὰρ
2380 5627 2620 5700 ἐθέλητε,
2650 5629 2742 5681 καὶ
2768 5629 2825 5680 ἐν
2849 5626 2913 5695 τῇ
2951 5623 3123 5696 μερίδι
3157 5622 3247 5676 τοῦ
3274 5620 3406 5674 Θεοῦ
3442 5613 3709 5687 συναχθή‹
