4072 6194
303 252 413 305 295

1234 245 1735 303 COMMENTARIA
1776 248 1842 320 IN
1885 249 2138 305 ISAIAM.
2180 280 2248 292 —-
2285 250 2435 304 CAP.
2477 248 2709 325 XXVIII.
2764 326 2765 329 η

3448 256 3554 314 294

305 360 495 423 σεσθι,
528 358 626 412 καὶ
658 359 757 411 οὐκ
786 356 1112 427 ἀσθενήσετε
1144 357 1281 425 ὑπερ
1317 357 1598 421 εὐσεϐείας
1628 360 1884 427 ἀγωνιζόο

1993 359 2084 414 Dei
2117 361 2430 431 congregati
2466 360 2728 426 fuissetis,
2767 374 2866 416 nec
2912 362 2966 416 in
3013 377 3191 434 pugna
3226 377 3321 432 pro
3354 365 3551 434 pietate

309 470 471 523 μενοι
494 468 507 480 ’
538 450 718 520 ἰεπειδὴ
738 450 787 501 δὲ
808 450 1027 512 ἔχοντες
1053 448 1131 519 τῷ
1154 448 1369 521 θανάτῳ
1395 451 1488 504 καὶ
1514 451 1592 521 τῷ
1625 451 1724 522 ᾄδῃ
1758 454 1884 505 ἑαυ-

308 545 448 607 τοὺς
479 540 978 613 προσεκληρὼσατε,
1005 539 1321 609 γινώσκετε,
1357 543 1436 594 ὅτι
1465 541 1564 612 ἤδη
1594 543 1721 613 ὑμῖν
1754 545 1884 595 ἑπε-

312 634 566 687 λεύσεται
590 632 740 692 αὐτὸς
761 633 789 683 ό
808 629 1034 702 Κύριος,
1054 632 1271 698 ἐπάγων
1295 630 1413 683 καθ’
1433 632 1461 682 ὑ
1469 632 1584 701 μῶν
1609 632 1775 705 ὀργὴν
1798 634 1885 686 διὰ

318 725 391 777 τὰ
421 722 775 794 προλεχθέντα
805 722 1005 775 πάντα.

400 858 419 889 ι
458 838 653 906 Ὠσπερ
680 836 805 905 ὅρος
840 834 1054 888 ἀσεϐῶν
1089 837 1451 907 ἀναστήσεται
1502 836 1705 909 Κύριος
1727 879 1739 901 ,
1790 841 1882 893 καὶ

320 930 462 983 ἔσται
491 932 545 981 ὲν
569 931 635 998 τῇ
672 927 923 999 φάραγγι
954 927 1210 980 Γαϐαών⁹
1263 930 1399 1001 μετὰ
1448 929 1617 1000 θυμοῦ
1668 936 1881 1001 ποιήσει

318 1020 383 1072 τὰ
408 1018 533 1087 ἔργα
568 1017 761 1081 αὐτοῦ,
799 1018 1029 1088 πικρίας
1058 1017 1237 1089 ἔργον.
1280 1038 1298 1070 ι
1331 1020 1561 1092 Πικρίας
1587 1020 1722 1093 ἔργα
1767 1026 1881 1086 τοῖς

308 1114 565 1183 δεηθεῖσιν
580 1112 777 1183 ὥσπερ
801 1111 1072 1164 ἀντιδὸτου
1092 1112 1291 1183 πικρᾶς
1305 1111 1392 1164 διὰ
1409 1113 1505 1184 τὴν
1520 1114 1880 1184 ὑποκειμένην

302 1207 473 1259 αὐτῶν
500 1209 569 1277 τῇ
600 1206 751 1276 ψυχῇ
772 1204 990 1257 κακίαν.
1004 1204 1204 1274 Πικρία
1225 1204 1280 1256 δὲ
1300 1204 1394 1257 καὶ
1412 1206 1548 1276 ὀργὴ
1565 1206 1656 1258 καὶ
1687 1206 1875 1277 θυμὸς,

300 1302 389 1353 καὶ
415 1300 482 1352 τὰ
503 1298 731 1353 τοιαῦτα
758 1297 1026 1367 λεγόμενα
1053 1296 1144 1348 ἐπὶ
1170 1296 1304 1351 Θεοῦ
1324 1296 1473 1350 ούδὲν
1505 1297 1687 1368 ἕτερον
1720 1299 1750 1369 ἢ
1781 1299 1878 1362 τὰς

300 1390 439 1442 κατὰ
461 1389 575 1441 τῶν
607 1386 824 1441 ἀσεεῶν
847 1386 1096 1449 κολάσεις
1120 1386 1216 1449 τὰς
1241 1388 1306 1438 ὲκ
1337 1384 1429 1438 τοῦ
1459 1386 1604 1438 Θείου
1632 1387 1881 1459 δικαστη-

304 1484 419 1553 ρίου
443 1481 879 1551 ὲπελευσομένας
896 1478 1052 1532 εἴωθε
1074 1479 1378 1549 σημαίνειν.
1402 1498 1419 1528 t
1444 1479 1501 1532 '0
1527 1479 1581 1531 δὲ
1598 1478 1764 1550 θυμὸς
1782 1483 1876 1533 αύ-

302 1573 394 1625 τοῦ
451 1572 743 1642 ἀλλοτρίως
800 1572 1078 1641 χρήσεται,
1130 1570 1289 1640 καὶὴ
1334 1573 1535 1641 σαπρία
1569 1572 1730 1625 αὐτοῦ
1782 1573 1875 1624 ἀλ-

306 1666 495 1736 λοτρία
514 1684 525 1693 ·
563 1684 583 1714 ι

390 1793 411 1827 ι
448 1776 559 1828 Καὶ
601 1777 749 1844 ὑμεῖς
790 1775 858 1845 μὴ
895 1768 1307 1845 εὐφρανθείητε,
1338 1776 1469 1845 μηδὲ
1500 1777 1871 1845 ίσχυσάτωσαν

320 1865 473 1935 ὖμῶν
484 1867 533 1917 οἱ
547 1866 740 1935 δεσμοί’
757 1865 879 1917 διότι
897 1865 1349 1936 συντετελεσμένα
1362 1866 1454 1919 καὶ
1465 1883 1649 1918 συντετ
1656 1885 1727 1937 μη
1737 1867 1871 1937 μένα

324 1958 618 2029 πράγματα
650 1957 1003 2028 ἥκουσαι-ταρὰ.
1016 1958 1221 2029 Κυρίου
1238 1956 1484 2019 Σαϐαὼθ,
1502 1956 1536 2011 ἃ
1553 1959 1765 2028 ποιήσει
1780 1961 1871 2012 ἐπὶ

326 2050 497 2101 πᾶσαν
511 2049 605 2120 τὴν
620 2049 733 2117 γῆν.
755 2068 773 2099 ι
793 2050 942 2118 Μηδὲ
969 2049 1336 2119 ἱσχυσάτωσαν
1350 2050 1400 2102 οἱ
1421 2048 1576 2113 πόδες
1601 2050 1773 2120 ὑμῶν,
1792 2045 1871 2114 οἷς

321 2140 632 2210 κατεδήσατε
661 2142 881 2204 ἑαυτοὺς
914 2140 1179 2212 διαθήκην
1208 2140 1447 2211 μετάτοῦ
1472 2142 1700 2195 θανάτου
1718 2160 1871 2213 ποιη-

314 2232 523 2300 σάμενοι
551 2235 640 2285 καὶ
664 2233 802 2302 μετά
834 2232 926 2285 τοῦ
945 2232 1068 2303 ᾅδου
1102 2233 1398 2304 συνθήκας·
1421 2234 1534 2287 ἀλλ’
1562 2236 1614 2288 εἴ
1639 2253 1720 2297 τις
1744 2236 1869 2304 ὑμῖν

307 2324 416 2372 ἐστι
446 2323 716 2391 σωτηρίας
743 2322 921 2387 ἐλπὶς,
953 2322 1283 2395 διαρῤήξατε
1315 2325 1442 2387 τοὺς
1477 2325 1611 2396 πρὸς
1643 2325 1733 2378 τὸν
1776 2325 1868 2378 θά-

306 2428 455 2463 νατον
497 2410 756 2480 δεσμούς·
790 2414 1114 2483 ἀναχωρεῖ-ιε
1148 2412 1203 2466 δὲ
1241 2414 1334 2467 καὶ
1368 2413 1468 2484 τῆς
1510 2416 1867 2487 νομιζομένης

301 2500 425 2569 ὑμῖν
453 2500 812 2570 εὐφροσύνης,
846 2501 946 2569 τῆς
979 2518 1037 2553 τε
1068 2502 1400 2573 προσκαίρου
1446 2503 1723 2557 παύσασθε
1752 2504 1867 2575 ἠδο-

300 2591 414 2661 τῆςσ
456 2592 659 2643 τούτων
681 2592 791 2660 γὰρ
823 2593 1004 2645 ὁποῖον
1022 2592 1171 2644 ἔσται
1207 2593 1267 2644 τὸ
1293 2592 1443 2656 τέλος
1489 2594 1865 2665 μεμαθήκατε.

298 2683 481 2738 Ταῦτα
511 2683 568 2735 δὲ
602 2685 677 2753 μὴ
705 2684 963 2755 νομίσητε
1001 2684 1178 2753 λέγειν
1223 2684 1321 2755 ἐμὲ
1353 2684 1444 2739 τὸν
1476 2688 1794 2758 προφήτηνο
1831 2686 1867 2739 ἃ

296 2774 402 2845 γὰρ
432 2775 640 2845 ηκουσα
665 2774 841 2845 ψυχῆς
878 2778 1013 2847 ἀκοῇ
1061 2776 1341 2847 εἰρηκότος
1367 2776 1461 2829 τοῦ
1507 2778 1715 2848 Κυρίου
1761 2779 1865 2830 Σα-

294 2867 471 2931 ϐαὼθ,
518 2866 666 2919 ταῦθ’
689 2868 817 2938 ὑμῖν
873 2867 1215 2938 μεταδέδωκα
1238 2885 1250 2897 ·
1289 2867 1561 2939 ἠϐουλήθη
1592 2868 1700 2939 γὰρ
1724 2870 1868 2940 ὑμᾶς

297 2960 379 3030 μὴ
405 2961 615 3026 ἀγνοεῖν
648 2960 709 3013 τά
736 2960 865 3032 παρ’
894 2959 1041 3030 αὐτῷ
1071 2960 1426 3033 κεκρυμμένα
1456 2961 1548 3014 καὶ
1586 2961 1865 3032 ὡρισμένα

293 3052 392 3104 καὶ
424 3056 811 3123 συντεταγμένα
842 3055 1163 3124 πράγματα.

375 3165 397 3196 ι
454 3146 788 3209 Ἐνωτίζεσθε
832 3149 921 3201 καὶ
950 3146 1169 3201 ἀκούετε
1196 3147 1295 3216 τῆς
1323 3146 1505 3219 φωνῆς
1542 3164 1641 3217 μου
1667 3163 1678 3175 ·
1706 3162 1869 3217 προσ-

290 3246 454 3310 έχετε
487 3241 578 3292 καὶ
605 3241 824 3292 ἀκούετε
851 3242 976 3303 τοὺς
994 3240 1182 3308 λόγους
1206 3257 1325 3310 μου.
1364 3258 1381 3289 ι
1413 3239 1511 3292 Διά
1546 3240 1643 3309 μὲν
1683 3238 1776 3291 τοῦ
1801 3240 1867 3308 τῇ

288 3336 445 3402 φωνῇ
471 3336 536 3403 τῇ
558 3333 622 3385 δι’
640 3333 799 3404 ἀέρος
817 3332 1089 3403 φερομένῃ
1107 3332 1173 3385 τά
1195 3326 1308 3384 ὦτα
1332 3331 1587 3401 παρέχειν
1603 3330 1662 3382 τὸ
1682 3329 1867 3382 ἐνωτί-

288 3422 476 3487 ζεσθαι
508 3422 683 3492 δηλῶν
708 3440 720 3452 ·
748 3422 834 3475 διὰ
855 3423 910 3475 δὲ
938 3421 1029 3475 τού
1067 3421 1281 3475 ἀκούειν
1308 3423 1401 3474 καὶ
1425 3420 1736 3492 πειθαρχεῖν
1760 3423 1867 3483 τοῖς

287 3514 599 3584 Αεγομένοις
624 3514 684 3567 τὸ
716 3514 951 3567 ἀκούειν’
978 3513 1063 3566 διὰ
1086 3513 1141 3567 δὲ
1153 3512 1243 3566 τοῦ
1258 3516 1394 3566 νοεῖν
1412 3515 1522 3577 τοῖς
1538 3512 1866 3583 σημαινομέ-

288 3622 404 3668 νοις
426 3608 516 3676 νοή
526 3606 783 3677 μασι,τὴν
805 3607 1075 3679 προσοχὴν
1092 3606 1186 3659 καὶ
1202 3605 1300 3675 τὴν
1319 3604 1550 3675 θεωρίαν
1568 3605 1860 3675 σημαίνων.

370 3717 393 3746 ο
437 3698 527 3767 Μὴ
578 3697 705 3769 ὃλην
764 3698 861 3769 τὴν
922 3697 1133 3768 ἡμέραν
1192 3695 1505 3767 ἁροτριάσει
1564 3694 1863 3767 ἀροτριῶν;

287 3789 321 3859 ἢ
360 3790 560 3859 σπόρον
608 3789 1014 3862 προετοιμάσει,
1066 3788 1191 3859 πρὶν
1242 3787 1574 3859 ἐργάσασθαι
1604 3786 1700 3857 τὴν
1727 3788 1862 3857 γῆν;

286 3882 412 3949 οὐχ
460 3880 583 3932 ὅταν
608 3880 841 3951 ὁμαλίσῃ
876 3880 936 3932 τὸ
965 3880 1254 3950 πρόσωπον
1279 3879 1465 3949 αὐτῆς,
1503 3878 1624 3931 τότε
1654 3879 1866 3949 σπείρει

284 3970 491 4041 μικρὸν
518 3969 797 4039 μελάνθιον
816 3970 847 4040 ἢ
867 3968 934 4022 κύ
943 3986 1121 4039 μινον;
1142 3969 1237 4021 καὶ
1260 3968 1417 4022 πάλιν
1443 3969 1654 4038 σπείρει
1673 3968 1864 4038 πυρὸν,

281 4066 383 4115 καὶ
413 4061 628 4133 κριθὴν,
656 4063 750 4115 καὶ
783 4061 1013 4131 κέγχρον
1040 4061 1133 4113 καὶ
1162 4059 1287 4123 ζέαν
1318 4062 1374 4112 ὲν
1394 4062 1503 4121 τοῖς
1526 4058 1697 4129 ὁρίοις
1722 4075 1813 4110 σου
1846 4075 1861 4131 _;

280 4156 377 4209 καὶ
416 4153 753 4225 παιδευθησῃ
783 4152 1007 4224 κρίματι
1049 4152 1182 4205 Θεοῦ
1210 4169 1323 4214 σου,
1368 4138 1463 4203 καὶ
1495 4146 1859 4221 εὐφρανθήσῃ.

281 4251 364 4302 υὺ
409 4247 520 4317 γὰρ
555 4244 692 4315 μετά
725 4245 1086 4316 σκληρότητος
1118 4242 1438 4313 καθαίρεται
1470 4240 1530 4292 τὸ
1560 4239 1860 4311 μελάνθιον,

276 4340 409 4395 οὐδὲ
438 4338 633 4409 τροχὸς
675 4335 889 4408 ἁμάξης
916 4335 1156 4407 περιάξει
1190 4334 1283 4387 ἐπὶ
1332 4334 1393 4385 τὸ
1433 4329 1689 4401 κύμινον⁸
1730 4330 1863 4383 ἀλλά

279 4428 472 4501 ῥάϐδῳ
509 4428 817 4481 τινάσσεται
841 4426 900 4478 τὸ
932 4422 1237 4495 μελάνθιον,
1272 4422 1331 4474 τὸ
1367 4421 1423 4474 δὲ
1463 4420 1683 4489 κύμινον
1725 4419 1861 4490 μετὰ

276 4524 455 4592 ἄρτου
488 4520 844 4591 βρωθήσεται.
884 4538 903 4569 ι
934 4514 1044 4570 Εἶθ’
1076 4515 1427 4585 ὑποδείγματι
1470 4512 1728 4582 κέχρηται
1770 4530 1867 4579 φυ-

280 4612 460 4683 σικῷο
489 4612 566 4674 ὼς
604 4610 712 4680 γὰρ
739 4610 836 4680 τῆς
863 4608 1003 4662 κατά
1031 4608 1127 4677 τὴν
1173 4605 1353 4677 χώραν
1379 4608 1650 4675 γεωργίαις
1682 4606 1865 4679 ἕτερός

277 4708 433 4758 ἔστιν
466 4706 496 4757 ὁ
516 4704 705 4773 καιρὸς
733 4701 825 4754 τοῦ
857 4699 1023 4771 ἀροῦν
1058 4698 1154 4770 τὴν
1195 4696 1396 4768 χώραν,
1429 4698 1523 4749 καὶ
1559 4698 1740 4768 ἕτερος
1771 4697 1863 4751 τοῦ

279 4797 534 4869 σπείρειν
568 4794 885 4865 σπέρματα,
926 4794 990 4862 τῇ
1038 4789 1369 4859 ὑποκειμένῃ
1411 4791 1480 4858 γῇ
1518 4788 1825 4858 κατάλληλα
1849 4804 1862 4817 ’

279 4888 429 4943 κατά
454 4884 526 4937 τὰ
561 4882 698 4936 αὑτά
730 4884 824 4935 καὶ
868 4882 897 4933 ὁ
940 4879 1049 4932 τῶν
1092 4876 1278 4947 ψυχῶν
1310 4874 1550 4945 γεωργὸς
1591 4874 1683 4926 τοῦ
1729 4872 1862 4927 Θεοῦ

282 4980 484 5049 Δάτος,
511 4976 656 5031 κατὰ
689 4976 784 5047 μὲν
817 4974 909 5028 τὸν
955 4970 1255 5041 ἐπιτήδειον
1287 4966 1475 5037 καιρὸν
1503 4965 1600 5027 τὰς
1639 4964 1744 5017 τῶν
1771 4966 1863 5017 ἁν-

280 5072 525 5145 θρώοπυν
562 5070 739 5140 ψυχὰς
768 5065 1017 5121 νεοῦσθαι
1063 5064 1343 5149 βούλεται,
1384 5058 1471 5113 διὰ
1502 5058 1601 5128 τῆς
1644 5057 1863 5133 λογικῆς

278 5163 636 5225 διδασκαλίας
694 5160 981 5231 σχιζούσης
1030 5158 1119 5210 καί
1166 5152 1572 5225 ἀνατεμνούσης
1625 5151 1751 5213 τοὺς
1803 5151 1863 5202 ὲν

283 5254 449 5324 βάθει
474 5252 877 5325 κρυπτομένους
903 5248 1194 5318 λογισμοὺς
1221 5244 1299 5317 τῷ
1316 5244 1408 5297 τοῦ
1432 5242 1590 5310 λόγου
1618 5240 1853 5330 ἀρότρῳ.

281 5348 379 5402 Διὸ
400 5346 727 5419 προστάττει
753 5343 951 5411 λέγων·
993 5360 1010 5391 ι
1044 5338 1297 5419 Νεὼσατε
1330 5338 1540 5397 ἑαυτοῖς
1581 5332 1851 5406 νεώματα,

283 5443 378 5494 καὶ
432 5440 511 5511 μὴ
563 5438 823 5509 σπείρητε
851 5436 937 5487 ἐπ’
966 5430 1244 5503 ἀκάνθαις.
1280 5447 1298 5479 ι
1344 5425 1591 5480 Ἐπειδὰν
1630 5423 1685 5477 δὲ
1722 5426 1855 5494 ὁμα-

283 5532 441 5602 λισθῇ
474 5530 538 5584 τὸ
560 5528 796 5597 ὡσπερεὶ
827 5526 1112 5596 πρόσωπον
1130 5522 1227 5591 τῆς
1246 5517 1445 5588 ψυχῆς,
1465 5517 1643 5585 πάσης
1667 5515 1863 5585 κακίας

284 5617 725 5690 περιαιρεθείσης
781 5606 880 5684 τῆς
916 5612 1078 5665 πάλαι
1108 5613 1163 5662 ἐν
1214 5610 1347 5678 αὐτῇ
1399 5605 1648 5660 ἀκανθῶν
1700 5603 1854 5672 δίκην

285 5715 534 5785 eadem,
560 5709 860 5787 τηνικαῦτα
900 5706 1244 5772 καταλλιξλως
1287 5706 1351 5773 τῇ
1387 5702 1493 5757 τῶν
1523 5700 1846 5769 ὑποδεχομές

1991 452 2305 507 sustinenda
2358 453 2558 506 inﬁrmi
2619 454 2849 520 essetis;
2921 454 3043 522 quia
3106 448 3236 508 vero
3307 454 3553 513 lubenter

1985 546 2142 598 morti
2177 554 2230 597 et
2265 545 2472 599 inferno
2507 559 2595 598 vos
2662 544 2962 608 dedidistis,
2997 544 3190 598 scitote
3225 544 3336 611 jam
3379 547 3552 614 ipsum

1988 636 2268 690 Dominum
2322 651 2416 689 vos
2482 636 2791 689 invasurum
2847 652 2992 700 esse,
3051 647 3110 689 ut
3150 638 3219 691 ob
3253 651 3552 696 memorata

1983 729 2161 781 omnia
2198 729 2332 782 iram
2364 740 2417 781 et
2445 728 2699 782 ultionem
2734 728 2929 783 inferat
2954 729 3126 782 vobis.

2051 863 2215 918 Vens.
2238 863 2328 920 2i.
2362 881 2379 915 ι
2414 863 2565 918 Sicut
2608 880 2764 918 mons
2811 865 3098 935 impiorum
3128 876 3414 934 consurget
3441 867 3549 924 Do-

1980 956 2181 1018 minus,
2212 968 2266 1011 et
2294 957 2397 1010 erit
2430 957 2481 1010 in
2513 957 2651 1011 valle
2681 956 2944 1011 Gabaon:
2992 973 3112 1012 cum
3163 957 3349 1013 furore
3389 960 3552 1015 faciet

1979 1061 2141 1115 opera
2170 1061 2286 1110 sua,
2320 1048 2701 1102 amaritudinis
2726 1064 2879 1118 opus.
2910 1069 2929 1102 ι
2965 1050 3360 1105 Amaritudinis
3384 1068 3547 1121 opera

1981 1139 2046 1192 iis
2070 1138 2295 1207 inﬂiget,
2326 1141 2414 1207 qui
2442 1141 2512 1194 ob
2560 1141 2775 1194 insitam
2825 1142 3017 1196 anima:
3063 1143 3345 1209 malitiam,
3391 1148 3543 1215 quasi

1977 1233 2174 1285 acerbo
2205 1233 2440 1286 remedio
2471 1249 2605 1302 opus
2638 1235 2860 1288 habent.
2900 1234 3173 1288 Caeterum
3219 1237 3543 1302 amaritudo,

1978 1321 2054 1375 ira
2082 1334 2137 1377 et
2167 1324 2336 1391 furor,
2369 1335 2422 1379 et
2452 1326 2647 1379 similia
2701 1327 2767 1381 de
2814 1326 2924 1380 Deo
2969 1328 3200 1396 prolata,
3238 1330 3371 1383 nihil
3402 1331 3545 1385 aliud

1977 1412 2289 1483 signiﬁcare
2323 1417 2517 1479 solent,
2563 1432 2723 1487 quam
2768 1433 2797 1471 a
2854 1419 3035 1473 divino
3066 1421 3320 1474 tribunali
3350 1422 3549 1479 immit-

1966 1508 2138 1561 tenda
2176 1508 2353 1578 impiis
2381 1509 2663 1579 supplicia.
2713 1528 2731 1559 ι
2779 1510 2948 1581 Furor
2979 1522 3157 1566 autem
3213 1513 3328 1582 ejus
3368 1516 3546 1574 alieno

1974 1600 2132 1656 modo
2163 1610 2365 1666 utetur,
2390 1612 2442 1656 et
2468 1604 2641 1657 caries
2668 1602 2785 1671 ejus
2815 1603 3024 1657 aliena:
3056 1622 3075 1656 ι

2046 1784 2211 1838 Vens.
2245 1784 2332 1838 29..
2367 1806 2388 1836 ‹
2418 1784 2485 1839 Et
2530 1801 2619 1839 vos
2663 1786 2831 1839 nolite
2874 1786 3065 1851 lmtari,
3102 1802 3277 1856 neque
3324 1790 3544 1846 confor-

1973 1886 2157 1932 tentur
2184 1878 2395 1932 vincula
2429 1889 2638 1932 vestra:
2668 1879 2792 1946 quia
2819 1891 3227 1935 consummatas
3268 1891 3322 1935 et
3344 1883 3539 1937 abbre-

1973 1969 2144 2022 viatas
2178 1985 2263 2023 res
2298 1970 2475 2022 audivi
2528 1985 2557 2020 a
2606 1969 2834 2023 Domino
2880 1970 3116 2025 Sabaoth
3150 1990 3163 2025 :
3210 1986 3348 2041 quas
3380 1973 3543 2028 faciet

1972 2077 2134 2131 super
2167 2062 2475 2115 universam
2510 2071 2727 2114 terram.
2760 2080 2779 2113 ›
2829 2060 3012 2131 Neque
3035 2060 3410 2117 confortentur
3449 2078 3542 2133 pe-

1971 2153 2067 2206 des
2097 2153 2283 2218 vestri,
2309 2154 2527 2221 quibus,
2565 2154 2701 2207 inito
2751 2169 2869 2208 cum
2900 2165 3073 2209 morte
3106 2153 3336 2222 fmdere,
3362 2165 3419 2211 et
3440 2171 3542 2226 .pa-

1971 2243 2149 2299 ctione
2192 2260 2313 2299 cum
2351 2244 2568 2299 inferno
2600 2246 2762 2313 facta,
2808 2262 2905 2302 vos
2949 2247 3251 2318 colligastis
3294 2268 3309 2304 :
3360 2250 3453 2305 sed
3496 2250 3540 2306 si

1956 2354 2074 2407 .qua
2104 2339 2253 2393 vobis
2278 2354 2400 2409 spes
2433 2339 2624 2394 salutis
2647 2342 2906 2410 supersit,
2934 2324 3170 2411 rumpite
3204 2342 3396 2396 mortis
3425 2341 3543 2396 vin-

1970 2432 2125 2488 cula:
2176 2434 2241 2487 ab
2269 2447 2355 2498 ea,
2384 2447 2544 2501 quam
2588 2432 2834 2487 laetitiam
2876 2434 3199 2502 opinamini,
3242 2436 3539 2497 abscedite,

1972 2532 2329 2593 temporanea:
2344 2509 2644 2593 voluptatis
2670 2526 2829 2579 Iine'm
2860 2526 3053 2581 facile:
3079 2527 3272 2582 horum
3307 2543 3541 2597 namque

1969 2616 2058 2684 qui
2088 2617 2301 2670 futurus
2331 2617 2455 2671 ﬁnis
2477 2617 2547 2669 sit
2570 2618 2894 2671 edidicistis.
2927 2617 3195 2672 Cmterum
3234 2635 3304 2674 ne
3343 2621 3541 2689 putetis

1970 2721 2054 2759 me
2079 2707 2399 2775 prophetam
2430 2708 2619 2761 istltzec
2649 2708 2831 2762 dicere
2858 2725 2872 2761 :
2909 2725 3030 2762 nam
3063 2726 3182 2779 quae
3219 2712 3415 2766 animae
3441 2728 3541 2769 au-

1971 2797 2117 2851 ribus
2140 2797 2445 2867 loquentem
2477 2799 2764 2854 Dominum
2796 2799 3037 2856 Sabaoth
3070 2805 3275 2869 audivi,
3310 2805 3422 2861 haec
3450 2821 3519 2861 vo

1966 2890 2050 2944 bis
2083 2892 2417 2947 renuntiavi:
2453 2892 2566 2960 ipse
2593 2893 2791 2963 quippe
2822 2895 3032 2949 occulta
3066 2906 3120 2951 et
3145 2907 3348 2951 statuta
3380 2897 3449 2953 ab
3479 2914 3538 2953 se

1970 2985 2182 3038 decreta
2207 3000 2237 3040 a
2268 2984 2421 3040 vobis
2456 3002 2560 3040 non
2591 2986 2831 3055 ignorari
2859 2988 3103 3056 expetiit.

2042 3142 2205 3197 Vens.
2246 3143 2338 3198 25.
2386 3148 2668 3200 «Auribus
2716 3146 2977 3215 percipite
3026 3156 3081 3201 et
3137 3147 3321 3202 audite
3350 3163 3536 3206 vocem

1970 3249 2141 3290 meam
2169 3251 2185 3290 :
2216 3240 2479 3294 attendite
2513 3250 2560 3294 et
2594 3241 2775 3295 audite
2798 3242 2963 3295 verba
3004 3257 3142 3295 mea.
3180 3261 3200 3294 ι
3238 3243 3347 3298 Per
3384 3246 3535 3312 illud,

1975 3341 1994 3387 ι
2030 3327 2249 3383 auribus
2273 3332 2573 3400 percipere,
2598 3350 2617 3383 ι
2650 3333 2765 3387 voci
2795 3349 2890 3400 per
2918 3350 3044 3387 aera
3071 3335 3193 3389 lata:
3219 3352 3378 3392 aures
3407 3356 3539 3408 prae-

1969 3417 2116 3481 bere,
2154 3420 2462 3490 significat;
2501 3438 2596 3491 per
2632 3424 2761 3477 illud
2795 3435 3003 3490 autem,
3041 3445 3059 3477 ι
3092 3427 3301 3493 audire,
3336 3448 3355 3481 ι
3395 3431 3538 3487 dicta

1968 3511 2273 3567 auscultare
2290 3501 2463 3582 iisque
2481 3516 2701 3584 obsequi
2724 3534 2737 3569 :
2757 3518 3107 3570 attentionem
3140 3528 3315 3574 autem
3336 3531 3390 3576 et
3419 3538 3539 3592 spe-

1968 3616 2288 3671 culationem
2318 3628 2475 3673 vocat
2492 3620 2883 3675 declaratarum
2908 3637 3084 3699 rerum
3108 3623 3534 3694 intelligentiam.

2040 3709 2411 3767 Vens.2I.27.
2447 3732 2465 3765 ι
2494 3711 2761 3782 Numquid
2791 3724 2903 3769 tota
2930 3716 3016 3768 die
3040 3714 3239 3780 arabit,
3263 3718 3356 3787 qui
3384 3722 3539 3774 arat?

1967 3814 2057 3855 aut
2086 3817 2268 3858 semen
2295 3807 2642 3875 praeparabit,
2670 3817 2960 3878 antequam
3000 3817 3254 3878 operetur
3292 3815 3538 3868 terram?

1965 3892 2153 3950 Nonne
2186 3914 2306 3951 cum
2335 3901 2635 3968 mquaverit
2663 3903 3012 3971 superﬁciem
3039 3902 3176 3970 ejus,
3205 3913 3336 3959 tunc
3376 3906 3539 3962 semi-

1967 3989 2115 4045 nabit
2168 4005 2389 4061 parvum
2439 4008 2692 4062 papaver,
2735 4003 2829 4048 aut
2871 3994 3144 4066 cyminum
3180 3995 3202 4049 ἲ
3243 4007 3297 4051 et
3321 4013 3534 4056 rursum

1966 4083 2255 4139 seminabit
2309 4085 2577 4150 triticum,
2630 4096 2683 4140 et
2742 4086 3030 4153 hordeum,
3088 4096 3144 4142 et
3192 4090 3427 4156 milium,
3482 4104 3537 4146 et

1965 4190 2192 4259 speltam
2255 4192 2307 4245 in
2364 4190 2564 4246 ﬁnibus
2613 4192 2758 4246 tuis?
2791 4192 2856 4247 Et
2890 4195 3157 4249 erudieris
3200 4194 3406 4263 judicio
3439 4196 3531 4249 Dei

1968 4280 2063 4347 tni,
2095 4290 2147 4335 et
2187 4281 2471 4338 laetaberis.
2532 4281 2643 4337 Non
2682 4285 2828 4337 enim
2864 4302 2989 4339 cum
3042 4286 3241 4341 duritia
3270 4300 3533 4357 purgatur

1894 4393 1936 4446 υ
1968 4389 2221 4443 papaver,
2256 4390 2432 4444 neque
2466 4385 2583 4429 rota
2622 4376 2846 4445 plaustri
2874 4378 3115 4433 volvetur
3162 4394 3326 4447 super
3362 4380 3534 4450 cymi-

1967 4483 2124 4533 num;
2173 4467 2266 4521 sed
2307 4467 2455 4535 virga
2490 4468 2767 4523 excutitur
2815 4484 3077 4539 papaver:
3111 4470 3380 4539 cyminum
3432 4483 3531 4524 au-

1968 4571 2074 4615 tem
2102 4576 2224 4615 cum
2255 4576 2395 4631 pane
2419 4563 2756 4616 comedetur.
2790 4582 2809 4615 »
2846 4560 3086 4616 Naturali
3130 4560 3322 4615 deinde
3346 4576 3533 4616 exem-

1966 4654 2053 4725 plo
2109 4656 2316 4710 utitur:
2378 4657 2831 4725 quemadmodum
2887 4655 3029 4710 enim
3079 4654 3131 4707 in
3175 4652 3527 4723 agricultura,

1967 4749 2110 4805 aliud
2159 4760 2371 4820 tempus
2400 4749 2585 4803 arandi
2617 4764 2801 4818 agrum
2836 4756 2940 4813 est,
2972 4746 3119 4801 aliud
3147 4759 3279 4799 vero
3327 4745 3528 4800 semina

1966 4844 2204 4899 subacta
2235 4852 2393 4897 terrae
2420 4843 2774 4912 congruentia
2792 4838 3029 4910 jaciendi
3053 4854 3066 4903 ;
3089 4836 3278 4892 eadem
3309 4850 3531 4905 prorsus

1964 4953 2171 5007 ratione
2227 4952 2530 5004 animarum
2582 4948 2838 5021 agricola,
2890 4946 2984 5002 Dei
3021 4943 3283 5009 Verbum,
3324 4942 3530 4996 animas

1962 5046 2245 5113 hominum
2290 5034 2459 5109 arari,
2489 5058 2555 5099 ac
2582 5058 2680 5110 per
2701 5039 3077 5097 rationabilem
3116 5035 3421 5091 doctrinam
3460 5032 3533 5117 la-

1949 5127 2140 5199 tentes
2168 5141 2275 5194 imo
2299 5147 2520 5209 pectore
2550 5135 2906 5205 cogitationes
2934 5131 3086 5186 verbi
3119 5136 3303 5183 aratro
3333 5126 3527 5181 sulcari

1964 5236 2187 5305 expetit.
2230 5231 2591 5299 Quamobrem
2639 5228 2713 5281 ita
2752 5224 2994 5299 prmeipit
3029 5238 3043 5273 :
3077 5239 3095 5272 ι
3120 5218 3326 5272 Novate
3372 5216 3530 5271 nobis

1961 5308 2201 5390 novalia,
2228 5336 2283 5379 et
2320 5340 2385 5379 ne
2413 5322 2677 5377 seminate
2707 5335 2869 5389 snpra
2910 5314 3116 5384 spinas.
3152 5330 3171 5363 ι
3228 5309 3527 5380 Postquam

1962 5398 2140 5471 autem
2178 5416 2264 5470 illa
2298 5416 2488 5468 anima:
2521 5412 2682 5466 veluti
2709 5408 3022 5480 superficies
3055 5405 3395 5473 complanata
3422 5410 3528 5465 est,

1969 5510 2177 5564 sublata
2214 5508 2379 5581 omni,
2425 5505 2551 5559 olim
2604 5505 2657 5559 in
2696 5519 2758 5558 ea
2794 5503 3070 5570 spinarum
3131 5488 3306 5553 instar
3353 5495 3529 5564 pullu-

1962 5602 2131 5666 lante,
2165 5586 2459 5670 nequitia;
2519 5610 2646 5651 tunc
2692 5597 2902 5650 ratione
2953 5594 3137 5649 habita
3197 5585 3531 5645 discriminis

1963 5711 2149 5754 eorum
2184 5697 2276 5765 qui
2318 5710 2502 5752 semen
2539 5695 2838 5763 excipiunt,
2871 5692 3073 5748 semina
3100 5688 3236 5754 jacit
3261 5703 3277 5749 ;
3307 5685 3361 5741 in
3394 5681 3532 5739 alios
