4072 6194
328 283 435 339 997

1247 278 1745 338 COMMENTARIA
1780 279 1848 335 IN
1886 278 2142 335 ISAIAM.
2184 312 2251 323 --
2285 278 2437 339 CAP.
2480 280 2669 336 XXIX.

3465 286 3568 344 298

332 401 655 471 ἐπολέμησε
686 396 860 461 Δαυῖδ,
892 397 983 451 ὅτε
1034 397 1139 451 ὑπὸ
1202 398 1516 468 ἀλλοφύλοις
1547 394 1634 469 ἦν.
1680 396 1897 450 Δύναται

2012 408 2157 451 ctum
2190 397 2374 463 fuisse,
2410 416 2429 449 ι
2466 411 2559 466 per
2591 410 2750 467 quam
2792 397 3117 467 expugnavit
3160 396 3347 455 David.
3387 420 3405 453 ι
3440 402 3571 458 Illud

334 494 395 547 δὲ
419 492 526 546 καὶ
548 491 672 544 ἀντὶ
696 489 801 553 τοῦ,
828 509 845 540 ι
875 489 942 541 δι’
967 490 1034 558 ἢν
1062 489 1366 560 ἐπολέμησε
1396 490 1574 553 Δαυῒδ,
1600 510 1619 543 ι
1638 488 1908 557 λέγεσθαι.

338 583 420 636 T6
447 582 528 643 δὲ,
563 599 582 631 ι
624 578 955 646 Συναγάγετε
994 580 1329 650 γεννήματα,
1374 599 1394 632 ι
1422 582 1586 651 φησίν
1609 596 1625 611 ·
1657 581 1778 633 ὅσον
1806 580 1913 651 γὰρ

343 671 508 725 οὔπω
536 670 925 742 στερηθήσεσθε
954 670 1599 743 πάσηςλογικῆςτροφῆς.
1618 672 1706 735 Ὧς
1726 672 1803 725 ἐτι
1819 668 1911 725 οῦν

349 762 541 833 καιρός
559 763 683 823 ἐστι,
704 760 979 831 χρήσασθε
992 763 1105 824 τοῖς
1124 762 1381 825 ἐνιαυτοῖς
1394 763 1605 826 τούτοις
1626 763 1762 834 πρὸς
1771 764 1912 832 ὠφέ-

351 855 497 907 λειαν
516 852 617 905 τῶν
645 852 928 923 ὑμετέρων
948 853 1135 924 ψυχῶν
1157 873 1172 886 ο
1196 856 1289 910 καί
1312 872 1399 927 μοι
1424 855 1571 909 δοκεῖ
1594 856 1681 909 διὰ
1706 856 1912 910 τούτων

351 945 661 997 αξνίττεσθαι
695 945 789 997 τὸν
836 945 1027 1017 χρόνον
1077 945 1169 999 τοῦ
1222 947 1486 1019 σωτηρίου
1534 946 1906 1019 κηρύγματος,

348 1036 463 1088 καθ’
487 1036 542 1088 ὅν
565 1035 915 1107 ἐπιδημήσας
933 1036 1114 1099 αὐτοῖς
1132 1037 1161 1088 6
1182 1037 1389 1108 Σωτὴρ,
1413 1038 1705 1109 ἐκήρυττεν
1730 1039 1907 1091 ἐνιαυ-

339 1127 426 1179 τὸν
452 1127 657 1197 Κυρίου
684 1127 876 1181 δεκτὺν
916 1128 1011 1180 καὶ
1050 1126 1263 1198 ἡμέραν
1291 1127 1714 1192 ἀνταποδόσεως.
1755 1130 1907 1199 Τάχα

331 1219 387 1271 δὲ
412 1222 505 1272 καὶ
532 1219 788 1292 δεύτερον
813 1221 996 1283 αὐτοῖς
1021 1219 1284 1282 ἐνιαυτὸν,
1310 1220 1343 1291 ἢ
1368 1222 1464 1275 καὶ
1494 1221 1675 1293 τρίτον
1700 1220 1909 1291 ὡμιλησ-

330 1312 442 1375 κὼς
480 1312 755 1381 φαίνεται.
798 1312 966 1365 Αὑτὸν
1007 1307 1099 1365 οὖν
1138 1313 1340 1365 ἐκεῖνον
1381 1312 1501 1366 καθ’
1543 1313 1603 1366 ὃν
1647 1316 1907 1385 παρεῖχεν

330 1407 513 1468 αὐτοῖς
536 1404 609 1458 τὰ
649 1407 783 1477 περὶ
822 1408 919 1476 τῆς
943 1404 1050 1458 τῶν
1078 1404 1319 1476 οὐρανῶν
1348 1404 1625 1475 βασιλείας
1656 1406 1908 1477 μαθήμα-

332 1514 417 1557 τα,
436 1496 718 1567 σημαίνων
749 1496 913 1567 φησί·
946 1516 965 1547 ι
989 1497 1326 1565 Συναγάγετε
1356 1497 1699 1569 γεννήματα,
1732 1500 1908 1552 ἐνιαυ-

332 1585 425 1637 τὸν
452 1588 541 1639 ἐπ’
571 1586 813 1638 ἐνιαυτὸν
843 1585 1103 1654 φάγεσθε.
1132 1605 1151 1637 ι

418 1699 437 1730 ι
486 1678 753 1747 Ἐκθλίψω
773 1679 879 1750 γὰρ
921 1679 1125 1750 Ἀριὴλ,
1159 1679 1252 1733 καὶ
1284 1678 1437 1733 ἔσται
1474 1679 1645 1749 αὐτῆς
1676 1682 1708 1751 ἠ
1756 1682 1908 1751 ἰσχὺς

2014 506 2139 544 vero
2162 530 2178 553 ,
2218 508 2237 541 ι
2274 500 2591 560 congregate
2618 490 2859 554 fructus,
2891 508 2911 541 ι
2951 490 3054 545 hoc
3105 505 3267 567 sensu
3299 493 3463 549 dicit:
3494 498 3568 551 si-

2011 583 2229 652 quidem
2272 584 2573 652 proximum
2604 592 2683 637 est
2731 592 2789 638 ut
2819 583 3123 638 rationabili
3171 586 3292 642 cibo
3317 588 3569 643 careatis.

2012 671 2143 725 Dum
2183 673 2350 744 igitur
2381 684 2590 743 tempus
2612 685 2719 739 est,
2766 675 2917 731 hisce
2961 676 3117 731 anuis
3148 678 3215 730 ad
3266 679 3573 734 animarum

2009 772 2305 819 vestrarum
2336 766 2619 821 utilitatem
2656 766 2893 821 lrnimini
2921 785 2935 821 :
2966 769 3204 838 mihique
3234 769 3451 827 videtur
3486 772 3573 829 his

2009 854 2348 910 subindicare
2372 856 2625 911 salutaris
2650 859 3044 925 praedicationis
3062 869 3293 928 tempus.
3309 876 3415 929 quo
3429 865 3572 933 apud

2009 943 2126 999 illos
2153 947 2527 1017 peregrinatus
2560 947 2837 1015 Salvator,
2882 951 3198 1019 prtedicavit
3225 967 3424 1009 annum
3459 955 3568 1011 Do-

2007 1034 2138 1089 mini
2167 1038 2555 1107 acceptabilem
2585 1050 2639 1095 et
2672 1050 2881 1109 tempus
2930 1043 3321 1100 retributionis.
3360 1045 3426 1100 Et
3458 1045 3569 1101 for-

2009 1132 2159 1181 tasse
2189 1127 2417 1182 alterum
2449 1145 2647 1184 annum
2674 1171 2690 1197 ,
2730 1132 2835 1185 itno
2858 1131 2997 1187 forte
3031 1134 3290 1199 tertium',
3316 1149 3436 1189 cum
3464 1134 3569 1189 illis

2007 1228 2355 1273 conversatus
2392 1218 2652 1275 videatur.
2699 1218 2848 1273 Illum
2900 1220 3080 1289 itaque
3129 1220 3300 1289 ipsum
3338 1236 3567 1286 annum,

2007 1323 2113 1377 quo
2135 1309 2264 1378 ipsis
2281 1310 2346 1363 de
2374 1325 2540 1379 regno
2563 1310 2819 1364 cmlorum
2847 1310 3090 1365 instituta
3122 1311 3569 1383 disciplinamque

2008 1398 2248 1463 tradidit,
2282 1399 2597 1470 signiﬁcans
2628 1400 2736 1465 ait,
2768 1418 2787 1451 ι
2822 1401 3159 1471 Congregate
3202 1401 3432 1473 fructus,
3466 1419 3568 1459 an-

2006 1506 2132 1546 num
2158 1506 2319 1562 supra
2350 1507 2549 1548 annum
2583 1493 2899 1552 comedetis.
2936 1513 2956 1547 ι

2075 1670 2238 1727 Vsus.
2264 1672 2381 1727 2-5.
2420 1692 2438 1725 ι
2471 1672 2713 1744 Amigam
2748 1675 2891 1731 enim
2916 1675 3084 1740 Ariel,
3111 1684 3165 1731 et
3188 1677 3293 1733 erit
3320 1676 3436 1745 ejus
3460 1676 3570 1734 for-

338 1767 441 1819 xal
465 1767 495 1817 6
528 1765 750 1828 πλοῦτος
776 1766 907 1837 ἐμοί.
952 1767 1064 1820 Καὶ
1107 1766 1369 1821 κυκλώσω
1410 1768 1486 1831 ὡς
1505 1768 1666 1829 Δαυῖδ
1693 1770 1786 1823 ἐπὶ
1815 1770 1895 1833 σέ,

2001 1760 2170 1814 titudo
2198 1770 2253 1817 et
2290 1762 2494 1817 divitia:
2523 1763 2675 1817 mihi.
2724 1764 2791 1818 Et
2819 1766 3166 1821 circumdabo
3206 1776 3261 1822 te
3292 1767 3435 1823 sicut
3464 1768 3569 1823 Da-

346 1858 449 1912 xa‘t
487 1855 635 1926 βαλῶ
667 1859 746 1921 είς
774 1860 1002 1929 χάρακα,
1052 1860 1142 1912 καὶ
1166 1859 1521 1932 οἰκοδομήσω,
1546 1860 1694 1932 θήσω
1716 1862 1808 1915 ἐπὶ
1842 1862 1903 1915 σὲ

350 1944 615 2015 πύργους.
651 1946 751 1997 Kal
778 1945 1260 2018 ταπεινωθήσονται
1285 1950 1335 2002 οι
1366 1949 1510 2018 λόγοι
1547 1967 1662 2013 σου,
1698 1951 1793 2006 καὶ
1822 1954 1903 2016 είς

349 2038 453 2106 τὴν
475 2036 577 2105 γῆν
605 2037 651 2089 οί
690 2037 828 2105 λόγοι
866 2055 961 2091 σου
1002 2038 1263 2094 δύσονται.
1294 2041 1404 2093 Καὶ
1430 2040 1582 2095 ἔσται
1608 2042 1685 2106 ὡς
1709 2044 1759 2095 oi
1793 2061 1904 2112 φω-

351 2128 563 2192 νοῦντες
597 2130 659 2182 ἐκ
691 2130 788 2199 τῆς
821 2132 926 2202 γῆς
952 2134 984 2203 ἡ
1020 2135 1168 2204 φωνή
1201 2150 1315 2197 σου,
1343 2134 1595 2206 καὶπρὸς
1622 2136 1683 2188 τὸ
1710 2135 1905 2206 ἔδαφος

347 2222 378 2291 ή
404 2222 549 2290 φωνή
590 2238 680 2274 σου
708 2222 1020 2294 ἀσθενήσει.
1066 2226 1173 2278 Kal
1208 2225 1358 2279 ἐσται
1388 2226 1463 2290 ὡς
1497 2228 1770 2297 κονιορτὸς
1797 2227 1904 2281 ἀπὸ

336 2312 528 2384 τροχοῦ
561 2316 591 2367 ὁ
616 2313 847 2378 πλοῦτος
883 2315 991 2368 τῶν
1038 2316 1269 2380 ἀσεϐῶν,
1317 2318 1411 2371 καὶ
1450 2318 1525 2380 ὼς
1551 2317 1710 2387 χνοῦς
1744 2319 1904 2393 φερό-

338 2418 494 2471 μενος
554 2404 617 2456 τὸ
662 2404 868 2474 πλῆθος
918 2406 1027 2459 τῶν
1068 2406 1637 2463 καταδυναστευόντων
1678 2426 1758 2474 σε,
1811 2410 1904 2465 καὶ

331 2492 484 2545 ισται
509 2495 586 2557 ὡς
610 2495 815 2567 στιγμὴ
846 2498 1185 2569 παραχρῆμα
1216 2498 1368 2570 παρά
1392 2500 1593 2571 Κυρίου
1617 2500 1896 2556 Σαϐαὼθ.»

336 2582 542 2654 Ὠσπερ
574 2585 685 2657 γάρ
719 2602 848 2637 ποτε
888 2587 917 2639 6
967 2586 1127 2641 Δαυῒδ
1162 2588 1509 2659 παρεμϐολὴν
1550 2590 1680 2661 περὶ
1724 2590 1782 2643 σέ
1805 2590 1903 2662 τὴν

360 2672 696 2743 Ιερουσαλήμ
720 2673 1019 2738 ἐκύκλωσε,
1048 2675 1134 2728 ὅτε
1159 2674 1467 2744 ἀλλοφύλων
1483 2670 1644 2747 ἦσθα,
1670 2677 1763 2729 καὶ
1785 2678 1904 2730 ἐπο-

332 2760 539 2833 λιμησέ
581 2780 643 2815 σε
675 2763 831 2816 πόλιν
881 2760 1045 2818 οὖσαν
1096 2766 1441 2835 ἀλλοφύλων
1488 2767 1629 2821 οὕτω
1688 2767 1842 2837 κάγὼ
1873 2770 1902 2823 6

333 2854 506 2908 ταῦτα
518 2855 691 2924 λέγων
717 2855 920 2927 Κύριος
945 2858 1037 2911 νῦν
1054 2874 1112 2911 σε
1136 2858 1415 2913 κυκλώσω.
1443 2859 1774 2931 Ἀλλοφύλων
1794 2860 1901 2932 γὰρ

339 2948 645 3026 οἰκητήριον
689 2949 938 3017 γέγονας,
987 2949 1331 3022 πληρωθεῖσα
1372 2952 1554 3006 κακῶν
1599 2953 1897 3024 ἀρχόντων.

341 3040 523 3112 ’Δπερ
557 3041 849 3113 ἐπληροῦτο
876 3043 1011 3114 μετὰ
1042 3044 1109 3097 τὰ
1133 3044 1468 3117 τολμηθέντα
1502 3048 1614 3110 τοῖς
1646 3046 1746 3117 τὴν
1797 3047 1895 3100 Ἱε-

340 3133 621 3204 ρουσαλὴμ
650 3134 852 3188 οἰκοῦσι
887 3134 1027 3189 κατά
1066 3135 1159 3189 τοῦ
1210 3136 1457 3208 Σωτῆρος
1484 3138 1644 3209 ἡμῶν
1669 3137 1895 3192 ἀκολού-

338 3222 470 3287 θως,
500 3214 696 3286 ὡς’καὶ
730 3224 889 3289 αὐτὸ,
912 3228 950 3279 ιὸ
986 3226 1204 3299 Σωτὴρ,
1250 3228 1729 3299 ἁποκλαυσάμενος
1773 3230 1897 3283 τότε

333 3314 435 3383 τὴν
461 3315 832 3387 Ἰερουσαλὴμ,
866 3317 1273 3389 ἀναγέγραπται
1307 3318 1563 3391 εἰρηκώς·
1592 3338 1610 3372 ι
1641 3321 1703 3373 El
1725 3320 1896 3389 ἔγνως

336 3407 430 3459 καὶ
469 3406 533 3460 σύ
561 3425 624 3476 γε
655 3407 725 3461 τὰ
750 3409 884 3480 πρὸς
916 3410 1134 3480 εἰρήνην
1170 3428 1283 3474 σου,
1322 3412 1405 3464 ὄτι
1449 3411 1667 3483 ἥξουσιν
1695 3411 1900 3483 ἡμέραι

335 3500 425 3551 ἐπὶ
472 3499 561 3564 σέ,
614 3501 709 3555 καὶ
750 3484 1192 3574 παρεμϐαλοῦσιν
1236 3504 1330 3557 ἐπὶ
1369 3505 1426 3557 σὲ
1468 3506 1517 3557 οἱ
1568 3504 1750 3576 ἐχθροί
1804 3521 1898 3558 σου

339 3590 571 3661 χάρακα,
599 3592 690 3644 καὶ
719 3591 1054 3645 κυκλώσουσί
1096 3610 1182 3658 σε,
1220 3595 1310 3647 καὶ
1344 3596 1423 3658 εἰς
1449 3593 1549 3665 τὴν
1578 3594 1681 3664 γῆν
1715 3594 1900 3663 ἐδαφι-

559 3704 579 3735 ι

418 3793 435 3824 ι
469 3776 766 3848 Ἐπισκοπὴ
790 3777 897 3848 γὰρ
930 3778 1080 3831 ἔσται
1108 3778 1247 3849 μετὰ
1264 3777 1509 3849 βροντῆς,
1535 3778 1627 3831 καὶ
1648 3778 1895 3850 σεισμοῦ,

342 3864 437 3917 καὶ
477 3868 650 3937 φωνῆς
687 3868 947 3938 μεγάλης,
990 3868 1241 3937 καταιγὶς
1292 3868 1586 3939 φερομένη,
1626 3870 1717 3921 καὶ
1766 3866 1900 3938 φλὸξ

337 3957 504 4025 πυρὸς
530 3958 901 4013 κατεσθίουσα.
945 3979 963 4010 ι
991 3961 1066 4012 Δι’
1091 3952 1164 4012 ὧν
1196 3960 1413 4031 ᾐνίξατο
1450 3958 1524 4022 ὡς
1542 3960 1649 4030 ἄρα
1675 3959 1768 4013 καὶ
1800 3976 1902 4012 πυ-

334 4051 623 4121 ρίκαυστος
637 4055 926 4124 γενήσεται
948 4054 980 4124 ὴ
1010 4055 1181 4117 πόλις,
1214 4054 1417 4107 ἄνωθεν
1437 4056 1501 4107 ἐκ
1516 4053 1649 4107 Θεοῦ
1673 4053 1897 4124 βροντῆς

328 4144 421 4197 καὶ
449 4144 676 4214 σεισμοῦ
718 4147 810 4199 καὶ
835 4146 1140 4214 καταιγίδος
1172 4146 1292 4199 κατ’
1320 4144 1491 4215 αὐτῆς
1525 4144 1856 4215 ἐνεχθείσης.

402 4254 420 4285 ι
457 4237 567 4289 Kal
593 4236 744 4289 ἔσται
773 4238 847 4301 ὼς
879 4238 907 4289 6
939 4237 1389 4309 ὲνυπνιαζόμενος
1410 4238 1466 4290 ἐν
1498 4235 1650 4307 ὕπνῳ
1672 4238 1701 4290 6
1733 4234 1896 4288 πλοῦ-

324 4343 415 4390 τος
450 4327 623 4380 ἐθνῶν
660 4328 897 4393 πάντων,
936 4330 1048 4383 ὅσοι
1089 4328 1526 4400 ἐπεστράτευσαν
1558 4327 1651 4381 ἐπὶ
1685 4327 1893 4399 Ἀριὴλ,

2005 1850 2114 1915 vid,
2141 1859 2197 1906 et
2221 1850 2432 1921 cingant
2468 1860 2519 1905 te
2550 1851 2711 1917 vallo,
2736 1864 2789 1907 et
2811 1865 3110 1919 exstruam,
3131 1863 3184 1908 et
3215 1869 3408 1924 ponam
3435 1869 3568 1909 con-

2004 1948 2086 1993 tra
2114 1948 2164 1994 te
2192 1948 2386 1995 turres.
2422 1940 2487 1995 Et
2519 1941 2947 1995 humiliabuntur
2985 1957 3265 2015 sermones
3297 1944 3394 2008 tui,
3427 1953 3481 1998 et
3512 1944 3567 1998 in

2007 2037 2205 2085 terram
2239 2030 2491 2085 subibunt
2525 2032 2687 2085 verba
2714 2040 2824 2084 tua.
2860 2030 2927 2085 Et
2952 2031 3056 2085 erit
3079 2040 3333 2101 tanquam
3360 2031 3450 2099 qui
3489 2030 3565 2084 lo-

2003 2129 2243 2189 quuntur
2275 2120 2342 2176 de
2382 2130 2525 2177 terra
2554 2136 2655 2175 vox
2705 2130 2794 2175 tua
2821 2162 2838 2189 ,
2881 2129 2935 2176 et
2965 2122 3031 2177 ad
3077 2122 3441 2192 pavimentum
3464 2136 3570 2177 vox

2005 2221 2093 2267 tua
2139 2212 2501 2269 inﬁrmabitur
2538 2228 2554 2279 ;
2606 2222 2661 2269 et
2705 2221 2865 2267 erunt
2904 2222 3157 2283 tanquam
3186 2213 3360 2283 pulvis
3391 2228 3421 2269 a
3452 2224 3571 2269 rota

2003 2301 2202 2358 divitia:
2250 2302 2561 2373 impiorum,
2588 2312 2645 2360 et
2696 2303 2837 2360 sicut
2877 2303 3062 2360 favilla
3085 2314 3359 2361 commota
3386 2305 3569 2361 multi-

2006 2396 2131 2449 tudo
2157 2410 2341 2450 eorum
2374 2396 2465 2464 qui
2499 2405 2551 2451 te
2576 2396 2860 2466 subigent:
2902 2406 2957 2452 et
2996 2397 3100 2453 erit
3148 2407 3402 2467 tanquam
3433 2413 3573 2468 pnu-

2002 2496 2149 2541 ctum
2183 2486 2469 2541 confestim
2506 2502 2537 2541 a
2577 2488 2804 2543 Domino
2848 2488 3109 2545 Sabaoth.
3155 2506 3175 2540 ι
3206 2487 3572 2555 Quemadmo-

2002 2578 2127 2633 dum
2155 2578 2299 2632 euim
2328 2578 2496 2632 David
2526 2579 2793 2646 quondam
2817 2590 2997 2635 castra
3024 2588 3214 2635 contra
3240 2588 3318 2646 te,
3344 2578 3569 2635 Jerusa-

2003 2667 2128 2735 lem,
2163 2668 2365 2737 posuit,
2398 2680 2555 2736 teque
2581 2668 2961 2732 circumsedit,
2991 2684 3114 2724 cum
3146 2668 3199 2723 in
3235 2664 3569 2739 alienigena-

2003 2773 2120 2812 rum
2148 2758 2351 2813 ditione
2374 2771 2544 2825 esses,
2572 2767 2730 2829 teque
2758 2760 3117 2827 expugnavit;
3144 2759 3223 2815 sic
3251 2769 3306 2812 et
3325 2775 3446 2831 ego,
3472 2761 3567 2829 qui

2001 2849 2115 2904 haec
2139 2848 2345 2918 loquor,
2376 2849 2654 2917 Dominus,
2687 2866 2830 2906 nunc
2864 2860 2915 2905 tc
2945 2850 3225 2906 obsidebo.
3258 2850 3392 2906 Nam
3424 2852 3560 2910 alie-

2002 2937 2319 3007 nigenarum
2374 2938 2701 2995 domicilium
2750 2942 3004 3005 evasisti,
3051 2940 3313 3010 improbis
3363 2942 3565 3013 repleta

2002 3036 2353 3107 principibus.
2384 3038 2513 3106 Qua:
2538 3037 2751 3108 impleta
2778 3046 2922 3103 sunt,
2948 3046 3068 3109 post
3098 3048 3461 3110 perpetratum
3499 3040 3566 3101 al;

1997 3130 2463 3204 Jerosolytnitanis
2490 3141 2677 3188 contra
2700 3131 3033 3188 Salvatorem
3066 3141 3308 3188 nostrum
3336 3132 3569 3198 facinus;

1999 3225 2140 3280 sicut
2187 3226 2300 3295 ipse
2348 3224 2606 3281 Servator
2634 3224 3059 3296 Hierosolymam
3109 3223 3393 3295 deplorans
3439 3235 3567 3281 tunc

2000 3318 2202 3373 dixisse
2229 3317 2423 3389 legitur
2450 3332 2467 3373 :
2505 3337 2523 3370 ι
2558 3316 2615 3372 Si
2648 3317 2992 3388 cognovisses
3024 3325 3079 3372 et
3110 3326 3188 3383 tu,
3232 3332 3351 3388 quae
3374 3317 3439 3371 ad
3473 3333 3567 3387 pa-

1999 3425 2119 3466 cem
2158 3419 2326 3475 tuam,
2359 3412 2483 3479 quia
2512 3410 2729 3466 venient
2757 3410 2875 3467 dies
2915 3409 2969 3465 in
3019 3418 3092 3475 te,
3153 3420 3209 3465 et
3258 3410 3565 3465 circumda-

1998 3504 2133 3558 bunt
2164 3512 2215 3559 te
2258 3504 2460 3558 inimici
2498 3503 2569 3557 tui
2605 3502 2768 3568 vallo,
2817 3510 2873 3558 et
2899 3501 3221 3558 obsidebant
3274 3510 3327 3557 te
3352 3541 3368 3566 ,
3401 3510 3459 3556 et
3496 3502 3563 3562 ad

2000 3607 2202 3652 terram
2234 3596 2503 3667 dejicieris
2529 3597 2595 3648 ".
2638 3614 2659 3648 ι

2071 3774 2231 3832 Vatis.
2264 3777 2316 3832 6.
2360 3797 2379 3829 ι
2428 3777 2677 3835 Visitatio
2712 3777 2854 3833 enim
2900 3778 3005 3834 erit
3048 3792 3169 3833 cum
3218 3778 3453 3845 tonitru,
3507 3790 3563 3836 et

2001 3876 2157 3925 terrm
2191 3878 2362 3935 motu,
2393 3878 2449 3924 et
2479 3885 2609 3927 voce
2653 3885 2848 3939 magna
2896 3887 2911 3925 :
2963 3870 3194 3940 procella
3238 3870 3475 3940 irruens,
3509 3882 3564 3927 et

1995 3958 2213 4014 ﬂamma
2240 3960 2378 4030 ignis
2409 3960 2696 4016 devorans.
2736 3980 2753 4013 ι
2788 3961 2952 4028 Queis
2981 3961 3291 4017 subindicat
3317 3962 3564 4019 incendio

1997 4051 2383 4106 absumendam
2413 4053 2627 4116 urbem,
2654 4051 2976 4107 immittente
3001 4052 3111 4107 Deo
3137 4068 3349 4110 sursum
3374 4064 3564 4112 contra

2002 4138 2144 4195 illam
2178 4142 2403 4206 tonitru,
2435 4149 2592 4196 terra:
2630 4151 2832 4195 motum
2868 4151 2924 4198 et
2953 4143 3269 4211 procellam.

2072 4229 2236 4286 Vsus.
2278 4231 2333 4296 7,
2365 4232 2421 4286 8.
2464 4248 2483 4281 ι
2520 4230 2585 4283 Et
2618 4240 2776 4286 erunt
2802 4239 3055 4300 tanquam
3108 4231 3201 4301 qui
3241 4234 3475 4289 somniat|
3504 4236 3561 4289 in

1997 4338 2187 4378 somno
2220 4338 2350 4393 opes
2393 4326 2631 4393 gentium
2662 4324 2940 4390 omnium,
2984 4335 3248 4396 quotquot
3296 4326 3560 4382 militave—

325 4418 419 4470 καὶ
454 4418 656 4481 πάντες
684 4420 732 4471 οἱ
765 4421 1221 4492 στρατευσάμενοι
1250 4420 1342 4472 ἐπὶ
1390 4417 1768 4489 Ἰερουσαλὴμ,
1802 4418 1895 4473 καὶ

2004 4424 2128 4470 runt
2180 4417 2437 4470 adversus
2499 4414 2687 4479 Ariel,
2743 4426 2802 4471 et
2856 4427 3118 4487 quotquot
3191 4417 3559 4487 militaverunt

325 4511 527 4573 πάντες
571 4510 620 4562 οἱ
656 4511 979 4581 συνηγμένοι
1027 4511 1113 4564 ἐπ’
1144 4509 1345 4579 αὐτὴν,
1394 4508 1488 4562 καὶ
1522 4509 1570 4561 οἱ
1617 4508 1889 4571 θλίϐοντες

2001 4501 2257 4557 adversus
2307 4500 2645 4568 Jerusalem,
2711 4513 2765 4559 et
2842 4505 3115 4569 universi,
3186 4504 3275 4574 qui
3329 4521 3555 4575 congre-

323 4602 515 4673 αὑτήν.
565 4602 673 4655 Kal
720 4601 930 4655 ἔσονται
975 4602 1050 4665 ὼς
1085 4603 1134 4655 οἱ
1172 4603 1229 4654 ἐν
1272 4602 1424 4672 ὕπνῳ
1459 4602 1746 4665 πίνοντες,
1794 4599 1888 4652 καὶ

320 4694 613 4756 ἐσθίοντες,
646 4694 736 4746 καὶ
766 4694 1188 4761 ἐξαναστάντων,
1227 4693 1450 4763 μάταιον
1482 4693 1659 4747 αὐτῶν
1692 4693 1753 4746 τὸ
1800 4694 1886 4747 ἐν·

324 4783 533 4836 ύπνιον.
578 4784 687 4837 Kal
749 4783 806 4835 6v
858 4784 1056 4854 τρόπον
1104 4784 1477 4849 ἐνυπνιάζεται
1508 4786 1537 4837 6
1576 4784 1744 4854 διψῶν
1793 4784 1887 4837 καὶ

322 4876 515 4937 πίνων,
544 4875 640 4928 καὶ
665 4875 961 4941 ἐξαναστὰς
993 4875 1070 4929 ἔτι
1101 4875 1227 4946 διψᾷ
1246 4893 1259 4907 ·
1294 4878 1326 4946 ἡ
1360 4876 1415 4929 δὲ
1442 4876 1586 4947 ψυχὴ
1611 4875 1773 4929 αὑτοῦ
1807 4877 1886 4940 εἰς

321 4966 479 5018 κενὸν
525 4967 779 5037 ἤλπισεν
819 4967 990 5032 οὕτως
1044 4968 1193 5021 ἔσται
1224 4969 1251 5021 6
1289 4967 1513 5033 πλοῦτος
1557 4968 1665 5021 τῶν
1713 4966 1884 5021 ἐθνῶν

324 5058 563 5120 πάντων,
594 5058 707 5111 ὅσοι
741 5058 1161 5129 ἐξεστράτευσαν
1195 5060 1287 5111 ἐπὶ
1320 5059 1381 5112 τὸ
1409 5059 1532 5131 ὅρος
1567 5058 1724 5114 Σιών.
1754 5076 1771 5108 ι
1804 5058 1882 5110 Δι’

322 5143 397 5203 ὧν
428 5149 643 5220 ᾐνίξατο
667 5151 765 5221 τὴν
791 5150 1081 5205 ἀπόλαυσιν
1108 5152 1207 5221 τῆς
1234 5154 1289 5205 ἐν
1320 5150 1394 5222 τῷ
1543 5149 1715 5221 τούτῳ
1750 5167 1882 5222 τρυ-

320 5240 433 5310 φῆς
461 5240 565 5295 τῶν
612 5242 933 5313 Ῥωμαϊκῶν
968 5242 1261 5315 ἀρχόντων.
1303 5236 1464 5297 Οὗτοι
1510 5243 1615 5314 γὰρ
1654 5238 1794 5313 ἦσαν
1834 5243 1884 5295 οί

317 5331 420 5403 τὴν
447 5332 679 5404 ἐσχάτην
702 5334 1010 5405 πολιορκίαν
1036 5334 1400 5401 ἐπαγαγόντες
1416 5336 1481 5405 τῇ
1506 5331 1877 5406 Ἰερουσαλήμ.

328 5423 530 5495 Ἐχρῆν
548 5425 655 5493 γὰρ
667 5426 812 5494 ἡμᾶς
831 5424 924 5479 καὶ
948 5442 1014 5477 πε
1024 5424 1076 5496 pl
1090 5422 1268 5476 αὐτῶν
1284 5442 1334 5477 τι
1356 5425 1567 5496 μαθεῖν,
1582 5424 1676 5479 xal
1697 5423 1881 5477 ὁποῖον

312 5518 469 5572 ἔσται
501 5517 597 5571 καὶ
617 5517 678 5570 τὸ
714 5518 887 5571 αὐτῶν
914 5518 1063 5581 τέλος
1094 5518 1423 5589 διδαχθῆναι.
1463 5519 1631 5589 Φησὶν
1659 5511 1751 5573 οῦν
1790 5515 1880 5571 τὸν

401 5716 446 5746 ³⁸
480 5715 611 5770 Luc.
649 5730 758 5773 xix.
787 5714 871 5770 43.

647 5808 911 5869 ΡΑτιιοι.
958 5810 1071 5869 Gn.
1122 5808 1352 5871 XXIV.

1996 4594 2105 4665 gati
2145 4604 2270 4649 sunt
2303 4595 2558 4650 adversus
2582 4610 2699 4651 eam
2722 4636 2739 4663 ,
2768 4606 2821 4651 et
2846 4599 2938 4666 qui
2966 4596 3272 4652 amixerunt
3315 4613 3455 4654 eam.
3490 4600 3555 4654 Et

1994 4696 2156 4740 erunt
2188 4686 2327 4741 sicut
2355 4686 2443 4755 qui
2477 4686 2528 4741 in
2565 4688 2767 4744 somnis
2804 4689 2993 4744 bibunt
3017 4698 3071 4743 et
3098 4688 3423 4754 comedunt;
3454 4692 3552 4745 sed

1993 4795 2113 4833 eum
2146 4792 2536 4847 surrexerunt,
2564 4797 2765 4836 vanum
2809 4791 2891 4836 est
2929 4782 3196 4837 somnium
3233 4797 3441 4839 eorum.
3489 4784 3553 4838 Et

1993 4874 2133 4929 sicut
2155 4876 2247 4945 qui
2282 4891 2375 4946 per
2405 4878 2666 4930 somnium
2703 4876 2836 4931 bibit
2864 4884 2917 4931 et
2938 4874 3264 4939 contedit,et
3286 4890 3407 4930 cum
3434 4892 3555 4930 sur-

1997 4966 2160 5033 rexit,
2187 4965 2361 5021 adhuc
2387 4967 2541 5021 sitit:
2570 4968 2747 5020 anima
2779 4977 2955 5020 autem
2984 4964 3101 5033 ejus
3132 4963 3330 5019 frustra
3360 4981 3551 5034 spera—

1990 5056 2102 5123 vit;
2135 5057 2213 5112 sic
2244 5068 2405 5113 erunt
2437 5057 2635 5113 divitia:
2667 5059 2907 5127 gentiqu
2940 5058 3179 5111 omnium
3206 5095 3222 5121 ,
3255 5071 3374 5125 qua:
3406 5057 3550 5120 mili-

1994 5155 2242 5201 taverunt
2267 5158 2455 5203 contra
2482 5159 2716 5203 montem
2748 5147 2934 5203 Sion.»
2958 5147 3052 5203 His
3079 5148 3421 5203 adumbravit
3440 5147 3521 5205 Ro
3545 5178 3553 5185 -

1993 5254 2271 5293 manorum
2306 5240 2604 5311 principum
2639 5241 2688 5293 in
2720 5241 2820 5294 hac
2848 5240 2956 5294 vita
2988 5239 3288 5315 voluptates
3314 5249 3369 5295 et
3393 5256 3547 5309 opes.

1989 5331 2053 5385 lli
2084 5332 2281 5402 quippe
2314 5342 2470 5387 erant
2512 5332 2600 5401 qui
2640 5341 2935 5387 extremam
2976 5331 3359 5405 Hierosolyma:
3397 5335 3547 5390 obsi-

1988 5423 2201 5478 dionem
2226 5424 2573 5481 induxerunt.
2601 5423 3035 5479 Consentaneum
3067 5425 3263 5495 quippe
3294 5435 3435 5487 erat.
3484 5436 3542 5479 ut

1989 5514 2263 5586 quidpiam
2299 5513 2363 5569 ad
2398 5514 2518 5571 illos
2559 5524 2809 5585 spectans
2840 5515 3224 5585 edocerentur,
3258 5531 3357 5573 nec
3384 5516 3545 5589 igno-

3152 5804 3226 5863 10
