  <div class='ocr_page' id='page_1' title='image "/cluster/home/n/w/nwhite01/storage/ocr_20150623/24/hvd.32044073501801/157.png"; bbox 0 0 4072 6194; ppageno 0'>
   <div class='ocr_carea' id='block_1_1' title="bbox 516 251 622 310">
    <p class='ocr_par' dir='ltr' id='par_1_1' title="bbox 516 251 622 310">
     <span class='ocr_line' id='line_1_1' title="bbox 516 251 622 310; baseline 0.019 -3"><span class='ocrx_word' id='word_1_1' title='bbox 516 251 622 310; x_wconf 75' lang='grc'><strong>299</strong></span> 
     </span>
    </p>
   </div>
   <div class='ocr_carea' id='block_1_2' title="bbox 1184 239 3041 303">
    <p class='ocr_par' dir='ltr' id='par_1_2' title="bbox 1184 239 3041 303">
     <span class='ocr_line' id='line_1_2' title="bbox 1184 239 3041 303; baseline -0.002 -2"><span class='ocrx_word' id='word_1_2' title='bbox 1184 243 1450 303; x_wconf 85' lang='lat' dir='ltr'><strong>EUSEBII</strong></span> <span class='ocrx_word' id='word_1_3' title='bbox 1485 240 1959 301; x_wconf 63' lang='lat' dir='ltr'><strong>CIESABIENSIS</strong></span> <span class='ocrx_word' id='word_1_4' title='bbox 1995 240 2145 298; x_wconf 77' lang='lat' dir='ltr'><strong>OPP.</strong></span> <span class='ocrx_word' id='word_1_5' title='bbox 2187 239 2364 298; x_wconf 80' lang='lat' dir='ltr'><strong>PARS</strong></span> <span class='ocrx_word' id='word_1_6' title='bbox 2399 239 2484 297; x_wconf 86' lang='lat' dir='ltr'><strong>Ill.</strong></span> <span class='ocrx_word' id='word_1_7' title='bbox 2526 272 2593 283; x_wconf 92' lang='lat'><strong>—</strong></span> <span class='ocrx_word' id='word_1_8' title='bbox 2630 240 3041 299; x_wconf 78' lang='lat' dir='ltr'><strong>EXEGETICA.</strong></span> 
     </span>
    </p>
   </div>
   <div class='ocr_carea' id='block_1_3' title="bbox 3621 241 3728 300">
    <p class='ocr_par' dir='ltr' id='par_1_3' title="bbox 3621 241 3728 300">
     <span class='ocr_line' id='line_1_3' title="bbox 3621 241 3728 300; baseline -0.019 0"><span class='ocrx_word' id='word_1_9' title='bbox 3621 241 3728 300; x_wconf 74' lang='lat'><strong>300</strong></span> 
     </span>
    </p>
   </div>
   <div class='ocr_carea' id='block_1_4' title="bbox 506 336 2062 450">
    <p class='ocr_par' dir='ltr' id='par_1_4' title="bbox 506 336 2058 436">
     <span class='ocr_line' id='line_1_4' title="bbox 506 336 2058 436; baseline -0.006 -11"><span class='ocrx_word' id='word_1_10' title='bbox 506 383 746 425; x_wconf 87' lang='lat' dir='ltr'><strong>raremus</strong></span> <span class='ocrx_word' id='word_1_11' title='bbox 773 336 1143 436; x_wconf 35' lang='lat' dir='ltr'><strong>quis-illorum”</strong></span> <span class='ocrx_word' id='word_1_12' title='bbox 1155 363 1368 419; x_wconf 90' lang='lat' dir='ltr'><strong>futurus</strong></span> <span class='ocrx_word' id='word_1_13' title='bbox 1393 362 1516 417; x_wconf 87' lang='lat' dir='ltr'><strong>finis</strong></span> <span class='ocrx_word' id='word_1_14' title='bbox 1550 363 1641 418; x_wconf 92' lang='lat' dir='ltr'><strong>sit.</strong></span> <span class='ocrx_word' id='word_1_15' title='bbox 1665 362 1753 416; x_wconf 82' lang='lat' dir='ltr'><strong>Ait</strong></span> <span class='ocrx_word' id='word_1_16' title='bbox 1778 375 1905 431; x_wconf 89' lang='lat' dir='ltr'><strong>ergo</strong></span> <span class='ocrx_word' id='word_1_17' title='bbox 1929 374 2058 431; x_wconf 89' lang='lat' dir='ltr'><strong>opes</strong></span> 
     </span>
    </p>
   </div>
   <div class='ocr_carea' id='block_1_5' title="bbox 2165 336 3751 450">
    <p class='ocr_par' dir='ltr' id='par_1_5' title="bbox 2165 355 3751 450">
     <span class='ocr_line' id='line_1_5' title="bbox 2165 355 3751 450; baseline 0.004 -39"><span class='ocrx_word' id='word_1_18' title='bbox 2165 358 2389 414; x_wconf 84' lang='grc' dir='ltr'>πλοῦτον</span> <span class='ocrx_word' id='word_1_19' title='bbox 2412 359 2508 414; x_wconf 76' lang='grc' dir='ltr'>καὶ</span> <span class='ocrx_word' id='word_1_20' title='bbox 2538 359 2636 430; x_wconf 85' lang='grc' dir='ltr'>τὴν</span> <span class='ocrx_word' id='word_1_21' title='bbox 2658 360 2867 432; x_wconf 87' lang='grc' dir='ltr'>τρυφὴν</span> <span class='ocrx_word' id='word_1_22' title='bbox 2889 359 3067 415; x_wconf 81' lang='grc' dir='ltr'>αὐτῶν</span> <span class='ocrx_word' id='word_1_23' title='bbox 3099 360 3262 432; x_wconf 84' lang='grc' dir='ltr'>μέχρι</span> <span class='ocrx_word' id='word_1_24' title='bbox 3291 361 3389 431; x_wconf 79' lang='grc' dir='ltr'>τῆς</span> <span class='ocrx_word' id='word_1_25' title='bbox 3427 355 3751 450; x_wconf 61' lang='grc' dir='ltr'>ἐνεστώσηςξ</span> 
     </span>
    </p>
   </div>
   <div class='ocr_carea' id='block_1_6' title="bbox 498 457 2054 530">
    <p class='ocr_par' dir='ltr' id='par_1_6' title="bbox 498 457 2054 530">
     <span class='ocr_line' id='line_1_6' title="bbox 498 457 2054 530; baseline -0.006 -13"><span class='ocrx_word' id='word_1_26' title='bbox 498 463 903 530; x_wconf 76' lang='lat' dir='ltr'><strong>voluptatesque</strong></span> <span class='ocrx_word' id='word_1_27' title='bbox 930 471 1117 513; x_wconf 88' lang='lat' dir='ltr'><strong>eorum</strong></span> <span class='ocrx_word' id='word_1_28' title='bbox 1158 457 1210 510; x_wconf 91' lang='lat' dir='ltr'><strong>in</strong></span> <span class='ocrx_word' id='word_1_29' title='bbox 1247 457 1346 511; x_wconf 87' lang='lat' dir='ltr'><strong>hac</strong></span> <span class='ocrx_word' id='word_1_30' title='bbox 1373 463 1578 510; x_wconf 90' lang='lat' dir='ltr'><strong>tantum</strong></span> <span class='ocrx_word' id='word_1_31' title='bbox 1610 457 1718 509; x_wconf 89' lang='lat' dir='ltr'><strong>vita</strong></span> <span class='ocrx_word' id='word_1_32' title='bbox 1755 463 2054 517; x_wconf 90' lang='lat' dir='ltr'><strong>manentes,</strong></span> 
     </span>
    </p>
   </div>
   <div class='ocr_carea' id='block_1_7' title="bbox 495 545 2056 627">
    <p class='ocr_par' dir='ltr' id='par_1_7' title="bbox 495 545 2056 627">
     <span class='ocr_line' id='line_1_7' title="bbox 495 545 2056 627; baseline -0.006 -16"><span class='ocrx_word' id='word_1_33' title='bbox 495 557 717 627; x_wconf 81' lang='lat' dir='ltr'><strong>perinde</strong></span> <span class='ocrx_word' id='word_1_34' title='bbox 746 569 805 610; x_wconf 90' lang='lat' dir='ltr'><strong>se</strong></span> <span class='ocrx_word' id='word_1_35' title='bbox 830 553 1030 608; x_wconf 85' lang='lat' dir='ltr'><strong>habere</strong></span> <span class='ocrx_word' id='word_1_36' title='bbox 1071 559 1232 619; x_wconf 89' lang='lat' dir='ltr'><strong>atque</strong></span> <span class='ocrx_word' id='word_1_37' title='bbox 1281 549 1487 606; x_wconf 91' lang='lat' dir='ltr'><strong>somnia</strong></span> <span class='ocrx_word' id='word_1_38' title='bbox 1539 547 1942 615; x_wconf 76' lang='lat' dir='ltr'><strong>dormientium,</strong></span> <span class='ocrx_word' id='word_1_39' title='bbox 1967 545 2056 617; x_wconf 86' lang='lat' dir='ltr'><strong>qui</strong></span> 
     </span>
    </p>
   </div>
   <div class='ocr_carea' id='block_1_8' title="bbox 495 639 2059 716">
    <p class='ocr_par' dir='ltr' id='par_1_8' title="bbox 495 639 2059 716">
     <span class='ocr_line' id='line_1_8' title="bbox 495 639 2059 716; baseline -0.005 -14"><span class='ocrx_word' id='word_1_40' title='bbox 495 646 885 716; x_wconf 75' lang='lat' dir='ltr'><strong>imaginatione</strong></span> <span class='ocrx_word' id='word_1_41' title='bbox 907 644 1193 711; x_wconf 76' lang='lat' dir='ltr'><strong>duntaxat,</strong></span> <span class='ocrx_word' id='word_1_42' title='bbox 1217 641 1303 696; x_wconf 89' lang='lat' dir='ltr'><strong>illa</strong></span> <span class='ocrx_word' id='word_1_43' title='bbox 1329 656 1448 712; x_wconf 74' lang='lat' dir='ltr'><strong>qua:</strong></span> <span class='ocrx_word' id='word_1_44' title='bbox 1479 641 1749 696; x_wconf 87' lang='lat' dir='ltr'><strong>somniant</strong></span> <span class='ocrx_word' id='word_1_45' title='bbox 1775 654 1834 695; x_wconf 92' lang='lat' dir='ltr'><strong>se</strong></span> <span class='ocrx_word' id='word_1_46' title='bbox 1861 639 2059 694; x_wconf 88' lang='lat' dir='ltr'><strong>habere</strong></span> 
     </span>
    </p>
   </div>
   <div class='ocr_carea' id='block_1_9' title="bbox 496 733 2056 810">
    <p class='ocr_par' dir='ltr' id='par_1_9' title="bbox 496 733 2056 810">
     <span class='ocr_line' id='line_1_9' title="bbox 496 733 2056 810; baseline -0.006 -15"><span class='ocrx_word' id='word_1_47' title='bbox 496 749 686 810; x_wconf 88' lang='lat' dir='ltr'><strong>putant</strong></span> <span class='ocrx_word' id='word_1_48' title='bbox 719 756 735 794; x_wconf 86' lang='lat'><strong>:</strong></span> <span class='ocrx_word' id='word_1_49' title='bbox 774 737 933 794; x_wconf 87' lang='lat' dir='ltr'><strong>talem</strong></span> <span class='ocrx_word' id='word_1_50' title='bbox 957 737 1154 808; x_wconf 86' lang='lat' dir='ltr'><strong>quippe</strong></span> <span class='ocrx_word' id='word_1_51' title='bbox 1180 751 1301 793; x_wconf 91' lang='lat' dir='ltr'><strong>esse</strong></span> <span class='ocrx_word' id='word_1_52' title='bbox 1333 735 1492 804; x_wconf 84' lang='lat' dir='ltr'><strong>hujus</strong></span> <span class='ocrx_word' id='word_1_53' title='bbox 1523 735 1705 789; x_wconf 91' lang='lat' dir='ltr'><strong>mundi</strong></span> <span class='ocrx_word' id='word_1_54' title='bbox 1747 733 2056 789; x_wconf 87' lang='lat' dir='ltr'><strong>divitiarum</strong></span> 
     </span>
    </p>
   </div>
   <div class='ocr_carea' id='block_1_10' title="bbox 495 827 2056 904">
    <p class='ocr_par' dir='ltr' id='par_1_10' title="bbox 495 827 2056 904">
     <span class='ocr_line' id='line_1_10' title="bbox 495 827 2056 904; baseline -0.007 -15"><span class='ocrx_word' id='word_1_55' title='bbox 495 832 853 904; x_wconf 79' lang='lat' dir='ltr'><strong>phantasiam.</strong></span> <span class='ocrx_word' id='word_1_56' title='bbox 909 831 1044 885; x_wconf 86' lang='lat' dir='ltr'><strong>Nam</strong></span> <span class='ocrx_word' id='word_1_57' title='bbox 1095 839 1217 901; x_wconf 90' lang='lat' dir='ltr'><strong>post</strong></span> <span class='ocrx_word' id='word_1_58' title='bbox 1270 837 1586 899; x_wconf 72' lang='lat' dir='ltr'><strong>praesentem</strong></span> <span class='ocrx_word' id='word_1_59' title='bbox 1655 827 1819 880; x_wconf 87' lang='lat' dir='ltr'><strong>vitam</strong></span> <span class='ocrx_word' id='word_1_60' title='bbox 1860 839 2056 880; x_wconf 86' lang='lat' dir='ltr'><strong>vanum</strong></span> 
     </span>
    </p>
   </div>
   <div class='ocr_carea' id='block_1_11' title="bbox 499 917 2056 993">
    <p class='ocr_par' dir='ltr' id='par_1_11' title="bbox 499 917 2056 993">
     <span class='ocr_line' id='line_1_11' title="bbox 499 917 2056 993; baseline -0.006 -9"><span class='ocrx_word' id='word_1_61' title='bbox 499 927 763 983; x_wconf 88' lang='lat' dir='ltr'><strong>somnium</strong></span> <span class='ocrx_word' id='word_1_62' title='bbox 795 925 862 980; x_wconf 92' lang='lat' dir='ltr'><strong>ab</strong></span> <span class='ocrx_word' id='word_1_63' title='bbox 915 924 1044 993; x_wconf 89' lang='lat' dir='ltr'><strong>ipsis</strong></span> <span class='ocrx_word' id='word_1_64' title='bbox 1089 922 1557 993; x_wconf 83' lang='lat' dir='ltr'><strong>deprehendetur,</strong></span> <span class='ocrx_word' id='word_1_65' title='bbox 1603 920 1889 989; x_wconf 87' lang='lat' dir='ltr'><strong>inanisque</strong></span> <span class='ocrx_word' id='word_1_66' title='bbox 1931 917 2056 974; x_wconf 85' lang='lat' dir='ltr'><strong>finis</strong></span> 
     </span>
    </p>
   </div>
   <div class='ocr_carea' id='block_1_12' title="bbox 499 1015 1622 1090">
    <p class='ocr_par' dir='ltr' id='par_1_12' title="bbox 499 1015 1622 1090">
     <span class='ocr_line' id='line_1_12' title="bbox 499 1015 1622 1090; baseline -0.006 -16"><span class='ocrx_word' id='word_1_67' title='bbox 499 1021 806 1090; x_wconf 85' lang='lat' dir='ltr'><strong>voluptatis,</strong></span> <span class='ocrx_word' id='word_1_68' title='bbox 841 1034 944 1088; x_wconf 90' lang='lat' dir='ltr'><strong>qua</strong></span> <span class='ocrx_word' id='word_1_69' title='bbox 973 1031 1032 1073; x_wconf 92' lang='lat' dir='ltr'><strong>se</strong></span> <span class='ocrx_word' id='word_1_70' title='bbox 1061 1016 1166 1071; x_wconf 92' lang='lat' dir='ltr'><strong>frui</strong></span> <span class='ocrx_word' id='word_1_71' title='bbox 1201 1015 1622 1072; x_wconf 88' lang='lat' dir='ltr'><strong>arbitrabantur.</strong></span> 
     </span>
    </p>
   </div>
   <div class='ocr_carea' id='block_1_13' title="bbox 573 1104 2059 1177">
    <p class='ocr_par' dir='ltr' id='par_1_13' title="bbox 573 1104 2059 1177">
     <span class='ocr_line' id='line_1_13' title="bbox 573 1104 2059 1177; baseline -0.005 -9"><span class='ocrx_word' id='word_1_72' title='bbox 573 1113 731 1170; x_wconf 74' lang='lat' dir='ltr'><strong>Vsus.</strong></span> <span class='ocrx_word' id='word_1_73' title='bbox 770 1111 920 1175; x_wconf 70' lang='lat'><strong>9,10.</strong></span> <span class='ocrx_word' id='word_1_74' title='bbox 961 1129 979 1161; x_wconf 87' lang='grc'><strong>‹</strong></span> <span class='ocrx_word' id='word_1_75' title='bbox 1011 1109 1235 1165; x_wconf 89' lang='lat' dir='ltr'><strong>Delicite</strong></span> <span class='ocrx_word' id='word_1_76' title='bbox 1258 1119 1312 1163; x_wconf 92' lang='lat' dir='ltr'><strong>et</strong></span> <span class='ocrx_word' id='word_1_77' title='bbox 1335 1107 1720 1177; x_wconf 87' lang='lat' dir='ltr'><strong>obstupescite,</strong></span> <span class='ocrx_word' id='word_1_78' title='bbox 1744 1115 1797 1161; x_wconf 92' lang='lat' dir='ltr'><strong>et</strong></span> <span class='ocrx_word' id='word_1_79' title='bbox 1825 1104 2059 1160; x_wconf 90' lang='lat' dir='ltr'><strong>inebrie-</strong></span> 
     </span>
    </p>
   </div>
   <div class='ocr_carea' id='block_1_14' title="bbox 499 1192 2056 1269">
    <p class='ocr_par' dir='ltr' id='par_1_14' title="bbox 499 1192 2056 1269">
     <span class='ocr_line' id='line_1_14' title="bbox 499 1192 2056 1269; baseline -0.006 -12"><span class='ocrx_word' id='word_1_80' title='bbox 499 1204 650 1269; x_wconf 84' lang='lat' dir='ltr'><strong>miui,</strong></span> <span class='ocrx_word' id='word_1_81' title='bbox 680 1217 783 1256; x_wconf 92' lang='lat' dir='ltr'><strong>non</strong></span> <span class='ocrx_word' id='word_1_82' title='bbox 809 1202 1007 1264; x_wconf 89' lang='lat' dir='ltr'><strong>sicera,</strong></span> <span class='ocrx_word' id='word_1_83' title='bbox 1038 1213 1212 1268; x_wconf 90' lang='lat' dir='ltr'><strong>neque</strong></span> <span class='ocrx_word' id='word_1_84' title='bbox 1248 1197 1396 1262; x_wconf 82' lang='lat' dir='ltr'><strong>vino,</strong></span> <span class='ocrx_word' id='word_1_85' title='bbox 1432 1196 1557 1266; x_wconf 84' lang='lat' dir='ltr'><strong>quia</strong></span> <span class='ocrx_word' id='word_1_86' title='bbox 1589 1196 1793 1265; x_wconf 84' lang='lat' dir='ltr'><strong>potavit</strong></span> <span class='ocrx_word' id='word_1_87' title='bbox 1828 1209 1922 1249; x_wconf 88' lang='lat' dir='ltr'><strong>vos</strong></span> <span class='ocrx_word' id='word_1_88' title='bbox 1949 1192 2056 1248; x_wconf 85' lang='lat' dir='ltr'><strong>Do-</strong></span> 
     </span>
    </p>
   </div>
   <div class='ocr_carea' id='block_1_15' title="bbox 497 1282 2058 1362">
    <p class='ocr_par' dir='ltr' id='par_1_15' title="bbox 497 1282 2058 1362">
     <span class='ocr_line' id='line_1_15' title="bbox 497 1282 2058 1362; baseline -0.009 -14"><span class='ocrx_word' id='word_1_89' title='bbox 497 1295 674 1348; x_wconf 88' lang='lat' dir='ltr'><strong>minus</strong></span> <span class='ocrx_word' id='word_1_90' title='bbox 703 1291 893 1362; x_wconf 83' lang='lat' dir='ltr'><strong>Spiritu</strong></span> <span class='ocrx_word' id='word_1_91' title='bbox 924 1287 1354 1359; x_wconf 87' lang='lat' dir='ltr'><strong>compunctionis</strong></span> <span class='ocrx_word' id='word_1_92' title='bbox 1382 1304 1396 1341; x_wconf 92' lang='lat'><strong>:</strong></span> <span class='ocrx_word' id='word_1_93' title='bbox 1435 1294 1489 1340; x_wconf 91' lang='lat' dir='ltr'><strong>et</strong></span> <span class='ocrx_word' id='word_1_94' title='bbox 1518 1283 1732 1338; x_wconf 85' lang='lat' dir='ltr'><strong>claudet</strong></span> <span class='ocrx_word' id='word_1_95' title='bbox 1755 1282 1940 1336; x_wconf 80' lang='lat' dir='ltr'><strong>oculos</strong></span> <span class='ocrx_word' id='word_1_96' title='bbox 1966 1294 2058 1335; x_wconf 91' lang='lat' dir='ltr'><strong>eo-</strong></span> 
     </span>
    </p>
   </div>
   <div class='ocr_carea' id='block_1_16' title="bbox 496 1376 2053 1456">
    <p class='ocr_par' dir='ltr' id='par_1_16' title="bbox 496 1376 2053 1456">
     <span class='ocr_line' id='line_1_16' title="bbox 496 1376 2053 1456; baseline -0.011 -13"><span class='ocrx_word' id='word_1_97' title='bbox 496 1403 642 1453; x_wconf 90' lang='lat' dir='ltr'><strong>rum,</strong></span> <span class='ocrx_word' id='word_1_98' title='bbox 670 1395 725 1441; x_wconf 92' lang='lat' dir='ltr'><strong>et</strong></span> <span class='ocrx_word' id='word_1_99' title='bbox 755 1385 1136 1456; x_wconf 88' lang='lat' dir='ltr'><strong>prophetarum</strong></span> <span class='ocrx_word' id='word_1_100' title='bbox 1167 1393 1376 1446; x_wconf 91' lang='lat' dir='ltr'><strong>eorum,</strong></span> <span class='ocrx_word' id='word_1_101' title='bbox 1411 1388 1465 1434; x_wconf 92' lang='lat' dir='ltr'><strong>et</strong></span> <span class='ocrx_word' id='word_1_102' title='bbox 1510 1376 1811 1445; x_wconf 85' lang='lat' dir='ltr'><strong>principum</strong></span> <span class='ocrx_word' id='word_1_103' title='bbox 1847 1386 2053 1437; x_wconf 89' lang='lat' dir='ltr'><strong>eorum,</strong></span> 
     </span>
    </p>
   </div>
   <div class='ocr_carea' id='block_1_17' title="bbox 498 1465 2055 1551">
    <p class='ocr_par' dir='ltr' id='par_1_17' title="bbox 498 1465 2055 1551">
     <span class='ocr_line' id='line_1_17' title="bbox 498 1465 2055 1551; baseline -0.012 -15"><span class='ocrx_word' id='word_1_104' title='bbox 498 1482 588 1551; x_wconf 88' lang='lat' dir='ltr'><strong>qui</strong></span> <span class='ocrx_word' id='word_1_105' title='bbox 621 1479 800 1534; x_wconf 87' lang='lat' dir='ltr'><strong>vident</strong></span> <span class='ocrx_word' id='word_1_106' title='bbox 831 1473 1164 1531; x_wconf 88' lang='lat' dir='ltr'><strong>abscondita.</strong></span> <span class='ocrx_word' id='word_1_107' title='bbox 1203 1491 1221 1524; x_wconf 74' lang='grc' dir='ltr'><strong>ι</strong></span> <span class='ocrx_word' id='word_1_108' title='bbox 1249 1472 1385 1539; x_wconf 85' lang='lat' dir='ltr'><strong>Quia</strong></span> <span class='ocrx_word' id='word_1_109' title='bbox 1419 1479 1741 1541; x_wconf 69' lang='lat' dir='ltr'><strong>prmsentem</strong></span> <span class='ocrx_word' id='word_1_110' title='bbox 1772 1465 2055 1521; x_wconf 90' lang='lat' dir='ltr'><strong>Dominum</strong></span> 
     </span>
    </p>
   </div>
   <div class='ocr_carea' id='block_1_18' title="bbox 2159 451 3748 530">
    <p class='ocr_par' dir='ltr' id='par_1_18' title="bbox 2159 451 3748 530">
     <span class='ocr_line' id='line_1_18' title="bbox 2159 451 3748 530; baseline 0.004 -25"><span class='ocrx_word' id='word_1_111' title='bbox 2159 452 2301 523; x_wconf 81' lang='grc' dir='ltr'>ζωῆς</span> <span class='ocrx_word' id='word_1_112' title='bbox 2321 452 2666 524; x_wconf 84' lang='grc' dir='ltr'>ὑπάρχουσαν</span> <span class='ocrx_word' id='word_1_113' title='bbox 2698 453 3057 517; x_wconf 80' lang='grc' dir='ltr'>ἐοικέναιτοῖς</span> <span class='ocrx_word' id='word_1_114' title='bbox 3091 453 3231 508; x_wconf 86' lang='grc' dir='ltr'>κατὰ</span> <span class='ocrx_word' id='word_1_115' title='bbox 3257 456 3368 517; x_wconf 89' lang='grc' dir='ltr'>τοῖς</span> <span class='ocrx_word' id='word_1_116' title='bbox 3391 453 3576 518; x_wconf 79' lang='grc' dir='ltr'><strong>ὕπνοις</strong></span> <span class='ocrx_word' id='word_1_117' title='bbox 3614 451 3748 530; x_wconf 52' lang='grc'><strong>(5⁸5),</strong></span> 
     </span>
    </p>
   </div>
   <div class='ocr_carea' id='block_1_19' title="bbox 2159 531 3750 616">
    <p class='ocr_par' dir='ltr' id='par_1_19' title="bbox 2159 531 3750 616">
     <span class='ocr_line' id='line_1_19' title="bbox 2159 531 3750 616; baseline 0.003 -21"><span class='ocrx_word' id='word_1_118' title='bbox 2159 542 2533 614; x_wconf 80' lang='grc' dir='ltr'><strong>ὀνειρώττουσι</strong></span> <span class='ocrx_word' id='word_1_119' title='bbox 2577 545 2668 597; x_wconf 75' lang='grc' dir='ltr'>καὶ</span> <span class='ocrx_word' id='word_1_120' title='bbox 2695 543 2855 614; x_wconf 87' lang='grc' dir='ltr'>μέχρι</span> <span class='ocrx_word' id='word_1_121' title='bbox 2875 544 2967 597; x_wconf 81' lang='grc' dir='ltr'>τοῦ</span> <span class='ocrx_word' id='word_1_122' title='bbox 3000 544 3175 598; x_wconf 84' lang='grc' dir='ltr'>δοκεῖν</span> <span class='ocrx_word' id='word_1_123' title='bbox 3203 544 3535 616; x_wconf 81' lang='grc' dir='ltr'><strong>διακατέχειν</strong></span> <span class='ocrx_word' id='word_1_124' title='bbox 3561 531 3750 600; x_wconf 61' lang='grc' dir='ltr'>ταῦτα’</span> 
     </span>
    </p>
   </div>
   <div class='ocr_carea' id='block_1_20' title="bbox 2159 631 3733 708">
    <p class='ocr_par' dir='ltr' id='par_1_20' title="bbox 2159 631 3733 708">
     <span class='ocr_line' id='line_1_20' title="bbox 2159 631 3733 708; baseline 0.003 -20"><span class='ocrx_word' id='word_1_125' title='bbox 2159 634 2438 703; x_wconf 75' lang='grc' dir='ltr'>νομίζουσι</span> <span class='ocrx_word' id='word_1_126' title='bbox 2457 652 2470 666; x_wconf 94' lang='grc'><strong>·</strong></span> <span class='ocrx_word' id='word_1_127' title='bbox 2495 635 2747 706; x_wconf 79' lang='grc' dir='ltr'><strong>τοιαύτην</strong></span> <span class='ocrx_word' id='word_1_128' title='bbox 2762 635 2870 707; x_wconf 86' lang='grc' dir='ltr'><strong>γὰρ</strong></span> <span class='ocrx_word' id='word_1_129' title='bbox 2886 631 3134 707; x_wconf 76' lang='grc' dir='ltr'>εἶναιτὴν</span> <span class='ocrx_word' id='word_1_130' title='bbox 3154 635 3246 689; x_wconf 82' lang='grc' dir='ltr'>τοῦ</span> <span class='ocrx_word' id='word_1_131' title='bbox 3285 638 3554 708; x_wconf 79' lang='grc' dir='ltr'><strong>παρόντος</strong></span> <span class='ocrx_word' id='word_1_132' title='bbox 3577 638 3733 692; x_wconf 69' lang='grc' dir='ltr'>πλού-</span> 
     </span>
    </p>
   </div>
   <div class='ocr_carea' id='block_1_21' title="bbox 2158 726 3733 802">
    <p class='ocr_par' dir='ltr' id='par_1_21' title="bbox 2158 726 3733 802">
     <span class='ocr_line' id='line_1_21' title="bbox 2158 726 3733 802; baseline 0.004 -24"><span class='ocrx_word' id='word_1_133' title='bbox 2158 743 2249 779; x_wconf 91' lang='grc' dir='ltr'><strong>του</strong></span> <span class='ocrx_word' id='word_1_134' title='bbox 2279 726 2596 795; x_wconf 79' lang='grc' dir='ltr'><strong>φαντασίαν.</strong></span> <span class='ocrx_word' id='word_1_135' title='bbox 2621 727 2778 782; x_wconf 84' lang='grc' dir='ltr'><strong>Μετὰ</strong></span> <span class='ocrx_word' id='word_1_136' title='bbox 2807 727 2916 799; x_wconf 84' lang='grc' dir='ltr'><strong>γὰρ</strong></span> <span class='ocrx_word' id='word_1_137' title='bbox 2939 729 3030 782; x_wconf 86' lang='grc' dir='ltr'>τὸν</span> <span class='ocrx_word' id='word_1_138' title='bbox 3060 730 3328 784; x_wconf 76' lang='grc' dir='ltr'><strong>ἐνεστῶτα</strong></span> <span class='ocrx_word' id='word_1_139' title='bbox 3357 729 3470 799; x_wconf 87' lang='grc' dir='ltr'>βίον</span> <span class='ocrx_word' id='word_1_140' title='bbox 3503 729 3733 802; x_wconf 83' lang='grc' dir='ltr'>μάταιον</span> 
     </span>
    </p>
   </div>
   <div class='ocr_carea' id='block_1_22' title="bbox 2158 816 3733 895">
    <p class='ocr_par' dir='ltr' id='par_1_22' title="bbox 2158 816 3733 895">
     <span class='ocr_line' id='line_1_22' title="bbox 2158 816 3733 895; baseline 0.004 -25"><span class='ocrx_word' id='word_1_141' title='bbox 2158 818 2340 881; x_wconf 80' lang='grc' dir='ltr'>αὐτοῖς</span> <span class='ocrx_word' id='word_1_142' title='bbox 2382 819 2735 890; x_wconf 82' lang='grc' dir='ltr'>εὑρεθήσεται</span> <span class='ocrx_word' id='word_1_143' title='bbox 2771 821 2833 873; x_wconf 86' lang='grc' dir='ltr'>τὸ</span> <span class='ocrx_word' id='word_1_144' title='bbox 2882 821 3164 888; x_wconf 73' lang='grc' dir='ltr'><strong>ἐνύπνιον⁹</strong></span> <span class='ocrx_word' id='word_1_145' title='bbox 3220 823 3315 878; x_wconf 80' lang='grc' dir='ltr'>καὶ</span> <span class='ocrx_word' id='word_1_146' title='bbox 3369 822 3431 876; x_wconf 79' lang='grc' dir='ltr'>τὸ</span> <span class='ocrx_word' id='word_1_147' title='bbox 3469 822 3623 886; x_wconf 83' lang='grc' dir='ltr'>τέλος</span> <span class='ocrx_word' id='word_1_148' title='bbox 3664 816 3733 895; x_wconf 85' lang='grc' dir='ltr'>ἦς</span> 
     </span>
    </p>
   </div>
   <div class='ocr_carea' id='block_1_23' title="bbox 2158 911 2974 985">
    <p class='ocr_par' dir='ltr' id='par_1_23' title="bbox 2158 911 2974 985">
     <span class='ocr_line' id='line_1_23' title="bbox 2158 911 2974 985; baseline 0.006 -22"><span class='ocrx_word' id='word_1_149' title='bbox 2158 911 2403 983; x_wconf 82' lang='grc' dir='ltr'>ἐνόμιζον</span> <span class='ocrx_word' id='word_1_150' title='bbox 2425 911 2718 967; x_wconf 81' lang='grc' dir='ltr'>ἀπολαύειν</span> <span class='ocrx_word' id='word_1_151' title='bbox 2742 913 2974 985; x_wconf 83' lang='grc' dir='ltr'><strong>τρυφῆς.</strong></span> 
     </span>
    </p>
   </div>
   <div class='ocr_carea' id='block_1_24' title="bbox 2233 1091 3735 1169">
    <p class='ocr_par' dir='ltr' id='par_1_24' title="bbox 2233 1091 3735 1169">
     <span class='ocr_line' id='line_1_24' title="bbox 2233 1091 3735 1169; baseline 0.005 -26"><span class='ocrx_word' id='word_1_152' title='bbox 2233 1110 2251 1142; x_wconf 80' lang='grc' dir='ltr'><strong>ι</strong></span> <span class='ocrx_word' id='word_1_153' title='bbox 2275 1091 2567 1163; x_wconf 84' lang='grc' dir='ltr'>Ἐκλυθῆτε</span> <span class='ocrx_word' id='word_1_154' title='bbox 2606 1094 2699 1147; x_wconf 76' lang='grc' dir='ltr'><strong>καὶ</strong></span> <span class='ocrx_word' id='word_1_155' title='bbox 2746 1094 2996 1168; x_wconf 75' lang='grc' dir='ltr'>ἕκστητε,</span> <span class='ocrx_word' id='word_1_156' title='bbox 3049 1095 3143 1149; x_wconf 77' lang='grc' dir='ltr'>καὶ</span> <span class='ocrx_word' id='word_1_157' title='bbox 3187 1095 3596 1169; x_wconf 77' lang='grc' dir='ltr'>κραιπαλήσατε</span> <span class='ocrx_word' id='word_1_158' title='bbox 3633 1097 3735 1151; x_wconf 83' lang='grc' dir='ltr'>οὐκ</span> 
     </span>
    </p>
   </div>
   <div class='ocr_carea' id='block_1_25' title="bbox 2157 1182 3736 1260">
    <p class='ocr_par' dir='ltr' id='par_1_25' title="bbox 2157 1182 3736 1260">
     <span class='ocr_line' id='line_1_25' title="bbox 2157 1182 3736 1260; baseline 0.004 -25"><span class='ocrx_word' id='word_1_159' title='bbox 2157 1182 2264 1236; x_wconf 89' lang='grc' dir='ltr'><strong>ἀπὺ</strong></span> <span class='ocrx_word' id='word_1_160' title='bbox 2303 1183 2510 1256; x_wconf 81' lang='grc' dir='ltr'>σίκερα,</span> <span class='ocrx_word' id='word_1_161' title='bbox 2531 1184 2652 1240; x_wconf 84' lang='grc' dir='ltr'><strong>ούδέ</strong></span> <span class='ocrx_word' id='word_1_162' title='bbox 2682 1186 2788 1240; x_wconf 86' lang='grc' dir='ltr'>ἀπὸ</span> <span class='ocrx_word' id='word_1_163' title='bbox 2817 1188 2987 1242; x_wconf 83' lang='grc' dir='ltr'>οῐνου·</span> <span class='ocrx_word' id='word_1_164' title='bbox 3029 1189 3110 1241; x_wconf 79' lang='grc' dir='ltr'>ὅτι</span> <span class='ocrx_word' id='word_1_165' title='bbox 3144 1188 3432 1242; x_wconf 87' lang='grc' dir='ltr'>πεπότικεν</span> <span class='ocrx_word' id='word_1_166' title='bbox 3459 1189 3602 1260; x_wconf 81' lang='grc' dir='ltr'>ὑμᾶς</span> <span class='ocrx_word' id='word_1_167' title='bbox 3621 1189 3736 1242; x_wconf 84' lang='grc' dir='ltr'>Κύ-</span> 
     </span>
    </p>
   </div>
   <div class='ocr_carea' id='block_1_26' title="bbox 2162 1274 3736 1350">
    <p class='ocr_par' dir='ltr' id='par_1_26' title="bbox 2162 1274 3736 1350">
     <span class='ocr_line' id='line_1_26' title="bbox 2162 1274 3736 1350; baseline 0.005 -24"><span class='ocrx_word' id='word_1_168' title='bbox 2162 1290 2272 1344; x_wconf 90' lang='grc' dir='ltr'>ριος</span> <span class='ocrx_word' id='word_1_169' title='bbox 2297 1274 2564 1346; x_wconf 86' lang='grc' dir='ltr'>πνεύματι</span> <span class='ocrx_word' id='word_1_170' title='bbox 2583 1277 2922 1342; x_wconf 83' lang='grc' dir='ltr'>κατανύξεως</span> <span class='ocrx_word' id='word_1_171' title='bbox 2942 1295 2956 1309; x_wconf 91' lang='grc'><strong>·</strong></span> <span class='ocrx_word' id='word_1_172' title='bbox 2984 1279 3078 1332; x_wconf 75' lang='grc' dir='ltr'>καὶ</span> <span class='ocrx_word' id='word_1_173' title='bbox 3101 1279 3376 1350; x_wconf 85' lang='grc' dir='ltr'>καμμύσει</span> <span class='ocrx_word' id='word_1_174' title='bbox 3399 1281 3521 1343; x_wconf 83' lang='grc' dir='ltr'>τοὺς</span> <span class='ocrx_word' id='word_1_175' title='bbox 3539 1279 3736 1348; x_wconf 68' lang='grc' dir='ltr'>ὀφθαλο</span> 
     </span>
    </p>
   </div>
   <div class='ocr_carea' id='block_1_27' title="bbox 2161 1367 3736 1444">
    <p class='ocr_par' dir='ltr' id='par_1_27' title="bbox 2161 1367 3736 1444">
     <span class='ocr_line' id='line_1_27' title="bbox 2161 1367 3736 1444; baseline 0.004 -25"><span class='ocrx_word' id='word_1_176' title='bbox 2161 1367 2294 1436; x_wconf 84' lang='grc' dir='ltr'>μοὺς</span> <span class='ocrx_word' id='word_1_177' title='bbox 2327 1367 2525 1434; x_wconf 80' lang='grc' dir='ltr'>αὐτῶν,</span> <span class='ocrx_word' id='word_1_178' title='bbox 2571 1370 2664 1423; x_wconf 62' lang='grc' dir='ltr'><strong>καὶ⁵</strong></span> <span class='ocrx_word' id='word_1_179' title='bbox 2687 1369 2796 1424; x_wconf 90' lang='grc' dir='ltr'><strong>τῶν</strong></span> <span class='ocrx_word' id='word_1_180' title='bbox 2825 1371 3120 1444; x_wconf 87' lang='grc' dir='ltr'>προφητῶν</span> <span class='ocrx_word' id='word_1_181' title='bbox 3149 1372 3344 1440; x_wconf 78' lang='grc' dir='ltr'>αὐτῶν,</span> <span class='ocrx_word' id='word_1_182' title='bbox 3385 1373 3478 1426; x_wconf 80' lang='grc' dir='ltr'>καὶ</span> <span class='ocrx_word' id='word_1_183' title='bbox 3501 1371 3608 1425; x_wconf 79' lang='grc' dir='ltr'><strong>τῶν</strong></span> <span class='ocrx_word' id='word_1_184' title='bbox 3635 1373 3736 1444; x_wconf 84' lang='grc' dir='ltr'>άρ-</span> 
     </span>
    </p>
   </div>
   <div class='ocr_carea' id='block_1_28' title="bbox 2158 1458 3734 1535">
    <p class='ocr_par' dir='ltr' id='par_1_28' title="bbox 2158 1458 3734 1535">
     <span class='ocr_line' id='line_1_28' title="bbox 2158 1458 3734 1535; baseline 0.004 -25"><span class='ocrx_word' id='word_1_185' title='bbox 2158 1458 2358 1528; x_wconf 87' lang='grc' dir='ltr'>χόντων</span> <span class='ocrx_word' id='word_1_186' title='bbox 2386 1458 2586 1525; x_wconf 79' lang='grc' dir='ltr'>αὐτῶν,</span> <span class='ocrx_word' id='word_1_187' title='bbox 2615 1461 2662 1514; x_wconf 79' lang='grc' dir='ltr'>οἱ</span> <span class='ocrx_word' id='word_1_188' title='bbox 2699 1461 2931 1532; x_wconf 85' lang='grc' dir='ltr'>ὁρῶντες</span> <span class='ocrx_word' id='word_1_189' title='bbox 2959 1462 3028 1516; x_wconf 83' lang='grc' dir='ltr'>τὰ</span> <span class='ocrx_word' id='word_1_190' title='bbox 3060 1463 3298 1534; x_wconf 89' lang='grc' dir='ltr'>κρυπτά.</span> <span class='ocrx_word' id='word_1_191' title='bbox 3325 1483 3343 1516; x_wconf 77' lang='grc' dir='ltr'><strong>ι</strong></span> <span class='ocrx_word' id='word_1_192' title='bbox 3384 1463 3734 1535; x_wconf 85' lang='grc' dir='ltr'>Ἐπειδήπερ,</span> 
     </span>
    </p>
   </div>
   <div class='ocr_carea' id='block_1_29' title="bbox 494 1549 2062 1628">
    <p class='ocr_par' dir='ltr' id='par_1_29' title="bbox 494 1549 2057 1628">
     <span class='ocr_line' id='line_1_29' title="bbox 494 1549 2057 1628; baseline -0.013 -1"><span class='ocrx_word' id='word_1_193' title='bbox 494 1549 770 1627; x_wconf 78' lang='lat' dir='ltr'><strong>hominem</strong></span> <span class='ocrx_word' id='word_1_194' title='bbox 801 1569 1001 1624; x_wconf 86' lang='lat' dir='ltr'><strong>factum</strong></span> <span class='ocrx_word' id='word_1_195' title='bbox 1032 1565 1313 1620; x_wconf 89' lang='lat' dir='ltr'><strong>audientes</strong></span> <span class='ocrx_word' id='word_1_196' title='bbox 1335 1602 1351 1628; x_wconf 97' lang='lat'><strong>,</strong></span> <span class='ocrx_word' id='word_1_197' title='bbox 1387 1576 1495 1616; x_wconf 93' lang='lat' dir='ltr'><strong>non</strong></span> <span class='ocrx_word' id='word_1_198' title='bbox 1544 1559 1925 1614; x_wconf 83' lang='lat' dir='ltr'><strong>intellexerunt</strong></span> <span class='ocrx_word' id='word_1_199' title='bbox 1945 1594 1961 1621; x_wconf 92' lang='lat'><strong>,</strong></span> <span class='ocrx_word' id='word_1_200' title='bbox 1995 1566 2057 1606; x_wconf 92' lang='lat' dir='ltr'><strong>ac</strong></span> 
     </span>
    </p>
   </div>
   <div class='ocr_carea' id='block_1_30' title="bbox 2165 1549 3734 1628">
    <p class='ocr_par' dir='ltr' id='par_1_30' title="bbox 2165 1549 3734 1626">
     <span class='ocr_line' id='line_1_30' title="bbox 2165 1549 3734 1626; baseline 0.004 -25"><span class='ocrx_word' id='word_1_201' title='bbox 2165 1549 2244 1601; x_wconf 64' lang='grc' dir='ltr'>ὅτε</span> <span class='ocrx_word' id='word_1_202' title='bbox 2269 1549 2451 1620; x_wconf 82' lang='grc' dir='ltr'>παρῆν</span> <span class='ocrx_word' id='word_1_203' title='bbox 2479 1551 2659 1616; x_wconf 80' lang='grc' dir='ltr'>αὐτοῖς</span> <span class='ocrx_word' id='word_1_204' title='bbox 2697 1552 3120 1626; x_wconf 84' lang='grc' dir='ltr'>ὲνανθρωπήσας</span> <span class='ocrx_word' id='word_1_205' title='bbox 3159 1555 3187 1606; x_wconf 85' lang='grc' dir='ltr'>ὁ</span> <span class='ocrx_word' id='word_1_206' title='bbox 3242 1554 3465 1625; x_wconf 83' lang='grc' dir='ltr'>Κύριος,</span> <span class='ocrx_word' id='word_1_207' title='bbox 3500 1555 3636 1624; x_wconf 81' lang='grc' dir='ltr'>ἀκοῇ</span> <span class='ocrx_word' id='word_1_208' title='bbox 3666 1555 3734 1607; x_wconf 84' lang='grc' dir='ltr'>ἀ-</span> 
     </span>
    </p>
   </div>
   <div class='ocr_carea' id='block_1_31' title="bbox 496 1654 2056 1725">
    <p class='ocr_par' dir='ltr' id='par_1_31' title="bbox 496 1654 2056 1725">
     <span class='ocr_line' id='line_1_31' title="bbox 496 1654 2056 1725; baseline -0.015 -6"><span class='ocrx_word' id='word_1_209' title='bbox 496 1665 741 1719; x_wconf 89' lang='lat' dir='ltr'><strong>videntcs</strong></span> <span class='ocrx_word' id='word_1_210' title='bbox 771 1660 939 1717; x_wconf 89' lang='lat' dir='ltr'><strong>oculis</strong></span> <span class='ocrx_word' id='word_1_211' title='bbox 959 1699 976 1725; x_wconf 92' lang='lat'><strong>,</strong></span> <span class='ocrx_word' id='word_1_212' title='bbox 1013 1659 1207 1712; x_wconf 65' lang='lat' dir='ltr'><strong>animae.</strong></span> <span class='ocrx_word' id='word_1_213' title='bbox 1231 1654 1346 1709; x_wconf 85' lang='lat' dir='ltr'><strong>visu</strong></span> <span class='ocrx_word' id='word_1_214' title='bbox 1379 1667 1484 1707; x_wconf 92' lang='lat' dir='ltr'><strong>non</strong></span> <span class='ocrx_word' id='word_1_215' title='bbox 1516 1654 1932 1720; x_wconf 84' lang='lat' dir='ltr'><strong>conspexerunt,</strong></span> <span class='ocrx_word' id='word_1_216' title='bbox 1964 1659 2056 1698; x_wconf 85' lang='lat' dir='ltr'><strong>att-</strong></span> 
     </span>
    </p>
   </div>
   <div class='ocr_carea' id='block_1_32' title="bbox 2157 1643 3736 1718">
    <p class='ocr_par' dir='ltr' id='par_1_32' title="bbox 2157 1643 3736 1718">
     <span class='ocr_line' id='line_1_32' title="bbox 2157 1643 3736 1718; baseline 0.003 -20"><span class='ocrx_word' id='word_1_217' title='bbox 2157 1643 2406 1710; x_wconf 87' lang='grc' dir='ltr'>κούοντες</span> <span class='ocrx_word' id='word_1_218' title='bbox 2455 1646 2641 1713; x_wconf 80' lang='grc' dir='ltr'>αὑτοῦ,</span> <span class='ocrx_word' id='word_1_219' title='bbox 2680 1649 2740 1700; x_wconf 86' lang='grc' dir='ltr'>οὺ</span> <span class='ocrx_word' id='word_1_220' title='bbox 2791 1648 3064 1712; x_wconf 84' lang='grc' dir='ltr'>συνίεσαν,</span> <span class='ocrx_word' id='word_1_221' title='bbox 3107 1649 3198 1701; x_wconf 78' lang='grc' dir='ltr'>καὶ</span> <span class='ocrx_word' id='word_1_222' title='bbox 3238 1647 3524 1718; x_wconf 87' lang='grc' dir='ltr'>βλέποντες</span> <span class='ocrx_word' id='word_1_223' title='bbox 3571 1648 3736 1703; x_wconf 80' lang='grc' dir='ltr'>αὐτὸν</span> 
     </span>
    </p>
   </div>
   <div class='ocr_carea' id='block_1_33' title="bbox 495 1727 2062 1826">
    <p class='ocr_par' dir='ltr' id='par_1_33' title="bbox 495 1738 2057 1826">
     <span class='ocr_line' id='line_1_33' title="bbox 495 1738 2057 1826; baseline -0.014 -13"><span class='ocrx_word' id='word_1_224' title='bbox 495 1769 692 1826; x_wconf 86' lang='lat' dir='ltr'><strong>resque</strong></span> <span class='ocrx_word' id='word_1_225' title='bbox 721 1768 873 1818; x_wconf 92' lang='lat' dir='ltr'><strong>suas,</strong></span> <span class='ocrx_word' id='word_1_226' title='bbox 904 1766 971 1806; x_wconf 92' lang='lat' dir='ltr'><strong>ne</strong></span> <span class='ocrx_word' id='word_1_227' title='bbox 997 1749 1276 1812; x_wconf 83' lang='lat' dir='ltr'><strong>audirent,</strong></span> <span class='ocrx_word' id='word_1_228' title='bbox 1309 1751 1695 1813; x_wconf 87' lang='lat' dir='ltr'><strong>aggravarunt,</strong></span> <span class='ocrx_word' id='word_1_229' title='bbox 1726 1738 1931 1810; x_wconf 88' lang='lat' dir='ltr'><strong>potabit</strong></span> <span class='ocrx_word' id='word_1_230' title='bbox 1964 1751 2057 1792; x_wconf 89' lang='lat' dir='ltr'><strong>eos</strong></span> 
     </span>
    </p>
   </div>
   <div class='ocr_carea' id='block_1_34' title="bbox 2165 1727 3736 1826">
    <p class='ocr_par' dir='ltr' id='par_1_34' title="bbox 2165 1733 3736 1826">
     <span class='ocr_line' id='line_1_34' title="bbox 2165 1733 3736 1826; baseline 0.004 -40"><span class='ocrx_word' id='word_1_231' title='bbox 2165 1733 2476 1826; x_wconf 51' lang='grc' dir='ltr'>δφθαλμοίς,</span> <span class='ocrx_word' id='word_1_232' title='bbox 2516 1739 2582 1808; x_wconf 84' lang='grc' dir='ltr'><strong>τῇ</strong></span> <span class='ocrx_word' id='word_1_233' title='bbox 2617 1737 2802 1809; x_wconf 83' lang='grc' dir='ltr'>ὁράσει</span> <span class='ocrx_word' id='word_1_234' title='bbox 2831 1738 2928 1808; x_wconf 84' lang='grc' dir='ltr'>τῆς</span> <span class='ocrx_word' id='word_1_235' title='bbox 2964 1739 3138 1810; x_wconf 69' lang='grc' dir='ltr'>ψυχῆς</span> <span class='ocrx_word' id='word_1_236' title='bbox 3175 1739 3274 1809; x_wconf 83' lang='grc' dir='ltr'>οὐχ</span> <span class='ocrx_word' id='word_1_237' title='bbox 3306 1738 3510 1809; x_wconf 86' lang='grc' dir='ltr'>ἐώρων,</span> <span class='ocrx_word' id='word_1_238' title='bbox 3539 1738 3634 1792; x_wconf 75' lang='grc' dir='ltr'><strong>καὶ</strong></span> <span class='ocrx_word' id='word_1_239' title='bbox 3665 1739 3736 1793; x_wconf 81' lang='grc' dir='ltr'><strong>τὰ</strong></span> 
     </span>
    </p>
   </div>
   <div class='ocr_carea' id='block_1_35' title="bbox 499 1839 1462 1916">
    <p class='ocr_par' dir='ltr' id='par_1_35' title="bbox 499 1839 1462 1916">
     <span class='ocr_line' id='line_1_35' title="bbox 499 1839 1462 1916; baseline -0.007 -17"><span class='ocrx_word' id='word_1_240' title='bbox 499 1848 759 1904; x_wconf 89' lang='lat' dir='ltr'><strong>Dominus</strong></span> <span class='ocrx_word' id='word_1_241' title='bbox 789 1845 979 1916; x_wconf 87' lang='lat' dir='ltr'><strong>spiritu</strong></span> <span class='ocrx_word' id='word_1_242' title='bbox 1009 1839 1462 1912; x_wconf 88' lang='lat' dir='ltr'><strong>compunctionis.</strong></span> 
     </span>
    </p>
   </div>
   <div class='ocr_carea' id='block_1_36' title="bbox 569 2011 2062 2085">
    <p class='ocr_par' dir='ltr' id='par_1_36' title="bbox 569 2011 2062 2085">
     <span class='ocr_line' id='line_1_36' title="bbox 569 2011 2062 2085; baseline -0.011 -2"><span class='ocrx_word' id='word_1_243' title='bbox 569 2030 731 2085; x_wconf 77' lang='lat' dir='ltr'><strong>Vens.</strong></span> <span class='ocrx_word' id='word_1_244' title='bbox 764 2029 850 2085; x_wconf 84' lang='lat' dir='ltr'><strong>ll.</strong></span> <span class='ocrx_word' id='word_1_245' title='bbox 891 2046 908 2078; x_wconf 88' lang='grc'><strong><em>‹</em></strong></span> <span class='ocrx_word' id='word_1_246' title='bbox 931 2027 995 2081; x_wconf 85' lang='grc' dir='ltr'><strong>Ει</strong></span> <span class='ocrx_word' id='word_1_247' title='bbox 1022 2032 1179 2080; x_wconf 89' lang='lat' dir='ltr'><strong>erunt</strong></span> <span class='ocrx_word' id='word_1_248' title='bbox 1200 2022 1349 2078; x_wconf 89' lang='lat' dir='ltr'><strong>vobis</strong></span> <span class='ocrx_word' id='word_1_249' title='bbox 1379 2021 1494 2075; x_wconf 65' lang='lat' dir='ltr'><strong>haec</strong></span> <span class='ocrx_word' id='word_1_250' title='bbox 1522 2017 1702 2072; x_wconf 88' lang='lat' dir='ltr'><strong>omnia</strong></span> <span class='ocrx_word' id='word_1_251' title='bbox 1721 2011 2062 2080; x_wconf 79' lang='lat' dir='ltr'><strong>verba,velut</strong></span> 
     </span>
    </p>
   </div>
   <div class='ocr_carea' id='block_1_37' title="bbox 496 2102 2057 2183">
    <p class='ocr_par' dir='ltr' id='par_1_37' title="bbox 496 2102 2057 2183">
     <span class='ocr_line' id='line_1_37' title="bbox 496 2102 2057 2183; baseline -0.015 -5"><span class='ocrx_word' id='word_1_252' title='bbox 496 2135 775 2177; x_wconf 85' lang='lat' dir='ltr'><strong>sermones</strong></span> <span class='ocrx_word' id='word_1_253' title='bbox 801 2117 922 2172; x_wconf 89' lang='lat' dir='ltr'><strong>libri</strong></span> <span class='ocrx_word' id='word_1_254' title='bbox 967 2113 1164 2183; x_wconf 85' lang='lat' dir='ltr'><strong>signati</strong></span> <span class='ocrx_word' id='word_1_255' title='bbox 1209 2110 1400 2178; x_wconf 86' lang='lat' dir='ltr'><strong>hujus,</strong></span> <span class='ocrx_word' id='word_1_256' title='bbox 1433 2123 1588 2177; x_wconf 89' lang='lat' dir='ltr'><strong>quem</strong></span> <span class='ocrx_word' id='word_1_257' title='bbox 1617 2106 1661 2161; x_wconf 91' lang='lat' dir='ltr'><strong>si</strong></span> <span class='ocrx_word' id='word_1_258' title='bbox 1689 2106 1819 2159; x_wconf 90' lang='lat' dir='ltr'><strong>dent</strong></span> <span class='ocrx_word' id='word_1_259' title='bbox 1853 2102 2057 2158; x_wconf 86' lang='lat' dir='ltr'><strong>homini</strong></span> 
     </span>
    </p>
   </div>
   <div class='ocr_carea' id='block_1_38' title="bbox 471 2193 2056 2272">
    <p class='ocr_par' dir='ltr' id='par_1_38' title="bbox 471 2193 2056 2272">
     <span class='ocr_line' id='line_1_38' title="bbox 471 2193 2056 2272; baseline -0.013 -4"><span class='ocrx_word' id='word_1_260' title='bbox 471 2211 687 2268; x_wconf 77' lang='lat' dir='ltr'><strong>scienti</strong></span> <span class='ocrx_word' id='word_1_261' title='bbox 710 2205 1231 2272; x_wconf 86' lang='lat' dir='ltr'><strong>litteras,dicentes:</strong></span> <span class='ocrx_word' id='word_1_262' title='bbox 1264 2200 1403 2269; x_wconf 87' lang='lat' dir='ltr'><strong>Lege</strong></span> <span class='ocrx_word' id='word_1_263' title='bbox 1432 2199 1565 2265; x_wconf 84' lang='lat' dir='ltr'><strong>haec,</strong></span> <span class='ocrx_word' id='word_1_264' title='bbox 1600 2197 1759 2259; x_wconf 90' lang='lat' dir='ltr'><strong>dicet,</strong></span> <span class='ocrx_word' id='word_1_265' title='bbox 1791 2193 1906 2248; x_wconf 85' lang='lat' dir='ltr'><strong>Non</strong></span> <span class='ocrx_word' id='word_1_266' title='bbox 1934 2207 2056 2262; x_wconf 86' lang='lat' dir='ltr'><strong>pos-</strong></span> 
     </span>
    </p>
   </div>
   <div class='ocr_carea' id='block_1_39' title="bbox 496 2283 2054 2367">
    <p class='ocr_par' dir='ltr' id='par_1_39' title="bbox 496 2283 2054 2367">
     <span class='ocr_line' id='line_1_39' title="bbox 496 2283 2054 2367; baseline -0.012 -10"><span class='ocrx_word' id='word_1_267' title='bbox 496 2317 614 2358; x_wconf 90' lang='lat' dir='ltr'><strong>sum</strong></span> <span class='ocrx_word' id='word_1_268' title='bbox 649 2300 825 2367; x_wconf 79' lang='lat' dir='ltr'><strong>legere</strong></span> <span class='ocrx_word' id='word_1_269' title='bbox 860 2315 874 2363; x_wconf 91' lang='lat'>;</span> <span class='ocrx_word' id='word_1_270' title='bbox 906 2296 1148 2366; x_wconf 83' lang='lat' dir='ltr'><strong>signatus</strong></span> <span class='ocrx_word' id='word_1_271' title='bbox 1180 2292 1325 2346; x_wconf 92' lang='lat' dir='ltr'><strong>enim</strong></span> <span class='ocrx_word' id='word_1_272' title='bbox 1379 2297 1482 2344; x_wconf 87' lang='lat' dir='ltr'><strong>est.</strong></span> <span class='ocrx_word' id='word_1_273' title='bbox 1525 2307 1546 2341; x_wconf 82' lang='grc'>›</span> <span class='ocrx_word' id='word_1_274' title='bbox 1592 2286 1664 2341; x_wconf 91' lang='lat' dir='ltr'><strong>De</strong></span> <span class='ocrx_word' id='word_1_275' title='bbox 1709 2285 1778 2340; x_wconf 88' lang='lat' dir='ltr'><strong>iis</strong></span> <span class='ocrx_word' id='word_1_276' title='bbox 1813 2284 1901 2354; x_wconf 87' lang='lat' dir='ltr'><strong>qui</strong></span> <span class='ocrx_word' id='word_1_277' title='bbox 1955 2283 2054 2338; x_wconf 90' lang='lat' dir='ltr'><strong>sub</strong></span> 
     </span>
    </p>
   </div>
   <div class='ocr_carea' id='block_1_40' title="bbox 491 2375 2052 2460">
    <p class='ocr_par' dir='ltr' id='par_1_40' title="bbox 491 2375 2052 2460">
     <span class='ocr_line' id='line_1_40' title="bbox 491 2375 2052 2460; baseline -0.013 -13"><span class='ocrx_word' id='word_1_278' title='bbox 491 2391 612 2447; x_wconf 65' lang='lat' dir='ltr'><strong>haec</strong></span> <span class='ocrx_word' id='word_1_279' title='bbox 643 2387 821 2460; x_wconf 80' lang='lat' dir='ltr'><strong>populi</strong></span> <span class='ocrx_word' id='word_1_280' title='bbox 861 2401 927 2442; x_wconf 84' lang='lat' dir='ltr'><strong>ex</strong></span> <span class='ocrx_word' id='word_1_281' title='bbox 969 2381 1385 2440; x_wconf 87' lang='lat' dir='ltr'><strong>circumcisione</strong></span> <span class='ocrx_word' id='word_1_282' title='bbox 1425 2376 1664 2449; x_wconf 59' lang='lat' dir='ltr'><strong>praefecti</strong></span> <span class='ocrx_word' id='word_1_283' title='bbox 1706 2375 1870 2430; x_wconf 83' lang='lat' dir='ltr'><strong>futuri</strong></span> <span class='ocrx_word' id='word_1_284' title='bbox 1903 2381 2052 2438; x_wconf 90' lang='lat' dir='ltr'><strong>sunt,</strong></span> 
     </span>
    </p>
   </div>
   <div class='ocr_carea' id='block_1_41' title="bbox 494 2466 2054 2554">
    <p class='ocr_par' dir='ltr' id='par_1_41' title="bbox 494 2466 2054 2554">
     <span class='ocr_line' id='line_1_41' title="bbox 494 2466 2054 2554; baseline -0.013 -15"><span class='ocrx_word' id='word_1_285' title='bbox 494 2482 671 2554; x_wconf 77' lang='lat' dir='ltr'><strong>pergit</strong></span> <span class='ocrx_word' id='word_1_286' title='bbox 697 2477 1016 2535; x_wconf 87' lang='lat' dir='ltr'><strong>vaticinari:</strong></span> <span class='ocrx_word' id='word_1_287' title='bbox 1049 2495 1066 2527; x_wconf 88' lang='grc'>‹</span> <span class='ocrx_word' id='word_1_288' title='bbox 1103 2476 1168 2529; x_wconf 85' lang='grc' dir='ltr'>Ει</span> <span class='ocrx_word' id='word_1_289' title='bbox 1197 2481 1360 2529; x_wconf 91' lang='lat' dir='ltr'><strong>erunt</strong></span> <span class='ocrx_word' id='word_1_290' title='bbox 1390 2471 1545 2526; x_wconf 87' lang='lat' dir='ltr'><strong>vobis</strong></span> <span class='ocrx_word' id='word_1_291' title='bbox 1583 2469 1760 2525; x_wconf 90' lang='lat' dir='ltr'><strong>omnia</strong></span> <span class='ocrx_word' id='word_1_292' title='bbox 1793 2467 1954 2522; x_wconf 88' lang='lat' dir='ltr'><strong>verba</strong></span> <span class='ocrx_word' id='word_1_293' title='bbox 1987 2466 2054 2520; x_wconf 91' lang='lat' dir='ltr'><strong>li-</strong></span> 
     </span>
    </p>
   </div>
   <div class='ocr_carea' id='block_1_42' title="bbox 495 2559 2054 2642">
    <p class='ocr_par' dir='ltr' id='par_1_42' title="bbox 495 2559 2054 2642">
     <span class='ocr_line' id='line_1_42' title="bbox 495 2559 2054 2642; baseline -0.012 -12"><span class='ocrx_word' id='word_1_294' title='bbox 495 2575 581 2630; x_wconf 84' lang='lat' dir='ltr'><strong>bri</strong></span> <span class='ocrx_word' id='word_1_295' title='bbox 618 2594 635 2626; x_wconf 74' lang='grc' dir='ltr'><strong>ι</strong></span> <span class='ocrx_word' id='word_1_296' title='bbox 666 2592 680 2630; x_wconf 90' lang='lat'><strong>:</strong></span> <span class='ocrx_word' id='word_1_297' title='bbox 708 2587 826 2642; x_wconf 77' lang='lat' dir='ltr'><strong>quae</strong></span> <span class='ocrx_word' id='word_1_298' title='bbox 860 2584 988 2626; x_wconf 90' lang='lat' dir='ltr'><strong>sane</strong></span> <span class='ocrx_word' id='word_1_299' title='bbox 1033 2568 1107 2623; x_wconf 92' lang='lat' dir='ltr'><strong>illi</strong></span> <span class='ocrx_word' id='word_1_300' title='bbox 1153 2582 1256 2621; x_wconf 91' lang='lat' dir='ltr'><strong>non</strong></span> <span class='ocrx_word' id='word_1_301' title='bbox 1303 2563 1695 2634; x_wconf 89' lang='lat' dir='ltr'><strong>intelligebant.</strong></span> <span class='ocrx_word' id='word_1_302' title='bbox 1741 2559 1886 2614; x_wconf 82' lang='lat' dir='ltr'><strong>Nihil</strong></span> <span class='ocrx_word' id='word_1_303' title='bbox 1911 2561 2054 2614; x_wconf 91' lang='lat' dir='ltr'><strong>enim</strong></span> 
     </span>
    </p>
   </div>
   <div class='ocr_carea' id='block_1_43' title="bbox 498 2653 2057 2728">
    <p class='ocr_par' dir='ltr' id='par_1_43' title="bbox 498 2653 2057 2728">
     <span class='ocr_line' id='line_1_43' title="bbox 498 2653 2057 2728; baseline -0.012 -6"><span class='ocrx_word' id='word_1_304' title='bbox 498 2664 816 2722; x_wconf 76' lang='lat' dir='ltr'><strong>differebant</strong></span> <span class='ocrx_word' id='word_1_305' title='bbox 844 2661 933 2717; x_wconf 84' lang='lat' dir='ltr'><strong>illa</strong></span> <span class='ocrx_word' id='word_1_306' title='bbox 964 2661 1029 2715; x_wconf 92' lang='lat' dir='ltr'><strong>ab</strong></span> <span class='ocrx_word' id='word_1_307' title='bbox 1059 2659 1460 2728; x_wconf 85' lang='lat' dir='ltr'><strong>obsignatornm</strong></span> <span class='ocrx_word' id='word_1_308' title='bbox 1491 2653 1677 2724; x_wconf 77' lang='lat' dir='ltr'><strong>sigillis</strong></span> <span class='ocrx_word' id='word_1_309' title='bbox 1697 2694 1713 2720; x_wconf 95' lang='lat'><strong>,</strong></span> <span class='ocrx_word' id='word_1_310' title='bbox 1746 2653 1818 2706; x_wconf 88' lang='lat' dir='ltr'><strong>ita</strong></span> <span class='ocrx_word' id='word_1_311' title='bbox 1867 2661 1924 2705; x_wconf 90' lang='lat' dir='ltr'><strong>ut</strong></span> <span class='ocrx_word' id='word_1_312' title='bbox 1951 2665 2057 2705; x_wconf 95' lang='lat' dir='ltr'><strong>non</strong></span> 
     </span>
    </p>
   </div>
   <div class='ocr_carea' id='block_1_44' title="bbox 494 2739 2059 2824">
    <p class='ocr_par' dir='ltr' id='par_1_44' title="bbox 494 2739 2059 2824">
     <span class='ocr_line' id='line_1_44' title="bbox 494 2739 2059 2824; baseline -0.01 -15"><span class='ocrx_word' id='word_1_313' title='bbox 494 2760 683 2824; x_wconf 85' lang='lat' dir='ltr'><strong>posset</strong></span> <span class='ocrx_word' id='word_1_314' title='bbox 710 2749 1017 2805; x_wconf 68' lang='lat' dir='ltr'><strong>Judazorum</strong></span> <span class='ocrx_word' id='word_1_315' title='bbox 1061 2746 1200 2800; x_wconf 88' lang='lat' dir='ltr'><strong>ullus</strong></span> <span class='ocrx_word' id='word_1_316' title='bbox 1241 2745 1446 2814; x_wconf 92' lang='lat' dir='ltr'><strong>scripta</strong></span> <span class='ocrx_word' id='word_1_317' title='bbox 1483 2742 1806 2812; x_wconf 88' lang='lat' dir='ltr'><strong>perlegere;</strong></span> <span class='ocrx_word' id='word_1_318' title='bbox 1854 2740 1926 2795; x_wconf 91' lang='lat' dir='ltr'><strong>ita</strong></span> <span class='ocrx_word' id='word_1_319' title='bbox 1955 2739 2059 2794; x_wconf 84' lang='lat' dir='ltr'><strong>illis</strong></span> 
     </span>
    </p>
   </div>
   <div class='ocr_carea' id='block_1_45' title="bbox 498 2830 2056 2912">
    <p class='ocr_par' dir='ltr' id='par_1_45' title="bbox 498 2830 2056 2912">
     <span class='ocr_line' id='line_1_45' title="bbox 498 2830 2056 2912; baseline -0.006 -16"><span class='ocrx_word' id='word_1_320' title='bbox 498 2842 713 2912; x_wconf 88' lang='lat' dir='ltr'><strong>ignotos</strong></span> <span class='ocrx_word' id='word_1_321' title='bbox 757 2839 872 2894; x_wconf 88' lang='lat' dir='ltr'><strong>fore</strong></span> <span class='ocrx_word' id='word_1_322' title='bbox 915 2839 991 2892; x_wconf 91' lang='lat' dir='ltr'><strong>ait</strong></span> <span class='ocrx_word' id='word_1_323' title='bbox 1043 2835 1381 2908; x_wconf 87' lang='lat' dir='ltr'><strong>propheticos</strong></span> <span class='ocrx_word' id='word_1_324' title='bbox 1437 2847 1750 2897; x_wconf 87' lang='lat' dir='ltr'><strong>sermones,</strong></span> <span class='ocrx_word' id='word_1_325' title='bbox 1795 2831 1907 2887; x_wconf 89' lang='lat' dir='ltr'><strong>sive</strong></span> <span class='ocrx_word' id='word_1_326' title='bbox 1951 2830 2056 2886; x_wconf 91' lang='lat' dir='ltr'><strong>illis</strong></span> 
     </span>
    </p>
   </div>
   <div class='ocr_carea' id='block_1_46' title="bbox 498 2924 2053 3000">
    <p class='ocr_par' dir='ltr' id='par_1_46' title="bbox 498 2924 2053 3000">
     <span class='ocr_line' id='line_1_46' title="bbox 498 2924 2053 3000; baseline -0.004 -15"><span class='ocrx_word' id='word_1_327' title='bbox 498 2944 596 2985; x_wconf 84' lang='lat' dir='ltr'><strong>ore</strong></span> <span class='ocrx_word' id='word_1_328' title='bbox 620 2929 1051 3000; x_wconf 90' lang='lat' dir='ltr'><strong>pronuntientur,</strong></span> <span class='ocrx_word' id='word_1_329' title='bbox 1082 2926 1193 2981; x_wconf 93' lang='lat' dir='ltr'><strong>sive</strong></span> <span class='ocrx_word' id='word_1_330' title='bbox 1209 2941 1392 2981; x_wconf 88' lang='lat' dir='ltr'><strong>eorum</strong></span> <span class='ocrx_word' id='word_1_331' title='bbox 1419 2938 1642 2994; x_wconf 88' lang='lat' dir='ltr'><strong>prorsus</strong></span> <span class='ocrx_word' id='word_1_332' title='bbox 1663 2924 1895 2994; x_wconf 85' lang='lat' dir='ltr'><strong>imperiti</strong></span> <span class='ocrx_word' id='word_1_333' title='bbox 1924 2926 2053 2979; x_wconf 88' lang='lat' dir='ltr'><strong>sint.</strong></span> 
     </span>
    </p>
   </div>
   <div class='ocr_carea' id='block_1_47' title="bbox 2161 1818 3738 1900">
    <p class='ocr_par' dir='ltr' id='par_1_47' title="bbox 2161 1818 3738 1900">
     <span class='ocr_line' id='line_1_47' title="bbox 2161 1818 3738 1900; baseline 0.004 -22"><span class='ocrx_word' id='word_1_334' title='bbox 2161 1818 2274 1878; x_wconf 79' lang='grc' dir='ltr'>ὦτα</span> <span class='ocrx_word' id='word_1_335' title='bbox 2298 1826 2474 1880; x_wconf 82' lang='grc' dir='ltr'>αὐτῶν</span> <span class='ocrx_word' id='word_1_336' title='bbox 2504 1826 2770 1898; x_wconf 81' lang='grc' dir='ltr'>ἐϐάρυναν</span> <span class='ocrx_word' id='word_1_337' title='bbox 2797 1828 2892 1882; x_wconf 79' lang='grc' dir='ltr'>τοῦ</span> <span class='ocrx_word' id='word_1_338' title='bbox 2923 1830 2998 1900; x_wconf 80' lang='grc' dir='ltr'>μὴ</span> <span class='ocrx_word' id='word_1_339' title='bbox 3031 1829 3267 1896; x_wconf 84' lang='grc' dir='ltr'>ἀκούειν,</span> <span class='ocrx_word' id='word_1_340' title='bbox 3302 1829 3510 1884; x_wconf 78' lang='grc' dir='ltr'>ποτίσει</span> <span class='ocrx_word' id='word_1_341' title='bbox 3543 1830 3738 1896; x_wconf 80' lang='grc' dir='ltr'>αὐτοὺς</span> 
     </span>
    </p>
   </div>
   <div class='ocr_carea' id='block_1_48' title="bbox 2161 1919 3048 1991">
    <p class='ocr_par' dir='ltr' id='par_1_48' title="bbox 2161 1919 3048 1991">
     <span class='ocr_line' id='line_1_48' title="bbox 2161 1919 3048 1991; baseline 0.005 -20"><span class='ocrx_word' id='word_1_342' title='bbox 2161 1919 2364 1990; x_wconf 84' lang='grc' dir='ltr'>Κύριος</span> <span class='ocrx_word' id='word_1_343' title='bbox 2387 1920 2657 1991; x_wconf 83' lang='grc' dir='ltr'>πνεύματι</span> <span class='ocrx_word' id='word_1_344' title='bbox 2687 1921 3048 1987; x_wconf 84' lang='grc' dir='ltr'>κατανύξεως.</span> 
     </span>
    </p>
   </div>
   <div class='ocr_carea' id='block_1_49' title="bbox 2240 2012 3738 2086">
    <p class='ocr_par' dir='ltr' id='par_1_49' title="bbox 2240 2012 3738 2086">
     <span class='ocr_line' id='line_1_49' title="bbox 2240 2012 3738 2086; baseline 0.003 -23"><span class='ocrx_word' id='word_1_345' title='bbox 2240 2030 2257 2062; x_wconf 79' lang='grc' dir='ltr'><strong>ι</strong></span> <span class='ocrx_word' id='word_1_346' title='bbox 2283 2012 2390 2064; x_wconf 79' lang='lat' dir='ltr'><strong>Kal</strong></span> <span class='ocrx_word' id='word_1_347' title='bbox 2411 2012 2621 2067; x_wconf 77' lang='grc' dir='ltr'>ἔσονται</span> <span class='ocrx_word' id='word_1_348' title='bbox 2657 2014 2784 2085; x_wconf 82' lang='grc' dir='ltr'>ύμῖν</span> <span class='ocrx_word' id='word_1_349' title='bbox 2808 2014 2874 2068; x_wconf 85' lang='grc' dir='ltr'>τὰ</span> <span class='ocrx_word' id='word_1_350' title='bbox 2909 2015 3130 2086; x_wconf 77' lang='grc' dir='ltr'>ῥήματα</span> <span class='ocrx_word' id='word_1_351' title='bbox 3163 2016 3338 2070; x_wconf 89' lang='grc' dir='ltr'>πάντα</span> <span class='ocrx_word' id='word_1_352' title='bbox 3367 2015 3558 2077; x_wconf 83' lang='grc' dir='ltr'>ταῦτα.</span> <span class='ocrx_word' id='word_1_353' title='bbox 3592 2015 3668 2078; x_wconf 84' lang='grc' dir='ltr'><strong>ὡς</strong></span> <span class='ocrx_word' id='word_1_354' title='bbox 3689 2015 3738 2068; x_wconf 77' lang='grc' dir='ltr'><strong>οι</strong></span> 
     </span>
    </p>
   </div>
   <div class='ocr_carea' id='block_1_50' title="bbox 2162 2101 3740 2178">
    <p class='ocr_par' dir='ltr' id='par_1_50' title="bbox 2162 2101 3740 2178">
     <span class='ocr_line' id='line_1_50' title="bbox 2162 2101 3740 2178; baseline 0.003 -24"><span class='ocrx_word' id='word_1_355' title='bbox 2162 2101 2309 2170; x_wconf 82' lang='grc' dir='ltr'>λόγοι</span> <span class='ocrx_word' id='word_1_356' title='bbox 2339 2102 2432 2156; x_wconf 78' lang='grc' dir='ltr'>τοῦ</span> <span class='ocrx_word' id='word_1_357' title='bbox 2487 2103 2692 2174; x_wconf 88' lang='grc' dir='ltr'>βιϐλίου</span> <span class='ocrx_word' id='word_1_358' title='bbox 2746 2105 2839 2159; x_wconf 77' lang='grc' dir='ltr'>τοῦ</span> <span class='ocrx_word' id='word_1_359' title='bbox 2871 2107 3303 2178; x_wconf 86' lang='grc' dir='ltr'>ἐσφραγισμένου</span> <span class='ocrx_word' id='word_1_360' title='bbox 3353 2107 3562 2170; x_wconf 87' lang='grc' dir='ltr'>τούτου,</span> <span class='ocrx_word' id='word_1_361' title='bbox 3593 2106 3621 2159; x_wconf 87' lang='grc' dir='ltr'><strong>δ</strong></span> <span class='ocrx_word' id='word_1_362' title='bbox 3641 2104 3740 2160; x_wconf 82' lang='grc' dir='ltr'>ἐὰν</span> 
     </span>
    </p>
   </div>
   <div class='ocr_carea' id='block_1_51' title="bbox 2162 2193 3742 2269">
    <p class='ocr_par' dir='ltr' id='par_1_51' title="bbox 2162 2193 3742 2269">
     <span class='ocr_line' id='line_1_51' title="bbox 2162 2193 3742 2269; baseline 0.004 -24"><span class='ocrx_word' id='word_1_363' title='bbox 2162 2193 2323 2247; x_wconf 86' lang='grc' dir='ltr'>δῶσιν</span> <span class='ocrx_word' id='word_1_364' title='bbox 2353 2194 2482 2247; x_wconf 74' lang='grc' dir='ltr'>αὐτὸ</span> <span class='ocrx_word' id='word_1_365' title='bbox 2520 2194 2789 2267; x_wconf 77' lang='grc' dir='ltr'>ἀνθρώπῳ</span> <span class='ocrx_word' id='word_1_366' title='bbox 2828 2199 3172 2269; x_wconf 76' lang='grc' dir='ltr'>ἐπισταμένῳ</span> <span class='ocrx_word' id='word_1_367' title='bbox 3221 2199 3523 2269; x_wconf 83' lang='grc' dir='ltr'>γράμματα</span> <span class='ocrx_word' id='word_1_368' title='bbox 3550 2198 3742 2267; x_wconf 88' lang='grc' dir='ltr'>λέγον-</span> 
     </span>
    </p>
   </div>
   <div class='ocr_carea' id='block_1_52' title="bbox 2161 2283 3744 2359">
    <p class='ocr_par' dir='ltr' id='par_1_52' title="bbox 2161 2283 3744 2359">
     <span class='ocr_line' id='line_1_52' title="bbox 2161 2283 3744 2359; baseline 0.004 -25"><span class='ocrx_word' id='word_1_369' title='bbox 2161 2299 2271 2346; x_wconf 88' lang='grc' dir='ltr'>τες·</span> <span class='ocrx_word' id='word_1_370' title='bbox 2311 2283 2605 2352; x_wconf 80' lang='grc' dir='ltr'>Ἀνάγνωθι</span> <span class='ocrx_word' id='word_1_371' title='bbox 2627 2285 2798 2338; x_wconf 81' lang='grc' dir='ltr'>ταῦτα</span> <span class='ocrx_word' id='word_1_372' title='bbox 2821 2327 2836 2351; x_wconf 91' lang='grc'><strong>,</strong></span> <span class='ocrx_word' id='word_1_373' title='bbox 2865 2287 2959 2340; x_wconf 76' lang='grc' dir='ltr'>καὶ</span> <span class='ocrx_word' id='word_1_374' title='bbox 2980 2287 3113 2357; x_wconf 86' lang='grc' dir='ltr'>ἐρεῖ,</span> <span class='ocrx_word' id='word_1_375' title='bbox 3143 2288 3216 2342; x_wconf 78' lang='grc' dir='ltr'><strong>Οὐ</strong></span> <span class='ocrx_word' id='word_1_376' title='bbox 3238 2287 3468 2359; x_wconf 85' lang='grc' dir='ltr'>δύναμαι</span> <span class='ocrx_word' id='word_1_377' title='bbox 3494 2288 3744 2355; x_wconf 63' lang='grc' dir='ltr'>ἀναγνῶε</span> 
     </span>
    </p>
   </div>
   <div class='ocr_carea' id='block_1_53' title="bbox 2163 2375 3742 2450">
    <p class='ocr_par' dir='ltr' id='par_1_53' title="bbox 2163 2375 3742 2450">
     <span class='ocr_line' id='line_1_53' title="bbox 2163 2375 3742 2450; baseline 0.003 -23"><span class='ocrx_word' id='word_1_378' title='bbox 2163 2390 2283 2428; x_wconf 90' lang='grc' dir='ltr'>ναι·</span> <span class='ocrx_word' id='word_1_379' title='bbox 2319 2375 2678 2446; x_wconf 87' lang='grc' dir='ltr'>ἐσφράγισται</span> <span class='ocrx_word' id='word_1_380' title='bbox 2711 2378 2840 2450; x_wconf 86' lang='grc' dir='ltr'>γάρ.</span> <span class='ocrx_word' id='word_1_381' title='bbox 2873 2396 2892 2431; x_wconf 73' lang='grc' dir='ltr'><strong><em>ι</em></strong></span> <span class='ocrx_word' id='word_1_382' title='bbox 2926 2379 3060 2450; x_wconf 77' lang='grc' dir='ltr'>Περὶ</span> <span class='ocrx_word' id='word_1_383' title='bbox 3083 2379 3190 2432; x_wconf 90' lang='grc' dir='ltr'><strong>τῶν</strong></span> <span class='ocrx_word' id='word_1_384' title='bbox 3234 2379 3370 2450; x_wconf 87' lang='grc' dir='ltr'><strong>μετά</strong></span> <span class='ocrx_word' id='word_1_385' title='bbox 3402 2378 3572 2433; x_wconf 82' lang='grc' dir='ltr'>ταῦτα</span> <span class='ocrx_word' id='word_1_386' title='bbox 3601 2396 3742 2450; x_wconf 88' lang='grc' dir='ltr'>προ-</span> 
     </span>
    </p>
   </div>
   <div class='ocr_carea' id='block_1_54' title="bbox 2165 2467 3742 2544">
    <p class='ocr_par' dir='ltr' id='par_1_54' title="bbox 2165 2467 3742 2544">
     <span class='ocr_line' id='line_1_54' title="bbox 2165 2467 3742 2544; baseline 0.003 -24"><span class='ocrx_word' id='word_1_387' title='bbox 2165 2467 2381 2521; x_wconf 83' lang='grc' dir='ltr'>εστάναι</span> <span class='ocrx_word' id='word_1_388' title='bbox 2427 2467 2723 2522; x_wconf 85' lang='grc' dir='ltr'>δοκούντων</span> <span class='ocrx_word' id='word_1_389' title='bbox 2752 2469 2846 2523; x_wconf 81' lang='grc' dir='ltr'>τοῦ</span> <span class='ocrx_word' id='word_1_390' title='bbox 2879 2471 2942 2524; x_wconf 86' lang='grc' dir='ltr'><strong>ἐκ</strong></span> <span class='ocrx_word' id='word_1_391' title='bbox 2984 2472 3284 2544; x_wconf 81' lang='grc' dir='ltr'>περιτομῆς</span> <span class='ocrx_word' id='word_1_392' title='bbox 3314 2472 3443 2527; x_wconf 82' lang='grc' dir='ltr'>λαοῦ</span> <span class='ocrx_word' id='word_1_393' title='bbox 3467 2471 3742 2544; x_wconf 85' lang='grc' dir='ltr'>διέρχεται</span> 
     </span>
    </p>
   </div>
   <div class='ocr_carea' id='block_1_55' title="bbox 2165 2557 3740 2637">
    <p class='ocr_par' dir='ltr' id='par_1_55' title="bbox 2165 2557 3740 2637">
     <span class='ocr_line' id='line_1_55' title="bbox 2165 2557 3740 2637; baseline 0.003 -25"><span class='ocrx_word' id='word_1_394' title='bbox 2165 2557 2461 2624; x_wconf 76' lang='grc' dir='ltr'>θεσπίζων·</span> <span class='ocrx_word' id='word_1_395' title='bbox 2507 2579 2525 2612; x_wconf 79' lang='grc' dir='ltr'><strong>ι</strong></span> <span class='ocrx_word' id='word_1_396' title='bbox 2554 2563 2662 2616; x_wconf 76' lang='grc' dir='ltr'>Καὶ</span> <span class='ocrx_word' id='word_1_397' title='bbox 2690 2562 2900 2617; x_wconf 81' lang='grc' dir='ltr'>ἔσονται</span> <span class='ocrx_word' id='word_1_398' title='bbox 2933 2564 3062 2634; x_wconf 83' lang='grc' dir='ltr'>ὑμῖν</span> <span class='ocrx_word' id='word_1_399' title='bbox 3092 2563 3268 2618; x_wconf 86' lang='grc' dir='ltr'>πάντα</span> <span class='ocrx_word' id='word_1_400' title='bbox 3300 2563 3366 2617; x_wconf 81' lang='grc' dir='ltr'><strong>τὰ</strong></span> <span class='ocrx_word' id='word_1_401' title='bbox 3400 2565 3618 2637; x_wconf 78' lang='grc' dir='ltr'>ῥήματα</span> <span class='ocrx_word' id='word_1_402' title='bbox 3645 2563 3740 2617; x_wconf 79' lang='grc' dir='ltr'>τοῦ</span> 
     </span>
    </p>
   </div>
   <div class='ocr_carea' id='block_1_56' title="bbox 2165 2649 3741 2724">
    <p class='ocr_par' dir='ltr' id='par_1_56' title="bbox 2165 2649 3741 2724">
     <span class='ocr_line' id='line_1_56' title="bbox 2165 2649 3741 2724; baseline 0.004 -23"><span class='ocrx_word' id='word_1_403' title='bbox 2165 2649 2387 2720; x_wconf 77' lang='grc' dir='ltr'>βιϐλίου,</span> <span class='ocrx_word' id='word_1_404' title='bbox 2413 2670 2432 2703; x_wconf 77' lang='grc' dir='ltr'><strong>ι</strong></span> <span class='ocrx_word' id='word_1_405' title='bbox 2482 2651 2543 2706; x_wconf 84' lang='grc' dir='ltr'>οὐ</span> <span class='ocrx_word' id='word_1_406' title='bbox 2604 2652 2709 2724; x_wconf 80' lang='grc' dir='ltr'>μὴν</span> <span class='ocrx_word' id='word_1_407' title='bbox 2756 2653 2849 2706; x_wconf 80' lang='grc' dir='ltr'>καὶ</span> <span class='ocrx_word' id='word_1_408' title='bbox 2878 2655 3145 2718; x_wconf 87' lang='grc' dir='ltr'>συνιέντες</span> <span class='ocrx_word' id='word_1_409' title='bbox 3197 2653 3371 2709; x_wconf 83' lang='grc' dir='ltr'>αὐτά·</span> <span class='ocrx_word' id='word_1_410' title='bbox 3423 2653 3584 2724; x_wconf 82' lang='grc' dir='ltr'>μηδὲν</span> <span class='ocrx_word' id='word_1_411' title='bbox 3629 2652 3741 2724; x_wconf 89' lang='grc' dir='ltr'><strong>γάρ</strong></span> 
     </span>
    </p>
   </div>
   <div class='ocr_carea' id='block_1_57' title="bbox 2163 2741 3738 2818">
    <p class='ocr_par' dir='ltr' id='par_1_57' title="bbox 2163 2741 3738 2818">
     <span class='ocr_line' id='line_1_57' title="bbox 2163 2741 3738 2818; baseline 0.004 -24"><span class='ocrx_word' id='word_1_412' title='bbox 2163 2741 2435 2814; x_wconf 76' lang='grc' dir='ltr'>διαφέρειν</span> <span class='ocrx_word' id='word_1_413' title='bbox 2510 2744 2648 2798; x_wconf 85' lang='grc' dir='ltr'>αὐτὰ</span> <span class='ocrx_word' id='word_1_414' title='bbox 2692 2746 2801 2798; x_wconf 89' lang='grc' dir='ltr'><strong>τῶν</strong></span> <span class='ocrx_word' id='word_1_415' title='bbox 2850 2747 3408 2818; x_wconf 86' lang='grc' dir='ltr'>κατεσφραγισμένων</span> <span class='ocrx_word' id='word_1_416' title='bbox 3458 2747 3738 2817; x_wconf 82' lang='grc' dir='ltr'>σφραγῖσι,</span> 
     </span>
    </p>
   </div>
   <div class='ocr_carea' id='block_1_58' title="bbox 2163 2835 3738 2911">
    <p class='ocr_par' dir='ltr' id='par_1_58' title="bbox 2163 2835 3738 2911">
     <span class='ocr_line' id='line_1_58' title="bbox 2163 2835 3738 2911; baseline 0.001 -22"><span class='ocrx_word' id='word_1_417' title='bbox 2163 2835 2297 2905; x_wconf 82' lang='grc' dir='ltr'>πρὸς</span> <span class='ocrx_word' id='word_1_418' title='bbox 2308 2835 2368 2888; x_wconf 87' lang='grc' dir='ltr'>τὸ</span> <span class='ocrx_word' id='word_1_419' title='bbox 2384 2835 2459 2907; x_wconf 84' lang='grc' dir='ltr'>μὴ</span> <span class='ocrx_word' id='word_1_420' title='bbox 2471 2836 2726 2891; x_wconf 87' lang='grc' dir='ltr'>δύνασθαί</span> <span class='ocrx_word' id='word_1_421' title='bbox 2740 2855 2860 2892; x_wconf 88' lang='grc' dir='ltr'>τινα</span> <span class='ocrx_word' id='word_1_422' title='bbox 2881 2838 2970 2892; x_wconf 81' lang='grc' dir='ltr'>τὸν</span> <span class='ocrx_word' id='word_1_423' title='bbox 2991 2839 3104 2911; x_wconf 72' lang='grc'><strong>(54)</strong></span> <span class='ocrx_word' id='word_1_424' title='bbox 3121 2842 3184 2893; x_wconf 82' lang='grc' dir='ltr'><strong>ἐκ</strong></span> <span class='ocrx_word' id='word_1_425' title='bbox 3204 2840 3299 2894; x_wconf 81' lang='grc' dir='ltr'>τοῦ</span> <span class='ocrx_word' id='word_1_426' title='bbox 3323 2839 3588 2894; x_wconf 85' lang='grc' dir='ltr'>Ἰουδαίων</span> <span class='ocrx_word' id='word_1_427' title='bbox 3607 2838 3738 2892; x_wconf 80' lang='grc' dir='ltr'>λαοῦ</span> 
     </span>
    </p>
   </div>
   <div class='ocr_carea' id='block_1_59' title="bbox 2160 2928 3738 3003">
    <p class='ocr_par' dir='ltr' id='par_1_59' title="bbox 2160 2928 3738 3003">
     <span class='ocr_line' id='line_1_59' title="bbox 2160 2928 3738 3003; baseline 0.004 -23"><span class='ocrx_word' id='word_1_428' title='bbox 2160 2928 2228 2981; x_wconf 85' lang='grc' dir='ltr'><strong>τά</strong></span> <span class='ocrx_word' id='word_1_429' title='bbox 2256 2929 2681 3001; x_wconf 76' lang='grc' dir='ltr'>ἐγγεγραμμένα</span> <span class='ocrx_word' id='word_1_430' title='bbox 2725 2930 3120 3000; x_wconf 87' lang='grc' dir='ltr'>διαγινώσκειν·</span> <span class='ocrx_word' id='word_1_431' title='bbox 3161 2933 3329 2998; x_wconf 78' lang='grc' dir='ltr'>οὕτως</span> <span class='ocrx_word' id='word_1_432' title='bbox 3355 2935 3534 3000; x_wconf 82' lang='grc' dir='ltr'>αὐτοῖς</span> <span class='ocrx_word' id='word_1_433' title='bbox 3563 2932 3738 3003; x_wconf 85' lang='grc' dir='ltr'>ἀγνώ-</span> 
     </span>
    </p>
   </div>
   <div class='ocr_carea' id='block_1_60' title="bbox 503 3018 3735 3100">
    <p class='ocr_par' dir='ltr' id='par_1_60' title="bbox 503 3018 3735 3100">
     <span class='ocr_line' id='line_1_60' title="bbox 503 3018 3735 3100; baseline 0.002 -22"><span class='ocrx_word' id='word_1_434' title='bbox 503 3041 659 3084; x_wconf 88' lang='grc' dir='ltr'>στους</span> <span class='ocrx_word' id='word_1_435' title='bbox 691 3022 906 3074; x_wconf 73' lang='grc' dir='ltr'>ἔσεσθαι</span> <span class='ocrx_word' id='word_1_436' title='bbox 934 3021 1059 3082; x_wconf 82' lang='grc' dir='ltr'>τοὺς</span> <span class='ocrx_word' id='word_1_437' title='bbox 1085 3019 1453 3090; x_wconf 82' lang='grc' dir='ltr'>προφητικοὺς</span> <span class='ocrx_word' id='word_1_438' title='bbox 1491 3018 1682 3087; x_wconf 87' lang='grc' dir='ltr'>λόγους</span> <span class='ocrx_word' id='word_1_439' title='bbox 1708 3019 1806 3073; x_wconf 86' lang='grc' dir='ltr'><strong>κάν</strong></span> <span class='ocrx_word' id='word_1_440' title='bbox 1825 3037 1881 3071; x_wconf 90' lang='grc' dir='ltr'><strong>τε</strong></span> <span class='ocrx_word' id='word_1_441' title='bbox 1908 3019 2311 3093; x_wconf 82' lang='grc' dir='ltr'>άπαγγέλληται</span> <span class='ocrx_word' id='word_1_442' title='bbox 2329 3024 2510 3087; x_wconf 82' lang='grc' dir='ltr'>αὐτοῖς</span> <span class='ocrx_word' id='word_1_443' title='bbox 2533 3025 2640 3079; x_wconf 83' lang='grc' dir='ltr'>ἀπὸ</span> <span class='ocrx_word' id='word_1_444' title='bbox 2666 3027 2950 3098; x_wconf 89' lang='grc' dir='ltr'>στόματος,</span> <span class='ocrx_word' id='word_1_445' title='bbox 2969 3029 3070 3083; x_wconf 82' lang='grc' dir='ltr'>κᾶν</span> <span class='ocrx_word' id='word_1_446' title='bbox 3085 3046 3140 3081; x_wconf 91' lang='grc' dir='ltr'><strong>τε</strong></span> <span class='ocrx_word' id='word_1_447' title='bbox 3158 3029 3368 3100; x_wconf 83' lang='grc' dir='ltr'>ἄπειροι</span> <span class='ocrx_word' id='word_1_448' title='bbox 3385 3023 3514 3083; x_wconf 78' lang='grc' dir='ltr'>ὦσιν</span> <span class='ocrx_word' id='word_1_449' title='bbox 3541 3029 3735 3084; x_wconf 85' lang='grc' dir='ltr'>αὐτῶν.</span> 
     </span>
    </p>
   </div>
   <div class='ocr_carea' id='block_1_61' title="bbox 580 3109 2062 3192">
    <p class='ocr_par' dir='ltr' id='par_1_61' title="bbox 580 3109 2059 3169">
     <span class='ocr_line' id='line_1_61' title="bbox 580 3109 2059 3169; baseline -0.001 -1"><span class='ocrx_word' id='word_1_450' title='bbox 580 3113 737 3169; x_wconf 78' lang='lat' dir='ltr'><strong>Vsus.</strong></span> <span class='ocrx_word' id='word_1_451' title='bbox 769 3113 855 3167; x_wconf 75' lang='grc'>12.</span> <span class='ocrx_word' id='word_1_452' title='bbox 897 3130 916 3162; x_wconf 76' lang='grc' dir='ltr'><strong>ι</strong></span> <span class='ocrx_word' id='word_1_453' title='bbox 956 3111 1020 3165; x_wconf 85' lang='lat' dir='ltr'><strong>Et</strong></span> <span class='ocrx_word' id='word_1_454' title='bbox 1044 3111 1260 3165; x_wconf 87' lang='lat' dir='ltr'><strong>dabitur</strong></span> <span class='ocrx_word' id='word_1_455' title='bbox 1291 3110 1379 3165; x_wconf 92' lang='lat' dir='ltr'><strong>hic</strong></span> <span class='ocrx_word' id='word_1_456' title='bbox 1415 3109 1552 3164; x_wconf 90' lang='lat' dir='ltr'><strong>liber</strong></span> <span class='ocrx_word' id='word_1_457' title='bbox 1582 3111 1636 3165; x_wconf 92' lang='lat' dir='ltr'><strong>in</strong></span> <span class='ocrx_word' id='word_1_458' title='bbox 1668 3125 1856 3165; x_wconf 90' lang='lat' dir='ltr'><strong>manus</strong></span> <span class='ocrx_word' id='word_1_459' title='bbox 1886 3112 2059 3166; x_wconf 79' lang='lat' dir='ltr'><strong>homi-</strong></span> 
     </span>
    </p>
   </div>
   <div class='ocr_carea' id='block_1_62' title="bbox 2165 3109 3740 3192">
    <p class='ocr_par' dir='ltr' id='par_1_62' title="bbox 2237 3117 3740 3192">
     <span class='ocr_line' id='line_1_62' title="bbox 2237 3117 3740 3192; baseline 0.004 -24"><span class='ocrx_word' id='word_1_460' title='bbox 2237 3135 2256 3167; x_wconf 77' lang='grc' dir='ltr'><strong>ι</strong></span> <span class='ocrx_word' id='word_1_461' title='bbox 2275 3117 2384 3169; x_wconf 77' lang='grc' dir='ltr'><strong>Καὶ</strong></span> <span class='ocrx_word' id='word_1_462' title='bbox 2402 3117 2681 3188; x_wconf 77' lang='grc' dir='ltr'>δοθήσεται</span> <span class='ocrx_word' id='word_1_463' title='bbox 2728 3118 2788 3171; x_wconf 78' lang='grc' dir='ltr'>τὸ</span> <span class='ocrx_word' id='word_1_464' title='bbox 2807 3118 3005 3188; x_wconf 88' lang='grc' dir='ltr'>βιϐλίον</span> <span class='ocrx_word' id='word_1_465' title='bbox 3032 3119 3189 3173; x_wconf 78' lang='grc' dir='ltr'>τοῦτο</span> <span class='ocrx_word' id='word_1_466' title='bbox 3210 3121 3288 3184; x_wconf 83' lang='grc' dir='ltr'><strong>είς</strong></span> <span class='ocrx_word' id='word_1_467' title='bbox 3315 3123 3500 3190; x_wconf 87' lang='grc' dir='ltr'>χεῖρας</span> <span class='ocrx_word' id='word_1_468' title='bbox 3530 3118 3740 3192; x_wconf 84' lang='grc' dir='ltr'>ἀνθρώ-</span> 
     </span>
    </p>
   </div>
   <div class='ocr_carea' id='block_1_63' title="bbox 504 3200 2065 3270">
    <p class='ocr_par' dir='ltr' id='par_1_63' title="bbox 504 3200 2065 3270">
     <span class='ocr_line' id='line_1_63' title="bbox 504 3200 2065 3270; baseline -0.004 -6"><span class='ocrx_word' id='word_1_469' title='bbox 504 3208 591 3264; x_wconf 90' lang='lat' dir='ltr'><strong>nis</strong></span> <span class='ocrx_word' id='word_1_470' title='bbox 617 3204 905 3262; x_wconf 81' lang='lat' dir='ltr'><strong>nescientis</strong></span> <span class='ocrx_word' id='word_1_471' title='bbox 936 3203 1178 3258; x_wconf 89' lang='lat' dir='ltr'><strong>litteras:</strong></span> <span class='ocrx_word' id='word_1_472' title='bbox 1207 3209 1261 3256; x_wconf 89' lang='lat' dir='ltr'><strong>et</strong></span> <span class='ocrx_word' id='word_1_473' title='bbox 1283 3201 1424 3256; x_wconf 90' lang='lat' dir='ltr'><strong>dicet</strong></span> <span class='ocrx_word' id='word_1_474' title='bbox 1452 3202 1524 3268; x_wconf 89' lang='lat' dir='ltr'><strong>ei,</strong></span> <span class='ocrx_word' id='word_1_475' title='bbox 1557 3200 1698 3270; x_wconf 86' lang='lat' dir='ltr'><strong>Lege</strong></span> <span class='ocrx_word' id='word_1_476' title='bbox 1730 3203 1866 3269; x_wconf 86' lang='lat' dir='ltr'><strong>hoc;</strong></span> <span class='ocrx_word' id='word_1_477' title='bbox 1895 3211 1949 3258; x_wconf 91' lang='lat' dir='ltr'><strong>et</strong></span> <span class='ocrx_word' id='word_1_478' title='bbox 1981 3203 2065 3258; x_wconf 89' lang='lat' dir='ltr'><strong>di-</strong></span> 
     </span>
    </p>
   </div>
   <div class='ocr_carea' id='block_1_64' title="bbox 503 3293 2063 3364">
    <p class='ocr_par' dir='ltr' id='par_1_64' title="bbox 503 3293 2063 3364">
     <span class='ocr_line' id='line_1_64' title="bbox 503 3293 2063 3364; baseline -0.003 -10"><span class='ocrx_word' id='word_1_479' title='bbox 503 3308 622 3362; x_wconf 85' lang='lat' dir='ltr'><strong>cet,</strong></span> <span class='ocrx_word' id='word_1_480' title='bbox 655 3295 769 3350; x_wconf 82' lang='lat' dir='ltr'><strong>Non</strong></span> <span class='ocrx_word' id='word_1_481' title='bbox 811 3309 1031 3364; x_wconf 91' lang='lat' dir='ltr'><strong>possum</strong></span> <span class='ocrx_word' id='word_1_482' title='bbox 1070 3293 1282 3364; x_wconf 87' lang='lat' dir='ltr'><strong>legere,</strong></span> <span class='ocrx_word' id='word_1_483' title='bbox 1317 3293 1497 3348; x_wconf 90' lang='lat' dir='ltr'><strong>nescio</strong></span> <span class='ocrx_word' id='word_1_484' title='bbox 1541 3293 1771 3349; x_wconf 89' lang='lat' dir='ltr'><strong>litteras.</strong></span> <span class='ocrx_word' id='word_1_485' title='bbox 1825 3312 1844 3346; x_wconf 87' lang='grc'>›</span> <span class='ocrx_word' id='word_1_486' title='bbox 1880 3294 2063 3350; x_wconf 90' lang='lat' dir='ltr'><strong>Talem</strong></span> 
     </span>
    </p>
   </div>
   <div class='ocr_carea' id='block_1_65' title="bbox 508 3386 2065 3457">
    <p class='ocr_par' dir='ltr' id='par_1_65' title="bbox 508 3386 2065 3457">
     <span class='ocr_line' id='line_1_65' title="bbox 508 3386 2065 3457; baseline -0.002 -12"><span class='ocrx_word' id='word_1_487' title='bbox 508 3391 740 3445; x_wconf 90' lang='lat' dir='ltr'><strong>futuram</strong></span> <span class='ocrx_word' id='word_1_488' title='bbox 770 3387 846 3441; x_wconf 90' lang='lat' dir='ltr'><strong>ait</strong></span> <span class='ocrx_word' id='word_1_489' title='bbox 876 3386 1245 3457; x_wconf 77' lang='lat' dir='ltr'><strong>propheticum</strong></span> <span class='ocrx_word' id='word_1_490' title='bbox 1280 3395 1536 3455; x_wconf 87' lang='lat' dir='ltr'><strong>mentem,</strong></span> <span class='ocrx_word' id='word_1_491' title='bbox 1570 3402 1674 3440; x_wconf 92' lang='lat' dir='ltr'><strong>non</strong></span> <span class='ocrx_word' id='word_1_492' title='bbox 1705 3387 1918 3456; x_wconf 91' lang='lat' dir='ltr'><strong>quidem</strong></span> <span class='ocrx_word' id='word_1_493' title='bbox 1950 3403 2065 3443; x_wconf 88' lang='lat' dir='ltr'><strong>om-</strong></span> 
     </span>
    </p>
   </div>
   <div class='ocr_carea' id='block_1_66' title="bbox 504 3477 2061 3547">
    <p class='ocr_par' dir='ltr' id='par_1_66' title="bbox 504 3477 2061 3547">
     <span class='ocr_line' id='line_1_66' title="bbox 504 3477 2061 3547; baseline -0.001 -11"><span class='ocrx_word' id='word_1_494' title='bbox 504 3482 696 3546; x_wconf 90' lang='lat' dir='ltr'><strong>nibus,</strong></span> <span class='ocrx_word' id='word_1_495' title='bbox 738 3481 830 3535; x_wconf 87' lang='lat' dir='ltr'><strong>sed</strong></span> <span class='ocrx_word' id='word_1_496' title='bbox 865 3481 930 3534; x_wconf 91' lang='lat' dir='ltr'><strong>iis</strong></span> <span class='ocrx_word' id='word_1_497' title='bbox 965 3486 1170 3533; x_wconf 87' lang='lat' dir='ltr'><strong>tantum</strong></span> <span class='ocrx_word' id='word_1_498' title='bbox 1193 3519 1207 3542; x_wconf 95' lang='lat'><strong>,</strong></span> <span class='ocrx_word' id='word_1_499' title='bbox 1245 3478 1311 3532; x_wconf 91' lang='lat' dir='ltr'><strong>de</strong></span> <span class='ocrx_word' id='word_1_500' title='bbox 1349 3477 1545 3547; x_wconf 91' lang='lat' dir='ltr'><strong>quibus</strong></span> <span class='ocrx_word' id='word_1_501' title='bbox 1584 3480 1696 3536; x_wconf 67' lang='lat' dir='ltr'><strong>haac</strong></span> <span class='ocrx_word' id='word_1_502' title='bbox 1721 3481 2061 3536; x_wconf 83' lang='lat' dir='ltr'><strong>vaticinatur.</strong></span> 
     </span>
    </p>
   </div>
   <div class='ocr_carea' id='block_1_67' title="bbox 505 3570 2066 3641">
    <p class='ocr_par' dir='ltr' id='par_1_67' title="bbox 505 3570 2066 3641">
     <span class='ocr_line' id='line_1_67' title="bbox 505 3570 2066 3641; baseline 0 -13"><span class='ocrx_word' id='word_1_503' title='bbox 505 3574 640 3628; x_wconf 85' lang='lat' dir='ltr'><strong>Nam</strong></span> <span class='ocrx_word' id='word_1_504' title='bbox 671 3572 856 3629; x_wconf 87' lang='lat' dir='ltr'><strong>sedulo</strong></span> <span class='ocrx_word' id='word_1_505' title='bbox 884 3570 1282 3625; x_wconf 83' lang='lat' dir='ltr'><strong>animadvertas</strong></span> <span class='ocrx_word' id='word_1_506' title='bbox 1306 3585 1412 3640; x_wconf 90' lang='lat' dir='ltr'><strong>qua</strong></span> <span class='ocrx_word' id='word_1_507' title='bbox 1443 3571 1651 3627; x_wconf 89' lang='lat' dir='ltr'><strong>ratione</strong></span> <span class='ocrx_word' id='word_1_508' title='bbox 1677 3572 1906 3641; x_wconf 85' lang='lat' dir='ltr'><strong>dicatur,</strong></span> <span class='ocrx_word' id='word_1_509' title='bbox 1950 3593 1967 3624; x_wconf 82' lang='grc' dir='ltr'><strong>ι</strong></span> <span class='ocrx_word' id='word_1_510' title='bbox 2002 3573 2066 3628; x_wconf 87' lang='grc' dir='ltr'>Ει</span> 
     </span>
    </p>
   </div>
   <div class='ocr_carea' id='block_1_68' title="bbox 508 3661 2063 3733">
    <p class='ocr_par' dir='ltr' id='par_1_68' title="bbox 508 3661 2063 3733">
     <span class='ocr_line' id='line_1_68' title="bbox 508 3661 2063 3733; baseline 0.001 -14"><span class='ocrx_word' id='word_1_511' title='bbox 508 3671 666 3719; x_wconf 91' lang='lat' dir='ltr'><strong>erunt</strong></span> <span class='ocrx_word' id='word_1_512' title='bbox 694 3663 845 3718; x_wconf 92' lang='lat' dir='ltr'><strong>vobis</strong></span> <span class='ocrx_word' id='word_1_513' title='bbox 868 3663 1155 3718; x_wconf 70' lang='lat' dir='ltr'><strong>hrccverba</strong></span> <span class='ocrx_word' id='word_1_514' title='bbox 1180 3678 1195 3730; x_wconf 90' lang='lat'><strong>;</strong></span> <span class='ocrx_word' id='word_1_515' title='bbox 1221 3679 1239 3713; x_wconf 74' lang='grc' dir='ltr'><strong>ι</strong></span> <span class='ocrx_word' id='word_1_516' title='bbox 1264 3661 1415 3716; x_wconf 87' lang='lat' dir='ltr'><strong>vobis</strong></span> <span class='ocrx_word' id='word_1_517' title='bbox 1450 3661 1656 3718; x_wconf 90' lang='lat' dir='ltr'><strong>scilicet</strong></span> <span class='ocrx_word' id='word_1_518' title='bbox 1686 3665 2063 3733; x_wconf 63' lang='lat' dir='ltr'><strong>praesentibus,</strong></span> 
     </span>
    </p>
   </div>
   <div class='ocr_carea' id='block_1_69' title="bbox 505 3753 2063 3826">
    <p class='ocr_par' dir='ltr' id='par_1_69' title="bbox 505 3753 2063 3826">
     <span class='ocr_line' id='line_1_69' title="bbox 505 3753 2063 3826; baseline 0 -14"><span class='ocrx_word' id='word_1_519' title='bbox 505 3757 828 3819; x_wconf 80' lang='lat' dir='ltr'><strong>videntibus,</strong></span> <span class='ocrx_word' id='word_1_520' title='bbox 877 3765 930 3810; x_wconf 89' lang='lat' dir='ltr'><strong>et</strong></span> <span class='ocrx_word' id='word_1_521' title='bbox 959 3755 1319 3809; x_wconf 89' lang='lat' dir='ltr'><strong>audientibus.</strong></span> <span class='ocrx_word' id='word_1_522' title='bbox 1357 3753 1570 3808; x_wconf 70' lang='lat' dir='ltr'><strong>Judazos</strong></span> <span class='ocrx_word' id='word_1_523' title='bbox 1608 3763 1786 3811; x_wconf 87' lang='lat' dir='ltr'><strong>autem</strong></span> <span class='ocrx_word' id='word_1_524' title='bbox 1821 3757 2063 3826; x_wconf 87' lang='lat' dir='ltr'><strong>alloque-</strong></span> 
     </span>
    </p>
   </div>
   <div class='ocr_carea' id='block_1_70' title="bbox 495 3846 2065 3916">
    <p class='ocr_par' dir='ltr' id='par_1_70' title="bbox 495 3846 2065 3916">
     <span class='ocr_line' id='line_1_70' title="bbox 495 3846 2065 3916; baseline 0.001 -13"><span class='ocrx_word' id='word_1_525' title='bbox 495 3850 666 3904; x_wconf 80' lang='lat' dir='ltr'><strong>batur</strong></span> <span class='ocrx_word' id='word_1_526' title='bbox 687 3887 702 3912; x_wconf 90' lang='lat'><strong>,</strong></span> <span class='ocrx_word' id='word_1_527' title='bbox 735 3847 888 3916; x_wconf 87' lang='lat' dir='ltr'><strong>queis</strong></span> <span class='ocrx_word' id='word_1_528' title='bbox 920 3846 1161 3916; x_wconf 82' lang='lat' dir='ltr'><strong>ignotam</strong></span> <span class='ocrx_word' id='word_1_529' title='bbox 1192 3859 1314 3901; x_wconf 90' lang='lat' dir='ltr'><strong>esse</strong></span> <span class='ocrx_word' id='word_1_530' title='bbox 1352 3846 1650 3916; x_wconf 66' lang='lat' dir='ltr'><strong>prophetiae</strong></span> <span class='ocrx_word' id='word_1_531' title='bbox 1687 3857 1923 3904; x_wconf 88' lang='lat' dir='ltr'><strong>mentem</strong></span> <span class='ocrx_word' id='word_1_532' title='bbox 1966 3851 2065 3904; x_wconf 92' lang='lat' dir='ltr'><strong>sub</strong></span> 
     </span>
    </p>
   </div>
   <div class='ocr_carea' id='block_1_71' title="bbox 507 3935 2067 4004">
    <p class='ocr_par' dir='ltr' id='par_1_71' title="bbox 507 3935 2067 4004">
     <span class='ocr_line' id='line_1_71' title="bbox 507 3935 2067 4004; baseline 0.002 -12"><span class='ocrx_word' id='word_1_533' title='bbox 507 3939 623 3992; x_wconf 67' lang='lat' dir='ltr'><strong>haec</strong></span> <span class='ocrx_word' id='word_1_534' title='bbox 660 3937 877 4000; x_wconf 90' lang='lat' dir='ltr'><strong>edocet,</strong></span> <span class='ocrx_word' id='word_1_535' title='bbox 907 3951 1028 3992; x_wconf 90' lang='lat' dir='ltr'><strong>cum</strong></span> <span class='ocrx_word' id='word_1_536' title='bbox 1073 3936 1186 3990; x_wconf 65' lang='lat' dir='ltr'><strong>haec</strong></span> <span class='ocrx_word' id='word_1_537' title='bbox 1214 3935 1422 4004; x_wconf 89' lang='lat' dir='ltr'><strong>adjicit,</strong></span> <span class='ocrx_word' id='word_1_538' title='bbox 1466 3953 1484 3986; x_wconf 76' lang='grc' dir='ltr'><strong>ι</strong></span> <span class='ocrx_word' id='word_1_539' title='bbox 1528 3936 1592 3990; x_wconf 85' lang='lat' dir='ltr'><strong>Et</strong></span> <span class='ocrx_word' id='word_1_540' title='bbox 1630 3937 1850 3993; x_wconf 90' lang='lat' dir='ltr'><strong>audient</strong></span> <span class='ocrx_word' id='word_1_541' title='bbox 1894 3939 1946 3994; x_wconf 90' lang='lat' dir='ltr'><strong>in</strong></span> <span class='ocrx_word' id='word_1_542' title='bbox 1982 3940 2067 3996; x_wconf 92' lang='lat' dir='ltr'><strong>die</strong></span> 
     </span>
    </p>
   </div>
   <div class='ocr_carea' id='block_1_72' title="bbox 495 4027 2068 4098">
    <p class='ocr_par' dir='ltr' id='par_1_72' title="bbox 495 4027 2068 4098">
     <span class='ocr_line' id='line_1_72' title="bbox 495 4027 2068 4098; baseline 0.001 -12"><span class='ocrx_word' id='word_1_543' title='bbox 495 4030 597 4086; x_wconf 63' lang='lat' dir='ltr'><strong>&#39;illa</strong></span> <span class='ocrx_word' id='word_1_544' title='bbox 629 4028 772 4083; x_wconf 89' lang='lat' dir='ltr'><strong>surdi</strong></span> <span class='ocrx_word' id='word_1_545' title='bbox 803 4027 961 4084; x_wconf 89' lang='lat' dir='ltr'><strong>verba</strong></span> <span class='ocrx_word' id='word_1_546' title='bbox 991 4028 1133 4093; x_wconf 89' lang='lat' dir='ltr'><strong>libri,</strong></span> <span class='ocrx_word' id='word_1_547' title='bbox 1171 4037 1228 4084; x_wconf 90' lang='lat' dir='ltr'><strong>et</strong></span> <span class='ocrx_word' id='word_1_548' title='bbox 1254 4027 1393 4084; x_wconf 90' lang='lat' dir='ltr'><strong>oculi</strong></span> <span class='ocrx_word' id='word_1_549' title='bbox 1421 4042 1687 4086; x_wconf 69' lang='lat' dir='ltr'><strong>cmcorum</strong></span> <span class='ocrx_word' id='word_1_550' title='bbox 1715 4030 1990 4098; x_wconf 91' lang='lat' dir='ltr'><strong>videbunt,</strong></span> <span class='ocrx_word' id='word_1_551' title='bbox 2013 4042 2068 4088; x_wconf 91' lang='lat' dir='ltr'><strong>et</strong></span> 
     </span>
    </p>
   </div>
   <div class='ocr_carea' id='block_1_73' title="bbox 511 4121 938 4178">
    <p class='ocr_par' dir='ltr' id='par_1_73' title="bbox 511 4121 938 4178">
     <span class='ocr_line' id='line_1_73' title="bbox 511 4121 938 4178; baseline -0.012 -1"><span class='ocrx_word' id='word_1_552' title='bbox 511 4121 878 4178; x_wconf 85' lang='lat' dir='ltr'><strong>cxsultabunt.</strong></span> <span class='ocrx_word' id='word_1_553' title='bbox 919 4139 938 4172; x_wconf 75' lang='grc' dir='ltr'><strong>ι</strong></span> 
     </span>
    </p>
   </div>
   <div class='ocr_carea' id='block_1_74' title="bbox 562 4298 2071 4378">
    <p class='ocr_par' dir='ltr' id='par_1_74' title="bbox 562 4298 2071 4378">
     <span class='ocr_line' id='line_1_74' title="bbox 562 4298 2071 4378; baseline 0.005 -25"><span class='ocrx_word' id='word_1_554' title='bbox 562 4300 747 4354; x_wconf 75' lang='lat' dir='ltr'><strong>Vens.</strong></span> <span class='ocrx_word' id='word_1_555' title='bbox 791 4298 975 4363; x_wconf 63' lang='lat'><strong>13,14.</strong></span> <span class='ocrx_word' id='word_1_556' title='bbox 1009 4316 1027 4348; x_wconf 73' lang='grc' dir='ltr'><strong>ι</strong></span> <span class='ocrx_word' id='word_1_557' title='bbox 1065 4299 1128 4354; x_wconf 83' lang='lat' dir='ltr'><strong>Et.</strong></span> <span class='ocrx_word' id='word_1_558' title='bbox 1171 4299 1305 4354; x_wconf 85' lang='lat' dir='ltr'><strong>dixit</strong></span> <span class='ocrx_word' id='word_1_559' title='bbox 1331 4299 1588 4360; x_wconf 90' lang='lat' dir='ltr'><strong>Dominus</strong></span> <span class='ocrx_word' id='word_1_560' title='bbox 1617 4320 1633 4359; x_wconf 88' lang='lat'><strong>:</strong></span> <span class='ocrx_word' id='word_1_561' title='bbox 1667 4305 2071 4378; x_wconf 82' lang='lat' dir='ltr'><strong>Appropinquat</strong></span> 
     </span>
    </p>
   </div>
   <div class='ocr_carea' id='block_1_75' title="bbox 500 4391 2066 4465">
    <p class='ocr_par' dir='ltr' id='par_1_75' title="bbox 500 4391 2066 4465">
     <span class='ocr_line' id='line_1_75' title="bbox 500 4391 2066 4465; baseline 0.003 -14"><span class='ocrx_word' id='word_1_562' title='bbox 500 4395 646 4451; x_wconf 84' lang='lat' dir='ltr'><strong>mihi</strong></span> <span class='ocrx_word' id='word_1_563' title='bbox 671 4394 893 4465; x_wconf 89' lang='lat' dir='ltr'><strong>populus</strong></span> <span class='ocrx_word' id='word_1_564' title='bbox 913 4391 1000 4448; x_wconf 93' lang='lat' dir='ltr'><strong>hic</strong></span> <span class='ocrx_word' id='word_1_565' title='bbox 1013 4407 1107 4448; x_wconf 90' lang='lat' dir='ltr'><strong>ore</strong></span> <span class='ocrx_word' id='word_1_566' title='bbox 1130 4411 1226 4452; x_wconf 89' lang='lat' dir='ltr'><strong>suo</strong></span> <span class='ocrx_word' id='word_1_567' title='bbox 1242 4436 1257 4462; x_wconf 91' lang='lat'><strong>,</strong></span> <span class='ocrx_word' id='word_1_568' title='bbox 1275 4407 1328 4453; x_wconf 93' lang='lat' dir='ltr'><strong>et</strong></span> <span class='ocrx_word' id='word_1_569' title='bbox 1343 4397 1501 4455; x_wconf 87' lang='lat' dir='ltr'><strong>labiis</strong></span> <span class='ocrx_word' id='word_1_570' title='bbox 1517 4399 1628 4453; x_wconf 91' lang='lat' dir='ltr'><strong>suis</strong></span> <span class='ocrx_word' id='word_1_571' title='bbox 1654 4399 1924 4457; x_wconf 90' lang='lat' dir='ltr'><strong>honorant</strong></span> <span class='ocrx_word' id='word_1_572' title='bbox 1950 4416 2066 4456; x_wconf 90' lang='lat' dir='ltr'><strong>me:</strong></span> 
     </span>
    </p>
   </div>
   <div class='ocr_carea' id='block_1_76' title="bbox 2166 3211 3741 3286">
    <p class='ocr_par' dir='ltr' id='par_1_76' title="bbox 2166 3211 3741 3286">
     <span class='ocr_line' id='line_1_76' title="bbox 2166 3211 3741 3286; baseline 0.005 -24"><span class='ocrx_word' id='word_1_573' title='bbox 2166 3227 2266 3263; x_wconf 88' lang='grc' dir='ltr'><strong>που</strong></span> <span class='ocrx_word' id='word_1_574' title='bbox 2301 3211 2375 3282; x_wconf 87' lang='grc' dir='ltr'><strong>μὴ</strong></span> <span class='ocrx_word' id='word_1_575' title='bbox 2412 3214 2776 3284; x_wconf 83' lang='grc' dir='ltr'>ἐπισταμένου</span> <span class='ocrx_word' id='word_1_576' title='bbox 2806 3214 3110 3285; x_wconf 84' lang='grc' dir='ltr'>γράμματα</span> <span class='ocrx_word' id='word_1_577' title='bbox 3131 3232 3144 3244; x_wconf 96' lang='grc'><strong>·</strong></span> <span class='ocrx_word' id='word_1_578' title='bbox 3175 3217 3268 3269; x_wconf 79' lang='grc' dir='ltr'>καὶ</span> <span class='ocrx_word' id='word_1_579' title='bbox 3297 3218 3412 3286; x_wconf 79' lang='grc' dir='ltr'>ἐρεῖ</span> <span class='ocrx_word' id='word_1_580' title='bbox 3437 3216 3606 3286; x_wconf 84' lang='grc' dir='ltr'>αὐτῷ,</span> <span class='ocrx_word' id='word_1_581' title='bbox 3651 3217 3741 3270; x_wconf 83' lang='grc' dir='ltr'><strong>Ἀ-</strong></span> 
     </span>
    </p>
   </div>
   <div class='ocr_carea' id='block_1_77' title="bbox 2166 3303 3745 3377">
    <p class='ocr_par' dir='ltr' id='par_1_77' title="bbox 2166 3303 3745 3377">
     <span class='ocr_line' id='line_1_77' title="bbox 2166 3303 3745 3377; baseline 0.003 -21"><span class='ocrx_word' id='word_1_582' title='bbox 2166 3303 2398 3370; x_wconf 86' lang='grc' dir='ltr'>νάγνωοι</span> <span class='ocrx_word' id='word_1_583' title='bbox 2419 3304 2576 3357; x_wconf 81' lang='grc' dir='ltr'>τοῦτο</span> <span class='ocrx_word' id='word_1_584' title='bbox 2594 3321 2606 3334; x_wconf 92' lang='grc'><strong>·</strong></span> <span class='ocrx_word' id='word_1_585' title='bbox 2645 3305 2736 3357; x_wconf 77' lang='grc' dir='ltr'>καὶ</span> <span class='ocrx_word' id='word_1_586' title='bbox 2764 3307 2898 3376; x_wconf 86' lang='grc' dir='ltr'>ἐρεῖ,</span> <span class='ocrx_word' id='word_1_587' title='bbox 2924 3306 2997 3358; x_wconf 79' lang='grc' dir='ltr'><strong>Οὐ</strong></span> <span class='ocrx_word' id='word_1_588' title='bbox 3029 3306 3259 3377; x_wconf 88' lang='grc' dir='ltr'>δύναμαι</span> <span class='ocrx_word' id='word_1_589' title='bbox 3289 3307 3614 3375; x_wconf 88' lang='grc' dir='ltr'>ἀναγνῶναι,</span> <span class='ocrx_word' id='word_1_590' title='bbox 3641 3310 3745 3362; x_wconf 86' lang='grc' dir='ltr'>οὐκ</span> 
     </span>
    </p>
   </div>
   <div class='ocr_carea' id='block_1_78' title="bbox 2165 3394 3744 3472">
    <p class='ocr_par' dir='ltr' id='par_1_78' title="bbox 2165 3394 3744 3472">
     <span class='ocr_line' id='line_1_78' title="bbox 2165 3394 3744 3472; baseline 0.006 -27"><span class='ocrx_word' id='word_1_591' title='bbox 2165 3394 2460 3465; x_wconf 87' lang='grc' dir='ltr'>ἐπίσταμαι</span> <span class='ocrx_word' id='word_1_592' title='bbox 2491 3397 2812 3466; x_wconf 87' lang='grc' dir='ltr'>γράμματα.</span> <span class='ocrx_word' id='word_1_593' title='bbox 2838 3417 2854 3447; x_wconf 74' lang='grc' dir='ltr'><strong>ι</strong></span> <span class='ocrx_word' id='word_1_594' title='bbox 2886 3397 3135 3452; x_wconf 80' lang='grc' dir='ltr'>Τοιοῦτον</span> <span class='ocrx_word' id='word_1_595' title='bbox 3158 3397 3214 3451; x_wconf 81' lang='grc' dir='ltr'>δὲ</span> <span class='ocrx_word' id='word_1_596' title='bbox 3243 3399 3460 3453; x_wconf 77' lang='grc' dir='ltr'>ἔσεσθαι</span> <span class='ocrx_word' id='word_1_597' title='bbox 3487 3399 3577 3452; x_wconf 84' lang='grc' dir='ltr'>τὸν</span> <span class='ocrx_word' id='word_1_598' title='bbox 3607 3418 3744 3472; x_wconf 87' lang='grc' dir='ltr'>προ-</span> 
     </span>
    </p>
   </div>
   <div class='ocr_carea' id='block_1_79' title="bbox 2166 3487 3742 3562">
    <p class='ocr_par' dir='ltr' id='par_1_79' title="bbox 2166 3487 3742 3562">
     <span class='ocr_line' id='line_1_79' title="bbox 2166 3487 3742 3562; baseline 0.004 -22"><span class='ocrx_word' id='word_1_599' title='bbox 2166 3488 2391 3559; x_wconf 79' lang='grc' dir='ltr'>φητικὸν</span> <span class='ocrx_word' id='word_1_600' title='bbox 2427 3488 2570 3554; x_wconf 81' lang='grc' dir='ltr'>νοῦν,</span> <span class='ocrx_word' id='word_1_601' title='bbox 2604 3490 2664 3542; x_wconf 87' lang='grc' dir='ltr'><strong>ού</strong></span> <span class='ocrx_word' id='word_1_602' title='bbox 2696 3490 2860 3542; x_wconf 78' lang='grc' dir='ltr'>πᾶσιν</span> <span class='ocrx_word' id='word_1_603' title='bbox 2898 3487 3222 3561; x_wconf 86' lang='grc' dir='ltr'>ἀνθρώποις,</span> <span class='ocrx_word' id='word_1_604' title='bbox 3263 3490 3396 3544; x_wconf 85' lang='grc' dir='ltr'>ἀλλὰ</span> <span class='ocrx_word' id='word_1_605' title='bbox 3430 3491 3608 3562; x_wconf 89' lang='grc' dir='ltr'>μόνοις</span> <span class='ocrx_word' id='word_1_606' title='bbox 3637 3491 3742 3546; x_wconf 87' lang='grc' dir='ltr'>αύ-</span> 
     </span>
    </p>
   </div>
   <div class='ocr_carea' id='block_1_80' title="bbox 2165 3578 3746 3656">
    <p class='ocr_par' dir='ltr' id='par_1_80' title="bbox 2165 3578 3746 3656">
     <span class='ocr_line' id='line_1_80' title="bbox 2165 3578 3746 3656; baseline 0.004 -26"><span class='ocrx_word' id='word_1_607' title='bbox 2165 3582 2294 3644; x_wconf 85' lang='grc' dir='ltr'>τοῖς,</span> <span class='ocrx_word' id='word_1_608' title='bbox 2326 3579 2461 3650; x_wconf 84' lang='grc' dir='ltr'>πρὸς</span> <span class='ocrx_word' id='word_1_609' title='bbox 2487 3578 2579 3643; x_wconf 76' lang='grc' dir='ltr'>οὓς</span> <span class='ocrx_word' id='word_1_610' title='bbox 2605 3579 2776 3632; x_wconf 83' lang='grc' dir='ltr'>ταῦτα</span> <span class='ocrx_word' id='word_1_611' title='bbox 2809 3580 3141 3645; x_wconf 75' lang='grc' dir='ltr'>ἐθεσπίζετο.</span> <span class='ocrx_word' id='word_1_612' title='bbox 3171 3601 3188 3633; x_wconf 81' lang='lat' dir='ltr'><strong>t</strong></span> <span class='ocrx_word' id='word_1_613' title='bbox 3215 3582 3455 3653; x_wconf 89' lang='grc' dir='ltr'>Πρὸσχες</span> <span class='ocrx_word' id='word_1_614' title='bbox 3485 3582 3593 3656; x_wconf 86' lang='grc' dir='ltr'><strong>γὰρ</strong></span> <span class='ocrx_word' id='word_1_615' title='bbox 3621 3585 3746 3638; x_wconf 76' lang='grc' dir='ltr'>ἐπι-</span> 
     </span>
    </p>
   </div>
   <div class='ocr_carea' id='block_1_81' title="bbox 2169 3671 3744 3747">
    <p class='ocr_par' dir='ltr' id='par_1_81' title="bbox 2169 3671 3744 3747">
     <span class='ocr_line' id='line_1_81' title="bbox 2169 3671 3744 3747; baseline 0.004 -24"><span class='ocrx_word' id='word_1_616' title='bbox 2169 3671 2343 3742; x_wconf 89' lang='grc' dir='ltr'>μελῶς</span> <span class='ocrx_word' id='word_1_617' title='bbox 2359 3673 2504 3736; x_wconf 80' lang='grc' dir='ltr'>ὅπως</span> <span class='ocrx_word' id='word_1_618' title='bbox 2520 3673 2730 3744; x_wconf 76' lang='grc' dir='ltr'>εἴρηται</span> <span class='ocrx_word' id='word_1_619' title='bbox 2750 3689 2764 3703; x_wconf 96' lang='grc'><strong>·</strong></span> <span class='ocrx_word' id='word_1_620' title='bbox 2796 3673 2935 3728; x_wconf 77' lang='grc' dir='ltr'>ιΚαὶ</span> <span class='ocrx_word' id='word_1_621' title='bbox 2954 3672 3104 3727; x_wconf 78' lang='grc' dir='ltr'>ἐσται</span> <span class='ocrx_word' id='word_1_622' title='bbox 3122 3675 3247 3746; x_wconf 82' lang='grc' dir='ltr'>ὑμῖν</span> <span class='ocrx_word' id='word_1_623' title='bbox 3274 3675 3342 3730; x_wconf 84' lang='grc' dir='ltr'>τὰ</span> <span class='ocrx_word' id='word_1_624' title='bbox 3369 3677 3586 3747; x_wconf 73' lang='grc' dir='ltr'>ῥήματα</span> <span class='ocrx_word' id='word_1_625' title='bbox 3613 3676 3744 3731; x_wconf 80' lang='grc' dir='ltr'><strong>ταῦ-</strong></span> 
     </span>
    </p>
   </div>
   <div class='ocr_carea' id='block_1_82' title="bbox 2165 3763 3746 3840">
    <p class='ocr_par' dir='ltr' id='par_1_82' title="bbox 2165 3763 3746 3840">
     <span class='ocr_line' id='line_1_82' title="bbox 2165 3763 3746 3840; baseline 0.005 -24"><span class='ocrx_word' id='word_1_626' title='bbox 2165 3780 2234 3816; x_wconf 89' lang='grc' dir='ltr'><strong>τα</strong></span> <span class='ocrx_word' id='word_1_627' title='bbox 2253 3780 2265 3793; x_wconf 98' lang='grc'><strong>·</strong></span> <span class='ocrx_word' id='word_1_628' title='bbox 2292 3782 2309 3816; x_wconf 74' lang='grc' dir='ltr'><strong>ι</strong></span> <span class='ocrx_word' id='word_1_629' title='bbox 2332 3763 2460 3834; x_wconf 80' lang='grc' dir='ltr'>ὑμῖν</span> <span class='ocrx_word' id='word_1_630' title='bbox 2491 3765 2599 3835; x_wconf 85' lang='grc' dir='ltr'><strong>γάρ</strong></span> <span class='ocrx_word' id='word_1_631' title='bbox 2625 3781 2755 3836; x_wconf 85' lang='grc' dir='ltr'>φησι</span> <span class='ocrx_word' id='word_1_632' title='bbox 2785 3767 2896 3829; x_wconf 89' lang='grc' dir='ltr'>τοῖς</span> <span class='ocrx_word' id='word_1_633' title='bbox 2926 3765 3182 3837; x_wconf 79' lang='grc' dir='ltr'>παροῦσι,</span> <span class='ocrx_word' id='word_1_634' title='bbox 3219 3768 3312 3820; x_wconf 75' lang='grc' dir='ltr'>καὶ</span> <span class='ocrx_word' id='word_1_635' title='bbox 3343 3767 3529 3840; x_wconf 84' lang='grc' dir='ltr'>ὁρῶσι,</span> <span class='ocrx_word' id='word_1_636' title='bbox 3558 3770 3652 3824; x_wconf 75' lang='grc' dir='ltr'><strong>καὶ</strong></span> <span class='ocrx_word' id='word_1_637' title='bbox 3678 3772 3746 3824; x_wconf 81' lang='grc' dir='ltr'>ἀ-</span> 
     </span>
    </p>
   </div>
   <div class='ocr_carea' id='block_1_83' title="bbox 2168 3850 3743 3928">
    <p class='ocr_par' dir='ltr' id='par_1_83' title="bbox 2168 3850 3743 3928">
     <span class='ocr_line' id='line_1_83' title="bbox 2168 3850 3743 3928; baseline 0.004 -22"><span class='ocrx_word' id='word_1_638' title='bbox 2168 3852 2432 3909; x_wconf 87' lang='grc' dir='ltr'>κούουσιν.</span> <span class='ocrx_word' id='word_1_639' title='bbox 2477 3872 2495 3905; x_wconf 79' lang='grc' dir='ltr'><strong>ι</strong></span> <span class='ocrx_word' id='word_1_640' title='bbox 2521 3854 2578 3908; x_wconf 88' lang='lat' dir='ltr'><strong>&#39;O</strong></span> <span class='ocrx_word' id='word_1_641' title='bbox 2628 3854 2685 3907; x_wconf 82' lang='grc' dir='ltr'>δὲ</span> <span class='ocrx_word' id='word_1_642' title='bbox 2716 3853 2870 3922; x_wconf 84' lang='grc' dir='ltr'>λόγος</span> <span class='ocrx_word' id='word_1_643' title='bbox 2902 3850 2971 3927; x_wconf 77' lang='grc' dir='ltr'>ἦν</span> <span class='ocrx_word' id='word_1_644' title='bbox 3017 3856 3153 3928; x_wconf 74' lang='grc' dir='ltr'>πρὸς</span> <span class='ocrx_word' id='word_1_645' title='bbox 3184 3858 3490 3923; x_wconf 86' lang='grc' dir='ltr'>Ἰουδαίους,</span> <span class='ocrx_word' id='word_1_646' title='bbox 3525 3853 3606 3922; x_wconf 74' lang='grc' dir='ltr'>οἷς</span> <span class='ocrx_word' id='word_1_647' title='bbox 3649 3859 3743 3912; x_wconf 86' lang='grc' dir='ltr'>τὸν</span> 
     </span>
    </p>
   </div>
   <div class='ocr_carea' id='block_1_84' title="bbox 2167 3942 3745 4016">
    <p class='ocr_par' dir='ltr' id='par_1_84' title="bbox 2167 3942 3745 4016">
     <span class='ocr_line' id='line_1_84' title="bbox 2167 3942 3745 4016; baseline 0.005 -20"><span class='ocrx_word' id='word_1_648' title='bbox 2167 3942 2291 3996; x_wconf 82' lang='grc' dir='ltr'>νούν</span> <span class='ocrx_word' id='word_1_649' title='bbox 2323 3946 2420 4016; x_wconf 76' lang='grc' dir='ltr'>τῆς</span> <span class='ocrx_word' id='word_1_650' title='bbox 2454 3944 2786 4015; x_wconf 82' lang='grc' dir='ltr'>προφητείας</span> <span class='ocrx_word' id='word_1_651' title='bbox 2815 3945 3088 4014; x_wconf 81' lang='grc' dir='ltr'>ἄγνωστον</span> <span class='ocrx_word' id='word_1_652' title='bbox 3123 3948 3468 4012; x_wconf 72' lang='grc' dir='ltr'>ὑποκαταϐὰς</span> <span class='ocrx_word' id='word_1_653' title='bbox 3503 3950 3745 4004; x_wconf 83' lang='grc' dir='ltr'>διδάσκει</span> 
     </span>
    </p>
   </div>
   <div class='ocr_carea' id='block_1_85' title="bbox 2167 4029 3744 4114">
    <p class='ocr_par' dir='ltr' id='par_1_85' title="bbox 2167 4029 3744 4114">
     <span class='ocr_line' id='line_1_85' title="bbox 2167 4029 3744 4114; baseline 0.004 -24"><span class='ocrx_word' id='word_1_654' title='bbox 2167 4037 2232 4090; x_wconf 83' lang='grc' dir='ltr'><strong>δι’</strong></span> <span class='ocrx_word' id='word_1_655' title='bbox 2266 4029 2341 4091; x_wconf 83' lang='grc' dir='ltr'><strong>ὧν</strong></span> <span class='ocrx_word' id='word_1_656' title='bbox 2370 4036 2645 4106; x_wconf 82' lang='grc' dir='ltr'>ἐπιλέγει·</span> <span class='ocrx_word' id='word_1_657' title='bbox 2685 4058 2703 4090; x_wconf 77' lang='grc' dir='ltr'><strong>ι</strong></span> <span class='ocrx_word' id='word_1_658' title='bbox 2725 4040 2835 4092; x_wconf 77' lang='lat' dir='ltr'><strong>Kal</strong></span> <span class='ocrx_word' id='word_1_659' title='bbox 2861 4040 3180 4094; x_wconf 84' lang='grc' dir='ltr'>ἀκούσονται</span> <span class='ocrx_word' id='word_1_660' title='bbox 3211 4042 3267 4095; x_wconf 87' lang='grc' dir='ltr'><strong>ἐν</strong></span> <span class='ocrx_word' id='word_1_661' title='bbox 3285 4043 3352 4112; x_wconf 83' lang='grc' dir='ltr'><strong>τῇ</strong></span> <span class='ocrx_word' id='word_1_662' title='bbox 3387 4042 3568 4114; x_wconf 71' lang='grc' dir='ltr'>ἡμέρᾳ</span> <span class='ocrx_word' id='word_1_663' title='bbox 3596 4044 3744 4096; x_wconf 83' lang='grc' dir='ltr'>ἐκεί-</span> 
     </span>
    </p>
   </div>
   <div class='ocr_carea' id='block_1_86' title="bbox 2169 4130 3744 4206">
    <p class='ocr_par' dir='ltr' id='par_1_86' title="bbox 2169 4130 3744 4206">
     <span class='ocr_line' id='line_1_86' title="bbox 2169 4130 3744 4206; baseline 0.004 -23"><span class='ocrx_word' id='word_1_664' title='bbox 2169 4144 2235 4202; x_wconf 81' lang='grc' dir='ltr'>νῃ</span> <span class='ocrx_word' id='word_1_665' title='bbox 2263 4132 2440 4201; x_wconf 62' lang='grc' dir='ltr'><strong>κωφοὶ¹</strong></span> <span class='ocrx_word' id='word_1_666' title='bbox 2466 4130 2654 4200; x_wconf 88' lang='grc' dir='ltr'>λόγους</span> <span class='ocrx_word' id='word_1_667' title='bbox 2689 4131 2915 4202; x_wconf 87' lang='grc' dir='ltr'>βιϐλίου,</span> <span class='ocrx_word' id='word_1_668' title='bbox 2947 4135 3039 4189; x_wconf 71' lang='grc' dir='ltr'><strong>καὶ</strong></span> <span class='ocrx_word' id='word_1_669' title='bbox 3065 4134 3328 4206; x_wconf 77' lang='grc' dir='ltr'>ὀφθαλμοὶ</span> <span class='ocrx_word' id='word_1_670' title='bbox 3350 4134 3564 4204; x_wconf 84' lang='grc' dir='ltr'>τυφλῶν</span> <span class='ocrx_word' id='word_1_671' title='bbox 3584 4134 3744 4203; x_wconf 75' lang='grc' dir='ltr'>ὄψον-</span> 
     </span>
    </p>
   </div>
   <div class='ocr_carea' id='block_1_87' title="bbox 2169 4223 2915 4292">
    <p class='ocr_par' dir='ltr' id='par_1_87' title="bbox 2169 4223 2915 4292">
     <span class='ocr_line' id='line_1_87' title="bbox 2169 4223 2915 4292; baseline 0.005 -18"><span class='ocrx_word' id='word_1_672' title='bbox 2169 4239 2278 4287; x_wconf 88' lang='grc' dir='ltr'>ται,</span> <span class='ocrx_word' id='word_1_673' title='bbox 2308 4224 2400 4278; x_wconf 77' lang='grc' dir='ltr'>καὶ</span> <span class='ocrx_word' id='word_1_674' title='bbox 2429 4223 2862 4292; x_wconf 86' lang='grc' dir='ltr'>ἀγαλλιάσονται.</span> <span class='ocrx_word' id='word_1_675' title='bbox 2896 4245 2915 4278; x_wconf 84' lang='grc'><strong>›</strong></span> 
     </span>
    </p>
   </div>
   <div class='ocr_carea' id='block_1_88' title="bbox 2249 4309 3746 4387">
    <p class='ocr_par' dir='ltr' id='par_1_88' title="bbox 2249 4309 3746 4387">
     <span class='ocr_line' id='line_1_88' title="bbox 2249 4309 3746 4387; baseline 0.003 -21"><span class='ocrx_word' id='word_1_676' title='bbox 2249 4333 2267 4366; x_wconf 77' lang='grc' dir='ltr'><strong>ι</strong></span> <span class='ocrx_word' id='word_1_677' title='bbox 2290 4316 2399 4369; x_wconf 76' lang='grc' dir='ltr'><strong>Καὶ</strong></span> <span class='ocrx_word' id='word_1_678' title='bbox 2427 4311 2546 4369; x_wconf 73' lang='grc' dir='ltr'>εἷπε</span> <span class='ocrx_word' id='word_1_679' title='bbox 2589 4316 2792 4387; x_wconf 80' lang='grc' dir='ltr'>Κύριος</span> <span class='ocrx_word' id='word_1_680' title='bbox 2814 4333 2828 4346; x_wconf 94' lang='grc'><strong>·</strong></span> <span class='ocrx_word' id='word_1_681' title='bbox 2886 4315 3120 4385; x_wconf 80' lang='grc' dir='ltr'>Ἐγγίζει</span> <span class='ocrx_word' id='word_1_682' title='bbox 3149 4334 3239 4386; x_wconf 88' lang='grc' dir='ltr'><strong>μοι</strong></span> <span class='ocrx_word' id='word_1_683' title='bbox 3263 4318 3291 4370; x_wconf 83' lang='grc' dir='ltr'><strong>ό</strong></span> <span class='ocrx_word' id='word_1_684' title='bbox 3323 4315 3451 4381; x_wconf 81' lang='grc' dir='ltr'>λαὸς</span> <span class='ocrx_word' id='word_1_685' title='bbox 3492 4309 3645 4381; x_wconf 73' lang='grc' dir='ltr'>οὗτος</span> <span class='ocrx_word' id='word_1_686' title='bbox 3685 4318 3746 4371; x_wconf 82' lang='grc' dir='ltr'>ἐν</span> 
     </span>
    </p>
   </div>
   <div class='ocr_carea' id='block_1_89' title="bbox 2173 4407 3748 4480">
    <p class='ocr_par' dir='ltr' id='par_1_89' title="bbox 2173 4407 3748 4480">
     <span class='ocr_line' id='line_1_89' title="bbox 2173 4407 3748 4480; baseline 0.002 -20"><span class='ocrx_word' id='word_1_687' title='bbox 2173 4407 2250 4478; x_wconf 78' lang='grc' dir='ltr'>τῷ</span> <span class='ocrx_word' id='word_1_688' title='bbox 2284 4407 2511 4478; x_wconf 87' lang='grc' dir='ltr'>στόματι</span> <span class='ocrx_word' id='word_1_689' title='bbox 2543 4408 2728 4471; x_wconf 80' lang='grc' dir='ltr'>αὐτοῦ,</span> <span class='ocrx_word' id='word_1_690' title='bbox 2756 4408 2848 4461; x_wconf 74' lang='grc' dir='ltr'><strong>καὶ</strong></span> <span class='ocrx_word' id='word_1_691' title='bbox 2885 4409 2942 4461; x_wconf 71' lang='grc' dir='ltr'>ἐν</span> <span class='ocrx_word' id='word_1_692' title='bbox 2965 4412 3079 4471; x_wconf 88' lang='grc' dir='ltr'>τοῖς</span> <span class='ocrx_word' id='word_1_693' title='bbox 3108 4409 3338 4479; x_wconf 79' lang='grc' dir='ltr'>χείλεσιν</span> <span class='ocrx_word' id='word_1_694' title='bbox 3364 4409 3541 4463; x_wconf 85' lang='grc' dir='ltr'>αὐτῶν</span> <span class='ocrx_word' id='word_1_695' title='bbox 3569 4410 3714 4480; x_wconf 86' lang='grc' dir='ltr'>τιμῶ</span> <span class='ocrx_word' id='word_1_696' title='bbox 3741 4445 3748 4451; x_wconf 91' lang='grc'><strong>-</strong></span> 
     </span>
    </p>
   </div>
   <div class='ocr_carea' id='block_1_90' title="bbox 510 4477 2062 4574">
    <p class='ocr_par' dir='ltr' id='par_1_90' title="bbox 510 4486 2062 4559">
     <span class='ocr_line' id='line_1_90' title="bbox 510 4486 2062 4559; baseline 0.005 -15"><span class='ocrx_word' id='word_1_697' title='bbox 510 4502 607 4544; x_wconf 90' lang='lat' dir='ltr'><strong>cor</strong></span> <span class='ocrx_word' id='word_1_698' title='bbox 634 4497 813 4542; x_wconf 92' lang='lat' dir='ltr'><strong>autem</strong></span> <span class='ocrx_word' id='word_1_699' title='bbox 836 4501 1024 4542; x_wconf 87' lang='lat' dir='ltr'><strong>eorum</strong></span> <span class='ocrx_word' id='word_1_700' title='bbox 1054 4486 1208 4559; x_wconf 82' lang='lat' dir='ltr'><strong>longe</strong></span> <span class='ocrx_word' id='word_1_701' title='bbox 1235 4500 1315 4544; x_wconf 88' lang='lat' dir='ltr'><strong>est</strong></span> <span class='ocrx_word' id='word_1_702' title='bbox 1335 4506 1364 4544; x_wconf 93' lang='lat' dir='ltr'><strong>a</strong></span> <span class='ocrx_word' id='word_1_703' title='bbox 1384 4506 1489 4546; x_wconf 92' lang='lat' dir='ltr'><strong>me.</strong></span> <span class='ocrx_word' id='word_1_704' title='bbox 1519 4490 1742 4547; x_wconf 84' lang='lat' dir='ltr'><strong>Frustra</strong></span> <span class='ocrx_word' id='word_1_705' title='bbox 1768 4505 1948 4550; x_wconf 90' lang='lat' dir='ltr'><strong>autem</strong></span> <span class='ocrx_word' id='word_1_706' title='bbox 1975 4510 2062 4550; x_wconf 92' lang='lat' dir='ltr'><strong>co-</strong></span> 
     </span>
    </p>
   </div>
   <div class='ocr_carea' id='block_1_91' title="bbox 2165 4477 3744 4574">
    <p class='ocr_par' dir='ltr' id='par_1_91' title="bbox 2173 4477 3744 4574">
     <span class='ocr_line' id='line_1_91' title="bbox 2173 4477 3744 4574; baseline 0.003 -21"><span class='ocrx_word' id='word_1_707' title='bbox 2173 4477 2228 4553; x_wconf 90' lang='grc' dir='ltr'><strong>σί</strong></span> <span class='ocrx_word' id='word_1_708' title='bbox 2259 4517 2356 4570; x_wconf 85' lang='grc' dir='ltr'><strong>με·</strong></span> <span class='ocrx_word' id='word_1_709' title='bbox 2392 4502 2425 4570; x_wconf 78' lang='grc' dir='ltr'>ἡ</span> <span class='ocrx_word' id='word_1_710' title='bbox 2454 4500 2520 4570; x_wconf 28' lang='grc' dir='ltr'>,δὲ</span> <span class='ocrx_word' id='word_1_711' title='bbox 2558 4500 2753 4571; x_wconf 85' lang='grc' dir='ltr'>καρδία</span> <span class='ocrx_word' id='word_1_712' title='bbox 2784 4501 2963 4554; x_wconf 83' lang='grc' dir='ltr'>αύτῶν</span> <span class='ocrx_word' id='word_1_713' title='bbox 3004 4477 3192 4572; x_wconf 12' lang='grc' dir='ltr'>πόρῗβω</span> <span class='ocrx_word' id='word_1_714' title='bbox 3219 4503 3411 4572; x_wconf 84' lang='grc' dir='ltr'>ἀπέχει</span> <span class='ocrx_word' id='word_1_715' title='bbox 3456 4504 3550 4556; x_wconf 78' lang='grc' dir='ltr'><strong>ἀπ’</strong></span> <span class='ocrx_word' id='word_1_716' title='bbox 3586 4477 3744 4574; x_wconf 78' lang='grc' dir='ltr'>ἐμοῦ.</span> 
     </span>
    </p>
   </div>
   <div class='ocr_carea' id='block_1_92' title="bbox 501 4579 2072 4654">
    <p class='ocr_par' dir='ltr' id='par_1_92' title="bbox 501 4579 2072 4654">
     <span class='ocr_line' id='line_1_92' title="bbox 501 4579 2072 4654; baseline 0.006 -21"><span class='ocrx_word' id='word_1_717' title='bbox 501 4581 629 4634; x_wconf 63' lang='grc' dir='ltr'>Ἰιιηι</span> <span class='ocrx_word' id='word_1_718' title='bbox 662 4595 767 4645; x_wconf 90' lang='lat' dir='ltr'><strong>me,</strong></span> <span class='ocrx_word' id='word_1_719' title='bbox 793 4579 1046 4635; x_wconf 91' lang='lat' dir='ltr'><strong>docentes</strong></span> <span class='ocrx_word' id='word_1_720' title='bbox 1071 4592 1342 4650; x_wconf 70' lang='lat' dir='ltr'><strong>prmcepta</strong></span> <span class='ocrx_word' id='word_1_721' title='bbox 1366 4583 1670 4651; x_wconf 88' lang='lat' dir='ltr'><strong>hominum,</strong></span> <span class='ocrx_word' id='word_1_722' title='bbox 1687 4595 1850 4654; x_wconf 86' lang='lat' dir='ltr'><strong>atque</strong></span> <span class='ocrx_word' id='word_1_723' title='bbox 1874 4588 2072 4642; x_wconf 91' lang='lat' dir='ltr'><strong>doctri-</strong></span> 
     </span>
    </p>
   </div>
   <div class='ocr_carea' id='block_1_93' title="bbox 515 4670 2072 4747">
    <p class='ocr_par' dir='ltr' id='par_1_93' title="bbox 515 4670 2072 4747">
     <span class='ocr_line' id='line_1_93' title="bbox 515 4670 2072 4747; baseline 0.006 -23"><span class='ocrx_word' id='word_1_724' title='bbox 515 4687 633 4725; x_wconf 89' lang='lat' dir='ltr'><strong>nas.</strong></span> <span class='ocrx_word' id='word_1_725' title='bbox 655 4671 966 4740; x_wconf 88' lang='lat' dir='ltr'><strong>Propterea,</strong></span> <span class='ocrx_word' id='word_1_726' title='bbox 984 4685 1110 4726; x_wconf 88' lang='lat' dir='ltr'><strong>eccc</strong></span> <span class='ocrx_word' id='word_1_727' title='bbox 1134 4670 1380 4739; x_wconf 86' lang='lat' dir='ltr'><strong>adjiciam</strong></span> <span class='ocrx_word' id='word_1_728' title='bbox 1404 4683 1461 4727; x_wconf 90' lang='lat' dir='ltr'><strong>ut</strong></span> <span class='ocrx_word' id='word_1_729' title='bbox 1480 4675 1798 4731; x_wconf 84' lang='lat' dir='ltr'><strong>transferam</strong></span> <span class='ocrx_word' id='word_1_730' title='bbox 1817 4680 2072 4747; x_wconf 91' lang='lat' dir='ltr'><strong>populum</strong></span> 
     </span>
    </p>
   </div>
   <div class='ocr_carea' id='block_1_94' title="bbox 501 4762 2074 4835">
    <p class='ocr_par' dir='ltr' id='par_1_94' title="bbox 501 4762 2074 4835">
     <span class='ocr_line' id='line_1_94' title="bbox 501 4762 2074 4835; baseline 0.004 -18"><span class='ocrx_word' id='word_1_731' title='bbox 501 4763 680 4828; x_wconf 76' lang='lat' dir='ltr'><strong>&#39;hunc,</strong></span> <span class='ocrx_word' id='word_1_732' title='bbox 711 4774 765 4818; x_wconf 91' lang='lat' dir='ltr'><strong>et</strong></span> <span class='ocrx_word' id='word_1_733' title='bbox 787 4762 1113 4817; x_wconf 80' lang='lat' dir='ltr'><strong>transferam</strong></span> <span class='ocrx_word' id='word_1_734' title='bbox 1142 4777 1286 4817; x_wconf 84' lang='lat' dir='ltr'><strong>eum.</strong></span> <span class='ocrx_word' id='word_1_735' title='bbox 1324 4782 1342 4814; x_wconf 72' lang='grc' dir='ltr'><strong>ι</strong></span> <span class='ocrx_word' id='word_1_736' title='bbox 1375 4762 1442 4817; x_wconf 86' lang='grc' dir='ltr'>Ει</span> <span class='ocrx_word' id='word_1_737' title='bbox 1471 4766 1595 4834; x_wconf 90' lang='lat' dir='ltr'><strong>quia</strong></span> <span class='ocrx_word' id='word_1_738' title='bbox 1625 4767 1947 4835; x_wconf 82' lang='lat' dir='ltr'><strong>sapientiam</strong></span> <span class='ocrx_word' id='word_1_739' title='bbox 1979 4769 2074 4824; x_wconf 84' lang='lat' dir='ltr'><strong>ho-</strong></span> 
     </span>
    </p>
   </div>
   <div class='ocr_carea' id='block_1_95' title="bbox 517 4855 2072 4929">
    <p class='ocr_par' dir='ltr' id='par_1_95' title="bbox 517 4855 2072 4929">
     <span class='ocr_line' id='line_1_95' title="bbox 517 4855 2072 4929; baseline 0.005 -18"><span class='ocrx_word' id='word_1_740' title='bbox 517 4858 718 4912; x_wconf 88' lang='lat' dir='ltr'><strong>minum</strong></span> <span class='ocrx_word' id='word_1_741' title='bbox 747 4855 1064 4926; x_wconf 67' lang='lat' dir='ltr'><strong>praeferunt,</strong></span> <span class='ocrx_word' id='word_1_742' title='bbox 1090 4857 1213 4911; x_wconf 88' lang='lat' dir='ltr'><strong>dum</strong></span> <span class='ocrx_word' id='word_1_743' title='bbox 1243 4858 1456 4913; x_wconf 88' lang='lat' dir='ltr'><strong>interim</strong></span> <span class='ocrx_word' id='word_1_744' title='bbox 1482 4861 1799 4929; x_wconf 85' lang='lat' dir='ltr'><strong>sapientiam</strong></span> <span class='ocrx_word' id='word_1_745' title='bbox 1830 4872 1884 4914; x_wconf 88' lang='lat' dir='ltr'><strong>et</strong></span> <span class='ocrx_word' id='word_1_746' title='bbox 1911 4866 2072 4918; x_wconf 87' lang='lat' dir='ltr'><strong>verba</strong></span> 
     </span>
    </p>
   </div>
   <div class='ocr_carea' id='block_1_96' title="bbox 515 4950 2075 5022">
    <p class='ocr_par' dir='ltr' id='par_1_96' title="bbox 515 4950 2075 5022">
     <span class='ocr_line' id='line_1_96' title="bbox 515 4950 2075 5022; baseline 0.004 -19"><span class='ocrx_word' id='word_1_747' title='bbox 515 4966 633 5004; x_wconf 88' lang='lat' dir='ltr'><strong>mea</strong></span> <span class='ocrx_word' id='word_1_748' title='bbox 664 4960 1022 5016; x_wconf 87' lang='lat' dir='ltr'><strong>aversantur;</strong></span> <span class='ocrx_word' id='word_1_749' title='bbox 1061 4950 1192 5003; x_wconf 90' lang='lat' dir='ltr'><strong>alias</strong></span> <span class='ocrx_word' id='word_1_750' title='bbox 1211 4964 1336 5006; x_wconf 86' lang='lat' dir='ltr'><strong>vero</strong></span> <span class='ocrx_word' id='word_1_751' title='bbox 1364 4953 1622 5022; x_wconf 86' lang='lat' dir='ltr'><strong>quasdam</strong></span> <span class='ocrx_word' id='word_1_752' title='bbox 1653 4954 1924 5009; x_wconf 86' lang='lat' dir='ltr'><strong>seniorum</strong></span> <span class='ocrx_word' id='word_1_753' title='bbox 1958 4971 2075 5010; x_wconf 86' lang='lat' dir='ltr'><strong>suo—</strong></span> 
     </span>
    </p>
   </div>
   <div class='ocr_carea' id='block_1_97' title="bbox 505 5041 2070 5114">
    <p class='ocr_par' dir='ltr' id='par_1_97' title="bbox 505 5041 2070 5114">
     <span class='ocr_line' id='line_1_97' title="bbox 505 5041 2070 5114; baseline 0.005 -21"><span class='ocrx_word' id='word_1_754' title='bbox 505 5055 636 5094; x_wconf 74' lang='lat' dir='ltr'><strong>&#39;rutn</strong></span> <span class='ocrx_word' id='word_1_755' title='bbox 664 5042 976 5097; x_wconf 87' lang='lat' dir='ltr'><strong>traditiones</strong></span> <span class='ocrx_word' id='word_1_756' title='bbox 999 5082 1012 5105; x_wconf 93' lang='lat'><strong>,</strong></span> <span class='ocrx_word' id='word_1_757' title='bbox 1050 5056 1111 5095; x_wconf 91' lang='lat' dir='ltr'><strong>ac</strong></span> <span class='ocrx_word' id='word_1_758' title='bbox 1156 5041 1202 5096; x_wconf 93' lang='lat' dir='ltr'><strong>si</strong></span> <span class='ocrx_word' id='word_1_759' title='bbox 1246 5042 1570 5112; x_wconf 89' lang='lat' dir='ltr'><strong>sapientium</strong></span> <span class='ocrx_word' id='word_1_760' title='bbox 1599 5045 1834 5100; x_wconf 89' lang='lat' dir='ltr'><strong>virorum</strong></span> <span class='ocrx_word' id='word_1_761' title='bbox 1870 5055 2070 5114; x_wconf 91' lang='lat' dir='ltr'><strong>essent,</strong></span> 
     </span>
    </p>
   </div>
   <div class='ocr_carea' id='block_1_98' title="bbox 519 5133 2075 5204">
    <p class='ocr_par' dir='ltr' id='par_1_98' title="bbox 519 5133 2075 5204">
     <span class='ocr_line' id='line_1_98' title="bbox 519 5133 2075 5204; baseline 0.004 -16"><span class='ocrx_word' id='word_1_762' title='bbox 519 5145 922 5202; x_wconf 86' lang='lat' dir='ltr'><strong>consectantur,</strong></span> <span class='ocrx_word' id='word_1_763' title='bbox 948 5133 1068 5191; x_wconf 89' lang='lat' dir='ltr'><strong>ideo</strong></span> <span class='ocrx_word' id='word_1_764' title='bbox 1098 5133 1405 5204; x_wconf 87' lang='lat' dir='ltr'><strong>Scripturas</strong></span> <span class='ocrx_word' id='word_1_765' title='bbox 1434 5133 1650 5203; x_wconf 91' lang='lat' dir='ltr'><strong>quidem</strong></span> <span class='ocrx_word' id='word_1_766' title='bbox 1683 5152 1831 5193; x_wconf 87' lang='lat' dir='ltr'><strong>meas</strong></span> <span class='ocrx_word' id='word_1_767' title='bbox 1859 5154 1964 5194; x_wconf 91' lang='lat' dir='ltr'><strong>non</strong></span> <span class='ocrx_word' id='word_1_768' title='bbox 1995 5141 2075 5195; x_wconf 92' lang='lat' dir='ltr'><strong>in-</strong></span> 
     </span>
    </p>
   </div>
   <div class='ocr_carea' id='block_1_99' title="bbox 510 5225 2070 5303">
    <p class='ocr_par' dir='ltr' id='par_1_99' title="bbox 510 5225 2070 5303">
     <span class='ocr_line' id='line_1_99' title="bbox 510 5225 2070 5303; baseline 0.007 -23"><span class='ocrx_word' id='word_1_769' title='bbox 510 5225 760 5292; x_wconf 78' lang='lat' dir='ltr'><strong>telligent</strong></span> <span class='ocrx_word' id='word_1_770' title='bbox 820 5246 833 5282; x_wconf 90' lang='lat'><strong>:</strong></span> <span class='ocrx_word' id='word_1_771' title='bbox 909 5248 924 5279; x_wconf 84' lang='grc' dir='ltr'><strong>ι</strong></span> <span class='ocrx_word' id='word_1_772' title='bbox 981 5229 1091 5299; x_wconf 87' lang='lat' dir='ltr'><strong>Ego</strong></span> <span class='ocrx_word' id='word_1_773' title='bbox 1163 5243 1292 5283; x_wconf 88' lang='lat' dir='ltr'><strong>vero</strong></span> <span class='ocrx_word' id='word_1_774' title='bbox 1358 5228 1676 5298; x_wconf 84' lang='lat' dir='ltr'><strong>sapientiam</strong></span> <span class='ocrx_word' id='word_1_775' title='bbox 1751 5235 2070 5303; x_wconf 86' lang='lat' dir='ltr'><strong>sapientium</strong></span> 
     </span>
    </p>
   </div>
   <div class='ocr_carea' id='block_1_100' title="bbox 518 5316 2074 5387">
    <p class='ocr_par' dir='ltr' id='par_1_100' title="bbox 518 5316 2074 5387">
     <span class='ocr_line' id='line_1_100' title="bbox 518 5316 2074 5387; baseline 0.005 -18"><span class='ocrx_word' id='word_1_776' title='bbox 518 5316 728 5369; x_wconf 90' lang='lat' dir='ltr'><strong>illorum</strong></span> <span class='ocrx_word' id='word_1_777' title='bbox 770 5319 986 5385; x_wconf 89' lang='lat' dir='ltr'><strong>perdam</strong></span> <span class='ocrx_word' id='word_1_778' title='bbox 1011 5358 1026 5382; x_wconf 90' lang='lat'><strong>,</strong></span> <span class='ocrx_word' id='word_1_779' title='bbox 1061 5329 1114 5372; x_wconf 85' lang='lat' dir='ltr'><strong>et</strong></span> <span class='ocrx_word' id='word_1_780' title='bbox 1163 5317 1500 5387; x_wconf 87' lang='lat' dir='ltr'><strong>prudentiam</strong></span> <span class='ocrx_word' id='word_1_781' title='bbox 1550 5319 1873 5387; x_wconf 89' lang='lat' dir='ltr'><strong>prudentum</strong></span> <span class='ocrx_word' id='word_1_782' title='bbox 1915 5323 2074 5377; x_wconf 87' lang='lat' dir='ltr'><strong>abro-</strong></span> 
     </span>
    </p>
   </div>
   <div class='ocr_carea' id='block_1_101' title="bbox 512 5410 728 5478">
    <p class='ocr_par' dir='ltr' id='par_1_101' title="bbox 512 5410 728 5478">
     <span class='ocr_line' id='line_1_101' title="bbox 512 5410 728 5478; baseline -0.014 -17"><span class='ocrx_word' id='word_1_783' title='bbox 512 5410 674 5478; x_wconf 79' lang='lat' dir='ltr'><strong>gabo.</strong></span> <span class='ocrx_word' id='word_1_784' title='bbox 711 5426 728 5458; x_wconf 73' lang='grc' dir='ltr'><strong>ι</strong></span> 
     </span>
    </p>
   </div>
   <div class='ocr_carea' id='block_1_102' title="bbox 593 5496 2076 5576">
    <p class='ocr_par' dir='ltr' id='par_1_102' title="bbox 593 5496 2076 5576">
     <span class='ocr_line' id='line_1_102' title="bbox 593 5496 2076 5576; baseline 0.009 -26"><span class='ocrx_word' id='word_1_785' title='bbox 593 5496 753 5552; x_wconf 77' lang='lat' dir='ltr'><strong>Vsus.</strong></span> <span class='ocrx_word' id='word_1_786' title='bbox 786 5498 874 5555; x_wconf 80' lang='lat' dir='ltr'><strong>l5.</strong></span> <span class='ocrx_word' id='word_1_787' title='bbox 909 5517 926 5549; x_wconf 78' lang='grc' dir='ltr'><strong>ι</strong></span> <span class='ocrx_word' id='word_1_788' title='bbox 958 5499 1048 5555; x_wconf 69' lang='lat' dir='ltr'><strong>Va:</strong></span> <span class='ocrx_word' id='word_1_789' title='bbox 1080 5504 1170 5571; x_wconf 87' lang='lat' dir='ltr'><strong>qui</strong></span> <span class='ocrx_word' id='word_1_790' title='bbox 1205 5504 1526 5574; x_wconf 84' lang='lat' dir='ltr'><strong>profundum</strong></span> <span class='ocrx_word' id='word_1_791' title='bbox 1557 5507 1840 5564; x_wconf 84' lang='lat' dir='ltr'><strong>consiliqu</strong></span> <span class='ocrx_word' id='word_1_792' title='bbox 1872 5508 2076 5576; x_wconf 86' lang='lat' dir='ltr'><strong>ineunt,</strong></span> 
     </span>
    </p>
   </div>
   <div class='ocr_carea' id='block_1_103' title="bbox 519 5591 2077 5664">
    <p class='ocr_par' dir='ltr' id='par_1_103' title="bbox 519 5591 2077 5664">
     <span class='ocr_line' id='line_1_103' title="bbox 519 5591 2077 5664; baseline 0.008 -21"><span class='ocrx_word' id='word_1_793' title='bbox 519 5601 571 5644; x_wconf 85' lang='lat' dir='ltr'><strong>et</strong></span> <span class='ocrx_word' id='word_1_794' title='bbox 603 5607 704 5644; x_wconf 91' lang='lat' dir='ltr'><strong>non</strong></span> <span class='ocrx_word' id='word_1_795' title='bbox 740 5607 833 5661; x_wconf 83' lang='lat' dir='ltr'><strong>per</strong></span> <span class='ocrx_word' id='word_1_796' title='bbox 874 5591 1058 5647; x_wconf 89' lang='lat' dir='ltr'><strong>Deum.</strong></span> <span class='ocrx_word' id='word_1_797' title='bbox 1091 5592 1182 5649; x_wconf 75' lang='lat' dir='ltr'><strong>Vae</strong></span> <span class='ocrx_word' id='word_1_798' title='bbox 1215 5599 1304 5664; x_wconf 85' lang='lat' dir='ltr'><strong>qui</strong></span> <span class='ocrx_word' id='word_1_799' title='bbox 1350 5599 1404 5653; x_wconf 91' lang='lat' dir='ltr'><strong>in</strong></span> <span class='ocrx_word' id='word_1_800' title='bbox 1449 5599 1765 5657; x_wconf 84' lang='lat' dir='ltr'><strong>abscondito</strong></span> <span class='ocrx_word' id='word_1_801' title='bbox 1790 5600 2077 5657; x_wconf 85' lang='lat' dir='ltr'><strong>consilium</strong></span> 
     </span>
    </p>
   </div>
   <div class='ocr_carea' id='block_1_104' title="bbox 592 5705 2076 5788">
    <p class='ocr_par' dir='ltr' id='par_1_104' title="bbox 592 5705 2076 5788">
     <span class='ocr_line' id='line_1_104' title="bbox 592 5705 2076 5788; baseline 0.006 -27"><span class='ocrx_word' id='word_1_802' title='bbox 592 5707 701 5778; x_wconf 53' lang='grc'><strong>(35)</strong></span> <span class='ocrx_word' id='word_1_803' title='bbox 723 5705 1012 5777; x_wconf 66' lang='lat' dir='ltr'><strong>Legexatdz</strong></span> <span class='ocrx_word' id='word_1_804' title='bbox 1022 5707 1144 5770; x_wconf 85' lang='grc' dir='ltr'>τοὺς</span> <span class='ocrx_word' id='word_1_805' title='bbox 1162 5706 1377 5781; x_wconf 76' lang='grc' dir='ltr'>ὕπνους,</span> <span class='ocrx_word' id='word_1_806' title='bbox 1395 5712 1676 5788; x_wconf 47' lang='grc' dir='ltr'>νεΙέν-τοῖς</span> <span class='ocrx_word' id='word_1_807' title='bbox 1699 5714 1902 5779; x_wconf 79' lang='grc' dir='ltr'>ὕπνοις.</span> <span class='ocrx_word' id='word_1_808' title='bbox 1921 5713 2076 5771; x_wconf 82' lang='lat' dir='ltr'><strong>Em.</strong></span> 
     </span>
    </p>
   </div>
   <div class='ocr_carea' id='block_1_105' title="bbox 2170 4591 3748 4666">
    <p class='ocr_par' dir='ltr' id='par_1_105' title="bbox 2170 4591 3748 4666">
     <span class='ocr_line' id='line_1_105' title="bbox 2170 4591 3748 4666; baseline 0.001 -20"><span class='ocrx_word' id='word_1_809' title='bbox 2170 4592 2360 4660; x_wconf 86' lang='grc' dir='ltr'>Μάτην</span> <span class='ocrx_word' id='word_1_810' title='bbox 2389 4591 2445 4644; x_wconf 85' lang='grc' dir='ltr'>δὲ</span> <span class='ocrx_word' id='word_1_811' title='bbox 2470 4591 2713 4645; x_wconf 89' lang='grc' dir='ltr'>σέϐονταί</span> <span class='ocrx_word' id='word_1_812' title='bbox 2740 4610 2827 4663; x_wconf 85' lang='grc' dir='ltr'><strong>με,</strong></span> <span class='ocrx_word' id='word_1_813' title='bbox 2849 4592 3190 4657; x_wconf 84' lang='grc' dir='ltr'>διδάσκοντες</span> <span class='ocrx_word' id='word_1_814' title='bbox 3211 4594 3514 4665; x_wconf 74' lang='grc' dir='ltr'>ἐντάλματα</span> <span class='ocrx_word' id='word_1_815' title='bbox 3538 4594 3748 4666; x_wconf 83' lang='grc' dir='ltr'>ἀνθρώ-</span> 
     </span>
    </p>
   </div>
   <div class='ocr_carea' id='block_1_106' title="bbox 2173 4684 3747 4759">
    <p class='ocr_par' dir='ltr' id='par_1_106' title="bbox 2173 4684 3747 4759">
     <span class='ocr_line' id='line_1_106' title="bbox 2173 4684 3747 4759; baseline 0.002 -21"><span class='ocrx_word' id='word_1_816' title='bbox 2173 4703 2288 4738; x_wconf 87' lang='grc' dir='ltr'><strong>πων</strong></span> <span class='ocrx_word' id='word_1_817' title='bbox 2323 4685 2417 4738; x_wconf 74' lang='grc' dir='ltr'><strong>καὶ</strong></span> <span class='ocrx_word' id='word_1_818' title='bbox 2442 4684 2805 4750; x_wconf 85' lang='grc' dir='ltr'>διδασκαλίας.</span> <span class='ocrx_word' id='word_1_819' title='bbox 2833 4686 2930 4741; x_wconf 88' lang='grc' dir='ltr'>Διά</span> <span class='ocrx_word' id='word_1_820' title='bbox 2980 4686 3136 4740; x_wconf 83' lang='grc' dir='ltr'>τοῦτο</span> <span class='ocrx_word' id='word_1_821' title='bbox 3170 4687 3278 4740; x_wconf 80' lang='grc' dir='ltr'>ἰδοὺ</span> <span class='ocrx_word' id='word_1_822' title='bbox 3311 4686 3601 4759; x_wconf 84' lang='grc' dir='ltr'>προσθήσω</span> <span class='ocrx_word' id='word_1_823' title='bbox 3649 4688 3747 4744; x_wconf 82' lang='grc' dir='ltr'>τοῦ</span> 
     </span>
    </p>
   </div>
   <div class='ocr_carea' id='block_1_107' title="bbox 2175 4775 3742 4852">
    <p class='ocr_par' dir='ltr' id='par_1_107' title="bbox 2175 4775 3742 4852">
     <span class='ocr_line' id='line_1_107' title="bbox 2175 4775 3742 4852; baseline 0.004 -25"><span class='ocrx_word' id='word_1_824' title='bbox 2175 4775 2483 4845; x_wconf 84' lang='grc' dir='ltr'>μεταθεῖναι</span> <span class='ocrx_word' id='word_1_825' title='bbox 2509 4777 2599 4829; x_wconf 83' lang='grc' dir='ltr'>τὸν</span> <span class='ocrx_word' id='word_1_826' title='bbox 2627 4777 2753 4832; x_wconf 81' lang='grc' dir='ltr'>λαὸν</span> <span class='ocrx_word' id='word_1_827' title='bbox 2785 4778 2991 4844; x_wconf 81' lang='grc' dir='ltr'>τοῦτον,</span> <span class='ocrx_word' id='word_1_828' title='bbox 3045 4780 3137 4834; x_wconf 75' lang='lat' dir='ltr'><strong>xa‘t</strong></span> <span class='ocrx_word' id='word_1_829' title='bbox 3186 4780 3475 4852; x_wconf 77' lang='grc' dir='ltr'>μεταθήσω</span> <span class='ocrx_word' id='word_1_830' title='bbox 3510 4781 3690 4834; x_wconf 81' lang='grc' dir='ltr'>αὐτόν.</span> <span class='ocrx_word' id='word_1_831' title='bbox 3722 4803 3742 4834; x_wconf 74' lang='grc' dir='ltr'><strong>ι</strong></span> 
     </span>
    </p>
   </div>
   <div class='ocr_carea' id='block_1_108' title="bbox 2175 4865 3746 4943">
    <p class='ocr_par' dir='ltr' id='par_1_108' title="bbox 2175 4865 3746 4943">
     <span class='ocr_line' id='line_1_108' title="bbox 2175 4865 3746 4943; baseline 0.006 -25"><span class='ocrx_word' id='word_1_832' title='bbox 2175 4865 2285 4918; x_wconf 78' lang='grc' dir='ltr'><strong>Καὶ</strong></span> <span class='ocrx_word' id='word_1_833' title='bbox 2318 4865 2502 4936; x_wconf 84' lang='grc' dir='ltr'>ἐπειδὴ</span> <span class='ocrx_word' id='word_1_834' title='bbox 2556 4869 2747 4937; x_wconf 85' lang='grc' dir='ltr'>σοφίαν</span> <span class='ocrx_word' id='word_1_835' title='bbox 2781 4869 3082 4940; x_wconf 82' lang='grc' dir='ltr'>ἀνθρώπων</span> <span class='ocrx_word' id='word_1_836' title='bbox 3110 4872 3517 4942; x_wconf 87' lang='grc' dir='ltr'>προϐάλλονται,</span> <span class='ocrx_word' id='word_1_837' title='bbox 3558 4873 3658 4943; x_wconf 81' lang='grc' dir='ltr'>τὴν</span> <span class='ocrx_word' id='word_1_838' title='bbox 3688 4875 3746 4926; x_wconf 83' lang='grc' dir='ltr'><strong>ὲ-</strong></span> 
     </span>
    </p>
   </div>
   <div class='ocr_carea' id='block_1_109' title="bbox 2177 4958 3747 5036">
    <p class='ocr_par' dir='ltr' id='par_1_109' title="bbox 2177 4958 3747 5036">
     <span class='ocr_line' id='line_1_109' title="bbox 2177 4958 3747 5036; baseline 0.005 -25"><span class='ocrx_word' id='word_1_839' title='bbox 2177 4958 2284 5028; x_wconf 85' lang='grc' dir='ltr'>μὴν</span> <span class='ocrx_word' id='word_1_840' title='bbox 2315 4960 2411 5029; x_wconf 87' lang='grc' dir='ltr'>μὲν</span> <span class='ocrx_word' id='word_1_841' title='bbox 2437 4960 2868 5032; x_wconf 84' lang='grc' dir='ltr'>ἀποστρέφοντες</span> <span class='ocrx_word' id='word_1_842' title='bbox 2918 4963 3107 5031; x_wconf 82' lang='grc' dir='ltr'>σοφίαν</span> <span class='ocrx_word' id='word_1_843' title='bbox 3151 4966 3243 5017; x_wconf 80' lang='grc' dir='ltr'>καὶ</span> <span class='ocrx_word' id='word_1_844' title='bbox 3274 4965 3363 5020; x_wconf 80' lang='grc' dir='ltr'><strong>τὸν</strong></span> <span class='ocrx_word' id='word_1_845' title='bbox 3409 4965 3536 5036; x_wconf 82' lang='grc' dir='ltr'>ἐμὸν</span> <span class='ocrx_word' id='word_1_846' title='bbox 3565 4965 3747 5033; x_wconf 86' lang='grc' dir='ltr'>λόγον,</span> 
     </span>
    </p>
   </div>
   <div class='ocr_carea' id='block_1_110' title="bbox 2175 5050 3747 5130">
    <p class='ocr_par' dir='ltr' id='par_1_110' title="bbox 2175 5050 3747 5130">
     <span class='ocr_line' id='line_1_110' title="bbox 2175 5050 3747 5130; baseline 0.007 -29"><span class='ocrx_word' id='word_1_847' title='bbox 2175 5050 2366 5121; x_wconf 81' lang='grc' dir='ltr'>ἑτέρας</span> <span class='ocrx_word' id='word_1_848' title='bbox 2389 5051 2446 5104; x_wconf 89' lang='grc' dir='ltr'><strong>δέ</strong></span> <span class='ocrx_word' id='word_1_849' title='bbox 2473 5070 2620 5117; x_wconf 89' lang='grc' dir='ltr'>τινας</span> <span class='ocrx_word' id='word_1_850' title='bbox 2646 5053 2972 5125; x_wconf 86' lang='grc' dir='ltr'>παραδόσεις</span> <span class='ocrx_word' id='word_1_851' title='bbox 2999 5056 3104 5109; x_wconf 90' lang='grc' dir='ltr'><strong>τῶν</strong></span> <span class='ocrx_word' id='word_1_852' title='bbox 3133 5061 3261 5127; x_wconf 79' lang='grc' dir='ltr'>παρ’</span> <span class='ocrx_word' id='word_1_853' title='bbox 3297 5059 3475 5122; x_wconf 71' lang='grc' dir='ltr'>αὐτοῖς</span> <span class='ocrx_word' id='word_1_854' title='bbox 3505 5061 3747 5130; x_wconf 82' lang='grc' dir='ltr'>πρεσϐυ-</span> 
     </span>
    </p>
   </div>
   <div class='ocr_carea' id='block_1_111' title="bbox 2174 5142 3750 5218">
    <p class='ocr_par' dir='ltr' id='par_1_111' title="bbox 2174 5142 3750 5218">
     <span class='ocr_line' id='line_1_111' title="bbox 2174 5142 3750 5218; baseline 0.004 -23"><span class='ocrx_word' id='word_1_855' title='bbox 2174 5142 2365 5212; x_wconf 87' lang='grc' dir='ltr'>τέρων,</span> <span class='ocrx_word' id='word_1_856' title='bbox 2393 5142 2580 5216; x_wconf 87' lang='grc' dir='ltr'>ῶσπερ</span> <span class='ocrx_word' id='word_1_857' title='bbox 2633 5143 2796 5197; x_wconf 91' lang='grc' dir='ltr'>τινῶν</span> <span class='ocrx_word' id='word_1_858' title='bbox 2850 5146 3026 5215; x_wconf 86' lang='grc' dir='ltr'>σοφῶν</span> <span class='ocrx_word' id='word_1_859' title='bbox 3051 5149 3364 5218; x_wconf 83' lang='grc' dir='ltr'>κατέχοντες</span> <span class='ocrx_word' id='word_1_860' title='bbox 3383 5165 3394 5176; x_wconf 92' lang='grc'><strong>·</strong></span> <span class='ocrx_word' id='word_1_861' title='bbox 3420 5147 3606 5201; x_wconf 88' lang='grc' dir='ltr'>τούτου</span> <span class='ocrx_word' id='word_1_862' title='bbox 3649 5149 3750 5218; x_wconf 83' lang='grc' dir='ltr'>χά-</span> 
     </span>
    </p>
   </div>
   <div class='ocr_carea' id='block_1_112' title="bbox 2175 5235 3746 5310">
    <p class='ocr_par' dir='ltr' id='par_1_112' title="bbox 2175 5235 3746 5310">
     <span class='ocr_line' id='line_1_112' title="bbox 2175 5235 3746 5310; baseline 0.004 -24"><span class='ocrx_word' id='word_1_863' title='bbox 2175 5251 2258 5305; x_wconf 88' lang='grc' dir='ltr'><strong>ριν</strong></span> <span class='ocrx_word' id='word_1_864' title='bbox 2287 5235 2385 5298; x_wconf 87' lang='grc' dir='ltr'><strong>τάς</strong></span> <span class='ocrx_word' id='word_1_865' title='bbox 2418 5237 2514 5306; x_wconf 87' lang='grc' dir='ltr'>μὲν</span> <span class='ocrx_word' id='word_1_866' title='bbox 2551 5235 2688 5307; x_wconf 83' lang='grc' dir='ltr'>ἐμὰς</span> <span class='ocrx_word' id='word_1_867' title='bbox 2736 5239 2956 5310; x_wconf 84' lang='grc' dir='ltr'>Γραφὰς</span> <span class='ocrx_word' id='word_1_868' title='bbox 2995 5242 3055 5294; x_wconf 81' lang='grc' dir='ltr'>οὐ</span> <span class='ocrx_word' id='word_1_869' title='bbox 3096 5242 3432 5309; x_wconf 81' lang='grc' dir='ltr'>συνήσουσιν.</span> <span class='ocrx_word' id='word_1_870' title='bbox 3465 5260 3480 5290; x_wconf 81' lang='grc' dir='ltr'><strong>ι</strong></span> <span class='ocrx_word' id='word_1_871' title='bbox 3505 5240 3646 5308; x_wconf 85' lang='grc' dir='ltr'><strong>Ἐγὼ</strong></span> <span class='ocrx_word' id='word_1_872' title='bbox 3687 5241 3746 5293; x_wconf 83' lang='grc' dir='ltr'>δὲ</span> 
     </span>
    </p>
   </div>
   <div class='ocr_carea' id='block_1_113' title="bbox 2173 5327 3746 5406">
    <p class='ocr_par' dir='ltr' id='par_1_113' title="bbox 2173 5327 3746 5406">
     <span class='ocr_line' id='line_1_113' title="bbox 2173 5327 3746 5406; baseline 0.006 -29"><span class='ocrx_word' id='word_1_873' title='bbox 2173 5327 2332 5390; x_wconf 82' lang='grc' dir='ltr'>αὐτὸς</span> <span class='ocrx_word' id='word_1_874' title='bbox 2369 5327 2478 5382; x_wconf 89' lang='grc' dir='ltr'><strong>τῶν</strong></span> <span class='ocrx_word' id='word_1_875' title='bbox 2517 5329 2694 5399; x_wconf 89' lang='grc' dir='ltr'>σοφῶν</span> <span class='ocrx_word' id='word_1_876' title='bbox 2720 5331 2896 5384; x_wconf 76' lang='grc' dir='ltr'>αὐτῶν</span> <span class='ocrx_word' id='word_1_877' title='bbox 2934 5333 3028 5403; x_wconf 85' lang='grc' dir='ltr'>τὴν</span> <span class='ocrx_word' id='word_1_878' title='bbox 3061 5333 3250 5401; x_wconf 86' lang='grc' dir='ltr'>σοφίαν</span> <span class='ocrx_word' id='word_1_879' title='bbox 3281 5329 3486 5399; x_wconf 86' lang='grc' dir='ltr'>ἀπολῶ,</span> <span class='ocrx_word' id='word_1_880' title='bbox 3515 5335 3606 5388; x_wconf 76' lang='grc' dir='ltr'><strong>καὶ</strong></span> <span class='ocrx_word' id='word_1_881' title='bbox 3645 5335 3746 5406; x_wconf 79' lang='grc' dir='ltr'>τὴν</span> 
     </span>
    </p>
   </div>
   <div class='ocr_carea' id='block_1_114' title="bbox 2174 5417 3118 5495">
    <p class='ocr_par' dir='ltr' id='par_1_114' title="bbox 2174 5417 3118 5495">
     <span class='ocr_line' id='line_1_114' title="bbox 2174 5417 3118 5495; baseline 0.005 -27"><span class='ocrx_word' id='word_1_882' title='bbox 2174 5417 2385 5472; x_wconf 88' lang='grc' dir='ltr'>σύνεσιν</span> <span class='ocrx_word' id='word_1_883' title='bbox 2413 5421 2519 5474; x_wconf 87' lang='grc' dir='ltr'><strong>τῶν</strong></span> <span class='ocrx_word' id='word_1_884' title='bbox 2547 5422 2779 5475; x_wconf 85' lang='grc' dir='ltr'>συνετῶν</span> <span class='ocrx_word' id='word_1_885' title='bbox 2811 5424 3077 5495; x_wconf 84' lang='grc' dir='ltr'>ἀθετήσω.</span> <span class='ocrx_word' id='word_1_886' title='bbox 3101 5445 3118 5473; x_wconf 75' lang='grc' dir='ltr'><strong>ι</strong></span> 
     </span>
    </p>
   </div>
   <div class='ocr_carea' id='block_1_115' title="bbox 2248 5511 3744 5586">
    <p class='ocr_par' dir='ltr' id='par_1_115' title="bbox 2248 5511 3744 5586">
     <span class='ocr_line' id='line_1_115' title="bbox 2248 5511 3744 5586; baseline 0.005 -23"><span class='ocrx_word' id='word_1_887' title='bbox 2248 5531 2264 5563; x_wconf 78' lang='grc' dir='ltr'><strong>ι</strong></span> <span class='ocrx_word' id='word_1_888' title='bbox 2291 5512 2425 5566; x_wconf 80' lang='grc' dir='ltr'><strong>Οὐαὶ</strong></span> <span class='ocrx_word' id='word_1_889' title='bbox 2455 5513 2504 5565; x_wconf 82' lang='grc' dir='ltr'>οἱ</span> <span class='ocrx_word' id='word_1_890' title='bbox 2522 5511 2738 5582; x_wconf 81' lang='grc' dir='ltr'>βαθεῖαν</span> <span class='ocrx_word' id='word_1_891' title='bbox 2762 5514 2953 5586; x_wconf 83' lang='grc' dir='ltr'>βουλὴν</span> <span class='ocrx_word' id='word_1_892' title='bbox 2974 5512 3268 5580; x_wconf 80' lang='grc' dir='ltr'>ποιοῦντες,</span> <span class='ocrx_word' id='word_1_893' title='bbox 3299 5517 3391 5570; x_wconf 78' lang='lat' dir='ltr'><strong>xal</strong></span> <span class='ocrx_word' id='word_1_894' title='bbox 3410 5517 3470 5570; x_wconf 86' lang='grc' dir='ltr'><strong>ού</strong></span> <span class='ocrx_word' id='word_1_895' title='bbox 3485 5516 3569 5569; x_wconf 89' lang='grc' dir='ltr'><strong>διά</strong></span> <span class='ocrx_word' id='word_1_896' title='bbox 3583 5515 3744 5570; x_wconf 81' lang='grc' dir='ltr'>Θεοῦ.</span> 
     </span>
    </p>
   </div>
   <div class='ocr_carea' id='block_1_116' title="bbox 2172 5601 3742 5677">
    <p class='ocr_par' dir='ltr' id='par_1_116' title="bbox 2172 5601 3742 5677">
     <span class='ocr_line' id='line_1_116' title="bbox 2172 5601 3742 5677; baseline 0.005 -20"><span class='ocrx_word' id='word_1_897' title='bbox 2172 5601 2308 5657; x_wconf 75' lang='grc' dir='ltr'>Οὐαὶ</span> <span class='ocrx_word' id='word_1_898' title='bbox 2328 5603 2377 5656; x_wconf 85' lang='grc' dir='ltr'>οἱ</span> <span class='ocrx_word' id='word_1_899' title='bbox 2408 5603 2465 5656; x_wconf 89' lang='grc' dir='ltr'><strong>ἐν</strong></span> <span class='ocrx_word' id='word_1_900' title='bbox 2483 5607 2661 5675; x_wconf 85' lang='grc' dir='ltr'>κρυφῇ</span> <span class='ocrx_word' id='word_1_901' title='bbox 2692 5605 2883 5677; x_wconf 83' lang='grc' dir='ltr'>βουλὴν</span> <span class='ocrx_word' id='word_1_902' title='bbox 2913 5603 3210 5670; x_wconf 80' lang='grc' dir='ltr'>ποιοῦντες,</span> <span class='ocrx_word' id='word_1_903' title='bbox 3240 5608 3332 5663; x_wconf 71' lang='grc' dir='ltr'>καὶ</span> <span class='ocrx_word' id='word_1_904' title='bbox 3361 5609 3508 5663; x_wconf 78' lang='grc' dir='ltr'>ἔσται</span> <span class='ocrx_word' id='word_1_905' title='bbox 3528 5609 3585 5664; x_wconf 84' lang='grc' dir='ltr'>ὲν</span> <span class='ocrx_word' id='word_1_906' title='bbox 3614 5607 3742 5664; x_wconf 63' lang='grc' dir='ltr'>σκιό-</span> 
     </span>
    </p>
   </div>
   <div class='ocr_carea' id='block_1_117' title="bbox 2246 5717 3216 5792">
    <p class='ocr_par' dir='ltr' id='par_1_117' title="bbox 2246 5717 3216 5792">
     <span class='ocr_line' id='line_1_117' title="bbox 2246 5717 3216 5792; baseline 0.007 -21"><span class='ocrx_word' id='word_1_907' title='bbox 2246 5717 2356 5790; x_wconf 74' lang='grc'><strong>(54)</strong></span> <span class='ocrx_word' id='word_1_908' title='bbox 2395 5717 2560 5777; x_wconf 86' lang='lat' dir='ltr'><strong>Forte</strong></span> <span class='ocrx_word' id='word_1_909' title='bbox 2587 5719 2866 5792; x_wconf 82' lang='lat' dir='ltr'><strong>legendum</strong></span> <span class='ocrx_word' id='word_1_910' title='bbox 2903 5721 3028 5777; x_wconf 85' lang='grc' dir='ltr'>τῶν.</span> <span class='ocrx_word' id='word_1_911' title='bbox 3059 5721 3216 5780; x_wconf 76' lang='lat' dir='ltr'><strong>Eon.</strong></span> 
     </span>
    </p>
   </div>
  </div>
