4072 6194
354 259 463 318 501

1270 250 1767 309 COMMENTARIA
1806 250 1873 306 IN
1912 248 2164 307 lSAIAM.
2206 287 2273 297 --
2308 255 2463 313 CAP.
2506 256 2696 315 XXIX.

3488 264 3593 318 302

357 398 450 435 τει
476 380 553 435 τὰ
585 378 724 451 ἔργα
768 376 935 431 αὐτῶν
954 394 965 405 ·
1003 376 1095 429 καὶ
1121 375 1323 447 ἐροῦσι,
1350 375 1445 438 Τίς
1474 375 1715 446 ἑώρακεν
1755 376 1898 444 ἡμᾶς
1923 390 1937 436 ;

2041 374 2242 437 ineunt.
2265 385 2319 431 et
2341 388 2499 434 erunt
2526 379 2580 433 in
2607 378 2841 434 tenebris
2867 391 3026 446 opera
3053 391 3237 434 eorum
3263 394 3276 432 :
3305 388 3359 434 et
3392 381 3599 443 dicem,

366 473 472 526 καὶ
498 471 587 534 τίς
620 471 759 541 ἡμᾶς
793 466 1076 536 γνιίισεται,
1105 466 1198 537 ἢά
1252 467 1411 537 ἡμεῖς
1440 466 1731 536 ποιοῦμεν;
1760 491 1780 517 ι
1825 460 1936 517 Εἶτ’

373 563 676 633 ἐπειδήπερ
697 557 956 612 θεοσεϐεῖν
984 556 1437 629 ἐπαγγελλόμενοι
1469 560 1580 620 τοῖς
1608 557 1857 627 χείλεσιν,
1882 559 1939 609 ἐν

378 656 463 726 τῷ
502 654 714 725 κρυπτῷ
742 653 810 706 τά
846 652 1097 723 χείριστα
1126 650 1522 721 διεπράττοντο,
1577 650 1939 721 φαρμακείαις

382 748 481 800 καὶ
502 745 870 816 ἀκαθαρσίαις,
907 744 1004 797 καὶ
1024 743 1212 806 ἄλλαις
1252 742 1472 813 μυρίαις
1493 741 1768 812 ἀθεμίτοις
1797 742 1937 812 πρά-

387 839 496 903 ξεσι
517 836 914 907 συμφυρόμενοι
936 852 950 865 ·
979 836 1112 888 πᾶσι
1130 835 1187 888 δὲ
1208 834 1417 897 τούτοις
1440 834 1742 904 ἐνεχείρουν
1767 833 1841 896 ὡς
1866 832 1939 903 μὴ

382 930 667 1001 ἐφορῶντος
706 928 803 983 τοῦ
835 927 973 982 Θεοῦ
992 945 1006 958 ο
1033 928 1255 991 εἰκότως
1288 927 1484 991 αὐτοὺς
1512 926 1782 992 ταλανίζει
1812 926 1940 981 ταῦ-

378 1040 438 1076 τα
459 1022 627 1090 λέγων
646 1039 661 1054 ο

441 1134 461 1166 ι
485 1116 600 1183 Οὐχ
637 1113 717 1176 ὠς
744 1112 916 1183 πηλὸς
946 1110 1041 1165 τοῦ
1079 1111 1363 1183 κεραμέως
1404 1110 1818 1184 λογισθήσεσθε;
1848 1110 1939 1183 Μὴ

363 1209 478 1277 ἐρεῖ
505 1208 567 1260 τὸ
596 1205 829 1276 πλάσμα
859 1204 939 1276 τῷ
990 1204 1252 1258 πλάσαντι
1299 1204 1449 1268 αὐτὸ,
1483 1205 1561 1257 Οὐ
1592 1204 1655 1257 σύ
1689 1220 1756 1274 με
1779 1203 1940 1257 ἐπλα-

362 1315 487 1363 σας;
518 1299 551 1368 ἢ
573 1298 637 1351 τὸ
656 1297 873 1368 ποίημα
890 1295 966 1366 τῷ
989 1297 1291 1367 ποιήσαντι,
1317 1296 1392 1349 Οὐ
1416 1296 1648 1360 συνετῶς
1669 1313 1736 1367 με
1757 1297 1940 1367 ὲποίη-

364 1407 497 1456 σας;
527 1410 547 1441 ο
581 1391 647 1443 El
680 1388 796 1459 γάρ
837 1388 901 1458 δὴ
932 1386 1132 1451 πάντες
1162 1387 1436 1459 ἄνθρωποι
1472 1388 1627 1461 πηλῷ
1654 1389 1942 1461 κεραμέως

361 1482 621 1551 ἐοίκαμεν
653 1479 820 1533 διὰτὸ
842 1479 1064 1550 πήλινον
1094 1480 1247 1549 ἡμῶν
1268 1479 1446 1549 σῶμα,
1480 1479 1595 1543 πῶς
1624 1480 1721 1550 οὐχ
1750 1479 1938 1532 ἕπεται

364 1576 531 1635 νοεῖν,
560 1574 641 1625 ’ὁτι
670 1572 745 1642 μὴ
770 1571 995 1625 δυνατὸν
1027 1570 1207 1624 λαθεῖν
1234 1570 1326 1624 τὸν
1359 1571 1605 1642 ποιητὴν,
1633 1571 1821 1636 ὁποίας
1851 1573 1941 1643 ὲρ-

369 1665 568 1733 γασίας
590 1664 817 1735 ὑπάρχει
843 1662 905 1716 τὸ
935 1662 1027 1715 ὑπ’
1057 1661 1218 1716 αὐτοῦ
1239 1662 1630 1734 πεποιημένονς
1659 1664 1755 1727 Τίς
1785 1664 1940 1717 δύνα-

373 1773 490 1819 ται,
520 1755 557 1825 ἢ
585 1756 671 1819 τίς
689 1754 935 1825 τολμήσει
964 1754 1148 1823 φάναι,
1174 1754 1255 1807 ὅτι
1280 1754 1355 1825 μὴ
1381 1756 1410 1808 ὁ
1432 1754 1561 1820 Θεὸς
1591 1756 1749 1809 αὑτὸν
1774 1756 1933 1810 ἐπλα-

384 1863 522 1912 σεν;
556 1848 617 1900 Εἰ
646 1847 701 1900 δὲ
728 1848 819 1901 οὐκ
848 1848 912 1901 ἀν
940 1845 1082 1900 εἴποι
1111 1846 1282 1902 ταῦτά
1312 1865 1440 1901 ποτε
1470 1848 1598 1918 περὶ
1638 1847 1731 1901 τοῦ
1768 1866 1932 1921 κερα-

391 1937 539 2007 μέως
567 1938 596 1989 ὀ
625 1934 963 2006 ὑποκείμενος
993 1935 1141 2007 αύτῷ
1169 1936 1356 2009 πηλὸς,
1393 1936 1568 2008 δῆλον,
1600 1937 1676 2001 ὡς
1718 1938 1933 2008 μάταιοι

391 2030 589 2093 πάντες
615 2031 662 2082 οί
689 2030 827 2082 ἔνδον
852 2031 919 2100 τῇ
956 2029 1101 2101 ψυχῇ
1132 2029 1309 2085 αὐτῶν
1353 2029 1544 2100 βουλὴν
1575 2029 1791 2099 βαθεῖαν
1823 2032 1934 2084 δια-

378 2120 673 2191 νοούμενοι,
713 2122 806 2174 καὶ
856 2120 949 2174 τὸν
987 2120 1118 2174 Θεὸν
1162 2122 1394 2192 οἰόμενοι
1426 2121 1640 2189 ἀγνοεῖν
1661 2122 1730 2176 τά
1774 2123 1830 2175 ὲν
1858 2121 1935 2193 τῷ

382 2212 553 2281 σκότῳ
584 2211 928 2282 πραττόμενα
957 2211 1137 2274 αὐτοῖς
1159 2210 1315 2282 ἔργα.

449 2324 468 2357 ι
492 2306 687 2359 Οὐκέτι
718 2303 910 2375 μικρὸν
939 2304 1038 2358 καί⁹
1070 2306 1487 2376 μετατεθήσεται
1516 2307 1545 2359 ὁ
1579 2304 1827 2369 Λίϐανος,
1860 2306 1935 2369 ὡς

372 2395 433 2449 τὸ
462 2396 587 2467 ὅρος
616 2395 678 2449 τὸ
700 2394 941 2466 Χέρμελ,
964 2394 1058 2448 κα)⁵
1085 2395 1147 2448 τὸ
1193 2395 1409 2467 Χέρμελ
1436 2396 1517 2459 εἰς
1561 2395 1761 2466 δρυμὸν
1792 2397 1937 2465 λογι-

372 2490 627 2559 σθήσεται
651 2504 667 2552 ;
694 2507 713 2539 ι
748 2486 975 2542 Λίϐανον
1001 2486 1097 2556 μὲν
1128 2485 1218 2539 τὸν
1247 2487 1308 2551 ἐξ
1338 2486 1503 2540 ἐθνῶν
1529 2487 1676 2551 λαὸν,
1708 2487 1937 2559 Κάρμη-

370 2580 535 2635 λονδὲ
558 2581 622 2634 τὸ
635 2579 901 2634 Ἰουδαίων
934 2578 1083 2642 ἔθνος
1106 2576 1236 2650 (55).
1258 2579 1513 2634 ’Έσεσθαι
1530 2580 1707 2635 τοίνυν
1728 2597 1939 2654 προφη-

370 2672 518 2726 τεύει
541 2674 604 2725 τὸ
626 2674 725 2743 μὲν
766 2671 1031 2725 Ἰουδαίων
1070 2671 1220 2736 ἔθνος
1250 2666 1360 2726 οἷόν
1395 2689 1517 2727 τινα
1543 2672 1744 2745 δρυμὸν
1766 2674 1938 2741 ξύλων

373 2766 581 2836 ἀγρίων
612 2765 707 2817 καὶ
748 2763 1031 2835 ἀκάρπωνο
1082 2764 1173 2818 τὸν
1211 2763 1268 2817 δὲ
1299 2763 1466 2818 πάλαι
1509 2764 1698 2836 δρυμῷ
1729 2766 1938 2819 ἐοικότα

378 2852 628 2915 Λίϐανον,
655 2852 747 2905 τὸν
776 2852 837 2917 ἐξ
866 2852 1032 2906 ὲθνῶν
1083 2852 1230 2916 λαὸν,
1280 2855 1459 2918 ὁποῖος
1486 2847 1554 2925 ἦν
1586 2871 1715 2907 ποτε
1742 2854 1771 2906 ὁ
1812 2854 1938 2907 Ἰου-

381 2942 545 2996 δαίων
562 2942 707 3008 λαὸς,
739 2943 1159 3015 πεπληρωμένος
1184 2944 1410 3017 δένδρων
1435 2946 1652 3015 ἀγαθῶν
1682 2947 1775 3001 καὶ
1802 2963 1937 3000 παν-

383 3035 548 3089 τοίων
576 3036 747 3105 φυτῶν
770 3054 831 3089 τε
850 3036 944 3091 καὶ
967 3034 1209 3108 καρπῶν.

462 3235 482 3268 ι
506 3216 611 3269 Καὶ
636 3215 951 3270 ἀκούσονται
974 3217 1034 3270 ὲν
1065 3218 1129 3289 τῇ
1148 3217 1329 3289 ἡμέρᾳ
1354 3217 1532 3290 ἐκείνῃ
1559 3218 1731 3288 κωφοὶ
1754 3217 1939 3286 λόγους

340 3342 355 3354 .
381 3307 609 3378 βιϐλίου,
646 3311 741 3364 καὶ
764 3311 812 3363 οἱ
832 3310 893 3364 ὲν
914 3310 993 3380 τῷ
1030 3309 1230 3375 σκότει,
1260 3311 1355 3364 καὶ
1374 3312 1422 3364 oi
1457 3313 1515 3365 ὲν
1546 3313 1612 3383 τῇ
1636 3310 1856 3382 ὁμίχλῃ·
1885 3311 1941 3362 ὁ·

378 3402 617 3473 φθαλμοὶ
644 3401 858 3471 τυφλῶν
896 3402 1131 3471 ὄψονται.
1164 3422 1181 3454 ι
1226 3402 1390 3465 Ποίας
1426 3403 1482 3456 δὲ
1519 3402 1777 3474 βίϐλου,ἢ
1808 3403 1939 3459 ταύ-

377 3513 477 3567 της
497 3495 669 3565 αὐτῆς
682 3494 781 3565 τῆς
805 3495 937 3566 μετά
951 3498 1156 3566 χεῖρας,
1178 3497 1306 3566 περὶ
1329 3489 1396 3567 ἧς
1420 3494 1673 3571 ἀνωτέρω
1692 3496 1906 3565 ἐλέγετο
1923 3514 1937 3526 ο

392 3606 410 3638 ι
431 3588 592 3659 Ὑμῖν
622 3589 692 3641 τά
722 3590 940 3660 ῥήματα
959 3588 1128 3643 ταῦτα
1156 3590 1354 3656 πάντα,
1397 3590 1472 3655 ὡς
1496 3592 1543 3645 οἱ
1570 3591 1718 3660 λόγοι
1745 3591 1838 3645 τοῦ
1860 3592 1940 3663 βι-

2040 465 2169 531 Quis
2196 466 2328 521 vidit
2356 483 2453 523 nos
2485 468 2509 521 ’ἶ
2541 478 2634 524 aut
2663 469 2784 538 quis
2832 482 2934 523 nos
2983 477 3305 538 cognoscet,
3351 478 3446 524 aut
3478 485 3595 538 quas

2041 571 2138 610 nos
2168 558 2435 613 facimus?
2467 579 2485 609 ι
2516 559 2718 616 Deinde
2749 559 2874 629 quia
2909 574 2970 614 se
3008 559 3175 614 Deum
3215 561 3401 621 colere
3442 561 3598 615 labiis

2040 647 2371 716 proﬁtentes,
2423 650 2474 719 in
2520 650 2732 704 occulto
2767 649 2999 718 pessima
3045 663 3273 720 quaeque
3314 662 3595 722 perpetra-

2039 739 2187 805 bant,
2221 740 2274 793 in
2300 738 2591 805 veneﬁciis,
2638 739 3012 803 immunditiis,
3047 750 3103 795 et
3150 741 3422 795 sexcentis
3478 740 3598 794 aliis

2040 832 2259 887 nefariis
2282 832 2447 901 gestis
2473 845 2590 887 sese
2606 829 2940 887 volutantes:
2979 834 3200 902 bamque
3224 832 3405 886 omnia
3440 830 3595 901 quasi

2040 941 2147 981 non
2197 927 2555 997 prospiciente
2601 927 2711 982 Deo
2748 927 3123 998 peragebant;
3170 928 3294 998 jure
3341 927 3461 983 illos
3508 926 3596 981 his

2041 1018 2217 1071 verbis
2245 1017 2473 1073 miseros
2498 1017 2827 1088 depraedicat
2867 1036 2880 1071 :

2112 1108 2273 1163 Vens.
2303 1109 2390 1163 16.
2430 1126 2449 1160 ι
2484 1107 2671 1166 Nonne
2701 1119 2761 1165 ut
2788 1111 2959 1165 lutum
2994 1110 3138 1180 ﬁguli
3172 1108 3593 1180 reputabimini‘l

2039 1196 2175 1252 Num
2208 1199 2352 1253 dicet
2382 1198 2693 1267 ﬁgmentum
2720 1200 2893 1255 ﬁctori
2934 1215 3053 1267 suo,
3080 1199 3162 1253 Tu
3188 1215 3272 1255 me
3294 1214 3401 1255 non
3436 1199 3593 1253 ﬁnxi—

2039 1289 2148 1344 sti?
2178 1298 2274 1344 aut
2309 1304 2444 1359 opus
2499 1290 2697 1361 Opiﬁci,
2716 1290 2794 1345 Tu
2823 1307 2906 1346 me
2932 1307 3039 1347 non
3067 1293 3334 1362 sapienter
3351 1292 3589 1362 fecisti?»

2040 1380 2106 1434 At
2133 1381 2276 1436 enim
2312 1383 2358 1437 si
2396 1396 2583 1438 omnes
2623 1382 2866 1437 homines
2904 1383 2973 1437 ob
3002 1383 3206 1438 luteum
3239 1397 3436 1452 corpus
3479 1381 3592 1437 luto

2040 1473 2184 1544 ﬁguli
2211 1476 2416 1532 similes
2442 1491 2651 1543 sumus,
2679 1477 2775 1548 qui
2802 1493 2907 1542 non
2931 1486 3323 1546 consequenter
3347 1486 3595 1547 putemus

2039 1579 2143 1617 non
2168 1577 2321 1631 posse
2346 1565 2587 1634 opiﬁcem
2620 1566 2810 1633 latere,
2835 1584 2968 1637 quas
2983 1576 3323 1638 operatrones
3340 1566 3459 1623 edat
3475 1566 3596 1635 opi-

2040 1654 2227 1710 ﬁcium
2266 1658 2461 1711 suum?
2494 1658 2625 1725 Quis
2649 1658 2829 1714 dicere
2856 1661 3025 1729 possit
3050 1660 3130 1714 vel
3153 1661 3366 1726 audeat,
3399 1676 3458 1715 se
3487 1675 3593 1716 non

2039 1759 2070 1800 a
2103 1747 2208 1801 Deo
2230 1747 2566 1803 eﬁ'ormatum
2591 1752 2743 1805 esse?
2763 1751 2914 1817 Quod
2946 1752 2991 1806 si
3023 1753 3074 1805 id
3109 1752 3272 1822 ﬁgulo
3293 1752 3593 1821 subjectum

2040 1836 2141 1908 ipsi
2179 1837 2349 1892 lutum
2395 1854 2669 1908 nunquam
2698 1841 2931 1909 dixerit;
2966 1842 3141 1911 palam
3181 1856 3326 1898 certe
3356 1851 3438 1898 est
3466 1842 3594 1897 futi—

2038 1929 2119 1990 les
2154 1940 2209 1985 et
2251 1945 2418 1987 vanos
2456 1947 2579 1988 esse
2613 1947 2799 1990 omnes
2839 1935 2929 2004 qui
2974 1935 3122 1990 intus
3157 1934 3211 1989 in
3254 1937 3438 1989 animo
3468 1948 3593 2005 pro-

2038 2020 2200 2077 funda
2226 2021 2447 2077 consilia
2493 2013 2700 2090 ineunt,
2727 2033 2782 2079 et
2821 2040 2943 2095 qua:
2973 2025 3076 2095 ipsi
3113 2026 3165 2080 in
3196 2025 3431 2083 tenebris
3456 2023 3593 2081 facio

2040 2129 2170 2170 nora
2208 2116 2395 2179 edunt,
2434 2115 2599 2171 Deum
2640 2117 2891 2188 ignorare
2926 2119 3259 2174 existimant.

2112 2285 2275 2343 Vsus.
2318 2288 2405 2343 17.
2450 2307 2469 2341 ι
2516 2288 2706 2347 Nonne
2741 2290 2914 2347 adhuc
2950 2292 3239 2362 paululum,
3275 2303 3329 2349 et
3366 2294 3593 2353 transis-

2040 2388 2192 2434 retur
2225 2376 2462 2436 Libanus
2496 2382 2640 2438 sicut
2675 2398 2829 2439 mons
2868 2384 3131 2446 Chermel,
3165 2394 3219 2439 et
3256 2385 3503 2444 Chcrmel
3543 2392 3598 2445 in

2042 2472 2234 2527 saltum
2273 2474 2610 2544 reputabitur
2643 2474 2668 2531 ?
2712 2494 2731 2530 ι
2789 2475 3049 2533 Libanum
3089 2479 3302 2548 quidem
3343 2482 3596 2550 p0pulmn

2042 2578 2109 2621 ex
2149 2565 2418 2635 gentibus,
2445 2565 2748 2622 Carmelum
2788 2583 2915 2623 vero
2949 2567 3226 2624 Iudaicam
3259 2581 3471 2640 gentem
3506 2587 3599 2627 vo-

2044 2666 2151 2711 cat.
2192 2655 2305 2712 Ceu
2332 2659 2617 2725 quemdam
2665 2658 2862 2713 saltum
2901 2660 3192 2729 agrestium
3220 2671 3275 2716 et
3303 2660 3600 2717 infructuoo

2043 2762 2223 2803 sarum
2252 2749 2507 2804 arborum
2533 2746 2649 2803 fore
2675 2746 2955 2803 Iudaicum
2979 2749 3232 2818 p0pulum
3248 2751 3596 2805 vaticinatur.

2041 2842 2304 2898 Libanum
2340 2851 2539 2907 autem,
2562 2843 2654 2912 qui
2688 2842 2814 2897 olim
2861 2843 3019 2898 saltui
3044 2844 3236 2901 similis
3263 2856 3402 2909 erat,
3431 2860 3598 2915 popu-

2043 2931 2154 2988 lum
2179 2932 2429 2989 videlicet
2456 2948 2525 2988 ex
2550 2934 2823 3004 gentibus,
2865 2934 3101 2989 futurum
3132 2935 3228 2999 ait,
3257 2936 3432 3006 qualis
3466 2936 3595 2990 olim

2041 3030 2160 3079 erat
2202 3021 2457 3080 Judaicus
2499 3024 2764 3093 populus,
2820 3024 3035 3095 plenum
3088 3026 3243 3084 bonis
3292 3008 3594 3090 arboribus,

2040 3115 2387 3186 omniumque
2411 3130 2665 3187 generum
2696 3116 2897 3187 plantis
2916 3125 2969 3171 et
2990 3115 3276 3173 fructibus.

2112 3206 2274 3265 Vens.
2304 3206 2389 3263 l8.
2426 3227 2445 3260 ι
2480 3207 2544 3262 Ει
2568 3207 2786 3263 audient
2824 3207 2877 3263 in
2905 3207 3112 3269 diefilla
3137 3209 3284 3264 surdi
3313 3223 3595 3265 sermones

2040 3300 2186 3365 libri,
2214 3311 2268 3357 et
2304 3302 2394 3371 qui
2435 3301 2488 3355 in
2529 3301 2801 3367 tenebris,
2839 3311 2894 3355 et
2930 3302 3021 3371 qui
3056 3302 3109 3356 in
3150 3300 3414 3371 caligine;
3453 3299 3597 3356 oculi

2041 3406 2305 3448 caecorum
2360 3391 2637 3446 videbunt.
2688 3408 2710 3442 ι
2750 3389 2919 3460 Cujus
2971 3389 3139 3454 libri.
3184 3390 3286 3444 nisi
3342 3389 3588 3459 hujusce,

2040 3496 2198 3551 quem
2238 3495 2346 3550 pra:
2386 3481 2629 3535 manibus
2664 3480 2959 3544 habemus,
3000 3482 3066 3536 de
3103 3494 3211 3549 quo
3249 3494 3409 3549 supra
3448 3479 3596 3535 dice-

2042 3576 2234 3641 batur,
2271 3591 2290 3625 ι
2328 3573 2493 3628 Vobis
2529 3573 2691 3628 verba
2729 3571 2844 3627 haec
2878 3571 3058 3627 omnia
3082 3610 3100 3634 ,
3137 3569 3285 3624 velut
3320 3585 3599 3626 sermones

2043 3668 2240 3739 signati
2280 3666 2400 3725 libri
2450 3666 2649 3737 hujus?
2686 3685 2706 3720 ι
2746 3663 2943 3721 Verum
2985 3663 3033 3718 ei
3079 3662 3170 3733 qui
3218 3661 3347 3717 olim
3383 3662 3597 3730 quidem

388 3678 530 3733 ϐλίου
554 3679 647 3734 τοῦ
677 3682 1108 3752 ὲσφραγισμένου
1129 3682 1337 3738 τούτου.
1357 3703 1378 3737 ι
1426 3683 1585 3739 Ἀλλά
1610 3684 1688 3756 τῷ
1721 3684 1819 3755 μέν
1848 3703 1943 3739 πο-

2043 3760 2341 3829 Carmelus,
2372 3761 2466 3817 sed
2493 3760 2604 3830 jam
2629 3766 2868 3815 mutatus
2890 3767 2973 3814 est
2999 3758 3054 3811 in
3078 3754 3296 3822 saltum,
3318 3761 3481 3810 erunt
3505 3753 3600 3807 im-

389 3788 448 3824 τε
476 3772 772 3845 Καρμήλῳ,
797 3773 1179 3845 μεταϐληθέντι
1209 3774 1268 3828 δὲ
1299 3775 1378 3839 εἰς
1409 3775 1633 3848 δρυμὸν,
1660 3776 1870 3832 ἔσονται
1890 3780 1940 3831 οἱ

390 3861 529 3931 λόγοι
570 3864 663 3917 τοῦ
709 3844 911 3934 βιϐλίου
961 3844 1057 3936 τῆς
1106 3844 1938 3941 προφητείαςνὲσφραγισμένοι·

2041 3854 2193 3925 jusce
2239 3854 2361 3909 libri
2409 3861 2465 3909 et
2515 3852 2814 3924 prophetiae
2856 3863 3133 3907 sermones
3184 3844 3600 3918 obsignati;illi

386 3957 494 4019 τοῖς
521 3956 578 4009 δὲ
605 3955 771 4009 πάλαι
802 3934 1026 4026 τυφλοῖς
1061 3934 1160 4011 καί
1182 3934 1239 4011 ὲν
1370 3934 1568 4031 δρυμῷ-
1712 3934 1938 4016 Λιϐάνου

2044 3959 2173 4001 vero
2210 3943 2303 4015 qui
2339 3945 2466 4000 olim
2504 3944 2653 4007 caeci,
2691 3952 2747 3997 et
2783 3941 2837 3996 in
2874 3939 3013 3996 saltu
3050 3936 3241 4023 Libani
3282 3934 3602 4006 reputaban-

382 4046 798 4117 λελογισμένοις,
836 4047 1241 4119 μεταϐληθεῖσιν
1264 4027 1356 4101 ἐπὶ
1378 4027 1438 4102 τὸ
1462 4027 1665 4121 ἥμερον
1698 4050 1792 4105 καὶ
1812 4068 1938 4122 καρ-

2048 4044 2133 4090 ιυι·
2172 4050 2311 4100 esse,
2352 4044 2636 4105 postquam
2684 4030 2753 4087 ad
2798 4040 3132 4086 mansuetum
3165 4038 3222 4085 et
3260 4027 3600 4084 fructuosum

382 4138 639 4209 ποφόρον,
688 4138 940 4192 ἀκουστοὶ
981 4139 1297 4211 γενήσονται
1343 4140 1393 4193 oi
1445 4139 1589 4209 λόγοι
1610 4140 1718 4194 τῶν
1773 4120 1929 4195 θείων

2046 4138 2249 4180 morem
2266 4125 2503 4179 translati
2517 4123 2737 4188 fuerint,
2754 4121 3061 4176 divinarum
3076 4120 3351 4189 Scriptura
3360 4133 3475 4173 rum
3487 4131 3603 4172 ser-

380 4234 722 4305 γραμμάτων
740 4250 754 4263 ο
791 4233 883 4287 καὶ
917 4232 967 4284 oi
996 4210 1161 4286 πάλαι
1181 4232 1236 4286 δὲ
1264 4231 1413 4296 ὄντες
1448 4234 1506 4286 ὲν
1534 4231 1613 4303 τῷ
1648 4232 1829 4286 σκότει
1855 4232 1938 4286 καὶ

2047 4232 2236 4273 mones
2267 4217 2527 4282 audient;
2566 4225 2620 4271 et
2654 4215 2744 4286 qui
2778 4213 2906 4269 olim
2940 4215 2993 4269 in
3024 4212 3260 4269 tenebris
3292 4222 3348 4267 et
3372 4210 3604 4280 caligine

592 4324 807 4397 ὁμίχλῃ,
835 4324 974 4377 ὥστε
1004 4323 1079 4396 μὴ
1108 4324 1322 4394 βλέπειν
1347 4325 1485 4395 μήτε
1515 4299 1776 4390 συνιέναι,
1808 4323 1938 4395 μήτε

2047 4311 2422 4375 versabantur,
2480 4309 2551 4363 ita
2582 4317 2639 4361 ut
2680 4321 2785 4362 non
2816 4305 3093 4369 viderent,
3125 4318 3299 4374 neque
3342 4299 3605 4370 intellige-

586 4385 1032 4485 δίάῃτὸντυφλοὺς
1059 4385 1202 4485 ἐχειν
1245 4385 1370 4477 τοὺς
1409 4385 1741 4485 ὸφθαλμοὺς,
1764 4385 1938 4480 οῦτοι,

2051 4410 2189 4467 rent,
2223 4415 2397 4470 neque
2420 4399 2753 4468 cogitarent,
2784 4401 2910 4467 quia
2941 4397 3113 4452 oculis
3141 4397 3268 4450 caeci
3290 4401 3448 4447 erant
3473 4432 3489 4457 ,
3515 4393 3603 4447 in-

377 4510 683 4583 παραδόξου
716 4508 1012 4580 μεταϐολῆς
1041 4506 1374 4572 ἀξιωθέντες,
1412 4505 1605 4576 θεωροὶ
1629 4507 1938 4578 γενήσονται

2049 4501 2358 4562 exspectata
2389 4490 2686 4548 mutatione
2724 4489 2963 4559 dignati,
2996 4488 3370 4558 mysteriorum
3407 4488 3463 4540 in
3510 4498 3601 4539 sa-

378 4579 489 4656 τῶν
502 4579 753 4656 ἐναποκει
759 4599 930 4670 μένων
944 4600 1120 4662 ἐντοῖς
1139 4597 1300 4663 θείοις
1312 4597 1596 4669 γράμμασι
1618 4597 1938 4668 μυστηρίων.

2050 4587 2159 4642 cris
2191 4584 2385 4641 litteris
2417 4583 2819 4647 reconditorum
2846 4579 3213 4655 speculatores
3244 4587 3424 4633 erunt.

455 4714 475 4745 ι
495 4695 607 4747 Καὶ
640 4691 1049 4761 ἀγαλλιάσονται
1074 4690 1275 4760 πτωχοὶ
1304 4688 1391 4742 διὰ
1428 4688 1629 4760 Κύριον
1650 4690 1708 4741 ὲν
1746 4688 1938 4759 εὐφρο-

2120 4678 2285 4734 Vsns.
2332 4678 2422 4735 l9:
2489 4696 2508 4731 ι
2549 4677 2615 4732 Ει
2662 4678 3009 4733 exsultabuut
3054 4688 3312 4745 pauperes
3382 4681 3604 4744 propter

2050 4770 2332 4827 Dominum
2360 4770 2653 4837 inlmtitia,
2693 4782 2748 4826 et
2769 4785 2862 4839 spe
2914 4768 3154 4824 destituti
3199 4765 3467 4829 homines,
3503 4765 3603 4831 im-

2049 4863 2336 4934 plebuntur
2364 4864 2567 4918 laetitia.
2606 4883 2624 4915 ι
2655 4863 2786 4928 Quis
2840 4860 2980 4916 cnim
3025 4872 3263 4928 unquam
3314 4856 3605 4927 cogitasset

2052 4969 2166 5021 eos,
2200 4955 2290 5025 qui
2324 4972 2352 5009 a
2383 4956 2679 5025 majoribus
2710 4951 3025 5015 idololatraa,
3060 4949 3205 5003 atbei
3232 4958 3287 5002 et
3311 4946 3495 5017 impii,
3527 4955 3604 4999 at-

380 4786 538 4859 σύνῃ,
583 4784 676 4839 καὶ
718 4785 769 4837 οἱ
821 4782 1218 4853 ἀπηλπισμένοι
1267 4780 1372 4834 τῶν
1409 4779 1705 4850 ἀνθρώπων
1732 4779 1942 4851 ἐμπλη-

379 4879 671 4949 σθήσονται
698 4877 1051 4950 εὐφροσύνης.
1077 4895 1096 4927 ι
1153 4875 1245 4939 Τίς
1270 4874 1377 4945 γάρ
1413 4874 1507 4928 καὶ
1547 4874 1791 4947 διενοήθη
1827 4876 1943 4929 πώ-

378 4989 510 5024 ποτε
534 4973 660 5034 τοὺς
684 4971 747 5024 ἐκ
778 4970 1024 5042 πατέρων
1042 4968 1445 5041 είδωλολάτρας,
1468 4968 1659 5032 ἀθέους
1674 4970 1830 5034 ὄντας
1849 4970 1945 5023 καὶ
2052 4969 2166 5021 eos.
2200 4968 2290 5025 θυι
2324 4972 2352 5009 ³
2383 4968 2679 5025 maioribus
2710 4968 3025 5049 ¹ξξ⁰¹ίξ¹³ιτ²θν
3060 4968 3205 5003 ³ι¹¹θ¹
3232 4968 3287 5002 e"
3312 4968 3372 5049 "'j

376 5062 595 5126 ἀσεϐεῖς
642 5064 735 5114 καὶ
764 5061 1069 5133 ἀλλοτρίους
1122 5061 1219 5132 τῆς
1261 5059 1511 5130 γνώσεως
1544 5060 1637 5114 τοῦ
1683 5060 1836 5125 Θεοῦ,
1869 5061 1938 5125 είς

2052 5063 2156 5118 que
2183 5064 2212 5102 a
2245 5048 2337 5104 Dei
2364 5049 2670 5119 cognitione
2695 5044 2855 5101 alieni
2895 5052 3081 5110 erant,
3130 5050 3331 5095 tantam
3360 5044 3413 5092 in
3454 5053 3602 5109 spem

379 5154 633 5225 τοιαύτην
662 5154 811 5225 ἥξειν
842 5132 1061 5217 Euthia;
1093 5153 1279 5223 Ὅμως
1310 5153 1354 5206 δ’
1382 5147 1474 5206 οῦν
1517 5153 1610 5205 καὶ
1642 5170 1660 5204 ι
1691 5154 1741 5205 οἱ
1776 5153 1938 5223 ἀπηλ-

2051 5150 2308 5197 venturos
2324 5140 2490 5197 fuisse
2506 5142 2528 5194 ?
2546 5142 2815 5199 Attamen,
2840 5136 2935 5201 ait,
2954 5135 3114 5191 etiam
3135 5134 3194 5197 ii,
3215 5132 3306 5201 qui
3330 5150 3348 5181 ι
3378 5147 3472 5201 spe
3513 5133 3605 5186 dc-

382 5224 655 5316 πισμένοι,
736 5246 887 5315 φησὶ,
942 5244 1050 5297 τῶν
1091 5243 1391 5316 ἀνθρώπων
1464 5242 1937 5316 ὲμπλησθήσονται

2054 5234 2228 5289 stituti
2258 5243 2415 5289 erant
2444 5231 2708 5294 homines,
2745 5224 3341 5299 implebuntur’laetitia.
3388 5242 3406 5274 ι

375 5338 737 5410 εὐφροσύνης.
761 5357 781 5391 ›
1712 5382 1713 5389 η
3111 5323 3121 5332 ’

353 5486 362 5493 _
456 5452 475 5483 ι
500 5431 772 5494 Ὲξὲλιπεν
794 5430 1012 5501 ἄνομος,
1049 5427 1142 5482 καὶ
1182 5426 1426 5481 ἀπώλετο
1458 5429 1822 5499 ὑπερήφανος,
1850 5426 1942 5480 καὶ
2122 5426 2279 5473 Vsus.
2314 5426 2404 5471 20.
2438 5433 2455 5465 ι
2497 5426 2705 5468 Dele-Cll
2744 5426 2981 5480 ιιιιειιιιιε,
3024 5426 3079 5463 ει
3113 5426 3288 5508 PN":
3318 5426 3572 5508 ξυρθτυξξξ

376 5521 852 5595 ἑξωλοθρεύθησαν
885 5497 936 5575 οἱ
969 5518 1292 5591 ἀνομοῦντες
1329 5519 1420 5571 ἐπὶ
1453 5497 1634 5591 κακίαι
1654 5497 1680 5570 ν»
1726 5518 1938 5570 Τούτων

2050 5520 2104 5566 et
2135 5511 2295 5567 deleti
2343 5514 2470 5561 sunt
2513 5504 2696 5573 inique
2750 5512 2972 5572 agentes
3022 5516 3132 5570 pra;
3165 5500 3391 5555 malitia.
3441 5518 3460 5551 ι
3511 5497 3606 5554 l’lis

372 5614 778 5671 ἀπολαύσουσιν
813 5607 956 5667 οῦτοι
999 5612 1216 5677 πάντες,
1247 5612 1432 5680 ἐπειδὴ
1465 5615 1493 5664 ὁ
1521 5611 1684 5666 πάλαι
1729 5608 1938 5680 κρατῶν

2047 5603 2297 5657 fruentur
2332 5600 2385 5654 hi
2419 5610 2640 5664 onmes,
2667 5594 2791 5667 quia
2824 5594 2869 5649 is
2906 5593 2997 5662 qui
3039 5593 3167 5650 olim
3216 5591 3502 5661 imperium
3551 5598 3608 5642 et

451 5728 569 5801 (35)
612 5730 804 5787 Dcesse
836 5726 1046 5785 videtur
1084 5724 1299 5796 aliquod
1335 5727 1581 5794 verbum,
1616 5740 1667 5782 ν.
1692 5739 1768 5793 g.,
1798 5720 1969 5776 καλεῖ.
2002 5718 2159 5775 Eoir.

2118 5417 2279 5473 Vsus.
2314 5417 2404 5471 20.
2438 5433 2455 5465 ι
2496 5412 2705 5468 Deiecit
2744 5411 2981 5480 iniquus,
3024 5417 3079 5463 et
3113 5408 3274 5478 periit
3318 5406 3603 5477 superbus,
