4072 6194
437 256 543 309 503

1093 250 1358 307 EUSEBII
1397 246 1877 305 CIESARIENSIS
1915 246 2066 304 OPP.
2108 246 2288 304 PARS
2326 246 2414 303 Ill.
2455 282 2522 291 —
2561 248 2971 307 EXEGETICA.

3578 254 3682 309 ’504

438 366 772 438 tyrannidem
801 367 851 420 itt
869 379 970 422 eos
992 368 1292 433 obtinebat,
1324 368 1539 438 iniquus
1564 377 1619 422 et
1653 368 1849 439 impius
1876 369 2000 439 qni-

2105 367 2283 420 αύτῶν
2330 368 2423 420 καὶ
2459 367 2756 437 τυραννῶν,
2823 368 3022 439 ἀνομὸς
3058 387 3140 433 τις
3190 370 3284 422 καὶ
3336 367 3531 439 ἀσεϐὴς
3582 370 3679 440 ἀρ-

434 461 556 514 dam
587 459 869 529 princeps,
904 459 1156 514 diabolus
1188 461 1408 530 inquam
1437 499 1453 526 ,
1501 460 1703 516 defecit
1741 472 1796 516 et
1843 462 2004 532 periit

432 551 590 621 longe
619 550 896 622 depulsus,
932 552 1198 620 superbus
1225 553 1332 614 ille.
1365 554 1458 622 qui
1490 553 1618 607 olim
1642 554 1788 624 ipsos
1809 554 1862 608 in
1889 568 2003 609 ser-

432 644 657 698 vitutem
690 644 992 714 redegerat.
1016 643 1129 699 Imo
1144 646 1305 699 etiam
1329 646 1421 714 qui
1440 645 1540 701 sub
1568 646 1808 715 eoimpie
1826 647 2003 702 ctini-

432 751 537 806 que
559 736 808 805 agebant,
829 736 987 792 deleti
1002 744 1159 803 sunt;
1192 736 1415 806 maligni
1434 737 1683 794 videlicet
1711 738 1999 795 daemones.

502 826 667 883 Vens.
696 827 786 881 2t.
825 846 844 879 ι
883 827 984 895 Qui
1016 842 1248 897 peccare
1270 828 1481 885 faciunt
1511 829 1759 885 homines
1802 831 1856 885 in
1890 846 2005 887 ser-

431 933 613 974 mone.
649 919 850 975 Omnes
884 928 1067 975 autem
1099 929 1389 990 arguentes
1424 920 1477 975 in
1510 922 1683 991 portis
1710 922 2005 978 offendicu-

432 1011 543 1066 lum
576 1021 780 1081 ponent
826 1029 839 1064 :
877 1012 1133 1082 quoniam
1171 1014 1527 1068 detorserunt
1565 1014 1633 1068 ad
1665 1014 1865 1085 injusta
1915 1017 2004 1088 ju-

432 1113 595 1158 stum.
636 1122 655 1155 ι
692 1103 821 1158 Nam
856 1105 1135 1174 prophetis
1166 1121 1224 1160 se
1254 1121 1435 1161 coram
1477 1109 1833 1179 arguentibus
1858 1148 1873 1175 ,
1914 1122 2001 1164 se-

431 1211 538 1266 que
566 1211 595 1250 a
632 1197 893 1267 peccandi
916 1198 1309 1254 consuetudine
1342 1200 1715 1255 avertentibus
1736 1240 1752 1264 ,
1782 1200 2006 1271 laqueos

432 1289 742 1355 tendebant,
769 1290 1085 1346 occasiones
1116 1290 1372 1347 adversus
1391 1306 1486 1347 cos
1516 1300 1815 1361 captantes,
1849 1302 1906 1348 ut
1926 1295 2007 1365 ip-

430 1392 521 1434 sos
559 1379 864 1448 perderent.

502 1471 669 1527 Vens.
714 1472 908 1538 22,25.
956 1492 974 1525 ι
1027 1472 1322 1544 Propterea
1378 1474 1494 1531 ha:c
1556 1476 1686 1533 dicit
1745 1478 2007 1534 Dominus

429 1582 592 1635 super
626 1568 844 1623 domum
880 1565 1070 1633 Jacob,
1112 1583 1274 1637 quam
1299 1567 1576 1640 separavit
1599 1583 1667 1625 ex
1696 1569 2002 1625 Abraham:

428 1657 545 1713 Non
584 1672 727 1712 nunc
763 1657 1124 1713 confundetur
1154 1655 1359 1725 Jacob,
1413 1674 1589 1730 neque
1627 1674 1771 1714 nunc
1804 1659 1999 1717 faciem

428 1748 659 1804 mutabit
691 1766 703 1799 :
730 1750 827 1802 sed
876 1748 1094 1817 quando
1133 1748 1396 1804 videbunt
1454 1728 1551 1805 filii
1589 1763 1777 1805 eorum
1831 1765 1998 1822 opera
2030 1728 2073 1783 Β

427 1856 574 1906 mea,
613 1850 835 1911 propter
868 1855 955 1896 me
991 1842 1408 1898 sanctifiCabunt
1453 1857 1648 1899 nomen
1697 1858 1874 1900 meum
1896 1884 1911 1911 ,
1946 1853 2001 1900 et

430 1934 850 1989 sanctificabunt
870 1931 1131 1990 Sanctum
1158 1934 1349 2003 Jacob,
1380 1944 1434 1991 et
1458 1935 1625 1992 Deum
1651 1934 1813 1993 lsrael
1846 1938 2002 1992 time-

426 2027 582 2082 bunt.
627 2049 646 2082 ι
685 2028 790 2084 Vos
813 2029 953 2093 dico,
987 2029 1203 2083 domum
1226 2026 1393 2083 Jacob
1424 2036 1644 2083 vocatos
1683 2047 1699 2083 :
1741 2044 1902 2098 quam
1945 2038 2002 2083 ut

426 2122 683 2192 religioso
729 2122 818 2177 illo
866 2121 1182 2176 Abrahamo
1252 2119 1526 2189 indignam
1602 2120 1903 2189 separavit,
1948 2129 2002 2175 et

427 2216 635 2269 alienos
669 2214 792 2269 illos
834 2213 1017 2284 posuit
1050 2212 1226 2275 Deus;
1270 2212 1397 2281 quia
1444 2225 1504 2266 se
1544 2226 1650 2265 non
1690 2212 2001 2265 Abraham.

430 2307 618 2375 dignos
663 2320 783 2362 esse
838 2304 1094 2373 operibus
1157 2302 1508 2360 exhibebant.
1573 2301 1640 2355 At
1698 2302 1843 2355 enim
1907 2301 1999 2356 ﬁlii

427 2400 661 2454 Abrahae
687 2399 942 2467 operibus
970 2406 1271 2452 noscuntur
1291 2437 1306 2462 ,
1339 2404 1399 2450 ut
1428 2395 1609 2451 docuit
1632 2394 1890 2450 Servator
1915 2395 2001 2451 his

428 2489 641 2544 verbis:
682 2509 699 2540 ι
742 2488 798 2543 Si
854 2488 949 2543 lilii
1006 2488 1237 2543 Abrahae
1287 2486 1499 2550 essetis,
1552 2500 1717 2555 opera
1772 2480 2001 2541 Abrabie

427 2574 675 2631 faceretis
698 2575 764 2626 ’⁷.
802 2593 819 2626 ι
856 2572 1138 2641 Quodnam
1186 2585 1322 2637 vero
1371 2580 1585 2640 tempus
1631 2569 1765 2623 illud
1812 2568 1997 2632 fuerit,

425 2667 529 2721 nisi
557 2681 665 2736 quo
698 2664 861 2720 verba
892 2679 1012 2721 mea
1042 2664 1497 2733 complebuntur,
1535 2678 1656 2719 cum
1694 2662 1791 2719 filii
1833 2663 2001 2719 vestri

426 2759 761 2830 alienigenas
786 2767 841 2814 et
872 2757 1058 2828 generi
1090 2765 1273 2813 vestro
1296 2766 1587 2811 extraneos
1626 2770 1821 2812 nomen
1857 2754 2005 2810 cele—

428 2848 589 2903 brare
623 2863 799 2902 meum
835 2846 1136 2901 videbunt?
1165 2846 1317 2901 Tunc
1367 2846 1512 2900 enim
1543 2845 1645 2915 ipsi
1692 2844 1785 2899 ﬁlii
1831 2845 2001 2901 vestri

426 2939 820 2993 confundantur
843 2946 898 2992 et
920 2940 1242 2993 ernbescent
1264 2976 1279 3002 ,
1308 2938 1633 3007 stupendam
1678 2935 1827 2992 illam
1857 2951 1997 3008 gen-

425 3033 561 3084 tium
596 3030 947 3084 mutationem
982 3038 1269 3083 cernentes
1291 3068 1306 3092 ,
1351 3026 1761 3098 conspicatique
1808 3028 2000 3082 alieni-

426 3137 591 3195 genas
648 3122 894 3175 homines
949 3119 1209 3175 Sanctum
1270 3120 1435 3176 Israel
1487 3130 1540 3174 et
1603 3121 1771 3174 Deum
1830 3118 1999 3175 Jacob

426 3214 790 3278 sanctillcare,
821 3229 884 3267 ac
913 3213 1005 3268 Dci
1042 3213 1418 3270 universorum
1453 3213 1645 3269 timore
1673 3208 1835 3268 allici.

495 3398 661 3455 Vens.
685 3400 775 3454 24.
822 3417 841 3450 ι
875 3398 936 3453 Et
967 3398 1141 3454 scient
1166 3398 1255 3467 qui
1289 3407 1470 3453 errant
1509 3397 1708 3469 spiritu
1731 3438 1748 3466 ,
1797 3396 1999 3453 intelli-

427 3491 664 3564 gentiam
708 3509 722 3546 :
759 3491 848 3561 qui
883 3501 1066 3545 autem
1103 3492 1521 3545 olnnurmurant
1546 3532 1561 3556 ,
1610 3490 1822 3546 discent
1872 3490 2001 3545 obe—

430 3584 713 3650 dientiant,
738 3595 795 3639 et
824 3584 1018 3655 linguae
1042 3582 1408 3637 balbutientes
1445 3581 1654 3636 discent
1706 3579 1853 3651 loqui
1900 3595 2000 3650 pa-

429 3692 565 3732 cem.
608 3697 626 3729 ι
661 3676 883 3747 Lingua!
923 3674 1302 3739 balbutientes,
1333 3688 1451 3743 qua:
1487 3674 1621 3728 nihil
1659 3674 1838 3739 clare,
1864 3672 2000 3729 nihil

428 3786 555 3826 vere
605 3769 751 3837 loqui
805 3774 1079 3837 poterant,
1137 3765 1201 3819 ad
1238 3774 1485 3819 naturam
1520 3779 1784 3835 regressae
1818 3778 1996 3827 suam,

428 3860 732 3914 clarissime
759 3857 1069 3925 loquentur,
1112 3854 1261 3923 pacis
1300 3868 1585 3919 sermones
1630 3852 1874 3918 edoctae;
1909 3860 1999 3905 ut-

428 3961 555 4022 pote
592 3963 711 4019 quae
750 3956 805 4004 et
835 3946 979 4003 bello
1013 3945 1236 4010 liberae,
1263 3954 1318 4000 et
1345 3958 1530 4015 pacem
1572 3957 1695 3998 cum
1736 3942 1845 3998 Deo
1876 3957 1997 3997 am-

427 4043 598 4113 plexa:
624 4042 748 4096 sint.

1008 4129 1237 4186 CAPUT
1271 4128 1437 4185 XXX.

502 4229 665 4284 Vens.
698 4227 813 4282 1-5.
849 4225 960 4293 νω,
1001 4225 1093 4280 filii
1130 4227 1477 4288 desertores,
1527 4223 1659 4278 dicit
1717 4221 1994 4279 Dominus.

358 4374 361 4375 ν
428 4322 635 4379 iniistis
667 4319 974 4383 consilium,
1005 4332 1107 4371 non
1138 4330 1233 4387 per
1257 4332 1342 4371 mc
1385 4334 1399 4383 ;
1435 4325 1488 4371 et
1527 4324 1681 4386 pacta
1709 4356 1724 4379 ,
1770 4329 1876 4369 non
1904 4329 2000 4386 per

2106 476 2237 527 χων,
2274 458 2415 527 λέγω
2459 457 2523 530 δὴ
2573 458 2733 522 αὐτὸς
2775 460 2804 510 ὁ
2854 459 3118 527 διάϐολος,
3165 458 3413 525 ἐξέλιπεν
3450 458 3543 513 καὶ
3579 459 3683 511 ἀπα

2105 547 2273 603 ώλετο
2287 550 2502 622 μακρὰν
2527 549 2792 621 διωχθεὶς,
2809 551 2839 602 ὁ
2862 550 3027 604 πάλαι
3048 549 3590 620 καταδουλωσάμενος
3600 547 3689 603 αὐ-

2102 644 2229 707 τοὺς
2245 644 2419 715 ὑπερή
2427 660 2607 712 (pavo:
2627 642 2762 697 ἀλλὰ
2777 645 2871 697 καὶ
2884 646 2931 696 οί
2949 643 3051 697 ὑπὸ
3065 643 3238 714 τούτῳ
3254 643 3579 707 ἀσεϐοῦντες
3596 642 3690 697 ἐπὶ

2103 734 2285 807 ἀδικίᾳ
2328 734 2820 807 ἐξωλοθρεύθησαν,
2851 734 3051 806 δηλαδὴ
3082 736 3131 788 οἰ
3157 735 3381 806 πονηροὶ
3410 715 3708 804 δαίμονεςδ

2180 846 2197 876 ι
2225 827 2287 880 Οἱ
2344 825 2623 890 ποιοῦντες
2671 824 2989 898 ἀνθρώπους
3041 826 3373 898 ἁμαρτάνειν
3414 828 3473 879 ἐν
3516 825 3683 896 λόγῳ.

2104 917 2388 983 Πάνταςδέ
2415 919 2543 982 τοὺς
2572 918 2895 989 ἐλέγχοντας
2924 918 2981 972 ἐν
3011 916 3205 982 πύλαις
3235 918 3568 989 πρόσκομμα
3589 916 3687 989 θή-

2107 1027 2317 1064 σουσιν·
2348 1011 2432 1064 ὅτι
2476 1009 2813 1078 ἐπλαγίασαν
2871 1010 2957 1062 ἐπ’
2986 1009 3191 1073 ἀδίκοις
3239 1009 3465 1063 δίκαιον.
3491 1027 3511 1061 ι
3545 1009 3686 1073 Τοὺς

2104 1101 2213 1174 γὰρ
2237 1102 2519 1173 προφήτας
2546 1103 2626 1165 εἰς
2658 1102 2948 1172 πρόσωπον
2984 1101 3180 1165 αὐτοὺς
3218 1101 3556 1172 ἐλέγχοντας,
3592 1103 3689 1156 καὶ

2104 1193 2212 1247 τῶν
2263 1191 2678 1264 ἁμαρτημάτων
2713 1192 3141 1265 ἐπιστρέφοντας
3174 1193 3312 1264 (56),
3343 1192 3682 1261 ἐπαγὶδευον,

2104 1284 2277 1350 λαϐὰς
2298 1285 2418 1339 κατ’
2435 1284 2614 1339 αὐτῶν
2630 1283 2955 1357 θηρώμενοι,
2971 1285 3118 1349 ὅπως
3142 1285 3335 1349 αὐτοὺς
3354 1284 3684 1341 ἀπολέσωσι.

2182 1487 2200 1521 ι
2222 1467 2320 1523 Διὰ
2358 1467 2515 1522 τοῦτο
2545 1467 2670 1523 τάδε
2713 1468 2858 1538 λέγει
2889 1468 3091 1538 Κύριος
3126 1467 3218 1520 ἐπὶ
3246 1466 3338 1520 τὸν
3390 1461 3539 1542 οἷκον
3580 1467 3687 1521 Ἰα-

2104 1559 2241 1627 κὼϐ,
2265 1561 2326 1614 δν
2352 1560 2629 1633 ἀφώρισεν
2659 1560 2720 1625 ἐξ
2755 1559 3006 1632 Ἀϐραάμ
3023 1577 3035 1590 ·
3054 1560 3130 1613 Οὐ
3157 1558 3252 1614 νῦν
3265 1558 3686 1631 αἰσχυνθήσεται

2104 1653 2320 1719 Ἰακὼϐ,
2364 1654 2487 1707 οὐδὲ
2538 1654 2633 1708 νῦν
2694 1653 2755 1707 τὸ
2791 1653 3079 1725 πρόσωπον
3122 1653 3416 1725 μεταϐαλεῖ
3440 1670 3455 1684 ο
3493 1653 3609 1707 ἀλλ’
3632 1653 3691 1707 ὃ·

2100 1766 2198 1804 ταν
2226 1749 2377 1803 ῐδωσι
2403 1748 2472 1801 τὰ
2495 1749 2659 1801 τέκνα
2684 1747 2863 1801 αὐτῶν
2890 1745 2960 1799 τὰ
2979 1745 3117 1818 ἔργα
3141 1763 3263 1817 μου,
3297 1745 3367 1799 δι’
3404 1744 3505 1816 ἐμὲ
3527 1746 3687 1814 ἀγιά-

2104 1858 2256 1895 σουσι
2279 1840 2342 1894 τὸ
2370 1839 2543 1911 ὄνομά
2574 1856 2698 1910 μου,
2728 1839 2824 1893 καὶ
2851 1838 3137 1908 ἀγιάσουσι
3151 1837 3242 1891 τὸν
3258 1838 3446 1906 ’Ἀγιον
3466 1836 3685 1902 Ἰακὼϐ,

2102 1931 2313 1986 καὶτὸν
2336 1930 2469 1985 Θεὸν
2522 1930 2617 1985 τοῦ
2661 1930 2875 2005 Ἰσραὴλ
2923 1930 3341 2003 φοϐηθήσονται.
3364 1948 3382 1982 ι
3426 1929 3602 2002 ’Υμᾶς
3628 1930 3687 1983 δὲ

2100 2026 2263 2094 λέγω,
2294 2026 2387 2078 τὸν
2444 2024 2779 2096 καλούμενον
2828 2020 2974 2078 οἷκον
3014 2023 3227 2090 Ἰακὼϐ,
3276 2022 3338 2078 ὃν
3386 2024 3488 2077 οὐκ
3536 2023 3690 2091 ἄξιον

2100 2119 2229 2172 ὄντα
2271 2116 2367 2169 τοῦ
2413 2115 2693 2186 θεοφιλοῦς
2736 2115 2944 2169 ἐκείνου
2986 2115 3236 2188 Ἀϐραὰμ
3289 2115 3554 2186 ἀφώρισε,
3592 2116 3691 2170 καὶ

2099 2207 2541 2278 ἀπηλλοτρίωσεν
2570 2207 2769 2271 αὐτοὺς
2799 2208 2829 2260 ὁ
2858 2204 3007 2271 Θεὸς,
3034 2206 3124 2260 διὰ
3164 2206 3224 2259 τὸ
3258 2206 3333 2278 μὴ
3359 2209 3473 2270 τοῖς
3504 2207 3691 2279 ἔργοις

2099 2296 2281 2364 ἀξίους
2311 2297 2406 2351 τοῦ
2444 2296 2691 2369 Ἀϐραὰμ
2716 2297 3053 2369 καταστῆσαι
3083 2297 3328 2362 ἑαυτούς.
3361 2298 3443 2351 Τὰ
3462 2297 3571 2370 γὰρ
3598 2298 3691 2353 τέο

2099 2406 2203 2442 κνα
2227 2388 2323 2442 τοῦ
2361 2388 2612 2461 Ἀϐραὰμ
2638 2389 2727 2443 διὰ
2759 2389 2867 2444 τῶν
2897 2389 3071 2463 ἔργων
3103 2391 3441 2463 γνωρίζεται,
3474 2390 3693 2451 ὡς’ἐδί-

2097 2480 2254 2545 δαξεν
2284 2482 2312 2534 ὁ
2341 2479 2529 2553 Σωτὴρ
2562 2479 2760 2535 εἰπών·
2813 2501 2831 2533 ι
2856 2482 2919 2535 Εἰ
2953 2482 3119 2536 τέκνα
3149 2482 3247 2536 τοῦ
3290 2482 3540 2555 Ἀϐραὰμ
3566 2479 3689 2555 ἦτε,

2096 2573 2166 2627 τὰ
2192 2572 2329 2643 ἔργα
2359 2574 2453 2627 τοῦ
2500 2573 2751 2644 Ἀϐραὰμ
2780 2574 3034 2630 ἐποιεῖτε.
3064 2576 3217 2640 ι’Τίς
3254 2576 3298 2630 δ’
3322 2576 3388 2631 ἂν
3415 2576 3501 2649 εἴη
3535 2572 3691 2643 οὗτος

2098 2668 2127 2719 ὁ
2150 2668 2359 2738 καιρὸς,
2390 2667 2426 2738 ἢ
2458 2666 2601 2738 ὁτῆς
2631 2666 2910 2730 ἐκϐάσεως
2934 2666 3041 2721 τῶν
3071 2666 3219 2737 ἐμῶν
3244 2667 3437 2736 λόγων,
3477 2668 3598 2721 καθ’
3630 2668 3691 2723 ὃν

2099 2759 2169 2812 τὰ
2194 2760 2360 2812 τέκνα
2386 2757 2456 2812 τὰ
2489 2758 2732 2829 ὑμέτερα
2769 2759 2892 2822 τοὺς
2916 2758 3219 2827 ἀλλογενεῖς
3257 2759 3353 2813 καὶ
3381 2759 3689 2831 ἀλλοτρίους

2099 2850 2194 2904 τοῦ
2226 2850 2496 2922 ἡμετέρου
2525 2850 2715 2919 γένους
2744 2850 2964 2920 ὄψονται
2993 2850 3313 2917 δοξάζοντας
3337 2852 3397 2906 τὸ
3422 2854 3557 2925 ἐμὸν
3576 2854 3689 2908 δνο-

2108 2958 2219 3012 μα;
2252 2941 2388 2995 Τότε
2415 2940 2525 3013 γὰρ
2554 2940 2696 2995 αὐτὰ
2724 2940 2793 2995 τὰ
2821 2942 3067 3013 ὑμέτερα
3095 2943 3258 2997 τέκνα
3287 2944 3686 3016 καταισχυνθή-

2103 3052 2256 3090 σεται
2286 3036 2381 3088 καί⁵
2419 3035 2871 3107 διατραπήσεται,
2911 3037 3122 3109 ὁρῶντα
3166 3039 3228 3091 τὸ
3257 3038 3558 3111 παράδοξον
3590 3040 3685 3110 τῆς

2101 3127 2208 3180 τῶν
2234 3127 2403 3181 ἐθνῶν
2439 3128 2762 3199 μεταϐολῆς,
2792 3128 2886 3182 καὶ
2912 3130 2988 3192 ὡς
3012 3130 3293 3200 ἀλλόφυλοί
3326 3149 3467 3196 τινες
3500 3132 3687 3203 ἄνδρες

2108 3216 2201 3269 τὸν
2220 3217 2408 3285 Ἃγιον
2423 3217 2517 3271 τοῦ
2552 3219 2765 3291 Ἰσραὴλ
2794 3220 2888 3274 καὶ
2914 3219 3006 3273 τὸν
3032 3220 3163 3273 Θεὸν
3178 3220 3271 3273 τοῦ
3310 3220 3502 3274 Ἰακὼϐ
3532 3224 3690 3292 ἁγιά-

2103 3307 2271 3373 ζουσι,
2287 3310 2381 3362 καὶ
2402 3309 2564 3379 φόϐον
2576 3310 2930 3365 ἀναλάϐονται
2949 3311 3060 3382 (57)
3075 3310 3169 3364 τοῦ
3186 3312 3277 3364 ἐπὶ
3296 3312 3512 3365 πάντων
3527 3312 3698 3369 Θεοῦ.’

2177 3418 2196 3452 ι
2221 3402 2331 3454 Καὶ
2361 3400 2658 3469 γνώσονται
2683 3403 2733 3455 οἱ
2772 3402 3113 3473 πλανώμενοι
3138 3403 3213 3474 τῷ
3242 3404 3510 3475 πνεύματι
3569 3406 3690 3460 σύν.

2102 3510 2216 3546 εσιν
2239 3510 2252 3523 ·
2298 3494 2348 3545 οἱ
2377 3494 2435 3547 δὲ
2461 3484 2835 3564 γογγύζοντες
2852 3495 3183 3569 μαθήσονται
3240 3497 3553 3563 ὑπακούειν,
3588 3499 3689 3552 καὶ

2101 3586 2158 3639 αἰ
2198 3584 2436 3654 γλῶσσαι
2471 3588 2529 3641 αἱ
2558 3587 2903 3657 ψελλίζουσαι
2954 3588 3288 3663 μαθήσονται
3329 3590 3509 3645 λαλεῖν
3535 3592 3690 3664 εἰρή-

2100 3694 2219 3749 νην.
2248 3697 2264 3728 ι
2313 3679 2377 3732 Δί
2408 3679 2651 3748 γλῶσσαι
2686 3682 2743 3733 ai
2782 3680 3125 3752 ψελλίζουσαι
3156 3682 3252 3737 καὶ
3295 3683 3457 3754 μηδὲν
3488 3685 3689 3755 τρανὸν

2105 3770 2239 3841 μηδὲ
2268 3771 2466 3843 ἀληθὲς
2494 3773 2671 3826 λαλεῖν
2704 3774 3017 3846 δυνάμεναι,
3059 3776 3140 3838 εἰς
3162 3776 3223 3828 τὸ
3249 3775 3388 3830 κατὰ
3414 3776 3573 3845 φύσιν
3595 3775 3687 3828 ἐλ-

2104 3860 2316 3931 θοῦσαι,
2356 3865 2673 3937 τρανώτατα
2702 3867 3016 3937 λαλήσουσι,
3060 3866 3325 3938 μαθοῦσαι
3358 3869 3575 3939 εἰρήνης
3599 3868 3689 3919 λό-

2100 3969 2251 4021 γους,
2277 3956 2353 4020 ὼς
2392 3957 2459 4011 ἂν
2495 3959 2694 4022 παντὸς
2730 3959 3142 4031 ἀπηλλαγμέναι
3182 3958 3439 4030 πολέμου,
3469 3960 3561 4013 καὶ
3587 3972 3687 4032 την

2104 4047 2241 4118 πρὸς
2273 4048 2407 4104 Θεὸν
2436 4051 2659 4122 εἰρήνην
2687 4050 3094 4123 ἀσπασάμεναι.

2640 4144 3037 4198 ΚΕΦΑΛΑΙΟΝ
3064 4143 3141 4196 Λ’.

2179 4254 2196 4287 ι
2220 4236 2355 4289 Ούαὶ
2380 4235 2546 4288 τέκνα
2575 4234 2896 4296 ἀποστάται,
2922 4233 3068 4302 λέγει
3099 4233 3316 4304 Κύριος.
3364 4233 3684 4304 Ἐποιήσατε

2104 4330 2318 4400 βουλὴν,
2343 4329 2404 4382 οὐ
2426 4328 2493 4383 δι’
2518 4327 2673 4397 ἐμοῦ,
2704 4329 2797 4381 καὶ
2828 4326 3116 4396 συνθήκας,
3145 4325 3205 4378 ού
3225 4325 3312 4379 διὰ
3329 4324 3421 4377 τοῦ
3449 4324 3689 4396 πνεύμα-

426 4415 678 4486 spiritum
707 4424 914 4473 meum;
942 4416 1000 4462 ut
1034 4406 1305 4461 adderetis
1333 4412 1552 4475 peccata
1584 4405 1823 4474 peccatis
1865 4422 1879 4459 :
1908 4403 1999 4473 qui

2105 4422 2196 4486 τός
2229 4439 2350 4492 μου,
2372 4419 2686 4491 προσθεῖναι
2728 4419 3004 4491 ἁμαρτίας
3056 4416 3139 4485 ἐφ’
3177 4415 3469 4487 ἁμαρτίας,
3501 4418 3551 4469 οἰ
3583 4433 3685 4469 πο-

427 4509 635 4563 vadunt
692 4513 749 4559 et
821 4500 1157 4557 descendunt
1218 4498 1273 4552 in
1325 4496 1650 4568 Egyptum,
1691 4511 1777 4551 me
1824 4506 2000 4551 autem

430 4618 535 4657 non
564 4601 993 4667 interrogarunt,
1018 4603 1076 4646 nt
1102 4590 1359 4644 auxilium
1384 4591 1620 4644 habeant
1646 4604 1674 4643 a
1695 4587 2000 4653 Pharaone,

430 4707 486 4753 et
527 4700 878 4765 protegantur
911 4689 979 4743 ab
1024 4683 1316 4756 Egyptiis.
1346 4683 1467 4737 Erit
1516 4683 1663 4738 enim
1695 4682 1852 4738 vobis
1880 4696 2004 4751 pro-

431 4792 597 4849 tectio
633 4785 933 4843 Pharaonis
965 4785 1019 4838 in
1067 4780 1464 4842 confusionem,
1499 4789 1554 4835 et
1602 4779 1669 4835 iis
1694 4779 1787 4848 qui
1834 4778 2005 4832 contio

432 4889 569 4940 dunt
611 4882 667 4938 in
722 4880 996 4951 Aigypto,
1034 4874 1385 4947 opprobrium
1418 4889 1431 4924 :
1464 4873 1721 4943 quoniam
1772 4880 1901 4926 sunt
1950 4871 2005 4925 in

434 4976 567 5031 Tani
589 4974 880 5045 principes,
903 4969 1075 5040 angeli
1101 4968 1248 5025 mali.
1276 4966 1495 5022 Frustra
1522 4965 1846 5021 laborabunt
1866 4964 2006 5034 apud

433 5071 714 5139 pOpnlum,
740 5065 831 5137 qni
858 5062 938 5119 eis
971 5078 1075 5118 non
1103 5060 1346 5130 proderit
1372 5060 1438 5114 ad
1470 5058 1733 5113 auxilium
1758 5098 1773 5124 ,
1818 5058 1911 5113 sed
1938 5056 2005 5111 ad

439 5159 808 5213 confusionem
830 5152 1279 5225 etopprobrium.
1314 5170 1331 5204 ι
1369 5155 1565 5221 Aperte
1592 5149 1856 5214 declarat,
1882 5159 2009 5203 tunc

437 5250 716 5302 daemonas
757 5247 813 5301 in
862 5246 1100 5317 IEgypto
1141 5242 1330 5307 fuisse,
1380 5256 1519 5312 quos
1562 5240 1789 5312 angelos
1834 5239 2009 5294 malos

438 5343 747 5403 nuncupat,
780 5334 872 5405 qui
899 5336 1069 5391 ntulta
1117 5334 1483 5404 operabantur
1543 5332 1595 5387 in
1644 5331 1737 5386 illa
1785 5328 2007 5402 Egypti

437 5430 657 5484 civitate
699 5442 819 5498 qua:
858 5427 1057 5484 dicitur
1077 5428 1244 5485 Tanis
1269 5468 1284 5494 ,
1318 5427 1405 5482 ubi
1440 5426 1529 5483 illo
1576 5434 1817 5495 tempore
1859 5425 2007 5493 regia

506 5548 549 5578 ⁸⁷
573 5545 731 5602 Joan.
758 5562 876 5613 vni,
899 5545 989 5600 59.

507 5644 618 5713 (56)
660 5630 870 5715 Mallem
902 5643 1081 5715 legere
1105 5643 1567 5715 ἀποστρέφοντας.
1596 5642 1755 5715 Εωτ.

2114 4514 2391 4585 ρευύμενοι
2433 4511 2736 4583 καταϐῆναι
2785 4513 2863 4574 εἰς
2895 4510 3185 4579 Αἴγυπτον,
3226 4509 3324 4581 ἐμὲ
3356 4509 3414 4562 δὲ
3457 4510 3555 4562 ούκ
3586 4508 3691 4561 ἐπ-

2112 4603 2419 4675 ηρώτησαν,
2463 4602 2555 4655 τοῦ
2587 4601 2843 4673 βοηθῆναι
2869 4600 2973 4654 ύπὸ
3016 4597 3234 4671 Φαραὼ,
3259 4599 3353 4653 καὶ
3375 4596 3690 4668 σκεπασθῆ-

2113 4712 2198 4748 ναι
2248 4694 2353 4747 ύπὸ
2378 4693 2708 4761 Αἰγυπτίων.
2756 4692 2946 4746 Ἔσται
2976 4691 3084 4761 γάρ
3122 4692 3248 4761 ύμῖν
3278 4688 3451 4761 σκέπη
3487 4687 3691 4760 Φαραὼ

2114 4787 2191 4849 εἰς
2225 4786 2504 4857 αἰσχύνην,
2539 4789 2633 4839 καὶ
2665 4788 2775 4850 τοῖς
2800 4776 3123 4854 ςπέποιθάσιν
3148 4784 3234 4836 ἐπ’
3258 4782 3531 4851 Αἴγυπτον
3555 4781 3690 4835 ὄνει-

2112 4874 2234 4938 δος⁸
2276 4876 2357 4929 ὅτι
2412 4876 2550 4928 εἰσὶν
2583 4878 2640 4929 ἐν
2671 4876 2831 4930 Τάνει
2863 4874 3115 4945 ἀρχηγοὶ,
3169 4872 3389 4941 ἄγγελοι
3437 4872 3684 4942 πονηροί.

2114 4967 2306 5037 Μάτην
2332 4966 2651 5020 κοπιάσουσι
2674 4966 2810 5039 πρὸς
2836 4966 2984 5029 λαὸν,
3009 4964 3181 5029 ὅςούκ
3203 4962 3469 5034 ὠφελήσει
3490 4960 3691 5024 αὐτοὺς

2113 5058 2194 5122 εἰς
2226 5057 2497 5129 βοήθειαν,
2528 5058 2661 5113 ἀλλὰ
2685 5061 2764 5123 εἰς
2790 5058 3051 5130 αἰσχύνην
3078 5059 3170 5112 καὶ
3198 5057 3414 5120 ὄνειδος.
3442 5076 3460 5107 ι
3492 5053 3689 5123 Σαφῶς

2115 5152 2357 5223 παριστᾷ
2384 5151 2662 5220 γεγονέναι
2699 5153 2820 5205 τότε
2872 5151 3001 5225 παρ’
3044 5149 3360 5220 Αἰγυπτίοις
3392 5147 3685 5218 δαίμονας,

2114 5242 2377 5311 ἀγγέλους
2403 5262 2534 5315 πονη
2544 5245 2667 5318 pob;
2690 5244 2944 5316 ὀνομάζει
2968 5245 3181 5309 αὐτοὺς,
3210 5243 3260 5296 οἳ
3283 5240 3513 5311 μάλιστα
3534 5240 3685 5312 ἐνήρ·

2114 5351 2243 5403 γουν
2266 5336 2334 5389 τά
2366 5338 2532 5392 πολλὰ
2558 5341 2615 5392 ἐν
2653 5340 2718 5409 τῇ
2746 5338 3052 5409 καλουμένῃ
3084 5335 3235 5389 πόλει
3270 5334 3369 5405 τῆς
3405 5332 3685 5402 Αἰγύπτου

2115 5426 2299 5493 Τάνει,
2321 5430 2448 5484 ἔνθα
2459 5432 2519 5484 τὸ
2536 5431 2803 5501 βασίλειον
2818 5431 2911 5486 τοῦ
2929 5427 3127 5500 Φαραὼ
3149 5426 3268 5481 κατ’
3283 5427 3460 5479 ἐκεῖνο
3478 5424 3683 5497 ἵδρυτο.

508 5703 620 5785 (57)
666 5716 777 5772 Vox
831 5703 1187 5769 ἀναλάϐονται
1228 5703 1411 5771 merus
1466 5703 1549 5773 est
1587 5710 1987 5781 barbarismus,

2104 5711 2189 5782 ius
2220 5710 2336 5769 loco
2369 5708 2649 5781 legendum
2690 5706 3184 5780 ἀναλαμϐάνονται.
3227 5703 3388 5762 Eutr.
