4072 6194
325 362 441 420 305

1265 356 1763 423 COMMENTARIA
1802 368 1867 423 IN
1909 368 2165 425 lSAlAM.
2205 399 2275 434 τ
2310 364 2672 433 CAR—XXX."

3472 387 3574 441 306

331 481 490 554 Πλὴν
525 482 662 538 ἀλλά
698 482 787 535 καὶ
813 472 987 548 οὗτῦἷ,
1024 471 1208 552 φησὶν,
1262 484 1312 535 οἱ
1347 466 1411 537 ἐν
1465 486 1627 541 Τάνει
1659 488 1890 559 ἀρχηγοὶ

2016 486 2317 544 Pharaonis
2349 497 2487 547 erat.
2512 490 2782 546 Caeterum
2810 492 2866 547 hi
2895 507 3143 564 quoque,
3175 492 3284 561 ait,
3308 498 3578 571 principes

334 581 569 649 ἄγγελοι
618 579 834 649 πονηροὶ
863 576 1016 631 οὐδὲν
1045 576 1413 648 ὠφελήσουσιν
1439 582 1517 643 είς
1554 580 1613 633 τὸ
1641 581 1913 652 ἐπαμῦναι

2020 576 2229 632 Taneos
2250 619 2265 644 ,
2292 580 2467 648 angeli
2497 580 2656 648 mali,
2687 582 2818 636 nihil
2841 583 3105 651 juvabunt
3134 599 3227 640 eos
3246 625 3261 649 ,
3289 588 3383 656 qui
3420 591 3487 643 ad
3520 606 3582 645 se

340 673 460 736 τοῖς
495 668 890 743 προφυγοῦσιν
914 669 1118 735 αὐτοῖς,
1147 669 1239 723 καὶ
1255 668 1352 741 τὴν
1374 668 1434 734 ἐξ
1456 670 1632 723 αὐτῶν
1667 671 1890 743 βοήθεια·

2016 669 2358 741 confugient,
2381 680 2436 725 et
2462 687 2616 741 Opem
2645 673 2881 742 ipsorum
2916 674 3301 742 implorabant.
3333 678 3487 744 Quod
3519 695 3578 736 re

347 763 856 834 ἀνακαλεσαμένοις.
904 762 1015 815 Καὶ
1042 762 1224 826 αὐτοῖς
1254 761 1435 834 ἔργοις
1474 764 1771 836 ἐπληροῦτο
1792 765 1911 819 καθ’

345 857 404 909 δν
448 856 626 927 χρόνον
664 856 694 907 ὀ
739 855 849 908 τῶν
900 854 1256 909 Βαϐυλωνίων
1290 854 1562 926 βασιλεὺς,
1604 857 1911 929 ὑποχείριον

346 949 694 1018 ποιησάμενος
748 946 849 1017 τὴν
881 945 1172 1015 Αἴγυπτον,
1220 946 1282 999 ού
1319 947 1509 1017 μόνους
1563 949 1907 1017 Αἰγυπτίους,

337 1041 461 1095 ἀλλά
486 1041 577 1094 καὶ
596 1039 709 1093 τῶν
743 1039 1012 1092 Ἰουδαίων
1033 1040 1159 1103 τοὺς
1185 1039 1505 1112 πρόσφυγας
1529 1040 1724 1105 αὐτοὺς
1753 1059 1907 1111 γενο-

328 1134 534 1204 μένους,
562 1133 823 1205 πολεμῶν
848 1132 985 1203 ὁμοῦ
1020 1132 1525 1205 ἐξηνδραποδίσατο.
1554 1134 1626 1187 Τὸ
1654 1133 1909 1205 τηνικαῦ-

320 1243 385 1279 τα
410 1227 517 1299 γάρ
545 1228 578 1297 ή
608 1227 705 1279 ἐπὶ
738 1224 940 1297 Φαραὼ
968 1225 1075 1278 τῶν
1121 1226 1387 1281 Ἰουδαίων
1422 1227 1576 1291 ἐλπὶς
1613 1227 1693 1291 είς
1715 1227 1906 1299 αἰσχύ-

318 1338 413 1392 νην
442 1320 537 1372 καὶ
562 1318 770 1381 ὄνειδος
792 1317 977 1379 αὐτοῖς
1009 1316 1373 1389 περιετράπη.

391 1412 498 1465 «Ἠ
527 1411 727 1482 ὅρασις
782 1408 890 1462 τῶν
917 1408 1258 1480 τετραπόδων
1308 1407 1415 1462 τῶν
1470 1411 1529 1461 ἐν
1576 1412 1641 1480 τῇ
1691 1411 1901 1482 ἐρήμῳ.

317 1503 659 1573 (Σύμμαχος,
674 1499 890 1569 Λῆμμα
916 1497 1153 1567 κτηνῶν
1174 1500 1411 1568 Νότου.)
1429 1499 1516 1553 Ἐν
1542 1502 1605 1572 τῇ
1628 1500 1906 1571 θλίψεικαὶ

318 1599 383 1666 τῇ
420 1593 749 1664 στενοχωρία
778 1592 914 1644 λέων
939 1591 1033 1644 καὶ
1064 1591 1301 1660 σκύμνος
1324 1591 1554 1659 λέοντος,
1582 1593 1789 1649 ἐκεῖθεν
1814 1595 1905 1648 καὶ

321 1686 551 1749 ἀσπίδες
576 1687 667 1739 καὶ
688 1685 883 1754 ἐκγονα
907 1683 1148 1738 ἀσπίδων
1174 1684 1503 1755 πετομένων,
1526 1685 1575 1738 οἳ
1599 1685 1788 1757 ἔφερον
1812 1688 1905 1739 ἐπὶ

324 1780 465 1833 ὄνων
495 1780 590 1832 καὶ
626 1778 874 1849 καμήλων
904 1777 996 1831 τὸν
1021 1775 1247 1831 πλοῦτον
1291 1778 1469 1832 αὐτῶν
1499 1779 1633 1851 πρὸς
1666 1779 1834 1843 ἔθνος,
1874 1780 1904 1833 ὃ

328 1870 432 1941 οῦκ
460 1869 728 1939 ὠφελήσει
777 1866 1002 1931 αὐτούς·
1027 1886 1046 1918 ι
1081 1867 1170 1920 διὰ
1209 1867 1270 1921 τὸ
1297 1868 1503 1940 ἔρημον
1554 1865 1689 1921 εἶναι
1720 1871 1899 1925 πᾶσαν

335 1952 493 2028 Θεοῦ,
530 1960 899 2032 πεπληρῶσθαι
925 1961 983 2014 δὲ
1016 1962 1358 2033 τετραπόδων
1401 1961 1510 2015 τῶν
1558 1962 1688 2033 παρ’
1718 1964 1897 2026 αὐτοῖς

337 2054 765 2124 θεοποιουμένων,
797 2054 1021 2108 καὶτῶν
1047 2054 1173 2124 παρ’
1190 2054 1371 2118 αὐτοῖς
1394 2055 1759 2126 ἐνεργούντων
1784 2055 1897 2109 δαι⁸

335 2148 526 2217 μόνων.
568 2146 709 2216 Αὕτη
765 2147 945 2200 τοίνυν
980 2148 1012 2216 ή
1046 2148 1233 2218 ὅρασις
1270 2146 1378 2199 τῶν
1404 2146 1746 2218 τετραπόδων
1790 2149 1897 2203 τῶν

327 2241 384 2291 ἐν
410 2242 471 2309 τῇ
504 2239 811 2307 Αἰγυπτίων
847 2240 1051 2310 ἐρημίᾳ
1086 2238 1369 2311 ἐθεωρείτο
1390 2240 1468 2311 τῷ
1501 2242 1778 2313 προφήτῃ,
1803 2242 1896 2296 καὶ

322 2330 530 2393 τούτοις
566 2330 615 2381 οἱ
642 2329 957 2400 πρόσφυγες
995 2329 1101 2382 τῶν
1143 2329 1409 2382 Ἰουδαίων
1438 2330 1765 2401 ὲπεκόμιζον
1804 2332 1895 2385 τὸν

313 2421 521 2476 ἑαυτῶν
553 2420 785 2474 πλοῦτον
804 2438 819 2451 ·
860 2421 928 2475 τὰ
954 2422 1063 2495 γὰρ
1094 2426 1317 2494 ταμιεῖα
1347 2423 1448 2493 τῆς
1488 2424 1692 2477 ἑαυτῶν
1718 2425 1894 2496 ψυχῆς

307 2516 371 2585 τῇ
405 2515 754 2585 Αίγυπτιακῇ
786 2514 1091 2585 παρέδοσαν
1125 2514 1317 2587 πλάνῃ.

382 2603 717 2671 «Αίγύπτιοι
760 2604 969 2674 μάταια
1010 2607 1103 2658 καὶ
1146 2604 1279 2659 κενὰ
1324 2604 1694 2676 ὠφελήσουσιν
1726 2609 1889 2679 ὑμᾶς.

316 2694 674 2763 Ἀπάγγειλον
699 2695 904 2763 αὐτοῖς,
932 2698 1035 2761 ὅτι,
1066 2696 1330 2767 Ματαίαή
1361 2699 1705 2770 παράκλησις
1736 2700 1890 2771 ὑμῶν

301 2783 467 2856 αῦτη.
493 2786 610 2840 Νῦν
630 2783 723 2841 οὖν
748 2786 977 2852 καθίσας
1007 2788 1213 2860 γράψον
1244 2790 1335 2842 ἐπὶ
1361 2790 1550 2857 πυξίου
1583 2791 1771 2858 ταῦτα,
1796 2794 1889 2847 καὶ

301 2879 388 2939 είς
414 2877 637 2945 βιϐλίον,
670 2879 754 2931 δτι
807 2878 961 2931 ἔσται
994 2881 1073 2942 είς
1119 2880 1332 2951 ἡμέρας
1362 2880 1536 2936 ταῦτα
1566 2882 1764 2954 καιρῷ,
1795 2885 1888 2937 καὶ

300 2967 419 3028 ἓως
444 2967 534 3020 τὸν
562 2968 731 3022 αἰῶνα
752 2986 765 2997 ·
802 2969 887 3023 δτι
919 2971 948 3023 ὁ
997 2968 1122 3033 λαὸς
1154 2972 1387 3043 ἀπειθής
1426 2974 1589 3039 ἐστιν,
1622 2974 1729 3026 υἱοὶ
1760 2975 1888 3044 ψευ-

298 3058 446 3124 δεῖς,
474 3060 521 3112 οἶ
556 3060 651 3113 οὐκ
684 3060 971 3131 ἡὸούλοντο
998 3063 1214 3117 ἀκούειν
1248 3064 1336 3118 τὸν
1368 3064 1528 3136 νόμον
1552 3065 1645 3123 τοῦ
1670 3066 1804 3119 Θεοῦ
1825 3084 1837 3097 ο
1862 3086 1881 3119 ι

296 3152 415 3220 τῆς
472 3150 685 3220 ἀλογίας
722 3154 835 3217 καὶ,
867 3153 1177 3225 ἀφροσύνης
1218 3156 1395 3209 αὐτῶν
1442 3158 1585 3213 οὕτω
1631 3176 1747 3224 πως
1791 3160 1885 3232 δη-
1917 3196 1957 3254 C

296 3243 595 3315 λουμένης.
654 3244 791 3299 υῦτε
842 3246 951 3318 γὰρ
998 3248 1044 3299 οἱ
1097 3246 1347 3320 αἰσθητοὶ
1406 3251 1714 3321 Αἰγύπτιοι,
1764 3252 1887 3308 οὔτε

291 3337 344 3391 οἱ
406 3334 614 3389 τούτων
649 3337 992 3408 νομιζόμενοι
1027 3338 1160 3403 θεοὶ,
1199 3340 1487 3413 βοηθήσειν
1540 3343 1763 3414 ἔμελλον
1811 3347 1888 3419 τῷ

303 3428 686 3499 προσφυγόντι
708 3429 889 3493 αὐτοῖς
928 3429 1191 3486 Ἰουδαίων
1221 3432 1353 3502 λαῷ.
1385 3435 1541 3488 Κατὰ
1562 3437 1671 3509 γὰρ
1692 3438 1887 3511 πολλὴν

307 3519 681 3591 στενοχωρίαν
700 3519 878 3591 ψυχῆς
903 3520 998 3575 καὶ
1032 3520 1153 3574 καθ’
1182 3522 1489 3595 ὑπερϐολὴν
1512 3525 1740 3598 θλίψεως
1762 3532 1886 3594 τοὺς

294 3612 433 3681 παρ’
462 3611 645 3673 αὐτοῖς
682 3613 1008 3683 ἀνηγόρευον
1058 3613 1212 3678 θεούς
1253 3632 1265 3646 ·
1298 3617 1494 3682 αὐτοὺς
1535 3618 1599 3691 δὴ
1648 3622 1888 3687 ἐκείνους

296 3704 436 3767 τοὺς
457 3704 553 3768 τὰς
576 3704 753 3775 ψυχὰς
790 3706 969 3760 αὐτῶν
998 3706 1275 3764 θλίϐοντας
1304 3709 1397 3762 καὶ
1425 3712 1886 3784 στενοχωροῦντας

296 3798 574 3867 πονηροὺς
606 3796 867 3867 δαίμονας
888 3814 901 3828 ·
933 3800 990 3851 ἐν
1011 3793 1091 3863 οἷς
1118 3794 1258 3872 ἦσαν
1289 3800 1501 3866 λέοντες
1527 3803 1621 3856 καὶ
1640 3805 1882 3872 ἀσπίδες,

296 3887 623 3943 καὶτούτων
651 3888 871 3957 ἔκγονα,
896 3890 990 3943 καὶ
1021 3891 1190 3960 ὄφεις,
1216 3893 1310 3947 καὶ
1337 3892 1472 3947 ἄλλα
1494 3894 1660 3966 μυρία
1683 3897 1885 3967 ἑρπετά

291 3994 361 4032 τε
399 3978 490 4029 καὶ
533 3976 731 4049 θηρία-
766 3971 841 4031 ὧν
871 3979 1077 4044 εἰκόνες
1104 3977 1243 4052 ἦσαν
1276 3983 1372 4036 καὶ
1410 3984 1478 4037 τὰ
1509 3985 1743 4057 αἰσθητά
1769 3988 1882 4053 ζῶα

290 4066 427 4122 καθ’
453 4068 580 4140 ὅλης
604 4069 703 4141 τῆς
732 4070 1006 4139 Αἰγύπτου
1036 4071 1444 4145 θεοποιούμενα.
1474 4078 1582 4130 Καὶ
1603 4078 1711 4150 γὰρ
1734 4079 1882 4132 λέον-

288 4160 639 4231 malum;
669 4163 761 4214 καὶ
798 4162 1050 4229 ἀσπίδας,
1096 4165 1190 4218 καὶ
1228 4166 1379 4236 ὄφεις
1419 4171 1514 4220 καί
1543 4169 1677 4223 ἄλλα
1716 4173 1884 4243 μυρία

286 4248 388 4308 οἷα
413 4254 571 4316 θεοὺς
590 4255 935 4325 τετιμήκασι.
973 4256 1109 4327 Ἤδη
1134 4257 1263 4326 γοῦν
1284 4258 1392 4312 ἀπὸ
1406 4259 1507 4329 τῆς
1537 4261 1644 4315 τῶν
1666 4262 1881 4335 νομιζο-

291 4346 484 4419 μένων
510 4348 693 4412 αὐτοῖς
707 4348 844 4402 θεῶν
865 4350 1179 4421 ἐπωνυμίας
1194 4352 1397 4416 καὶτὰς
1414 4353 1595 4419 πόλεις
1616 4357 1883 4430 κεκλήκα-

290 4456 410 4504 σιν,
434 4441 545 4493 ἀπὸ
570 4440 662 4493 τοῦ
684 4440 913 4506 λέοντος,
934 4441 1031 4513 τὴν
1051 4444 1283 4510 Λεοντὼ,
1300 4446 1407 4501 ἀπὺ
1422 4446 1479 4500 δέ
1493 4447 1586 4502 τοῦ
1607 4450 1765 4514 κυνὸς
1784 4452 1881 4523 τὴν

2014 763 2128 830 ipsa
2162 772 2288 817 tunc
2329 763 2605 832 impletum
2648 775 2731 820 est
2758 805 2775 830 ,
2828 782 2951 821 cum
2994 780 3088 820 rex
3134 767 3576 839 Babyloniorum.

2013 855 2244 925 IEgypto
2278 864 2432 925 capta
2455 897 2473 922 ,
2508 873 2613 911 non
2650 866 2856 911 tantum
2905 857 3224 931 Egyptios,
3267 862 3360 916 sed
3387 864 3576 929 [etiam

2011 947 2265 1018 profugos
2291 948 2504 1005 Judmos
2544 966 2647 1005 una
2678 950 2957 1007 debellans
2981 993 2997 1015 ,
3039 955 3279 1023 captivos
3325 955 3570 1011 abduxit.

2012 1038 2161 1094 Tunc
2188 1041 2330 1095 enim
2361 1039 2665 1097 Iudaeorum
2694 1058 2818 1111 spes
2856 1040 2910 1097 in
2933 1042 3266 1101 Pharaonem
3311 1061 3461 1102 versa
3493 1055 3575 1102 est

2011 1131 2122 1188 illis
2148 1133 2201 1187 in
2233 1134 2602 1192 confusionem
2632 1146 2687 1192 et
2716 1139 2767 1192 in
2796 1138 3165 1209 opprobrium.

2082 1406 2241 1459 Vens.
2309 1407 2361 1462 6.
2433 1427 2450 1459 ι
2523 1410 2673 1465 Visio
2741 1411 3143 1480 quadrupedum
3214 1413 3266 1467 in
3335 1414 3569 1471 deserto.

2009 1494 2435 1565 (Symmachus,
2486 1499 2786 1569 Assumplio
2835 1502 3195 1571 jumentorum
3233 1504 3481 1574 Austri.)
3514 1505 3573 1561 In

2008 1588 2356 1646 tribulatione
2391 1599 2444 1645 et
2478 1593 2727 1663 angustia
2753 1594 2856 1660 leo,
2900 1604 2955 1649 ct
2977 1596 3193 1651 catulus
3221 1596 3412 1662 leonis,
3447 1600 3574 1654 inde

2004 1691 2057 1738 et
2106 1682 2359 1752 aspides,
2393 1693 2447 1738 et
2488 1687 2774 1755 progenies
2817 1687 3064 1756 aspidem
3108 1690 3434 1760 volantium,
3477 1695 3569 1762 qui

2007 1774 2252 1829 ferebant
2291 1789 2452 1843 super
2483 1776 2670 1831 asinos
2697 1786 2751 1832 et
2786 1779 3025 1835 camelos
3076 1781 3299 1838 divitias
3338 1799 3463 1839 suas
3501 1786 3579 1840 ad.

2003 1873 2214 1937 gentem
2244 1882 2366 1937 quae
2401 1864 2509 1921 illis
2540 1881 2644 1921 non
2684 1869 2943 1938 proderit.
2984 1889 3004 1923 ι
3056 1870 3189 1937 Quia
3225 1874 3432 1928 scilicet
3457 1884 3575 1929 tata

2004 1960 2114 2015 Deo
2138 1974 2306 2013 vacua
2336 1968 2477 2025 erat,
2510 1960 2823 2031 repletaque
2855 1963 3309 2031 quadrupedibus,
3339 1980 3479 2034 quos
3510 1974 3569 2020 ut

2002 2047 2131 2102 deos
2162 2046 2432 2113 colebant,
2470 2061 2676 2103 necnon
2722 2049 3056 2106 datmonibus
3098 2065 3266 2120 penes
3310 2053 3457 2123 ipsos
3485 2055 3567 2107 vi-

2002 2138 2273 2209 gentibus.
2336 2137 2461 2194 Hmc
2506 2138 2672 2209 igitur
2724 2140 3000 2210 propheta:
3058 2140 3241 2197 oblata
3296 2154 3379 2199 est
3432 2145 3568 2202 visio

2013 2230 2456 2301 quadrupedum,
2509 2230 2563 2285 in
2608 2230 2983 2303 Egyptiorum
3033 2234 3325 2291 solitudine
3356 2251 3569 2292 moran-

2002 2326 2161 2391 tium,
2188 2325 2343 2394 queis
2371 2324 2581 2396 profugi
2611 2324 2918 2381 Iudaeorum
2968 2341 3099 2397 opes
3146 2343 3273 2383 suas
3321 2330 3565 2400 deporta-

1999 2416 2132 2471 bant
2158 2434 2173 2472 :
2202 2432 2327 2472 nam
2352 2417 2544 2472 anima:
2595 2432 2707 2473 sua:
2744 2419 3003 2487 penuaria
3035 2417 3358 2489 Egyptiaco
3390 2424 3563 2478 errori

1998 2509 2341 2565 dediderant.

2068 2600 2233 2656 Vens.
2267 2600 2386 2655 7-9.
2422 2619 2441 2652 ι
2482 2599 2720 2671 Egyptii
2752 2601 2949 2657 frustra
2983 2611 3039 2657 et
3073 2603 3304 2658 inaniter
3330 2607 3561 2662 auxilia-

1995 2693 2197 2748 buntur
2227 2692 2397 2747 vobis.
2444 2691 2716 2745 Annuntia
2742 2692 2820 2746 eis
2846 2731 2862 2756 ,
2885 2693 3031 2761 quia,
3063 2691 3210 2748 Vana
3256 2704 3341 2748 est
3367 2710 3563 2751 conso-

1994 2784 2125 2840 latio
2150 2793 2327 2840 vestra
2350 2785 2482 2839 haec.
2516 2782 2671 2838 Nunc
2704 2783 2868 2854 igitur
2890 2784 3088 2839 sedens
3126 2786 3303 2840 scribe
3336 2786 3391 2840 in
3417 2789 3560 2843 buxo

1995 2876 2129 2939 haec,
2159 2884 2213 2930 et
2246 2876 2302 2930 in
2336 2875 2496 2941 libro,
2533 2874 2660 2946 quia
2683 2883 2840 2929 erunt
2876 2873 2928 2928 in
2965 2875 3081 2930 dies
3129 2876 3243 2931 haec
3294 2886 3555 2946 tempore,

1993 2977 2049 3023 et
2078 2982 2251 3037 usque
2292 2967 2346 3021 in
2396 2968 2655 3022 saiculum
2705 2983 2718 3021 :
2754 2968 2878 3037 quia
2906 2967 3152 3037 p0pulus.
3181 2969 3559 3043 immorigerus

1990 3070 2098 3127 est,
2132 3060 2227 3117 lilii
2282 3062 2607 3125 mendaces,
2640 3061 2730 3131 qui
2792 3061 3079 3117 noluerunt
3139 3062 3327 3117 audire
3386 3063 3558 3133 legem

1995 3155 2111 3210 Dei.
2151 3173 2169 3208 ι
2212 3153 2304 3209 Sic
2356 3168 2543 3211 eorum
2590 3154 2813 3209 Stultitia
2870 3162 2926 3209 et
2988 3154 3195 3210 insania
3251 3166 3555 3211 enarratur.

1989 3244 2176 3317 Neque
2208 3246 2350 3302 enim
2402 3245 2629 3302 sensiles
2677 3244 2754 3300 illi
2795 3243 3034 3315 Egyptii
3060 3286 3076 3313 ,
3119 3260 3293 3316 neque
3338 3246 3433 3312 illi,
3466 3248 3556 3317 qui

1989 3350 2157 3406 penes
2206 3350 2303 3392 eos
2343 3335 2416 3390 dii
2464 3335 2887 3406 reputabantur,
2922 3336 3238 3405 opitulaturi
3275 3338 3557 3394 erantJu-

1988 3424 2229 3480 deorum
2279 3426 2507 3494 populo,
2560 3425 2625 3479 ad
2672 3424 2818 3493 ipsos
2869 3424 3223 3495 confugienti.
3276 3426 3554 3497 Siquidem

1987 3532 2100 3588 pra:
2138 3530 2331 3585 magna
2361 3515 2526 3569 animi
2552 3514 2845 3577 anxietate,
2879 3531 2942 3569 ac
2970 3530 3079 3583 prae
3108 3516 3413 3575 amictiouis
3443 3521 3556 3576 vio.

1986 3608 2171 3674 lentia,
2202 3607 2577 3678 Egyptiorum
2608 3606 2738 3660 deos
2771 3605 3155 3675 celebrabant;
3205 3611 3352 3680 ipsos
3403 3615 3554 3670 vide-

1987 3701 2113 3757 licet
2142 3700 2415 3756 daemonas
2444 3698 2733 3768 malignos,
2786 3699 3020 3754 animam
3068 3716 3223 3755 suam
3279 3704 3329 3756 in
3382 3721 3553 3775 angu-

1987 3792 2120 3849 stias
2147 3800 2201 3848 et
2232 3805 2501 3846 aerumnas
2529 3790 2880 3861 conjicientes
2906 3807 2921 3857 ;
2952 3792 3004 3846 in
3036 3792 3234 3863 quibus
3260 3805 3415 3850 erant
3439 3796 3551 3853 leo-

1986 3901 2083 3942 nes
2117 3894 2171 3942 et
2202 3885 2417 3955 aspides
2441 3926 2457 3953 ,
2482 3899 2777 3957 eorumque
2804 3885 3113 3956 progenies,
3154 3901 3219 3942 ac
3245 3900 3549 3957 serpentes,

1984 3987 2040 4035 et
2067 3979 2172 4034 alia
2207 3989 2464 4037 sexcenta
2490 3978 2702 4048 reptilia
2730 3988 2892 4049 atque
2914 3979 3062 4045 ferre,
3088 3996 3314 4050 quorum
3344 3982 3549 4050 icones,

1986 4088 2196 4129 necnon
2224 4074 2338 4142 ipsa
2371 4071 2590 4127 sensilia
2626 4071 2880 4126 animalia
2911 4087 3009 4141 per
3059 4082 3225 4127 totam
3258 4073 3551 4147 Egyptum

1985 4181 2084 4237 pro
2109 4165 2211 4221 diis
2237 4165 2575 4220 colebantur.
2604 4163 2821 4218 Atenim
2848 4163 3035 4220 leones
3060 4180 3247 4221 revera
3269 4206 3284 4231 ,
3311 4169 3548 4237 aspidm,

1985 4263 2291 4326 serpentes,
2320 4264 2375 4309 et
2400 4254 2508 4309 alia
2536 4261 2794 4308 sexcenta
2848 4268 2949 4323 pro
2995 4255 3102 4309 diis
3128 4258 3545 4311 venerabantur.

1984 4350 2050 4408 Et
2075 4362 2209 4405 sane
2241 4361 2453 4413 eorum,
2485 4360 2623 4417 quos
2653 4345 2784 4402 deos
2808 4348 3093 4417 putabant,
3140 4348 3357 4404 nomine
3388 4350 3549 4404 urbes

1983 4457 2112 4500 suas
2131 4440 2513 4512 appellarunt;
2549 4454 2580 4493 a
2610 4441 2764 4497 leone
2797 4441 3022 4506 scilicet,
3052 4441 3285 4506 Leonta;
3331 4456 3363 4497 a
3389 4456 3545 4508 cane,

289 4532 505 4597 Κυνὼ,
556 4534 650 4587 καὶ
695 4534 803 4587 ἀπὸ
841 4534 999 4587 ἄλλου
1044 4535 1204 4589 πάλιν
1249 4536 1414 4610 θηρὸς
1460 4538 1652 4612 ἑτέραν
1696 4540 1870 4596 πόλιν.

1992 4537 2145 4608 Syrio,
2176 4536 2244 4591 ab
2274 4533 2378 4589 alia
2416 4534 2544 4588 item
2574 4533 2685 4587 fera
2734 4533 2895 4588 aliam
2930 4534 3223 4588 civitatem.

377 4647 397 4679 ι
424 4629 491 4682 Οἱ
525 4628 771 4696 λέγοντες
817 4631 931 4692 τοῖς
991 4630 1297 4701 προφήταις
1319 4669 1335 4696 ,
1374 4632 1464 4703 Μὴ
1525 4634 1883 4703 ἀναγγέλλετε

290 4724 433 4793 ἡμῖν
457 4738 471 4750 ·
492 4722 588 4774 καὶ
602 4723 713 4784 τοῖς
732 4721 983 4792 ὁράματα
1005 4720 1200 4794 ὁρῶσι,
1223 4723 1316 4795 Μὴ
1332 4725 1541 4778 λαλεῖτε
1562 4729 1693 4797 ἡμῖν
1711 4745 1725 4759 ·
1749 4728 1884 4783 ἀλλὰ

288 4816 433 4885 ἡμῖν
451 4812 665 4865 λαλεῖτε
709 4814 802 4866 καὶ
839 4814 1195 4883 ἀναγγέλλετε
1215 4817 1345 4886 ήμῖν
1371 4816 1561 4887 ἑτέραν
1586 4819 1878 4892 πλάνησιν·

291 4907 396 4959 καὶ
431 4903 810 4976 ἀποστρέψατε
854 4907 999 4977 ἡμᾶς
1031 4906 1140 4960 ἀπὸ
1169 4907 1267 4978 τῆς
1298 4906 1420 4963 ὀδοῦ
1466 4909 1688 4982 ταύτης.
1727 4913 1883 4983 Ἀφέ-

289 4996 421 5050 λετε
445 4997 542 5066 ἀφ’
581 4995 739 5069 ήμῶν
766 4997 854 5052 τὸν
891 4998 1074 5071 τρίϐον
1106 4998 1314 5061 τοῦτον,
1356 5004 1448 5055 καὶ
1504 5003 1730 5071 ἀφέλετε
1782 5007 1873 5076 ἀφ’

292 5088 460 5159 ἡμῶν
488 5089 554 5141 τὸ
583 5088 760 5157 λόγιον
800 5088 893 5142 τοῦ
936 5089 1166 5161 Ἰσραήλ.
1204 5109 1222 5141 ι
1283 5089 1467 5145 Ταῦτα
1523 5090 1632 5162 γὰρ
1687 5092 1738 5145 οἱ
1801 5095 1874 5165 μὴ

293 5179 692 5244 πιστεύσαντες
713 5183 831 5244 ταῖς
861 5180 955 5235 τοῦ
990 5181 1250 5252 Ἰερεμίου
1290 5184 1494 5251 φωναῖς
1526 5182 1663 5253 πρὸς
1716 5184 1874 5237 αὐτὸν

290 5271 541 5335 καὶτοὺς
568 5272 638 5326 τὰ
667 5272 830 5343 ὃμοια
850 5272 995 5343 αὐτῷ
1029 5272 1356 5344 φρονοῦντας
1385 5273 1588 5343 ἔλεγον.

376 5382 398 5416 σ
430 5364 527 5417 Διά
557 5362 716 5417 τοῦτο
741 5364 866 5417 τάδε
916 5362 1066 5432 λέγει
1115 5362 1316 5435 Κύριος
1340 5366 1369 5418 ὁ
1420 5364 1575 5435 ἅγιος
1622 5366 1835 5439 Ἰσραήλ
1856 5386 1868 5398 ·

296 5456 423 5509 Ὅτι
448 5456 780 5527 ὴαιθήσατε
805 5459 915 5521 τοῖς
949 5455 1131 5526 λόγοις
1176 5455 1402 5523 τούτοις,
1462 5458 1555 5512 καὶ
1602 5458 1869 5529 ἠλπίσατε

295 5548 389 5604 ἰπὶ
412 5548 621 5618 ψεύδει,
652 5549 743 5602 καὶ
770 5549 853 5602 ὅτι
894 5550 1220 5619 ἐγόγγυσας,
1256 5550 1348 5603 καὶ
1380 5551 1653 5616 πεποιθὼς
1684 5553 1869 5621 ἐγένου

296 5640 391 5694 ἐπὶ
412 5641 491 5712 τῷ
526 5640 673 5711 λόγῳ
698 5640 899 5711 τούτῳ·
934 5641 1023 5695 διὰ
1038 5640 1197 5695 τοῦτο
1219 5640 1370 5697 ἕσται
1409 5643 1536 5713 ὑμῖν
1564 5645 1597 5714 ή
1632 5644 1871 5717 ἁμαρτία

298 5733 436 5795 αῦτη
468 5735 543 5799 ὡς
571 5738 752 5806 τεῖχος
803 5736 998 5788 πῖπτον
1040 5736 1378 5809 παραχρῆμα
1424 5738 1626 5800 πόλεως
1668 5739 1869 5809 ὀχυρᾶς

304 5825 626 5893 ἑαλωκυίας,
656 5823 721 5899 ἧς
747 5828 1078 5901 παραχρῆμα
1100 5828 1401 5899 πάρεστιτὸ
1432 5829 1656 5900 πτῶμασ
1693 5830 1783 5882 καὶ
1810 5829 1869 5881 τὸ

2053 4631 2219 4686 Vens.
2248 4630 2336 4694 ω,
2368 4627 2454 4682 ll.
2480 4626 2579 4694 Qui
2609 4627 2793 4682 dicunt
2814 4626 3111 4697 prophetis,
3148 4624 3227 4681 Ne
3256 4626 3544 4680 annuntie-

1984 4722 2052 4777 tis
2079 4721 2254 4788 nobis,
2290 4728 2344 4774 et
2367 4719 2679 4775 videntibus
2709 4718 2964 4783 visiones,
3005 4716 3081 4772 Ne
3119 4716 3406 4787 loquamini
3442 4735 3543 4776 no-

1980 4812 2066 4869 bis
2095 4830 2109 4868 :
2143 4817 2237 4867 sed
2263 4810 2747 4880 nobis.loquimini,
2779 4819 2836 4865 et
2858 4810 3177 4866 annuntiate
3200 4809 3355 4866 nobis
3381 4811 3543 4867 alium

1980 4920 2222 4963 errorem
2263 4922 2278 4959 :
2316 4912 2370 4958 et
2416 4905 2644 4960 avertite
2696 4919 2795 4959 nos
2841 4903 2909 4958 ab
2962 4904 3061 4958 hac
3111 4904 3217 4960 via.
3254 4902 3476 4959 Auferte
3513 4920 3543 4958 a

1982 4999 2139 5055 nobis
2165 4997 2417 5053 semitam
2464 4997 2606 5053 hanc
2631 5035 2647 5063 ,
2674 5005 2729 5052 et
2772 4995 2981 5050 auferte
3009 5012 3039 5050 a
3084 4996 3239 5051 nobis
3265 4996 3542 5050 oraculum

1980 5088 2169 5146 Israel.
2210 5107 2229 5140 ι
2263 5086 2388 5142 Haec
2422 5089 2621 5158 quippe
2653 5087 2939 5152 Jeremiae,
2974 5096 3030 5141 et
3080 5088 3230 5156 paria
3287 5101 3410 5141 cum
3453 5087 3543 5142 illo

1982 5179 2340 5237 sentientibus
2376 5180 2651 5245 dicebant,
2684 5178 2774 5249 qui
2807 5194 2995 5235 eorum
3022 5178 3247 5235 vocibus
3285 5194 3391 5234 non
3424 5196 3544 5236 cre-

1979 5275 2213 5419 άεξζῐίιζ.
2240 5364 2423 5419 12-16.
2468 5386 2488 5416 ε
2530 5362 2653 5419 Ideo
2682 5364 2799 5418 haac
2828 5363 2958 5417 dicit
2986 5363 3268 5431 Dominus,
3310 5366 3543 5420 Sanctus

1978 5457 2140 5515 Israel
2169 5474 2184 5514 :
2218 5459 2352 5526 Quia
2401 5474 2506 5515 non
2547 5456 2961 5525 obtemperastis
3020 5456 3106 5511 his
3173 5457 3539 5521 sermonibus,

1979 5551 2074 5607 sed
2103 5552 2360 5621 sperastis
2386 5551 2437 5605 in
2465 5548 2747 5605 mendacio
2770 5586 2787 5613 ,
2821 5558 2876 5604 et
2918 5548 3045 5618 quia
3074 5550 3456 5615 murmurasti,
3488 5560 3544 5604 ct

1976 5642 2252 5698 credidisti
2284 5643 2518 5696 sermoni
2559 5642 2718 5709 huic;
2768 5642 2968 5698 idcirco
3009 5642 3117 5697 erit
3148 5642 3302 5698 vobis
3343 5656 3541 5711 pecca-

1978 5741 2090 5787 tum
2127 5733 2229 5787 hoc
2264 5732 2416 5800 quasi
2456 5749 2644 5789 murus
2680 5735 2880 5791 cadens
2912 5736 3091 5790 subito
3133 5734 3280 5789 urbis
3322 5734 3541 5788 munita:

1978 5836 2316 5907 egxpugltatm,
2339 5827 2490 5907 cuius
2522 5830 2698 5887 subito
2729 5832 2878 5890 adest
2908 5830 3061 5889 ruina
3098 5846 3111 5885 :
3160 5839 3213 5885 ct
3243 5828 3394 5885 ruina
3425 5824 3539 5895 ejus
