4072 6194
441 357 549 412 507

1112 325 1378 407 mssa"
1416 344 1882 403 cassamssxs
1919 341 2070 402 opp.
2108 344 2285 400 PARS
2322 316 2412 400 in.
2452 374 2520 383 —
2558 340 2972 398 exsomnes.

3568 341 3672 399 308

437 474 544 528 erit
570 469 723 540 quasi
781 465 1034 524 contritio
1073 466 1217 521 vasis
1270 466 1490 522 testacei
1538 482 1602 519 ex
1646 464 1883 532 officina,
1934 465 2004 518 ita

2138 465 2311 536 πῶμα
2341 465 2508 540 αὐτῆς
2535 464 2684 518 ἔσται
2712 465 2787 528 ὡς
2838 462 3147 533 σύντριμμα
3182 461 3402 531 ἀγγείου
3426 461 3675 533 ὀστρακί-

438 562 753 619 comminuti
816 570 875 615 ut
928 575 1034 615 non
1099 558 1411 615 inveniatur
1458 560 1510 613 in
1550 558 1631 613 eis
1685 568 1857 623 testa,
1904 572 2009 627 qua

437 658 619 724 ignem
649 655 813 719 feras,
838 664 896 708 et
922 652 1141 726 paulum
1170 668 1327 722 aqua:
1356 652 1599 706 haurias.
1635 652 1725 705 Sic
1746 651 1880 705 dicit
1909 649 2012 703 Do-

438 748 617 802 minus
656 746 934 811 Dominus,
966 745 1197 801 Sanctus
1225 743 1391 800 Israel
1420 761 1433 797 :
1461 742 1596 799 Cum
1650 756 1897 795 reversus
1938 740 2013 793 in-

437 837 727 906 gemueris,
761 845 889 891 tunc
917 836 1098 891 salvus
1114 836 1249 901 eris,
1279 844 1336 890 et
1375 833 1515 889 scies
1536 832 1624 887 ubi
1654 830 1845 893 fueris,
1881 845 2003 884 cum

440 928 750 984 confidebas
782 942 946 996 super
990 926 1145 982 vanis
1187 942 1199 977 :
1244 939 1381 979 vana
1429 923 1566 978 facta
1616 930 1699 977 est
1748 920 2011 976 fortitudo

442 1034 642 1091 vestra,
674 1034 729 1078 et
751 1022 997 1079 noluistis
1019 1022 1237 1087 audire;
1267 1020 1361 1075 sed
1380 1017 1614 1083 dixistis,
1641 1016 1807 1086 Equis
1832 1015 2013 1085 fugie—

441 1131 605 1171 mus:
654 1124 939 1185 pmpterea
976 1113 1238 1183 fugietis:
1284 1121 1340 1167 et
1381 1108 1657 1166 velocibus
1701 1108 2013 1164 cursoribus

444 1208 815 1264 insidebimus.
859 1226 877 1259 ι
910 1206 1152 1276 Fugietis
1180 1204 1434 1276 quidem;
1484 1202 1577 1258 sed
1626 1215 1734 1272 quo
1780 1199 2016 1270 effugere

449 1300 701 1357 valebitis
743 1298 1166 1370 Babyloniorum
1207 1311 1459 1360 manum,
1507 1308 1627 1364 qua:
1676 1307 1770 1348 vos
1823 1306 2016 1362 appre-

450 1391 648 1445 hendet
674 1398 728 1444 et
751 1389 805 1444 in
832 1403 891 1443 se
914 1386 1215 1442 detinebit?
1250 1404 1269 1438 ι
1299 1384 1592 1454 Propterea
1623 1380 1828 1437 celeres
1857 1387 2017 1437 erunt

446 1482 542 1551 qui
574 1489 969 1551 persequentur
997 1492 1114 1534 vos.
1150 1496 1169 1529 ›
1400 1530 1421 1559 ο

524 1661 692 1717 Vens.
728 1659 816 1716 l7.
854 1678 873 1710 ι
909 1657 988 1712 Ad
1017 1671 1206 1712 vocem
1230 1654 1392 1710 unius
1422 1652 1629 1723 fugient
1661 1651 1841 1716 mille,
1873 1660 1928 1706 et
1951 1651 2017 1707 ad

2111 576 2202 611 νου
2243 559 2307 611 ὲκ
2360 556 2623 628 κεραμίου
2652 556 2845 622 λεπτὰ,
2880 556 3019 610 ὥστε
3052 556 3126 627 μὴ
3159 556 3337 626 εὑρεῖν
3397 556 3455 607 ὲν
3504 554 3681 617 αὐτοῖς

2110 648 2397 719 ὄστρακον,
2427 648 2487 700 ἐν
2511 640 2555 714 ᾧ
2582 646 2690 717 πῦρ
2727 647 2899 717 ἀρεῖς,
2922 647 3015 700 καί
3047 646 3104 697 ὲν
3136 639 3180 714 ᾧ
3202 645 3517 713 ἀποσυριεῖς
3541 642 3684 713 ὕδωρ

2115 739 2327 813 μικρόν.
2383 738 2539 792 Οὕτω
2595 738 2739 808 λέγει
2790 740 2994 809 Κύριος
3034 738 3257 809 Κύριος,
3285 739 3314 791 6
3354 739 3547 805 Ἀγιος
3590 734 3687 788 τοῦ

2124 830 2340 903 Ἰσραήλ
2362 848 2375 862 ο
2403 831 2568 883 Ὅταν
2590 830 2955 899 ἀποστραφεὶς
2979 827 3255 899 στενάξῃς,
3289 828 3411 881 τότε
3441 826 3686 898 σωθήσῃ,

2112 926 2205 979 καὶ
2226 922 2409 995 γνώσῃ
2444 921 2547 976 ποῦ
2590 918 2753 994 ἦσθα,
2785 923 2871 975 ὅτε
2911 919 3219 983 έπεποίθεις
3256 921 3349 974 ἐπὶ
3412 923 3525 984 τοῖς
3585 938 3690 990 μα-

2111 1019 2284 1081 ταίοις
2301 1034 2315 1048 ο
2356 1015 2560 1089 ματαία
2582 1018 2614 1087 ἠ
2645 1016 2797 1086 ἰσχὺς
2820 1014 2975 1085 ὑμῶν
3002 1013 3231 1085 ἐγενήθη
3251 1030 3265 1045 ο
3282 1014 3375 1067 καὶ
3398 1014 3498 1066 οὐκ
3528 1012 3689 1083 ἠϐού-

2112 1107 2269 1160 λεσθε
2287 1106 2504 1160 ἀκούειν
2526 1122 2540 1136 ’
2574 1103 2687 1158 ἀλλ’
2723 1102 2944 1170 εἴπατε,
2991 1103 3105 1172 Ἐφ’
3133 1102 3316 1156 ἵππων
3346 1101 3651 1173 φευξόμεθα
3672 1120 3688 1134 °

2112 1199 2201 1253 διά
2241 1196 2400 1252 τοῦτο
2433 1196 2721 1268 φεύξεσθε·
2745 1198 2839 1251 καὶ
2871 1197 2962 1249 ὲπί
3001 1196 3223 1265 κούφοις
3244 1195 3541 1260 ἀναϐάταις
3574 1196 3693 1250 έσό-

2119 1294 2274 1366 μεθα.
2312 1313 2330 1347 ι
2356 1292 2617 1356 Φεύξεσθε
2654 1291 2753 1363 μέν
2775 1308 2788 1321 ·
2833 1290 2935 1344 ποῦ
2968 1290 3074 1361 μὴν
3092 1290 3373 1359 διαφυγεῖν
3400 1288 3692 1361 δυνήσεσθε

2115 1385 2212 1457 τὴν
2269 1384 2377 1438 τῶν
2411 1382 2763 1437 Βαόυλωνίων
2819 1383 2996 1452 χεῖρα,
3031 1380 3486 1452 καταληψομένην
3525 1381 3693 1453 ὑμᾶς,

2117 1477 2209 1530 καὶ
2245 1477 2302 1530 ὲν
2330 1476 2466 1545 αύτῇ
2512 1474 2773 1544 ἕχουσαν;
2808 1492 2825 1526 ι
2864 1474 2963 1527 Διά
2991 1471 3146 1526 τοῦτο
3170 1471 3361 1542 κοῦφοι
3402 1471 3610 1526 ἔσονται
3644 1474 3695 1525 οἱ

2115 1568 2397 1632 διώκοντες
2428 1564 2588 1637 ὑμᾶς.
2635 1583 2654 1619 ι

2194 1679 2212 1710 ι
2250 1658 2423 1712 Χίλιοι
2462 1655 2552 1710 διὰ
2585 1654 2765 1726 φωνὴν
2794 1655 2911 1719 ἐνὸς
2941 1653 3245 1724 φεύξονται,
3272 1653 3366 1706 καὶ
3396 1652 3485 1706 διὰ
3515 1651 3700 1723 φωνὴν

450 1766 639 1809 vocem
669 1752 909 1821 quinque
945 1749 1151 1819 fugient
1180 1745 1334 1801 multi
1374 1764 1387 1799 :
1420 1745 1593 1799 donec
1634 1741 2018 1811 relinquamini

2138 1754 2280 1805 πέντε
2298 1751 2578 1820 φεύξονται
2603 1748 2921 1811 πολλοὶ,ἒως
2945 1746 3010 1802 ἂν
3027 1746 3425 1818 καταλειφθῆτε
3449 1746 3526 1810 ὡς
3555 1746 3699 1809 ἱστὸς

450 1843 609 1912 quasi
643 1841 817 1896 malus
847 1840 995 1895 navis
1026 1841 1081 1894 in
1112 1846 1320 1902 monte,
1343 1846 1397 1892 et
1420 1837 1574 1907 quasi
1588 1836 1815 1905 'signum
1840 1835 2022 1889 ferens

452 1949 615 2003 super
632 1932 850 1988 collem.
892 1950 911 1984 ι
955 1930 1418 1998 Quemadmodum
1461 1928 1613 1983 navis
1646 1928 1697 1983 in
1726 1927 1859 1982 mari
1905 1942 2025 1997 per-

450 2025 577 2079 ditae
607 2038 670 2078 ac
696 2025 957 2078 demersae
998 2022 1210 2091 signum
1247 2030 1327 2076 est
1368 2020 1610 2075 malusin
1632 2020 1836 2074 vertice
1871 2033 2026 2073 mon-

454 2117 525 2170 tis
543 2115 775 2186 positus,
802 2114 945 2183 quod
974 2128 1079 2167 non
1114 2112 1253 2165 ultra
1296 2111 1389 2166 illo
1415 2111 1484 2165 sit
1510 2126 1681 2179 opus;
1708 2112 1781 2164 ita
1809 2110 2025 2179 conspi-

452 2219 611 2259 cuam
645 2202 761 2258 fore
810 2203 886 2256 ait
931 2209 1347 2256 memoratarum
1387 2201 1665 2254 hominum
1696 2199 2012 2270 perniciem.

454 2289 655 2344 Verum
686 2303 791 2344 non
819 2300 1009 2343 omnes
1039 2286 1281 2342 funditus
1319 2289 1589 2356 perituros
1620 2281 1740 2343 esse
1776 2288 1884 2353 ait;
1918 2287 2016 2342 sed

453 2380 716 2450 quosdam
748 2394 975 2435 numero
1008 2393 1208 2448 paucos
1239 2379 1483 2434 relictum
1516 2378 1604 2445 iri,
1630 2394 1766 2446 quos
1790 2379 2021 2434 misera-

461 2484 551 2529 tus
580 2471 741 2540 Deus,
770 2471 949 2527 salvos
986 2470 1173 2539 faciet,
1197 2471 1267 2526 ob
1296 2468 1724 2525 misericordiam
1756 2470 1889 2539 ipsis
1923 2484 2024 2525 ex-

458 2566 688 2622 hibitam
717 2563 1016 2618 laudandus
1039 2577 1104 2617 ac
1134 2561 1536 2618 celebrandus:
1571 2561 1651 2615 sic
1690 2559 1835 2615 enim
1872 2559 2024 2614 illuni

456 2657 657 2727 iustum
700 2654 937 2724 iudicem
985 2667 1126 2719 esse,
1176 2661 1236 2707 ut
1269 2653 1460 2724 dignos
1500 2653 1719 2723 quidem
1764 2653 2030 2722 supplicio

2122 1847 2211 1901 ἐπ’
2226 1846 2402 1917 ὅρους,
2418 1844 2510 1896 καὶ
2533 1844 2608 1905 ὡς
2624 1840 2859 1912 σημαίαν
2876 1840 3053 1911 φέρων
3083 1840 3175 1893 ἐπὶ
3202 1837 3411 1910 βουνοῦ.
3442 1857 3460 1890 ι
3490 1839 3701 1909 Ὥσπερ

2125 1940 2253 2010 νηὸς
2282 1935 2706 2007 παραπεσούσης
2734 1935 2827 1987 καὶ
2856 1932 3196 2002 ἀπολομένης
3240 1932 3297 1985 ὲν
3326 1931 3564 2004 θαλάττῃ
3600 1948 3701 2001 ση-

2128 2032 2278 2102 μεῖον
2304 2029 2561 2099 τυγχάνει
2590 2024 2873 2090 ἀποτεθεὶς
2904 2026 2989 2079 ἐπ’
3022 2024 3191 2094 ἄκρου
3219 2023 3376 2096 ὅρους
3411 2021 3575 2086 ίστὸς,
3607 2018 3704 2072 τοῦ

2129 2121 2322 2195 μηκέτι
2358 2118 2521 2173 αὑτοῦ
2568 2118 2757 2190 χρείαν
2806 2112 2972 2169 εἶναι’
3022 2114 3194 2177 οὕτως
3248 2114 3514 2183 ἐπίσημον
3538 2110 3706 2181 γενή-

2128 2213 2314 2267 σεσθαι
2338 2211 2435 2283 τὴν
2460 2210 2730 2264 ἀπώλειαν
2758 2208 2864 2261 τῶν
2887 2206 3256 2278 δηλουμένων·
3277 2204 3415 2275 πλὴν
3440 2204 3499 2257 ού
3523 2202 3707 2273 πάντη

2127 2307 2333 2369 πάντας
2353 2302 2664 2358 ἀπολεῖσθαί
2683 2319 2834 2372 φησι,
2862 2298 3372 2371 περιλειφθήσεσθαι
3392 2297 3448 2351 δὲ
3482 2295 3711 2367 βραχεῖς

2125 2416 2298 2463 τινας,
2326 2397 2419 2461 οὒς
2452 2397 2675 2469 ἐλεήσας
2706 2397 2733 2448 6
2751 2393 3009 2458 Θεὸς,καί
3037 2387 3214 2446 οἶκτον
3247 2390 3429 2443 λαϐὼν
3451 2386 3710 2451 διασώζει

2125 2489 2509 2562 δοξαζόμενος,
2559 2489 2653 2542 καὶ
2690 2486 2991 2558 ὑψούμενος
3051 2484 3138 2539 διὰ
3197 2482 3291 2537 τοῦ
3322 2482 3541 2552 ἐλεῆσαι
3606 2479 3711 2534 αὑ-

2126 2584 2253 2648 τούς
2274 2601 2288 2616 ο
2319 2583 2461 2637 οῦτω
2482 2581 2589 2653 γὰρ
2618 2581 2778 2634 αὐτὸν
2814 2579 3004 2650 κριτὴν
3029 2578 3234 2631 δίκαιον
3262 2571 3421 2641 εἶναι,
3450 2575 3528 2638 ὡς
3581 2573 3712 2638 τοὺς

2134 2677 2230 2748 μὲν
2256 2675 2439 2741 ἀξίους
2480 2673 2749 2744 τιμωρίας
2781 2668 3052 2734 κολάζειν,
3099 2670 3227 2732 τοὺς
3272 2666 3330 2721 δὲ
3377 2664 3710 2737 δυναμένους

462 2749 693 2821 plectat;
745 2756 1111 2825 eostautem,
1153 2745 1243 2814 qui
1301 2745 1726 2801 misericordiam
1774 2746 2031 2815 consequi

2138 2745 2283 2823 έλέου
2313 2770 2519 2838 τυχεῖν,
2550 2766 2650 2836 τῆς
2684 2766 2814 2837 παρ’
2846 2761 3011 2818 αὐτοῦ
3059 2758 3349 2825 καταξιοῦν
3413 2757 3705 2831 σωτηρίας.

464 2841 670 2906 valent,
702 2841 877 2896 salute
905 2840 1155 2931 dignetur
1184 2852 1300 2893 sua.
1328 2836 1506 2905 Quare
1535 2836 1611 2931 ait
1641 2852 1655 2889 :
1935 2928 1947 2931 _
2136 2860 2224 2914 Διό
2257 2836 2426 2931 (mai.

537 2935 703 2989 Vens.
728 2932 817 2987 18.
864 2949 883 2983 ι
918 2930 984 2984 Ει
1011 2944 1229 2984 rursum
1264 2938 1541 2999 exspectat
1574 2928 1713 2984 Deus
1735 2968 1751 2994 ,
1781 2937 1839 2983 ut
1878 2928 2034 2984 mise-

2210 2971 2229 3003 ε
2272 2928 2381 3006 Kal
2437 2950 2599 3004 πάλιν
2633 2949 2782 3021 μένει
2810 2948 2838 3000 6
2857 2948 2989 3011 Θεὸς
3015 2946 3108 3001 τοῦ
3139 2945 3475 3017 οἰκτειρῆσαι
3522 2942 3665 3015 ὑμᾶς
3690 2957 3706 2976 ο

467 3036 657 3083 reatur
689 3025 852 3079 vestri
886 3042 902 3078 :
937 3032 991 3078 et
1020 3031 1303 3093 propterea
1334 3023 1628 3077 extolletur
1648 3063 1664 3090 ,
1692 3030 1750 3077 ut
1773 3023 2034 3077 miserea-

2138 3045 2231 3099 καὶ
2247 3042 2336 3096 διά
2369 3041 2527 3096 τοῦτο
2561 3040 2902 3111 ὑψωθήσεται
2934 3039 3030 3093 τοῦ
3083 3039 3303 3108 ἐλεῆσαι
3356 3037 3533 3108 ὑμᾶς’
3575 3033 3706 3089 διότι

471 3132 561 3175 tur
606 3118 772 3175 veStri
801 3135 817 3173 :
844 3116 1097 3190 quoniam
1138 3117 1307 3186 judex
1352 3117 1612 3172 Dominus
1659 3117 1804 3172 Deus
1847 3116 2033 3171 vestri.

2138 3135 2329 3208 κριτὴς
2348 3136 2551 3208 Κύριος
2578 3133 2607 3185 6
2644 3133 2776 3197 Θεὸς
2809 3131 2980 3203 ὑμῶν.
3008 3130 3282 3203 Μακάριοι
3309 3130 3357 3182 oi
3384 3128 3708 3198 ἐμμένοντες

469 3213 618 3270 Beati
635 3211 726 3282 qui
747 3219 964 3266 manent
1000 3210 1053 3263 in
1077 3223 1163 3263 eo.
1195 3228 1215 3262 ι
1250 3206 1384 3263 Nam
1407 3224 1529 3263 cum
1554 3208 1735 3277 justus
1753 3208 1824 3263 sit
1846 3206 2034 3277 judex,

2138 3206 2196 3278 ὲν
2222 3224 2389 3296 αὐτῷ.
2471 3224 2688 3285 Δίκαιος
2717 3220 2825 3292 γὰρ
2856 3220 2931 3272 ὢν
2988 3219 3199 3290 κριτὴς,
3229 3219 3355 3279 τοὺς
3384 3218 3481 3287 μὲν
3526 3215 3711 3280 ἀξίους

475 3306 669 3375 dignos
691 3303 908 3375 quidem
929 3300 1227 3371 captivitati
1258 3300 1478 3355 tradidit
1507 3315 1522 3352 :
1548 3313 1683 3369 quos
1720 3308 1899 3354 autem
1932 3299 2034 3352 mi-

2138 3315 2482 3388 αἰχμαλωσίᾳ
2503 3313 2783 3386 παρεδίδου
2800 3329 2812 3342 ·
2847 3311 2940 3375 οὓς
2962 3310 3016 3364 δὲ
3042 3310 3245 3362 δίκαιον
3260 3308 3449 3371 ὲλεείν,
3475 3306 3711 3371 ἔσωζεν·

472 3398 647 3454 δεηιί
674 3411 775 3468 par
805 3403 947 3458 erat.
978 3408 1072 3449 eos
1097 3392 1275 3449 salvos
1312 3391 1445 3447 fecit
1474 3408 1486 3444 :
1517 3392 1660 3446 unde
1700 3392 1919 3446 beatum
1955 3399 2034 3446 est

2139 3405 2262 3459 ὅθεν
2297 3404 2391 3457 καὶ
2422 3403 2687 3477 μακάριόν
2718 3403 2833 3455 ἐστι
2854 3401 2915 3455 τὸ
2932 3398 3188 3470 ἐμμένειν
3217 3398 3275 3450 ὲν
3299 3393 3473 3467 αὐτῷ·
3502 3396 3535 3467 ἢ
3570 3395 3715 3449 κατά

472 3490 528 3549 in
558 3489 930 3553 illomanere;
967 3486 1081 3542 sive
1111 3496 1170 3541 ut
1199 3484 1558 3557 Symmachus
1579 3484 1766 3549 edidit,
1804 3501 1825 3535 ι
1863 3482 2034 3554 ipsum

2139 3497 2229 3551 τὸν
2255 3495 2564 3567 Σύμμαχον,
2604 3513 2622 3545 ι
2664 3492 2951 3563 ὑπομένειν
2984 3489 3163 3543 αὐτόν.
3210 3507 3228 3541 ι
3259 3488 3440 3541 Καλὸν
3483 3486 3590 3559 γὰρ
3650 3487 3716 3541 τὸ

476 3582 763 3639 sustinere.
802 3599 821 3633 ι
874 3579 1305 3637 Consentaneum
1354 3577 1552 3647 quippe
1612 3584 1696 3630 est
1750 3574 2040 3630 stationem

480 3689 588 3730 non
612 3674 888 3740 deserere,
914 3686 1016 3729 nec
1036 3671 1104 3727 de
1140 3669 1341 3725 auxilio
1373 3668 1465 3725 Dei
1492 3669 1783 3737 desperare
1812 3666 1865 3721 in
1894 3667 2040 3721 cala-

477 3768 755 3824 mitatibus
808 3764 1237 3822 occurrentibus.
1283 3762 1352 3818 Ut
1382 3763 1564 3833 justus
1610 3761 1793 3830 itaque
1847 3760 2037 3830 iudex,

478 3870 536 3914 et
558 3868 739 3930 utpote
760 3859 956 3921 bonus,
992 3854 1369 3919 miserebitur;
1405 3854 1563 3908 itaut
1591 3852 1719 3907 Sion
1747 3859 1801 3906 et
1827 3849 2045 3906 Jerusa-

480 3951 586 4007 lem
623 3951 800 4007 denuo
833 3949 1187 4015 aedificentur,
1228 3954 1283 4002 et
1316 3944 1374 4001 in
1420 3944 1512 4001 illa
1558 3958 1774 4001 rursum
1800 3943 2045 4013 fpopulus

486 4042 713 4097 habitet.

559 4131 718 4189 Vnus.
749 4132 838 4189 t9.
878 4132 1138 4199 Quoniam
1161 4131 1386 4204 populus
1419 4138 1643 4187 sanctus
1671 4131 1727 4187 in
1765 4131 1896 4187 Sion
1945 4131 2048 4185 lia-

485 4226 697 4294 bitabit,
719 4234 773 4282 et
787 4225 1083 4280 Jerusalem
1104 4224 1233 4280 fletu
1258 4240 1362 4280 non
1390 4223 1557 4281 flevit.
1592 4223 1868 4280 Miserere
1896 4221 1999 4277 mei
2032 4240 2045 4276 :

484 4319 830 4376 miserebitur
854 4319 953 4374 tui.
986 4315 1186 4373 Vocem
1235 4317 1491 4373 clamoris
1519 4320 1594 4372 tui
1631 4316 1850 4387 quando
1898 4313 2047 4381 vidit,

485 4411 762 4466 exaudivit
788 4418 859 4465 te.
899 4428 918 4463 ι
950 4408 1027 4463 ita
1053 4409 1195 4464 enim
1220 4408 1484 4464 Hebraica
1510 4409 1667 4464 lectio
1704 4406 2047 4465 circumfert:

2145 3590 2218 3662 μὴ
2246 3589 2637 3649 λειποτακτεῖν,
2670 3586 2763 3639 καὶ
2791 3585 2865 3656 μὴ
2898 3582 3293 3651 ἀπογινώσκειν
3324 3581 3424 3652 τὴν
3452 3580 3546 3633 τοῦ
3575 3579 3715 3634 Θεοῦ

2145 3677 2397 3751 βοήθειαν
2434 3680 2489 3731 ὲν
2537 3679 2656 3741 ταῖς
2689 3673 3226 3746 καταλαμϐανούσαις
3255 3674 3581 3743 συμφοραῖς.
3628 3672 3718 3735 Ὧς

2143 3772 2349 3835 δίκαιος
2389 3769 2671 3843 τοιγαροῦν
2712 3767 2923 3839 κριτὴς,
2974 3766 3068 3820 καὶ
3094 3765 3171 3829 ὡς
3205 3764 3407 3833 ἀγαθὸς
3453 3764 3614 3817 πάλιν
3641 3764 3719 3816 οἰ-

2146 3864 2421 3935 κτειρήσει
2443 3879 2457 3894 ·
2489 3862 2568 3927 ὡς
2595 3862 2691 3933 τὴν
2724 3859 2860 3915 Σιὼν
2887 3859 2982 3913 καὶ
3018 3858 3115 3930 τὴν
3158 3856 3511 3930 Ἰερουσαλὴμ
3539 3854 3720 3909 δεύτε-

2150 3972 2241 4028 ρον
2292 3952 2747 4026 οἰκοδομηθῆναι,
2789 3953 2883 4006 καὶ
2913 3947 3068 4015 αὖθις
3107 3950 3165 4002 ὲν
3216 3948 3352 4020 αὐτῇ
3395 3948 3719 4017 κατοικῆσαι

2147 4042 2295 4097 λαόν.

2221 4156 2240 4189 ‹
2274 4135 2416 4189 Διότι
2445 4134 2571 4199 λαὸς
2595 4134 2747 4204 ἅγιος
2777 4133 2836 4187 ὲν
2894 4132 3033 4187 Σιὼν
3055 4133 3288 4203 οἰκήσει,
3319 4131 3414 4185 καὶ
3450 4130 3720 4202 Ἰερουσαο

2148 4228 2261 4301 λὴμ
2298 4227 2561 4299 κλαυθμῷ
2584 4228 2686 4280 οὐκ
2729 4225 3011 4280 ἔκλαυσεν.
3056 4224 3304 4295 Ἐλέησόν
3356 4239 3455 4295 με·
3508 4222 3723 4292 ἐλεήσει

2151 4335 2230 4371 σε.
2258 4318 2368 4388 Τὴν
2394 4318 2576 4387 φωνὴν
2608 4315 2707 4385 τῆς
2756 4312 3004 4384 κραυγῆς
3042 4330 3135 4366 σου
3166 4312 3329 4383 ἡνίκα
3394 4306 3552 4375 εἶδεν,
3619 4311 3723 4362 ὲπ-

2151 4407 2351 4479 ήκουσέ
2375 4424 2488 4460 σου.
2528 4425 2546 4457 ι
2600 4404 2755 4458 υῦτω
2776 4402 2886 4474 γὰρ
2914 4403 3156 4475 περιέχει
3179 4404 3213 4474 ή
3257 4401 3516 4474 Ἐὀραῖκὴ
3543 4400 3687 4467 λέξις
3706 4418 3721 4430 ο

484 4521 654 4574 quare
680 4505 1034 4576 Symmachus
1060 4502 1140 4572 sic
1163 4502 1346 4567 habet,
1387 4523 1406 4555 ι
1433 4502 1755 4566 Jerusalem,
1788 4501 1912 4556 ﬂetu
1948 4500 2034 4553 noi

2155 4498 2237 4551 διὸ
2282 4495 2421 4549 κατά
2458 4495 2551 4548 τὸν
2609 4492 2905 4564 Σύμμαχον
2966 4492 3211 4563 εἴρηται·
3273 4508 3291 4542 ι
3336 4486 3725 4561 Ἰερουσαλὴμ,

486 4600 677 4663 ﬂebis;
706 4617 725 4651 ι
757 4597 1053 4654 TheodOIio
1076 4595 1348 4661 similiter,
1374 4614 1392 4647 ι
1417 4597 1475 4649 in
1494 4592 1926 4651 Jerusalemﬂetu
1953 4607 2058 4646 non

488 4692 723 4749 ﬂebitur.
752 4708 771 4742 ι
813 4689 1093 4759 Siquidem
1151 4701 1259 4742 non
1306 4686 1467 4742 flendi
1508 4695 1717 4755 tempus
1759 4684 1945 4738 aderat
1991 4682 2058 4738 iis

489 4784 581 4857 qui
609 4799 673 4840 ex
694 4780 1064 4839 misericordia
1087 4779 1177 4835 Dei
1192 4788 1478 4848 paternum
1499 4779 1670 4834 solum
1695 4774 2057 4846 repetierant;

490 4879 695 4948 quique
724 4890 786 4930 ea
809 4875 877 4931 de
894 4888 1053 4929 causa
1074 4872 1379 4944 gaudebant
1404 4880 1464 4927 et
1503 4869 1852 4932 laetabantur,
1885 4875 1945 4921 ut
1978 4867 2061 4921 di-

493 4972 714 5025 citurn
746 4968 1043 5025 Venientes
1086 4974 1269 5021 autem
1314 4964 1533 5020 venient
1576 4965 1630 5018 in
1678 4960 2055 5027 exsultatione,

494 5072 772 5133 portantes
798 5058 1096 5139 manipulos
1121 5060 1249 5114 sues
1274 5059 1340 5114 ’⁸.
1381 5075 1401 5110 ι
1434 5056 1664 5112 Sanctos
1712 5068 1874 5124 porro
1903 5061 2058 5107 vocat

496 5168 593 5207 eos
619 5155 711 5223 qui
776 5152 1095 5224 poenitentia
1141 5150 1484 5207 sanctitatem
1532 5148 1633 5205 sibi
1675 5154 2055 5217 procurarunt.

498 5244 924 5315 Hierosolymam
958 5260 1085 5302 vero
1121 5243 1335 5300 flentem
1358 5242 1567 5298 inducit
1595 5242 1876 5314 propheta,
1918 5238 2058 5309 quod

499 5333 976 5391 commiseratione
1012 5346 1187 5392 motus
1217 5334 1379 5391 talem
1420 5334 1563 5389 illam
1592 5347 1710 5388 esse
1744 5330 1844 5386 sibi
1879 5339 2059 5385 mente

497 5426 832 5484 formaverit.
873 5426 977 5482 Pro
1026 5429 1114 5483 illo
1150 5436 1348 5495 autem,
1405 5446 1424 5480 ι
1464 5428 1660 5484 Vocem
1701 5423 1949 5480 clamoris
1984 5422 2061 5478 tui

498 5520 715 5590 quando
739 5518 893 5583 vidit,
919 5521 1195 5575 exaudivit
1223 5530 1296 5588 te,
1331 5540 1350 5574 ι
1395 5519 1752 5591 Symmachus
1777 5516 1875 5580 ait,
1910 5533 1929 5567 ‹
1957 5515 2059 5570 Vo-

500 5629 619 5671 cem
649 5612 905 5669 ciamoris
933 5614 1032 5680 tui,
1060 5614 1199 5670 sicut
1237 5615 1480 5672 auditum
1507 5612 1694 5679 fuerit,
1730 5610 1910 5667 audiet
1937 5618 2007 5665 te.
2042 5630 2058 5661 ι

573 5793 615 5833 ³⁸
646 5790 789 5852 Psal.
815 5805 979 5858 cxxv,
1005 5790 1057 5846 ϐ,

2159 4588 2430 4659 κλαυθμὸν
2451 4587 2512 4639 ού
2537 4584 2789 4649 κλαύσεις
2809 4601 2822 4617 ο
2858 4603 2877 4637 ι
2903 4583 3103 4655 ὁμοίως
3122 4583 3179 4636 δὲ
3206 4582 3298 4635 καὶ⁹
3320 4580 3460 4635 κατὰ
3481 4581 3573 4633 τὸν
3598 4578 3730 4650 Θεοτ-

2158 4682 2383 4735 δοτίωνα
2424 4678 2665 4750 εἴρηται·
2715 4695 2735 4729 ι
2788 4677 2877 4731 Ἐν
2932 4673 3281 4746 Ἰερουσαλὴμ
3337 4670 3609 4743 κλαυθμὸς
3662 4670 3731 4724 οὗ

2160 4771 2578 4842 κλαυσθήσεται.
2605 4788 2623 4821 ι
2658 4769 2852 4823 Οὐκέτι
2875 4768 2983 4839 γὰρ
3000 4763 3069 4838 ἦν
3103 4765 3293 4838 καιρὸς
3307 4761 3595 4835 κλαυθμοῦ
3613 4763 3733 4825 τοῖς

2158 4864 2246 4919 διὰ
2271 4865 2362 4919 τὸν
2385 4862 2528 4916 ἔλεον
2550 4861 2644 4915 τοῦ
2673 4860 2807 4915 Θεοῦ
2839 4859 3170 4915 ἀπολαϐοῦσι
3204 4859 3265 4913 τὸ
3306 4856 3555 4929 πατρῷον
3608 4854 3735 4907 ἑδα-

2160 4976 2278 5028 φος,
2309 4956 2399 5011 καὶ
2424 4955 2515 5009 ἐπὶ
2532 4954 2704 5025 τούτῳ
2719 4953 2968 5025 χαίρουσι
2994 4953 3087 5006 καὶ
3113 4950 3569 5023 εύφραινομένοις,
3587 4946 3735 5001 κατὰ

2160 5051 2222 5104 τὸ
2246 5048 2561 5121 εἰρημένον·
2586 5064 2605 5098 ι
2652 5044 2961 5118 Ἐρχόμενοι
2984 5045 3041 5099 δὲ
3061 5046 3276 5119 ἥξουσιν
3300 5046 3358 5097 ὲν
3390 5040 3732 5121 ἀγαλλιάσει,

2164 5111 2407 5213 αἴροντες
2452 5140 2520 5194 τά
2550 5111 2840 5210 δράγματα
2900 5111 3100 5192 αὺτῶνί
3146 5157 3165 5189 ι
3208 5111 3549 5205 Ἀγυίουςνδί
3576 5133 3737 5187 καλεῖ

2164 5235 2291 5298 τοὺς
2312 5232 2401 5287 διὰ
2437 5232 2536 5303 τῆς
2572 5229 2856 5302 μετανοίας
2910 5230 3002 5284 τὸν
3048 5228 3312 5297 ἁγιασμδν
3355 5222 3733 5296 ἐφελκυσαμέ-

2166 5343 2310 5389 νους.
2348 5324 2653 5379 Κλαίουσαν
2684 5326 2741 5379 δὲ
2765 5326 2866 5397 τὴν
2908 5319 3257 5395 Ἰερουσαλὴμ
3281 5317 3489 5386 εἰσάγει
3517 5318 3546 5370 6
3594 5332 3735 5387 προ-

2169 5418 2345 5489 φήτης
2369 5457 2385 5482 ,
2441 5417 2835 5489 προανατυπῶν
2889 5414 3057 5485 αὐτὴν
3117 5408 3371 5481 τοιαύτην
3420 5407 3560 5463 κατά
3608 5406 3739 5461 νοῦν

2170 5508 2359 5564 ἑαυτοῦ
2378 5513 2489 5573 τοῖς
2514 5510 2615 5581 τῆς
2639 5507 2977 5580 συμπαθείας
3008 5504 3347 5574 σπλάγχνοις.
3367 5501 3510 5554 Ἀντί
3530 5499 3587 5553 δὲ
3612 5496 3735 5555 τοῦ.

2171 5623 2188 5657 ι
2227 5604 2337 5677 Τὴν
2359 5603 2543 5675 φωνὴν
2564 5603 2664 5675 τῆς
2697 5599 2939 5675 κραυγῆς
2982 5615 3075 5652 σου
3108 5596 3269 5668 ἡνίκα
3295 5590 3432 5649 εἶδεν
3450 5633 3464 5661 ,
3491 5591 3732 5661 ἐπήκου-
