4072 6194
358 323 473 382 309

1282 316 1787 375 COMMENTARIA
1820 317 1887 373 ΙΝ
1924 317 2182 373 ISAIAM.
2221 344 2289 359 -—-
2325 315 2477 371 CAP.
2513 315 2683 372 XXX.

3478 314 3592 371 ’5ῐο

370 443 434 499 σε
479 458 602 508 σου,
640 460 659 493 ι
710 437 1048 510 ὁΣύμμαχός
1078 455 1232 508 φησι,
1278 456 1297 489 ι
1327 437 1439 507 Τὴν
1474 434 1654 507 φωνὴν
1680 435 1777 506 τῆς
1814 433 1928 504 βοῆς

2044 431 2230 489 Simile
2266 441 2441 487 autem
2480 431 2605 487 huic
2655 438 2739 484 est
2794 427 2979 493 illud,‘
3011 444 3033 481 ι
3076 429 3382 484 Secundum
3434 430 3593 485 tidem

376 552 505 599 σου,
532 531 711 596 καθὼς
734 532 797 586 ἂν
851 528 1119 600 άκὸυσθῇ,
1155 526 1339 582 ἀκούει
1388 543 1504 580 σου.
1539 545 1556 578 ι
1612 526 1832 595 Ὅμοιον
1883 524 1941 578 δὲ

377 625 575 696 τούτῳ,
608 643 625 675 ι
655 622 806 677 Κατὰ
830 621 929 693 τὴν
950 620 1134 674 πίστιν
1178 636 1271 672 σου
1299 618 1583 690 γενηθήτω
1615 634 1717 681 σοι,
1758 635 1777 668 ι
1815 616 1939 669 είω-

383 718 501 771 θότι
525 713 763 783 λέγεσθαι
798 712 905 766 ὑπὸ
928 712 1023 766 τοῦ
1043 710 1311 780 Σωτῆρος.
1343 709 1456 763 Νῦν
1492 709 1588 779 μὲν
1609 708 1736 780 γὰρ,
1754 706 1937 778 φησὶν,

384 811 483 865 οὐκ
508 807 744 870 ἔκλαυσε,
767 804 890 858 καθ’
917 803 1103 875 ἕτερον
1129 802 1188 855 δὲ
1207 800 1397 872 καιρὸν
1424 800 1578 853 τοῦτο
1606 801 1766 852 ποιεῖ.
1796 797 1940 868 Πλὴν

382 904 416 955 ὁ
442 900 585 967 λόγος
618 899 877 968 παραινεί
915 896 1052 965 αὐτῇ
1099 894 1226 965 βοᾷν
1250 894 1385 966 πρὸς
1404 892 1495 946 τὸν
1521 892 1653 945 Θεὸν
1690 892 1935 944 πάντοτε.

384 1013 404 1043 ε
439 992 574 1061 Πρὸς
596 990 698 1060 τὴν
749 989 935 1060 φωνήν
977 1003 1093 1051 σου,
1146 987 1339 1058 φησὶν,
1395 982 1817 1057 ἀποκριθήσεται
1860 998 1938 1033 σοι

362 1268 549 1321 στενόν
570 1282 583 1295 ·
610 1267 708 1319 καὶ
724 1266 911 1320 οὐκέτι
946 1264 1021 1337 μὴ
1048 1264 1307 1333 ἐγγίσωσι
1334 1280 1415 1317 σοι
1434 1264 1483 1315 οἱ
1507 1259 1814 1323 πλανῶντες
1839 1277 1898 1313 σε
1920 1280 1934 1292 ο

356 1361 444 1413 ὅτι
474 1360 524 1412 οί
552 1357 825 1429 ὀφθαλμοί
853 1373 945 1410 σου
966 1356 1183 1427 ὄψονται
1202 1358 1327 1421 τοὺς
1352 1354 1665 1420 πλανῶντάς
1706 1370 1796 1406 σε’
1846 1354 1940 1408 καὶ

360 1449 431 1503 τὰ
458 1444 576 1503 ὦτά
604 1466 702 1502 σου
740 1448 1067 1502 ἀκούσονται
1095 1449 1221 1513 τοὺς
1279 1447 1468 1517 λόγους
1491 1446 1597 1499 τῶν
1656 1444 1829 1502 ὀπίσω
1878 1461 1938 1497 σε

366 1540 758 1610 πλανησάντων
781 1556 796 1569 ·
830 1540 880 1593 ot
905 1539 1180 1609 λέγοντεςσ
1204 1538 1351 1611 Αὕτη
1379 1540 1413 1609 ἡ
1429 1538 1565 1602 ὁδὸς,
1589 1536 1939 1609 πορευθῶμεν

362 1631 427 1682 ὲν
462 1632 627 1702 αὐτῇ,
652 1631 757 1684 εἴτε
784 1630 953 1696 δεξιὰ,
987 1630 1097 1684 εἴτε
1130 1630 1409 1703 ἀριστερά.
1443 1649 1461 1681 ι
1483 1629 1732 1683 Διδάσκει
1758 1628 1815 1682 δὲ
1853 1627 1940 1682 διὰ

369 1722 608 1786 τούτων,
641 1723 713 1786 ὡς
733 1725 787 1776 ὲν
814 1725 908 1795 μὲν
928 1726 994 1794 τῇ
1011 1714 1151 1794 ἀρχῇ
1182 1722 1284 1793 τῆς
1316 1723 1571 1777 ἐπανόδου
1598 1721 1798 1792 πολσλῆς
1824 1721 1937 1776 θλι-

368 1815 525 1883 ψεως
550 1813 800 1883 μετέσχον
821 1814 868 1866 οί
893 1813 1002 1866 ἀπὸ
1043 1813 1139 1883 τῆς
1171 1812 1272 1884 γῆς
1303 1812 1564 1883 πολεμίας
1614 1810 1930 1865 ἐπανελθόν-

377 1898 497 1969 τες,
532 1904 638 1957 τῶν
674 1902 980 1975 περιχώρων
1022 1902 1306 1958 θλιϐόντων
1336 1902 1553 1966 αὐτοὺς,
1603 1902 1680 1965 ὡς
1730 1902 1824 1955 καὶ
1868 1902 1930 1955 τὸ

380 1993 544 2063 ιργον
574 1993 804 2064 ἐπισχεῖν
835 1997 934 2065 τῆς
972 1994 1255 2065 οἰκοδομῆς
1282 1994 1375 2048 τοῦ
1406 1995 1575 2067 ίεροῦ.
1623 1996 1794 2052 Τοῦτο
1835 1992 1928 2054 οὖν

382 2086 476 2138 καὶ
508 2087 565 2137 ἐν
585 2088 645 2155 τῇ
678 2086 884 2157 ἱστορίᾳ
917 2087 975 2138 ὲν
996 2088 1062 2157 τῇ
1099 2085 1262 2157 βίϐλῳ
1304 2086 1399 2140 τοῦ
1434 2087 1638 2160 Ἔσδρα
1668 2089 1924 2146 διδάσκει.

379 2177 469 2229 Διὸ
496 2174 670 2229 οὐκέτι
699 2176 1026 2248 πλανήσουσί
1080 2192 1168 2230 σε·
1224 2177 1273 2230 εί
1334 2176 1442 2248 γάρ
1491 2180 1583 2232 καὶ
1622 2179 1930 2252 πειραθεῖεν

363 2269 519 2321 τοῦτο
561 2269 767 2340 πρᾶξαί
818 2286 982 2335 τινες,
1013 2268 1126 2323 ἀλλ’
1159 2269 1209 2322 οἱ
1264 2267 1529 2340 ὀφθαλμοί
1569 2288 1662 2324 σου
1712 2271 1928 2342 ὄψονται

356 2358 576 2422 αὐτούς.
620 2359 843 2423 Ἰδόντες
895 2358 953 2411 δὲ
1000 2358 1197 2422 αὐτοὺς
1238 2360 1333 2412 καὶ
1364 2361 1686 2431 νοήσαντες,
1711 2365 1771 2417 οὐ
1796 2365 1929 2418 πλα-

359 2450 703 2521 νηθήσονται.
732 2450 845 2505 Καὶ
892 2450 1051 2505 πάλιν
1085 2450 1134 2503 εί
1163 2450 1467 2522 πειραθεῖεν
1503 2454 1711 2526 ἑτέροις
1748 2455 1926 2525 λόγοις

358 2545 657 2615 ἀπατηλοῖς
684 2543 1015 2614 διαστροφάς
1035 2544 1171 2615 πρὸς
1196 2546 1340 2616 ὑμᾶς
1371 2545 1571 2605 λαλεῖν.
1595 2547 1690 2601 καὶ
1725 2549 1926 2604 τούτων

359 2635 431 2690 τὰ
455 2637 675 2707 ῥήματα
702 2637 763 2689 οὐ
797 2632 1184 2708 παραδέξονται
1218 2636 1287 2690 τά
1320 2630 1436 2691 ὦτά
1461 2654 1586 2690 σουο
1634 2640 1736 2693 κᾶν
1781 2640 1924 2696 ἁπα-

355 2728 557 2791 τῶντες
582 2727 792 2797 λέγοιεν
809 2744 823 2757 ·
858 2746 877 2779 ι
901 2727 1045 2799 Αὕτη
1072 2730 1106 2800 ή
1125 2728 1262 2796 ὁδὸς,
1294 2729 1643 2802 πορευθῶμεν
1680 2734 1739 2785 ὲν
1766 2735 1924 2805 αὐτῇ,

360 2820 477 2873 εἴτε
503 2820 671 2885 δεξιὰ,
700 2821 812 2874 εἴτε
841 2820 1136 2892 ἀριστεράο
1179 2838 1198 2873 ι
1227 2821 1285 2873 ού
1312 2821 1579 2894 πεισθήσῃ
1602 2822 1711 2895 γὰρ
1747 2825 1926 2889 αὐτοῖς

363 2912 775 2980 λέγουσι·ταῦτα
797 2930 812 2945 ·
845 2912 960 2967 ἀλλ’
994 2912 1115 2984 ὁδῷι
1125 2913 1377 2985 βασιλικῇ
1399 2915 1658 2988 πορεύσῃ,
1678 2916 1779 2989 τὴν
1827 2919 1924 2988 μέ-

368 3020 474 3074 σην
508 3003 717 3072 ὁδεύων,
745 3006 839 3058 καὶ
866 3005 940 3077 μὴ
959 3005 1221 3060 ἐκκλίνων
1244 3006 1381 3077 μήτε
1408 3009 1486 3072 είς
1516 3008 1664 3073 δεξιὰ
1691 3010 1825 3082 μήτε
1847 3013 1926 3076 είς

362 3095 647 3167 ἀριστερά.

437 3206 457 3239 ι
485 3188 591 3242 Καὶ
627 3191 835 3260 μιανείς
862 3189 930 3244 τὰ
955 3190 1145 3245 εἴδωλα
1170 3193 1239 3246 τά
1272 3195 1783 3267 περιηργυρωμένα,
1834 3196 1928 3251 καὶ

356 3281 881 3352 περικεχρυσωμὲνα
914 3280 1084 3337 λεπτὰ
1111 3284 1383 3355 ποιήσεις,
1415 3285 1509 3338 καὶ¹
1546 3286 1828 3358 λικμήσεις
1852 3289 1927 3355 ὼς

357 3369 505 3443 ὕδωρ
522 3372 969 3444 άποκαθημένης,
1000 3374 1093 3428 καὶ
1119 3374 1195 3440 ὡς
1227 3377 1427 3450 κόπρον
1447 3377 1605 3444 ὢσεις
1624 3380 1779 3435 αὐτά.
1793 3382 1927 3435 Τότε

357 3464 512 3518 ἔσται
534 3467 563 3519 ὁ
594 3465 747 3528 ὑετὸς
774 3464 852 3536 τῷ
884 3465 1156 3538 σπέρματι
1174 3469 1273 3540 τῆς
1303 3470 1407 3540 γῆς
1435 3487 1549 3534 σου,
1583 3471 1677 3523 καὶ
1703 3472 1732 3523 ὀ
1763 3471 1925 3542 ἄρτος

360 3557 456 3611 τοῦ
486 3560 823 3630 γεννήματος
867 3559 969 3629 τῆς
1000 3559 1103 3629 γῆς
1154 3578 1246 3615 σου
1296 3561 1446 3616 ἔσται
1492 3562 1773 3635 πλησμονὴ
1833 3565 1925 3619 καὶ

360 3649 604 3724 λιπαρός.
655 3671 673 3702 ›
710 3652 894 3705 Πάντα
930 3653 1011 3715 είς
1037 3654 1097 3706 σὲ
1141 3653 1557 3726 πληρωθήσεται
1606 3656 1664 3708 ὲν
1704 3656 1925 3728 εὐθηνίᾳ

362 3742 549 3813 πολλῇ,
572 3743 669 3796 καὶ
698 3743 976 3820 βαθυτάτῃ
1003 3748 1193 3819 εἰρήνῃ
1234 3746 1331 3818 τὴν
1374 3746 1517 3819 ζωὴν
1565 3746 1919 3802 διατελοῦντι·

362 3831 442 3898 ὡς
460 3836 549 3887 καὶ
574 3836 726 3906 παρὰ
752 3837 836 3889 σοὶ
862 3836 995 3903 ζῶα,
1027 3839 1122 3893 καὶ
1144 3838 1374 3909 μάλιστα
1404 3841 1503 3911 τὴν
1531 3840 1712 3913 χώραν
1755 3859 1925 3914 γεωρ-

359 3926 558 3996 γοῦντα
576 3968 595 3994 ,
624 3928 956 4000 πληροῦσθαι
979 3931 1076 4002 τῆς
1102 3931 1283 3994 αὐτοῖς
1310 3932 1450 3987 κατὰ
1472 3935 1631 4001 φύσιν
1649 3935 1871 4006 τροφῆς.

435 4038 455 4070 ι
494 4019 607 4073 Καὶ
634 4019 1026 4092 βοσκηθήσεταὶ
1055 4040 1145 4076 σου
1176 4022 1244 4075 τὰ
1273 4025 1442 4096 κτήνη
1468 4027 1532 4095 τῇ
1570 4024 1751 4096 ἡμέρᾳ
1780 4027 1922 4079 ὲκεί-

353 4126 425 4184 νη
444 4112 610 4166 τόπον
636 4112 794 4166 πίονα
817 4114 911 4167 καὶ
930 4114 1255 4186 εὐρύχωρον.
1289 4116 1353 4168 Οἱ
1396 4114 1586 4185 ταῦροι
1617 4116 1772 4186 ὑμῶν
1832 4119 1925 4171 καὶ

351 4206 406 4258 οἱ
440 4205 565 4275 βόες
594 4206 645 4257 οἱ
664 4205 1015 4276 ἐργαζόμενοι
1036 4206 1132 4277 τὴν
1162 4208 1267 4278 γῆν
1294 4206 1555 4277 φάγονται
1579 4208 1758 4288 ἄχυρα
1796 4210 1925 4264 άνα-

2042 536 2185 581 tuam
2235 524 2328 579 ﬂat
2368 524 2502 591 tibi,
2546 541 2566 575 ι
2622 522 2763 592 quod
2799 537 2829 575 a
2866 519 3145 574 Salvatore
3188 520 3295 575 dici
3325 519 3479 575 solet.
3532 520 3598 576 Et

2041 632 2185 672 nunc
2204 616 2440 687 quidem,
2472 616 2569 682 ait,
2623 629 2730 669 non
2778 612 2944 678 ﬂevit,
2988 612 3085 667 sed
3126 611 3234 666 alio
3270 622 3511 682 tempore
3547 614 3599 667 id

2038 708 2329 779 prmstabit.
2369 706 2637 769 Czeterum
2677 706 2766 761 hic
2790 713 3063 769 monetur,
3093 703 3236 759 utad
3265 703 3431 759 Deum
3458 720 3601 760 sem-

2039 816 2137 872 per
2162 800 2378 857 clamet.
2425 818 2444 853 ι
2482 800 2563 856 Ad
2586 812 2768 856 vocem
2795 806 2964 865 tuam,
2999 796 3208 867 inquit,
3247 796 3597 866 respondebit

2039 894 2132 950 tibi
2157 895 2318 951 Deus.
2351 914 2370 946 ι

2114 1158 2274 1214 Vens.
2311 1158 2400 1225 20,
2429 1160 2519 1213 ﬁl.
2566 1180 2583 1213 ι
2631 1159 2697 1215 Ει
2729 1161 2879 1217 dabit
2905 1161 3059 1217 vobis
3108 1160 3368 1217 Dominus
3407 1175 3598 1232 panem

2040 1249 2359 1316 aﬂlictionis,
2386 1262 2440 1305 et
2466 1267 2655 1321 aquam
2680 1262 2963 1323 angustam
2984 1268 2997 1305 2
3017 1262 3072 1309 et
3108 1266 3443 1322 nequaquam
3462 1251 3600 1306 ultra

2040 1343 2543 1415 appropinquabunt
2572 1344 2666 1399 tibi
2690 1345 2801 1415 [qui
2841 1360 3023 1401 errare
3084 1344 3288 1400 faciunt
3338 1354 3428 1410 te,
3474 1344 3603 1413 quia

2038 1438 2177 1492 oculi
2222 1438 2296 1492 tui
2346 1437 2601 1493 videbunt
2638 1452 2763 1503 eos,
2803 1438 2895 1509 qui
2941 1453 3127 1493 errare
3164 1438 3366 1492 faciunt
3405 1446 3457 1492 te
3497 1453 3512 1490 :
3547 1446 3605 1491 et

2040 1545 2200 1586 aures
2227 1539 2330 1586 tua:
2376 1532 2594 1587 audient
2624 1533 2787 1586 verba
2827 1545 3012 1586 eorum
3070 1531 3161 1602 qui
3205 1538 3500 1586 retrorsum
3551 1538 3605 1584 te

2040 1636 2228 1679 errare
2256 1621 2504 1678 fecerunt
2534 1641 2549 1678 :
2581 1622 2675 1691 qui
2700 1623 2888 1679 dicunt
2922 1642 2936 1677 :
2976 1623 3098 1677 llatc
3122 1624 3233 1689 via,
3267 1624 3604 1680 ambulemus

2041 1712 2094 1768 in
2132 1728 2229 1779 ea,
2273 1714 2385 1769 sive
2421 1715 2489 1769 ad
2527 1715 2806 1779 dextram,
2847 1716 2963 1771 sive
2996 1716 3060 1769 ad
3104 1716 3406 1771 sinistram.
3441 1735 3460 1768 ι
3502 1714 3603 1773 Hic

1966 1792 2007 1847 Β
2036 1806 2213 1872 docet,
2253 1820 2348 1861 eos
2398 1806 2487 1877 qui
2543 1819 2607 1861 ex
2639 1807 2856 1862 inimica
2908 1817 3053 1862 terra
3092 1810 3293 1864 reversi
3352 1820 3513 1876 sunt,
3546 1810 3600 1863 in

2031 1897 2294 1967 principio
2334 1899 2537 1961 reditus
2560 1899 2754 1955 multas
2794 1915 3063 1955 aerumnas
3108 1911 3268 1965 atque
3319 1903 3598 1957 molestias

2030 2002 2059 2041 a
2086 1987 2331 2045 ﬁnitimis
2356 1990 2469 2045 suis
2498 2004 2617 2046 esse
2644 2004 2925 2061 perpessos
2947 2031 2962 2056 ,
3000 1992 3071 2045 ita
3110 2000 3168 2046 ut
3192 1993 3379 2063 templi
3426 1993 3595 2051 fabri-

2030 2094 2150 2135 cam
2180 2081 2513 2137 cohiberent.
2540 2082 2593 2138 Id
2621 2097 2750 2139 vero
2775 2083 2827 2138 in
2863 2083 3086 2139 historia
3112 2083 3234 2139 libri
3280 2084 3467 2142 Esdrae
3504 2087 3601 2144 de-

2031 2174 2287 2231 claratur.
2320 2174 2680 2242 Quamobrem
2718 2191 2822 2231 non
2856 2175 2994 2230 ultra
3037 2192 3224 2232 errare
3278 2187 3331 2233 te
3363 2177 3596 2246 facient;

2028 2268 2239 2324 etiamsi
2281 2270 2423 2325 enim
2475 2270 2691 2340 quidam
2738 2270 2789 2324 id
2838 2271 3188 2337 tentaverint,
3237 2282 3293 2325 at
3332 2273 3473 2328 oculi
3523 2275 3601 2329 tui

2028 2362 2288 2418 videbunt
2329 2363 2472 2419 illos.
2511 2363 2645 2418 Cum
2694 2377 2855 2433 porro
2900 2365 3119 2420 videant
3170 2374 3225 2419 et
3272 2366 3598 2437 intelligant,

2029 2471 2371 2529 nequaquam
2400 2457 2453 2511 in
2484 2471 2724 2513 errorem
2763 2455 3115 2511 deducentur.
3166 2454 3511 2528 Rursumque
3548 2460 3598 2515 si

2028 2552 2267 2609 subdolis
2318 2552 2706 2621 fallacibusque
2746 2550 2905 2605 dictis
2954 2561 3207 2617 perversa
3255 2547 3409 2603 vobis
3449 2548 3597 2618 loqui

2027 2653 2309 2709 conentur,
2340 2643 2533 2698 horum
2562 2644 2729 2698 verba
2778 2656 2881 2696 non
2919 2641 3192 2710 excipient
3232 2656 3395 2696 aures
3446 2650 3595 2697 tute:

2026 2734 2240 2789 etiamsi
2265 2734 2532 2789 fallaciter
2561 2735 2765 2799 dicant,
2808 2752 2828 2783 ι
2860 2732 2984 2789 Haec
3013 2734 3121 2798 via,
3153 2733 3494 2789 ambulemus
3536 2734 3591 2789 in

2026 2840 2114 2895 ea,
2132 2828 2245 2883 sive
2270 2827 2339 2882 ad
2361 2828 2628 2893 dextram,
2652 2827 2766 2883 sive
2788 2827 2855 2881 ad
2878 2824 3152 2882 sinistram
3179 2841 3193 2879 :
3220 2843 3241 2877 ι
3277 2825 3363 2881 his
3395 2825 3596 2895 quippe

2028 2917 2153 2974 talia
2184 2917 2559 2976 eﬂ'utientibus
2601 2934 2707 2976 non
2742 2918 3178 2989 obtemperabis;
3211 2919 3305 2974 sed
3347 2918 3401 2973 in
3447 2920 3593 2989 regia

2027 3012 2114 3068 via
2153 3011 2478 3079 ambulabis,
2520 3012 2757 3069 mediam
2816 3022 3044 3081 tenens,
3084 3027 3258 3083 neque
3315 3011 3593 3069 declinans

1953 3129 1995 3189 ρ
2030 3103 2095 3160 ad
2125 3103 2407 3177 dexteram
2444 3104 2530 3159 vel
2558 3106 2626 3161 ad
2654 3105 2953 3161 sinistram.

2098 3195 2261 3253 Vens.
2285 3196 2478 3253 22-25.
2537 3216 2557 3251 ι
2595 3197 2663 3253 Ει
2708 3199 3100 3256 contaminabis
3138 3199 3277 3256 idola
3332 3201 3595 3273 deargen-

2029 3295 2165 3355 tata,
2198 3296 2253 3344 et
2292 3289 2552 3344 deaurata
2606 3291 2959 3356 comminues,
3004 3300 3058 3346 et
3116 3292 3411 3363 disperges~
3454 3293 3595 3349 sicut

2027 3392 2221 3447 aquam
2261 3390 2631 3449 menstruatae,
2657 3390 2712 3435 et
2764 3382 2907 3437 sicut
2962 3389 3172 3438 stercus
3222 3384 3445 3454 abjicies
3503 3401 3591 3442 ea.

2027 3468 2178 3523 Tunc
2196 3469 2300 3525 erit
2336 3470 2517 3540 pluvia
2551 3471 2748 3526 semini
2776 3479 2934 3525 terra:
2966 3482 3094 3537 tute,
3119 3481 3175 3528 et
3202 3474 3354 3543 panis
3376 3474 3591 3547 frugum

2029 3567 2188 3616 terra:
2218 3569 2323 3617 tua:
2371 3562 2477 3617 erit
2514 3561 2796 3617 abundans
2829 3569 2883 3617 et
2908 3562 3145 3633 pinguis.
3175 3582 3194 3615 ι
3229 3564 3421 3621 Omnia
3447 3568 3592 3637 apud

2029 3658 2082 3705 te
2125 3651 2282 3721 copia
2338 3667 2519 3708 rerum
2570 3651 2958 3722 implebuntur,
3011 3660 3067 3707 et
3127 3654 3389 3708 altissima
3461 3671 3593 3725 pace

2025 3741 2252 3813 frueris;
2285 3746 2359 3800 ita
2392 3756 2450 3801 ut
2468 3745 2716 3801 animalia
2737 3754 2846 3811 tua,
2879 3747 3219 3816 maximeque
3247 3760 3311 3802 ea
3344 3762 3463 3817 quae
3496 3765 3592 3806 co-

2025 3835 2198 3892 lendis
2217 3839 2362 3908 agris
2394 3839 2511 3895 usui
2527 3848 2673 3905 sunt,
2688 3838 2884 3910 pabulo
2911 3848 3119 3895 natura:
3142 3854 3252 3896 sua:
3268 3842 3588 3912 congruenti

2025 3928 2320 3987 abundent.
2354 3950 2374 3984 ι

2104 4041 2122 4075 ι
2146 4022 2211 4078 Ει
2233 4024 2772 4093 pascenturjumenta
2805 4033 2894 4079 tua
2926 4024 2978 4080 in
3009 4026 3094 4081 die
3123 4025 3213 4081 illa
3234 4026 3289 4081 in
3322 4026 3440 4083 loco
3466 4030 3589 4099 pin~

2022 4114 2110 4185 gui
2148 4124 2202 4171 et
2226 4116 2483 4186 spatioso.
2518 4117 2681 4173 Tauri
2712 4119 2879 4173 vestri
2915 4126 2971 4174 et
3009 4120 3198 4186 boves,
3238 4121 3329 4189 qui
3361 4136 3591 4191 operan-

2025 4216 2117 4261 tur
2155 4216 2379 4275 terram,
2431 4210 2712 4264 comedent
2773 4210 2958 4280 paleas
3003 4212 3327 4267 commixtas
3384 4214 3590 4271 hordeo

355 4295 704 4365 πεποιημένα
728 4296 785 4347 ἐν
823 4295 981 4366 κριθῇ
1027 4295 1418 4369 λελικμημένῃ,
1479 4297 1589 4349 Καὶ
1629 4296 1781 4351 ἔσται
1834 4300 1925 4353 ἐπὶ

2028 4300 2304 4357 ventilata.
2328 4301 2394 4356 Et
2421 4301 2526 4357 erit
2563 4316 2725 4372 super
2761 4318 2974 4359 omnem
3018 4311 3256 4361 montem
3312 4305 3591 4363 excelsum

354 4388 558 4451 παντὸς
602 4387 759 4458 ὅρους
790 4386 991 4459 ὑψηλοῦ
1023 4389 1116 4442 καὶ
1144 4390 1238 4442 ἐπὶ
1268 4389 1467 4453 παντὸς
1508 4389 1693 4461 βουνοῦ
1724 4391 1923 4462 μετεώ-

2028 4402 2081 4446 et
2102 4407 2261 4461 super
2298 4405 2514 4447 omnem
2544 4392 2735 4448 collem
2785 4395 3069 4451 sublimem
3108 4412 3245 4467 aqua
3290 4398 3585 4453 decurrens

357 4494 452 4547 ρου
484 4475 631 4546 ῦδωρ
656 4476 1104 4548 διαπορευόμενον
1132 4479 1190 4531 ἐν
1215 4480 1281 4549 τῇ
1327 4477 1509 4549 ἡμέρᾳ
1547 4479 1750 4557 ἐκείνῃ,
1796 4481 1923 4535 ὅταν

2028 4483 2081 4537 in
2107 4480 2194 4538 die
2226 4482 2336 4550 illa,
2363 4498 2483 4537 cum
2524 4482 2785 4553 perierint
2807 4487 2981 4554 multi,
3004 4497 3059 4541 et
3105 4503 3227 4542 cum
3278 4488 3586 4544 ceciderint

352 4568 663 4621 ἀπόλωνται
722 4568 905 4623 πολλοὶ
928 4610 943 4636 ,
986 4569 1081 4623 καὶ
1133 4570 1263 4623 ὅταν
1311 4571 1516 4624 πέσωσι
1572 4571 1791 4643 πύργοι,
1831 4592 1848 4624 ι
1891 4573 1923 4644 ἢ

2029 4584 2227 4641 turres,
2268 4593 2288 4627 ι
2335 4577 2450 4631 sive
2485 4578 2780 4632 secundum
2849 4579 3273 4649 Symmachum,
3324 4599 3342 4632 ι
3404 4583 3461 4636 In
3500 4583 3588 4637 die

352 4660 498 4713 κατὰ
520 4660 613 4713 τὸν
632 4659 943 4732 Σύμμαχον,
968 4679 985 4711 ι
1013 4663 1069 4714 ὲν
1084 4660 1267 4733 ήμέρᾳ
1288 4663 1500 4733 σφαγῆς
1524 4665 1740 4736 πολλῆς,
1770 4667 1827 4718 ὲν
1849 4665 1925 4736 τῷ

2028 4666 2186 4723 caedis
2212 4666 2410 4746 multae,
2441 4683 2561 4723 cum
2582 4669 2777 4725 cadent
2798 4670 2999 4741 magni.
3034 4690 3053 4723 ι
3098 4670 3447 4739 Quandonam
3479 4682 3586 4728 ca:-

354 4755 543 4805 πεσεῖν
574 4752 889 4822 μεγάλους.»
915 4754 1049 4806 Πότε
1076 4753 1131 4806 δὲ
1160 4753 1309 4808 ἔσται
1332 4756 1366 4825 ἡ
1402 4754 1567 4825 πολλὴ
1596 4756 1799 4828 σφαγὴ,
1832 4759 1925 4811 καὶ

2028 4760 2119 4815 des
2152 4759 2319 4815 multa
2348 4760 2642 4831 continget,
2672 4771 2726 4818 et
2753 4765 3094 4831 quandonam
3130 4764 3307 4834 magni
3352 4764 3578 4827 cadent,

353 4845 488 4897 πότε
517 4845 884 4899 πεσοῦνταιοὶ
914 4846 1157 4916 μεγάλοι,
1192 4847 1225 4918 ἢ
1272 4846 1411 4900 κατὰ
1436 4847 1527 4900 τὸν
1577 4849 1767 4919 καιρὸν
1824 4850 1919 4920 τῆς

2028 4851 2124 4905 nisi
2159 4860 2397 4920 tempore
2430 4851 2752 4908 universalis
2775 4851 2984 4920 judicii,
3016 4853 3155 4922 quod
3190 4863 3309 4923 post
3332 4869 3582 4921 consum-

352 4934 585 4988 καθόλου
614 4935 843 5007 κρίσεως
862 4936 960 5007 τῆς
979 4936 1117 5007 μετά
1144 4938 1242 5007 τὴν
1275 4938 1579 4991 συντέλειαν
1606 4939 1699 4991 τοῦ
1728 4940 1921 5004 αἰῶνος

2028 4942 2314 4995 mationem
2344 4943 2528 4998 surculi
2556 4943 2715 5013 hujus
2745 4944 3025 5000 ferendum
3047 4946 3168 4999 est?
3192 4944 3368 5011 Quare
3396 4960 3585 5000 secun-

351 5026 541 5079 τούτου
557 5027 926 5099 γεγενημένης
942 5028 1076 5098 (58);
1104 5029 1193 5081 Διὸ
1207 5028 1419 5101 εἴρηται
1439 5030 1577 5084 κατὰ
1602 5031 1727 5093 τοὺς
1738 5029 1920 5083 Ἑϐδο-

358 5119 623 5189 μήκσντα,
659 5137 679 5172 ι
712 5121 877 5174 Ὅταν
917 5121 1124 5175 πέσωσι
1150 5121 1366 5194 πύργοι,
1396 5123 1491 5175 καὶ
1528 5123 1653 5177 ὅταν
1677 5124 1917 5177 ἀπόλων-

352 5226 448 5263 ται
488 5210 685 5264 πολλοί.
720 5229 739 5261 ι
776 5210 967 5264 Πολλοὶ
1007 5211 1116 5283 γὰρ
1174 5213 1292 5265 κατ’
1351 5214 1553 5267 ἐκεῖνον
1595 5214 1918 5269 ἀπολοῦνται

351 5298 449 5353 τὸν
476 5300 683 5371 χρόνον,
716 5301 775 5355 ὲν
819 5293 864 5369 ᾧ
906 5302 999 5354 καὶ
1046 5300 1115 5354 τὰ
1159 5302 1537 5373 ἐπηγγελμένα
1584 5305 1694 5367 τοῖς
1749 5304 1917 5372 ἀξίοις

349 5392 766 5463 ἀποδοθήσεται.
834 5392 1094 5447 Ἐνταῦθα
1150 5392 1272 5446 οὔτε
1323 5394 1414 5447 τοῦ
1452 5395 1661 5467 Ἰσραὴλ
1713 5414 1917 5469 μνημο-

322 5478 519 5551 ξνεύει,
541 5484 663 5537 οὐδὲ
688 5485 822 5549 ὅλως
852 5486 961 5540 τῶν
988 5486 1275 5551 Ἰουδαίων,
1297 5486 1429 5541 ἀλλὰ
1449 5489 1543 5541 τοῦ
1575 5488 1703 5542 λαοῦ
1734 5490 1915 5544 αὐτοῦ·

348 5577 428 5639 ὼς
463 5577 669 5640 πάντας
718 5579 843 5641 τοὺς
870 5578 1053 5644 ἀξίους
1094 5579 1448 5650 χρηματίζειν
1477 5580 1600 5637 λαὸν
1632 5581 1785 5649 Θεοῦ,
1821 5583 1917 5639 τίθ-

266 5732 279 5739 ,
324 5668 687 5738 Ιὶπαγγελίας
708 5669 1129 5743 ὲξαπλουμένης.

424 5780 545 5853 (38)
582 5779 745 5839 Forte
773 5781 875 5855 leg.
910 5786 1295 5858 γενησομένης.
1316 5785 1476 5861 Enn.

2026 5033 2149 5085 dum
2170 5030 2311 5085 LXX
2332 5032 2655 5103 lnterpretcs
2680 5034 2894 5099 dicitur,
2935 5054 2953 5086 ι
2981 5050 3102 5089 cum
3147 5035 3342 5089 cadent
3383 5044 3581 5101 turres,

2023 5131 2077 5178 et
2117 5137 2239 5177 cum
2275 5124 2523 5194 peribunt
2576 5126 2750 5179 multi.
2789 5144 2808 5178 ι
2867 5126 3001 5181 Nam
3058 5142 3121 5182 co
3153 5135 3392 5195 tempore
3424 5127 3577 5183 multi

2022 5216 2303 5289 peribunt,
2326 5232 2434 5285 quo
2468 5217 2556 5282 iis,
2580 5219 2669 5285 qui
2698 5217 2844 5289 digni
2882 5227 3058 5281 erunt,
3104 5216 3370 5285 promissa
3421 5220 3585 5274 retri—

2024 5310 2272 5365 buentur.
2310 5308 2409 5364 llic
2449 5324 2611 5379 porro
2638 5323 2810 5380 neque
2852 5308 3104 5365 lsraelem
3150 5323 3321 5379 neque
3368 5310 3584 5368 Judaaos

2024 5412 2309 5468 memorat,
2338 5402 2432 5458 sed
2451 5401 2701 5471 populum
2733 5416 2924 5466 suum;
2956 5402 3028 5455 ita
3060 5411 3135 5470 ut,
3182 5403 3413 5473 expletis
3457 5419 3581 5473 pro-

2016 5493 2385 5561 missionibus,
2426 5508 2616 5551 omnes
2643 5494 2736 5564 qui
2774 5493 2917 5565 digni
2950 5504 3143 5561 erunt,
3194 5497 3420 5567 populus
3487 5497 3580 5553 Dei

2017 5588 2385 5643 nominentur.
