4072 6194
432 289 528 345 511

1108 286 1377 347 EUSEBH
1412 287 1888 359 CESARIENSIS
1923 288 2070 345 OPP.
2111 286 2289 345 PARS
2327 288 2413 347 Ill.
2451 319 2521 330 —
2554 287 2961 348 EXEGETICA.

3549 292 3655 348 512

505 409 669 462 Vsus.
698 408 788 472 2’3,
824 407 912 460 27.
953 424 972 455 ε
1015 407 1204 460 Etcrit
1234 406 1319 461 lux
1347 406 1507 474 luuze,
1536 408 1688 477 quasi
1720 409 1805 462 lux
1836 410 1988 475 solis,

2163 429 2182 459 ι
2221 410 2329 463 Καὶ
2356 408 2508 463 ἔσται
2552 410 2612 463 τὸ
2643 411 2759 481 φῶς
2809 411 2908 483 τῆς
2937 411 3169 481 σελήνης
3200 410 3275 474 ὡς
3302 412 3364 465 τὸ
3403 410 3516 481 φῶς
3561 414 3655 467 τοῦ

431 499 590 557 etlux
622 498 754 554 solls
778 499 883 553 erit
906 498 1333 569 septempliciter
1360 500 1413 553 iu
1462 499 1572 565 die,
1597 515 1721 554 cum
1762 517 1990 557 sanave-

434 591 505 645 rit
531 589 793 645 Dominus
827 587 1212 644 eontritiouem
1259 589 1438 659 populi
1493 592 1611 656 sui,
1644 601 1700 648 et
1752 592 1992 648 dolorem

435 682 603 753 plagae
646 691 748 735 tua:
775 679 1011 736 curabit.
1048 679 1184 734 Ecce
1216 696 1408 753 nomen
1445 682 1655 738 Domini
1700 683 1851 737 venit
1898 699 1995 753 per

436 775 661 829 multum
682 783 889 844 tempus
919 775 1150 828 :ardens
1175 774 1326 828 furor
1349 789 1469 829 cum
1494 775 1684 845 gloria.
1710 775 1992 847 Eloquium

438 867 703 922 lahiorum
728 866 865 937 ejus,
890 866 1162 936 eloquium
1187 865 1280 921 ira:
1313 866 1553 935 plenum,
1585 878 1641 922 et
1688 868 1769 923 ira
1796 867 1994 923 furoris

436 961 555 1029 ejus
605 959 745 1015 sicut
797 959 937 1029 ignis
989 958 1234 1012 devorat.
1266 978 1286 1012 ι
1351 960 1456 1016 Pro
1506 962 1650 1016 dicto
1680 961 1795 1025 illo,
1836 981 1855 1014 ι
1899 978 1995 1034 per

435 1051 663 1106 multum
695 1062 926 1121 tempus,
967 1072 987 1106 ι
1027 1052 1217 1123 reliqui
1248 1054 1595 1123 interpretes,
1631 1072 1650 1106 ι
1686 1056 1751 1111 de
1778 1057 1987 1126 longe,»

432 1146 744 1201 ediderunt.
770 1144 1038 1201 Observes
1068 1161 1229 1216 porro
1257 1147 1437 1214 velim,
1480 1162 1584 1202 non
1615 1148 1787 1218 ipsum
1813 1148 1995 1204 Domi—

435 1254 564 1293 nttm
623 1247 907 1293 venturum
960 1238 1099 1307 dici,
1165 1240 1260 1296 sed
1319 1255 1516 1299 nomen
1581 1239 1833 1305 Domini,
1887 1257 1994 1313 quo

431 1331 680 1387 Christus
716 1330 1135 1400 subindicatur;
1171 1320 1237 1388 de
1292 1332 1381 1389 illo
1418 1333 1617 1403 quippe
1643 1332 1851 1388 dictum
1886 1343 1992 1401 est,

434 1442 453 1475 ο
494 1422 814 1477 Benedictus
841 1425 929 1489 qui
955 1423 1102 1478 venit
1125 1424 1178 1477 in
1205 1425 1422 1479 nomine
1453 1426 1686 1494 Domini,
1717 1426 1855 1482 Deus
1888 1426 1993 1483 Do-

429 1515 610 1568 minus
648 1522 704 1568 et
766 1512 939 1567 illuxit
974 1512 1129 1570 nobis
1149 1516 1216 1569 ²⁹.
1257 1535 1275 1568 ι
1313 1516 1446 1572 Cum
1473 1518 1908 1583 veneritautem,
1932 1533 1997 1575 ac

431 1606 726 1661 secundum
758 1606 1165 1677 gloriosumque
1194 1608 1481 1665 adventum
1525 1624 1684 1665 suum
1733 1611 1997 1666 exhibue-

433 1698 525 1762 rit,
547 1700 947 1769 subsequentur
971 1699 1195 1755 ultrices
1230 1700 1477 1767 virtutes,
1507 1718 1603 1772 per
1632 1719 1767 1774 quas
1794 1706 1997 1777 suppli-

432 1795 516 1846 cia
547 1790 737 1861 itnpiis-
757 1788 1084 1855 ittferentur,
1113 1805 1247 1860 quas
1277 1792 1392 1848 haec
1433 1793 1717 1866 Scriptura
1753 1796 1993 1853 furorem

441 1883 685 1951 iramque
708 1892 867 1937 vocat
902 1898 917 1936 :
950 1881 1214 1950 siquidem
1240 1894 1361 1952 post
1388 1885 1647 1955 prolatam
1675 1891 1993 1946 sententiam

432 1972 699 2044 Supplicia
723 1972 899 2045 dignis
920 1973 1053 2029 ultio
1085 1972 1370 2033 inferetur.

498 2334 662 2389 Vsus.
697 2333 785 2389 28.
824 2350 844 2386 ι
877 2332 943 2389 Et
979 2333 1204 2404 spiritus
1258 2332 1374 2401 ejus
1414 2333 1555 2388 sicut
1583 2348 1721 2402 aqua
1750 2332 1804 2387 in
1858 2332 1998 2388 valle

427 2427 674 2491 trahens,
722 2426 902 2482 veniet
958 2440 1131 2495 usque
1167 2426 1235 2481 ad
1266 2426 1497 2492 collum,
1530 2436 1585 2482 et
1634 2426 1928 2482 dividetur.
1972 2446 1992 2479 ι

431 2520 531 2578 llic
571 2520 801 2592 spiritus
834 2517 981 2576 ultor
1013 2517 1211 2575 multas
1247 2518 1303 2573 iu
1349 2528 1533 2589 partes
1557 2518 1844 2583 dividetur,
1870 2519 1995 2589 quia

426 2616 659 2672 multum
691 2615 938 2671 estinter
970 2611 1277 2682 puniendos
1321 2610 1636 2668 discrimen.
1668 2628 1688 2663 ι
1726 2611 1795 2667 Ut
1818 2612 1997 2666 turbet

430 2718 620 2779 gentes
646 2722 808 2778 super
843 2721 1028 2763 errore
1074 2721 1247 2773 vano,
1273 2714 1329 2762 et
1363 2714 1719 2777 persequetur
1762 2720 1854 2759 eos
1910 2720 1997 2759 er-

433 2817 545 2869 ror,
568 2811 624 2858 et
641 2801 819 2872 capiet
845 2816 938 2857 eos
974 2801 1028 2856 in
1074 2808 1365 2871 conspectu
1409 2815 1620 2854 eorum.
1668 2818 1687 2852 ι
1744 2798 1844 2854 Hic
1900 2798 1994 2854 Dei

428 2896 693 2965 inspectio
728 2893 796 2949 ad
843 2894 1025 2950 omnia
1051 2902 1274 2948 extensa
1321 2892 1667 2958 declaratur;
1717 2891 1843 2962 quia
1888 2907 1995 2949 non

430 2987 483 3039 in
516 2986 599 3041 his
633 2993 839 3040 tantum
882 2985 1147 3043 consistet
1182 2984 1259 3037 ira
1282 3026 1298 3051 ,
1351 2985 1444 3040 sed
1487 2993 1676 3055 gentes
1733 2986 1998 3054 pervadet

431 3079 583 3135 ultio.
614 3078 1030 3133 Atenintutuon
1064 3085 1286 3145 possent
1314 3075 1594 3142 Israelita},
1644 3077 1742 3132 soli
1793 3091 1824 3129 a
1887 3077 1997 3131 Deo

430 3166 766 3237 reprehensi,
812 3166 1027 3232 dicere,
1060 3166 1227 3220 Deum
1274 3180 1371 3222 sua
1429 3174 1663 3231 tantum,
1713 3181 1817 3221 non
1869 3180 1997 3222 vero

2095 499 2265 571 ήλίου,
2300 500 2471 553 καὶτὸ
2501 500 2615 569 φῶς
2639 501 2734 554 τοῦ
2765 502 2917 573 ήλίου
2943 502 3095 556 ἔσται
3123 503 3487 558 ἐπταπλάσιον
3511 506 3566 557 ὲν
3592 510 3658 576 τῇ

2093 592 2297 663 ήμέρα,
2317 592 2446 646 ὅταν
2472 592 2686 664 ἰάσηται
2725 593 2931 665 Κύριος
2962 595 3024 648 τὸ
3058 594 3372 667 σύντριμμα
3406 594 3501 648 τοῦ
3529 596 3662 650 λαοῦ

2095 682 2281 751 αὐτοῦ,
2329 683 2421 736 καὶ
2476 684 2575 756 τὴν
2622 684 2813 755 ὀδύνην
2866 687 2966 757 τῆς
3021 688 3231 759 πληγῆς
3290 705 3381 741 σου
3432 690 3661 743 ἰάσεται.

2107 775 2235 828 Ἰδου
2261 775 2322 827 τὸ
2356 774 2529 845 ὄνομα
2556 775 2762 845 Κυρίου
2796 776 3010 849 ἔρχεται
3063 778 3151 833 διὰ
3203 779 3394 833 πολλοῦ
3447 780 3665 851 χρόνου,

2094 866 2381 938 καιόμενος
2415 866 2587 938 θυμὸς
2621 868 2757 939 μετὰ
2792 868 2969 940 δόξης.
2988 871 3063 923 Τὸ
3103 873 3279 941 λόγιον
3308 874 3415 927 τῶν
3444 872 3667 943 χειλέων

2095 962 2276 1025 αὐτοῦ,
2307 960 2488 1029 λόγιον
2511 960 2684 1031 ὀργῆς
2718 960 2941 1034 πλῆρες,
2970 962 3063 1016 καὶ
3092 964 3126 1034 ή
3173 964 3307 1035 ὀργὴ
3339 963 3429 1017 τοῦ
3492 964 3665 1035 θυμοῦ

2096 1052 2259 1106 αὐτοῦ
2309 1053 2384 1117 ὼς
2433 1055 2544 1126 πῦρ
2603 1054 2796 1109 ἔδεται.
2833 1074 2851 1107 ι
2899 1056 3043 1109 Ἀντὶ
3065 1056 3121 1108 δὲ
3148 1056 3261 1121 τοῦ,
3292 1077 3309 1108 ι
3350 1057 3438 1111 διὰ
3470 1056 3667 1110 πολλοῦ

2097 1148 2343 1219 χρόνου,ι
2380 1148 2430 1201 οἱ
2460 1148 2636 1203 λοιποὶ
2673 1150 3004 1222 ἑρμηνευταί
3031 1191 3046 1215 ,
3086 1169 3106 1202 ε
3137 1150 3424 1224 μακρόθεν,
3450 1171 3468 1204 ι
3518 1152 3670 1225 εἰρή-

2096 1257 2241 1295 κασι.
2275 1241 2384 1295 Kal
2412 1243 2584 1313 τήρει,
2619 1243 2694 1306 ὡς
2716 1244 2815 1297 οὐκ
2852 1244 2917 1297 ἂν
2948 1244 3109 1298 αὐτόν
3146 1262 3278 1317 φησι
3318 1244 3407 1299 τὸν
3462 1245 3668 1318 Κύριον

2097 1335 2369 1407 ἔρχεσθαι,
2396 1337 2533 1389 ἀλλὰ
2555 1337 2615 1390 τὸ
2642 1336 2810 1409 ὄνομα
2846 1337 3074 1409 Κυρίου,
3121 1337 3210 1390 τὸν
3240 1338 3469 1409 Χριστὸν
3501 1342 3671 1394 αἰνιτ-

2095 1427 2342 1495 τόμενος,
2368 1428 2496 1499 περὶ
2525 1444 2587 1482 ου
2614 1429 2859 1499 εἴρηταιο
2898 1448 2915 1480 ι
2950 1427 3325 1500 Εὐλογημένος
3365 1432 3393 1484 ὁ
3444 1428 3674 1502 ἐρχόμε-

2095 1535 2184 1582 νος
2204 1519 2262 1572 ἐν
2286 1518 2508 1590 ὀνόματι
2552 1519 2926 1591 Κυρίου,Θεὸς
2984 1520 3187 1591 Κύριος
3252 1522 3347 1575 καὶ
3405 1522 3674 1592 ἐπέφανεν

2096 1612 2245 1680 ἡμῖν.
2290 1630 2310 1664 ι
2362 1610 2685 1682 Ἐρχομὲνου
2717 1611 2772 1665 δὲ
2808 1612 2903 1666 καὶ
2934 1611 3031 1683 τὴν
3071 1612 3328 1684 δευτέραν
3378 1614 3543 1667 αὐτοῦ
3582 1615 3673 1669 ἕν-

2097 1700 2245 1766 δοξον
2266 1701 2567 1771 παρουσίαν
2598 1701 3463 1773 ποιουμένου,’ὲπακολουθήσουσι
3504 1721 3675 1774 τιμω-

2107 1793 2326 1862 ρητικαὶ
2356 1792 2644 1863 δυνάμεις,
2691 1793 2760 1847 δι’
2785 1786 2860 1847 ὧν
2888 1796 2943 1847 αἱ
2990 1794 3242 1860 κολάσεις
3270 1799 3383 1860 τοῖς
3421 1796 3674 1849 ἀσεϐέσιν

2098 1884 2517 1955 ἐνταχθήσονται,
2552 1883 2677 1956 ἃςή
2732 1884 2980 1957 παροῦσα
3009 1887 3198 1959 Γραφὴ
3230 1887 3396 1958 θυμὸν
3432 1888 3527 1941 καὶ
3582 1889 3677 1958 ὀρ-

2095 1976 2200 2049 γὴν
2225 1976 2514 2048 ὀνομάζει·
2548 1976 2853 2041 ἀκολούθως
2876 1979 2983 2048 γάρ
3002 1980 3067 2049 τῇ
3094 1978 3187 2031 τοῦ
3221 1979 3377 2049 λόγου
3403 1980 3676 2048 ἀποφάσει

2094 2069 2164 2123 τά
2219 2070 2317 2142 τῆς
2369 2070 2539 2141 ὀργῆς
2598 2071 2713 2135 τοῖς
2778 2069 3266 2141 κολασθησομένοις
3320 2071 3679 2143 ὲπενεχθήσε-

2096 2179 2205 2215 ται.

2171 2359 2188 2392 ι
2223 2342 2329 2394 Καὶ
2344 2340 2404 2395 τὸ
2423 2340 2639 2413 πνεῦμα
2662 2341 2848 2408 αὐτοῦ,
2867 2342 2943 2407 ὡς
2968 2342 3114 2413 ὕδωρ
3137 2342 3195 2396 ἐν
3212 2342 3456 2415 φάραγγι
3485 2340 3678 2414 σύρον,

2093 2430 2212 2502 ἣξει
2239 2432 2343 2497 ἕως
2368 2432 2462 2486 τοῦ
2492 2434 2786 2506 τραχήλου,
2807 2435 2900 2488 καὶ
2914 2434 3330 2507 διαιρεθήσεται.
3362 2454 3382 2488 ι
3402 2435 3513 2489 Καὶ
3543 2435 3682 2490 διαι-

2097 2522 2383 2594 ρεθήσεται
2397 2524 2457 2577 τὺ
2470 2523 2786 2580 κολαστικὸν
2799 2525 2957 2580 τοῦτο
2972 2525 3189 2597 πνεῦμα
3219 2527 3299 2589 εἰς
3315 2524 3514 2589 πολλάς
3538 2525 3681 2579 διαι-

2099 2614 2295 2684 ρέσεις,
2324 2613 2415 2668 διὰ
2436 2613 2496 2668 τὸ
2516 2615 2774 2686 πλείστην
2796 2611 3057 2670 εἶναιτῶν
3076 2615 3450 2687 κολαζομένων
3481 2616 3673 2686 διαφο-

2098 2706 2217 2778 ράν.
2264 2724 2283 2758 ι
2312 2705 2417 2759 Τοῦ
2450 2707 2681 2779 ταράξαι
2716 2706 2842 2779 ἔθνη
2871 2708 2962 2760 ἐπὶ
2982 2707 3245 2781 πλανήσει
3302 2707 3527 2779 ματαίᾳ,
3579 2707 3675 2762 καὶ

2095 2796 2343 2863 διώξεται
2374 2799 2571 2863 αὐτοὺς
2594 2799 2877 2871 πλάνησις,
2911 2801 3005 2854 καὶ
3051 2800 3279 2871 λήψεται
3307 2801 3503 2864 αὐτοὺς
3531 2798 3673 2853 κατά

2098 2890 2385 2962 πρόσωπον
2410 2892 2608 2947 αὐτῶν.
2648 2910 2667 2943 ›
2706 2892 2817 2964 Τὴν
2846 2892 2987 2947 κατὰ
3020 2892 3235 2948 πάντων
3280 2892 3534 2946 θεοπτίαν
3581 2892 3674 2946 καὶ

2095 2984 2253 3039 τοῦτο
2271 2985 2561 3051 δείκνυσιν,
2587 2987 2791 3041 ὅτιούκ
2815 2986 2922 3040 ἔσω
2956 2985 3161 3040 τούτων
3196 2987 3451 3058 στήσεται
3476 2985 3545 3039 τά
3572 2984 3672 3055 τῆς

2096 3076 2265 3147 ὀργῆς
2290 3094 2302 3106 ο
2335 3076 2725 3147 διαϐήσεταιδὲ
2749 3078 2843 3132 καὶ
2865 3078 2944 3141 εἰς
2965 3078 3033 3132 τά
3055 3078 3180 3150 ἔθνη
3211 3079 3243 3149 ή
3274 3078 3527 3149 τιμωρία.
3556 3078 3672 3131 Ἰνα

2098 3168 2206 3240 γάρ
2239 3169 2313 3240 μὴ
2341 3168 2435 3243 ἐξῇ
2474 3175 2584 3236 τοῖς
2625 3171 3012 3242 Ἰσραηλίταις,
3056 3173 3236 3243 μόνοις
3267 3173 3374 3226 ὐπὸ
3404 3171 3498 3226 τοῦ
3539 3170 3672 3225 Θεοῦ

431 3258 672 3328 gentium
727 3267 945 3328 peccata
985 3256 1195 3327 punire,
1229 3257 1538 3312 necessario
1580 3257 1874 3312 vindictam
1935 3257 1989 3312 iu

2098 3260 2491 3333 ἐλεγχομένοις,
2509 3264 2688 3333 λέγειν
2713 3264 2908 3326 αὐτοὺς
2934 3264 3091 3334 μόνον
3123 3264 3211 3318 τὸν
3241 3264 3372 3317 Θεὸν
3424 3264 3517 3316 ἐπὶ
3560 3264 3677 3327 τοῖς

428 3357 617 3419 gentes
643 3361 861 3418 quoque
884 3346 1237 3401 transituram
1267 3344 1542 3409 declarat,
1580 3354 1746 3415 atque
1786 3345 1991 3401 erroris

432 3436 686 3492 ultionem
718 3437 864 3507 ipsos
894 3436 1209 3490 invasuram
1228 3449 1348 3491 esse
1372 3434 1637 3504 praedicit.

2098 3353 2456 3426 ἁμαρτήμασι
2488 3355 2984 3428 τιμωρηθήσεσθαι,
3013 3355 3134 3425 οὐχὶ
3171 3357 3229 3409 δὲ
3266 3357 3360 3409 καὶ
3401 3355 3471 3409 τὰ
3517 3355 3673 3427 ἔθνη,

2099 3444 2412 3513 ἀναγκαίως
2436 3448 2529 3501 καὶ
2560 3446 2657 3518 τὴν
2691 3446 2784 3500 ἐπὶ
2814 3446 2881 3501 τὰ
2909 3445 3033 3517 ἔθνη
3059 3446 3407 3518 διαϐήσεσθαι
3428 3445 3678 3500 ἐκδικίαν

433 3531 663 3597 φάσκει,
715 3528 809 3583 καὶ
840 3525 1245 3599 καταλήψεσθαι
1288 3527 1388 3597 τὴν
1439 3527 1504 3579 ὲκ
1559 3529 1659 3597 τῆς
1708 3525 2026 3600 πλανήσεως
2062 3530 2216 3605 δίκην
2238 3537 2617 3608 προαγορεύει.

506 3708 665 3763 Vnus.
685 3706 772 3764 29-
788 3707 876 3762 32.
899 3725 920 3760 ι
941 3704 1192 3777 Nunquid
1222 3718 1434 3776 semper
1454 3714 1664 3775 oportet
1690 3720 1783 3761 vos
1800 3705 1995 3774 laetari,

437 3812 493 3856 et
526 3814 740 3869 semper
770 3798 977 3870 ingredi
1001 3798 1053 3854 in
1077 3808 1265 3854 sancta
1310 3813 1452 3864 mea,
1490 3799 1643 3869 quasi
1674 3788 1810 3854 festa
1843 3799 1987 3855 cele-

427 3894 670 3956 brantes,
702 3892 856 3962 quasi
895 3891 1144 3948 laetantes
1179 3892 1388 3961 ingredi
1423 3906 1547 3947 cum
1583 3892 1712 3946 tibia
1744 3892 1811 3946 ad
1842 3907 1996 3947 mon-

432 3997 539 4038 tem
574 3984 809 4049 Domini,
849 3982 919 4039 ad
964 3982 1135 4040 Deum
1185 3982 1386 4040 Israel?
1431 3983 1497 4039 Et
1546 3984 1791 4040 auditam
1837 3983 1997 4041 faciet

432 4077 693 4134 Dominus
754 4077 983 4149 gloriam
1018 4078 1171 4135 vocis
1217 4092 1354 4146 suae,
1390 4086 1447 4134 et
1494 4077 1730 4134 furorem
1782 4079 1993 4137 brachii

429 4170 539 4236 sui,
570 4178 631 4224 ut
659 4171 911 4227 ostendat
939 4186 1062 4227 cum
1089 4170 1271 4228 furore
1294 4186 1351 4228 et
1378 4173 1457 4226 ira
1480 4180 1534 4227 et
1575 4171 1790 4226 ﬂamma
1827 4172 1994 4229 devo-

431 4273 609 4330 rante,
672 4262 979 4321 fulminabit
1009 4264 1380 4334 vehementer,
1437 4277 1491 4323 et
1543 4267 1684 4323 sicut
1735 4282 1873 4340 aqua
1942 4276 1998 4322 et

431 4355 661 4425 grando,
704 4370 823 4427 qua:
854 4357 905 4410 vi
948 4356 1198 4411 deorsum
1238 4355 1431 4411 fertur.
1480 4354 1582 4411 Per
1614 4371 1804 4411 vocem
1847 4356 1993 4410 enim

432 4448 645 4504 Domini
672 4450 1068 4519 superabuntur
1094 4448 1303 4516 Assyrii
1348 4448 1531 4519 plaga,
1572 4464 1675 4518 qua
1729 4450 1997 4518 percutiet

428 4556 525 4595 eos
559 4557 573 4594 :
604 4550 658 4595 et
681 4540 787 4595 erit
817 4540 865 4597 ei
897 4541 950 4595 iu
994 4541 1252 4596 circuitu.
1292 4559 1311 4592 ι
1351 4540 1524 4607 Tunc,
1554 4543 1649 4609 ait,
1678 4542 1711 4596 ii
1748 4542 1839 4612 qui
1874 4557 1997 4611 per-

426 4634 707 4689 cutiebant
733 4642 789 4689 et
835 4633 1194 4689 verberabant
1228 4646 1342 4695 eos,
1377 4645 1567 4701 pmnas
1610 4633 1813 4688 dabunt
1842 4648 1858 4686 :
1889 4633 1996 4687 dae-

427 4736 618 4779 mones
641 4725 785 4779 enim
805 4724 1266 4780 circumsistentes
1287 4722 1407 4778 illos
1438 4723 1715 4795 suppliciis
1740 4723 1991 4779 aﬂicient.

428 4811 661 4881 Quinam
688 4829 817 4870 vero
862 4813 970 4870 sint
1003 4814 1079 4869 illi
1121 4828 1246 4869 mox
1294 4812 1471 4884 aperit
1519 4814 1736 4869 dicens:
1773 4832 1792 4865 ι
1841 4814 1995 4870 Unde

428 4916 551 4963 erat
585 4902 693 4962 illis
720 4922 845 4977 spes
871 4906 1077 4971 auxilii,
1109 4906 1160 4960 in
1193 4919 1299 4976 quo
1347 4904 1460 4975 ipse
1508 4904 1839 4961 conﬁdebat.
1890 4906 1993 4975 lpsi

2163 3729 2182 3763 ι
2238 3712 2329 3784 Μὴ
2372 3711 2459 3766 διά
2513 3714 2710 3778 παντὸς
2760 3715 2840 3768 δεῖ
2890 3715 3033 3787 ὑμᾶς
3091 3713 3474 3787 εὐφραίνεσθαι
3504 3753 3521 3777 ,
3577 3716 3677 3771 καὶ

2097 3801 2513 3874 εἰσπορεύεσθαι
2541 3805 2620 3867 είς
2636 3805 2705 3857 τά
2729 3806 2860 3874 ἅγιά
2880 3824 2980 3877 μου
3004 3805 3313 3871 διαπαντὸς,
3333 3806 3465 3858 ὡσεὶ
3484 3806 3674 3878 ἑορτά-

2096 3888 2307 3957 ζοντας,
2344 3892 2476 3948 ὡσεὶ
2498 3894 2957 3967 εὐφραινομένους
2979 3896 3238 3950 εἰσελθεῖν
3272 3898 3389 3968 μετ’
3405 3896 3565 3950 αὐλοῦ
3591 3898 3675 3960 εἰς

2095 3982 2156 4036 τὸ
2212 3982 2336 4053 ὅρος
2382 3984 2587 4055 Κυρίου
2643 3986 2781 4058 πρὸς
2836 3987 2926 4041 τὸν
2978 3988 3109 4041 Θεὸν
3134 3987 3228 4042 τοῦ
3284 3987 3530 4061 Ἰσραήλ;
3559 3989 3673 4041 Kal.

2096 4074 2367 4146 ἀκουστὴν
2399 4077 2613 4149 ποιήσει
2640 4078 2843 4150 Κύριος
2878 4081 2976 4153 τὴν
3015 4080 3171 4146 δόξαν
3223 4084 3320 4151 τῆς
3349 4080 3528 4151 φωνῆς
3571 4080 3674 4134 αὐ-

2096 4168 2213 4235 τοῦ,
2245 4170 2337 4223 καὶ
2368 4169 2460 4223 τὸν
2489 4169 2656 4242 θυμὸν
2686 4171 2779 4224 τοῦ
2804 4171 3085 4245 βραχίονος
3109 4170 3296 4233 αὐτοῦ,
3324 4170 3493 4239 δεῖξαι
3531 4172 3671 4242 μετὰ

2098 4262 2270 4333 θυμοῦ
2299 4264 2389 4317 καὶ
2421 4264 2590 4337 ὀργῆς
2634 4266 2726 4318 καὶ
2766 4264 2958 4334 φλογὸς
3004 4264 3416 4336 κατεσθιούσης,
3468 4282 3671 4337 κεραυ-

2098 4350 2255 4405 νώσει
2283 4350 2489 4421 βιαίως,
2514 4354 2606 4405 καὶ
2629 4353 2704 4417 ὡς
2730 4352 2874 4424 ὕδωρ
2907 4354 3001 4407 καὶ
3027 4354 3236 4425 χάλαζα
3264 4372 3674 4427 συγκαταφερο-

2102 4444 2235 4514 μένη
2262 4443 2372 4515 βίᾳ.
2404 4445 2502 4497 Διά
2528 4443 2635 4515 γάρ
2666 4446 2765 4516 τῆς
2794 4448 2975 4516 φωνῆς
3025 4444 3229 4517 Κυρίου
3277 4446 3675 4519 ἡττηθήσονται

2112 4535 2381 4605 Ἀσσύριοι
2407 4539 2472 4607 τῇ
2506 4539 2708 4608 πληγῇ,
2804 4536 2868 4592 ἂν
2897 4538 3108 4609 πατάξῃ
3131 4539 3325 4603 αὐτούς
3350 4556 3363 4569 ⁸
3402 4540 3494 4593 καὶ
3515 4539 3672 4593 ἔσται

2098 4626 2246 4697 αὐτῷ
2268 4626 2546 4683 κυκλόθεν.
2579 4648 2598 4681 ι
2630 4628 2763 4682 Τότε
2789 4630 2876 4701 δὴ,
2911 4631 3094 4701 φησὶν,
3117 4634 3165 4684 οἰ
3199 4632 3447 4694 παίοντες
3471 4631 3674 4696 αὐτοὺς

2098 4720 2190 4772 καὶ
2213 4717 2502 4784 τύπτοντες
2534 4721 3004 4794 τιμωρηθήσονται
3030 4741 3043 4753 ο
3088 4724 3337 4795 δαίμονες
3383 4723 3511 4795 γὰρ,
3570 4742 3674 4777 κυ-

2098 4812 2284 4865 κλόθεν
2340 4815 2537 4878 αὐτοὺς
2597 4818 3140 4889 περιστοιχησάμενοι
3172 4858 3186 4882 ,
3243 4818 3342 4882 τὰς
3398 4818 3675 4889 τιμωρίας

2096 4903 2374 4971 ἐπάξουσι.
2399 4906 2555 4970 Τίνες
2608 4908 2664 4961 δέ
2719 4911 2855 4962 εἰσιν
2908 4904 3053 4962 οὗτοι
3103 4910 3353 4979 διασαφεῖ
3407 4910 3667 4979 φάσκων⁹

424 5013 550 5054 cum
574 4997 843 5071 tympanis
867 5004 920 5053 et
949 4997 1157 5051 cithara
1204 4996 1537 5065 pugnabunt.
1577 5014 1596 5047 ι
1636 4993 1821 5065 lmpiis
1867 5012 1991 5067 spes

2099 5013 2118 5047 ι
2158 4993 2418 5070 ”Οθεν,ἦν
2449 5000 2628 5064 αὐτοῖς
2658 5002 2692 5072 ή
2752 5000 2905 5064 ὲλπίς
2948 5001 3050 5073 τῆς
3101 5001 3350 5073 βοηθείας
3376 5041 3390 5066 ,
3447 5002 3529 5070 ἐφ’
3597 4997 3671 5074 ἦς

426 5093 619 5149 auxilii
645 5102 815 5148 erata
853 5091 957 5147 diis
984 5091 1120 5155 suis,
1163 5089 1496 5146 adversariis
1530 5105 1724 5159 nempe
1754 5100 1993 5160 potesta-

431 5184 597 5248 tihus,
630 5196 685 5240 et
720 5186 975 5255 malignis
1000 5182 1301 5254 spiritibus.
1341 5182 1435 5238 His
1455 5182 1652 5253 quippe
1688 5183 1844 5253 quasi
1889 5184 1994 5237 diis

425 5278 797 5349 adhaerebant,
823 5296 888 5336 ac
911 5296 1060 5351 spem
1104 5278 1294 5333 auxilii
1342 5276 1395 5331 in
1433 5277 1499 5334 iis
1526 5276 1802 5346 locarant;
1838 5277 1993 5347 igno-

425 5376 616 5426 rantes
648 5369 792 5439 ipsos
821 5381 1054 5429 tortores
1088 5373 1192 5428 sibi
1227 5371 1457 5428 futuros.
1490 5368 1622 5424 Nam
1648 5369 1729 5423 ira
1759 5378 1813 5424 et
1845 5367 1995 5422 furor

424 5472 617 5518 contra
645 5462 840 5531 impios
884 5462 1159 5522 immissus
1213 5481 1307 5537 per
1353 5463 1576 5534 angelos
1628 5460 1802 5518 malos
1852 5460 1994 5516 inle-

426 5560 645 5608 τοίω-,ι
679 5550 782 5620 Ipsi
836 5566 959 5607 cum
1001 5555 1273 5624 tympanis
1316 5563 1372 5613 et
1403 5553 1631 5628 _cithara
1672 5551 1993 5624 pugnabunt

498 5760 543 5792 ¹⁹
586 5759 726 5817 Psal.
765 5775 927 5826 cxvtt,
962 5759 1161 5825 26,27.

2100 5088 2259 5154 αὐτὸς
2282 5090 2576 5145 ἐπεποίθει.
2609 5092 2772 5145 Αὐτοὶ
2798 5090 2935 5163 μετὰ
2956 5095 3250 5164 τυμπάνων
3292 5094 3385 5147 καὶ
3435 5091 3671 5163 κιθάρας

2100 5183 2548 5256 πολεμήσουσιν.»
2586 5185 2769 5250 Ἐλπὶς
2787 5190 2897 5250 τοῖς
2924 5188 3140 5241 ἀσεϐέσι
3173 5186 3421 5257 βοηθείας
3446 5182 3514 5257 ἦν
3557 5187 3671 5240 ἀπὸ

2098 5274 2207 5329 τῶν
2230 5274 2367 5330 θεῶν
2386 5276 2584 5343 αὐτῶν,
2610 5277 2718 5331 τῶν
2738 5278 3122 5350 ἀντικειμένων
3152 5277 3350 5350 δηλαδή
3364 5277 3667 5349 δυνάμεων,

2101 5365 2194 5419 καί
2225 5364 2332 5419 τῶν
2371 5366 2620 5439 πονηρῶν
2654 5367 2999 5438 πνευμάτων.
3034 5365 3259 5430 Τούτοις
3293 5364 3402 5436 γάρ
3427 5366 3501 5429 ὼς
3526 5364 3671 5431 θεοῖς

2101 5461 2404 5529 προσεῖχον,
2436 5460 2528 5513 καὶ
2544 5459 2643 5532 τὴν
2668 5460 2855 5515 ἐλπίδα
2874 5458 2972 5528 τῆς
2991 5457 3239 5529 βοηθείας
3258 5459 3322 5511 ὲκ
3350 5457 3551 5514 τούτων
3569 5460 3672 5512 αὐ·-

2101 5553 2211 5616 τοῖς
2240 5550 2455 5609 ἔσεσθαι
2485 5552 2731 5625 ἤλπιζον,
2752 5553 2849 5607 οὐκ
2884 5550 3103 5629 εἰδότες,
3135 5551 3216 5606 ὅτι
3236 5546 3376 5606 οὗτοι
3407 5549 3669 5605 κολασταὶ
