4072 6194
313 280 423 338 515

1203 276 1705 335 COMKENTARIA
1743 278 1812 336 IN
1852 279 2106 336 lSAlAM.
2148 315 2213 323 —-
2244 280 2405 338 CAP.
2443 277 2667 333 ΧΧΧΙ..

3446 289 3556 346 3M

316 395 510 452 αὐτῶν
534 394 772 449 ῐσονται.
813 392 874 447 Ἦ
904 391 1016 464 γὰρ
1038 390 1176 465 ὀργή
1205 394 1300 448 καὶ
1330 396 1359 448 6
1405 394 1574 465 θυμὸς
1596 395 1737 450 κατὰ
1789 395 1868 449 τῶ

1970 450 1972 456 _
2000 406 2188 451 contra
2213 411 2337 450 eum
2376 410 2442 450 ex
2477 392 2934 459 commutatione;
2963 413 2981 447 ι
3026 403 3210 466 utpo‘te
3242 400 3330 468 qui
3367 402 3559 462 alienis

314 486 550 542 ἀσεϐῶν
588 484 1035 554 ἀποστελλόμενος
1081 485 1148 537 δι’
1196 483 1443 553 ἀγγέλων
1476 486 1762 555 γενήσεται
1806 502 1868 538 πο

2002 488 2159 543 malis
2201 488 2470 558 gaudeant
2499 502 2662 540 :nam
2689 500 2757 540 cx
2791 486 2981 541 amicis
3004 488 3210 543 inimici
3231 492 3485 548 evadent.

321 581 537 653 γηρῶν.
565 599 585 632 ι
614 581 765 634 Αὐτοὶ
796 579 936 650 μετὰ
969 579 1267 649 τυμπάνων
1306 582 1400 634 καὶ
1433 580 1659 651 κιθάρας
1686 581 2080 652 πολεμήσουσιν
2102 582 2262 635 αὑτὸν
2299 583 2363 634 ὲκ
2386 581 2685 651 μεταϐολῆς
2706 598 2719 611 ·
2751 600 2772 634 ι
2806 581 2900 635 ἅτε
2929 583 3393 653 ὲπιχαιρεσίκακοί
3413 605 3557 655 τινες

323 679 519 742 ϐντες’
578 677 691 733 ἀντὶ
742 676 851 748 γὰρ
910 676 1021 731 τῶν
1078 677 1248 746 φίλων
1295 678 1477 749 ἐχθροὶ
1525 680 1975 750 καταστήσονται.

402 818 423 851 ι
464 800 531 853 Σὺ
555 798 789 877 γὰρ’-πρὸ
831 798 1057 870 ἡμερῶν
1114 799 1486 873 ἀπαιτηθήσῃ.
1517 802 1609 873 Μὴ
1663 802 1758 854 καὶ
1809 802 1892 854 σοὶ

331 889 619 960 ἡτοιμάσθη
650 888 992 957 βασιλεύειν;
1034 907 1052 939 ι
1093 887 1275 943 Ταῦτα
1293 890 1372 951 δὲ,
1408 892 1561 961 φησὶ,
1620 891 1680 945 σὲ
1737 908 1891 963 περι-

331 980 490 1051 μένει,
508 981 596 1033 τὸν
623 980 793 1033 πάλαι
811 980 1080 1051 τρυφερὸν
1106 982 1197 1033 καὶ
1218 982 1579 1054 ὑπερήφανον
1606 985 1654 1037 εἰ
1684 983 1757 1056 μὴ
1783 984 1890 1055 ἄρα

324 1071 507 1123 σαυτὸν
522 1070 753 1124 ἀπατῶν
778 1071 1086 1142 προσδοκᾷς
1116 1072 1196 1125 ὃτι
1215 1074 1308 1126 καὶ
1338 1074 1417 1127 σοὶ
1435 1074 1735 1144 βασιλεύειν
1750 1078 1891 1148 ήτοί-

316 1175 510 1229 μασται
535 1159 745 1234 δμοίως
768 1161 883 1221 τοῖς
917 1161 1106 1230 στενὴν
1134 1162 1227 1214 καὶ
1252 1161 1616 1234 τεθλιμμένην
1632 1165 1884 1218 ὁδεύσασι

306 1228 510 1320 τρίϐον,
541 1228 640 1302 καὶ
690 1252 927 1319 πτωχοῖς
958 1228 1213 1305 διὰήΘεὸν
1246 1228 1554 1323 γενομένοις
1570 1228 1767 1307 ’ἕνεκεν
1800 1254 1883 1307 διο

304 1341 621 1413 καιοσύνης.
658 1343 805 1396 [Idm
832 1342 938 1415 γὰρ
969 1344 1195 1407 ἐκείνοις
1219 1346 1540 1416 ἡτοίμασται
1566 1346 1879 1417 ήβασιλεία,

300 1422 493 1487 ’ἀλλὀὐ
516 1435 604 1487 σοὶ
618 1433 702 1505 τῷ
711 1435 813 1506 τὴν
827 1434 1080 1488 πλατεῖαν
1097 1437 1189 1489 καὶ
1206 1436 1512 1510 εὐρύχωρον
1521 1438 1639 1491 ὁδὸν
1656 1456 1880 1510 πορευο-

308 1527 478 1596 μένῳ.
510 1545 530 1577 ι
552 1526 811 1597 Φάραγγα
830 1526 1069 1596 βαθεῖαν,
1090 1526 1218 1592 ξύλα
1234 1524 1478 1601 κέίμενα,
1498 1532 1605 1603 πῦρ
1626 1533 1717 1586 καὶ
1746 1532 1878 1599 ξύλα

305 1618 505 1672 πολλά.
548 1620 610 1671 '0
639 1619 803 1690 θυμὸς
828 1620 1033 1691 Κυρίου
1066 1619 1140 1684 ὼς
1164 1621 1380 1693 φάραγξ
1408 1624 1510 1677 ὑπὸ
1538 1624 1678 1677 θείου
1721 1644 1875 1680 καιο-

310 1709 481 1779 μένη.
524 1728 544 1760 ι
572 1709 722 1762 Θεῖον
746 1713 834 1763 καὶ
855 1710 964 1781 πῦρ
993 1712 1342 1765 ὑποκαίουσιν
1382 1715 1459 1778 είς
1490 1716 1585 1787 τὴν
1623 1716 1729 1769 τῶν
1779 1719 1875 1770 αὺ-

2066 799 2230 853 Vsns.
2256 799 2343 853 55.
2383 817 2401 849 ι
2436 796 2515 852 Tu
2546 796 2691 852 enim
2723 807 2847 852 ante
2880 796 2993 854 dies
3021 797 3287 852 rationem
3327 800 3554 855 reddere

1991 892 2222 961 cogeris.
2256 890 2525 959 Numquid
2547 891 2707 944 etiam
2741 891 2836 944 tibi
2864 899 3111 960 paratum
3148 900 3231 944 est
3260 894 3546 958 regnare?»

1990 983 2138 1048 Hmc,
2171 984 2366 1053 inquit,
2393 992 2445 1036 te
2498 982 2627 1037 olim
2670 982 3032 1052 voluptarium
3056 990 3111 1035 et
3134 984 3429 1049 superbum
3463 998 3554 1037 ex-

1991 1085 2241 1146 spectant
2273 1091 2285 1128 :
2320 1075 2421 1129 nisi
2462 1074 2695 1131 fortasse
2739 1075 2968 1143 teipsum
3002 1072 3299 1142 decipiens,
3360 1088 3551 1142 exspe-

1991 1180 2107 1224 ctas
2148 1166 2242 1221 tibi
2308 1181 2523 1236 quoque
2579 1175 2826 1237 paratum
2880 1182 3102 1236 regnum
3147 1180 3289 1231 esse,
3327 1167 3552 1234 perinde

1989 1259 2274 1327 atque-iis,
2312 1259 2404 1328 qui
2458 1258 2510 1312 in
2557 1266 2779 1328 angusta
2806 1266 2858 1312 et
2884 1267 3031 1312 arcta
3060 1257 3142 1310 via
3187 1256 3548 1320 incesserunt,

1987 1360 2041 1405 et
2094 1363 2357 1420 pauperes
2410 1360 2632 1419 propter
2679 1349 2847 1404 Deum
2909 1358 3238 1417 propterque
3284 1346 3550 1417 justitiam

1986 1440 2163 1497 οπεοιὶ
2193 1451 2339 1497 sunt.
2387 1440 2484 1496 His
2515 1441 2715 1511 quippe
2742 1440 2990 1496 omnibus
3045 1450 3289 1510 paratum
3327 1454 3551 1509 regnum

1983 1543 2086 1595 est.
2121 1550 2226 1587 non
2279 1534 2395 1595 tibi,
2433 1535 2524 1603 qui
2565 1535 2616 1588 in
2652 1533 2756 1587 lata
2796 1542 2857 1589 et
2907 1534 3145 1603 spatiosa
3187 1532 3274 1587 via
3323 1531 3550 1587 incedis.

1987 1646 2007 1679 ι
2050 1626 2248 1681 Vallem
2278 1626 2626 1694 profundam,
2660 1626 2801 1695 ligna
2839 1624 3096 1694 iacentia,
3128 1626 3303 1695 ignem
3327 1633 3379 1678 et
3408 1624 3551 1694 ligna

1981 1716 2173 1772 multa.
2206 1717 2380 1772 Furor
2407 1716 2617 1771 Domini
2653 1716 2961 1772 sicutvallis
2985 1717 3241 1786 sulphure
3262 1730 3546 1771 accensa.»

310 1800 437 1853 πόθι
465 1801 999 1874 κατακριθησομένων
1033 1805 1270 1859 κόλασιν.
1312 1782 1557 1860 Τοσαῦτα
1583 1808 1638 1860 δὲ
1668 1808 1754 1861 διὰ
1781 1809 1868 1879 μέ-

1978 1809 2218 1880 Sulpbur
2273 1818 2327 1866 et
2385 1810 2564 1877 ignem
2621 1808 2979 1874 succendunt,
3041 1782 3107 1860 ad
3180 1822 3390 1872 eorum,
3455 1807 3548 1877 qui

320 1906 422 1943 σου
456 1890 644 1953 εἰπὼν,
672 1893 1025 1965 ἀναλαμϐάνει
1053 1897 1151 1966 τὴν
1200 1897 1337 1969 πρὸς
1358 1900 1482 1962 τοὺς
1510 1900 1877 1969 καταφεύγον-

321 1996 425 2045 τας
456 1984 536 2047 είς
555 1984 808 2053 Αἴγυπτον
840 1989 1197 2059 προφητείαν.

812 2234 1208 2290 ΚΕΦΑΛΑῙΟΝ
1240 2236 1364 2289 AA'.

378 2363 400 2397 ι
422 2344 561 2399 Οὐαὶ
578 2346 628 2398 οἱ
650 2347 1070 2412 καταϐαίνοντες
1090 2348 1170 2411 είς
1195 2349 1464 2417 Αἴγυπτον
1486 2351 1579 2404 ἐπὶ
1601 2351 1872 2423 βοήθειαν,

300 2438 347 2489 oi
373 2437 458 2505 ἐφ’
493 2438 680 2503 ἵπποις
707 2440 1028 2504 πεποιθότες
1056 2442 1145 2495 καὶ
1173 2441 1257 2511 ἐφ’
1285 2442 1544 2513 ἅρμασιν.
1584 2444 1740 2496 Ἔστι
1766 2443 1872 2514 γὰρ

301 2529 486 2595 πολλὰ,
514 2531 610 2584 καὶ
637 2532 724 2599 ἐφ’
758 2532 947 2596 ῖπποις
980 2533 1179 2604 πλῆθος
1207 2534 1429 2606 σφόδρα.
1464 2536 1575 2588 Καὶ
1605 2536 1706 2588 οὐκ
1733 2530 1872 2606 ἦσαν

299 2620 617 2685 πεποιθότες
648 2622 745 2675 ἐπὶ
779 2622 870 2677 τὸν
901 2620 1091 2692 ’Ἃγιον
1123 2622 1217 2676 τοῦ
1259 2624 1497 2696 Ἰσραὴλ,
1523 2626 1615 2678 καὶ
1642 2626 1732 2679 τὸν
1759 2626 1873 2679 Κύ-

303 2730 412 2783 ριον
439 2716 541 2769 οῦκ
566 2717 855 2788 ἐζήτησαν.
885 2719 993 2771 Καὶ
1022 2717 1182 2783 αὐτὸς
1210 2718 1387 2789 σοφῶς
1409 2715 1542 2790 ἦγεν
1564 2721 1649 2773 ἐπ’
1675 2722 1872 2786 αὐτοὺς

301 2807 467 2872 κακὰ,
512 2808 606 2861 καὶ
642 2811 670 2862 6
695 2808 853 2877 λόγος
887 2808 1051 2862 αὑτοῦ
1096 2811 1156 2862 οὐ
1202 2810 1277 2882 μὴ
1316 2810 1575 2883 ἁθετηθῇ,
1640 2812 1736 2866 καὶ
1774 2814 1871 2865 ὲπ-

296 2901 658 2969 αναστήσεται
689 2902 775 2953 ἐπ’
806 2900 987 2964 οἴκους
1013 2901 1311 2973 ἀνθρώπων
1356 2904 1632 2975 πονηρῶν,
1668 2906 1760 2957 καὶ
1777 2904 1870 2957 ἐπὶ

296 2990 402 3060 τὴν
429 2990 616 3043 ἐλπίδα
642 2992 812 3047 αὐτῶν
844 2994 942 3063 τὴν
984 2994 1235 3064 ματαίαν,
1262 2996 1555 3065 Αίγύπτιον
1584 2996 1867 3065 ἄνθρωπον

296 3083 396 3137 καὶ
429 3084 493 3135 οὐ
515 3082 661 3149 Θεὸν,
686 3084 868 3138 ἵππων
900 3086 1103 3157 σάρκας
1134 3089 1225 3141 καὶ
1255 3088 1355 3141 οὐκ
1383 3087 1498 3141 ἐστι
1532 3087 1769 3159 βοήθεια.
1808 3090 1866 3143 ⁸0

292 3174 350 3230 ἃ
394 3174 600 3246 Κύριος
629 3176 822 3244 ἐπάγει
862 3176 960 3247 τήν
999 3182 1151 3249 χεῖρα
1194 3178 1358 3232 αὐτοῦ
1394 3181 1481 3233 ἐπ’
1510 3181 1723 3245 αὐτοὺς,
1768 3181 1861 3234 καὶ

292 3264 647 3318 κοπιάσουσιν
704 3268 752 3319 οἱ
799 3265 1144 3337 βοηθοῦντες,
1198 3268 1292 3321 καὶ
1338 3268 1452 3339 ἅμα
1503 3270 1703 3333 πάντες
1758 3270 1863 3323 ἀπ-

289 3355 541 3411 ολοῦνται
579 3356 843 3428 μαχαίρᾳ.
884 3376 905 3410 ι
938 3359 1225 3429 Μέμφεται
1266 3360 1462 3423 αὐτοὺς
1491 3361 1519 3413 6
1558 3359 1732 3429 λόγος,
1756 3362 1859 3425 ὅτι,

292 3450 368 3519 μὴ
394 3447 715 3512 πεποιθότες
744 3450 838 3502 ἐπὶ
862 3450 952 3503 τὸν
977 3451 1163 3520 ’Ἂγιον
1194 3450 1286 3504 τοῦ
1316 3450 1548 3522 Ἰσραὴλ,
1580 3454 1661 3517 είς
1697 3454 1863 3521 Δίγυ-

290 3542 479 3603 πτίους
507 3540 834 3610 κατέφυγον·
857 3541 935 3595 διὸ
963 3544 1055 3596 καὶ
1076 3545 1475 3617 καταλήψεσθαι
1501 3546 1696 3610 αὐτοὺς
1724 3544 1760 3599 ἃ
1788 3546 1861 3617 μὴ

289 3633 696 3705 προσεδόκησαν
723 3635 869 3688 κακά
894 3636 981 3688 ἐπ’
1005 3636 1171 3707 αὐτῆς
1196 3636 1295 3707 τῆς
1323 3638 1594 3707 Αἰγύπτου
1626 3637 1859 3691 ἀπειλεῖ.

291 3726 538 3779 Διδάσκει
563 3727 632 3780 δι’
654 3727 781 3797 ὅλης
807 3729 907 3798 τῆς
942 3730 1306 3802 προκειμένης
1352 3731 1592 3801 ἱστορίας
1627 3733 1656 3783 ὁ
1683 3730 1860 3799 λόγος,

290 3814 349 3863 ἐν
372 3815 488 3876 τοῖς
516 3816 725 3883 καιροῖς
756 3814 863 3869 τῶν
891 3815 1163 3888 διωγμῶν,
1192 3818 1395 3872 εἴποτε
1424 3822 1659 3890 κρινεῖεν
1679 3821 1708 3873 6
1728 3822 1861 3885 Θεὸς

286 3902 383 3953 τὸν
403 3902 531 3955 λαὸν
557 3902 747 3968 αὐτοῦ,
783 3904 816 3976 ἢ
856 3906 950 3958 καὶ
986 3908 1085 3978 τὴν
1123 3908 1446 3981 Ἐκκλησίαν
1470 3911 1634 3965 αὑτοῦ
1678 3928 1860 3983 παρα-

285 3991 466 4046 δοῦναι
511 3997 622 4059 τοῖς
651 3995 753 4065 τὴν
795 3994 1100 4051 θεοσέϐειαν
1131 4000 1430 4066 ἐλαύνουσι,
1477 4002 1550 4073 μὴ
1590 4002 1697 4057 δεῖν
1730 4004 1860 4057 ἀνα-

1978 1904 2100 1959 istic
2135 1902 2659 1963 condemnabuntur.
2714 1900 3059 1970 supplicium.
3117 1899 3214 1955 llis
3256 1916 3421 1970 porro
3452 1901 3548 1954 ad-

1975 1998 2155 2051 ductis
2194 1995 2249 2050 in
2305 1994 2561 2060 medium,
2624 1993 2966 2063 prephetiam
3014 2006 3179 2061 super
3229 1992 3316 2059 iis,
3351 1993 3442 2063 qui
3490 1992 3546 2047 in

1974 2086 2268 2159 Egyptum
2295 2083 2700 2155 confugiebant,
2741 2083 2988 2139 resumit.

2533 2236 2763 2295 CAPUT
2794 2236 2989 2295 XXXI.

2043 2352 2205 2407 Vens.
2224 2352 2337 2406 l-3.
2374 2349 2499 2405 «Va:
2516 2350 2606 2419 qui
2626 2348 2960 2405 descendunt
2981 2348 3033 2403 in
3052 2348 3342 2419 Egyptum
3362 2348 3427 2402 ad
3445 2362 3545 2402 au-

1975 2444 2186 2508 xilium,
2210 2444 2300 2513 qui
2355 2442 2634 2498 confidunt
2664 2442 2717 2497 in
2752 2442 2909 2510 equis
2940 2450 2995 2497 et
3026 2442 3077 2495 in
3104 2441 3373 2495 curribus.
3408 2438 3547 2494 Sunt

1972 2534 2112 2588 enim
2132 2534 2307 2598 multi,
2325 2543 2381 2588 et
2404 2535 2456 2587 in
2481 2532 2635 2601 equis
2653 2531 2937 2585 multitudo
2958 2530 3168 2601 ingens.
3200 2530 3263 2582 Et
3285 2545 3387 2584 non
3407 2545 3544 2584 con-

1972 2626 2052 2681 fisi
2069 2635 2194 2680 sunt
2210 2628 2263 2679 in
2276 2623 2478 2680 Sancto
2496 2623 2678 2690 Israel,
2698 2630 2751 2675 et
2767 2621 3050 2675 Dominum
3070 2636 3172 2674 non
3191 2621 3541 2690 quaesierunt.

1972 2719 2038 2773 Et
2065 2718 2178 2788 ipse
2199 2716 2474 2787 sapienter
2492 2714 2702 2769 induxit
2724 2728 2885 2783 super
2904 2728 2997 2767 eos
3039 2712 3201 2775 mala,
3237 2722 3291 2766 et
3320 2711 3543 2765 verbum

1970 2811 2085 2881 ejus
2101 2824 2204 2864 non
2225 2808 2599 2873 frustrabitur,
2624 2816 2680 2861 et
2702 2806 2947 2876 insurget
2980 2805 3034 2859 in
3058 2806 3244 2859 domos
3263 2804 3540 2859 hominum

1971 2903 2252 2965 malorum,
2287 2912 2341 2957 et
2377 2904 2428 2956 in
2453 2917 2601 2972 Spem
2622 2916 2808 2956 eorum
2836 2916 3051 2967 ranam,
3091 2898 3404 2970 {Egyptium
3434 2899 3536 2955 ho~

1970 2994 2167 3048 minem
2216 3002 2269 3047 et
2297 3008 2402 3047 non
2462 2993 2654 3057 Deum,
2686 3007 2946 3064 equorum
2989 3008 3202 3059 carnes,
3230 3004 3285 3048 et
3323 3009 3428 3047 non
3458 3003 3541 3048 est

1969 3084 2253 3140 auxilium.
2286 3084 2548 3140 Dominus
2584 3093 2765 3140 autem
2801 3085 3015 3140 inducet
3057 3100 3269 3138 manum
3305 3100 3457 3140 suam
3481 3086 3537 3140 in

1968 3166 2169 3240 eosfet
2202 3177 2632 3247 laborabuntqui
2659 3177 3011 3242 auxiliantur,
3064 3186 3119 3230 et
3162 3176 3322 3230 simul
3346 3192 3539 3233 omnes

1969 3268 2218 3337 peribunt
2251 3267 2448 3338 gladio.
2477 3285 2496 3319 ι
2537 3264 2686 3335 Ipsos
2708 3266 2970 3335 coarguit,
2994 3265 3119 3335 quia
3146 3265 3347 3321 Sancto
3371 3264 3537 3323 Israel

1971 3373 2076 3412 non
2117 3356 2363 3423 ﬁdentes,
2403 3358 2469 3410 ad
2495 3356 2778 3427 Egyptios
2801 3357 3164 3425 confugerunt
3199 3375 3212 3412 :
3270 3360 3538 3428 quamob-

1969 3450 2254 3520 remzipsos
2271 3449 2657 3517 inexspectatis
2681 3448 2836 3503 malis
2863 3450 2913 3502 in
2938 3448 3172 3520 Egypto
3202 3451 3539 3508 invadendos

1967 3556 2086 3598 esse
2109 3540 2491 3596 comminatur.
2517 3541 2572 3595 ln
2595 3550 2703 3595 tota
2731 3540 2896 3610 igitur
2914 3544 3165 3610 prmsenti
3190 3545 3412 3599 historia
3436 3546 3534 3601 do-

1964 3645 2088 3699 cet,
2119 3633 2167 3692 si
2197 3633 2413 3704 quando
2458 3633 2632 3689 visum
2670 3633 2780 3688 Deo
2814 3633 2999 3700 fuerit,
3050 3636 3305 3705 populum
3340 3651 3534 3703 suum,

1960 3727 2075 3783 sive
2100 3726 2397 3782 Ecclesiam
2436 3741 2609 3791 suam,
2654 3725 3047 3795 persecutionis
3102 3734 3340 3796 tempore
3385 3726 3533 3795 piam

1959 3818 2272 3889 religionem
2301 3819 2626 3874 vexantibus
2654 3818 2889 3887 tradere,
2926 3834 2956 3873 a
3003 3818 3184 3875 divina
3229 3819 3334 3875 lide
3382 3834 3533 3875 rece-

1963 3909 2200 3967 dendum
2225 3927 2332 3967 non
2352 3926 2496 3977 esse,
2526 3926 2701 3982 neque
2719 3912 3098 3968 abstinendum
3127 3927 3156 3966 a
3181 3910 3375 3969 ﬁducia
3405 3929 3534 3985 erga

1964 4001 2154 4070 Deum,
2204 4019 2306 4061 nec
2349 4005 2417 4060 de
2471 4004 2587 4075 eius
2635 4004 3081 4063 reconciliatione
3114 4007 3533 4077 desperandum,

285 4089 486 4155 χωρεῖν
520 4086 622 4156 τῆς
653 4088 837 4141 ἐνθέου
876 4090 1137 4156 πίστεως,
1180 4093 1312 4165 μηδὲ
1339 4095 1439 4164 τῆς
1472 4094 1564 4146 ὲπλ⁹
1600 4093 1693 4146 τὸν
1726 4094 1857 4149 Θεὸν

1970 4112 2063 4155 nec
2094 4099 2475 4155 declinandum
2507 4100 2573 4155 ad
2612 4098 2991 4169 Egyptiacam
3021 4098 3187 4153 vitam
3217 4137 3234 4164 ,
3280 4100 3534 4154 videlicet

287 4176 671 4249 πεποιθήσεως
714 4182 1076 4250 ἀφίστασθαι,
1130 4186 1263 4256 μηδὲ
1316 4185 1712 4254 ἀπογινώσκειν
1761 4187 1857 4252 τὰς

1970 4191 2026 4243 ad
2048 4190 2454 4246 idololatrarum
2481 4192 2812 4247 institutum.
2838 4191 2989 4246 Multi
3014 4208 3246 4261 namque
3276 4192 3327 4246 in
3348 4190 3531 4262 hujus-

283 4271 477 4324 τούτου
506 4273 819 4342 διαλλαγὰς,
846 4277 980 4347 μηδὲ
1006 4279 1099 4331 ἐπὶ
1121 4279 1211 4331 τὸν
1231 4279 1595 4348 Αίγυπτιακὸν
1618 4280 1732 4350 βίον
1761 4280 1857 4333 αὐ-

1970 4284 2104 4338 modi
2130 4285 2464 4354 temporibus
2494 4299 2524 4338 a
2550 4283 2654 4354 pia:
2687 4284 2965 4354 religionis
2990 4285 3233 4339 doctrina
3252 4284 3531 4338 disceden-

280 4362 553 4431 τομολεῖν,
582 4364 725 4433 λέγω
749 4366 813 4437 δὴ
840 4367 930 4421 τὸν
953 4368 1060 4424 τῶν
1085 4370 1495 4442 είδωλολατρῶν.
1527 4370 1718 4424 Πολλοὶ
1747 4373 1853 4444 γὰρ

1970 4385 2062 4443 les,
2085 4391 2234 4446 spem
2262 4393 2415 4433 suam
2450 4378 2501 4431 in
2537 4377 2942 4433 idololatrarum
2961 4377 3161 4431 auxilio
3194 4376 3525 4430 locaverunt.

282 4454 345 4509 ἐν
370 4462 485 4522 τοῖς
511 4460 769 4526 τοιούτοις
794 4467 1025 4534 καιροῖς,
1059 4465 1462 4537 ἀποστήσαντες
1526 4466 1621 4521 τοῦ
1684 4470 1783 4541 τῆς
1850 4469 2159 4537 θεοσεϐείας
2198 4473 2379 4543 λόγου,
2414 4472 2515 4538 τὰς
2556 4472 2776 4537 ἐλπίδας
2819 4474 3133 4544 ἀνήρτησαν
3172 4467 3379 4523 ἑαυτῶν
3431 4466 3529 4538 τῆς

279 4552 395 4605 τῶν
427 4554 714 4609 εἰδωλολατ
721 4556 827 4627 ρῶν
861 4556 1129 4629 βοηθείας.

360 4693 379 4725 ι
424 4674 550 4725 Ὀτι
588 4672 757 4737 οὓτως
787 4670 907 4730 εἶπέ
950 4692 1038 4745 μοι
1082 4674 1309 4747 Κύριος’
1352 4679 1447 4731 Ὃν
1483 4679 1684 4750 τρόπον
1728 4679 1853 4732 ὅταν

2028 4675 2194 4736 Vens.
2228 4677 2354 4733 4-7.
2391 4696 2410 4730 ι
2447 4676 2711 4745 Quoniam
2758 4678 2840 4733 sic
2889 4662 3024 4730 dixit
3066 4671 3195 4727 mihi
3228 4671 3521 4727 Dominus:

282 4762 453 4834 βοήσῃ
487 4765 516 4817 6
558 4763 715 4827 λέων,
751 4763 784 4834 ἦ
822 4765 850 4816 6
894 4764 1129 4835 σκύμνος
1173 4768 1265 4819 ἐπὶ
1295 4770 1361 4839 τῇ
1412 4768 1553 4841 θήρᾳ
1668 4770 1847 4832 ἔλαϐε,

1970 4769 2425 4838 Quemadmodum
2453 4787 2576 4827 cum
2617 4770 2872 4827 clamabit
2914 4767 3021 4833 leo,
3061 4765 3402 4833 autcatulus,
3430 4780 3525 4820 su-

279 4856 377 4908 xa‘t
398 4854 643 4926 κεκράξῃ
672 4855 755 4908 ἐπ’
784 4855 951 4927 αὐτὴν
982 4856 1086 4921 ἕως
1124 4857 1187 4911 ἂν
1226 4858 1507 4931 ἐμπλησθῇ
1539 4859 1608 4913 τὰ
1630 4860 1729 4931 ὅρη
1752 4861 1851 4931 τῆς

1970 4877 2050 4931 ροι-
2083 4864 2260 4933 prmda
2305 4878 2465 4934 quam
2521 4863 2682 4932 cepit,
2715 4871 2770 4916 et
2811 4859 3196 4915 vociferabitur
3225 4873 3389 4926 super
3435 4872 3524 4923 ea,

280 4948 468 5018 φωνῆς
493 4946 681 5012 αὑτοῦ,
713 4948 805 5000 καὶ
831 4947 1160 5021 ἡττήθησαν,
1189 4950 1279 5003 καὶ
1305 4950 1366 5003 τὸ
1398 4950 1601 5021 πλῆθος
1632 4951 1725 5004 τοῦ
1760 4951 1851 5004 Ου-

278 5040 386 5109 μοῦ
413 5038 784 5110 ὲπτοήθησανο
811 5038 981 5104 οῦτως
1008 5039 1371 5113 καταϐήσεται
1397 5043 1599 5115 Κύριος
1625 5042 1848 5097 Σαϐαὼθ

276 5131 705 5201 ἐπιστρατεῦσαι
743 5132 835 5185 ἐπὶ
869 5132 932 5185 τὺ
969 5133 1093 5205 ὅρος
1134 5134 1290 5200 Σιὼν,
1337 5136 1429 5189 ἐπὶ
1457 5136 1524 5190 τὰ
1551 5136 1652 5209 ὅρη
1683 5137 1852 5208 αὐτῆς

275 5228 356 5289 ὡς
384 5226 547 5298 ὄρνεα
576 5226 880 5297 πετόμενα’
919 5226 1093 5291 οὕτως
1134 5228 1463 5299 ὑπερασπιεῖ
1500 5230 1722 5300 Κύριος,
1759 5234 1851 5287 καὶ

275 5320 566 5388 ὲξελεῖται,
599 5322 695 5375 καὶ
729 5324 1157 5395 περιποιήσεται,
1203 5324 1296 5376 καὶ
1336 5324 1517 5381 σώσει.
1561 5327 1852 5399 Ἐπιστρόι-

274 5429 416 5483 φητε
438 5413 489 5465 οἱ
518 5412 619 5483 τὴν
647 5412 864 5481 βαθεῖαν
895 5413 1086 5486 βουλὴν
1111 5413 1483 5486 βουλευόμενοι
1510 5418 1605 5471 καὶ
1631 5418 1847 5490 ἄνομον,

276 5507 384 5559 υἱοὶ
442 5504 692 5576 Ἰσραήλ·
728 5506 810 5558 ὅτι
841 5498 906 5578 τῇ
942 5508 1122 5580 ἡμέρᾳ
1150 5508 1329 5578 ἐκείνῃ
1379 5510 1850 5582 ἀπαρνηθήσονται

274 5599 323 5648 οί
361 5596 645 5668 ἄνθρωποι
678 5596 749 5648 τὰ
774 5600 1124 5671 χειροποίητα
1163 5601 1362 5665 αὐτῶν,
1398 5601 1465 5655 τὰ
1512 5603 1727 5676 ἀργυρᾶ
1752 5606 1844 5657 καὶ

274 5689 337 5743 τὰ
368 5691 571 5760 χρυσᾶ,
616 5688 652 5743 ἆ
695 5688 955 5760 ἐποίησαν
999 5692 1054 5745 αἱ
1100 5696 1276 5765 χεῖρες
1324 5694 1519 5751 αὐτῶν.
1564 5716 1581 5750 ι
1630 5696 1841 5763 Ἔξεστι

1956 4956 2131 5011 donec
2180 4955 2505 5025 impleantur
2529 4966 2740 5010 montes
2772 4967 2905 5007 voce
2933 4951 3073 5023 ejus,
3106 4961 3160 5006 et
3193 4950 3318 5004 victi
3364 4960 3522 5014 sunt,

1956 5059 2012 5106 et
2046 5050 2441 5106 vehementiam
2470 5051 2673 5105 furoris
2706 5048 2827 5119 ejus
2848 5062 3151 5119 expavere;
3186 5046 3264 5101 sic
3296 5048 3521 5101 descen-

1956 5140 2046 5196 det
2069 5140 2324 5197 Dominus
2354 5140 2615 5207 Sabaoth,
2653 5150 2710 5195 ut
2740 5139 3013 5212 praelietur
3046 5141 3096 5194 in
3131 5148 3312 5193 monte
3343 5138 3473 5194 Sion
3503 5179 3522 5207 ,

1957 5248 2114 5303 supra
2140 5231 2349 5290 montes
2376 5235 2512 5303 ejus,
2566 5236 2709 5288 sicut
2758 5249 2889 5289 aves
2916 5233 3190 5295 volantes;
3221 5232 3302 5287 sic
3340 5242 3523 5302 prote-

1957 5334 2045 5394 get
2073 5324 2351 5392 Dominus,
2376 5335 2429 5380 et
2450 5324 2666 5395 eripiet,
2700 5336 2753 5381 et
2780 5324 2998 5387 fovebit,
3024 5332 3078 5379 et
3105 5326 3361 5383 servabit.
3385 5326 3523 5381 Con-

1958 5419 2254 5484 vertimini,
2282 5420 2374 5489 qui
2402 5419 2728 5489 profundum
2757 5417 3037 5473 consilium
3060 5418 3303 5475 inieratis
3325 5430 3381 5475 et
3409 5422 3515 5475 ini-

1956 5528 2142 5581 quum,
2173 5512 2267 5567 filii
2296 5510 2503 5567 Israel:
2536 5510 2659 5580 quia
2695 5510 2749 5564 in
2784 5510 2872 5566 die
2908 5510 2996 5565 illa
3046 5511 3387 5581 abnegabnnt
3416 5512 3516 5567 ho-

1954 5604 2125 5659 mines
2156 5604 2295 5660 idola
2324 5619 2421 5659 sua
2468 5612 2725 5671 argentea
2753 5613 2807 5657 et
2866 5617 3053 5669 aurea,
3104 5617 3225 5673 qua:
3274 5602 3517 5657 fecerunt

1954 5711 2145 5753 manus
2179 5711 2387 5752 eorum.
2414 5716 2434 5750 ι
2488 5696 2644 5753 Licet
2694 5696 2837 5752 enim
2894 5696 3025 5766 ipsis
3076 5698 3238 5753 etiam
3273 5711 3432 5760 nunc.
3466 5694 3513 5749 si
