4074 6202
544 331 648 386 515

1205 323 1469 380 EUSEBII
1507 324 1983 383 CESARIENSIS
2017 323 2166 381 OPP.
2208 322 2385 377 PARS
2423 321 2513 377 lll.
2553 355 2623 364 —
2661 319 3070 378 EXEGETICA.

3655 315 3762 370 '5l6

543 441 911 516 paenitentiam
945 447 1126 509 agant,
1150 437 1203 493 in
1226 453 1379 494 suam
1406 439 1702 509 remigrare
1724 449 1946 503 terram,
1981 453 2102 492 cum

2215 436 2313 507 γὰρ
2341 437 2503 490 εἰσέτι
2535 437 2629 490 καὶ
2652 436 2744 490 νῦν
2777 437 3206 506 μετανοήσαντας
3230 432 3539 486 ἐπανελθεῖν
3565 433 3644 495 είς
3668 430 3770 504 τὴν

544 533 860 589 edidicerint
911 528 1090 598 qualia
1126 528 1268 585 Deus
1297 531 1440 585 circa
1472 545 1596 585 eam
1637 531 1909 600 pollicitus
1937 531 2025 586 sit.
2050 530 2105 583 Id

545 627 707 682 etiam
744 622 979 679 declarat
1002 621 1227 676 historia
1263 640 1276 675 :
1309 637 1431 674 nam
1471 631 1593 689 post
1617 622 1847 676 reditum
1896 637 1960 676 ex
2010 620 2108 674 Ba-

542 717 754 787 bylone,
783 729 846 768 ac
871 713 1162 768 excitatum
1204 714 1378 765 denuo
1420 713 1672 781 templum
1704 714 1756 768 in
1787 713 2105 780 Jerusalem,

549 823 652 863 non
675 806 814 862 ultra
837 805 994 867 idolis
1027 806 1108 860 usi
1138 805 1307 861 fuisse
1343 807 1611 862 videntur.

619 983 778 1038 Vens.
804 985 856 1038 8.
892 1003 910 1036 ι
942 985 1005 1039 Et
1043 985 1200 1041 cadet
1223 989 1392 1042 Assur
1426 1003 1528 1042 non
1573 988 1750 1056 gladio
1777 989 1901 1057 viri,
1938 1005 2109 1059 neque

549 1075 760 1145 gladius
789 1077 889 1130 viri
918 1077 1196 1131 devorabit
1221 1093 1340 1132 eum
1372 1097 1384 1132 :
1419 1088 1474 1133 et
1514 1079 1704 1148 fugiet,
1743 1095 1847 1134 non
1881 1096 1909 1132 a
1967 1081 2107 1135 facie

547 1168 751 1238 gladii:
806 1169 1033 1236 juvenes
1087 1179 1264 1224 autem
1309 1170 1730 1238 superabuntur.
1767 1190 1786 1224 ι
1829 1170 2112 1241 Signiﬁcat

544 1270 726 1314 autem
786 1260 1190 1314 idololatrarum
1246 1263 1398 1330 regni
1449 1263 1741 1327 excidium,
1791 1265 2112 1332 ruinamque

543 1367 730 1406 eorum
763 1371 774 1406 :
809 1352 1030 1420 pristina
1065 1352 1152 1405 illa
1184 1354 1329 1423 regia
1380 1354 1665 1423 dignitate,
1691 1354 1848 1423 quasi
1900 1354 1968 1408 ab
2002 1358 2110 1409 alto

545 1443 804 1499 humilem
829 1445 880 1497 in
913 1445 1088 1500 locum
1129 1445 1356 1513 dejecta.
1389 1446 1440 1498 Id
1474 1456 1651 1500 autem
1684 1447 1788 1500 illis
1811 1446 2110 1517 continget,

543 1537 642 1602 ait,
676 1551 779 1590 non
808 1552 872 1590 ex
902 1537 1134 1591 humana
1178 1538 1474 1608 irruptione
1501 1558 1514 1592 :
1557 1538 1649 1592 sed
1683 1553 1746 1592 ex
1777 1538 1955 1592 divina
1978 1554 2110 1592 con-

546 1633 628 1678 tra
661 1625 782 1680 illos
821 1641 1047 1681 accensa
1077 1628 1176 1681 ira.
1214 1628 1439 1683 Etiamsi
1462 1629 1605 1682 enim
1633 1628 1879 1684 homines
1910 1629 2108 1684 excidii

544 1731 730 1771 eorum
768 1717 998 1771 ministri
1048 1732 1208 1787 quam
1254 1721 1488 1774 maxime
1527 1720 1810 1773 videantur
1857 1736 2011 1787 esse;
2058 1730 2114 1775 at

545 1809 660 1876 ipse
697 1808 834 1864 Deus
877 1819 996 1864 erat
1045 1810 1134 1877 qui
1186 1811 1462 1866 hominum
1505 1826 1668 1882 opera
1694 1812 1942 1880 jfunditus
1994 1811 2113 1868 illos

544 1902 761 1962 evertit.

615 2075 779 2131 Vens.
809 2077 861 2132 9.
912 2094 930 2128 ι
980 2077 1140 2134 Petra
1193 2080 1336 2135 enim
1385 2081 1908 2148 circumdahuntur,
1959 2085 2110 2154 quasi

542 2165 703 2230 vallo,
741 2175 793 2222 et
821 2167 1129 2223 vincentur.
1170 2190 1189 2223 ι
1224 2172 1439 2226 Petram
1474 2184 1631 2229 vocat
1688 2176 1831 2230 illam
1859 2175 1985 2231 olim
2011 2177 2114 2232 As-

545 2256 817 2325 syriorum
857 2256 1189 2324 ﬁrmitatem,
1233 2263 1490 2333 regnique
1526 2265 1706 2330 robur,
1766 2267 1906 2336 quod
1940 2278 2114 2324 trans-

543 2345 746 2399 iturum
777 2361 898 2403 esse
921 2348 1073 2403 dicit.
1107 2368 1126 2402 ‹
1148 2351 1247 2417 Qui
1274 2361 1453 2409 autem
1482 2356 1956 2428 fugiet,capietur.
1989 2360 2112 2416 Haec

546 2436 678 2492 dicit
705 2438 964 2494 Dominus
995 2461 1007 2495 :
1038 2441 1255 2510 Beatus,
1299 2448 1386 2516 qui
1421 2449 1581 2504 habet
1614 2450 1666 2504 in
1710 2450 1839 2506 Sion
1884 2467 2110 2520 semen,

545 2538 602 2582 et
631 2530 956 2588 domesticos
987 2535 1040 2589 in
1070 2534 1389 2593 Jerusalem.
1430 2560 1448 2592 ι
1472 2540 1565 2597 His
1590 2543 1714 2597 item
1742 2544 1993 2599 hortatur
2018 2561 2112 2601 eos

543 2621 637 2688 qui
687 2623 740 2676 in
800 2623 1091 2695 [Egyptum
1125 2629 1496 2699 confugerant,
1531 2643 1588 2688 ut
1622 2652 1691 2692 ne
1723 2639 2036 2694 recederent
2081 2655 2112 2694 a

545 2711 664 2769 loco
705 2715 791 2769 ubi
815 2727 934 2772 erat
967 2720 1224 2789 templum
1252 2723 1344 2778 Dei
1372 2743 1386 2778 :
1424 2727 1516 2780 sed
1539 2728 1703 2782 etiam
1752 2729 1946 2786 beatos
1977 2747 2116 2800 prae-

544 2803 692 2859 dicat
716 2821 832 2872 eos,
870 2809 960 2878 qui
1009 2825 1192 2867 semen
1233 2814 1284 2868 in
1317 2815 1447 2872 Sion
1485 2817 1718 2875 habituri
1755 2832 1905 2890 sunt,
1935 2835 1991 2880 et
2015 2826 2112 2880 do-

545 2898 803 2954 mesticos
833 2899 886 2954 in
934 2901 1272 2975 Jerusalem;
1323 2912 1576 2978 quoniam
1612 2914 1700 2968 illa
1736 2921 2111 2986 restauranda,

545 2997 602 3042 et
633 2991 912 3058 pristinam
945 2995 1169 3064 gloriam
1197 3014 1348 3054 suam
1400 3015 1782 3074 recuperatura
1828 3021 1986 3078 erat,
2016 3027 2112 3068 seu

545 3081 710 3135 etiam
739 3082 1001 3152 majorem
1035 3088 1142 3152 illa,
1180 3107 1340 3160 quam
1375 3095 1524 3162 prius
1554 3106 1714 3153 nacta
1740 3099 1938 3157 fuerat.
1972 3104 2114 3170 Qua-
2140 3120 2182 3178 α

546 3182 768 3242 propter
791 3175 911 3231 aliis
943 3179 1242 3248 dicebatur,
1275 3201 1293 3234 ι
1326 3184 1393 3239 Et
1419 3189 1522 3241 erit
1551 3189 1717 3258 gloria
1743 3192 1934 3249 domus
1960 3197 2113 3253 istius

547 3264 844 3320 novissima
881 3283 1043 3337 super
1071 3272 1304 3340 priorem
1337 3276 1402 3330 ³ο.
1440 3297 1458 3330 ι
1491 3278 1645 3337 Scias
1685 3295 1922 3352 oportet,
1957 3288 2108 3354 illud,

553 3373 573 3406 ι
603 3355 813 3424 beatus,
845 3377 864 3411 ι
887 3375 916 3414 a
936 3361 1148 3417 nemine
1179 3364 1282 3419 alio
1305 3366 1658 3439 interpretum
1679 3374 1880 3431 dictum
1907 3377 2109 3435 fuisse:

545 3461 647 3517 pro
681 3448 770 3504 illo
798 3461 998 3518 autem,
1031 3473 1051 3506 ι
1085 3454 1185 3521 Qui
1222 3456 1380 3515 habet
1413 3461 1466 3516 in
1510 3463 1638 3518 Sion
1678 3479 1884 3533 semen,
1915 3480 1971 3526 et
2021 3472 2115 3527 do-

546 3542 804 3598 mesticos
839 3544 890 3598 in
916 3544 1232 3611 Jerusalem,
1260 3567 1279 3601 ι
1310 3549 1666 3620 Symmachus
1687 3557 1866 3625 habet,
1889 3579 1908 3612 ι
1937 3562 2112 3630 ignem

548 3632 603 3687 in
639 3631 767 3690 Sion
796 3647 850 3690 et
876 3638 1146 3694 clibanmn
1181 3641 1235 3695 in
1267 3642 1600 3710 Jerusalem;
1631 3667 1650 3701 ι
1688 3651 1879 3720 Aquila
1908 3667 2038 3709 vero
2059 3664 2114 3708 et

550 3721 870 3814 'J‘heodotio,
910 3747 930 3781 ι
968 3728 1085 3784 Lux
1121 3732 1220 3801 ipsi
1255 3734 1306 3788 in
1354 3735 1510 3801 Sion,
1542 3747 1598 3793 et
1631 3741 1875 3799 clibanus
1911 3746 2009 3814 ipsi
2056 3747 2111 3802 in

548 3813 872 3873 Jerusalem.
904 3838 924 3872 ι
953 3823 1114 3887 Queis
1155 3825 1378 3881 docetur
1427 3830 1803 3888 universorum
1854 3813 2023 3892 Deum
2061 3849 2115 3895 et

551 3905 861 3973 Dominum,
891 3915 980 3980 qui
1010 3914 1175 3970 hasce
1201 3928 1389 3974 contra
1413 3921 1669 3996 Assyrios
1707 3928 1880 3984 minas
1929 3939 2115 3999 protu-

551 3997 636 4064 lit,
687 4001 862 4070 ignem
896 4006 1095 4060 habere
1127 4008 1178 4062 in
1229 4007 1380 4079 Sion,
1411 4021 1466 4068 et
1494 4015 1764 4072 clibanum
1811 4019 1863 4073 in
1893 3997 2116 4076 Jerusa-

550 4088 692 4156 lem;
722 4102 779 4147 ut
802 4095 846 4149 si
865 4099 1078 4164 quando
1103 4101 1350 4170 voluerit,
1377 4105 1479 4162 hoc
1510 4108 1632 4178 igne
1656 4119 1711 4164 et
1737 4111 1950 4169 clibano
1975 4129 2114 4170 com-

548 4183 708 4237 burat
730 4194 784 4240 et
804 4201 1072 4259 excoquat
1093 4209 1184 4250 eos
1208 4197 1296 4264 qui
1320 4198 1702 4256 combustione
1729 4216 1862 4273 opus
1889 4204 2110 4263 habent.

549 4276 811 4342 Quocirca
838 4280 928 4336 Dei
962 4282 1050 4337 illa
1077 4286 1270 4345 civitas
1295 4290 1572 4359 despectui
1602 4294 1847 4350 habenda
1879 4314 1983 4352 non
2007 4311 2110 4356 est.

551 4366 677 4424 Hac
715 4386 877 4440 porro
935 4375 1001 4430 de
1044 4377 1280 4433 Ecclesia
1336 4381 1465 4436 item
1495 4381 1619 4450 jure
1661 4386 1936 4453 dicantur,
1985 4392 2112 4460 quia

550 4458 667 4528 ipsa
693 4471 777 4516 est
808 4463 999 4520 civitas
1051 4466 1140 4522 illa
1191 4470 1286 4524 Dei
1340 4472 1596 4542 gloriosa,
1623 4478 1689 4530 de
1738 4493 1845 4547 qua
1873 4458 2071 4537 dicitur
2097 4524 2113 4550 ,
2149 4493 2190 4546 ι)

555 4568 576 4603 ι
611 4551 858 4610 Gloriosa
890 4557 1030 4612 dicta
1067 4570 1197 4614 sunt
1231 4562 1297 4617 de
1330 4572 1400 4630 te,
1444 4565 1638 4622 civitas
1692 4569 1786 4626 Dei
1836 4571 1902 4628 ³⁸.
1943 4593 1962 4626 ι
2019 4574 2116 4631 Est

551 4644 680 4700 item
716 4646 770 4701 in
825 4649 915 4702 illa
950 4650 1088 4719 ignis
1127 4661 1182 4707 et
1227 4653 1490 4723 clibanus,
1526 4674 1634 4730 quo
1684 4662 2114 4737 uniuscujusque

551 4738 744 4792 animae
770 4740 935 4807 ligna,
970 4742 1150 4799 fenum
1183 4754 1235 4800 et
1261 4747 1513 4817 stipulam
1545 4754 1828 4811 comburat
1869 4767 1923 4811 et
1953 4761 2117 4815 absu-

550 4839 680 4883 mat.
711 4833 862 4897 Quod
887 4835 930 4888 si
955 4835 1187 4906 dicatur,
1221 4856 1239 4890 ι
1280 4838 1394 4894 Lux
1428 4841 1527 4910 ipsi
1563 4844 1615 4898 in
1659 4845 1811 4912 Sion,
1857 4857 1911 4903 et
1940 4849 2111 4905 cliba-

551 4938 654 4977 nus
686 4925 784 4993 ipsi
819 4926 869 4978 in
902 4927 1225 4996 Jerusalem,
1268 4950 1288 4985 ι
1331 4933 1508 5006 ignem
1543 4935 1906 5008 intelligamus
1952 4956 2114 5011 opor-

553 5025 652 5083 tet,
706 5028 924 5088 propter
953 5035 1046 5075 eos
1076 5035 1146 5075 ex
1173 5033 1338 5092 caatu,
1372 5027 1461 5094 qui
1513 5026 1716 5084 lumine
1747 5041 1873 5086 sunt
1918 5033 2065 5104 digni
2092 5052 2107 5101 ;

551 5108 823 5164 clibanum
853 5121 1032 5167 autem
1065 5114 1116 5168 in
1146 5113 1468 5183 Jerusalem,
1501 5129 1719 5189 propter
1743 5137 1837 5178 eos
1855 5124 1943 5194 qui
1963 5140 2110 5181 com-

552 5202 800 5259 bustione
829 5216 882 5261 ct
912 5209 1230 5277 purgatione
1266 5226 1402 5282 opus
1433 5213 1652 5269 habent.

1089 5479 1316 5535 CAPUT
1352 5479 1563 5535 XXXII.

624 5564 785 5624 Vana.
828 5569 876 5634 1,
902 5569 958 5625 2.
990 5571 1166 5627 «Ecce
1206 5571 1348 5627 enim
1383 5587 1474 5627 rex
1528 5571 1703 5640 justus
1744 5573 2008 5642 regnabit,
2058 5582 2111 5628 ct

626 5767 672 5799 "
700 5769 831 5840 Agg.
869 5786 929 5836 tt,
972 5770 1053 5824 l0.
1135 5770 1174 5801 "
1199 5769 1337 5824 Psal.
1373 5771 1670 5836 Lxxxvt,3.

2208 527 2415 581 ἑαυτῶν
2447 528 2568 596 γῆν,
2613 527 2877 597 μαθόντας
2903 528 3060 579 ὁποῖα
3086 523 3410 596 ἐπήγγελται
3440 523 3566 594 περὶ
3599 523 3771 593 αὐτῆς

2205 623 2235 674 6
2276 620 2428 682 Θεός.
2461 620 2570 672 Kai.
2599 618 2754 670 τοῦτο
2795 619 2850 671 δὲ
2897 619 3218 689 παρίστησιν
3260 619 3294 688 ἡ
3345 615 3584 685 ἱστορία·
3634 616 3772 686 μετά

2207 711 2315 781 γὰρ
2343 711 2402 763 τὸ
2427 708 2740 763 ἐπανελθεῖν
2773 709 2966 772 αὐτοὺς
3003 709 3111 762 ἀπὸ
3153 707 3488 768 Βαϐυλῶνος,
3546 705 3641 758 καί
3686 705 3760 758 ἀν

2208 804 2416 872 εγεῖραι
2462 801 2710 871 δεύτερον
2757 801 2846 853 τὸν
2885 798 3361 872 ὲνςιεροσολύμοις
3401 797 3547 861 ναὸν,
3591 797 3773 849 οὐκέτι

2208 894 2488 963 φαίνονται
2515 891 2751 956 εἰδώλοις
2779 893 3124 964 χρησάμενοι.

2284 1002 2302 1035 ι
2337 984 2444 1036 Καὶ
2474 986 2717 1035 πεσεῖται
2769 982 2996 1050 Ἀσσοὺρ
3026 981 3084 1034 οὐ
3123 979 3365 1051 μαχαίρᾳ
3409 977 3617 1048 ἀνδρὸς,
3651 978 3774 1031 οὐδὲ

2213 1077 2454 1148 μάχαιρα
2477 1076 2760 1146 ἀνθρώπου
2791 1074 3162 1144 καταφάγεται
3191 1073 3369 1135 αὑτὸν,
3401 1073 3493 1126 καὶ
3522 1071 3777 1140 φεύξεται

2210 1167 2309 1218 οὐκ
2344 1164 2451 1217 ἀπὸ
2483 1163 2772 1236 προσώπου
2820 1165 3116 1235 μαχαίρας·
3152 1163 3200 1215 οἰ
3240 1162 3294 1214 δὲ
3330 1161 3598 1214 νεανίσκοι
3635 1160 3778 1213 ἔσον-

2211 1275 2298 1309 ται
2340 1257 2419 1318 εἰς
2465 1256 2702 1326 ἥττημα.
2750 1276 2768 1308 ι
2819 1256 3078 1326 Σημαίνει
3113 1254 3170 1307 δὲ
3207 1253 3302 1324 τὴν
3336 1252 3644 1323 καθαίρεσιν
3679 1253 3779 1323 τῆς

2210 1348 2316 1401 τῶν
2340 1347 2738 1418 είδωλολατρῶν
2769 1347 3063 1416 βασιλείας,
3091 1345 3185 1398 καὶ
3214 1344 3309 1414 τὴν
3337 1343 3544 1395 πτῶσιν
3579 1344 3778 1410 αὐτῶν,

2210 1438 2400 1511 ῶσπερ
2433 1442 2524 1508 ἀφ’
2553 1438 2718 1508 ὕψους
2748 1439 2840 1490 τοῦ
2869 1437 3134 1508 προτέρου
3167 1433 3441 1506 βασιλικοῦ
3475 1432 3782 1504 ἀξιώματος

2213 1534 2304 1588 ἐπὶ
2342 1534 2403 1586 τὸ
2439 1531 2690 1586 ταπεινὸν
2717 1531 3016 1602 φερομένου
3037 1547 3049 1559 ο
3082 1530 3176 1583 καὶ
3209 1527 3364 1580 τοῦτο
3389 1527 3588 1590 αὐτοῖς,
3621 1528 3780 1596 φησὶ,

2214 1625 2550 1694 συμϐήσεται
2582 1623 2681 1675 οὐκ
2711 1621 2770 1686 ἐξ
2811 1621 3160 1692 ἀνθρωπίνης
3206 1619 3416 1687 ἐφόδου,
3443 1616 3555 1670 ἀλλ’
3586 1620 3649 1670 ὲκ
3682 1619 3783 1688 τῆς

2211 1715 2305 1768 τοῦ
2343 1714 2475 1768 Θεοῦ
2514 1717 2631 1768 κατ’
2659 1714 2836 1768 αὐτῶν
2880 1713 3068 1784 ὀργῆς.
3099 1714 3162 1766 Εἰ
3189 1712 3296 1783 γὰρ
3329 1711 3420 1764 καὶ
3449 1711 3518 1764 τά
3549 1711 3784 1781 μάλιστα

2214 1809 2429 1861 ὲδόκουν
2473 1807 2746 1880 ἄνθρωποι
2786 1806 3055 1878 ὑπηρέται
3088 1805 3367 1875 γεγονέναι
3402 1807 3497 1874 τῆς
3525 1804 3783 1876 καθαιρέ-

2215 1917 2350 1962 σεως
2372 1899 2572 1962 αὐτῶν,
2597 1898 2708 1952 ἀλλ’
2736 1899 2894 1962 αὐτὸς
2917 1894 2985 1969 ἦν
3009 1900 3037 1951 6
3067 1898 3217 1962 Θεὸς,
3245 1897 3274 1949 6
3301 1895 3395 1951 διὰ
3434 1895 3543 1950 τῶν
3583 1895 3786 1967 ἀνθρώ-

2214 2009 2331 2045 πων
2360 1991 2640 2061 καθαιρῶν
2667 1991 2884 2054 αύτούς.

2289 2102 2308 2136 ι
2368 2083 2550 2154 Πέτρᾳ
2591 2083 2700 2154 γὰρ
2749 2082 3240 2156 περιληφθήσονται
3282 2083 3358 2146 ὡς
3403 2083 3637 2155 χάρακι,
3689 2083 3786 2136 καὶ

2213 2175 2628 2246 ἡττηθήσονται.
2688 2193 2707 2226 ι
2766 2174 2979 2245 Πέτραν
3034 2174 3182 2242 λέγει
3230 2173 3323 2226 τοῦ
3388 2175 3668 2245 Ἀσσυρίου
3721 2174 3789 2229 τὸ

2213 2265 2378 2319 πάλαι
2412 2267 2634 2338 στερρὸν
2655 2268 2748 2319 καὶ
2774 2267 2988 2336 βέϐαιον
3014 2265 3106 2320 καὶ
3133 2265 3348 2338 ἰσχυρὸν
3376 2267 3475 2338 τῆς
3507 2267 3785 2337 βασιλείας

2213 2354 2374 2407 αὑτοῦ
2403 2395 2418 2418 ,
2477 2356 2612 2427 ὅπερ
2677 2355 3102 2428 παρελεύσεσθαί
3151 2374 3314 2426 φησιν
3372 2359 3400 2410 6
3447 2357 3620 2426 λόγος.
3661 2378 3679 2410 ι
3726 2361 3788 2414 ’Θ

2213 2446 2268 2498 δὲ
2329 2446 2541 2515 φεύγων
2605 2447 2892 2503 ἁλώσεται.
2960 2448 3096 2501 Τάδε
3173 2448 3319 2517 λέγει
3372 2448 3574 2521 Κύριος
3604 2468 3616 2481 ·
3674 2451 3788 2505 Μα-

2215 2539 2402 2610 κάριος
2448 2539 2505 2603 ὃς
2553 2538 2664 2610 ἔχει
2715 2541 2771 2592 ὲν
2824 2538 2961 2592 Σιὼν
3012 2539 3253 2612 σπέρμα,
3309 2541 3404 2593 καὶ
3447 2541 3678 2605 οἰκείους
3727 2542 3789 2594 ἐν

2226 2629 2598 2701 Ἰερουσαλήμ.
2654 2649 2673 2682 ι
2719 2631 2830 2684 Καὶ
2868 2630 2954 2684 διά
2987 2631 3175 2684 τούτου
3212 2632 3510 2702 προτρέπει
3536 2634 3661 2698 τοὺς
3708 2636 3790 2699 είς

2213 2721 2311 2791 τὴν
2354 2720 2625 2788 Αἴγυπτον
2656 2722 3000 2792 ὁρμήσαντας
3043 2723 3118 2792 μὴ
3165 2723 3465 2793 ἀναχωρεῖν
3493 2721 3586 2776 τοῦ
3616 2724 3788 2778 τόπου

2215 2812 2344 2866 ἔνθα
2373 2808 2440 2884 ἦν
2467 2815 2495 2865 6
2527 2810 2662 2875 νεὼς
2695 2812 2788 2864 τοῦ
2821 2812 2954 2866 Θεοῦ
2975 2831 2988 2842 ·
3026 2814 3158 2867 ἀλλά
3199 2814 3292 2867 καὶ
3337 2814 3626 2885 μακαρίζει
3659 2815 3788 2879 τοὺς

2214 2905 2429 2970 ἕξοντας
2478 2905 2535 2957 ὲν
2575 2903 2711 2958 Σιὼν
2763 2904 3004 2975 σπέρμα,
3058 2905 3152 2959 καὶ
3193 2908 3251 2959 ὲν
3307 2906 3658 2978 Ἰερουσαλὴμ
3702 2908 3784 2960 οἰ-

2216 2997 2411 3060 κείους,
2451 2995 2539 3049 διὰ
2577 2997 2637 3049 τὸ
2682 2997 2893 3067 μέλλειν
2926 2996 3096 3068 αὐτὴν
3141 2998 3517 3062 ἀνανεοῦσθαι,
3549 2999 3645 3052 καὶ
3684 2998 3785 3070 τὴν

2214 3088 2420 3141 οἰκείαν
2461 3084 2619 3152 αὖθις
2649 3088 3055 3158 ἀπολαμϐάνειν
3087 3089 3261 3154 δόξαν,
3302 3089 3336 3159 ἢ
3372 3090 3464 3143 καὶ
3506 3090 3787 3160 κρείττονα

2218 3173 2284 3249 ἦς
2312 3175 2424 3250 εἶχε
2458 3180 2740 3250 πρότερον.
2774 3180 2868 3233 Διὸ
2901 3179 3115 3250 ἐλέγετο
3147 3181 3356 3250 ἑτέροις
3379 3198 3392 3211 ο
3433 3201 3450 3231 ι
3495 3183 3605 3234 Καὶ
3633 3182 3790 3238 ἔσται

2218 3274 2252 3342 ἡ
2284 3272 2405 3339 δόξα
2438 3273 2530 3326 τοῦ
2575 3273 2724 3327 οίκου
2769 3274 2957 3328 τούτου
2994 3276 3027 3344 ἡ
3075 3274 3277 3345 ἐσχάτη
3319 3274 3456 3345 ὑπὲρ
3497 3273 3596 3344 τὴν
3633 3275 3790 3346 πρώ-

2215 3382 2336 3435 την.
2395 3386 2412 3418 ι
2452 3367 2666 3420 Είδέναι
2715 3367 2772 3420 δὲ
2824 3366 2948 3437 χρὴ,
2979 3367 3062 3419 ὄτι
3095 3367 3155 3420 τὸ
3191 3368 3308 3437 μὲν,
3349 3384 3367 3417 t
3421 3366 3706 3437 μακάριος,
3762 3387 3786 3420 ι

2217 3455 2389 3520 οὐδεὶς
2425 3457 2532 3510 τῶν
2561 3456 2915 3529 ὲρμηνευτῶν
2934 3459 3182 3529 ιείρηκεν·
3218 3459 3336 3512 ἀντί
3371 3459 3424 3512 δὲ
3457 3458 3577 3523 τοῦ,
3615 3478 3632 3510 ι
3685 3462 3791 3525 Ὃς

2218 3547 2406 3617 ἕχειὲν
2435 3547 2570 3602 Σιὼν
2606 3550 2828 3621 σπέρμα
2865 3540 2957 3603 κάἳ
2990 3551 3220 3615 οἰκείους
3247 3553 3304 3605 ὲν
3353 3549 3720 3622 Ἰερουσαλὴμ.
3761 3571 3785 3605 ι

2219 3638 2247 3689 6
2289 3639 2385 3708 μὲν
2427 3638 2718 3710 Σύμμαχος
2747 3639 2880 3709 ἔχει,
2923 3659 2941 3690 ι
2979 3639 3090 3712 πῦρ
3128 3643 3185 3694 ὲν
3217 3640 3376 3705 Σιὼν,
3410 3641 3500 3693 καὶ
3531 3641 3795 3696 κλίϐανον

2220 3731 2276 3782 ὲν
2321 3731 2700 3802 Ἰερουσαλήμ·
2739 3750 2757 3783 ι
2799 3733 2827 3785 6
2868 3731 3094 3795 Ἀκύλας
3138 3733 3230 3785 καὶ
3269 3732 3575 3797 Θεοδοτίων,
3613 3753 3631 3784 ι
3668 3732 3792 3797 Φῶς

2223 3822 2370 3892 αὐτῷ
2401 3825 2458 3875 ὲν
2493 3822 2630 3875 Σιὼν
2665 3824 2755 3876 καὶ
2787 3824 3034 3888 κλίϐανος
3065 3823 3213 3895 αὐτῷ
3252 3825 3310 3878 ὲν
3355 3825 3726 3896 Ἰερουσαλὴμ,
3762 3842 3785 3876 ι

2220 3913 2502 3985 εἰρήκασιο
2557 3914 2891 3980 διδάσκοντος
2924 3916 3016 3970 τοῦ
3067 3916 3245 3984 λόγου,
3292 3918 3373 3970 ὅτι
3419 3921 3447 3971 6
3494 3918 3601 3970 τῶν
3649 3919 3788 3972 ὅλων

2219 4007 2350 4070 Θεὸς
2379 4009 2472 4061 καὶ
2505 4009 2736 4080 Κύριος,
2767 4011 2796 4063 6
2828 4012 2967 4065 κατὰ
3003 4012 3109 4065 τῶν
3154 4011 3449 4082 Ἀσσυρίων
3489 4014 3789 4084 ἀπειλήσας

2218 4099 2288 4153 τά
2312 4101 2600 4172 λεγόμενα,
2635 4101 2746 4171 ἔχει
2773 4103 2881 4174 πῦρ
2909 4103 2966 4157 ὲν
2997 4104 3155 4168 Σιὼν,
3185 4105 3277 4157 καὶ
3305 4104 3554 4159 κλίϐανον
3583 4107 3641 4159 ὲν
3689 4107 3791 4158 Ἰε-

2222 4192 2531 4264 ρουσαλήμο
2566 4193 2644 4246 ἵν’
2676 4194 2762 4246 ὅτε
2799 4193 3072 4266 βούληται,
3107 4195 3184 4265 τῷ
3217 4196 3348 4267 πυρί
3373 4196 3546 4267 τούτῳ
3584 4196 3677 4249 καὶ
3707 4197 3790 4268 τῷ

2220 4284 2456 4355 κλιϐάνῳ
2503 4284 2823 4358 κατακαύσῃ
2869 4287 2961 4338 καὶ
3013 4289 3329 4362 κατοπτήσῃ
3379 4291 3504 4353 τοὺς
3543 4290 3792 4355 καύσεως

2217 4377 2518 4446 δεομένους.
2571 4378 2662 4430 Διὸ
2698 4377 2758 4430 οὐ
2813 4379 3076 4448 προσήκει
3127 4384 3484 4452 καταφρονεῖν
3536 4383 3634 4451 τῆς
3691 4383 3791 4436 τοῦ

2218 4466 2352 4520 Θεοῦ
2380 4468 2604 4532 πόλεως.
2638 4468 2818 4523 Ταῦτα
2847 4469 2902 4522 δὲ
2936 4471 3027 4522 καὶ
3068 4471 3194 4542 περὶ
3219 4472 3318 4541 τῆς
3358 4473 3678 4544 Ἐκκλησίας
3704 4475 3790 4526 εί-

2222 4557 2391 4622 κότως
2423 4559 2488 4611 ἂν
2520 4559 2731 4630 ῥηθείη,
2764 4560 3060 4632 ἐπειδήπερ
3097 4564 3129 4632 ή
3169 4562 3322 4626 πόλις
3356 4563 3448 4616 τοῦ
3477 4562 3610 4616 Θεοῦ
3644 4566 3676 4633 ὴ
3703 4564 3792 4619 δε-

2220 4651 2518 4722 δοξασμένη
2543 4652 2675 4722 αὐτή
2701 4654 2835 4718 ἐστι,
2865 4655 2989 4724 περί
3015 4650 3081 4725 ἧς
3101 4657 3313 4725 εἴρηται
3330 4673 3343 4686 ο
3373 4676 3391 4706 ‹
3421 4657 3791 4727 Δεδοξασμένα

2220 4742 2450 4813 ἐλαλήθη
2487 4744 2614 4814 περί
2643 4743 2758 4809 σοῦ,
2787 4747 2820 4815 ἡ
2852 4745 3004 4808 πόλις
3036 4746 3128 4799 τοῦ
3158 4746 3312 4801 Θεοῦ.
3353 4767 3370 4799 ι
3426 4749 3578 4801 Ἔστι
3611 4750 3702 4802 καὶ
3730 4750 3793 4804 ὲν

2218 4834 2360 4906 αὐτῇ
2388 4835 2499 4906 πῦρ
2529 4836 2622 4888 καὶ
2653 4836 2921 4900 κλίϐανος,
2946 4839 3025 4901 εἰς
3052 4839 3112 4892 τὸ
3149 4839 3505 4909 καταφλέγειν
3555 4842 3646 4894 καὶ
3693 4842 3795 4895 ἀνν

2215 4925 2464 4980 αλίσκειν
2489 4926 2557 4980 τὰ
2583 4929 2639 4981 ὲν
2675 4929 2877 5003 ἑκάστῃ
2900 4928 3042 5001 ψυχῇ
3077 4930 3204 4995 ξύλα
3230 4933 3320 4984 καὶ
3346 4933 3533 5004 χόρτον
3565 4934 3657 4986 καί
3690 4952 3793 4987 κα-

2212 5017 2412 5088 λάμην.
2455 5018 2579 5072 Ἐὰν
2617 5019 2673 5072 δὲ
2718 5018 2964 5090 λέγηται,
3004 5040 3021 5072 ι
3058 5021 3176 5086 Φῶς
3214 5023 3361 5094 αύτῷ
3393 5025 3450 5077 ἐν
3490 5022 3648 5087 Σιὼν,
3693 5028 3790 5079 καὶ

2214 5109 2462 5175 κλίϐανος
2486 5111 2633 5182 αύτῷ
2660 5113 2718 5164 ἐν
2750 5109 3121 5185 Ἰερουσαλὴμ,
3161 5135 3179 5166 ι
3211 5115 3298 5168 διὰ
3327 5117 3424 5186 μὲν
3457 5117 3582 5179 τοὺς
3608 5117 3789 5184 φωτὸς

2213 5202 2394 5267 ἀξίους
2415 5203 2524 5257 τῶν
2546 5205 2922 5274 συναγομένων
2941 5205 3000 5258 τὸ
3016 5205 3142 5274 φῶς
3160 5207 3408 5277 εἰρῆσθαι
3435 5207 3782 5277 ὲκδεξόμεθα·

2214 5293 2303 5346 διὰ
2335 5294 2392 5347 δὲ
2423 5295 2546 5358 τοὺς
2583 5297 2826 5358 καύσεως
2858 5297 2951 5351 καὶ
2983 5298 3297 5367 καθάρσεως
3343 5299 3531 5369 χρείαν
3563 5299 3788 5368 ἔχοντας

2213 5385 2290 5450 τὸ,
2325 5386 2605 5452 κλίϐανος
2633 5387 2701 5440 ἐν
2741 5388 3150 5457 Ἰερουσαλήμ.

2719 5479 3107 5533 ΚΕΦΑΛΑΙΟΝ
3130 5480 3247 5534 AB'.

2290 5586 2308 5619 ι
2359 5569 2487 5625 Ἰδοὺ
2533 5569 2638 5644 γὰρ
2668 5570 2915 5642 βασιλεὺς
2945 5571 3148 5636 δίκαιος
3183 5571 3506 5644 βασιλεύσει,
3550 5574 3642 5626 καὶ
3683 5570 3785 5644 ἂρ-
