4072 6194
292 333 398 387 517

1220 326 1723 385 COMMENTARIA
1761 328 1827 383 IN
1869 329 2389 406 lSAlAM.—_CAP.
2424 334 2643 391 XXXII.
3427 337 3531 391 M8

296 486 493 541 χοντες
526 469 665 541 μετὰ
695 465 914 537 κρίσεως
946 465 1190 537 ἄρξουσι.
1219 467 1327 519 Καὶ
1352 466 1502 520 ἔσται
1536 468 1564 519 6
1593 467 1872 540 ἄνθρωπος

1977 468 2246 541 principes
2272 487 2393 527 cum
2416 471 2619 541 judicio
2644 472 3003 542 imperabunt.
3030 472 3097 526 Et
3124 472 3228 527 erit
3254 472 3416 527 homo
3440 489 3531 528 oc—

301 563 574 632 κρύπτων
602 560 719 621 τοὺς
750 558 938 625 λόγους
964 557 1165 621 αὑτοῦ,
1190 558 1283 611 καὶ
1320 557 1653 628 κρυϐήσεται
1681 557 1756 621 ὼς
1780 557 1873 628 ἀφ’

304 653 506 715 ὓδατος
539 650 841 721 φερομένου.
883 648 996 701 Καὶ
1026 648 1323 718 φανήσεται
1353 650 1410 701 ὲν
1439 647 1576 700 Σιὼν
1600 648 1675 711 ὡς
1712 664 1876 701 ποτα-

312 746 414 815 μὸς
441 745 724 816 φερόμενος
742 782 757 805 ,
786 740 995 805 ἔνδοξος
1021 742 1078 793 ὲν
1104 743 1173 811 γῇ
1201 738 1429 811 διψώσῃ.
1475 759 1494 791 ι
1525 739 1781 803 Θεσπίζει
1806 740 1876 794 τὰ

312 836 442 905 περὶ
472 836 563 904 τῆς
592 832 909 901 θεοφανείας
952 831 1045 884 τοῦ
1087 830 1319 901 Χριστοῦ
1339 847 1352 861 ⁸
1400 832 1558 902 μόνος
1584 832 1691 905 γάρ
1722 826 1875 897 οὗτος

312 928 509 988 δίκαιος
543 928 599 977 ἐν
643 923 956 995 ἀνθρώποις
992 922 1230 994 ἀνεφάνη
1281 925 1310 976 6
1359 922 1629 994 βασιλεύς.
1674 924 1784 979 Καὶ
1825 927 1873 978 oi

308 1017 579 1071 ἀπόστολοι
611 1016 669 1069 δὲ
702 1014 873 1068 αὑτοῦ
910 1013 1050 1084 μετά
1082 1013 1315 1085 κρίσεως
1343 1014 1436 1067 τοῦ
1470 1015 1676 1068 ἑαυτῶν
1721 1014 1875 1085 βασι-

302 1108 451 1171 λέως,
483 1108 583 1177 τῆς
645 1107 979 1175 Ἐκκλησίας
1011 1104 1174 1160 αὐτοῦ
1210 1105 1606 1176 καθηγήσαντο.
1661 1105 1872 1160 Ἐϐασί-

297 1201 446 1253 λευσε
480 1201 661 1253 τοίνυν
695 1201 777 1261 εἰς
808 1198 1154 1269 δικαιοσύνην
1199 1199 1228 1250 6
1266 1198 1499 1267 Χριστὸς
1532 1198 1723 1269 καινήν
1754 1214 1875 1251 τινα

292 1291 489 1360 ταύτην
517 1290 619 1361 τήν
648 1289 959 1359 βασιλείαν·
997 1289 1057 1343 ού
1089 1288 1194 1359 γὰρ
1228 1290 1306 1352 εἰς
1338 1288 1685 1360 ἀνθρωπίνην
1718 1288 1874 1357 ἀξίαν

293 1382 637 1445 ἀποϐλέπων,
680 1381 806 1434 οὐδὲ
840 1382 918 1444 εἰς
954 1380 1116 1452 τιμὴν
1153 1382 1248 1435 καὶ
1274 1380 1430 1446 δόξαν
1459 1382 1559 1453 τὴν
1599 1381 1749 1453 παρά
1776 1383 1872 1435 ἀν·

295 1474 551 1544 θρώποις,
587 1474 692 1543 τὴν
740 1471 1018 1543 βασιλείαν
1047 1474 1389 1544 ὲπανήρατο,
1423 1473 1536 1526 ἀλλ’
1562 1475 1642 1538 είς
1673 1473 1875 1527 δικαιο-

296 1565 496 1636 σύνην·
529 1565 715 1636 ὥσπερ
745 1559 840 1617 οὖν
894 1563 988 1617 καὶ
1039 1563 1089 1615 οἱ
1136 1562 1395 1634 ἄρχοντες
1441 1564 1626 1630 αὑτοῦ,
1673 1566 1773 1620 οὐκ
1816 1566 1873 1618 ὲν

298 1657 580 1729 ἀξιώμασι
629 1658 909 1725 κοσμικοῖς
960 1655 1325 1725 προαχθέντες
1376 1651 1566 1728 ἦρχον,
1626 1656 1739 1710 ἀλλ’
1794 1657 1873 1720 είς

301 1748 514 1819 κρίσιν.
554 1747 647 1800 Διὸ
696 1747 827 1800 κατὰ
848 1748 977 1810 τοὺς
1006 1746 1224 1811 λοιποὺς
1259 1748 1598 1819 ὲρμηνευτάς
1638 1749 1870 1819 εἴρηται,

312 1811 488 1894 (Καὶ
514 1841 766 1912 ἄρχοντες
793 1842 869 1903 εις
909 1841 1084 1912 κρῖμα
1112 1811 1402 1911 ἄρξουσιν..
1426 1859 1446 1892 t
1497 1811 1641 1893 Ἀντὶ
1671 1811 1872 1903 δὲ’τοιλ
1906 1811 1948 1870 Β

317 1950 337 1983 ι
392 1930 504 1983 Καὶ
544 1930 689 1983 ἔσται
721 1933 751 1984 6
779 1930 1062 2000 ἄνθρωπος
1095 1929 1351 2000 κρύπτων
1395 1930 1521 1994 τοὺς
1556 1930 1748 1999 λόγους
1776 1930 1876 1983 αὺ-

313 2023 430 2087 τοῦ,
469 2043 488 2075 ι
533 2026 561 2078 6
598 2024 898 2095 Σύμμαχος,
960 2041 980 2075 ι
1017 2024 1126 2078 Καὶ
1158 2024 1329 2087 ἔσται,
1399 2023 1583 2095 φησιν,
1632 2021 1770 2093 ἀνὴρ
1801 2022 1876 2086 ὡς

312 2115 594 2185 ἀτωκρυφὴ
651 2116 755 2169 ἀπὸ
827 2114 1136 2186 πνεύματος
1177 2116 1271 2170 καὶ
1326 2115 1605 2179 λαίλαπος.
1640 2134 1659 2165 ι
1721 2115 1877 2177 Ποῖος

306 2202 398 2261 οὖν
424 2206 702 2277 ἄνθρωπος
742 2206 897 2260 ἔσται
930 2206 1045 2260 ἀλλ’
1073 2209 1101 2262 6
1130 2207 1385 2278 ἀνωτέρω
1432 2207 1637 2269 δίκαιος
1664 2205 1877 2277 ὠνομα-

303 2298 524 2369 σμένοςς
559 2300 731 2363 Αὐτὸς
756 2300 868 2370 γὰρ
898 2293 1051 2364 οὗτος
1075 2299 1228 2355 ἔσται
1259 2300 1419 2372 ἀνὴρ,
1445 2299 1640 2353 οὐκοῦν
1676 2301 1742 2369 τῇ
1776 2297 1877 2367 φύ-

298 2406 379 2442 σει
411 2391 569 2462 ἀνὴρ,
609 2391 747 2445 ἀλλὰ
791 2392 1054 2463 κρείττων
1094 2390 1128 2462 ἢ
1172 2390 1314 2445 κατά
1357 2390 1645 2463 ἀνθρώπου
1691 2388 1871 2459 φύσιν.

296 2478 440 2549 mm
493 2480 647 2534 ἔσται
697 2480 983 2553 ἄνθρωπος
1025 2479 1375 2552 ἐπικρύπτων
1425 2478 1590 2533 αὑτοῦ
1627 2479 1728 2550 τήν
1759 2478 1875 2532 θεό⁴

295 2590 451 2645 τητα.
488 2573 674 2645 ’Υδωρ
714 2573 825 2645 γάρ
859 2572 1153 2643 φερόμενον
1183 2567 1252 2643 ἦν
1280 2570 1375 2625 καὶ
1406 2569 1773 2642 ἀπολλύμενον
1812 2571 1875 2625 τὸ

298 2665 502 2736 πλῆθος
532 2665 627 2718 τοῦ
663 2665 772 2718 τῶν
802 2664 1067 2719 Ἰουδαίων
1098 2662 1226 2717 λαοῦ
1251 2680 1264 2693 ο
1297 2662 1377 2716 διὸ
1406 2664 1498 2717 καὶ
1526 2663 1874 2736 ἀπέκρυπτεν

296 2757 463 2811 αὐτὸν
488 2757 548 2823 ἐξ
574 2757 779 2819 αὐτῶν,
819 2757 914 2809 καὶ
950 2756 1075 2819 τοὺς
1111 2755 1301 2822 λόγους
1325 2754 1489 2808 αὐτοῦ
1528 2756 1621 2807 ἀπ’
1651 2755 1874 2809 ἐκείνων

299 2846 401 2916 μὲν
431 2845 719 2907 ἐκάλυπτε,
753 2848 863 2908 τοῖς
893 2845 949 2899 δὲ
978 2844 1143 2897 αὑτοῦ
1167 2844 1432 2916 μαθηταῖς
1460 2844 1745 2916 ἐφανέρου.
1774 2842 1871 2911 Τίς

296 2935 358 2988 δὲ
395 2936 687 3004 φανήσεται
728 2935 763 3005 ἢ
798 2934 960 2999 αὐτὸς
993 2934 1198 2999 δίκαιος
1233 2935 1515 3005 βασιλεύς;
1567 2935 1727 2999 αὐτὸς
1765 2935 1871 3007 γάρ

299 3029 606 3097 φανήσεται
651 3028 722 3091 ὡς
776 3028 1020 3098 ποταμὸς
1068 3028 1366 3100 φερόμενος
1410 3029 1635 3094 ἔνδοξος.
1680 3028 1775 3093 Τίς
1814 3028 1872 3083 δέ

1976 564 2186 618 cultans
2223 578 2501 619 sermones
2530 579 2677 629 suos,
2719 574 2774 620 et
2797 564 3157 620 occultabitur
3188 574 3245 619 ut
3296 565 3369 619 ab
3391 582 3535 635 aqua

1975 665 2246 711 manante.
2272 656 2341 711 Et
2358 656 2640 726 apparebit
2666 658 2720 711 in
2740 656 2891 723 Sion,
2911 658 3054 711 sicut
3072 654 3264 711 ﬂuvius
3286 672 3534 723 currens,

1975 747 2209 818 inclytus
2243 750 2297 803 in
2329 756 2473 804 terra
2499 748 2731 806 sitienti.
2763 767 2784 801 ι
2814 749 2944 816 Qua:
2971 749 3039 803 ad
3070 748 3307 802 divinum
3333 748 3535 805 Christi

1974 842 2259 895 adventum
2288 850 2533 912 spectant
2558 840 2914 896 vaticinatur:
2945 840 2993 895 is
3018 852 3249 906 namque
3272 838 3416 894 solus
3438 853 3533 894 rex

1969 932 2146 1002 justus
2174 936 2228 988 in
2281 934 2595 990 hominibus
2636 933 2906 1004 apparuit.
2962 931 3204 1001 Apostoli
3253 945 3381 985 vero
3416 929 3534 999 ejus

1974 1039 2096 1079 cum
2128 1025 2330 1093 judicio
2362 1025 2505 1095 regis
2557 1025 2641 1079 sui
2680 1025 2936 1080 Ecclesiae
2982 1024 3154 1094 ipsius
3183 1022 3529 1091 praefuerunt.

1974 1116 2237 1188 Regnavit
2267 1118 2450 1187 itaque
2486 1119 2541 1172 in
2569 1117 2838 1185 justitiam
2868 1116 3157 1180 Christus,
3180 1129 3373 1169 novum
3402 1128 3534 1170 sane

1976 1211 2123 1280 regni
2160 1224 2363 1281 genus;
2407 1225 2513 1264 non
2558 1209 2615 1264 in
2641 1210 2932 1264 humanam
2963 1208 3159 1278 quippe
3197 1206 3530 1275 dignitatem,

1976 1304 2152 1359 nonin
2183 1305 2440 1358 honorem
2471 1311 2526 1357 et
2543 1300 2769 1372 gloriam
2792 1299 3069 1355 hominum
3100 1296 3413 1366 respiciens,
3448 1310 3537 1350 re-

1974 1409 2137 1464 gnum
2154 1395 2361 1461 erexit;
2391 1394 2484 1448 sed
2508 1394 2559 1448 in
2576 1392 2845 1461 justitiam
2873 1409 2888 1445 :
2919 1388 3371 1461 quemadmodum
3387 1387 3535 1458 prin—

1972 1486 2121 1556 cipes
2156 1486 2291 1555 ejus,
2322 1501 2426 1542 non
2456 1485 2522 1539 ad
2544 1485 2849 1540 mundanas
2894 1482 3185 1553 dignitates
3207 1480 3403 1544 evecti,
3435 1479 3536 1535 im.-

1973 1578 2263 1649 perabantf;
2294 1578 2387 1634 sed
2445 1578 2511 1632 ad
2540 1576 2826 1645 judicium.
2867 1573 3204 1644 Quapropter
3241 1571 3534 1628 secundum

1974 1669 2214 1740 reliquos
2237 1670 2562 1739 interpretes
2602 1668 2805 1724 dictum
2831 1677 2955 1731 est,
2997 1684 3017 1717 ι
3055 1665 3122 1720 Et
3166 1661 3439 1735 principes
3469 1661 3535 1716 ad

1971 1763 2231 1833 judicium
2272 1760 2633 1831 imperabunt.
2666 1779 2686 1812 ι
2731 1758 2836 1813 Pro
2885 1757 2975 1811 illo
3032 1767 3236 1821 autem,
3284 1772 3304 1807 ι
3340 1754 3407 1809 Et
3430 1753 3537 1808 erit

1977 1857 2138 1913 homo
2184 1854 2523 1909 abscondens
2566 1864 2848 1908 sermones
2898 1863 3049 1913 suos,
3081 1866 3100 1899 ι
3136 1845 3490 1916 Symmachus
3515 1883 3532 1910 ,

1983 1967 2002 2002 ι
2036 1949 2104 2004 Ει
2128 1948 2234 2003 erit
2267 1948 2350 2001 vir
2385 1947 2527 2001 sicut
2562 1942 2853 1998 absconsio
2878 1956 2908 1995 a
2937 1938 3127 2009 spiritu
3155 1946 3211 1993 et
3238 1934 3529 2004 procella.»

1976 2043 2109 2111 Quis
2168 2042 2332 2113 igitur
2364 2041 2527 2095 homo
2559 2038 2684 2102 erit,
2722 2036 2830 2091 nisi
2864 2036 2911 2090 is
2954 2033 3046 2103 qui
3081 2030 3327 2102 superius
3352 2029 3535 2098 justus

1976 2134 2275 2205 appellatus
2306 2132 2428 2187 est?
2470 2131 2568 2185 Hic
2604 2128 2749 2185 enim
2785 2128 2901 2198 ipse
2942 2126 3025 2180 vir
3070 2124 3196 2191 erit,
3227 2131 3420 2177 natura
3452 2121 3536 2176 vir

1976 2227 2213 2297 quidem,
2243 2225 2338 2281 sed
2364 2222 2599 2280 hominis
2625 2230 2820 2275 natura
2844 2218 3001 2289 longe
3026 2216 3387 2291 praestantior.
3417 2212 3537 2269 Ca-

1976 2328 2148 2374 terum
2200 2318 2364 2372 homo
2401 2316 2506 2372 erit
2548 2328 2702 2371 suam
2741 2310 3026 2367 occultans
3078 2307 3354 2362 deitatem.
3398 2304 3537 2361 Nam

1976 2425 2114 2482 aqua
2144 2410 2288 2465 ﬂuxa
2304 2418 2360 2465 et
2397 2406 2608 2478 perdita
2630 2412 2750 2461 erat
2769 2400 3054 2459 multitudo
3078 2397 3286 2454 Judaici
3319 2396 3533 2468 populi:

1973 2518 2142 2575 quare
2168 2517 2288 2559 sese
2318 2501 2385 2556 ab
2417 2500 2545 2563 illis,
2578 2506 2634 2554 et
2679 2496 2843 2552 verba
2874 2510 2970 2551 sua
3006 2492 3075 2548 ab
3102 2492 3313 2547 illorum
3357 2489 3537 2545 verbis

1972 2595 2301 2659 occultabat,
2333 2593 2429 2647 sed
2470 2587 2752 2658 discipulis
2802 2587 2921 2641 suis
2942 2600 3005 2640 ea
3039 2581 3370 2638 declarabat.
3405 2580 3537 2645 Quis

1973 2697 2151 2743 autem
2178 2684 2492 2757 apparebit,
2528 2680 2631 2736 nisi
2663 2680 2777 2749 ipse
2826 2694 2921 2733 rex
2944 2675 3157 2745 justus?
3184 2675 3299 2742 ipse
3330 2673 3533 2742 quippe

1972 2792 2091 2834 sese
2117 2774 2561 2845 conspiciendum
2593 2769 2873 2842 prmbebit,
2901 2769 3054 2839 quasi
3091 2766 3282 2821 ﬂuvius
3308 2779 3535 2820 manans

1973 2852 2218 2941 inclytus.
2242 2867 2371 2935 Quae
2390 2880 2519 2922 vero
2541 2864 2671 2920 Sion
2695 2863 2807 2926 illa,
2828 2862 2933 2917 nisi
2956 2875 3074 2930 qua?
3095 2873 3239 2919 eum,
3259 2857 3352 2927 qui
3379 2871 3438 2911 se
3464 2856 3534 2912 ab

1972 2962 2076 3019 illis
2103 2961 2427 3025 occultabat,
2458 2957 2668 3029 publice
2700 2954 2945 3024 accepit?
2974 2967 3095 3008 nam
3131 2966 3252 3021 quae
3276 2949 3406 3006 olim
3433 2948 3533 3003 de-

1968 3061 2115 3108 serta
2150 3060 2205 3107 et
2248 3049 2521 3108 sitibunda
2548 3056 2689 3118 erat,
2721 3046 2963 3104 Ecclesia
3009 3058 3076 3100 ex
3111 3042 3379 3114 gentibus,
3418 3041 3534 3113 ipsa

297 3120 453 3220 εστιν
478 3121 511 3190 ἡ
544 3119 673 3173 Σιὼν
700 3118 841 3189 αὕτη
870 3119 902 3189 ἢ
934 3120 967 3189 ἠ
992 3119 1084 3172 τὸν
1123 3119 1217 3173 ἀπ’
1247 3120 1469 3175 ἐκείνων
1497 3120 1869 3194 κρυπτόμενον
1894 3159 1940 3220 c
1971 3155 2096 3199 νει-θ
2121 3141 2251 3198 δίου
2283 3150 2388 3198 εει,

296 3210 561 3284 ἐμφανῶς
608 3209 1061 3283 παραδεξαμένη;
1099 3211 1133 3281 ή
1179 3209 1290 3282 γὰρ
1331 3211 1497 3265 πάλαι
1535 3212 1738 3283 ἔρημος
1778 3214 1871 3266 καὶ

295 3301 507 3372 διψῶσα
539 3302 574 3373 ή
605 3301 665 3367 ἐξ
705 3300 873 3355 ἐθνῶν
915 3300 1227 3372 Ἐκκλησία,
1254 3302 1393 3373 αὕτη
1430 3303 1579 3356 ἐστὶν
1609 3305 1644 3374 ή
1673 3300 1830 3357 Σιών.

369 3452 391 3485 ι
432 3433 545 3485 Καὶ
586 3431 768 3485 οὐκέτι
808 3430 1020 3485 ἔσονται
1052 3430 1369 3496 πεποιθότες
1414 3434 1498 3485 ἐπ’
1531 3431 1867 3505 ἀνθρώπους,

296 3524 433 3579 ἀλλά
469 3524 541 3577 τά
572 3518 689 3578 ὦτα
720 3522 981 3578 δώσουσιν
1028 3523 1267 3589 ἀκούειν,
1311 3525 1405 3578 καὶ
1452 3527 1485 3596 ἡ
1533 3525 1729 3597 καρδία
1760 3524 1871 3579 τῶν

297 3613 668 3667 ἀσθενούντων
706 3612 958 3685 προσέξει
996 3611 1089 3667 τοῦ
1134 3612 1371 3677 ἀκούειν,
1406 3613 1501 3665 καὶ
1539 3614 1596 3666 αἱ
1626 3613 1867 3681 γλῶσσαι

299 3708 353 3759 αξ
385 3704 730 3773 ψελιλίζουσαι
773 3704 910 3774 ταχὺ
961 3703 1292 3775 μαθήσονται
1340 3704 1519 3759 λαλεῖν
1562 3707 1799 3777 εἰρήνην.
1845 3725 1864 3759 ι

301 3797 438 3850 Σιὼν
468 3798 650 3850 τοίνυν
685 3796 779 3849 καὶ
819 3795 892 3865 γῆ
930 3794 1138 3870 διψῶσα
1170 3794 1337 3850 πάλαι
1368 3795 1571 3868 ἔρημος
1600 3797 1686 3868 εἴη
1730 3798 1795 3853 ἂν
1832 3800 1867 3870 ή

312 3887 637 3957 Ἐκκλησία’
682 3885 777 3939 καὶ
818 3885 1014 3958 καρδία
1057 3884 1447 3951 ἀσθενούντων,
1492 3886 1586 3940 καὶ
1628 3887 1869 3955 γλῶσσαι

295 3979 703 4049 τραυλίζουσαι,
736 3979 792 4031 αί
827 3976 935 4030 τῶν
967 3977 1133 4049 πάλαι
1169 3976 1260 4031 τὸν
1291 3977 1423 4031 Θεὸν
1471 3978 1544 4049 μὴ
1587 3978 1867 4045 νοούντων,

300 4048 434 4138 μηδὲ
476 4067 613 4136 ὀρθὰ
650 4066 947 4123 λαλούντων
978 4048 1167 4132 ξθνῶν,
1212 4062 1293 4131 οἷς
1339 4068 1727 4137 ἐπαγγέλλεται
1773 4072 1869 4144 τήν

296 4160 392 4215 ἐπὶ
426 4160 499 4214 τά
526 4160 760 4231 κρείττω
781 4159 1107 4237 μεταϐολήν.
1132 4159 1353 4223 Τούτοις
1372 4160 1613 4230 ἐπιλέγει
1630 4179 1645 4194 ·

378 4335 397 4369 ι
440 4317 555 4371 Καὶ
602 4315 782 4369 οὐκέτι
823 4316 885 4369 οὐ
940 4315 1013 4388 μὴ
1038 4316 1232 4370 simne:
1281 4317 1359 4389 τῷ
1399 4316 1566 4389 μωρῷ
1595 4317 1817 4389 ἄρχειν*
1844 4339 1864 4375 ι

296 4406 491 4478 ὥσπερ
532 4402 628 4460 οὖν
672 4407 934 4477 πρότερον
976 4407 1211 4471 ἐποίουν,
1259 4408 1348 4461 ὅτε
1396 4412 1507 4471 τοῖς
1549 4409 1626 4474 ὡς
1658 4410 1872 4482 ἀληθῶς

2044 3454 2208 3509 Vsus.
2237 3457 2292 3519 5,
2321 3455 2375 3510 4.
2412 3473 2430 3507 ι
2463 3454 2531 3511 Et
2566 3467 2672 3510 non
2719 3463 2878 3510 erunt
2938 3452 3168 3524 amplius
3205 3450 3533 3506 conﬁdentes

1975 3549 2030 3603 in
2068 3547 2415 3604 hominibus:
2445 3547 2539 3603 sed
2566 3559 2727 3601 aures
2762 3546 2829 3600 ad
2867 3544 3189 3599 audiendum
3223 3546 3449 3607 dabunt,
3477 3552 3535 3597 et

1973 3655 2069 3696 cor
2101 3639 2437 3695 inﬁrmorum
2475 3638 2737 3704 attendet,
2766 3647 2826 3691 ut
2863 3635 3037 3689 audiat
3068 3652 3084 3688 :
3119 3643 3174 3690 et
3199 3635 3391 3704 linguae
3415 3634 3535 3689 bal-

1973 3732 2291 3788 butientium
2323 3731 2431 3787 cito
2462 3731 2678 3786 discent
2706 3728 2850 3798 loqui
2891 3742 3099 3796 pacem.
3138 3744 3157 3778 ›
3187 3726 3317 3781 Sion
3351 3725 3533 3793 itaque

1973 3833 2027 3881 et
2055 3836 2196 3883 terra
2224 3824 2415 3881 sitiens
2442 3822 2569 3877 olim
2594 3822 2830 3888 deserta,
2858 3820 3096 3877 Ecclesia
3131 3817 3293 3874 fuerit
3321 3833 3337 3873 :
3365 3823 3419 3873 et
3437 3830 3531 3871 cor

1974 3917 2334 3994 inﬁrmorum,
2361 3924 2414 3971 et
2434 3916 2627 3986 linguae
2653 3914 3032 3979 balbutientes,
3052 3911 3289 3984 gentium
3308 3910 3530 3976 fuerint,

1973 4026 2094 4082 qua;
2119 4011 2249 4067 olim
2286 4025 2386 4065 nec
2412 4008 2576 4062 Deum
2610 4016 2892 4071 noverant,
2927 4021 3025 4062 nec
3054 4015 3202 4062 recte
3232 4005 3531 4073 loqueban-

1974 4115 2082 4172 tur,
2111 4107 2306 4177 quibus
2343 4103 2749 4161 conversionem
2774 4105 2841 4159 ad
2862 4102 3084 4160 meliora
3107 4100 3407 4173 pollicetur.
3434 4099 3531 4155 His

1973 4199 2278 4270 subjungit:

2042 4335 2205 4392 Vsus.
2230 4335 2283 4393 5.
2321 4352 2341 4387 ι
2368 4334 2552 4405 Neque
2583 4333 2812 4404 amplius
2839 4334 3021 4389 dicent
3054 4333 3243 4396 stulto,
3277 4338 3336 4387 ut
3359 4329 3529 4400 impe-

1975 4438 2098 4485 ret:
2137 4447 2156 4482 ι
2198 4427 2647 4497 quemadmodum
2685 4426 2812 4482 olim
2853 4424 3102 4496 agebant,
3142 4439 3265 4480 cum
3315 4424 3526 4480 animas

300 4502 509 4589 μωροῖς
528 4497 865 4589 διδασκάλοις
884 4498 1063 4551 αὐτῶν
1089 4500 1389 4569 ἐπέτρεπον
1406 4500 1504 4565 τὰς
1531 4502 1737 4556 ἑαυτῶν
1765 4502 1870 4573 ψυ-

1973 4536 2099 4578 suas
2134 4519 2315 4576 stultis
2361 4533 2489 4575 vere
2541 4518 2818 4589 magistris
2877 4515 3318 4572 concredehant:
3368 4522 3529 4569 erant

296 4590 403 4662 χάς
422 4607 439 4621 ·
474 4586 616 4661 ἦσαν
641 4590 698 4643 δὲ
722 4582 867 4644 οὗτοι
910 4590 960 4643 οἱ
989 4589 1143 4658 σοφοὶ
1182 4591 1276 4643 τοῦ
1319 4592 1511 4657 αἰῶνος
1554 4594 1763 4659 τούτου,
1796 4587 1872 4649 ὧν

294 4684 589 4761 ἐμώρανεν
617 4684 645 4736 6
683 4682 814 4746 Θεὸς
841 4683 941 4753 τὴν
983 4683 1190 4753 σοφίαν.
1221 4684 1469 4750 Τοιοῦτος
1509 4686 1566 4740 δὲ
1603 4683 1670 4760 ἦν
1702 4689 1809 4752 πᾶς
1842 4691 1871 4742 6

292 4775 401 4845 τὴν
430 4776 623 4844 σοφίαν
652 4774 1113 4845 ἐπαγγελλόμενος
1131 4774 1223 4828 τοῦ
1240 4776 1434 4841 αίῶνος
1474 4779 1686 4835 τούτου.
1729 4782 1869 4835 «Καὶ

291 4867 485 4925 οὐκέτι
519 4867 596 4938 μὴ
625 4867 849 4921 εἴπωσιν
892 4868 941 4920 oi
989 4866 1253 4938 ὑπηρέται
1294 4884 1408 4931 σου,
1441 4869 1593 4938 Σίγα.
1636 4888 1655 4921 ι
1706 4852 1709 4855 ὗ

380 5068 399 5100 ι
422 5049 483 5102 ’0
502 5047 611 5120 γάρ
647 5048 827 5120 μωρὸς
861 5046 1017 5120 μωρά
1032 5045 1273 5118 λαλήσει,
1304 5045 1395 5099 καὶ
1424 5047 1457 5116 ή
1485 5043 1679 5115 καρδία
1704 5043 1867 5098 αὐτοῦ

297 5137 513 5208 μάταια
538 5138 742 5207 νοήσει,
767 5135 861 5191 τοῦ
891 5135 1161 5191 συντελεῖν
1196 5136 1390 5207 ἄνομα,
1422 5134 1515 5188 καὶ
1535 5132 1711 5187 λαλεῖν
1735 5132 1871 5204 πρὸς

292 5229 512 5301 Κύριον
554 5230 843 5300 πλάνησιν,
887 5226 982 5282 τοῦ
1014 5227 1321 5298 διασπεῖραι
1356 5225 1531 5297 ψυχὰς
1578 5224 1867 5289 πεινώσας,

292 5327 397 5381 καὶ
430 5324 531 5388 τάς
559 5324 738 5396 ψυχὰς
779 5322 875 5387 τὰς
904 5321 1144 5392 διψώσας
1171 5321 1332 5384 κενὰς
1372 5321 1605 5392 ποιήσει.
1655 5319 1716 5373 Ἡ
1758 5320 1866 5392 γὰρ

290 5418 469 5489 βουλὴ
511 5418 621 5469 τῶν
653 5414 903 5487 πονηρῶν
943 5414 1118 5485 ἀνομα
1154 5412 1479 5484 βουλεύεται,
1512 5413 1867 5485 καταφθεῖραι

292 5512 594 5575 ταπεινοὺς
623 5511 681 5564 ὲν
712 5509 886 5581 λόγοις
916 5506 1118 5571 ἀδίκοις
1138 5549 1152 5574 ,
1177 5505 1272 5559 καὶ
1309 5506 1651 5561 διασκεδάσαι
1678 5505 1866 5575 λόγους

292 5600 576 5655 ταπεινῶν
615 5601 675 5652 ὲν
722 5599 919 5671 κρίσει.
976 5617 994 5650 ι
1036 5596 1211 5668 Μωρά
1250 5597 1308 5650 δὲ
1340 5597 1508 5651 ταῦτα
1538 5598 1644 5669 γὰρ
1690 5597 1865 5650 πάντα

294 5691 473 5745 πάλαι
497 5689 765 5759 ἔπραττον
792 5690 843 5740 ot
872 5687 1037 5743 πάλαι
1062 5688 1231 5757 μωροὶ
1255 5686 1507 5757 ἄρχοντες
1531 5687 1636 5740 τῶν
1658 5684 1865 5756 ἀνθρώ-

293 5800 453 5839 πων’
493 5782 587 5838 καὶ
622 5782 655 5851 ἡ
689 5780 851 5852 βουλὴ
895 5779 1070 5835 αὐτῶν
1113 5779 1322 5851 πονηρὰ
1350 5774 1481 5834 οὖσα
1512 5780 1684 5849 ἄνομα
1717 5777 1864 5831 ἐϐου-

1975 4628 2135 4686 porro
2173 4612 2211 4668 ii
2254 4612 2527 4682 sapientes
2556 4611 2719 4682 hujus
2751 4609 2955 4674 saeculi,
2984 4621 3213 4677 quorum
3255 4605 3395 4660 Deus
3442 4618 3531 4659 sa-

1974 4704 2232 4777 pientiam
2262 4704 2567 4760 inl'atuavit.
2592 4703 2741 4759 Talis
2774 4711 2891 4757 erat
2926 4699 3173 4771 quisquis
3201 4697 3528 4768 sapientiam

1974 4796 2132 4868 hujus
2155 4796 2335 4852 saeculi
2372 4796 2745 4866 proﬁtebatur.
2782 4813 2804 4848 ι
2855 4793 3038 4864 Neque
3067 4790 3299 4862 amplius
3344 4789 3528 4847 dicent

1974 4890 2115 4946 servi
2152 4891 2250 4958 tui,
2272 4888 2433 4945 Tace.
2472 4908 2492 4943 ι

2044 5043 2206 5102 Vsus.
2233 5044 2287 5113 6,
2310 5043 2363 5103 7.
2392 5062 2411 5096 ι
2443 5044 2572 5100 Nam
2603 5043 2797 5100 stultus
2833 5042 2994 5099 stulta
3026 5042 3296 5112 loquetur,
3330 5048 3386 5096 et
3431 5056 3529 5097 cor

1973 5137 2087 5208 cjus
2116 5152 2253 5193 vana
2303 5138 2566 5208 cogitabit
2611 5137 2679 5192 ad
2709 5136 3098 5207 perliciendum
3127 5134 3332 5204 iniqua,
3361 5140 3417 5188 et
3447 5133 3529 5189 lo-

1973 5232 2242 5302 quendum
2288 5245 2528 5287 errorem
2559 5231 2626 5285 ad
2656 5229 2961 5295 Dominum,
3008 5236 3068 5282 ut
3100 5227 3374 5298 dispergat
3405 5229 3526 5283 ani-

1972 5339 2090 5380 mas
2109 5322 2436 5390 esurientes,
2472 5331 2527 5377 et
2557 5323 2766 5379 animas
2820 5320 3069 5377 sitientes
3100 5333 3296 5374 vacuas
3341 5319 3525 5376 faciet.

1971 5414 2263 5471 Consilium
2289 5414 2432 5470 enim
2453 5413 2715 5469 malorum
2747 5412 2930 5481 iniqua
2959 5411 3235 5483 cogitabit,
3264 5412 3333 5466 ad
3360 5413 3500 5468 inter

1974 5507 2260 5575 ﬁciendum
2286 5505 2513 5561 humiles
2538 5507 2590 5560 in
2617 5505 2958 5561 sermonibus
2986 5504 3207 5574 iniquis,
3233 5513 3288 5560 et
3310 5505 3379 5559 ad
3410 5503 3525 5560 dis-

1969 5598 2192 5666 sipanda
2230 5599 2392 5651 verba
2445 5596 2723 5651 humilium
2764 5597 2818 5651 in
2841 5596 3061 5666 judicio.
3100 5616 3143 5650 »ο
3166 5596 3289 5651 Haec
3316 5598 3513 5668 quippe

1969 5688 2132 5745 stulta
2153 5689 2329 5745 omnia
2355 5689 2479 5743 olim
2511 5688 2742 5758 agebant
2780 5690 2854 5745 illi
2903 5690 3028 5746 olim
3070 5690 3219 5746 stulti
3254 5688 3525 5759 principes

1972 5782 2245 5840 hominum
2274 5796 2287 5836 :
2319 5792 2369 5839 ct
2397 5782 2671 5841 consilium
2700 5798 2885 5843 corum
2925 5783 3123 5843 malum
3175 5782 3358 5854 iniqua
3387 5780 3519 5837 deli-
