4072 6194
513 312 617 367 519

1180 303 1444 363 EUSEBU
1481 303 1955 361 CESARIENSIS
1991 301 2140 360 ()PP.
2183 305 2361 361 PARS
2396 306 2486 365 111.
2526 339 2596 349 —-
2631 308 3039 366 EXEGETICA.

3629 313 3734 368 320

510 402 831 466 berabat,ut
861 400 1207 455 sermonibus
1236 399 1351 454 suis
1378 397 1658 453 humilium
1709 394 1919 453 animas
1951 412 2058 467 per-

2175 396 2379 461 λεύετο,
2409 401 2488 461 εἰς
2520 398 2581 452 τὸ
2606 400 2963 473 καταφθεῖραι
3007 403 3121 465 τοῖς
3153 400 3359 455 ἑαυτῶν
3393 401 3566 471 λόγοις
3607 408 3732 469 τοὺς

509 496 684 548 deret.
930 522 931 525 η
1286 530 1291 536 ν

577 585 742 639 Vens.
770 584 823 639 8.
854 602 873 635 ι
901 582 979 637 Pii
1008 590 1188 637 autem
1206 582 1486 652 prudentia
1511 582 1739 639 consilia
1763 583 2065 639 iniverunt:

504 691 559 733 et
592 679 694 733 hoc
718 676 1002 731 consilium
1025 675 1283 729 manebit.
1311 693 1329 725 ›
1356 674 1521 742 Queis
1545 673 1919 743 signiﬁcantur
1943 688 2071 742 apo-

506 769 631 825 8ιοΙὶ
664 766 976 822 Servatoris
1015 766 1211 831 nostri,
1249 767 1301 820 in
1348 765 1617 836 principio
1670 766 1861 822 salutis
1913 769 1979 821 ab
2013 779 2072 822 se

506 864 674 923 datze,
710 874 833 930 quae
876 868 937 913 ut
986 861 1155 928 probe
1201 860 1561 931 dirigeretur,
1604 875 1698 915 rex
1742 860 1923 931 justus
1974 860 2069 915 da-

502 965 592 1010 tus
616 961 723 1007 est.

580 1046 741 1103 Vens.
767 1047 823 1103 9.
863 1065 882 1097 ι
921 1045 1171 1101 Mulieres
1203 1045 1423 1110 divites,
1457 1046 1681 1115 surgite,
1697 1054 1752 1100 et
1780 1044 1962 1098 audite
1980 1058 2071 1099 vo-

504 1158 621 1198 cem
673 1154 886 1195 meam-z
925 1141 1068 1205 ﬁlim,
1101 1142 1152 1193 in
1184 1156 1277 1209 spe
1306 1140 1488 1196 audite
1534 1154 1810 1194 sermones
1842 1153 2005 1191 meos.
2046 1159 2063 1191 ι

506 1234 659 1288 Nunc
715 1235 990 1303 proponit,
1046 1234 1110 1286 ad
1170 1234 1461 1304 lacrymas,
1520 1232 1699 1286 ﬂetum
1756 1240 1812 1284 et
1870 1231 2067 1286 luctum

502 1342 798 1397 provocare
844 1342 975 1389 eos,
1021 1328 1162 1395 quod
1215 1342 1280 1381 ex
1326 1342 1423 1380 sua
1480 1340 1606 1397 erga
1665 1324 1831 1380 Deum
1860 1324 2068 1387 ,incre-

504 1422 735 1477 dulitate
783 1436 811 1473 a
854 1419 949 1473 Dei
998 1420 1168 1489 gratia
1225 1418 1526 1474 exciderint
1580 1433 1596 1471 :
1642 1430 1829 1471 eorum
1888 1424 2067 1469 autem

503 1513 777 1568 emollitos
803 1522 858 1566 et
886 1511 1225 1566 effeminatos
1252 1511 1461 1565 animos
1510 1511 1843 1578 vituperans,
1876 1506 2069 1562 mulie-

503 1621 591 1660 res
624 1613 917 1675 nuncupat.
952 1605 1121 1658 Aiunt
1151 1618 1311 1672 porro
1366 1603 1467 1657 hac
1502 1602 1783 1671 prophetia
1834 1614 2066 1671 synago-

504 1714 600 1768 gas
650 1699 886 1768 ipsorum
936 1698 1183 1753 indicari.
1217 1696 1474 1750 Hortatur
1508 1696 1688 1763 itaque
1738 1693 1879 1757 illos,
1912 1704 1972 1747 ut
2001 1707 2067 1747 ne

502 1792 698 1860 supine
728 1801 782 1846 et
819 1789 1187 1860 perfunctorie
1232 1784 1390 1843 dictis
1424 1788 1740 1851 attendant;
1773 1785 1865 1840 sed
1892 1786 2065 1855 pervi-

507 1883 598 1951 gili
626 1890 679 1937 et
702 1883 999 1951 composito
1029 1882 1227 1936 animo.
1259 1879 1515 1935 Fortasse
1542 1878 1769 1943 dixeris,
1789 1892 1885 1947 per
1918 1878 2063 1947 prio-

500 1989 586 2029 res
616 1975 731 2030 illas
748 1973 1001 2029 mulieres
1026 1973 1318 2042 significari
1346 1973 1558 2041 priscos
1588 1970 1705 2025 illos
1749 1971 2054 2025 Juda'orum

504 2078 825 2129 conventus.
859 2082 921 2122 ac
960 2067 1359 2121 multitudinem
1406 2066 1477 2119 ibi
1503 2074 1919 2134 congregatam;
1968 2077 2065 2132 per

500 2162 636 2217 ﬁlias
664 2177 812 2225 vero,
848 2161 1234 2230 posterioribus
1268 2159 1595 2229 temporibus
1623 2158 1946 2223 nascituras,
1969 2171 2062 2210 eo-

499 2266 617 2307 rum
645 2266 967 2323 synagogas.

569 2523 732 2579 Vsns.
765 2522 853 2578 ιθ.
891 2541 909 2574 ι
953 2521 1063 2577 Diei
1098 2521 1224 2575 anni
1255 2519 1569 2575 memoriam
1602 2517 1761 2572 facite
1786 2518 1838 2571 in
1870 2515 2060 2572 dolore

496 2629 619 2668 cum
651 2628 745 2684 spe
772 2631 785 2666 :
820 2624 1142 2683 consumpta
1168 2621 1250 2668 est
1271 2611 1565 2675 vindemia,
1590 2611 1821 2666 cessavit
1850 2625 2059 2673 semen,

496 2716 547 2759 et
578 2721 680 2760 non
708 2705 940 2776 amplius
985 2705 1191 2761 veniet.
1235 2723 1254 2757 ι
1299 2704 1511 2758 Annum
1555 2718 1719 2772 porro
1755 2715 1909 2759 vocat
1937 2717 2063 2772 pro-

497 2793 742 2861 pheticus
772 2808 973 2856 sermo,
1008 2802 1220 2862 tempus
1249 2793 1647 2863 praedicationis
1695 2793 2015 2863 evangelica:
2038 2831 2055 2857 ,

495 2897 602 2949 quo
629 2880 877 2936 Salvator
902 2890 960 2936 et
1009 2881 1268 2935 Dominus
1316 2888 1520 2943 noster,
1572 2894 1693 2934 cum
1750 2877 2058 2934 hominibus

494 2988 718 3027 versans
741 2981 795 3027 et
811 2972 1010 3028 docens
1027 2972 1356 3039 praedicavit.
1380 2970 1435 3025 id
1457 2986 1584 3028 vero
1607 2972 1845 3025 declarat
1866 2970 2059 3026 deinde

493 3076 617 3119 cum
651 3078 713 3117 ex
744 3077 975 3131 persona
1003 3063 1096 3118 Dei
1134 3064 1211 3117 sic
1238 3062 1473 3131 loquitur
1500 3080 1515 3116 :
1546 3080 1565 3114 ι
1593 3061 1824 3131 Spiritus
1846 3059 2053 3115 Domini
2083 3086 2123 3144 ο

494 3168 656 3222 super
690 3168 793 3219 me,
822 3169 887 3206 eo
921 3155 1063 3223 quod
1115 3154 1331 3208 unxerit
1362 3168 1465 3218 me,
1513 3152 1893 3224 evangelizare
1923 3166 2057 3221 pau-

493 3246 715 3315 periius
755 3246 1038 3309 misitme;
1077 3245 1369 3313 praedicare
1398 3245 1630 3315 captivis
1655 3244 2055 3307 dimissionem,

492 3345 548 3391 et
580 3336 738 3391 caecis
774 3336 920 3390 visus
977 3336 1411 3403 restitutionem,
1466 3351 1662 3393 vocare
1708 3352 1909 3392 annum
1953 3336 2056 3392 Do-

494 3430 625 3484 mini
660 3429 1046 3498 acceptabilem
1089 3431 1154 3484 ".
1190 3448 1210 3482 ι

564 3522 730 3576 Vens.
766 3520 853 3575 ll.
898 3539 916 3573 ι
973 3521 1382 3592 ΟΙιειυρρεοίιθ,
1435 3521 1825 3577 contristemini
1889 3524 2055 3578 conﬁ-

492 3612 701 3679 dentes,
755 3613 935 3667 exuite
986 3628 1101 3679 vos,
1144 3613 1302 3668 nudae
1329 3622 1539 3669 estote:
1589 3614 1852 3684 accingite
1885 3616 2055 3670 saccis

491 3703 702 3760 lumbos
734 3712 961 3760 vestros.
1003 3723 1021 3755 ι
1047 3704 1165 3771 Illa,
1195 3704 1388 3773 inquit,
1421 3720 1540 3774 qua:
1560 3706 1854 3761 secundum
1888 3706 2051 3761 Deum

492 3803 595 3858 est,
632 3795 848 3849 tristitia
873 3809 966 3849 vos
993 3804 1338 3864 compungat,
1368 3804 1422 3847 et
1475 3810 1505 3848 a
1542 3796 1769 3865 pristina
1803 3798 2054 3852 incredu-

491 3884 645 3939 litate
672 3884 952 3948 discedite,
1005 3882 1443 3952 pmniteutizeque
1495 3899 1591 3938 vos
1635 3886 1778 3941 date.
1809 3884 1943 3941 Nam
1990 3904 2052 3944 ea

490 3991 613 4045 quae
645 3974 938 4029 secundum
981 3972 1150 4028 Deum
1179 3983 1265 4028 est
1306 3973 1548 4039 tristitia,
1577 3976 1950 4044 paenitentiam
1985 3982 2052 4036 ad

489 4067 723 4124 salutem
756 4065 881 4121 nulli
910 4064 1238 4135 paenitentia:
1265 4066 1576 4134 obnoxiam,
1608 4076 1885 4138 operatur.

560 4159 725 4215 Vens.
765 4159 856 4225 ιε,
893 4160 979 4213 l3.
1012 4176 1032 4211 ι
1061 4158 1128 4213 Ει
1156 4173 1319 4229 super
1357 4174 1620 4215 mammas
1675 4161 1885 4217 tundite
1913 4177 2009 4218 vos
2033 4203 2049 4228 ,

489 4260 711 4323 propter
732 4265 919 4320 agrum
952 4248 1226 4314 desiderii,
1246 4259 1300 4305 et
1318 4251 1529 4305 vineam
1555 4250 1847 4320 germinis:
1906 4262 2049 4310 terra

490 4342 671 4413 populi
691 4342 816 4407 mei,
839 4344 993 4411 spina
1018 4352 1073 4397 et
1098 4343 1276 4397 fenum
1294 4340 1551 4410 proferet,
1572 4352 1627 4398 et
1646 4358 1715 4399 ex
1729 4345 1873 4400 omni
1893 4344 2051 4400 domo

2172 488 2269 553 τὰς
2298 490 2475 559 ψυχάς
2498 492 2802 557 ταπεινούς.

2244 597 2263 630 ι
2303 580 2366 631 Ol
2402 579 2459 632 δὲ
2499 581 2738 645 εὐσεϐεῖς
2779 582 2973 636 συνετά
3008 582 3431 638 ἐϐουλεύσαντο·
3472 584 3563 637 καὶ
3595 584 3734 655 αῦτη

2171 671 2204 742 ἡ
2239 671 2399 743 βουλὴ
2425 676 2594 743 μενεῖ.
2632 692 2650 725 ι
2680 677 2757 727 Δι’
2780 668 2855 729 ὧν
2880 678 3232 748 σημαίνονται
3255 678 3303 730 οἰ
3335 676 3618 731 ἀπόστολοι
3643 679 3737 732 τοῦ

2172 764 2424 835 Σωτῆρος
2458 765 2615 835 ήμῶν
2647 768 2726 829 εἰς
2755 766 2853 835 τὴν
2887 767 3059 839 ἀρχὴν
3098 770 3196 839 τῆς
3245 769 3517 841 σωτηρίας
3546 770 3735 835 αὑτοῦ,

2171 854 2264 907 καὶ
2290 854 2371 908 τὸ¹
2394 855 2643 927 ἡγεῖσθαι
2678 856 2867 926 αὐτῆς,
2907 857 3111 923 δίκαιος
3137 858 3427 931 δεδώρηται
3463 860 3734 929 βασιλεύς.

2246 1058 2264 1090 ι
2297 1040 2556 1103 Γυναῖκες
2590 1040 2859 1105 πλούσιαι,
2893 1041 3179 1114 ἀνάστητε,
3214 1043 3308 1097 καὶ
3344 1043 3609 1097 ἀκούσατε
3637 1042 3737 1112 τῆς

2171 1133 2354 1205 φωνῆς
2383 1152 2481 1206 μου
2502 1152 2515 1165 ·
2548 1134 2862 1209 Θυγατέρες,
2894 1137 2981 1191 ἐπ’
3010 1137 3183 1190 ἑλπίδι
3212 1138 3476 1191 ἀκούσατε
3498 1139 3623 1201 τοὺς
3651 1137 3739 1190 λό-

2170 1243 2298 1294 γους
2326 1245 2445 1297 μου.
2491 1248 2509 1280 ι
2548 1227 2644 1281 Διὰ
2677 1230 2783 1282 τῶν
2817 1229 3193 1301 προκειμένων
3227 1232 3534 1301 προσφωνεῖ
3559 1246 3739 1300 παρα-

2169 1319 2518 1390 κελευόμενος
2560 1321 2949 1374 ἀποκλαίεσθαι
2999 1323 3094 1375 καί
3139 1322 3432 1375 κόπτεσθαι
3475 1322 3567 1375 καὶ
3604 1321 3739 1393 θρη-

2168 1408 2298 1475 νείᾯ,
2335 1412 2411 1475 ὡς
2439 1411 2505 1466 ἂν
2537 1413 2818 1466 ἐκπέσοιεν
2840 1413 2940 1484 τῆς
2967 1413 3060 1467 τοῦ
3084 1413 3218 1467 Θεοῦ
3260 1414 3478 1485 χάριτος
3516 1413 3603 1467 διὰ
3634 1414 3736 1484 τὴν

2167 1504 2247 1566 εἰς
2273 1504 2363 1557 τὸν
2388 1503 2521 1557 Θεὸν
2544 1505 2799 1558 ἀπιστίαν
2826 1505 3004 1558 αὐτῶν
3023 1523 3036 1535 ο
3069 1505 3364 1558 διαϐάλλων
3397 1506 3452 1558 δὲ
3486 1505 3547 1558 τὸ
3573 1506 3736 1559 ἀναν-

2165 1593 2289 1665 δρον
2313 1595 2411 1666 τῆς
2437 1594 2613 1665 ψυχῆς
2650 1595 2830 1648 αὐτῶν
2855 1597 2949 1649 καὶ
2978 1597 3039 1649 τὸ
3063 1595 3444 1667 τεθηλυμένον,
3473 1599 3738 1665 γυναῖκας

2168 1686 2365 1749 αὐτοὺς
2389 1686 2672 1739 ἀποκαλεῖ.
2704 1688 2840 1741 Φασὶ
2867 1688 2924 1741 δὲ
2955 1687 3052 1751 τὰς
3083 1688 3402 1757 συναγωγὰς
3430 1686 3606 1741 αὐτῶν
3634 1687 3734 1758 δη·-

2097 1751 2137 1806 B
2166 1777 2387 1831 λοῦσθαι
2412 1778 2498 1832 διὰ
2527 1778 2627 1849 τῆς
2651 1779 3087 1851 φασκούσηςβθ)
3115 1751 3466 1851 προέρητείας.
3485 1751 3737 1851 Παρακεο

2165 1870 2377 1924 λεύεται
2404 1872 2582 1924 τοίνυν
2614 1874 2641 1925 6
2669 1871 2824 1941 λόγος
2850 1873 3032 1936 αὐτοῖς
3063 1873 3137 1943 μὴ
3181 1872 3406 1936 ὑπτίως,
3441 1872 3572 1942 μηδὲ
3594 1888 3736 1941 παρ-

2165 1963 2343 2035 έργως
2401 1963 2687 2034 προσέχειν
2746 1966 2859 2028 τοῖς
2909 1965 3254 2035 λεγομένοις,
3300 1961 3737 2035 διεγηγερμένως

2162 2055 2218 2108 δὲ
2248 2056 2340 2108 καὶ
2368 2056 2835 2127 συντεταγμένως.
2864 2056 3051 2120 Εἴποις
3082 2057 3126 2109 δ’
3155 2056 3221 2109 ἂν
3259 2054 3358 2119 τὰς
3390 2055 3486 2125 μὲν
3512 2053 3735 2125 πρώτας

2162 2149 2423 2215 γυναῖκας
2472 2146 2757 2218 σημαίνειν
2800 2147 2899 2211 τὰς
2942 2149 3033 2201 ἐπὶ
3083 2149 3190 2201 τῶν
3234 2148 3478 2202 παλαιῶν
3525 2147 3735 2219 χρόνων

2163 2237 2315 2308 παρὰ
2364 2237 2635 2302 Ἰουδαίοις
2680 2238 2963 2303 συνόδους,
2994 2240 3087 2291 καὶ
3116 2238 3183 2291 τὰ
3227 2239 3400 2309 πλήθη
3442 2239 3509 2292 τὰ
3545 2241 3601 2291 ὲν
3636 2239 3737 2291 αύ-

2160 2332 2271 2392 τοῖς
2303 2329 2642 2401 συναγόμενα
2662 2347 2675 2361 ’
2706 2330 2803 2394 τάς
2842 2331 2898 2384 δὲ
2931 2330 3229 2403 θυγατέρας
3262 2331 3319 2383 έν
3341 2333 3453 2395 τοῖς
3481 2330 3735 2402 ὑστέροις

2161 2421 2372 2493 χρόνοις
2400 2422 2864 2493 ὑποστησομένας,
2905 2421 3003 2485 τὰς
3032 2422 3209 2476 αὐτῶν
3244 2423 3583 2491 συναγωγάς.
3688 2424 3693 2427 ⁷

2236 2534 2255 2565 ι
2317 2514 2558 2585 Ἡμέρας
2596 2512 2840 2567 ἐνιαυτοῦ
2890 2514 3074 2585 μνείαν
3118 2515 3412 2586 ποιήσασθε
3456 2516 3514 2567 ὲν
3565 2513 3727 2586 ὀδύνῃ

2163 2606 2280 2675 μετ’
2327 2605 2573 2668 ὲλπίδος’
2621 2606 2892 2677 ἀνήλωται
2946 2608 2975 2659 6
3021 2606 3319 2678 τρύγητος,
3370 2606 3640 2660 πέπαυται
3702 2609 3729 2660 6

2162 2695 2381 2767 σπόρος,
2421 2696 2516 2749 καὶ
2557 2695 2738 2749 οὐκέτι
2769 2695 2843 2766 μὴ
2870 2696 3018 2767 ἔλθῃ.
3052 2717 3070 2747 ι
3118 2696 3390 2749 Ἐνιαυτὸν
3421 2696 3479 2749 δὲ
3508 2697 3661 2749 καλεῖ
3697 2697 3727 2751 ό

2161 2787 2493 2857 προφητικὸς
2534 2788 2689 2857 λόγος
2731 2788 2823 2840 τὸν
2859 2788 3049 2859 χρόνον
3098 2788 3190 2842 τοῦ
3236 2789 3583 2861 κηρύγματος
3631 2786 3729 2843 τοῦ

2160 2876 2536 2946 εὐαγγελικοῦ,
2564 2877 2684 2931 καθ’
2717 2877 2775 2931 ὃν
2805 2880 2833 2931 ό
2855 2878 3042 2950 Σωτὴρ
3068 2882 3162 2933 καὶ
3184 2878 3387 2952 Κύριος
3417 2880 3573 2952 ήμῶν
3606 2897 3723 2933 συν-

2157 2967 2233 3021 ὼν
2269 2970 2576 3040 ἀνθρώποις
2616 2970 2845 3043 ἐκήρυξε
2886 2971 3167 3025 διδάσκων.
3220 2972 3329 3025 Kal.
3376 2972 3534 3026 τοῦτο
3575 2972 3726 3042 δηλοῖ

2158 3058 2267 3113 ἀπὸ
2320 3060 2415 3113 τοῦ
2450 3060 2575 3131 ἑξῆς
2632 3063 2696 3115 ἐκ
2756 3060 3043 3134 προσώπου
3108 3064 3200 3117 τοῦ
3254 3063 3387 3117 Θεοῦ
3446 3064 3717 3133 λέγεσθαιο

2161 3169 2181 3204 ι
2226 3151 2450 3223 Πνεῦμα
2489 3152 2693 3226 Κυρίου
2742 3155 2829 3207 ἐπ’
2886 3155 2983 3225 ἐμὲ
3012 3194 3028 3219 ,
3075 3148 3135 3208 οῦ
3176 3156 3379 3209 εἵνεκεν
3418 3156 3601 3229 ἔχρισέ
3632 3176 3723 3229 με,

2154 3242 2608 3311 εὐαγγελίσασθαι
2668 3244 2898 3314 πτωχοῖς
2952 3242 3257 3298 ἀπέσταλκέ
3329 3263 3431 3316 με,
3486 3247 3723 3318 κηρύξαι

2154 3333 2518 3404 αἰχμαλώτοις
2551 3336 2743 3403 ἀφεσιν
2768 3373 2781 3397 ,
2819 3333 2912 3386 καὶ
2940 3333 3156 3402 τυφλοῖς
3198 3334 3511 3405 ἀνάϐλεψιν,
3560 3338 3729 3391 καλέ-

2156 3441 2244 3477 σαι
2279 3425 2525 3479 ένιαυτὸν
2558 3425 2761 3497 Κυρίου
2793 3425 2996 3479 δεκτόν.
3037 3444 3056 3477 ι

2228 3534 2249 3567 ι
2286 3517 2589 3585 Ἔκστητε,
2633 3514 2908 3585 λυπήθητε
2949 3516 3005 3589 αἰ
3041 3514 3370 3579 πεποιθυῖαι,
3401 3516 3727 3586 ὲκδύσασθε,

2152 3608 2357 3677 γυμναὶ
2393 3606 2643 3675 γένεσθε’
2690 3604 3062 3677 περιζώσασθε
3110 3608 3345 3673 σάκκους
3381 3611 3480 3672 τὰς
3514 3610 3730 3678 ὀσφύας

2154 3699 2329 3769 ὑμῶν.
2379 3718 2398 3751 ι
2446 3698 2718 3767 Ἀψάσθω,
2746 3699 2927 3769 φησὶν,
2959 3699 3111 3770 ὑμῶν
3147 3701 3180 3771 ἡ
3212 3701 3352 3754 κατά
3384 3701 3515 3756 Θεὸν
3553 3702 3725 3776 λύπη,

2152 3791 2362 3862 καὶτῆς
2389 3788 2660 3862 προτέρας
2684 3792 2939 3855 ἀπιστίας
2970 3790 3195 3863 ἔκστητε
3222 3794 3495 3848 ἐπιδοῦναι
3522 3796 3719 3861 ἑαυτὰς

2151 3885 2230 3947 εἰς
2255 3883 2562 3953 μετάνοιαν.
2602 3884 2665 3937 Ἥ
2699 3884 2807 3956 γὰρ
2830 3884 2973 3938 κατὰ
2998 3885 3130 3939 Θεὸν
3156 3886 3299 3957 λύπη
3335 3888 3619 3958 μετάνοιαν
3642 3891 3728 3953 εἰς

2154 3976 2426 4048 σωτηρίαν
2453 3976 2866 4048 ἀμεταμέλητον
2890 3978 3302 4050 κατεργάζεται.

2227 4177 2245 4212 ι
2282 4159 2393 4214 Καὶ
2421 4160 2514 4215 ἐπὶ
2542 4160 2651 4216 τῶν
2676 4161 2894 4233 μαστῶν
2935 4163 3219 4225 κόπτεσθε,
3248 4164 3375 4235 περί
3404 4162 3573 4237 ἀγροῦ
3600 4166 3725 4217 ἑπι-

2152 4250 2296 4324 θυμή
2306 4270 2493 4323 ματος,
2524 4255 2617 4307 καὶ
2643 4254 2884 4325 ἀμπέλου
2914 4256 3271 4326 γεννήματος.
3312 4257 3374 4309 Ἠ
3389 4257 3458 4327 γῆ
3481 4256 3572 4309 τοῦ
3588 4257 3723 4311 λαοῦ

2155 4360 2277 4413 μου,
2305 4345 2516 4399 ἄκανθα
2559 4345 2655 4399 καὶ
2701 4346 2891 4417 χόρτος
2929 4346 3279 4417 ἀναϐήσεται,
3319 4348 3411 4401 καὶ
3448 4350 3510 4400 ὲκ
3542 4348 3724 4419 πάσης

488 4432 676 4487 laetitia
710 4432 1007 4488 auferetur.
1048 4452 1066 4484 ι
1103 4432 1159 4487 ld
1195 4447 1323 4487 vero
1346 4434 1597 4501 superius
1625 4436 1936 4492 declarabat
1966 4438 2052 4494 liis

2158 4434 2328 4496 οἰκίας
2360 4434 2662 4505 εὐφροσύνη
2700 4434 3016 4505 ἀρθήσεται.
3056 4454 3074 4486 ›
3120 4435 3289 4489 Τοῦτο
3324 4437 3379 4489 δὲ
3417 4436 3600 4508 ἐδήλου
3632 4437 3725 4490 διά

488 4525 690 4590 verbis,
723 4543 742 4576 ι
780 4525 845 4580 Ει
875 4526 1176 4594 exspectavi
1214 4534 1270 4579 ut
1297 4525 1501 4581 faceret
1547 4543 1727 4592 uvam,
1771 4528 1899 4584 fecit
1948 4546 2048 4584 au-

489 4623 597 4669 tem
625 4615 830 4683 spinas,
869 4633 888 4668 ι
916 4630 1050 4684 quas
1075 4615 1259 4683 spinas
1288 4629 1407 4669 mox
1439 4617 1721 4684 explicans
1746 4619 1823 4673 ait
1848 4636 1863 4674 :
1893 4636 1911 4670 ι
1939 4620 2045 4674 Ex-

489 4706 727 4775 spectavi
756 4716 814 4760 ut
850 4705 1054 4761 faceret
1087 4705 1373 4775 judicium,
1405 4706 1533 4760 fecit
1582 4718 1760 4764 autem
1792 4710 2048 4778 iniquita-

491 4808 639 4865 tem;
667 4807 721 4854 et
743 4814 848 4854 non
876 4798 1165 4867 justitiam,
1193 4799 1285 4853 sed
1329 4799 1639 4855 clamorem.
1680 4819 1698 4852 ι
1732 4800 1805 4857 De
1838 4801 1922 4857 bis
1954 4802 2050 4857 ita-

489 4906 595 4961 que
624 4891 893 4960 planctum
935 4894 1097 4948 edere
1116 4891 1363 4957 iubebat,
1398 4893 1630 4948 maxime
1654 4894 1723 4949 ob
1752 4894 2048 4952 intentatas

490 4984 687 5041 minas.

560 5074 721 5133 Vens.
756 5075 839 5130 M.
882 5094 901 5128 ι
928 5076 1067 5132 Urbs
1107 5076 1378 5146 cpulctita,
1409 5075 1602 5131 domus
1636 5077 1935 5144 derelicta),
1962 5078 2047 5134 di-

488 5164 647 5220 vitias
676 5169 909 5225 civitatis
952 5167 1273 5238 relinquent,
1321 5167 1509 5223 domos
1556 5168 1957 5223 desiderabiles.
1986 5169 2050 5223 Et

488 5264 650 5310 erunt
700 5256 823 5329 p'agi
873 5262 1141 5329 spelunca:
1190 5274 1364 5328 usque
1420 5259 1471 5313 in
1520 5260 1796 5325 saeculum,
1865 5260 2049 5315 laetitia

490 5362 833 5417 onagrorum,
880 5368 1073 5421 pascua
1108 5362 1405 5422 pastorum.
1432 5369 1450 5403 ι
1486 5350 1618 5417 Quis
1665 5350 1904 5405 advenas
1931 5365 2049 5405 cer-

491 5452 625 5493 nens
656 5437 1037 5512 Hierosolyma:
1066 5442 1267 5497 incolas
1287 5481 1301 5505 ,
1334 5442 1587 5511 ipsosque
1617 5441 1925 5497 idololatras
1955 5456 2047 5495 va-

493 5527 589 5583 riis
638 5544 706 5584 ex
761 5531 1009 5597 gentibus
1055 5540 1438 5603 congregatos,
1492 5547 1599 5587 non
1650 5532 1842 5588 merito
1876 5531 2044 5599 dicat,

559 5618 606 5651 ³³
642 5620 743 5678 lsa.
768 5635 880 5689 ut,
916 5622 966 5676 l.

561 5733 678 5802 (39)
719 5734 881 5791 Forte
909 5734 1011 5804 leg.
1049 5752 1344 5805 παρουσης.
1390 5736 1545 5791 lion.

2155 4525 2262 4579 τῶν
2285 4525 2590 4596 ἔμπροσθεν
2620 4524 2787 4578 εἰπών
2806 4542 2819 4555 ·
2850 4544 2869 4577 ι
2898 4526 3005 4579 Καὶ
3035 4525 3222 4596 ἔμεινα
3255 4528 3340 4581 ἵνα
3370 4531 3570 4600 ποιήσῃ
3593 4545 3723 4581 στα-

2154 4615 2343 4687 φυλὴν,
2380 4616 2598 4686 ἐποίησε
2628 4616 2684 4669 δὲ
2730 4616 2999 4680 ἀκάνθαςο
3047 4636 3066 4669 ›
3110 4619 3203 4671 καὶ
3243 4619 3439 4683 ταύτας
3492 4620 3719 4694 διερμη-

2153 4708 2317 4761 νεύων
2361 4710 2604 4779 ἐπήγαγε
2631 4709 2801 4778 λέγων
2823 4727 2835 4739 ⁸
2872 4729 2891 4762 ι
2921 4711 3147 4780 Ἔμεινα
3172 4712 3257 4764 ἵνα
3278 4716 3475 4785 ποιήσῃ
3517 4714 3721 4784 κρίσιν,

2152 4800 2373 4872 ἐποίησε
2402 4800 2459 4852 δὲ
2484 4800 2733 4871 ἀνομίαν,
2764 4802 2855 4854 καὶ
2898 4802 2959 4854 οὐ
2981 4801 3344 4873 δικαιοσύνην,
3372 4802 3505 4857 ἀλλὰ
3542 4821 3719 4875 κραυ-

2152 4893 2273 4962 γήν.
2319 4910 2336 4942 ι
2405 4892 2525 4944 Ἐπὶ
2564 4893 2772 4957 τούτοις
2822 4893 3108 4965 τοιγαροῦν
3150 4895 3439 4948 κόπτεσθαι
3482 4913 3722 4965 παρεκε-

2150 4982 2352 5045 λεύετο,
2378 4983 2472 5035 καὶ
2497 4984 2725 5054 μάλιστα
2746 4983 2832 5037 διὰ
2854 4985 2951 5054 τὴν
2973 4985 3369 5056 ἐπιφερομένην
3395 4984 3643 5055 ἀπειλήν,

2226 5095 2245 5127 ι
2274 5076 2433 5140 Πόλις
2453 5077 2702 5143 πλουσία,
2726 5073 2865 5130 οἶκοι
2883 5076 3431 5147 ὲγκαταλελειμμένοι
3453 5115 3467 5139 ,
3488 5076 3721 5131 πλοῦτον

2154 5168 2359 5231 πόλεως
2387 5169 2703 5240 ἀςρήσουσιν,
2732 5170 2913 5233 οἴκους
2947 5168 3333 5240 ἐπιθυμητούς.
3366 5168 3475 5221 Kal.
3506 5167 3719 5221 ἔσονται

2153 5258 2210 5310 αἰ
2237 5258 2415 5329 κῶμαι
2451 5260 2689 5331 σπήλαια
2721 5261 2825 5324 ἕως
2855 5260 2948 5313 τοῦ
2991 5260 3203 5323 αἰῶνος,
3240 5257 3541 5329 εὐφροσύνη
3583 5258 3721 5310 ὄνων

2152 5349 2376 5421 ἀγρίων,
2410 5350 2726 5422 βοσκήματα
2756 5353 3042 5423 ποιμένων.
3068 5370 3086 5404 ι
3118 5351 3212 5414 Τίς
3240 5349 3315 5413 δὲ,
3348 5350 3489 5421 ὁρῶν
3539 5350 3722 5420 μετοί-

2151 5458 2279 5505 κους
2321 5443 2517 5517 ἄνδρας
2559 5445 2838 5510 οἰκοῦντας
2882 5444 2978 5516 τήν
3017 5441 3390 5515 Ἰερουσαλήμ,
3432 5441 3718 5496 εἰδωλολά-

2150 5549 2283 5605 τρας
2326 5551 2384 5587 τε
2436 5536 2499 5589 ὲκ
2561 5536 2828 5607 διαφόρων
2880 5535 3044 5591 ἐθνῶν
3098 5533 3572 5605 συνειλεγμένους,
3617 5534 3722 5589 οὐκ
