4072 6194
257 234 393 330 ἐει

1208 268 1705 327 COMMENTARIA
1738 268 1808 324 IN
1845 268 2097 325 ISAIAM.
2140 300 2205 312 —-
2243 266 2399 326 CAP.
2434 267 2651 325 XXXII.

3421 275 3527 331 52?.

297 394 363 450 ἂν
416 394 665 461 εὐλόγως
721 392 854 445 εἴποι
912 389 1067 453 ὅνους
1120 388 1375 462 ἀγρίους,
1433 390 1527 444 καὶ
1587 390 1842 461 διαφόρου

1945 439 1947 449 λ
1977 404 2206 460 onagros
2227 389 2577 459 diversosque
2600 403 2789 460 greges
2805 388 2974 457 ipsam
2995 388 3304 459 depascere?
3324 392 3524 458 Quam-

294 487 507 554 ἀγέλας
558 479 978 538 καταϐόσκεσθαι
1024 480 1217 551 αὑτήν.
1264 483 1355 535 Διὸ
1397 482 1674 535 λέλεκται·
1715 500 1733 532 ι
1762 483 1868 536 E6-

1973 481 2157 536 obrem
2207 481 2398 536 dicitur
2433 498 2447 535 :
2480 498 2499 532 ι
2530 479 2737 534 Laztitia
2794 492 3143 549 ouagrorum,
3183 494 3379 549 pascua
3429 497 3549 550 pa--

297 577 552 649 φροσύνη
596 576 725 627 ὄνων
766 574 989 644 ἀγρίων,
1032 574 1351 645 βοσκήματα
1391 575 1721 645 ποιμένων.»
1770 577 1845 628 Διέ

1973 584 2240 641 sror-um.)
2294 573 2414 628 Ideo
2459 572 2728 640 planctum
2783 585 3033 642 magnum
3094 585 3192 627 vos
3237 572 3400 629 edere
3442 574 3530 642 ju-

302 669 481 723 ταῦτα
535 666 804 736 τοιγαροῦν
849 665 1180 737 προσέταξεν
1224 667 1350 737 ὑμῖν
1382 666 1410 720 6
1449 667 1604 735 λόγος
1652 669 1867 741 ἰσχυρὸν
1904 680 1909 684 ’

309 760 569 815 ποιεῖσθαι
613 759 856 821 κοπετὸν,
906 757 1001 811 καὶ
1048 757 1127 829 τῷ
1168 758 1347 829 θρήνῳ
1388 758 1722 830 παραμένειν
1775 760 1866 813 ἐπὶ

307 853 571 907 τοσοῦτον.

380 964 401 997 ι
433 946 565 1007 Ἕως
596 942 663 997 ἄν
691 943 913 996 ἐπέλθοι
945 942 1030 1012 ἐφ’
1055 943 1198 1013 ὑμᾶς
1230 941 1451 1013 Πνεῦμα
1482 941 1577 1012 ἀφ’
1601 942 1857 1013 ὑψηλοῦ.»

303 1037 462 1090 Τοῦτο
483 1036 537 1088 δὲ
576 1030 644 1104 ἦν
680 1036 813 1106 περὶ
857 1030 919 1088 οῦ
950 1034 1186 1103 ἔφασκεν
1219 1035 1248 1087 6
1275 1035 1495 1105 Σωτήρ
1538 1052 1555 1085 ι
1593 1034 1720 1088 Ἰδοὺ
1751 1033 1862 1103 ἐγὼ

295 1128 614 1197 ἀπέρχομαι,
658 1127 753 1178 καὶ
790 1124 1073 1178 ἀποστελῶ
1110 1125 1237 1195 ὑμῖν
1268 1124 1357 1177 τὸν
1395 1123 1766 1195 Παράκλητον,
1799 1124 1860 1177 τὸ

290 1216 506 1286 Πνεῦμα
547 1217 651 1286 τῆς
698 1215 957 1285 ἀληθείας
976 1230 989 1242 ’
1018 1232 1035 1265 ι
1072 1215 1163 1267 καὶ
1193 1213 1383 1267 πάλινο
1430 1234 1450 1265 ‹
1481 1214 1624 1278 Ἕως
1651 1214 1718 1267 ἂν
1761 1212 1856 1269 λά-

288 1310 411 1379 ϐητε
453 1308 512 1373 ἐξ
543 1308 716 1377 ὕψους
748 1308 994 1377 δύναμιν.
1022 1325 1040 1358 ι
1081 1307 1229 1359 Ἐπεὶ
1256 1306 1430 1359 τοίνυν
1470 1324 1487 1356 ι
1510 1306 1781 1377 Μακάριοι
1807 1306 1855 1359 οἱ

287 1399 627 1462 πενθοῦντες,
655 1400 738 1451 ὅτι
769 1396 1295 1469 παρακληθήσονται,
1326 1417 1343 1449 ι
1380 1396 1495 1460 καὶ,
1525 1414 1543 1446 ι
1580 1396 1853 1467 Μακάριοι

285 1494 327 1544 οἱ
352 1491 650 1555 κλαίοντες,
678 1490 759 1543 ὅτι
794 1489 1130 1558 γελάσουσιν·
1167 1507 1187 1540 ι
1226 1488 1449 1551 εἰκότως
1472 1489 1590 1551 ταῖς
1622 1487 1853 1559 προλεχ-

286 1580 517 1643 θείσαις,
546 1580 602 1633 αἶ
649 1579 733 1633 διὰ
782 1579 979 1649 θρήνου
1019 1580 1111 1632 καὶ
1168 1578 1446 1648 κλαυθμοῦ
1488 1579 1582 1631 καὶ
1621 1578 1849 1632 κοπετοῦ

285 1672 386 1741 τὴν
420 1670 707 1741 μετάνοιαν
732 1668 1074 1733 ἐνεδείξαντο.
1100 1666 1425 1737 ἐπαγγελίαν
1460 1667 1671 1721 δίδωσιν
1708 1667 1848 1737 ἀγα-

291 1763 393 1833 θὴν
423 1763 524 1833 τὴν
546 1761 633 1815 διὰ
656 1761 746 1813 τοῦ
772 1760 906 1814 Πνεύ
915 1778 1103 1832 ματος.

372 1872 394 1905 ι
427 1856 539 1908 Καὶ
570 1853 715 1907 ἔσται
760 1853 957 1924 ἔρημος
1002 1854 1030 1906 6
1063 1851 1298 1923 Χερμὲλ.
1346 1851 1438 1905 καὶ
1469 1851 1497 1903 6
1530 1850 1744 1922 Χερμὲλ
1780 1851 1858 1916 είς

298 1943 503 2015 δρυμὸν
533 1943 891 2013 λογισθήσεται
912 1959 924 1973 ³
957 1942 1051 1996 καὶ
1078 1942 1447 1996 ἀναπαύσεται
1480 1942 1537 1995 ὲν
1568 1945 1632 2015 τῇ
1668 1944 1857 2015 ἐρήμῳ

301 2037 497 2105 κρῖμα,
527 2036 615 2088 καὶ
640 2034 938 2105 δικαιοσύνη
970 2035 1029 2087 ὲν
1064 2033 1140 2104 τῷ
1169 2034 1449 2106 Καρμήλῳ
1483 2036 1813 2107 κατοικήσει.
1831 2053 1849 2087 ι

296 2126 524 2188 Λίϐανος
551 2128 645 2196 μὲν
675 2126 732 2179 τὸ
768 2126 894 2197 ὅρος
918 2126 979 2179 τὸ
1025 2126 1116 2179 ἐπὶ
1155 2126 1253 2197 τῆς
1296 2126 1545 2196 Φοινίκης
1575 2125 1760 2196 ἐδήλου
1786 2127 1854 2181 τὰ

291 2217 450 2287 ἔθνη⁸
500 2218 789 2288 Κάρμηλος
840 2217 898 2270 δὲ
952 2216 1011 2270 τὸ
1064 2216 1188 2287 ὅρος
1241 2217 1302 2269 τὸ
1356 2216 1460 2269 ὑπὸ
1497 2216 1764 2281 Ἰουδαίοις
1796 2215 1854 2270 ὃν

284 2306 545 2378 πρότερον
570 2306 660 2359 τὸν
690 2308 756 2359 ὲκ
786 2306 1085 2377 περιτομῆς
1110 2307 1257 2370 λαὸν,
1282 2307 1402 2361 ὅθεν
1434 2308 1527 2362 καὶ
1558 2310 1851 2383 ἑρμηνεύε-

280 2413 369 2450 ται
400 2400 428 2449 ὁ
458 2396 692 2468 Χερμὲλ,
719 2397 915 2468 δηλαδὴ
948 2396 1253 2469 Κάρμηλος,
1294 2417 1312 2449 ι
1346 2399 1670 2470 Ἐπίγνωσις
1699 2421 1853 2475 περι-

278 2491 468 2557 τομῆς.
498 2508 517 2539 ι
576 2489 678 2541 Τὸν
742 2489 970 2543 Λίϐανον
1021 2489 1217 2553 τοίνυν,
1270 2489 1360 2543 τὸν
1412 2490 1705 2560 ἀλλόφυλον
1761 2495 1852 2547 καὶ

277 2579 538 2649 ἁλλογενῆ
572 2580 720 2644 λαὸν,
754 2580 845 2634 τὸν
875 2579 932 2645 ἐξ
976 2579 1142 2634 ὲθνῶν
1176 2580 1601 2651 μεταϐληθέντα,
1635 2583 1851 2638 ἔσεσθαί

281 2688 463 2740 gnava,
486 2674 667 2734 ὁποῖος
700 2668 768 2741 ἦν
796 2672 824 2724 6
858 2670 1022 2723 πάλαι
1050 2670 1206 2742 παρὰ
1233 2670 1310 2742 τῷ
1346 2670 1463 2740 Θεῷ
1491 2673 1850 2743 τετιμημένος

277 2760 401 2825 λαὸς
446 2765 475 2815 6
518 2765 583 2817 ὲκ
618 2763 948 2834 περιτομῆςο
1000 2761 1159 2815 αὐτὸν
1205 2762 1261 2816 δὲ
1312 2762 1402 2815 τὸν
1452 2765 1516 2815 ἐκ
1553 2764 1849 2835 περιτομῆς

275 2853 424 2917 λαὸν,
454 2854 673 2924 Χερμὲλ
702 2854 736 2924 ἢ
770 2853 1062 2927 Κάρμηλον
1101 2853 1514 2925 ὀνομαζόμενον,
1544 2856 1621 2918 είς
1648 2855 1847 2927 δρυμὸν

275 2943 707 3013 λογισθήσεσθαι.
738 2944 906 2996 Τοῦτο
932 2944 1109 2997 τοίνυν
1141 2945 1235 2997 καὶ
1267 2946 1323 2997 έν
1352 2947 1463 3007 τοῖς
1495 2944 1632 3015 μετά
1659 2948 1845 3016 χεῖρας

275 3036 537 3106 σημαίνει
565 3036 781 3105 φάσκων
812 3037 840 3087 6
862 3036 1013 3104 λόγος
1055 3036 1195 3090 κατά
1216 3036 1305 3089 τὸν
1337 3036 1655 3107 Σύμμαχον·
1694 3056 1710 3088 ι
1736 3037 1844 3091 Καὶ

274 3130 429 3181 ἔσται
463 3130 495 3199 ή
525 3128 721 3199 ἕρημος
765 3129 845 3191 είς
885 3128 1205 3199 Κάρμηλον·
1239 3147 1257 3180 ι
1296 3128 1371 3191 ὡς
1408 3128 1516 3199 γάρ
1546 3130 1661 3181 ἐκεῖ
1686 3129 1714 3181 6
1750 3129 1844 3182 Λί-

274 3220 437 3282 ϐανος
468 3222 551 3282 είς
595 3219 890 3291 Κάρμηλον
939 3218 1152 3287 ἐλέγετο
1195 3218 1641 3289 μεταϐάλλεσθαι,
1674 3219 1842 3284 οὕτως

272 3311 508 3364 ἐνταῦθα
553 3313 586 3381 ή
633 3310 857 3382 ἔρημος,
886 3311 973 3364 ἵνα
1089 3309 1283 3364 ταύτὸν
1326 3310 1419 3363 καὶ
1454 3308 1661 3381 ἔρημος
1691 3310 1719 3362 6
1750 3311 1843 3363 Λί-

273 3402 465 3467 ϐανος,
512 3403 654 3456 οὕτω
695 3401 1030 3473 δηλουμένης
1060 3402 1158 3472 τῆς
1192 3400 1249 3466 ἐξ
1291 3399 1458 3454 ἐθνῶν
1483 3399 1838 3472 Ἐκκλησίας,

272 3494 391 3562 ἥτις
444 3491 842 3562 μεταϐέϐληται
892 3493 970 3554 εἰς
1020 3491 1332 3562 Κάρμηλον.
1364 3491 1571 3561 ’Ὠσπερ
1620 3491 1727 3562 γὰρ
1772 3487 1839 3563 ἦν

277 3585 442 3637 πάλαι
473 3584 737 3655 πρότερον
776 3603 794 3633 ι
825 3583 981 3654 μερὶς
1008 3582 1213 3654 Κυρίου
1259 3582 1383 3646 λαὸς
1424 3582 1584 3636 αὐτοῦ
1624 3583 1835 3647 Ἰακὼϐ,

277 3675 560 3743 σιοίνισμα
597 3674 954 3745 κληρονομίας
998 3672 1161 3727 αὐτοῦ
1203 3673 1446 3745 Ἰσραήλ’
1478 3692 1496 3724 ι
1534 3675 1562 3727 6
1588 3691 1645 3726 τε
1689 3674 1839 3745 Κάρ-

278 3767 445 3836 μηλος
482 3761 552 3837 ἦν
581 3767 872 3834 ἐπίγνωσιν
903 3766 1037 3836 ἔχων
1068 3764 1196 3837 περὶ
1223 3764 1450 3835 ταύτης·
1486 3766 1657 3830 οὕτως
1686 3767 1714 3818 6
1742 3765 1835 3819 Λί-

268 3862 432 3922 ϐανος
479 3862 576 3913 καὶ
609 3862 643 3931 ή
688 3859 854 3913 πάλαι
898 3859 1117 3931 ἔρημος,
1147 3860 1239 3913 ἐπὶ
1283 3858 1343 3912 τὸ
1389 3862 1628 3931 κρεῖττον
1671 3877 1833 3929 μετα-

269 3952 543 4015 ϐαλοῦσα,
579 3953 769 4020 γέγονε
819 3952 974 4023 μερὶς
1031 3951 1126 4006 τοῦ
1177 3950 1345 4005 Θεοῦ·
1387 3953 1461 4016 ὡς
1498 3947 1564 4005 αὖ
1611 3951 1771 4005 πάλιν
1806 3951 1834 4003 6

270 4042 571 4113 Κάρμηλος
624 4045 705 4105 είς
757 4043 959 4114 δρυμὸν
994 4042 1280 4112 ἐλογίσθη.
1328 4043 1541 4114 Δρυμὺς
1602 4042 1658 4095 δέ
1716 4043 1832 4095 ἐστι

270 4136 468 4204 χωρίον
501 4134 683 4203 φυτῶν
749 4135 953 4205 ἀγρίων
998 4135 1090 4189 καὶ¹
1147 4135 1411 4206 ἀκάρπων
1470 4134 1704 4204 πλῆρες
1753 4133 1832 4186 διὸ

272 4227 501 4297 σύνηθες
547 4229 614 4296 τῇ
648 4226 764 4297 θείᾳ
806 4227 992 4298 Γραφῇ
1037 4226 1105 4280 τά
1148 4226 1275 4298 ἔθνη
1322 4225 1391 4279 τὰ
1433 4225 1522 4279 τὸν
1557 4224 1687 4277 Θεὸν
1732 4224 1830 4277 οὐκ

270 4319 478 4383 εἰδότα,
524 4318 729 4389 δρυμὸν
752 4315 1069 4390 ὀνομάζειν,
1114 4319 1189 4382 ὠς
1238 4316 1495 4380 πολλάκις
1545 4315 1826 4384 ἀπεδείξα-

269 4426 393 4477 μεν.

262 4588 363 4642 καὶ
410 4589 675 4660 κρατήσει
714 4591 747 4659 ή
775 4588 1085 4659 δικαιοσύνη
1125 4588 1449 4650 ἀνάπαυσιν,
1494 4590 1588 4642 καὶ
1640 4606 1829 4643 πεποι-

259 4680 418 4744 θότες
452 4682 556 4744 ἕως
583 4680 675 4733 τοῦ
710 4681 924 4745 αἰῶνος.
958 4681 1067 4734 Καὶ
1096 4681 1407 4751 κατοικήσει
1439 4682 1466 4733 6
1504 4680 1630 4746 λαὸς
1669 4683 1830 4737 αὑτοῦ

260 4774 323 4825 ἐν
355 4774 509 4827 πόλει
542 4775 783 4843 εἰρήνης,
818 4774 911 4827 καὶ
939 4772 1203 4844 ἐνοικήσει
1236 4772 1527 4838 πεποιθὼς,
1561 4776 1656 4828 καὶ
1699 4776 1830 4830 ἀνα-

261 4866 571 4919 παύσονται
615 4864 749 4935 μετά
788 4863 1039 4916 πλούτου.
1064 4882 1082 4914 ι
1139 4863 1280 4916 Ἀντί¹
1306 4862 1413 4934 γὰρ
1453 4864 1551 4934 τῆς
1579 4863 1831 4936 καθαιρε-

259 4956 456 5027 θείσης
486 4957 690 5019 πόλεως
721 4955 822 5026 τῆς
853 4954 1091 5026 μεγάλης
1123 4956 1333 5025 ἐκείνης
1375 4955 1466 5009 καὶ
1494 4955 1826 5027 γαυριώσης,

252 5051 459 5119 ἑτέραν
497 5048 578 5119 τῷ
616 5047 735 5118 Θεῷ
783 5046 1143 5118 συστήσεσθαι
1176 5047 1350 5109 πόλιν,
1380 5046 1479 5117 τὴν
1519 5047 1627 5099 ἀπὸ
1660 5048 1829 5117 περά-

248 5160 371 5195 των
402 5144 508 5205 ἓως
547 5142 799 5213 περάτων
832 5139 1118 5210 καθολικὴν
1158 5139 1498 5213 Ἐκκλησίαν,
1528 5140 1621 5192 καὶ
1664 5138 1726 5191 τὸ
1769 5140 1827 5193 ὲν

246 5238 401 5308 αὐτῇ
459 5237 787 5307 πολίτευμα,
840 5235 1104 5299 θεσπίζει.
1155 5234 1377 5288 Βέϐαιον
1422 5235 1531 5305 γὰρ
1583 5234 1692 5287 τῶν
1744 5234 1825 5297 είς

247 5332 392 5387 Θεὸν
419 5330 861 5385 πεπιστευκότων
884 5329 947 5382 τὺ
977 5328 1249 5400 φρόνημα.
1284 5328 1443 5381 Πόλιν
1474 5327 1695 5399 εἰρήνης
1723 5328 1823 5399 τὴν

248 5427 313 5480 ἑν
380 5428 499 5491 τοῖς
561 5426 807 5496 οὐρανοῖς
858 5423 1037 5492 λέγει·
1090 5441 1108 5473 ι
1167 5422 1232 5473 ’11
1287 5419 1393 5491 γὰρ
1452 5420 1585 5484 ἄνω,
1662 5422 1824 5491 φησὶ,

260 5518 628 5591 Ἰερουσαλὴμ
657 5515 915 5587 ἐλευθέρα
954 5515 1088 5582 ἐστὶ,
1134 5514 1316 5587 μήτηρ
1358 5512 1571 5567 πάντων
1611 5511 1820 5583 ήμῶν.»

322 5700 369 5734 ’⁸
395 5699 559 5756 Joan.
599 5714 690 5763 xv,
717 5696 803 5749 26.
884 5696 925 5727 ³⁸
954 5695 1062 5749 Luc
1112 5709 1177 5748 xx
1210 5707 1262 5756 v,
1298 5690 1385 5746 49.
1462 5691 1505 5723 ³⁵
1534 5688 1721 5745 Mattb.
1758 5687 1870 5754 v,5.

1974 668 2083 733 bet,
2118 665 2245 720 etin
2280 665 2423 720 luctu
2459 677 2821 734 perseverare.

2038 931 2201 989 Vens.
2234 932 2321 987 15.
2360 950 2379 983 ι
2398 933 2577 988 Donec
2598 934 2781 987 veniat
2809 933 2859 987 in
2890 948 2986 987 vos
3007 932 3242 1001 Spiritus
3264 946 3329 987 ex
3353 933 3484 989 alto.
3500 953 3518 987 ι

1968 1021 2056 1076 Ille
2110 1032 2285 1076 autem
2346 1031 2463 1076 erat
2515 1023 2583 1077 de
2640 1037 2746 1091 quo
2804 1022 3053 1077 Salvator
3094 1024 3207 1078 hac
3254 1024 3520 1093 protulit:

1972 1133 1990 1165 ι
2020 1114 2161 1169 Ecce
2186 1128 2284 1183 ego
2312 1116 2470 1175 vado,
2516 1122 2569 1169 et
2598 1115 2805 1167 mittam
2830 1115 2980 1169 vobis
3012 1114 3367 1179 Paracletum,
3397 1116 3521 1185 Spi-

1963 1206 2125 1260 ritum
2159 1205 2502 1269 veritatis”;
2537 1224 2555 1256 ι
2590 1205 2896 1274 iterumque
2927 1223 2985 1259 ιι
3015 1205 3195 1261 Donec
3238 1208 3520 1276 accipiatis

1961 1301 2214 1355 virtutem
2268 1314 2332 1355 ex
2387 1301 2496 1355 alto
2515 1300 2580 1354 “.
2613 1318 2632 1352 ι
2689 1300 2824 1367 Quia
2873 1301 3037 1371 igitur
3090 1319 3108 1352 ι
3141 1301 3287 1356 Beati
3319 1303 3407 1372 qui
3441 1303 3521 1356 lu-

1960 1403 2108 1463 gent,
2134 1394 2389 1463 quoniam
2413 1392 2857 1457 consolabuntur,
2884 1412 2903 1446 ι
2935 1403 3010 1459 et,
3041 1412 3059 1444 ι
3084 1393 3230 1449 Beati
3254 1395 3343 1464 qui
3371 1394 3519 1463 ﬂeuit,

1959 1486 2214 1555 quoniam
2262 1484 2606 1553 ridebunt";
2642 1503 2659 1537 ι
2684 1485 2806 1555 jure
2858 1485 3128 1554 praedictis
3185 1485 3518 1552 mulieribus,

1957 1592 2076 1646 qua:
2100 1576 2248 1642 ﬂetu,
2281 1577 2536 1649 lacrymis
2594 1586 2651 1632 et
2680 1579 2895 1647 planctu
2930 1576 3302 1647 paenitentiam
3330 1578 3519 1647 praefe-

1958 1667 2168 1732 rebant,
2195 1667 2604 1736 promissionem
2653 1668 2865 1723 confert
2902 1668 3096 1723 bonam
3125 1681 3222 1737 per
3259 1666 3517 1737 Spiritum

1884 1745 1928 1802 Β
1957 1758 2306 1813 aﬂ‘erendam.

2026 1850 2189 1905 Vens.
2223 1849 2311 1903 16.
2353 1866 2373 1900 ι
2404 1848 2472 1903 Et
2502 1848 2609 1903 erit
2648 1848 2921 1903 desertum
2948 1847 3223 1915 Chermel,
3260 1858 3317 1903 et
3342 1848 3512 1903 Cber-

1956 1941 2061 1997 mel
2109 1942 2160 1996 in
2213 1941 2409 1997 saltum
2463 1941 2930 2009 reputabitur:et
2984 1940 3292 2010 requiescet
3322 1940 3375 1994 in
3411 1942 3505 1995 de-

1954 2045 2101 2090 serto
2134 2034 2414 2105 judicium,
2445 2031 2497 2087 et
2522 2033 2735 2101 iustitia
2781 2033 2836 2087 in
2882 2033 3130 2088 Carmelo
3180 2033 3463 2089 habitabit.
3488 2052 3505 2085 ι

1956 2128 2195 2183 Libanus
2221 2141 2376 2181 mons
2411 2124 2700 2180 Phoenicia!
2738 2124 3046 2191 imminens,
3074 2134 3264 2194 gentes
3304 2123 3512 2194 siguill-

1954 2218 2130 2282 cabat,
2167 2215 2449 2271 Carmelus
2494 2225 2675 2269 autem
2718 2229 2896 2278 muns,
2934 2214 3029 2284 qui
3054 2214 3282 2270 antehac
3306 2212 3516 2269 Judazo-
3578 2256 3583 2261 .

1953 2326 2071 2364 rum
2101 2318 2241 2371 erat,
2272 2306 2526 2377 populum
2554 2320 2623 2361 ex
2650 2305 3070 2360 circumcisione
3101 2322 3113 2358 :
3140 2305 3285 2361 unde
3341 2304 3510 2360 Cher-

1952 2400 2078 2464 mel,
2106 2400 2219 2455 sive
2244 2398 2547 2456 Carmelus.
2577 2398 2647 2451 ita
2675 2396 2905 2450 vertitur
2936 2412 2950 2450 :
2974 2396 3214 2467 Cogm‘tio
3242 2398 3512 2451 circumci-

1949 2492 2134 2546 siom‘s.
2175 2489 2437 2544 Libanum
2470 2503 2618 2559 ergo,
2651 2487 2903 2542 videlicet
2935 2488 3293 2558 alienigenam
3319 2498 3375 2543 et
3412 2505 3507 2545 ex-

1952 2592 2195 2636 traneum
2245 2579 2497 2650 populum
2553 2593 2619 2633 ex
2668 2578 2918 2646 gentibus
2963 2594 3308 2645 conversum,
3348 2582 3506 2635 talem

1947 2672 2181 2726 futurum
2230 2672 2324 2734 ait,
2375 2669 2548 2738 qualis
2584 2678 2701 2723 erat
2729 2669 2819 2724 ille
2851 2669 2981 2725 olim
3037 2669 3261 2739 populus
3305 2685 3371 2724 ex
3405 2672 3511 2725 cir-

1947 2762 2295 2824 cumcisione,
2325 2762 2463 2830 apud
2499 2760 2664 2817 Deum
2691 2759 3009 2825 honoratus,
3042 2760 3216 2830 ipsum
3248 2775 3377 2816 vero
3420 2778 3507 2831 po-

1946 2854 2127 2925 pulum
2154 2868 2220 2909 ex
2240 2852 2672 2917 circumcisione,
2704 2852 2792 2920 qui
2827 2852 3074 2907 Chermel
3109 2864 3201 2907 aut
3227 2853 3507 2909 Carmelus

1945 2946 2158 3008 dicitur,
2194 2945 2247 2999 in
2274 2944 2467 3000 saltum
2503 2944 2857 3015 reputandum
2888 2943 3018 2997 fore.
3041 2943 3192 3010 Quod
3228 2944 3398 3013 ipsum
3427 2946 3507 3000 iu-

1945 3036 2087 3090 dicat
2128 3036 2412 3105 przesentis
2442 3034 2544 3090 loci
2605 3034 2976 3102 interpretatio
3032 3036 3325 3090 secundum
3355 3034 3509 3106 Syra:

1949 3130 2346 3198 machum,qu:e
2364 3128 2443 3183 sic
2470 3127 2633 3182 habet
2660 3143 2676 3182 :
2703 3127 2798 3182 «Et
2812 3126 2917 3182 erit
2939 3127 3202 3182 desertum
3224 3129 3276 3183 in
3296 3130 3508 3183 Canne-

1948 3219 2078 3275 lum.
2094 3219 2580 3287 iQuemadmodum
2608 3218 2751 3275 enim
2772 3218 2841 3273 ibi
2872 3218 3109 3275 Libauus
3136 3220 3188 3273 iu
3209 3219 3503 3275 Curmelum

1946 3311 2237 3363 vertendus
2277 3309 2593 3374 dicebatur;
2622 3306 2701 3362 sic
2738 3316 2793 3361 et
2821 3308 2923 3362 hoc
2952 3306 3071 3363 loco
3112 3309 3409 3374 desertum;
3446 3319 3506 3365 ut

1946 3401 2085 3456 idem
2110 3403 2182 3457 sit
2210 3402 2354 3470 quod
2398 3401 2671 3455 desertum
2694 3398 2952 3463 Libanus,
2976 3416 3081 3469 quo
3107 3400 3370 3455 iudicatur
3401 3401 3501 3457 Ec-

1945 3491 2107 3546 clesia
2150 3506 2215 3544 ex
2266 3490 2537 3559 gentibus,
2584 3503 2702 3557 quae
2734 3497 2938 3542 mutata
2967 3499 3052 3544 est
3084 3489 3135 3543 in
3170 3489 3496 3547 Carmelum.

1943 3582 2404 3650 Quemadmodum
2450 3580 2594 3635 enim
2656 3580 2808 3649 prius
2856 3588 2974 3632 erat
3009 3597 3027 3630 ι
3058 3580 3236 3649 portio
3290 3582 3500 3637 Domini

1954 3672 2179 3743 populus
2231 3669 2348 3740 ejus
2395 3670 2564 3726 Jacob
2594 3709 2611 3734 ,
2670 3669 2937 3724 funiculus
3000 3669 3332 3726 hereditatis
3383 3672 3500 3740 ejus

1942 3763 2103 3818 lsrael
2134 3763 2204 3827 “,
2262 3780 2281 3814 ι
2314 3772 2370 3817 et
2397 3760 2675 3817 Carmelus
2721 3761 2774 3814 in
2805 3760 3162 3830 cognitionem
3193 3761 3310 3831 ejus
3338 3776 3500 3817 vene-

1942 3865 2057 3919 rat;
2087 3852 2166 3909 sic
2191 3860 2247 3908 et
2273 3851 2529 3918 Libanus,
2556 3860 2611 3907 et
2638 3851 2768 3906 illud
2821 3849 2949 3905 olim
2994 3850 3263 3905 desertum
3296 3851 3348 3906 in
3381 3868 3497 3907 me—

1937 3947 2123 4002 liorem
2168 3945 2531 4001 conditionem
2589 3952 2874 4009 mutatum,
2927 3943 3125 3998 factum
3177 3954 3262 3999 est
3323 3947 3499 4015 portio

1938 4036 2061 4102 Dei;
2101 4048 2159 4092 ut
2184 4052 2213 4093 e
2240 4036 2510 4092 contrario
2548 4033 2824 4091 Carmelus
2855 4034 2909 4088 in
2966 4034 3161 4090 saltum
3217 4047 3497 4103 reputatus

1937 4140 2039 4184 est.
2078 4128 2260 4183 Saltus
2295 4144 2455 4198 porro
2484 4127 2634 4181 locus
2663 4136 2744 4181 est
2784 4127 3087 4196 agrestibus
3122 4138 3174 4182 et
3202 4129 3497 4184 infructuo-

1935 4221 2010 4274 sis
2050 4218 2333 4274 arboribus
2371 4219 2609 4286 repletus
2638 4228 3006 4288 :quapropter
3049 4234 3164 4275 mos
3215 4231 3301 4276 est
3342 4220 3491 4276 Scri-

1935 4320 2101 4377 ptura!
2126 4310 2323 4364 divina:
2353 4319 2563 4380 gentes,
2592 4324 2712 4379 quae
2736 4308 2900 4364 Deum
2934 4326 3040 4366 non
3074 4324 3296 4379 norunt,
3328 4312 3496 4373 Saltus

1863 4429 1905 4484 υ
1935 4419 2267 4475 nuncupare,
2301 4417 2359 4458 ut
2385 4404 2700 4475 plerumque
2734 4407 3302 4463 commonetrarimus.

343 4516 364 4549 ι
402 4497 515 4551 Καὶ
575 4495 725 4548 ἔσται
769 4496 838 4550 τὰ
881 4496 1017 4569 ἔργα
1061 4497 1157 4568 τῆς
1202 4495 1541 4567 δικαιοσύνης
1605 4497 1830 4569 είρήνη,
1895 4501 1908 4514 ’

2006 4497 2162 4551 Vsus.
2198 4498 2283 4563 17,
2316 4496 2403 4552 18.
2437 4513 2457 4547 ι
2484 4496 2552 4550 Ει
2598 4504 2757 4551 erunt
2807 4512 2969 4566 opera
3022 4496 3244 4564 iustitia:
3277 4513 3403 4566 pax,
3437 4510 3493 4555 et

1929 4588 2194 4643 obtinebit
2244 4586 2450 4655 iustitia
2502 4587 2770 4656 requiem,
2827 4598 2882 4643 et
2932 4588 3272 4644 conﬁdentes
3332 4603 3491 4646 erunt

1928 4696 2097 4750 usque
2141 4680 2193 4735 in
2245 4689 2526 4736 aeternum.
2576 4680 2643 4735 Et
2700 4681 2966 4736 habitabit
3022 4680 3249 4751 populus
3290 4683 3406 4749 eius
3436 4685 3491 4745 in

1929 4775 2063 4829 urbe
2088 4775 2258 4844 pacis,
2283 4782 2339 4829 et
2368 4772 2691 4829 inbabitabit
2729 4773 3030 4837 conﬁdens,
3063 4786 3119 4829 et
3145 4776 3488 4844 requiescent

1920 4878 2053 4937 .cum
2086 4865 2307 4919 divitiis.
2339 4881 2360 4916 ι
2390 4862 2520 4919 Nam
2564 4879 2662 4935 pro
2694 4879 2885 4935 magna
2921 4874 2977 4919 et
3005 4865 3336 4934 tripudlaute
3358 4867 3491 4923 urbe

1926 4953 2038 5023 jam
2100 4956 2299 5018 deleta,
2354 4956 2511 5009 aliam
2585 4957 2695 5012 Deo
2769 4960 3201 5015 constituendam
3264 4962 3488 5028 urbem,

1931 5046 2046 5101 sive
2114 5048 2436 5102 catholicam
2506 5047 2842 5111 Ecclesiam.
2904 5066 2935 5105 a
3004 5053 3253 5109 terminis
3316 5069 3492 5123 usque

1930 5141 1996 5195 ad
2045 5142 2303 5197 terminos
2341 5151 2496 5201 terra:
2553 5144 2965 5214 pertingentem,
3016 5157 3072 5201 et
3124 5147 3268 5217 pium
3313 5148 3365 5202 in
3399 5149 3489 5205 illa

1928 5235 2050 5289 vita:
2093 5234 2433 5301 institutum,
2497 5236 2836 5295 vaticinatur.
2911 5238 3091 5292 Firma
3161 5239 3357 5309 quippe
3405 5251 3491 5297 est

1926 5341 2136 5392 eorum,
2193 5327 2283 5397 qui
2337 5328 2392 5382 in
2447 5328 2611 5382 Deum
2652 5330 2899 5396 credunt,
2950 5344 3102 5386 mens
3155 5341 3209 5387 et
3273 5344 3487 5389 senten-

1930 5421 2020 5473 tia.
2052 5418 2342 5475 Civitatem
2372 5420 2521 5487 pacis
2559 5430 2718 5475 vocat
2757 5419 2902 5475 illam
2937 5438 3059 5492 quae
3092 5423 3145 5479 iu
3177 5425 3332 5480 caelis
3362 5437 3482 5482 est:

1927 5528 2045 5567 nam
2078 5530 2098 5564 ι
2129 5512 2236 5577 illa,
2277 5512 2473 5581 inquit,
2497 5526 2615 5578 qua:
2638 5526 2850 5569 sursum
2879 5525 2965 5571 est
2991 5513 3314 5584 Jerusalem,
3349 5516 3484 5574 libe-

1979 5687 2020 5718 ³⁸
2046 5687 2199 5741 Deut.
2233 5700 2403 5753 xxxu,
2435 5686 2488 5741 9.
