4072 6194
534 273 655 329 σεε·

1235 255 1505 317 susum
1540 251 2012 313 CESARIENSIS
2047 250 2197 308 OPP.
2237 246 2420 304 mas
2456 242 2548 303 ιιι.
2578 218 2656 285 ’-
2691 233 3103 297 exessum.

3659 222 3768 275 324

542 406 602 445 ra
630 393 732 449 est,
767 389 941 438 mater
970 377 1233 436 omnium.
1265 384 1511 430 nostrum
1534 371 1599 424 ".
1625 387 1643 421 ι
1682 368 1879 424 Urbem
1923 377 2099 421 autem
2129 416 2133 426 ,

2231 362 2361 414 Ιόλιν
2388 361 2444 413 δὲ
2484 354 2814 430 ἀμεριμνίας
2858 348 2954 403 καὶ¹
3003 345 3103 407 τὰς
3147 338 3431 411 διαφόρους
3474 334 3615 403 λέγει
3664 348 3765 402 μο-

541 474 850 534 securitatis
877 479 1037 526 vocat
1064 468 1248 523 varias
1272 466 1396 521 illas
1433 462 1742 518 mansiones
1769 477 1783 513 :
1812 474 1935 513 nam
1963 458 2102 527 apud

543 572 782 633 Patrem,
823 564 999 635 inquit
1014 562 1083 630 ⁸⁸,
1126 560 1442 616 mansiones
1476 554 1693 620 multae,
1731 566 1851 622 qua:
1890 551 2104 605 divitias

548 675 821 733 nunquam
866 653 1182 726 expilandas
1218 658 1459 707 servant.
1510 644 1721 702 Etenim
1765 663 1785 696 ι
1818 635 2105 697 Tliesauri-
2141 688 2153 699 .

546 766 690 819 zate,
738 750 912 822 inquit
943 749 1011 814 ",
1052 745 1143 801 ubi
1186 758 1286 800 nec
1333 754 1534 812 aerugo,
1580 752 1680 793 nec
1734 736 1878 791 tinea
1925 735 2109 790 demo-

548 848 697 913 litur,
730 857 903 914 neque
929 840 1079 895 fures
1099 835 1366 892 eﬁ‘odiunt
1386 842 1443 888 et
1472 832 1744 886 furantur.
1770 845 1789 880 ι

621 938 786 993 Vens.
839 935 927 1001 l9,
962 933 1054 988 20.
1092 949 1110 983 ι
1141 928 1365 986 Grando
1409 934 1588 979 autem
1650 921 1695 977 si
1741 917 2106 984 descenderit,

545 1047 657 1088 non
688 1030 753 1084 ad
785 1042 880 1085 vos
911 1026 1110 1081 veniet.
1142 1022 1207 1093 Et
1237 1026 1399 1075 erunt
1447 1017 1539 1086 qui
1580 1012 1828 1068 habitant
1872 1009 1925 1065 in
1960 1007 2111 1063 salti-

552 1126 654 1180 bus
683 1120 1039 1181 conﬁdentes,
1070 1116 1210 1172 sicut
1238 1112 1329 1182 qui
1364 1111 1415 1164 in
1446 1107 1687 1177 planitie.
1727 1104 1876 1159 Beati
1902 1101 1993 1171 qui
2026 1114 2112 1156 se-

553 1219 762 1273 mlnant
790 1226 952 1281 super
982 1221 1195 1263 omnem
1224 1216 1440 1274 aquam,
1477 1198 1565 1254 ubi
1592 1198 1691 1252 bos
1717 1204 1771 1250 et
1797 1194 1980 1248 asinus
2001 1190 2114 1248 cal-

544 1321 746 1365 cant.»
806 1306 905 1360 llic
964 1302 1148 1357 beatos
1200 1295 1455 1368 prmdicat
1501 1289 1774 1361 apostolos
1816 1284 2115 1342 Salvatoris

555 1402 750 1466 nostri,
780 1408 836 1455 et
865 1396 1071 1468 primos
1097 1386 1370 1459 Evangelii
1395 1395 1691 1456 praecones,
1717 1378 1808 1449 qui
1830 1385 1886 1433 et
1915 1374 2115 1430 Judaeis

555 1506 615 1553 et
646 1467 1279 1558 Graecisrprzedicarunt,
1322 1494 1385 1534 ac
1434 1489 1617 1532 semen
1668 1485 1823 1528 suum
1862 1467 2116 1538 conjece-

557 1595 687 1644 runt
726 1585 780 1639 in
830 1594 1045 1637 omnem
1081 1574 1376 1639 hominem,
1409 1569 1651 1625 Judaeum
1695 1564 1893 1635 primo,
1923 1558 2120 1617 deinde

548 1681 805 1738 Graecum
829 1692 844 1727 :
871 1675 967 1729 bos
990 1671 1154 1735 enim,
1178 1674 1362 1735 utpote
1385 1662 1640 1718 mundum
1659 1650 2120 1723 animal,populus

559 1790 625 1833 ex
657 1765 1092 1829 circumcisione,
1127 1767 1340 1829 patrum
1382 1766 1603 1809 suorum
1649 1761 1833 1811 causa,
1860 1752 2118 1807 vocatur;

2231 1728 2345 1790 τοὺς
2390 1723 2632 1795 πατέρας
2647 1758 2663 1785 ,

559 1866 746 1921 asinus
766 1867 966 1924 autem,
982 1860 1167 1927 utpote
1186 1850 1453 1918 impurus,
1472 1844 1666 1899 dicitur
1694 1838 1921 1911 populus
1944 1850 2013 1891 ex
2037 1848 2126 1904 pa-

555 1954 734 2011 tribus
756 1925 1059 2008 idololatris:
1082 1935 1690 2015 progenitus.Quoniam
1736 1932 1900 2001 igitur
1942 1929 1997 1983 in
2033 1925 2128 1981 Iu-

560 2046 705 2102 daeos
720 2037 1183 2115 primum,deinde
1212 2033 1265 2088 in
1294 2030 1514 2087 Gmcos
1545 2024 1912 2094 evangelicum
1940 2034 2126 2077 semen

559 2110 787 2211 apostoli
835 2129 1131 2189 Salvatoris
1170 2123 1341 2181 nostri
1364 2120 1668 2191 iaciebant;
1706 2116 1836 2185 iure
1879 2110 2123 2166 dicitur:

466 2268 469 2269 ν
562 2206 806 2287 (Beatus
822 2228 912 2298 qui
932 2224 1164 2282 seminat
1190 2233 1353 2289 super
1363 2229 1577 2273 omnem
1604 2224 1818 2281 aquam,
1839 2206 1926 2262 ubi
1954 2206 2053 2261 bos
2072 2215 2128 2260 et

563 2328 746 2382 asinus
776 2323 1002 2379 calcant.
1036 2337 1055 2370 ι
1090 2316 1187 2371 ilic
1232 2327 1396 2385 porro
1448 2323 1546 2380 per
1573 2312 1783 2378 ;aquam
1822 2301 2129 2359 subindicat

565 2420 802 2476 divinam
836 2414 1194 2485 Scripturam,
1223 2405 1397 2477 quazla
1426 2401 1732 2459 Judaaorum
1760 2405 1816 2454 et
1847 2394 2127 2467 gentilium

565 2512 761 2584 p0pulo
796 2509 1052 2571 calcatur.

1073 2593 1302 2654 CAPUT
1340 2588 1585 2648 XXXIII.

638 2698 805 2754 Vens.
842 2697 897 2752 Ι.
931 2710 952 2746 t
982 2692 1071 2749 Vm
1112 2691 1181 2747 iis
1225 2687 1319 2759 qui
1356 2699 1455 2741 vos
1495 2682 1723 2738 miseros
1770 2676 1994 2743 faciunt,
2034 2674 2132 2731 sed

570 2805 730 2847 nemo
761 2802 858 2845 vos
888 2787 1119 2843 miseros
1150 2781 1320 2838 facit:
1348 2788 1404 2834 et
1432 2777 1524 2847 qui
1570 2773 1821 2844 reprobat
1862 2783 1983 2836 vos,
2026 2781 2132 2822 non

571 2878 1177 2953 reprobat:capientur
1217 2869 1573 2943 reprobantes
1622 2876 1677 2922 et
1722 2863 2022 2929 tradentur,
2079 2870 2135 2915 et

569 2971 727 3043 quasi
760 2971 903 3025 tinea
950 2970 1004 3023 in
1054 2965 1398 3028 vestimento,
1435 2961 1513 3016 sic
1542 2958 1955 3028 superabuntur.
1985 2974 2005 3011 ›
2041 2952 2136 3011 llis

2201 456 2298 518 νάς
2318 471 2329 482 ’
2363 426 2554 505 πολλαλ.
2598 426 2726 518 γὰρ,
2754 444 2907 515 φησι,
2946 437 3106 512 μοναὶ
3134 432 3289 505 παρά
3318 428 3397 500 τῷ
3441 426 3609 497 Πατρί
3640 436 3762 495 μου,

2203 547 2381 617 ἔχουσι
2421 541 2480 596 δὲ
2525 542 2621 594 καὶ
2649 517 2739 593 τδν
2771 533 3013 588 ’πλοῦτον
3059 530 3149 582 τὸν
3199 524 3411 581 ἄσυλον.
3451 540 3469 571 ι
3502 517 3768 588 Θησαυρί-

2204 606 2326 702 ζετε
2394 633 2503 703 γάρ
2537 672 2552 695 ,
2625 627 2811 699 φησιν,
2880 625 3012 677 ὃπου
3087 619 3184 689 σὴς
3238 615 3334 669 καὶ
3399 609 3599 682 βρῶσις
3672 606 3773 658 οὐκ

2205 687 2489 797 Zama-:1;
2527 687 2651 774 οὐδέ
2688 687 2922 770 ’κλέπται
2974 687 3316 783 διορύσσουσι
3354 703 3449 756 καὶ
3504 697 3773 753 κλέπτου-
3798 687 3813 715 θ

2209 835 2314 872 σιν.
2348 835 2367 868 ι

2282 928 2300 961 ι
2344 908 2409 960 Ἡ
2439 904 2498 958 δὲ
2528 898 2759 973 χάλαζα,
2797 896 2892 950 ἐὰν
2927 892 3158 963 καταϐῇ,
3194 888 3293 942 οὐκ
3336 886 3420 954 ἐφ’
3447 882 3593 953 ὑμᾶς
3632 878 3778 949 ἥξει.

2208 999 2317 1052 Καὶ
2358 995 2568 1048 ἔσονται
2600 991 2650 1043 oi
2685 984 3015 1045 ἐνοικοῦντες
3061 982 3118 1034 ἐν
3160 978 3272 1041 τοῖς
3314 974 3534 1046 δρυμοῖς
3588 986 3783 1022 πεποι-

2211 1089 2390 1152 θότες,
2428 1085 2504 1149 ὡς
2535 1084 2585 1137 οί
2622 1084 2678 1136 ἐν
2720 1082 2787 1151 τῇ
2819 1075 3025 1145 πεδινῇ.
3058 1069 3331 1139 Μακάριοι
3369 1067 3417 1140 οἱ
3466 1062 3781 1132 σπείροντες

2213 1181 2305 1233 ἐπὶ
2468 1175 2633 1244 ὕδωρ,
2658 1163 2720 1225 οῦ
2756 1150 2882 1241 βοῦς
2912 1165 3007 1219 καὶ
3049 1163 3170 1225 ὄνος
3216 1159 3395 1213 πατεῖ.
3424 1176 3441 1208 ι
3479 1150 3780 1223 Μακαρίζει

2210 1270 2269 1323 δὲ
2304 1268 2392 1323 διὰ
2421 1241 2624 1319 τούτων
2655 1263 2781 1324 τοὺς
2822 1254 3149 1315 ἀποστόλους
3189 1250 3282 1303 τοῦ
3324 1246 3570 1317 Σωτῆρος
3601 1241 3782 1313 ἡμῶν,

2213 1360 2309 1414 καὶ
2353 1360 2477 1422 τοὺς
2524 1356 2769 1429 πρώτους
2814 1351 3060 1421 κήρυκας
3108 1341 3203 1397 τοῦ
3255 1337 3605 1410 Εὑαγγελίου,
3653 1335 3785 1395 τοὺς

2214 1452 2308 1505 καὶ
2341 1424 2607 1509 Ἰουδαίοις
2636 1444 2729 1498 καὶ
2759 1439 2982 1509 Ἕλλησι
3010 1433 3372 1507 κηρύξαντας,
3407 1427 3501 1482 καὶ
3530 1426 3623 1479 τὸν
3650 1424 3790 1476 σπό-

2218 1560 2309 1616 ρον
2378 1538 2553 1595 αύτῶν
2625 1530 3093 1602 καταϐαλομένους
3155 1524 3248 1577 ἐπὶ
3320 1521 3497 1574 πάντα
3572 1515 3788 1585 ἀνθρω-

2219 1604 2321 1688 πον
2359 1629 2613 1686 Ἰουδαῖόν
2641 1643 2701 1679 τε
2735 1622 2950 1696 πρῶτον
2994 1619 3085 1672 καὶ
3108 1615 3342 1685 Ἕλληνα
3362 1629 3375 1642 ·
3412 1609 3536 1681 βοῦς
3560 1608 3666 1678 γὰρ
3696 1604 3793 1659 διὰ

2722 1715 2919 1771 ὡσανεὶ
2966 1709 3201 1781 καθαρὸν
3248 1706 3404 1771 ζῶον,
3448 1705 3477 1758 ὁ
3516 1704 3581 1755 ἐκ
3623 1717 3791 1772 περι-

2223 1824 2394 1894 τομῆς
2421 1819 2545 1881 λαδς
2581 1812 2920 1886 ὼνόμσ.σται’
2956 1809 3075 1870 ovo;
3106 1805 3183 1868 δέ,
3224 1799 3421 1855 ὡσανεὶ
3451 1795 3791 1865 ἀκάθαρτος,

2224 1915 2253 1966 ὁ
2278 1884 2618 1980 ἐκπατέρων
2647 1884 3043 1971 είδωλολατρῶν
3074 1894 3221 1958 λαός.
3265 1890 3417 1944 Ἐπεὶ
3444 1886 3617 1941 τοίνυν
3656 1884 3794 1936 Ἰου-

2224 2004 2391 2066 δαίοις
2412 1977 2663 2073 πρώτως,
2693 1986 2883 2049 ἒπειτα
2899 1989 3122 2059 Ἕλλησι
3161 1985 3251 2038 τὸν
3283 1977 3631 2049 εύαγγελικδν
3656 1992 3799 2028 κατ⁹

2226 2065 2509 2151 εὸάλλοντο
2564 2091 2766 2162 σπόρον
2797 2089 2847 2141 οί
2873 2084 2968 2139 τοῦ
2998 2080 3250 2151 Σωτῆρος
3289 2073 3447 2145 ἡμῶν
3485 2065 3797 2131 ἀπόστολοι,

2226 2188 2447 2249 εἰκότως
2498 2158 2741 2255 εἴρηται·
2798 2198 2817 2231 ι
2846 2175 3127 2244 Μακάριος
3177 2170 3206 2222 ό
3253 2164 3491 2236 σπείρων
3544 2161 3634 2213 ἐπὶ
3684 2158 3802 2211 πᾶν

2228 2280 2388 2351 ὕδωρ,
2427 2270 2488 2330 οῦ
2532 2249 2658 2345 βοῦς
2690 2272 2784 2325 καὶ
2824 2270 2943 2331 ὄνος
2980 2266 3157 2320 πατεῖ.
3186 2281 3204 2314 ι
3238 2259 3422 2329 ’Υδωρ
3455 2255 3511 2307 δέ
3555 2249 3800 2305 ἐνταῦθα

2226 2339 2441 2439 ᾐνίξατο
2470 2339 2568 2436 την
2596 2362 2947 2416 θεόπνευστον
2977 2352 3220 2425 Γραφὴν,
3264 2346 3368 2402 ὑπὸ
3406 2342 3674 2400 Ἰουδαίων
3702 2339 3805 2393 καὶ

2227 2459 2321 2514 τοῦ
2346 2458 2407 2523 ἐξ
2433 2454 2599 2511 ἐθνῶν
2627 2452 2756 2506 λαοῦ
2786 2447 3151 2518 πατουμένην.

2418 2606 2421 2607 ,
2735 2535 3131 2597 ΚΕΦΑΛΑῙΟΝ
3170 2532 3291 2587 Al".

2306 2662 2325 2696 ι
2352 2640 2488 2697 Ούαὶ
2516 2640 2628 2701 τοῖς
2661 2628 3097 2703 ταλαιπωροῦσιν
3126 2626 3268 2696 ὑμᾶς
3290 2662 3305 2685 ,
3348 2620 3491 2692 ὑμᾶς
3537 2615 3595 2670 δέ
3624 2610 3807 2703 οὐδεὶς

2231 2735 2373 2788 ποιεῖ
2403 2726 2803 2795 ταλαιπώρουςο
2853 2702 2948 2774 καὶ
2982 2720 3010 2771 ὁ
3037 2714 3245 2770 ἀθετῶν
3280 2711 3424 2782 ὑμᾶς
3459 2707 3558 2759 ούκ
3583 2702 3800 2757 ἀθετεῖ·

2234 2822 2532 2880 ἁλώσονται
2564 2819 2613 2871 οἱ
2656 2794 2978 2874 ἀθετοῦντες
3029 2807 3123 2862 καὶ
3173 2801 3654 2877 παραδοθήσονται,
3702 2794 3808 2848 καὶ

2232 2916 2308 2979 ὡς
2345 2913 2441 2984 σὴς
2483 2909 2568 2978 ἐφ’
2597 2907 2835 2979 ἱματίου,
2875 2901 3042 2984 οὕτως
3074 2898 3483 2971 ἡττηθήσονται.
3513 2909 3530 2942 ι
3580 2886 3803 2951 Τούτοις

2234 2977 2437 3071 ἀδελφά
2462 2977 2719 3069 τυγχάνει
2746 2994 2815 3047 τὰ
2844 2994 2911 3046 δι’
2939 2983 3013 3044 ὧν
3048 2991 3077 3043 ὁ
3103 2986 3291 3057 Σωτὴρ
3321 2986 3433 3046 τοῖς
3475 2977 3662 3033 ἐαυτοῦ
3694 2993 3805 3046 μα-

573 3060 881 3119 consimilia
917 3069 1043 3115 sunt
1093 3071 1179 3120 ea,
1211 3055 1363 3127 queis
1402 3052 1656 3108 Salvator
1686 3048 1978 3119 discipulos
2008 3062 2133 3103 suos

2235 3048 2437 3166 ξητέιῖξ
2710 3048 2741 3137 γι
2780 3087 2836 3139 '0
2866 3083 3010 3153 ὑμᾶς
3036 3048 3385 3147 ἀθετῶνϋέμέ
3428 3073 3627 3137 ἀθετεῖ,
3649 3088 3667 3120 ι
3702 3067 3807 3121 καὶ

576 3155 993 3224 alloquebatur:
1031 3168 1050 3201 ι
1080 3148 1182 3216 Qui
1220 3162 1326 3207 vos
1363 3146 1590 3216 spernit,
1638 3157 1727 3197 me
1768 3141 1999 3210 spernit,
2026 3158 2047 3193 ι
2081 3150 2136 3197 et

574 3263 673 3304 vos
722 3261 828 3313 non
884 3241 1165 3306 ledimini,
1209 3248 1285 3306 et,
1326 3239 1457 3309 «qui
1512 3251 1601 3293 me
1651 3236 1881 3305 spernit,
1932 3233 2138 3302 spernit

575 3353 721 3404 eum,
749 3337 839 3407 qui
869 3334 1017 3391 misit
1040 3348 1126 3388 me
1145 3334 1209 3385 ⁸⁸.
1238 3350 1257 3385 ι
1290 3330 1421 3385 Nam
1466 3344 1588 3384 cum
1627 3330 1754 3395 duo,
1784 3335 1845 3382 ut
1873 3326 2136 3397 quispiam

578 3431 796 3496 dixerit,
823 3430 876 3484 in
905 3438 1144 3497 tempore
1173 3423 1563 3497 persecutionis
1585 3423 1802 3478 ordines
1827 3421 1966 3485 sint,
2000 3419 2139 3474 alius

580 3526 877 3597 agentium,
909 3521 1227 3594 patientium
1260 3520 1428 3585 alius;
1458 3519 1646 3575 beatus
1674 3527 1759 3574 est
1791 3518 1882 3587 qui
1917 3515 2137 3585 patitur,

579 3619 674 3675 sed
726 3630 830 3673 non
880 3614 1023 3687 agit;
1073 3611 1263 3669 infelix
1296 3625 1425 3668 vero
1453 3611 1543 3681 qui
1572 3610 1702 3682 agit,
1729 3610 1822 3665 sed
1884 3623 1989 3663 non
2050 3621 2141 3677 pa-

570 3707 738 3764 titur.

650 3799 818 3856 Vsns.
856 3798 914 3855 2.
958 3817 977 3851 ι
1003 3795 1252 3861 Domine,
1285 3793 1545 3850 miserere
1592 3791 1788 3855 nostri,
1829 3789 1883 3844 in
1914 3796 1966 3844 te
1993 3788 2137 3844 enim

581 3891 923 3949 confidimus.
970 3889 1195 3944 Factum
1256 3896 1343 3943 est
1397 3897 1585 3940 semen
1634 3880 2037 3936 incredulorum
2086 3880 2139 3934 in

582 3980 977 4053 perditionem;
1012 3978 1157 4035 salus
1184 3986 1366 4033 autem
1396 3984 1579 4030 nostra
1606 3974 1659 4029 in
1688 3982 1930 4043 tempore
1974 3970 2143 4027 tribu-

578 4071 823 4128 lationis.
850 4090 870 4125 ι
906 4070 983 4125 Ex
1007 4084 1234 4141 persona
1260 4067 1625 4140 apostolorum
1653 4063 1959 4120 orationem
1987 4062 2145 4117 emit-

585 4165 657 4220 tit
691 4178 705 4215 :
734 4177 922 4218 eorum
951 4162 1151 4231 quippe
1174 4174 1380 4225 semen,
1407 4158 1500 4228 qui
1528 4154 1850 4227 evangelicae
1880 4153 2144 4225 praedica-

583 4255 720 4311 tioni
766 4269 871 4309 non
916 4252 1286 4319 crediderunt,
1316 4248 1573 4320 perniciei
1605 4248 1858 4303 traditum
1889 4254 1973 4301 est
2002 4260 2016 4297 :
2045 4258 2146 4299 no-

578 4358 699 4405 stra
742 4359 872 4401 vero
919 4343 1065 4399 salus
1107 4352 1163 4397 tu
1210 4344 1326 4413 ipse
1372 4356 1454 4407 es,
1481 4355 1516 4396 o
1556 4339 1806 4406 Domine,
1852 4337 1946 4407 qui
1991 4334 2145 4392 nobis

594 4442 724 4497 ades
746 4438 800 4494 in
841 4445 1080 4506 tempore
1108 4433 1493 4489 tribulationis.

657 4531 823 4586 Vens.
872 4530 925 4584 5.
971 4546 990 4580 ι
1019 4525 1247 4597 Propter
1277 4538 1466 4579 vocem
1521 4522 1735 4577 timoris
1796 4520 1872 4575 tui
1928 4512 2149 4575 sedibus

586 4624 721 4680 moti
768 4630 892 4677 sunt
925 4617 1107 4691 populi
1157 4631 1188 4671 a
1241 4616 1435 4671 timore
1471 4623 1582 4679 tuo,
1621 4622 1678 4668 et
1714 4612 1971 4681 dispersae
2022 4618 2148 4664 sunt

587 4725 834 4787 gentes.»
875 4712 931 4767 Id
976 4711 1171 4767 dicitur
1216 4708 1282 4763 de
1331 4706 1401 4762 iis
1440 4706 1533 4775 qui
1564 4719 1732 4760 sacra:
1777 4701 2146 4773 praedicationi

590 4807 749 4863 ﬁdem
800 4820 906 4860 non
953 4804 1278 4857 habuerunt.
1334 4796 1616 4867 Signiﬁcat
1676 4805 1852 4850 autem
1912 4792 2147 4848 Judaicae

590 4898 762 4971 gentis
810 4896 1168 4962 obsidionem,
1217 4901 1271 4949 et
1323 4891 1487 4962 quod,
1540 4890 1831 4959 ingruente
1882 4884 2011 4955 ipsis
2056 4886 2148 4946 lio-

589 4993 752 5047 stium
786 4986 1149 5054 multitudine,
1181 5000 1250 5041 ex
1278 4996 1422 5040 terra
1448 4996 1543 5038 sua
1576 4981 1736 5052 pulsi,
1769 4989 1824 5037 et
1854 4980 1993 5035 inter
2026 4993 2150 5050 gen-

514 5088 517 5091 ’
596 5095 673 5140 tes
705 5080 939 5152 dispersi
969 5081 1099 5134 sint.

663 5172 829 5229 Vens.
878 5171 931 5227 4.
994 5167 1189 5223 «Nunc
1234 5174 1412 5222 autem
1467 5164 1936 5235 congregabuntur
1984 5158 2151 5230 spolia

593 5273 794 5331 vestra,
824 5264 972 5335 parvi
1009 5272 1066 5317 et
1109 5260 1315 5329 magni,
1348 5268 1603 5326 tanquam
1632 5256 1676 5310 si
1711 5253 1832 5323 quis
1866 5257 2154 5321 congreget

595 5357 855 5420 locustas,
882 5357 960 5411 sic
984 5356 1214 5411 illudent
1238 5350 1410 5407 vobis.
1431 5369 1451 5403 ι
1480 5348 1575 5404 His
1607 5362 1769 5418 quam
1796 5344 2065 5400 invalidus
2098 5352 2153 5398 et

594 5462 756 5519 quam
788 5457 1095 5517 expugnata
1124 5444 1299 5501 facilis
1325 5442 1580 5499 Iudaicus
1609 5438 1833 5511 populus
1879 5446 2022 5491 esset
2061 5434 2155 5489 de—

596 5540 769 5595 clarat
795 5556 808 5591 :
842 5553 903 5592 ac
930 5538 1322 5593 multitudinem
1349 5549 1536 5591 eorum
1560 5531 1791 5587 locustis
1813 5542 2153 5599 comparans,

2235 3160 2335 3240 ούκ
2383 3180 2653 3238 ἀδικεῖσθε
2703 3178 2890 3249 ὑμεῖς,
2926 3172 3049 3236 καὶ,
3084 3190 3103 3222 ι
3136 3170 3196 3223 '0
3226 3168 3326 3236 ἐμὲ
3368 3165 3575 3221 ἀθετῶν
3621 3160 3809 3216 ἀθετεῖ

2235 3277 2327 3330 τὸν
2374 3268 2764 3329 ἀποστείλαντά
2803 3282 2932 3337 με.»
2970 3261 3073 3315 Δύο
3123 3261 3231 3331 γὰρ
3272 3260 3439 3313 ὄντων
3484 3254 3808 3325 ταγμάτων,

2237 3369 2313 3432 ὡς
2354 3367 2420 3421 ἂν
2462 3364 2605 3417 εἴποι
2630 3378 2746 3426 τις,
2788 3356 2928 3411 κατά
2966 3355 3092 3418 τοὺς
3119 3352 3341 3423 καιροὺς
3390 3348 3498 3401 τῶν
3526 3344 3810 3416 διωγμῶν,

2237 3457 2342 3511 τῶν
2377 3454 2474 3525 μὲν
2507 3450 2773 3523 δρώντων,
2816 3445 2924 3499 τῶν
2959 3443 3015 3496 δὲ
3062 3440 3393 3510 πασχόντων,
3440 3436 3710 3508 μακάριος
3745 3434 3813 3488 ἂν

2316 3813 2335 3846 ‹
2366 3792 2559 3865 Κύριε,
2590 3789 2811 3861 ἐλέησον
2844 3788 2990 3860 ἡμᾶς
3009 3802 3023 3818 ⁸
3058 3784 3150 3839 ἐπὶ
3180 3782 3263 3835 σοὶ
3309 3777 3418 3849 γὰρ
3447 3772 3806 3841 πεποίθαμεν.

2253 3864 2511 3955 Ἐγενήθη
2535 3882 2596 3936 τὸ
2624 3880 2843 3952 σπέρμα
2872 3879 2980 3931 τῶν
3000 3872 3369 3930 ἀπειθούντων
3400 3870 3479 3933 είς
3504 3864 3777 3920 ἀπώλειαν
3793 3880 3807 3891 “

2242 3980 2276 4050 ή
2301 3978 2359 4031 δέ
2398 3974 2639 4047 σωτηρία
2680 3971 2836 4043 ἡμῶν
2874 3973 2931 4025 ἐν
2960 3966 3137 4039 καιρῷ
3179 3962 3429 4032 θλίψεως.
3464 3977 3482 4010 ι
3529 3957 3622 4009 Ἐκ
3649 3971 3816 4025 προσ-

2243 4047 2393 4125 timeo
2439 4067 2547 4122 τῶν
2594 4064 2905 4121 ἀποστόλων
2955 4061 3057 4133 τὴν
3105 4056 3270 4129 εὐχὴν
3316 4052 3657 4122 ἀναπέμπει’
3698 4047 3818 4100 τῶν

2248 4162 2347 4233 μὲν
2391 4159 2500 4231 γὰρ
2539 4155 2946 4227 ἀπειθησάντων
2993 4150 3073 4222 τῷ
3116 4142 3451 4215 εὐαγγελικῷ
3497 4138 3821 4211 κηρύγματι

2244 4227 2307 4304 τὸ
2337 4227 2556 4322 σπέρμα
2586 4244 2853 4317 παρεδόθη
2884 4240 3154 4311 ἀπωλείᾳο
3189 4236 3344 4308 ἡμῶν
3380 4234 3437 4287 δὲ
3475 4228 3716 4300 σωτηρία
3747 4227 3821 4279 σὺ

2246 4344 2405 4407 αὐτὸς
2447 4321 2771 4411 τυγχάνεις,
2808 4331 2852 4389 ὦ
2897 4334 3088 4405 Κύριε,
3138 4328 3537 4402 παριστάμενος
3584 4323 3715 4395 ἡμῖν
3756 4321 3824 4373 ἐν

2182 4449 2226 4505 ι)
2255 4433 2433 4507 καιρῷ
2458 4432 2708 4500 θλίψεως.

2324 4502 2466 4576 (Διὰ
2495 4521 2677 4592 φωνὴν
2715 4519 2810 4572 τοῦ
2854 4516 3018 4587 φόϐου
3046 4520 3153 4567 ’σου
3206 4512 3504 4581 ἐξέστησαν
3548 4505 3668 4559 λαολ⁵
3707 4502 3824 4557 ἀπὸ

2249 4617 2340 4670 τοῦ
2366 4615 2535 4683 φόϐου
2561 4631 2675 4678 σου,
2700 4611 2795 4665 καὶ
2821 4608 3186 4679 διεσπάρησαν
3215 4604 3283 4658 τὰ
3316 4601 3443 4669 ἐθνη
3464 4616 3476 4629 ·
3499 4616 3517 4649 ι
3556 4597 3683 4668 περὶ
3710 4596 3824 4649 τῶν

2251 4705 2661 4777 ἀπιστησάντων
2696 4703 2773 4774 τῷ
2819 4700 2947 4773 ἱερῷ
2984 4698 3315 4771 κηρύγματι.
3349 4692 3605 4764 Σημαίνει
3638 4690 3695 4743 δέ
3726 4688 3823 4757 τὴν

2252 4798 2561 4871 πολιορκίαν
2606 4796 2699 4850 τοῦ
2734 4794 2998 4849 Ἰουδαίων
3041 4791 3251 4854 ἔθνους,
3295 4788 3389 4841 καὶ
3424 4787 3498 4849 ὥς
3545 4781 3821 4851 πολυπλη-

2254 4889 2401 4952 θείας
2456 4886 2728 4957 πολεμίων
2778 4881 3105 4953 ἐπελθούσης
3151 4880 3331 4942 αὐτοῖς
3379 4873 3675 4944 ἐξέστησαν
3725 4871 3830 4941 τῆς

2257 4981 2460 5035 ἐαυτῶν
2495 4981 2617 5051 γῆς,
2644 4979 2736 5033 καὶ
2758 4975 3245 5047 διεσκορπίσθησαν
3266 4974 3344 5035 είς
3368 4970 3435 5022 τὰ
3462 4967 3607 5039 ἔθνη.

2331 5179 2351 5213 ι
2390 5160 2503 5214 Νῦν
2546 5161 2603 5214 δὲ
2660 5159 3046 5230 συναχθήσεται
3078 5157 3145 5210 τὰ
3198 5155 3366 5209 σκύλα
3403 5150 3577 5222 ὑμῶν,
3627 5145 3830 5219 μικροῦ

2260 5254 2351 5306 καὶ
2386 5252 2639 5323 μεγάλου,
2680 5251 2738 5305 ὃν
2771 5251 2972 5322 τρόπον
2998 5250 3093 5304 ἐάν
3133 5265 3216 5311 τις
3252 5242 3535 5315 συναγάγῃ
3577 5240 3832 5310 ἀκρίδας,

2259 5345 2428 5407 οὕτως
2473 5343 2826 5414 ἐμπαίξουσιν
2859 5345 3045 5414 ὑμῖν.»
3091 5340 3164 5393 Τὸ
3212 5336 3532 5407 εὐχείρωτον
3572 5334 3665 5385 καὶ
3702 5331 3832 5384 εύά-

2258 5434 2426 5488 λωτον
2472 5434 2564 5487 τοῦ
2608 5435 2871 5488 Ἰουδαίων
2916 5432 3044 5486 λαοῦ
3078 5428 3373 5503 παριστὰς,
3407 5427 3466 5480 τό
3516 5442 3575 5478 τε
3626 5422 3836 5491 πλῆθος

2262 5526 2437 5581 αὐτῶν
2471 5528 2656 5598 ἀκρίσι
2690 5525 3066 5597 παραϐάλλων,
3105 5522 3357 5593 σημαίνει
3386 5520 3459 5583 ὡς
3486 5520 3533 5571 οἰ
3577 5514 3836 5585 πολέμιοι

673 5730 716 5764 ⁸⁷
743 5729 861 5787 Gal.
893 5743 968 5796 tv,
997 5727 1085 5784 26.
1163 5729 1205 5762 ³⁸
1230 5728 1499 5796 Ιοιιιωιιγ,
1525 5727 1581 5782 2.
1657 5726 1703 5760 η
1729 5724 1917 5783 Matth.
1948 5739 2020 5793 vi,
2058 5721 2133 5777 l9.

2231 5721 2261 5754 ὀ
2284 5717 2412 5775 Luc.
2448 5734 2501 5786 χ,
2533 5719 2616 5772 16.
