4072 6194
286 238 384 295 325

1200 236 1695 300 COMMENTARIA
1734 241 1802 299 IN
1837 242 2091 303 ISAIAM.
2131 278 2201 288 —
2236 242 2388 301 CAP.
2427 241 2663 299 XXXIII.

3315 218 3325 227 ’
3416 252 3523 310 326

278 352 398 405 ἀντὶ
446 347 711 417 παιγνίω
753 346 943 413 αὐτοὺς
994 349 1226 419 ἕξουσιν,
1267 356 1329 408 ού
1379 356 1538 429 μόνον
1580 361 1651 414 τὰ
1697 362 1851 419 σκύλο

1968 363 2243 433 signiﬁcat
2264 364 2411 434 ipsos
2443 362 2511 418 ab
2536 359 2775 417 inimicis
2803 360 3036 419 ludibrio
3063 362 3342 423 habendos
3359 381 3520 425 esse:

280 439 470 495 αὑτιῖιν
511 441 894 513 διαρπάξοντες
932 443 1132 515 μικροῦ
1172 445 1264 500 καὶ
1304 450 1558 519 μεγάλω,
1591 453 1724 508 ἀλλά
1770 457 1862 511 καὶ

276 531 473 595 αὐτοῖς
513 530 884 602 ἐμπαίζοντες.
912 531 1100 588 Ταῦτα
1134 536 1262 607 περὶ
1302 538 1507 595 τούτων
1543 543 1731 610 εἰπὼν,
1765 564 1862 617 με-

280 625 538 712 1ταϐαίνει
566 624 653 677 ἐπὶ
678 623 738 676 τὸ
763 623 951 694 τάγμα
976 625 1077 696 τῆς
1101 625 1196 681 τοῦ
1228 628 1363 684 Θεοῦ
1404 632 1747 707 Ἐκκλησίας,
1773 640 1859 712 ἐφ’

286 708 335 784 ᾧ
364 716 463 769 καὶ
481 711 682 779 δοξάζει
704 714 795 767 τὸν
825 712 961 768 Θεὸν
991 715 1197 785 λέγων·

370 826 391 896 ι
422 807 599 896 ’Δγιας
619 805 648 857 6
680 804 817 868 Θεὸς
840 806 872 860 6
901 808 1169 863 κατοικῶν
1198 811 1259 865 ἐν
1281 811 1531 885 ὑψηλοῖς·
1557 817 1859 896 ἐνεπλήσθη

294 895 431 950 Σιὼν
477 895 705 967 κρίσεως
754 896 855 950 καὶ
908 896 1273 972 δικαιοσύνης.
1301 922 1319 953 ι
1374 905 1606 977 Νοήσεις
1651 910 1709 965 δὲ
1761 895 1861 984 τὴν

292 988 427 1043 Σιὼν
472 987 577 1041 ἀπὸ
617 985 716 1041 τοῦ
781 987 1040 1057 λέγεσθαι
1092 992 1324 1064 κρίσεως
1376 997 1472 1051 καὶ
1516 998 1860 1076 δικαιοσύνης

288 1077 669 1150 ⁶ιππληρῶσθαι
706 1079 904 1151 αύτήν.
946 1080 1035 1134 Ἐν
1068 1081 1125 1135 δὲ
1165 1086 1277 1149 τοῖς
1315 1086 1571 1160 ἀνωτέρω
1609 1091 1855 1161 ἐλέγετοο

286 1188 307 1222 ι
332 1170 438 1223 Καὶ
462 1170 846 1226 ἀναπαύσεται
880 1172 939 1226 ἐν
966 1176 1034 1245 τῇ
1072 1174 1267 1247 ἐρήμῳ
1308 1181 1482 1250 κρῖμα
1525 1184 1619 1235 καὶ
1658 1183 1860 1239 δικαιο-

278 1259 429 1331 σύνη.
456 1279 477 1313 ι
514 1262 631 1332 Τὴν
680 1262 940 1334 ἀνωτέρω
982 1266 1158 1320 τοίνυν
1207 1268 1413 1340 ἔρημον
1466 1272 1859 1349 ὠνομασμένην

277 1349 370 1406 νῦν
402 1351 544 1406 Σιὼν
574 1354 873 1420 ἀποκαλεῖ,
916 1356 1059 1410 οὕτω
1088 1358 1185 1431 τὴν
1232 1361 1551 1435 Ἐκκλησίαν
1592 1366 1687 1420 τοῦ
1723 1368 1857 1423 Θεοῦ

279 1444 581 1531 σημαίνων.
609 1444 762 1515 Αὕτη
814 1447 925 1518 γὰρ
965 1442 1034 1519 ἦν
1062 1450 1095 1520 ἡ
1126 1450 1289 1505 πάλαι
1335 1452 1557 1525 ἔρημος.
1600 1453 1720 1532 ἐνῇ
1761 1462 1857 1515 ἀν-

277 1536 558 1590 επαύσατο
596 1538 770 1608 κρῖμα
808 1538 904 1591 καὶ
947 1538 1255 1614 δικαιοσύνη
1276 1560 1290 1574 ο
1316 1544 1397 1599 διὸ
1426 1548 1521 1601 καὶ
1559 1548 1857 1620 εὐλογεῖται

281 1625 379 1681 νῦν
414 1628 448 1679 ὁ
497 1626 668 1692 Θεὸς,
708 1629 788 1682 ﬁt
847 1629 1152 1704 ἐνεπλήσθη
1213 1636 1446 1705 κρίσεως
1502 1640 1595 1693 καὶ
1649 1641 1855 1696 δικαιο-

288 1718 487 1790 σύνης.

370 1828 392 1862 ι
435 1811 529 1864 Ἐν
555 1811 702 1883 νόμῳ
748 1816 1225 1888 παραδοθήσονται,
1267 1820 1326 1873 ἐν
1360 1819 1651 1893 θησαυροῖς
1678 1825 1712 1895 ή
1758 1842 1861 1879 σω-

295 1900 471 1972 τηρία
514 1901 701 1972 ἡμῶν·
730 1904 837 1956 ἐκεῖ
869 1904 1030 1975 σοφία
1058 1906 1152 1959 καὶ
1184 1908 1460 1982 ἐπιστήμη
1493 1912 1587 1964 καί⁹
1613 1912 1861 1967 εὐσέϐεια

302 1993 447 2064 πρὸς
475 1993 566 2047 τὸν
597 1994 803 2066 Κύριον.
828 1989 987 2051 Οὗτοί
1014 2000 1119 2052 είσι
1160 1998 1419 2074 θησαυροὶ
1460 2003 1855 2077 δικαιοσύνης.»

303 2085 473 2157 Νόμῳ
500 2087 635 2158 γὰρ,
660 2088 852 2161 δηλαδὴ
880 2090 1245 2164 εὐαγγελικῷ,
1301 2095 1351 2147 οἳ
1372 2094 1485 2167 (40)
1522 2098 1580 2150 ἐν
1607 2100 1673 2169 τῇ
1700 2101 1853 2171 κοινῇ

296 2174 465 2248 ταύτῃ
510 2175 643 2231 Σιὼν
670 2178 1043 2250 παρεδόθησαν
1061 2197 1075 2210 ·
1110 2181 1167 2235 ἐν
1204 2181 1383 2237 ἐλπίσι
1408 2182 1515 2254 γὰρ
1541 2187 1653 2249 τοῖς
1682 2186 1859 2256 ἁγίοις

285 2265 569 2320 ἀπόκειται
617 2266 688 2320 τὰ
730 2267 927 2337 ἀγαθά.
976 2268 1155 2334 Ποίοις
1203 2269 1263 2322 δὲ
1324 2270 1616 2343 θησαυροῖς
1670 2275 1704 2345 ἢ
1740 2277 1852 2341 τοῖς

285 2357 665 2429 ἀποκειμένοις
687 2360 746 2412 ἐν
769 2358 1051 2431 ούρανοῖς;

426 2450 556 2503 Ἰδοὺ
599 2450 658 2504 δὲ
690 2452 748 2504 ἐν
780 2451 859 2522 τῷ
884 2451 1032 2523 φόϐῳ
1077 2452 1231 2524 ὑμῶν
1259 2446 1403 2508 οὗτοι
1435 2454 1854 2527 φοϐηθήσονται,

277 2538 378 2605 οὓς
419 2538 737 2609 ἐφοϐεῖσθε·
774 2539 1053 2611 βοήσονται
1086 2540 1180 2611 ἀφ’
1224 2540 1396 2611 ὑμῶν.
1422 2560 1441 2593 ι
1484 2540 1668 2597 Ταῦτα
1719 2542 1857 2615 πρὸς

284 2632 409 2696 τοὺς
438 2629 773 2694 ἀποστόλους
824 2630 1035 2702 εἴρηται
1055 2649 1070 2663 ’
1114 2632 1449 2685 ἐπιπεσεῖται
1493 2631 1623 2705 γὰρ,
1669 2634 1853 2705 φησὶν,

284 2723 377 2778 ἐπὶ
406 2722 536 2785 τοὺς
571 2720 834 2785 ἀπίστους
867 2722 896 2774 ὁ
925 2721 1184 2793 ὑμέτερος
1216 2720 1396 2793 φόϐος.

360 2833 379 2867 ι
423 2812 683 2882 ’Δγγελοι
750 2812 1212 2885 ἀποσταλήσονται
1278 2813 1491 2889 πικρῶς
1560 2814 1851 2880 κλαίοντες.

297 2906 781 2977 Ἑρημωθήσονται
828 2904 938 2977 γὰρ
984 2907 1041 2959 αἱ
1086 2906 1290 2960 τούτων
1337 2905 1481 2959 ὁδοί·
1512 2907 1786 2961 πέπαυται
1825 2908 1855 2960 6

282 2998 445 3069 φόϐος
475 2998 586 3051 τῶν
628 2997 818 3063 ἐθνῶν,
867 2997 961 3052 καὶ
991 3000 1025 3069 ή
1074 2999 1208 3071 πρὸς
1244 3000 1464 3065 τούτους
1495 3000 1723 3072 διαθήκη
1768 2998 1852 3053 αί-

1969 454 2063 526 qui
2088 470 2194 510 non
2221 455 2381 511 modo
2420 463 2526 510 tam
2553 454 2729 524 parvi,
2760 467 2920 523 quam
2959 456 3140 526 magni
3171 470 3357 513 eorum
3399 466 3525 530 sp‘o-

1967 547 2037 603 lia
2071 547 2350 618 diripiant,
2376 547 2469 603 sed
2506 547 2670 603 etiam
2719 547 2850 618 ipsis
2903 546 3147 603 illudent.
3193 548 3315 606 Haec
3363 566 3526 620 porro

1966 639 2035 695 de
2088 638 2155 695 iis
2209 638 2438 703 locutus,
2484 636 2549 691 ad
2593 636 2891 693 Ecclesiam
2932 637 3026 693 Dei
3068 630 3383 710 pertransit,
3432 643 3526 699 ubi

1968 731 2132 785 Deum
2159 728 2246 785 his
2265 728 2446 785 verbis
2471 727 2712 785 celebrat
2739 745 2752 781 :

2038 818 2197 874 Vens.
2228 818 2282 875 5.
2326 837 2347 872 ι
2374 818 2612 874 Sanctus
2635 818 2797 884 Deus,
2818 818 2912 887 qui
2942 817 3149 874 habitat
3180 819 3233 875 in
3258 821 3523 879 excelsis:

1964 910 2170 980 repleta
2197 920 2280 967 est
2314 911 2444 966 Sion
2486 909 2689 980 judicio
2735 918 2791 965 et
2831 909 3063 978 iustitia.
3089 927 3107 960 ι
3148 910 3278 966 Sion
3302 926 3423 981 qua:
3451 912 3526 969 sit

1964 999 2050 1055 vel
2092 1000 2217 1056 inde
2265 1000 2557 1071 intelligas,
2590 1000 2736 1069 quod
2783 1000 2999 1055 dicatur
3041 1000 3190 1055 illam
3224 999 3433 1070 judicio
3466 1011 3525 1059 et

1960 1088 2171 1159 justitia
2211 1089 2473 1159 repletam
2523 1102 2665 1145 esse.
2704 1086 2963 1157 Superius
2993 1097 3173 1144 autem
3199 1090 3519 1147 dicebatur:

1969 1200 1989 1234 ι
2014 1181 2078 1237 Ει
2108 1184 2414 1252 requiescet
2467 1180 2522 1236 in
2580 1182 2794 1237 deserto
2821 1178 3083 1248 judicium
3136 1190 3191 1237 et
3219 1182 3458 1253 iustitia.
3495 1203 3517 1239 ο

1963 1271 2094 1327 Eam
2143 1272 2327 1343 igitur,
2381 1287 2501 1342 qua:
2538 1272 2785 1340 superius
2820 1272 3090 1327 desertum
3135 1283 3379 1340 vocatur,
3410 1276 3520 1347 jam

1966 1363 2095 1418 Sion
2128 1372 2438 1435 nuncupat;
2482 1372 2645 1434 atque
2673 1366 2746 1419 ita
2780 1363 3073 1420 Ecclesiam
3104 1364 3202 1419 Dei
3232 1366 3517 1437 signiﬁcat.

1962 1450 2089 1510 Haec
2116 1454 2313 1525 quippe
2338 1464 2455 1509 erat
2486 1454 2576 1511 illa
2597 1454 2724 1510 olim
2748 1453 3001 1521 solitudo,
3036 1455 3090 1509 in
3111 1470 3215 1525 qua
3256 1458 3524 1528 requievit

1958 1544 2222 1615 judicium
2263 1553 2320 1600 et
2340 1543 2551 1612 justitia
2575 1561 2592 1602 :
2616 1548 2967 1616 quamobrem
3018 1564 3161 1604 nunc
3192 1549 3331 1606 Deus
3360 1551 3521 1607 bene-

1961 1636 2179 1703 dicitur,
2204 1634 2331 1705 quia
2354 1635 2556 1706 repleta
2577 1646 2661 1693 est
2676 1637 2883 1709 judicio
2905 1647 2959 1694 et
2972 1638 3203 1708 justitia.

2030 1815 2197 1872 VERS.
2233 1814 2285 1870 6.
2316 1833 2335 1868 ι
2362 1814 2418 1869 In
2453 1815 2570 1886 lege
2600 1817 2900 1883 tradentur,
2956 1818 3009 1871 in
3056 1819 3325 1875 thesauris
3371 1820 3518 1875 salus

1960 1916 2150 1963 nostra
2179 1922 2191 1957 :
2219 1906 2330 1962 illic
2380 1907 2645 1977 sapientia
2688 1917 2743 1962 et
2791 1909 3013 1964 scientia
3063 1918 3119 1963 et
3169 1910 3341 1979 pietas
3374 1912 3517 1982 apud

1959 1995 2269 2052 Dominum.
2314 1995 2379 2051 Hi
2418 2006 2543 2052 sunt
2582 1998 2821 2053 thesauri
2848 1999 3091 2068 justitite.
3122 2019 3142 2052 ι
3190 1999 3316 2071 Legi
3345 2003 3512 2068 enim,

1957 2088 2206 2145 videlicet
2249 2089 2589 2161 evangelica,
2639 2092 2729 2160 qui
2784 2091 2838 2145 iu
2890 2091 2991 2146 hac
3046 2091 3319 2147 communi
3381 2092 3516 2149 Sion

1959 2180 2206 2237 habitant
2235 2182 2421 2237 traditi
2456 2192 2581 2237 sunt
2610 2201 2624 2237 :
2652 2182 2856 2240 sanctis
2909 2184 3108 2254 quippe
3153 2184 3289 2239 bona
3332 2185 3386 2238 in
3421 2200 3517 2255 spe

1957 2272 2240 2328 recondita
2285 2281 2451 2339 sunt;
2492 2273 2549 2327 in
2586 2273 2782 2342 quibus
2804 2283 2983 2329 autem
3009 2273 3298 2341 thesauris,
3325 2273 3429 2330 nisi
3460 2275 3518 2330 in

1958 2362 2025 2418 iis
2045 2363 2137 2434 qui
2165 2364 2217 2418 in
2240 2364 2393 2419 cmlis
2417 2370 2542 2419 sunt
2574 2362 2843 2432 repositi?

2027 2456 2191 2513 Vsas.
2218 2456 2273 2510 7.
2306 2475 2326 2508 ί
2348 2455 2489 2511 Ecce
2513 2463 2659 2510 certe
2697 2455 2750 2508 iu
2787 2455 2979 2509 timore
3029 2463 3212 2511 vestro
3245 2452 3333 2509 isti
3358 2454 3517 2509 tinte-

1957 2547 2112 2614 bunt,
2156 2561 2293 2615 quos
2343 2544 2615 2600 timebatis
2646 2562 2658 2598 :
2685 2545 2993 2599 clamabunt
3036 2557 3063 2596 a
3106 2544 3281 2599 vobis.
3309 2562 3330 2597 ι
3386 2542 3515 2599 Hac

1955 2637 2213 2709 apostolis
2243 2638 2497 2693 dicuntur
2531 2634 2772 2691 :incidet
2812 2635 2981 2700 enim,
3029 2634 3124 2700 ait,
3157 2634 3318 2689 timor
3342 2634 3515 2691 vestri

1956 2728 2011 2784 in
2042 2726 2368 2785 incredulos.

2024 2815 2187 2872 Vsus.
2217 2816 2272 2883 8,
2304 2816 2356 2871 9.
2391 2833 2409 2867 ι
2430 2813 2622 2885 Angeli
2653 2812 2935 2868 mittentur
2967 2826 3150 2875 amare
3172 2810 3379 2867 ﬂentes.
3409 2812 3514 2867 De-

1956 2918 2212 2967 serentur
2238 2908 2383 2964 enim
2408 2922 2593 2964 eorum
2624 2908 2725 2963 vite
2758 2925 2771 2961 :
2807 2906 3040 2961 cessavit
3069 2904 3228 2960 timor
3249 2905 3512 2975 gentium,

1955 3014 2010 3061 et
2043 3012 2424 3060 testamentum
2451 3016 2573 3057 cum
2600 3000 2706 3057 illis
2727 3000 2919 3056 initum
2945 2999 3149 3054 tollitur
3179 3015 3193 3051 :
3226 3013 3325 3053 nec
3353 3013 3513 3067 repu-

285 3064 474 3161 ρεται,
523 3088 619 3141 καὶ
676 3088 740 3140 ού
803 3087 878 3159 μὴ
938 3064 1220 3160 λογίσησθε
1270 3064 1466 3156 αὐτοὺς
1510 3064 1848 3161 ἀνθρώπους.

1957 3094 2141 3151 tabitis
2172 3107 2269 3149 eos
2330 3093 2598 3149 homines.
2645 3090 2811 3147 Luxit
2863 3100 3048 3156 terra;
3088 3089 3307 3144 erubuit
3351 3064 3511 3142 Liba-

293 3176 623 3248 Ἐπένθησεν
663 3178 698 3248 ἡ
728 3177 831 3247 γῆ,
880 3178 1118 3250 ᾐσχύνθη
1160 3181 1190 3234 6
1220 3180 1468 3246 Λίϐανος,
1507 3180 1603 3251 ἒλη
1636 3180 1851 3251 ἐγένετο

280 3271 315 3340 ἡ
341 3271 555 3341 Σάρων,
596 3268 807 3340 φανερὰ
836 3268 987 3323 ἔσται
1019 3271 1054 3340 ή
1090 3270 1345 3325 Γαλιλαία
1384 3274 1478 3327 καὶ
1501 3275 1529 3327 ὁ
1565 3272 1801 3345 Χέρμελ.
1824 3292 1844 3327 ι

290 3360 350 3416 ’0
396 3362 496 3433 μὲν
549 3357 643 3416 οῦν
709 3361 1088 3432 φιλάνθρωπος
1142 3364 1272 3428 Θεὸς
1321 3365 1582 3435 ἀγγέλους
1627 3368 1850 3439 εἰρήνης

277 3454 563 3509 ἀπέστειλε
604 3454 743 3525 πρὸς
779 3452 871 3506 τὸν
906 3454 1170 3510 Ἰουδαίων
1214 3456 1360 3521 λαὸν,
1394 3459 1603 3531 πικρῶς
1636 3459 1848 3513 κλαίον-

277 3562 373 3609 τας
412 3547 509 3599 καὶ¹
537 3547 990 3617 παρακαλοῦντας
1031 3547 1388 3611 ὑποδέξασθαι
1429 3549 1527 3621 τὴν
1571 3550 1851 3620 εὐαγγελι-

278 3635 384 3707 κήν
410 3638 597 3701 αὐτοῖς
641 3638 884 3709 εἰρήνην.
931 3637 1088 3693 Ἐπεὶ
1123 3637 1181 3692 δὲ
1219 3638 1318 3693 οὐκ
1348 3638 1591 3705 ἐδέξαντο
1632 3641 1848 3707 αὐτοὺς,

275 3727 529 3798 ἐπιφέρει
558 3728 804 3797 φάσκων·

352 3835 373 3870 ι
400 3819 517 3873 Νῦν
532 3820 931 3891 ἀναστήσομαι,
959 3818 1104 3889 λέγει
1122 3820 1387 3893 ὁΚύριος,
1412 3820 1506 3875 νῦν
1530 3821 1848 3894 δοξασθήσο-

278 3926 401 3979 μαι,
416 3910 515 3963 νῦν
531 3910 910 3982 ὑψωθήσομαι·
926 3930 946 3964 ι
978 3912 1072 3964 τοῦ
1098 3910 1253 3980 λόγου
1278 3912 1647 3984 παριστῶντος
1664 3913 1848 3983 σαφῶς

271 4001 614 4073 ὀφθήσεσθαι
643 4002 735 4055 τὸν
749 4002 880 4056 Θεὸν
896 4002 1097 4066 αὐτοῖς.
1128 4003 1248 4057 Τίσι
1269 4003 1325 4057 δὲ
1352 4003 1553 4068 αὐτοῖς,
1568 4004 1602 4074 ἢ
1622 4006 1735 4067 τοῖς
1753 4004 1847 4075 θη-

276 4090 606 4160 σαυρίσασιν
618 4091 829 4152 ἑαυτοῖς
844 4091 967 4153 τοὺς
980 4091 1077 4160 τῆς
1092 4090 1430 4162 δικαιοσύνης
1443 4092 1646 4161 καὶτῆς
1660 4091 1847 4159 σοφίας

273 4181 619 4253 θησαυρούς
665 4182 886 4246 Τούτοις
937 4182 1066 4254 γὰρ,
1111 4183 1295 4253 φησιν,
1338 4181 1673 4253 ὀφθήσομαι·
1708 4179 1845 4255 ἦσαν

271 4273 332 4328 δὲ
378 4270 526 4329 οῦτοι
568 4275 620 4327 οί
682 4272 921 4346 μαθηταὶ
968 4275 1063 4327 καὶ
1124 4274 1406 4328 ἀπόστολοι
1447 4272 1539 4327 τοῦ
1600 4275 1847 4347 Σωτῆρος

1954 3199 2055 3240 nus
2082 3200 2098 3249 ;
2128 3182 2280 3255 palus
2308 3182 2451 3238 facta
2499 3191 2585 3237 est
2615 3179 2812 3246 Sarou,
2846 3179 3127 3236 manifesta
3158 3180 3264 3234 erit
3289 3177 3513 3234 Galilaea

1951 3274 2305 3333 et‘Chermel.
2337 3293 2356 3327 ι
2390 3273 2643 3330 Clemens
2682 3272 2863 3343 itaque
2920 3271 3063 3331 Deus
3109 3270 3330 3341 angelos
3362 3269 3514 3339 pacis

1952 3365 2097 3421 misit
2122 3364 2189 3418 ad
2216 3361 2520 3417 Judaeorum
2554 3360 2832 3431 populum,
2862 3374 3045 3415 amare
3080 3357 3290 3423 ﬂentes,
3330 3372 3393 3411 ac
3421 3372 3512 3412 co-

1950 3458 2229 3515 hortantes
2263 3464 2323 3510 ut
2358 3452 2720 3522 evangelicam
2791 3451 2895 3506 sibi
2945 3463 3132 3519 pacem
3183 3450 3509 3518 reciperent.

1950 3548 2214 3619 Quoniam
2247 3559 2377 3603 vero
2403 3559 2508 3599 non
2542 3548 2862 3612 receperunt
2892 3555 3008 3608 eos,
3039 3540 3113 3594 ita
3156 3538 3429 3609 subjungit
3460 3554 3478 3594 :

2016 3819 2179 3876 Vens.
2211 3820 2299 3876 10.
2324 3838 2343 3873 ι
2366 3819 2520 3875 Nunc
2547 3829 2857 3885 exsurgam,
2890 3812 3022 3869 dicit
3053 3812 3334 3878 Dominus,
3363 3824 3507 3867 nunc

1950 3911 2316 3983 glorilicabor,
2352 3924 2493 3965 nunc
2513 3906 2811 3963 exaltabor.
2845 3923 2865 3958 ι
2902 3902 2995 3960 His
3031 3916 3193 3974 porro
3225 3901 3509 3959 manifeste

1947 4003 2252 4060 declaratur
2282 4002 2415 4074 ipsis
2450 3998 2738 4055 videndum
2771 3998 2937 4053 Deum
2972 4010 3114 4052 esse.
3146 3993 3505 4062 Quibusnam,

1947 4094 2050 4150 nisi
2086 4095 2173 4161 iis,
2212 4093 2305 4163 qui
2356 4092 2580 4163 iustitiae
2622 4099 2678 4145 et
2729 4088 3007 4159 sapientiae
3068 4087 3354 4141 thesauros
3402 4085 3506 4140 sibi

1945 4186 2368 4257 compararunt?
2420 4185 2501 4237 Ab
2561 4182 2715 4252 ipsis,
2767 4180 2965 4250 inquit,
3019 4178 3299 4233 videbor:
3348 4182 3508 4230 erant

1947 4293 2108 4351 porro
2145 4279 2233 4334 isti
2270 4274 2519 4345 discipuli
2550 4283 2605 4330 et
2648 4271 2875 4343 apostoli
2904 4270 3203 4326 Salvatoris
3234 4268 3441 4331 nostri;
3474 4281 3506 4320 a

272 4364 454 4437 ήμῶν,
494 4360 577 4429 οἷς
619 4364 729 4434 ἐγὼ
763 4365 861 4436 μὲν
916 4365 1130 4438 ῶφθην·
1160 4369 1207 4420 0i
1238 4367 1295 4420 δὲ
1332 4366 1563 4438 ἔκραξαν
1594 4368 1843 4433 ἐκτενῶς,

1954 4371 2161 4441 quibus,
2181 4369 2378 4448 inquit,
2401 4381 2500 4437 ego
2511 4365 2725 4436 quidem
2740 4364 2884 4419 visus
2899 4377 3015 4417 sum
3035 4378 3050 4426 ;
3066 4361 3138 4415 illi
3152 4374 3277 4415 vero
3294 4357 3507 4413 assidue

267 4455 499 4525 ἄγγελοι
548 4457 702 4519 ὄντες
746 4456 1000 4528 εἰρήνης·
1036 4456 1117 4510 διὸ
1164 4458 1258 4511 καὶ
1307 4457 1519 4529 πικρῶς
1577 4457 1845 4515 ἔκλαυσαν

1954 4461 2275 4525 clamabant,
2304 4470 2364 4515 ut
2402 4457 2577 4530 angeli
2608 4456 2758 4527 pacis
2784 4473 2798 4509 :
2829 4461 3159 4526 quapropter
3191 4462 3373 4504 amare
3406 4448 3475 4510 lle
3502 4482 3509 4491 η

270 4547 510 4617 βοῶντες
538 4549 596 4600 ἐν
633 4548 814 4619 εὐχαῖς
853 4548 1085 4612 ἐκτενῶς
1143 4549 1282 4622 ὑπὲρ
1325 4549 1425 4620 τῆς
1458 4549 1728 4614 ἀπωλείας
1749 4550 1843 4604 τοῦ

268 4640 543 4711 προτέρου
595 4639 743 4693 λαοῦ.
784 4637 964 4696 Ἦσαν
1001 4640 1109 4711 γὰρ
1156 4641 1207 4693 oi.
1255 4640 1540 4695 ἀπόστολοι
1588 4642 1681 4695 τοῦ
1728 4643 1842 4696 Σω-

265 4732 439 4803 τῆρος
476 4731 635 4801 ήμῶν
683 4732 938 4801 ἄγγελοι,
977 4733 1027 4786 οἶ
1078 4731 1287 4803 πικρῶς
1337 4731 1547 4786 ἔκλαιον
1587 4732 1841 4787 πενθοῦν-

266 4840 394 4887 τες,
435 4823 527 4877 διὰ
589 4823 650 4877 τὸ
705 4824 779 4895 μὴ
830 4824 1113 4878 πείθεσθαι
1170 4822 1303 4894 μηδὲ
1359 4823 1630 4877 πιστεύειν
1665 4825 1846 4888 αὐτοῖς

262 4916 400 4977 τοὺς
446 4914 522 4967 δι’
566 4913 744 4969 αὐτῶν
788 4914 1158 4987 κεκλημένοκ
1190 4914 1281 4967 ἐπὶ
1327 4913 1423 4985 τὴν
1472 4912 1566 4966 τοῦ
1607 4914 1840 4987 Χριστοῦ

263 5008 517 5079 εἰρήνην.

348 5114 369 5147 ι
399 5096 513 5149 Νῦν
560 5096 773 5168 ὄψεσθε,
823 5096 916 5151 νῦν
966 5095 1325 5168 αίσθήσεσοε’
1364 5097 1564 5168 ματαία
1610 5097 1762 5152 ἔσται
1806 5099 1839 5170 ή

261 5190 434 5260 ἰσχὺς
459 5189 552 5243 τοῦ
597 5189 907 5260 πνεύματος
950 5188 1135 5260 ὑμῶν·
1180 5208 1199 5240 ι
1248 5190 1281 5260 ὴ
1323 5189 1412 5241 διὰ
1452 5190 1694 5252 Μωσέως
1744 5191 1843 5242 αύ-

256 5285 381 5346 tot;
419 5282 805 5353 παραδοθεῖσα,
850 5280 945 5335 καὶ
990 5281 1070 5332 ὅτι
1099 5280 1269 5343 οὐδεὶς
1315 5280 1496 5333 οὐκέτι
1540 5280 1734 5343 αὐτοὺς
1766 5282 1845 5344 είς

258 5372 587 5445 ἀνθρώπους
622 5373 896 5439 λογιεῖται.
932 5390 949 5421 ι
974 5370 1092 5441 Πῦρ
1121 5370 1396 5424 κατέδεται
1458 5372 1601 5441 ὑμᾶς
1630 5387 1642 5399 ·
1691 5390 1708 5421 ι
1747 5369 1842 5440 τὴν

259 5463 527 5539 δευτέραν
590 5464 753 5518 αὑτοῦ
795 5462 891 5517 καὶ
950 5461 1154 5526 ἔνδοξον
1208 5462 1507 5533 παρουσίαν
1574 5462 1839 5531 ἐπαγγελ-

266 5556 531 5629 λόμενος,
578 5556 701 5611 καθ’
732 5555 800 5627 ἣν
849 5554 1091 5625 ὄψονται.

1948 4552 2124 4617 bant,
2179 4550 2509 4607 clamoribus
2559 4557 2615 4604 et
2658 4547 2999 4603 orationibus
3047 4541 3281 4599 assiduis
3337 4539 3507 4610 prisci

1949 4644 2130 4715 populi
2160 4643 2455 4713 perniciem
2480 4640 2845 4711 depiorantes.
2880 4639 2950 4692 At
2973 4635 3112 4690 enim
3129 4632 3353 4704 apostoli
3382 4630 3475 4686 Sal
3500 4660 3507 4671 ν

1947 4736 2152 4791 vatoris
2186 4734 2354 4791 nostri
2389 4732 2567 4804 angeli
2597 4743 2777 4797 erant,
2807 4730 2896 4800 qui
2926 4726 3135 4783 acerbis
3169 4738 3290 4781 sese
3334 4723 3506 4794 lacrty-

1943 4828 2048 4885 mis
2079 4828 2417 4892 dediderant,
2448 4825 2589 4894 quod
2620 4824 2677 4890 ii,
2700 4822 2792 4893 qui
2821 4820 2889 4875 ab
2921 4834 2978 4875 se
3007 4821 3073 4873 ad
3124 4830 3314 4887 pacem
3340 4815 3502 4870 Chri—

1942 4920 2012 4975 sti
2056 4919 2430 4981 vocabantur,
2488 4929 2595 4969 non
2647 4912 3119 4979 obtemperarent,
3172 4919 3347 4977 neque
3396 4904 3501 4959 sibi

1944 5010 2101 5065 ﬁdem
2133 5008 2415 5063 haberent.
3106 5035 3113 5041 -

2015 5098 2182 5154 Vens.
2216 5098 2304 5152 ll.
2350 5116 2368 5149 ι
2390 5096 2541 5152 Nunc
2569 5092 2840 5155 videbitis,
2864 5105 3007 5145 nunc
3055 5085 3296 5142 sentietis
3321 5102 3333 5137 :
3362 5096 3499 5137 vana

1944 5188 2049 5245 erit
2079 5188 2341 5243 fortitudo
2373 5187 2596 5251 spiritus
2639 5182 2802 5238 vestri
2837 5197 2894 5233 ει
2925 5191 3045 5249 ιιυὲ
3079 5175 3210 5246 ipsis
3246 5188 3277 5228 a
3308 5173 3496 5241 Moyse

1944 5279 2067 5331 data
2104 5275 2302 5343 fuerat,
2338 5278 2462 5346 quia
2494 5288 2649 5329 nemo
2675 5274 2821 5342 ipsos
2857 5271 2910 5325 in
2941 5278 3214 5340 posterum
3252 5266 3498 5321 homines

1942 5367 2235 5437 reputabit.
2273 5388 2291 5419 ι
2317 5367 2461 5437 Ignis
2487 5365 2910 5423 devorabitvos,
2953 5378 2971 5412 ι
3008 5359 3092 5414 his
3119 5359 3414 5415 secundum
3441 5369 3497 5411 et

1938 5461 2228 5532 gloriosum
2269 5459 2554 5514 adventum
2605 5470 2760 5510 suum
2807 5454 3120 5524 pollicetur,
3150 5467 3260 5525 quo
3298 5450 3375 5506 illi
3403 5450 3499 5521 ,νῖν

1937 5551 2157 5608 debunt.

230 5634 246 5674 ’
328 5674 451 5745 (ιο)
492 5671 589 5728 Vel
639 5672 925 5740 legendum
950 5673 999 5726 οἱ
1032 5672 1149 5730 sine
1178 5679 1425 5737 accentu,
1456 5668 1541 5727 vel
1576 5668 1925 5741 supplendum
1958 5662 2437 5724 verbumrolxoﬁct.
2474 5657 2629 5716 Εοιτ.
