4072 6194
545 264 650 319 5Ξῖ
1208 264 1479 323 EUSEBII
1518 260 1983 323 CESARIENSIS
2016 258 2166 316 OPP.
2208 258 2392 315 PARS
2429 258 2519 317 Ill.
2558 290 2629 301 —
2661 258 3072 319 EXEGETICA.
3661 267 3771 324 528

614 384 774 437 Vens.
827 384 1011 439 12-”.
1055 384 1163 440 «Et
1214 399 1375 442 erunt
1424 399 1615 459 gentes
1672 388 1988 451 combustaa,
2044 386 2175 444 utA

2160 404 2175 444 ι
2280 398 2300 432 ι
2331 380 2440 434 Καὶ
2481 380 2690 435 ἔσονται
2737 380 2863 452 ἔθνη
2914 379 3404 451 κατακεκαυμένα,
3442 381 3516 446 ὡς
3560 381 3768 439 ἀκανθ(ι

540 476 691 545 spina
728 478 778 531 in
809 492 940 548 agro
966 478 1203 548 proiecta
1231 491 1285 536 et
1314 494 1526 536 exusta.
1557 482 1794 536 Audierit
1824 481 1913 551 qui
1943 481 2100 552 longe

2202 470 2263 521 ὲν
2312 468 2469 540 ἀγρῷ
2529 469 2832 541 ὲρῥιμμένη
2894 471 2987 524 καὶ
3050 471 3528 542 κατακεκαυμένη.
3577 474 3766 528 ’Δκού-

540 578 689 633 sunt,
729 583 847 637 qua:
883 584 983 638 ego
1009 568 1440 641 feci,scicntqui
1481 572 1911 642 appropinquant
1956 572 2101 627 forti-

2205 578 2386 613 σονται
2427 560 2476 612 οἱ
2511 559 2787 629 πόρρωθεν
2830 560 2867 613 ὃ.
2900 561 3147 631 ἐποίησα,
3196 560 3494 629 γνώσονται
3536 564 3585 615 οἱ
3618 563 3768 632 ἐγγί-

541 660 782 711 tudinem
824 674 1019 716 meam.
1076 659 1438 716 Recesserunt
1490 663 1581 731 qui
1635 672 1795 716 erant
1857 664 1909 716 in
1970 662 2099 717 Sion

2205 652 2387 717 ζοντες
2428 652 2527 723 τὴν
2575 652 2725 722 ἰσχύν
2761 669 2879 722 μου.
2919 654 3254 725 Ἀπέστησαν
3283 655 3333 707 oi
3376 656 3435 709 ὲν
3481 655 3618 708 Σιὼν
3649 654 3769 710 ἀνο-

540 750 743 817 iniqui:
778 751 1142 820 apprehendet
1173 762 1376 806 tremor
1405 754 1618 823 impios.
1648 772 1665 806 ι
1718 753 1940 808 Etiamsi
1987 754 2100 809 haec

2204 761 2327 815 μοι·
2364 743 2590 815 λήψεται
2621 742 2820 813 τρόμος
2858 744 2981 808 τοὺς
3021 746 3251 809 ἀσεϐεῖς.
3279 764 3299 799 ι
3340 747 3405 799 Et
3457 746 3554 800 καὶ
3597 745 3771 801 ταῦτα

538 858 641 896 non
659 843 721 896 de
736 843 840 898 illis
857 860 917 897 ex
936 841 1158 899 Judaico
1180 846 1376 915 populo
1393 847 1735 909 vaticinetur,
1772 848 1860 914 qui
1890 850 2103 901 annuo;

2202 838 2276 909 μὴ
2309 837 2439 908 περὶ
2470 835 2578 889 τῶν
2611 834 2915 905 δεξαμένων
2957 835 3054 906 τὴν
3084 837 3558 906 εὐαγγελισθεῖσαν
3588 839 3771 903 αὐτοῖς

539 938 726 990 liatam
777 938 875 992 sibi
926 938 1156 1007 gratiam
1191 949 1540 1009 acceperunt,
1571 955 1667 995 vos
1701 940 1900 995 auditis
1950 940 2100 994 hisce

2199 930 2357 1000 χάριν
2393 928 2660 983 Ἰουδαίων
2704 928 2834 982 λαοῦ
2879 929 3157 993 Θεσπίζει,
3205 931 3393 1000 ὑμεῖς,
3442 930 3612 1002 ἀκοὴν
3660 932 3770 987 τῶν

535 1031 869 1100 propheticis
923 1032 1288 1097 sermonibus,
1340 1048 1447 1087 non
1510 1033 1833 1104 intelligitis,
1863 1033 2099 1088 scientes

2200 1020 2552 1092 προφητικῶν
2599 1018 2800 1073 τούτων
2854 1020 3027 1089 λόγων
3078 1022 3398 1085 ἀκούοντες,
3447 1024 3506 1076 οὐ
3558 1023 3768 1077 συνίετε

536 1121 671 1184 haec,
697 1138 813 1189 qum
848 1121 1110 1176 Hebraice
1146 1123 1297 1177 vobis
1329 1124 1609 1178 enuntiata
1641 1133 1695 1178 et
1722 1124 1920 1191 scripta
1949 1132 2095 1187 sunt,

2197 1112 2572 1180 γινώσκοντες,
2599 1112 2678 1165 ὅτι
2703 1111 2874 1167 ταῦτα
2900 1112 3126 1183 τὰσπρὸς
3152 1114 3294 1183 ὑμᾶς
3324 1113 3582 1185 Ἐϐραῖκῇ
3613 1117 3764 1187 φωνῇ

536 1226 745 1265 necnon
778 1212 958 1265 omnia
1007 1211 1095 1264 illa
1124 1211 1368 1283 prodigia
1399 1227 1516 1281 quce
1542 1214 1685 1281 apud
1709 1221 2091 1276 vos'0peratus

2198 1204 2499 1274 λαλούμενά
2526 1220 2585 1255 τε
2615 1204 2707 1257 καὶ
2752 1204 3092 1274 γραφόμενα,
3132 1206 3229 1258 ὅσα
3261 1223 3321 1259 τε
3351 1206 3482 1259 ἀλλα
3514 1207 3768 1279 θαύματα

533 1314 672 1361 sum,
701 1309 756 1353 et
784 1315 903 1369 qua:
934 1301 1071 1370 apud
1103 1316 1195 1356 vos
1222 1301 1435 1355 locutus
1477 1317 1618 1367 sum,
1652 1312 1949 1356 necnon'ea
1978 1316 2099 1371 quae

2197 1295 2281 1356 είς
2313 1293 2456 1363 ὑμᾶς
2488 1291 2888 1364 ὲξεπραξάμην,
2930 1294 2977 1345 οἱ
3012 1293 3291 1364 πόρρωθεν
3336 1294 3429 1348 καὶ
3464 1294 3623 1367 μέχρι
3657 1296 3769 1352 τῶν

532 1392 844 1446 videntibus
888 1392 1043 1446 vobis
1096 1407 1214 1446 sum
1250 1399 1525 1460 operatus,
1558 1407 1587 1445 a
1618 1392 1869 1460 gentibus
1907 1392 2097 1462 procul

2195 1386 2438 1455 ἐσχάτων
2490 1386 2591 1456 τῆς
2641 1387 2744 1457 γῆς
2797 1385 3099 1451 οἰκοῦντες,
3156 1388 3249 1441 καὶ
3299 1388 3440 1459 ἅπερ
3474 1392 3602 1461 παρ’
3636 1390 3766 1461 ὑμῖν

531 1493 587 1537 et
607 1484 673 1537 ad
708 1493 949 1538 extrema
984 1493 1146 1537 terra:
1191 1484 1429 1538 auditum
1474 1483 1561 1537 iri.
1594 1482 1871 1551 Quomodo
1912 1495 2095 1541 autem

2195 1478 2467 1549 ἐλάλησα,
2511 1480 2605 1534 καὶ
2653 1479 2805 1551 ὑμῶν
2868 1479 3120 1552 ὁρώντων
3167 1482 3428 1551 ἐποίησα,
3460 1484 3508 1535 οἱ
3555 1485 3613 1536 ὲν
3652 1487 3766 1549 τοῖς

533 1574 776 1639 audient,
824 1575 928 1630 nisi
972 1575 1038 1629 ad
1087 1576 1251 1629 Deum
1305 1576 1646 1639 accedentes,
1679 1591 1798 1631 eum
1838 1577 2093 1632 virtutem

2194 1571 2392 1641 πέρασι
2430 1572 2527 1643 τῆς
2570 1572 2888 1644 οἰκουμένης
2915 1572 3252 1627 ἀκούσονται.
3287 1574 3413 1639 Πῶς
3440 1576 3497 1629 δὲ
3529 1576 3766 1645 γνώσον-

531 1666 646 1730 eius
677 1665 1043 1721 edidicerint?
1076 1666 1138 1720 lli
1193 1680 1323 1720 vero
1371 1666 1497 1736 ipsi,
1530 1665 1785 1723 videlicet
1842 1668 1991 1738 impii
2039 1669 2093 1723 in

2192 1679 2284 1715 ται
2328 1662 2441 1716 ἀλλ’
2480 1662 2513 1733 ἢ
2567 1663 2878 1732 ὲγγίσαντες
2915 1663 2993 1734 τῷ
3039 1664 3188 1736 Θεῷ,
3230 1667 3327 1719 καὶ
3378 1668 3767 1737 προσελθόντες

532 1756 661 1811 Sion
699 1764 998 1821 versantes,
1042 1771 1150 1826 quo
1191 1765 1350 1827 pacto
1393 1771 1424 1811 a
1475 1771 1561 1812 me
1587 1760 1930 1827 recesserint,
1966 1774 2095 1830 cog-
2128 1747 2140 1802 1

2159 1751 2344 1826 ιαύτῷ
2384 1755 2477 1807 καὶ
2514 1754 2610 1825 τὴν
2644 1755 2795 1825 ίσχὺν
2842 1754 3003 1808 αὐτοῦ
3054 1756 3464 1829 μεμαθηκότες;
3511 1752 3668 1812 Οὗτοι
3707 1759 3767 1813 δὲ

530 1860 800 1904 noscent:
834 1865 937 1920 qua
978 1850 1046 1904 de
1098 1863 1286 1915 causa,
1335 1849 1407 1905 ob
1458 1849 1814 1906 defectionem
1864 1851 2092 1919 scilicet,

2197 1846 2350 1899 αὐτοὶ
2393 1846 2628 1900 εἴσονται
2686 1846 2834 1911 ὅπως
2890 1846 3201 1918 ἀπέστησάν
3262 1865 3383 1919 μου,
3422 1851 3470 1902 oi
3523 1852 3581 1902 ὲν
3626 1850 3769 1906 Σιὼν

531 1952 733 1998 tremor
760 1942 977 1998 invadet
1004 1944 1147 2000 illos.

2186 1938 2386 2019 ﬁvopoc
2408 1955 2421 1970 ·
2457 1933 2519 1993 οὗ
2546 1939 2705 2010 χάριν
2743 1938 2830 1992 διὰ
2861 1938 2958 2011 τὴν
2989 1940 3321 1994 ἀποστασίαν
3369 1941 3565 2008 αὐτῶν,
3601 1942 3769 2014 λήψε-

2192 2045 2284 2081 ται
2309 2029 2507 2092 αὐτοὺς
2536 2028 2756 2100 τρόμος.

599 2121 761 2176 Vens.
783 2123 867 2177 l5.
889 2122 1047 2190 (Quis
1075 2124 1416 2178 annuntiabit
1437 2125 1585 2180 vobis
1603 2125 1776 2195 ignem
1803 2141 2092 2181 accensun.

2270 2138 2290 2172 ‹
2318 2121 2413 2184 Τίς
2441 2120 2731 2188 ἀναγγελεῖ
2758 2121 2886 2192 ὑμῖν
2934 2121 3015 2174 ὅτι
3044 2119 3155 2192 πῦρ
3187 2122 3432 2187 καίεται;
3468 2122 3563 2187 Τίς
3593 2124 3768 2193 ἀναγ-

525 2213 684 2265 esse?
715 2212 845 2278 Quis
876 2213 1216 2269 annuntiabit
1257 2214 1407 2270 vobis
1449 2215 1622 2270 locum
1658 2218 1958 2272 mternum?
1989 2217 2090 2283 Qui

2189 2210 2338 2279 γελεῖ
2367 2212 2493 2280 ὑμῖν
2530 2212 2623 2264 τὸν
2666 2212 2831 2265 τόπον
2871 2212 2964 2265 τὸν
3008 2210 3252 2277 αἰώνιονς
3299 2214 3671 2285 Πορευόμενος
3704 2217 3768 2268 ὲν

526 2302 771 2355 ambulat
800 2303 850 2356 in
889 2302 1123 2371 justitia,
1157 2304 1248 2374 qui
1290 2303 1527 2373 loquitur
1561 2315 1759 2360 rectam
1796 2300 1960 2373 viam,
1995 2308 2089 2377 qui

2189 2300 2518 2373 δικαιοσύνῃ,
2550 2300 2726 2354 λαλῶν
2768 2300 2984 2355 εὐθεῖαν
3016 2302 3154 2364 ὁδὸν,
3191 2302 3362 2373 μισῶν
3392 2303 3621 2373 ἀνομίαν
3660 2305 3764 2358 καὶ

525 2392 639 2445 odit
672 2392 1014 2461 iniquitatem
1044 2404 1099 2450 et
1129 2395 1469 2464 iniustitiam,
1498 2396 1590 2465 qui
1619 2411 1809 2451 manus
1832 2400 2037 2453 excutit
2059 2414 2090 2455 a

2190 2389 2421 2455 ἀδικίαν,
2452 2390 2544 2443 καὶ
2570 2390 2670 2453 τὰς
2724 2393 2911 2461 χεῖρας
2956 2391 3340 2462 ἀποσειόμενος
3390 2391 3500 2445 ἀπὸ
3546 2392 3764 2464 δώρων,

530 2485 865 2550 muneribus,
910 2486 999 2555 qui
1054 2487 1272 2542 obturat
1312 2502 1491 2549 aures,
1528 2502 1593 2541 ne
1617 2488 1795 2541 audiat
1825 2486 2088 2556 judicium

2191 2480 2437 2553 βαρύνων
2472 2480 2541 2534 τὰ
2571 2475 2716 2547 ὦτα,
2761 2481 2846 2535 ἵνα
2892 2481 2966 2553 μὴ
3033 2482 3238 2555 ἀκούσῃ
3273 2484 3453 2556 κρίσιν
3499 2485 3762 2556 αἵματος,

524 2576 823 2645 sanguinis,
846 2578 934 2646 qui
949 2577 1151 2632 claudit
1169 2579 1374 2642 oculos,
1390 2596 1456 2635 ne
1473 2580 1653 2634 videat
1671 2580 2035 2648 iniquitatem.
2065 2602 2083 2633 ι

2189 2569 2459 2639 καμμύων
2511 2570 2636 2633 τοὺς
2686 2569 3027 2641 ὀφθαλμοὺς,
3076 2572 3162 2624 ῖνα
3208 2571 3281 2643 μὴ
3334 2572 3420 2646 ἴδῃ
3466 2574 3699 2628 ἀδικίαν.
3737 2594 3756 2627 ι

525 2665 615 2720 Ait
642 2666 838 2737 igitur:
865 2686 883 2718 ι
913 2668 1043 2734 Quis
1059 2671 1394 2726 annuntiabit
1422 2672 1570 2726 vobis
1604 2672 1779 2741 ignem
1798 2686 2089 2729 accensum

2186 2661 2324 2730 Φησὶ
2354 2660 2505 2729 γοῦν,
2541 2679 2561 2715 ι
2583 2660 2680 2724 Τίς
2717 2662 3003 2730 ἀναγγελεῖ
3039 2663 3164 2734 ὑμῖν
3205 2663 3285 2716 ὃτι
3330 2663 3705 2736 πῦρκαίεται,
3732 2686 3756 2721 ι

525 2773 727 2823 esse,»
782 2771 1025 2830 paratum
1078 2761 1289 2816 diabolo
1348 2774 1402 2817 et
1468 2763 1675 2834 angelis
1736 2764 1895 2834 ejus?
1954 2764 2088 2832 Quis

2188 2752 2248 2805 τὸ
2279 2753 2677 2824 ἡτοιμασμένον
2716 2753 2793 2825 τῷ
2834 2754 3062 2825 διαϐόλῳ
3106 2755 3200 2808 καί
3238 2757 3349 2819 τοῖς
3384 2756 3627 2824 ἀγγέλοις
3657 2758 3764 2811 αὺ-

525 2861 657 2918 ergo
682 2849 781 2903 ista
821 2852 1122 2915 cognoscit,
1150 2862 1211 2907 ut
1256 2854 1441 2908 eadem
1479 2856 1849 2910 nescientibus
1901 2855 2089 2911 testiﬁ-

2187 2845 2315 2911 τοῦ;
2361 2846 2457 2908 Τίς
2496 2842 2588 2900 οὖν
2620 2848 2765 2899 ἐστιν
2800 2847 2829 2898 6
2855 2846 3030 2901 ταῦτα
3069 2847 3242 2912 εἰδὼς,
3271 2849 3367 2903 καὶ
3412 2852 3522 2913 τοῖς
3566 2849 3639 2921 μὴ
3677 2851 3760 2903 εἰ·-

527 2949 716 3003 cetur,
749 2940 850 2993 nisi
907 2943 1154 3009 quisquis
1205 2944 1443 2999 ambulat
1501 2948 1553 3000 in
1606 2946 1842 3017 justitia,
1886 2956 1941 3004 et
1977 2947 2090 3003 odit

2186 2938 2299 2991 δόσι
2340 2938 2958 3009 προσμαρτυρούμενος,
3005 2940 3039 3010 ἢ
3088 2942 3196 3005 πᾶς
3231 2942 3260 2993 6
3291 2941 3651 3013 πορευόμενος
3692 2944 3758 2997 ἓν

524 3028 855 3100 impietatem
881 3042 935 3085 et
958 3031 1273 3101 injustitiam
1300 3051 1313 3099 ;
1340 3034 1375 3088 ii
1429 3037 1519 3105 qui
1546 3052 1771 3092 munera
1804 3047 2083 3108 respuunt,
2116 3095 2132 3108 ι

2147 3098 2152 3108 Ι
2186 3029 2529 3101 δικαιοσύνη,
2564 3030 2657 3083 καὶ
2692 3032 2801 3093 πᾶς
2839 3032 2867 3083 6
2901 3031 3073 3101 μισῶν
3107 3032 3355 3086 ἀσέϐειαν
3396 3034 3487 3087 καὶ
3522 3034 3755 3105 ἀδικίαν,

525 3127 581 3172 et
603 3095 771 3173 aures
802 3095 1076 3183 obturant,
1111 3136 1176 3175 ne
1206 3095 1716 3192 audiantjudicium
1766 3095 2080 3197 sanguinis,
2109 3095 2133 3154 ί

2183 3095 2505 3191 δωροδοκίαν
2553 3137 2613 3173 τε
2656 3095 3151 3191 ἀποστρεφόμενοι,
3204 3122 3395 3176 καὶτὰ
3444 3117 3555 3176 ὦτα
3588 3095 3764 3193 φράτζ

524 3208 821 3280 oculosque
858 3211 1132 3279 claudunt,
1169 3228 1238 3269 ne
1287 3215 1502 3270 videant
1552 3217 1796 3288 iniquum
1833 3218 2086 3276 facinus?

2184 3229 2366 3276 τοντες
2395 3213 2490 3266 τοῦ
2520 3212 2593 3283 μὴ
2621 3212 2848 3265 ἀκοῦσαι
2881 3212 3057 3282 κρίσιν
3081 3212 3327 3282 αἵματος,
3361 3214 3601 3283 μυῶντες
3629 3215 3763 3281 τοὺς

525 3300 673 3359 Talis
697 3314 815 3358 erat
846 3305 1045 3360 chorus
1088 3307 1472 3375 prophetarum
1508 3307 1623 3376 Dei,
1654 3321 1708 3364 ct
1742 3311 1969 3380 quilibet
2004 3314 2088 3368 vir

2184 3302 2493 3376 ὀφθαλμοὺς
2525 3304 2620 3358 τοῦ
2670 3305 2744 3375 μὴ
2774 3304 2993 3375 θεωρεῖν
3025 3304 3205 3357 ἄδικον
3239 3304 3470 3375 πρᾶξινς
3505 3307 3761 3374 Τοιοῦτος

524 3394 827 3464 religiosus,
848 3394 1045 3450 chorus
1072 3396 1194 3450 item
1225 3398 1588 3467 apostolorum
1621 3408 1677 3453 et
1703 3400 2085 3468 discipulorum

2184 3394 2241 3448 δὲ
2266 3390 2334 3466 ἦν
2355 3396 2383 3447 6
2418 3394 2577 3469 χορὸς
2602 3394 2710 3447 τῶν
2738 3393 3028 3464 προφητῶν
3053 3392 3146 3447 τοῦ
3184 3393 3339 3460 Θεοῦ,
3371 3396 3465 3448 καὶ
3497 3398 3605 3458 πᾶς
3637 3397 3764 3452 θεο-

526 3484 827 3540 Salvatoris
864 3489 1058 3541 nostri.
1088 3488 1342 3559 Quisquis
1376 3489 1556 3561 igitur,
1592 3492 1766 3556 aiunt,
1812 3493 2087 3563 hnjusmo-

2187 3486 2345 3557 φιλὴς
2375 3487 2532 3557 ἀνὴρ,
2560 3486 2588 3538 ὅ
2612 3502 2671 3539 τε
2702 3486 2863 3555 χορὸς
2893 3486 2999 3538 τῶν
3033 3485 3343 3539 ἀποστόλων
3373 3487 3467 3539 καὶ
3495 3488 3763 3560 μαθητῶν

523 3575 578 3629 di
600 3576 725 3639 erit,
755 3576 801 3631 is
822 3577 1164 3633 annuntiabit
1194 3580 1371 3643 nobis,
1409 3580 1587 3650 ignem
1631 3581 1811 3652 impiis
1836 3592 2083 3653 paratum

2186 3578 2434 3649 Σωτῆρος
2473 3576 2647 3648 ἡμῶν.
2696 3578 2810 3640 Πᾶς
2847 3576 3025 3629 τοίνυν
3071 3578 3100 3629 6
3129 3577 3367 3641 τοιοῦτος
3417 3579 3758 3648 ἀπαγγέλλει

524 3680 813 3722 accensum
848 3682 1004 3723 esse:
1043 3669 1292 3740 idemque
1333 3671 1448 3739 ipse
1488 3671 1667 3727 locum
1703 3674 1859 3728 nobis
1892 3674 2082 3729 aeterni

2184 3673 2335 3742 ἡμῖν,
2365 3672 2517 3739 φασὶ,
2560 3670 2691 3723 διότι
2739 3670 2851 3742 πῦρ
2891 3670 3101 3724 καίεται
3146 3673 3259 3734 τοῖς
3306 3671 3554 3726 ἀσεϐέσιν
3605 3675 3761 3745 ἡτοι-

516 3756 707 3828 judicii
744 3760 1022 3827 indicabit,
1056 3772 1391 3816 eontestatus
1417 3763 1716 3817 cavendum
1748 3778 1889 3831 esse,
1922 3774 1983 3821 ut
2017 3780 2087 3821 ne

2188 3761 2491 3832 μασμένον·
2538 3763 2566 3814 6
2606 3760 2663 3814 δὲ
2709 3761 2869 3823 αὐτὸς
2916 3761 3010 3814 καὶ
3054 3760 3142 3814 τὸν
3186 3762 3351 3815 τόπον
3394 3762 3493 3833 τῆς
3531 3766 3755 3823 αἰωνίου

520 3865 590 3906 eo
614 3853 942 3909 decidamus.

2186 3850 2417 3925 κρίσεως
2457 3852 2684 3924 δηλώσει
2727 3854 2878 3922 ἡμῖν,
2923 3854 3506 3927 προσμαρτυρούμενος
3548 3860 3756 3928 φυλάτ-

2185 3946 2370 3999 τεσθαι
2408 3945 2484 4017 μὴ
2514 3947 2831 4017 περιπεσεῖν
2858 3946 2938 4009 εἰς
2963 3946 3150 4018 αὐτήν.

597 4030 880 4113 γεκαίϐ.
937 4048 956 4082 ι
1018 4029 1115 4086 llic
1163 4030 1424 4086 habitabit
1472 4030 1525 4085 in
1566 4031 1780 4087 excelsa
1818 4032 2083 4104 spelunca

2261 4059 2278 4091 ι
2309 4034 2473 4102 Οὗτος
2504 4040 2711 4111 οἰκήσει
2762 4040 2820 4092 ἐν
2870 4039 3054 4110 ύψήλῳ
3087 4038 3331 4110 σπηλαίῳ
3368 4041 3570 4111 πέτρας
3599 4042 3758 4113 ίσχυ-

520 4135 686 4193 petrae
718 4112 886 4177 ﬁrma:
919 4120 1114 4193 :panis
1140 4122 1189 4176 ei
1222 4121 1459 4189 dabitur,
1511 4133 1566 4177 et
1611 4138 1745 4193 aqua
1788 4122 1905 4193 ejus
1952 4125 2083 4180 lide-

2187 4132 2316 4203 ρᾶς·
2372 4132 2535 4203 ἄρτος
2580 4129 2728 4201 αὐτῷ
2783 4128 3084 4201 δοθήσεται,
3130 4131 3222 4182 καὶ
3272 4130 3332 4182 τὸ
3389 4130 3531 4201 ὕδωρ
3584 4112 3754 4186 αὐτοῦ

521 4216 607 4270 lis.
644 4234 661 4266 ι
695 4214 838 4269 Idem
878 4214 993 4284 ipse
1040 4212 1225 4282 procul
1273 4214 1397 4283 igne
1422 4252 1439 4278 ,
1473 4222 1528 4269 et
1561 4226 1855 4269 memorato
1881 4225 2086 4271 aeterno

2186 4221 2396 4274 πιστόν.
2437 4240 2454 4272 ι
2488 4221 2659 4284 Αὐτὸς
2698 4220 2753 4274 δὲ
2804 4213 2978 4283 οὗτος,
3014 4218 3229 4291 μακρὰν
3258 4219 3351 4272 τοῦ
3398 4221 3564 4293 πυρὸς
3594 4238 3755 4290 γεγο-

520 4309 641 4363 loco
671 4316 907 4361 remotus
930 4347 946 4372 ,
979 4306 1243 4361 habitabit
1273 4306 1326 4360 in
1372 4307 1585 4362 excelsa
1616 4307 1867 4378 spelunca
1892 4339 1915 4371 ,-
1942 4318 1996 4363 et
2030 4309 2082 4364 in

2186 4312 2292 4376 νὼς
2322 4312 2531 4367 καὶτοῦ
2572 4312 2958 4383 προλεχθέντος
2988 4313 3205 4381 αἰωνίου
3235 4312 3422 4377 τόπου,
3455 4316 3659 4384 οἰκήσει
3693 4317 3756 4368 ἐν

518 4410 672 4470 petra
706 4399 881 4453 firma.
934 4396 1239 4452 Secundum
1274 4396 1660 4468 Symmachum
1692 4413 1821 4453 vero
1845 4435 1863 4463 ,
1901 4416 1919 4450 ι
1967 4398 2084 4467 Ipse
2114 4443 2126 4498 1

2147 4404 2375 4494 ,ὑψηλῷ
2427 4404 2694 4475 σπηλαίῳ,
2736 4404 2829 4457 και
2875 4404 2968 4455 ἐπὶ
3009 4384 3212 4474 πέτρας
3248 4406 3490 4476 ἰσχυρᾶς.
3515 4407 3671 4498 Κατὰ
3696 4409 3755 4461 δὲ

519 4493 573 4547 in
604 4491 832 4547 excelsis
872 4489 1181 4554 habitabit,
1229 4490 1382 4559 quasi
1422 4492 1754 4544 munimenta
1809 4499 2081 4559 petrarum
2114 4489 2127 4498 '

2143 4489 2153 4495 7
2184 4495 2276 4550 τὸν
2299 4496 2614 4565 Σύμμαχον,
2668 4514 2687 4545 ι
2736 4494 2922 4557 Ἀὐτὸς
2955 4496 3011 4546 ὲν
3045 4494 3268 4565 ὑψηλοῖς
3316 4497 3751 4567 κατασκηνώσει,

514 4582 821 4637 sublimitas
846 4580 999 4651 ejus;
1042 4597 1061 4630 ι
1095 4587 1152 4632 ιιι
1181 4592 1246 4633 ex
1288 4578 1371 4634 his
1398 4579 1677 4633 beatorum
1723 4579 2041 4633 exercitium
2066 4617 2084 4644 ,

2185 4588 2260 4650 ὼς
2295 4588 2545 4657 περιοχαὶ
2575 4585 2788 4656 πετρῶν
2808 4585 2868 4639 τὸ
2895 4585 3026 4655 ὕψος
3050 4584 3212 4639 αὐτοῦ
3230 4603 3244 4618 ο
3281 4606 3299 4640 ι
3326 4588 3401 4651 ὡς
3435 4591 3571 4642 νοεῖν
3601 4593 3754 4662 ἡμᾶς

510 4685 573 4730 et
603 4675 910 4730 institutum
938 4674 1062 4728 vitae
1100 4672 1156 4726 in
1207 4686 1414 4726 summa
1460 4670 1802 4739 philosophia
1851 4669 2085 4739 positum

2183 4677 2269 4731 διὰ
2301 4677 2504 4732 τούτων
2541 4677 2637 4749 τὴν
2684 4678 2790 4731 τῶν
2818 4678 3098 4750 μακαρίων
3126 4680 3375 4749 ἄσκησιν,
3416 4682 3507 4733 καὶ
3553 4682 3644 4735 τὸν
3694 4686 3751 4737 ὲν

518 4767 881 4838 intelligamus
910 4783 923 4821 :
954 4764 1303 4836 quamobrem
1346 4763 1598 4826 infertur,
1640 4780 1659 4814 ι
1694 4761 1857 4817 Panis
1904 4763 1954 4817 ei
1988 4763 2084 4817 da-

2184 4769 2469 4841 ἀκροτάτῳ
2499 4770 2813 4839 φιλοσοφίας
2852 4770 2962 4841 βίον
3007 4770 3218 4824 αὐτῶνθ
3275 4772 3355 4825 διὸ
3405 4772 3749 4841 ὲπιλέγετας,

513 4861 682 4928 bitur,
708 4871 763 4914 et
791 4874 928 4930 aqua
960 4860 1075 4929 ejus
1115 4857 1306 4915 ﬁdelis.
1349 4876 1367 4909 ι
1404 4856 1550 4913 Talis
1575 4866 1753 4913 autem
1786 4857 1950 4912 homo
1985 4873 2086 4927 pa-

2192 4882 2210 4914 ι
2246 4864 2409 4933 ἄρτος
2436 4863 2581 4936 αύτῷ
2609 4863 2913 4934 δοθήσεται,
2940 4865 3032 4917 καὶ
3052 4864 3111 4916 τὸ
3138 4864 3280 4936 ὕδωρ
3308 4866 3470 4919 αὐτοῦ
3499 4868 3745 4923 πιστόν.)

517 4972 584 5009 ne
603 4967 656 5011 et
677 4969 817 5024 aqua
860 4954 912 5008 in
941 4952 1195 5024 prtesenti
1224 4952 1332 5006 vita
1375 4953 1442 5007 ad
1479 4954 1793 5008 alimentum
1838 4968 1986 5017 usus,
2021 4952 2079 5006 in

2199 4959 2257 5011 Ὀ
2286 4958 2343 5011 δὲ
2367 4957 2624 5021 τοιοῦτος,
2662 4958 2811 5029 ἄρτῳ
2845 4957 2939 5011 καὶ
2976 4956 3124 5011 ὕδατι
3153 4958 3251 5029 τὴν
3284 4958 3561 5031 παροῦσαν
3598 4958 3750 5031 ζωὴν

511 5048 927 5105 exercitationis
964 5049 1250 5102 terminum
1285 5059 1338 5102 ct
1374 5048 1633 5114 fructum,
1670 5050 1959 5121 gloriosam
1996 5063 2081 5105 re-

2187 5050 2465 5121 ἀσκηθεὶς,
2502 5050 2673 5122 πέρας
2701 5048 2810 5113 ἕξει
2844 5050 2938 5103 καὶ
2964 5050 3174 5121 καρπὸν
3205 5050 3304 5120 τῆς
3335 5052 3618 5123 ἀσκήσεως
3647 5054 3751 5124 τὴν

516 5142 600 5209 gis
624 5140 1127 5211 contemplationem
1155 5139 1353 5196 referet
1379 5163 1392 5198 :
1431 5153 1762 5212 quapropter
1784 5144 1861 5197 ait
1892 5162 1906 5198 :

1703 5158 1762 5198 er
1784 5144 1861 5197 ait
1892 5162 1906 5198 :
2187 5141 2392 5208 ἔνδοξον
2413 5141 2506 5194 τοῦ
2537 5141 2795 5211 βασιλέως
2819 5141 2945 5195 θέαν
2966 5159 2979 5172 °
3009 5143 3089 5196 διό
3113 5159 3272 5213 φησιν
3295 5159 3308 5173 ο

588 5237 750 5296 Vens.
784 5238 998 5296 17-19.
1056 5256 1075 5289 ι
1113 5237 1309 5308 Regem
1375 5250 1494 5293 cum
1562 5235 1731 5307 gloria
1788 5234 2079 5301 videbitis,

2261 5254 2278 5286 ι
2318 5234 2545 5288 Βασιλέα
2577 5234 2713 5305 μετὰ
2754 5234 2912 5307 δόξης
2937 5235 3149 5304 ὄψεσθε,
3188 5236 3236 5287 οἱ
3278 5234 3546 5307 ὀφθαλμοὶ
3593 5235 3751 5307 ὑμῶν

515 5330 657 5384 oculi
695 5334 858 5388 vestri
906 5341 1131 5389 cerneut
1182 5338 1377 5384 terram
1412 5328 1602 5400 procul
1632 5346 1647 5383 :
1679 5328 1864 5383 anima
1896 5340 2078 5383 vestra

2184 5327 2402 5397 ὄψονται
2435 5328 2538 5398 γῆν
2565 5327 2865 5399 πορῤωθεν,
2896 5329 2927 5398 ἡ
2961 5326 3104 5397 ψυχὴ
3145 5325 3607 5399 ὑμῶν.μελετήσει
3650 5326 3753 5396 φό-

492 5423 861 5479 .meditabitur
905 5427 1178 5481 timorem.
1247 5423 1343 5480 Ubi
1391 5433 1517 5479 sunt
1569 5421 1943 5492 grammatici?
1990 5420 2078 5475 ubi

2185 5419 2297 5474 ϐον.
2334 5420 2442 5473 Ποῦ
2470 5421 2605 5472 εἰσιν
2630 5421 2679 5472 οί
2711 5417 3106 5490 γραμματικοί;
3140 5416 3249 5471 Ποῦ
3272 5420 3410 5473 εἰσιν
3430 5421 3481 5473 οί
3510 5419 3751 5491 συμϐου-

517 5515 857 5570 consiliarii?
902 5517 990 5571 ubi
1025 5526 1107 5572 est
1132 5555 1148 5581 ,
1178 5515 1269 5583 qui
1303 5525 1550 5570 numerat
1574 5529 1668 5570 eos
1697 5513 1791 5584 qui
1840 5512 2081 5585 nutriunt

2184 5512 2463 5577 λεύοντες;
2514 5512 2624 5565 Ποῦ
2672 5514 2815 5564 ἐστιν
2867 5513 2896 5563 ὁ
2940 5510 3186 5581 ἀριθμῶν
3227 5513 3352 5576 τοὺς
3380 5512 3750 5586 τρεφομένους

516 5623 738 5677 parvum
762 5619 815 5665 et
839 5623 1091 5679 magnum
1125 5608 1426 5679 populum?
1470 5609 1556 5667 cui
1586 5621 1689 5662 non
1723 5605 1871 5661 dedit
1905 5603 2082 5659 consi-

2189 5602 2381 5675 μικρὸν
2417 5602 2510 5656 καὶ
2565 5601 2734 5673 μέγαν
2761 5601 2919 5666 λαόν;
2950 5594 2994 5668 ᾧ
3033 5601 3093 5653 οὐ
3130 5603 3597 5670 συνεϐουλεύσατο,
3624 5602 3747 5657 οὐδὲ

518 5701 647 5756 lium
673 5740 689 5770 ,
719 5700 891 5771 neque
936 5702 1093 5757 scivit
1125 5716 1312 5758 vocem
1364 5702 1722 5770 altiloquam;
1760 5699 1830 5755 ita
1874 5708 1931 5752 ut
1975 5712 2079 5753 non

2187 5696 2301 5767 ᾔδει
2336 5693 2668 5766 βαθύφωνον,
2704 5692 2843 5746 ὥστε
2892 5693 2967 5763 μὴ
2999 5692 3257 5747 ἀκοῦσαι·
3315 5695 3442 5758 λαὸς
3477 5694 3748 5765 πεφαυλι-
