4072 6194
341 246 454 300 329

1275 239 1770 296 COMMENTABIA
1813 241 1880 295 IN
1924 239 2176 296 lSAlAM.
2216 270 2286 280 —
2323 237 2471 293 CAP.
2515 237 2750 292 XXXIII.

3487 242 3590 295 530

347 356 579 427 σμένος,
625 355 720 407 καὶ
769 354 861 406 οὐκ
912 353 1030 405 Est:
1087 353 1161 422 τῷ
1219 353 1466 406 ἀκούοντι
1492 354 1721 418 σύνεσις.
1765 376 1780 406 ι
1821 357 1928 408 Ποῦ

2044 356 2217 408 mdiat
2249 375 2260 408 :
2302 353 2528 424 populus
2559 364 2895 422 contemptus
2924 395 2938 419 ,
2984 361 3038 408 et
3085 369 3186 409 non
3218 363 3300 410 est
3350 359 3586 412 audienti

351 449 499 499 slew
526 446 579 497 οἱ
616 446 973 515 γραμματεῖς,
1010 443 1147 496 rat-:6
1185 445 1416 515 γράμμα
1452 446 1548 498 τοῦ
1592 447 1753 517 νόμου
1803 464 1933 515 πρε-

360 538 710 599 σῦεύσαντες,
746 537 836 587 καὶ
873 535 1000 606 μηδ’
1025 535 1210 605 ἕτερον
1236 538 1440 600 ειδότες
1467 541 1604 590 νοεῖν
1635 538 1667 608 ἢ
1706 537 1804 602 τὰς
1834 539 1932 610 τῆς

361 629 567 692 λέξεως
603 627 970 696 ἀπαγγελίας;
1030 627 1132 690 Οὓς
1189 628 1500 693 ἐταλᾶινιζεν
1545 632 1573 682 6
1629 629 1817 701 Σωτὴρ
1877 631 1934 682 ὲν

369 719 705 786 [εὐαγγελίοις
757 717 974 786 λέγων’
1019 736 1038 768 ι
1079 719 1212 772 Οὐαὶ
1272 720 1419 790 ὑμῖν,
1447 721 1794 790 γραμματεῖς
1843 720 1935 773 καὶ

370 814 632 884 Φαρισαῖοι
661 811 978 884 ὑποκριταί.
1023 831 1040 862 ι
1083 811 1191 865 Ποῦ
1236 813 1343 884 γὰρ
1403 805 1552 865 οὗτοι
1607 814 1935 883 φανήσονται

370 909 427 958 ἐν
451 904 623 977 ἡμέρᾳ
652 903 756 973 τῆς
779 902 1050 973 κρίσεως
1100 903 1147 956 οἳ
1184 904 1409 967 κόλακες
1460 903 1776 974 ὲξέστρεφον
1812 904 1936 966 τοὺς

369 996 826 1066 κολακευομένους
851 996 1055 1058 αὐτοῖς.

428 1108 448 1139 ι
495 1087 626 1140 Ἰδοὺ
649 1087 793 1139 Σιὼν
822 1089 856 1157 ἡ
889 1086 1062 1149 πόλις,
1095 1087 1156 1138 τὸ
1188 1086 1460 1157 Σωτήρων
1493 1085 1649 1157 ὴμῶν
1672 1087 1721 1138 οἱ
1743 1085 1940 1154 ὀφθαλ-

358 1179 447 1247 μοί
479 1193 575 1230 σου
599 1176 848 1247 ὂψονται,
877 1176 1259 1248 Ἰερουσαλήμ·
1292 1177 1444 1239 πόλις
1471 1175 1718 1239 πλουσία,
1747 1179 1940 1246 σκηναὶ

354 1271 408 1322 αἳ
434 1269 496 1320 οὗ
527 1269 604 1339 μὴ
643 1267 956 1329 σεισθῶσιν,
988 1268 1107 1321 οὐδὲ
1143 1269 1216 1339 μὴ
1259 1267 1553 1338 κινηθῶσιν
1595 1270 1643 1321 οἱ
1681 1268 1938 1321 πάσσαλοι

351 1361 452 1430 τῆς
491 1360 705 1430 σκηνῆς
753 1361 920 1428 αὐτῆς
973 1361 1053 1423 εἰς
1084 1361 1173 1413 τὸν
1219 1361 1390 1414 αἰῶνα
1442 1360 1652 1431 χρόνον,
1703 1359 1822 1412 οὐδὲ
1872 1359 1940 1412 τὰ

357 1452 564 1522 σχοινία
588 1451 766 1521 αὐτῆς
786 1451 846 1504 οὐ
878 1452 950 1522 μὴ
979 1451 1370 1523 διαρραγῶσιν.
1416 1471 1434 1504 ι
1467 1452 1726 1523 Σημαίνει
1770 1451 1827 1505 δὲ
1853 1451 1940 1504 διὰ

354 1544 560 1596 τούτων
589 1545 620 1595 6
644 1543 823 1611 λόγος,
858 1545 1128 1615 Σωτήρων
1160 1545 1256 1615 μὲν
1282 1545 1374 1597 τὸν
1399 1544 1630 1615 Χριστὸν
1659 1544 1752 1597 τοῦ
1785 1544 1940 1606 Θεοῦ,

358 1637 514 1690 πόλιν
539 1637 598 1690 δὲ
637 1636 840 1707 ἑορτῶν
863 1635 959 1706 τὴν
1004 1635 1327 1705 Ἐκκλησίαν
1355 1634 1449 1688 τοῦ
1489 1634 1644 1688 Θεοῦ.
1687 1635 1798 1705 Τῆς
1845 1635 1942 1705 μὲν

362 1729 472 1801 γὰρ
515 1730 813 1799 Ἰουδαϊκῆς
841 1727 1193 1799 Ἰερουσαλὴμ
1238 1727 1496 1790 πολλάκις
1533 1727 1852 1797 ἐσείσθησαν
1883 1728 1937 1778 αἱ
1976 1711 2014 1764 Β

370 1811 586 1894 σκηναὶ,
611 1821 1066 1892 πολιορκηθείσης
1087 1821 1356 1891 διαφόρως
1379 1821 1472 1873 καλ¹
1491 1821 1572 1884 εἰς
1592 1819 1784 1888 ἔδαφος
1807 1837 1937 1872 κατ-

375 1913 677 1984 ενεχθεὶσης
721 1913 824 1967 ὑπὸ
889 1912 998 1970 τῶν
1061 1911 1203 1966 κατὰ
1241 1912 1467 1983 χρόνους
1516 1911 1938 1983 πολεμησάντων

379 2005 580 2074 αὑτήν·
632 2005 724 2074 τῆς
766 2004 825 2058 δὲ
883 2003 1080 2074 καινῆς
1137 2002 1340 2072 ταύτης
1402 2003 1611 2065 πόλεως
1646 2003 1938 2072 ἀκινήτους

381 2098 546 2166 φησὶν
577 2097 778 2150 ἔσεσθαι
826 2100 956 2162 τοὺς
995 2096 1321 2160 πασσάλους.
1370 2097 1490 2151 Κᾶν
1537 2095 1646 2168 γὰρ
1683 2096 1938 2167 νομίζητὲ

376 2206 502 2241 ποτε
526 2193 584 2243 ἐν
613 2190 870 2261 διωγμοῖς
898 2189 1219 2244 ἐλαύνεσθαι
1247 2189 1341 2243 καὶ
1373 2189 1792 2260 πολιορκεῖσθαι,
1827 2189 1938 2242 ἀλλ’

367 2280 458 2332 ἐπὶ
480 2280 582 2350 τὴν
614 2281 816 2351 πέτραν
852 2278 1066 2334 ἑστῶσα
1109 2280 1257 2351 μένει
1299 2279 1366 2332 δι’
1410 2279 1602 2343 αἰῶνος
1657 2281 1901 2352 ἄπτωτος
1921 2297 1934 2309 ·

363 2371 596 2442 ἀψευδὴς
619 2372 728 2443 γὰρ
759 2367 826 2442 ἦν
850 2373 880 2423 6
906 2370 1074 2424 εἰπών
1098 2388 1112 2402 ο
1154 2391 1172 2424 ι
1217 2372 1340 2424 Ἐπὶ
1372 2371 1468 2442 τὴν
1500 2371 1704 2442 πέτραν
1735 2371 1939 2424 οἰκοδο-

365 2466 522 2533 μήσω
554 2480 656 2532 μου
682 2462 780 2533 τὴν
814 2463 1163 2534 Ἐκκλησίαν,
1195 2463 1289 2517 καὶ
1329 2463 1495 2516 πύλαι
1542 2462 1668 2533 ᾅδου
1716 2464 1777 2516 οὐ
1805 2481 1937 2516 κατ-

363 2555 678 2625 ισχύσουσιν
705 2555 896 2626 αὐτῆς.
933 2575 953 2606 ι

436 2665 454 2698 ι
492 2648 614 2700 ὀτι
659 2647 723 2699 τὸ
745 2647 919 2718 ὄνομα
976 2647 1178 2720 Κυρίου
1235 2648 1374 2718 μέγα
1418 2649 1581 2719 ὑμῖν,
1625 2647 1784 2712 τόπος
1813 2649 1939 2718 ὑμῖν

354 2738 532 2815 ¹ἔσται,
562 2738 800 2809 ποταμοὶ
824 2739 917 2792 καὶ
957 2739 1218 2812 διώρυγες
1249 2743 1472 2805 πλατεῖς
1498 2743 1591 2796 καὶ
1619 2742 1936 2814 εὐρύχωροι.

362 2831 440 2881 Ub
478 2829 938 2902 πορεύσῃ-ταύτην
960 2831 1060 2902 τὴν
1085 2832 1220 2896 ὁδὸν,
1254 2832 1374 2886 οὐδὲ
1409 2832 1732 2904 πορεύσεται
1758 2833 1939 2885 πλοῖον

367 2925 605 2977 ἐλαῦνον.
660 2925 718 2976 '0
771 2926 879 2995 γὰρ
916 2925 1050 2989 Θεός
1111 2943 1212 2997 μου
1265 2927 1441 2996 μέγας
1482 2926 1658 2979 ἐστίν’
1689 2926 1750 2979 οὐ
1796 2942 1938 2999 παρ-

365 3017 643 3071 ελεύσεται
680 3034 747 3088 με
796 3017 1002 3089 Κύριος
1049 3020 1241 3090 κριτὴς
1299 3019 1476 3090 ἡμῶν,
1515 3020 1718 3090 Κύριος
1759 3019 1939 3091 ἄρχων

364 3109 548 3179 ἡμῶν,
583 3108 788 3180 Κύριος
823 3109 1078 3181 βασιλεὺς
1124 3111 1302 3182 ἡμῶν,
1357 3112 1557 3182 Κύριος
1610 3104 1764 3176 οὗτος
1795 3114 1940 3184 ἡμᾶς

366 3200 554 3257 σώσει.
585 3223 604 3254 ι
637 3203 777 3256 Αὐτὸ
823 3203 886 3256 τὺ
923 3203 1112 3275 ὄνομα,
1147 3207 1299 3276 φησὶ,
1329 3206 1540 3276 ’Κυρίου
1578 3207 1740 3270 τόπος
1789 3205 1941 3259 ἔσται

365 3294 538 3366 ταύτῃ
563 3299 627 3365 τῇ
657 3297 816 3366 καινῇ
840 3294 993 3348 πόλει
1026 3298 1091 3368 τῇ
1123 3297 1355 3368 ἀσείστῳ
1390 3297 1485 3350 καὶ
1516 3296 1779 3368 ἀπτὼτῳ·
1837 3295 1944 3350 διό-

368 3401 495 3454 περ,
520 3385 594 3446 ὡς
622 3385 689 3437 ἂν
721 3385 814 3438 ἐπὶ
841 3385 932 3438 τὸν
965 3385 1186 3456 Κύριον,
1205 3386 1367 3440 τόπον
1383 3387 1510 3441 ὄντα
1536 3388 1726 3459 αὐτῆς,
1747 3387 1944 3459 ᾠκοδο-

371 3475 609 3547 μημένη,
637 3476 882 3540 ἄσειστος
929 3477 1098 3547 μένει.
1140 3479 1216 3530 Δι’
1251 3473 1324 3531 ὧν
1353 3481 1382 3532 6
1420 3479 1575 3547 λόγος
1619 3480 1717 3552 τῆς
1747 3479 1940 3549 προλε-

369 3567 592 3636 χθείσης
618 3566 824 3628 πόλεως
851 3565 939 3619 τὸν
970 3565 1170 3638 Κύριόν
1199 3584 1360 3638 φησιν
1383 3566 1602 3621 ἔσεσθαι
1632 3568 1814 3630 τόπον,
1850 3585 1943 3622 πο-

369 3658 557 3729 ταμῶν
587 3659 777 3729 ῥεῖθρα
808 3657 1039 3727 ἐχόντων
1070 3658 1161 3712 καὶ
1205 3659 1476 3732 διώρυγας
1504 3660 1723 3723 πλατεῖς
1744 3677 1757 3690 ·
1798 3660 1940 3714 ὥστε

371 3751 547 3820 λέγειν
566 3768 580 3779 ο
614 3769 634 3801 ι
663 3751 770 3803 Τοῦ
798 3748 1042 3820 ποταμοῦ
1065 3750 1130 3803 τὰ
1158 3751 1449 3822 ὁρμήματα
1477 3751 1823 3823 εὐφραίνουσι
1846 3750 1942 3820 τὴν

371 3842 526 3896 πόλιν
548 3842 642 3895 τοῦ
672 3842 830 3907 Θεοῦ,
869 3862 887 3894 ι
921 3842 1015 3896 καὶ
1045 3861 1063 3893 ι
1110 3843 1171 3894 '0
1207 3842 1448 3913 ποταμὸς
1480 3843 1575 3896 τοῦ
1608 3842 1741 3896 Θεοῦ
1787 3841 1946 3911 ἐπλη-

373 3935 521 4007 ρώθη
558 3934 785 3998 ὑδάτων,
828 3953 846 3984 ι
872 3933 960 3987 διὰ
1004 3934 1065 3986 τδ
1108 3936 1269 3989 αὑτὸν
1304 3935 1395 3986 τὸν
1423 3934 1627 4006 Κύριον
1669 3928 1808 3986 εἶναι
1855 3933 1944 3986 τὸν

371 4028 540 4080 τόπον
589 4026 787 4081 αὐτῶν.
816 4026 978 4079 Ὅθεν
1023 4026 1234 4098 ἐχθροῖς
1289 4027 1382 4080 καὶ
1429 4025 1710 4096 πολεμίοις
1756 4025 1944 4078 ἀνεπί-

377 4121 530 4173 ϐατοι
557 4119 912 4189 τυγχάνουσιν
939 4119 988 4172 οἱ
1037 4136 1172 4171 ποτα
1181 4120 1289 4189 μοὶ,
1318 4118 1417 4188 τὴν
1445 4117 1828 4189 προλεχθεῖσαν
1850 4117 1944 4170 τοῦ

372 4211 511 4265 (θεοῦ
545 4210 698 4264 πόλιν
725 4211 846 4264 ἀντὶ
877 4210 1159 4280 περιϐόλου
1213 4210 1538 4274 κυκλοῦντες
1581 4209 1674 4263 καὶ
1706 4227 1945 4280 περιτει-

371 4306 616 4375 χίζοντες
635 4321 647 4332 ·
673 4304 748 4366 ὡς
764 4305 926 4356 πᾶσιν
943 4302 1239 4373 ἀλλοτρίοις
1261 4301 1549 4356 ἁδιόιϐατον
1568 4298 1732 4356 εἶναι’
1759 4302 1946 4373 ἐπειδὴ

2036 448 2409 516 inlelligcntia.
2447 465 2465 498 ι
2507 445 2604 500 Ubi
2639 457 2766 500 sunt
2815 445 3019 502 Scribze
3046 486 3060 511 ,
3108 448 3198 516 qui
3245 448 3376 519 legis
3407 448 3597 505 littera:

2037 540 2467 610 patrocinautur,
2503 539 2748 607 nihilque
2778 538 2922 592 aliud
2953 541 3234 609 cogitant,
3283 557 3444 608 quam
3493 541 3594 596 ob—

2039 631 2176 684 viam
2203 630 2457 685 dictionis
2489 631 2916 685 enuntiationem
2946 631 2969 685 ?
3015 631 3161 698 Quos
3196 634 3424 688 miseros
3457 649 3598 703 pra-

2038 724 2250 777 diCabat
2283 722 2532 778 Salvator
2578 723 2630 776 in
2661 723 2962 792 Evangeliis
2988 725 3169 778 dicens
3191 763 3206 786 ,
3244 741 3262 774 ι
3305 722 3392 778 Va:
3429 726 3600 790 vobis,

2043 815 2249 870 Scriba:
2276 824 2330 869 et
2365 815 2622 869 Pharisaei
2657 815 2946 885 hypocrita:
2974 814 3040 870 “.
3080 833 3098 866 ι
3139 812 3364 868 Ubinam
3400 815 3474 870 illi
3503 832 3601 885 ap-

2041 911 2305 979 parebunt
2333 910 2384 962 in
2423 909 2508 963 die
2532 909 2718 979 judicii
2744 909 2768 962 ?
2798 909 2912 978 qui,
2943 918 3128 978 utpote
3158 909 3485 975 adulatores,
3507 928 3602 968 eos

2042 1002 2238 1072 quibus
2272 1003 2680 1056 assentabantur
2705 1004 3044 1056 avertebant.

2112 1093 2277 1151 Vens.
2307 1095 2396 1150 20.
2432 1113 2450 1146 ι
2492 1094 2627 1150 Ecce
2658 1093 2790 1148 Sion
2821 1093 3013 1149 civitas
3040 1137 3059 1161 ,
3083 1093 3332 1150 Salutare
3360 1103 3605 1150 nostrum

2041 1187 2180 1242 oculi
2211 1188 2282 1241 tui
2313 1187 2590 1251 videbunt,
2621 1185 2918 1240 Jerusalem
2941 1229 2956 1253 ,
2982 1187 3175 1241 civitas
3208 1187 3356 1242 dives
3379 1227 3395 1254 ,
3429 1188 3608 1242 taber-

2044 1279 2232 1333 nacula
2266 1294 2387 1348 quae
2435 1293 2541 1333 non
2587 1279 2981 1346 concutientur,
3021 1294 3196 1348 neque
3249 1280 3610 1335 movebuntur

2045 1370 2226 1439 paxilli
2265 1370 2594 1424 tabernaculi
2645 1371 2760 1440 ejus
2816 1371 2869 1425 in
2914 1373 3298 1441 sempiternum
3355 1382 3608 1442 tempus,

2046 1476 2217 1530 neque
2253 1462 2474 1516 funiculi
2507 1461 2624 1532 ejus
2673 1463 3064 1533 dirumpentur.
3125 1484 3144 1516 ι
3198 1464 3293 1519 His
3325 1481 3489 1535 porro
3536 1471 3612 1520 εἱ·-

2043 1555 2285 1624 gniﬁcat,
2322 1553 2571 1608 Salutare
2599 1555 2812 1622 quidem
2842 1569 2963 1610 esse
2991 1557 3262 1611 Christum
3287 1557 3413 1624 Dei,
3449 1559 3616 1613 festo-

2051 1663 2164 1700 rum
2218 1660 2342 1700 vero
2388 1646 2663 1700 civitatem
2716 1661 2836 1700 esse
2873 1647 2963 1700 Dei
2999 1647 3318 1702 Ecclesium.
3355 1647 3488 1704 Nam
3517 1646 3614 1703 Ju-

2046 1740 2214 1793 daicae
2261 1738 2474 1807 quidem
2501 1735 2888 1807 Hierosolyma:
2921 1739 3262 1793 tabernacula
3297 1740 3616 1812 plerumque

2045 1844 2296 1885 succussa
2330 1840 2457 1884 sunt
2499 1829 2552 1882 in
2588 1829 2754 1882 variis
2789 1828 2894 1884 illis
2936 1828 3309 1886 obsidionibus
3331 1873 3348 1898 ,
3398 1835 3613 1902 quando

2047 1923 2131 1974 illa
2169 1921 2234 1974 ab
2265 1919 2695 1989 expugnantibus
2719 1919 2836 1974 solo
2880 1935 2988 1975 non
3014 1924 3183 1978 semel
3212 1934 3424 1993 aequata
3462 1925 3605 1992 fuit;

2049 2028 2199 2066 novae
2228 2022 2405 2067 autem
2449 2010 2674 2078 hujusce
2716 2011 2864 2067 urbis
2896 2013 3144 2069 immotos
3182 2015 3260 2068 ait
3291 2015 3410 2071 fore
3437 2017 3611 2086 paxil-

2048 2105 2146 2158 los.
2182 2103 2406 2160 Etiamsi
2435 2103 2578 2158 enim
2610 2103 2810 2173 putetis
2858 2119 3242 2176 nonnunquam
3275 2121 3370 2162 vos
3397 2108 3451 2163 in
3481 2123 3608 2178 per-

2047 2197 2413 2252 seeutionibus
2441 2195 2561 2266 pelli
2590 2207 2642 2250 et
2667 2196 2900 2252 obsideri
2936 2214 2950 2251 :
2983 2206 3040 2252 at
3067 2197 3159 2254 illa
3185 2213 3398 2268 semper
3433 2200 3486 2254 in
3515 2215 3609 2270 pe-

2049 2305 2128 2348 tra
2169 2294 2436 2362 consistit,
2464 2302 2518 2348 et
2545 2293 2763 2347 immota
2795 2301 2975 2348 manet
3003 2293 3053 2348 in
3081 2294 3336 2350 saeculum
3367 2313 3380 2348 :
3408 2294 3611 2352 etenim

2047 2386 2260 2440 mentiri
2309 2384 2494 2454 nequit
2526 2385 2572 2440 is
2603 2387 2692 2454 qui
2725 2384 2859 2439 dixit
2889 2404 2902 2439 :
2943 2404 2962 2438 ι
2998 2387 3174 2456 Super
3217 2396 3422 2456 petram
3445 2386 3614 2442 aedili—

2049 2477 2185 2532 cabo
2221 2478 2518 2534 Ecclesium
2555 2493 2772 2542 meam,
2801 2488 2856 2532 et
2881 2490 3049 2547 portae
3083 2479 3238 2534 inferi
3269 2495 3373 2534 non
3410 2495 3614 2550 prteva»

2049 2571 2229 2627 lebunt
2259 2572 2520 2624 adversus
2549 2584 2667 2624 eam
2709 2569 2775 2624 “.
2815 2588 2834 2620 ο

2119 2658 2280 2714 Vens.
2315 2659 2513 2723 ﬂlﬂi.
2551 2677 2569 2710 ι
2593 2658 2858 2725 Quoniam
2887 2675 3076 2717 nomen
3118 2663 3328 2720 Domini
3357 2677 3612 2734 magnum

2045 2753 2199 2808 vobis
2226 2794 2240 2818 ,
2285 2751 2432 2806 locus
2474 2751 2624 2805 vobis
2657 2751 2759 2806 erit
2809 2750 3027 2808 flumina
3073 2765 3128 2810 et
3161 2756 3259 2810 rivi
3291 2755 3380 2810 lati
3410 2764 3465 2811 et
3487 2771 3613 2824 spa-

2048 2845 2198 2900 tiosi.
2231 2845 2344 2899 Non
2386 2843 2688 2899 ambulabis
2715 2859 2811 2914 per
2851 2845 2990 2900 hanc
3015 2845 3152 2902 viam
3174 2886 3190 2912 ,
3225 2863 3399 2917 neque
3424 2847 3612 2902 ambu-

2049 2937 2184 2991 labit
2219 2935 2492 3005 navigium
2519 2952 2832 3005 properans.
2868 2939 3008 2995 Deus
3028 2939 3171 2995 enim
3206 2955 3358 2996 meus
3386 2955 3614 3010 magnus

1969 3066 2012 3126 ε
2039 3038 2149 3083 est.
2189 3025 2304 3081 Non
2347 3027 2596 3083 transibit
2624 3045 2708 3083 me
2735 3029 2993 3086 Dominus
3013 3029 3179 3100 iudex
3206 3043 3406 3096 noster,
3438 3033 3615 3088 Domi-

2045 3137 2146 3176 nus
2167 3121 2415 3190 princeps
2445 3132 2650 3186 noster,
2687 3123 2948 3178 Dominus
2979 3139 3073 3180 rex
3109 3133 3316 3190 noster,
3358 3125 3616 3182 Dominus

2045 3211 2134 3267 hic
2171 3211 2404 3266 salvabit
2432 3227 2554 3267 nos.
2595 3232 2614 3266 ι
2664 3213 2819 3282 lluic,
2851 3215 3064 3286 inquit,
3092 3233 3242 3274 nova:
3270 3219 3476 3272 civitati
3531 3220 3616 3272 ia-

2044 3319 2324 3360 coucussa:
2352 3314 2404 3357 et
2452 3304 2711 3361 immobili
2738 3347 2755 3370 ,
2785 3307 2959 3376 ipsum
2986 3324 3181 3365 nomen
3218 3309 3431 3364 Domini
3465 3310 3616 3366 locus

2043 3396 2148 3452 erit
2179 3415 2191 3450 :
2221 3411 2394 3466 quare
2423 3411 2583 3466 supra
2634 3397 2956 3464 Dominum,
3005 3401 3182 3455 locum
3214 3416 3370 3456 suum
3401 3441 3418 3466 ,
3441 3401 3614 3456 aediﬁ—

2045 3498 2164 3543 cata
2191 3529 2205 3551 ,
2235 3489 2455 3542 immota
2493 3497 2693 3542 manet.
2728 3488 2822 3544 llis
2854 3491 3033 3559 itaque
3063 3492 3402 3561 signiﬁcatur
3438 3495 3611 3563 ipsum

2046 3581 2328 3636 Dominum
2361 3579 2626 3647 praedicta:
2673 3580 2912 3635 civitatis
2951 3580 3126 3636 locum
3159 3581 3398 3635 futurum
3448 3597 3568 3637 esse
3595 3623 3610 3644 ,

2045 3672 2322 3728 ﬂuminum
2357 3671 2525 3727 alveis
2553 3680 2609 3727 et
2637 3671 2759 3727 latis
2791 3673 2920 3726 rivis
2953 3673 3309 3736 instructum,
3339 3674 3409 3726 ita
3443 3682 3501 3726 ut
3531 3674 3609 3727 di-

2045 3773 2235 3828 catur,
2302 3781 2323 3815 ι
2385 3762 2646 3820 Fluminis
2704 3764 2934 3833 impetus
3003 3764 3280 3821 laatilicant
3336 3764 3610 3821 civitatem

2047 3858 2138 3913 Dei
2173 3856 2237 3922 “,
2273 3876 2291 3908 ι
2328 3867 2382 3910 et
2407 3897 2421 3921 ,
2458 3874 2478 3908 ι
2515 3856 2738 3913 Flumen
2771 3855 2862 3912 Dei
2893 3857 3152 3927 repletum
3187 3867 3269 3913 est
3297 3857 3451 3927 aquis
3484 3856 3550 3924 “,
3587 3877 3608 3910 ι

2048 3957 2172 4022 quia
2209 3951 2416 4006 scilicet
2452 3950 2564 4020 ipse
2594 3949 2850 4005 Dominus
2879 3951 3028 4005 locus
3058 3965 3244 4004 eorum
3278 3959 3382 4004 est.
3411 3949 3616 4016 Quatu-

2047 4047 2231 4102 obrem
2265 4042 2448 4098 isthaie
2477 4042 2697 4096 ﬂatttina
2723 4042 2968 4097 hostibus
3003 4043 3345 4110 inimicisque
3375 4042 3610 4095 inacces-

2048 4154 2106 4192 sa
2134 4144 2258 4189 sunt
2286 4175 2300 4197 ,
2329 4149 2448 4202 qua:
2491 4133 2800 4202 praedictam
2855 4135 2946 4189 Dei
2978 4136 3254 4190 civitatem
3291 4133 3610 4189 munimenti

2050 4229 2167 4281 loco
2200 4225 2538 4279 circumdant
2565 4235 2621 4279 et
2650 4226 2940 4289 ambiunt;
2974 4229 3046 4281 ita
3096 4237 3153 4280 ut
3197 4225 3469 4283 extraneis
3497 4225 3615 4293 qui-

2051 4322 2256 4388 busque
2284 4318 2459 4372 aditus
2489 4317 2560 4371 sit
2589 4317 2766 4370 nullus
2803 4334 2818 4371 :
2853 4318 3103 4387 quoniam
3143 4317 3396 4372 Dominus
3416 4354 3430 4378 ,
3465 4313 3615 4368 locus

368 4401 398 4451 6
420 4398 646 4470 Κύριος,
677 4397 842 4457 τόπος
878 4395 954 4448 ῶν
993 4396 1183 4465 αὐτῆς,
1219 4396 1390 4466 μέγας
1433 4395 1610 4449 ἐστίν·
1651 4394 1810 4457 αὐτὸς
1837 4394 1942 4465 γὰρ

2052 4424 2243 4480 nempe
2287 4408 2406 4478 ejus
2433 4448 2448 4474 ,
2492 4423 2820 4478 permagnus
2867 4420 2952 4466 est
2987 4429 3002 4465 :
3039 4413 3152 4479 ipse
3183 4423 3412 4476 namque
3462 4416 3615 4478 petra

370 4485 440 4560 ἦν
466 4492 502 4560 ἡ
535 4490 731 4561 πέτρα,
760 4489 843 4557 ἐφ’
869 4490 935 4560 ἢν
963 4488 1295 4560 ᾠκοδόμητο.

451 4624 471 4658 ι
515 4605 860 4676 Ἐρῤἀγησαν
889 4602 957 4656 τὰ
991 4603 1198 4672 σχοινία
1233 4620 1346 4663 σου,
1376 4602 1456 4654 ὅτι
1489 4602 1589 4654 οὐκ
1619 4600 1906 4671 ἐνίσχυσαν
1930 4616 1943 4628 ·

371 4699 400 4748 6
423 4695 568 4758 ἱστός
603 4711 695 4746 σου
739 4693 965 4757 ἔκλινεν,
994 4693 1054 4745 οὐ
1090 4691 1313 4762 χαλάσει
1345 4692 1411 4744 τὰ
1458 4692 1632 4744 ἱστία·
1683 4691 1782 4742 οὐκ
1828 4691 1950 4762 ἀρεῖ

376 4790 621 4858 σημεῖον,
651 4787 755 4849 ἕως
777 4779 836 4838 οὗ
856 4783 1129 4856 παραδοθῇ
1167 4785 1243 4846 εις
1275 4785 1568 4854 προνομήν.
1595 4783 1784 4834 Τοίνυν
1817 4780 1945 4833 πολ-

371 4879 457 4932 λοὶ
509 4879 672 4950 χωλοὶ
708 4876 982 4949 προνομὴν
1033 4876 1336 4946 ποιήσουσι,
1390 4876 1484 4927 καὶ
1525 4874 1585 4926 οὐ
1624 4875 1704 4944 μὴ.
1731 4875 1946 4937 εἴπωσι,

374 4970 592 5034 Κοπιῶ,
623 4973 652 5023 6
681 4970 808 5033 λαὸς
839 4969 1062 5023 ἐνοικῶν
1100 4971 1156 5020 ἐν
1189 4968 1399 5030 αὐτοῖς·
1432 4966 1604 5036 ἀφέθη
1634 4967 1742 5036 γὰρ
1772 4967 1951 5028 αὐτοῖς

374 5065 410 5132 ἡ
440 5062 700 5133 ἁμαρτία.
739 5081 757 5112 ι
779 5063 1037 5133 Σημαίνει
1068 5062 1123 5114 δὲ
1150 5061 1237 5114 διὰ
1267 5060 1471 5113 τούτων
1492 5060 1589 5128 τὴν
1621 5057 1828 5110 πτῶσιν
1853 5056 1951 5126 τῆς

376 5153 696 5222 σωματικῆς
724 5153 1097 5224 Ἰερουσαλὴμ,
1130 5148 1197 5222 ἦς
1237 5153 1446 5224 ἐρράγη
1475 5150 1544 5203 τὰ
1576 5148 1783 5220 σχοινία
1811 5167 1824 5180 ’
1857 5149 1952 5202 καὶ

371 5247 403 5297 6
437 5247 578 5309 Ξστος
611 5246 668 5299 δὲ
697 5245 891 5314 αὐτῆς,
921 5245 1107 5316 ὥσπερ
1153 5245 1296 5308 τινος
1324 5243 1450 5315 νηὸς
1483 5245 1540 5296 ὲν
1577 5241 1813 5313 χειμῶσι
1861 5241 1953 5294 καὶ

371 5337 610 5391 κλύδωσι
633 5337 1014 5409 διαπεσούσης,
1037 5335 1222 5406 ἐκλίθη
1255 5337 1490 5396 πίπτων,
1514 5334 1948 5390 διασπασθέντων

366 5430 482 5507 τῶν
520 5429 955 5500 διιακρατούντων
988 5426 1164 5481 αὐτῶν
1198 5427 1458 5497 σχοινίων.

445 5670 488 5699 ⁸⁵
523 5665 710 5720 Matth.
749 5680 904 5728 χχιιι,
935 5668 1014 5722 15.
1095 5668 1140 5698 δ’
1171 5668 1358 5724 Matth.
1395 5685 1504 5735 xvt,
1537 5670 1621 5725 i8.

633 5757 899 5817 Ρηιυι..
941 5762 1056 5823 Litt.
1109 5760 1338 5823 XXIV.

1704 5670 1748 5701 ’⁸³
1779 5669 2047 5738 Ρμίὶιλιν,

2049 4513 2186 4568 erat,
2214 4517 2374 4572 supra
2409 4517 2570 4572 quam
2601 4503 3000 4558 exstruebatur.

2124 4597 2284 4651 Vens.
2314 4597 2387 4650 25
2411 4635 2427 4659 ,
2458 4596 2550 4650 24.
2600 4615 2618 4648 ι
2681 4597 2891 4667 Dirupti
2925 4605 3049 4652 sunt
3082 4595 3310 4650 [utriculi
3341 4595 3417 4650 tui
3445 4635 3460 4660 ,
3489 4598 3615 4664 quia

2053 4706 2156 4746 non
2189 4688 2583 4759 praevaluerunt
2615 4709 2629 4744 :
2674 4689 2846 4744 malus
2874 4699 2997 4744 tuus
3027 4687 3318 4743 inclinatus
3348 4697 3471 4754 est,
3507 4704 3612 4742 non

2052 4782 2355 4851 pendebunt
2393 4781 2510 4836 vela
2550 4799 2564 4835 :
2597 4797 2702 4836 non
2744 4781 2939 4837 levabit
2966 4781 3203 4849 signum,
3233 4781 3406 4836 donec
3437 4781 3612 4834 trada-

2049 4885 2136 4928 tur
2165 4875 2218 4928 in
2251 4874 2628 4927 vastationem.
2665 4872 2812 4926 Multi
2859 4872 3022 4942 igitur
3073 4871 3250 4926 claudi
3287 4872 3497 4942 praedas
3535 4870 3617 4924 fa—

2047 4968 2212 5027 cient,
2247 4977 2302 5019 et
2329 4981 2432 5020 non
2457 4965 2660 5030 dicent,
2686 4965 2917 5030 Fatisco,
2948 4963 3176 5035 populus
3201 4966 3293 5036 qui
3325 4965 3532 5020 habitat
3561 4965 3614 5018 in

2049 5059 2173 5113 eis:
2208 5058 2486 5112 dimissum
2516 5059 2662 5112 enim
2703 5065 2786 5112 est
2811 5058 2892 5112 eis
2927 5067 3225 5126 peccatum.
3278 5077 3298 5110 ι
3334 5057 3430 5112 liis
3469 5059 3613 5113 indic

2050 5159 2138 5204 cat
2181 5164 2453 5218 corporeae
2476 5149 2861 5218 Hierosolynue
2895 5150 3116 5206 exitium
3143 5189 3160 5216 ,
3209 5151 3362 5220 cujus
3391 5152 3615 5207 funiculi

2051 5242 2440 5310 diruptisunt;
2490 5252 2544 5296 et
2578 5242 2750 5296 malus
2775 5240 2931 5309 ejus,
2987 5256 3084 5297 ceu
3139 5241 3414 5311 cujusdam
3464 5245 3619 5298 navis

2059 5337 2468 5404 tempestatibus
2500 5345 2554 5390 et
2580 5335 2828 5388 ﬂuctibus
2869 5335 3128 5390 demerge
3153 5336 3489 5408 ,ldeclinans
3541 5336 3619 5390 la-

2059 5441 2187 5497 psus
2218 5438 2327 5492 est,
2352 5428 2584 5496 diruptis
2614 5426 2828 5480 fitnibus
2857 5426 3028 5495 ipsum
3069 5428 3444 5484 retinentibus.

2099 5669 2151 5725 5.
2247 5670 2288 5701 “
2335 5668 2472 5723 Psal.
2527 5684 2669 5735 LXIV,
2714 5671 2800 5725 ιθ.

3261 5763 3333 5824 ,11
