4072 6194
467 298 564 361 531

992 412 1218 468 CAPUT
1261 414 1497 469 XXXIV.

538 532 700 588 Vens.
736 532 852 585 1-5.
906 549 924 581 ι
952 529 1226 595 Accedite,
1263 539 1471 598 gentes,
1501 539 1555 583 et
1587 528 1787 592 audite,
1827 527 2028 597 princi-

460 635 558 694 pes
590 624 815 682 :audiat
845 632 985 677 terra
1013 660 1030 687 ,
1069 629 1127 676 et
1155 622 1246 691 qui
1291 622 1343 675 in
1371 634 1435 673 ea
1467 620 1743 683 habitant,
1773 620 1943 685 orbis,
1978 628 2033 672 et

458 718 689 790 populus
719 715 809 784 qui
858 722 941 770 est
974 714 1025 768 in
1071 725 1136 767 eo
1168 731 1180 765 :
1217 711 1343 782 quia
1391 710 1543 765 furor
1596 709 1808 764 Domini
1868 724 2029 778 super

459 824 650 865 omnes
691 815 918 879 gentes;
964 816 1015 861 et
1049 806 1127 859 ira
1157 820 1322 874 super
1356 819 1572 858 omnem
1621 817 1904 857 numerum
1937 816 2030 856 eo-

456 917 583 959 rum
609 943 626 968 ,
668 911 728 957 ut
754 901 939 971 perdat
970 914 1062 954 eos
1096 907 1149 953 et
1188 898 1365 951 tradat
1394 896 1460 949 ad
1491 896 1712 950 caedem.
1750 893 2029 950 Vulnerati

1134 300 1399 357 EUSEBII
1434 298 1905 357 CJESARIENSIS
1944 299 2091 363 OPP.
2134 302 2310 358 PARS
2348 303 2430 359 Ill.
2476 338 2541 345 ——
2582 302 2994 364 EXEGETICA.

3602 304 3708 373 δέη

2644 422 3038 476 ΚΕΦΑΛΑΙΟΝ
3096 425 3213 478 ΛΔν.

2214 550 2232 582 ι
2273 533 2675 604 Προσαγὰγετε,
2732 535 2878 606 ἔθνη,
2924 537 3016 589 καὶ
3075 537 3362 602 ἀκούσατε,
3410 540 3659 611 ἄρχοντες
3688 563 3703 575 θ

2137 623 2421 676 ἀκουσάτω
2452 627 2483 694 ὴ
2531 626 2623 695 γῆ,
2660 627 2754 679 καὶ
2794 630 2841 679 οἱ
2876 629 2932 681 ἐν
2968 629 3103 700 αὐτῇ
3138 629 3492 704 οἰκοῦντες,ὴ
3526 636 3708 688 οἱκουη

2142 714 2297 784 μένη,
2337 716 2429 768 καὶ
2461 718 2489 769 6
2516 716 2640 780 λαὸς
2687 719 2714 769 6
2776 718 2833 770 ἐν
2862 719 2996 790 αὐτῇ
3023 737 3035 749 ·
3069 720 3203 773 διότι
3239 724 3266 773 6
3306 720 3473 793 θυμὸς
3502 723 3708 792 Κυρίου

2137 806 2230 859 ἐπὶ
2269 807 2444 860 πάντα
2476 806 2543 861 τά
2572 808 2719 879 ἔθνη,
2747 810 2839 861 καὶ
2865 809 2999 881 ὀργὴ
3030 812 3121 864 ἐπὶ
3155 800 3246 866 τὸν
3270 813 3499 885 ἀριθμὸν
3528 815 3710 868 αὐτῶν

2133 898 2226 952 τοῦ
2264 900 2523 954 ἀπολέσαι
2578 902 2795 964 αὐτοὺς,
2833 904 2925 955 καὶ
2980 896 3309 974 παραδοῦναι
3356 909 3435 971 είς
3469 909 3707 978 σφαγήν.

458 1004 636 1049 autem
682 1007 867 1047 eorum
904 989 1277 1059 projicientur,
1311 997 1367 1042 et
1412 980 1610 1041 mortui
1644 1004 1656 1039 :
1694 996 1748 1040 et
1774 987 2004 1041 ascende

2129 994 2189 1045 Οἱ
2232 992 2289 1046 δὲ
2334 994 2667 1064 τραυματίαι
2700 995 2878 1047 αὐτῶν
2909 997 3243 1066 ριφήσονται,
3281 1000 3372 1053 καὶ
3408 1002 3456 1052 οῖ
3486 1000 3704 1071 νεκροί·

454 1088 592 1141 odor
639 1100 848 1141 eorum.
905 1101 924 1134 ι
977 1081 1311 1149 Quibusnam
1348 1080 1529 1134 tradat
1563 1080 1615 1133 in
1644 1080 1844 1133 caedem
1876 1121 1890 1143 ,
1924 1079 2027 1133 nisi

452 1179 745 1235 ultricibus
770 1175 1108 1231 virtutibus?
1137 1174 1233 1228 llis
1259 1186 1423 1242 porro
1444 1171 1751 1242 castigatis,
1785 1170 1873 1226 alii
1909 1170 2026 1224 vul-

450 1272 669 1336 nerati,
718 1269 805 1324 alii
858 1267 1054 1323 mortui
1103 1275 1305 1330 erunt,
1338 1264 1431 1335 qui
1460 1264 1667 1320 scilicet
1695 1265 1760 1319 ad
1798 1274 2024 1318 mortem

450 1376 749 1432 peccavere
786 1377 800 1413 :
833 1374 1064 1430 quorum
1096 1358 1369 1425 facinora,
1417 1358 1470 1411 in
1512 1358 1624 1411 vita
1660 1356 1870 1413 mortali
1899 1372 2021 1426 per-

451 1464 659 1522 petrata
684 1494 719 1521 ,_
747 1452 940 1521 iudicii
970 1464 1212 1522 tempore
1266 1450 1493 1505 fetorem
1525 1450 1814 1505 emittent:
1850 1464 2019 1518 quare

450 1549 744 1604 secundum
759 1545 1139 1617 Symmachum
1165 1543 1383 1606 dicitur,
1403 1560 1421 1594 ι
1447 1543 1511 1596 Ει
1529 1540 1960 1621 ascendetfetor.
1991 1560 2008 1591 ι

2127 1084 2220 1135 καὶ
2252 1084 2580 1154 ἀναϐήσεται
2606 1085 2784 1140 αὐτῶν
2813 1088 2847 1157 ἡ
2873 1087 3034 1159 ὀσμή.
3069 1108 3087 1141 ι
3118 1072 3240 1141 Τίσι
3280 1090 3337 1143 δὲ
3372 1091 3706 1163 παραδοῦναι

2123 1174 2320 1237 αὐτοὺς
2349 1176 2427 1258 είς
2458 1177 2692 1246 σφαγὴν,
2749 1180 2782 1247 ἢ
2809 1182 2929 1242 ταῖς
2958 1180 3303 1245 κολαστικάῖς
3337 1184 3429 1236 καὶ
3452 1202 3699 1257 τιμωρη-

2122 1270 2301 1331 τικαῖς
2345 1269 2646 1340 δυνάμεσι;
2694 1270 2910 1324 Τούτων
2974 1273 3031 1325 δὲ
3072 1273 3178 1328 τῶν
3226 1275 3601 1347 κολαζομένων
3655 1278 3703 1330 οἱ

2131 1360 2227 1428 μὲν
2280 1362 2612 1438 τραυματίαι
2646 1362 2880 1428 ἔσονται,
2932 1366 2981 1417 οἱ
3038 1366 3093 1418 δὲ
3152 1356 3366 1439 νεκροί·
3419 1368 3468 1421 οἱ
3502 1369 3705 1447 δηλαδὴ

2124 1450 2193 1502 τά
2234 1448 2370 1521 πρὸς
2443 1451 2669 1504 θάνατον
2724 1454 3141 1525 ἡμαρτηκότες·
3209 1453 3284 1511 ὧν
3348 1460 3406 1511 αἱ
3452 1458 3703 1531 πράξεις,

2123 1543 2179 1593 ai
2225 1542 2363 1595 κατά
2402 1543 2493 1595 τὸν
2539 1542 2728 1613 θνητὸν
2791 1545 2902 1615 βίον
2958 1550 3386 1604 συντελεσθεῖσαι
3420 1551 3560 1605 κατά
3610 1552 3704 1604 τὸν

446 1647 547 1716 τῆς
601 1644 832 1715 κρίσεως
889 1639 1077 1710 καιρὸν
1125 1636 1384 1699 δυσωδίας
1446 1634 1879 1689 ἀποπνεύσουσι·
1951 1634 2030 1687 διὸ
2104 1636 2242 1689 κατά
2289 1636 2381 1691 τὸν
2435 1637 2726 1709 Σύμμαχον
2788 1639 3021 1711 εἴρηται,
3080 1660 3098 1693 ι
3134 1645 3245 1697 Ka‘t
3293 1646 3624 1717 ἀναϐήσεται
3665 1649 3703 1716 ἠ

446 1740 697 1794 δυσωδία.
718 1758 748 1791 Δι

521 1851 682 1905 Vens.
712 1849 765 1902 4.
795 1866 813 1898 ι
841 1847 908 1901 Ει
932 1844 1251 1916 rigabuntur
1282 1850 1493 1896 montes
1512 1839 1778 1910 sanguine
1807 1853 2014 1894 eorum.
2050 1846 2091 1900 Β

446 1945 514 2000 Et
541 1946 820 1999 tabescent
846 1953 1035 1995 omnes
1061 1936 1290 1991 virtutes
1320 1934 1603 1990 caelorum.
1650 1955 1669 1984 ι
1710 1931 1777 1986 Hi
1808 1941 2019 1985 montes

442 2043 599 2093 erant
630 2038 697 2091 de
718 2033 915 2105 quibus
943 2031 1143 2085 dictum
1178 2037 1302 2089 est,
1342 2045 1360 2077 ι
1406 2026 1472 2080 Ει
1500 2025 1779 2080 tabescent
1811 2034 2020 2079 montes

444 2149 472 2183 a
513 2129 792 2199 sanguine.
850 2141 869 2177 ι
918 2122 1127 2176 Etenim
1159 2120 1392 2173 virtutes
1436 2116 1700 2171 caelorum
1726 2152 1742 2179 ,
1774 2125 1893 2187 qua:
1924 2127 2021 2182 per

441 2228 659 2275 montes
686 2215 1082 2288 signiﬁcantur,
1118 2220 1245 2264 tunc
1294 2208 1572 2263 tabescere
1607 2207 1882 2272 dicuntur,
1930 2216 2018 2257 ιιιο

441 2319 572 2380 pote
598 2324 719 2379 quae
764 2303 1083 2362 memoratis
1133 2300 1440 2357 hominibus
1476 2301 1528 2353 in
1562 2314 1725 2354 causa
1754 2298 2011 2367 perniciei

443 2403 669 2460 fuerint.
701 2401 961 2469 Quaenam
987 2409 1151 2466 porro
1178 2392 1281 2448 illa:
1312 2392 1513 2447 fuerint
1538 2430 1554 2455 ,
1594 2391 1697 2445 nisi
1722 2389 1792 2444 de
1821 2390 2017 2458 quibus

439 2495 732 2567 Apostolus
761 2494 879 2558 ait,
916 2509 934 2543 ι
983 2488 1098 2544 Νοιι
1128 2496 1213 2542 est
1246 2486 1402 2541 nobis
1430 2486 1573 2539 lucta
1603 2483 1864 2537 adversus
1892 2495 2015 2535 san-

442 2590 659 2657 guinem
710 2595 766 2640 et
810 2595 1072 2646 carnem;
1119 2578 1211 2633 sed
1246 2578 1508 2631 adversus
1537 2574 1910 2643 principatus.
1959 2581 2016 2627 et

440 2687 735 2748 potestates
764 2716 782 2741 ,
826 2683 882 2731 et
909 2680 1149 2728 rectores
1177 2671 1364 2723 mundi
1415 2668 1577 2736 hujus
1605 2704 1621 2731 ,
1654 2675 1707 2720 et
1757 2665 2016 2721 adversus

440 2770 739 2843 spiritualia
768 2766 1025 2838 nequitia:
1054 2764 1110 2819 in
1140 2762 1452 2818 caelestibus
1479 2758 1565 2811 u’?
1605 2776 1624 2809 ι
1654 2756 1747 2812 Hae
1787 2769 2017 2825 namque

438 2872 773 2934 potestates,
816 2874 935 2931 qum
987 2856 1193 2913 aerium
1240 2854 1414 2909 locum
1459 2851 1742 2912 obtinent,
1791 2849 2015 2903 virtutes

442 2955 707 3012 caelorum
758 2945 1529 3018 vocantur:quandoquidem
1582 2958 1688 3009 ea,
1741 2957 1877 3011 quae.
1920 2957 2017 3011 per

436 3059 565 3101 aera
618 3044 887 3107 feruntur,
928 3039 1178 3095 volucres
1229 3038 1350 3091 cmli
1402 3050 1597 3092 vocare
1647 3033 1782 3089 solet
1835 3034 2013 3089 divina

436 3137 719 3207 Scriptura
751 3136 977 3199 dicens,
1013 3151 1033 3186 ι
1070 3130 1330 3187 Volucres
1377 3128 1497 3186 (εωιί
1553 3138 1610 3183 et
1660 3129 1836 3197 pisces
1893 3144 2008 3182 ma-

435 3231 518 3287 ris
541 3229 634 3284 δ”.
688 3248 708 3283 ι
758 3228 892 3284 Cum
923 3238 1101 3283 autem
1134 3225 1263 3279 illud
1290 3264 1304 3288 ,
1342 3243 1359 3275 ‹
1394 3223 1462 3277 Ει
1509 3223 1784 3277 tabescent
1815 3234 2005 3276 omnes

433 3325 663 3379 virtutes
689 3321 993 3383 cmiorum,
1059 3338 1078 3373 ι
1136 3318 1189 3372 in
1238 3314 1593 3386 Septuaginta
1643 3313 2003 3382 lnterpretunn

432 3416 689 3471 versione
735 3429 840 3469 non
883 3420 1237 3483 compareat,
1278 3424 1400 3464 cum
1452 3406 1731 3461 asteriscis
1761 3419 1826 3459 ex
1873 3404 2003 3459 reli-

436 3524 669 3579 quorum
730 3505 1175 3576 interpretatione
1224 3502 1461 3557 additum
1514 3500 1632 3552 fuit.
1684 3498 1817 3564 Quia
1875 3511 2005 3551 vero

434 3604 574 3659 scitu
610 3602 765 3657 nobis
796 3615 932 3671 opus
960 3608 1080 3653 erat
1129 3597 1472 3667 quandonam
1529 3594 1643 3646 haec
1692 3591 1868 3645 futura
1918 3604 2004 3643 es-

432 3704 575 3762 sent,
620 3693 671 3748 id
703 3708 802 3748 nos
828 3692 1017 3748 edocet
1061 3687 1404 3760 propheticus
1452 3699 1632 3740 sermo
1679 3684 2001 3745 declarans.

431 3784 682 3854 superius
715 3791 1009 3838 memorata
1041 3789 1162 3849 post
1215 3780 1376 3848 hujus
1423 3776 1605 3831 mundi
1659 3791 2004 3830 consumma-

432 3879 637 3931 tionem
660 3884 921 3930 eventura
937 3888 1077 3927 esse.
1105 3870 1473 3940 Quamobrem
1503 3869 1673 3922 infert
1707 3885 1721 3921 :
1761 3887 1779 3918 ι
1818 3867 1883 3920 Ει
1902 3866 2002 3936 pli-

432 3970 645 4025 cabitur
671 3967 889 4034 cmlmn,
912 3967 1051 4021 sicut
1078 3964 1231 4026 liber,
1278 3973 1333 4017 et
1360 3962 1539 4015 omnia
1572 3969 1721 4014 astra
1769 3960 2000 4024 cadent,

434 4070 694 4133 tanquam
729 4060 855 4115 folia
906 4060 972 4113 de
998 4059 1107 4113 vite
1132 4094 1149 4121 ,
1184 4066 1231 4111 et
1271 4056 1409 4111 sicut
1433 4054 1634 4110 cadunt
1668 4051 1795 4106 folia
1828 4051 1894 4105 de
1934 4050 2000 4104 ti-

431 4172 520 4213 cu.
554 4175 572 4210 ι
608 4155 858 4210 Salvator
890 4154 1017 4207 item
1055 4152 1107 4204 in
1142 4148 1446 4219 Evangeliis
1478 4147 1592 4201 haec
1635 4146 1701 4200 de
1744 4160 2001 4198 consum-

431 4250 669 4306 lnatione
705 4245 970 4301 tradidit:
1004 4263 1022 4294 ι
1059 4243 1123 4297 Ει
1168 4241 1336 4296 stella:
1377 4239 1572 4293 cadent
1608 4237 1673 4292 de
1720 4234 1898 4301 caelo,
1948 4243 2002 4288 et

428 4345 657 4399 Virtutes
684 4339 946 4396 caelorum
993 4335 1496 4396 commovebuntur,
1550 4339 1605 4385 et
1652 4338 1780 4384 tunc
1840 4342 2002 4397 appa-

428 4436 801 4505 rebitsignum
835 4430 928 4485 lilii
958 4427 1195 4485 hominis
1216 4427 1268 4481 in
1298 4424 1438 4480 caelo
1467 4424 1533 4474 “-
1573 4441 1591 4473 ι
1627 4421 1817 4491 Aquila
1849 4434 1998 4484 vero,

2198 1863 2214 1894 ι
2255 1846 2365 1900 Ka‘t
2390 1845 2722 1917 βραχήσεται
2751 1848 2818 1901 τὰ
2845 1849 2944 1920 ὅρη
2974 1851 3085 1903 ἀπὸ
3117 1850 3215 1904 τοῦ
3242 1853 3470 1922 αἵματος
3495 1854 3699 1908 αὑτῶνε

2118 1939 2227 1991 Καὶ
2264 1941 2593 2009 τακήσονται
2642 1942 2813 1994 πᾶσαι
2862 1943 2917 1994 αί
2948 1941 3206 2013 δυνάμεις
3227 1944 3333 1996 τῶν
3375 1945 3635 2015 οὐρανῶν.
3674 1966 3697 1999 ι

2118 2030 2303 2083 Ταῦτα
2333 2032 2511 2083 τοίνυν
2562 2032 2855 2102 ἐτύγχανον
2886 2033 3009 2105 ὅρη,
3059 2036 3186 2104 περὶ
3234 2028 3310 2088 ὧν
3359 2036 3572 2107 εἴρηται
3614 2037 3700 2101 τὸ,

2125 2137 2142 2171 ι
2183 2122 2292 2174 Καὶ
2346 2123 2673 2201 τακήσονται
2720 2124 2818 2195 δρη
2860 2124 2966 2177 ἀπὸ
3010 2124 3102 2177 τοῦ
3136 2127 3387 2196 αἵματος.
3420 2147 3437 2178 ι
3475 2129 3541 2179 Αἱ
3588 2129 3701 2201 γάρ

2117 2213 2374 2282 δυνάμεις
2401 2215 2507 2267 τῶν
2547 2216 2810 2285 οὐρανῶν,
2861 2216 2961 2287 ὅρη
3010 2217 3317 2286 νοούμεναι,
3359 2220 3701 2289 τακήσεσθαι

2116 2304 2382 2374 λέγονται,
2408 2307 2484 2369 ὠς
2514 2308 2683 2361 αἰτίαι
2733 2308 3020 2377 γενόμεναι
3058 2309 3331 2370 ἀπωλείας
3387 2309 3493 2363 τῶν
3544 2312 3701 2381 είρηέ

2121 2396 2313 2465 μένων.
2350 2397 2504 2460 Τίνες
2528 2398 2573 2450 δ’
2603 2399 2669 2451 ἂν
2702 2396 2808 2452 εἷεν
2860 2395 3039 2465 αὗται,
3096 2404 3128 2474 ἢ
3169 2404 3296 2474 περὶ
3340 2397 3416 2457 ὧν
3456 2422 3621 2474 φησιν
3666 2407 3701 2459 6

2131 2487 2451 2551 Ἀπόστολος
2470 2528 2484 2551 ,
2524 2509 2542 2540 ι
2586 2490 2700 2543 Οὐκ
2723 2489 2868 2545 ἔστιν
2890 2494 3019 2563 ἡμῖν
3044 2495 3077 2564 ἡ
3105 2493 3250 2563 πάλη
3268 2495 3404 2566 πρὸς
3435 2491 3571 2565 αἷμα
3600 2497 3698 2549 καὶ⁵

2120 2579 2328 2649 σάρκα·
2381 2580 2516 2634 ἀλλά
2552 2580 2687 2652 πρὸς
2730 2582 2829 2644 τὰς
2858 2584 3054 2654 ἀρχὰς,
3102 2586 3239 2657 πρὸς
3287 2586 3385 2650 τὰς
3421 2587 3692 2653 ἐξουσίας.

2116 2672 2249 2743 πρὸς
2321 2674 2447 2737 τοὺς
2520 2676 2969 2747 κοσμοκράτορας
3035 2677 3128 2731 τοῦ
3190 2678 3398 2749 κόσμου
3473 2680 3689 2745 νώτου,

2117 2765 2253 2836 πρὸς
2302 2764 2370 2818 τὰ
2418 2768 2763 2837 πνευματικὰ
2794 2768 2894 2839 τῆς
2926 2771 3189 2840 πονηρίας
3219 2773 3275 2823 ὲν
3316 2774 3430 2834 τοῖς
3462 2772 3693 2843 ὲπουραλ

2118 2856 2268 2919 νίοις.
2308 2876 2326 2909 ι
2364 2853 2531 2912 Abeat
2564 2858 2673 2931 γὰρ
2700 2860 2757 2913 αἱ
2783 2860 3063 2932 δυνάμεις,
3086 2862 3143 2915 αἲ
3184 2862 3276 2916 τὸν
3305 2864 3485 2935 ἀέριον
3513 2863 3691 2933 χῶρον

2116 2947 2545 3020 διακατέχονται,
2580 2951 2838 3023 δυνάμεις
2867 2954 3109 3027 οὐρανῶν
3142 2953 3414 3026 εἴρηνται·
3448 2955 3568 3008 ἐπεὶ
3597 2956 3692 3008 καὶ

2114 3040 2185 3093 τὰ
2214 3041 2283 3095 δι’
2321 3043 2480 3113 ἀέρος
2508 3043 2784 3116 φερόμενα
2841 3046 3064 3099 πετεινά
3095 3046 3325 3118 οὐρανοῦ
3359 3047 3543 3101 καλεῖν
3569 3047 3691 3102 εἴω-

2115 3132 2261 3206 θενή
2290 3134 2409 3188 θεία
2436 3135 2625 3207 Γραφὴ
2670 3135 2903 3205 λέγουσα
2924 3182 2937 3202 ,
2978 3156 2995 3188 ι
3028 3138 3108 3191 Τὰ
3135 3139 3355 3191 πετεινά
3378 3138 3479 3213 ,τοῦ
3530 3139 3691 3210 οὐρα-

2108 3228 2200 3279 νοῦ
2223 3228 2464 3291 καὶτοὺς
2498 3227 2684 3297 ἰχθύας
2711 3229 2809 3299 τῆς
2839 3229 3133 3301 θαλάσσης.
3180 3247 3201 3281 ι
3236 3231 3325 3300 Μὴ
3361 3230 3610 3301 κείμενον
3634 3231 3691 3285 δὲ

2108 3320 2165 3371 ὲν
2194 3320 2259 3388 τῇ
2288 3318 2398 3371 τῶν
2436 3319 2837 3390 Ἐϐδομήκοντα
2880 3322 3145 3392 ἑρμηνείᾳ
3171 3322 3251 3383 τὸ,
3291 3342 3309 3373 ι
3363 3322 3473 3375 Καὶ
3517 3324 3693 3395 taxi;-

2108 3427 2287 3463 σονται
2344 3413 2515 3464 πᾶσαι
2580 3413 2636 3464 αἱ
2692 3412 2949 3482 δυνάμεις
3004 3413 3112 3465 τῶν
3160 3413 3422 3484 οὐρανῶν,
3466 3424 3485 3464 ἡ
3546 3415 3691 3484 μετά

2109 3503 2449 3573 ἀστερίσκων
2506 3504 2570 3557 ὲκ
2618 3504 2717 3574 τῆς
2756 3504 2862 3556 τῶν
2907 3504 3107 3557 λοιπῶν
3155 3505 3450 3576 ἑρμηνείας
3512 3520 3687 3577 προσ-

2112 3592 2291 3663 ετέθη.
2348 3594 2501 3646 Ἐπεὶ
2552 3593 2610 3645 δὲ
2645 3573 2811 3665 ἐχρῆν
2866 3595 3015 3665 ἡμᾶς
3067 3573 3294 3662 γνῶναι.
3331 3595 3459 3647 πότε
3509 3573 3688 3649 ταῦτα

2106 3684 2257 3738 ἔσται
2286 3725 2300 3746 ,
2365 3686 2460 3738 καὶ
2512 3684 2671 3738 τοῦτο
2736 3686 2973 3739 διδάσκει
3031 3689 3060 3741 6
3116 3687 3450 3758 προφητικὸς
3506 3688 3686 3756 λόγος,

2106 3778 2415 3850 παριστὰς,
2464 3780 2538 3842 ὡς
2600 3779 2734 3850 μετά
2802 3779 2899 3851 τὴν
2971 3780 3279 3834 συντέλειαν
3336 3780 3431 3833 τοῦ
3478 3780 3687 3850 κόσμου

2104 3872 2291 3925 τούτου
2345 3878 2632 3943 γενήσεται
2674 3873 2744 3926 τὰ
2808 3873 3191 3945 προλεχθέντα.
3244 3874 3335 3926 Διὸ
3384 3874 3669 3944 ἐπιφέρει·

2109 3982 2128 4014 ι
2163 3965 2271 4017 Καὶ
2306 3964 2638 4035 εἱλιγήσεται
2662 3964 2737 4028 ὡς
2763 3965 2966 4035 βιϐλίον
3019 3968 3047 4019 6
3093 3966 3345 4037 οὐρανὸς,
3379 3966 3472 4019 καὶ
3506 3967 3683 4020 πάντα

2103 4057 2171 4109 τὰ
2218 4056 2395 4129 ἄστρα
2420 4060 2686 4119 πεσεῖται,
2725 4057 2801 4121 ὡς
2834 4057 3005 4126 φύλλα
3035 4058 3092 4124 ἐξ
3143 4058 3410 4127 ἀμπέλου,
3462 4058 3555 4111 καὶ
3604 4059 3682 4123 ὠς

2104 4149 2292 4202 πίπτει
2317 4149 2489 4219 φύλλα
2521 4150 2629 4204 ἀπὸ
2655 4150 2846 4221 συκῆς.
2893 4171 2911 4201 ι
2946 4151 3057 4204 Kal.
3108 4152 3136 4202 6
3171 4152 3360 4222 Σωτὴρ
3389 4151 3444 4204 δὲ
3485 4154 3542 4205 ἐν
3568 4154 3682 4217 τοῖς

2104 4242 2458 4312 Εὐαγγελίοις
2507 4244 2634 4315 περὶ
2672 4242 2773 4313 τῆς
2806 4243 3113 4306 συντελείας
3148 4244 3423 4313 παραδοὺς
3456 4245 3639 4312 ἔλεγεν
3660 4264 3677 4278 ·

2110 4352 2128 4385 ι
2156 4335 2263 4387 Καὶ
2291 4335 2339 4386 οἱ
2362 4333 2590 4404 ἀστέρες
2622 4330 2912 4385 πεσοῦνται
2939 4333 3003 4385 ὲκ
3046 4330 3139 4384 τοῦ
3176 4331 3428 4403 οὐρανοῦ,
3483 4334 3574 4385 καὶ
3619 4334 3679 4385 αἱ

2101 4423 2355 4493 δυνάμεις
2378 4422 2487 4474 τῶν
2508 4420 2752 4492 οὐρανῶν
2776 4420 3218 4491 σαλευθήσονται,
3246 4422 3337 4474 καὶ
3364 4421 3484 4474 τότε
3506 4424 3681 4495 φανὴ-

436 4548 456 4581 ι
498 4529 561 4584 Ει
577 4528 756 4584 omnis
780 4523 1049 4582 exercitus
1076 4534 1261 4574 eorum
1293 4516 1512 4577 detinet,
1534 4516 1673 4569 sicut
1699 4512 1884 4567 deﬂuit
1914 4510 1998 4566 fo-

2112 4529 2255 4568 σεται
2286 4512 2347 4566 τὸ
2383 4514 2607 4583 σημεῖον
2626 4510 2720 4564 τοῦ
2750 4510 2881 4563 Υἱοῦ
2909 4509 3003 4563 τοῦ
3026 4510 3312 4582 ἀνθρώπου
3330 4511 3389 4563 ὲν
3414 4511 3491 4583 τῷ
3520 4512 3684 4584 οὐρα-

428 4625 561 4678 linm
588 4637 620 4676 a
649 4621 783 4684 vite,
814 4626 868 4671 et
895 4625 1153 4685 tanquam
1185 4610 1421 4678 id,quod
1458 4607 1724 4661 delabitur
1746 4620 1774 4657 a
1798 4603 1901 4656 tlcu
1928 4617 1944 4667 ;
1974 4619 1992 4653 ι

428 4717 724 4771 secundum
753 4709 1138 4781 Symmachum
1186 4713 1409 4765 autem,
1452 4717 1471 4749 ι
1518 4698 1583 4753 Et
1608 4696 1784 4751 omnis
1824 4696 1997 4763 virtus

425 4807 545 4877 eius
576 4805 753 4867 cadet,
785 4804 926 4858 sicut
947 4800 1094 4856 cadit
1126 4796 1313 4852 folium
1340 4810 1369 4848 a
1400 4794 1509 4846 vite
1539 4831 1552 4853 ,
1584 4799 1639 4844 et
1664 4798 1915 4858 tanquam
1941 4785 1993 4840 id

427 4901 571 4972 quod
597 4897 799 4956 decidit
833 4910 863 4949 a
898 4894 1021 4949 ﬁcu.
1066 4909 1085 4944 ι
1122 4889 1246 4945 Haec
1270 4900 1432 4956 porro
1454 4880 1860 4939 observavimus
1889 4918 1905 4944 ,
1935 4886 1996 4931 ut

427 4991 837 5048 Ostenderemus
896 5001 982 5051 ea,
1012 4999 1131 5055 qua:
1163 5000 1191 5036 a
1243 4979 1380 5036 LXX
1426 4974 1815 5045 Interpretibus
1848 4981 1994 5026 astra

352 5110 359 5121 ~
430 5086 707 5152 dicuntur,
736 5080 873 5154 apud
906 5078 1142 5147 reliquos
1187 5077 1511 5143 interpretes
1565 5070 1795 5123 virtutes
1828 5065 1994 5121 caelo-

429 5183 550 5231 rhm
582 5178 787 5231 vocari.
824 5175 954 5242 Quae
984 5172 1235 5231 virtutes,
1270 5166 1369 5221 nisi
1408 5166 1473 5219 de
1505 5162 1700 5233 quibus
1732 5159 1889 5213 modo
1912 5159 1994 5213 tli-

429 5280 577 5323 ctum
609 5277 689 5322 est
713 5268 737 5319 ?
765 5266 857 5322 Ha:
886 5266 1049 5335 igitur
1081 5264 1212 5331 ipsa:
1237 5301 1252 5325 ,
1280 5260 1419 5315 sicut
1444 5256 1569 5311 folia
1597 5255 1663 5309 de
1692 5253 1819 5316 vite,
1847 5251 1995 5318 judi-

428 5362 498 5415 cii
542 5371 785 5427 tempore
809 5358 1006 5412 cadere
1033 5356 1309 5417 dicuntur,
1336 5365 1442 5421 quo
1474 5348 1672 5404 calum
1701 5345 1995 5416 plicabitur

427 5453 583 5522 quasi
624 5450 782 5506 liber.
815 5447 914 5503 llic
941 5463 1069 5503 vero
1100 5446 1392 5503 notandum
1418 5451 1530 5507 est,
1565 5455 1672 5495 non
1702 5436 2001 5506 corruptio-

427 5563 574 5612 nem,
605 5560 710 5600 non
736 5542 956 5597 exitium
981 5582 996 5605 ,
1039 5555 1141 5594 non
1171 5535 1596 5596 destructionem
1621 5530 1881 5587 caelorum
1910 5526 1995 5581 his

500 5794 541 5825 "
571 5793 766 5864 Epltcs.
804 5803 875 5853 vt,
906 5786 990 5841 I2.
1090 5788 1152 5818 ’⁸⁸⁸
1194 5783 1333 5837 l‘sai.
1379 5798 1498 5846 vm,
1555 5780 1610 5833 9.

2085 4605 2197 4676 vii).
2232 4624 2251 4655 ι
2283 4605 2341 4657 ὐ
2377 4605 2475 4674 μὲν
2519 4602 2770 4666 Ἀκύλας,
2802 4619 2821 4653 ι
2874 4602 2983 4655 Καὶ
3031 4604 3181 4655 πᾶσα
3227 4603 3455 4674 στρατιά
3497 4604 3682 4657 αὐτῶν

2098 4695 2449 4766 ἀποῤῥεύσει,
2468 4695 2542 4759 ὼς
2569 4695 2801 4765 ἀπορρεῖ
2834 4693 3028 4763 φύλλον
3051 4694 3158 4747 ἀπὸ
3183 4694 3449 4765 ἀμπέλου,
3482 4695 3576 4747 καὶ
3603 4695 3683 4759 ὡς

2098 4790 2407 4858 ἀπόπτωμα
2458 4786 2565 4840 ἀπὸ
2623 4775 2825 4856 συκῆς·
2888 4806 2906 4836 ι
2942 4788 3079 4839 κατά
3123 4786 3179 4839 δὲ
3223 4786 3313 4840 τὸν
3361 4786 3682 4857 Σύμμαχον,

2104 4897 2121 4928 ι
2160 4877 2268 4931 Ka‘t
2302 4878 2515 4947 πᾶσαή
2568 4876 2797 4947 δύναμις
2828 4877 2990 4929 αὐτοῦ
3041 4880 3304 4942 πεσεῖται,
3357 4877 3429 4940 ὡς
3483 4878 3680 4930 πίπτει

2100 4969 2293 5039 φύλλον
2326 4968 2435 5023 ἀπὸ
2456 4968 2721 5039 ἀμπέλου,
2756 4969 2848 5021 καὶ
2866 4968 2939 5031 ὼς
2969 4960 3276 5040 ἀπόπτωμα
3304 4970 3409 5022 ἀπὸ
3445 4970 3678 5039 συκῆς.ν

2101 5063 2403 5134 Τετήρηται
2439 5062 2495 5114 δὲ
2531 5060 2700 5114 ταῦτα
2730 5062 2880 5131 ἡμῖν,
2914 5063 2994 5124 εἰς
3024 5061 3083 5113 τὸ
3104 5058 3291 5125 δεῖξαι,
3313 5063 3394 5114 ὃτι
3427 5061 3494 5114 τὰ
3525 5063 3682 5133 παρὰ

2097 5160 2209 5220 τοῖς
2236 5155 2634 5226 Ἑϐδομήκοντα
2665 5154 2926 5226 εἰρημένα
2956 5155 3129 5226 ἄστρα
3155 5155 3303 5225 παρὰ
3331 5157 3442 5217 τοῖς
3471 5153 3679 5218 λοιποῖς

2103 5250 2463 5319 ὲρμηνευταὶς
2516 5246 2771 5316 δυνάμεις
2829 5245 2923 5298 τοῦ
2982 5244 3209 5316 οὐρανοῦ
3258 5243 3676 5315 ὠνομάσθησαν.

2102 5341 2258 5394 Ποῖαι
2287 5339 2343 5391 δὲ
2370 5338 2644 5408 δυνάμεις,
2669 5336 2702 5407 ἢ
2730 5337 2857 5407 περὶ
2886 5330 2960 5389 ὧν
2990 5336 3191 5408 ἀρτίως
3222 5334 3465 5403 ὲλέγετο;
3489 5335 3677 5389 Ταῦτα

2096 5426 2188 5483 οὖν
2217 5429 2354 5482 αὐτά
2397 5429 2471 5491 ὡς
2505 5426 2677 5496 φύλλα
2727 5426 2785 5490 ἐξ
2836 5426 3078 5497 ἀμπέλου
3127 5422 3410 5477 πεσεῖσθαι
3458 5424 3677 5496 εἴρηται

2097 5520 2235 5574 κατὰ
2273 5520 2363 5572 τὸν
2401 5519 2498 5589 τῆς
2534 5516 2764 5588 κρίσεως
2800 5516 3009 5586 καιρὸν,
3061 5514 3182 5569 καθ’
3225 5515 3284 5568 ὃν
3338 5514 3675 5586 εἰλιγήσεται

1690 5779 1735 5811 ⁸⁸
1784 5775 1969 5833 Matth.
2023 5786 2175 5835 IXIV,
2226 5767 2314 5822 ‘29.
