4072 6194
1107 354 1370 411 EUSEBII
1406 314 1880 412 CIESAKIENSIS
1919 355 2066 413 ΟΡΡ.
2103 356 2281 413 PARS
2321 356 2404 411 Ill.
2440 390 2508 400 —
2543 359 2951 416 EXEGETICA.

3541 362 3650 418 550

444 482 546 530 tur,
591 486 610 518 ι
650 467 897 521 Mulieres
921 466 1131 532 divites,
1171 466 1462 538 exsurgite,
1507 466 1613 521 diei
1640 468 1763 521 anni
1796 482 1998 523 memo-

2103 469 2311 537 ἐλέγετο
2328 472 2407 535 τὸ,
2424 489 2449 537 ,ι
2474 471 2727 535 Γυναῖκες
2748 462 3014 537 πλούσιαι,
3036 472 3327 542 ἀνάστητε,
3342 472 3549 543 ἡμέρας
3562 478 3659 529 ἐνι-

443 562 575 615 riam
612 560 771 613 facite
812 560 862 611 in
892 558 1078 613 dolore
1107 573 1227 612 cum
1264 574 1380 628 spe.
1422 580 1440 612 ι
1471 560 1602 627 Quis
1650 560 1721 614 sit
1767 561 1853 615 ille
1902 576 1995 615 an-

442 666 542 706 nus
564 692 579 715 ,
628 666 736 718 quo
768 665 889 701 cum
944 648 1126 703 dolore
1157 649 1429 719 planctum
1457 654 1619 705 edere
1658 650 1998 718 jubet,ha3c

439 742 718 811 prophetia
744 740 1095 795 declarat‘bis
1124 742 1321 802 verbis,
1358 760 1377 792 ‹
1421 740 1627 797 Vocare
1668 757 1867 796 annum
1896 744 1998 797 Do-

441 834 568 886 mini
602 831 986 898 aceeplubilem
1018 870 1031 895 ,
1063 840 1119 886 et
1148 832 1288 886 diem
1323 832 1693 888 retributionis
1746 834 1852 887 Deo
1904 850 1999 888 no-

439 933 551 977 stro
580 962 594 987 ,
650 923 917 987 consolari
969 938 1158 977 omnes
1207 923 1449 993 lugentes
1478 966 1493 991 ,
1529 925 1658 979 dare
1692 925 1999 993 lugentibus

438 1014 567 1069 Sion
595 1012 839 1083 gloriam.
878 1031 898 1065 ι
937 1012 1121 1067 Vidcn’
1153 1028 1260 1081 quo
1292 1029 1454 1069 sensu
1488 1015 1574 1070 hic
1602 1015 1874 1081 dicatur,r
1906 1032 1999 1070 an-

437 1121 538 1159 nus
578 1105 789 1160 Domini
819 1144 833 1169 ,
863 1113 919 1158 et
942 1104 1056 1159 dies
1086 1106 1503 1171 retributionis;
1541 1125 1559 1159 ι
1612 1107 1682 1160 ita
1732 1118 1791 1161 ut
1822 1108 1997 1163 simile

436 1198 510 1252 sit
536 1196 664 1251 illud
691 1197 793 1251 hoc
822 1197 964 1250 dicto
988 1239 1003 1262 ,
1042 1214 1059 1247 t
1098 1196 1222 1251 Dies
1249 1198 1393 1251 enim
1419 1196 1611 1266 judicii
1645 1199 1795 1255 Sion.
1838 1219 1856 1251 ι
1887 1198 1995 1253 lta-

438 1300 545 1353 que
577 1284 718 1339 idem
752 1286 864 1355 ipse
894 1300 1089 1350 annus,
1118 1287 1305 1341 eadem
1336 1287 1448 1353 ipsa
1470 1288 1585 1341 dies
1614 1300 1716 1354 est,
1743 1306 1845 1356 qua
1874 1306 1998 1358 pau-

438 1389 596 1443 peres
628 1375 1089 1444 evangelizantur,
1123 1374 1369 1442 lugentes
1416 1376 1543 1430 Sion
1576 1379 1995 1433 consolationem

436 1465 707 1533 accipiunt
736 1467 786 1517 in
819 1466 1018 1519 Christi
1052 1466 1284 1519 adventu
1315 1506 1328 1528 ,
1382 1467 1632 1521 mulieres
1677 1468 1997 1524 illzedivites

434 1561 500 1611 ad
534 1557 808 1626 planctum
836 1567 1155 1623 evocantur,
1189 1568 1245 1613 et
1272 1574 1390 1627 qua:
1419 1559 1518 1612 hoc
1551 1560 1601 1612 in
1631 1564 1747 1614 loco
1776 1562 1844 1615 de
1868 1560 1996 1615 Sion

435 1650 815 1713 enuntiantur,
854 1649 1036 1703 futura
1069 1659 1213 1703 sunt.
1245 1647 1371 1703 Haec
1399 1664 1560 1715 porro
1581 1651 1761 1703 onmia
1797 1651 1848 1704 in
1879 1650 1999 1705 Sal-

434 1728 639 1795 vatoris
686 1740 853 1795 nostri
902 1739 1027 1794 Jesu
1078 1739 1276 1794 Christi
1326 1741 1552 1796 adventu
1617 1743 1995 1811 implebantur,

436 1835 651 1902 quando
679 1833 713 1887 ii
750 1834 840 1901 qui
873 1832 924 1885 in
958 1834 1133 1900 ipsum
1160 1832 1524 1896 crediderant,
1553 1844 1602 1888 et
1632 1836 1861 1904 gratiam
1883 1838 1999 1908 ejus

436 1936 813 1993 susceperant,
842 1925 1062 1993 optimis
1100 1923 1204 1978 illis
1233 1923 1712 1993 pollicitationibus
1741 1928 1997 1984 frueban—

438 2031 525 2074 tur
555 2038 568 2073 :
604 2020 693 2089 qui
724 2034 850 2073 vero
879 2033 999 2072 sese
1024 2033 1053 2070 a
1097 2017 1268 2087 gratia
1312 2016 1428 2084 ejus
1479 2030 1956 2087 sequestraverant
1980 2063 1993 2087 ,

435 2115 502 2167 ab
530 2114 675 2168 omni
707 2126 802 2181 spe
834 2111 969 2164 bona
999 2110 1131 2177 lapsi
1163 2147 1176 2173 ,
1215 2110 1517 2163 tristiorum
1547 2114 1997 2169 comminationes

432 2206 734 2260 subierunt.
788 2204 851 2257 Et
896 2218 1025 2257 sane
1076 2203 1189 2270 ipsa
1218 2216 1404 2256 eorum
1433 2205 1720 2271 conspicua
1752 2216 1806 2258 et
1851 2208 1996 2276 regia

431 2297 642 2362 civitas,
675 2312 736 2351 ea
769 2296 883 2364 ipsa
908 2294 1128 2364 pertulit
1153 2334 1167 2358 ,
1192 2309 1311 2362 qua:
1333 2307 1574 2363 praesens
1596 2294 1875 2364 pr0phetia
1904 2310 1995 2348 va-

432 2390 711 2444 t‘ieiuatur.

2096 562 2257 616 αυτοῦ
2276 564 2462 634 μνείαν
2484 563 2775 635 ποιήσασθε
2793 566 2848 618 ἐν
2862 565 3020 637 ὀδύνῃ
3046 565 3160 636 μετ’
3180 564 3409 627 ἐλπίδος.
3425 564 3546 628 »Τίς
3568 563 3659 619 οὖν

2094 645 2160 720 ἦν
2173 642 2327 713 οὗτος
2340 653 2368 703 ὁ
2386 651 2647 715 ἐνιαυτὸς,
2671 651 2752 720 ἐφ’
2767 643 2810 719 ᾧ
2826 653 3115 706 κόπτεσθαι
3141 652 3255 724 μετ’
3273 653 3464 724 ὀδύνης
3490 672 3660 724 προσ-

2094 738 2296 803 τάττει,
2331 740 2362 808 ή
2401 738 2646 809 παροῦσα
2680 742 2980 812 προφητεία
3015 741 3305 812 παρίστησι
3334 741 3567 809 λέγουσα
3593 743 3664 796 τά

2096 830 2442 901 προκείμενα·
2457 851 2473 882 ι
2487 831 2631 884 Καλέ
2640 848 2724 883 σαι
2736 831 2973 885 ἐνιαυτὸν
2986 833 3185 903 Κυρίου
3196 833 3401 898 δεκτὸν,
3416 834 3509 886 καὶ
3524 833 3665 904 ήμέ-

2099 939 2193 992 ραν
2207 922 2608 985 ἀνταποδόσεως
2629 922 2705 993 τῷ
2720 922 2837 993 Θεῷ
2852 922 3025 994 ήμῶν,
3054 924 3425 995 παρακαλέσαι
3454 925 3667 987 πάντας

2094 1016 2218 1079 τοὺς
2248 1015 2593 1079 πενθοῦντας,
2620 1014 2834 1084 δοθῆναι
2863 1018 2973 1077 τοῖς
3009 1015 3259 1081 πενθοῦσι
3288 1015 3423 1070 Σιὼν
3444 1016 3653 1081 δόξαν.»

2108 1106 2267 1176 Ὁρᾷς
2285 1107 2429 1167 ὅπως
2446 1107 2502 1158 ἐν
2515 1106 2721 1167 τούτοις
2742 1124 2759 1155 t
2783 1105 3021 1167 ἐνιαυτὸς
3040 1106 3237 1175 Κυρίου
3252 1124 3268 1157 ι
3291 1107 3522 1178 εἴρηται,
3542 1126 3559 1156 ι
3572 1107 3664 1159 καὶ

2096 1198 2277 1269 ἡμέρα
2293 1198 2710 1261 ἁνταποδόσεως,
2732 1217 2749 1249 ι
2766 1197 2839 1260 ὡς
2852 1198 3031 1267 ὅμοιον
3047 1198 3284 1269 τυγχάνῃ
3299 1198 3395 1269 τῷ,
3414 1218 3431 1250 ι
3454 1198 3662 1269 Ἡμέρα

2095 1290 2201 1361 γὰρ
2227 1292 2455 1360 κρίσεως
2484 1289 2638 1343 Σιών.
2663 1309 2679 1340 ι
2714 1289 2919 1343 Οὐκοῦν
2950 1284 3029 1354 εἷς
3060 1292 3152 1343 καὶ
3182 1291 3210 1342 ὁ
3234 1292 3391 1355 αὐτὸς
3419 1289 3661 1355 ἐνιαυτὸς

2093 1383 2370 1453 τυγχάνει,
2405 1382 2496 1436 καὶ
2549 1382 2646 1453 μία
2693 1382 2786 1435 καὶ
2836 1383 2869 1452 ὴ
2914 1382 3051 1453 αύτὴ
3082 1382 3284 1453 ἡμέρα,
3316 1382 3441 1437 καθ’
3488 1382 3555 1453 ἢν
3607 1381 3659 1435 οἱ

2097 1477 2300 1546 πτωχοὶ
2332 1472 2787 1543 εὐαγγελίζονται,
2834 1473 2887 1525 οῖ
2932 1490 2990 1525 τε
3038 1472 3359 1537 πενθοῦντες
3390 1473 3487 1544 τὴν
3523 1471 3660 1524 Σιὼν

2097 1566 2536 1640 παρακαλοῦνται
2566 1566 2657 1619 ἐπὶ
2687 1568 2752 1637 τῇ
2782 1564 3015 1635 Χριστοῦ
3046 1564 3336 1637 παρουσίᾳ,
3362 1565 3453 1617 καὶ
3483 1563 3538 1615 αἱ
3568 1563 3657 1615 λε-⁵

2097 1662 2322 1732 γόμεναι
2372 1659 2623 1712 πλούσιαι
2652 1659 2904 1727 γυναῖκες
2926 1658 3017 1709 ἐπὶ
3044 1656 3133 1710 τὸν
3161 1654 3387 1709 κοπετὸν
3436 1652 3673 1707 καλοῦν-η

2098 1771 2206 1817 ται,
2232 1754 2323 1807 καὶ
2352 1752 2417 1805 τά
2452 1751 2715 1819 λεγόμενα
2746 1750 2833 1803 διὰ
2854 1750 2959 1803 τῶν
3012 1732 3385 1819 προκειμένων
3418 1751 3482 1818 τῇ
3526 1744 3663 1801 Σιὼν

2102 1845 2415 1899 ἀποϐαίνειν
2476 1843 2693 1914 ήμελλε.
2734 1841 2915 1894 Ταῦτα
2962 1840 3019 1892 δὲ
3058 1840 3245 1901 ,πάντα
3302 1838 3393 1891 ἐπὶ
3425 1841 3522 1909 τῆς
3566 1836 3660 1890 τοῦ

2104 1935 2521 2007 Σωτῆροςὴμῶν
2548 1932 2720 2005 Ἰησοῦ
2753 1931 2986 2004 Χριστοῦ
3007 1930 3307 2002 παρουσίας
3340 1926 3661 2000 ἐπληροῦτο,

2102 2028 2220 2082 καθ’
2246 2030 2311 2099 ἢν
2337 2031 2383 2081 οἱ
2421 2030 2517 2098 μὲν
2560 2030 2639 2091 είς
2678 2026 2836 2079 αὐτὸν
2860 2022 3304 2086 πεπιστευκότες,
3333 2024 3426 2075 καὶ
3449 2020 3547 2091 τὴν
3568 2018 3664 2089 χά-

2103 2138 2187 2192 ριν
2218 2119 2315 2191 τὴν
2340 2121 2405 2173 δι’
2428 2121 2590 2173 αὐτοῦ
2636 2116 3113 2188 παραδεδεγμένοι,
3146 2113 3252 2167 τῶν
3284 2112 3665 2185 χρηστοτέρων
3707 2148 3713 2157 ι

2102 2212 2443 2281 ἐπαγγελιῶν
2474 2210 2748 2281 ἀπήλαυον
2772 2225 2784 2237 ·
2814 2209 2862 2260 οἱ
2884 2207 2940 2260 δέ
2969 2206 3278 2277 ἀλλοτρίους
3302 2205 3527 2267 ἑαυτοὺς
3558 2220 3663 2257 κα·-

2100 2305 2467 2373 ταστήσαντες
2505 2304 2602 2372 τῆς
2658 2298 2820 2353 αὐτοῦ
2867 2298 3107 2367 χάριτος,
3138 2297 3314 2365 πάσης
3336 2294 3541 2365 ἀγαθῆς
3576 2295 3633 2346 ἐ>

2100 2393 2251 2456 πίδος
2288 2391 2674 2453 ἀποπεσόντες,
2702 2391 2821 2451 ταῖς
2849 2387 2957 2439 τῶν
2996 2384 3456 2457 σκυθρωποτέρων
3500 2384 3665 2436 ἄπει-

432 2485 551 2549 λαῐς
589 2482 1067 2537 ὑποπεπτώκασιν.
1110 2482 1218 2534 Καὶ
1264 2480 1399 2550 αὑτὴ
1433 2479 1489 2533 δὲ
1518 2481 1695 2534 αὐτῶν
1718 2483 1751 2551 ἡ
1778 2485 1948 2557 σεμνὴ
1974 2487 2067 2540 καὶ
2107 2486 2357 2558 βασιλικὴ
2385 2486 2537 2548 πόλις
2580 2482 2796 2538 τοιαῦτα
2847 2480 3131 2547 πέπονθεν,
3163 2481 3319 2533 ὁποῖα
3350 2477 3595 2541 θεσπίζει
3625 2480 3664 2548 ἡ

431 2580 681 2651 παροῦσα
707 2576 1028 2649 προφητεία.

508 2675 670 2728 Vsus.
702 2672 756 2728 9.
799 2688 818 2722 ι
859 2670 923 2724 Ει
952 2678 1231 2724 vertentur
1286 2668 1454 2723 valles
1508 2666 1624 2736 ejus
1675 2669 1726 2722 in
1777 2671 1950 2739 picem
1979 2712 1994 2736 ,

429 2776 484 2823 et
529 2779 674 2822 terra
722 2764 840 2835 ejus
896 2763 949 2817 in
1001 2760 1247 2831 sulplmr.
1309 2760 1376 2814 Et
1424 2761 1530 2815 erit
1590 2770 1733 2816 terra
1782 2763 1898 2832 ejus
1942 2773 2001 2817 ut

431 2862 524 2929 pix
570 2856 769 2912 ardens
826 2865 984 2910 nocte
1032 2865 1088 2908 et
1142 2854 1250 2908 die.
1309 2871 1328 2905 ι
1386 2852 1550 2919 Queis
1601 2854 1747 2910 clare
1793 2857 2001 2911 denun‘

430 2951 536 3005 tiat
568 2958 868 3002 extremam
902 2947 1209 3000 vastitatem
1256 2953 1312 2999 et
1359 2945 1476 3001 loco
1507 2955 1561 3002 et
1590 2948 1732 3016 genti
1765 2948 2002 3005 inferen-

434 3041 497 3092 da
508 3056 581 3092 m.

506 3127 668 3183 Vens.
698 3128 785 3182 10.
835 3147 853 3179 ι
888 3128 952 3181 Ει
998 3143 1102 3183 ηοη
1155 3129 1528 3199 exstinguetur
1576 3131 1629 3185 in
1680 3142 1997 3203 perpetuum
2027 3107 2068 3167 ο

435 3231 648 3290 tempus
698 3239 710 3273 :
760 3230 815 3274 et
849 3220 1106 3274 ascendet
1153 3219 1332 3275 fumus
1377 3220 1493 3289 ejus
1521 3236 1733 3279 sursum
1771 3243 1785 3279 :
1822 3225 1875 3279 in
1913 3241 2004 3296 ge-

433 3312 775 3383 nerationem
836 3308 951 3379 ejus
1003 3310 1349 3379 desolabitur,
1397 3322 1452 3366 et
1509 3314 1564 3368 in
1613 3323 1822 3386 tempus
1866 3317 2005 3373 mul-

436 3412 567 3459 tum.
598 3421 616 3454 ι
663 3400 887 3471 Signum
925 3402 1198 3473 supplicii,
1232 3404 1374 3471 quod
1417 3403 1468 3458 in
1514 3405 1779 3474 profundo
1828 3408 2001 3475 luunt,

433 3495 502 3549 iis
535 3497 625 3561 qui
662 3509 879 3549 sursum
916 3495 1079 3564 positi
1110 3504 1237 3551 sunt
1273 3497 1521 3566 praebens
1542 3498 1999 3569 conspiciendum,

433 3589 505 3639 ob
554 3586 771 3640 insitam
806 3587 911 3641 illis
952 3587 1211 3642 malitiam
1234 3628 1249 3652 ,
1284 3603 1432 3657 qua,
1465 3589 1605 3659 quod
1642 3590 1926 3647 tenebrosa
1950 3601 2006 3647 et

432 3679 590 3747 nigra
618 3680 713 3743 sit,
748 3680 851 3749 pici
878 3690 1243 3747 comparatur.

506 3768 671 3825 Vsus.
702 3772 788 3825 tl.
828 3790 846 3823 ι
870 3776 1028 3836 Aves,
1056 3783 1111 3827 et
1148 3770 1319 3834 ericii,
1356 3780 1412 3825 et
1438 3771 1554 3827 ibes
1584 3781 1638 3828 et
1672 3772 1815 3827 corvi
1851 3773 2005 3827 babi-

429 3866 629 3918 tabunt
684 3863 736 3916 in
782 3879 895 3917 ea:
942 3873 995 3918 et
1043 3864 1312 3933 injicietur
1359 3878 1519 3931 super
1565 3880 1682 3919 eam
1738 3864 2004 3919 funiculus

428 3955 748 4026 geometria:
799 3956 1024 4019 deserti,
1081 3965 1134 4008 et
1184 3954 1530 4009 onocentauri
1585 3955 1905 4008 habitabant
1950 3956 2002 4009 in

428 4060 557 4099 ea.»
612 4045 707 4099 llis
758 4045 1001 4115 impurus
1036 4047 1246 4100 animas
1280 4044 1569 4113 signiﬁcat,
1619 4046 1808 4114 quales
1850 4054 2005 4099 erant

432 4152 628 4190 eorum
684 4135 917 4200 animae,
975 4138 1068 4205 qui
1123 4151 1187 4191 ex
1248 4135 1563 4205 alienigenis
1615 4145 1668 4190 et
1727 4135 2004 4191 extraneis

429 4226 686 4294 gentibus
736 4241 801 4281 eo
859 4226 909 4280 iu
969 4227 1083 4280 loco
1129 4236 1310 4296 postea
1354 4227 1698 4292 habitarunt,
1743 4226 2002 4280 idolorum

430 4317 689 4371 cultores.

2179 2689 2197 2721 ι
2222 2668 2331 2722 Καὶ
2353 2665 2748 2737 στραφήσονται
2769 2661 2822 2713 al
2845 2659 3124 2731 φάραγγες
3147 2655 3314 2724 αὐτῆς
3338 2656 3416 2717 είς
3442 2653 3663 2717 πίσσαν,

2104 2764 2199 2817 καὶ
2225 2764 2259 2831 ή
2288 2760 2361 2830 γῆ
2383 2757 2553 2827 αὐτῆς
2593 2748 2671 2818 εἲς
2710 2755 2871 2807 θεῖον.
2906 2752 3013 2805 Καὶ
3041 2750 3190 2802 ἔσται
3217 2750 3250 2819 ή
3287 2747 3361 2818 γῆ
3393 2746 3560 2815 αὐτῆς
3588 2744 3665 2807 ὡς

2106 2854 2274 2908 πίσσα
2304 2849 2566 2921 καιομένη
2583 2847 2772 2909 νυκτὸς
2811 2845 2903 2898 καὶ
2933 2842 3166 2914 ἡμέρας.
3204 2860 3220 2890 ι
3259 2840 3335 2891 Δι’
3371 2831 3444 2891 ὦν
3483 2835 3667 2905 σαφῶς

2103 2950 2132 3003 ό
2160 2948 2315 3015 λόγος
2347 2942 2669 3013 παρίστησιν
2710 2937 2940 3007 ἐσχάτην
2978 2932 3211 3003 ἐρημίαν
3262 2924 3665 2998 καταλήψεσθα.

2104 3040 2196 3094 τόν
2220 3055 2283 3090 τε
2308 3036 2472 3089 τόπον
2500 3033 2592 3087 καὶ
2617 3030 2676 3083 τὸ
2706 3029 2873 3091 ἔθνος.

2175 3146 2194 3179 t
2235 3125 2346 3180 Kal.
2374 3123 2434 3176 ού
2470 3119 2824 3189 σϐεσθήσεται
2855 3118 2935 3179 είς
2982 3116 3071 3167 τὸν
3127 3112 3295 3167 αἰῶνα
3329 3110 3537 3182 χρόνον,
3572 3109 3668 3161 καὶ

2102 3217 2429 3288 ἀναϐήσεται
2454 3215 2483 3266 ό
2511 3212 2714 3274 καπνὸς
2742 3209 2909 3279 αὐτῆς
2961 3209 3103 3261 ἄνω·
3145 3207 3223 3269 είς
3258 3204 3448 3273 γενεὰν
3494 3202 3663 3270 αὐτῆς

2104 3309 2545 3383 ἐρημωθήσεται,
2601 3305 2693 3357 καὶ
2723 3303 2802 3365 είς
2830 3301 3019 3372 χρόνον
3056 3298 3238 3351 πολύν.
3282 3315 3300 3347 ι
3338 3296 3411 3348 Τὸ
3441 3296 3669 3383 σημεῖον

2102 3381 2200 3470 τῆς
2244 3400 2301 3451 ἐν
2349 3395 2499 3467 βάθει
2545 3391 2812 3463 τιμωρίας
2862 3387 3040 3443 αὐτῶν
3085 3388 3197 3449 τοῖς
3246 3384 3357 3437 ἀνω
3410 3381 3669 3453 παρέχων

2103 3493 2233 3565 όρᾷν
2265 3489 2352 3543 διὰ
2385 3489 2481 3558 τὴν
2522 3482 2880 3554 ὑποκειμένην
2918 3481 3097 3542 αὐτοῖς
3128 3475 3341 3536 κακίαν,
3377 3472 3545 3543 πίσσῃ
3576 3471 3669 3525 διὰ

2103 3584 2163 3637 τὸ
2192 3580 2454 3642 σκοτῶδες
2484 3576 2577 3630 καὶ
2612 3573 2779 3645 μέλαν
2802 3568 3311 3643 παραϐαλλομένην.

2182 3777 2200 3810 ι
2244 3759 2462 3828 Ὀρνεα,
2487 3755 2582 3807 καὶ
2620 3754 2802 3822 ἐχῖνοι,
2838 3751 2929 3803 καὶ
2963 3748 3116 3813 ίὸεις,
3150 3746 3242 3799 καὶ
3267 3746 3497 3816 κόρακες
3537 3759 3670 3797 κατ-

2104 3852 2414 3923 οικήσουσιν
2462 3849 2519 3901 ἐν
2559 3847 2728 3916 αὐτῇ·
2778 3844 2871 3897 καὶ
2915 3840 3334 3911 ἐπιϐληθήσεται
3378 3838 3463 3890 ἐπ’
3496 3836 3669 3906 αὐτὴν

2108 3943 2367 4016 σπαρτίον
2386 3938 2723 4011 γεωμετρίας
2752 3937 2978 4007 ἐρήμου,
2999 3934 3092 3987 καὶ
3113 3931 3486 3999 όνοκένταυροι
3513 3928 3667 3997 οἰκή-

2108 4053 2286 4091 σουσιν
2329 4037 2384 4089 ἐν
2424 4033 2579 4103 αὐτῇ.
2633 4050 2653 4083 ι
2686 4031 2762 4083 Δι’
2786 4023 2860 4082 ὧν
2891 4027 3183 4080 αἰνίττεται
3212 4022 3388 4093 ψυχὰς
3419 4018 3667 4091 ἀκαθά.ρ⁶

2106 4148 2251 4194 τους,
2280 4130 2460 4181 ὁποῖαι
2483 4121 2621 4196 ἦσαν
2653 4124 2709 4176 αἱ
2750 4120 2857 4173 τῶν
2894 4117 3029 4190 μετά
3068 4115 3237 4170 ταῦτα
3271 4113 3331 4177 ἐξ
3356 4110 3669 4181 ἀλλοφύλων

2107 4223 2199 4276 καὶ
2237 4218 2534 4289 ἀλλογενῶν
2579 4216 2745 4270 ἐθνῶν
2776 4215 2867 4268 τὸν
2896 4214 3057 4266 τόπον
3083 4207 3413 4287 οἰκησάντων
3454 4202 3668 4256 εἰδωλο-

2108 4314 2205 4368 λατ
2216 4313 2344 4385 ρῶν.

508 4370 672 4462 Vsus.
703 4408 789 4460 12.
833 4425 850 4456 ι
878 4406 1152 4476 Principes
1178 4406 1294 4476 ejus
1323 4423 1425 4462 non
1454 4416 1632 4461 erunt.
1665 4406 1839 4477 Reges
1862 4408 2001 4462 enim

2185 4370 2275 4458 «'Oi
2301 4406 2555 4476 ἄρχοντες
2581 4398 2745 4469 αὐτῆς
2777 4398 2875 4450 οὐκ
2903 4370 3132 4446 ἔσονται.
3176 4389 3243 4484 ~0i
3285 4389 3391 4459 γὰρ
3433 4386 3669 4457 βασιλεῖς

430 4508 485 4553 et
519 4511 800 4571 magnates
834 4498 952 4568 ejus
979 4501 1217 4555 eruntin
1253 4502 1627 4570 perditionem.
1657 4520 1675 4552 ι
1725 4502 2001 4554 Οιιξιιιοιισε

433 4593 698 4658 quosdam
750 4593 1070 4656 adumbrat,
1129 4594 1220 4660 qui
1277 4594 1329 4646 in
1379 4593 1685 4647 simulacris
1734 4603 1788 4646 et
1850 4591 2003 4646 idolis

433 4698 622 4737 eorum
649 4700 748 4737 ceu
783 4685 832 4737 in
871 4684 1093 4739 latebris
1122 4685 1373 4753 agebant.

508 4774 671 4829 Vsus.
701 4775 803 4838 l3,
846 4774 931 4828 14.
978 4793 997 4826 t
1024 4774 1088 4828 Et
1133 4786 1485 4829 renascentur
1529 4775 1580 4827 in
1631 4773 1853 4827 urbibus
1886 4771 2003 4839 ejus

433 4867 651 4935 spinosa
677 4876 732 4920 et
759 4865 919 4934 ligna,
946 4875 1000 4919 et
1029 4867 1079 4920 in
1120 4865 1505 4920 munitionibus
1546 4865 1681 4936 ejus.
1737 4864 1804 4918 Et
1846 4872 2003 4918 erunt

433 4958 612 5012 cubile
652 4958 915 5021 sirenum,
949 4966 1003 5011 et
1031 4956 1298 5012 stabulum
1319 4955 1785 5010 struthionum.Et
1818 4953 2002 5009 obvia-

433 5047 568 5102 lmnt
599 5048 872 5103 daamones
906 5048 1287 5105 onocentauris
1309 5088 1322 5112 ,
1354 5056 1406 5099 et
1435 5046 1745 5101 clamabunt
1773 5045 1908 5099 alter
1936 5044 2002 5099 ad

435 5137 687 5191 alterunt.
735 5139 813 5193 lbi
855 5139 1199 5209 requiescent
1248 5136 1618 5201 onocentauri,
1668 5135 2003 5190 invenientes

435 5226 538 5281 sibi
593 5230 828 5297 requiem
866 5248 880 5284 :
920 5251 938 5283 ι
1000 5229 1394 5284 infructuosam
1452 5243 1634 5281 eormn
1697 5226 1999 5281 doctrinam

437 5318 769 5388 signiﬁcans.
806 5321 1167 5386 Quamobrem
1202 5320 1414 5373 vineam
1441 5336 1625 5374 eorum
1658 5319 1841 5386 spinus
1868 5315 2004 5371 emi—

440 5412 576 5466 sisse
619 5425 778 5478 supra
807 5410 853 5443 “
896 5413 1209 5468 declarabat
1260 5412 1344 5466 his
1392 5412 1590 5474 verbis,
1650 5405 2009 5476 cExspectavi

439 5513 499 5557 ut
547 5501 748 5556 faceret
784 5490 918 5557 mihi
970 5520 1167 5570 uvam,
1208 5504 1337 5559 fecit
1376 5512 1553 5557 autem
1599 5500 1843 5571 spinas.»
1903 5496 2004 5553 Ubi

441 5604 621 5650 autem
654 5594 705 5650 in
736 5594 1023 5649 animabus
1050 5608 1236 5650 eorum
1277 5605 1521 5650 extrema
1552 5594 1777 5649 Vastitas
1820 5589 2002 5656 fuerit,

508 5774 552 5804 ⁸⁸
582 5770 711 5841 Cap.
746 5787 796 5836 v,
828 5771 879 5825 1.

2108 4498 2201 4551 καὶ
2261 4497 2308 4548 οἱ
2342 4474 2681 4564 μεγιστᾶνες
2731 4488 2897 4556 αὐτῆς
2944 4474 3283 4544 ἔσονταιτείς
3329 4477 3666 4532 ἀπώλειαν-ι

2106 4586 2363 4657 δαίμονάς
2402 4602 2549 4645 τινας.
2592 4580 2955 4649 αἰνιττόμενος
2992 4577 3116 4638 τοὺς
3149 4575 3205 4627 ὲν
3237 4572 3351 4634 τοῖς
3393 4569 3670 4639 ἀγάλμασι

2108 4680 2205 4749 τῆς
2233 4674 2667 4743 εἰδωλολατρείας
2692 4671 2867 4725 αὐτῶν
2894 4666 3325 4739 ἐμφωλεύοντας.
3648 4690 3682 4751 5’.

2185 4733 2202 4817 ί
2232 4766 2338 4818 Καὶ
2379 4733 2675 4834 ἀναφυήσει
2720 4764 2799 4824 εἰς
2834 4733 2936 4822 ea;
2963 4733 3143 4821 ¹πόλεις
3187 4754 3362 4809 αὐτῶν
3406 4733 3671 4835 άκάῦθῖὒᾶ

2110 4855 2261 4921 ξύλα,
2298 4854 2391 4907 καὶ
2414 4856 2492 4916 εἰς
2519 4853 2587 4906 τὰ
2612 4850 2939 4923 ὀχυρώματα
2967 4848 3157 4919 αὐτῆς.
3187 4845 3297 4900 Kal.
3323 4845 3471 4927 ἐσται
3506 4842 3675 4899 ἐπαο-

2107 4946 2217 5012 λεις
2246 4948 2524 5019 σειρήνων,
2550 4946 2642 4998 καὶ
2664 4945 2799 5016 αὐλὴ
2826 4940 3115 5014 στρουθῶν.
3141 4940 3250 4994 Καὶ
3281 4934 3672 5008 συναντήσουσι

2107 5038 2355 5109 δαιμόνια
2393 5034 2828 5107 ὀνοκενταύροις,
2868 5034 2961 5085 καὶ
2995 5031 3275 5104 βοήσονται
3315 5030 3498 5099 ἕτερος
3531 5026 3671 5096 πρὸς

2108 5132 2198 5185 τὸν
2225 5132 2428 5201 ἕτερον.
2468 5130 2612 5182 Ἐκεῖ
2634 5127 3028 5181 ἀναπαύσονται
3060 5122 3448 5192 όνοκένταυροι,
3482 5120 3671 5191 εὑρόν-

2107 5239 2197 5285 τες
2231 5223 2411 5285 αύτοίς
2438 5220 2738 5273 ἀνάπαυσιν
2762 5234 2774 5246 ·
2805 5238 2821 5267 ι
2847 5216 3021 5288 δηλῶν
3048 5216 3144 5277 τὰς
3174 5214 3457 5282 ἀκάρπους
3487 5211 3669 5264 αὐτῶν

2108 5314 2467 5375 διδασκαλίας.
2514 5311 2601 5365 Διὸ
2647 5311 2739 5365 καὶ
2780 5312 2867 5363 τὸν
2908 5307 3201 5379 ἀμπελῶνα
3240 5303 3414 5357 αὐτῶν
3446 5303 3533 5356 διὰ
3559 5302 3672 5356 τῶν

2117 5404 2418 5478 ἔμπροσθεν
2429 5404 2615 5475 ἐδήλου
2629 5402 2864 5457 ἄκανθαν
2877 5398 3182 5470 ἀγηοχέναι,
3194 5396 3364 5465 λέγων
3383 5410 3394 5423 ·
3407 5412 3425 5447 t
3443 5394 3673 5463 Ἔμεινα

2113 5499 2199 5551 ἵνα
2222 5497 2422 5569 ποιήσῃ
2446 5512 2534 5568 μοι
2557 5494 2848 5563 σταφυλὴν,
2871 5492 3089 5561 ἐποίησε
3107 5488 3163 5541 δὲ
3185 5486 3478 5551 ἀκάνθας.»
3508 5484 3677 5554 Ἐρηο

2114 5588 2241 5652 μίας
2270 5585 2327 5639 δὲ
2355 5586 2454 5656 τῆς
2484 5583 2716 5663 ἐσχάτης
2760 5585 2816 5637 ἐν
2842 5584 2961 5644 ταῖς
2997 5580 3193 5651 ψυχαῖς
3234 5578 3413 5633 αὐτῶν
3438 5573 3674 5650 γενομέο
