4072 6194
372 247 484 305 337

1269 240 1773 297 ΟΟΜΜΕΝΤΑΙΗΑ
1813 241 1876 295 ΙΝ
1919 241 2172 297 ιδΑιΑΜ.
2214 275 2281 283 -
2318 243 2469 297 CAP.
2512 242 2730 297 XXXV.

3512 248 3616 303 338

375 384 504 437 νης.
545 365 645 419 καὶ
682 361 933 423 ἀκάνθαις
977 358 1355 433 πληρωθείσης
1399 362 1577 417 αὐτῶν
1625 364 1722 433 τῆς
1760 362 1959 435 χώρας,

2066 375 2231 435 atque
2271 380 2403 435 ager
2450 365 2686 435 ipsorum
2742 365 2911 436 spinis
2953 365 3193 437 repletus
3237 369 3370 436 erit;
3418 370 3491 424 ibi
3537 383 3629 425 re-

378 459 622 521 εἰκότως
649 450 1012 508 ἀναπαύεσθαι
1046 453 1105 505 ὲν
1128 452 1310 517 αὐτοῖς
1338 452 1406 507 τά
1432 454 1714 526 πνεύματα
1733 455 1801 509 τὰ
1826 456 1961 510 ἀκά-

386 551 572 623 θαρτα
606 547 869 620 προλέγει.

472 660 491 692 «
534 640 674 692 Ἐκεῖ
712 637 1031 691 ὲνόσσευσεν
1075 636 1276 707 ἐχῖνος,
1328 638 1420 690 καὶ
1465 637 1664 692 ἔσωσεν
1705 642 1737 710 ὴ
1783 641 1856 711 γῆ
1893 640 1960 695 τὰ

394 732 578 784 παιδία
618 729 783 799 αὐτῆς
843 728 983 799 μετὰ
1029 727 1347 798 ἀσφαλείας.
1415 730 1559 782 Ἐκεῖ
1625 734 1957 802 συνήντησαν

396 824 605 890 Bagam,
652 820 746 873 καὶ
782 814 923 871 εἶδον
976 819 1045 874 τὰ
1090 820 1355 890 πρόσωπα
1378 820 1639 892 ἀλλήλων.
1676 841 1694 871 i
1726 821 1958 891 Ἔλαφον

393 914 615 984 καθαρὸν
641 908 782 974 ζῶον
814 905 955 964 οἶδεν
980 913 1013 981 ή
1043 909 1162 965 θεία
1186 911 1398 982 Γραφὴ,
1428 914 1521 966 καὶ
1548 912 1716 966 πολλὰ
1746 913 1959 985 χρηστὰ

388 1004 507 1075 περὶ
551 1003 766 1072 ἐλάφων
844 1001 1101 1066 διδάσκει,
1136 1003 1210 1066 ὡς
1255 1004 1381 1056 ὅταν
1426 1003 1596 1077 λέγῃ·
1644 1023 1662 1055 ι
1693 1007 1789 1058 ’⁸ον
1831 1006 1955 1077 τρό..

381 1113 477 1149 πον
514 1094 773 1149 ἐπιποθεῖ
802 1094 835 1164 ὴ
866 1093 1060 1163 ἔλαφος
1084 1112 1130 1146 ⁸)
1163 1096 1258 1147 καὶ
1286 1094 1444 1149 πάλιν
1469 1113 1482 1125 ·
1518 1116 1535 1147 ι
1560 1095 1718 1167 Φωνὴ
1752 1096 1956 1169 Κυρίου

374 1187 821 1258 καταρτιζομένη
859 1186 1121 1255 ἐλάφουςο
1148 1206 1166 1238 ι
1206 1187 1298 1241 καὶ
1333 1184 1489 1253 αὖθις
1513 1207 1524 1220 υ
1558 1209 1574 1239 «
1604 1189 1839 1257 Ἔλαφος
1871 1206 1957 1257 φι-

369 1279 489 1343 λίας
514 1281 610 1332 καὶ
641 1279 827 1341 πῶλος
855 1278 963 1332 σῶν
996 1278 1229 1348 χαρίτων
1262 1280 1516 1349 ὁμιλείτω
1554 1298 1634 1334 σοι
1660 1297 1674 1310 ⁸
1708 1300 1725 1331 ι
1776 1282 1868 1335 καὶ
1899 1282 1955 1334 ἐν

366 1372 449 1443 τῷ
489 1372 610 1426 ’1ώὸ
634 1391 647 1404 ·
698 1393 718 1425 ι
754 1374 1056 1442 Ἐφύλαξας
1094 1375 1149 1428 δὲ
1189 1376 1361 1446 μῆνας
1395 1375 1638 1444 ἐλάφων,
1677 1374 1869 1438 ὠδῖνας
1898 1374 1954 1426 δὲ

371 1464 551 1519 αὐτῶν
585 1466 985 1530 ὲξαποστελεῖς.
1010 1487 1027 1516 ι
1052 1467 1158 1520 Καὶ
1192 1467 1349 1530 αὐτὸς
1382 1465 1437 1519 δὲ
1480 1469 1508 1520 6
1533 1467 1632 1536 τῆς
1670 1468 1951 1538 νύμφης,ὁ

374 1558 435 1610 ὲν
471 1556 552 1627 τῷ
598 1557 838 1627 ’ᾼσματι
886 1558 993 1610 τῶν
1044 1558 1320 1629 ᾀσμάτων,
1366 1562 1394 1613 6
1446 1559 1777 1629 ἀδελφιδοῦς,
1830 1559 1951 1613 ἑλά-

378 1662 467 1715 φῳ
502 1645 932 1716 παραϐέϐληται*
967 1665 984 1697 «
1015 1647 1233 1716 Ὂμοιός
1269 1651 1384 1701 ἐστι
1426 1648 1639 1720 δορκάδι
1691 1649 1723 1719 ἦ
1779 1647 1953 1719 νεϐρῷ

2062 456 2240 524 quiem
2271 456 2548 512 habituros
2581 458 2823 527 impuros
2857 458 3130 517 daemonas
3156 460 3277 530 jure
3309 461 3570 531 praedicit.

2135 635 2301 690 Vens.
2353 635 2443 691 15.
2501 636 2621 692 «lbi
2670 637 2963 693 nidiﬁcavit
3002 637 3231 704 ericius,
3290 650 3344 696 et
3390 642 3623 698 servavit

2061 735 2204 781 terra
2256 727 2431 795 pullos
2466 727 2583 796 ejus
2628 743 2748 783 cum
2795 730 3103 784 securitate.
3153 730 3231 785 lbi
3268 732 3624 790 obviaverunt

2058 819 2225 879 cervi.
2263 830 2319 874 et
2355 820 2605 875 viderunt
2643 819 2809 876 facies
2832 836 2957 876 suas
2993 832 3195 878 mutuo.
3229 841 3247 875 ι
3276 821 3507 880 Cervum
3542 827 3626 880 in-

2059 919 2140 964 ter
2168 910 2419 965 animalia
2452 911 2647 965 munda
2679 914 2921 982 agnoscit
2952 913 3229 983 Scriptura
3257 916 3623 979 divinantiqu

2060 1010 2219 1068 taque
2246 1001 2312 1055 de
2354 1001 2446 1056 illo
2485 1002 2537 1057 in
2568 1004 2760 1057 bonam
2785 1013 2991 1073 partem
3023 1002 3208 1069 effert,
3255 1017 3313 1060 ut
3353 1022 3473 1061 cum
3498 1009 3617 1063 ait:

2063 1090 2556 1156 «Quemadmodum
2586 1092 2856 1149 desiderat
2900 1108 3093 1150 cervus
3110 1097 3154 1127 ‘9
3177 1113 3193 1162 ;
3220 1114 3241 1149 ›
3289 1112 3351 1150 ac
3389 1098 3621 1154 iterum:

2064 1180 2230 1237 «Vox
2272 1182 2483 1238 Domini
2539 1199 2849 1254 praeparans
2901 1203 3091 1244 cervos
3113 1190 3159 1221 ⁵ο
3186 1206 3200 1255 ;
3232 1208 3252 1242 ›
3291 1199 3347 1245 et
3394 1208 3618 1246 rursus:

2062 1293 2079 1326 «
2107 1272 2312 1345 Cervus
2335 1275 2610 1338 amicitiae,
2642 1287 2695 1331 et
2722 1278 2897 1348 pullus
2922 1281 3217 1350 gratiarum
3253 1292 3485 1351 tuarum,
3512 1285 3617 1338 col-

2056 1366 2308 1437 loquatur
2340 1378 2515 1423 tecum
2538 1370 2618 1434 5‘;
2651 1388 2669 1421 ι
2721 1379 2775 1424 et
2815 1371 2865 1425 in
2909 1371 3048 1427 libro
3078 1372 3177 1429 Job
3208 1392 3222 1429 :
3261 1393 3279 1425 «
3308 1374 3620 1431 Observasti

2056 1469 2235 1514 autem
2282 1474 2496 1515 menses
2543 1475 2829 1515 cervorum
2854 1502 2870 1526 ,
2914 1474 2971 1517 et
3010 1464 3224 1520 dolores
3265 1477 3453 1535 partus
3493 1467 3622 1536 ipsis

2056 1553 2315 1607 immittes
2336 1554 2415 1607 δ’,
2446 1572 2464 1605 ι
2504 1551 2622 1622 Ipse
2646 1567 2861 1624 quoque
2887 1569 3102 1623 sponsae
3136 1556 3369 1613 dilectus
3400 1558 3449 1612 in
3480 1559 3622 1613 Cau-

2056 1645 2161 1699 tico
2210 1644 2541 1700 canticorum
2592 1660 2754 1700 cervo
2804 1657 3191 1716 comparatur:
3248 1650 3497 1705 «Similis
3539 1663 3625 1705 est

385 1736 640 1805 ἐλάφων,
673 1737 762 1790 ἐπὶ
795 1740 863 1791 τά
898 1739 999 1812 ὅρη
1060 1740 1385 1812 ἀρωμάτων.
1414 1760 1431 1791 ο
1474 1742 1601 1793 Ὅτε
1644 1742 1820 1794 τοίνυν
1858 1741 1954 1794 καὶ

2057 1748 2267 1802 capreae
2305 1743 2359 1787 et
2416 1734 2645 1790 hinnulo
2687 1750 2996 1803 cervorum,
3044 1753 3206 1805 super
3248 1753 3459 1795 montes
3500 1758 3625 1797 aro-

388 1828 557 1894 αὐτὸς
598 1831 627 1882 6
669 1831 889 1901 νυμφίος
937 1833 1121 1904 ἐλάφῳ
1167 1832 1604 1905 παραϐάλλεται,
1645 1833 1797 1895 τίνας
1824 1831 1868 1884 δ’
1892 1832 1957 1887 ἂν

394 1922 567 1986 etnec;
596 1922 813 1976 ἐνταῦθα
836 1923 1070 1994 ἐλάφους
1101 1925 1133 1995 ἢ
1178 1926 1303 1989 τοὺς
1345 1925 1590 1995 μαθητὰς
1618 1926 1709 1978 καὶ
1729 1926 1958 1979 ἀποστό-

393 2011 519 2076 λους
534 2013 699 2077 ;Ἐστι
720 2012 772 2065 δὲ
789 2015 883 2068 καὶ
892 2015 1202 2084 ὀφιοκτόνον
1215 2014 1274 2067 τὸ
1296 2014 1451 2079 ζῶον.
1466 2015 1714 2068 Διδάσκει
1735 2012 1910 2067 τοίνυν
1930 2016 1957 2068 6

394 2105 575 2176 παρὼν
592 2104 759 2176 λόγος,
779 2106 855 2169 ὡς
874 2108 981 2161 ἀπὸ
1005 2108 1107 2179 τῆς
1126 2108 1361 2179 ἐρημίας
1375 2108 1466 2161 τοῦ
1484 2106 1748 2162 Ἰουδαίων
1772 2106 1956 2171 ἔθνους

385 2195 569 2264 ἔλαφοί
580 2214 720 2260 τινες
740 2196 1034 2269 παρῆλθον,
1064 2200 1112 2252 οἱ
1139 2200 1375 2270 μαθηταῖ⁸
1391 2198 1484 2252 τοῦ
1503 2198 1750 2271 Σωτῆρος
1775 2197 1952 2269 ήμῶνσ

385 2287 571 2340 (Ἐκεῖ
615 2288 747 2360 γάρ,
803 2289 969 2360 φησὶ,
1010 2291 1345 2361 συνήντησαν
1392 2289 1614 2360 ἔλαφοι,
1665 2290 1758 2344 καὶ
1817 2285 1954 2342 εἶδον

373 2378 441 2432 τά
491 2379 761 2449 πρόσωπα
814 2379 1073 2452 ἀλλήλων,
1100 2400 1118 2434 t
1183 2380 1512 2453 Ἐγνὼρισαν
1551 2382 1657 2453 γὰρ
1705 2382 1950 2446 ἑαυτοὺς,

373 2472 468 2526 καὶ
505 2473 603 2541 τῆς
634 2473 815 2543 ψυχῆς
840 2474 1020 2527 αὐτῶν
1052 2476 1177 2538 τοὺς
1202 2476 1322 2528 κατ’
1352 2476 1535 2528 εἰκόνα
1558 2472 1692 2527 Θεοῦ
1722 2472 1949 2545 γενομέ-

371 2578 498 2625 νους
524 2564 878 2636 χαρακτῆρας
902 2565 1233 2634 ἐπέγνωσαν.
1264 2566 1481 2637 Ἐπειδὴ
1516 2565 1571 2618 δὲ
1599 2566 1659 2618 οὐ
1688 2563 1952 2635 παρέμει-

373 2672 468 2709 ναν
516 2657 574 2709 ἐν
617 2658 715 2726 μιᾷ
755 2657 927 2710 πόλεισ
962 2657 1247 2729 διέδραμον
1279 2657 1334 2711 δὲ
1365 2656 1521 2721 ἄλλος
1552 2656 1785 2729 ἀλλαχοῦ
1813 2657 1949 2728 πλη-

375 2745 595 2817 ροῦντες
623 2746 681 2799 τὸ
716 2748 1044 2816 Εὐαγγέλιον
1061 2766 1073 2779 ·
1105 2748 1293 2803 τούτου
1319 2749 1476 2820 χάριν
1502 2750 1714 2819 εἴρηται
1734 2765 1748 2779 ο

451 3030 470 3062 ι
511 3012 706 3084 Ἑτέρα
738 3015 835 3086 τὴν
858 3015 1050 3087 ἑτέραν
1093 3017 1191 3069 οὐκ
1240 3016 1531 3087 ἐζήτησαν,
1573 3018 1655 3070 ὅτι
1687 3019 1716 3069 6
1748 3015 1950 3086 Κύριος

2057 1834 2259 1879 niatum
2292 1825 2357 1880 ⁸³.
2382 1843 2402 1877 ι
2437 1824 2570 1881 Cum
2602 1826 2784 1895 itaque
2812 1842 3038 1896 sponsus
3064 1844 3225 1885 cervo
3255 1845 3620 1901 comparetur,

2056 1931 2192 1985 quos
2218 1916 2309 1972 bic
2337 1932 2525 1973 cervos
2561 1921 2846 1974 memorari
2881 1920 3052 1985 dicas,
3098 1922 3199 1977 nisi
3244 1922 3535 1991 discipulos
3565 1934 3621 1980 et

2057 2008 2364 2077 apostolos?
2394 2007 2490 2064 Est
2524 2019 2702 2065 autem
2736 2010 2935 2065 animal
2970 2012 3107 2067 illud.
3132 2015 3473 2084 serpentibus
3500 2017 3620 2070 cxi-

2057 2100 2275 2157 tiosum.
2322 2099 2421 2155 Hic
2456 2116 2588 2170 ergo
2628 2102 2873 2166 docetur,
2905 2119 2967 2157 ex
2997 2102 3301 2159 Judreorum
3330 2106 3620 2163 solitudine

2055 2203 2244 2244 cervos
2274 2190 2540 2260 prodiisse
2580 2192 2862 2260 quosdam,
2888 2193 3138 2249 videlicet
3173 2195 3463 2265 discipulos
3487 2196 3617 2252 Ser-

2054 2280 2259 2336 vatoris
2290 2282 2461 2337 nostri
2493 2301 2508 2337 :
2562 2300 2581 2334 «
2607 2279 2683 2336 lbi
2716 2284 2881 2349 enim,
2928 2284 3025 2351 ait,
3069 2285 3620 2353 obviaveruntcervi,

2052 2382 2108 2427 et
2135 2372 2387 2429 viderunt
2414 2373 2586 2430 {acies
2621 2388 2747 2430 suas
2782 2386 2991 2431 mutuo.
3014 2395 3033 2429 ι
3085 2374 3217 2432 Sese
3248 2393 3476 2446 namque
3504 2393 3621 2432 mu-

2056 2472 2147 2519 tuo
2197 2474 2575 2536 agnoverunt,
2614 2467 2919 2538 animaeque
2958 2470 3025 2523 ad
3075 2469 3479 2524 similitudinem
3527 2471 3619 2525 Dei

2054 2556 2349 2613 adornatos
2397 2557 2744 2617 characteres
2788 2560 2842 2613 in
2886 2573 2947 2614 se
2983 2560 3211 2615 invicem
3247 2561 3617 2629 deprehende-

2056 2656 2199 2705 runt.
2258 2648 2521 2715 Quoniam
2572 2666 2705 2705 vero
2770 2666 2874 2705 non
2937 2650 2993 2705 in
3051 2666 3154 2706 una
3207 2652 3504 2721 eademque
3541 2654 3621 2706 ci.-

2055 2739 2214 2794 vitate
2272 2749 2627 2804 manserunt,
2699 2741 2793 2795 sed
2865 2741 3008 2797 ultro
3080 2742 3327 2810 citroque
3391 2743 3612 2812 singuli,

2055 2829 2326 2901 Evangelii
2385 2848 2579 2888 munus
2651 2834 2974 2905 implentes,
3037 2836 3617 2903 discurrebant:ideo

2051 2923 2246 2978 dicitur
2272 2938 2286 2977 :

2120 3011 2286 3069 Vens.
2322 3015 2409 3068 16.
2451 3033 2469 3065 «
2490 3014 2637 3070 Alter
2669 3016 2896 3071 alterum
2931 3032 3033 3072 non
3069 3018 3334 3087 quaesivit,
3361 3020 3486 3088 quia
3514 3020 3618 3075 Do-

376 3101 557 3166 αὐτοῖς
599 3103 934 3168 ἐνετείλατο,
979 3106 1070 3158 καὶ
1110 3106 1171 3158 τὸ
1201 3106 1420 3177 Πνεῦμα
1449 3107 1611 3160 αὐτοῦ
1646 3108 1946 3177 συνήγαγεν

2052 3103 2376 3158 minus'illis
2426 3106 2706 3174 przrcepit,
2752 3117 2803 3159 ct
2839 3107 3072 3175 Spiritus
3118 3107 3234 3176 ejus
3270 3109 3619 3179 congregavit

374 3192 563 3257 αὑτάς.
592 3216 611 3247 ι
652 3196 708 3249 '0
734 3197 843 3269 γὰρ
868 3195 1035 3251 εἰπὼν
1058 3199 1240 3263 αὐτοῖς
1264 3240 1279 3266 ,
1321 3220 1337 3250 «
1357 3200 1745 3271 Μαθητεύσατε
1773 3200 1949 3255 πάντα

374 3282 447 3335 τὰ
474 3284 597 3355 ἔθνη
650 3287 707 3337 ἐν
756 3285 834 3357 τῷ
883 3288 1106 3359 ὀνόματί
1140 3307 1263 3361 μου,
1304 3310 1321 3340 ι
1349 3290 1508 3354 αὐτὸς
1534 3291 1832 3344 ἐνετείλατο
1874 3290 1947 3361 μὴ

377 3376 517 3428 κατά
549 3376 609 3428 τὸ
641 3377 770 3429 αὐτὸ
818 3382 1086 3435 ποιεῖσθαι
1112 3381 1179 3434 τὰ
1206 3382 1306 3452 τῆς
1339 3383 1647 3447 συστάσεως
1676 3383 1783 3436 τῶν
1825 3384 1947 3436 Ἐκ-

375 3483 479 3536 MT;
488 3484 615 3518 σιων
645 3486 840 3523 αυτων.

450 3575 470 3605 ι
494 3556 601 3609 Καὶ
626 3558 785 3622 αὐτὸς
827 3558 1074 3614 ἐπιϐαλεῖ
1115 3562 1296 3626 αὐτοῖς
1339 3563 1590 3634 κλήρους,
1628 3566 1719 3617 καί
1766 3567 1947 3639 ήχεὶρ

374 3647 540 3701 αὑτοῦ
588 3649 861 3724 διεμέρισε
909 3654 1218 3724 βόσκεσθαι.
1269 3659 1364 3722 El;
1407 3659 1498 3713 τὸν
1543 3661 1714 3714 αἰῶνα
1756 3662 1946 3733 χρόνον

374 3739 833 3813 κληρονομήσετε,
863 3748 945 3810 είς
981 3748 1175 3816 γενεὰς
1199 3751 1401 3819 γενεῶν
1428 3753 1827 3808 ἀναπαύσονται
1862 3756 1945 3808 ἐπέ

372 3830 561 3902 αὐτῆς.
589 3851 607 3883 ι
655 3835 861 3888 Οὐκοῦν
904 3839 997 3891 καὶ
1020 3840 1188 3912 νομὴν
1226 3841 1408 3906 αὐτοῖς
1440 3843 1533 3897 καὶ
1567 3844 1766 3917 βοσκὴν
1808 3864 1947 3920 παρα

372 3924 541 3991 εἶχεν,
592 3923 781 3997 ῶσπερ
813 3928 907 3980 καὶ
969 3927 1201 3999 κλήρους
1248 3933 1327 3995 είς
1378 3933 1568 4001 γενεὰς
1610 3935 1829 4001 γενεῶν,
1866 3937 1946 4001 εἰς

368 4014 435 4068 τὸ
458 4015 829 4072 ἀναπαύεσθαι
868 4019 1062 4085 αὐτοὺς
1088 4023 1165 4086 είς
1209 4026 1334 4087 τοὺς
1354 4024 1533 4078 αὐτῶν
1574 4026 1821 4098 κλήρους,
1849 4030 1942 4099 δη-

367 4103 505 4178 λαδὴ
544 4109 653 4171 τοῖς
682 4107 858 4161 ἔθνεσι
892 4113 1003 4174 τοῖς
1025 4112 1488 4186 ἀποκληρωθεῖσιν
1516 4117 1717 4179 αὐτοῖς,
1767 4119 1823 4170 ὲν
1866 4115 1945 4183 οἷς

366 4199 452 4261 εἰς
474 4198 665 4276 γενεάς
688 4201 888 4267 γενεῶν
921 4203 953 4271 ἡ
987 4202 1174 4274 μνήμη
1204 4203 1382 4257 αὐτῶν
1414 4206 1470 4256 ὲν
1498 4206 1617 4268 ταῖς
1651 4205 1741 4257 ὑπ’
1768 4206 1944 4259 αὐτῶν

366 4290 696 4361 ίδρυθείσαις
742 4291 1082 4362 Ἐκκλησίαις
1113 4294 1564 4366 ἀναζωπυρεῖται.

884 4386 1278 4440 ΚΕΦΛΛΑΙΟΝ
1313 4388 1435 4440 AE’.

448 4493 465 4525 ε
495 4474 863 4547 Εὐφράνθητι,
899 4476 1102 4549 ἕρημος
1147 4480 1383 4549 διψῶσαο
1426 4482 1769 4551 ἀγαλλιάσοω
1816 4484 1943 4556 ἕρη-

368 4584 505 4636 μος,
541 4570 636 4622 καὶ
668 4570 895 4624 ἁνθείτω
942 4572 1016 4635 ὡς
1064 4573 1267 4643 κρίνον.
1298 4594 1316 4625 ι
1367 4574 1465 4645 Εἴη
1508 4577 1683 4629 τοίνυν
1723 4576 1859 4649 αὕτη
1907 4580 1938 4649 ἡ

364 4661 574 4731 ἔρημος
623 4661 771 4735 παρὰ
802 4664 898 4735 τὴν
941 4664 1327 4735 προλεχθείσαν
1362 4666 1518 4732 Σιὼν,
1560 4670 1618 4721 ὲν
1712 4670 1938 4739 ἐχίνους,

367 4760 461 4808 καὶ
501 4754 657 4821 ί¹6εις,
703 4756 796 4808 καὶ
835 4756 1096 4827 κόρακας,
1126 4756 1376 4827 δαιμόνιά
1407 4775 1464 4811 τε
1499 4760 1591 4812 καὶ
1628 4759 1942 4813 ὀνοκενταύ-

365 4862 497 4919 ρους
530 4848 769 4917 οίκήσειν
818 4847 1052 4915 ἐλέγετο,
1106 4847 1306 4918 πίσσης
1355 4865 1414 4899 τε
1458 4849 1625 4919 αὐτῆς
1667 4850 1759 4903 καὶ⁹
1792 4849 1934 4902 θείου

366 4936 821 5008 πληρωθήσεσθαι
852 4938 951 5000 τὰς
983 4938 1288 5009 φάραγγας.
1327 4937 1541 4993 Τούτων
1579 4940 1633 4993 δὲ
1675 4941 1803 5012 περὶ
1837 4941 1935 5011 τῆς

364 5028 505 5081 Σιὼν
546 5030 638 5082 καὶ
674 5030 803 5101 περὶ
841 5031 940 5099 τῆς
980 5029 1330 5103 Ἰερουσαλὴμ
1361 5020 1683 5103 εἰρημένων,
1721 5031 1837 5102 ὥρα
1868 5030 1935 5084 τὰ

365 5118 705 5190 προκείμενα
747 5120 873 5191 περὶ
916 5121 1106 5191 ἐτέρας
1145 5122 1351 5191 ἐρήμου
1380 5120 1627 5189 λέγεσθαι
1658 5125 1816 5176 νοεῖν.
1847 5123 1935 5175 Δι-

361 5212 525 5282 ψῶσα
562 5212 670 5284 γὰρ
711 5208 779 5283 ἦν
827 5212 967 5282 αὕτη
996 5214 1256 5285 πρότερον
1286 5215 1318 5285 ἡ
1346 5214 1568 5285 ἔρημος,
1598 5213 1937 5285 ἐστερημένη

361 5304 606 5373 νάματος
643 5305 890 5376 οὐρανίου
912 5322 924 5333 ·
959 5304 1094 5357 ἀλλὰ
1124 5305 1327 5377 χαίρειν
1357 5307 1492 5377 αὐτῇ
1532 5307 1624 5359 καὶ
1650 5305 1936 5377 εὐφραίνε-

361 5397 489 5450 σθαι
522 5400 551 5449 6
580 5396 737 5465 λόγος
776 5397 1098 5467 προστάττει
1124 5397 1210 5450 διὰ
1238 5397 1306 5449 τὰ
1334 5398 1619 5469 λεγόμενα,
1651 5397 1729 5451 ἔτι
1758 5398 1813 5452 δὲ
1845 5397 1937 5451 καὶ

358 5488 545 5542 ἀνθεῖν
592 5489 669 5551 ὡς
716 5490 935 5560 κρίνον’
985 5489 1123 5541 ὥστε
1175 5488 1377 5558 λέγειν’
1420 5489 1691 5561 «Χριστοῦ
1743 5488 1938 5543 εὐωδία

434 5674 483 5707 δ’
511 5674 655 5730 Psal.
686 5689 795 5741 xu,
834 5675 880 5728 1.

956 5676 999 5708 ⁵ο
1029 5673 1164 5730 l‘sal.
1212 5689 1403 5742 xxviii,
1432 5675 1481 5729 9.
1559 5678 1600 5708 “
1632 5676 1787 5731 l'rov.
1814 5691 1864 5741 v,
1902 5673 1982 5729 l9.
2060 5674 2102 5705 ”
2128 5670 2244 5727 Job.
2275 5684 2459 5736 χχχιιι,
2501 5669 2548 5727 1.

2049 3210 2163 3251 eos.
2198 3214 2217 3247 ι
2273 3197 2487 3251 Etenim
2546 3198 2637 3266 qui
2683 3198 2891 3251 dixerat
2942 3199 3090 3263 illis,
3147 3201 3386 3256 «Docete
3429 3215 3616 3255 omnes

2047 3296 2233 3354 gentes
2291 3287 2343 3342 in
2403 3288 2620 3343 nomine
2675 3302 2872 3354 meo;i
2924 3291 3062 3344 idem
3120 3291 3232 3361 ipse
3282 3294 3490 3359 vetuit,
3543 3308 3611 3346 ne

2048 3374 2102 3428 in
2166 3391 2271 3430 uno
2338 3378 2636 3446 eodemque
2699 3377 2819 3432 loco
2880 3378 3149 3434 Ecclesias
3217 3396 3345 3435 suas
3413 3383 3616 3438 consti-

2049 3475 2281 3521 luerent.

2118 3557 2278 3611 Vens.
2308 3559 2424 3611 i7.«
2452 3558 3000 3628 Etipscimmittcteis
3016 3570 3277 3625 sortes,et
3293 3576 3484 3617 manus
3497 3562 3619 3629 ejus

2007 3701 2013 3707 .
2047 3648 2249 3714 divisit,
2266 3660 2323 3705 ut
2338 3660 2650 3721 pascantur.
2670 3650 2727 3705 In
2744 3659 3001 3706 atternum
3024 3661 3230 3723 tempus
3245 3654 3611 3709 lnrreditatem

2046 3742 2367 3808 sorticmini,
2384 3742 2434 3796 in
2452 3743 2824 3813 generationes
2842 3743 3247 3813 generationum
3270 3743 3611 3812 requiescant

2047 3834 2098 3887 in
2139 3849 2221 3889 ea.
2254 3853 2272 3886 ι
2321 3836 2579 3889 Pabulnm
2631 3850 2758 3905 ergo
2793 3835 2921 3904 ipsis
2961 3845 3015 3890 et
3060 3851 3253 3907 pascua
3298 3836 3610 3906 suppedita-

2046 3928 2141 3992 vit,
2177 3928 2413 3998 itemque
2444 3938 2618 3983 sortes
2664 3928 2716 3983 in
2752 3929 3127 3999 generationes
3165 3931 3608 3997 generationem;

2045 4028 2102 4071 ut
2143 4020 2333 4088 singuli
2376 4020 2428 4074 in
2471 4020 2709 4075 sortibus
2747 4021 2861 4075 suis
2904 4021 3329 4090 requiescerent,
3364 4022 3611 4077 videlicet

2040 4112 2098 4183 in
2133 4113 2384 4180 gentibus
2419 4112 2522 4166 sibi
2565 4124 2711 4168 sorte
2756 4114 3044 4183 assignatis
3077 4133 3089 4168 :
3127 4115 3236 4179 ubi,
3277 4116 3527 4167 nimirum
3559 4115 3609 4166 in

2047 4202 2112 4254 iis
2159 4217 2294 4270 quas
2325 4202 2682 4257 fundaverant
2711 4204 2989 4271 Ecclesiis,
3028 4208 3289 4260 memoria
3326 4194 3511 4259 cornni
3556 4207 3607 4259 in

2044 4292 2419 4362 generationes
2447 4296 2849 4362 generationum
2885 4307 3134 4352 servatur
3164 4308 3218 4351 et
3250 4299 3411 4366 viget.

2598 4384 2823 4441 CAPUT
2851 4386 3062 4442 XXXV.

2116 4477 2276 4530 Vens.
2308 4475 2359 4529 1.
2383 4493 2400 4526 ι
2428 4473 2653 4540 Lmtare,
2686 4476 2959 4531 desertum
2986 4477 3173 4532 sitiens
3208 4493 3220 4529 :
3258 4474 3492 4529 exsultet
3518 4489 3609 4530 so—

2040 4569 2238 4634 litudo,
2292 4576 2346 4623 et
2399 4567 2591 4623 ﬂoreat
2637 4569 2779 4624 sicut
2812 4570 3003 4624 lilium.
3031 4588 3049 4620 ι
3093 4568 3217 4623 Haec
3260 4568 3420 4638 igitur
3472 4567 3610 4621 soli-

2043 4666 2191 4729 tudo,
2239 4664 2345 4718 alia
2392 4663 2553 4717 fuerit
2583 4678 2610 4716 a
2656 4665 2808 4730 prius
2840 4672 3139 4717 memorata
3185 4659 3375 4726 Sione,
3420 4660 3469 4713 in
3501 4674 3610 4729 qua

2039 4756 2267 4823 ericios,
2314 4756 2457 4820 ibes,
2516 4770 2738 4822 corvos,
2788 4758 3062 4808 daztnonas
3108 4760 3163 4805 et
3216 4760 3610 4804 onocentauros

2045 4850 2381 4904 habitaturus
2416 4864 2554 4912 esse,
2612 4863 2671 4901 ac
2710 4847 2861 4914 cujus
2886 4845 3053 4899 valles
3104 4844 3221 4912 pice
3263 4854 3315 4897 et
3350 4842 3610 4909 sulphure

2045 4943 2303 5011 repletum
2350 4942 2439 5005 iri,
2487 4941 2789 4994 dicebatur.
2839 4937 2967 4991 Cum
3003 4952 3133 5007 ergo
3188 4934 3311 4989 talia
3353 4936 3419 4989 dc
3446 4934 3609 4989 Sione

2043 5043 2098 5087 et
2153 5032 2219 5086 de
2255 5032 2586 5103 Jcrosolyma
2636 5029 3001 5101 proferantur,
3052 5037 3221 5083 restat
3258 5035 3316 5081 ut
3358 5040 3442 5090 ea,
3488 5040 3609 5095 qute

2039 5122 2148 5195 jam
2183 5134 2507 5189 tractantur,
2550 5126 2615 5179 de
2659 5123 2761 5176 alia
2804 5121 3093 5176 solitudine
3134 5118 3473 5190 pronuntiari
3525 5118 3607 5173 in-

2047 5217 2374 5282 telligamus.
2433 5218 2641 5272 Etenim
2672 5230 2797 5270 vere
2848 5214 3117 5269 sitibunda
3162 5212 3288 5265 olim
3341 5221 3457 5265 erat
3512 5211 3605 5265 illa

2046 5307 2303 5367 solitudo.
2361 5306 2575 5360 [inclitis
2631 5304 2942 5360 cmlestibus
2984 5303 3173 5356 orbata
3212 5321 3225 5357 :
3272 5317 3455 5355 verum
3490 5316 3607 5356 me-

2046 5395 2268 5449 moratis
2294 5394 2357 5448 «le
2393 5394 2570 5447 causis
2604 5391 2771 5446 laetari
2803 5401 2858 5446 et
2899 5390 3191 5457 exsultare,
3228 5392 3466 5460 itemque
3503 5392 3610 5445 sic-

2045 5496 2103 5542 ut
2153 5487 2317 5542 lilium
2365 5485 2557 5541 ﬂorere
2602 5484 2856 5555 jubctur;
2904 5484 2979 5538 ita
3023 5494 3081 5539 ut
3131 5486 3315 5543 dicat:
3349 5504 3367 5538 «
3405 5485 3605 5542 Christi

2629 5670 2672 5702 ³³
2704 5668 2859 5726 Cant.
2914 5685 2976 5741 tt,
3007 5670 3061 5726 9.
