4072 6194
363 274 468 340 διι
1194 327 1198 334 ,
1257 271 1762 338 COMMENTARIA
1801 274 1864 329 IN
1908 276 2156 337 lSAIAM.
2201 309 2268 318 —
2306 280 2457 356 CAP.
2502 279 2730 337 XXXV;

3505 284 3613 342 542

371 404 534 459 μενοι
566 386 669 450 τὰς
698 386 873 456 βάσεις
899 385 1001 454 τῆς
1036 383 1213 456 φυλῆς
1256 387 1598 457 ἀνεπήδησαν
1633 387 1844 456 ἐλάφων
1875 390 1909 442 δι

2011 408 2277 461 ιιιυοιιιιιι
2312 393 2507 450 animae
2547 409 2764 465 gressus
2811 394 3030 449 resoluti
3073 408 3138 449 ac
3179 393 3389 450 remissi
3438 411 3612 462 erant,

370 467 505 550 άην,
548 483 661 542 τοῖς
687 479 854 532 αὐτῶν
880 477 1297 548 ἐξομοιωθέντες
1332 477 1694 544 διδασκάλοις·
1736 480 1828 546 οὒς
1859 501 1909 554 μι

2042 483 2152 552 jam
2203 500 2484 539 cervorum
2534 487 2704 543 instar
2750 483 3089 551 exsilierunt,
3140 484 3452 541 doctoribus
3501 488 3614 543 suis

377 572 517 643 κροῦ
548 571 769 639 πρόσθεν
812 569 1049 639 ἐλάφους
1081 569 1362 639 ὠνόμασεν
1393 573 1424 642 ή
1471 575 1792 644 προφητεία.
1839 577 1909 628 Kc

2044 576 2247 632 similes
2274 576 2483 641 ell'ecti,
2519 593 2653 646 quos
2700 579 2858 646 paulo
2903 593 3064 647 supra
3105 591 3296 633 cervos
3333 579 3613 649 prophetia

380 666 416 734 ᾑ
463 663 569 716 τῶν
606 662 902 732 μογιλάλων
928 661 1171 730 γλῶσσα,
1213 664 1278 732 ἢν
1314 663 1600 733 συνέδησεν
1643 667 1670 718 ὁ
1700 667 1909 721 Σατανᾶ

2046 670 2272 724 vocavit.
2307 669 2594 725 Bnlborum
2628 680 2807 724 autem
2849 670 3050 738 lingua,
3082 684 3266 739 quam,
3311 685 3380 724 ne
3427 685 3612 725 verum

385 757 518 824 πρὸς
543 756 600 808 τὸ
629 756 702 826 μὴ
735 753 1006 823 θεολογεῖν
1037 753 1130 807 τὸν
1168 754 1339 827 ἀληθῆ
1372 754 1524 818 Θεὸν,
1568 757 1743 827 τρανὰ
1778 758 1909 828 φθέγ

2047 761 2211 816 Deum
2237 762 2610 826 conﬁteretur,
2645 762 2995 832 colligaverat
3021 760 3276 827 Satanas,
3306 763 3450 817 clara
3482 779 3612 819 voce

381 846 560 914 γεσθαι
589 846 679 898 καὶ
714 844 1103 930 διηρθρωμένα
1145 845 1484 916 μεμάθηκεν.
1515 847 1850 915 Μογιλάλους
1886 850 1909 902 δ

2044 864 2100 906 et
2142 853 2465 907 articulatim
2521 856 2682 909 verba
2745 855 3099 924 pronuntiare
3148 853 3356 909 didicit.
3415 854 3614 911 Balbos

374 941 471 991 οὐκ
499 937 564 991 ἄν
593 939 866 1009 ἁμάρτοις
906 937 1076 990 εἰπὼν
1108 938 1234 1002 τοὺς
1265 938 1417 1009 παρὰ
1463 942 1575 1003 τοῖς
1618 943 1801 1008 σοφοῖς
1849 959 1907 994 το

2043 959 2204 1013 porro
2252 945 2564 1014 neutiquam
2597 950 2838 1011 aberres,
2876 947 2922 1002 si
2963 947 3112 1002 dicas
3149 961 3242 1001 eos
3270 961 3392 1002 esse
3423 962 3491 1002 ex
3518 963 3611 1002 sa-

370 1031 554 1093 αίῶνος
599 1029 822 1093 τούτου,
882 1029 1041 1100 μόγις
1085 1030 1214 1083 ποτὲ
1259 1029 1632 1102 τολμήσαντας
1681 1032 1839 1102 ὀρθόν
1890 1052 1909 1087 τ

2040 1037 2311 1106 pientibus
2339 1038 2499 1107 hujus
2531 1038 2740 1103 saeculi,
2773 1039 2864 1109 qui
2891 1040 2979 1096 vix
3011 1038 3145 1094 recti
3175 1038 3377 1110 aliquid
3404 1040 3473 1096 de
3499 1040 3612 1096 De.

363 1122 625 1202 φρονῆσαι
661 1120 760 1188 καὶ
785 1123 961 1179 εἰπεῖν
991 1123 1119 1191 περὶ
1147 1119 1304 1176 Θεοῦ.

2043 1145 2278 1198 unquam
2310 1131 2512 1186 sentire
2539 1146 2604 1185 ac
2632 1130 2816 1188 dicere
2842 1133 2957 1191 ausi
2986 1141 3131 1192 sunt.

429 1233 449 1264 ι
479 1214 605 1266 Ὀτι
635 1213 852 1283 ἐρράγη
885 1213 944 1264 ὲν
971 1214 1038 1284 τῇ
1079 1203 1269 1287 ἐρήμῳ
1308 1211 1481 1288 ὕδωρ,
1523 1214 1614 1276 καὶ
1645 1213 1858 1284 φάραγξ
1885 1218 1909 1266 ὲ

2115 1223 2281 1282 Vens.
2309 1223 2363 1278 7.
2411 1223 2584 1291 «Quia
2619 1224 2796 1292 erupit
2825 1226 2877 1278 in
2909 1227 3123 1285 deserto
3159 1239 3323 1294 aqua,
3364 1235 3421 1280 et
3455 1225 3612 1282 vallis

353 1306 424 1373 γῇ
449 1301 684 1375 διψώσῃ.
716 1303 828 1356 Καὶ
860 1302 1014 1355 ἔσται
1044 1305 1076 1374 ἡ
1107 1303 1331 1375 ἄνυδρος
1365 1305 1443 1367 εἰς
1475 1304 1591 1375 ἓλη,
1626 1305 1718 1359 καὶ
1741 1309 1820 1371 εἰς
1844 1309 1907 1379 τὴ

2041 1314 2094 1366 in
2130 1323 2274 1368 terra
2301 1313 2532 1370 sitienti.
2575 1313 2642 1368 Et
2667 1315 2772 1369 erit
2804 1316 3064 1385 inaquosa
3095 1319 3148 1372 in
3179 1317 3421 1387 paludes,
3464 1328 3518 1372 et
3553 1320 3609 1383 in

351 1394 597 1463 διψῶσαν
646 1395 754 1466 γῆν
803 1397 952 1466 πηγὴ
1002 1395 1190 1459 ὓδατος
1233 1395 1407 1450 ἔσται.
1461 1398 1605 1451 Ἐκεῖ
1635 1399 1909 1470 εύφροσύν·

2042 1417 2184 1460 terra
2235 1397 2442 1462 sitienti
2496 1407 2617 1462 l'ons
2673 1424 2830 1476 aqua
2876 1411 3001 1465 erit.
3057 1410 3132 1466 lbi
3173 1410 3355 1465 laetitia
3403 1411 3608 1480 avium,

350 1485 580 1554 ὀρνέων,
635 1485 892 1550 ἐπαύλεις
940 1486 1186 1557 καλάμου
1237 1488 1331 1545 καὶ
1375 1487 1492 1558 ἕλη.
1521 1509 1539 1541 ι
1590 1488 1662 1541 Τό
1708 1491 1808 1560 μὲν
1845 1487 1902 1544 οὗ

2041 1499 2212 1553 caulae
2254 1499 2540 1555 arundinis
2570 1510 2626 1556 et
2669 1501 2914 1570 paludes.
2942 1522 2962 1556 ι
2994 1504 3146 1574 Aqua
3174 1504 3387 1571 isthtec,
3412 1483 3479 1560 de
3506 1521 3610 1575 qua

355 1576 507 1646 ’ύδωρ
527 1617 542 1640 ,
577 1579 707 1631 αὐτὸ
736 1575 805 1658 ἦν
837 1579 1011 1632 ἐκεῖνο
1041 1581 1102 1636 τδ
1132 1579 1226 1640 τοῦ
1271 1581 1538 1658 Ἰορδάνου
1564 1598 1578 1613 ·
1613 1583 1694 1637 διὸ
1723 1584 1906 1653 ὲλὲγετ

2041 1585 2300 1656 loquitur,
2349 1587 2600 1644 Jordanis
2628 1600 2747 1644 erat
2776 1604 2792 1644 :
2833 1607 3002 1660 quare
3032 1593 3192 1660 paulo
3225 1605 3353 1649 ante
3393 1595 3610 1660 diccba-

412 1667 552 1739 ικρῷ
590 1669 816 1740 πρόσθεν
841 1689 855 1703 ·
915 1691 932 1722 ι
964 1671 1073 1724 Καὶ
1107 1672 1488 1741 άγαλλιάσεται
1515 1675 1585 1734 τὰ
1625 1675 1804 1746 ἔρημα
1842 1680 1909 1729 τοι

2039 1687 2147 1734 tur.
2191 1698 2208 1730 ι
2243 1680 2309 1734 Et
2340 1681 2691 1736 exsultabunt
2727 1682 2940 1737 deserta
2967 1683 3238 1740 Jordanis.
3269 1705 3288 1739 ι
3325 1685 3444 1757 Qup
3473 1685 3611 1754 lava-

364 1686 552 1809 μιικρῳ
590 1686 816 1740 προσσεν
841 1689 855 1703 ·
915 1691 932 1722 ι
964 1686 1073 1724 nat
1107 1686 1488 1741 αγαλλιάσεται
1515 1686 1585 1734 τά
1625 1686 1804 1746 ερημα
1842 1694 1909 1729 τοι

421 1757 671 1828 ορδάνου.
697 1777 716 1811 ι
745 1761 818 1813 Δι’
848 1754 912 1821 οὗ
942 1761 1036 1815 καὶ
1073 1762 1315 1832 ᾐνίττετο
1339 1763 1400 1816 τὸ
1441 1762 1663 1836 λουτρὸν
1705 1767 1803 1837 τῆς
1834 1783 1909 1821 πα

2039 1687 2147 1734 tur.
2191 1698 2208 1730 ι
2243 1686 2309 1734 Et
2340 1686 2691 1736 exsultabunt
2727 1686 2940 1737 deserta
2967 1686 3238 1740 Jordanis.
3269 1705 3288 1739 ι
3325 1686 3444 1757 Qup
3473 1686 3607 1754 lava-

2011 1788 2191 1829 .crnm
2241 1773 2664 1841 regenerationis
2719 1774 3133 1841 subindicabat,
3180 1778 3607 1848 necnoanesta-

367 1849 736 1918 Δλιγγεν·.εσίιι.ς,
779 1854 872 1907 καὶ
924 1853 988 1907 τὸ
1043 1854 1144 1924 τῆς
1188 1855 1380 1926 καινῆς
1412 1857 1684 1929 Διαθήκης
1730 1865 1909 1932 μυστής

2033 1865 2200 1918 menti
2234 1863 2366 1918 Novi
2407 1868 2725 1935 mysterium
2766 1885 2781 1922 :
2831 1883 2926 1938 per
2956 1867 3155 1939 ﬂuenta
3189 1881 3396 1940 autem,
3444 1887 3606 1927 evan-

376 1962 522 2013 ριονο
561 1945 628 1996 τά
647 1944 698 1997 δὲ
724 1945 912 2017 ῥεῖθρα
938 1947 1064 2010 τοὺς
1090 1946 1476 2016 εύαγγελικοὺς
1504 1949 1691 2020 ἐδήλου
1720 1951 1908 2020 λόγους

2031 1955 2231 2024 gelicos
2269 1970 2549 2011 sermones
2578 1958 2819 2013 denotat.
2857 1978 2874 2011 ι
2901 1958 3112 2016 Lzetitia
3153 1964 3417 2029 avium”
3456 1962 3606 2018 vitle-

383 2061 400 2090 ι
425 2036 758 2111 Εὐφροσύνην
781 2037 1012 2108 ὀρνέων·
1037 2057 1056 2088 ι
1087 2038 1271 2108 ψυχῶν
1296 2039 1686 2110 ὲπτερωμένων
1709 2041 1906 2117 δηλαδὴ

2031 2045 2155 2102 licet
2180 2047 2484 2102 animarum
2517 2061 2899 2120 pennatarum,
2936 2063 2991 2108 et
3021 2053 3437 2121 altivolantium,
3471 2055 3605 2110 alia-

374 2136 464 2186 xa't
507 2131 915 2206 μετεωροποιῶν
939 2172 953 2195 ,
994 2132 1088 2185 καὶ
1130 2131 1304 2186 ἄλλων
1342 2134 1565 2206 ἡμέρων
1605 2139 1701 2190 καὶ
1739 2138 1909 2209 πρόιωι

2031 2159 2258 2214 rumque
2322 2154 2728 2201 mansuetarnm
2782 2162 2848 2202 ac
2897 2147 3054 2202 bonae
3121 2147 3354 2214 indolis,
3402 2162 3522 2217 quae
3572 2165 3603 2202 a

360 2228 464 2280 ὑπὸ
512 2227 590 2298 τῷ
642 2227 793 2298 καλῷ
847 2225 1094 2298 ποιμένι*
1118 2225 1499 2300 διοικουμένων
1554 2229 1631 2294 ὡς
1672 2230 1906 2287 δύνασθα

2028 2237 2170 2292 bono
2209 2248 2422 2309 pastore
2467 2248 2754 2311 reguntur:
2805 2251 2861 2299 ut
2909 2241 3094 2296 dicere
3126 2241 3389 2297 valeant:
3444 2258 3464 2293 ι
3493 2241 3603 2295 Do-

353 2317 529 2385 λέγειν
552 2335 566 2349 ο
615 2319 857 2392 «Κύριος
894 2319 1172 2389 ποιμαίνει
1208 2337 1307 2391 με,
1350 2322 1445 2374 καὶ⁸
1489 2322 1638 2377 οὐδέν
1673 2342 1740 2396 με
1769 2325 1909 2379 ὑστε·

2028 2329 2207 2386 ιιιίιιιιε
2235 2333 2406 2400 pascit
2439 2346 2544 2401 me,
2573 2342 2628 2388 et
2656 2332 2793 2390 nihil
2828 2333 2958 2388 mihi
2991 2333 3166 2388 deerit
3187 2334 3256 2386 ⁸⁸.
3285 2354 3304 2386 ι
3353 2411 3356 2419 η

351 2410 530 2481 ρήσει.
557 2429 577 2460 ι

424 2500 654 2554 «Ἔσται
683 2503 800 2567 ἐκεῖ
826 2503 943 2566 ὁδὸς
971 2503 1207 2575 καθαρὰ,
1244 2506 1339 2560 καὶ
1371 2504 1486 2568 ὁδὸς
1510 2505 1642 2573 ἁγία
1668 2507 1909 2580 κληθήσει

2096 2507 2258 2565 Vens.
2293 2511 2346 2564 8.
2398 2532 2415 2562 ι
2443 2511 2515 2566 Ibi
2546 2512 2652 2567 erit
2686 2514 2769 2566 via
2809 2529 2963 2582 pura,
3005 2524 3059 2568 et
3085 2514 3169 2568 via
3210 2527 3400 2571 sancta
3433 2531 3595 2570 voca-

344 2609 437 2645 ται
456 2608 472 2622 '
523 2593 620 2646 καὶ
645 2593 706 2646 ού
751 2595 826 2666 μὴ
856 2596 1099 2668 παρέλθῃ
1131 2599 1246 2650 ὲκεῖ
1271 2598 1597 2668 ἀκάθαρτος.
1626 2621 1643 2652 ι
1685 2601 1832 2672 Αὕτη
1866 2602 1909 2656 δὲ

2024 2602 2208 2665 bitur;
2269 2612 2324 2656 et
2382 2619 2486 2656 non
2551 2603 2805 2658 transibit
2867 2604 2993 2659 illac
3043 2604 3418 2660 immundusa
3469 2605 3597 2662 Hac

344 2684 430 2755 εἴη
460 2683 529 2736 ἂν
569 2685 603 2755 ἡ
641 2686 927 2754 ἀπάγουσα
961 2690 1053 2742 ἐπὶ
1094 2691 1154 2744 τὸ
1200 2683 1593 2764 τρισμακάριον
1634 2693 1788 2758 τέλος
1821 2696 1920 2766 τῆς

344 2777 668 2846 ἐπουρανίου
703 2778 794 2831 τοῦ
839 2779 974 2833 Θεοῦ
1007 2781 1231 2849 πόλεως,
1262 2784 1327 2854 ἢν
1359 2785 1627 2858 παριστὰς
1664 2788 1694 2839 ό
1730 2786 1920 2860 Σωτὴρ

344 2865 532 2934 ἔλεγεν
555 2881 569 2893 ·
595 2886 614 2918 ι
637 2867 777 2938 Ἐγὼ
805 2871 919 2939 εἰμι
940 2873 974 2940 ἡ
1007 2871 1142 2936 ὁδός.
1187 2891 1204 2924 ι
1237 2894 1256 2924 ι
1278 2873 1411 2928 Ούδὲ
1461 2874 1612 2931 ἔσται
1656 2877 1772 2929 ἐκεῖ
1801 2876 1921 2941 ὁδὸς

343 2957 652 3027 ἀκάθαρτος
676 2976 688 2988 ·
725 2961 774 3012 οἱ
815 2960 872 3013 δὲ
909 2961 1295 3034 διεσπαρμένοι
1325 2965 1679 3036 πορεύσονται
1707 2969 1794 3021 ἐπ’
1822 2969 1921 3022 αὺ-

343 3045 462 3115 ςῆς,
496 3047 588 3099 καὶ
612 3048 672 3099 ού
721 3048 794 3119 μὴ
830 3049 1159 3122 πλανηθῶσι.
1195 3072 1212 3105 ι
1257 3053 1411 3117 Τίνες
1445 3054 1503 3107 δὲ
1539 3050 1703 3120 οὗτοι,
1737 3055 1851 3111 ἀλλ’
1883 3057 1916 3129 ἦ

342 3137 392 3188 οἱ
444 3137 608 3193 πάλαι
651 3138 1088 3212 διεσκεδασμένοι
1126 3144 1218 3198 τοῦ
1252 3145 1384 3199 Θεοῦ
1426 3147 1519 3201 καὶ
1570 3149 1786 3220 μακρὰν
1822 3153 1920 3222 τῆς

341 3227 602 3297 ἀληθείας
625 3231 1131 3303 ἀποπλανηθέντεςς
1183 3231 1338 3296 Οὗτοι
1377 3237 1485 3310 γὰρ
1505 3278 1520 3302 ,
1553 3239 1920 3313 παλινδρομή-

348 3335 539 3383 σαντες
562 3360 578 3383 ,
625 3324 716 3375 καὶ
745 3324 843 3402 τὴν
878 3324 1088 3380 εὐθεῖαν
1126 3327 1220 3382 καὶ
1252 3327 1470 3399 ἀπλανῆ
1503 3329 1618 3387 ὁδὸν
1647 3321 1917 3402 εὑρόντες,

343 3411 704 3483 πορεύσονται
737 3405 806 3467 ἐν’
821 3416 984 3486 αὐτῇ.

420 3488 437 3555 ὲ
465 3507 574 3570 καὶ
600 3507 698 3573 οὐκ
725 3507 878 3566 ἔσται
905 3510 1021 3578 ἐκεῖ
1049 3509 1206 3575 λέων,
1236 3511 1358 3565 οὐδὲ
1395 3513 1502 3568 τῶν
1531 3515 1781 3587 πονηρῶν
1822 3517 1918 3588 θη-

345 3596 476 3666 ρίων
503 3595 566 3648 ού
596 3598 670 3668 μὴ
704 3598 876 3669 ἀναϐῇ
911 3601 990 3662 είς
1020 3600 1210 3671 αὐτὴν,
1243 3601 1363 3654 οὐδὲ
1399 3602 1472 3675 μὴ
1508 3603 1700 3676 εὑρεθῇ
1732 3607 1864 3660 ἐκεῖ.
1891 3628 1909 3659 ι

342 3685 467 3750 Πῶς
493 3687 602 3758 γάρ
639 3690 734 3741 καὶ
765 3684 877 3742 οἷόν
907 3707 967 3743 τε
994 3687 1062 3762 ἦν
1093 3693 1152 3744 ὲν
1177 3690 1255 3762 τῷ
1279 3695 1542 3766 εἰρηκότι,
1584 3715 1601 3746 ι
1635 3695 1774 3766 Ἐγώ
1800 3699 1915 3769 εἰμι

341 3781 374 3848 ἡ
423 3779 610 3845 ὁδὸς,ι
663 3783 950 3854 εὑρεθῆναί
1000 3803 1054 3838 τι
1102 3785 1210 3839 τῶν
1259 3787 1539 3858 πονηρῶν;
1597 3788 1729 3843 Οὐδὲ
1765 3790 1916 3855 ὁδοὺς

338 3860 532 3938 εφεως
560 3873 653 3926 ἐπὶ
701 3875 904 3946 πέτραν
948 3876 1170 3931 δυνατὸν
1204 3873 1272 3949 ἦν
1313 3879 1492 3950 εὑρεῖν
1525 3880 1664 3933 κατὰ
1700 3881 1791 3935 τὸν
1820 3883 1915 3936 Σο-

339 3961 611 4032 λομῶντα.

413 4075 434 4107 ι
457 4056 617 4112 Ἀλλά
664 4059 1020 4132 πορεύσονται
1061 4063 1119 4118 ὲν
1162 4065 1297 4136 αὐτῇ
1344 4063 1768 4137 λελυτρωμένοι,
1819 4069 1912 4122 καὶ

337 4149 667 4224 συνηγμένοι
712 4150 800 4204 διὰ
841 4153 1043 4224 Κυρίου
1070 4173 1082 4184 ·
1118 4173 1138 4204 ι
1176 4153 1269 4219 οὓς
1313 4155 1474 4218 αὐτὸς
1516 4155 1755 4224 δηλονότι
1791 4157 1911 4210 ὲλυ-

332 4238 585 4308 τρώσατο
609 4238 686 4310 τῷ
725 4240 837 4311 ἰδίῳ
864 4241 1054 4312 αἵματι
1072 4283 1087 4304 .
1119 4244 1214 4299 καὶ
1241 4246 1288 4296 οἱ
1323 4244 1647 4315 συνηγμένοι
1688 4245 1776 4299 διὰ
1801 4248 1910 4300 Κυ-

334 4329 476 4400 ρίου,
506 4329 620 4383 ἀλλ’
652 4332 772 4385 οὐδὲ
795 4332 884 4385 διὰ
909 4336 1208 4407 προφήτου,
1234 4336 1354 4389 οὐδὲ
1383 4335 1472 4390 διά
1500 4353 1645 4401 τινος
1677 4339 1908 4409 σπουδῆς

2024 2707 2154 2746 sane
2185 2692 2346 2748 fuerit
2397 2696 2512 2760 illa,
2547 2711 2669 2764 qua:
2718 2696 2868 2751 ducit
2913 2698 2978 2752 ad
3017 2697 3384 2753 felicissimum
3434 2699 3594 2753 linem

2020 2785 2265 2841 caelestis
2315 2786 2406 2841 Dei
2459 2787 2730 2854 civitatis,
2779 2804 2942 2859 quam
2994 2789 3281 2845 declarans
3331 2790 3597 2846 Servatur

2021 2877 2232 2933 dicebat
2267 2899 2280 2934 :
2335 2897 2354 2930 ι
2389 2879 2496 2951 Ego
2522 2895 2641 2936 sum
2689 2883 2770 2936 via
2797 2901 2816 2933 ι
2846 2882 2915 2939 ⁸⁷.
2969 2901 2988 2934 ι
3013 2879 3198 2952 Neque
3234 2882 3339 2938 erit
3386 2883 3456 2938 ibi
3505 2883 3591 2943 via

2020 2969 2230 3040 impura
2264 2990 2276 3026 :
2308 2973 2398 3042 qni
2435 2982 2618 3028 autem
2671 2974 2900 3044 dispersi
2947 2985 3096 3038 sunt,
3137 2974 3490 3031 ambulabunt
3536 2978 3591 3031 in

2019 3076 2106 3128 ea,
2142 3079 2318 3135 neque
2339 3067 2620 3122 errabunt.
2645 3086 2664 3119 ι
2711 3067 2939 3134 Quinam
2982 3067 3079 3133 illi,
3130 3068 3231 3123 nisi
3275 3068 3366 3138 qui
3398 3067 3526 3124 olim
3561 3087 3592 3130 a

1970 3148 1988 3171 ‘
2025 3153 2134 3212 Deo
2173 3157 2486 3230 (isgregati,
2515 3176 2544 3214 a
2571 3161 2802 3216 veritate
2833 3163 3017 3230 procul
3050 3162 3480 3219 aberraverant?
3525 3159 3590 3220 lli

2022 3265 2254 3320 namque
2284 3253 2620 3322 retrogressi,
2657 3254 2981 3322 inventaque
3030 3265 3171 3310 recta
3230 3257 3471 3326 nullique
3495 3271 3588 3315 er-

2021 3342 2127 3397 rori
2156 3344 2387 3400 obnoxia
2419 3347 2526 3410 via,
2556 3347 2607 3400 in
2640 3361 2702 3401 ea
2731 3347 3105 3402 ambulabunt.

2092 3520 2250 3576 Vens.
2277 3523 2329 3576 9.
2383 3523 2490 3576 ιΕι
2541 3539 2645 3577 ιιοιι
2701 3525 2804 3578 erit
2859 3524 2932 3579 ibi
2965 3525 3070 3589 leo,
3121 3540 3295 3597 neque
3349 3527 3458 3580 ulla
3517 3545 3585 3598 ex

2017 3613 2172 3668 malis
2214 3613 2402 3669 bestiis
2448 3614 2702 3670 ascendet
2750 3615 2802 3669 in
2857 3630 3000 3681 eam,
3055 3631 3230 3684 neque
3278 3617 3585 3675 invenietur

2016 3705 2109 3760 ibi.
2143 3726 2163 3759 ι
2219 3706 2321 3776 Qui
2370 3707 2515 3762 enim
2546 3707 2661 3762 ﬁeri
2691 3716 2946 3778 poterat,
2997 3717 3054 3762 nt
3078 3709 3132 3764 in
3174 3723 3278 3774 eo,
3305 3709 3397 3777 qui
3430 3710 3589 3774 dixe-

2019 3804 2120 3866 rat,
2157 3818 2175 3851 ι
2206 3800 2318 3872 Ego
2353 3817 2472 3856 sum
2518 3800 2623 3865 via,
2654 3821 2672 3852 ι
2712 3800 2837 3855 mali
2885 3801 3159 3870 quidpiam
3206 3801 3584 3871 reperiretur?

2013 3892 2200 3962 Neque
2231 3895 2346 3948 vias
2374 3894 2642 3964 serpentis
2675 3893 2728 3947 in
2765 3903 2918 3966 petra
2951 3892 3199 3948 invenire
3230 3901 3350 3948 erat
3390 3907 3582 3948 secun-

2013 3986 2138 4041 dum
2173 3985 2540 4042 Salomonem.

2084 4078 2249 4134 Vnus.
2288 4080 2377 4134 lO.
2439 4080 2583 4135 «Sed
2630 4081 2681 4134 in
2731 4095 2792 4134 ea
2842 4080 3196 4135 ambulabunt
3244 4081 3499 4151 redempti
3530 4095 3588 4139 et

2011 4171 2320 4240 enngregati
2381 4186 2478 4239 per
2530 4170 2854 4238 Dominum;
2889 4193 2908 4226 ι
2971 4188 3106 4242 quos
3168 4174 3420 4229 videlicet
3466 4175 3584 4243 ipse

2011 4263 2230 4332 proprio
2256 4263 2517 4332 sanguine
2555 4263 2783 4319 redemit
2816 4282 2830 4318 :
2861 4275 2916 4320 et
2957 4266 3048 4334 qui
3094 4265 3404 4336 congregati
3453 4279 3583 4321 sunt

2009 4371 2038 4409 a
2076 4356 2326 4423 Domino,
2372 4372 2477 4411 non
2521 4371 2551 4410 a
2599 4358 2887 4427 propheta,
2921 4373 3022 4414 nec
3060 4360 3292 4412 humana
3327 4357 3579 4427 quapiam

332 4420 704 4494 ἀνθρωπίνης·
735 4423 802 4477 δι’
826 4425 990 4478 αὑτοῦ
1018 4425 1074 4479 δὲ
1095 4427 1188 4480 τοῦ
1213 4428 1416 4498 Κυρίου
1447 4431 1494 4482 οἱ
1510 4427 1904 4502 λελυτρωμένοι

2011 4420 2384 4513 sollicitudine,
2424 4420 2615 4505 verum
2651 4420 2740 4520 qni
2793 4420 3012 4520 abiipso
3047 4449 3273 4504 Domino
3315 4420 3580 4519 redempti

335 4513 427 4563 καὶ
440 4528 604 4581 συνηγ
614 4515 784 4582 μένοι,
798 4509 939 4568 οὗτοι
955 4515 1307 4588 πορεύσονται
1323 4519 1420 4592 τὴν
1429 4519 1755 4591 δηλωθεῖσαν
1766 4521 1900 4575 ὁδόν.

336 4629 361 4675 ι,
389 4612 497 4663 Καὶ
526 4613 1058 4686 ἀποστραφήσονται,
1107 4618 1201 4671 καὶ
1225 4619 1442 4692 ἥξουσιν
1475 4623 1555 4684 εἰς
1609 4621 1746 4678 Σιὼν
1775 4623 1892 4693 μετ’

331 4713 691 4788 εὐφροσύνης.
721 4736 739 4768 ι
775 4719 849 4791 OQ
875 4719 984 4791 γὰρ
1015 4720 1079 4791 δὴ
1101 4721 1321 4775 δυνατὸν
1344 4722 1576 4777 ἐνταῦθα
1599 4723 1734 4777 Σιὼν
1761 4727 1904 4780 ὲκεί-

328 4831 428 4881 νην
445 4818 861 4888 παραδέχεσθαι,
887 4823 1018 4892 περὶ
1035 4818 1102 4894 ἧς
1121 4824 1324 4896 εἴρητο’
1354 4845 1372 4875 ι
1397 4826 1505 4879 Καὶ
1521 4827 1760 4891 ἐνιαυτὸς
1787 4830 1905 4882 άντο

2009 4551 2061 4596 et
2102 4542 2411 4612 congregati
2463 4553 2610 4610 sunt,
2662 4543 2714 4597 hi
2760 4543 2810 4597 in
2857 4552 3154 4598 memorata
3199 4542 3280 4597 via
3330 4541 3580 4604 ambula-

2011 4635 2162 4688 bunt.
2211 4653 2228 4687 ι
2253 4635 2317 4688 Ει
2357 4646 2694 4698 avertentur,
2727 4646 2780 4690 et
2823 4637 3041 4690 venient
3076 4635 3127 4687 in
3158 4633 3287 4686 Sion
3331 4650 3452 4688 cum
3487 4634 3577 4689 late-

2011 4727 2149 4781 titia.
2181 4746 2199 4778 ι
2248 4726 2372 4783 Haec
2397 4729 2601 4799 quippe
2655 4739 2927 4797 nequeunt
2967 4729 3032 4782 de
3084 4727 3168 4783 illa
3209 4725 3374 4787 Sione
3415 4727 3575 4788 intele-

2011 4820 2123 4890 Iigi,
2160 4821 2227 4875 de
2266 4837 2370 4889 qua
2415 4823 2617 4877 dictum
2667 4835 2791 4878 est:
2829 4841 2847 4872 ι
2881 4821 2945 4877 Ει
2979 4835 3154 4877 annus
3206 4820 3576 4876 retributionis

327 4915 633 4980 amaécaux;
648 4918 1906 5000 xplagwgzuby-xatq-gpwﬁaowmaiqdpawsc
2004 4909 2191 4978 jndicii
2216 4913 2345 4968 Sion
2373 4931 2388 4966 :
2416 4925 2470 4968 et
2497 4926 2886 4969 convertentur
2909 4913 3074 4967 valles
3095 4914 3211 4980 ejus
3242 4913 3294 4966 in
3324 4913 3519 4982 picem,
3547 4935 3566 4968 ι

328 5015 588 5087 αὑτῆςείς
613 5017 832 5084 πίσσαν,
846 5040 864 5072 ι
885 5023 976 5076 καὶ⁹
994 5023 1063 5080 τά
1077 5025 1284 5090 τούτοις
1303 5027 1448 5098 ἑξῆς.
1468 5031 1666 5102 Διόπερ
1690 5035 1899 5109 ἀνάγκη

325 5115 596 5186 διαφόρως
640 5121 784 5172 νοεῖν
833 5119 934 5184 τάς
987 5123 1307 5195 ὁμωνύμους
1357 5133 1902 5204 προσαγορευομένας

327 5219 482 5272 Σιών.
513 5241 531 5272 ι
551 5222 662 5275 Καὶ
687 5223 990 5297 εὐφροσύνη
1012 5226 1224 5293 αἰώνιος
1243 5232 1382 5304 ὑπὲρ
1407 5235 1644 5307 κεφαλῆς
1663 5239 1861 5297 αὐτῶν.
1877 5261 1894 5294 ι

321 5322 386 5376 Oi
417 5321 527 5394 γὰρ
558 5326 778 5396 νικηταὶ
808 5327 903 5380 τοῦ
931 5329 1168 5397 μεγάλου
1197 5333 1386 5388 τούτου
1412 5337 1621 5407 ἀγῶνος
1653 5342 1900 5415 στεφάνῳ

317 5422 662 5494 εὐφροσύνης
713 5425 1085 5496 άναδήσονται.
1143 5450 1162 5480 ι
1186 5431 1308 5486 Ἐπὶ
1358 5436 1466 5508 γάρ
1509 5437 1607 5508 τῆς
1660 5441 1896 5511 κεφαλῆς

317 5524 502 5577 αὐτῶν
531 5525 736 5590 αῑνεσις
767 5529 857 5581 καὶ
901 5530 1230 5603 άγαλλίαμα,
1275 5537 1366 5589 καὶ
1395 5539 1696 5614 εὐφροσύνη
1733 5561 1896 5600 κατά-

378 5749 426 5780 “
460 5747 604 5804 Psal.
639 5765 778 5816 un,
820 5752 869 5810 l.
944 5753 988 5785 ³⁷
1015 5752 1170 5811 Joan.
1211 5772 1320 5826 xiv,
1358 5757 1414 5814 6.

1199 5944 1228 5976 ἱ

2009 5011 2063 5054 et
2089 5013 2301 5059 cetera.
2335 5003 2696 5070 Quamobrem
2734 5005 2851 5058 illas
2881 5021 3000 5074 quae
3028 5005 3216 5059 eodem
3250 5003 3433 5058 Sionis
3479 5021 3574 5060 no-

2010 5092 2153 5146 mine
2201 5103 2485 5159 vocantur,
2539 5096 2689 5149 vario
2740 5096 2901 5149 modo
2951 5095 3251 5163 intelligere
3290 5111 3428 5165 opus
3465 5109 3573 5151 est.

2012 5197 2031 5230 ι
2059 5181 2123 5235 Et
2148 5181 2332 5239 laetitia
2370 5187 2695 5253 sempiterna
2733 5201 2895 5254 super
2923 5195 3083 5254 caput
3119 5199 3333 5238 eorum.
3367 5205 3387 5236 ι
3437 5184 3572 5239 Nam

2009 5273 2042 5327 ii
2091 5274 2182 5344 qui
2249 5274 2302 5328 in
2355 5292 2551 5346 magno
2609 5277 2698 5332 illo
2743 5277 3045 5332 certamine
3094 5275 3331 5332 victores
3387 5290 3570 5337 erunt,

2006 5379 2204 5419 corona
2235 5367 2433 5421 laetitia:
2467 5367 2841 5422 reditnientur.
2886 5386 2903 5418 ι
2929 5369 2984 5422 In
3010 5368 3184 5436 capite
3213 5369 3359 5423 enim
3383 5385 3569 5426 eorum

2007 5454 2123 5510 laus
2149 5466 2205 5510 et
2249 5459 2563 5523 exsultatio,
2622 5468 2677 5512 et
2717 5459 2900 5512 laatitia
2955 5461 3378 5528 comprehendet
3422 5474 3564 5515 eos:

2004 5548 2265 5606 abscessit
2292 5551 2477 5616 dolor,
2519 5551 2734 5606 tristitia
2766 5561 2818 5608 et
2845 5554 3111 5630 gemitus;
3147 5572 3166 5605 ι
3195 5554 3441 5616 videlicet
3472 5567 3568 5608 eos
