4072 6194
443 306 548 362 ’5ίὸ

1133 305 1396 362 Ευεειιιι
1438 299 1914 364 CASSARIE‘SSIS
1953 308 2016 364 ()l

2146 305 2324 361 PARS
2361 305 2446 360 111.
2488 336 2555 347 -ο
2594 305 3004 363 ΕΧΕῧΕΤΙΟΑ.

3575 305 3676 359 SH

445 426 536 494 qui
570 425 621 479 in
650 424 870 484 salutari
898 428 1008 488 via,
1043 424 1174 479 nihil
1207 428 1350 482 ultro
1370 428 1618 497 citroque
1650 427 2000 489 dellectendo.

2117 427 2334 497 λήψεται
2381 426 2575 490 αὐτούς
2600 444 2612 456 '
2663 427 2872 497 ἀπέδρα
2905 424 3096 496 ὀδύνη,
3141 424 3235 477 καὶ
3266 423 3408 493 λύπη
3436 422 3527 474 καὶ
3559 440 3677 474 στε-

445 518 876 582 amhulaverunt,
927 519 1156 587 ideoque
1184 522 1251 575 ad
1281 520 1653 576 felicissimum
1683 521 1841 575 finem
1882 538 2004 591 per-

443 619 759 664 venerunt:
810 609 898 663 ubi
944 624 1145 664 corona
1202 609 1296 663 Dei
1355 610 1627 676 exornati,
1680 613 2006 681 sempiterna

445 699 550 752 vita
585 695 851 766 fruentur,
905 698 958 754 in
1003 715 1168 768 regno
1200 700 1486 767 celerum,
1529 700 1671 755 unde
1707 720 1727 750 ο
1751 701 2009 754 abscessit

444 791 598 846 dolor
627 799 680 844 ct
713 791 966 861 gemitus.
999 810 1017 843 ι

971 967 1198 1026 CAPUT
1235 969 1473 1024 XXXVI.

520 1059 680 1113 \‘sns.
720 1061 833 1114 1-5.
878 1080 896 1113 ι
935 1061 1000 1114 Ει
1047 1060 1249 1115 factum
1301 1072 1384 1116 est
1430 1076 1570 1115 anno
1609 1061 2011 1130 quartodecimo

446 1153 587 1222 regis
628 1152 909 1218 Ezechitc,
959 1153 1204 1208 ascendit
1267 1152 1653 1208 Scnnacherim
1706 1168 1800 1207 rex
1847 1155 2014 1223 Assy—

445 1247 652 1300 riorum
706 1246 970 1300 adversus
1015 1246 1179 1301 urbes
1229 1245 1426 1301 Iudaea:
1463 1246 1730 1313 munitas,
1775 1257 1830 1301 et
1872 1247 2013 1314 cepit

446 1354 558 1391 cas.
599 1337 659 1392 Et
700 1337 845 1392 misit
878 1353 970 1393 rex
1000 1337 1352 1410 Assyriorum
1397 1338 1693 1394 Rabsacem
1721 1354 1787 1393 ex
1817 1338 2013 1395 Lachis

447 1431 500 1484 in
536 1428 833 1485 Jerusalem
870 1431 937 1484 ad
963 1446 1140 1503 regem
1174 1430 1465 1486 Ezechiam
1498 1446 1618 1486 cum
1646 1432 1846 1485 virtute
1877 1427 2014 1484 mul-

449 1533 523 1577 ta.
567 1523 629 1577 Et
663 1524 815 1577 stetit
862 1524 914 1578 in
969 1522 1290 1593 aqumductu
1340 1524 1564 1593 piscina:
1605 1522 1920 1593 superioris,
1960 1520 2011 1575 in

447 1616 532 1670 via
571 1617 685 1683 agri
723 1613 963 1671 fullonis.
1003 1615 1069 1670 Et
1098 1627 1351 1684 egressus
1406 1622 1490 1670 est
1522 1615 1589 1669 ad
1629 1630 1752 1669 eum
1787 1612 2012 1667 Eliacim

449 1708 589 1762 lilius
620 1708 871 1774 Chelciae,
918 1722 1268 1775 (economus,
1322 1718 1377 1764 et
1423 1709 1656 1763 Somnas
1696 1708 1908 1771 scriba,
1961 1715 2016 1760 et

445 1797 610 1854 Joach
640 1801 782 1853 lilius
805 1799 1012 1870 Asaph,
1037 1815 1064 1853 a
1094 1799 1519 1855 commentariis.
1553 1817 1571 1850 ι
1601 1797 1862 1853 Mirabilis
1885 1811 2015 1851 sane

449 1905 530 1948 est
561 1893 672 1947 lucc
702 1893 926 1947 historia
951 1902 1004 1947 et
1030 1893 1271 1947 narratio
1297 1906 1473 1945 rerum
1503 1890 1747 1945 Ezechia:
1772 1898 2015 1958 tempore

448 1999 766 2056 gestarent:
817 2003 938 2058 qua;
989 1987 1130 2041 inter
1177 1985 1412 2054 reliquas
1461 1984 1717 2040 historias
1768 1984 1822 2036 in
1877 1983 2014 2037 libro

448 2091 643 2149 quarto
696 2081 900 2149 Regum
948 2089 1000 2135 et
1050 2080 1102 2135 in
1160 2079 1403 2134 secundo
1444 2077 1886 2148 Paralipomenon
1931 2091 2019 2130 re-

448 2179 723 2228 censetur.
760 2175 1012 2226 Attamen
1043 2185 1105 2226 ea
1137 2170 1264 2225 huic
1293 2170 1610 2241 pr0phetico
1645 2167 1782 2223 libro
1812 2169 2015 2222 inserta

451 2266 572 2330 fuit,
601 2267 726 2336 quia
763 2263 866 2319 sub
903 2263 1066 2318 ﬁnem
1107 2263 1348 2317 historia:
1390 2269 1499 2316 tum
1539 2261 1848 2332 prophetia,
1903 2272 2014 2313 tum

451 2371 536 2412 res
563 2357 802 2424 qumdam
831 2355 1092 2412 mirabilis
1116 2365 1172 2410 et
1200 2355 1587 2425 inexspectata,
1615 2355 1861 2409 Ezechiae
1886 2363 2016 2408 tem-

452 2464 583 2515 pore
612 2458 760 2520 εοειο
791 2458 1064 2504 narratur.

2110 520 2316 589 ναγμός
2340 535 2353 549 ·
2383 539 2401 570 ι
2439 518 2675 589 δηλονότι
2704 520 2827 582 τοὺς
2867 517 2964 589 τὴν
2993 518 3258 586 σωτήριον
3295 515 3411 567 ὁδὸν
3457 513 3684 577 ἀκλινῶς

2113 611 2467 681 βαδίσαντας,
2502 609 2596 663 καὶ
2637 607 2724 662 διὰ
2753 608 2911 661 τοῦτο
2943 608 3036 664 ἐπὶ
3067 606 3128 660 τὸ
3160 604 3556 678 τρισμακάριον
3601 603 3689 656 τέ-

2111 703 2198 767 λος
2229 701 2691 771 καταντήσαντας·
2727 702 2783 752 ὲν
2822 693 2885 766 ᾧ,
2905 699 3148 768 στεφάνῳ
3175 697 3311 750 Θεοῦ
3343 694 3686 766 τικηθέντες,

2111 794 2207 862 τῆς
2241 791 2460 846 αἰωνίου
2493 791 2640 862 ζωῆς
2683 789 3076 843 ἀπολαύσουσιν
3111 791 3168 842 ὲν
3208 790 3274 859 τῇ
3313 786 3418 839 τῶν
3445 783 3688 857 οὐρανῶν

2115 885 2382 958 βασιλείᾳ,
2415 885 2544 939 ἔνθα
2580 904 2597 937 ι
2626 885 2836 954 ἀπέδρα
2864 883 3022 954 ὀδύνη
3054 885 3147 936 καί
3175 881 3493 952 στεναγμός.
3520 900 3539 932 ι

2607 976 3000 1029 κΕψΑΑΑιοΝ
3038 976 3176 1042 Λςι.

2189 1091 2206 1123 ι
2237 1071 2347 1125 Κατ⁸
2369 1070 2583 1139 ἐγένετο
2612 1068 2706 1123 τοῦ
2739 1068 2798 1122 ιδ’
2830 1066 2986 1130 ἔτους
3019 1066 3390 1137 βασιλεύοντος
3419 1066 3685 1131 Ἐζεκίου,

2114 1161 2278 1232 ἀνέϐη
2315 1161 2682 1231 Σενναχηρεὶμ
2715 1157 2967 1228 βασιλεὺς
3010 1157 3305 1229 ’Δσσυρίων
3333 1158 3425 1211 ἐπὶ
3453 1157 3551 1220 τὰς
3588 1159 3686 1210 πό-

2113 1254 2226 1318 λεις
2270 1254 2368 1324 τῆς
2414 1252 2673 1316 Ἰουδαίας
2713 1250 2813 1315 τὰς
2852 1251 3075 1323 ὀχυρὰς,
3112 1251 3206 1303 καὶ
3247 1248 3435 1302 ἔλαϐεν
3495 1249 3685 1312 αὑτάς.

2115 1349 2224 1402 Καὶ
2278 1343 2560 1400 ἀπέστειλε
2614 1343 2864 1414 βασιλεὺς
2916 1341 3213 1413 Ἀσσυρίων
3250 1341 3340 1394 τὸν
3381 1341 3691 1412 Ῥαϐσάκην

2114 1441 2179 1492 ὲκ
2211 1437 2396 1508 Λάχης
2424 1437 2502 1498 είς
2543 1434 2892 1507 Ἰερουσαλὴμ
2913 1434 3051 1506 πρὸς
3069 1434 3160 1487 τον
3184 1433 3406 1504 βασιλέα
3444 1433 3692 1498 Ἐζεκίαν

2118 1529 2255 1602 μετὰ
2291 1528 2571 1597 δυνάμεως
2618 1527 2836 1597 πολλῆς.
2869 1527 2978 1580 Καὶ
3010 1527 3140 1596 ἔστη
3183 1528 3242 1580 ἐν
3273 1527 3349 1597 τῷ
3384 1526 3694 1598 ὑδραγωγῷ

2114 1623 2213 1693 τῆς
2250 1617 2634 1691 κολυμϐήθρας
2678 1618 2778 1688 τῆς
2804 1619 2916 1672 ἄνω
2945 1620 3003 1670 ὲν
3032 1621 3098 1688 τῇ
3134 1618 3238 1689 ὁδῷ
3268 1617 3362 1671 τοῦ
3389 1617 3561 1690 άγροῦ
3595 1617 3692 1671 τοῦ

2116 1714 2384 1783 κναφέως.
2421 1713 2530 1767 Καὶ
2569 1711 2756 1783 ἐξῆλθε
2807 1712 2941 1782 πρὸς
2993 1711 3154 1764 αὑτὸν
3212 1711 3490 1783 Ἐλιακείμ
3532 1714 3562 1765 6
3594 1710 3692 1765 τοῦ

2046 1773 2088 1829 Β
2120 1773 2370 1870 Χελκίου,
2401 1805 2428 1856 6
2451 1773 2750 1873 οἰκονομος,
2781 1773 2872 1855 καλ
2897 1773 3105 1873 Σομνᾶς
3137 1803 3164 1854 ὁ
3188 1773 3568 1873 γραμματεὺς,
3598 1803 3693 1857 καὶ

2132 1899 2290 1969 Ἰωὰχ
2318 1899 2346 1949 6
2373 1896 2468 1950 τοῦ
2529 1895 2721 1964 Ἀσᾶφ,
2759 1895 3344 1966 ύπομνηματογράφος.
3369 1915 3388 1946 ι
3461 1895 3695 1965 Ἱστορία

2123 1990 2221 2061 μέν
2259 1991 2405 2042 ἐστιν
2440 1991 2472 2058 ἡ
2503 1986 2835 2060 προκειμένη
2861 1986 2953 2039 καὶ
2974 1987 3220 2058 διήγησις
3246 1987 3530 2058 θαυμαστὴ
3551 2004 3693 2058 πρα-

2117 2082 2343 2153 γμάτων
2368 2081 2505 2135 κατὰ
2533 2081 2658 2142 τοὺς
2681 2080 2902 2152 χρόνους
2931 2079 3170 2144 Ἐζεκίου
3192 2080 3512 2150 γενομένων·
3549 2080 3696 2132 ἀνεί-

2116 2173 2318 2243 ληπται
2349 2172 2404 2225 δὲ
2442 2172 2579 2242 μετὰ
2612 2171 2721 2224 τῶν
2753 2171 2952 2224 λοιπῶν
2989 2168 3238 2242 ἱστοριῶν
3269 2173 3327 2224 ὲν
3359 2174 3425 2243 τῇ
3452 2172 3694 2244 τετάρτῃ

2113 2263 2222 2316 τῶν
2264 2262 2578 2327 Βασιλειῶν,
2609 2262 2703 2315 καὶ
2742 2263 2799 2314 ἐν
2831 2265 2897 2333 τῇ
2950 2262 3178 2334 δευτέρᾳ
3211 2262 3317 2315 τῶν
3355 2263 3696 2334 Ιῐαραλειπο-

2116 2352 2312 2424 μένων.
2328 2353 2516 2422 Ὅμως
2537 2350 2582 2405 δ’
2601 2347 2692 2404 οὖν
2712 2351 2806 2405 καὶ
2830 2353 2887 2403 ὲν
2908 2354 2973 2422 τῇ
3006 2352 3141 2422 μετὰ
3162 2355 3347 2424 χεῖρας
3381 2355 3692 2428 προφητικῇ

2117 2443 2280 2514 βίϐλῳ
2302 2442 2718 2515 καταϐέϐληται,
2735 2441 2822 2494 διὰ
2842 2442 2903 2494 τὸ
2933 2442 3265 2514 ὲμφέρεσθαι
3298 2443 3432 2514 πρὸς
3457 2445 3516 2497 τὸ
3543 2443 3694 2508 τέλος

448 2542 546 2612 τῆς
592 2542 830 2614 ἱστορίας
889 2541 1245 2614 προφητείαν,
1307 2539 1400 2595 καί
1441 2555 1561 2593 τινα
1592 2537 1833 2610 μεγάλην
1866 2539 1958 2591 καὶ
2019 2536 2318 2609 παράδοξον
2392 2535 2588 2608 πρᾶξιν
2639 2535 3071 2588 ἐπιτελεσθεῖσαν
3125 2535 3263 2590 κατὰ
3307 2539 3433 2600 τοὺς
3475 2538 3695 2608 χρόνους

462 2632 723 2692 Ἐζεκίου.

554 2633 723 2692 εκίου.

520 2633 684 2784 ﬁsus.
716 2727 770 2783 4.
794 2748 812 2782 ι
850 2725 917 2783 Ει
944 2728 1079 2784 dixit
1100 2728 1180 2785 eis
1206 2699 1510 2784 [tabsacesz
1540 2726 1708 2780 Dicite
1727 2723 2007 2780 Ezechiae:

455 2821 581 2876 llzec
616 2821 748 2874 dicit
779 2836 865 2875 rex
897 2836 1145 2888 magnus,
1183 2836 1274 2874 rex
1306 2819 1684 2890 Assyriorum:
1720 2817 1857 2882 Quid
1885 2831 2014 2870 cou-

2198 2743 2214 2774 ι
2246 2723 2355 2776 Καὶ
2390 2715 2540 2774 εἶπεν
2583 2720 2764 2782 αὐτοῖς
2803 2717 3130 2788 Ῥαϐσάκης’
3168 2716 3372 2772 Εἴπατε
3441 2716 3692 2791 Ἐζεκίαν

2121 2815 2258 2868 Τάδε
2286 2813 2434 2883 λέγει
2463 2817 2492 2866 6
2522 2813 2770 2884 βασιλεὺς
2793 2813 2821 2864 6
2848 2813 3041 2883 μέγας,
3069 2811 3319 2881 βασιλεὺς
3363 2811 3690 2883 Ἀσσυρίων·

452 2913 615 2968 fidis?
653 2932 672 2964 ι
707 2912 839 2965 Nam
867 2927 962 2966 ceu
995 2921 1231 2981 potestas
1261 2912 1504 2980 quaedam
1540 2909 1854 2982 prophetico
1894 2923 2012 2962 ser-

2120 2904 2185 2956 Τί
2219 2903 2491 2966 πεποιθὼς
2525 2898 2606 2968 εἷς
2641 2922 2656 2953 ι
2699 2903 2909 2973 Ὥσπερ
2942 2903 3164 2972 γάρκτις
3212 2902 3556 2975 ἀντικειμένη
3599 2901 3695 2955 δύ-

462 3006 604 3059 ιιιοηὶ
639 3004 949 3057 adversaria
987 3003 1208 3068 dicenti,
1243 3002 1366 3056 llaec
1411 3002 1542 3056 dicit
1600 3001 1857 3055 Dominus
1881 3040 1897 3065 ,
1939 2999 2018 3053 sic

450 3109 506 3150 et
550 3097 640 3149 ille
683 3095 997 3150 clamabat:
1042 3117 1059 3146 ι
1109 3094 1234 3150 Πίος
1281 3095 1414 3149 dicit
1462 3110 1553 3148 rex
1605 3107 1867 3162 magnus,
1922 3106 2016 3145 rex

453 3186 818 3257 Assyriorum.
858 3205 876 3240 ι

522 3279 684 3333 Vens.
717 3278 773 3344 5,
803 3279 856 3334 6.
896 3296 916 3330 ι
952 3279 1088 3335 Ecce
1121 3281 1344 3334 confidis
1375 3280 1538 3348 virgae
1563 3277 1868 3332 arundinea:
1896 3277 2018 3332 huic

451 3373 774 3439 contractae,
839 3370 1112 3442 Egypto:
1159 3373 1242 3426 cui
1293 3373 1336 3428 si
1390 3372 1473 3428 vir
1519 3371 1798 3438 innitatur,
1854 3385 2016 3440 pene-

453 3462 618 3517 trabit
648 3477 862 3516 manum
894 3463 1029 3532 ejus.
1071 3464 1161 3518 Sic
1207 3473 1290 3520 est
1319 3464 1531 3518 Pharao
1570 3479 1662 3518 rex
1692 3462 1933 3534 Egypti,
1957 3472 2020 3518 .ct

452 3569 641 3609 ιηιιιιοε
673 3555 766 3626 qui
821 3555 1097 3610 confidunt
1122 3556 1174 3610 in
1214 3572 1301 3612 eo.
1346 3575 1365 3608 ι
1403 3556 1745 3627 Sycophanta
1784 3571 1905 3610 cum
1929 3570 2017 3610 es.

451 3654 535 3700 set
559 3645 830 3711 inimicus,
855 3645 1141 3702 Ezechiam
1173 3646 1606 3702 calumniabatur
1637 3647 1840 3710 dicens,
1879 3645 2019 3700 Ecce

451 3737 679 3793 conﬁdis
726 3737 997 3809 Egypto,
1041 3748 1097 3792 et
1155 3735 1423 3793 Pharaoni
1479 3737 1589 3808 regi
1627 3735 1875 3808 Egypti,
1926 3737 2016 3806 qui

452 3829 740 3887 ﬁdentibus
789 3831 916 3896 sibi,
960 3841 1014 3886 et
1056 3833 1401 3902 sperantibus
1449 3833 1500 3886 in
1540 3848 1635 3898 se,
1681 3833 1874 3902 quovis
1911 3831 2017 3884 ini-

451 3926 593 3978 mico
626 3925 864 3979 deterior
891 3935 996 3989 est,
1049 3927 1295 3981 nesciens
1334 3937 1486 3996 pacta
1539 3941 1758 3981 servare
1789 3939 1910 3978 cum
1953 3923 2018 3978 iis

450 4014 542 4080 qui
577 4014 642 4068 ad
690 4015 864 4085 ipsmu
903 4015 1258 4086 confugiunt:
1301 4033 1470 4087 quare
1521 4017 1752 4072 similem
1792 4015 1863 4067 ait
1900 4029 2019 4069 esse

450 4107 616 4175 virga:
651 4107 872 4171 calami,
905 4123 1023 4177 quae
1061 4109 1222 4164 simul
1258 4121 1450 4166 natura
1487 4111 1715 4180 fragilis,
1744 4119 1796 4163 et
1830 4108 1896 4162 iis
1925 4107 2015 4177 qui

451 4199 551 4268 ipsi
582 4199 885 4256 innituntur
928 4201 1085 4256 noxia
1112 4212 1217 4260 est.

518 4462 684 4520 Vsus.
714 4464 769 4520 7.
798 4483 817 4517 ι
851 4464 1003 4532 Quod
1029 4465 1073 4520 si
1105 4466 1304 4532 dicitis,
1333 4465 1391 4522 ln
1436 4468 1662 4523 Domino
1693 4466 1800 4523 Deo
1831 4479 2013 4525 nostro
2049 4473 2091 4529 D

397 4596 405 4608 .
448 4558 808 4618 conﬁdimus:
857 4574 1034 4614 annon
1072 4559 1187 4629 ipse
1219 4568 1322 4626 est,
1363 4561 1517 4630 cujus
1552 4561 1764 4618 excelsa
1798 4564 2013 4618 sustulit

452 4651 733 4717 Ezechias,
779 4659 833 4706 et
868 4651 1060 4706 altaria
1101 4651 1254 4719 ejus;
1291 4663 1347 4705 et
1397 4653 1535 4706 dixit
1571 4651 1723 4708 Judze
1761 4663 1816 4708 et
1859 4653 2017 4709 Jeru-

447 4741 612 4798 salem
641 4761 654 4797 :
681 4740 874 4797 Coram
907 4741 1059 4796 altari
1107 4742 1209 4796 isto
1251 4743 1518 4796 adorate?
1562 4762 1580 4794 ι
1628 4742 1745 4796 Non
1795 4743 2012 4812 ignora-

449 4835 574 4887 bant
609 4831 754 4887 enim
792 4833 1025 4900 inimici,
1057 4832 1346 4886 Ezechiam
1377 4840 1430 4885 ct
1459 4831 1550 4900 qui
1589 4847 1710 4886 cum
1740 4846 1804 4886 eo
1837 4840 2012 4896 erant,

447 4923 697 4991 precibus
735 4937 798 4976 ac
840 4923 944 4989 piis
984 4923 1327 4978 sermonibus
1359 4923 1424 4976 ad
1474 4925 1838 4992 superandum
1879 4937 2016 4991 opus

449 5017 669 5073 habere.
716 5015 841 5071 llaec
885 5016 1001 5086 ipsa
1051 5015 1391 5069 criminando
1438 5015 1564 5070 dicit
1608 5014 1711 5069 dux
1765 5015 2016 5086 Assyrio-

449 5123 590 5172 rum,
644 5107 934 5164 Ezechiam
988 5110 1139 5178 quasi
1189 5118 1510 5178 prtcsentcm
1558 5107 1879 5176 alloquens:
1929 5109 2011 5163 cui

448 5200 708 5255 Ezechias
746 5211 800 5256 et
837 5204 928 5272 qui
964 5218 1086 5257 cum
1136 5214 1201 5255 eo
1244 5211 1399 5256 erant
1441 5202 1555 5256 hare
1597 5200 1718 5270 jure
1766 5215 2017 5271 reposue-

449 5292 587 5345 rint:
627 5307 646 5342 ι
684 5291 746 5344 lli
778 5293 831 5346 in
866 5295 1142 5363 curribus,
1186 5305 1240 5350 et
1279 5295 1332 5350 hi
1383 5299 1434 5350 iu
1471 5296 1660 5365 equis;
1707 5311 1804 5352 nos
1839 5306 2016 5352 autem

449 5384 501 5436 in
551 5383 769 5438 nomine
826 5386 918 5440 Dei
961 5389 1130 5444 nostri
1170 5389 1549 5445 invocabimus
1576 5387 1642 5443 ⁵⁸.
1681 5409 1699 5441 ι

524 5563 686 5621 Vens.
718 5567 868 5622 8-H).
913 5588 930 5620 ι
969 5565 1120 5626 Nunc
1167 5575 1438 5648 adjungile
1482 5589 1577 5632 vos
1626 5575 1850 5631 Domino
1899 5588 2017 5630 meo

523 5773 565 5804 ”
595 5773 734 5831 l'sal.
775 5792 886 5842 xix,
918 5776 969 5829 8.

2118 3015 2281 3067 ναμις
2333 2996 2410 3067 τῷ
2461 2995 2780 3068 προφητικῷ
2816 2995 2892 3067 τῷ
2910 2997 3186 3067 φάσκοντι,
3224 2995 3362 3050 Τάδε
3404 2994 3550 3065 λέγει
3579 2995 3694 3048 Κύ-

2121 3104 2254 3158 ριος,
2287 3087 2381 3140 καὶ
2411 3081 2562 3150 οὗτος
2590 3087 2714 3139 ἐϐόα
2735 3104 2749 3116 ·
2796 3105 2814 3137 ι
2842 3087 2980 3140 Τάδε
3017 3087 3161 3156 λέγει
3199 3088 3225 3138 6
3259 3087 3510 3157 βασιλεὺς
3536 3089 3564 3141 ὁ
3595 3087 3694 3159 μέ-

2119 3195 2240 3249 γας,
2268 3183 2296 3233 6
2323 3179 2572 3250 βασιλεὺς
2607 3179 2925 3251 Ἀσσυρίων.
2948 3197 2966 3230 ι

2194 3291 2212 3322 ‹
2250 3271 2378 3324 Ἰδοὺ
2413 3269 2685 3332 πεποιθὼς
2735 3266 2787 3324 εἴ
2839 3271 2930 3323 ἐπὶ
2991 3271 3090 3340 τὴν
3153 3271 3347 3340 ῥάϐδον
3396 3271 3495 3342 τὴν
3519 3273 3690 3327 καλασ-

2122 3361 2280 3432 μίνην
2311 3362 2410 3432 τὴν
2441 3361 2807 3431 τεθλασμένην
2833 3361 3054 3432 ταύτην,
3086 3361 3171 3412 ἐπ’
3201 3361 3490 3428 Αἴγυπτον,
3519 3362 3593 3424 ὡς
3626 3362 3696 3415 ἂν

2118 3453 2477 3525 ὲπιστηριχθῇ
2513 3453 2652 3524 ἀνὴρ
2690 3454 2777 3505 ἐπ’
2807 3452 3011 3523 αὐτὴν,
3060 3450 3422 3506 εἰσελεύσεται
3474 3453 3555 3516 είς
3588 3454 3695 3522 τὴν

2118 3549 2275 3618 χεῖρα
2305 3545 2498 3599 αὐτοῦ·
2532 3543 2704 3608 οὕτως
2733 3543 2850 3597 ἐστὶ
2881 3541 3076 3616 Φαραὼ
3113 3543 3364 3614 βασιλεὺς
3390 3543 3692 3612 Αἰγύπτου,

2119 3639 2212 3692 καὶ
2243 3638 2442 3702 πάντες
2469 3639 2519 3691 οἱ
2548 3635 2865 3700 πεποιθότες
2902 3638 2986 3689 ἐπ’
3013 3635 3178 3707 αὐτῷ.
3203 3656 3221 3688 ι
3264 3637 3613 3708 Συκοφάντης
3637 3636 3695 3690 δὲ

2117 3728 2192 3783 ὢν
2246 3731 2274 3784 6
2326 3729 2516 3803 ἐχθρὸς
2564 3728 2958 3798 καταψεύδεται
3007 3728 3104 3783 τοῦ
3168 3730 3441 3796 Ἐζεκίου,
3495 3730 3692 3799 λέγων,

2132 3820 2259 3874 Ἰδοῦ
2295 3818 2571 3884 πεποιθὼς
2599 3815 2649 3874 εῐ
2679 3821 2764 3872 ἐπ’
2801 3819 3094 3890 Αἴγυπτον,
3127 3821 3222 3874 καὶ
3249 3821 3340 3874 ἐπὶ
3366 3820 3564 3893 Φαραὼ
3591 3820 3690 3892 βα-

2121 3913 2272 3967 σιλέα
2294 3912 2665 3982 Αίγύπτου,ὃς
2690 3915 2806 3977 τοῖς·
2830 3915 3260 3986 ὲπερειδομένοις
3285 3916 3376 3984 ,ἐπ’
3405 3913 3572 3985 αὐτῷ,
3598 3914 3700 3968 καὶ

2118 4006 2474 4078 ὲπιθαρροῢσι
2526 4007 2725 4070 παντὸς
2769 4007 2978 4078 γίνεται
3027 4006 3284 4078 πολεμίου
3331 4008 3548 4079 χείρων,
3593 4008 3692 4061 οὐκ

2119 4101 2275 4166 εἰδὼς
2304 4101 2590 4172 φυλάττειν
2626 4099 2724 4165 τάς
2763 4094 3037 4172 συνθήκας
3067 4103 3177 4162 τοῖς
3211 4099 3508 4171 πρόσφυξιν
3527 4117 3540 4129 ·
3571 4098 3682 4152 ὃθεκ

2120 4194 2353 4248 ἐοικέναι
2385 4193 2548 4247 αὑτὸν
2577 4191 2756 4265 ῥάϐδῳ
2789 4191 3084 4262 καλαμίνῃ,
3113 4189 3248 4260 ὁμοῦ
3284 4190 3377 4243 καὶ
3405 4189 3467 4242 τὸ
3493 4188 3695 4260 σαθρὸν

2126 4289 2324 4361 ἐχούσῃ
2369 4290 2433 4342 ὲκ
2493 4287 2727 4358 φύσεως,
2765 4286 2944 4340 καὶτὸ
2979 4284 3238 4356 βλαϐερὸν
3269 4285 3379 4347 τοῖς
3417 4281 3690 4354 ὲπερειδςρ

2127 4379 2305 4450 μένοις
2336 4380 2492 4450 αὐτῇ.

2195 4491 2212 4520 ι
2246 4471 2305 4522 Εἰ
2326 4469 2381 4522 δὲ
2409 4469 2614 4538 λέγετε,
2659 4467 2782 4521 Ἐπὶ
2814 4465 3016 4538 Κύριον
3045 4465 3136 4519 τὸν
3168 4465 3476 4537 Θεὸνήμῶν
3499 4468 3696 4522 πεποί-

2120 4562 2322 4631 θαμενο
2378 4559 2478 4612 οὐκ
2527 4558 2689 4622 αὑτός
2742 4559 2880 4620 ἐστι,
2933 4549 2995 4610 οἵ)
3051 4558 3271 4627 ἀφεῖλεν
3337 4559 3581 4624 Ἐζεκίας
3625 4561 3697 4615 τὰ

2119 4651 2295 4723 ὑψηλὰ
2326 4650 2511 4716 αὑτοῦ,
2543 4651 2635 4704 καὶ
2667 4649 2738 4703 τὰ
2763 4648 3122 4722 θυσιαστήρια
3137 4649 3300 4703 αὐτοῦ
3319 4668 3335 4683 ο
3365 4652 3457 4704 καὶ
3473 4647 3594 4705 εἶπε
3617 4654 3698 4725 τῷ

2130 4743 2298 4816 Ἰούδᾳ
2336 4744 2430 4796 καὶ
2475 4746 2540 4814 τῇ
2608 4743 2996 4814 Ἰερουσαλήμ·
3053 4741 3211 4795 Κατὰ
3260 4743 3554 4814 πρόσωπον
3595 4745 3698 4799 τοῦ

2122 4831 2500 4904 θυσιαστηρίου
2521 4832 2709 4886 τούτου
2734 4833 3143 4904 προσκυνήσατε
3166 4848 3180 4894 ;
3205 4851 3221 4882 ι
3251 4832 3324 4885 Ού
3342 4831 3447 4903 γάρ
3465 4831 3699 4900 ἠγνόουι⁸

2121 4929 2168 4980 oi
2215 4925 2478 4996 πολέμιοι,
2532 4925 2612 4977 ὅτι
2654 4925 2719 4977 δι’
2753 4923 2926 4995 εὐχῶν
2971 4927 3193 4995 κρατεῖν
3246 4923 3340 4976 καὶ
3381 4922 3468 4975 διὰ
3521 4922 3698 4991 λόγων

2121 5017 2384 5072 Θεοσεϐῶν
2407 5018 2486 5070 δεῖ
2513 5019 2603 5071 τὸν
2639 5016 2882 5080 Ἐζεκίαν
2909 5016 3002 5069 καὶ
3031 5015 3157 5080 τοὺς
3178 5017 3276 5068 σὺν
3306 5014 3471 5086 αύτῷ.
3507 5015 3697 5070 Ταῦτα

2120 5112 2257 5166 αὐτά
2303 5110 2574 5164 διαϐάλλει
2606 5113 2635 5164 6
2665 5109 2757 5162 τοῦ
2805 5107 3090 5179 Ἀσσυρίου
3143 5107 3464 5178 στρατηγὸς,
3519 5107 3699 5176 λέγων

2122 5205 2196 5268 ὡς
2247 5205 2380 5275 πρὸς
2417 5203 2661 5274 παρόντα
2707 5196 2796 5254 τὸν
2843 5201 3120 5266 Ἐζεκίαν*
3156 5198 3292 5270 πρὸς
3328 5197 3387 5250 ὃν
3434 5198 3500 5251 ἂν
3542 5193 3699 5252 εἶπεν

2136 5297 2380 5361 Ἐζεκίας
2410 5297 2503 5350 καὶ
2541 5296 2591 5349 οἱ
2641 5294 2738 5348 σὺν
2766 5292 2942 5365 αὐτῷ·
2985 5311 3004 5344 t
3030 5287 3188 5346 Οὗτοι
3226 5291 3284 5342 ὲν
3333 5291 3564 5361 ἅρμασι,
3601 5293 3698 5345 καὶ

2125 5384 2269 5444 οὗτοι
2295 5392 2353 5444 ὲν
2378 5391 2564 5453 ἵπποις
2584 5406 2596 5418 ·
2633 5391 2792 5460 ἡμεῖς
2817 5389 2875 5443 δὲ
2909 5389 2968 5441 ὲν
2993 5386 3217 5456 ὀνόματι
3242 5383 3336 5438 τοῦ
3365 5385 3502 5440 Θεοῦ
3535 5386 3697 5458 ἡμῶν

2128 5481 2578 5553 ἐπικαλεσὸμεθα.
2613 5501 2629 5532 ι
3077 5530 3082 5538 ,

2204 5594 2219 5627 ι
2251 5575 2363 5628 Νῦν
2399 5573 2622 5645 μίχθητε
2658 5573 2734 5645 τῷ
2778 5571 2965 5642 Κυρίῳ
2999 5588 3098 5641 μου
3132 5570 3209 5643 τῷ
3256 5571 3461 5643 βασιλεί
3505 5571 3688 5625 ’Δσσυο
