4072 6194
291 305 393 362 διε

1172 271 1672 345 ausumausus
1714 282 1778 336 IN
1820 279 2073 337 lSAlA-M.
2116 309 2182 324 .-
2218 275 2370 332 οΑΡ.
2412 271 2652 328 xxxvr.

3424 256 3530 313 546

294 422 450 494 ρίων,
484 416 583 470 καλ
615 411 768 466 δώσω
810 373 934 478 ὑμῖν
966 405 1228 476 δισχιλίαν
1262 402 1466 466 ἵππων,
1496 402 1543 454 εί
1577 397 1871 470 δυνήσεσθε

1989 396 2083 463 regi
2121 391 2486 464 Assyriorum,
2533 396 2588 439 et
2632 384 2774 439 dabo
2819 379 2972 433 vobis
3013 377 3120 430 duo
3156 372 3319 428 millia
3367 387 3532 440 equo-

2173 485 2184 494 '
2297 491 2305 494 λ
2382 480 2439 494 ⁸-⁸
2521 479 2626 494 ’θνα
2666 486 2902 494 Αι--Α--ι-
2942 484 3124 494 nam...“
3179 464 3236 494 It‘.
3273 464 3532 494 η..,ι.,.,,,ιη

293 514 489 568 δοῦναι
521 507 782 568 ἀναϐάτας
812 504 897 556 ἐπ’
931 499 1146 563 αὐτούς.
1178 497 1289 552 Καὶ
1321 495 1439 557 πῶς
1475 491 1702 546 δύνασθε
1737 491 1871 544 ἀπο-

304 603 542 676 στρέψαι
573 602 648 662 είς
676 597 962 669 πρόσωπον
991 593 1099 646 τῶν
1129 586 1447 660 τοπαρχῶν;
1485 585 1703 638 Οἱκέται
1735 581 1872 634 εἰσὶν

307 701 363 752 oi
391 694 695 755 πεποιθότες
724 690 807 741 ἐπ’
837 687 1188 756 Αἰγυπτίους.
1221 678 1331 736 Kal.
1357 679 1453 733 νῦν
1495 677 1568 748 μὴ
1604 677 1730 729 ἀνευ
1760 677 1874 728 Κυ-

318 792 433 863 ρίου
467 786 721 855 ἀνέϐῃμεν
757 782 850 833 ἐπὶ
892 780 991 850 τὴν
1029 776 1212 848 χώραν
1250 772 1487 844 satis-qv;
1523 768 1726 840 Κύριος
1755 763 1871 818 εἶπε

474 881 536 952 μέ
555 897 567 908 ·
605 875 860 946 ’Λνάϐηθι
895 873 988 927 ἐπὶ
1007 871 1104 942 τὴν
1126 870 1230 940 γῆν
1254 862 1476 937 ταύτην,
1508 863 1599 917 καὶ
1630 860 1872 930 διάφθει-

318 950 404 1047 ρον
450 950 630 1040 αὐτήν.
660 989 677 1019 i
717 969 927 1037 Δεῖγμα
970 963 1046 1029 δὲ,
1094 961 1278 1032 φησὶν,
1331 957 1556 1028 ἐναργὲς
1599 953 1694 1007 τοῦ
1734 950 1874 1020 κατά

310 1064 622 1135 πρόσταγμα
669 1057 810 1111 Θεοῦ
857 1056 1030 1110 ταῦτα
1077 1050 1428 1122 γεγενῆσθαι,
1471 1049 1532 1102 τὸ
1555 1047 1652 1118 τὴν
1692 1045 1874 1116 Σαμά-

299 1174 444 1228 ρειαν
474 1155 615 1206 ἑλεῖν
646 1152 742 1206 καὶ
771 1149 949 1203 πάντα
969 1148 1058 1200 τὸν
1099 1143 1309 1216 Ἰσραὴλ
1333 1143 1638 1210 ἀπαγαγεῖν
1669 1137 1870 1208 αἰχμά-

293 1247 478 1301 λωτον.
533 1245 626 1307 Ὠς
677 1242 790 1314 γὰρ
829 1241 1068 1302 ἐκείνους
1100 1237 1359 1304 ἀδελφοὺς
1389 1235 1547 1297 ὄντας
1578 1230 1875 1302 ὑμετέρους

288 1333 453 1402 εἷλον,
495 1338 599 1391 οὐκ
632 1337 808 1398 ἄλλως
851 1333 882 1404 ἢ
921 1331 1016 1386 τοῦ
1047 1330 1180 1384 Θεοῦ
1223 1328 1564 1399 βουλομένου,
1593 1325 1683 1378 τὸν
1715 1323 1875 1377 αὑτὸν

286 1433 487 1506 τρόπον
523 1429 694 1482 αἱ)τοῦ
729 1427 954 1497 νεύματι
983 1425 1076 1478 καὶ
1099 1423 1243 1494 ὑμᾶς
1273 1420 1542 1492 λήψομαι.
1577 1417 1700 1471 Εἴτε
1731 1417 1788 1470 δὲ
1813 1417 1877 1469 ἐκ

286 1525 383 1579 τοῦ
413 1525 628 1584 εἰκότος
650 1521 826 1573 ταῦτα
858 1519 1062 1587 ἔφασκε
1097 1514 1488 1586 στοχαζόμενος
1513 1511 1575 1564 τὸ
1605 1526 1876 1581 κεκρατη-

291 1618 457 1671 κέναι
507 1615 604 1668 τοῦ
652 1611 1082 1684 χρηματίζοντος
1132 1607 1260 1660 λαοῦ
1294 1606 1384 1660 τοῦ
1432 1603 1590 1670 Θεοῦ,
1623 1601 1765 1668 λέγω
1812 1599 1878 1670 δὴ

293 1710 395 1764 τοῦ
442 1707 695 1779 ἰσραὴλο
732 1705 840 1758 είτε
862 1704 956 1757 καὶ
988 1700 1200 1773 ἀληθῶς
1235 1698 1450 1770 ᾔσθετο,
1485 1694 1615 1749 Θεοῦ
1635 1692 1871 1747 ὑποϐάλ-

297 1801 494 1860 λοντος
524 1795 684 1850 αὑτοῦ
714 1798 819 1858 τοῖς
851 1794 1131 1864 λογισμοῖς
1162 1794 1228 1862 τῇ
1260 1789 1366 1843 τῶν
1408 1787 1673 1841 Ἰουδαίων
1711 1783 1870 1836 ὲπελυ

307 1888 428 1941 θεῖν
462 1885 634 1956 χώρᾳ,
660 1884 739 1938 διὰ
769 1884 864 1948 τὰς
918 1879 1312 1953 πεπραγμένας
1343 1879 1526 1940 αὐτοῖς
1557 1874 1752 1938 κακίας
1784 1876 1876 1927 καὶ

315 1998 395 2034 πα
401 1978 674 2051 ρανομίας.

397 2112 416 2143 σ
442 2094 548 2145 Καὶ
599 2091 714 2143 εἷπε
773 2088 910 2160 πρὸς
947 2086 1108 2140 αὐτὸν
1154 2083 1456 2153 Ἐλιακείμ,
1506 2081 1599 2143 καί
1644 2080 1876 2150 Σομνᾶς,

315 2185 408 2238 καὶ
448 2184 627 2253 Ἰωάχ·
661 2181 909 2252 Λάλησον
941 2182 1076 2250 πρὸς
1106 2179 1232 2240 τοὺς
1265 2176 1458 2238 παῖδάς
1492 2191 1586 2226 σου
1620 2171 1875 2244 Συριστί·

304 2276 576 2346 ἀκούομεν
605 2274 716 2345 γὰρ
745 2275 938 2344 ἡμεῖς·
981 2271 1074 2324 καὶ
1109 2268 1182 2340 μὴ
1215 2267 1364 2322 λάλει
1397 2267 1530 2336 πρὸς
1561 2265 1708 2336 ἡμᾶς
1747 2263 1879 2315 Ἰου-

297 2369 496 2423 δαῖστί.
533 2368 643 2421 Καὶ
675 2366 762 2419 ἵνα
795 2365 848 2417 τί
877 2364 1057 2426 λαλεῖς
1089 2365 1168 2424 εἰς
1199 2361 1266 2414 τά
1295 2357 1408 2414 ὦτα
1435 2358 1542 2411 τῶν
1581 2356 1880 2428 ἀνθρώπων

297 2463 394 2513 ἐπὶ
416 2459 496 2531 τῷ
522 2458 729 2530 τείχει;
757 2478 775 2508 ι
811 2456 1086 2527 Τηρητέον
1114 2456 1191 2518 δὲ,
1218 2455 1291 2518 ὡς
1331 2454 1423 2507 καὶ
1448 2452 1556 2506 τῶν
1584 2453 1641 2504 ὲν
1669 2450 1880 2512 τούτοις

304 2551 728 2623 ὀνομαζομένων
767 2547 994 2620 ἀνδρῶν,
1045 2547 1186 2615 λέγω
1217 2545 1280 2616 δὴ
1326 2544 1418 2598 τοῦ
1478 2541 1760 2612 Ἐλιακείμ
1787 2541 1881 2592 καὶ

298 2644 395 2697 τού
427 2643 631 2713 Sami.
657 2641 752 2694 καὶ
794 2639 881 2692 διὰ
909 2637 1014 2691 τῶν
1053 2636 1359 2709 ἔμπροσθεν
1398 2634 1617 2706 μνήμην
1649 2634 1884 2686 ἐποιεῖτο

299 2740 332 2790 ὁ
359 2736 645 2807 προφήτης
664 2735 723 2786 έν
743 2731 821 2802 τῷ
845 2734 1048 2804 ῥήματι
1072 2731 1170 2800 τῆς
1197 2730 1477 2800 φάραγγος
1503 2725 1658 2780 Σιών.
1697 2725 1887 2791 Ἀναγ-

302 2829 440 2882 καία
487 2828 546 2881 δέ
595 2828 740 2880 ἐστιν
787 2828 820 2897 ἡ
874 2825 1194 2895 ὲπιτήρησις
1236 2823 1314 2885 εἰς
1358 2821 1420 2874 τὸ
1471 2817 1776 2889 ἐφαρμόσαι
1818 2817 1883 2886 τῇ

309 2919 650 2993 προκειμένῃ
697 2916 906 2989 ἱστορίᾳ
956 2915 1080 2978 τοὺς
1131 2917 1188 2967 ἐν
1238 2913 1419 2984 ἐκείνῃ
1458 2914 1525 2982 τῇ
1581 2905 1888 2981 προφητείᾳ

310 3012 649 3084 φερομένους
717 3009 925 3078 λόγους.
967 3009 1104 3062 Φασὶ
1147 3007 1202 3060 δὲ
1254 3005 1440 3068 παῖδες
1497 3001 1759 3074 Ἐϐραίων
1797 2998 1888 3052 τὸν

308 3106 524 3175 Σομνᾶν
543 3101 730 3156 τοῦτον
754 3099 1118 3171 αὐτομολῆσαι
1152 3097 1287 3170 πρὸς
1307 3097 1398 3150 τὸν
1429 3093 1708 3165 Ἀσσύριον
1736 3091 1890 3145 ὓστε-

312 3213 430 3265 ρον,
458 3194 637 3261 δεξιάν
670 3191 820 3264 αὐτῷ
853 3194 949 3246 σὺν
989 3193 1196 3262 ἑτέροις
1239 3188 1505 3242 δεδωκότα
1555 3186 1642 3240 διὰ
1685 3184 1777 3238 τὸν
1827 3183 1886 3250 ἐξ

310 3285 481 3339 αὑτοῦ
516 3285 713 3355 φόϐον·
753 3284 847 3338 καὶ
893 3284 1080 3337 τούτου
1112 3282 1268 3354 χάριν
1302 3281 1391 3334 διὰ
1436 3279 1544 3333 τῶν
1580 3275 1890 3350 ἔμπροσθεν

283 3377 804 3452 ,προφητευθέντων
838 3377 964 3447 περὶ
1001 3376 1164 3429 αὐτοῦ
1198 3374 1468 3427 λέλεκται.

391 3488 411 3521 ι
435 3468 548 3522 Καὶ
575 3461 697 3519 εἶπε
731 3466 866 3537 πρὸς
898 3465 1092 3528 αύτοῦς
1134 3463 1476 3532 Ῥαϐσάκης·
1511 3459 1602 3530 Μὴ
1633 3457 1768 3528 πρὸς
1799 3456 1890 3510 τὸν

319 3559 510 3630 κύριον
544 3558 719 3628 ὑμῶν,
754 3558 787 3628 ἢ
828 3557 964 3628 πρὸς
1019 3557 1163 3627 ὑμᾶς
1195 3552 1502 3608 ἀπέσταλκε
1543 3569 1607 3623 με
1639 3553 1666 3604 ὁ
1701 3548 1891 3621 κύριός

322 3667 448 3718 μου,
481 3647 708 3720 λαλῆσαι
742 3647 867 3710 τοὺς
896 3647 1084 3715 λόγους
1126 3644 1380 3706 τούτους;
1421 3642 1554 3712 Οὐχὶ
1584 3640 1721 3711 πρὸς
1763 3639 1891 3700 τοὺς

316 3739 640 3810 ἀνθρώπους
677 3738 802 3800 τοὺς
835 3736 1176 3806 καθημένους
1208 3733 1300 3785 ἐπὶ
1329 3731 1408 3802 τῷ
1443 3731 1631 3801 τείχει,
1666 3729 1752 3781 ἵνα
1787 3727 1890 3797 φά-

318 3847 459 3897 γωσι
487 3830 711 3900 κόπρον,
741 3828 834 3882 καὶ
861 3828 1054 3880 πίωσιν
1077 3821 1237 3896 οὖρον
1266 3824 1382 3895 μεθ’
1414 3821 1568 3893 ὑμῶν
1601 3821 1715 3891 ἆμα
1739 3837 1753 3884 ;
1783 3818 1894 3871 Καὶ

321 3920 456 3991 ἔστη
495 3921 826 3990 Ῥαϐσάκης,
873 3920 967 3972 καὶ
999 3918 1256 3987 ἀνεϐόησε
1303 3918 1452 3986 φωνῇ
1506 3912 1716 3985 μεγάλῃ
1759 3912 1893 3964 Ἰου-

317 4011 499 4065 δαῖστὶ
539 4013 632 4064 καὶ
663 4006 848 4063 εἶπεν·
895 4009 1185 4061 Ἀκούσατε
1217 4005 1341 4069 τοὺς
1375 4003 1564 4072 λόγους
1597 4001 1690 4054 τοῦ
1741 3999 1893 4069 βασι-

318 4107 463 4170 λέως
493 4105 585 4158 τοῦ
622 4105 875 4175 μεγάλου,
915 4103 1174 4174 βασιλέως
1220 4098 1535 4168 Ἀσσυρίων.
1573 4095 1711 4148 Τάδε
1748 4092 1895 4159 λέγει

321 4202 349 4252 ὁ
382 4198 667 4270 βασιλεύςο
709 4198 799 4268 Μὴ
830 4197 1090 4250 ἀπατάτω
1123 4196 1264 4265 ὑμᾶς
1303 4190 1548 4254 Ἐζεκίας
1593 4187 1796 4256 λόγοις’
1834 4185 1894 4237 ού

320 4293 549 4362 δύνηται
581 4290 845 4363 ῥύσασθαι
883 4290 1046 4358 ὑμᾶς.
1082 4287 1192 4341 Καὶ
1248 4285 1322 4357 μὴ
1352 4282 1554 4351 λεγέτω
1585 4281 1712 4351 ὑμῖν
1749 4277 1898 4342 Ἐζε-

325 4386 476 4447 κίας,
511 4384 594 4436 ὅτι
625 4385 845 4454 ῥύσεται
879 4383 1019 4452 ὑμᾶς
1047 4380 1075 4432 ὁ
1101 4379 1252 4442 Θεὸς,
1293 4377 1386 4431 καὶ
1421 4377 1481 4429 ού
1516 4375 1588 4447 μὴ
1620 4372 1896 4444 παραδοθῇ

1973 503 2114 549 l’llltl,
2143 485 2186 539 si
2221 480 2472 552 poteritis
2501 479 2632 530 dare
2662 486 2904 530 sessores
2939 484 3148 523 eorum.
3179 464 3243 518 Et
3271 464 3536 532 quomodo

1972 577 2204 648 potestis
2239 585 2389 628 stare
2425 573 2478 624 in
2527 573 2820 637 conspectu
2869 554 3298 628 toparcharum?
3346 553 3536 606 Dome-

1971 647 2091 725 stici
2136 675 2292 730 sunt,
2341 663 2430 734 qui
2495 657 2765 729 Egyptiis
2817 652 3117 708 conlidunt.
3166 647 3228 700 Et
3285 659 3426 698 nunc
3471 658 3538 692 an

1972 766 2177 828 absque
2220 758 2444 811 Domino
2484 749 2826 806 ascendimus
2881 745 2933 798 iu
2989 752 3190 795 terram
3227 735 3404 791 hanc?
3442 733 3542 786 Do-

1977 855 2154 908 uiinus
2187 850 2325 904 dixit
2355 845 2482 901 mihi
2520 862 2533 898 :
2571 840 2821 896 Ascende
2851 836 2904 890 in
2939 843 3134 887 terram
3163 829 3321 891 hanc,
3353 836 3407 878 et
3435 825 3544 876 dis-

1973 945 2136 1016 perde
2167 957 2308 998 eam.
2340 959 2360 992 ›
2400 939 2812 1006 Argumentum,
2843 926 3040 996 inquit,
3061 920 3406 977 manifestum
3441 925 3543 976 cst,

1973 1008 2087 1092 hate
2125 1035 2276 1105 jussu
2309 1030 2403 1087 Dei
2443 1037 2664 1099 peracta
2705 1023 2893 1083 fuisse,
2928 1015 3070 1082 quod
3111 1014 3200 1069 ille
3240 1008 3541 1066 Samariam

1975 1123 2387 1198 eXpugnaverit,
2419 1131 2472 1174 et
2502 1119 2811 1171 universum
2844 1108 3097 1166 lsraelem
3142 1105 3411 1174 captivum
3443 1099 3539 1154 ah—

1975 1216 2208 1272 duxerit.
2247 1205 2711 1279 Quemadmodum
2747 1201 2892 1256 enim
2921 1212 3044 1262 eos,
3085 1194 3176 1264 qui
3218 1192 3414 1246 fratres
3455 1201 3547 1241 ve-

1975 1313 2073 1365 stri
2115 1315 2272 1370 sunt,
2315 1298 2611 1357 nonaliter
2665 1308 2826 1365 quam
2863 1292 2974 1346 Deo
3012 1288 3248 1352 volente,
3295 1282 3432 1353 cepi,
3472 1281 3543 1333 ita

1974 1412 2032 1457 ct
2059 1402 2175 1468 ejus
2227 1406 2358 1453 nutu
2399 1407 2496 1447 vos
2531 1389 2762 1457 capiam.
2804 1385 2929 1439 Haec
2959 1396 3122 1453 porro
3159 1379 3273 1435 sive
3316 1392 3382 1431 ex
3433 1372 3544 1427 veri

1977 1491 2331 1549 similitudine
2367 1485 2601 1548 dicebat,
2654 1481 2780 1536 hinc
2816 1477 3130 1546 conjectura
3171 1473 3362 1534 ducta,
3407 1466 3550 1537 quod

1977 1602 2139 1649 eum,
2178 1583 2272 1653 qui
2322 1579 2550 1650 populus
2595 1575 2688 1630 Dei
2723 1571 3051 1632 vocabatur,
3096 1565 3347 1622 Israelern
3393 1561 3550 1625 dico,

1977 1684 2382 1746 expugnasset;
2426 1672 2543 1726 sive
2589 1667 2732 1737 quod
2778 1679 2964 1718 revera
3000 1660 3255 1721 sentiret,
3296 1674 3324 1710 a
3363 1656 3552 1710 Denso

1910 1757 1950 1810 Β
1981 1771 2046 1825 ad
2087 1769 2392 1824 Judazorum
2446 1773 2645 1818 terram
2708 1754 3067 1842 iyadcndam
3111 1750 3366 1805 immissis
3411 1747 3556 1816 cogi-

1982 1861 2279 1918 tationibus
2323 1854 2605 1926 instigari,
2642 1853 2712 1906 ob
2749 1838 2894 1904 iiiala
2938 1855 2994 1902 et
3043 1843 3252 1900 scelera
3305 1841 3373 1894 ab
3423 1838 3554 1908 ipsis

1980 1962 2308 2024 perpetrata.

2049 2045 2214 2100 Vsus.
2247 2043 2335 2096 Η.
2367 2060 2384 2092 ι
2426 2039 2493 2094 Ει
2536 2037 2675 2092 dixit
2718 2036 2767 2090 ei
2805 2030 3029 2087 Eliacitn
3053 2067 3070 2094 ,
3103 2035 3159 2082 et
3185 2025 3412 2080 Somnas
3437 2064 3450 2086 ,
3501 2031 3555 2076 et

1978 2139 2182 2196 Joach:
2213 2137 2461 2206 Loquere
2491 2132 2556 2187 ad
2599 2142 2791 2206 servos
2831 2136 2952 2180 tuos
2997 2120 3258 2193 Syriace:
3303 2116 3553 2170 audimus

1980 2235 2124 2290 enim
2155 2247 2284 2287 nos:
2329 2241 2381 2284 et
2414 2242 2480 2282 ne
2523 2203 2742 2293 loquere
2788 2219 2855 2273 ad
2892 2231 2992 2272 nos
3031 2212 3270 2268 Judaice.
3331 2206 3396 2261 Et
3424 2203 3553 2275 quid

1982 2325 2222 2398 loqueris
2259 2324 2314 2378 ia
2348 2335 2509 2376 aures
2546 2315 2863 2378 hominum,
2913 2307 3002 2379 qui
3049 2311 3198 2361 stant
3244 2312 3408 2370 supra
3437 2312 3556 2352 niu-

1985 2420 2140 2476 rum?
2176 2437 2195 2470 ›
2225 2414 2532 2470 Notandum
2561 2418 2665 2470 est,
2689 2406 2778 2460 hic
2805 2406 3225 2458 momentorum
3252 2391 3554 2451 hominum,

1985 2513 2238 2569 videlicet
2285 2506 2509 2563 Eliacim
2560 2511 2616 2556 et
2661 2499 2897 2561 Sumam,
2943 2492 3108 2547 etiam
3158 2487 3212 2542 in
3262 2481 3566 2555 praemissis

1987 2602 2319 2659 mentionem
2363 2612 2391 2650 a
2426 2578 2690 2665 pmphela
2724 2587 2920 2641 factam
2958 2595 3098 2646 esse,
3144 2592 3268 2634 cum
3314 2575 3379 2630 de
3423 2573 3559 2625 valle

1987 2697 2116 2751 Sion
2148 2706 2328 2748 sermo
2357 2690 2672 2744 haberetur.
2718 2679 2820 2734 Hic
2869 2689 3032 2748 porro
3072 2687 3135 2727 ea
3178 2665 3560 2725 observatione

1986 2795 2073 2846 cst
2107 2797 2263 2854 opus,
2295 2789 2352 2835 ut
2395 2777 2521 2832 huic
2555 2771 2818 2836 historiaz,
2841 2765 3139 2840 prophetia:
3175 2762 3321 2816 illius
3360 2774 3563 2813 sermo-

1989 2893 2089 2934 nes
2112 2851 2454 2944 adaptemus.
2484 2869 2652 2923 Aiunt
2674 2875 2858 2919 autem
2880 2857 3112 2922 Hebrazi,
3134 2856 3275 2911 hunc
3302 2851 3558 2907 Somnum

1989 2971 2056 3026 ad
2090 2967 2369 3039 Assyrium
2409 2970 2598 3032 postea
2631 2955 3008 3026 transfugisse,
3034 2967 3096 3006 ac
3137 2964 3259 3005 cum
3297 2945 3417 2999 aliis
3457 2943 3558 3011 ipsi

1992 3062 2268 3118 dexteram
2327 3052 2657 3118 contulisse,
2711 3049 2829 3120 ejus
2883 3044 3176 3102 formidine
3215 3047 3558 3110 permotum:

1990 3164 2153 3225 atque
2186 3151 2306 3206 ideo
2359 3164 2457 3213 ea,
2500 3161 2621 3216 qua:
2670 3143 2924 3213 superius
2971 3139 3027 3194 in
3078 3133 3359 3208 prophetia
3402 3129 3568 3184 conti-

1993 3257 2210 3312 nentur,
2242 3244 2309 3300 de
2352 3243 2442 3298 illo
2479 3239 2621 3296 dicta
2656 3238 2845 3293 fuisse.

2062 3428 2228 3482 \‘sns.
2265 3425 2452 3480 12-20.
2493 3441 2512 3474 ι
2552 3421 2618 3475 Et
2644 3419 2780 3474 dixit
2823 3415 2888 3471 ad
2921 3429 3015 3468 eos
3065 3411 3386 3466 Babsaces:
3428 3401 3566 3457 Num

1994 3525 2060 3578 ad
2091 3519 2366 3576 dominum
2400 3527 2661 3575 vestrum,
2703 3518 2798 3564 aut
2836 3508 2903 3562 ad
2942 3519 3038 3560 vos
3093 3502 3242 3556 misit
3286 3515 3369 3553 Ine
3402 3495 3570 3552 domi-

1994 3629 2094 3669 nus
2134 3627 2319 3676 meus,
2381 3616 2438 3660 ut
2503 3606 2692 3673 loquar
2738 3611 3022 3656 sermones
3067 3593 3236 3649 istos?
3265 3590 3456 3645 Nonne
3500 3590 3566 3642 ad

1994 3707 2241 3764 homines
2272 3702 2363 3772 qui
2421 3700 2612 3756 sedent
2643 3710 2807 3765 supra
2853 3704 3104 3753 murum,
3161 3695 3220 3740 ut
3282 3682 3570 3736 comedant

1995 3809 2225 3863 stercus,
2261 3803 2318 3851 et
2351 3793 2541 3850 bibant
2580 3789 2792 3844 urinam
2828 3785 3111 3839 vobiscum
3141 3775 3336 3834 simul?
3368 3775 3430 3828 Et
3466 3783 3570 3828 ste-

1998 3890 2399 3952 tit.Rabsaces,
2454 3894 2509 3942 et
2578 3880 2834 3939 clamavit
2888 3891 3018 3932 voce
3069 3887 3263 3944 magna
3315 3868 3566 3931 Judaice,

1995 3994 2052 4040 ct
2080 3985 2252 4038 dixit:
2291 3981 2488 4035 Audite
2533 3989 2818 4033 sermones
2855 3971 3001 4042 regis
3041 3966 3253 4038 magni,
3298 3963 3440 4032 regis
3470 3963 3570 4015 As—

1996 4077 2288 4148 syriorum.
2324 4073 2450 4128 Haec
2482 4072 2615 4127 dicit
2645 4085 2737 4124 rex
2765 4086 2778 4122 :
2810 4065 2888 4126 Ne
2914 4079 3011 4119 vos
3049 4059 3278 4129 decipiat
3311 4054 3571 4112 Ezechias

1997 4145 2178 4225 verbis
2204 4187 2217 4223 :
2264 4182 2372 4222 non
2416 4163 2618 4235 poterit
2647 4161 2878 4216 liberare
2903 4171 3020 4212 vos.
3051 4154 3119 4209 Et
3152 4166 3221 4208 ne
3246 4150 3392 4206 dicat
3422 4145 3575 4200 vobis

2001 4261 2266 4318 Ezechias
2289 4300 2304 4327 ,
2340 4258 2468 4328 quia
2517 4253 2772 4310 liberabit
2807 4265 2902 4306 vos
2941 4249 3106 4311 Deus,
3151 4255 3207 4300 et
3232 4251 3573 4310 nequaquam

2000 4355 2245 4410 tradetur
2285 4351 2479 4406 civitas
2508 4348 2622 4404 haec
2652 4347 2703 4400 in
2749 4360 2968 4400 manum
3020 4340 3162 4411 regis
3203 4333 3573 4404 Assyriorum.

328 4425 476 4447 num
513 4425 594 4436 νη
625 4425 845 4454 ειη-συι-
884 4425 1019 4452 -ι-ντ
1050 4425 1072 4432 ν
1108 4425 1252 4442 vus.
1426 4425 1476 4429 η
1516 4425 1588 4447 τη.
1651 4425 1713 4444 γρ.
1744 4425 1788 4426 η
1844 4425 1888 4444 κ..

324 4481 361 4549 ή
381 4478 537 4540 πόλις
562 4476 698 4548 αὕτη
729 4479 787 4529 ὲν
820 4477 961 4547 χειρὶ
983 4473 1245 4545 βασιλέως
1260 4469 1576 4542 Ἀσσυρίων.
1593 4466 1682 4538 Μὴ
1709 4465 1888 4519 ἀκούε·

2002 4447 2175 4503 Nolite
2201 4444 2492 4501 Ezechiam
2519 4440 2728 4496 audire.
2756 4438 2882 4493 llzec
2907 4435 3039 4491 dicit
3065 4447 3159 4486 rex
3189 4425 3571 4498 Assyriorum:

2006 4541 2058 4549 -.
2169 4539 2182 4549 .
2212 4539 2224 4549 .
2293 4536 2307 4549 .
2455 4536 2487 4549 ..
2529 4534 2539 4546 .
2609 4547 2618 4549 _
2964 4527 3027 4549 λη,
3072 4537 3159 4549 ,Μ
3225 4529 3274 4549 Δ,
3311 4515 3571 4549 mman

324 4591 387 4628 τε
456 4569 716 4634 Ἐζεκίου.
747 4567 882 4620 Τάδε
938 4567 1084 4634 λέγει
1118 4566 1146 4616 ὁ
1179 4564 1428 4634 βασιλεὺς
1471 4561 1767 4634 Ἀσσυρίων
1789 4579 1801 4590 ’
1835 4561 1897 4614 Εἰ

329 4662 588 4736 βούλεσθε
641 4659 1020 4729 εὐλογηθῆναι,
1067 4655 1427 4726 ὲκπορεύεσθε
1494 4655 1627 4725 πρὸς
1673 4653 1764 4724 μὲ,
1806 4652 1901 4706 καὶ

330 4755 572 4828 φάγεσθε
598 4754 827 4814 ἕκαστος
853 4749 950 4820 τὴν
983 4747 1222 4818 ἄμπελον
1255 4746 1418 4800 αὑτοῦ
1451 4746 1543 4799 καὶ
1573 4745 1669 4808 τὰς
1709 4745 1899 4808 συκᾶς,

331 4849 429 4902 καὶ
458 4844 645 4899 πίεσθε
678 4843 821 4912 ὕδωρ
847 4843 911 4893 ὲκ
939 4838 1032 4892 τοῦ
1065 4837 1266 4890 λάκκου
1299 4837 1478 4906 ὑμῶν·
1513 4836 1616 4898 ἓως
1651 4835 1716 4889 ἂν
1741 4834 1898 4898 ἔλθω,

330 4941 426 4996 καὶ
453 4938 604 4992 λάϐω
655 4936 800 5007 ὑμᾶς
844 4935 924 4998 είς
967 4933 1094 5001 γῆν,
1125 4932 1199 4996 ὡς
1232 4932 1264 5002 ἡ
1294 4932 1364 5000 γῆ
1400 4929 1573 5000 ὑμῶν,
1607 4928 1678 4998 γῆ
1731 4927 1900 4992 σίτου,

332 5031 428 5084 καί
465 5028 609 5082 οἴνου
641 5025 732 5078 καὶ
760 5023 962 5094 ἄρτων,
989 5022 1085 5074 καὶ
1122 5018 1474 5091 ἀμπελώνων.
1509 5019 1599 5088 Μὴ
1645 5017 1905 5070 ἀπατάτω

331 5121 479 5192 ὑμᾶς
521 5117 789 5182 Ἐζεκίας,
837 5114 1039 5183 λέγων’
1082 5114 1138 5166 '0
1176 5113 1306 5176 Θεὸς
1349 5111 1568 5184 ῥύσεται
1614 5110 1779 5180 ἡμᾶς.
1815 5109 1905 5180 Μὴ

334 5210 636 5282 ἐρρύσαντο
674 5209 725 5260 oi
769 5205 882 5259 θεοὶ
913 5204 1021 5257 τῶν
1054 5203 1256 5267 ἐθνῶν,
1293 5204 1523 5265 ἕκαστος
1585 5201 1683 5272 τὴν
1713 5200 1905 5253 ἑαυτοῦ

334 5301 519 5374 χώραν
553 5302 617 5353 ὲκ
658 5299 836 5370 χειρὸς
881 5295 1142 5368 βασιλέως
1186 5295 1521 5366 ’Δσσυρίων;
1554 5292 1665 5346 Ποῦ
1708 5293 1852 5345 ἐστιν
1881 5294 1908 5345 ὁ

332 5394 458 5456 θεὸς
509 5391 705 5461 Ἐμάθ,
754 5391 848 5442 καὶ
888 5387 1130 5459 Ἀρφάθς
1179 5386 1275 5440 καὶ
1307 5384 1409 5439 ποῦ
1447 5389 1475 5440 ὁ
1510 5384 1644 5449 Θεὸς
1681 5385 1779 5455 τῆς
1808 5383 1907 5436 πό-

332 5487 474 5550 λεως
520 5483 928 5553 Ἐκφαρουαῖμς
976 5479 1068 5550 Μὴ
1112 5479 1362 5534 ἐδύναντο
1411 5477 1674 5549 ῥύσασθαι
1721 5477 1907 5546 Σαμά-

340 5595 493 5647 ρειαν
517 5580 584 5631 ὲκ
615 5575 795 5647 χειρός
829 5591 965 5645 μου;
993 5593 1009 5625 ι
1036 5572 1202 5626 Οὐδὲν
1230 5571 1508 5642 διαφέρειν
1549 5569 1782 5639 νομίζων
1819 5569 1911 5619 τὸν

336 5671 397 5723 ἐν
421 5671 491 5740 τῇ
532 5665 886 5738 Ἰερουσαλὴμ
921 5663 1228 5735 τιμώμενον
1257 5663 1362 5715 τῶν
1399 5661 1546 5732 παρὰ
1579 5663 1690 5723 τοῖς
1735 5658 1911 5721 ἄλλοις

336 5759 521 5814 ἔθνεσι
547 5755 972 5826 πεπλανημένως
1001 5754 1138 5809 θεῶν
1160 5752 1708 5824 νομιζομένων.“ι(ατ’
1732 5749 1909 5818 ὀλίγον

2003 4541 2059 4597 Si
2095 4539 2258 4595 vultis
2293 4534 2568 4597 benedici,
2597 4530 2918 4602 egredimini
2962 4527 3028 4582 ad
3072 4537 3182 4588 me,
3223 4529 3280 4574 et
3310 4515 3574 4573 comedite

2001 4631 2372 4700 urmsquisque
2396 4629 2608 4682 vineam
2635 4640 2788 4680 suam
2837 4632 2894 4677 et
2921 4621 3082 4682 licus,
3105 4624 3160 4670 et
3185 4613 3352 4669 bibite
3377 4624 3571 4679 aquam

2003 4743 2070 4783 ex
2103 4726 2224 4781 lacu
2263 4732 2484 4787 vestro;
2521 4720 2693 4775 donec
2737 4717 2949 4773 veniam
2980 4721 3036 4768 et
3084 4722 3356 4764 assumam
3398 4719 3493 4758 vos
3522 4703 3573 4756 in

2007 4829 2232 4881 terram,
2262 4831 2382 4886 quas
2421 4822 2506 4869 est
2553 4821 2810 4882 tanquam
2847 4818 2991 4863 terra
3031 4813 3240 4868 vestra,
3283 4809 3429 4855 terra
3469 4797 3576 4850 fru-

2006 4915 2192 4977 menti,
2221 4923 2276 4969 ct
2320 4909 2465 4973 vini,
2507 4917 2562 4962 et
2613 4921 2833 4975 panum,
2889 4913 2944 4956 et
2985 4901 3285 4953 vinearum.
3324 4893 3402 4948 Ne
3441 4890 3577 4944 deci-

2007 5009 2119 5075 piat
2155 5022 2250 5059 vos
2269 5003 2531 5075 Ezechias
2567 5000 2790 5054 dicens:
2827 4995 2968 5049 Deus
2994 4991 3249 5047 liberabit
3286 5003 3402 5043 nos.
3436 4985 3573 5042 Nunt

2010 5072 2307 5154 liberarunt
2329 5097 2400 5153 dii
2430 5072 2692 5166 gentium,
2723 5089 3095 5157 unusquisque
3124 5083 3396 5153 regionem
3422 5093 3575 5131 suam

2007 5195 2073 5249 de
2107 5207 2266 5246 manu
2298 5189 2439 5256 regis
2481 5184 2866 5256 Assyriorum?
2907 5181 3004 5236 Ubi
3060 5188 3141 5233 est
3179 5179 3310 5229 deus
3351 5172 3574 5237 Emath,

2008 5295 2061 5340 et
2090 5281 2377 5354 Arphath?
2409 5287 2463 5334 et
2505 5277 2594 5333 ubi
2621 5277 2763 5332 Deus
2795 5273 3034 5330 civitatis
3069 5265 3465 5339 Ecpharvaim?
3493 5266 3574 5319 An

2010 5385 2300 5448 pctucrunt
2335 5373 2546 5442 eripere
2587 5367 2890 5423 Samariam
2927 5367 2996 5419 de
3041 5379 3200 5418 manu
3248 5360 3401 5414 mea?
3432 5377 3451 5410 ι
3495 5355 3580 5410 Ni-

2016 5471 2086 5526 hil
2126 5468 2340 5524 diﬂerre
2383 5473 2578 5534 putans
2624 5461 2786 5513 lleum
2823 5456 3202 5526 Hierosolyma:
3248 5452 3476 5511 cultum,
3510 5449 3579 5503 ab

2017 5564 2105 5628 iis,
2137 5562 2228 5632 qui
2263 5558 2404 5628 apud
2428 5564 2654 5609 caeteras
2686 5565 2876 5604 errore
2909 5550 3100 5603 ductas
3129 5553 3316 5615 gentes
3353 5541 3426 5595 dii
3463 5554 3581 5593 esse

2014 5654 2489 5710 existimabantur.
2520 5644 2799 5701 Gradatim
2828 5657 2990 5714 porro
3016 5642 3280 5696 barbarus
3310 5636 3398 5690 ille
3425 5649 3578 5689 suam

2018 5748 2127 5803 Deo
2166 5743 2440 5800 inimicam
2475 5739 2706 5810 linguam
2740 5737 3031 5804 instruxit;
3065 5749 3126 5789 ac
3153 5731 3327 5803 primo
3358 5728 3576 5799 quidem
