4072 6194
469 254 574 309 3H
1194 242 1459 316 EUSEBll
1499 240 1980 306 CxESARIENSIS
2013 240 2162 302 ΟΡΡ.
2196 240 2374 296 PARS
2413 239 2503 296 lil.
2537 269 2607 280 —
2646 233 3058 303 EXEGETICA.
3597 233 3708 300 διε

474 370 740 422 adversus
765 371 1015 424 sanctum
1041 359 1215 424 virum
1243 360 1498 415 mentitus
1525 367 1630 420 est,
1649 374 1772 411 eum
1805 356 2037 427 Egypto

2159 357 2192 409 ῐὲ
2218 356 2248 407 6
2280 355 2550 427 βάρϐαρος
2585 355 2683 425 τὴν
2713 350 2980 424 θεομάχον
3032 347 3296 414 ἐξώπλισε
3333 346 3604 416 γλῷσσαν·
3645 348 3707 402 τὸ

475 461 643 514 fidere
675 457 970 518 dictitans;
1004 452 1202 507 deinde
1242 451 1360 519 eius
1393 451 1797 504 adhortationes
1832 451 2041 504 solvere

2159 450 2240 502 ιὲν
2283 447 2497 519 πρῶτον
2531 446 2626 499 τοῦ
2674 446 2828 514 ἀγίου
2869 440 3355 513 καταψευδόμενος,
3399 440 3493 499 καὶ
3538 439 3706 508 λέγων

473 563 525 606 et
566 548 850 618 confutare
899 553 1126 600 conatus
1173 555 1277 610 est,
1328 544 1482 612 queis
1539 542 1932 598 multitudinem
1977 543 2042 596 ad

2159 539 2299 597 ιύτόν
2332 537 2645 592 πεποιθέναι
2673 538 2759 590 ἐπ’
2799 535 3100 604 Αἴγυπτονο
3138 527 3257 587 εἶτα
3289 530 3582 618 ἐπιχειρῶν
3608 529 3710 618 τὰς

476 641 724 695 liduciam
771 615 833 701 in
870 637 980 690 Deo
1030 619 1330 706 ponendam
1393 635 1692 698 invitabat,
1745 636 1886 690 vires
1927 635 2045 703 ejus

2159 628 2491 701 παραινέσεις
2519 625 2682 681 αὑτοῦ
2709 624 2943 677 διαλύειν
2981 621 3080 685 τὰς
3109 621 3201 675 ἐπὶ
3243 617 3361 689 Θεῷ
3390 613 3713 670 πεποιθέναι

479 736 763 795 traducens
795 746 858 784 ac
888 738 1262 796 contemnens,
1295 729 1440 797 quod
1491 729 1733 799 equitatu
1770 743 1874 781 non
1908 727 2048 782 vale-

2159 723 2202 775 :6
2228 720 2432 792 πλῆθος
2461 714 3004 788 παρασκευαζούσας,
3034 713 3132 784 τὴν
3157 712 3380 782 δύναμιν
3403 706 3570 763 αὑτοῦ
3602 705 3715 758 δια-

480 837 594 888 ret;
625 833 813 894 postea
843 837 901 877 se
937 822 1046 876 Deo
1069 796 1653 890 jubenteiascendisse
1679 818 1912 884 dicebat,
1941 835 2047 888 quo

2159 813 2354 874 Βάλλων
2385 809 2474 870 διὰ
2504 805 2598 862 τοῦ
2631 807 2706 880 μὴ
2732 804 3034 876 κτήσασθαι
3063 799 3402 874 κατασκευὴν
3438 796 3673 894 ἱππικην
3699 811 3713 824 ’

479 885 760 985 populum,
791 923 850 969 ut
881 931 910 968 a
951 885 1389 982 Deovproditum,
1420 912 1902 982 perterrefaceret;
1948 885 2049 967 sub

2159 899 2266 959 εἶτα
2295 900 2431 972 μετά
2458 898 2551 974 τοῦ
2580 895 2714 970 Θεοῦ
2755 893 3020 964 ἀναϐῆναι
3046 891 3238 966 λέγων,
3269 891 3344 953 ὡς
3381 888 3447 942 ἂν
3471 885 3719 959 δειλιάσῃ

484 1009 598 1061 haec
649 1006 1141 1077 pollicitationibus
1187 1006 1586 1061 lructuosarum
1637 1006 1951 1069 vinearum,
1999 1013 2053 1060 et

482 1099 709 1154 aliorum
741 1113 862 1168 quae
909 1099 1045 1152 bona
1096 1097 1434 1150 mstimantur
1458 1134 1473 1159 ,
1520 1104 1604 1150 est
1641 1110 1804 1159 usus;
1837 1096 2052 1150 demum

484 1191 598 1244 hzee
641 1191 746 1244 sibi
779 1189 990 1244 inutilia
1015 1204 1136 1243 esse
1165 1187 1624 1253 animadverteris,
1663 1189 2052 1243 exsecrandam

486 1283 722 1351 linguam
760 1281 958 1351 aperit,
1004 1295 1110 1350 qua
1147 1279 1340 1350 impias
1379 1279 1604 1350 protulit
1632 1294 1810 1336 voces.
1855 1281 2050 1334 Verum

485 1374 780 1442 impietatis
817 1388 1006 1444 poenas
1043 1371 1215 1436 dedit,
1258 1361 1389 1426 eum
1420 1372 1596 1442 angeli
1643 1388 1803 1427 manu
1853 1373 2058 1429 exerci-

489 1474 573 1518 tus
598 1463 714 1530 ejus
745 1463 990 1518 funditus
1030 1463 1240 1518 deletus
1272 1474 1373 1520 est.

558 1555 721 1610 Vens.
760 1555 852 1619 21,
879 1555 968 1608 9-2.
1011 1574 1028 1606 ι
1060 1556 1124 1609 Et
1155 1565 1473 1623 tacuerunt,
1501 1565 1558 1612 et
1585 1573 1746 1614 nemo
1779 1559 2058 1630 respondit

486 1647 535 1698 ei
583 1646 844 1710 verbum,
881 1647 1023 1715 quod
1075 1647 1439 1716 prohibuisset
1488 1665 1616 1713 rex,
1655 1665 1722 1704 ne
1769 1653 2051 1720 quisquam

2147 994 2208 1047 τὸ
2239 991 2439 1061 πλῆθος
2469 990 2545 1050 ὡς
2591 986 2847 1060 προδοθὲν
2873 985 2982 1039 ἀπὸ
3014 982 3148 1053 Θεοῦ
3167 1000 3181 1012 °
3214 978 3332 1035 εἶτα
3364 977 3718 1047 ἐπαγγελίαις

2151 1083 2400 1156 χρηστῶν
2425 1079 2781 1154 ἀμπελώνων,
2809 1079 2904 1132 κε.ιὶ⁹
2933 1076 3040 1131 τῶν
3068 1075 3240 1138 ἀλλων
3285 1071 3583 1130 δοκούντων
3621 1087 3718 1124 κα-

2150 1179 2287 1232 λῶν⁸
2321 1172 2440 1232 εἶτα
2470 1173 2624 1236 εἰδὼς
2655 1172 2832 1244 πάντα
2876 1167 3042 1224 αὐτοῦ
3084 1167 3153 1228 τά
3192 1163 3413 1234 τοιαῦτα
3442 1164 3722 1235 ᾴπρακτα,

2151 1270 2250 1341 τὴν
2284 1266 2484 1340 μιαρὰν
2528 1264 2692 1324 αὑτοῦ
2730 1263 2935 1331 ἀνοίγει
2965 1260 3231 1330 γλῶτταν,
3258 1257 3510 1330 ἀσεϐείας
3541 1256 3724 1323 ἀφιεὶς

2153 1363 2356 1433 φωνάς.
2384 1359 2522 1413 Ἀλλ’
2553 1358 2797 1431 ὲκτέτικε
2825 1356 2980 1418 δίκας
3010 1355 3112 1424 τῆς
3167 1351 3441 1418 ἀσεϐείας,
3486 1347 3722 1421 ἀγγέλου

2153 1453 2490 1526 πανστρατιᾷ
2521 1448 2906 1520 δαπανώμενος
2939 1446 3102 1520 χειρί.

2230 1566 2248 1598 ι
2278 1545 2386 1614 καὶ
2409 1543 2742 1615 ἐσιώπησαν,
2765 1541 2858 1594 καὶ
2881 1539 3055 1600 οὐδεὶς
3077 1534 3347 1606 ἀπεκρίθη
3374 1530 3522 1603 αύτῷ
3543 1531 3723 1600 λόγον,

2155 1638 2242 1692 διά
2274 1638 2334 1691 τὸ
2372 1635 2671 1708 προστάξαι
2711 1633 2802 1696 τόν
2848 1629 3070 1702 βασιλέα
3109 1628 3310 1699 μηδένα
3339 1623 3723 1696 ἀποκριθῆναι.

490 1737 592 1806 ipsi
646 1739 1019 1807 responderet.
1077 1715 1145 1794 Et
1192 1741 1465 1807 ingressus
1517 1751 1600 1795 est
1647 1715 1867 1795 Eliac-im
1913 1715 2055 1798 lilius

2159 1731 2265 1784 Καὶ
2295 1727 2537 1799 εἰσῆλθεν
2577 1725 2856 1794 Ἐλιακείμ
2881 1725 2908 1777 6
2931 1722 3024 1775 τοῦ
3050 1719 3278 1792 Χελκίου
3304 1716 3602 1787 οἰκονόμος,
3633 1715 3729 1772 καὶ

487 1826 721 1882 Chelcia:
754 1842 1104 1893 (economus,
1145 1834 1198 1883 et
1251 1828 1480 1884 Somuas
1525 1831 1705 1886 scriba
1746 1832 2052 1897 exercitus,

488 1929 544 1971 ct
573 1916 742 1972 Joach
776 1919 920 1974 illius
951 1921 1132 1989 Asapli
1155 1935 1184 1974 a
1213 1923 1620 1977 commentariis
1647 1926 1713 1976 ad
1742 1923 2056 1990 Ezechiam,

492 2013 681 2068 scissis
716 2013 934 2078 tunicis,
969 2022 1026 2068 et
1058 2015 1507 2069 renuntiaverunt
1530 2016 1580 2069 ei
1604 2029 1880 2070 sermones
1912 2016 2056 2072 itab-

2157 1822 2368 1892 Σομνᾶς
2417 1823 2445 1872 6
2482 1817 2842 1891 γραμματεὺς
2885 1816 2984 1884 τῆς
3029 1813 3329 1883 δυνάμεως,
3365 1811 3458 1864 καὶ
3500 1809 3658 1879 Ἰωάχ
3698 1809 3730 1872 6

2155 1911 2249 1965 τοῦ
2318 1910 2487 1978 Ἀσάφ
2539 1908 2567 1961 6
2619 1903 3186 1976 ύπομνηματογράφος
3251 1899 3386 1971 πρὸς
3455 1896 3726 1968 Ἐζεκίαν,

2157 1999 2466 2072 ὲσχισμένοι
2488 1998 2613 2060 τοὺς
2638 1996 2890 2066 χιτῶνας,
2937 1993 3029 2046 καλ⁸
3059 1988 3393 2061 ἀπήγγειλαν
3433 1985 3582 2056 αύτῷ
3603 1986 3731 2050 τοὺς

490 2107 656 2160 sacis.
700 2125 721 2157 ι
763 2105 878 2160 Non
920 2106 1178 2159 convenit
1226 2107 1371 2160 enim
1407 2106 1529 2181 pio,
1573 2122 1693 2160 cum
1747 2107 2056 2174 blaspheme

2159 2093 2347 2163 λόγους
2381 2091 2705 2150 Ῥαϐσάκου.
2733 2107 2751 2138 ι
2783 2086 2934 2156 Μηδὲ
2956 2083 3064 2155 γάρ
3091 2083 3355 2154 προσήκει
3394 2080 3485 2133 τὸν
3529 2077 3733 2181 εύσεϐᾕ

494 2195 714 2249 lion-ine
753 2193 1016 2264 colloqui,
1046 2210 1116 2250 ne
1143 2195 1189 2250 is
1221 2171 1538 2250 concitatus
1579 2196 1632 2248 in
1677 2195 1782 2249 alia
1816 2171 2056 2266 blasphe—

2162 2185 2462 2255 βλασφήμῳ
2495 2177 2996 2252 προσδιαλέγεσθαι,
3026 2176 3102 2239 ὼς
3125 2174 3191 2228 ἂν
3218 2174 3292 2245 μὴ
3335 2172 3628 2243 ὲρεθίζοιτο
3651 2171 3735 2235 είς

494 2301 578 2338 uno
610 2286 750 2339 dicta
789 2263 1106 2340 delabatur:
1167 2297 1380 2357 Oportet
1427 2287 1600 2342 solum
1656 2290 1904 2344 homines
1937 2263 2056 2346 iceu

2161 2278 2354 2348 ἐτέρας
2385 2275 2668 2328 ἐκπίπτειν
2708 2269 3084 2340 βλασφημίαςο
3129 2268 3288 2338 μόνον
3318 2265 3374 2318 δὲ
3419 2263 3739 2346 πεφράχθαι

492 2377 660 2432 armis
687 2378 1009 2447 quibusdam
1048 2380 1414 2435 commonitos
1439 2396 1584 2446 esse,
1611 2396 1678 2436 ac
1711 2381 1929 2437 silentio
1960 2400 2056 2437 un-

2159 2369 2237 2422 δεῖ
2269 2369 2452 2439 ὥσπερ
2497 2366 2636 2419 τισὶν
2666 2364 2869 2427 ὅπλοις,
2904 2361 2998 2416 καὶ
3031 2359 3364 2432 πανταχόθεν
3401 2357 3738 2442 ὴσφαλίσθαι

462 2461 655 2538 'dique
689 2485 808 2525 sese
846 2478 1057 2540 tegere,
1091 2486 1250 2526 veros
1286 2473 1427 2541 apud
1466 2487 1525 2527 se
1560 2488 1842 2530 sermones
1880 2475 2056 2530 occul-

2160 2466 2224 2535 τῇ
2274 2465 2471 2534 σιωπῇ,
2523 2460 2859 2532 κρύπτοντας
2901 2459 2963 2514 ὲν
2999 2458 3208 2520 ἑαυτοῖς
3236 2457 3362 2518 τοὺς
3391 2455 3607 2525 ἀληθεῖς
3645 2452 3739 2506 λό-

497 2570 692 2626 tantes.
728 2578 792 2617 ac
822 2562 918 2617 Dei
953 2572 1144 2618 contra
1186 2562 1532 2633 blasphemas
1567 2563 1833 2633 judicium
1864 2581 2056 2636 exspe-

2161 2571 2291 2622 γους
2308 2596 2323 2621 ,
2347 2552 2736 2624 περιμένοντας
2756 2549 2810 2602 δὲ
2833 2549 2930 2620 τὴν
2957 2551 3020 2602 ἐκ
3035 2547 3169 2601 Θεοῦ
3193 2546 3335 2600 κατά
3359 2547 3468 2600 τῶν
3494 2545 3740 2637 βλασφήῖ

493 2664 726 2710 rtantes.
770 2654 904 2710 Cum
951 2656 1067 2710 hzec
1095 2655 1242 2725 iussa
1296 2671 1392 2710 rex
1438 2657 1731 2725 prudenter
1785 2658 2056 2728 dedisset,

2164 2663 2280 2718 μων
2334 2645 2534 2715 κρίσιν.
2584 2642 2772 2695 Ταῦτα
2813 2639 3276 2713 παραγγείλαντος
3320 2638 3413 2692 τού
3469 2636 3738 2708 βασιλέως

495 2747 678 2814 populi
739 2747 978 2816 praefecti
1039 2749 1352 2803 mandatum
1406 2747 1525 2817 ejus
1575 2751 2056 2819 exsequebantur:

2161 2739 2559 2810 ἐπιστημόνως,
2583 2738 2643 2791 τὸ
2669 2735 3007 2809 προσταχθὲν
3043 2733 3260 2788 ἐποίουν
3289 2733 3337 2786 οἱ
3369 2731 3462 2785 τοῦ
3497 2729 3736 2800 πλήθους

494 2840 636 2904 quod
710 2839 834 2894 item
909 2843 1270 2910 praestandum
1333 2843 1491 2898 nobis
1543 2852 1627 2898 est
1673 2845 2056 2913 persecutionis

2163 2827 2532 2901 προεστῶτες·
2568 2826 2596 2880 ὃ
2639 2826 2704 2899 δὴ
2747 2828 2841 2880 καὶ
2885 2829 3014 2899 ἡμῖν
3048 2823 3298 2895 ποιητέον
3330 2823 3476 2876 ἐστὶν
3519 2821 3576 2875 ὲν
3613 2837 3737 2874 και-

496 2939 755 3000 tempore,
789 2947 995 2987 necnon
1021 2933 1073 2987 in
1095 2936 1471 2990 communibus
1507 2936 1795 3007 impiisque
1821 2937 2056 3009 blasphe-

2167 2923 2278 2994 ροῖς
2313 2919 2587 2999 διωγμῶν,
2631 2918 2665 2992 ἢ
2709 2919 2767 2973 ὲν
2807 2921 3013 2984 κοιναῖς
3054 2917 3147 2972 καὶ
3176 2915 3354 2980 ἀθέοις
3402 2913 3738 2985 βλασφήμων

498 3037 708 3075 morum
747 3023 1056 3094 colloquiis.

2163 3009 2450 3076 διαλέξεσι.

1007 3116 1236 3173 CAPUT
1278 3118 1542 3176 XXXVII.
2670 3120 3065 3174 ΚΕΦΑΛΛΙΟΝ
3092 3117 3215 3172 AZ'.

569 3205 729 3262 Vsus.
765 3207 817 3262 l.
863 3226 884 3260 ι
926 3208 990 3264 Ει
1023 3209 1224 3264 factum
1259 3222 1344 3266 est
1382 3228 1504 3267 cum
1539 3216 1755 3271 audiret
1790 3231 1882 3272 rex
1923 3217 2056 3275 Eze-

2239 3235 2258 3266 ι
2286 3215 2396 3269 Καὶ
2419 3214 2634 3282 ἐγένετο
2657 3215 2715 3268 ὲν
2738 3212 2816 3284 τῷ
2840 3212 3070 3265 ἀκοῦσαι
3094 3211 3184 3264 τὸν
3213 3210 3434 3280 βασιλέα
3463 3206 3735 3274 Ἐζεκίαν,

495 3299 898 3363 cliias,.scidit
955 3302 1294 3367 vestimenta,
1361 3311 1414 3358 et
1455 3319 1671 3360 saccum
1729 3309 1902 3363 induit
1948 3326 1964 3363 :
2011 3319 2056 3364 el

2163 3306 2345 3375 ἔσχισε
2385 3305 2455 3358 τὰ
2505 3305 2714 3375 ἱμάτια,
2747 3305 2841 3357 καὶ
2871 3302 3222 3374 περιεϐάλετο
3250 3303 3477 3355 σάκκον·
3523 3302 3618 3355 καὶ
3640 3302 3740 3355 άν-

497 3391 739 3447 ascendit
777 3395 828 3447 in
863 3394 1076 3448 domum
1139 3395 1369 3450 Domini.
1423 3415 1442 3450 ι
1480 3397 1687 3452 Praeter
1747 3400 1851 3453 alia
1906 3401 2056 3473 igitur

2163 3397 2261 3465 έϐη
2290 3397 2368 3458 είς
2398 3395 2488 3448 τὸν
2523 3391 2669 3450 οἷκον
2707 3393 2931 3464 Κυρίου.
2955 3412 2973 3443 ι
3018 3391 3162 3466 Πρὸς
3188 3393 3298 3455 τοῖς
3330 3391 3517 3454 ἄλλοις
3553 3391 3739 3445 τοίνυν

499 3483 740 3539 Bacchis:
783 3488 946 3556 proba
987 3486 1265 3554 facinora,
1300 3489 1516 3547 virtutis
1557 3493 1910 3561 exercitium,
1951 3510 2056 3551 ma-

2164 3486 2547 3558 κατορθώμασι
2594 3485 2688 3539 τοῦ
2742 3483 3004 3548 Ἐζεκίου,
3039 3485 3344 3555 γυμνασίαν
3393 3483 3593 3554 ἀρετῆς
3641 3484 3744 3540 καὶ

491 3577 736 3648 jorisque
768 3579 1046 3648 religionis
1090 3590 1492 3651 argumentum,
1547 3585 1656 3638 Deo
1704 3597 2056 3654 procurante,

2165 3580 2412 3643 πλείονος
2459 3578 2765 3642 θεοσεϐείας
2796 3577 3015 3641 ἔνδειξιν
3051 3580 3307 3647 παρεῖχεν
3341 3577 3369 3629 6
3418 3576 3549 3638 Θεὸς
3586 3576 3740 3645 αὐτῷ

485 3653 694 3725 ἠεοιυε
739 3670 827 3726 ille
867 3681 988 3728 est:
1034 3673 1125 3741 qui
1156 3673 1347 3728 bellico
1377 3673 1595 3744 quidem
1629 3653 1919 3744 apparatu,
1957 3692 2056 3745 quo

2163 3672 2249 3728 διά
2275 3675 2374 3743 τῆς
2393 3671 2527 3743 πρὸς
2543 3671 2632 3724 τὸν
2653 3669 2907 3741 πολέμιον
2931 3669 3304 3742 παρατάξεως,
3323 3663 3429 3741 ἕνῇ
3451 3667 3737 3738 διέλαμψε,

497 3763 585 3818 ille
612 3766 940 3833 conspicuus
967 3774 1110 3828 erat,
1144 3776 1198 3817 et
1229 3765 1480 3819 omnibus
1525 3765 1592 3819 ad
1637 3765 1830 3819 bellum
1880 3782 2056 3822 neces-

2165 3766 2337 3821 πάντα
2373 3763 2469 3834 μὲν
2499 3761 2878 3832 στρατηγικῶς
2904 3761 2972 3815 τά
3006 3761 3140 3833 πρὸς
3163 3761 3255 3815 τὸν
3285 3761 3514 3831 πόλεμον
3559 3777 3738 3830 παρα-

495 3854 656 3908 sariis
683 3863 739 3908 ut
762 3856 1080 3925 praeclarum
1108 3857 1294 3910 ducem
1322 3857 1566 3921 decebat,
1601 3857 1922 3925 instructus,
1957 3861 2056 3915 Dee

2163 3856 2482 3927 ταξάμενος,
2513 3855 2576 3908 τὸ
2613 3854 2669 3907 δὲ
2711 3855 2818 3906 πᾶν
2853 3853 3069 3917 ἀναθεὶς
3103 3852 3180 3923 τῷ
3227 3852 3369 3923 Θεῷ,
3397 3855 3509 3916 τοῖς
3551 3851 3610 3905 δὲ
3643 3852 3736 3904 ὑπ’

497 3954 674 4000 tamen
706 3948 885 4001 omnia
933 3949 1240 4002 commisit:
1289 3963 1350 4004 ac
1386 3949 1613 4004 subdita:
1656 3950 1762 4005 sibi
1799 3952 1940 4021 plebi
1981 3968 2056 4008 re-

2165 3950 2325 4003 αὑτὸν
2375 3947 2604 4019 πλήθεσι
2666 3946 2893 4017 θεοσεϐῆ
2951 3946 3297 4000 διδασκαλίαν
3339 3943 3734 4016 παραγγείλας.

498 4036 702 4105 ligiosze
749 4037 1011 4096 doctrinae
1055 4053 1321 4112 prmcepta
1379 4045 1621 4098 tradidit.
1670 4065 1688 4098 ι
1744 4048 1808 4100 Ει
1849 4062 2056 4103 saccum

2170 4060 2188 4092 ι
2211 4041 2320 4094 Καὶ
2350 4039 2641 4112 περιέϐαλε
2687 4040 2907 4105 σάκκον,
2935 4057 2955 4090 ι
2991 4041 3192 4109 σημεῖα
3227 4037 3454 4100 πένθους
3495 4037 3590 4090 καὶ
3638 4053 3738 4090 κα-

498 4129 689 4196 induit,
729 4148 748 4182 ι
786 4131 960 4188 luctus
997 4143 1052 4189 et
1083 4133 1388 4191 alllictiouis
1422 4139 1570 4207 signa
1616 4153 1938 4193 assumens:
1983 4151 2056 4194 att

2165 4132 2385 4196 κώσεως
2413 4132 2773 4201 ἐπαγόμενοςο
2802 4131 2976 4201 τούτῳ
2994 4131 3051 4183 δὲ
3075 4130 3152 4201 τῷ
3178 4133 3414 4200 σχήματι
3443 4129 3530 4184 διὰ
3564 4129 3738 4199 μέσης

495 4237 602 4292 que
629 4225 730 4278 hoc
763 4224 945 4278 habitu
976 4241 1005 4280 n
1044 4228 1185 4296 regia
1229 4229 1387 4283 domo
1417 4231 1482 4283 ad
1532 4231 1789 4300 templum
1825 4232 1940 4300 Dei,
1972 4248 2056 4301 per

2165 4228 2317 4298 ἀνῄει
2343 4228 2440 4296 τῆς
2483 4225 2688 4288 πόλεως
2735 4225 2844 4278 ἀπὸ
2875 4223 2982 4276 τῶν
3019 4222 3301 4292 βασιλείων
3333 4224 3495 4274 οῖκων
3523 4223 3616 4273 ἐπὶ
3643 4219 3738 4274 τὸν

501 4315 728 4370 inediam
768 4320 954 4372 urbem
993 4319 1268 4384 incedens,
1316 4338 1376 4376 se
1423 4325 1654 4379 contulit
1695 4339 1924 4396 seseque
1965 4329 2064 4380 hu-

2164 4319 2299 4374 νεὼν
2335 4318 2428 4371 τοῦ
2460 4317 2616 4381 Θεοῦ,
2647 4317 2740 4369 κα)⁵
2767 4314 3023 4370 ταπεινὸν
3045 4315 3233 4366 ἑαυτὸν
3255 4313 3332 4384 τῷ
3358 4313 3476 4384 Θεῷ
3499 4309 3740 4378 δεικνὺς,

497 4406 678 4463 miletn
721 4410 829 4464 Deo
859 4411 1086 4481 sistens,
1119 4413 1202 4468 vel
1243 4413 1359 4483 ipso
1404 4417 1592 4470 habitu
1631 4416 2056 4473 misericordiam

2164 4409 2343 4464 οἴκτου
2374 4409 2467 4463 καὶ
2492 4409 2673 4472 ἐλέους
2695 4410 2877 4478 τυχεῖν
2917 4403 3068 4476 ἠξίου
3099 4404 3175 4475 τῷ
3201 4408 3459 4475 σχήματι.

495 4496 612 4566 ejus
649 4499 991 4568 provocabat.

571 4589 727 4644 Vens.
748 4592 802 4644 2.
827 4610 844 4641 ο
867 4591 927 4644 Ει
948 4590 1092 4646 misit
1110 4591 1328 4646 Eliacim
1348 4609 1710 4658 meonomum,
1734 4605 1787 4650 et
1803 4595 2058 4651 Somnam

494 4683 753 4750 scribam,
793 4693 847 4737 et
891 4686 1133 4740 seniores
1182 4687 1534 4739 sacerdotum
1581 4686 1800 4740 indutos
1839 4689 2014 4742 saccis
2040 4729 2054 4751 ,

497 4777 564 4829 ad
601 4775 796 4830 Isaiam
834 4775 1001 4830 lilium
1033 4779 1199 4831 Amos
1231 4779 1570 4848 praphetam.
1620 4799 1637 4830 ι
1674 4779 1822 4834 Alios
1863 4785 2059 4852 quippe

495 4885 561 4924 ex
589 4869 958 4924 sacerdotibus
1014 4871 1141 4935 Dei,
1192 4871 1310 4924 loco
1359 4871 1772 4926 sacerdotalium
1831 4875 2057 4930 vestium

497 4963 669 5018 saccis
703 4962 939 5029 indutos,
981 4963 1050 5016 ad
1083 4963 1276 5018 Isaiam
1313 4967 1630 5034 prophetam
1671 4967 1859 5031 mittit,
1909 4969 2058 5025 dice-

499 5071 663 5126 reque
687 5055 860 5122 jubet,
893 5073 913 5106 ι
961 5054 1084 5110 llaec
1113 5056 1242 5110 dicit
1269 5056 1560 5124 Ezechias;
1585 5076 1603 5109 ι
1641 5072 1812 5127 neque
1832 5060 2060 5127 addidit,

499 5160 632 5198 rex:
681 5161 854 5214 neque
888 5145 1033 5200 enim
1086 5146 1348 5215 temporis
1394 5145 1632 5200 conditio
1677 5146 1728 5199 id
1765 5146 1877 5211 illi,
1924 5163 2060 5216 pra:-

497 5236 636 5290 senti
666 5238 976 5293 calamitate
1007 5237 1240 5308 dejecto,
1273 5237 1457 5292 dicere
1488 5237 1856 5311 permittebat.

573 5501 706 5559 Vsn.
733 5503 788 5565 5.
814 5505 867 5557 4.
903 5522 922 5556 ι
958 5507 1024 5559 Et
1051 5507 1306 5562 dixerunt
1338 5508 1386 5561 ei
1415 5505 1573 5562 :llmc
1594 5507 1726 5560 dicit
1761 5506 2018 5560 Ezechias
2046 5525 2056 5557 :

495 5594 624 5651 Dies
687 5597 992 5650 alllietionis
1041 5607 1095 5652 et
1133 5602 1433 5667 opprobrii,
1477 5611 1530 5654 ct
1579 5600 1972 5670 rcdargutionis
2011 5609 2065 5653 et

500 5688 595 5742 ira;
635 5689 752 5745 dies
791 5688 1088 5754 hodierna,
1145 5693 1267 5757 quia
1321 5692 1464 5744 venit
1521 5691 1674 5747 dolor
1715 5693 2063 5762 parturienti,

2238 4585 2386 4637 ιΚαὶ
2432 4583 2750 4643 ἀπέστειλεν
2819 4583 3101 4654 Ἐλιακείμ
3149 4584 3241 4636 τὸν
3293 4581 3593 4652 οἰκονόμον,
3644 4582 3741 4636 καὶ

2165 4678 2372 4747 Σομνᾶν
2413 4677 2501 4728 τὸν
2537 4677 2890 4746 γραμματέα,
2927 4676 3167 4738 καὶτοὺς
3207 4675 3602 4747 πρεσϐυτέρους
3627 4673 3743 4732 τῶν

2167 4767 2353 4839 ἱερέων
2384 4767 2878 4839 περιϐεϐλημένους
2909 4765 3164 4831 σάκκους,
3199 4765 3334 4836 πρὸς
3370 4766 3592 4818 Ἡσαΐαν
3621 4765 3742 4818 υἱὸν

2163 4859 2346 4931 ’Δμὼς
2370 4860 2460 4912 τὸν
2493 4861 2795 4931 προφήτην.
2825 4879 2843 4910 ι
2877 4859 3016 4922 Τοὺς
3039 4859 3146 4930 γάρ
3170 4860 3384 4930 ἑτέρους
3405 4859 3511 4913 τῶν
3542 4860 3740 4930 ἱερέων

2163 4954 2255 5008 τοῦ
2286 4953 2442 5014 Θεοῦ,
2475 4953 2707 5016 σάκκους
2739 4953 2859 5007 ἀντὶ
2888 4952 2994 5006 τῶν
3026 4953 3310 5024 ίερατικὼν
3333 4953 3741 5026 ἠμφιεσμένους

2166 5047 2386 5108 στολῶν,
2416 5047 2549 5117 πρὸς
2577 5046 2668 5099 τὸν
2696 5046 2977 5116 προφήτην
3011 5029 3232 5098 Ἡσαΐαν
3255 5046 3479 5116 πέμπει,
3507 5046 3740 5114 φάσκειν

2164 5138 2347 5199 αὐτοῖς
2385 5136 2784 5206 παραγγείλαςο
2826 5156 2843 5186 ι
2870 5137 3007 5190 Τάδε
3048 5137 3194 5206 λέγει
3259 5136 3537 5202 Ἐζεκίας,
3565 5156 3584 5189 ι
3639 5139 3739 5208 οὐχ

2166 5230 2195 5280 ὁ
2226 5228 2474 5298 βασιλεὺς
2527 5228 2807 5300 προσθείς·
2849 5230 2911 5282 ού
2953 5231 3062 5302 γάρ
3092 5233 3121 5284 6
3167 5230 3354 5300 καιρὸς
3397 5230 3546 5301 αύτῷ
3590 5231 3736 5284 τοῦτ’

2165 5321 2432 5391 ἐπέτρεπε
2476 5319 2672 5390 λέγειν,
2698 5322 3106 5393 ταπεινουμένῳ
3134 5322 3294 5375 ἕνεκα
3322 5322 3421 5392 τῆς
3455 5322 3738 5393 παρούσης

2169 5430 2232 5466 συ
2240 5415 2470 5485 μφορᾶς.

2235 5521 2252 5553 ι
2279 5505 2387 5556 Καὶ
2441 5499 2601 5556 εἶπαν
2633 5503 2811 5572 αὐτῷ’
2857 5504 2995 5557 Τάδε
3046 5502 3192 5571 λέγει
3239 5503 3736 5575 ἙζεκίαςοἩμέρα

2162 5595 2390 5664 θλίψεως
2434 5598 2526 5649 καὶ
2577 5595 2903 5665 ὀνειδισμοῦ,
2953 5596 3044 5648 καὶ
3085 5597 3316 5667 ὲλεγμοῦ
3364 5598 3457 5650 καὶ
3499 5597 3668 5667 ὀργῆς
3701 5599 3734 5666 ἡ

2164 5692 2399 5762 σήμερον
2432 5691 2638 5760 ἡμέρα,
2671 5691 2748 5742 ὅτι
2784 5689 2902 5758 ἥκει
2950 5690 2980 5759 ἡ
3015 5690 3139 5745 ὠδὶν
3176 5693 3236 5763 τῇ
3271 5690 3546 5762 τικτούσῃ,
3582 5691 3735 5762 ἰσχύν
