4072 6194
275 271 372 330 M9

1113 257 1614 322 CQMMENTARJA
1652 258 1718 312 IN
1760 258 2016 314 ISAIAM.
2058 288 2124 298 —
2174 257 2324 312 CAP.
2369 253 2630 326 XXXV’IQ.

3398 249 3512 307 350

270 389 325 455 δὲ
349 387 454 440 οὐκ
475 384 594 453 ἔχει
614 379 710 438 τοῦ
729 380 918 437 τεκεῖν.
947 377 1278 441 Είσακοῦσαι
1323 377 1523 449 Κύριος
1543 377 1572 428 6
1599 377 1730 439 Θεός
1757 393 1848 428 σου

1966 391 2052 432 tec
2107 375 2268 430 habet
2318 373 2464 430 vires
2512 369 2776 441 pariendi.
2824 366 3020 423 Audiat
3071 364 3325 420 Dominus
3365 365 3505 419 Deus

273 483 400 542 τοὺς
439 478 636 544 λόγους
678 472 992 554 ’ξἀϐσάκου,
1027 470 1120 534 οὒς
1141 470 1425 524 ἀπέστειλε
1449 468 1700 540 βασιλεὺς
1737 470 1852 522 Ἀσ-

280 572 515 643 συρίων,
539 565 800 628 ὀνειδίζειν
823 564 956 617 Θεὸν
989 563 1188 631 ζῶντα,
1215 563 1311 616 καὶ
1339 561 1613 625 ὀνειδίζειν
1635 560 1848 628 λόγους,

284 663 381 726 οὓς
405 663 601 732 ἢκουσε
627 656 823 727 Κύριος
843 658 873 708 δ
894 655 1029 724 Θεός
1055 673 1168 718 σου,
1200 656 1292 710 καὶ
1319 654 1555 727 δεηθήσῃ
1587 654 1723 725 πρὸς
1748 652 1854 707 Κύ-

293 757 412 828 ριόν
435 740 525 809 σου
549 753 667 822 περὶ
692 750 800 802 τῶν
824 747 1337 818 καταλελειμμένων
1357 746 1581 802 τούτων.
1611 767 1628 797 ›
1651 746 1851 800 Τούτου

293 832 451 922 χάριν
472 847 558 899 ἐπὶ
601 844 660 897 σὲ
695 841 789 895 τὸν
817 841 912 894 τοῦ
943 840 1076 894 Θεοῦ
1119 839 1402 911 ἄνθρωπον
1441 837 1852 909 ἀνεπέμψαμεν,

293 929 380 1006 διὰ
406 939 493 993 σοῦ
523 938 610 990 τὸν
655 937 748 988 σὺν
779 933 915 987 Θεὸν
962 935 1019 985 ἐν
1057 932 1233 1003 καιρῷ
1270 932 1610 1004 παραστῆσαι
1666 929 1854 1000 βοηθὸν

293 1015 415 1105 ᾖμίν
444 1026 846 1088 ἀντιϐολοῦντες
869 1043 882 1056 ·
911 1026 970 1078 ὃν
1014 1023 1129 1079 οὐδέ
1166 1022 1374 1076 ἑαυτῶν
1405 1022 1537 1076 Θεὸν
1567 1020 1857 1092 ὀνομάζειν

285 1121 591 1192 τολμῶμεν
629 1119 724 1172 σὺν
771 1117 833 1170 δὲ
877 1115 1081 1187 Κύριον
1126 1115 1220 1172 καὶ
1267 1113 1400 1170 Θεὸν
1441 1112 1687 1184 ἀκριϐῶς
1727 1112 1858 1166 ὅντα

278 1209 635 1280 ἐπιστάμεθα.
683 1207 887 1261 Τοῦτον
935 1202 1028 1260 οὖν
1060 1207 1220 1266 αὐτὸν
1252 1205 1566 1276 ἱκετεύομεν
1615 1203 1688 1274 μὴ
1743 1205 1856 1266 τοῖς

273 1302 560 1374 ἡμετέροις
582 1299 880 1368 ἐπιϐλέψαι
906 1298 1012 1368 πλη
1021 1296 1196 1368 μμελή
1203 1314 1357 1370 μασι,
1378 1296 1471 1349 καὶ
1497 1295 1570 1366 μὴ
1595 1294 1701 1347 τῶν
1721 1297 1857 1365 ἡμε-

275 1398 448 1466 τέρων
479 1399 705 1464 μνήμην
735 1392 1063 1462 ποιήσασθαι
1114 1389 1526 1460 ἁμαρτημάτων
1549 1405 1564 1417 ·
1627 1389 1745 1449 ταῖς
1798 1385 1855 1439 δὲ

274 1486 454 1549 ἀθέοις
485 1485 584 1538 τοῦ
625 1483 883 1554 πολεμίου
919 1485 1141 1552 φωναῖς,
1175 1481 1268 1534 καὶ
1309 1483 1374 1552 τῇ
1423 1478 1660 1555 τοσαύτῃ
1691 1481 1858 1550 ὑπερ-

274 1580 470 1651 ηφάνῳ
499 1578 788 1650 προσέχειν
813 1575 1118 1646 ἀλαζονείᾳ..

357 1693 377 1723 ι
403 1671 521 1725 Καὶ
543 1667 700 1740 ἦλθον
723 1669 773 1720 oi
802 1668 989 1730 παῖδες
1015 1666 1109 1720 τοῦ
1141 1664 1402 1736 βασιλέως
1454 1663 1694 1728 Ἐζεκίου
1723 1663 1860 1734 πρὸς

1957 480 2077 524 tuus
2109 469 2266 523 verba
2306 465 2566 520 Rabsacis
2592 506 2608 529 ,
2642 478 2764 532 qua:
2806 460 2952 515 misit
2987 474 3076 513 rex
3115 457 3462 529 Assyriorum
3485 492 3504 518 ,

1953 573 2011 616 ut
2043 560 2400 630 exprobraret
2434 557 2544 610 Deo
2575 553 2798 616 viventi,
2837 562 2890 607 et
2915 550 3271 620 exptobraret
3306 547 3508 614 verbis,

1953 664 2069 717 qth
2112 647 2314 706 audivit
2354 645 2610 698 Dominus
2653 643 2792 697 Deus
2837 653 2996 702 tuus,
3031 649 3087 694 et
3125 639 3512 707 deprecaberfs

1957 742 2237 796 Dominum
2271 749 2417 792 tuum
2471 752 2570 806 pro
2605 734 2881 791 derelictis
2928 733 3065 788 istis.
3105 751 3124 784 ι
3179 731 3301 785 Ideo
3349 733 3416 784 ad
3460 743 3513 786 te

1955 832 2130 888 virum
2190 829 2282 885 Dei
2337 828 2541 895 legatos
2586 826 2853 887 misimus,
2900 838 2995 893 per
3045 831 3098 878 te
3149 822 3302 875 nobis
3342 820 3512 874 Deum

1958 932 2102 976 tuum
2136 917 2434 987 adjutdrem
2483 915 2587 970 hoc
2617 923 2855 982 tempore
2898 913 3088 967 adesse
3127 912 3510 987 obsecrantes:

1957 1028 2115 1081 quem
2149 1026 2216 1064 ne
2246 1010 2458 1080 quidem
2493 1008 2658 1062 Deum
2706 1017 2952 1060 nostrum
2979 1020 3175 1060 vocare
3221 983 3510 1068 audemus;

1955 1103 2048 1157 sed
2087 1102 2251 1155 Deum
2298 1110 2352 1155 et
2387 1100 2665 1154 Dominum
2700 1108 2846 1152 tuum
2889 1112 3012 1152 esse
3044 1097 3207 1168 probe
3244 1095 3508 1150 novimus.

1959 1193 2091 1248 Huic
2120 1209 2250 1262 ergo
2283 1192 2382 1262 ipsi
2428 1191 2819 1260 supplicamus,
2867 1205 2933 1243 ne
2977 1188 3181 1242 scelera
3213 1197 3392 1241 nostra
3428 1201 3513 1239 re-

1957 1286 2187 1354 spiciat,
2229 1299 2402 1354 neque
2449 1293 2792 1352 peccatorum
2840 1290 3149 1337 nostrorum
3200 1279 3511 1333 memoriam

1960 1379 2220 1442 retineat;
2265 1376 2360 1432 sed
2407 1375 2587 1446 impiis
2635 1374 2837 1428 inimici
2880 1373 3104 1430 vocibus
3145 1380 3200 1427 et
3239 1382 3398 1427 tanta:
3427 1387 3515 1427 su-

1959 1471 2153 1539 perbia:
2185 1469 2447 1524 attendat.

2032 1645 2194 1701 Vens.
2250 1647 2367 1701 5-7.
2401 1665 2420 1697 ι
2456 1647 2518 1700 Et
2547 1655 2801 1699 venerunt
2833 1646 2981 1714 pueri
3015 1646 3157 1716 regis
3174 1645 3416 1700 Ezechiae
3452 1644 3518 1698 ad

293 1737 691 1824 ἰισαῒανξκαὶ
733 1757 882 1814 εἶπεν
939 1761 1119 1822 αὐτοῖς
1155 1758 1410 1821 Ἡσαΐας·
1449 1757 1635 1820 Οὕτως
1681 1758 1856 1826 ἐρεῖτε

1966 1740 2167 1803 lsaiam,
2209 1747 2263 1796 et
2299 1738 2432 1798 dixit
2476 1737 2582 1791 illis
2626 1737 2790 1791 Isaias
2829 1755 2844 1795 ;
2885 1737 2973 1791 Sic
3011 1737 3200 1795 dicetis
3241 1738 3307 1792 ad
3341 1739 3516 1795 dumi-

289 1857 436 1927 πρὸς
463 1855 555 1907 τὸν
599 1853 770 1924 κύριον
800 1851 954 1923 ὑμῶν
975 1869 989 1881 ο
1036 1850 1173 1905 Τάδε
1216 1850 1364 1919 λέγει
1392 1849 1616 1921 Κύριος·
1647 1847 1738 1918 Μὴ
1763 1863 1860 1917 φο·-

296 1947 474 2018 6ηθῇς
502 1946 604 1999 ἀπὸ
629 1945 729 1997 τῶν
758 1944 932 2012 λόγων
959 1935 1034 1996 ὧν
1062 1942 1319 2012 ῆκουσας,
1355 1939 1446 2004 οὓς
1477 1939 1759 1994 ὠνείδισάν
1788 1955 1856 2008 με

296 2041 347 2105 οἱ
376 2037 623 2108 πρέσϐεις
650 2036 912 2106 βασιλέως
951 2034 1268 2105 Ἀσσυρίων.
1312 2033 1440 2087 Ἰδοὺ
1469 2031 1578 2100 ἐγὼ
1610 2030 1862 2102 ἐμϐάλλω

296 2133 377 2194 εἰς
421 2130 576 2184 αὑτὸν
604 2128 834 2200 πνεῦμα,
875 2128 966 2179 καὶ
998 2123 1236 2189 ἀκούσας
1263 2123 1544 2192 ἀγγελίαν,
1580 2122 1858 2193 ἀποστρα-

296 2225 518 2293 φήσεται
549 2223 627 2283 εἰς
652 2221 754 2291 τὴν
783 2218 966 2290 χώραν
999 2215 1184 2278 αὑτοῦ,
1220 2217 1315 2270 καὶ
1346 2218 1591 2268 πεσεῖται
1619 2215 1861 2285 μαχαίρᾳ

287 2317 346 2386 ἐν
375 2318 439 2385 τῇ
491 2318 561 2384 τῇ
596 2311 784 2366 αὑτοῦ.
815 2331 832 2362 ι
889 2311 975 2373 Ὡς
1017 2310 1074 2363 δὲ
1132 2309 1292 2379 μόνον
1347 2308 1652 2376 ἐπέστησαν
1687 2306 1859 2369 αὐτοὶ,

289 2407 498 2474 φθάσας
539 2406 670 2478 τοὺς
719 2406 850 2475 παρ’
880 2401 1060 2458 αὐτῶν
1109 2400 1299 2468 λόγους
1331 2402 1360 2452 6
1402 2399 1647 2462 Ἡσαΐας,
1691 2399 1863 2461 ἀπαγ-

285 2497 494 2565 γέλλειν
515 2496 847 2566 προσέταττε
863 2494 960 2565 τὴν
987 2491 1383 2563 ἐπιφερομένην
1412 2490 1773 2561 προφητείαν·
1797 2489 1863 2541 δι’

288 2584 353 2658 ἧς
383 2588 626 2658 πνεῦμα,
656 2587 840 2656 φησὶν,
870 2583 1122 2655 ἐμϐάλλει
1162 2584 1240 2646 είς
1274 2581 1434 2635 αὐτόν
1453 2598 1467 2610 °
1499 2583 1587 2650 ὑφ’
1617 2575 1678 2634 οῦ
1706 2581 1866 2634 πνεύ-

293 2698 459 2758 ματος
491 2679 816 2750 ἀπατηθεὶς,
839 2673 1096 2747 ἐπανήξει
1122 2675 1215 2727 ἐπὶ
1236 2673 1332 2745 τὴν
1359 2673 1552 2729 ἑαυτοῦ
1581 2673 1706 2743 γῆν,
1734 2672 1866 2726 ἔνθα

295 2757 436 2847 ξίφει
477 2771 578 2840 τὴν
611 2768 755 2841 ζωὴν
791 2757 1182 2839 καταστρέψει.

366 2885 385 2916 ι
434 2867 545 2919 Καὶ
586 2849 892 2933 ἀπέστρεψε
933 2861 1260 2930 Ῥαϐσάκης,
1310 2858 1404 2912 καὶ
1464 2841 1726 2911 κατέλαϐε
1775 2856 1870 2912 τὸν

293 2955 519 3026 βασιλέα
558 2953 856 3024 Ἀσσυρίων
886 2949 1270 3022 πολιορκοῦντα
1297 2949 1523 3004 Λοϐνάν.
1556 2951 1668 3002 Καὶ
1708 2950 1869 3021 ῆκου-

293 3065 386 3100 σεν
411 3049 494 3101 ὅτι
520 3047 732 3119 ἀπῆρεν
761 3045 868 3097 ἀπὸ
911 3043 1098 3112 Λαχὶς,
1129 3043 1222 3094 καί
1269 3041 1457 3110 ἐξῆλθε
1499 3041 1748 3112 Θαρακά,
1778 3040 1871 3110 βα-

1964 1849 2090 1888 num
2123 1841 2360 1887 vestrum
2401 1846 2415 1882 :
2463 1829 2584 1883 Haec
2607 1829 2736 1882 dicit
2775 1829 3031 1884 Dominus
3067 1848 3080 1885 :
3112 1829 3186 1881 Ne
3231 1842 3436 1882 metuas
3484 1846 3513 1880 ιι

1963 1921 2322 1984 sermonibus,
2345 1934 2477 1991 quos
2497 1919 2715 1985 audisti,
2740 1932 2873 1987 quos
2899 1918 3360 1987 exprobraverunt
3381 1919 3512 1971 mihi

1965 2011 2121 2081 legati
2178 2010 2322 2079 regis
2362 2009 2722 2079 Assyriorum.
2778 2007 2916 2063 Ecce
2973 2023 3073 2079 ego
3116 2007 3399 2060 immittam
3455 2009 3509 2062 iu

1965 2120 2088 2160 eum
2133 2103 2407 2173 spiritum,
2457 2111 2511 2154 et
2551 2101 2734 2155 audito
2770 2101 2956 2154 nuntio
3007 2109 3305 2155 revertetur
3349 2101 3398 2154 in
3439 2117 3519 2156 re-

1965 2197 2182 2264 gionem
2219 2207 2394 2258 suam,
2430 2199 2485 2244 et
2525 2191 2681 2245 cadet
2718 2190 2896 2262 gladio
2928 2191 2981 2244 in
3014 2199 3152 2246 terra
3197 2205 3314 2245 sua.
3354 2211 3373 2243 ι
3416 2191 3517 2246 Ubi

1967 2291 2198 2360 primum
2233 2297 2410 2342 autem
2440 2295 2806 2349 accesserunt,
2833 2298 3132 2339 sermonem
3161 2298 3348 2338 eorum
3383 2297 3520 2352 νιε-

1970 2393 2187 2436 vertens
2214 2378 2406 2443 Isaias,
2441 2371 2654 2432 allatam
2687 2377 3022 2445 prophetiam
3065 2375 3371 2428 renuntiare
3402 2374 3520 2442 jus-

1970 2475 2076 2537 sit;
2115 2489 2220 2543 qua
2254 2473 2524 2541 spiritum,
2561 2469 2752 2538 inquit,
2787 2468 3039 2522 immittet
3077 2467 3129 2520 iu
3157 2481 3302 2529 eum,
3339 2481 3369 2519 a
3413 2480 3520 2534 quo

1970 2565 2163 2632 spiritu
2195 2563 2448 2631 deceptus
2487 2568 2787 2616 revertetur
2835 2559 2888 2613 in
2939 2568 3138 2613 terram
3179 2571 3330 2612 suam
3360 2597 3374 2622 ,
3426 2557 3518 2611 ubi

1970 2653 2145 2724 gladio
2177 2646 2342 2707 vitam
2373 2652 2541 2704 ﬁniet.

2045 2833 2205 2887 Vens.
2243 2829 2396 2887 8-16.
2434 2847 2454 2880 ι
2499 2829 2564 2883 Ει
2599 2841 2847 2882 reversus
2892 2834 2974 2880 est
3008 2824 3311 2884 Babsaces,
3350 2829 3403 2875 et
3433 2821 3527 2875 de-

1978 2922 2264 2993 prehendit
2304 2935 2482 2992 regem
2512 2919 2861 2990 Assyriorum
2902 2915 3232 2971 obsidentem
3265 2911 3521 2968 Lobnam.

1976 3017 2042 3070 Et
2068 3012 2274 3068 audivit
2297 3011 2438 3081 quod
2459 3009 2731 3078 profectus
2759 3015 2904 3061 esset
2930 3004 2994 3058 de
3019 3003 3239 3066 Lachis,
3265 3011 3320 3056 et
3350 3015 3528 3071 egres-

299 3094 380 3100 r——-
415 3094 722 3119 ν---η-πη
1307 3094 1364 3110 ..
1583 3094 1633 3112 ,ἡ
1736 3094 1788 3110 ,.

295 3140 478 3202 σιλεῦς
517 3137 788 3192 Αἰθιόπων
808 3177 824 3200 ,
861 3135 1219 3207 πολιορκῆσαι
1245 3135 1405 3188 αὐτόν
1428 3151 1443 3165 ο
1485 3135 1577 3188 καὶ
1625 3133 1862 3196 ἀκούσας

1966 3124 2057 3163 sus
2094 3115 2240 3161 esset
2287 3103 2556 3166 Tharaca,
2595 3117 2686 3154 rex
2742 3097 3094 3166 (Ethiopum,
3144 3105 3202 3149 ut
3244 3094 3519 3149 obsideret

2335 3196 2368 3207 ..
2829 3200 2862 3207 ν.
2929 3190 2988 3207 η.
3078 3188 3089 3207 ε
3200 3187 3411 3207 ____..__
3443 3202 3465 3207 _
3493 3186 3508 3207 ,

296 3230 630 3302 ἀπέστρεψε.
657 3229 768 3282 Καὶ
795 3227 1108 3280 ἀπέστειλεν
1140 3225 1402 3293 ἀγγέλους
1456 3226 1592 3295 πρὸς
1621 3225 1864 3289 Ἐζεκίαν

293 3323 500 3389 λέγων·
539 3319 722 3381 Οῦτως
745 3321 919 3389 ἐρεῖτε
960 3317 1180 3388 Ἐζεκία
1209 3317 1416 3386 βασιλεῖ
1439 3316 1536 3386 τῆς
1578 3314 1860 3377 Ἰουδαίας·

296 3415 388 3482 Μή
429 3429 487 3464 σε
516 3411 776 3464 ἀπατάτω
800 3411 828 3462 6
849 3408 980 3471 Θεός
1009 3425 1124 3470 σου,
1166 3409 1248 3474 ἐφ’
1289 3401 1333 3474 ᾧ
1361 3405 1738 3469 πέποιθας’ὲπ’
1780 3405 1868 3457 αὑ-

294 3504 396 3573 τῷ,
447 3503 617 3569 λέγων
641 3519 654 3530 ’
685 3501 760 3553 Ut)
794 3500 868 3570 μὴ
915 3497 1192 3570 παραδοθῇ
1231 3496 1586 3568 Ἰερουσαλὴμ
1626 3498 1683 3547 ἐν
1726 3495 1868 3566 χειρὶ

296 3594 564 3671 βασιλέως
620 3593 936 3662 Ἀσσυρίων.
981 3592 1052 3643 Σὺ
1096 3591 1196 3643 οὐκ
1246 3591 1483 3659 ῆκουσας
1528 3587 1564 3641 ἃ
1606 3589 1869 3656 ἐποίησαν

297 3687 541 3757 βασιλεῖς
580 3685 916 3756 Ἀσσυρίων;
953 3685 1133 3737 Πᾶσαν
1164 3683 1260 3753 τὴν
1301 3681 1404 3750 γῆν
1447 3681 1522 3743 ὡς
1562 3678 1866 3741 ἀπώλεσαν,

305 3774 402 3828 καὶ
436 3777 499 3829 σὺ
537 3773 817 3847 ρυσθήσῃ;
849 3773 940 3842 Μὴ
983 3771 1280 3843 ἐρρύσαντο
1310 3769 1505 3832 αὐτοὺς
1549 3769 1596 3820 οἱ
1628 3767 1738 3820 θεοὶ
1763 3765 1868 3819 τῶν

300 3866 491 3926 ἐθνῶν,
522 3863 616 3927 οῦς
641 3863 920 3917 ἀπώλεσαν
948 3863 996 3913 οἱ
1024 3861 1257 3932 πατέρες
1293 3877 1412 3930 μου,
1441 3861 1541 3928 τήν
1569 3876 1627 3912 τε
1659 3856 1868 3920 Γωζὰν,

300 3959 396 4010 καὶ
425 3955 670 4026 Κάρραν,
705 3955 798 4007 καὶ
840 3952 1056 4021 Ῥαφὲθ,
1097 3949 1156 4004 αῖ
1191 3951 1327 4003 εἰσιν
1369 3951 1426 4001 ἐν
1473 3946 1627 4018 χώρᾳ
1646 3947 1866 4018 Θεμάθ;

298 4048 413 4101 Ποῦ
466 4051 575 4100 εἰσι
602 4046 836 4116 βασιλεῖς
873 4044 1041 4115 Ἐμάθ
1065 4061 1080 4110 ;
1105 4042 1197 4096 καὶ
1221 4041 1323 4102 ποῦ
1360 4039 1599 4114 Ἀρφάθ;
1646 4041 1736 4092 καὶ
1768 4037 1869 4092 ποῦ

303 4137 510 4198 πόλεως
543 4134 934 4206 Ἐπφαρουαῖμ,
971 4132 1336 4210 Ἀναγουγάνα
1364 4129 1509 4199 (61);
1544 4129 1653 4182 Kal.
1684 4129 1871 4182 ἔλαϐεν

313 4225 561 4290 Ἐζεκίας
588 4225 648 4277 τὸ
679 4224 878 4294 βιϐλίον
913 4223 1062 4293 ποιρά
1092 4222 1200 4274 τῶν
1229 4219 1473 4288 ἀγγέλων
1496 4259 1510 4278 ,
1543 4218 1635 4271 καὶ
1665 4218 1874 4287 ἀνέγνω

298 4317 455 4378 αὐτὸ,
484 4315 578 4367 καὶ
604 4315 768 4383 ἀνέϐη
805 4315 884 4376 είς
921 4308 1068 4365 οἶκον
1098 4310 1325 4382 Κυρίου,
1355 4309 1447 4361 καὶ
1485 4309 1692 4374 ἦνοιξεν
1740 4308 1871 4362 αὐτὸ

300 4399 543 4471 ἐναντίον
570 4405 795 4476 Κυρίου.
831 4406 938 4458 Καὶ
965 4402 1305 4475 προσηύξατο
1336 4399 1579 4464 Ἐζεκίας
1601 4399 1735 4470 πρὸς
1762 4399 1871 4451 Κύ-

301 4516 420 4574 ριον
444 4498 645 4562 λέγων·
683 4496 883 4566 Κύριος
911 4480 1154 4558 Σαϐαὼθ,
1183 4497 1211 4547 6
1239 4494 1370 4556 Θεὸς
1412 4491 1686 4563 Ἰσραὴλ,ό
1705 4492 1870 4563 καθή-

300 4581 464 4658 μενος
497 4589 586 4639 ἐπὶ
617 4587 723 4639 τῶν
758 4585 1036 4657 χερουϐίμ.
1065 4605 1082 4636 ι
1133 4586 1190 4636 Ὀ
1214 4584 1270 4636 δέ
1301 4601 1366 4650 γε
1408 4581 1653 4647 Ἐζεκίας
1683 4581 1869 4651 ὥσπερ

299 4681 394 4733 καὶ
422 4680 678 4748 πρότερον
703 4677 925 4729 ἔσπευδε
948 4677 1043 4728 καὶ
1072 4675 1166 4728 νῦν
1191 4676 1281 4727 ἐπὶ
1307 4676 1398 4726 τὸν
1417 4671 1564 4726 οἷκον
1587 4673 1681 4725 τοῦ
1705 4671 1861 4736 Θεοῦ,

297 4773 396 4826 καὶ
429 4753 595 4840 αὐτῷ’
620 4771 763 4840 μόνῳ
797 4770 894 4839 τὴν
927 4767 1208 4837 ἐπιστολὴν
1240 4767 1445 4818 ἐδείκνυ
1476 4766 1554 4836 τῷ
1579 4764 1713 4834 Θεῷ.
1753 4760 1864 4817 Εἶτ’

295 4863 510 4931 ἐπῆγεν
549 4863 843 4933 ἱκετηρίαν,
877 4861 965 4913 διὰ
1001 4853 1306 4934 προσευχῆς
1341 4857 1498 4928 μόνον
1535 4855 1694 4908 αὑτὸν
1729 4841 1867 4907 εἶναι

295 4955 475 5022 λέγων
504 4953 656 5015 Θεὸν,
689 4953 782 5004 καὶ
815 4953 913 5004 οὐκ
937 4951 1112 5003 ἀλλον.

375 5067 397 5098 ι
422 5048 497 5101 Σὺ
535 5042 586 5099 εἳ
615 5048 644 5098 6
674 5047 804 5108 Θεὸς
840 5045 997 5114 μόνος
1028 5042 1207 5113 πάσης
1257 5038 1532 5109 βασιλείας
1559 5039 1657 5108 τῆς
1689 5036 1865 5088 οἰκου-

299 5143 504 5211 μένης
542 5141 607 5192 σὺ
639 5137 895 5207 ἐποίησας
927 5137 1016 5188 τὸν
1047 5133 1271 5204 οὐρανὸν
1319 5132 1412 5184 καὶ
1447 5130 1545 5200 τὴν
1584 5129 1706 5198 γῆν.
1739 5127 1865 5179 Kli-

292 5250 413 5291 νον,
444 5231 638 5300 Κύριε,
658 5229 719 5282 τὸ
749 5225 841 5291 οῦς
871 5243 991 5279 σουο
1025 5224 1359 5285 εἰσάκουσον,
1395 5220 1565 5291 Κύριε
1584 5235 1596 5247 ⁸
1632 5216 1860 5283 ἄνοιξον,

295 5321 498 5392 Κύριε,
544 5323 671 5382 τοὺς
725 5317 1031 5388 ὀφθαλμούς
1064 5332 1177 5366 σου·
1217 5313 1513 5381 είσϐλεψον,
1550 5310 1738 5380 Κύριε,
1773 5307 1866 5361 καὶ

295 5414 378 5468 Ιδὲ
412 5413 539 5475 τοῦς
571 5410 760 5477 λάγους
790 5406 1176 5477 Σενναχηρεὶμ,
1213 5399 1644 5465 οὒςάπέστειλεν
1679 5398 1867 5450 ὀνειδί-

293 5505 416 5569 ζειν
439 5501 578 5556 Θεὸν
611 5500 804 5564 ζῶντα.
854 5497 970 5551 Ἐπ’
997 5495 1250 5567 ἀληθείας
1278 5493 1406 5563 γὰρ,
1437 5491 1624 5560 Κύριε,
1653 5491 1866 5561 ἠρήμω-

368 5637 487 5703 (il)
521 5637 613 5691 Sic
655 5634 880 5690 Codices
923 5634 1094 5690 ϐιωρί
1155 5631 1514 5702 άναγουγάνα,
1571 5645 1905 5700 anngnguna.

292 5713 385 5786 sic
411 5710 602 5784 habet,
640 5707 777 5781 Arta,
809 5714 860 5760 et
885 5707 1010 5760 Aea.

1965 3215 2084 3256 eum
2114 3219 2126 3254 :
2164 3207 2219 3253 et
2247 3196 2472 3252 audiens
2509 3208 2756 3248 reversus
2788 3200 2888 3247 est.
2929 3190 2992 3244 Et
3023 3188 3169 3244 misit
3199 3187 3416 3242 nuntios
3441 3186 3508 3240 ad

1964 3293 2250 3348 Ezechiam
2281 3291 2466 3344 dicens
2497 3305 2509 3341 :
2548 3285 2638 3340 Sic
2665 3283 2855 3339 dicetis
2891 3282 3132 3337 Ezechia:
3157 3279 3267 3350 regi
3297 3276 3522 3332 .ludmae:

1966 3384 2080 3439 Non
2118 3394 2168 3437 te
2208 3380 2439 3450 decipiat
2481 3378 2624 3433 Deus
2659 3385 2802 3440 tuus,
2843 3374 2930 3429 cui
2982 3372 3242 3434 conlidis,
3285 3371 3472 3424 dicens
3509 3386 3524 3421 :

1967 3475 2082 3529 Non
2117 3472 2360 3526 tradetur
2399 3469 2698 3524 Jerusalem
2738 3467 2793 3519 in
2836 3480 3050 3518 manum
3097 3463 3237 3531 regis
3273 3461 3528 3532 Assyrio-

1968 3582 2107 3621 rum.
2151 3564 2232 3617 Tu
2269 3578 2374 3616 non
2416 3558 2672 3614 audivisti
2715 3571 2834 3625 qua:
2881 3553 3123 3608 fecerunt
3165 3567 3319 3621 reges
3362 3555 3528 3622 Assy-

1969 3655 2216 3713 riorum?
2257 3651 2541 3720 Quomodo
2568 3663 2768 3703 terram
2798 3659 3012 3701 omnem
3045 3642 3426 3713 perdiderunt,
3469 3655 3526 3696 et

1970 3759 2023 3802 tu
2073 3745 2328 3802 erueris?
2375 3741 2510 3797 Num
2545 3748 2806 3795 erueruut
2837 3752 2931 3792 eos
2973 3737 3044 3792 dii
3089 3733 3351 3804 gentium,
3393 3746 3530 3800 quos

1969 3836 2311 3906 perdiderunt
2339 3841 2519 3903 patres
2547 3829 2673 3896 mei,
2713 3827 2922 3890 Gozan,
2955 3835 3010 3879 et
3040 3822 3306 3885 Charran,
3341 3831 3393 3876 et
3424 3817 3530 3874 Ba-

1970 3927 2157 3997 phetlt,
2191 3941 2312 3994 qua:
2366 3931 2494 3979 sunt
2536 3922 2587 3974 in
2634 3920 2852 3989 regione
2895 3914 3209 3972 Themath
3259 3913 3360 3970 Ubi
3406 3923 3533 3968 sunt

1970 4031 2124 4086 reges
2153 4014 2386 4070 Ematb?
2413 4021 2468 4067 et
2493 4010 2581 4064 ubi
2616 4008 2856 4077 Arpbath
2877 4007 2902 4060 2
2925 4005 3012 4062 ubi
3025 4003 3262 4061 civitatis
3291 4001 3532 4086 Eppbar—

1971 4084 2143 4172 vaim,
2188 4104 2552 4176 Anagugana?
2586 4101 2648 4154 Et
2688 4099 2916 4169 sumpsit
2945 4099 3205 4154 Ezechias
3244 4084 3445 4152 librum
3495 4112 3527 4149 a

1973 4197 2206 4261 nuntiis,
2239 4204 2294 4250 et
2321 4194 2450 4264 legit
2485 4207 2630 4258 eum,
2665 4199 2721 4243 et
2748 4187 2994 4243 ascendit
3016 4187 3070 4242 in
3103 4189 3318 4242 domum
3353 4185 3533 4238 Domi-

1974 4294 2051 4358 ni,
2084 4301 2140 4347 et
2165 4291 2380 4361 aperuit
2409 4304 2531 4343 eum
2562 4300 2748 4340 coram
2781 4283 3026 4338 Domino.
3079 4281 3145 4336 Et
3179 4281 3354 4337 oravit
3397 4279 3531 4334 Eze-

1973 4390 2123 4443 chias
2151 4385 2454 4448 Dominum,
2488 4382 2671 4436 dicens
2706 4399 2719 4434 :
2754 4379 2979 4434 Domine
3012 4377 3369 4438 exercituum,
3396 4375 3535 4429 Deus

1976 4480 2154 4545 Israel,
2187 4477 2276 4548 qui
2307 4477 2464 4531 sedes
2501 4487 2662 4542 super
2691 4471 2998 4527 cherubim.
3031 4487 3049 4520 ›
3098 4467 3355 4523 Ezechias
3385 4482 3529 4530 vero,

1973 4569 2423 4645 quemadmodum
2451 4575 2508 4621 et
2545 4565 2696 4636 prius
2718 4604 2733 4627 ,
2768 4577 2910 4617 nunc
2943 4562 3106 4616 etiam
3143 4559 3434 4612 maturavit
3467 4557 3534 4610 ad

1974 4663 2191 4716 domum
2226 4659 2342 4723 Dei,
2377 4657 2578 4726 unique
2609 4656 2718 4709 Deo
2739 4652 3019 4723 epistolam
3049 4648 3303 4704 ostendit.
3333 4647 3534 4703 Deinde

1975 4767 2102 4807 vero
2139 4748 2585 4819 supplicationem
2643 4746 2845 4799 orando
2885 4741 3100 4806 emisit,
3134 4739 3282 4794 illum
3323 4739 3533 4804 solum,

1972 4855 2026 4901 et
2064 4859 2167 4898 non
2208 4843 2399 4909 alium,
2431 4840 2598 4895 Deum
2629 4853 2748 4894 esse
2779 4837 2982 4893 dicens.
3054 4834 3062 4843 “

2042 5024 2203 5080 Vens.
2225 5023 2398 5077 l7—2l.
2418 5039 2438 5072 ι
2459 5021 2537 5074 Tu
2552 5035 2610 5076 es
2630 5019 2768 5074 Deus
2798 5020 2944 5075 solus
2964 5019 3140 5073 omnis
3161 5017 3310 5088 regni
3335 5024 3420 5070 ter
3432 5032 3501 5069 ra:
3525 5035 3536 5068 :

1972 5129 2024 5174 tu
2046 5117 2214 5172 fecisti
2245 5115 2440 5171 caelum
2465 5125 2524 5170 et
2555 5123 2772 5169 terram.
2807 5112 3034 5176 lnclina,
3070 5111 3314 5174 Domine,
3348 5123 3540 5162 aurem

1971 5221 2148 5266 luant:
2182 5209 2395 5271 exaudi,
2426 5207 2647 5261 Domine
2679 5220 2694 5255 :
2727 5206 2896 5272 aperi,
2922 5182 3369 5258 Domine.oculos
3392 5211 3533 5266 tuos,

1973 5301 2209 5370 respice,
2244 5297 2490 5361 Domine,
2521 5306 2576 5350 et
2629 5297 2750 5350 vide
2795 5303 3069 5349 sermones
3107 5294 3532 5360 Seuuacherim,

1971 5409 2105 5462 quos
2138 5393 2303 5457 misit,
2344 5401 2401 5444 ut
2437 5390 2788 5457 exprobraret
2823 5389 2931 5440 Deo
2959 5386 3177 5439 viventi.
3222 5384 3277 5439 lu
3309 5388 3536 5441 veritate

1971 5487 2137 5552 enim,
2180 5483 2432 5548 Domine,
2464 5491 2743 5534 vastarunt
2778 5493 2928 5546 reges
2962 5477 3304 5548 Assyriorum
3347 5481 3534 5536 orbem

1973 5627 2023 5680 ln
2060 5626 2320 5682 Hebraico
2350 5622 2539 5692 legitur
2566 5623 2684 5682 ΠΊΣἹ
2718 5628 2819 5682 ἳέΠ
2843 5617 2906 5673 ad
2937 5617 3081 5687 cujus
3127 5616 3281 5673 Iidem
3312 5615 3532 5686 Vulgata
