4072 6194
531 247 632 304 551

1239 250 1510 311 EUSEBll
1551 254 2039 312 CIESARIENSIS
2071 256 2223 312 OPP.
2268 258 2446 315 PARS
2484 263 2572 317 lll.
2596 296 2667 305 —
2699 263 3110 322 EXEGETICA.

3671 277 3782 332 552

523 371 852 439 universum,
891 380 941 427 et
976 374 1249 443 regionem
1280 391 1464 431 eorum
1485 417 1501 442 ,
1529 388 1585 432 et
1620 377 1924 446 iniecerunt
1956 379 2092 434 idola

2218 398 2302 436 ταν
2349 383 2584 453 βασιλεῖς
2647 387 2944 459 ’Λσσυρίων
2981 390 3080 459 τὴν
3123 393 3447 464 οἰκουμένην
3494 395 3638 466 ὃλην,
3684 399 3777 451 καὶ

521 479 704 518 eorum
733 464 785 518 in
827 465 1021 534 ignem.
1049 464 1164 520 Non
1194 469 1336 521 enim
1369 469 1634 533 diieraut,
1660 472 1752 524 sed
1788 486 1950 539 opera
1992 489 2106 526 tua-

522 574 682 612 nuum
707 558 1004 621 hominum,
1045 558 1185 630 ligna
1216 571 1269 616 et
1294 561 1498 631 lapides
1530 571 1615 616 :et
1640 565 1961 632 pepulerunt
1986 580 2100 621 eos.

521 648 675 703 Nune
711 656 889 702 autem
917 690 931 712 ,
969 648 1196 706 Domine
1245 653 1388 708 Deus
1425 663 1608 709 noster
1637 695 1651 719 ,
1692 654 1838 710 salva
1895 672 1996 712 nos
2041 661 2105 714 de

520 757 682 796 manu
704 741 855 810 ejus;
885 751 947 797 ut
990 754 1286 813 cognoscat
1323 760 1484 801 omne
1511 761 1736 813 regnum
1766 758 1942 814 terrae,
1981 751 2104 820 quia

521 840 575 886 tu
628 847 687 885 es
732 832 872 887 Deus
912 835 1077 888 solus.
1113 835 1178 890 Et
1221 836 1418 893 missus
1444 849 1526 893 est
1557 837 1723 894 Isaias
1767 841 1908 896 ﬁlius
1946 844 2108 898 Amos

520 921 586 974 ad
610 921 923 978 Ezecltiam.
964 943 981 976 ι
1021 925 1135 980 Rex
1170 929 1388 997 quidem
1423 930 1710 997 Ezechias,
1753 944 1939 1003 utpote
1979 937 2107 990 reli-

519 1014 725 1083 giosus,
759 1017 810 1070 in
843 1018 1060 1072 domum
1089 1020 1177 1074 Dei
1210 1022 1505 1089 concessit,
1532 1024 1621 1078 ubi
1641 1024 1753 1094 jam
1781 1027 2106 1097 descriptam

520 1107 817 1162 craticuem
850 1109 1062 1175 emisit;
1097 1110 1238 1167 Deus
1268 1123 1446 1168 autem
1498 1116 1669 1170 misso
1700 1119 1766 1171 ad
1810 1134 1932 1173 eum
1977 1120 2109 1176 Isaia

522 1200 778 1270 prepbeta
821 1203 918 1272 ipsi
965 1205 1296 1272 respondet:
1329 1207 1622 1262 secundum
1663 1224 1791 1266 vero
1829 1211 1926 1280 ipsi
1989 1229 2113 1266 ora-

522 1293 701 1347 culum
733 1294 900 1362 dedit,
929 1296 1128 1353 docens
1157 1313 1215 1354 se
1236 1313 1540 1355 sermonem
1578 1303 1982 1374 orationemque
1997 1305 2112 1374 ejus

523 1387 853 1444 exaudiisse.

510 1681 514 1687 ι
596 1654 758 1712 Vens.
777 1657 1006 1725 21,224
1033 1661 1098 1716 Et
1117 1663 1256 1719 dixit
1285 1665 1333 1720 ei
1359 1682 1374 1720 :
1404 1664 1527 1722 Haec
1545 1665 1674 1722 dicit
1701 1667 1959 1730 Dominus
1975 1671 2112 1726 Deus

2205 474 2303 546 τὴν
2338 474 2520 547 χώραν
2549 478 2748 539 αὐτῶν,
2783 482 2876 533 καὶ
2899 481 3157 535 ἀνέϐαλον
3183 484 3250 537 τὰ
3285 484 3476 538 εἴδωλα
3501 487 3674 540 αὐτῶν
3700 491 3778 554 εἰς

2204 567 2266 619 τὸ
2298 565 2428 638 πῦρ.
2459 567 2533 621 Οὐ
2561 567 2669 639 γάρ
2697 570 2808 622 θεοὶ
2834 567 2994 642 ἦσαν,
3029 574 3143 627 ἀλλ’
3173 574 3309 646 ἔργα
3346 577 3544 647 χειρῶν
3583 578 3784 649 ἀνθρώ-

2208 675 2346 721 πων,
2384 656 2516 724 ξύλα
2552 659 2646 712 καὶ
2678 658 2814 712 λίθοι
2833 677 2846 691 ·
2874 662 2965 714 καὶ
2997 663 3285 718 ἀπώσαντο
3317 666 3533 730 αὐτούς.
3565 666 3680 721 Νῦν
3707 667 3784 730 δὲ,

2207 750 2403 821 Κύριε,
2445 752 2473 803 6
2515 750 2650 814 Θεὸς
2679 751 2855 822 ἡμῶν,
2888 753 3058 808 σῶσον
3090 759 3234 828 ἡμᾶς
3265 759 3328 812 ἐκ
3358 760 3555 832 χειρῶν
3585 759 3783 814 αὑτοῦ·

2208 843 2294 895 ἵνα
2319 841 2432 914 γνῷ
2456 845 2606 897 πᾶσα
2635 846 2666 915 ἡ
2705 843 2948 915 βασιλεία
2993 851 3090 919 τῆς
3123 853 3245 921 γῆς,
3295 853 3377 905 ὅτι
3412 853 3475 907 σὺ
3510 848 3564 906 εἷ
3593 855 3622 906 6
3651 852 3788 918 Θεὸς

2212 935 2390 1006 μόνος.
2416 936 2526 989 Καὶ
2559 937 2837 1009 ἀπεστάλη
2866 938 3093 1004 Ἦσαῖας
3122 942 3235 1007 υἱὸς
3269 944 3448 1015 Ἀμὼς
3472 945 3610 1017 πρὸς
3645 945 3790 1010 Ἐζε-

2211 1027 2355 1082 κίαν.
2389 1047 2410 1080 ι
2457 1027 2513 1082 '0
2549 1030 2646 1099 μὲν
2676 1030 2927 1100 βασιλεὺς
2973 1031 3240 1099 Ἐζεκίας,
3277 1030 3362 1089 οἶα
3396 1037 3670 1108 θεοφιλὴς,
3707 1041 3787 1103 είς

2210 1121 2301 1174 τὸν
2319 1119 2466 1175 οἷκον
2495 1121 2648 1194 ἀνῄει
2679 1124 2773 1178 τοῦ
2808 1124 2964 1187 Θεοῦ,
2993 1125 3088 1180 καὶ
3119 1127 3218 1198 τὴν
3239 1128 3585 1201 ἀνάγραπτον
3608 1132 3788 1202 ἱκετη-

2215 1212 2330 1283 ρίαν
2362 1213 2645 1285 ἀνέπεμπε
2669 1231 2683 1245 ⁸
2703 1215 2835 1279 Θεὸς
2865 1217 2922 1270 δὲ
2944 1217 3092 1288 αὐτῷ
3125 1219 3502 1290 ἀποκρίνεται,
3535 1221 3626 1275 τὸν
3654 1223 3786 1275 ἐαυ-

2210 1305 2305 1358 τοῦ
2351 1307 2634 1378 προφήτην
2686 1308 2910 1362 Ἡσαΐαν
2947 1309 3022 1374 ὡς
3054 1310 3214 1364 αὑτὸν
3240 1311 3492 1382 πέμψας’
3536 1311 3787 1386 δεύτερον

2211 1397 2268 1451 δὲ
2332 1399 2479 1470 αὐτῷ
2539 1397 2726 1454 τοῦτον
2789 1401 3035 1455 ἐκδίδωσι
3092 1403 3182 1455 τὸν
3236 1404 3500 1474 χρησμὸν,
3545 1404 3619 1467 ὠς
3677 1404 3786 1476 ἄρα

2213 1490 2297 1562 εἴη
2346 1491 2600 1562 ἀκηκοὼς
2648 1493 2739 1546 τὸν
2783 1496 2880 1565 τῆς
2934 1497 3244 1567 προσευχῆς
3288 1495 3452 1550 αὑτοῦ
3505 1496 3660 1566 λόγον
3704 1496 3786 1550 δι-

2215 1581 2451 1637 δάσκων.

2290 1694 2308 1725 ι
2345 1677 2454 1730 Καὶ
2479 1671 2632 1734 εἶπεν
2661 1678 2836 1750 αὐτῷ’
2865 1679 3001 1734 Τάδε
3032 1681 3179 1750 λέγει
3220 1682 3425 1754 Κύριος
3457 1683 3484 1734 6
3515 1681 3647 1744 Θεὸς
3682 1682 3785 1735 Ἱσ-

523 1748 687 1806 lsrael
708 1770 720 1806 :
739 1751 929 1808 Audivi
958 1769 1077 1824 quae
1111 1766 1364 1827 precatus
1387 1773 1447 1815 es
1485 1776 1569 1815 me
1602 1775 1764 1831 super
1792 1761 2098 1820 Seunaclie-

2218 1767 2342 1839 ραήλ
2365 1784 2379 1798 ⁸
2413 1770 2658 1823 Ἤκουσα
2695 1771 2730 1825 ἃ
2768 1748 3056 1846 προσηύξω
3093 1748 3226 1847 πρὸς
3362 1775 3486 1847 περὶ
3517 1775 3786 1846 Σενναχη-

525 1844 628 1899 rim
657 1861 783 1915 rege
819 1845 1186 1920 Assyriorum.
1227 1850 1326 1906 llic
1363 1863 1448 1908 est
1481 1868 1662 1908 sermo
1693 1870 1851 1925 quem
1899 1857 2107 1914 locutus

523 1949 611 1994 est
638 1939 703 1995 de
731 1939 821 1995 illo
849 1939 991 1997 Deus
1017 1941 1385 2015 :Contempsit
1418 1956 1503 2013 te,
1546 1956 1601 2002 et
1641 1949 1992 2006 subsannavit
2033 1963 2104 2018 te,

524 2032 677 2100 virgo
709 2032 814 2088 ﬁlia
853 2034 1005 2090 Sion.
1034 2055 1052 2088 ι
1075 2037 1188 2106 Ego
1218 2053 1345 2093 vero
1376 2039 1499 2094 dico
1536 2039 1630 2096 tibi
1668 2056 1737 2096 ne
1769 2045 2105 2114 temetipsum

404 2195 407 2200 γ
521 2123 782 2195 decipias,
821 2142 926 2181 non
962 2129 1104 2183 enim
1127 2131 1329 2185 virtute
1349 2139 1438 2184 tua
1473 2131 1572 2188 bos
1599 2147 1789 2189 omnes
1819 2136 2106 2204 superasti.

527 2215 638 2287 Ego
679 2227 863 2272 autem
914 2235 1063 2274 eram
1095 2221 1185 2290 qui
1229 2221 1346 2276 haec
1385 2232 1576 2278 contra
1620 2239 1715 2280 eos
1755 2225 2106 2294 deﬁnieram,

524 2307 740 2364 etiamsi
779 2317 834 2365 tu
894 2310 947 2365 id
997 2312 1220 2369 minime
1265 2329 1608 2384 agnosceres,
1638 2327 1803 2388 atque
1843 2321 1909 2373 ab
1956 2319 2109 2376 initio

525 2401 812 2459 consilium
849 2419 1028 2458 meum
1059 2421 1164 2460 non
1214 2407 1454 2462 audires.
1489 2406 1699 2464 Etenim
1734 2408 1844 2476 jam
1877 2410 2002 2465 inde
2043 2413 2110 2465 ab

527 2495 765 2565 antiquis
790 2497 1120 2566 temporibus
1141 2499 1254 2554 hac
1279 2509 1465 2554 contra
1494 2501 1824 2570 irreligiosas
1844 2512 1897 2557 et
1923 2504 2113 2573 impias

529 2597 718 2658 gentes
760 2604 858 2659 per
889 2599 942 2644 te
988 2589 1123 2645 ellici
1166 2591 1531 2646 decreveram.
1559 2592 1714 2647 Nunc
1759 2603 1938 2648 autem
1983 2596 2113 2665 ipsis

532 2680 787 2747 operibus
821 2682 1106 2738 consilium
1135 2684 1320 2754 aperui
1364 2701 1564 2748 meum,
1590 2701 1711 2741 cum
1745 2696 1797 2740 te
1826 2687 1892 2740 ad
1926 2703 2110 2742 eorum

532 2773 624 2844 qui
671 2773 932 2845 supplicio
983 2775 1130 2846 digni
1199 2787 1326 2830 sunt
1369 2777 1661 2847 perniciem
1704 2778 1936 2833 excitavi
1969 2817 1985 2844 ,
2029 2789 2112 2833 at-

531 2880 640 2938 que
669 2876 721 2920 te
751 2869 904 2937 quasi
939 2868 1092 2938 signo
1118 2883 1250 2924 usus
1286 2884 1407 2923 sum
1438 2870 1503 2924 ad
1527 2869 1816 2924 vastandas
1842 2882 2033 2941 gentes
2062 2879 2116 2926 et

531 2959 598 3012 ad
627 2957 900 3029 pellendos
939 2975 1032 3015 eos
1073 2960 1166 3031 qui
1195 2961 1433 3016 munitas
1467 2963 1626 3018 urbes
1658 2961 1900 3018 incolunt
1935 2980 1948 3016 :
1981 2979 2118 3034 quas

531 3050 750 3120 quidem
781 3053 943 3107 urbes
973 3053 1124 3121 prius
1150 3053 1516 3108 custodiebam
1545 3064 1601 3108 et
1627 3054 1946 3120 servabam;
1979 3065 2118 3124 post-

2213 1859 2340 1930 ρεὶμ
2373 1859 2636 1930 βασιλέως
2674 1865 2993 1936 Ἀσσυρίων.
3029 1862 3194 1930 Οὗτος
3221 1869 3249 1920 6
3282 1867 3437 1936 λόγος
3469 1867 3527 1919 ὃν
3559 1866 3787 1936 ἐλάλησε

2213 1952 2341 2034 περὶ
2366 1953 2529 2007 αὐτοῦ
2553 1957 2581 2009 6
2602 1955 2756 2020 Θεός·
2799 1957 3085 2027 Ἐφαύλισέ
3119 1976 3177 2010 σε
3215 1959 3308 2012 καὶ
3334 1961 3540 2030 ἐμυκτὴ
3553 1960 3665 2030 ρισέ
3700 1977 3786 2028 σε,

2214 2044 2478 2116 παρθένος
2500 2047 2745 2119 θυγάτηρ
2771 2049 2928 2103 Σιών.
2965 2069 2984 2101 ι
3015 2049 3154 2121 Ἐγὼ
3184 2051 3240 2103 δέ
3271 2051 3352 2103 σοί
3386 2069 3526 2122 φημι
3554 2051 3627 2124 μὴ
3660 2070 3792 2107 σαυ-

2213 2136 2303 2189 τὸν
2354 2137 2602 2210 ἀπατᾷν,
2660 2140 2721 2193 οὐ
2775 2142 2886 2213 γάρ
2929 2144 2996 2214 τῇ
3044 2141 3241 2195 σαυτοῦ
3298 2142 3522 2213 δυνάμει
3582 2143 3792 2200 τούτων

2213 2228 2463 2283 ἁπάντων
2495 2233 2869 2303 περιγέγονας.
2912 2233 3052 2303 Ἐγὼ
3095 2233 3153 2287 δέ
3188 2235 3333 2304 ἥμην
3371 2233 3506 2287 αὐτὰ
3539 2234 3658 2287 κατ’
3689 2234 3792 2290 a6-

2213 2322 2320 2378 τῶν
2349 2324 2556 2394 ὁρίσας,
2589 2327 2636 2378 εἰ
2671 2326 2763 2379 καὶ
2797 2326 2865 2378 σὺ
2893 2326 2969 2397 μὴ
2989 2327 3252 2395 ἐπέγνως,
3284 2326 3317 2396 ἢ
3341 2327 3433 2379 καὶ
3467 2326 3598 2396 μηδέ
3622 2328 3792 2398 ἤκου-

2215 2431 2314 2477 σας
2343 2415 2442 2486 τὴν
2466 2415 2603 2486 ἐμὴν
2629 2415 2686 2482 ἐξ
2717 2416 2891 2489 ἀρχῆς
2919 2416 3132 2489 βουλήν.
3165 2417 3348 2471 Ταῦτα
3368 2417 3474 2488 γὰρ
3507 2418 3668 2481 αὐτὸς
3693 2421 3790 2474 xi-

2216 2524 2384 2578 κρικα
2415 2508 2556 2562 κατά
2586 2509 2694 2562 τῶν
2726 2509 2901 2562 ἀθέων
2942 2510 3034 2563 καὶ
3062 2509 3271 2564 ἀσεϐῶν
3296 2510 3463 2564 ἐθνῶν
3500 2511 3663 2566 πάλαι
3695 2513 3794 2566 καὶ

2216 2598 2275 2666 ἐξ
2298 2601 2519 2672 ἡμερῶν
2549 2601 2790 2672 ἀρχαίων
2840 2601 2928 2655 διὰ
2967 2601 3062 2655 σοῦ
3096 2604 3424 2684 πραχθῆναι.
3475 2606 3589 2659 Νῦν
3627 2605 3684 2658 δὲ
3721 2606 3790 2658 δι’

2216 2690 2393 2763 ἔργων
2444 2691 2542 2764 την
2583 2694 2724 2767 ἐμὴν
2777 2694 3028 2759 ἐπέδειξα
3071 2695 3283 2768 βουλὴν,
3329 2699 3546 2770 ἐγείρας
3597 2715 3655 2751 σε
3700 2698 3789 2751 ἐπ’

2218 2781 2421 2854 ὀλέθρῳ
2450 2783 2557 2837 τῶν
2584 2783 2855 2857 τιμωρίας
2885 2784 3072 2849 ἀξίων,
3102 2786 3196 2840 καί
3227 2805 3309 2841 σοι
3328 2792 3678 2864 χρησάμενος
3701 2807 3795 2860 ση-

2223 2875 2358 2946 μείῳ
2389 2875 2483 2929 τοῦ
2509 2875 2852 2950 ἐξερημῶσαι
2877 2876 3024 2948 ἔθνη,
3055 2881 3389 2945 ἀναστάτους
3415 2885 3632 2954 ποιῆσαι
3661 2884 3790 2946 τοὺς

2218 2963 2498 3028 οἰκοῦντας
2534 2967 2592 3017 ἐν
2625 2965 2843 3018 πόλεσιν
2865 2966 3118 3037 ὀχυραῖς’
3152 2968 3218 3032 ἀς
3245 2971 3505 3042 πρότερον
3537 2971 3634 3042 μὲν
3658 2971 3789 3040 ἐφύ-

2220 3055 2410 3109 λαττον
2430 3056 2705 3122 διασώζων
2726 3059 2833 3128 ἐγώ
2852 3077 2865 3090 ·
2901 3063 3022 3115 ἐπεὶ
3045 3061 3100 3114 δὲ
3131 3061 3360 3132 ἠσέϐουν
3395 3063 3468 3133 μὴ
3498 3064 3789 3135 γνωρίζον-

533 3157 696 3212 quam
724 3154 907 3199 autem
937 3144 1010 3198 illi
1043 3155 1376 3200 servatorem
1405 3162 1509 3201 non
1536 3158 1896 3217 agnoscentes
1934 3164 2112 3212 suum,

2218 3165 2308 3212 τες
2354 3149 2441 3202 τὸν
2465 3149 2672 3204 ἑαυτῶν
2719 3123 2955 3224 σωτῆρα,
2996 3123 3171 3226 ἀνῆκα
3201 3153 3297 3218 τὰς
3330 3123 3566 3226 ἐμαῦτοῦ
3599 3123 3790 3227 γείρας

535 3234 800 3304 impietati
835 3252 894 3292 se
924 3235 1287 3303 dediderant,
1321 3252 1511 3292 manus
1559 3238 1742 3292 remisi
1778 3253 1957 3304 meas,
1993 3253 2116 3294 eos-

533 3341 640 3392 que
661 3326 756 3382 tibi
788 3327 856 3382 ad
886 3329 1208 3398 supplicium
1247 3330 1462 3384 tradidi.
1499 3329 1576 3384 llli
1600 3346 1732 3385 vero
1775 3330 2117 3402 inspectione

535 3435 657 3476 mea
680 3421 876 3487 orbati,
913 3423 1098 3477 statim
1142 3422 1343 3478 deserti
1374 3433 1519 3478 sunt.
1555 3423 1734 3491 Quare
1760 3425 1936 3480 subdit
1964 3443 1980 3482 :

605 3513 768 3568 Vsus.
795 3514 986 3572 23-25.
1025 3534 1042 3567 ι
1074 3515 1129 3570 lu
1167 3526 1217 3572 te
1254 3526 1415 3586 caput
1449 3519 1632 3585 movit,
1657 3517 1763 3572 ﬁlia
1794 3518 2112 3575 Jerusalem.

535 3606 633 3664 Cui
688 3611 1051 3679 exprobrasti,
1093 3622 1148 3666 et
1192 3626 1350 3682 quem
1392 3610 1670 3666 irritasti?
1708 3623 1801 3666 aut
1855 3613 2116 3667 adversus

537 3715 699 3772 quem
728 3702 991 3758 sustulisti
1041 3717 1221 3758 vocem
1261 3711 1402 3756 tuam
1435 3702 1458 3756 ?
1491 3713 1547 3757 et
1590 3717 1694 3756 non
1729 3701 1912 3756 levasti
1951 3703 2003 3757 in
2040 3702 2117 3756 al-

540 3803 651 3848 tum
698 3795 884 3850 oculos
928 3805 1048 3850 tuos
1091 3796 1156 3847 ad
1203 3804 1452 3850 sanctum
1501 3793 1686 3857 Israel,
1722 3797 1979 3864 quoniam
2024 3812 2117 3865 per

540 3885 762 3940 nuntios
800 3885 1138 3955 exprobrasti
1187 3885 1434 3940 Domino.
1486 3886 1566 3940 Tu
1617 3886 1762 3942 enim
1808 3886 2116 3942 dixisti:lu

539 3975 882 4032 multitudine
912 3989 1170 4032 curruum
1198 3991 1298 4046 ego
1332 3979 1548 4034 asccudi
1591 3980 1645 4032 in
1681 3980 1936 4035 verticem
1969 3997 2120 4036 mon-

541 4068 697 4133 tium,
731 4078 784 4122 et
815 4070 866 4124 iu
917 4069 1104 4124 ultima
1144 4067 1356 4134 Libani,
1383 4078 1439 4125 et
1481 4070 1684 4126 succidi
1725 4069 1936 4140 fastigia
1971 4073 2118 4127 cedri

540 4159 676 4228 eius.
708 4170 764 4216 et
804 4162 1256 4232 pulchritudinem
1297 4164 1559 4233 cypressi,
1613 4175 1668 4218 et
1702 4163 1974 4234 ingressus
2000 4180 2116 4220 sum

543 4253 598 4309 in
625 4255 963 4310 altitudinem
1007 4255 1180 4323 partis
1206 4254 1402 4313 saltus.
1446 4275 1465 4309 ι
1499 4256 1592 4311 llis
1622 4271 1786 4326 porro
1811 4257 2120 4312 subindicat

543 4348 788 4404 sublimia
835 4349 925 4403 illa
959 4357 1016 4403 et
1062 4347 1352 4418 conspicua
1387 4348 1439 4403 in
1487 4348 1710 4418 reliquis
1747 4350 1996 4416 gentibus
2030 4362 2117 4404 re-

2219 3259 2302 3295 σοι
2337 3243 2664 3315 παραδιδοὺς
2689 3245 2780 3297 ἐπὶ
2816 3245 3085 3317 τιμωρίαν
3110 3248 3157 3299 οἱ
3187 3245 3244 3299 δὲ
3272 3249 3615 3318 παραχρῆμα
3656 3248 3790 3320 ἕρη-

2221 3355 2310 3407 μοι
2361 3337 2604 3406 ἐγένοντο
2643 3341 2743 3409 τῆς
2790 3339 2927 3412 ἐμῆς
2962 3339 3315 3412 στερηθέντες
3350 3341 3670 3412 ἐπισκοπῆς.
3698 3342 3796 3396 Διδ

2219 3429 2484 3497 ἐπιλέγειο
2697 3477 2703 3482 ,

2291 3540 2308 3571 ι
2351 3523 2471 3575 Ἐπὶ
2502 3521 2582 3574 σοὶ
2611 3522 2849 3595 κεφαλὴν
2880 3521 3116 3593 ἐκίνησε,
3139 3523 3383 3594 θυγάτηρ
3414 3523 3794 3597 Ἰερουσαλήμ.

2219 3614 2350 3667 Τίνα
2373 3615 2652 3679 ὠνείδισας
2685 3615 2778 3669 καὶ
2806 3615 3125 3685 παρώξυνας
3146 3633 3160 3682 ;
3184 3616 3216 3688 ἢ
3252 3617 3386 3688 πρὸς
3412 3617 3534 3672 τίνα
3567 3615 3796 3687 ῦψωσας

2218 3701 2314 3772 τὴν
2353 3702 2536 3773 φωνήν
2565 3719 2693 3767 σου;
2737 3703 2830 3756 καὶ
2870 3703 2970 3756 οὐκ
3000 3699 3140 3776 ἧρας
3167 3706 3245 3767 είς
3274 3705 3405 3776 ὕψος
3433 3706 3559 3770 τοὺς
3590 3706 3796 3776 ὀφθαλ-

2223 3790 2352 3862 μούς
2374 3809 2468 3846 σου
2496 3793 2630 3866 πρὸς
2655 3795 2746 3847 τὸν
2778 3794 2932 3863 ἅγιον
2951 3795 3044 3848 τοῦ
3095 3797 3326 3868 Ἰσραὴλ,
3356 3798 3436 3851 ὅτι
3460 3798 3524 3851 δι’
3546 3799 3794 3868 ἀγγέλων

2219 3882 2499 3947 ὠνείδισας
2562 3884 2785 3956 Κύριον.
2841 3885 2913 3938 Συ
2969 3885 3078 3956 γὰρ
3122 3881 3308 3949 εἶπας
3344 3887 3434 3958 Τῷ
3459 3886 3650 3958 πλήθει
3682 3888 3794 3941 τῶν

2221 3973 2480 4043 ἁρμάτων
2513 3974 2623 4044 ἐγὼ
2652 3976 2848 4046 ἀνέϐην
2908 3978 2988 4039 εἰς
3049 3975 3180 4046 ὕψος
3221 3978 3425 4050 ὀρέων,
3471 3980 3562 4031 καὶ
3602 3981 3680 4041 είς
3722 3981 3793 4034 τὰ

2221 4063 2424 4136 ἔσχατα
2468 4067 2560 4120 τοῦ
2600 4069 2854 4133 Λιϐάνου,
2890 4071 2982 4124 καὶ
3021 4071 3191 4142 ἔκοψα
3235 4071 3293 4123 τὸ
3316 4071 3446 4140 ὕψος
3475 4075 3572 4143 τῆς
3599 4072 3794 4142 κέδρου

2221 4159 2409 4224 αὑτοῦ,
2446 4161 2539 4214 καὶ
2572 4162 2631 4214 τὺ
2664 4163 2856 4228 κάλλος
2895 4165 2992 4234 τῆς
3017 4165 3376 4236 κυπαρίσσου,
3412 4165 3506 4217 καὶ
3543 4165 3794 4235 εἰσῆλθον

2222 4252 2301 4315 εἰς
2327 4251 2458 4319 ὕψος
2483 4251 2682 4322 μέρους
2707 4254 2801 4306 τοῦ
2831 4253 3055 4324 δρυμοῦ.
3102 4275 3119 4305 ›
3164 4255 3436 4325 ᾘνίττετο
3474 4254 3558 4309 διὰ
3587 4255 3799 4310 τούτων

2222 4345 2319 4407 τὰς
2335 4346 2392 4397 ἐν
2417 4347 2530 4408 τοῖς
2559 4339 2760 4409 λοιποῖς
2788 4345 2994 4398 ἐθνεσιν
3017 4346 3399 4416 ἐπηρτημένας
3421 4347 3514 4399 καὶ
3539 4346 3802 4417 εὐθηνου-

544 4458 668 4513 gna.
699 4442 887 4514 Magna
913 4447 1113 4512 quippe
1142 4440 1232 4495 illa
1268 4439 1460 4496 Libani
1509 4440 1799 4496 multitudo
1828 4441 1878 4495 in
1911 4438 2113 4520 altissi—

2225 4436 2392 4505 μένας
2433 4436 2724 4506 βασιλείας.
2759 4437 2833 4489 Τὸ
2871 4437 2978 4509 γάρ
3013 4437 3144 4491 πολὺ
3181 4437 3381 4509 πλῆθος
3426 4437 3520 4492 τοῦ
3562 4439 3799 4493 Λιϐάνου

546 4537 648 4594 mis
677 4537 852 4593 cedris
864 4545 917 4593 et
933 4534 1222 4606 cupressis,
1243 4534 1379 4599 sive,
1400 4534 1690 4588 secundum
1717 4531 2120 4602 Symmachum,

551 4651 568 4684 ι
600 4632 881 4702 juniperis,
914 4649 933 4683 ι
955 4629 1090 4696 sive,
1122 4627 1417 4683 secundum
1445 4624 1720 4695 Aquilam,
1755 4641 1773 4674 ι
1799 4622 2114 4684 abietibus.»

546 4727 609 4778 ad
636 4726 918 4796 imaginem
941 4735 997 4779 et
1023 4723 1244 4795 ﬁguram
1273 4719 1514 4792 gentium
1537 4728 1664 4774 tunc
1684 4731 1937 4788 pr05perc
1958 4730 2118 4785 agen-

550 4821 679 4874 tium
717 4817 1015 4886 usurpavit.

620 4910 780 4964 Vens.
807 4907 1000 4964 26-29.
1025 4927 1044 4960 ι
1067 4908 1126 4963 Et
1161 4905 1314 4977 posui
1347 4913 1588 4976 pontem,
1620 4910 1676 4955 et
1695 4899 1898 4955 vastavi
1928 4913 2116 4968 aquas,

546 5015 600 5058 et
629 5018 843 5058 otuuem
865 5001 1336 5071 congregationem
1381 5011 1550 5066 aquae.
1587 4994 1777 5050 Nonne
1803 5009 1866 5048 ea
1901 4991 2118 5049 audiisti

547 5097 695 5160 olim,
724 5111 845 5166 quae
867 5110 966 5165 ego
1000 5093 1102 5149 feci
1136 5093 1264 5148 ?Ab
1303 5090 1542 5161 antiquis
1583 5087 1773 5144 diebus
1816 5087 2070 5143 constitui
2104 5104 2118 5153 ;

542 5189 693 5242 nunc
722 5197 900 5244 autem
928 5185 1139 5242 ostendi
1184 5200 1270 5240 me
1301 5195 1519 5241 vastare
1566 5193 1754 5255 gentes
1789 5183 1858 5238 in'
1872 5180 2121 5244 fortibus,

549 5289 605 5334 et
628 5294 742 5345 eos,
771 5282 862 5352 qui
902 5281 1147 5336 habitant
1192 5280 1244 5334 In
1283 5279 1593 5334 civitatibus
1634 5276 1876 5332 munitis.
1921 5274 2122 5329 Remisl

555 5387 765 5438 manus,
815 5385 872 5430 et
901 5382 1254 5438 exaruerunt,
1288 5383 1342 5429 et
1377 5371 1599 5428 fuerunt
1645 5379 1898 5440 tanquam
1944 5368 2122 5424 fenum

555 5468 760 5524 aridum
791 5467 844 5522 in
895 5467 1051 5523 tectis
1093 5477 1146 5522 et
1196 5478 1448 5538 tanquam
1488 5479 1725 5536 gramen.
1761 5462 1913 5517 Nunc
1944 5470 2122 5516 autem

557 5559 796 5630 requiem
841 5568 1010 5620 tuam.
1049 5566 1103 5611 et
1133 5561 1336 5613 exitum
1363 5569 1534 5622 tuum,
1561 5565 1616 5613 et
1649 5555 1946 5624 ingressum
1975 5563 2121 5607 tuum

554 5667 656 5724 ego
685 5653 830 5710 novi.
871 5649 951 5703 lra
983 5659 1160 5705 autem
1195 5661 1307 5713 tua.
1335 5667 1442 5721 qua
1491 5652 1660 5704 iratus
1697 5663 1778 5716 es,
1817 5656 1872 5702 et
1919 5647 2118 5702 amari-

559 5747 687 5801 tudo
723 5756 811 5799 tua
851 5739 1096 5798 ascendit
1132 5741 1197 5795 ad
1248 5757 1350 5797 me.
1384 5742 1447 5796 Et
1485 5740 1721 5809 iujiciam
1765 5738 2024 5797 circulum
2068 5737 2118 5792 in

2226 4531 2284 4584 ἐν
2313 4529 2668 4601 ὑψηλοτάταις
2694 4530 2904 4601 κέδροις
2931 4529 3022 4584 καὶ
3051 4532 3428 4602 κυπαρίσσοις,
3461 4531 3493 4601 ἢ
3523 4531 3614 4584 καὶ
3649 4551 3668 4580 ι
3701 4533 3804 4603 ἁρ-

2225 4623 2456 4687 κεύθοις,
2501 4644 2518 4676 ι
2557 4624 2693 4677 κατά
2723 4622 2812 4677 τὸν
2842 4623 3156 4694 Σύμμαχον,
3190 4624 3222 4694 ἢ
3261 4644 3278 4676 ι
3319 4623 3556 4687 ἐλάταις,
3601 4643 3618 4676 ι
3655 4625 3803 4677 κατά

2224 4716 2314 4769 τὸν
2364 4716 2611 4780 ’Λκύλαν,
2650 4719 2728 4780 εἰς
2768 4717 2947 4770 εἰκόνα
2986 4716 3300 4790 περιείληφε
3347 4717 3455 4771 τῶν
3487 4717 3607 4770 τότε
3635 4717 3801 4787 εὐθη-

2224 4825 2315 4863 νου
2323 4808 2499 4879 μένων
2535 4809 2724 4864 ἐθνῶν.

2300 4919 2318 4950 ι
2359 4900 2467 4953 Καὶ
2512 4899 2681 4972 ἔθηκα
2728 4899 2990 4973 γέφυραν,
3037 4901 3131 4954 καὶ
3163 4901 3433 4973 ὴρήμωσα
3477 4901 3667 4963 ὕδατα,
3704 4904 3803 4955 καὶ

2225 4995 2404 5048 πᾶσαν
2429 4993 2748 5062 συναγωγὴν
2770 4990 2975 5057 ῦδατος.
3004 4993 3077 5045 06
3101 4992 3273 5047 ταῦτα
3299 4993 3537 5064 ἡκουσας
3568 4993 3737 5047 πάλαι
3762 4993 3802 5048 ἂ

2224 5086 2334 5156 ἐγὼ
2363 5087 2624 5157 ἐποίησα;
2677 5087 2763 5153 Ἐξ
2805 5086 3024 5158 ἡμερῶν
3057 5087 3298 5158 ἀρχαίων
3351 5086 3649 5152 συνέταξα·
3700 5084 3800 5139 νῦν

2225 5179 2281 5232 δὲ
2311 5179 2556 5244 ἐπέδειξα
2586 5179 2931 5250 ἐξερημῶσαι
2959 5177 3087 5248 ἔθνη
3121 5180 3178 5231 ἐν
3211 5179 3445 5248 ὀχυροῖς,
3473 5180 3566 5231 καὶ
3592 5176 3801 5231 οἰκοῦν-

2230 5290 2327 5335 τας
2360 5275 2418 5327 ἐν
2447 5273 2661 5326 πόλεσιν
2692 5273 2935 5344 ὀχυραῖς.
2983 5272 3186 5341 ’Λνῆκα
3223 5269 3322 5333 τὰς
3357 5272 3561 5343 χεῖρας,
3589 5270 3681 5324 καὶ
3708 5269 3798 5334 ἐξ-

2231 5365 2560 5437 ηράνθησαν,
2596 5366 2690 5419 καὶ
2723 5365 2972 5434 ἐγένοντο
2993 5365 3067 5426 ὡς
3091 5363 3282 5434 χόρτος
3311 5362 3474 5434 ξηρὸς
3495 5363 3587 5416 ἐπὶ
3614 5361 3801 5432 δωμάι-

2229 5478 2355 5523 των,
2381 5460 2472 5513 καὶ⁵
2491 5460 2564 5524 ὡς
2581 5459 2876 5530 ἀγρωστις.
2897 5459 3009 5510 Νῦν
3027 5455 3082 5508 δὲ
3114 5457 3210 5527 τὴν
3243 5456 3547 5510 ἁνάπαυσίν
3581 5471 3673 5507 σου
3704 5459 3809 5507 και

2228 5555 2325 5625 τὴν
2357 5553 2530 5618 ἔξοδόν
2561 5571 2653 5607 σου
2703 5553 2795 5606 καὶ
2828 5550 2924 5620 τὴν
2962 5549 3162 5603 είσοδόν
3198 5566 3292 5602 σου
3338 5548 3449 5618 ἐγὼ
3475 5547 3796 5615 ἐπίσταμαι.

2240 5649 2298 5700 ’0
2323 5647 2378 5699 δὲ
2404 5646 2570 5716 θυμός
2595 5663 2712 5705 σου,
2739 5643 2798 5696 ὃν
2830 5640 3137 5712 ἐθυμὼθης,
3185 5642 3328 5711 καὶὴ
3357 5639 3547 5710 πικρία
3578 5655 3673 5691 σου
3703 5639 3802 5691 ἀν-

2229 5739 2323 5809 έϐη
2358 5739 2486 5810 apo;
2525 5739 2612 5809 μέ.
2643 5737 2749 5792 Καὶ
2782 5733 3000 5805 ἐμϐαλῶ
3033 5733 3194 5806 φιμὸν
3242 5735 3318 5795 εἰς
3367 5731 3462 5803 τὴν
3505 5729 3625 5801 ῥῖνά
3678 5745 3798 5794 σου,
