4072 6194
318 250 414 307 $5

1195 249 1683 307 COMMENTARIA
1725 253 1788 308 IN
1829 254 2087 312 ISAIAM.
2130 290 2196 299 -—
2233 257 2388 313 CAP.
2434 257 2695 316 XXXVII.

3451 272 3554 327 554

310 362 409 414 καὶ
454 361 680 432 χαλινὸν
716 363 792 423 εἰς
823 360 884 413 τὰ
910 361 1065 432 χείλη
1100 379 1213 429 σου,
1247 366 1339 418 καὶ
1369 366 1700 438 ἀποστρέψῃ)
1736 387 1791 421 σε
1828 377 1867 423 τε

1999 388 2156 428 nares
2192 383 2331 441 tuas,
2372 383 2425 429 et
2472 378 2681 433 frenum
2728 380 2779 433 in
2817 380 2952 434 labia
2989 388 3074 434 tua
3113 402 3125 436 :
3159 394 3213 437 et
3248 396 3485 461 avertam
3510 401 3561 446 te

309 453 422 522 ὀδῷ
514 449 681 525 ἦλθες
710 454 763 505 ὲν
793 452 922 523 αὐτῇ
944 470 956 481 ·
984 473 1003 503 ι
1023 454 1108 506 ἵνα
1140 454 1214 527 μὴ
1240 457 1361 509 ὅποι
1380 457 1556 528 βούλει
1586 461 1773 531 ἀπίῃς,
1809 462 1895 514 ἓλ-

318 562 445 596 κοιο
469 545 529 596 δὲ
568 545 746 614 καὶμὴ
778 543 1097 615 βουλόμενος
1128 548 1208 610 εἰς
1236 549 1502 604 τούπίσω·
1542 553 1895 627 ἀποστραφῆ-

324 655 419 689 ναι
456 638 563 708 γάρ
592 654 646 689 σε
684 637 859 707 δεήσει
908 637 987 709 τῷ
1019 638 1121 709 ὀδῷ
1213 639 1311 712 τὴν
1335 642 1563 697 ἐνταῦθα
1602 647 1893 719 πεποίησαι

332 731 574 799 πορείαν,
622 730 752 799 πρὸς
806 730 869 783 τὸ
920 731 994 802 μὴ
1044 732 1262 785 τοιαῦτα
1300 734 1628 804 φθέγγεσθαι
1665 740 1888 811 τολμᾷν.

336 822 477 891 Πλὴν
503 823 546 873 εί
573 821 661 872 καὶ
698 822 771 892 μὴ
806 822 1151 876 συναπώλεσε
1182 823 1256 894 τῷ
1291 826 1478 896 πλήθει
1512 828 1597 883 διά
1615 831 1713 902 τὴν
1740 835 1891 905 εἰρη-

330 913 492 982 μένην
508 913 699 978 αίτίαν,
722 914 789 966 δι’
809 914 876 985 ῆν
898 914 990 967 καὶ
1010 917 1221 986 Φαραὼ,
1244 917 1350 970 τῶν
1369 917 1565 973 λοιπῶν
1581 922 1891 991 Αἰγυπτίων

323 1008 711 1076 κολαζομένων,
769 1007 975 1079 θεωρὸς
1019 1008 1364 1077 ἐφυλάττετο·
1405 1011 1553 1082 ὅμως
1595 1014 1723 1080 γοῦν
1764 1017 1891 1081 τοὺς

312 1097 475 1149 αὐτοῦ
509 1099 707 1160 παῖδας
738 1092 900 1169 εὗρεν
940 1099 1129 1153 ἑαυτοῦ
1169 1101 1360 1168 φονέας
1411 1103 1502 1156 ἐπὶ
1550 1106 1647 1173 τῆς
1686 1105 1888 1168 οἰκείας

309 1190 597 1258 γενόμενος
627 1190 755 1260 γῆς.

381 1302 400 1331 ι
442 1281 615 1335 Τοῦτο
644 1283 703 1336 δέ
743 1300 826 1336 σοι
863 1284 922 1336 τὸ
942 1287 1160 1354 σημεῖον
1180 1301 1196 1316 '
1232 1285 1368 1356 φάγε
1390 1286 1574 1340 τοῦτον
1598 1287 1688 1341 τὸν
1710 1281 1909 1341 ἐνιαυί

304 1373 395 1425 τὸν
431 1373 465 1427 ἀ
500 1374 825 1445 ἕσπαρκας’
857 1374 934 1445 τῷ
966 1375 1019 1428 δὲ
1047 1376 1274 1448 ἐνιαυτῷ
1317 1377 1394 1449 τῷ
1426 1379 1656 1450 δευτέρῳ
1691 1379 1751 1431 τὸ
1786 1398 1883 1432 κα-

303 1465 587 1535 τάλειμμα
611 1482 624 1494 ’
652 1466 729 1535 τῷ
750 1466 807 1518 δὲ
838 1468 1002 1536 τρίτῳ
1031 1468 1346 1537 σπείραντες
1369 1470 1638 1541 ἀμήσατε,
1665 1472 1756 1523 καὶ
1779 1489 1882 1539 φυ-

304 1557 540 1609 τεύσατε
568 1557 911 1627 ἀμπελῶνας,
934 1559 1027 1611 καὶ
1047 1559 1279 1628 φάγεσθε
1300 1561 1389 1613 τὸν
1408 1562 1613 1631 καρπὸν
1630 1563 1825 1616 αὐτῶν.
1858 1584 1875 1615 ›

307 1649 377 1700 Εἰ
397 1648 458 1700 δέ
477 1664 561 1700 σοι
583 1649 664 1700 δεῖ
690 1650 905 1720 σημείου
937 1650 1071 1721 πρὸς
1101 1652 1360 1705 πίστωσιν
1382 1652 1489 1705 τῶν
1520 1653 1664 1723 ἐμῶν
1686 1654 1878 1723 λόγων,

1968 478 2057 537 _ea
2077 465 2178 527 via,
2200 480 2301 531 qua
2327 466 2548 522 venisti:
2575 489 2592 520 ι
2617 478 2672 523 ιιι
2692 484 2756 522 nc
2778 484 3095 539 quocunque
3118 473 3348 529 volueris
3362 477 3523 533 abeas
3541 521 3559 547 ,

1999 556 2091 609 sed
2121 556 2201 610 vel
2245 556 2442 613 invitus
2485 562 2821 616 retrocedere
2857 565 3066 632 cogaris
3098 580 3111 615 :
3144 580 3244 633 qua
3269 568 3412 622 enim
3456 570 3562 624 ltuc

1991 648 2200 711 venisti,
2233 649 2415 703 eadem
2444 660 2493 705 te
2535 652 2808 707 discedere
2831 654 2913 707 via
2955 670 3087 723 opus
3122 658 3263 722 erit,
3289 668 3345 712 ιιι
3386 676 3450 714 ne
3483 672 3563 715 ta-

1992 736 2061 790 lia
2102 738 2242 808 loqui
2268 742 2485 796 audeas.
2514 741 2708 798 Verum
2748 744 2951 799 etiamsi
2983 758 3269 802 ntemorata
3307 750 3370 803 de
3393 766 3557 807 causa

1993 846 2094 884 non
2135 848 2255 885 cum
2300 834 2637 890 multitudine
2667 837 2908 905 perierit,
2932 838 2999 891 ob
3028 856 3186 907 quam
3223 844 3381 897 etiam
3415 844 3557 899 Plia-

1992 936 2102 985 rao,
2135 923 2352 991 reliquis
2394 924 2662 995 Egyptiis
2712 929 2977 997 supplicio
3020 928 3247 994 allectis.
3284 946 3556 1002 spectator

1992 1013 2364 1066 reservabatur
2388 1033 2401 1067 :
2426 1025 2660 1070 attamen
2694 1018 2742 1070 in
2767 1030 2963 1071 terram
2995 1035 3240 1076 reversus
3263 1025 3554 1094 propriam,

1990 1102 2126 1157 filios
2158 1106 2449 1173 parricidas
2488 1107 2708 1161 invenit.

2057 1281 2219 1338 Vsus.
2247 1285 2335 1350 50,
2367 1287 2459 1341 5|.
2495 1306 2515 1340 ι
2555 1288 2662 1343 Hoc
2700 1298 2879 1343 autem
2915 1290 3007 1345 tibi
3055 1291 3262 1362 signum
3294 1311 3306 1346 :
3337 1293 3555 1347 comede

1986 1374 2087 1429 hoc
2120 1391 2277 1439 anno,
2302 1394 2420 1447 quia
2449 1381 2722 1433 seminasti
2742 1400 2755 1445 ;
2776 1397 2917 1436 anno
2934 1394 3110 1437 autem
3134 1386 3553 1456 secundo,quod

1985 1466 2255 1521 residuum
2286 1469 2390 1523 erit
2419 1488 2432 1536 ;
2475 1471 2654 1535 tertio,
2708 1474 3035 1527 scminantes
3080 1477 3285 1540 metite,
3316 1486 3370 1532 et
3401 1478 3555 1547 plan-

1984 1565 2091 1611 tate
2121 1559 2327 1622 vineas,
2357 1570 2412 1614 et
2455 1563 2721 1616 comedite
2758 1564 2989 1617 fructum
3022 1581 3226 1621 earum.
3269 1587 3288 1620 ι
3322 1569 3380 1623 Si
3428 1586 3556 1624 vero

1983 1646 2048 1699 ad
2082 1660 2389 1702 sermonum
2424 1666 2663 1705 meorum
2687 1653 3147 1708 confirmationem
3176 1658 3327 1725 signo
3353 1658 3448 1712 tibi
3480 1660 3554 1712 sit

314 1738 433 1790 ἴσθι
490 1741 574 1791 ὅτι
603 1740 691 1791 τὸν
722 1740 953 1808 παρόντα
976 1720 1211 1794 ἐνιαυτὸν
1253 1746 1365 1806 τοῖς
1405 1743 1511 1796 ἀπὸ
1660 1720 1867 1816 γῆςήαύ-

1982 1750 2114 1803 opus
2140 1776 2155 1801 ,
2194 1739 2328 1791 scito
2355 1748 2405 1793 te
2431 1740 2534 1794 hoc
2559 1754 2698 1794 anno
2726 1753 2915 1815 sponte
2942 1746 3286 1800 nascentibus
3313 1762 3379 1801 ex
3407 1760 3551 1803 terra

315 1830 578 1899 τομάτως
632 1831 1099 1902 ἀναδοθησομένοις
1148 1834 1283 1905 πρὸς
1329 1834 1533 1906 τροφὴν
1584 1839 1781 1909 χρήσῃ,
1821 1840 1882 1891 τὸ

322 1920 465 1989 μηδὲ
492 1921 728 1974 δύνασθαι
762 1923 1004 1993 συνήθως
1042 1925 1139 1994 τὴν
1180 1923 1361 1997 χώραν
1396 1927 1669 1997 γεωργίας
1700 1932 1881 2001 τυχεῖν

321 2010 412 2064 διὰ
443 2012 539 2081 τήν
566 2013 666 2067 τῶν
689 2014 961 2085 πολεμίων
983 2015 1188 2084 ἔφοδον.

394 2120 415 2152 ι
445 2102 546 2154 Καὶ
580 2103 790 2156 ἔσονται
837 2106 883 2157 οί
917 2106 1393 2177 καταλελειμμένοι
1434 2110 1493 2162 ὲν
1525 2111 1591 2181 τῇ
1628 2111 1874 2184 Ἰουδαίᾳ,

312 2193 571 2262 φυήσουσι
626 2196 781 2266 ῥίζαν
822 2196 989 2260 κάτω,
1034 2198 1126 2250 καὶ
1153 2200 1435 2268 ποιήσουσι
1472 2202 1691 2273 σπέρμα
1730 2204 1873 2267 ἄνω,

305 2286 388 2339 ὅτι
416 2287 474 2351 ἐξ
516 2288 870 2359 Ἰερουσαλὴμ
908 2288 1116 2342 ἔσονται
1160 2292 1207 2345 οί
1240 2292 1739 2365 καταλελειμμένοι,
1784 2296 1878 2348 καὶ⁹

304 2380 353 2430 οἱ
370 2378 667 2449 σωζόμενοι
693 2380 751 2445 ἐξ
776 2379 932 2449 ὅρους
963 2379 1118 2435 Σιών.
1158 2383 1215 2435 Ὀ
1238 2382 1397 2452 ζῆλος
1420 2385 1621 2455 Κυρίου
1651 2385 1873 2439 Σαϐαὼθ

305 2470 520 2539 ποιήσει
549 2470 743 2524 ταῦτα.
769 2471 866 2523 Διά
899 2471 1053 2525 τοῦτο
1071 2473 1241 2537 οὕτως
1264 2474 1407 2543 λέγει
1431 2476 1631 2547 Κύριος
1668 2480 1760 2531 ἐπὶ
1783 2478 1875 2548 βα-

306 2562 456 2615 σιλέα
495 2544 931 2635 Ἀσσυρίων·’οὐ
970 2566 1043 2636 μὴ
1074 2566 1286 2638 εἰσέλθῃ
1328 2570 1406 2632 εἰς
1560 2570 1711 2623 πόλιν
1743 2544 1873 2625 ταύ-

303 2671 423 2725 την,
457 2655 578 2708 οὐδὲ
608 2656 681 2726 μὴ
705 2656 841 2731 βάλῃ
872 2658 959 2709 ἐπ’
980 2658 1148 2729 αὐτὴν
1184 2657 1351 2728 βέλος,
1384 2660 1504 2713 οὐδὲ
1540 2662 1612 2733 μὴ
1642 2664 1873 2733 ὲτιὸάλῃ

306 2745 319 2756 .
374 2743 389 2762 .
465 2745 477 2759 .
897 2748 908 2762 .
952 2750 975 2776 ι
1210 2749 1225 2762 .
1260 2748 1271 2765 .
1458 2752 1471 2771 ,
1544 2753 1556 2769 .
1751 2755 1761 2770 ,

302 2761 376 2796 επ
418 2746 588 2815 αυτὴν
614 2745 825 2817 θυρεὸν,
858 2748 977 2801 ουδε
1002 2748 1074 2820 μὴ
1103 2767 1353 2821 κυκλωσῃ
1386 2752 1456 2801 ὲπ
1500 2753 1663 2824 αυτὴν
1702 2772 1872 2825 χαρα-

303 2853 396 2899 κα,
440 2856 458 2886 ι
495 2838 555 2889 εὖ
590 2838 808 2902 εἰδότες,
832 2840 906 2903 ὼς
936 2843 983 2893 οἱ
1005 2841 1440 2911 περιλειφθέντες
1469 2847 1525 2896 ἐν
1554 2849 1618 2917 τῇ
1649 2846 1872 2920 Ἰουδαίᾳ

304 2926 444 2995 μετά
488 2927 585 2998 τὴν
620 2930 992 2999 αἰχμαλωσίαν
1030 2931 1122 2984 τοῦ
1154 2934 1211 2985 ὲν
1243 2935 1520 3007 Σαμαρείᾳ
1554 2937 1789 3007 πλήθους
1812 2940 1870 2991 ἐν

1981 1826 2243 1884 fructibus
2286 1830 2550 1885 victurum
2597 1848 2755 1897 esse;
2793 1836 2931 1902 quod
2969 1851 3073 1889 non
3110 1840 3344 1906 potuerit
3379 1840 3546 1911 regio,

1981 1920 2211 1976 inimicis
2240 1922 2678 1990 irrumpentibus,
2708 1940 2804 1992 pro
2841 1940 2989 1980 more
3020 1926 3179 1981 solito
3203 1929 3399 1984 excoli.

2050 2101 2210 2156 Vens.
2235 2102 2326 2167 32,
2355 2103 2445 2160 33.
2478 2122 2497 2156 ε
2532 2104 2597 2159 Ει
2620 2114 2775 2159 erunt
2802 2105 2989 2173 reliqui
3020 2107 3072 2160 in
3106 2105 3307 2173 Judma,
3346 2109 3547 2179 produ-

1978 2205 2100 2250 cent
2144 2196 2374 2251 radicem
2415 2197 2689 2258 deorsum,
2736 2208 2791 2252 et
2842 2197 3039 2252 facient
3072 2213 3252 2254 semen
3307 2216 3545 2268 sursum,

1977 2285 2099 2353 quia
2132 2300 2194 2338 ex
2218 2281 2512 2340 Jerusalem
2533 2298 2693 2341 erunt
2727 2289 2947 2353 residui,
2969 2298 3021 2342 et
3046 2289 3238 2345 salvati
3270 2292 3335 2347 de
3366 2303 3548 2348 monte

1979 2375 2128 2430 Sion.
2169 2376 2327 2430 Zelus
2367 2375 2576 2432 Domini
2618 2378 2852 2434 Sabaoth
2890 2381 3050 2437 faciet
3078 2384 3207 2439 haec.
3252 2382 3547 2454 Propterea

1976 2466 2052 2520 sic
2074 2467 2202 2521 dicit
2229 2465 2483 2521 Dominus
2514 2469 2564 2521 in
2595 2485 2771 2540 regem
2813 2472 3186 2541 Assyriorum:
3218 2472 3334 2528 Non
3370 2475 3543 2529 intra-

1976 2555 2051 2609 bit
2081 2556 2133 2609 iu
2157 2555 2426 2611 civitatem
2458 2556 2618 2621 banc,
2644 2574 2816 2627 neque
2832 2558 2999 2625 jaciet
3032 2563 3083 2615 in
3117 2576 3234 2615 eam
3265 2564 3543 2633 sagittam.

1975 2658 2149 2712 neque
2174 2645 2425 2699 immittet
2450 2646 2501 2699 in
2529 2662 2648 2700 eam
2670 2647 2943 2716 clypeum,
2980 2666 3151 2719 neque
3182 2652 3543 2708 circumdabit

1972 2748 2088 2788 eam
2125 2734 2281 2802 vallo,
2321 2753 2339 2786 ι
2366 2735 2597 2789 scientes
2640 2752 2757 2802 vos,
2799 2748 2917 2807 post
2949 2740 3237 2795 abductum
3283 2743 3336 2795 in
3371 2744 3545 2813 capti-

1974 2827 2190 2879 vitatem
2232 2826 2487 2880 Samaria:
2513 2828 2763 2897 populum
2801 2831 2851 2883 in
2882 2830 3063 2885 Judaea
3091 2834 3394 2903 derelictos,
3416 2851 3539 2890 cum

1973 2933 2102 2988 pace
2152 2929 2369 2974 acturos
2406 2935 2560 2985 esse,
2604 2922 2649 2976 si
2680 2926 2747 2976 ad
2800 2923 3050 2991 placitum
3105 2942 3281 2979 meum
3329 2926 3541 2980 firmam

302 3019 497 3090 εἰρήνῃ
527 3018 880 3087 διατελέσετε,
914 3024 961 3074 εἰ
999 3023 1140 3077 κατά
1175 3025 1273 3095 τὴν
1303 3026 1438 3097 ἐμὴν
1464 3026 1676 3099 βουλὴν,
1715 3029 1867 3101 ῥίζαν

1973 3014 2186 3082 pietatis
2219 3014 2453 3068 radicem
2485 3013 2537 3067 in
2572 3014 2749 3069 anima
2785 3026 2960 3070 vestra
3002 3027 3278 3086 ponentes,
3309 3018 3539 3073 fructum

302 3109 629 3177 ὲμσαλὸντες
662 3111 878 3181 ἑδραίαν
920 3113 1221 3180 θεοσεϐείας
1269 3120 1325 3171 ὲν
1356 3121 1421 3189 τῇ
1460 3119 1668 3174 ἑαυτῶν
1697 3121 1863 3193 ψυχῇ,

300 3202 511 3271 καρπὸν
544 3205 635 3273 τῆς
664 3205 802 3275 ἐμῆς
836 3207 1105 3277 γεωργίας
1141 3208 1288 3275 ἄξιον
1333 3210 1700 3265 ἀναϐλέποντα
1732 3213 1867 3284 πρὸς

301 3292 374 3361 μὲ
399 3293 723 3347 ἀναδὼσετε.

376 3401 395 3434 ε
445 3383 602 3436 Ἀλλά
634 3388 698 3456 τῇ
723 3379 878 3459 ὀδῷᾖ
906 3380 1088 3457 ἦλθεν,
1114 3389 1172 3439 ἐν
1196 3389 1331 3461 αὐτῇ
1365 3390 1861 3465 ἀποστραφήσεται,

296 3472 392 3525 καὶ
411 3476 491 3536 είς
512 3475 611 3545 τὴν
626 3475 777 3527 πόλιν
797 3476 997 3548 ταύτην
1016 3478 1075 3530 οὐ
1097 3478 1169 3549 μὴ
1191 3479 1421 3553 είσέλθῃ.
1448 3483 1584 3535 Τάδε
1602 3483 1746 3552 λέγει
1760 3484 1865 3537 Κύ-

298 3582 414 3638 ριος
431 3583 447 3595 ο
490 3568 839 3638 Ὑπερασπιῶ
856 3569 992 3640 ὑπὲρ
1015 3573 1113 3641 τῆς
1133 3572 1335 3635 πόλεως
1353 3573 1555 3646 ταύτης
1580 3575 1673 3628 τοῦ
1694 3578 1863 3631 σῶσαι

294 3658 465 3728 αὐτὴν
486 3658 552 3711 δι’
583 3659 681 3725 ἐμὲ
700 3698 715 3721 ,
756 3660 847 3712 καὶ
877 3658 963 3712 διὰ
993 3646 1151 3713 Αἀυἳδ
1176 3662 1267 3715 τὸν
1288 3665 1451 3719 παῖδά
1482 3684 1603 3736 μου.
1638 3686 1656 3719 ι
1696 3668 1864 3722 Τοῦτο

293 3748 404 3818 γὰρ
432 3748 557 3818 ἐμοὶ
584 3748 700 3819 Θεῷ
725 3749 836 3802 ὄψει
870 3750 1083 3822 πρέπει.
1118 3752 1208 3804 Διὸ
1233 3754 1401 3808 ταῦτα
1428 3756 1617 3827 πράξω
1649 3757 1715 3810 δι’
1740 3759 1860 3829 ἐμὲ,

292 3838 409 3891 ἀλλ’
432 3839 493 3891 οὐ
520 3838 607 3891 διὰ
628 3839 720 3892 τοῦ
745 3838 925 3904 ἀξίους
940 3837 1074 3894 εἶναι
1098 3842 1223 3906 τοὺς
1240 3842 1650 3916 βοηθουμένους.

367 4037 387 4070 ι
416 4012 528 4072 Καὶ
552 4018 770 4091 ἐξῆλθεν
800 4022 1024 4090 ἄγγελος
1049 4024 1273 4095 Κυρίου,
1307 4024 1399 4078 καὶ
1429 4026 1635 4079 ἀνεῖλεν
1664 4029 1727 4080 ἐκ
1760 4029 1858 4099 τῆς

288 4114 643 4187 πρεμὸολῆς
668 4115 774 4169 τῶν
816 4117 1109 4189 Ἀσσυρίων
1142 4126 1257 4190 ρπε¹
1278 4119 1547 4189 χιλιάδας·
1596 4122 1688 4173 καὶ
1716 4124 1861 4175 ἀνα-

294 4206 519 4270 πάντες
538 4208 600 4259 τὸ
616 4207 778 4278 πρωῒ,
809 4204 963 4280 εὗρον
985 4210 1158 4263 πάντα
1179 4213 1245 4264 τὰ
1279 4212 1506 4282 σώματα
1532 4214 1718 4285 νεκρά.
1751 4214 1858 4267 Καὶ

285 4297 536 4368 ἀπῆλθεν
574 4299 943 4370 ἀποστραφεὶς
986 4300 1353 4373 Σενναχηρεὶμ
1384 4302 1632 4373 βασιλεὺς
1666 4305 1855 4357 Ἀσσυ-

1970 3107 2294 3175 agricultura
2324 3123 2441 3161 mea
2488 3107 2724 3177 dignum,
2760 3108 2826 3161 ad
2865 3125 2948 3163 me
2997 3121 3362 3179 spectantem,
3397 3121 3541 3166 attu-

1968 3197 2158 3253 leritis.

2040 3381 2199 3436 Vens.
2230 3382 2320 3446 54,
2345 3382 2434 3436 55.
2473 3399 2492 3433 ι
2530 3381 2640 3436 Sed
2663 3397 2767 3450 qua
2797 3379 2881 3433 via
2916 3382 3083 3446 venit,
3124 3384 3311 3438 eadem
3357 3400 3539 3440 rever-

1968 3481 2135 3536 tetur,
2167 3484 2219 3528 et
2248 3474 2299 3526 in
2327 3475 2462 3528 hanc
2498 3473 2685 3528 urbem
2720 3489 2822 3526 non
2858 3474 3209 3541 ingredietur.
3254 3474 3375 3531 Ilzcc
3404 3478 3537 3541 dicit

1967 3565 2223 3619 Dominus
2249 3584 2262 3619 :
2290 3563 2575 3635 Protegam
2598 3565 2867 3619 civitatem
2901 3565 3059 3628 hanc,
3083 3574 3140 3619 ut
3164 3580 3375 3620 servem
3411 3582 3531 3621 eam

1964 3669 2179 3728 propter
2202 3670 2320 3720 me,
2354 3666 2407 3710 et
2450 3667 2668 3725 propter
2716 3655 2879 3709 David
2922 3670 3135 3709 servum
3174 3671 3374 3710 meum.
3418 3676 3439 3709 ι
3475 3658 3529 3711 ld

1961 3749 2106 3803 enim
2134 3748 2284 3812 mihi,
2318 3758 2375 3802 ut
2406 3748 2530 3811 Deo,
2559 3763 2858 3818 congruens
2894 3757 2993 3801 est.
3020 3746 3196 3814 Quare
3230 3748 3279 3801 id
3310 3762 3531 3818 propter

1964 3852 2048 3891 me
2096 3853 2283 3908 agam;
2314 3837 2407 3892 sed
2465 3853 2569 3892 non
2620 3838 2764 3907 quod
2802 3837 2876 3891 illi
2907 3838 2995 3906 qui
3027 3835 3285 3905 juvantur
3326 3840 3530 3895 auxilio

1961 3928 2104 3999 digni
2130 3932 2258 3983 sint.

2029 4020 2401 4076 Vans.36-58.
2428 4040 2446 4071 ε
2484 4020 2550 4074 Et
2601 4035 2849 4089 egressus
2897 4032 2980 4077 est
3027 4022 3248 4092 angelus
3283 4021 3524 4091 Domini,

1959 4123 2010 4167 et
2069 4114 2340 4167 interfecit
2377 4128 2443 4166 ex
2482 4114 2674 4167 castris
2733 4115 3072 4182 Assyriorum
3122 4126 3337 4169 centum
3378 4126 3527 4171 octo-

1959 4207 2105 4272 ginta
2126 4207 2362 4276 quinque
2386 4205 2651 4259 milliazel
2680 4215 2965 4273 surgentes
2994 4220 3171 4272 mane,
3204 4206 3527 4259 invenerunt

1959 4300 2138 4356 omnia
2162 4288 2445 4353 cadavera.
2496 4297 2562 4351 Et
2588 4312 2836 4353 reversus
2861 4296 2993 4351 abiit
3018 4297 3401 4352 Senuacberim
3429 4310 3521 4350 rex

290 4390 443 4461 ρίων,
471 4391 565 4444 καὶ
586 4390 801 4462 ᾤκησεν
830 4393 888 4444 ὲν
912 4392 1109 4463 Νινευῇ
1131 4410 1147 4424 ·
1179 4395 1273 4447 καὶ
1306 4397 1363 4448 ὲν
1392 4396 1469 4467 τῷ
1497 4396 1658 4451 αὑτὸν
1684 4414 1851 4469 προσ-

1969 4394 2321 4462 Assyriorum,
2356 4400 2407 4446 et
2443 4391 2706 4445 habitavit
2742 4391 2796 4445 in
2837 4390 3049 4451 Ninive,
3100 4400 3154 4445 et
3184 4404 3305 4443 cum
3331 4388 3523 4442 adora-

287 4486 471 4537 κυνείν
523 4484 579 4535 ἐν
620 4483 698 4555 τῷ
734 4484 867 4555 οἴκῳ
900 4484 1161 4556 Νασαράχ
1202 4486 1293 4540 τὸν
1328 4487 1637 4559 πάτραρχον
1666 4488 1851 4553 αὑτοῦ,

298 4575 631 4646 ’Δδραμέλεχ
650 4573 744 4628 καὶ
778 4576 1035 4647 Σαρασάρ
1061 4578 1109 4629 οἱ
1134 4578 1238 4629 υίοὶ
1265 4577 1429 4630 αὑτοῦ
1459 4580 1732 4646 ἐπάταξαν
1758 4581 1855 4633 αὑ-

280 4668 374 4718 τὸν
405 4667 718 4737 μαχαίραις.
752 4668 912 4719 Αὐτοὶ
954 4667 1011 4720 δὲ
1043 4668 1375 4738 διεσώθησαν
1419 4672 1498 4733 είς
1542 4672 1846 4742 Ἀρμενίαν,

281 4762 379 4813 καὶ
412 4761 758 4815 ἐϐασίλευσεν
803 4763 1057 4833 Ἀσορδὰν
1089 4766 1117 4816 ὁ
1138 4764 1250 4827 υίὸς
1278 4763 1440 4817 αὑτοῦ
1468 4766 1578 4818 ἀντ’
1602 4766 1784 4820 αὐτοῦ.
1821 4787 1841 4819 ι

282 4852 397 4902 Οὐκ
424 4853 507 4912 είς
528 4852 743 4923 μακρὰν
771 4852 826 4904 δὲ
854 4856 962 4915 τοῖς
991 4852 1173 4934 *λόγοις
1198 4854 1401 4925 φοϐερά
1420 4873 1505 4918 τις
1528 4855 1679 4927 θεῖκὴ
1713 4861 1849 4929 πρά-

281 4942 363 5005 ξις
385 4942 575 4994 εἵπετο
615 4943 812 4997 αὐτίκα
858 4945 995 5014 μετά
1028 4945 1231 5009 ταύτας
1266 4947 1363 5011 τὰς
1397 4948 1599 5016 φωνάς,
1622 4949 1729 5002 οὐδ’
1755 4952 1850 5003 ἀν-

280 5032 557 5104 θρωπίνης
600 5033 841 5105 μεθόδου,
880 5036 1132 5106 μυριάδες
1162 5037 1375 5109 ἀθρόως
1413 5039 1619 5111 ἀνδρῶν
1655 5040 1847 5112 εὕρην-

275 5140 369 5176 ται
395 5125 585 5193 νεκραὶ
614 5125 937 5197 βεϐλημέναι
978 5128 1082 5181 ὑπὸ
1106 5129 1284 5198 χειρὸς
1322 5131 1441 5193 ἐνὸς
1469 5131 1694 5199 ἀγγέλου
1715 5150 1727 5163 ο
1761 5150 1847 5186 το-

278 5216 471 5291 σοῦτος
493 5216 601 5287 γὰρ
624 5212 692 5287 ἦν
725 5212 897 5284 οὗτος,
944 5219 1019 5283 ὡς
1047 5218 1181 5272 Θεοῦ
1221 5222 1396 5291 κρίσει
1425 5222 1844 5293 διακονήσασθαι

275 5312 367 5365 καὶ
387 5310 629 5365 τοσαῦτα
650 5312 824 5383 πλήθη
848 5311 954 5365 τῶν
976 5311 1247 5380 πολεμίων
1270 5312 1478 5366 ἀνελεῖν
1493 5330 1505 5343 '
1536 5315 1679 5377 ὅπως
1699 5314 1843 5387 ἔργῳ

275 5405 469 5474 πεῖραν
507 5401 661 5455 λάϐοι
691 5402 720 5454 ὁ
747 5402 948 5455 τούτων
976 5400 1244 5471 βασιλεὺς,
1290 5399 1348 5462 ὃς
1401 5402 1840 5475 κατεϐλασφήμει

272 5494 430 5547 Θεοῦ.
491 5494 696 5546 Τούτου
735 5493 861 5561 γοῦν
903 5495 1087 5547 ἕνεκεν
1128 5492 1391 5546 τοσούτων
1438 5494 1837 5565 ἀπολλυμένων,

272 5588 329 5639 οὑ
373 5585 777 5650 συναπώλλυτο,
815 5586 887 5649 ὡς
925 5585 990 5640 ἂν
1029 5586 1229 5656 θεωρὸς
1262 5584 1547 5656 γενόμενος
1578 5586 1671 5638 τοῦ
1701 5603 1840 5655 πρα-

274 5680 517 5748 χθέντος,
573 5678 672 5749 τὴν
726 5678 881 5734 ἄθεον
930 5679 1094 5732 αὑτοῦ
1136 5678 1379 5747 γλῶτταν
1414 5677 1831 5748 ὲπιστομίσειεν.

1962 4495 2044 4538 ret
2066 4486 2121 4537 in
2154 4484 2313 4539 domo
2340 4481 2614 4538 Nasarach
2644 4492 2931 4553 patronum
2969 4498 3146 4546 suum,
3169 4481 3518 4536 Adrameleclt

1958 4588 2011 4631 et
2044 4577 2273 4630 Sarasar
2305 4576 2395 4630 filii
2445 4576 2559 4644 eius
2590 4584 2976 4646 percusserunt
3017 4590 3137 4628 eum
3174 4573 3383 4643 gladiis.
3418 4573 3518 4642 Ipsi

1959 4682 2084 4723 vero
2108 4671 2461 4737 confugerunt
2488 4670 2538 4723 in
2568 4669 2899 4731 Armeniam,
2929 4677 2981 4722 et
3004 4666 3245 4736 regnavit
3278 4666 3516 4720 Asordan

1956 4759 2097 4815 filius
2123 4762 2237 4823 eius
2284 4776 2382 4828 pro
2420 4774 2505 4815 eo.
2545 4779 2564 4812 ι
2619 4759 2725 4815 Nec
2754 4759 2921 4813 multo
2958 4766 3077 4827 post
3113 4758 3208 4811 bas
3231 4756 3399 4810 editas
3426 4771 3517 4810 vo-

1951 4871 2063 4920 ces,
2097 4870 2183 4907 res
2210 4852 2570 4921 perborrenda
2604 4852 2859 4906 divinitus
2885 4850 3101 4909 accidit.
3131 4849 3516 4903 non.lmman.'e

1951 4945 2243 5009 facultatis,
2264 4943 2532 5015 myriades
2549 4944 2782 4998 virorum
2810 4943 2966 4996 unius
2987 4940 3161 5012 angeli
3189 4956 3345 4994 manu
3362 4954 3520 4996 caesae

1954 5049 2179 5105 reperta:
2228 5044 2354 5090 sunt
2395 5050 2409 5087 :
2444 5043 2624 5089 tantus
2670 5034 2811 5090 enim
2864 5034 2953 5086 ille
3004 5033 3227 5103 angelus
3265 5040 3414 5095 erat,
3456 5043 3513 5086 ut

1943 5127 2145 5200 judicio
2179 5126 2271 5181 Dei
2302 5125 2655 5188 ministraret,
2685 5134 2739 5178 ct
2765 5134 2964 5179 tantam
3007 5124 3236 5177 hostium
3270 5124 3510 5177 multitu-

1951 5221 2130 5275 dinem
2172 5219 2540 5281 interficeret;
2596 5229 2652 5271 ut
2715 5232 2806 5271 rex
2869 5215 3080 5270 illorum
3140 5216 3509 5280 experimento

1949 5314 2181 5368 disceret
2213 5326 2273 5367 se
2299 5320 2485 5366 contra
2540 5310 2702 5363 Deum
2744 5307 3058 5376 blasphema
3100 5307 3403 5373 protulisse.
3434 5307 3505 5360 Ea

1947 5405 2013 5460 de
2044 5419 2227 5468 causa,
2257 5413 2334 5458 tot
2367 5401 2636 5468 tantisque
2690 5398 3037 5469 pereuntibus
3077 5399 3212 5462 aliis,
3249 5400 3360 5467 ipse
3383 5412 3507 5456 cum

1947 5497 2049 5552 illis
2073 5513 2175 5552 non
2205 5496 2387 5565 periit,
2418 5503 2473 5547 ut
2503 5502 2667 5561 gestze
2700 5492 2773 5549 rei
2828 5502 3100 5562 spectator
3127 5491 3373 5561 elfectus,
3402 5493 3503 5546 im-

1947 5588 2087 5658 piam
2133 5589 2367 5658 linguam
2420 5585 2670 5641 frenaret.
