4072 6194
263 304 357 379 357
1139 306 1640 369 COMMENTARIA
1682 311 1747 364 IN
1785 310 2039 365 ISAIA'M.
2084 341 2148 348 —
2186 310 2338 367 CAP.
2379 304 2668 370 XXXVIII.

3407 319 3515 376 558

260 441 581 515 προσευχῆς
608 448 720 503 σου,
748 437 837 491 καὶ
867 432 1007 489 εἶδον
1032 436 1099 489 τὰ
1128 436 1337 508 δάκρυά
1360 452 1473 487 σου.
1519 434 1650 487 Ἰδοὺ
1676 451 1839 504 προσ-

1945 430 2260 486 ascriberet.
2290 449 2307 481 ι
2345 431 2534 515 audivi
2569 431 2870 486 oralionem
2901 440 3068 499 luam,
3119 442 3175 488 et
3199 434 3304 488 vidi
3347 435 3517 508 lact-y-

256 535 460 608 τίθημι
493 534 629 606 πρὸς
651 531 735 584 τὸν
760 530 950 600 χρόνον
974 546 1067 581 σου
1094 536 1153 581 ιε’
1175 528 1291 599 ἔτη;
1337 546 1355 579 ι

345 741 365 772 ι
412 719 524 772 Καὶ
570 719 630 769 ὲκ
675 713 855 785 χειρὸς
927 710 1191 782 βασιλέως
1248 709 1546 779 Ἀσσυρίων
1602 706 1836 777 ῥύσομαι

268 821 333 863 σε
386 810 477 862 καὶ
517 807 607 877 τὴν
655 805 812 857 πόλιν
866 802 1093 874 ταύτην.
1156 820 1173 853 ι
1237 800 1390 854 Ἐπεὶ
1447 800 1540 852 καὶ
1592 801 1641 851 οἱ
1695 797 1843 865 λόγοι

271 906 372 974 τῆς
427 900 579 969 εὐχῆς
620 897 719 950 οὐκ
776 897 835 949 ὲν
889 894 1180 963 πολυλογίᾳ
1239 890 1635 962 περιεχόμενοι,
1705 888 1844 955 ἄξιοι

272 993 561 1047 τῶνάκοῶν
612 985 754 1059 ἦσαν
812 986 909 1039 τοῦ
963 984 1118 1047 Θεοῦ,
1166 984 1260 1038 καὶ
1316 982 1376 1036 τὸ
1435 982 1543 1036 τῶν
1597 981 1844 1052 δακρύων

266 1086 419 1155 ἔργον
486 1081 627 1135 κατά
674 1079 868 1151 καιρὸν
918 1076 1153 1145 εὐλόγως
1202 1076 1298 1129 καὶ
1339 1074 1650 1142 ἀναγκαίως
1693 1073 1841 1140 γενό-

262 1192 417 1244 μενον
442 1174 570 1235 τοὺς
590 1172 691 1241 τῆς
716 1166 1021 1239 ἐπισκοπῆς
1046 1167 1137 1221 τοῦ
1173 1166 1307 1219 Θεοῦ
1334 1160 1482 1219 εἷλκε
1519 1165 1652 1235 πρὸς
1683 1163 1843 1215 αὐτὸν

255 1264 591 1335 ἕφθαλμούς·
659 1261 743 1314 διὸ
800 1262 896 1314 καὶ
929 1258 1163 1312 ἐπινεύει
1211 1257 1360 1327 αὐτῷ
1409 1255 1556 1326 ζωῆς
1604 1252 1842 1325 προσθή-

249 1358 375 1429 κην,
406 1359 554 1428 ἔργῳ
587 1355 884 1427 παριστὰς,
912 1353 987 1418 ὼς
1018 1352 1141 1405 οὔτε
1175 1351 1335 1421 φύσει
1366 1350 1584 1420 ἀτάκτῳ
1618 1348 1843 1410 θάνατος

257 1450 567 1522 ἀνθρώποις
605 1447 859 1519 ὥρισται,
910 1443 1031 1497 οὔτε
1075 1443 1288 1515 ἀνάγκῃ
1338 1441 1713 1513 ἀπαραιτήτῳ.
1767 1438 1840 1489 Ob

258 1544 415 1614 μόνον
449 1541 509 1595 δὲ
544 1541 774 1612 χρόνους
801 1537 947 1608 αὐτῷ
969 1537 1132 1607 ζωῆς,
1160 1535 1273 1588 ἀλλ’
1304 1536 1366 1587 ὲκ
1392 1531 1725 1605 περιουσίας,
1754 1524 1842 1584 οἶα

257 1634 412 1697 Θεὸς,
440 1633 538 1686 καὶ
561 1630 790 1695 εύζωῖαν
814 1627 962 1697 αὐτῷ
988 1627 1087 1697 τὴν
1114 1628 1171 1680 ὲν
1194 1625 1447 1678 συστάσει
1470 1623 1563 1676 καὶ
1585 1620 1843 1693 είρηναίῳ

258 1725 366 1795 βίῳ
393 1722 806 1792 ἐπαγγέλλεται,
863 1719 1025 1772 αὐτόν
1058 1735 1119 1770 τε
1149 1716 1284 1788 ὁμοῦ
1313 1716 1407 1769 καὶ
1442 1715 1533 1768 τὸν
1563 1714 1659 1767 σὺν
1692 1710 1841 1781 αὐτῷ

1946 537 2062 575 mas
2094 533 2234 575 tuas.
2296 508 2434 575 Ecce
2493 521 2695 591 adjicio
2755 524 2821 576 ad
2886 531 3096 592 tempus
3147 532 3299 581 t‘uum
3349 540 3520 584 annos

1945 612 2277 683 quindecim.
2336 631 2355 664 ι

2016 702 2176 757 Vens.
2202 702 2254 758 6.
2283 723 2301 754 ι
2332 703 2399 757 Ει
2429 703 2495 758 de
2521 718 2683 758 manu
2715 703 2858 773 regis
2878 704 3223 776 Assyriorum
3246 720 3436 762 eruam
3468 717 3523 764 te

1943 806 1999 852 et
2036 797 2306 851 civitatem
2348 796 2507 851 hanc.
2547 815 2565 848 ›
2598 796 2733 862 Quia
2765 798 3028 851 orationis
3062 812 3166 851 non
3216 798 3520 867 loquacita-

1946 898 2050 942 tem
2084 887 2419 956 praeferentis
2452 887 2616 942 verba
2646 887 2846 941 divinis
2873 888 3095 943 auribus
3120 888 3279 956 digna
3308 900 3466 945 erant
3503 907 3516 942 :

1944 993 1998 1036 ct
2033 983 2158 1051 quia
2208 981 2570 1053 lacrymarum
2621 981 2704 1034 vis
2744 980 3064 1050 congruenti
3112 991 3168 1035 et
3208 984 3520 1037 necessario

1948 1080 2188 1140 tempore
2251 1072 2478 1133 emissa,
2539 1070 2891 1145 inspectiouis
2950 1071 3143 1124 divina:
3195 1073 3380 1127 oculos
3449 1075 3517 1127 ad

1947 1160 2118 1229 ipsum
2147 1159 2434 1224 alliciebat,
2463 1161 2581 1215 ideo
2613 1161 2752 1214 Deus
2778 1161 2876 1230 ipsi
2908 1162 3120 1225 annuit,-
3150 1163 3519 1216 accessionem

1947 1254 2070 1307 vitaa
2105 1254 2432 1317 concedens,
2467 1268 2740 1322 opereque
2783 1254 3091 1318 declarans,
3137 1270 3240 1307 non
3279 1270 3342 1308 ex
3378 1256 3522 1310 inor-

1945 1344 2124 1398 dinata
2154 1354 2359 1398 naturae
2386 1346 2521 1414 lege,
2558 1360 2730 1413 neque
2753 1359 2815 1399 ex
2847 1346 3142 1399 inevitabili
3172 1348 3521 1413 necessitate,

1945 1443 2169 1487 tnortem
2203 1433 2513 1488 hominibus
2543 1436 2871 1489 destinatam
2905 1450 3040 1490 esse.
3085 1436 3198 1491 Non
3227 1439 3382 1492 modo
3427 1445 3523 1492 au-

1945 1531 2053 1575 tem
2085 1538 2258 1576 annos
2300 1524 2445 1588 vitm,
2496 1525 2591 1578 sed
2622 1526 2783 1579 etiam
2815 1540 2879 1580 ex
2914 1526 3309 1593 munificentia,
3341 1538 3524 1597 utpote

1944 1611 2106 1675 Deus,
2136 1614 2475 1679 tranquillam
2510 1614 2610 1682 ipsi
2665 1624 2720 1668 et
2750 1624 2996 1682 pacatam
3020 1618 3184 1670 vitam
3216 1618 3519 1687 pollicetur,

1943 1718 2005 1759 ac
2036 1714 2147 1756 tum
2180 1705 2378 1772 ipsum,
2418 1715 2529 1757 tum
2586 1705 2839 1774 populum
2890 1708 3006 1775 cjns
3042 1718 3096 1761 et
3141 1710 3419 1764 civitatem
3456 1690 3521 1765 de

262 1816 395 1870 λαδν
454 1817 550 1868 καὶ
591 1815 683 1883 τὴν
729 1812 883 1865 πόλιν
943 1813 1009 1865 ὲκ
1054 1810 1153 1880 τῆς
1203 1808 1310 1862 τῶν
1352 1806 1625 1877 πολεμίων
1658 1804 1839 1875 χειρὸς

1950 1800 2200 1853 manibus
2232 1799 2572 1851 inimicorum
2626 1807 2936 1866 erepturum
2990 1815 3047 1852 se
3079 1802 3348 1869 promittit
3393 1820 3407 1855 :
3459 1813 3520 1856 ut

267 1910 555 1974 διασώζειν
609 1905 1044 1976 ὑπισχνούμενος,
1104 1901 1328 1972 σημεῖόν
1383 1918 1442 1953 τε
1501 1898 1648 1969 αὐτῷ
1697 1914 1838 1969 παρ-

272 2007 391 2072 εῖχε
442 2004 538 2071 τῆς
588 1999 689 2053 τῶν
735 1997 1042 2069 εἰρημένων
1086 1995 1322 2058 πίστεως
1365 1992 1431 2045 δι’
1488 1992 1674 2063 ἐτέρου
1730 2007 1839 2043 πα-

274 2098 518 2169 ραδόξου.

348 2208 369 2241 ι
394 2156 554 2240 Ἰζοῦτο
582 2187 637 2240 δέ
665 2203 748 2239 σοι
781 2183 842 2237 τὸ
873 2183 1094 2255 σημεῖον
1127 2179 1278 2252 παρά
1309 2176 1540 2249 Κυρίου,
1578 2174 1660 2228 ὅτι
1687 2156 1843 2245 ποιήά

269 2298 347 2335 σει
398 2278 600 2349 Κύριος
652 2277 716 2329 τὸ
776 2275 925 2347 ῥῆμα
968 2273 1145 2326 τοῦτο.
1190 2271 1319 2325 Ἰδοὺ
1348 2269 1457 2338 ὲγὼ
1494 2266 1710 2338 στρέψω
1744 2264 1842 2336 τὴν

266 2373 419 2427 σκιὰν
443 2372 551 2424 τῶν
574 2366 782 2423 ἀναϐαο
792 2367 927 2437 μῶν,
952 2365 1046 2429 οὒς
1066 2363 1267 2434 κατέϐη
1294 2363 1420 2425 τοὺς
1450 2368 1478 2413 ι’
1495 2358 1843 2429 ἀναϐαθμοὺς

257 2466 351 2520 τοῦ
398 2465 549 2518 οἴκου
591 2461 687 2516 τοῦ
732 2459 935 2530 πατρός
970 2474 1063 2510 σου
1103 2456 1131 2507 ὁ
1166 2456 1336 2527 ἥλιος.
1381 2450 1732 2523 ’Δποστρέψω
1751 2450 1842 2530 τὸν

258 2558 407 2627 ἥλιον
437 2556 568 2618 τοὺς
604 2560 634 2606 ι’
668 2521 1047 2620 ἀναϐαθμούς·
1088 2521 1377 2615 καὶάνέϐη
1410 2545 1439 2596 ό
1466 2521 1617 2613 ἥλιος
1655 2539 1781 2602 τοὺς
1810 2521 1840 2590 ι’

260 2647 633 2718 ἀναϐαθμοὺς,
657 2643 750 2707 οὓς
782 2642 984 2711 κατέϐη
1011 2642 1045 2710 ή
1076 2636 1221 2691 σκιά.
1259 2656 1278 2689 ι
1310 2637 1539 2707 Σημεῐον
1558 2633 1653 2704 μὲν
1669 2631 1844 2702 ὑπήρ-

256 2757 383 2812 χετο
428 2737 763 2809 Θαυμαστὸν,
817 2735 909 2788 καὶ
942 2732 1033 2785 τὸν
1069 2729 1309 2793 Ἐζεκίου
1350 2727 1459 2781 άπὸ
1499 2724 1718 2795 δυσμῶν
1746 2721 1842 2776 τοῦ

258 2834 375 2903 βίον
408 2829 670 2901 δευτέραν
702 2823 1129 2896 παλινδρομήσαι
1165 2818 1333 2890 ζωήν.

260 2959 582 3033 "pauculi;
652 2956 916 3033 Ἐζεκίου
982 2950 1287 3033 βαᾳιᾷέῳς
1348 2948 1459 3033 τῆς
1522 2944 1840 3033 ’ζουδαίιξςν

330 3016 951 3098 ὴνίκᾶἐμαλάκίσθη,
985 3016 1102 3076 ίκαὶ
1136 3018 1361 3087 ἀνέστη
1392 3019 1461 3070 ἐκ
1502 3016 1613 3086 τῆς
1650 3019 1844 3085 μαλα-

334 3097 471 3168 κίας
506 3097 713 3154 αὐτοῦ.

338 3234 357 3267 ι
399 3213 542 3282 Ἐγὼ
564 3210 691 3265 εἶπα
720 3213 777 3263 ὲν
801 3208 877 3280 τῷ
906 3208 1027 3279 ὓψει
1049 3207 1154 3261 τῶν
1179 3204 1399 3277 ἡμερῶν
1425 3219 1545 3275 μου’
1577 3201 1839 3273 Πορεύσο-

258 3322 364 3380 put
396 3309 457 3359 έν
489 3304 680 3366 πύλαις
706 3303 856 3374 ᾅδου,
890 3300 1199 3368 καταλείψω
1219 3299 1286 3349 τά
1309 3296 1404 3366 ἐτη
1436 3294 1504 3347 τά
1529 3294 1834 3347 ἐπίλοιπα.»

258 3396 527 3458 Συνειδὼς
560 3393 667 3464 γάρ
706 3389 937 3462 ἐμαυτὸν
987 3388 1085 3458 ήδη
1134 3386 1317 3439 λοιπὸν
1340 3386 1459 3446 ταῖς
1485 3381 1579 3435 τοῦ
1612 3380 1840 3434 θανάτου

257 3489 462 3552 πύλαις
494 3485 890 3557 πλησιάζοντα,
909 3482 1139 3534 ἀπεῖπον
1163 3464 1257 3532 καὶ
1288 3477 1572 3546 ἀπήλπικα
1605 3470 1840 3543 ἐμαυτοῦ

254 3586 361 3655 τὴν
393 3585 454 3635 ἐν
481 3577 788 3648 ἀνθρώποις
819 3573 983 3645 ζωήν.

337 3694 355 3725 ι
404 3669 566 3726 Εἶπαο
600 3669 795 3723 Οὐκέτι
834 3668 892 3720 ού
932 3667 1005 3737 μὴ
1064 3665 1159 3717 ἴδω
1185 3662 1246 3715 τὸ
1290 3661 1555 3731 σωτήριον
1590 3658 1681 3710 τοῦ
1707 3656 1839 3709 Θεοῦ

253 3768 355 3820 ἐπὶ
380 3766 505 3836 γῆς,
528 3762 711 3817 οὐκέτι
737 3761 810 3831 μή
828 3760 919 3812 ἴδω
943 3756 1039 3811 ὄινο
1049 3772 1246 3828 ρωπον.
1285 3773 1304 3804 ι
1324 3752 1562 3814 Εἰκότως
1591 3751 1647 3802 έν
1670 3748 1840 3817 ἀγῶνι

254 3856 542 3918 καταστὰς
569 3854 675 3907 τῶν
724 3851 862 3923 μετά
882 3851 980 3919 τὴν
1007 3846 1327 3915 ἀπαλλαγὴν
1353 3844 1446 3897 τοῦ
1471 3844 1609 3912 βίου,
1640 3844 1833 3912 ὑπομι-

257 3953 500 4023 μνήσκει
543 3948 638 4018 μὲν
663 3945 765 4015 τῆς
815 3939 1008 3995 ἑαυτοῦ
1035 3937 1344 4000 θεοσεϐείας
1372 3936 1459 3989 τὸν
1490 3935 1640 4017 θεόν·
1671 3933 1757 4021 διὰ
1786 3934 1841 3985 δὲ

252 4010 670 4112 ⁴τοῦ-κλαυϐμοῦ
723 4010 796 4110 μὴ
831 4036 1081 4089 ἐκπεσεῖν
1125 4030 1227 4101 τῆς
1270 4028 1455 4100 χώρας
1486 4014 1592 4078 τῶν
1627 4010 1842 4089 ζώντων

256 4135 661 4208 κατηντιϐόλει.
684 4133 802 4183 Ἔτι
832 4128 887 4180 δὲ
920 4127 1013 4179 καὶ
1037 4123 1195 4178 τοῦτο
1229 4120 1365 4192 πρὸς
1393 4121 1504 4182 τοῖς
1534 4118 1841 4188 εἰρημένοις

254 4232 453 4283 ἐλύπει
480 4228 573 4281 τὸν
609 4222 873 4288 Ἐζεκίαν,
909 4218 1110 4291 μηδένα
1151 4214 1390 4284 διάδοχον
1435 4214 1500 4265 ὲκ
1532 4209 1843 4280 σπέρματος

258 4323 533 4394 ὑπάρχειν
555 4316 742 4379 αὐτοϋ,
785 4315 953 4385 μήπω
974 4309 1159 4372 παιδὸς
1199 4305 1348 4375 αὐτῷ
1382 4302 1694 4373 γενομένου,
1721 4298 1841 4353 καθ’

252 4418 319 4469 ον
351 4390 547 4485 χρόνον
571 4409 710 4464 αὐτὰ
748 4407 953 4476 ἔλεγεν.
992 4400 1209 4471 Ἐπειδὴ
1241 4398 1419 4451 τοίνυν
1449 4395 1615 4485 ἄπαις
1652 4390 1842 4462 ἔμελλε

253 4479 539 4576 τελευτᾷν,
570 4502 771 4574 μηδένα
793 4495 1103 4552 καταλιπὼν
1119 4491 1380 4560 διάδοχον,
1408 4484 1467 4551 ἐξ
1497 4479 1556 4539 οὗ
1584 4484 1646 4537 τὸ
1671 4483 1844 4553 σωτή-

255 4618 380 4673 ριον
402 4595 497 4651 τοῦ
521 4594 654 4647 Geo-3
687 4590 939 4659 γενέσθαι
983 4590 1038 4641 ὲν
1080 4582 1386 4654 ἀνθρώποις
1418 4576 1744 4649 προσδοκᾷν,
1769 4576 1843 4649 εί-

250 4667 438 4756 κὸτως
480 4690 548 4743 ἂν
576 4689 676 4758 τῆς
707 4685 801 4740 τοῦ
832 4679 1067 4755 Χριστοῦ
1115 4677 1417 4746 γεννήσεως
1447 4672 1545 4741 τῆς
1574 4672 1637 4722 ὲκ
1674 4667 1843 4738 σπέρ-

256 4798 437 4855 ματος
466 4778 562 4833 τοῦ
600 4776 761 4831 Δαυῖδ
794 4770 1171 4843 ἐπαιρόμενος,
1201 4766 1294 4819 καὶ
1323 4759 1666 4816 ἀπεκλαίετο.

342 4897 364 4929 ι
411 4872 689 4939 Ἑξέλιπεν
714 4871 779 4922 ὲκ
810 4867 911 4937 τῆς
956 4859 1275 4931 συγγενείας
1318 4872 1436 4927 μου·
1470 4850 1757 4908 κατέλιπον
1784 4850 1845 4903 τὸ

255 4967 544 5022 ἐπίλοιπον
590 4962 689 5032 τῆς
732 4958 875 5030 ζωῆς
908 4972 1030 5027 μου.
1071 4948 1289 5021 Ἐξῆλθε
1337 4946 1431 5000 καὶ
1466 4941 1703 5013 ἀπῆλθεν
1749 4940 1845 4992 ἀπ’

254 5062 421 5134 ἐμοῦ,
456 5059 645 5129 ὥσπερ
671 5056 699 5107 ὁ
726 5052 929 5123 σκηνὴν
950 5044 1232 5102 καταλύων
1260 5038 1455 5109 πήξας.
1503 5036 1589 5134 Ὢῂς
1619 5032 1844 5134 ίστδςτὸ

250 5123 485 5223 πνεῦμά
510 5123 773 5221 μου-παρ’
800 5145 923 5214 ἐμοὶ
943 5141 1177 5209 ἐγένετο,
1203 5133 1385 5206 ὲρίθου
1418 5123 1846 5223 ὲγγιζούσηςιὲκ-

247 5216 465 5319 τεμεέν.
558 5216 771 5311 Σκηνήν
800 5235 953 5291 καλεῖ
985 5233 1045 5286 τὸ
1080 5230 1259 5299 σῶμα,
1294 5226 1500 5279 ἕνοικον
1533 5221 1588 5273 δὲ
1621 5218 1718 5290 τὴν
1741 5216 1844 5305 ψυ-

428 5336 498 5409 ἦς
536 5331 941 5405 ἀναχωρούσης,
975 5327 1118 5380 ἔοικε
1148 5323 1211 5375 τὸ
1259 5322 1418 5391 σῶμα
1463 5311 1841 5382 καταλυομένη

492 5429 697 5500 σκηνὴν
730 5425 826 5496 μὲν
856 5422 1026 5489 λέγων
1056 5417 1117 5470 τὸ
1146 5414 1323 5485 σῶμα,
1350 5413 1471 5465 ἐπεὶ⁸
1503 5412 1530 5463 ὁ
1559 5405 1841 5504 Θεσπέσιος

260 5491 596 5576 ’ἀπόστολος
622 5491 825 5581 σκηνὴν
845 5505 976 5562 αὐτὸ
1020 5500 1323 5572 ὠνόμασεν.
1353 5495 1513 5549 Ἀλλὰ
1538 5494 1633 5548 καὶ
1655 5491 1843 5559 ὥσπερ

250 5616 399 5670 ἱστὸν
434 5607 622 5681 ὲρίθου
664 5604 726 5657 τὸ
764 5601 989 5670 ὕφασμα
1028 5593 1214 5648 λοιπὸν
1242 5587 1672 5681 ἀποτεμνούσης,
1702 5581 1843 5634 οὕτω

252 5705 343 5755 καὶ
356 5702 425 5755 τά
442 5674 543 5769 ei);
572 5693 714 5765 ἐμῆς
732 5691 896 5761 ζωῆς,
910 5687 1004 5741 καὶ
1028 5683 1122 5738 τοῦ
1159 5682 1273 5753 βίου
1306 5679 1506 5742 παντὸς
1527 5676 1587 5730 τὸ
1616 5674 1842 5769 ὓιρασμα

254 5797 377 5864 περὶ
407 5791 567 5850 τέλος
590 5787 817 5859 ήλαυνεν
846 5777 1300 5848 ἀποτεμνόμενον.
1322 5774 1589 5832 Ἕκαστος
1619 5762 1711 5820 οὖν
1737 5764 1844 5817 τῶν

1872 4532 1919 4591 D

1941 1905 2068 1944 vero
2088 1890 2247 1943 dictis
2281 1889 2440 1943 fidem
2474 1890 2963 1959 adderet,-signum
2990 1892 3213 1945 alterius
3239 1895 3521 1963 stupenda}

1942 1983 2017 2037 rei
2062 1983 2159 2050 ipsi
2201 1981 2476 2050 praestitit.

2013 2166 2176 2220 Vens.
2214 2167 2267 2229 '7,
2302 2164 2356 2220 8.
2400 2183 2418 2213 ο
2471 2163 2581 2217 Hoc
2610 2172 2790 2217 autem
2832 2163 2924 2216 tibi
2953 2163 3164 2233 signum
3199 2178 3227 2215 a
3267 2164 3515 2229 Domiro,

1941 2258 2194 2329 quoniam
2232 2257 2474 2311 facturus
2510 2266 2594 2309 est
2625 2256 2882 2309 Dominus
2913 2255 3132 2307 verbum
3166 2255 3331 2309 istud.
3381 2254 3521 2311 Ecce

1942 2366 2042 2420 ego
2069 2360 2273 2404 vertam
2316 2348 2562 2401 umbram
2613 2348 2910 2417 graduum,
2951 2361 3086 2415 quos
3137 2348 3388 2401 ascendit
3440 2347 3522 2402 sol

1942 2444 2125 2498 decem
2161 2440 2419 2512 gradibus
2456 2440 2646 2493 domus
2691 2438 2857 2506 patris
2915 2439 3010 2491 tui.
3067 2438 3321 2491 Avertam
3355 2439 3521 2493 solem

1941 2536 2125 2589 de‘cem
2176 2534 2437 2603 gradibus
2465 2551 2478 2586 :
2510 2540 2565 2585 et
2618 2531 2868 2584 ascendit
2898 2530 2976 2584 sol
3005 2530 3188 2584 decem
3235 2533 3517 2601 gradibus,

1942 2628 2138 2698 quibus
2187 2617 2468 2680 descendit
2523 2623 2734 2676 umbra.
2795 2640 2815 2674 ι
2882 2622 2947 2675 Et
3020 2624 3233 2692 signum
3299 2618 3521 2692 quidem

1944 2714 2075 2774 illud
2100 2719 2258 2772 etiam
2292 2715 2611 2769 admirabile
2635 2723 2773 2776 erat,
2828 2714 2967 2782 quod
3015 2714 3274 2768 Elechias
3323 2716 3392 2769 ab
3425 2724 3520 2771 οε.

1942 2824 2068 2865 casu
2094 2810 2216 2863 vita:
2254 2809 2319 2861 ad
2352 2802 2514 2861 aliam
2551 2807 2718 2861 vitam
2760 2807 3104 2876 remigraret.

1946 2945 2113 3001 νειις.
2152 2947 2205 3001 9.
2246 2944 2432 3025 Oratio
2460 2944 2700 2997 Ezechim
2728 2945 2857 3025 regis
2883 2942 3111 3025 Jud‘wt-p,
3150 2960 3264 2997 cum
3290 2956 3517 3014 (egrota-

2347 3017 2414 3069 vit
2447 3026 2498 3070 et
2527 3032 2591 3069 ex
2617 3016 2796 3068 morbo
2825 3014 3108 3070 constituit.

1868 3175 1910 3232 C
2018 3197 2177 3252 Vens.
2214 3198 2300 3251 10.
2339 3214 2356 3248 ι
2392 3197 2504 3266 Ego
2535 3197 2642 3250 dixi
2675 3197 2725 3249 in
2754 3192 2964 3250 excelso
2987 3195 3194 3251 dierum
3230 3200 3470 3248 meorum
3498 3212 3513 3248 :

1946 3293 2147 3345 Vadam
2197 3294 2262 3345 ad
2311 3302 2493 3359 portas
2546 3290 2701 3344 inferi
2742 3309 2755 3343 :
2807 3289 3106 3357 relinquam
3159 3303 3332 3343 annos
3378 3289 3516 3343 resi-

1944 3384 2098 3437 duos.
2140 3402 2157 3431 »
2187 3384 2319 3436 Cum
2367 3398 2452 3434 me
2477 3380 2588 3449 jam
2625 3380 2814 3434 mortis
2844 3380 3024 3450 januis
3068 3380 3370 3447 proximum
3401 3392 3521 3434 esse

1945 3476 2139 3536 sciam,
2170 3477 2233 3527 de
2266 3474 2371 3527 vita
2401 3488 2517 3526 mea
2559 3473 2701 3526 inter
2731 3471 2978 3525 homines
3011 3469 3314 3538 desperavi.

2017 3651 2177 3706 Vens.
2212 3652 2295 3706 Il.
2327 3672 2344 3702 ι
2377 3651 2493 3703 Dixi
2523 3649 2670 3704 :Non
2699 3649 2928 3718 amplius
2947 3647 3138 3703 videbo
3166 3647 3403 3700 salutare
3424 3644 3516 3700 Dci

1946 3744 1997 3797 iu
2037 3754 2198 3806 terra,
2225 3756 2329 3796 non
2362 3742 2590 3811 amplius
2620 3740 2807 3793 videbo
2841 3737 3132 3793 hominem.
3167 3752 3187 3785 ι
3220 3734 3428 3788 Anxius
3449 3734 3517 3787 de

1945 3838 2011 3892 iis
2040 3843 2160 3907 qua:
2200 3837 2478 3891 decessum
2519 3849 2587 3889 ex
2633 3833 2734 3887 hac
2763 3831 2869 3885 vita
2921 3838 3367 3898 consequuntur,
3394 3826 3518 3894 jure

1944 3930 2192 4001 pietalem
2228 3945 2354 3999 erga
2394 3930 2556 3983 Deum
2603 3943 2753 3981 suam
2797 3925 2897 3995 ipsi
2945 3918 3056 3977 Deo
3106 3921 3160 3975 in
3190 3919 3511 3975 memoriam

1947 4035 2164 4081 revocat
2190 4042 2204 4091 ;
2244 4020 2457 4079 ﬂetibus
2486 4026 2663 4077 autem
2699 4037 2765 4074 ne
2791 4031 2821 4074 e
2856 4020 3075 4088 regione
3095 4014 3392 4071 viventium
3421 4025 3519 4067 ex—

1944 4119 2167 4183 cideret,
2193 4116 2539 4184 precabatur.
2568 4112 2701 4166 Illud
2731 4112 2892 4165 etiam
2924 4119 3119 4178 przeter
3145 4116 3342 4163 caetera
3385 4105 3521 4159 Eze-

1944 4210 2121 4263 chiam
2154 4206 2338 4259 dolore
2364 4203 2669 4264 alliciebat,
2700 4199 2845 4269 quod
2884 4198 3062 4251 nullus
3091 4209 3158 4251 ex
3184 4194 3390 4251 semine
3417 4207 3518 4247 suo

1944 4311 2225 4352 successor
2243 4295 2473 4355 adesset,
2491 4286 2923 4360 quandoquidem
2946 4296 3053 4357 qdo
3068 4295 3305 4356 tempore
3329 4281 3517 4337 istbaec

1945 4378 2287 4461 proferebat,
2332 4383 2536 4439 nullum
2569 4383 2745 4437 adhuc
2790 4374 2960 4435 ﬁlium
3008 4384 3344 4447 susceperat.
3377 4372 3515 4439 Quia

1946 4483 2111 4553 igitur
2147 4479 2272 4532 ﬁliis
2306 4476 2471 4531 orbus
2499 4470 2816 4539 moriturus,
2850 4480 2947 4526 nec
2976 4480 3350 4525 successorem
3385 4465 3513 4519 reli-

1945 4585 2130 4628 cturus
2156 4579 2274 4624 erat
2296 4610 2311 4633 ,
2338 4585 2402 4623 ex
2434 4582 2542 4637 quo
2574 4566 2810 4620 salutare
2845 4563 2942 4618 Dei
2980 4559 3292 4617 hominibus
3317 4566 3514 4611 ventu-

1946 4679 2063 4717 rum
2089 4668 2519 4732 exspectaretur,
2545 4657 2736 4712 merito
2769 4654 2972 4710 Christi
3004 4668 3067 4707 ex
3097 4651 3306 4706 semine
3348 4647 3516 4703 David

1944 4767 2064 4810 ortu
2103 4756 2367 4825 privatus,
2397 4751 2816 4805 Iamentabatur.

2016 4848 2175 4903 Vens.
2219 4844 2308 4900 12.
2345 4864 2362 4896 ι
2404 4840 2613 4897 Deiecit
2655 4856 2683 4894 a
2729 4835 3052 4908 cognatione
3091 4848 3207 4887 mea
3253 4849 3269 4887 :
3322 4831 3516 4885 defecit

1946 4938 2089 5007 quod
2115 4936 2378 5004 reliquum
2404 4943 2486 4986 est
2512 4932 2633 4984 vitae
2660 4942 2813 4983 meae.
2842 4925 2986 4980 Abiit
3015 4931 3069 4978 et
3095 4921 3319 4978 recessit
3354 4937 3381 4974 a
3409 4934 3513 4985 me,

1949 5030 2088 5083 sicut
2115 5027 2272 5081 solvit
2298 5023 2725 5080 tabernaculum.
2746 5019 2834 5086 qui
2865 5016 3188 5070 construxit.
3225 5015 3379 5067 Sicut
3412 5014 3514 5067 tela

1950 5120 2169 5189 spiritus
2212 5133 2362 5171 meus
2398 5116 2570 5170 Iactus
2596 5123 2679 5167 est
2720 5110 2858 5179 apud
2896 5123 2982 5163 me
3007 5149 3021 5170 ,
3056 5122 3178 5160 mox
3228 5120 3255 5157 a
3305 5113 3517 5157 tenente

1949 5210 2293 5266 suecideuda.
2330 5228 2348 5260 ι
2384 5200 2813 5261 Taberuaculum
2842 5208 2999 5252 vorat
3036 5210 3233 5265 corpus
3257 5236 3272 5259 ,
3304 5194 3517 5248 inhabi-

1949 5312 2145 5359 tantem
2175 5301 2306 5355 dicit
2340 5301 2574 5352 animam
2604 5315 2617 5350 :
2646 5311 2748 5363 qua
2780 5292 3091 5353 recedente,
3114 5301 3310 5355 corpus
3338 5288 3516 5340 soluto

1949 5386 2299 5447 tabernaculo
2328 5387 2503 5442 simile
2533 5395 2637 5441 est.
2684 5378 3115 5437 Tabernaculnm
3143 5390 3272 5431 vero
3319 5390 3517 5444 corpus

1943 5482 2191 5555 appellat,
2224 5481 2347 5550 quia
2378 5478 2594 5532 divinus
2629 5475 2755 5527 item
2783 5468 3074 5537 Apostolus
3114 5466 3513 5521 tabernaculum

1943 5576 2117 5644 ipsum
2168 5573 2399 5627 vocavit.
2438 5570 2637 5622 Verum
2681 5563 2842 5617 etiam
2879 5562 3022 5616 sicut
3067 5560 3169 5613 tela
3224 5574 3343 5628 qua:
3369 5572 3399 5609 a
3434 5566 3506 5610 te-

1949 5677 2111 5721 xeutc
2138 5650 2457 5723 succiditur,
2489 5659 2567 5713 sic
2597 5666 2651 5710 et
2689 5655 2812 5708 vitae
2842 5669 2973 5708 mea:
3004 5662 3216 5706 textura
3252 5650 3321 5702 ad
3355 5648 3513 5701 [luem

1952 5760 2148 5827 vergit,
2174 5772 2296 5812 mox
2333 5752 2675 5810 succidenda.
2714 5745 2920 5819 Singuli
2958 5748 3121 5816 igitur
3151 5741 3395 5797 homines
3423 5750 3517 5807 per
