4072 6194
500 312 608 367 359
1199 295 1469 354 EUSEBII
1506 288 1974 350 CAESARIENSIS
2010 287 2159 343 OPP.
2202 286 2381 341 PARS
2418 287 2509 344 111.
2550 316 2617 326 —-
2655 280 3068 340 EXEGETICA.
3630 283 3738 338 5(0

506 432 650 496 gesta
687 431 740 476 et
765 432 927 489 opera
956 430 1055 468 sua
1092 422 1297 468 vestem
1330 413 1433 467 sibi
1481 418 1697 476 texunt,
1730 416 1785 463 et
1817 417 2064 462 ornatum

2198 404 2469 475 ενθρώπων
2526 402 2711 473 στολὴν
2749 402 3010 469 ύφαίνων,
3062 396 3155 450 καὶ
3214 396 3417 465 κόσμον
3452 398 3513 464 τῇ
3548 391 3736 449 ἑαυτοῦ

506 517 696 571 anime
723 528 834 567 sua:
863 510 1292 575 circumponnnt.

2198 497 2467 570 περιτιθεὶς
2495 496 2637 565 ψυχῇ
2671 494 2757 547 διὰ
2784 493 2891 547 τῶν
2924 491 3087 545 αὑτοῦ
3118 491 3388 561 πράξεων.

580 606 741 662 Vens.
774 602 859 654 15.
905 618 923 650 ι
963 599 1016 653 In
1053 595 1139 651 die
1168 594 1255 648 illa
1288 595 1520 649 traditus
1558 606 1676 646 sum
1710 603 1877 658 usque
1912 602 2067 642 mane

2251 608 2270 641 ι
2312 591 2400 643 Ἐν
2432 592 2499 658 τῇ
2527 588 2708 659 ἡμέρᾳ
2753 585 2939 658 ἐκείνῃ
2988 582 3294 655 παρεδόθην
3332 581 3436 643 ἕως
3477 577 3619 650 πρωῒ
3669 579 3745 642 ὼς

508 698 673 755 veluti
717 693 879 756 leoni,
919 692 999 745 sic
1049 688 1304 743 contrivit
1337 685 1518 739 omnia
1566 698 1689 738 ossa
1732 696 1869 735 mea.
1901 680 1944 734 A
1980 680 2068 733 die

2198 684 2366 747 έοντι,
2417 681 2589 745 οὕτως
2631 680 2918 750 συνέτριψε
2963 679 3141 732 πάντα
3176 676 3244 729 τά
3271 675 3405 728 ὀστᾶ
3446 691 3572 742 μου.
3617 672 3750 724 ’Λπδ

502 793 644 847 enim
679 800 847 855 usque
870 785 935 838 ad
966 796 1174 838 noctem
1204 780 1432 834 traditus
1453 792 1590 831 smn.
1623 793 1640 825 ι
1670 773 1923 828 Traditus
1948 786 2067 826 sum

2198 774 2282 845 ’ἀρ
2313 773 2412 844 τῆς
2438 771 2649 843 ἡμέρας
2683 768 2986 833 ἓωςνυκτδς
3002 766 3322 838 παρεδόθην.
3365 783 3382 815 ι
3404 764 3616 832 Ὥσπερ
3644 762 3753 831 τινὶ

502 899 597 937 cett
633 880 769 935 leoni
796 878 1007 933 cuidam
1040 873 1286 929 homines
1312 867 1591 925 devoranti
1613 907 1628 932 ,
1660 867 1751 936 qui
1785 865 1935 934 quasi
1976 878 2069 931 per

2198 865 2576 940 ινθρωποϐόρῳ
2608 863 2802 923 λέοντι,
2832 863 2890 925 ὃς
2925 878 2984 914 τε
3006 861 3080 924 ὼς
3113 860 3209 931 μὲν
3236 859 3322 912 διὰ
3353 858 3452 928 τῆς
3486 854 3754 909 ἐπιτεθεί-

2177 976 2277 1031 σης
2328 974 2417 1029 μοι
2460 955 2771 1026 ἀρρωστίας
2809 953 2897 1006 διὰ
2937 952 3116 1023 πάσης
3157 952 3348 1013 νυκτὸς
3404 950 3497 1002 καὶ
3539 948 3757 1019 ἡμέρας

2180 1050 2462 1121 συνέτριψε
2489 1048 2666 1103 πάντα
2681 1047 2750 1100 τὰ
2773 1047 2909 1100 ὀστᾶ
2934 1062 3057 1117 μου·
3088 1044 3281 1116 μικοοῦ
3316 1044 3371 1097 δὲ
3397 1043 3506 1096 δεῖν
3527 1042 3621 1095 καὶ
3635 1041 3757 1095 δλον

2178 1144 2339 1199 αὐτὸν
2371 1142 2658 1195 καταπιεῖν
2688 1157 2755 1211 με
2788 1137 3033 1209 ἔμελλεν.

2254 1257 2273 1290 ι
2320 1235 2405 1298 Ὠς
2443 1233 2682 1307 χελιδὼν,
2715 1232 2857 1286 οὕτω
2898 1231 3151 1301 φωνήσω,
3188 1230 3279 1283 καὶ
3325 1228 3401 1292 ὼς
3436 1227 3757 1299 περιστερὰ,

2177 1329 2319 1384 οὕτω
2366 1328 2594 1399 μελετῶ.
2642 1324 2918 1389 Ἑξέλιπον
2971 1322 3079 1395 γάρ
3116 1338 3219 1391 μου
3260 1321 3308 1374 οἱ
3351 1319 3617 1390 ὀφθαλμοὶ
3662 1319 3760 1371 τοῦ

2181 1419 2401 1490 βλέπειν
2449 1420 2529 1480 είς
2567 1417 2627 1469 τὸ
2654 1414 2786 1485 ὕψος
2811 1411 2906 1467 τοῦ
2930 1409 3159 1482 ούρανοῦ
3187 1410 3323 1481 πρὸς
3353 1409 3443 1462 τὸν
3476 1408 3699 1479 Κύριον.
3737 1428 3756 1459 ι

2181 1515 2371 1583 Ὅμως
2413 1512 2456 1564 δ’
2481 1507 2573 1565 οὖν
2604 1512 2660 1563 ὲν
2685 1506 2894 1569 τούτοις
2921 1504 3230 1575 γενόμενος,
3273 1502 3373 1555 οὐκ
3404 1501 3761 1571 ὲξησθένησα,

510 1632 626 1672 sum
652 1657 665 1678 ,
697 1628 797 1668 nec
822 1627 851 1665 a
887 1610 993 1663 Deo
1019 1620 1136 1661 meo
1171 1603 1407 1667 recessi,
1435 1602 1529 1655 sed
1564 1600 1666 1654 [ide
1699 1613 1899 1668 speque
1936 1597 2091 1661 bona,

2198 1604 2299 1657 ιύδὲ
2330 1601 2425 1656 τοῦ
2453 1600 2584 1655 Θεοῦ
2614 1618 2714 1671 μου
2747 1595 3093 1667 ἀνεχώρησα,
3120 1592 3403 1647 ἀναλαϐὼν
3435 1592 3491 1645 δὲ
3521 1592 3765 1661 ἐμαυτὸν

513 1708 772 1775 tneipsum
803 1702 1132 1756 conlirtnans
1152 1738 1165 1761 ,
1198 1694 1412 1750 ﬂetibus
1454 1699 1509 1745 et
1538 1690 1770 1745 orationi
1805 1704 1889 1743 me
1913 1688 2029 1743 dedi
2057 1702 2072 1752 ;

2198 1698 2361 1750 τίστει
2411 1695 2505 1750 καὶ
2553 1693 2732 1764 ἀγαθῇ
2782 1690 2979 1753 ἐλπίδι,
3030 1685 3294 1757 κλαυθμῷ
3350 1686 3444 1739 καὶ
3482 1685 3763 1755 προσευχῇ

511 1814 596 1854 me
625 1811 752 1851 vero
782 1794 999 1848 assidue
1026 1797 1236 1854 orante,
1265 1796 1426 1854 atque
1451 1782 1702 1852 precibus
1729 1781 1867 1850 apud
1908 1781 2071 1835 Deum

2198 1790 2466 1862 ταρέδωκα
2506 1786 2755 1859 ἐμαυτόν.
2783 1781 3088 1855 Εύχομένου
3117 1779 3174 1833 δέ
3206 1797 3327 1851 μου,
3354 1778 3535 1849 φησὶν,
3569 1776 3767 1847 ἐπιμό-

513 1891 821 1953 insistente,
847 1887 962 1955 ipse
996 1902 1014 1935 ι
1047 1883 1191 1937 eruit
1220 1889 1326 1946 me,
1353 1887 1405 1933 et
1433 1876 1655 1932 abstulit
1682 1875 1921 1930 dolorem
1957 1874 2077 1927 ani-

2198 1901 2301 1948 νως,
2332 1884 2429 1936 καὶ
2458 1880 2780 1951 ἐγκειμένου
2831 1876 2931 1947 τῆς
2962 1874 3099 1945 πρὸς
3146 1873 3237 1925 τὸν
3272 1872 3405 1925 Θεὸν
3458 1871 3767 1941 ἱκετηρίας,

512 2000 611 2037 mm
639 1995 789 2035 mete.
831 1999 848 2030 ι
882 1977 994 2039 Ille,
1025 1975 1269 2044 inquam,
1299 1969 1433 2025 nihil
1460 1976 1767 2030 cunetatus,
1791 1967 1935 2020 eruit
1970 1981 2077 2029 me,

2198 1977 2239 2040 lg
2282 1995 2301 2029 ι
2342 1974 2581 2039 ἐξείλατό
2634 1988 2699 2043 με
2725 2010 2739 2033 ,
2792 1969 2889 2022 καὶ
2953 1965 3213 2036 ἀφείλατό
3266 1981 3366 2035 μου
3421 1962 3520 2034 τὴν
3570 1963 3769 2033 ὀδύνην

511 2086 566 2130 et
608 2074 827 2130 sustulit
875 2070 1114 2125 dolorem
1165 2066 1363 2119 anima:
1404 2078 1536 2118 mete
1576 2078 1685 2118 :ac
1738 2062 1783 2115 si
1834 2059 2082 2113 videlicet

2198 2071 2274 2140 τῆς
2315 2067 2512 2138 ψυχῆς.
2552 2064 2651 2117 »ὐ
2694 2062 2759 2132 δὴ
2791 2060 2867 2133 μὴ
2918 2059 3189 2131 μελλήσας
3249 2053 3480 2120 ἐξείλετό
3530 2071 3619 2125 με,
3671 2055 3769 2107 καὶ

514 2165 794 2237 promissis
848 2162 1004 2215 [idem
1055 2157 1281 2212 adderet
1345 2170 1467 2223 qua;
1529 2152 1735 2207 sanctis
1804 2151 1917 2205 suis
1989 2151 2082 2203 de-

2198 2159 2431 2229 ἱφείλετό
2486 2174 2588 2228 μου
2648 2155 2745 2226 τὴν
2780 2153 2969 2223 ὀδύνην
3000 2151 3100 2220 τῆς
3138 2149 3334 2219 ψυχῆς·
3363 2146 3643 2218 μονονουχὶ
3672 2145 3767 2197 τὸν

513 2261 592 2311 dit
630 2256 714 2311 liis
754 2254 969 2309 verbis:
1018 2268 1037 2302 ι
1078 2250 1267 2304 Adhuc
1309 2257 1360 2301 te
1396 2246 1671 2316 loquente,
1697 2243 1912 2299 dicam:
1946 2241 2083 2295 Ecce

2198 2249 2344 2303 ιύτοῦ
2375 2249 2532 2317 λόγον
2556 2246 2990 2316 πιστωσάμενος,
3023 2243 3082 2296 ὃν
3108 2240 3442 2313 ἐπήγγελται
3462 2242 3573 2302 τοῖς
3590 2238 3769 2306 ἁγίοις

516 2350 724 2404 adsum.
767 2340 808 2399 ι’
2181 2340 2344 2395 αὐτοῦ
2393 2339 2581 2397 εἰπών·
2623 2358 2642 2391 ι
2667 2340 2786 2392 Ἔτι
2811 2335 3096 2399 λαλοῦντός
3130 2351 3246 2399 σου,
3278 2332 3409 2404 ἐρῶο
3456 2331 3582 2386 Ἰδοὺ
3621 2330 3770 2402 πάρ-

2183 2451 2321 2504 ειμι.
2367 2452 2386 2483 ι

2257 2544 2277 2577 ι
2313 2524 2507 2595 Κύριε,
2532 2523 2659 2594 περί
2682 2523 2884 2592 ταύτης
2898 2518 3007 2591 γὰρ
3022 2516 3297 2588 ἀνηγγέλη
3323 2533 3425 2578 σοι,
3451 2514 3545 2569 καὶ
3565 2512 3774 2585 ἐξήγει-

2193 2618 2290 2689 ράς
2317 2634 2417 2688 μου
2438 2616 2538 2687 τὴν
2572 2614 2761 2685 πνοὴν,
2812 2613 2907 2667 καὶ
2941 2608 3313 2682 παρακληθεὶς
3351 2607 3539 2678 ἔζησα.
3597 2625 3615 2658 ι
3655 2606 3771 2675 οὐχ

2188 2709 2271 2761 ὅτι
2296 2706 2501 2761 τούτων
2518 2704 2666 2771 ἄξιος
2694 2706 2727 2777 ἡ
2736 2723 2842 2775 μην
2871 2703 2998 2772 ἐγὼ·
3018 2701 3225 2755 πολλῶν
3244 2700 3351 2771 γὰρ
3371 2698 3562 2770 μεστὸς
3587 2699 3772 2769 ἀμαρ-

2182 2800 2318 2857 suam
2347 2800 2509 2863 αὐτὸς
2546 2800 2810 2868 ὑπῆρχον·
2834 2795 2972 2849 ἀλλὰ
3017 2794 3095 2865 τῷ
3120 2793 3196 2864 σῷ
3225 2792 3357 2861 ἐλέῳ
3379 2792 3473 2844 καὶ
3494 2792 3561 2861 τῇ
3681 2807 3771 2859 φι-

2188 2892 2318 2947 λανθ
2327 2890 2508 2965 ρωπίᾳ
2538 2890 2709 2944 ταῦτα
2735 2888 3000 2960 παρέστη.

503 976 705 1029 illatam
739 971 867 1026 mihi
902 966 1307 1025 inﬁrmitatem,
1342 969 1454 1014 tota
1485 959 1571 1014 die
1600 967 1654 1012 et
1686 968 1841 1013 nocte
1866 956 2072 1011 contri-

500 1067 579 1120 vit
607 1066 784 1118 omnia
823 1077 941 1116 ossa
971 1074 1085 1113 mea
1115 1074 1130 1123 ;
1164 1068 1459 1127 parumque
1490 1050 1684 1114 abfuit,
1713 1049 1841 1119 quin
1873 1061 1958 1102 me
1992 1056 2071 1100 to-

506 1167 615 1209 tmn
643 1160 835 1209 devora
845 1160 943 1207 ret.

578 1246 743 1301 Vens.
779 1244 864 1299 Ην.
904 1262 921 1294 ι
956 1242 1107 1294 Sicut
1154 1238 1405 1299 hirundo,
1452 1236 1530 1290 sic
1555 1233 1819 1295 clamabo,
1848 1240 1903 1285 et
1930 1230 2073 1284 sicut

506 1339 770 1400 columba,
796 1336 874 1391 sic
900 1332 1215 1388 meditabor.
1252 1328 1575 1383 Defeceruut
1601 1326 1743 1379 enim
1770 1322 1909 1378 oculi
1942 1322 2069 1385 mei,

508 1443 566 1486 ut
595 1447 660 1485 ne
688 1430 983 1497 aspicerem
1029 1421 1401 1478 celsitudinem
1435 1416 1560 1473 cmli
1594 1416 1659 1470 ad
1710 1413 2013 1469 Dominum.
2049 1429 2066 1461 ι

507 1526 757 1578 Altamen
791 1520 842 1573 in
892 1520 993 1571 hac
1030 1529 1208 1569 rerum
1242 1510 1583 1573 conditione,
1614 1522 1719 1561 non
1769 1505 2073 1560 inﬁrmatus

587 2573 754 2629 Vens.
792 2570 880 2626 16.
915 2590 933 2623 ι
977 2568 1223 2631 Domine,
1246 2566 1313 2621 de
1347 2565 1459 2636 ipsa
1485 2562 1682 2633 quippe
1719 2559 2084 2616 renuntiatum

516 2672 602 2720 est
631 2662 726 2716 tibi
755 2678 770 2716 :
808 2669 865 2715 et
897 2657 1146 2713 excitasti
1178 2656 1425 2724 spiritum
1464 2666 1663 2714 meum,
1696 2660 1750 2703 ct
1777 2645 2087 2702 consulatus

519 2757 625 2810 vixi
651 2754 786 2826 (55).
820 2771 839 2804 ι
874 2751 984 2805 Νοη
1009 2752 1149 2820 quod
1174 2749 1239 2802 iis
1263 2748 1457 2816 dignus
1488 2757 1663 2799 essem
1693 2765 1706 2795 -.
1741 2755 1862 2793 nam
1899 2751 2088 2807 pecea-

521 2848 587 2898 tis
617 2843 798 2898 multis
827 2840 1013 2909 plenus
1040 2851 1227 2898 eram,
1256 2836 1348 2889 sed
1382 2848 1449 2887 ex
1486 2828 1863 2885 misericordia
1899 2836 1954 2880 et
1986 2827 2089 2879 clev

523 2934 720 2988 utentia
750 2939 837 2984 tua
869 2929 981 2982 haec
1010 2926 1323 2980 adfuerunt.

595 3046 756 3100 νεεδ.
794 3040 977 3095 l7—l9.
1017 3055 1036 3089 ι
1079 3036 1280 3092 Eruisti
1327 3035 1472 3090 enim
1510 3034 1745 3088 animam
1777 3045 1949 3086 meam
1973 3068 1988 3093 ,
2033 3036 2089 3081 ut

522 3154 629 3193 non
658 3135 893 3207 periret,
926 3139 981 3184 et
1029 3128 1301 3199 proiecisti
1348 3134 1496 3180 retro
1529 3139 1616 3178 me
1649 3123 1828 3177 omnia
1871 3129 2087 3190 peccata
2117 3134 2161 3190 α

523 3242 663 3283 mea.
698 3225 890 3293 Neque
904 3221 1047 3275 enim
1078 3220 1167 3287 qui
1197 3219 1247 3272 in
1280 3216 1492 3270 inferno
1525 3224 1652 3270 sunt
1681 3214 1978 3267 laudabunt
2007 3220 2087 3277 te,

524 3332 700 3387 neque
725 3314 813 3385 qui
852 3311 1047 3369 mortui
1081 3318 1226 3372 sunt,
1261 3306 1575 3385 benedicent
1604 3305 1731 3370 tibi,
1762 3318 1935 3372 neque
1964 3315 2090 3372 spe-

527 3411 720 3464 rabunt
745 3445 761 3473 ,
790 3406 879 3475 qui
921 3405 973 3459 iu
1007 3402 1219 3457 inferno
1248 3407 1416 3461 sunt,
1445 3396 1871 3452 misericordiam
1902 3403 2045 3449 tuam
2075 3412 2088 3449 :

524 3502 616 3573 qui
636 3502 821 3553 vivunt
844 3495 1165 3551 benedicent
1192 3490 1305 3556 tibi,
1326 3490 1468 3544 sicut
1492 3498 1546 3543 et
1566 3503 1684 3559 ego.
1713 3487 1796 3542 Ab
1826 3487 1926 3542 hoc
1947 3486 2091 3540 enim

525 3594 613 3647 die
644 3591 778 3645 filios
799 3588 977 3649 edam,
1009 3583 1102 3654 qui
1133 3579 1536 3636 annuntiahunt
1556 3577 1823 3647 justitiam
1857 3587 2024 3631 tuam.
2068 3595 2085 3627 ι

526 3682 816 3753 lmpiorum
845 3677 1109 3747 siquidem
1142 3673 1293 3727 locus
1317 3680 1400 3725 est
1429 3670 1673 3724 infernus
1706 3686 1721 3722 :
1767 3679 2097 3738 quapropter

525 3791 648 3830 cum
687 3773 863 3827 anima
911 3783 1027 3823 mea
1074 3766 1164 3820 illo
1198 3772 1383 3833 erepta
1414 3762 1518 3825 sit,
1553 3761 1663 3816 Deo
1694 3762 1847 3816 laetus
1893 3762 2098 3832 gratias

529 3867 722 3921 refero.
758 3862 924 3932 Regio
950 3869 1128 3914 autem
1168 3873 1354 3912 eorum
1381 3858 1469 3926 qui
1511 3857 1650 3927 apud
1698 3856 1862 3908 Deum
1890 3855 2095 3917 vivunt,

528 3972 624 4011 eos
663 3956 751 4024 qui
793 3954 967 4023 ipsum
1020 3949 1243 4002 laudant
1293 3947 1527 4015 excipiet
1568 3965 1581 4001 :
1633 3946 1719 3999 ubi
1762 3959 1846 3998 me
1884 3944 2098 3997 demum

532 4048 770 4103 futurum
809 4057 930 4097 esse
980 4040 1232 4105 confido,
1274 4040 1446 4109 gratia
1499 4047 1588 4092 tua
1644 4036 1693 4090 id
1734 4036 1861 4089 milii
1905 4050 2100 4089 conce-

534 4142 716 4195 dente.

607 4226 767 4281 Vnns.
806 4224 898 4279 20.
953 4241 971 4273 ι
1018 4223 1158 4277 Deus
1203 4219 1393 4273 salutis
1441 4232 1604 4282 meae,
1648 4229 1820 4284 neque
1860 4212 2101 4266 desinam

536 4323 757 4377 laudare
802 4329 856 4374 te
891 4316 1013 4372 cum
1054 4315 1313 4385 psalterio
1347 4313 1562 4368 cunctis
1591 4311 1782 4365 diebus
1810 4308 1931 4361 vita:
1974 4319 2105 4360 mea:

537 4417 591 4471 in
646 4419 935 4483 conspectu
991 4412 1180 4464 donnus
1229 4406 1340 4460 Dei.
1391 4424 1409 4454 ι
1455 4404 1572 4458 Tibi
1628 4415 1838 4468 semper
1899 4408 2101 4459 astans,

2265 3025 2283 3057 ι
2320 3006 2480 3059 Εῖλου
2504 3006 2613 3077 γάρ
2643 3022 2742 3075 μου
2773 3004 2873 3075 τὴν
2897 3002 3096 3073 ψυχὴν,
3126 3001 3213 3054 ἵνα
3251 2999 3326 3071 μὴ
3354 2999 3641 3070 ἀπόληται,
3674 2997 3771 3051 καὶ

2194 3097 2499 3171 ἀπέρριψας
2530 3098 2703 3149 ὀπίσω
2744 3113 2845 3165 μου
2894 3096 3073 3157 πάσας
3095 3094 3192 3156 τάς
3222 3091 3511 3163 ἁμαρτίας.
3549 3091 3621 3143 Ού
3662 3090 3772 3161 γὰρ

2194 3193 2242 3245 oi
2266 3192 2324 3245 ὲν
2352 3190 2479 3262 ᾅδου
2508 3188 2778 3243 αἰνέσουσί
2810 3205 2892 3250 σε,
2930 3187 3051 3239 οὐδὲ
3079 3187 3128 3238 οἱ
3157 3185 3519 3247 ἀποθανόντες
3552 3183 3774 3252 εὐλογής

2197 3282 2347 3336 σουσί
2392 3299 2475 3345 σε,
2516 3282 2635 3334 οὐδὲ
2665 3280 2907 3334 ὲλπιοῦσι
2950 3279 2999 3330 οἱ
3029 3279 3085 3329 ὲν
3110 3276 3236 3347 ᾅδου
3279 3275 3376 3345 τὴν
3407 3274 3777 3346 ἐλεημοσύνην

2197 3392 2312 3428 σου’
2346 3375 2395 3427 οἱ
2423 3374 2622 3438 ζῶντες
2655 3369 3006 3440 εύλογήσουσί
3044 3386 3103 3421 σε
3135 3368 3193 3420 ὃν
3217 3367 3416 3438 τρόπον
3438 3366 3612 3433 κάγώ.
3645 3366 3782 3419 Ἀπὸ

2195 3465 2302 3535 γὰρ
2322 3464 2423 3533 τῆς
2455 3465 2693 3535 σήμερον
2724 3461 2909 3515 παιδία
2962 3461 3191 3530 ποιήσω,
3216 3458 3252 3511 ἃ
3275 3455 3633 3525 ἀναγγελοῦσι
3676 3459 3784 3527 τὴν

2195 3558 2539 3627 δικαιοσύνην
2593 3574 2706 3610 σου.
2748 3575 2764 3603 ι
2799 3553 3011 3625 Χωρίον
3049 3553 3157 3623 γάρ
3183 3553 3328 3604 ἐστιν
3354 3547 3562 3603 ἀσεϐῶν
3595 3546 3781 3601 τοῦτο’

2195 3653 2275 3706 διὸ
2305 3651 2403 3722 τὴν
2423 3649 2598 3721 ψυχὴν
2631 3646 3016 3719 ἐλευθερωθεὶς
3046 3645 3105 3709 ἐξ
3145 3645 3329 3707 αὑτοῦ,
3363 3641 3565 3713 χαίρων
3591 3642 3784 3695 ἀποδί-

2196 3744 2335 3815 δωμι
2360 3743 2437 3814 τῷ
2458 3741 2575 3813 Θεῷ
2597 3741 2697 3811 τὴν
2727 3739 3097 3810 εὐχαριστίαν.
3146 3739 3208 3790 Ἢ
3235 3737 3289 3789 δὲ
3322 3735 3473 3805 χώρα
3498 3735 3607 3788 τῶν
3628 3734 3783 3804 παρά

2198 3836 2317 3908 Θεῷ
2342 3835 2559 3902 ζώντων
2588 3834 2825 3896 καὶτοὺς
2856 3831 3140 3894 αἰνοῦντας
3162 3828 3496 3893 ύποδέξεται’
3526 3827 3651 3880 ἔνθα
3686 3827 3780 3878 καὶ

2200 3929 2362 3993 αὐτὸς
2379 3926 2563 3981 λοιπὸν
2590 3923 2914 3997 γενήσεσθαι
2958 3922 3217 3983 πιστεύω,
3245 3920 3403 3972 τοῦτό
3436 3936 3522 3991 μοι
3549 3918 3646 3987 τῆς
3680 3916 3783 3986 σῆς

2200 4021 2597 4094 δωρησαμένης
2619 4018 2861 4090 χάριτος,

2279 4223 2297 4254 ι
2328 4202 2428 4255 Θεὲ
2457 4202 2555 4273 τῆς
2572 4200 2844 4271 σωτηρίας
2875 4217 2995 4269 μου,
3026 4187 3119 4251 κάι
3152 4197 3213 4248 ού
3247 4188 3522 4266 παύσομαι
3543 4191 3785 4260 εὐλογῶν

2208 4314 2265 4348 σε
2293 4295 2429 4365 μετά
2450 4293 2749 4364 ψαλτηρίου
2782 4290 3091 4361 πάσαςγτάς
3116 4289 3327 4360 ἡμέρας
3375 4287 3475 4357 τῆς
3505 4284 3647 4354 ζωῆς
3681 4301 3785 4353 μου

2208 4390 2492 4442 κατέναντι
2540 4387 2631 4439 τοῦ
2676 4384 2825 4438 οἴκου
2859 4383 2951 4437 τοῦ
2998 4382 3152 4436 Θεοῦ.
3196 4402 3213 4432 ι
3277 4382 3367 4434 Σοὶ
3408 4376 3788 4451 προσεδρεύων

537 4516 594 4560 et
631 4520 661 4559 a
695 4503 1004 4560 sanctuario
1036 4515 1308 4569 nunquam
1347 4496 1626 4558 recedens,
1656 4504 1706 4547 te
1739 4491 1955 4545 assidue
1987 4488 2096 4541 lau-

2207 4479 2515 4542 διαπαντός,
2564 4480 2655 4530 καὶ
2698 4476 2999 4548 ἀχώριστος
3047 4475 3333 4543 γενόμενος
3363 4472 3457 4526 τοῦ
3494 4470 3586 4524 σοῦ
3629 4469 3788 4538 ἀγιά-

536 4602 696 4655 dabo.

610 4689 772 4745 Vens.
801 4690 889 4743 2|.
932 4706 951 4739 ι
987 4686 1051 4741 Ει
1073 4684 1205 4737 dixit
1255 4681 1418 4737 Isaias
1463 4678 1707 4734 Etet-hia:
1748 4695 1759 4729 :

540 4798 775 4839 massam
810 4780 1030 4843 ticuum,
1052 4788 1107 4833 et
1133 4787 1265 4842 tere,
1287 4783 1340 4828 et
1363 4772 1711 4843 emplastrum
1746 4770 1959 4836 impune
1992 4764 2108 4818 vul-

433 4888 437 4893 ‘
540 4877 681 4941 neri,
698 4882 754 4930 et
778 4889 941 4929 sanus
969 4872 1107 4937 eris;
1138 4888 1157 4920 ι
1194 4868 1395 4922 docens
1420 4881 1526 4919 non
1558 4876 1780 4932 prorsus
1810 4856 2107 4926 respuenda

539 4985 663 5025 esse
693 4966 779 5022 illa
800 5006 815 5030 ,
848 4978 970 5034 quae
998 4963 1064 5015 ab
1098 4957 1410 5013 hominibus
1440 4955 1507 5008 ad
1554 4952 1814 5007 medelam
1862 4944 2103 5016 corporis

542 5061 952 5129 excogitantur:
989 5055 1225 5120 itemque
1254 5048 1362 5103 illis
1390 5044 1645 5100 utendum
1676 5056 1798 5097 esse
1825 5081 1838 5103 ,
1865 5038 2106 5107 quando-

544 5127 760 5219 quidem
797 5146 1056 5219 propheta
1099 5143 1150 5196 id
1180 5141 1443 5210 agendum
1474 5150 1595 5191 esse
1635 5131 1861 5186 monuit.
1891 5127 2105 5197 Reliqui

548 5259 675 5298 vero
703 5256 892 5296 omnes
912 5280 927 5304 ,
963 5238 1113 5291 ulcus
1145 5240 1442 5293 vocarunt,
1472 5226 1613 5295 quod
1640 5241 1667 5277 a
1702 5238 1877 5276 massa
1909 5221 2105 5273 licunm

545 5336 791 5382 curatum
824 5336 906 5377 est
938 5341 950 5377 :
982 5332 1036 5375 at
1068 5335 1173 5374 non
1207 5318 1359 5373 ulcus
1391 5322 1505 5368 erat
1532 5313 1799 5381 primum,
1836 5309 1928 5363 sed
1957 5307 2108 5361 inﬁr-

1818 4675 1981 4729 Sume
2011 4672 2105 4726 tibi

546 5422 707 5477 mitas
735 5428 790 5473 et
824 5416 1085 5486 aegritudo
1115 5415 1179 5467 ad
1214 5421 1464 5468 mortem.
1491 5407 1671 5474 Quare
1724 5419 1821 5475 pro
1855 5402 1942 5456 illa
1988 5401 2113 5471 qui-

620 5627 733 5693 (35)
764 5623 943 5692 \'n|g.,
978 5640 996 5671 ι
1026 5621 1283 5693 Domine,
1300 5619 1344 5672 si
1376 5618 1455 5671 sic
1486 5614 1730 5693 vivitur.“
1747 5609 1887 5693 et-in
1912 5607 2109 5660 talibus

552 5682 660 5750 νῖιῖι
687 5682 1063 5766 spirituvsiiiei,
1091 5691 1357 5766 corripies
1383 5696 1559 5766 mene}
1594 5682 1888 5766 viviﬁcabis
1939 5695 2041 5731 me.
2086 5697 2102 5729 ι

553 5752 877 5822 Deest'vcrs.
912 5762 974 5815 15
1002 5752 1137 5828 apud
1173 5756 1309 5811 LXX
1342 5756 1441 5811 lnt.
1476 5756 1572 5810 Ed.
1608 5752 1875 5823 Complut.
1906 5761 2108 5814 tamen,

2209 4590 2432 4644 σματος,
2458 4570 2745 4631 διαπαντὸς
2767 4569 3043 4637 εὐλογήσω
3070 4585 3148 4620 σε.

2266 4662 2300 4715 ἰ
2326 4664 2434 4716 Καὶ
2458 4659 2608 4716 εἶπεν
2637 4662 2861 4723 Ἡσαΐας
2880 4660 3016 4731 πρὸς
3062 4659 3326 4723 Ἑζεκίαν“
3358 4658 3503 4711 Λάϐε
3537 4656 3788 4727 παλάθην

2209 4755 2273 4805 ὲκ
2330 4753 2529 4815 σύκων,
2566 4752 2660 4804 καὶ
2691 4750 2901 4821 τρίψον,
2934 4749 3029 4802 καὶ
3079 4748 3443 4810 κατάπλασαι,
3496 4747 3590 4800 καὶ
3631 4747 3789 4817 ὑγιὴς

2210 4845 2329 4917 ἔσῃ’
2371 4864 2388 4896 ι
2422 4843 2711 4907 διδάσκων,
2737 4844 2812 4906 ὡς
2854 4843 2913 4895 ού
2946 4842 3176 4912 πάμπαν
3198 4840 3478 4910 ἀπόϐλητα
3502 4840 3700 4908 γένοιτ’
3728 4842 3795 4894 ἄν

2212 4958 2340 4994 ποτε
2368 4940 2460 4993 καὶ
2487 4938 2555 4991 τὰ
2582 4936 2711 5008 παρ’
2728 4935 3032 5006 ἀνθρώποις
3058 4934 3192 5006 πρὸς
3227 4933 3521 5002 θεραπείαν
3557 4933 3651 4984 τοῦ
3689 4935 3797 4984 σώ-

2217 5052 2383 5106 ματος
2416 5031 2792 5100 ὲπινοούμενα·
2825 5028 2903 5081 ἔτι
2946 5028 3002 5081 δὲ
3034 5028 3115 5080 ὅτι
3138 5026 3400 5099 χρηστέον
3435 5026 3528 5079 καὶ
3556 5025 3794 5087 τούτοις,

2213 5131 2287 5194 ὡς
2315 5128 2408 5181 καὶ
2437 5126 2532 5180 τοῦ
2572 5124 2849 5196 προφήτου
2898 5122 3057 5175 τοῦτο
3094 5121 3298 5194 πρᾶξαι
3344 5119 3795 5191 παραινέσαντος.

2214 5222 2325 5275 Καὶ
2348 5220 2397 5272 οἱ
2432 5217 2607 5271 λοιπολ⁵
2624 5216 2821 5278 πάντες
2854 5214 3033 5280 ἕλκος
3049 5214 3336 5283 ὠνόμασαν
3357 5212 3417 5264 τὸ
3444 5211 3532 5265 διὰ
3559 5211 3661 5281 τῆς
3687 5228 3792 5264 πα-

2214 5308 2381 5376 λάθης
2408 5304 2757 5378 θεραπευθὲν·
2792 5304 2904 5358 ἀλλ’
2936 5305 3033 5374 οὐχ
3064 5303 3217 5364 ἕλκος
3236 5297 3304 5371 ἦν
3326 5300 3388 5353 τὸ
3420 5302 3657 5372 πρῶτον,
3692 5302 3798 5372 ἀρ-

2223 5402 2426 5475 ρωστία
2448 5401 2504 5454 δὲ
2527 5401 2619 5453 καὶ
2654 5396 2891 5470 μαλακία
2926 5396 3060 5468 πρὸς
3090 5394 3332 5448 θάνατον.
3356 5394 3448 5447 Διὸ
3471 5395 3556 5446 ἐπ’
3583 5394 3803 5463 ἐκείνης

2218 5604 2379 5729 guns.
2412 5602 2499 5685 ‘l
2531 5620 2549 5651 ι
2586 5600 2695 5653 Καὶ
2724 5596 2884 5659 αὖτός
2930 5594 3149 5663 ἐποίησε
3197 5594 3559 5665 καθοδὴγησιν
3590 5592 3803 5655 πάντας

2246 5691 2493 5729 νιαυτους
2528 5690 2647 5729 μου.
2682 5691 2698 5722 ι
3083 5686 3087 5690 ”

2246 5691 2493 5736 νιαυτους
2528 5690 2647 5742 μου.
2682 5691 2698 5722 ι
3083 5686 3087 5690 ”
