4072 6194
395 252 502 311 375

1070 257 1340 314 EUSEBll
1381 255 1861 313 CJESARIENSIS
1888 252 2052 307 (OPP.
2094 250 2271 308 PARS
2310 251 2398 308 lll.
2436 284 2505 294 —-
2545 246 2955 311 EXEGETICA.

3540 251 3643 300 3-75

396 374 587 430 blimes
634 374 909 442 volarent;
942 377 1014 431 ita
1050 387 1108 431 ut
1138 378 1523 441 ascenderem,
1570 376 1961 439 exaltarentur,

2074 374 2165 426 καὶ
2230 374 2382 437 τέλος
2444 374 2543 444 τὴν
2593 376 2672 439 εἰς
2726 372 2989 445 οὐρανοὺς
3040 368 3263 424 πορείαν
3320 366 3638 422 στείλασθαι.

397 482 460 523 ac
494 469 706 521 demunt
740 470 792 524 in
825 470 994 525 ρωπος
1024 485 1244 524 cursum
1276 472 1592 541 dirigerent.
1629 469 1756 524 Haec
1776 470 1970 540 quippe

396 561 701 628 aquilarum
735 572 923 615 natura
955 570 1059 615 cst.

467 648 632 703 Vens.
660 650 749 707 5|.
786 669 805 702 ι
836 651 941 717 Qui
987 664 1167 708 autem
1202 663 1521 723 exspectant
1568 654 1759 717 Deum,
1796 662 1973 706 muta-

396 738 529 795 bunt
558 742 954 809 fortitudinem,
974 755 1252 800 assument
1277 762 1483 815 pennas
1508 757 1564 800 ut
1589 746 1818 814 aquiLe;
1846 760 1973 800 cur-

395 840 535 894 rent,
567 840 619 885 et
656 850 760 887 nntt
790 834 1109 891 laborabunt
1141 854 1155 902 ;
1189 838 1595 905 ambulabunt,
1619 850 1674 893 et
1715 854 1820 893 non
1850 854 1973 893 esu-

397 924 555 976 rient.
590 942 606 975 t
650 924 960 991 lugentibus
986 930 1248 996 perfuncti
1278 931 1601 995 doloribus,
1640 932 1855 985 dentom
1893 932 1973 985 vi-

397 1015 653 1070 sitatione
687 1019 778 1072 Dei
809 1020 1038 1087 dignati,
1071 1022 1123 1075 itt
1155 1037 1291 1091 pace
1318 1024 1480 1077 vitam
1524 1034 1775 1093 egerunt,
1818 1026 1971 1093 aqui-

396 1106 570 1159 larum
606 1109 780 1164 instar
808 1113 999 1180 pennis
1038 1115 1312 1177 instructi,
1363 1129 1427 1169 ac
1461 1115 1515 1168 in
1544 1114 1775 1169 sublime
1820 1115 1967 1170 elati.

395 1199 551 1265 Quod
592 1203 636 1254 si
693 1204 984 1274 contigerit
1033 1221 1144 1270 eos,
1207 1208 1297 1275 qui
1332 1222 1431 1276 pro
1462 1208 1659 1276 pietate
1686 1218 1970 1262 concerta-

398 1301 524 1345 runt
571 1303 626 1347 et
676 1296 949 1359 vicerunt,
1016 1300 1281 1370 martyrio
1348 1308 1759 1354 consummatos
1805 1315 1965 1366 esse;

395 1382 567 1438 multo
600 1388 770 1457 magis
807 1388 914 1443 illis
944 1402 1243 1446 memorata
1280 1391 1571 1459 promissio
1598 1402 1896 1462 coittpetat.

987 1482 1213 1538 CAPUT
1256 1482 1388 1536 XLI.

464 1566 631 1625 Vsus.
674 1573 725 1626 1.
765 1590 783 1624 ι
815 1573 1147 1630 lnaovamini
1180 1575 1247 1630 ad
1294 1592 1401 1636 tne,
1453 1576 1659 1643 insulae,
1696 1577 1970 1648 principes

397 1664 541 1716 enim
576 1668 859 1719 mutabunt
903 1670 1233 1736 potentiam:
1269 1669 1530 1721 accedant
1568 1680 1623 1723 et
1681 1670 1969 1740 loquantur

2073 466 2310 535 Τοιαύτη
2336 467 2444 537 γὰρ
2479 469 2511 536 ή
2542 467 2716 519 ἀετῶν
2748 466 2923 535 φύσις.

2148 690 2167 721 ι
2209 672 2269 724 Oi
2305 671 2361 724 δὲ
2409 652 2770 741 ὑπομένοντες
2801 668 2891 721 τὸν
2936 668 3065 721 Θεὸν
3113 666 3431 732 ἀλλάξουσιν
3472 661 3646 731 ίσχῦν,

2074 763 2545 832 πτεροφυήσουσιν
2594 760 2669 822 ὡς
2704 760 2882 813 ἀετοί·
2926 759 3274 832 δραμοῦνται,
3310 758 3403 810 καὶ
3444 755 3504 808 οὐ
3558 771 3650 805 κο-

2073 854 2349 906 πιάσουσι*
2391 850 2719 921 βαδιοῦνται,
2772 850 2863 902 καὶ
2895 850 2955 902 οὗ
3011 849 3371 902 πεινάσουσιν.
3428 866 3446 897 ι
3493 844 3649 897 Μετά

2071 937 2161 994 οὖν
2194 942 2293 1005 τὰς
2310 942 2754 1014 ὑπερϐαλλούσας
2774 942 2998 1011 θλίψεις,
3030 939 3327 1008 ἐπισκοπῆς
3352 934 3486 989 Θεοῦ
3517 950 3650 985 κατ-

2071 1032 2426 1099 αξιωθέντες,
2473 1034 2528 1084 ἐν
2563 1036 2753 1107 είρήνῃ
2798 1032 3097 1086 διετέλεσαν
3136 1030 3221 1083 τὸν
3269 1030 3409 1099 βίον,
3472 1022 3649 1080 ἀετῶν

2071 1124 2225 1193 δίκην
2261 1125 2751 1194 πτεροφυήσαντες,
2785 1123 2879 1176 xai
2913 1123 2993 1184 είς
3026 1119 3155 1189 ὕψος
3188 1118 3460 1189 ἀρθέντες.
3498 1115 3558 1166 Εἰ
3590 1113 3649 1166 δὲ

2073 1215 2165 1267 καὶ
2226 1214 2508 1285 μαρτυρίῳ
2556 1214 2909 1284 τελειωθῆναι
2965 1210 3276 1282 συμϐέϐηκε
3332 1209 3456 1270 τοὺς
3506 1204 3650 1276 ὑπὲρ

2073 1305 2353 1369 εὐσεϐείας
2376 1305 2779 1377 ἠγωνισμένους
2814 1305 2907 1358 καὶ
2942 1303 3314 1373 νενικηκότας,
3348 1298 3479 1351 πολὺ
3510 1296 3647 1369 μᾶλ-

2070 1397 2159 1450 λον
2184 1398 2392 1461 τούτοις
2428 1398 2717 1468 ἀρμόσειεν
2747 1398 2779 1468 ἡ
2819 1394 3080 1467 εἰρημένη
3112 1390 3430 1461 ἐπαγγελία.

2586 1488 2979 1541 ΚΕΦΛΛΑΙΟΝ
3006 1486 3139 1538 MA'.

2155 1578 2555 1645 Ἐγκαινίζεσθε
2607 1577 2747 1650 πρὸς
2793 1576 2881 1649 μὲ,
2933 1578 3114 1649 νῆσοι·
3150 1577 3199 1628 oi
3237 1574 3344 1646 γὰρ
3394 1575 3651 1646 ἄρχοντες

2075 1668 2394 1734 ἀλλὰξουσιν
2442 1670 2624 1740 ίοκχύνι
2688 1671 3066 1738 ὲγγισάτωσαν
3117 1669 3209 1721 καὶ
3262 1666 3650 1735 λαλησάτωσαν

395 1752 555 1809 simul
586 1772 599 1819 ;
634 1757 1043 1826 tttncjudicium
1074 1761 1417 1813 annunticut.
1454 1778 1472 1812 ι
1502 1760 1664 1815 Juliet
1710 1736 1963 1816 nimirum

2076 1757 2224 1827 ἅμα·
2260 1759 2381 1811 τότε
2417 1760 2597 1830 κρίσιν
2629 1759 2876 1827 ἀναγγει)
2890 1759 3119 1811 ἁτωσαν.
3154 1778 3171 1809 t
3212 1754 3650 1827 Παρακελεὺεται

394 1846 615 1911 insulas,
651 1868 667 1898 ι
698 1850 1070 1905 obmutescere
1094 1860 1148 1905 et
1176 1862 1378 1915 tacere,
1413 1870 1432 1905 ι
1469 1854 1763 1907 secundum
1796 1854 1971 1907 Tlteo-

396 1941 689 2004 tlolionetn,
752 1952 811 1995 ιιι
869 1944 1111 1996 divinum
1184 1958 1492 1998 sermonem
1562 1953 1616 1997 et
1674 1944 1968 1998 salutarem

390 2034 833 2102 praedicationem
866 2035 1053 2090 audire
1078 2035 1311 2089 valeant.
1342 2037 1548 2090 lnsulas
1565 2052 1692 2090 vero
1715 2035 1969 2105 frequen-

397 2135 477 2181 ler
506 2138 660 2180 vocat
683 2127 951 2182 Ecclesias
976 2128 1230 2183 omnibus
1253 2144 1318 2182 ex
1348 2129 1597 2196 gentibus
1622 2130 1963 2192 constitutas,

392 2219 518 2287 quia
573 2219 689 2273 illas
732 2220 984 2286 nequitia:
1014 2218 1230 2288 salsugo
1278 2236 1374 2273 ceu
1425 2234 1578 2273 mare
1619 2218 1965 2273 circumﬂuit.

397 2328 417 2359 ι
452 2308 731 2380 Principes
760 2312 905 2364 enim
952 2312 1237 2365 mutabunt
1282 2312 1614 2381 potentiam;
1647 2330 1666 2363 ι
1697 2322 1754 2363 ιιι
1794 2328 1970 2366 mores

394 2412 627 2467 mutent,
680 2410 736 2457 et
779 2418 808 2456 a
861 2402 1138 2471 pejoribus
1192 2405 1257 2456 ad
1305 2403 1528 2456 meliora
1554 2411 1967 2457 convertantur.

396 2514 416 2545 ι
447 2496 723 2551 Accedant
751 2506 805 2551 et
837 2495 1128 2565 loquantur
1154 2494 1314 2549 simul
1342 2511 1356 2559 ;
1395 2514 1412 2547 ι
1468 2493 1722 2548 nimirum
1754 2504 1966 2564 gentes,

393 2587 589 2658 inquit,
621 2590 685 2643 ad
720 2604 806 2643 me
854 2590 1018 2643 Deum
1056 2603 1213 2642 suum
1242 2588 1526 2649 accedant,
1559 2596 1613 2640 et
1646 2588 1809 2640 verba
1848 2602 1965 2641 mea

392 2678 705 2748 ioquantur,
742 2697 863 2752 quae
895 2680 1055 2736 simul
1088 2691 1147 2735 et
1175 2681 1227 2734 in
1261 2693 1405 2737 cmtu
1454 2680 1853 2746 recitabantur,
1898 2680 1971 2733 vi-

391 2773 590 2829 delicet
622 2775 675 2829 in
701 2774 943 2831 Ecclesia
977 2788 1119 2829 mea.

471 2942 632 3001 Vens.
666 2945 723 2999 2.
766 2963 786 2998 ι
818 2944 969 3000 Tunc
1021 2944 1283 3012 judicium
1340 2946 1682 3002 annuntient.
1710 2945 1845 3013 Quis
1871 2961 1969 3001 ex-

393 3038 584 3091 citavit
612 3038 680 3091 ab
720 3040 932 3090 oriente
962 3036 1276 3105 justitiam?
1311 3039 1521 3093 vocavit
1553 3053 1673 3093 eam
1705 3040 1772 3093 ad
1806 3040 1969 3108 pedes

392 3143 525 3183 suos
550 3136 601 3184 et
634 3130 831 3191 vadet?
854 3148 872 3180 ι
910 3129 1161 3197 Peroptat
1190 3132 1333 3185 enim
1370 3142 1426 3184 ut
1456 3142 1665 3201 gentes,
1696 3146 1857 3202 quem
1883 3132 1969 3185 di-

397 3220 645 3274 dicerunt
696 3219 788 3276 [)ei
844 3236 1149 3276 sermonem
1183 3223 1303 3278 aliis
1346 3225 1692 3280 annuntieut.
1738 3224 1970 3279 Justitize

399 3327 629 3382 namque
679 3330 814 3385 Opus
846 3323 983 3379 erat,
1039 3322 1097 3369 ut
1145 3332 1249 3369 non
1297 3316 1579 3371 domestici
1613 3326 1842 3380 taututn,
1874 3317 1970 3371 sed

393 3406 556 3459 etiam
593 3408 812 3477 reliqua:
839 3420 1026 3480 gentes
1061 3410 1126 3462 ad
1161 3407 1252 3463 Dei
1293 3408 1541 3463 notitiam
1586 3418 1967 3463 evocarentur.

472 3524 491 3556 ι
522 3501 673 3556 Dabit
703 3503 755 3555 in
788 3509 1075 3569 conspectu
1115 3501 1378 3569 gentium,
1424 3511 1480 3555 et
1532 3517 1685 3569 reges
1713 3500 1972 3567 obstupe-

397 3597 562 3652 faciet
590 3613 605 3650 :
638 3605 692 3650 et
718 3594 866 3649 dabit
916 3594 966 3646 itt
999 3602 1201 3646 terram
1252 3594 1461 3663 gladios
1504 3608 1717 3657 eorum,
1749 3602 1802 3645 et
1830 3591 1971 3645 sicut

392 3687 623 3761 stipulas
653 3687 905 3758 expulsas
931 3702 1090 3740 arcus
1123 3702 1335 3740 eorum.
1363 3705 1381 3737 ι
1425 3684 1678 3739 Sultdidit
1714 3685 1788 3738 illi
1839 3685 1970 3738 ntul-

397 3793 503 3852 tos,
542 3794 598 3837 ιιι
630 3781 978 3851 Babylonem,
1009 3780 1151 3846 quod
1200 3778 1288 3849 jus
1337 3779 1660 3847 pnslttlabal,
1708 3778 1966 3832 dirueret.

397 3875 515 3945 Ipse
545 3886 777 3941 namque
808 3880 945 3929 erat,
977 3871 1067 3939 qui
1101 3879 1157 3923 et
1178 3870 1378 3938 priscis
1416 3869 1519 3923 illis
1544 3871 1671 3924 olim
1705 3871 1972 3939 religiosis

398 3964 710 4021 hominibus
744 3973 904 4016 notus
934 3961 1055 4043 fuit,
1082 3972 1136 4015 et
1165 3962 1255 4033 qui
1284 3972 1405 4030 post
1433 3964 1669 4030 priscum
1700 3963 1842 4016 illum
1883 3980 1972 4033 po-

401 4058 581 4128 pulum
611 4054 908 4109 Ecclesiatu
935 4056 1178 4125 gentium
1215 4056 1317 4110 sibi
1354 4056 1724 4109 concredilam
1757 4056 1965 4109 habuit.

473 4148 634 4202 Vsus.
671 4146 724 4209 '5,
766 4146 822 4199 4.
868 4164 886 4195 ι
937 4146 997 4200 Et
1040 4160 1396 4217 persequetur
1430 4163 1524 4202 eos
1563 4166 1575 4202 :
1621 4150 1874 4204 transibit
1918 4151 1968 4203 in

395 4254 531 4308 pace
560 4242 640 4292 via
672 4241 863 4308 pedum
882 4237 1017 4305 ejus.
1042 4239 1174 4305 Quis
1196 4251 1454 4309 operatus
1475 4251 1559 4295 est
1585 4251 1639 4295 et
1665 4243 1788 4297 fecit
1820 4244 1971 4298 lucc?

401 4333 623 4387 Vocavit
658 4347 799 4391 eam,
825 4332 915 4400 qtti
968 4342 1119 4386 vocat
1149 4347 1269 4387 eam
1310 4348 1337 4385 a
1372 4336 1781 4403 generationum
1818 4336 1969 4404 priu-

398 4448 410 4472 ι
432 4426 559 4494 ipio.
596 4446 615 4477 ι
650 4424 997 4481 Testilicatur
1032 4440 1135 4478 non
1168 4426 1439 4496 vulgarent
1474 4427 1762 4481 utilitatem
1793 4429 1970 4500 genti-

396 4522 498 4573 bus
526 4521 906 4581 olnenturatu,
948 4519 991 4571 si
1044 4534 1070 4569 a
1099 4518 1323 4588 pristina
1356 4520 1599 4573 czecitatc
1651 4531 1707 4575 ct
1748 4521 1969 4574 deorum

400 4612 743 4666 multitudine
777 4612 1073 4675 translatae,
1109 4611 1323 4664 videant
1351 4627 1472 4665 eum
1503 4613 1595 4680 qui
1630 4612 1784 4669 dixit.
1819 4632 1835 4661 ‹
1864 4613 1974 4683 Ego

402 4703 542 4759 Deus
584 4705 809 4774 primus,
850 4714 905 4757 et
957 4704 1007 4756 in
1039 4712 1263 4757 ventura
1326 4714 1563 4770 tempora
1620 4720 1720 4771 ego
1775 4722 1915 4757 sunt.
1949 4725 1966 4756 ι

397 4800 567 4865 Quem
618 4813 742 4853 cum
778 4797 1024 4850 viderent
1066 4797 1454 4857 cxtimuerunt,
1512 4797 1577 4849 ad
1625 4797 1838 4850 initium
1889 4812 1976 4847 sa-

396 4893 613 4957 pientia:
654 4889 952 4959 profectae;
995 4905 1117 4941 nam
1173 4906 1190 4940 ι
1230 4887 1452 4943 initium
1489 4890 1773 4959 sapientia:
1813 4889 1976 4943 timor

398 4983 613 5036 Domini
652 4983 716 5035 ⁸⁸.
748 5003 765 5035 ι

473 5078 632 5131 Vens.
667 5076 784 5134 5.7.
842 5095 860 5123 ο
898 5074 1139 5129 Termini
1178 5085 1338 5130 terra:
1367 5084 1737 5138 accesserunt,
1782 5084 1835 5129 ct
1885 5089 1974 5125 vc-

400 5178 599 5221 tierunt
650 5170 833 5232 simul,
874 5170 1127 5239 judicans
1162 5169 1533 5236 unusquisque
1579 5171 1823 5235 proximo
1853 5185 1972 5231 suo,

397 5270 455 5311 et
509 5262 663 5313 l'ratrl
712 5263 981 5320 auxiliari.
1040 5261 1104 5316 Et
1131 5262 1297 5327 (licet,
1327 5261 1722 5315 Prtevaluitvir
1753 5261 1970 5323 artifex,

399 5365 455 5402 ιιι
504 5352 730 5405 :rt'at'itls
763 5357 1077 5422 percutiens
1119 5354 1346 5409 malleo:
1399 5353 1559 5407 simul
1614 5354 1837 5417 cudens,
1885 5354 1975 5406 ali-

399 5445 621 5513 quando
649 5443 865 5513 quidem
896 5446 1057 5512 dicet,
1092 5446 1356 5501 Solidatio
1404 5447 1542 5499 bona
1574 5455 1677 5499 est.
1707 5445 1971 5500 Corrobo-

404 5547 603 5592 urunt
635 5551 695 5590 ea
728 5535 917 5597 clavis,
953 5545 1150 5605 ponent
1186 5554 1271 5603 ca,
1299 5548 1352 5593 ct
1392 5553 1495 5593 nou
1539 5538 1917 5593 movebuntur.
1955 5554 1971 5587 ι

475 5694 521 5728 ⁸⁸
552 5694 694 5750 l‘sal.
726 5710 813 5752 cx.
845 5692 909 5749 10

2073 1852 2209 1921 δῆτα
2241 1854 2363 1914 ταῖς
2394 1852 2599 1920 νήσοις,
2636 1848 2775 1902 κατά
2806 1849 3157 1911 Θεοδοτίωνα,
3201 1866 3217 1897 ι
3260 1845 3524 1913 κωφεύειν
3558 1846 3651 1897 καὶ

2077 1946 2255 2015 σιγᾷν,
2296 1963 2313 1995 ι
2344 1944 2418 2007 ὡς
2450 1944 2516 1996 ἂν
2547 1944 2771 2014 ἐπήκοοι
2805 1943 3042 2011 γένοιντο
3066 1941 3251 2009 θεῖκῆς
3277 1939 3509 2009 ὁμιλίας,
3549 1955 3651 1990 σω-

2073 2038 2261 2107 τηρίου
2287 2053 2344 2088 τε
2380 2036 2753 2107 κηρύγματος.
2785 2036 2997 2104 Νήσους
3030 2034 3084 2086 δὲ
3114 2030 3366 2103 ὀνομάζει
3412 2030 3651 2099 συνεχῶς

2070 2130 2170 2191 τὰς
2197 2128 2255 2193 ἐξ
2280 2130 2534 2181 ἁπάντων
2570 2127 2678 2180 τῶν
2704 2126 2870 2179 ἐθνῶν
2887 2125 3228 2196 Ἐκκλησίας,
3256 2123 3343 2176 διὰ
3376 2123 3436 2175 τὸ
3461 2122 3609 2175 ὥσπε
3618 2140 3652 2194 ρ

2072 2218 2178 2269 ὑπὸ
2220 2216 2496 2286 θαλάσσης
2546 2215 2933 2287 περιρῤέεσθαι
2983 2216 3088 2267 ὑπὸ
3134 2214 3235 2283 τῆς
3278 2215 3522 2285 ἁλμυρᾶς
3553 2214 3647 2267 τοῦ

2074 2308 2187 2377 βίου
2222 2306 2436 2369 κακίας.
2477 2326 2493 2357 ι
2536 2309 2597 2359 Οἱ
2623 2308 2730 2377 γὰρ
2758 2308 3016 2378 ἄρχοντες
3046 2306 3359 2372 ἀλλάξουσιν
3394 2308 3575 2377 ἰσχύν·
3623 2327 3644 2359 ›

2072 2402 2147 2465 ὡς
2187 2402 2251 2455 ἂν
2286 2400 2638 2470 μεταϐάλοιεν
2673 2401 2763 2453 τὸν
2795 2400 3003 2452 ἑαυτῶν
3032 2401 3252 2472 τρόπον,
3285 2402 3377 2453 καὶ
3410 2401 3651 2472 ἀλλαγήν

2071 2496 2170 2565 τὴν
2212 2495 2320 2547 ἀπὸ
2350 2493 2461 2547 τῶν
2496 2494 2751 2565 χειρόνων
2799 2494 2889 2546 ἐπὶ
2940 2494 3007 2547 τὰ
3057 2495 3287 2566 κρείττω
3319 2497 3648 2566 ποιήσοιντο.

2075 2605 2095 2638 ι
2156 2587 2560 2655 Ἐγγισάτωσαν
2600 2586 2691 2637 καὶ
2732 2584 3117 2653 λαλησάτωσαν
3166 2586 3279 2657 ἆμα
3300 2603 3313 2616 ·
3358 2605 3375 2637 ι
3410 2586 3651 2656 δηλονότι

2071 2680 2137 2732 τὰ
2162 2678 2286 2750 ἔθνη
2310 2678 2446 2751 πρὸς
2478 2678 2568 2749 μὲ,
2588 2678 2740 2748 φησι,
2763 2679 2854 2730 τὸν
2875 2677 3006 2731 Θεὸν
3038 2679 3435 2747 ὲγγισάτωσαν,
3459 2679 3552 2732 xai
3580 2678 3650 2733 τὰ

2070 2768 2181 2839 ἐμὰ
2208 2770 2425 2840 ῥήματα
2453 2767 2863 2841 λαλησάτωσαν,
2895 2768 3029 2838 ὁμοῦ
3075 2768 3215 2821 κατά
3245 2770 3304 2823 τὸ
3333 2771 3463 2822 αὐτὸ
3500 2770 3652 2839 γενό-

2076 2877 2233 2932 μενα,
2277 2864 2335 2914 ὲν
2372 2864 2439 2933 τῇ
2479 2864 2584 2933 ἐμῇ
2609 2860 2809 2932 δηλαδὴ
2850 2860 3165 2933 Ἐκκλησία.

2150 2973 2166 3006 ι
2200 2954 2333 3008 Τότε
2365 2955 2544 3027 κρίσιν
2575 2952 3069 3022 ἀναγγειλὰτωσαν.
3096 2954 3192 3018 Τίς
3234 2955 3515 3027 ἐξήγειρεν
3543 2956 3651 3009 ἀπὸ

2073 3045 2348 3101 ἀνατολῶν
2396 3046 2776 3116 δικαιοσυνην;
2818 3047 3073 3101 ἐκάλεσεν
3105 3048 3272 3117 αὐτὴν
3313 3048 3453 3101 κατά
3484 3047 3651 3110 πόδας

2074 3140 2261 3203 αὑτοῦ,
2282 3142 2375 3193 καὶ
2393 3140 2717 3211 πορεύσεται
2736 3156 2749 3203 ;
2780 3159 2795 3188 ι
2814 3139 2916 3191 Τὸν
2932 3139 3037 3209 γὰρ
3062 3140 3300 3209 περὶτῆς
3318 3139 3550 3210 κρίσεως
3566 3140 3653 3192 λό-

2073 3249 2167 3301 γον
2190 3230 2436 3301 βουλεται
2456 3230 2693 3301 μαθόντα
2712 3231 2780 3283 τὰ
2796 3230 2920 3301 ἔθνη
2940 3230 3032 3283 καὶ
3049 3229 3251 3296 ἑτέροις
3264 3228 3650 3296 ἀπαγγέλλειν.

2073 3322 2427 3392 Δικαιοσύνης
2453 3324 2561 3395 γὰρ
2605 3324 2762 3394 ἔργον
2804 3318 2872 3393 ἦν
2902 3323 2962 3374 τὺ
2997 3321 3069 3392 μὴ
3102 3322 3264 3383 ἰδίους
3300 3321 3478 3391 μόνον,
3514 3322 3655 3375 ἀλλὰ

2074 3418 2167 3469 καὶ
2190 3415 2257 3468 τὰ
2277 3415 2439 3469 λοιπὰ
2463 3415 2588 3485 ἔθνη
2616 3415 2895 3468 καλεῖσθαι
2919 3415 3009 3466 ἐπὶ
3030 3413 3124 3484 τὴν
3150 3412 3241 3465 τοῦ
3269 3412 3400 3465 (θεοῦ
3425 3414 3646 3480 γνῶσιν.

2150 3527 2168 3557 ι
2208 3506 2378 3559 Δὼσει
2413 3505 2655 3560 ἐναντίον
2711 3504 2902 3567 ἐθνῶν,
2961 3504 3054 3557 καὶ
3090 3504 3324 3573 βασιλεῖς
3358 3504 3609 3576 ἐκστήσει
3632 3522 3645 3533 ·

2074 3601 2167 3653 καὶ
2199 3598 2359 3652 δώσει
2390 3598 2468 3660 εἰς
2498 3598 2600 3667 γῆν
2628 3596 2727 3659 τὰς
2762 3596 3034 3666 μαχαίρας
3060 3597 3259 3658 αὐτῶν,
3290 3596 3383 3648 καὶ
3410 3597 3485 3658 ὡς
3514 3594 3652 3665 φρό-

2073 3707 2213 3759 γανα
2256 3690 2538 3759 ἐξωσμένα
2582 3687 2649 3741 τὰ
2687 3687 2815 3753 τόξα
2857 3688 3054 3740 αὐτῶν.
3095 3706 3111 3738 t
3162 3688 3455 3753 Ὑπέταξεν
3506 3688 3655 3761 αὑτῷ

2077 3780 2323 3843 πολλοὺς,
2356 3780 2441 3832 ἵνα
2472 3778 2676 3851 καθέλῃ
2722 3778 3014 3832 Βαϐυλῶνα
3040 3777 3279 3840 δικαίως.
3329 3778 3496 3841 Αὐτὸς
3537 3778 3648 3850 γὰρ

2074 3870 2142 3945 ἦν
2168 3877 2195 3926 ό
2229 3873 2458 3934 καὶτοῖς
2487 3870 2724 3942 πρώτοις
2755 3870 3027 3941 πρόπαλαι
3062 3872 3153 3923 καὶ
3183 3870 3241 3935 ἐξ
3272 3871 3443 3942 ἀρχῆς
3474 3872 3655 3942 θεοφι-

2073 3968 2187 4019 λέσι
2228 3964 2540 4036 γενομένοις
2579 3965 2861 4033 γνωσθεὶς,
2895 3966 2987 4018 καὶ
3031 3968 3057 4018 ό
3101 3963 3235 4035 μετά
3268 3965 3357 4016 τὸν
3390 3964 3653 4035 πρότερον

2073 4057 2197 4110 λαὸν
2236 4058 2343 4109 τῶν
2377 4056 2546 4109 ἐθνῶν
2587 4056 2911 4125 Ἐκκλησίαν
2952 4056 3402 4125 πεπιστευμένος.

2152 4168 2169 4199 ι
2216 4149 2326 4201 Καὶ
2366 4148 2606 4212 διώξεται
2661 4147 2875 4210 αὐτούς·
2921 4147 3249 4200 διελεύσεται
3292 4148 3350 4198 ἐν
3383 4148 3574 4218 εἰρήνῃ
3616 4147 3650 4218 ή

2073 4239 2189 4303 ὁδὸς
2230 4240 2336 4292 τῶν
2377 4238 2550 4290 ποδῶν
2601 4237 2785 4291 αὐτοῦ.
2843 4237 2936 4299 Τίς
2986 4238 3250 4306 ἐνήρπσε
3299 4236 3389 4288 καὶ
3431 4237 3651 4306 ἐποίησε

2074 4330 2279 4395 ταῦτα;
2333 4330 2621 4382 Ἐκάλεσεν
2654 4328 2821 4398 αὐτὴν
2855 4329 2882 4379 ὁ
2910 4326 3087 4380 καλῶν
3116 4326 3284 4397 αὐτὴν
3318 4327 3425 4380 ἀπὸ
3450 4328 3655 4395 γενεῶν

2006 4443 2050 4498 D
2075 4422 2262 4493 ἀρχῆς.
2314 4441 2331 4471 ι
2371 4422 2657 4490 Μαρτυρεῖ
2685 4420 2740 4472 δὲ
2767 4422 2795 4472 ὀ
2829 4419 2983 4485 ληίγος
3021 4419 3283 4486 ὡψέλειαν
3329 4420 3389 4470 οὗ
3420 4419 3516 4490 τὴν
3560 4438 3653 4472 τυ-

2074 4513 2274 4584 χοῦσαν
2303 4515 2414 4573 τοῖς
2449 4511 2678 4572 ἔθνεσιν,
2716 4509 2769 4561 εί
2794 4527 2855 4577 γε
2893 4509 3290 4579 μεταϐάλλοντα
3327 4509 3425 4578 τῆς
3460 4512 3656 4580 προτέ-

2075 4622 2175 4674 ρας
2226 4601 2489 4671 ἁϐλεψίας
2537 4603 2632 4653 καὶ
2663 4599 2967 4663 πολυθεῖας,
3012 4600 3192 4653 ίδοσαν
3224 4600 3313 4653 τὸν
3354 4600 3612 4672 εἰρηκότα
3637 4619 3651 4630 ·

2079 4714 2095 4745 ι
2150 4694 2291 4762 Ἐγὼ
2332 4693 2465 4757 Θεὸς
2518 4692 2750 4763 πρῶτος,
2801 4694 2893 4745 καὶ
2928 4696 3005 4756 είς
3052 4696 3120 4747 τὰ
3168 4694 3505 4765 ἐπερχόμενα
3545 4694 3656 4762 ἐγὼ

2073 4788 2210 4856 εἰμι,
2255 4806 2272 4835 ι
2324 4785 2434 4837 Καὶ
2482 4784 2659 4837 ἰδόντα
2709 4784 3081 4854 ἐφοϐήθησαν,
3117 4786 3174 4837 ἐν
3206 4784 3345 4855 ἀρχῇ
3390 4786 3657 4855 γενόμενα

2075 4877 2266 4946 σοφίας
2288 4894 2300 4905 ⁸
2352 4896 2369 4927 ι
2422 4875 2587 4946 Ἀρχὴ
2620 4874 2728 4946 γὰρ
2765 4876 2955 4945 σοφίας
2990 4874 3153 4944 φόϐος
3186 4877 3411 4948 Κυρίου.
3456 4897 3472 4928 ι

2152 5075 2169 5107 ι
2208 5056 2290 5110 Τά
2318 5058 2463 5128 ἄκρα
2491 5057 2590 5127 τῆς
2618 5057 2721 5127 γῆς
2754 5058 3008 5127 ἤγγισαν,
3042 5057 3135 5111 καὶ
3166 5053 3327 5128 ἦλθον
3359 5056 3493 5126 ἅμα,
3535 5055 3658 5127 κρί-
3688 5090 3691 5093 -

2074 5167 2179 5201 νων
2207 5148 2439 5211 ’έκαστος
2464 5146 2541 5219 τῷ
2588 5148 2836 5219 πλησίον,
2870 5149 2965 5202 καὶ
3014 5149 3092 5220 τῷ
3122 5149 3333 5219 ἀδελφῷ
3369 5148 3654 5220 βοηθῆσαι.

2082 5243 2191 5294 Καὶ
2223 5243 2365 5312 ὲρεῖ·
2408 5244 2654 5311 ’ἰσχυσεν
2687 5241 2825 5314 ἀνὴρ
2858 5242 3083 5306 τέκτων,
3114 5243 3205 5295 καὶ
3238 5240 3467 5311 χαλκεὺς
3494 5241 3521 5291 ό
3560 5240 3657 5291 τύ-

2084 5349 2230 5384 πτων
2259 5332 2459 5403 σφύρᾳ,
2493 5334 2608 5404 ἅμα
2631 5333 2887 5398 ἐλαύνων,
2910 5334 3036 5386 ποτὲ
3066 5333 3161 5403 μὲν
3191 5335 3322 5404 ἐρεῖ,
3354 5330 3659 5402 Σύμϐλημα

2085 5424 2247 5477 καλόν
2297 5426 2466 5479 ἐστιν.
2521 5427 2846 5497 ’ἰσχύρωσαν
2903 5426 3039 5481 αὐτὰ
3090 5429 3145 5479 ἐν
3198 5426 3366 5497 ἣλοις,
3401 5426 3659 5497 θήσουσιν

2085 5518 2242 5582 αὐτὰ,
2273 5520 2366 5573 καὶ
2397 5519 2459 5574 οὐ
2494 5521 2892 5593 κινηθήσονται.
2935 5542 2953 5575 ι
2992 5522 3062 5577 Τὸ
3089 5522 3195 5593 γὰρ
3230 5522 3661 5594 παραδοξότατον
