  <div class='ocr_page' id='page_1' title='image "/cluster/home/n/w/nwhite01/storage/ocr_20150623/24/hvd.32044073501801/196.png"; bbox 0 0 4072 6194; ppageno 0'>
   <div class='ocr_carea' id='block_1_1' title="bbox 310 283 410 338">
    <p class='ocr_par' dir='ltr' id='par_1_1' title="bbox 310 283 410 338">
     <span class='ocr_line' id='line_1_1' title="bbox 310 283 410 338; baseline -0.03 0"><span class='ocrx_word' id='word_1_1' title='bbox 310 283 410 338; x_wconf 76' lang='lat'><strong>377</strong></span> 
     </span>
    </p>
   </div>
   <div class='ocr_carea' id='block_1_2' title="bbox 1232 264 2602 331">
    <p class='ocr_par' dir='ltr' id='par_1_2' title="bbox 1232 264 2602 331">
     <span class='ocr_line' id='line_1_2' title="bbox 1232 264 2602 331; baseline -0.01 0"><span class='ocrx_word' id='word_1_2' title='bbox 1232 271 1728 331; x_wconf 70' lang='lat' dir='ltr'><strong>COMME‘NTARIA</strong></span> <span class='ocrx_word' id='word_1_3' title='bbox 1769 271 1833 325; x_wconf 72' lang='lat' dir='ltr'><strong>IN</strong></span> <span class='ocrx_word' id='word_1_4' title='bbox 1875 268 2127 325; x_wconf 71' lang='lat' dir='ltr'><strong>lSAlAM.</strong></span> <span class='ocrx_word' id='word_1_5' title='bbox 2178 298 2235 308; x_wconf 91' lang='lat'><strong>-—</strong></span> <span class='ocrx_word' id='word_1_6' title='bbox 2277 267 2431 328; x_wconf 73' lang='lat' dir='ltr'><strong>CAP.</strong></span> <span class='ocrx_word' id='word_1_7' title='bbox 2470 264 2602 320; x_wconf 64' lang='lat' dir='ltr'><strong>XLI.</strong></span> 
     </span>
    </p>
   </div>
   <div class='ocr_carea' id='block_1_3' title="bbox 3440 254 3544 315">
    <p class='ocr_par' dir='ltr' id='par_1_3' title="bbox 3440 254 3544 315">
     <span class='ocr_line' id='line_1_3' title="bbox 3440 254 3544 315; baseline -0.01 0"><span class='ocrx_word' id='word_1_8' title='bbox 3440 254 3544 315; x_wconf 78' lang='grc'><strong>578</strong></span> 
     </span>
    </p>
   </div>
   <div class='ocr_carea' id='block_1_4' title="bbox 306 378 1861 465">
    <p class='ocr_par' dir='ltr' id='par_1_4' title="bbox 306 393 1861 465">
     <span class='ocr_line' id='line_1_4' title="bbox 306 393 1861 465; baseline -0.005 -13"><span class='ocrx_word' id='word_1_9' title='bbox 306 396 475 452; x_wconf 73' lang='grc' dir='ltr'><strong>τοῦτὸ</strong></span> <span class='ocrx_word' id='word_1_10' title='bbox 511 397 680 460; x_wconf 82' lang='grc' dir='ltr'>ἐστιν,</span> <span class='ocrx_word' id='word_1_11' title='bbox 711 396 787 448; x_wconf 75' lang='grc' dir='ltr'><strong>ὅτι</strong></span> <span class='ocrx_word' id='word_1_12' title='bbox 813 395 906 448; x_wconf 75' lang='grc' dir='ltr'>καὶ</span> <span class='ocrx_word' id='word_1_13' title='bbox 936 393 1008 448; x_wconf 87' lang='grc' dir='ltr'><strong>τὰ</strong></span> <span class='ocrx_word' id='word_1_14' title='bbox 1040 393 1290 465; x_wconf 80' lang='grc' dir='ltr'>βάρϐαρα</span> <span class='ocrx_word' id='word_1_15' title='bbox 1332 394 1471 463; x_wconf 82' lang='grc' dir='ltr'>φύλα</span> <span class='ocrx_word' id='word_1_16' title='bbox 1517 395 1608 447; x_wconf 74' lang='grc' dir='ltr'><strong>καὶ</strong></span> <span class='ocrx_word' id='word_1_17' title='bbox 1638 393 1707 446; x_wconf 92' lang='grc' dir='ltr'><strong>τὰ</strong></span> <span class='ocrx_word' id='word_1_18' title='bbox 1750 394 1861 464; x_wconf 72' lang='grc' dir='ltr'>πορι</span> 
     </span>
    </p>
   </div>
   <div class='ocr_carea' id='block_1_5' title="bbox 1965 378 3546 465">
    <p class='ocr_par' dir='ltr' id='par_1_5' title="bbox 1981 378 3546 458">
     <span class='ocr_line' id='line_1_5' title="bbox 1981 378 3546 458; baseline -0.008 -13"><span class='ocrx_word' id='word_1_19' title='bbox 1981 391 2112 445; x_wconf 85' lang='lat' dir='ltr'><strong>Nam</strong></span> <span class='ocrx_word' id='word_1_20' title='bbox 2129 389 2268 458; x_wconf 87' lang='lat' dir='ltr'><strong>quod</strong></span> <span class='ocrx_word' id='word_1_21' title='bbox 2297 402 2393 456; x_wconf 79' lang='lat' dir='ltr'><strong>per</strong></span> <span class='ocrx_word' id='word_1_22' title='bbox 2415 386 2635 454; x_wconf 82' lang='lat' dir='ltr'><strong>quidem</strong></span> <span class='ocrx_word' id='word_1_23' title='bbox 2657 383 2850 438; x_wconf 88' lang='lat' dir='ltr'><strong>mirum</strong></span> <span class='ocrx_word' id='word_1_24' title='bbox 2881 389 2984 446; x_wconf 88' lang='lat' dir='ltr'><strong>est,</strong></span> <span class='ocrx_word' id='word_1_25' title='bbox 3012 378 3257 435; x_wconf 72' lang='lat' dir='ltr'><strong>barbarae</strong></span> <span class='ocrx_word' id='word_1_26' title='bbox 3281 379 3546 442; x_wconf 71' lang='lat' dir='ltr'><strong>nationes,</strong></span> 
     </span>
    </p>
   </div>
   <div class='ocr_carea' id='block_1_6' title="bbox 271 472 1861 562">
    <p class='ocr_par' dir='ltr' id='par_1_6' title="bbox 271 484 1861 562">
     <span class='ocr_line' id='line_1_6' title="bbox 271 484 1861 562; baseline -0.004 -19"><span class='ocrx_word' id='word_1_27' title='bbox 271 509 273 511; x_wconf 92' lang='grc'><strong>·</strong></span> <span class='ocrx_word' id='word_1_28' title='bbox 311 489 552 562; x_wconf 80' lang='grc' dir='ltr'>ρωτάτω</span> <span class='ocrx_word' id='word_1_29' title='bbox 583 486 929 556; x_wconf 78' lang='grc' dir='ltr'><strong>ἀπῳκισμένα</strong></span> <span class='ocrx_word' id='word_1_30' title='bbox 975 485 1272 562; x_wconf 64' lang='grc' dir='ltr'>Ἰουδαϊκῆς</span> <span class='ocrx_word' id='word_1_31' title='bbox 1304 485 1506 556; x_wconf 78' lang='grc' dir='ltr'>χώρας,</span> <span class='ocrx_word' id='word_1_32' title='bbox 1532 485 1652 538; x_wconf 82' lang='grc' dir='ltr'>καθ’</span> <span class='ocrx_word' id='word_1_33' title='bbox 1685 484 1752 555; x_wconf 81' lang='grc' dir='ltr'><strong>ἣν</strong></span> <span class='ocrx_word' id='word_1_34' title='bbox 1789 485 1861 554; x_wconf 71' lang='grc' dir='ltr'><strong>μά</strong></span> 
     </span>
    </p>
   </div>
   <div class='ocr_carea' id='block_1_7' title="bbox 1965 472 3546 562">
    <p class='ocr_par' dir='ltr' id='par_1_7' title="bbox 1983 472 3546 549">
     <span class='ocr_line' id='line_1_7' title="bbox 1983 472 3546 549; baseline -0.008 -13"><span class='ocrx_word' id='word_1_35' title='bbox 1983 493 2036 536; x_wconf 89' lang='lat' dir='ltr'><strong>et</strong></span> <span class='ocrx_word' id='word_1_36' title='bbox 2080 481 2392 549; x_wconf 80' lang='lat' dir='ltr'><strong>longissime</strong></span> <span class='ocrx_word' id='word_1_37' title='bbox 2437 487 2656 530; x_wconf 76' lang='lat' dir='ltr'><strong>remota:</strong></span> <span class='ocrx_word' id='word_1_38' title='bbox 2701 491 2730 528; x_wconf 87' lang='lat' dir='ltr'><strong>a</strong></span> <span class='ocrx_word' id='word_1_39' title='bbox 2770 473 2992 529; x_wconf 69' lang='lat' dir='ltr'><strong>Iudaica</strong></span> <span class='ocrx_word' id='word_1_40' title='bbox 3051 473 3291 540; x_wconf 75' lang='lat' dir='ltr'><strong>regione,</strong></span> <span class='ocrx_word' id='word_1_41' title='bbox 3347 472 3399 525; x_wconf 87' lang='lat' dir='ltr'><strong>in</strong></span> <span class='ocrx_word' id='word_1_42' title='bbox 3442 487 3546 538; x_wconf 81' lang='lat' dir='ltr'><strong>qua</strong></span> 
     </span>
    </p>
   </div>
   <div class='ocr_carea' id='block_1_8' title="bbox 311 558 1861 652">
    <p class='ocr_par' dir='ltr' id='par_1_8' title="bbox 311 558 1861 652">
     <span class='ocr_line' id='line_1_8' title="bbox 311 558 1861 652; baseline -0.002 -19"><span class='ocrx_word' id='word_1_43' title='bbox 311 597 418 652; x_wconf 76' lang='grc' dir='ltr'><strong>νην</strong></span> <span class='ocrx_word' id='word_1_44' title='bbox 441 579 788 650; x_wconf 80' lang='grc' dir='ltr'>γνωρίζεσθαι</span> <span class='ocrx_word' id='word_1_45' title='bbox 807 576 1089 648; x_wconf 78' lang='grc' dir='ltr'>ἐνομίζετο</span> <span class='ocrx_word' id='word_1_46' title='bbox 1111 558 1173 631; x_wconf 67' lang='grc' dir='ltr'><strong>τὸ</strong></span> <span class='ocrx_word' id='word_1_47' title='bbox 1199 579 1423 632; x_wconf 77' lang='grc' dir='ltr'>παλαιὸν</span> <span class='ocrx_word' id='word_1_48' title='bbox 1449 579 1478 631; x_wconf 98' lang='lat'><strong>6</strong></span> <span class='ocrx_word' id='word_1_49' title='bbox 1503 578 1654 643; x_wconf 82' lang='grc' dir='ltr'><strong>Θεὸς,</strong></span> <span class='ocrx_word' id='word_1_50' title='bbox 1680 577 1861 646; x_wconf 70' lang='grc' dir='ltr'>γνῶσιε</span> 
     </span>
    </p>
   </div>
   <div class='ocr_carea' id='block_1_9' title="bbox 1965 558 3542 652">
    <p class='ocr_par' dir='ltr' id='par_1_9' title="bbox 1981 564 3542 633">
     <span class='ocr_line' id='line_1_9' title="bbox 1981 564 3542 633; baseline -0.008 -5"><span class='ocrx_word' id='word_1_51' title='bbox 1981 575 2095 629; x_wconf 83' lang='lat' dir='ltr'><strong>sola</strong></span> <span class='ocrx_word' id='word_1_52' title='bbox 2125 574 2265 627; x_wconf 87' lang='lat' dir='ltr'><strong>Deus</strong></span> <span class='ocrx_word' id='word_1_53' title='bbox 2289 571 2419 624; x_wconf 85' lang='lat' dir='ltr'><strong>olim</strong></span> <span class='ocrx_word' id='word_1_54' title='bbox 2456 577 2616 624; x_wconf 85' lang='lat' dir='ltr'><strong>notus</strong></span> <span class='ocrx_word' id='word_1_55' title='bbox 2649 582 2772 622; x_wconf 87' lang='lat' dir='ltr'><strong>esse</strong></span> <span class='ocrx_word' id='word_1_56' title='bbox 2801 566 3119 633; x_wconf 88' lang='lat' dir='ltr'><strong>putabatur,</strong></span> <span class='ocrx_word' id='word_1_57' title='bbox 3148 565 3213 617; x_wconf 88' lang='lat' dir='ltr'><strong>ad</strong></span> <span class='ocrx_word' id='word_1_58' title='bbox 3243 564 3457 632; x_wconf 80' lang='lat' dir='ltr'><strong>pietatis</strong></span> <span class='ocrx_word' id='word_1_59' title='bbox 3488 573 3542 615; x_wconf 77' lang='lat' dir='ltr'><strong>et</strong></span> 
     </span>
    </p>
   </div>
   <div class='ocr_carea' id='block_1_10' title="bbox 317 669 1877 742">
    <p class='ocr_par' dir='ltr' id='par_1_10' title="bbox 317 669 1877 742">
     <span class='ocr_line' id='line_1_10' title="bbox 317 669 1877 742; baseline -0.003 -17"><span class='ocrx_word' id='word_1_60' title='bbox 317 670 578 740; x_wconf 71' lang='grc' dir='ltr'>ἀνείληφε</span> <span class='ocrx_word' id='word_1_61' title='bbox 617 671 708 740; x_wconf 86' lang='grc' dir='ltr'>τῆς</span> <span class='ocrx_word' id='word_1_62' title='bbox 735 670 1018 734; x_wconf 76' lang='grc' dir='ltr'>εὐσεϐείας</span> <span class='ocrx_word' id='word_1_63' title='bbox 1055 671 1146 724; x_wconf 55' lang='grc' dir='ltr'><strong>καλ⁵</strong></span> <span class='ocrx_word' id='word_1_64' title='bbox 1175 672 1274 742; x_wconf 79' lang='grc' dir='ltr'><strong>τῆς</strong></span> <span class='ocrx_word' id='word_1_65' title='bbox 1303 670 1610 734; x_wconf 87' lang='grc' dir='ltr'>θεοσεϐείας</span> <span class='ocrx_word' id='word_1_66' title='bbox 1629 688 1642 701; x_wconf 75' lang='grc'><strong>⁸</strong></span> <span class='ocrx_word' id='word_1_67' title='bbox 1680 669 1754 734; x_wconf 84' lang='grc' dir='ltr'><strong>ὼς</strong></span> <span class='ocrx_word' id='word_1_68' title='bbox 1785 670 1877 722; x_wconf 84' lang='grc' dir='ltr'>ἐκ·</span> 
     </span>
    </p>
   </div>
   <div class='ocr_carea' id='block_1_11' title="bbox 1982 655 3546 734">
    <p class='ocr_par' dir='ltr' id='par_1_11' title="bbox 1982 655 3546 734">
     <span class='ocr_line' id='line_1_11' title="bbox 1982 655 3546 734; baseline -0.008 -14"><span class='ocrx_word' id='word_1_69' title='bbox 1982 665 2261 734; x_wconf 78' lang='lat' dir='ltr'><strong>rellgionis</strong></span> <span class='ocrx_word' id='word_1_70' title='bbox 2311 663 2556 717; x_wconf 90' lang='lat' dir='ltr'><strong>notitiam</strong></span> <span class='ocrx_word' id='word_1_71' title='bbox 2605 669 2998 721; x_wconf 88' lang='lat' dir='ltr'><strong>accesserunt,</strong></span> <span class='ocrx_word' id='word_1_72' title='bbox 3043 657 3114 711; x_wconf 90' lang='lat' dir='ltr'><strong>ita</strong></span> <span class='ocrx_word' id='word_1_73' title='bbox 3161 668 3218 710; x_wconf 89' lang='lat' dir='ltr'><strong>ttt</strong></span> <span class='ocrx_word' id='word_1_74' title='bbox 3256 658 3323 710; x_wconf 88' lang='lat' dir='ltr'><strong>de</strong></span> <span class='ocrx_word' id='word_1_75' title='bbox 3369 655 3546 725; x_wconf 72' lang='lat' dir='ltr'><strong>gratia</strong></span> 
     </span>
    </p>
   </div>
   <div class='ocr_carea' id='block_1_12' title="bbox 319 753 1861 834">
    <p class='ocr_par' dir='ltr' id='par_1_12' title="bbox 319 760 1861 834">
     <span class='ocr_line' id='line_1_12' title="bbox 319 760 1861 834; baseline -0.013 -12"><span class='ocrx_word' id='word_1_76' title='bbox 319 762 586 830; x_wconf 75' lang='grc' dir='ltr'>πλαγῆναι</span> <span class='ocrx_word' id='word_1_77' title='bbox 609 761 700 829; x_wconf 83' lang='grc' dir='ltr'><strong>τῆς</strong></span> <span class='ocrx_word' id='word_1_78' title='bbox 727 760 820 813; x_wconf 76' lang='grc' dir='ltr'>τοῦ</span> <span class='ocrx_word' id='word_1_79' title='bbox 849 760 985 814; x_wconf 80' lang='grc' dir='ltr'>Θεοῦ</span> <span class='ocrx_word' id='word_1_80' title='bbox 1012 761 1350 833; x_wconf 78' lang='grc' dir='ltr'><strong>δικαιοσύνης</strong></span> <span class='ocrx_word' id='word_1_81' title='bbox 1379 763 1476 834; x_wconf 80' lang='grc' dir='ltr'>τὴν</span> <span class='ocrx_word' id='word_1_82' title='bbox 1502 762 1681 834; x_wconf 79' lang='grc' dir='ltr'>χάριν,</span> <span class='ocrx_word' id='word_1_83' title='bbox 1715 761 1861 815; x_wconf 76' lang='grc' dir='ltr'><strong>σπεῦ.</strong></span> 
     </span>
    </p>
   </div>
   <div class='ocr_carea' id='block_1_13' title="bbox 1965 753 3550 834">
    <p class='ocr_par' dir='ltr' id='par_1_13' title="bbox 1983 753 3550 825">
     <span class='ocr_line' id='line_1_13' title="bbox 1983 753 3550 825; baseline -0.006 -13"><span class='ocrx_word' id='word_1_84' title='bbox 1983 759 2177 813; x_wconf 72' lang='lat' dir='ltr'><strong>divinae</strong></span> <span class='ocrx_word' id='word_1_85' title='bbox 2215 756 2436 825; x_wconf 73' lang='lat' dir='ltr'><strong>iustitia:</strong></span> <span class='ocrx_word' id='word_1_86' title='bbox 2469 753 3108 822; x_wconf 72' lang='lat' dir='ltr'><strong>obstupescerent,atqt&#39;.e</strong></span> <span class='ocrx_word' id='word_1_87' title='bbox 3127 759 3459 804; x_wconf 72' lang='lat' dir='ltr'><strong>maturarent</strong></span> <span class='ocrx_word' id='word_1_88' title='bbox 3492 759 3550 802; x_wconf 83' lang='lat' dir='ltr'><strong>et</strong></span> 
     </span>
    </p>
   </div>
   <div class='ocr_carea' id='block_1_14' title="bbox 325 851 1874 926">
    <p class='ocr_par' dir='ltr' id='par_1_14' title="bbox 325 851 1874 926">
     <span class='ocr_line' id='line_1_14' title="bbox 325 851 1874 926; baseline 0.001 -20"><span class='ocrx_word' id='word_1_89' title='bbox 325 853 415 906; x_wconf 83' lang='grc' dir='ltr'><strong>σαί</strong></span> <span class='ocrx_word' id='word_1_90' title='bbox 442 869 495 904; x_wconf 91' lang='grc' dir='ltr'><strong>τε</strong></span> <span class='ocrx_word' id='word_1_91' title='bbox 526 854 610 905; x_wconf 76' lang='grc' dir='ltr'><strong>καὶ</strong></span> <span class='ocrx_word' id='word_1_92' title='bbox 632 851 803 906; x_wconf 80' lang='grc' dir='ltr'>ἐλθεῖν</span> <span class='ocrx_word' id='word_1_93' title='bbox 832 853 1140 917; x_wconf 78' lang='grc' dir='ltr'>ἀκολούθως</span> <span class='ocrx_word' id='word_1_94' title='bbox 1167 854 1244 924; x_wconf 80' lang='grc' dir='ltr'><strong>τῷ</strong></span> <span class='ocrx_word' id='word_1_95' title='bbox 1277 856 1508 924; x_wconf 78' lang='grc' dir='ltr'><strong>φήσαντι</strong></span> <span class='ocrx_word' id='word_1_96' title='bbox 1539 855 1874 926; x_wconf 79' lang='grc' dir='ltr'><strong>κηρύγματι·</strong></span> 
     </span>
    </p>
   </div>
   <div class='ocr_carea' id='block_1_15' title="bbox 327 944 1876 1018">
    <p class='ocr_par' dir='ltr' id='par_1_15' title="bbox 327 944 1876 1018">
     <span class='ocr_line' id='line_1_15' title="bbox 327 944 1876 1018; baseline 0.003 -23"><span class='ocrx_word' id='word_1_97' title='bbox 327 963 349 995; x_wconf 71' lang='grc' dir='ltr'><strong><em>ο</em></strong></span> <span class='ocrx_word' id='word_1_98' title='bbox 413 944 826 1011; x_wconf 80' lang='grc' dir='ltr'>Ἐγγισάτωσαν,</span> <span class='ocrx_word' id='word_1_99' title='bbox 874 947 969 999; x_wconf 76' lang='grc' dir='ltr'>καὶ</span> <span class='ocrx_word' id='word_1_100' title='bbox 995 945 1379 1016; x_wconf 82' lang='grc' dir='ltr'>λαλησάτωσαν</span> <span class='ocrx_word' id='word_1_101' title='bbox 1411 945 1547 1017; x_wconf 77' lang='grc' dir='ltr'><strong>ἅμα.</strong></span> <span class='ocrx_word' id='word_1_102' title='bbox 1595 965 1612 997; x_wconf 75' lang='grc' dir='ltr'><strong>ι</strong></span> <span class='ocrx_word' id='word_1_103' title='bbox 1651 947 1725 999; x_wconf 77' lang='lat'><em>06</em></span> <span class='ocrx_word' id='word_1_104' title='bbox 1768 946 1876 1018; x_wconf 84' lang='grc' dir='ltr'><strong>γὰρ</strong></span> 
     </span>
    </p>
   </div>
   <div class='ocr_carea' id='block_1_16' title="bbox 317 1033 1876 1106">
    <p class='ocr_par' dir='ltr' id='par_1_16' title="bbox 317 1033 1876 1106">
     <span class='ocr_line' id='line_1_16' title="bbox 317 1033 1876 1106; baseline 0.005 -22"><span class='ocrx_word' id='word_1_105' title='bbox 317 1034 467 1103; x_wconf 78' lang='grc' dir='ltr'>μόνον</span> <span class='ocrx_word' id='word_1_106' title='bbox 505 1035 730 1096; x_wconf 72' lang='grc' dir='ltr'>ἑαυτοὺς</span> <span class='ocrx_word' id='word_1_107' title='bbox 766 1033 959 1097; x_wconf 71' lang='grc' dir='ltr'><strong>σώζειν</strong></span> <span class='ocrx_word' id='word_1_108' title='bbox 986 1037 1035 1089; x_wconf 89' lang='grc' dir='ltr'>οί</span> <span class='ocrx_word' id='word_1_109' title='bbox 1069 1037 1421 1106; x_wconf 76' lang='grc' dir='ltr'><strong>κεκλημένοι,</strong></span> <span class='ocrx_word' id='word_1_110' title='bbox 1458 1037 1592 1090; x_wconf 83' lang='grc' dir='ltr'>ἀλλὰ</span> <span class='ocrx_word' id='word_1_111' title='bbox 1626 1037 1718 1091; x_wconf 76' lang='grc' dir='ltr'>καὶ</span> <span class='ocrx_word' id='word_1_112' title='bbox 1750 1039 1876 1102; x_wconf 80' lang='grc' dir='ltr'>τοὺς</span> 
     </span>
    </p>
   </div>
   <div class='ocr_carea' id='block_1_17' title="bbox 307 1122 1874 1197">
    <p class='ocr_par' dir='ltr' id='par_1_17' title="bbox 307 1122 1874 1197">
     <span class='ocr_line' id='line_1_17' title="bbox 307 1122 1874 1197; baseline 0.003 -23"><span class='ocrx_word' id='word_1_113' title='bbox 307 1122 526 1193; x_wconf 75' lang='grc' dir='ltr'><strong>πλησίον</strong></span> <span class='ocrx_word' id='word_1_114' title='bbox 572 1124 715 1176; x_wconf 81' lang='grc' dir='ltr'>κατὰ</span> <span class='ocrx_word' id='word_1_115' title='bbox 762 1124 886 1186; x_wconf 65' lang='grc' dir='ltr'>τοὺς</span> <span class='ocrx_word' id='word_1_116' title='bbox 920 1124 1016 1195; x_wconf 82' lang='grc' dir='ltr'><strong>τῆς</strong></span> <span class='ocrx_word' id='word_1_117' title='bbox 1060 1124 1464 1196; x_wconf 75' lang='grc' dir='ltr'><strong>φιλανθρωπίας</strong></span> <span class='ocrx_word' id='word_1_118' title='bbox 1503 1125 1718 1197; x_wconf 89' lang='grc' dir='ltr'>νόμους.</span> <span class='ocrx_word' id='word_1_119' title='bbox 1766 1122 1874 1179; x_wconf 87' lang='grc' dir='ltr'><strong>Ἦν</strong></span> 
     </span>
    </p>
   </div>
   <div class='ocr_carea' id='block_1_18' title="bbox 298 1210 1874 1288">
    <p class='ocr_par' dir='ltr' id='par_1_18' title="bbox 298 1210 1874 1288">
     <span class='ocr_line' id='line_1_18' title="bbox 298 1210 1874 1288; baseline 0.003 -24"><span class='ocrx_word' id='word_1_120' title='bbox 298 1227 426 1264; x_wconf 69' lang='grc' dir='ltr'>ποτε</span> <span class='ocrx_word' id='word_1_121' title='bbox 457 1210 655 1280; x_wconf 74' lang='grc' dir='ltr'>χρόνος</span> <span class='ocrx_word' id='word_1_122' title='bbox 685 1211 778 1264; x_wconf 80' lang='grc' dir='ltr'>ὅτε</span> <span class='ocrx_word' id='word_1_123' title='bbox 812 1212 906 1264; x_wconf 80' lang='grc' dir='ltr'><strong>καὶ</strong></span> <span class='ocrx_word' id='word_1_124' title='bbox 953 1215 984 1284; x_wconf 82' lang='grc' dir='ltr'><strong>ή</strong></span> <span class='ocrx_word' id='word_1_125' title='bbox 994 1213 1109 1282; x_wconf 81' lang='grc' dir='ltr'>μῶν</span> <span class='ocrx_word' id='word_1_126' title='bbox 1153 1214 1332 1268; x_wconf 74' lang='grc' dir='ltr'>αὐτῶν</span> <span class='ocrx_word' id='word_1_127' title='bbox 1377 1214 1702 1286; x_wconf 80' lang='grc' dir='ltr'><strong>κατίσχυσεν</strong></span> <span class='ocrx_word' id='word_1_128' title='bbox 1734 1216 1874 1288; x_wconf 75' lang='grc' dir='ltr'>ἀνὴρ</span> 
     </span>
    </p>
   </div>
   <div class='ocr_carea' id='block_1_19' title="bbox 293 1303 1874 1377">
    <p class='ocr_par' dir='ltr' id='par_1_19' title="bbox 293 1303 1874 1377">
     <span class='ocr_line' id='line_1_19' title="bbox 293 1303 1874 1377; baseline 0.003 -21"><span class='ocrx_word' id='word_1_129' title='bbox 293 1303 498 1357; x_wconf 73' lang='grc' dir='ltr'>τέκτων</span> <span class='ocrx_word' id='word_1_130' title='bbox 539 1303 570 1356; x_wconf 86' lang='lat'><strong>6</strong></span> <span class='ocrx_word' id='word_1_131' title='bbox 613 1303 714 1374; x_wconf 80' lang='grc' dir='ltr'>τὴν</span> <span class='ocrx_word' id='word_1_132' title='bbox 749 1303 1186 1376; x_wconf 85' lang='grc' dir='ltr'>είδωλολατρείαν</span> <span class='ocrx_word' id='word_1_133' title='bbox 1229 1307 1722 1377; x_wconf 82' lang='grc' dir='ltr'>κατεργασάμενος,</span> <span class='ocrx_word' id='word_1_134' title='bbox 1778 1308 1874 1361; x_wconf 73' lang='grc' dir='ltr'>καὶ</span> 
     </span>
    </p>
   </div>
   <div class='ocr_carea' id='block_1_20' title="bbox 291 1393 1872 1468">
    <p class='ocr_par' dir='ltr' id='par_1_20' title="bbox 291 1393 1872 1468">
     <span class='ocr_line' id='line_1_20' title="bbox 291 1393 1872 1468; baseline 0.004 -22"><span class='ocrx_word' id='word_1_135' title='bbox 291 1394 527 1464; x_wconf 70' lang='grc' dir='ltr'>χαλκεὺς</span> <span class='ocrx_word' id='word_1_136' title='bbox 550 1393 775 1447; x_wconf 74' lang='grc' dir='ltr'>τύπτων</span> <span class='ocrx_word' id='word_1_137' title='bbox 791 1404 797 1411; x_wconf 91' lang='grc'><strong>·</strong></span> <span class='ocrx_word' id='word_1_138' title='bbox 815 1396 994 1468; x_wconf 57' lang='lat' dir='ltr'><strong>agr.in</strong></span> <span class='ocrx_word' id='word_1_139' title='bbox 1018 1397 1143 1460; x_wconf 72' lang='grc' dir='ltr'>τοὺς</span> <span class='ocrx_word' id='word_1_140' title='bbox 1171 1397 1362 1450; x_wconf 76' lang='grc' dir='ltr'>ἐαυτοῦ</span> <span class='ocrx_word' id='word_1_141' title='bbox 1402 1398 1586 1462; x_wconf 68' lang='grc' dir='ltr'>θεούς*</span> <span class='ocrx_word' id='word_1_142' title='bbox 1617 1398 1752 1452; x_wconf 82' lang='grc' dir='ltr'>ἀλλὰ</span> <span class='ocrx_word' id='word_1_143' title='bbox 1777 1398 1872 1453; x_wconf 73' lang='grc' dir='ltr'>νῦν</span> 
     </span>
    </p>
   </div>
   <div class='ocr_carea' id='block_1_21' title="bbox 290 1486 1873 1564">
    <p class='ocr_par' dir='ltr' id='par_1_21' title="bbox 290 1486 1873 1564">
     <span class='ocr_line' id='line_1_21' title="bbox 290 1486 1873 1564; baseline 0.005 -27"><span class='ocrx_word' id='word_1_144' title='bbox 290 1487 540 1555; x_wconf 72' lang='grc' dir='ltr'>ἔγνωμεν</span> <span class='ocrx_word' id='word_1_145' title='bbox 574 1486 638 1538; x_wconf 70' lang='grc' dir='ltr'>τὸ</span> <span class='ocrx_word' id='word_1_146' title='bbox 675 1486 844 1558; x_wconf 78' lang='grc' dir='ltr'>μηθὲν</span> <span class='ocrx_word' id='word_1_147' title='bbox 876 1487 1034 1551; x_wconf 74' lang='grc' dir='ltr'>ὄντας</span> <span class='ocrx_word' id='word_1_148' title='bbox 1059 1489 1314 1553; x_wconf 79' lang='grc' dir='ltr'>ἐκείνους,</span> <span class='ocrx_word' id='word_1_149' title='bbox 1349 1491 1442 1544; x_wconf 76' lang='grc' dir='ltr'><strong>καὶ</strong></span> <span class='ocrx_word' id='word_1_150' title='bbox 1470 1491 1569 1560; x_wconf 73' lang='grc' dir='ltr'><strong>τῆς</strong></span> <span class='ocrx_word' id='word_1_151' title='bbox 1603 1492 1873 1564; x_wconf 83' lang='grc' dir='ltr'><strong>πατρικῆς</strong></span> 
     </span>
    </p>
   </div>
   <div class='ocr_carea' id='block_1_22' title="bbox 287 1579 1873 1655">
    <p class='ocr_par' dir='ltr' id='par_1_22' title="bbox 287 1579 1873 1655">
     <span class='ocr_line' id='line_1_22' title="bbox 287 1579 1873 1655; baseline 0.003 -23"><span class='ocrx_word' id='word_1_152' title='bbox 287 1580 538 1648; x_wconf 78' lang='grc' dir='ltr'>κατέγνω</span> <span class='ocrx_word' id='word_1_153' title='bbox 547 1597 650 1649; x_wconf 87' lang='grc' dir='ltr'><strong>μεν</strong></span> <span class='ocrx_word' id='word_1_154' title='bbox 681 1579 907 1649; x_wconf 79' lang='grc' dir='ltr'><strong>πλάνης,</strong></span> <span class='ocrx_word' id='word_1_155' title='bbox 932 1579 960 1632; x_wconf 79' lang='grc' dir='ltr'>ὃ</span> <span class='ocrx_word' id='word_1_156' title='bbox 987 1581 1049 1653; x_wconf 81' lang='grc' dir='ltr'>δὴ</span> <span class='ocrx_word' id='word_1_157' title='bbox 1079 1581 1173 1634; x_wconf 67' lang='grc' dir='ltr'>καὶ</span> <span class='ocrx_word' id='word_1_158' title='bbox 1204 1581 1347 1651; x_wconf 75' lang='grc' dir='ltr'>ὑμᾶς</span> <span class='ocrx_word' id='word_1_159' title='bbox 1376 1585 1641 1655; x_wconf 79' lang='grc' dir='ltr'>προσήκει</span> <span class='ocrx_word' id='word_1_160' title='bbox 1671 1583 1873 1653; x_wconf 84' lang='grc' dir='ltr'>μανθά-</span> 
     </span>
    </p>
   </div>
   <div class='ocr_carea' id='block_1_23' title="bbox 1977 843 3547 918">
    <p class='ocr_par' dir='ltr' id='par_1_23' title="bbox 1977 843 3547 918">
     <span class='ocr_line' id='line_1_23' title="bbox 1977 843 3547 918; baseline -0.003 -17"><span class='ocrx_word' id='word_1_161' title='bbox 1977 850 2243 912; x_wconf 82' lang='lat' dir='ltr'><strong>venirent,</strong></span> <span class='ocrx_word' id='word_1_162' title='bbox 2277 845 2647 918; x_wconf 66' lang='lat' dir='ltr'><strong>praedicationi</strong></span> <span class='ocrx_word' id='word_1_163' title='bbox 2677 844 3062 913; x_wconf 76' lang='lat' dir='ltr'><strong>obsequentes,</strong></span> <span class='ocrx_word' id='word_1_164' title='bbox 3103 857 3223 912; x_wconf 76' lang='lat' dir='ltr'><strong>quze</strong></span> <span class='ocrx_word' id='word_1_165' title='bbox 3254 843 3358 904; x_wconf 83' lang='lat' dir='ltr'><strong>ait,</strong></span> <span class='ocrx_word' id='word_1_166' title='bbox 3405 860 3422 892; x_wconf 83' lang='grc' dir='ltr'><strong>ι</strong></span> <span class='ocrx_word' id='word_1_167' title='bbox 3447 843 3547 896; x_wconf 77' lang='grc' dir='ltr'><strong>Ασ‹</strong></span> 
     </span>
    </p>
   </div>
   <div class='ocr_carea' id='block_1_24' title="bbox 1977 935 3548 1006">
    <p class='ocr_par' dir='ltr' id='par_1_24' title="bbox 1977 935 3548 1006">
     <span class='ocr_line' id='line_1_24' title="bbox 1977 935 3548 1006; baseline -0.005 -12"><span class='ocrx_word' id='word_1_168' title='bbox 1977 941 2170 996; x_wconf 89' lang='lat' dir='ltr'><strong>cedant</strong></span> <span class='ocrx_word' id='word_1_169' title='bbox 2215 950 2270 995; x_wconf 89' lang='lat' dir='ltr'><strong>et</strong></span> <span class='ocrx_word' id='word_1_170' title='bbox 2311 940 2600 1006; x_wconf 89' lang='lat' dir='ltr'><strong>loquantur</strong></span> <span class='ocrx_word' id='word_1_171' title='bbox 2650 937 2832 990; x_wconf 87' lang='lat' dir='ltr'><strong>simul.</strong></span> <span class='ocrx_word' id='word_1_172' title='bbox 2858 955 2877 987; x_wconf 75' lang='grc' dir='ltr'><strong>ι</strong></span> <span class='ocrx_word' id='word_1_173' title='bbox 2932 935 3056 989; x_wconf 84' lang='lat' dir='ltr'><strong>Vult</strong></span> <span class='ocrx_word' id='word_1_174' title='bbox 3099 937 3241 991; x_wconf 85' lang='lat' dir='ltr'><strong>enim</strong></span> <span class='ocrx_word' id='word_1_175' title='bbox 3271 944 3330 989; x_wconf 88' lang='lat' dir='ltr'><strong>ttt</strong></span> <span class='ocrx_word' id='word_1_176' title='bbox 3355 950 3548 988; x_wconf 83' lang='lat' dir='ltr'><strong>secun-</strong></span> 
     </span>
    </p>
   </div>
   <div class='ocr_carea' id='block_1_25' title="bbox 1975 1027 3544 1097">
    <p class='ocr_par' dir='ltr' id='par_1_25' title="bbox 1975 1027 3544 1097">
     <span class='ocr_line' id='line_1_25' title="bbox 1975 1027 3544 1097; baseline -0.006 -9"><span class='ocrx_word' id='word_1_177' title='bbox 1975 1035 2101 1088; x_wconf 90' lang='lat' dir='ltr'><strong>dum</strong></span> <span class='ocrx_word' id='word_1_178' title='bbox 2151 1033 2508 1088; x_wconf 68' lang='lat' dir='ltr'><strong>humanitatis</strong></span> <span class='ocrx_word' id='word_1_179' title='bbox 2556 1031 2724 1097; x_wconf 73' lang='lat' dir='ltr'><strong>leges,</strong></span> <span class='ocrx_word' id='word_1_180' title='bbox 2775 1028 2868 1097; x_wconf 91' lang='lat' dir='ltr'><strong>qui</strong></span> <span class='ocrx_word' id='word_1_181' title='bbox 2903 1027 3074 1082; x_wconf 87' lang='lat' dir='ltr'><strong>vocali</strong></span> <span class='ocrx_word' id='word_1_182' title='bbox 3128 1036 3274 1090; x_wconf 81' lang='lat' dir='ltr'><strong>sunt,</strong></span> <span class='ocrx_word' id='word_1_183' title='bbox 3301 1041 3403 1078; x_wconf 89' lang='lat' dir='ltr'><strong>non</strong></span> <span class='ocrx_word' id='word_1_184' title='bbox 3432 1040 3544 1078; x_wconf 71' lang='lat' dir='ltr'><strong>sua:</strong></span> 
     </span>
    </p>
   </div>
   <div class='ocr_carea' id='block_1_26' title="bbox 1979 1116 3542 1192">
    <p class='ocr_par' dir='ltr' id='par_1_26' title="bbox 1979 1116 3542 1192">
     <span class='ocr_line' id='line_1_26' title="bbox 1979 1116 3542 1192; baseline -0.006 -12"><span class='ocrx_word' id='word_1_185' title='bbox 1979 1137 2210 1187; x_wconf 86' lang='lat' dir='ltr'><strong>tantum,</strong></span> <span class='ocrx_word' id='word_1_186' title='bbox 2258 1127 2354 1179; x_wconf 89' lang='lat' dir='ltr'><strong>sed</strong></span> <span class='ocrx_word' id='word_1_187' title='bbox 2389 1123 2619 1192; x_wconf 81' lang='lat' dir='ltr'><strong>proximi</strong></span> <span class='ocrx_word' id='word_1_188' title='bbox 2656 1123 2819 1175; x_wconf 89' lang='lat' dir='ltr'><strong>etiam</strong></span> <span class='ocrx_word' id='word_1_189' title='bbox 2869 1120 3029 1174; x_wconf 88' lang='lat' dir='ltr'><strong>saluti</strong></span> <span class='ocrx_word' id='word_1_190' title='bbox 3065 1120 3375 1175; x_wconf 90' lang='lat' dir='ltr'><strong>consulant.</strong></span> <span class='ocrx_word' id='word_1_191' title='bbox 3418 1116 3542 1173; x_wconf 78' lang='lat' dir='ltr'><strong>Fuit</strong></span> 
     </span>
    </p>
   </div>
   <div class='ocr_carea' id='block_1_27' title="bbox 1974 1211 3545 1292">
    <p class='ocr_par' dir='ltr' id='par_1_27' title="bbox 1974 1211 3545 1292">
     <span class='ocr_line' id='line_1_27' title="bbox 1974 1211 3545 1292; baseline -0.004 -22"><span class='ocrx_word' id='word_1_192' title='bbox 1974 1219 2098 1271; x_wconf 89' lang='lat' dir='ltr'><strong>olim</strong></span> <span class='ocrx_word' id='word_1_193' title='bbox 2132 1229 2367 1287; x_wconf 86' lang='lat' dir='ltr'><strong>tempus,</strong></span> <span class='ocrx_word' id='word_1_194' title='bbox 2404 1231 2510 1285; x_wconf 89' lang='lat' dir='ltr'><strong>quo</strong></span> <span class='ocrx_word' id='word_1_195' title='bbox 2535 1215 2688 1268; x_wconf 80' lang='lat' dir='ltr'><strong>faber</strong></span> <span class='ocrx_word' id='word_1_196' title='bbox 2736 1213 2999 1268; x_wconf 76' lang='lat' dir='ltr'><strong>idolorum</strong></span> <span class='ocrx_word' id='word_1_197' title='bbox 3055 1211 3250 1292; x_wconf 72' lang='lat' dir='ltr'><strong>opifex,</strong></span> <span class='ocrx_word' id='word_1_198' title='bbox 3299 1222 3352 1266; x_wconf 86' lang='lat' dir='ltr'><strong>et</strong></span> <span class='ocrx_word' id='word_1_199' title='bbox 3410 1227 3545 1267; x_wconf 68' lang='lat' dir='ltr'><strong>tera-</strong></span> 
     </span>
    </p>
   </div>
   <div class='ocr_carea' id='block_1_28' title="bbox 1974 1304 3538 1376">
    <p class='ocr_par' dir='ltr' id='par_1_28' title="bbox 1974 1304 3538 1376">
     <span class='ocr_line' id='line_1_28' title="bbox 1974 1304 3538 1376; baseline -0.005 -13"><span class='ocrx_word' id='word_1_200' title='bbox 1974 1313 2089 1364; x_wconf 88' lang='lat' dir='ltr'><strong>rius</strong></span> <span class='ocrx_word' id='word_1_201' title='bbox 2110 1311 2305 1364; x_wconf 77' lang='lat' dir='ltr'><strong>malleo</strong></span> <span class='ocrx_word' id='word_1_202' title='bbox 2329 1309 2537 1364; x_wconf 89' lang='lat' dir='ltr'><strong>cudens</strong></span> <span class='ocrx_word' id='word_1_203' title='bbox 2563 1309 2691 1360; x_wconf 89' lang='lat' dir='ltr'><strong>deos</strong></span> <span class='ocrx_word' id='word_1_204' title='bbox 2721 1321 2870 1369; x_wconf 90' lang='lat' dir='ltr'><strong>suos,</strong></span> <span class='ocrx_word' id='word_1_205' title='bbox 2917 1305 2971 1358; x_wconf 84' lang='lat' dir='ltr'><strong>in</strong></span> <span class='ocrx_word' id='word_1_206' title='bbox 3023 1321 3120 1359; x_wconf 88' lang='lat' dir='ltr'><strong>nos</strong></span> <span class='ocrx_word' id='word_1_207' title='bbox 3148 1304 3496 1376; x_wconf 69' lang='lat' dir='ltr'><strong>praevalerent</strong></span> <span class='ocrx_word' id='word_1_208' title='bbox 3524 1320 3538 1355; x_wconf 92' lang='lat'><strong>:</strong></span> 
     </span>
    </p>
   </div>
   <div class='ocr_carea' id='block_1_29' title="bbox 1975 1397 3540 1471">
    <p class='ocr_par' dir='ltr' id='par_1_29' title="bbox 1975 1397 3540 1471">
     <span class='ocr_line' id='line_1_29' title="bbox 1975 1397 3540 1471; baseline -0.004 -16"><span class='ocrx_word' id='word_1_209' title='bbox 1975 1413 2030 1455; x_wconf 88' lang='lat' dir='ltr'><strong>at</strong></span> <span class='ocrx_word' id='word_1_210' title='bbox 2056 1403 2167 1471; x_wconf 84' lang='lat' dir='ltr'><strong>jam</strong></span> <span class='ocrx_word' id='word_1_211' title='bbox 2194 1401 2444 1456; x_wconf 77' lang='lat' dir='ltr'><strong>novimus</strong></span> <span class='ocrx_word' id='word_1_212' title='bbox 2473 1415 2567 1456; x_wconf 89' lang='lat' dir='ltr'><strong>eos</strong></span> <span class='ocrx_word' id='word_1_213' title='bbox 2591 1397 2722 1452; x_wconf 85' lang='lat' dir='ltr'><strong>nihil</strong></span> <span class='ocrx_word' id='word_1_214' title='bbox 2751 1412 2893 1464; x_wconf 89' lang='lat' dir='ltr'><strong>esse,</strong></span> <span class='ocrx_word' id='word_1_215' title='bbox 2919 1407 2971 1452; x_wconf 90' lang='lat' dir='ltr'><strong>et</strong></span> <span class='ocrx_word' id='word_1_216' title='bbox 2995 1405 3274 1466; x_wconf 86' lang='lat' dir='ltr'><strong>paternum</strong></span> <span class='ocrx_word' id='word_1_217' title='bbox 3300 1412 3540 1448; x_wconf 85' lang='lat' dir='ltr'><strong>errorem</strong></span> 
     </span>
    </p>
   </div>
   <div class='ocr_carea' id='block_1_30' title="bbox 1973 1486 3542 1557">
    <p class='ocr_par' dir='ltr' id='par_1_30' title="bbox 1973 1486 3542 1557">
     <span class='ocr_line' id='line_1_30' title="bbox 1973 1486 3542 1557; baseline -0.005 -11"><span class='ocrx_word' id='word_1_218' title='bbox 1973 1493 2317 1553; x_wconf 87' lang='lat' dir='ltr'><strong>damnamus,</strong></span> <span class='ocrx_word' id='word_1_219' title='bbox 2348 1494 2493 1557; x_wconf 89' lang='lat' dir='ltr'><strong>quod</strong></span> <span class='ocrx_word' id='word_1_220' title='bbox 2518 1504 2610 1541; x_wconf 81' lang='lat' dir='ltr'><strong>vos</strong></span> <span class='ocrx_word' id='word_1_221' title='bbox 2634 1488 2698 1542; x_wconf 89' lang='lat' dir='ltr'><strong>ad</strong></span> <span class='ocrx_word' id='word_1_222' title='bbox 2728 1489 3016 1542; x_wconf 80' lang='lat' dir='ltr'><strong>utilitatem</strong></span> <span class='ocrx_word' id='word_1_223' title='bbox 3039 1498 3275 1543; x_wconf 77' lang='lat' dir='ltr'><strong>vestram</strong></span> <span class='ocrx_word' id='word_1_224' title='bbox 3297 1486 3542 1539; x_wconf 79' lang='lat' dir='ltr'><strong>ediscere</strong></span> 
     </span>
    </p>
   </div>
   <div class='ocr_carea' id='block_1_31' title="bbox 1968 1575 3542 1649">
    <p class='ocr_par' dir='ltr' id='par_1_31' title="bbox 1968 1575 3542 1649">
     <span class='ocr_line' id='line_1_31' title="bbox 1968 1575 3542 1649; baseline -0.005 -13"><span class='ocrx_word' id='word_1_225' title='bbox 1968 1596 2110 1649; x_wconf 78' lang='lat' dir='ltr'><strong>Opus</strong></span> <span class='ocrx_word' id='word_1_226' title='bbox 2161 1588 2263 1635; x_wconf 89' lang='lat' dir='ltr'><strong>est.</strong></span> <span class='ocrx_word' id='word_1_227' title='bbox 2299 1577 2690 1632; x_wconf 86' lang='lat' dir='ltr'><strong>lmbecillitatis</strong></span> <span class='ocrx_word' id='word_1_228' title='bbox 2737 1589 2916 1632; x_wconf 86' lang='lat' dir='ltr'><strong>autem</strong></span> <span class='ocrx_word' id='word_1_229' title='bbox 2951 1592 3138 1632; x_wconf 90' lang='lat' dir='ltr'><strong>eorum</strong></span> <span class='ocrx_word' id='word_1_230' title='bbox 3190 1577 3279 1645; x_wconf 88' lang='lat' dir='ltr'><strong>qui</strong></span> <span class='ocrx_word' id='word_1_231' title='bbox 3323 1589 3352 1628; x_wconf 92' lang='lat' dir='ltr'><strong>a</strong></span> <span class='ocrx_word' id='word_1_232' title='bbox 3385 1575 3542 1629; x_wconf 86' lang='lat' dir='ltr'><strong>nobis</strong></span> 
     </span>
    </p>
   </div>
   <div class='ocr_carea' id='block_1_32' title="bbox 286 1668 1861 1745">
    <p class='ocr_par' dir='ltr' id='par_1_32' title="bbox 286 1669 1861 1745">
     <span class='ocr_line' id='line_1_32' title="bbox 286 1669 1861 1745; baseline 0.004 -24"><span class='ocrx_word' id='word_1_233' title='bbox 286 1687 479 1733; x_wconf 81' lang='grc' dir='ltr'>νοντας</span> <span class='ocrx_word' id='word_1_234' title='bbox 511 1669 861 1738; x_wconf 63' lang='grc' dir='ltr'>ὠφελεῖσθαι.</span> <span class='ocrx_word' id='word_1_235' title='bbox 888 1673 1094 1742; x_wconf 86' lang='grc' dir='ltr'>Δεῖγμα</span> <span class='ocrx_word' id='word_1_236' title='bbox 1114 1671 1168 1724; x_wconf 80' lang='grc' dir='ltr'>δὲ</span> <span class='ocrx_word' id='word_1_237' title='bbox 1202 1673 1298 1743; x_wconf 77' lang='grc' dir='ltr'><strong>τῆς</strong></span> <span class='ocrx_word' id='word_1_238' title='bbox 1327 1673 1616 1745; x_wconf 84' lang='grc' dir='ltr'>ἁδρανείας</span> <span class='ocrx_word' id='word_1_239' title='bbox 1635 1674 1744 1727; x_wconf 86' lang='grc' dir='ltr'>τῶν</span> <span class='ocrx_word' id='word_1_240' title='bbox 1769 1673 1861 1727; x_wconf 84' lang='grc' dir='ltr'>πά-</span> 
     </span>
    </p>
   </div>
   <div class='ocr_carea' id='block_1_33' title="bbox 1965 1668 3541 1745">
    <p class='ocr_par' dir='ltr' id='par_1_33' title="bbox 1971 1668 3541 1742">
     <span class='ocr_line' id='line_1_33' title="bbox 1971 1668 3541 1742; baseline -0.004 -16"><span class='ocrx_word' id='word_1_241' title='bbox 1971 1673 2099 1727; x_wconf 92' lang='lat' dir='ltr'><strong>olim</strong></span> <span class='ocrx_word' id='word_1_242' title='bbox 2135 1688 2232 1742; x_wconf 90' lang='lat' dir='ltr'><strong>pro</strong></span> <span class='ocrx_word' id='word_1_243' title='bbox 2264 1673 2368 1726; x_wconf 87' lang='lat' dir='ltr'><strong>diis</strong></span> <span class='ocrx_word' id='word_1_244' title='bbox 2416 1670 2772 1734; x_wconf 85' lang='lat' dir='ltr'><strong>habebantur,</strong></span> <span class='ocrx_word' id='word_1_245' title='bbox 2826 1678 3201 1739; x_wconf 79' lang='lat' dir='ltr'><strong>argumentum</strong></span> <span class='ocrx_word' id='word_1_246' title='bbox 3247 1677 3349 1732; x_wconf 85' lang='lat' dir='ltr'><strong>est,</strong></span> <span class='ocrx_word' id='word_1_247' title='bbox 3399 1668 3541 1736; x_wconf 80' lang='lat' dir='ltr'><strong>quod</strong></span> 
     </span>
    </p>
   </div>
   <div class='ocr_carea' id='block_1_34' title="bbox 289 1732 1861 1833">
    <p class='ocr_par' dir='ltr' id='par_1_34' title="bbox 289 1732 1861 1833">
     <span class='ocr_line' id='line_1_34' title="bbox 289 1732 1861 1833; baseline 0.004 -23"><span class='ocrx_word' id='word_1_248' title='bbox 289 1758 382 1810; x_wconf 73' lang='grc' dir='ltr'>λαι</span> <span class='ocrx_word' id='word_1_249' title='bbox 409 1732 780 1829; x_wconf 73' lang='grc' dir='ltr'>νομισθέντων</span> <span class='ocrx_word' id='word_1_250' title='bbox 809 1762 941 1830; x_wconf 72' lang='grc' dir='ltr'>ἡμῖν</span> <span class='ocrx_word' id='word_1_251' title='bbox 971 1732 1108 1814; x_wconf 75' lang='grc' dir='ltr'>θεῶν</span> <span class='ocrx_word' id='word_1_252' title='bbox 1135 1761 1197 1814; x_wconf 79' lang='grc' dir='ltr'>τὸ</span> <span class='ocrx_word' id='word_1_253' title='bbox 1335 1732 1555 1817; x_wconf 69' lang='grc' dir='ltr'>ἑστάναι</span> <span class='ocrx_word' id='word_1_254' title='bbox 1588 1732 1861 1830; x_wconf 75' lang='grc' dir='ltr'>δύνασθαι,</span> 
     </span>
    </p>
   </div>
   <div class='ocr_carea' id='block_1_35' title="bbox 1965 1732 3538 1833">
    <p class='ocr_par' dir='ltr' id='par_1_35' title="bbox 1975 1757 3538 1832">
     <span class='ocr_line' id='line_1_35' title="bbox 1975 1757 3538 1832; baseline -0.006 -15"><span class='ocrx_word' id='word_1_255' title='bbox 1975 1779 2041 1817; x_wconf 71' lang='lat' dir='ltr'><strong>ne</strong></span> <span class='ocrx_word' id='word_1_256' title='bbox 2085 1773 2228 1816; x_wconf 87' lang='lat' dir='ltr'><strong>stare</strong></span> <span class='ocrx_word' id='word_1_257' title='bbox 2273 1762 2486 1832; x_wconf 78' lang='lat' dir='ltr'><strong>quidem</strong></span> <span class='ocrx_word' id='word_1_258' title='bbox 2536 1760 2764 1828; x_wconf 87' lang='lat' dir='ltr'><strong>possint,</strong></span> <span class='ocrx_word' id='word_1_259' title='bbox 2813 1759 2914 1813; x_wconf 89' lang='lat' dir='ltr'><strong>nisi</strong></span> <span class='ocrx_word' id='word_1_260' title='bbox 2961 1758 3098 1828; x_wconf 89' lang='lat' dir='ltr'><strong>palis</strong></span> <span class='ocrx_word' id='word_1_261' title='bbox 3128 1769 3184 1812; x_wconf 87' lang='lat' dir='ltr'><strong>et</strong></span> <span class='ocrx_word' id='word_1_262' title='bbox 3209 1757 3380 1812; x_wconf 80' lang='lat' dir='ltr'><strong>clavis</strong></span> <span class='ocrx_word' id='word_1_263' title='bbox 3403 1759 3538 1809; x_wconf 81' lang='lat' dir='ltr'><strong>deli-</strong></span> 
     </span>
    </p>
   </div>
   <div class='ocr_carea' id='block_1_36' title="bbox 293 1853 1516 1927">
    <p class='ocr_par' dir='ltr' id='par_1_36' title="bbox 293 1853 1516 1927">
     <span class='ocr_line' id='line_1_36' title="bbox 293 1853 1516 1927; baseline 0.003 -23"><span class='ocrx_word' id='word_1_264' title='bbox 293 1854 349 1904; x_wconf 80' lang='grc' dir='ltr'><strong>εί</strong></span> <span class='ocrx_word' id='word_1_265' title='bbox 387 1853 461 1922; x_wconf 81' lang='grc' dir='ltr'>μὴ</span> <span class='ocrx_word' id='word_1_266' title='bbox 492 1854 722 1923; x_wconf 66' lang='grc' dir='ltr'>γόμφοις</span> <span class='ocrx_word' id='word_1_267' title='bbox 751 1855 862 1907; x_wconf 76' lang='grc' dir='ltr'>τισὶ</span> <span class='ocrx_word' id='word_1_268' title='bbox 896 1855 990 1908; x_wconf 72' lang='grc' dir='ltr'><strong>καὶ</strong></span> <span class='ocrx_word' id='word_1_269' title='bbox 1021 1855 1169 1925; x_wconf 75' lang='grc' dir='ltr'>ἥλοις</span> <span class='ocrx_word' id='word_1_270' title='bbox 1201 1857 1516 1927; x_wconf 81' lang='grc' dir='ltr'>ὲμπαρείεν.</span> 
     </span>
    </p>
   </div>
   <div class='ocr_carea' id='block_1_37' title="bbox 379 1943 1868 2014">
    <p class='ocr_par' dir='ltr' id='par_1_37' title="bbox 379 1943 1868 2014">
     <span class='ocr_line' id='line_1_37' title="bbox 379 1943 1868 2014; baseline 0.006 -22"><span class='ocrx_word' id='word_1_271' title='bbox 379 1960 397 1991; x_wconf 83' lang='lat' dir='ltr'><strong>t</strong></span> <span class='ocrx_word' id='word_1_272' title='bbox 446 1943 516 1995; x_wconf 62' lang='grc' dir='ltr'><strong>Σὺ</strong></span> <span class='ocrx_word' id='word_1_273' title='bbox 541 1943 613 2002; x_wconf 76' lang='grc' dir='ltr'><strong>δὲ,</strong></span> <span class='ocrx_word' id='word_1_274' title='bbox 652 1944 871 2014; x_wconf 78' lang='grc' dir='ltr'>Ἰσραὴλ</span> <span class='ocrx_word' id='word_1_275' title='bbox 901 1946 1027 2008; x_wconf 85' lang='grc' dir='ltr'>παῖς</span> <span class='ocrx_word' id='word_1_276' title='bbox 1058 1962 1179 2014; x_wconf 86' lang='grc' dir='ltr'>μου,</span> <span class='ocrx_word' id='word_1_277' title='bbox 1224 1946 1438 2010; x_wconf 84' lang='grc' dir='ltr'>Ἰακὼϐ,</span> <span class='ocrx_word' id='word_1_278' title='bbox 1474 1948 1567 2000; x_wconf 73' lang='grc' dir='ltr'>καὶ</span> <span class='ocrx_word' id='word_1_279' title='bbox 1597 1947 1656 2000; x_wconf 83' lang='grc' dir='ltr'>ὃν</span> <span class='ocrx_word' id='word_1_280' title='bbox 1693 1948 1868 2013; x_wconf 79' lang='grc' dir='ltr'>ἐξελε-</span> 
     </span>
    </p>
   </div>
   <div class='ocr_carea' id='block_1_38' title="bbox 303 2031 1870 2109">
    <p class='ocr_par' dir='ltr' id='par_1_38' title="bbox 303 2031 1870 2109">
     <span class='ocr_line' id='line_1_38' title="bbox 303 2031 1870 2109; baseline 0.004 -25"><span class='ocrx_word' id='word_1_281' title='bbox 303 2031 504 2102; x_wconf 72' lang='grc' dir='ltr'>ξάμην,</span> <span class='ocrx_word' id='word_1_282' title='bbox 532 2034 741 2105; x_wconf 71' lang='grc' dir='ltr'>σπέρμα</span> <span class='ocrx_word' id='word_1_283' title='bbox 783 2034 1048 2107; x_wconf 82' lang='grc' dir='ltr'>Ἀϐραὰμ,</span> <span class='ocrx_word' id='word_1_284' title='bbox 1075 2037 1132 2090; x_wconf 74' lang='grc' dir='ltr'><strong>ὃν</strong></span> <span class='ocrx_word' id='word_1_285' title='bbox 1153 2037 1432 2107; x_wconf 70' lang='grc' dir='ltr'><strong>ἠγάπησα.</strong></span> <span class='ocrx_word' id='word_1_286' title='bbox 1475 2058 1492 2088; x_wconf 78' lang='lat' dir='ltr'><strong>t</strong></span> <span class='ocrx_word' id='word_1_287' title='bbox 1525 2038 1692 2091; x_wconf 85' lang='grc' dir='ltr'>Παῖδα</span> <span class='ocrx_word' id='word_1_288' title='bbox 1721 2038 1870 2109; x_wconf 78' lang='grc' dir='ltr'><strong>πρῶ-</strong></span> 
     </span>
    </p>
   </div>
   <div class='ocr_carea' id='block_1_39' title="bbox 301 2125 1868 2200">
    <p class='ocr_par' dir='ltr' id='par_1_39' title="bbox 301 2125 1868 2200">
     <span class='ocr_line' id='line_1_39' title="bbox 301 2125 1868 2200; baseline 0.006 -26"><span class='ocrx_word' id='word_1_289' title='bbox 301 2139 396 2174; x_wconf 84' lang='grc' dir='ltr'><strong>τον</strong></span> <span class='ocrx_word' id='word_1_290' title='bbox 428 2125 692 2192; x_wconf 73' lang='grc' dir='ltr'>ὀνομάζει,</span> <span class='ocrx_word' id='word_1_291' title='bbox 733 2125 923 2178; x_wconf 77' lang='grc' dir='ltr'>ἔπειτα</span> <span class='ocrx_word' id='word_1_292' title='bbox 953 2127 1226 2191; x_wconf 74' lang='grc' dir='ltr'>ἐκλεκτὸν,</span> <span class='ocrx_word' id='word_1_293' title='bbox 1261 2125 1380 2182; x_wconf 75' lang='grc' dir='ltr'>εἶτα</span> <span class='ocrx_word' id='word_1_294' title='bbox 1430 2131 1728 2200; x_wconf 70' lang='grc' dir='ltr'>ἀγαπητόν.</span> <span class='ocrx_word' id='word_1_295' title='bbox 1766 2131 1868 2184; x_wconf 84' lang='grc' dir='ltr'>Τὸν</span> 
     </span>
    </p>
   </div>
   <div class='ocr_carea' id='block_1_40' title="bbox 297 2214 1868 2292">
    <p class='ocr_par' dir='ltr' id='par_1_40' title="bbox 297 2214 1868 2292">
     <span class='ocr_line' id='line_1_40' title="bbox 297 2214 1868 2292; baseline 0.007 -27"><span class='ocrx_word' id='word_1_296' title='bbox 297 2214 399 2282; x_wconf 77' lang='grc' dir='ltr'><strong>μὲν</strong></span> <span class='ocrx_word' id='word_1_297' title='bbox 420 2215 494 2276; x_wconf 86' lang='grc' dir='ltr'><strong>ὡς</strong></span> <span class='ocrx_word' id='word_1_298' title='bbox 525 2218 584 2268; x_wconf 91' lang='grc' dir='ltr'>ἐν</span> <span class='ocrx_word' id='word_1_299' title='bbox 616 2217 810 2287; x_wconf 78' lang='grc' dir='ltr'>ἀρχαῖς</span> <span class='ocrx_word' id='word_1_300' title='bbox 835 2218 962 2271; x_wconf 80' lang='grc' dir='ltr'>ὄντα</span> <span class='ocrx_word' id='word_1_301' title='bbox 991 2220 1082 2273; x_wconf 75' lang='grc' dir='ltr'><strong>καὶ</strong></span> <span class='ocrx_word' id='word_1_302' title='bbox 1117 2219 1266 2292; x_wconf 77' lang='grc' dir='ltr'><strong>φόϐῳ</strong></span> <span class='ocrx_word' id='word_1_303' title='bbox 1307 2220 1551 2285; x_wconf 85' lang='grc' dir='ltr'>δουλείας</span> <span class='ocrx_word' id='word_1_304' title='bbox 1590 2222 1868 2291; x_wconf 80' lang='grc' dir='ltr'>παιδαγω-</span> 
     </span>
    </p>
   </div>
   <div class='ocr_carea' id='block_1_41' title="bbox 290 2304 1869 2382">
    <p class='ocr_par' dir='ltr' id='par_1_41' title="bbox 290 2304 1869 2382">
     <span class='ocr_line' id='line_1_41' title="bbox 290 2304 1869 2382; baseline 0.004 -23"><span class='ocrx_word' id='word_1_305' title='bbox 290 2307 576 2377; x_wconf 73' lang='grc' dir='ltr'>γούμενον,</span> <span class='ocrx_word' id='word_1_306' title='bbox 609 2304 720 2372; x_wconf 75' lang='grc' dir='ltr'>οἷος</span> <span class='ocrx_word' id='word_1_307' title='bbox 755 2305 822 2380; x_wconf 73' lang='grc' dir='ltr'><strong>ἦν</strong></span> <span class='ocrx_word' id='word_1_308' title='bbox 851 2311 880 2362; x_wconf 92' lang='lat'><strong>6</strong></span> <span class='ocrx_word' id='word_1_309' title='bbox 917 2310 1272 2374; x_wconf 83' lang='grc' dir='ltr'>ὰποστολικὸς</span> <span class='ocrx_word' id='word_1_310' title='bbox 1316 2311 1494 2382; x_wconf 84' lang='grc' dir='ltr'>χορὸς,</span> <span class='ocrx_word' id='word_1_311' title='bbox 1533 2312 1622 2364; x_wconf 85' lang='grc' dir='ltr'>τὸν</span> <span class='ocrx_word' id='word_1_312' title='bbox 1651 2313 1869 2382; x_wconf 84' lang='grc' dir='ltr'>πρῶτον</span> 
     </span>
    </p>
   </div>
   <div class='ocr_carea' id='block_1_42' title="bbox 289 2399 1869 2472">
    <p class='ocr_par' dir='ltr' id='par_1_42' title="bbox 289 2399 1869 2472">
     <span class='ocr_line' id='line_1_42' title="bbox 289 2399 1869 2472; baseline 0.004 -22"><span class='ocrx_word' id='word_1_313' title='bbox 289 2399 403 2468; x_wconf 77' lang='grc' dir='ltr'>βίον</span> <span class='ocrx_word' id='word_1_314' title='bbox 440 2399 548 2451; x_wconf 72' lang='grc' dir='ltr'><strong>ὑπὸ</strong></span> <span class='ocrx_word' id='word_1_315' title='bbox 571 2400 664 2452; x_wconf 82' lang='grc' dir='ltr'>τὸν</span> <span class='ocrx_word' id='word_1_316' title='bbox 695 2399 1038 2468; x_wconf 73' lang='grc' dir='ltr'>παιδαγωγὸν</span> <span class='ocrx_word' id='word_1_317' title='bbox 1070 2401 1227 2472; x_wconf 71' lang='grc' dir='ltr'>νόμον</span> <span class='ocrx_word' id='word_1_318' title='bbox 1268 2399 1507 2470; x_wconf 85' lang='grc' dir='ltr'>γεγονώς</span> <span class='ocrx_word' id='word_1_319' title='bbox 1527 2419 1540 2432; x_wconf 90' lang='grc'><strong>·</strong></span> <span class='ocrx_word' id='word_1_320' title='bbox 1568 2401 1659 2454; x_wconf 81' lang='grc' dir='ltr'><strong>τὸν</strong></span> <span class='ocrx_word' id='word_1_321' title='bbox 1685 2402 1740 2455; x_wconf 79' lang='grc' dir='ltr'>δὲ</span> <span class='ocrx_word' id='word_1_322' title='bbox 1773 2404 1869 2458; x_wconf 80' lang='grc' dir='ltr'><strong>αὑ·</strong></span> 
     </span>
    </p>
   </div>
   <div class='ocr_carea' id='block_1_43' title="bbox 284 2491 1866 2566">
    <p class='ocr_par' dir='ltr' id='par_1_43' title="bbox 284 2491 1866 2566">
     <span class='ocr_line' id='line_1_43' title="bbox 284 2491 1866 2566; baseline 0.004 -24"><span class='ocrx_word' id='word_1_323' title='bbox 284 2491 376 2544; x_wconf 76' lang='grc' dir='ltr'>τὸν</span> <span class='ocrx_word' id='word_1_324' title='bbox 417 2492 678 2544; x_wconf 74' lang='grc' dir='ltr'>ἐκλεκτὸν</span> <span class='ocrx_word' id='word_1_325' title='bbox 717 2491 1007 2564; x_wconf 81' lang='grc' dir='ltr'>ὀνομάζει,</span> <span class='ocrx_word' id='word_1_326' title='bbox 1037 2493 1112 2557; x_wconf 87' lang='grc' dir='ltr'>ὡς</span> <span class='ocrx_word' id='word_1_327' title='bbox 1147 2492 1212 2546; x_wconf 79' lang='grc' dir='ltr'><strong>ἂν</strong></span> <span class='ocrx_word' id='word_1_328' title='bbox 1241 2494 1594 2566; x_wconf 65' lang='grc' dir='ltr'>προκόψαντα</span> <span class='ocrx_word' id='word_1_329' title='bbox 1627 2496 1721 2548; x_wconf 74' lang='grc' dir='ltr'>καὶ</span> <span class='ocrx_word' id='word_1_330' title='bbox 1768 2496 1866 2566; x_wconf 81' lang='grc' dir='ltr'><strong>τῆς</strong></span> 
     </span>
    </p>
   </div>
   <div class='ocr_carea' id='block_1_44' title="bbox 286 2581 1867 2656">
    <p class='ocr_par' dir='ltr' id='par_1_44' title="bbox 286 2581 1867 2656">
     <span class='ocr_line' id='line_1_44' title="bbox 286 2581 1867 2656; baseline 0.005 -24"><span class='ocrx_word' id='word_1_331' title='bbox 286 2581 554 2650; x_wconf 74' lang='grc' dir='ltr'><strong>σωτηρίου</strong></span> <span class='ocrx_word' id='word_1_332' title='bbox 580 2581 822 2652; x_wconf 75' lang='grc' dir='ltr'>κλήσεως</span> <span class='ocrx_word' id='word_1_333' title='bbox 841 2583 932 2635; x_wconf 70' lang='grc' dir='ltr'><strong>καὶ</strong></span> <span class='ocrx_word' id='word_1_334' title='bbox 953 2582 1177 2652; x_wconf 77' lang='grc' dir='ltr'>ἐκλογῆς</span> <span class='ocrx_word' id='word_1_335' title='bbox 1197 2583 1619 2654; x_wconf 78' lang='grc' dir='ltr'>κατηξιωμένον.</span> <span class='ocrx_word' id='word_1_336' title='bbox 1638 2585 1867 2656; x_wconf 80' lang='grc' dir='ltr'>Σπέρμα</span> 
     </span>
    </p>
   </div>
   <div class='ocr_carea' id='block_1_45' title="bbox 277 2668 1864 2745">
    <p class='ocr_par' dir='ltr' id='par_1_45' title="bbox 277 2668 1864 2745">
     <span class='ocr_line' id='line_1_45' title="bbox 277 2668 1864 2745; baseline 0.004 -24"><span class='ocrx_word' id='word_1_337' title='bbox 277 2668 340 2721; x_wconf 77' lang='grc' dir='ltr'><strong>δέ</strong></span> <span class='ocrx_word' id='word_1_338' title='bbox 396 2669 653 2740; x_wconf 70' lang='grc' dir='ltr'>Ἀϐραὰμ</span> <span class='ocrx_word' id='word_1_339' title='bbox 688 2670 872 2741; x_wconf 79' lang='grc' dir='ltr'>ἓτερον</span> <span class='ocrx_word' id='word_1_340' title='bbox 915 2672 1100 2742; x_wconf 88' lang='grc' dir='ltr'>τάγμα</span> <span class='ocrx_word' id='word_1_341' title='bbox 1132 2673 1400 2742; x_wconf 78' lang='grc' dir='ltr'>τυγχάνον</span> <span class='ocrx_word' id='word_1_342' title='bbox 1447 2674 1598 2745; x_wconf 81' lang='grc' dir='ltr'>παρὰ</span> <span class='ocrx_word' id='word_1_343' title='bbox 1643 2675 1704 2727; x_wconf 71' lang='grc' dir='ltr'>τὸ</span> <span class='ocrx_word' id='word_1_344' title='bbox 1755 2674 1864 2729; x_wconf 86' lang='grc' dir='ltr'>τῶν</span> 
     </span>
    </p>
   </div>
   <div class='ocr_carea' id='block_1_46' title="bbox 281 2761 1861 2833">
    <p class='ocr_par' dir='ltr' id='par_1_46' title="bbox 281 2761 1861 2833">
     <span class='ocr_line' id='line_1_46' title="bbox 281 2761 1861 2833; baseline 0.004 -21"><span class='ocrx_word' id='word_1_345' title='bbox 281 2761 591 2823; x_wconf 70' lang='grc' dir='ltr'>ἐκλεκτῶν,</span> <span class='ocrx_word' id='word_1_346' title='bbox 624 2764 807 2814; x_wconf 72' lang='grc' dir='ltr'>ὁποῖον</span> <span class='ocrx_word' id='word_1_347' title='bbox 854 2762 919 2816; x_wconf 81' lang='grc' dir='ltr'>ἂν</span> <span class='ocrx_word' id='word_1_348' title='bbox 951 2764 1036 2833; x_wconf 78' lang='grc' dir='ltr'><strong>εἴη</strong></span> <span class='ocrx_word' id='word_1_349' title='bbox 1069 2763 1131 2816; x_wconf 82' lang='grc' dir='ltr'><strong>τὸ</strong></span> <span class='ocrx_word' id='word_1_350' title='bbox 1182 2762 1393 2833; x_wconf 70' lang='grc' dir='ltr'>πλῆθος</span> <span class='ocrx_word' id='word_1_351' title='bbox 1423 2764 1530 2818; x_wconf 83' lang='grc' dir='ltr'>τῶν</span> <span class='ocrx_word' id='word_1_352' title='bbox 1575 2764 1861 2829; x_wconf 86' lang='grc' dir='ltr'>Ἰουδαίων,</span> 
     </span>
    </p>
   </div>
   <div class='ocr_carea' id='block_1_47' title="bbox 280 2851 1861 2925">
    <p class='ocr_par' dir='ltr' id='par_1_47' title="bbox 280 2851 1861 2925">
     <span class='ocr_line' id='line_1_47' title="bbox 280 2851 1861 2925; baseline 0.003 -20"><span class='ocrx_word' id='word_1_353' title='bbox 280 2859 421 2922; x_wconf 70' lang='grc' dir='ltr'>προς</span> <span class='ocrx_word' id='word_1_354' title='bbox 448 2853 543 2916; x_wconf 81' lang='grc' dir='ltr'>οὓς</span> <span class='ocrx_word' id='word_1_355' title='bbox 589 2853 968 2924; x_wconf 84' lang='grc' dir='ltr'>διαλεγόμενος</span> <span class='ocrx_word' id='word_1_356' title='bbox 998 2856 1027 2907; x_wconf 90' lang='lat'><strong>6</strong></span> <span class='ocrx_word' id='word_1_357' title='bbox 1073 2853 1261 2925; x_wconf 78' lang='grc' dir='ltr'>Σωτὴρ</span> <span class='ocrx_word' id='word_1_358' title='bbox 1289 2854 1506 2922; x_wconf 74' lang='grc' dir='ltr'>ἐλεγενο</span> <span class='ocrx_word' id='word_1_359' title='bbox 1541 2873 1559 2906; x_wconf 82' lang='grc' dir='ltr'><strong>ι</strong></span> <span class='ocrx_word' id='word_1_360' title='bbox 1595 2851 1745 2919; x_wconf 77' lang='grc' dir='ltr'>οἶδα,</span> <span class='ocrx_word' id='word_1_361' title='bbox 1780 2857 1861 2910; x_wconf 88' lang='grc' dir='ltr'><strong>ὃτι</strong></span> 
     </span>
    </p>
   </div>
   <div class='ocr_carea' id='block_1_48' title="bbox 281 2939 1862 3019">
    <p class='ocr_par' dir='ltr' id='par_1_48' title="bbox 281 2939 1862 3019">
     <span class='ocr_line' id='line_1_48' title="bbox 281 2939 1862 3019; baseline 0.003 -24"><span class='ocrx_word' id='word_1_362' title='bbox 281 2945 509 3015; x_wconf 80' lang='grc' dir='ltr'>σπέρμα</span> <span class='ocrx_word' id='word_1_363' title='bbox 546 2944 795 3016; x_wconf 78' lang='grc' dir='ltr'>Ἀϐραάμ</span> <span class='ocrx_word' id='word_1_364' title='bbox 839 2948 981 2998; x_wconf 86' lang='grc' dir='ltr'>ἐστε.</span> <span class='ocrx_word' id='word_1_365' title='bbox 1014 2964 1031 2996; x_wconf 82' lang='lat' dir='ltr'><strong>t</strong></span> <span class='ocrx_word' id='word_1_366' title='bbox 1064 2947 1280 3017; x_wconf 86' lang='grc' dir='ltr'>’Ἑτεροι</span> <span class='ocrx_word' id='word_1_367' title='bbox 1306 2946 1363 3000; x_wconf 82' lang='grc' dir='ltr'>δὲ</span> <span class='ocrx_word' id='word_1_368' title='bbox 1381 2942 1520 3018; x_wconf 76' lang='grc' dir='ltr'>ἦσαν</span> <span class='ocrx_word' id='word_1_369' title='bbox 1543 2939 1688 3000; x_wconf 77' lang='grc' dir='ltr'>οὗτοι</span> <span class='ocrx_word' id='word_1_370' title='bbox 1713 2948 1862 3019; x_wconf 83' lang='grc' dir='ltr'>παρὰ</span> 
     </span>
    </p>
   </div>
   <div class='ocr_carea' id='block_1_49' title="bbox 1971 1864 2183 1924">
    <p class='ocr_par' dir='ltr' id='par_1_49' title="bbox 1971 1864 2183 1924">
     <span class='ocr_line' id='line_1_49' title="bbox 1971 1864 2183 1924; baseline 0 -18"><span class='ocrx_word' id='word_1_371' title='bbox 1971 1864 2183 1924; x_wconf 80' lang='lat' dir='ltr'><strong>gantur.</strong></span> 
     </span>
    </p>
   </div>
   <div class='ocr_carea' id='block_1_50' title="bbox 2041 1936 3536 2011">
    <p class='ocr_par' dir='ltr' id='par_1_50' title="bbox 2041 1936 3536 2011">
     <span class='ocr_line' id='line_1_50' title="bbox 2041 1936 3536 2011; baseline -0.007 -13"><span class='ocrx_word' id='word_1_372' title='bbox 2041 1943 2204 1998; x_wconf 56' lang='lat' dir='ltr'><strong>Vens.</strong></span> <span class='ocrx_word' id='word_1_373' title='bbox 2235 1944 2288 1999; x_wconf 91' lang='grc'><strong>8.</strong></span> <span class='ocrx_word' id='word_1_374' title='bbox 2356 1944 2478 1997; x_wconf 76' lang='grc' dir='ltr'>ιΤιι</span> <span class='ocrx_word' id='word_1_375' title='bbox 2511 1952 2692 1996; x_wconf 89' lang='lat' dir='ltr'><strong>autem</strong></span> <span class='ocrx_word' id='word_1_376' title='bbox 2739 1941 2902 1996; x_wconf 84' lang='lat' dir='ltr'><strong>Israel</strong></span> <span class='ocrx_word' id='word_1_377' title='bbox 2951 1956 3084 2011; x_wconf 91' lang='lat' dir='ltr'><strong>puer</strong></span> <span class='ocrx_word' id='word_1_378' title='bbox 3128 1953 3298 2004; x_wconf 87' lang='lat' dir='ltr'><strong>meus,</strong></span> <span class='ocrx_word' id='word_1_379' title='bbox 3346 1936 3536 2000; x_wconf 81' lang='lat' dir='ltr'><strong>Jacob,</strong></span> 
     </span>
    </p>
   </div>
   <div class='ocr_carea' id='block_1_51' title="bbox 1970 2030 3536 2108">
    <p class='ocr_par' dir='ltr' id='par_1_51' title="bbox 1970 2030 3536 2108">
     <span class='ocr_line' id='line_1_51' title="bbox 1970 2030 3536 2108; baseline -0.005 -18"><span class='ocrx_word' id='word_1_380' title='bbox 1970 2054 2130 2106; x_wconf 73' lang='lat' dir='ltr'><strong>quem</strong></span> <span class='ocrx_word' id='word_1_381' title='bbox 2158 2037 2318 2108; x_wconf 80' lang='lat' dir='ltr'><strong>elegi,</strong></span> <span class='ocrx_word' id='word_1_382' title='bbox 2358 2050 2541 2090; x_wconf 83' lang='lat' dir='ltr'><strong>semen</strong></span> <span class='ocrx_word' id='word_1_383' title='bbox 2579 2035 2883 2099; x_wconf 77' lang='lat' dir='ltr'><strong>Abraham,</strong></span> <span class='ocrx_word' id='word_1_384' title='bbox 2911 2049 3069 2103; x_wconf 86' lang='lat' dir='ltr'><strong>quem</strong></span> <span class='ocrx_word' id='word_1_385' title='bbox 3120 2032 3306 2087; x_wconf 82' lang='lat' dir='ltr'><strong>dilexi.</strong></span> <span class='ocrx_word' id='word_1_386' title='bbox 3338 2050 3358 2083; x_wconf 75' lang='grc' dir='ltr'>ο</span> <span class='ocrx_word' id='word_1_387' title='bbox 3395 2030 3536 2083; x_wconf 85' lang='lat' dir='ltr'><strong>Pue-</strong></span> 
     </span>
    </p>
   </div>
   <div class='ocr_carea' id='block_1_52' title="bbox 1973 2109 3536 2197">
    <p class='ocr_par' dir='ltr' id='par_1_52' title="bbox 1973 2109 3536 2197">
     <span class='ocr_line' id='line_1_52' title="bbox 1973 2109 3536 2197; baseline -0.006 -14"><span class='ocrx_word' id='word_1_388' title='bbox 1973 2146 2087 2183; x_wconf 84' lang='lat' dir='ltr'><strong>rum</strong></span> <span class='ocrx_word' id='word_1_389' title='bbox 2119 2131 2294 2197; x_wconf 88' lang='lat' dir='ltr'><strong>primo</strong></span> <span class='ocrx_word' id='word_1_390' title='bbox 2325 2137 2504 2191; x_wconf 82' lang='lat' dir='ltr'><strong>vocat,</strong></span> <span class='ocrx_word' id='word_1_391' title='bbox 2541 2128 2664 2184; x_wconf 86' lang='lat' dir='ltr'><strong>hinc</strong></span> <span class='ocrx_word' id='word_1_392' title='bbox 2702 2126 2957 2187; x_wconf 70' lang='lat' dir='ltr'><strong>electum,</strong></span> <span class='ocrx_word' id='word_1_393' title='bbox 3014 2109 3197 2190; x_wconf 73' lang='lat' dir='ltr'><strong>poslea</strong></span> <span class='ocrx_word' id='word_1_394' title='bbox 3249 2123 3536 2178; x_wconf 84' lang='lat' dir='ltr'><strong>dilectum.</strong></span> 
     </span>
    </p>
   </div>
   <div class='ocr_carea' id='block_1_53' title="bbox 1973 2216 3537 2289">
    <p class='ocr_par' dir='ltr' id='par_1_53' title="bbox 1973 2216 3537 2289">
     <span class='ocr_line' id='line_1_53' title="bbox 1973 2216 3537 2289; baseline -0.006 -15"><span class='ocrx_word' id='word_1_395' title='bbox 1973 2220 2205 2274; x_wconf 84' lang='lat' dir='ltr'><strong>Puerum</strong></span> <span class='ocrx_word' id='word_1_396' title='bbox 2229 2219 2473 2289; x_wconf 87' lang='lat' dir='ltr'><strong>quidem,</strong></span> <span class='ocrx_word' id='word_1_397' title='bbox 2501 2221 2652 2289; x_wconf 88' lang='lat' dir='ltr'><strong>quasi</strong></span> <span class='ocrx_word' id='word_1_398' title='bbox 2718 2221 2768 2274; x_wconf 87' lang='lat' dir='ltr'><strong>itt</strong></span> <span class='ocrx_word' id='word_1_399' title='bbox 2838 2220 3026 2289; x_wconf 85' lang='lat' dir='ltr'><strong>primis</strong></span> <span class='ocrx_word' id='word_1_400' title='bbox 3082 2216 3250 2271; x_wconf 85' lang='lat' dir='ltr'><strong>initiis</strong></span> <span class='ocrx_word' id='word_1_401' title='bbox 3298 2216 3537 2284; x_wconf 71' lang='lat' dir='ltr'><strong>degeret,</strong></span> 
     </span>
    </p>
   </div>
   <div class='ocr_carea' id='block_1_54' title="bbox 1969 2310 3538 2380">
    <p class='ocr_par' dir='ltr' id='par_1_54' title="bbox 1969 2310 3538 2380">
     <span class='ocr_line' id='line_1_54' title="bbox 1969 2310 3538 2380; baseline -0.004 -14"><span class='ocrx_word' id='word_1_402' title='bbox 1969 2327 2032 2366; x_wconf 90' lang='lat' dir='ltr'><strong>ac</strong></span> <span class='ocrx_word' id='word_1_403' title='bbox 2059 2321 2203 2365; x_wconf 88' lang='lat' dir='ltr'><strong>metu</strong></span> <span class='ocrx_word' id='word_1_404' title='bbox 2243 2311 2520 2367; x_wconf 80' lang='lat' dir='ltr'><strong>servitutis</strong></span> <span class='ocrx_word' id='word_1_405' title='bbox 2573 2312 2980 2378; x_wconf 88' lang='lat' dir='ltr'><strong>institueretur;</strong></span> <span class='ocrx_word' id='word_1_406' title='bbox 3010 2310 3187 2380; x_wconf 89' lang='lat' dir='ltr'><strong>qualis</strong></span> <span class='ocrx_word' id='word_1_407' title='bbox 3225 2317 3343 2363; x_wconf 88' lang='lat' dir='ltr'><strong>erat</strong></span> <span class='ocrx_word' id='word_1_408' title='bbox 3405 2324 3538 2376; x_wconf 80' lang='lat' dir='ltr'><strong>apo-</strong></span> 
     </span>
    </p>
   </div>
   <div class='ocr_carea' id='block_1_55' title="bbox 1969 2401 3539 2471">
    <p class='ocr_par' dir='ltr' id='par_1_55' title="bbox 1969 2401 3539 2471">
     <span class='ocr_line' id='line_1_55' title="bbox 1969 2401 3539 2471; baseline -0.001 -14"><span class='ocrx_word' id='word_1_409' title='bbox 1969 2403 2195 2458; x_wconf 87' lang='lat' dir='ltr'><strong>stolicus</strong></span> <span class='ocrx_word' id='word_1_410' title='bbox 2243 2405 2463 2467; x_wconf 88' lang='lat' dir='ltr'><strong>chorus,</strong></span> <span class='ocrx_word' id='word_1_411' title='bbox 2498 2404 2587 2471; x_wconf 87' lang='lat' dir='ltr'><strong>qui</strong></span> <span class='ocrx_word' id='word_1_412' title='bbox 2643 2406 2815 2471; x_wconf 86' lang='lat' dir='ltr'><strong>primo</strong></span> <span class='ocrx_word' id='word_1_413' title='bbox 2859 2406 2983 2458; x_wconf 69' lang='lat' dir='ltr'><strong>vita:</strong></span> <span class='ocrx_word' id='word_1_414' title='bbox 3019 2417 3134 2457; x_wconf 77' lang='lat' dir='ltr'><strong>sua:</strong></span> <span class='ocrx_word' id='word_1_415' title='bbox 3174 2411 3412 2470; x_wconf 84' lang='lat' dir='ltr'><strong>tempore</strong></span> <span class='ocrx_word' id='word_1_416' title='bbox 3436 2401 3539 2455; x_wconf 88' lang='lat' dir='ltr'><strong>sub</strong></span> 
     </span>
    </p>
   </div>
   <div class='ocr_carea' id='block_1_56' title="bbox 1971 2495 3537 2568">
    <p class='ocr_par' dir='ltr' id='par_1_56' title="bbox 1971 2495 3537 2568">
     <span class='ocr_line' id='line_1_56' title="bbox 1971 2495 3537 2568; baseline -0.003 -18"><span class='ocrx_word' id='word_1_417' title='bbox 1971 2498 2088 2564; x_wconf 68' lang='lat' dir='ltr'><strong>lege</strong></span> <span class='ocrx_word' id='word_1_418' title='bbox 2121 2497 2274 2566; x_wconf 83' lang='lat' dir='ltr'><strong>quasi</strong></span> <span class='ocrx_word' id='word_1_419' title='bbox 2311 2497 2412 2552; x_wconf 86' lang='lat' dir='ltr'><strong>sub</strong></span> <span class='ocrx_word' id='word_1_420' title='bbox 2445 2499 2738 2568; x_wconf 68' lang='lat' dir='ltr'><strong>pmdagogo</strong></span> <span class='ocrx_word' id='word_1_421' title='bbox 2767 2497 2867 2550; x_wconf 82' lang='lat' dir='ltr'><strong>fuit</strong></span> <span class='ocrx_word' id='word_1_422' title='bbox 2894 2512 2910 2550; x_wconf 89' lang='lat'><strong>:</strong></span> <span class='ocrx_word' id='word_1_423' title='bbox 2953 2499 3200 2549; x_wconf 81' lang='lat' dir='ltr'><strong>ennnletn</strong></span> <span class='ocrx_word' id='word_1_424' title='bbox 3231 2508 3396 2562; x_wconf 79' lang='lat' dir='ltr'><strong>porro</strong></span> <span class='ocrx_word' id='word_1_425' title='bbox 3428 2495 3537 2546; x_wconf 90' lang='lat' dir='ltr'><strong>ele-</strong></span> 
     </span>
    </p>
   </div>
   <div class='ocr_carea' id='block_1_57' title="bbox 1967 2583 3535 2656">
    <p class='ocr_par' dir='ltr' id='par_1_57' title="bbox 1967 2583 3535 2656">
     <span class='ocr_line' id='line_1_57' title="bbox 1967 2583 3535 2656; baseline -0.003 -16"><span class='ocrx_word' id='word_1_426' title='bbox 1967 2596 2113 2640; x_wconf 89' lang='lat' dir='ltr'><strong>ctum</strong></span> <span class='ocrx_word' id='word_1_427' title='bbox 2148 2597 2444 2654; x_wconf 85' lang='lat' dir='ltr'><strong>nuncupat,</strong></span> <span class='ocrx_word' id='word_1_428' title='bbox 2474 2597 2657 2654; x_wconf 88' lang='lat' dir='ltr'><strong>utpote</strong></span> <span class='ocrx_word' id='word_1_429' title='bbox 2690 2587 2781 2656; x_wconf 88' lang='lat' dir='ltr'><strong>qui</strong></span> <span class='ocrx_word' id='word_1_430' title='bbox 2806 2585 3053 2655; x_wconf 78' lang='lat' dir='ltr'><strong>profectu</strong></span> <span class='ocrx_word' id='word_1_431' title='bbox 3082 2595 3273 2638; x_wconf 85' lang='lat' dir='ltr'><strong>auctus</strong></span> <span class='ocrx_word' id='word_1_432' title='bbox 3309 2583 3535 2636; x_wconf 85' lang='lat' dir='ltr'><strong>salutari</strong></span> 
     </span>
    </p>
   </div>
   <div class='ocr_carea' id='block_1_58' title="bbox 1965 2673 3534 2747">
    <p class='ocr_par' dir='ltr' id='par_1_58' title="bbox 1965 2673 3534 2747">
     <span class='ocr_line' id='line_1_58' title="bbox 1965 2673 3534 2747; baseline -0.002 -16"><span class='ocrx_word' id='word_1_433' title='bbox 1965 2677 2254 2732; x_wconf 87' lang='lat' dir='ltr'><strong>vocatione</strong></span> <span class='ocrx_word' id='word_1_434' title='bbox 2287 2687 2342 2731; x_wconf 88' lang='lat' dir='ltr'><strong>et</strong></span> <span class='ocrx_word' id='word_1_435' title='bbox 2371 2677 2634 2731; x_wconf 84' lang='lat' dir='ltr'><strong>electione</strong></span> <span class='ocrx_word' id='word_1_436' title='bbox 2678 2677 2934 2747; x_wconf 74' lang='lat' dir='ltr'><strong>dignatus</strong></span> <span class='ocrx_word' id='word_1_437' title='bbox 2985 2676 3076 2730; x_wconf 85' lang='lat' dir='ltr'><strong>sit.</strong></span> <span class='ocrx_word' id='word_1_438' title='bbox 3110 2673 3306 2729; x_wconf 90' lang='lat' dir='ltr'><strong>Semen</strong></span> <span class='ocrx_word' id='word_1_439' title='bbox 3353 2683 3534 2728; x_wconf 82' lang='lat' dir='ltr'><strong>autent</strong></span> 
     </span>
    </p>
   </div>
   <div class='ocr_carea' id='block_1_59' title="bbox 1965 2765 3533 2828">
    <p class='ocr_par' dir='ltr' id='par_1_59' title="bbox 1965 2765 3533 2828">
     <span class='ocr_line' id='line_1_59' title="bbox 1965 2765 3533 2828; baseline -0.003 -6"><span class='ocrx_word' id='word_1_440' title='bbox 1965 2769 2242 2823; x_wconf 78' lang='lat' dir='ltr'><strong>Abraham</strong></span> <span class='ocrx_word' id='word_1_441' title='bbox 2293 2769 2434 2822; x_wconf 89' lang='lat' dir='ltr'><strong>alius</strong></span> <span class='ocrx_word' id='word_1_442' title='bbox 2467 2779 2518 2822; x_wconf 91' lang='lat' dir='ltr'><strong>et</strong></span> <span class='ocrx_word' id='word_1_443' title='bbox 2552 2768 2846 2822; x_wconf 88' lang='lat' dir='ltr'><strong>distinctus</strong></span> <span class='ocrx_word' id='word_1_444' title='bbox 2884 2768 3021 2822; x_wconf 90' lang='lat' dir='ltr'><strong>ordo</strong></span> <span class='ocrx_word' id='word_1_445' title='bbox 3066 2777 3149 2820; x_wconf 89' lang='lat' dir='ltr'><strong>est</strong></span> <span class='ocrx_word' id='word_1_446' title='bbox 3195 2767 3265 2820; x_wconf 86' lang='lat' dir='ltr'><strong>ab</strong></span> <span class='ocrx_word' id='word_1_447' title='bbox 3314 2765 3533 2828; x_wconf 88' lang='lat' dir='ltr'><strong>electis,</strong></span> 
     </span>
    </p>
   </div>
   <div class='ocr_carea' id='block_1_60' title="bbox 1961 2857 3533 2930">
    <p class='ocr_par' dir='ltr' id='par_1_60' title="bbox 1961 2857 3533 2930">
     <span class='ocr_line' id='line_1_60' title="bbox 1961 2857 3533 2930; baseline -0.001 -16"><span class='ocrx_word' id='word_1_448' title='bbox 1961 2859 2140 2930; x_wconf 81' lang='lat' dir='ltr'><strong>qualis</strong></span> <span class='ocrx_word' id='word_1_449' title='bbox 2175 2869 2294 2914; x_wconf 88' lang='lat' dir='ltr'><strong>erat</strong></span> <span class='ocrx_word' id='word_1_450' title='bbox 2331 2859 2622 2915; x_wconf 87' lang='lat' dir='ltr'><strong>multitudo</strong></span> <span class='ocrx_word' id='word_1_451' title='bbox 2673 2859 3007 2924; x_wconf 70' lang='lat' dir='ltr'><strong>Iudaeorum,</strong></span> <span class='ocrx_word' id='word_1_452' title='bbox 3053 2873 3193 2928; x_wconf 87' lang='lat' dir='ltr'><strong>quos</strong></span> <span class='ocrx_word' id='word_1_453' title='bbox 3247 2857 3533 2926; x_wconf 74' lang='lat' dir='ltr'><strong>alloquens</strong></span> 
     </span>
    </p>
   </div>
   <div class='ocr_carea' id='block_1_61' title="bbox 1970 2948 3534 3020">
    <p class='ocr_par' dir='ltr' id='par_1_61' title="bbox 1970 2948 3534 3020">
     <span class='ocr_line' id='line_1_61' title="bbox 1970 2948 3534 3020; baseline -0.002 -14"><span class='ocrx_word' id='word_1_454' title='bbox 1970 2948 2226 3006; x_wconf 82' lang='lat' dir='ltr'><strong>Salvator</strong></span> <span class='ocrx_word' id='word_1_455' title='bbox 2277 2949 2528 3016; x_wconf 79' lang='lat' dir='ltr'><strong>dicebat,</strong></span> <span class='ocrx_word' id='word_1_456' title='bbox 2575 2968 2594 3002; x_wconf 76' lang='grc' dir='ltr'><strong>ι</strong></span> <span class='ocrx_word' id='word_1_457' title='bbox 2651 2949 2779 3005; x_wconf 89' lang='lat' dir='ltr'><strong>Scio</strong></span> <span class='ocrx_word' id='word_1_458' title='bbox 2853 2952 2980 3020; x_wconf 87' lang='lat' dir='ltr'><strong>quia</strong></span> <span class='ocrx_word' id='word_1_459' title='bbox 3058 2963 3241 3003; x_wconf 82' lang='lat' dir='ltr'><strong>semer</strong></span> <span class='ocrx_word' id='word_1_460' title='bbox 3312 2948 3534 3003; x_wconf 63' lang='lat' dir='ltr'><strong>Abt-alt!</strong></span> 
     </span>
    </p>
   </div>
   <div class='ocr_carea' id='block_1_62' title="bbox 277 3031 1861 3122">
    <p class='ocr_par' dir='ltr' id='par_1_62' title="bbox 277 3031 1856 3110">
     <span class='ocr_line' id='line_1_62' title="bbox 277 3031 1856 3110; baseline 0.003 -22"><span class='ocrx_word' id='word_1_461' title='bbox 277 3036 352 3088; x_wconf 81' lang='grc' dir='ltr'><strong>τὰ</strong></span> <span class='ocrx_word' id='word_1_462' title='bbox 386 3037 555 3090; x_wconf 79' lang='grc' dir='ltr'>τέκνα</span> <span class='ocrx_word' id='word_1_463' title='bbox 595 3037 689 3091; x_wconf 76' lang='grc' dir='ltr'>τοῦ</span> <span class='ocrx_word' id='word_1_464' title='bbox 740 3037 1010 3110; x_wconf 80' lang='grc' dir='ltr'>Ἀϐραὰμ,</span> <span class='ocrx_word' id='word_1_465' title='bbox 1062 3039 1190 3110; x_wconf 64' lang='grc' dir='ltr'><strong>περ)¹</strong></span> <span class='ocrx_word' id='word_1_466' title='bbox 1231 3031 1306 3092; x_wconf 83' lang='grc' dir='ltr'>ὧν</span> <span class='ocrx_word' id='word_1_467' title='bbox 1356 3038 1601 3093; x_wconf 80' lang='grc' dir='ltr'>ἐδίδασκε</span> <span class='ocrx_word' id='word_1_468' title='bbox 1655 3039 1856 3108; x_wconf 78' lang='grc' dir='ltr'>λέγων’</span> 
     </span>
    </p>
   </div>
   <div class='ocr_carea' id='block_1_63' title="bbox 1965 3031 3534 3122">
    <p class='ocr_par' dir='ltr' id='par_1_63' title="bbox 1965 3039 3534 3104">
     <span class='ocr_line' id='line_1_63' title="bbox 1965 3039 3534 3104; baseline -0.001 -7"><span class='ocrx_word' id='word_1_469' title='bbox 1965 3042 2097 3097; x_wconf 85' lang='lat' dir='ltr'><strong>estis</strong></span> <span class='ocrx_word' id='word_1_470' title='bbox 2129 3043 2197 3102; x_wconf 79' lang='grc'><strong>⁸⁷.</strong></span> <span class='ocrx_word' id='word_1_471' title='bbox 2226 3060 2248 3094; x_wconf 79' lang='lat' dir='ltr'><strong>t</strong></span> <span class='ocrx_word' id='word_1_472' title='bbox 2286 3041 2356 3096; x_wconf 81' lang='lat' dir='ltr'><strong>At</strong></span> <span class='ocrx_word' id='word_1_473' title='bbox 2387 3041 2462 3102; x_wconf 91' lang='lat' dir='ltr'><strong>illi</strong></span> <span class='ocrx_word' id='word_1_474' title='bbox 2510 3041 2706 3097; x_wconf 80' lang='lat' dir='ltr'><strong>diversi</strong></span> <span class='ocrx_word' id='word_1_475' title='bbox 2759 3051 2965 3096; x_wconf 85' lang='lat' dir='ltr'><strong>eranta</strong></span> <span class='ocrx_word' id='word_1_476' title='bbox 2991 3040 3119 3096; x_wconf 83' lang='lat' dir='ltr'><strong>ﬁliis</strong></span> <span class='ocrx_word' id='word_1_477' title='bbox 3167 3039 3422 3104; x_wconf 69' lang='lat' dir='ltr'><strong>Abrahae,</strong></span> <span class='ocrx_word' id='word_1_478' title='bbox 3467 3039 3534 3095; x_wconf 88' lang='lat' dir='ltr'><strong>de</strong></span> 
     </span>
    </p>
   </div>
   <div class='ocr_carea' id='block_1_64' title="bbox 283 3125 1857 3202">
    <p class='ocr_par' dir='ltr' id='par_1_64' title="bbox 283 3125 1857 3202">
     <span class='ocr_line' id='line_1_64' title="bbox 283 3125 1857 3202; baseline 0.005 -26"><span class='ocrx_word' id='word_1_479' title='bbox 283 3145 306 3176; x_wconf 68' lang='grc' dir='ltr'><em>ς</em></span> <span class='ocrx_word' id='word_1_480' title='bbox 349 3127 412 3178; x_wconf 77' lang='grc' dir='ltr'><strong>ΕΞ</strong></span> <span class='ocrx_word' id='word_1_481' title='bbox 440 3127 609 3181; x_wconf 77' lang='grc' dir='ltr'>τέκνα</span> <span class='ocrx_word' id='word_1_482' title='bbox 634 3127 728 3180; x_wconf 73' lang='grc' dir='ltr'>τοῦ</span> <span class='ocrx_word' id='word_1_483' title='bbox 766 3128 1014 3199; x_wconf 83' lang='grc' dir='ltr'>Ἀϐραὰμ</span> <span class='ocrx_word' id='word_1_484' title='bbox 1044 3125 1163 3200; x_wconf 82' lang='grc' dir='ltr'>ἦτε,</span> <span class='ocrx_word' id='word_1_485' title='bbox 1193 3128 1262 3182; x_wconf 87' lang='grc' dir='ltr'><strong>τὰ</strong></span> <span class='ocrx_word' id='word_1_486' title='bbox 1290 3128 1426 3201; x_wconf 74' lang='grc' dir='ltr'>ἔργα</span> <span class='ocrx_word' id='word_1_487' title='bbox 1469 3131 1563 3184; x_wconf 78' lang='grc' dir='ltr'>τοῦ</span> <span class='ocrx_word' id='word_1_488' title='bbox 1607 3130 1857 3202; x_wconf 86' lang='grc' dir='ltr'>Ἀϐραὰμ</span> 
     </span>
    </p>
   </div>
   <div class='ocr_carea' id='block_1_65' title="bbox 272 3218 1854 3296">
    <p class='ocr_par' dir='ltr' id='par_1_65' title="bbox 272 3218 1854 3296">
     <span class='ocr_line' id='line_1_65' title="bbox 272 3218 1854 3296; baseline 0.003 -24"><span class='ocrx_word' id='word_1_489' title='bbox 272 3221 533 3272; x_wconf 68' lang='grc' dir='ltr'>ἐποιεῖτε.</span> <span class='ocrx_word' id='word_1_490' title='bbox 575 3239 593 3270; x_wconf 84' lang='grc'>›</span> <span class='ocrx_word' id='word_1_491' title='bbox 647 3220 896 3292; x_wconf 80' lang='grc' dir='ltr'>Ἀϐραὰμ</span> <span class='ocrx_word' id='word_1_492' title='bbox 932 3223 1028 3292; x_wconf 86' lang='grc' dir='ltr'><strong>μὲν</strong></span> <span class='ocrx_word' id='word_1_493' title='bbox 1060 3218 1153 3276; x_wconf 83' lang='grc' dir='ltr'>οὖν</span> <span class='ocrx_word' id='word_1_494' title='bbox 1185 3224 1469 3296; x_wconf 81' lang='grc' dir='ltr'>ἀγαπητὸς</span> <span class='ocrx_word' id='word_1_495' title='bbox 1493 3219 1562 3295; x_wconf 78' lang='grc' dir='ltr'><strong>ἦν</strong></span> <span class='ocrx_word' id='word_1_496' title='bbox 1592 3223 1685 3277; x_wconf 80' lang='grc' dir='ltr'><strong>τοῦ</strong></span> <span class='ocrx_word' id='word_1_497' title='bbox 1719 3223 1854 3278; x_wconf 80' lang='grc' dir='ltr'>Θεοῦ</span> 
     </span>
    </p>
   </div>
   <div class='ocr_carea' id='block_1_66' title="bbox 282 3310 1854 3387">
    <p class='ocr_par' dir='ltr' id='par_1_66' title="bbox 282 3310 1854 3387">
     <span class='ocr_line' id='line_1_66' title="bbox 282 3310 1854 3387; baseline 0.003 -23"><span class='ocrx_word' id='word_1_498' title='bbox 282 3311 379 3364; x_wconf 76' lang='grc' dir='ltr'><strong>καὶ</strong></span> <span class='ocrx_word' id='word_1_499' title='bbox 427 3311 621 3380; x_wconf 70' lang='grc' dir='ltr'>φίλης’</span> <span class='ocrx_word' id='word_1_500' title='bbox 661 3310 740 3364; x_wconf 84' lang='grc' dir='ltr'>διὸ</span> <span class='ocrx_word' id='word_1_501' title='bbox 785 3311 1072 3367; x_wconf 81' lang='grc' dir='ltr'>λέλεκται·</span> <span class='ocrx_word' id='word_1_502' title='bbox 1126 3331 1144 3364; x_wconf 75' lang='grc' dir='ltr'><strong>ι</strong></span> <span class='ocrx_word' id='word_1_503' title='bbox 1192 3314 1420 3385; x_wconf 80' lang='grc' dir='ltr'>Σπέρμα</span> <span class='ocrx_word' id='word_1_504' title='bbox 1464 3313 1745 3387; x_wconf 71' lang='grc' dir='ltr'>Ἁϐραάμ,</span> <span class='ocrx_word' id='word_1_505' title='bbox 1795 3314 1854 3368; x_wconf 81' lang='grc' dir='ltr'><strong>ὃν</strong></span> 
     </span>
    </p>
   </div>
   <div class='ocr_carea' id='block_1_67' title="bbox 279 3403 1852 3478">
    <p class='ocr_par' dir='ltr' id='par_1_67' title="bbox 279 3403 1852 3478">
     <span class='ocr_line' id='line_1_67' title="bbox 279 3403 1852 3478; baseline 0.004 -24"><span class='ocrx_word' id='word_1_506' title='bbox 279 3403 578 3473; x_wconf 65' lang='grc' dir='ltr'>ἠγάπησα·</span> <span class='ocrx_word' id='word_1_507' title='bbox 625 3423 644 3454; x_wconf 77' lang='grc' dir='ltr'><strong>ι</strong></span> <span class='ocrx_word' id='word_1_508' title='bbox 680 3403 713 3473; x_wconf 79' lang='grc' dir='ltr'>ἢ</span> <span class='ocrx_word' id='word_1_509' title='bbox 751 3404 886 3458; x_wconf 73' lang='grc' dir='ltr'>κατὰ</span> <span class='ocrx_word' id='word_1_510' title='bbox 926 3405 1018 3457; x_wconf 84' lang='grc' dir='ltr'>τὸν</span> <span class='ocrx_word' id='word_1_511' title='bbox 1077 3405 1393 3476; x_wconf 80' lang='grc' dir='ltr'>Σύμμαχον,</span> <span class='ocrx_word' id='word_1_512' title='bbox 1435 3424 1453 3456; x_wconf 77' lang='grc' dir='ltr'><strong>ι</strong></span> <span class='ocrx_word' id='word_1_513' title='bbox 1499 3406 1725 3478; x_wconf 81' lang='grc' dir='ltr'>Σπέρμα</span> <span class='ocrx_word' id='word_1_514' title='bbox 1765 3407 1852 3459; x_wconf 77' lang='grc' dir='ltr'><strong>Ἀ-</strong></span> 
     </span>
    </p>
   </div>
   <div class='ocr_carea' id='block_1_68' title="bbox 271 3497 1850 3570">
    <p class='ocr_par' dir='ltr' id='par_1_68' title="bbox 271 3497 1850 3570">
     <span class='ocr_line' id='line_1_68' title="bbox 271 3497 1850 3570; baseline 0.007 -23"><span class='ocrx_word' id='word_1_515' title='bbox 271 3497 467 3570; x_wconf 74' lang='grc' dir='ltr'>δραὰμ</span> <span class='ocrx_word' id='word_1_516' title='bbox 521 3497 618 3550; x_wconf 83' lang='grc' dir='ltr'><strong>τοῦ</strong></span> <span class='ocrx_word' id='word_1_517' title='bbox 665 3497 816 3567; x_wconf 75' lang='grc' dir='ltr'>φίλου</span> <span class='ocrx_word' id='word_1_518' title='bbox 883 3516 1014 3569; x_wconf 89' lang='grc' dir='ltr'>μου·</span> <span class='ocrx_word' id='word_1_519' title='bbox 1069 3519 1088 3551; x_wconf 84' lang='grc'><strong>›</strong></span> <span class='ocrx_word' id='word_1_520' title='bbox 1139 3499 1280 3554; x_wconf 87' lang='grc' dir='ltr'>κατὰ</span> <span class='ocrx_word' id='word_1_521' title='bbox 1332 3499 1392 3554; x_wconf 77' lang='grc' dir='ltr'>δὲ</span> <span class='ocrx_word' id='word_1_522' title='bbox 1451 3501 1542 3554; x_wconf 72' lang='grc' dir='ltr'>τὸν</span> <span class='ocrx_word' id='word_1_523' title='bbox 1598 3502 1850 3567; x_wconf 73' lang='grc' dir='ltr'>Ἀκύλαν,</span> 
     </span>
    </p>
   </div>
   <div class='ocr_carea' id='block_1_69' title="bbox 279 3590 1850 3666">
    <p class='ocr_par' dir='ltr' id='par_1_69' title="bbox 279 3590 1850 3666">
     <span class='ocr_line' id='line_1_69' title="bbox 279 3590 1850 3666; baseline 0.006 -26"><span class='ocrx_word' id='word_1_524' title='bbox 279 3609 300 3638; x_wconf 72' lang='grc' dir='ltr'><strong>ι</strong></span> <span class='ocrx_word' id='word_1_525' title='bbox 338 3591 570 3661; x_wconf 81' lang='grc' dir='ltr'>Σπέρμα</span> <span class='ocrx_word' id='word_1_526' title='bbox 607 3590 890 3660; x_wconf 79' lang='grc' dir='ltr'>ἀγαπητόν</span> <span class='ocrx_word' id='word_1_527' title='bbox 921 3610 1042 3663; x_wconf 91' lang='grc' dir='ltr'>μου.</span> <span class='ocrx_word' id='word_1_528' title='bbox 1088 3611 1108 3645; x_wconf 82' lang='lat' dir='ltr'><strong>t</strong></span> <span class='ocrx_word' id='word_1_529' title='bbox 1151 3592 1222 3646; x_wconf 88' lang='lat' dir='ltr'><em>T6</em></span> <span class='ocrx_word' id='word_1_530' title='bbox 1249 3610 1312 3662; x_wconf 89' lang='grc' dir='ltr'><strong>γε</strong></span> <span class='ocrx_word' id='word_1_531' title='bbox 1346 3594 1452 3665; x_wconf 80' lang='grc' dir='ltr'>μὴν</span> <span class='ocrx_word' id='word_1_532' title='bbox 1495 3594 1714 3666; x_wconf 82' lang='grc' dir='ltr'>σπέρμα</span> <span class='ocrx_word' id='word_1_533' title='bbox 1753 3597 1850 3649; x_wconf 80' lang='grc' dir='ltr'><strong>αὐ·</strong></span> 
     </span>
    </p>
   </div>
   <div class='ocr_carea' id='block_1_70' title="bbox 270 3683 1847 3760">
    <p class='ocr_par' dir='ltr' id='par_1_70' title="bbox 270 3683 1847 3760">
     <span class='ocr_line' id='line_1_70' title="bbox 270 3683 1847 3760; baseline 0.004 -24"><span class='ocrx_word' id='word_1_534' title='bbox 270 3683 368 3736; x_wconf 75' lang='grc' dir='ltr'>τοῦ</span> <span class='ocrx_word' id='word_1_535' title='bbox 403 3684 588 3737; x_wconf 70' lang='grc' dir='ltr'>οὐκέτι</span> <span class='ocrx_word' id='word_1_536' title='bbox 623 3683 939 3754; x_wconf 70' lang='grc' dir='ltr'>ἡγαπῆσθαι</span> <span class='ocrx_word' id='word_1_537' title='bbox 966 3685 1167 3760; x_wconf 76' lang='grc' dir='ltr'>ὁμοίως</span> <span class='ocrx_word' id='word_1_538' title='bbox 1196 3685 1274 3757; x_wconf 83' lang='grc' dir='ltr'>τῷ</span> <span class='ocrx_word' id='word_1_539' title='bbox 1314 3685 1564 3758; x_wconf 85' lang='grc' dir='ltr'>Ἀϐραὰμ</span> <span class='ocrx_word' id='word_1_540' title='bbox 1598 3687 1847 3757; x_wconf 78' lang='grc' dir='ltr'>λέγεται·</span> 
     </span>
    </p>
   </div>
   <div class='ocr_carea' id='block_1_71' title="bbox 270 3775 1850 3846">
    <p class='ocr_par' dir='ltr' id='par_1_71' title="bbox 270 3775 1850 3846">
     <span class='ocr_line' id='line_1_71' title="bbox 270 3775 1850 3846; baseline 0.006 -20"><span class='ocrx_word' id='word_1_541' title='bbox 270 3775 415 3846; x_wconf 72' lang='grc' dir='ltr'><strong>πλὴν</strong></span> <span class='ocrx_word' id='word_1_542' title='bbox 441 3775 577 3827; x_wconf 83' lang='grc' dir='ltr'>ἀλλὰ</span> <span class='ocrx_word' id='word_1_543' title='bbox 605 3775 699 3828; x_wconf 72' lang='grc' dir='ltr'><strong>καὶ</strong></span> <span class='ocrx_word' id='word_1_544' title='bbox 729 3775 789 3828; x_wconf 78' lang='grc' dir='ltr'>τὸ</span> <span class='ocrx_word' id='word_1_545' title='bbox 829 3776 1049 3846; x_wconf 83' lang='grc' dir='ltr'>σπέρμα</span> <span class='ocrx_word' id='word_1_546' title='bbox 1073 3775 1238 3830; x_wconf 78' lang='grc' dir='ltr'>αὐτοῦ</span> <span class='ocrx_word' id='word_1_547' title='bbox 1271 3779 1426 3832; x_wconf 88' lang='grc' dir='ltr'>καλεί</span> <span class='ocrx_word' id='word_1_548' title='bbox 1451 3779 1540 3833; x_wconf 81' lang='grc' dir='ltr'>διὰ</span> <span class='ocrx_word' id='word_1_549' title='bbox 1563 3780 1669 3834; x_wconf 82' lang='grc' dir='ltr'><strong>τῶν</strong></span> <span class='ocrx_word' id='word_1_550' title='bbox 1696 3782 1850 3835; x_wconf 83' lang='grc' dir='ltr'>ἐκλε-</span> 
     </span>
    </p>
   </div>
   <div class='ocr_carea' id='block_1_72' title="bbox 271 3864 1852 3945">
    <p class='ocr_par' dir='ltr' id='par_1_72' title="bbox 271 3864 1852 3945">
     <span class='ocr_line' id='line_1_72' title="bbox 271 3864 1852 3945; baseline 0.005 -26"><span class='ocrx_word' id='word_1_551' title='bbox 271 3864 421 3919; x_wconf 68' lang='grc' dir='ltr'>κτῶν</span> <span class='ocrx_word' id='word_1_552' title='bbox 462 3866 651 3930; x_wconf 71' lang='grc' dir='ltr'>αὐτοῦ,</span> <span class='ocrx_word' id='word_1_553' title='bbox 688 3866 856 3920; x_wconf 80' lang='grc' dir='ltr'>εἰπὼν</span> <span class='ocrx_word' id='word_1_554' title='bbox 905 3869 1120 3931; x_wconf 77' lang='grc' dir='ltr'>αὐτοῖς’</span> <span class='ocrx_word' id='word_1_555' title='bbox 1178 3888 1196 3919; x_wconf 78' lang='grc' dir='ltr'><strong>ι</strong></span> <span class='ocrx_word' id='word_1_556' title='bbox 1247 3870 1551 3942; x_wconf 66' lang='grc' dir='ltr'>Πορεύεσθε</span> <span class='ocrx_word' id='word_1_557' title='bbox 1597 3873 1731 3945; x_wconf 78' lang='grc' dir='ltr'>πρὸς</span> <span class='ocrx_word' id='word_1_558' title='bbox 1782 3873 1852 3928; x_wconf 77' lang='grc' dir='ltr'><strong>τὰ</strong></span> 
     </span>
    </p>
   </div>
   <div class='ocr_carea' id='block_1_73' title="bbox 272 3957 1410 4030">
    <p class='ocr_par' dir='ltr' id='par_1_73' title="bbox 272 3957 1410 4030">
     <span class='ocr_line' id='line_1_73' title="bbox 272 3957 1410 4030; baseline 0.001 -20"><span class='ocrx_word' id='word_1_559' title='bbox 272 3957 524 4029; x_wconf 55' lang='grc' dir='ltr'>ττᾷιϐατα</span> <span class='ocrx_word' id='word_1_560' title='bbox 565 3957 877 4010; x_wconf 78' lang='grc' dir='ltr'>ἀπολωλότα</span> <span class='ocrx_word' id='word_1_561' title='bbox 918 3957 1068 4010; x_wconf 63' lang='grc' dir='ltr'>οῖ’κου</span> <span class='ocrx_word' id='word_1_562' title='bbox 1111 3958 1346 4030; x_wconf 79' lang='grc' dir='ltr'>Ἰσραήλ.</span> <span class='ocrx_word' id='word_1_563' title='bbox 1393 3980 1410 4010; x_wconf 75' lang='grc' dir='ltr'><strong>ι</strong></span> 
     </span>
    </p>
   </div>
   <div class='ocr_carea' id='block_1_74' title="bbox 349 4046 1851 4124">
    <p class='ocr_par' dir='ltr' id='par_1_74' title="bbox 349 4046 1851 4124">
     <span class='ocr_line' id='line_1_74' title="bbox 349 4046 1851 4124; baseline 0.005 -24"><span class='ocrx_word' id='word_1_564' title='bbox 349 4069 367 4100; x_wconf 76' lang='grc' dir='ltr'><strong>ι</strong></span> <span class='ocrx_word' id='word_1_565' title='bbox 405 4046 480 4104; x_wconf 77' lang='grc' dir='ltr'><strong>Οὖ</strong></span> <span class='ocrx_word' id='word_1_566' title='bbox 517 4048 889 4120; x_wconf 77' lang='grc' dir='ltr'>ἁντελαϐὁμην</span> <span class='ocrx_word' id='word_1_567' title='bbox 918 4051 1012 4104; x_wconf 82' lang='grc' dir='ltr'><strong>ἀπ’</strong></span> <span class='ocrx_word' id='word_1_568' title='bbox 1041 4052 1223 4122; x_wconf 80' lang='grc' dir='ltr'>ἄκρων</span> <span class='ocrx_word' id='word_1_569' title='bbox 1255 4053 1354 4123; x_wconf 72' lang='grc' dir='ltr'><strong>τῆς</strong></span> <span class='ocrx_word' id='word_1_570' title='bbox 1381 4053 1502 4124; x_wconf 82' lang='grc' dir='ltr'>γῆς,</span> <span class='ocrx_word' id='word_1_571' title='bbox 1535 4055 1627 4109; x_wconf 71' lang='grc' dir='ltr'>καὶ</span> <span class='ocrx_word' id='word_1_572' title='bbox 1655 4056 1717 4108; x_wconf 88' lang='grc' dir='ltr'><strong>ἐκ</strong></span> <span class='ocrx_word' id='word_1_573' title='bbox 1743 4056 1851 4109; x_wconf 83' lang='grc' dir='ltr'>τῶν</span> 
     </span>
    </p>
   </div>
   <div class='ocr_carea' id='block_1_75' title="bbox 273 4141 1848 4220">
    <p class='ocr_par' dir='ltr' id='par_1_75' title="bbox 273 4141 1848 4220">
     <span class='ocr_line' id='line_1_75' title="bbox 273 4141 1848 4220; baseline 0.007 -27"><span class='ocrx_word' id='word_1_574' title='bbox 273 4143 518 4195; x_wconf 81' lang='grc' dir='ltr'>σκοπιῶν</span> <span class='ocrx_word' id='word_1_575' title='bbox 548 4141 718 4212; x_wconf 78' lang='grc' dir='ltr'>αὐτῆς</span> <span class='ocrx_word' id='word_1_576' title='bbox 750 4141 986 4198; x_wconf 79' lang='grc' dir='ltr'>ἐκάλεσά</span> <span class='ocrx_word' id='word_1_577' title='bbox 1019 4160 1098 4206; x_wconf 84' lang='grc' dir='ltr'><strong>σε,</strong></span> <span class='ocrx_word' id='word_1_578' title='bbox 1139 4145 1232 4197; x_wconf 74' lang='grc' dir='ltr'><strong>καὶ</strong></span> <span class='ocrx_word' id='word_1_579' title='bbox 1262 4141 1393 4198; x_wconf 83' lang='grc' dir='ltr'>εἶπά</span> <span class='ocrx_word' id='word_1_580' title='bbox 1425 4162 1540 4200; x_wconf 89' lang='grc' dir='ltr'>σοι·</span> <span class='ocrx_word' id='word_1_581' title='bbox 1577 4149 1714 4212; x_wconf 84' lang='grc' dir='ltr'>Παῖς</span> <span class='ocrx_word' id='word_1_582' title='bbox 1748 4168 1848 4220; x_wconf 88' lang='grc' dir='ltr'><strong>μου</strong></span> 
     </span>
    </p>
   </div>
   <div class='ocr_carea' id='block_1_76' title="bbox 273 4231 1849 4310">
    <p class='ocr_par' dir='ltr' id='par_1_76' title="bbox 273 4231 1849 4310">
     <span class='ocr_line' id='line_1_76' title="bbox 273 4231 1849 4310; baseline 0.005 -24"><span class='ocrx_word' id='word_1_583' title='bbox 273 4231 339 4286; x_wconf 79' lang='grc' dir='ltr'><strong>εἷ·</strong></span> <span class='ocrx_word' id='word_1_584' title='bbox 360 4234 697 4306; x_wconf 78' lang='grc' dir='ltr'>ἐξελεξάμην</span> <span class='ocrx_word' id='word_1_585' title='bbox 724 4252 804 4298; x_wconf 92' lang='grc' dir='ltr'><strong>σε,</strong></span> <span class='ocrx_word' id='word_1_586' title='bbox 826 4236 916 4288; x_wconf 72' lang='grc' dir='ltr'><strong>καί</strong></span> <span class='ocrx_word' id='word_1_587' title='bbox 935 4236 1035 4290; x_wconf 78' lang='grc' dir='ltr'>οὐκ</span> <span class='ocrx_word' id='word_1_588' title='bbox 1054 4236 1410 4306; x_wconf 82' lang='grc' dir='ltr'>ἐγκατέλιπόν</span> <span class='ocrx_word' id='word_1_589' title='bbox 1435 4255 1513 4290; x_wconf 92' lang='grc' dir='ltr'>σε.</span> <span class='ocrx_word' id='word_1_590' title='bbox 1547 4257 1564 4290; x_wconf 75' lang='grc' dir='ltr'><strong>ι</strong></span> <span class='ocrx_word' id='word_1_591' title='bbox 1587 4240 1849 4310; x_wconf 76' lang='grc' dir='ltr'>Σημαίνει</span> 
     </span>
    </p>
   </div>
   <div class='ocr_carea' id='block_1_77' title="bbox 269 4327 1848 4401">
    <p class='ocr_par' dir='ltr' id='par_1_77' title="bbox 269 4327 1848 4401">
     <span class='ocr_line' id='line_1_77' title="bbox 269 4327 1848 4401; baseline 0.003 -21"><span class='ocrx_word' id='word_1_592' title='bbox 269 4327 325 4380; x_wconf 73' lang='grc' dir='ltr'>δὲ</span> <span class='ocrx_word' id='word_1_593' title='bbox 356 4327 446 4380; x_wconf 80' lang='grc' dir='ltr'>διὰ</span> <span class='ocrx_word' id='word_1_594' title='bbox 467 4327 670 4380; x_wconf 71' lang='grc' dir='ltr'>τούτων</span> <span class='ocrx_word' id='word_1_595' title='bbox 687 4328 812 4391; x_wconf 78' lang='grc' dir='ltr'>τοὺς</span> <span class='ocrx_word' id='word_1_596' title='bbox 839 4329 896 4380; x_wconf 84' lang='grc' dir='ltr'><strong>ἐν</strong></span> <span class='ocrx_word' id='word_1_597' title='bbox 918 4331 984 4398; x_wconf 84' lang='grc' dir='ltr'>τῇ</span> <span class='ocrx_word' id='word_1_598' title='bbox 1003 4328 1270 4401; x_wconf 81' lang='grc' dir='ltr'><strong>διασπορᾷ</strong></span> <span class='ocrx_word' id='word_1_599' title='bbox 1288 4327 1380 4382; x_wconf 81' lang='grc' dir='ltr'><strong>τοῦ</strong></span> <span class='ocrx_word' id='word_1_600' title='bbox 1414 4329 1676 4384; x_wconf 87' lang='grc' dir='ltr'>Ἰουδαίων</span> <span class='ocrx_word' id='word_1_601' title='bbox 1697 4331 1848 4398; x_wconf 81' lang='grc' dir='ltr'>λαοῦ,</span> 
     </span>
    </p>
   </div>
   <div class='ocr_carea' id='block_1_78' title="bbox 1963 3129 3534 3202">
    <p class='ocr_par' dir='ltr' id='par_1_78' title="bbox 1963 3129 3534 3202">
     <span class='ocr_line' id='line_1_78' title="bbox 1963 3129 3534 3202; baseline -0.003 -15"><span class='ocrx_word' id='word_1_602' title='bbox 1963 3133 2161 3202; x_wconf 85' lang='lat' dir='ltr'><strong>quibus</strong></span> <span class='ocrx_word' id='word_1_603' title='bbox 2211 3133 2325 3188; x_wconf 66' lang='lat' dir='ltr'><strong>haec</strong></span> <span class='ocrx_word' id='word_1_604' title='bbox 2374 3133 2659 3195; x_wconf 88' lang='lat' dir='ltr'><strong>edocebat,</strong></span> <span class='ocrx_word' id='word_1_605' title='bbox 2720 3150 2740 3184; x_wconf 75' lang='grc' dir='ltr'><strong>ι</strong></span> <span class='ocrx_word' id='word_1_606' title='bbox 2795 3131 2852 3188; x_wconf 83' lang='lat' dir='ltr'><strong>Si</strong></span> <span class='ocrx_word' id='word_1_607' title='bbox 2892 3131 3124 3188; x_wconf 62' lang='lat' dir='ltr'><strong>Abrahae</strong></span> <span class='ocrx_word' id='word_1_608' title='bbox 3173 3129 3267 3185; x_wconf 86' lang='lat' dir='ltr'><strong>lilii</strong></span> <span class='ocrx_word' id='word_1_609' title='bbox 3320 3129 3534 3193; x_wconf 77' lang='lat' dir='ltr'><strong>essetis,</strong></span> 
     </span>
    </p>
   </div>
   <div class='ocr_carea' id='block_1_79' title="bbox 1962 3222 3534 3293">
    <p class='ocr_par' dir='ltr' id='par_1_79' title="bbox 1962 3222 3534 3293">
     <span class='ocr_line' id='line_1_79' title="bbox 1962 3222 3534 3293; baseline -0.001 -16"><span class='ocrx_word' id='word_1_610' title='bbox 1962 3239 2127 3293; x_wconf 86' lang='lat' dir='ltr'><strong>opera</strong></span> <span class='ocrx_word' id='word_1_611' title='bbox 2158 3224 2392 3280; x_wconf 73' lang='lat' dir='ltr'><strong>Abt-aha:</strong></span> <span class='ocrx_word' id='word_1_612' title='bbox 2419 3224 2673 3280; x_wconf 77' lang='lat' dir='ltr'><strong>faceretis</strong></span> <span class='ocrx_word' id='word_1_613' title='bbox 2701 3224 2766 3280; x_wconf 82' lang='grc'><strong>⁸⁸.</strong></span> <span class='ocrx_word' id='word_1_614' title='bbox 2797 3242 2816 3276; x_wconf 78' lang='grc' dir='ltr'><strong>ι</strong></span> <span class='ocrx_word' id='word_1_615' title='bbox 2843 3223 3117 3278; x_wconf 83' lang='lat' dir='ltr'><strong>Abraham</strong></span> <span class='ocrx_word' id='word_1_616' title='bbox 3142 3238 3272 3293; x_wconf 77' lang='lat' dir='ltr'><strong>ergo</strong></span> <span class='ocrx_word' id='word_1_617' title='bbox 3300 3222 3534 3278; x_wconf 75' lang='lat' dir='ltr'><strong>dilectus</strong></span> 
     </span>
    </p>
   </div>
   <div class='ocr_carea' id='block_1_80' title="bbox 1962 3316 3531 3385">
    <p class='ocr_par' dir='ltr' id='par_1_80' title="bbox 1962 3316 3531 3385">
     <span class='ocr_line' id='line_1_80' title="bbox 1962 3316 3531 3385; baseline -0.003 -13"><span class='ocrx_word' id='word_1_618' title='bbox 1962 3325 2018 3372; x_wconf 83' lang='lat' dir='ltr'><strong>et</strong></span> <span class='ocrx_word' id='word_1_619' title='bbox 2056 3317 2263 3371; x_wconf 86' lang='lat' dir='ltr'><strong>amicus</strong></span> <span class='ocrx_word' id='word_1_620' title='bbox 2318 3317 2408 3372; x_wconf 89' lang='lat' dir='ltr'><strong>Dei</strong></span> <span class='ocrx_word' id='word_1_621' title='bbox 2455 3326 2615 3372; x_wconf 89' lang='lat' dir='ltr'><strong>erat:</strong></span> <span class='ocrx_word' id='word_1_622' title='bbox 2663 3330 2832 3385; x_wconf 87' lang='lat' dir='ltr'><strong>quare</strong></span> <span class='ocrx_word' id='word_1_623' title='bbox 2889 3316 3093 3369; x_wconf 89' lang='lat' dir='ltr'><strong>dictum</strong></span> <span class='ocrx_word' id='word_1_624' title='bbox 3131 3323 3236 3378; x_wconf 87' lang='lat' dir='ltr'><strong>est,</strong></span> <span class='ocrx_word' id='word_1_625' title='bbox 3293 3333 3312 3366; x_wconf 79' lang='grc' dir='ltr'><strong>ι</strong></span> <span class='ocrx_word' id='word_1_626' title='bbox 3349 3329 3531 3370; x_wconf 85' lang='lat' dir='ltr'><strong>semen</strong></span> 
     </span>
    </p>
   </div>
   <div class='ocr_carea' id='block_1_81' title="bbox 1960 3406 3530 3475">
    <p class='ocr_par' dir='ltr' id='par_1_81' title="bbox 1960 3406 3530 3475">
     <span class='ocr_line' id='line_1_81' title="bbox 1960 3406 3530 3475; baseline -0.004 -11"><span class='ocrx_word' id='word_1_627' title='bbox 1960 3406 2262 3470; x_wconf 77' lang='lat' dir='ltr'><strong>Abraham,</strong></span> <span class='ocrx_word' id='word_1_628' title='bbox 2294 3422 2453 3474; x_wconf 89' lang='lat' dir='ltr'><strong>quetn</strong></span> <span class='ocrx_word' id='word_1_629' title='bbox 2479 3407 2682 3473; x_wconf 78' lang='lat' dir='ltr'><strong>dilexi;</strong></span> <span class='ocrx_word' id='word_1_630' title='bbox 2726 3427 2742 3459; x_wconf 89' lang='lat' dir='ltr'><strong>t</strong></span> <span class='ocrx_word' id='word_1_631' title='bbox 2777 3407 2915 3470; x_wconf 88' lang='lat' dir='ltr'><strong>sive,</strong></span> <span class='ocrx_word' id='word_1_632' title='bbox 2949 3406 3246 3462; x_wconf 80' lang='lat' dir='ltr'><strong>secundum</strong></span> <span class='ocrx_word' id='word_1_633' title='bbox 3285 3407 3530 3475; x_wconf 74' lang='lat' dir='ltr'><strong>Symma-</strong></span> 
     </span>
    </p>
   </div>
   <div class='ocr_carea' id='block_1_82' title="bbox 1958 3498 3529 3562">
    <p class='ocr_par' dir='ltr' id='par_1_82' title="bbox 1958 3498 3529 3562">
     <span class='ocr_line' id='line_1_82' title="bbox 1958 3498 3529 3562; baseline 0.001 -10"><span class='ocrx_word' id='word_1_634' title='bbox 1958 3499 2144 3559; x_wconf 89' lang='lat' dir='ltr'><strong>chum,</strong></span> <span class='ocrx_word' id='word_1_635' title='bbox 2176 3516 2198 3550; x_wconf 79' lang='grc' dir='ltr'><strong>ι</strong></span> <span class='ocrx_word' id='word_1_636' title='bbox 2227 3513 2410 3556; x_wconf 87' lang='lat' dir='ltr'><strong>semen</strong></span> <span class='ocrx_word' id='word_1_637' title='bbox 2460 3499 2734 3552; x_wconf 81' lang='lat' dir='ltr'><strong>Abraham</strong></span> <span class='ocrx_word' id='word_1_638' title='bbox 2791 3498 2948 3552; x_wconf 88' lang='lat' dir='ltr'><strong>amici</strong></span> <span class='ocrx_word' id='word_1_639' title='bbox 2987 3499 3126 3562; x_wconf 86' lang='lat' dir='ltr'><strong>mei;</strong></span> <span class='ocrx_word' id='word_1_640' title='bbox 3163 3518 3181 3551; x_wconf 73' lang='grc' dir='ltr'><strong>ι</strong></span> <span class='ocrx_word' id='word_1_641' title='bbox 3228 3501 3529 3554; x_wconf 85' lang='lat' dir='ltr'><strong>secundum</strong></span> 
     </span>
    </p>
   </div>
   <div class='ocr_carea' id='block_1_83' title="bbox 1959 3588 3532 3659">
    <p class='ocr_par' dir='ltr' id='par_1_83' title="bbox 1959 3588 3532 3659">
     <span class='ocr_line' id='line_1_83' title="bbox 1959 3588 3532 3659; baseline 0.001 -15"><span class='ocrx_word' id='word_1_642' title='bbox 1959 3588 2212 3659; x_wconf 76' lang='lat' dir='ltr'><strong>Aquilam</strong></span> <span class='ocrx_word' id='word_1_643' title='bbox 2246 3604 2396 3656; x_wconf 79' lang='lat' dir='ltr'><strong>vero,</strong></span> <span class='ocrx_word' id='word_1_644' title='bbox 2432 3609 2452 3641; x_wconf 79' lang='grc' dir='ltr'><strong>ι</strong></span> <span class='ocrx_word' id='word_1_645' title='bbox 2484 3605 2669 3646; x_wconf 86' lang='lat' dir='ltr'><strong>semen</strong></span> <span class='ocrx_word' id='word_1_646' title='bbox 2707 3589 2968 3644; x_wconf 86' lang='lat' dir='ltr'><strong>dilectum</strong></span> <span class='ocrx_word' id='word_1_647' title='bbox 3017 3604 3217 3645; x_wconf 88' lang='lat' dir='ltr'><strong>meum.</strong></span> <span class='ocrx_word' id='word_1_648' title='bbox 3244 3609 3264 3643; x_wconf 74' lang='grc' dir='ltr'><strong>ι</strong></span> <span class='ocrx_word' id='word_1_649' title='bbox 3308 3591 3374 3643; x_wconf 81' lang='lat' dir='ltr'><strong>Et</strong></span> <span class='ocrx_word' id='word_1_650' title='bbox 3402 3607 3532 3646; x_wconf 90' lang='lat' dir='ltr'><strong>vero</strong></span> 
     </span>
    </p>
   </div>
   <div class='ocr_carea' id='block_1_84' title="bbox 1958 3680 3530 3751">
    <p class='ocr_par' dir='ltr' id='par_1_84' title="bbox 1958 3680 3530 3751">
     <span class='ocr_line' id='line_1_84' title="bbox 1958 3680 3530 3751; baseline -0.001 -13"><span class='ocrx_word' id='word_1_651' title='bbox 1958 3698 2142 3738; x_wconf 81' lang='lat' dir='ltr'><strong>semen</strong></span> <span class='ocrx_word' id='word_1_652' title='bbox 2197 3682 2313 3750; x_wconf 83' lang='lat' dir='ltr'><strong>eius</strong></span> <span class='ocrx_word' id='word_1_653' title='bbox 2343 3699 2445 3738; x_wconf 88' lang='lat' dir='ltr'><strong>non</strong></span> <span class='ocrx_word' id='word_1_654' title='bbox 2476 3680 2696 3751; x_wconf 82' lang='lat' dir='ltr'><strong>perinde</strong></span> <span class='ocrx_word' id='word_1_655' title='bbox 2729 3694 2890 3750; x_wconf 91' lang='lat' dir='ltr'><strong>atque</strong></span> <span class='ocrx_word' id='word_1_656' title='bbox 2922 3681 3196 3737; x_wconf 83' lang='lat' dir='ltr'><strong>Abraham</strong></span> <span class='ocrx_word' id='word_1_657' title='bbox 3241 3682 3412 3737; x_wconf 86' lang='lat' dir='ltr'><strong>amari</strong></span> <span class='ocrx_word' id='word_1_658' title='bbox 3446 3683 3530 3736; x_wconf 76' lang='lat' dir='ltr'><strong>di-</strong></span> 
     </span>
    </p>
   </div>
   <div class='ocr_carea' id='block_1_85' title="bbox 1958 3773 3522 3842">
    <p class='ocr_par' dir='ltr' id='par_1_85' title="bbox 1958 3773 3522 3842">
     <span class='ocr_line' id='line_1_85' title="bbox 1958 3773 3522 3842; baseline -0.001 -13"><span class='ocrx_word' id='word_1_659' title='bbox 1958 3777 2122 3829; x_wconf 91' lang='lat' dir='ltr'><strong>citur.</strong></span> <span class='ocrx_word' id='word_1_660' title='bbox 2144 3774 2396 3830; x_wconf 82' lang='lat' dir='ltr'><strong>Attamen</strong></span> <span class='ocrx_word' id='word_1_661' title='bbox 2429 3789 2526 3829; x_wconf 87' lang='lat' dir='ltr'><strong>oer</strong></span> <span class='ocrx_word' id='word_1_662' title='bbox 2563 3773 2770 3828; x_wconf 87' lang='lat' dir='ltr'><strong>electos</strong></span> <span class='ocrx_word' id='word_1_663' title='bbox 2795 3788 2924 3830; x_wconf 71' lang='lat' dir='ltr'><strong>suos</strong></span> <span class='ocrx_word' id='word_1_664' title='bbox 2961 3787 3143 3830; x_wconf 81' lang='lat' dir='ltr'><strong>semen</strong></span> <span class='ocrx_word' id='word_1_665' title='bbox 3179 3774 3297 3842; x_wconf 82' lang='lat' dir='ltr'><strong>ejus</strong></span> <span class='ocrx_word' id='word_1_666' title='bbox 3324 3788 3522 3839; x_wconf 88' lang='lat' dir='ltr'><strong>vocat;</strong></span> 
     </span>
    </p>
   </div>
   <div class='ocr_carea' id='block_1_86' title="bbox 1960 3867 3528 3939">
    <p class='ocr_par' dir='ltr' id='par_1_86' title="bbox 1960 3867 3528 3939">
     <span class='ocr_line' id='line_1_86' title="bbox 1960 3867 3528 3939; baseline 0.002 -19"><span class='ocrx_word' id='word_1_667' title='bbox 1960 3884 2083 3921; x_wconf 91' lang='lat' dir='ltr'><strong>nam</strong></span> <span class='ocrx_word' id='word_1_668' title='bbox 2117 3869 2192 3922; x_wconf 89' lang='lat' dir='ltr'><strong>ait</strong></span> <span class='ocrx_word' id='word_1_669' title='bbox 2225 3868 2354 3933; x_wconf 84' lang='lat' dir='ltr'><strong>illis,</strong></span> <span class='ocrx_word' id='word_1_670' title='bbox 2392 3885 2412 3922; x_wconf 77' lang='grc' dir='ltr'><strong>ι</strong></span> <span class='ocrx_word' id='word_1_671' title='bbox 2445 3869 2521 3924; x_wconf 92' lang='lat' dir='ltr'><strong>lte</strong></span> <span class='ocrx_word' id='word_1_672' title='bbox 2563 3871 2630 3924; x_wconf 76' lang='lat' dir='ltr'><strong>ad</strong></span> <span class='ocrx_word' id='word_1_673' title='bbox 2666 3884 2797 3924; x_wconf 87' lang='lat' dir='ltr'><strong>oves</strong></span> <span class='ocrx_word' id='word_1_674' title='bbox 2832 3883 2953 3939; x_wconf 72' lang='lat' dir='ltr'><strong>quae</strong></span> <span class='ocrx_word' id='word_1_675' title='bbox 2987 3867 3289 3938; x_wconf 82' lang='lat' dir='ltr'><strong>perierunt,</strong></span> <span class='ocrx_word' id='word_1_676' title='bbox 3335 3868 3528 3924; x_wconf 84' lang='lat' dir='ltr'><strong>domus</strong></span> 
     </span>
    </p>
   </div>
   <div class='ocr_carea' id='block_1_87' title="bbox 1959 3961 2261 4037">
    <p class='ocr_par' dir='ltr' id='par_1_87' title="bbox 1959 3961 2261 4037">
     <span class='ocr_line' id='line_1_87' title="bbox 1959 3961 2261 4037; baseline -0.003 -22"><span class='ocrx_word' id='word_1_677' title='bbox 1959 3961 2124 4037; x_wconf 74' lang='lat' dir='ltr'><strong>Israel</strong></span> <span class='ocrx_word' id='word_1_678' title='bbox 2151 3962 2218 4018; x_wconf 80' lang='lat'><strong>&quot;.</strong></span> <span class='ocrx_word' id='word_1_679' title='bbox 2243 3980 2261 4014; x_wconf 73' lang='grc' dir='ltr'><strong>ι</strong></span> 
     </span>
    </p>
   </div>
   <div class='ocr_carea' id='block_1_88' title="bbox 2031 4050 3528 4122">
    <p class='ocr_par' dir='ltr' id='par_1_88' title="bbox 2031 4050 3528 4122">
     <span class='ocr_line' id='line_1_88' title="bbox 2031 4050 3528 4122; baseline 0.001 -16"><span class='ocrx_word' id='word_1_680' title='bbox 2031 4052 2196 4106; x_wconf 72' lang='lat' dir='ltr'><strong>Vens.</strong></span> <span class='ocrx_word' id='word_1_681' title='bbox 2227 4050 2280 4106; x_wconf 85' lang='lat'><strong>9.</strong></span> <span class='ocrx_word' id='word_1_682' title='bbox 2309 4069 2328 4102; x_wconf 79' lang='grc' dir='ltr'><strong>ι</strong></span> <span class='ocrx_word' id='word_1_683' title='bbox 2363 4051 2532 4118; x_wconf 85' lang='lat' dir='ltr'><strong>Quem</strong></span> <span class='ocrx_word' id='word_1_684' title='bbox 2564 4051 2830 4122; x_wconf 87' lang='lat' dir='ltr'><strong>assumpsi</strong></span> <span class='ocrx_word' id='word_1_685' title='bbox 2865 4053 2932 4107; x_wconf 89' lang='lat' dir='ltr'><strong>ab</strong></span> <span class='ocrx_word' id='word_1_686' title='bbox 2959 4054 3215 4108; x_wconf 80' lang='lat' dir='ltr'><strong>extremis</strong></span> <span class='ocrx_word' id='word_1_687' title='bbox 3260 4064 3438 4120; x_wconf 71' lang='lat' dir='ltr'><strong>terrae,</strong></span> <span class='ocrx_word' id='word_1_688' title='bbox 3475 4063 3528 4108; x_wconf 90' lang='lat' dir='ltr'><strong>et</strong></span> 
     </span>
    </p>
   </div>
   <div class='ocr_carea' id='block_1_89' title="bbox 1959 4144 3527 4214">
    <p class='ocr_par' dir='ltr' id='par_1_89' title="bbox 1959 4144 3527 4214">
     <span class='ocr_line' id='line_1_89' title="bbox 1959 4144 3527 4214; baseline 0.002 -17"><span class='ocrx_word' id='word_1_689' title='bbox 1959 4165 1987 4197; x_wconf 65' lang='grc' dir='ltr'><strong>α</strong></span> <span class='ocrx_word' id='word_1_690' title='bbox 2025 4144 2260 4214; x_wconf 80' lang='lat' dir='ltr'><strong>speculis</strong></span> <span class='ocrx_word' id='word_1_691' title='bbox 2289 4145 2404 4213; x_wconf 80' lang='lat' dir='ltr'><strong>ejus</strong></span> <span class='ocrx_word' id='word_1_692' title='bbox 2442 4145 2631 4200; x_wconf 83' lang='lat' dir='ltr'><strong>vocavi</strong></span> <span class='ocrx_word' id='word_1_693' title='bbox 2674 4154 2746 4205; x_wconf 86' lang='lat' dir='ltr'><strong>te.</strong></span> <span class='ocrx_word' id='word_1_694' title='bbox 2793 4155 2846 4199; x_wconf 87' lang='lat' dir='ltr'><strong>et</strong></span> <span class='ocrx_word' id='word_1_695' title='bbox 2883 4147 2990 4201; x_wconf 76' lang='lat' dir='ltr'><strong>dixi</strong></span> <span class='ocrx_word' id='word_1_696' title='bbox 3035 4147 3154 4213; x_wconf 91' lang='lat' dir='ltr'><strong>tibi,</strong></span> <span class='ocrx_word' id='word_1_697' title='bbox 3195 4145 3338 4201; x_wconf 91' lang='lat' dir='ltr'><strong>Puer</strong></span> <span class='ocrx_word' id='word_1_698' title='bbox 3380 4163 3527 4202; x_wconf 82' lang='lat' dir='ltr'><strong>mens</strong></span> 
     </span>
    </p>
   </div>
   <div class='ocr_carea' id='block_1_90' title="bbox 1959 4235 3524 4307">
    <p class='ocr_par' dir='ltr' id='par_1_90' title="bbox 1959 4235 3524 4307">
     <span class='ocr_line' id='line_1_90' title="bbox 1959 4235 3524 4307; baseline 0.001 -18"><span class='ocrx_word' id='word_1_699' title='bbox 1959 4252 2056 4291; x_wconf 92' lang='lat' dir='ltr'><strong>cs:</strong></span> <span class='ocrx_word' id='word_1_700' title='bbox 2089 4237 2225 4305; x_wconf 77' lang='lat' dir='ltr'><strong>elegi</strong></span> <span class='ocrx_word' id='word_1_701' title='bbox 2288 4249 2359 4300; x_wconf 92' lang='lat' dir='ltr'><strong>te,</strong></span> <span class='ocrx_word' id='word_1_702' title='bbox 2408 4246 2466 4290; x_wconf 80' lang='lat' dir='ltr'><strong>et</strong></span> <span class='ocrx_word' id='word_1_703' title='bbox 2520 4251 2623 4288; x_wconf 89' lang='lat' dir='ltr'><strong>non</strong></span> <span class='ocrx_word' id='word_1_704' title='bbox 2657 4235 2921 4305; x_wconf 87' lang='lat' dir='ltr'><strong>dereliqui</strong></span> <span class='ocrx_word' id='word_1_705' title='bbox 2952 4248 3026 4294; x_wconf 84' lang='lat' dir='ltr'><strong>te.</strong></span> <span class='ocrx_word' id='word_1_706' title='bbox 3058 4257 3076 4292; x_wconf 71' lang='grc' dir='ltr'><strong>ο</strong></span> <span class='ocrx_word' id='word_1_707' title='bbox 3130 4237 3224 4292; x_wconf 90' lang='lat' dir='ltr'><strong>His</strong></span> <span class='ocrx_word' id='word_1_708' title='bbox 3256 4254 3416 4307; x_wconf 85' lang='lat' dir='ltr'><strong>porro</strong></span> <span class='ocrx_word' id='word_1_709' title='bbox 3453 4241 3524 4292; x_wconf 87' lang='lat' dir='ltr'><strong>si-</strong></span> 
     </span>
    </p>
   </div>
   <div class='ocr_carea' id='block_1_91' title="bbox 1961 4327 3526 4399">
    <p class='ocr_par' dir='ltr' id='par_1_91' title="bbox 1961 4327 3526 4399">
     <span class='ocr_line' id='line_1_91' title="bbox 1961 4327 3526 4399; baseline 0.001 -19"><span class='ocrx_word' id='word_1_710' title='bbox 1961 4329 2184 4398; x_wconf 82' lang='lat' dir='ltr'><strong>guilieat</strong></span> <span class='ocrx_word' id='word_1_711' title='bbox 2213 4344 2307 4384; x_wconf 90' lang='lat' dir='ltr'><strong>eos</strong></span> <span class='ocrx_word' id='word_1_712' title='bbox 2340 4331 2392 4384; x_wconf 87' lang='lat' dir='ltr'><strong>in</strong></span> <span class='ocrx_word' id='word_1_713' title='bbox 2425 4329 2763 4398; x_wconf 76' lang='lat' dir='ltr'><strong>dispersione</strong></span> <span class='ocrx_word' id='word_1_714' title='bbox 2800 4327 3006 4382; x_wconf 82' lang='lat' dir='ltr'><strong>.ludaici</strong></span> <span class='ocrx_word' id='word_1_715' title='bbox 3038 4330 3238 4399; x_wconf 89' lang='lat' dir='ltr'><strong>populi,</strong></span> <span class='ocrx_word' id='word_1_716' title='bbox 3261 4346 3394 4398; x_wconf 88' lang='lat' dir='ltr'><strong>quos</strong></span> <span class='ocrx_word' id='word_1_717' title='bbox 3417 4331 3526 4397; x_wconf 85' lang='lat' dir='ltr'><strong>pri-</strong></span> 
     </span>
    </p>
   </div>
   <div class='ocr_carea' id='block_1_92' title="bbox 268 4417 1861 4498">
    <p class='ocr_par' dir='ltr' id='par_1_92' title="bbox 268 4417 1850 4498">
     <span class='ocr_line' id='line_1_92' title="bbox 268 4417 1850 4498; baseline 0.004 -27"><span class='ocrx_word' id='word_1_718' title='bbox 268 4418 363 4482; x_wconf 76' lang='grc' dir='ltr'>οὖς</span> <span class='ocrx_word' id='word_1_719' title='bbox 384 4417 635 4490; x_wconf 82' lang='grc' dir='ltr'>πρώτους</span> <span class='ocrx_word' id='word_1_720' title='bbox 661 4419 918 4490; x_wconf 78' lang='grc' dir='ltr'>κατηξίου</span> <span class='ocrx_word' id='word_1_721' title='bbox 935 4420 1033 4490; x_wconf 78' lang='grc' dir='ltr'><strong>τῆς</strong></span> <span class='ocrx_word' id='word_1_722' title='bbox 1063 4419 1226 4474; x_wconf 77' lang='grc' dir='ltr'>αὑτοῦ</span> <span class='ocrx_word' id='word_1_723' title='bbox 1249 4421 1512 4493; x_wconf 82' lang='grc' dir='ltr'>κλήσεως.</span> <span class='ocrx_word' id='word_1_724' title='bbox 1537 4422 1728 4476; x_wconf 80' lang='grc' dir='ltr'>Πολλοὶ</span> <span class='ocrx_word' id='word_1_725' title='bbox 1743 4425 1850 4498; x_wconf 89' lang='grc' dir='ltr'><strong>γὰρ</strong></span> 
     </span>
    </p>
   </div>
   <div class='ocr_carea' id='block_1_93' title="bbox 1965 4417 3524 4498">
    <p class='ocr_par' dir='ltr' id='par_1_93' title="bbox 1965 4419 3524 4489">
     <span class='ocr_line' id='line_1_93' title="bbox 1965 4419 3524 4489; baseline 0 -17"><span class='ocrx_word' id='word_1_726' title='bbox 1965 4434 2076 4473; x_wconf 88' lang='lat' dir='ltr'><strong>mos</strong></span> <span class='ocrx_word' id='word_1_727' title='bbox 2118 4420 2399 4476; x_wconf 82' lang='lat' dir='ltr'><strong>vocatione</strong></span> <span class='ocrx_word' id='word_1_728' title='bbox 2423 4435 2516 4472; x_wconf 85' lang='lat' dir='ltr'><strong>sua</strong></span> <span class='ocrx_word' id='word_1_729' title='bbox 2553 4419 2802 4489; x_wconf 77' lang='lat' dir='ltr'><strong>dignatus</strong></span> <span class='ocrx_word' id='word_1_730' title='bbox 2828 4429 2931 4472; x_wconf 88' lang='lat' dir='ltr'><strong>est.</strong></span> <span class='ocrx_word' id='word_1_731' title='bbox 2962 4420 3286 4486; x_wconf 78' lang='lat' dir='ltr'><strong>Apostolicis</strong></span> <span class='ocrx_word' id='word_1_732' title='bbox 3326 4423 3524 4487; x_wconf 85' lang='lat' dir='ltr'><strong>quippe</strong></span> 
     </span>
    </p>
   </div>
   <div class='ocr_carea' id='block_1_94' title="bbox 268 4512 1851 4584">
    <p class='ocr_par' dir='ltr' id='par_1_94' title="bbox 268 4512 1851 4584">
     <span class='ocr_line' id='line_1_94' title="bbox 268 4512 1851 4584; baseline 0.004 -19"><span class='ocrx_word' id='word_1_733' title='bbox 268 4513 416 4566; x_wconf 76' lang='grc' dir='ltr'>κατὰ</span> <span class='ocrx_word' id='word_1_734' title='bbox 437 4513 566 4576; x_wconf 79' lang='grc' dir='ltr'>τους</span> <span class='ocrx_word' id='word_1_735' title='bbox 591 4512 980 4578; x_wconf 71' lang='grc' dir='ltr'>ἀποστολικους</span> <span class='ocrx_word' id='word_1_736' title='bbox 997 4513 1222 4584; x_wconf 84' lang='grc' dir='ltr'>χρόνους</span> <span class='ocrx_word' id='word_1_737' title='bbox 1252 4515 1302 4567; x_wconf 86' lang='grc' dir='ltr'><strong>οί</strong></span> <span class='ocrx_word' id='word_1_738' title='bbox 1331 4515 1439 4568; x_wconf 84' lang='grc' dir='ltr'>ἀπὸ</span> <span class='ocrx_word' id='word_1_739' title='bbox 1471 4515 1735 4572; x_wconf 86' lang='grc' dir='ltr'>Ἰουδαίων</span> <span class='ocrx_word' id='word_1_740' title='bbox 1761 4519 1851 4572; x_wconf 76' lang='grc' dir='ltr'>τὸν</span> 
     </span>
    </p>
   </div>
   <div class='ocr_carea' id='block_1_95' title="bbox 1955 4511 3524 4582">
    <p class='ocr_par' dir='ltr' id='par_1_95' title="bbox 1955 4511 3524 4582">
     <span class='ocr_line' id='line_1_95' title="bbox 1955 4511 3524 4582; baseline -0.001 -16"><span class='ocrx_word' id='word_1_741' title='bbox 1955 4513 2290 4582; x_wconf 85' lang='lat' dir='ltr'><strong>temporibus</strong></span> <span class='ocrx_word' id='word_1_742' title='bbox 2321 4529 2386 4568; x_wconf 78' lang='lat' dir='ltr'><strong>ex</strong></span> <span class='ocrx_word' id='word_1_743' title='bbox 2415 4511 2621 4572; x_wconf 66' lang='lat' dir='ltr'><strong>Judacis</strong></span> <span class='ocrx_word' id='word_1_744' title='bbox 2651 4516 2800 4568; x_wconf 84' lang='lat' dir='ltr'><strong>multi</strong></span> <span class='ocrx_word' id='word_1_745' title='bbox 2851 4516 3072 4570; x_wconf 86' lang='lat' dir='ltr'><strong>verbum</strong></span> <span class='ocrx_word' id='word_1_746' title='bbox 3116 4513 3317 4568; x_wconf 76' lang='lat' dir='ltr'><strong>Christi</strong></span> <span class='ocrx_word' id='word_1_747' title='bbox 3347 4528 3524 4565; x_wconf 60' lang='grc' dir='ltr'><strong>δυσί-ες</strong></span> 
     </span>
    </p>
   </div>
   <div class='ocr_carea' id='block_1_96' title="bbox 266 4603 1861 4682">
    <p class='ocr_par' dir='ltr' id='par_1_96' title="bbox 266 4603 1851 4682">
     <span class='ocr_line' id='line_1_96' title="bbox 266 4603 1851 4682; baseline 0.005 -26"><span class='ocrx_word' id='word_1_748' title='bbox 266 4603 511 4676; x_wconf 75' lang='grc' dir='ltr'><strong>Χριστοῦ</strong></span> <span class='ocrx_word' id='word_1_749' title='bbox 563 4605 719 4672; x_wconf 80' lang='grc' dir='ltr'>λόγον</span> <span class='ocrx_word' id='word_1_750' title='bbox 764 4605 1260 4677; x_wconf 81' lang='grc' dir='ltr'>παραδεδεγμένοι,</span> <span class='ocrx_word' id='word_1_751' title='bbox 1311 4607 1372 4660; x_wconf 80' lang='grc' dir='ltr'>οὑ</span> <span class='ocrx_word' id='word_1_752' title='bbox 1409 4609 1566 4678; x_wconf 88' lang='grc' dir='ltr'>μόνον</span> <span class='ocrx_word' id='word_1_753' title='bbox 1609 4610 1718 4663; x_wconf 79' lang='grc' dir='ltr'><strong>ἀπὸ</strong></span> <span class='ocrx_word' id='word_1_754' title='bbox 1753 4612 1851 4682; x_wconf 80' lang='grc' dir='ltr'>τῆς</span> 
     </span>
    </p>
   </div>
   <div class='ocr_carea' id='block_1_97' title="bbox 1965 4603 3523 4682">
    <p class='ocr_par' dir='ltr' id='par_1_97' title="bbox 1965 4605 3523 4676">
     <span class='ocr_line' id='line_1_97' title="bbox 1965 4605 3523 4676; baseline -0.003 -16"><span class='ocrx_word' id='word_1_755' title='bbox 1965 4615 2170 4668; x_wconf 67' lang='lat' dir='ltr'><strong>terunt,</strong></span> <span class='ocrx_word' id='word_1_756' title='bbox 2215 4621 2321 4659; x_wconf 85' lang='lat' dir='ltr'><strong>nott</strong></span> <span class='ocrx_word' id='word_1_757' title='bbox 2374 4607 2535 4660; x_wconf 82' lang='lat' dir='ltr'><strong>modo</strong></span> <span class='ocrx_word' id='word_1_758' title='bbox 2583 4622 2649 4661; x_wconf 75' lang='lat' dir='ltr'><strong>ex</strong></span> <span class='ocrx_word' id='word_1_759' title='bbox 2699 4608 2764 4661; x_wconf 91' lang='lat' dir='ltr'><strong>iis</strong></span> <span class='ocrx_word' id='word_1_760' title='bbox 2795 4609 2886 4676; x_wconf 90' lang='lat' dir='ltr'><strong>qui</strong></span> <span class='ocrx_word' id='word_1_761' title='bbox 2925 4605 3163 4658; x_wconf 65' lang='lat' dir='ltr'><strong>Jlldmalll</strong></span> <span class='ocrx_word' id='word_1_762' title='bbox 3193 4606 3523 4666; x_wconf 86' lang='lat' dir='ltr'><strong>incolebant,</strong></span> 
     </span>
    </p>
   </div>
   <div class='ocr_carea' id='block_1_98' title="bbox 278 4692 1741 4763">
    <p class='ocr_par' dir='ltr' id='par_1_98' title="bbox 278 4692 1741 4763">
     <span class='ocr_line' id='line_1_98' title="bbox 278 4692 1741 4763; baseline 0.005 -18"><span class='ocrx_word' id='word_1_763' title='bbox 278 4692 543 4754; x_wconf 83' lang='grc' dir='ltr'>ἰουδαίας</span> <span class='ocrx_word' id='word_1_764' title='bbox 575 4694 677 4763; x_wconf 81' lang='grc' dir='ltr'><strong>γῆς</strong></span> <span class='ocrx_word' id='word_1_765' title='bbox 697 4737 710 4760; x_wconf 82' lang='grc'><strong>,</strong></span> <span class='ocrx_word' id='word_1_766' title='bbox 737 4693 871 4747; x_wconf 80' lang='grc' dir='ltr'>ἀλλὰ</span> <span class='ocrx_word' id='word_1_767' title='bbox 901 4693 996 4748; x_wconf 71' lang='grc' dir='ltr'><strong>καὶ</strong></span> <span class='ocrx_word' id='word_1_768' title='bbox 1041 4696 1098 4747; x_wconf 87' lang='grc' dir='ltr'><strong>ἐν</strong></span> <span class='ocrx_word' id='word_1_769' title='bbox 1132 4697 1246 4758; x_wconf 86' lang='grc' dir='ltr'>τοῖς</span> <span class='ocrx_word' id='word_1_770' title='bbox 1278 4695 1484 4761; x_wconf 84' lang='grc' dir='ltr'>λοιποῖς</span> <span class='ocrx_word' id='word_1_771' title='bbox 1517 4697 1741 4754; x_wconf 84' lang='grc' dir='ltr'><strong>ἔθνεσιν.</strong></span> 
     </span>
    </p>
   </div>
   <div class='ocr_carea' id='block_1_99' title="bbox 341 4875 1842 4955">
    <p class='ocr_par' dir='ltr' id='par_1_99' title="bbox 341 4875 1842 4955">
     <span class='ocr_line' id='line_1_99' title="bbox 341 4875 1842 4955; baseline 0.009 -31"><span class='ocrx_word' id='word_1_772' title='bbox 341 4894 363 4924; x_wconf 77' lang='grc' dir='ltr'><strong><em>ο</em></strong></span> <span class='ocrx_word' id='word_1_773' title='bbox 411 4875 506 4946; x_wconf 74' lang='grc' dir='ltr'><strong>Μὴ</strong></span> <span class='ocrx_word' id='word_1_774' title='bbox 540 4875 741 4946; x_wconf 76' lang='grc' dir='ltr'>φοϐοὖο</span> <span class='ocrx_word' id='word_1_775' title='bbox 793 4877 932 4948; x_wconf 83' lang='grc' dir='ltr'>μετὰ</span> <span class='ocrx_word' id='word_1_776' title='bbox 967 4877 1061 4932; x_wconf 76' lang='grc' dir='ltr'><strong>σοῦ</strong></span> <span class='ocrx_word' id='word_1_777' title='bbox 1102 4879 1212 4952; x_wconf 84' lang='grc' dir='ltr'><strong>γάρ</strong></span> <span class='ocrx_word' id='word_1_778' title='bbox 1258 4881 1404 4952; x_wconf 74' lang='grc' dir='ltr'>εἰμι’</span> <span class='ocrx_word' id='word_1_779' title='bbox 1444 4882 1517 4955; x_wconf 82' lang='grc' dir='ltr'>μὴ</span> <span class='ocrx_word' id='word_1_780' title='bbox 1561 4883 1765 4940; x_wconf 77' lang='grc' dir='ltr'>πλανῶ.</span> <span class='ocrx_word' id='word_1_781' title='bbox 1823 4905 1842 4938; x_wconf 76' lang='lat' dir='ltr'><strong>t</strong></span> 
     </span>
    </p>
   </div>
   <div class='ocr_carea' id='block_1_100' title="bbox 271 4963 1847 5042">
    <p class='ocr_par' dir='ltr' id='par_1_100' title="bbox 271 4963 1847 5042">
     <span class='ocr_line' id='line_1_100' title="bbox 271 4963 1847 5042; baseline 0.008 -26"><span class='ocrx_word' id='word_1_782' title='bbox 271 4963 660 5035; x_wconf 73' lang='grc' dir='ltr'>Ἐπιθαρσύνει</span> <span class='ocrx_word' id='word_1_783' title='bbox 695 4968 792 5036; x_wconf 77' lang='grc' dir='ltr'>τὴν</span> <span class='ocrx_word' id='word_1_784' title='bbox 824 4967 1051 5040; x_wconf 80' lang='grc' dir='ltr'>ἐκλογὴν</span> <span class='ocrx_word' id='word_1_785' title='bbox 1090 4969 1314 5042; x_wconf 76' lang='grc' dir='ltr'>ταύτην,</span> <span class='ocrx_word' id='word_1_786' title='bbox 1353 4973 1434 5034; x_wconf 87' lang='grc' dir='ltr'><strong>είς</strong></span> <span class='ocrx_word' id='word_1_787' title='bbox 1464 4973 1525 5026; x_wconf 85' lang='grc' dir='ltr'><strong>τὸ</strong></span> <span class='ocrx_word' id='word_1_788' title='bbox 1550 4974 1723 5038; x_wconf 87' lang='grc' dir='ltr'>ἀδεῶς</span> <span class='ocrx_word' id='word_1_789' title='bbox 1765 4977 1847 5040; x_wconf 82' lang='grc' dir='ltr'><strong>είς</strong></span> 
     </span>
    </p>
   </div>
   <div class='ocr_carea' id='block_1_101' title="bbox 1956 4699 3521 4769">
    <p class='ocr_par' dir='ltr' id='par_1_101' title="bbox 1956 4699 3521 4769">
     <span class='ocr_line' id='line_1_101' title="bbox 1956 4699 3521 4769; baseline 0.002 -21"><span class='ocrx_word' id='word_1_790' title='bbox 1956 4715 2141 4752; x_wconf 76' lang='lat' dir='ltr'><strong>verum</strong></span> <span class='ocrx_word' id='word_1_791' title='bbox 2173 4699 2337 4751; x_wconf 82' lang='lat' dir='ltr'><strong>etiam</strong></span> <span class='ocrx_word' id='word_1_792' title='bbox 2369 4715 2437 4753; x_wconf 80' lang='lat' dir='ltr'><strong>ex</strong></span> <span class='ocrx_word' id='word_1_793' title='bbox 2468 4700 2559 4764; x_wconf 87' lang='lat' dir='ltr'><strong>iis,</strong></span> <span class='ocrx_word' id='word_1_794' title='bbox 2593 4700 2686 4769; x_wconf 91' lang='lat' dir='ltr'><strong>qui</strong></span> <span class='ocrx_word' id='word_1_795' title='bbox 2731 4715 2898 4769; x_wconf 87' lang='lat' dir='ltr'><strong>penes</strong></span> <span class='ocrx_word' id='word_1_796' title='bbox 2934 4700 3168 4767; x_wconf 82' lang='lat' dir='ltr'><strong>reliquas</strong></span> <span class='ocrx_word' id='word_1_797' title='bbox 3198 4709 3386 4766; x_wconf 74' lang='lat' dir='ltr'><strong>gentes</strong></span> <span class='ocrx_word' id='word_1_798' title='bbox 3423 4701 3521 4753; x_wconf 89' lang='lat' dir='ltr'><strong>ba-</strong></span> 
     </span>
    </p>
   </div>
   <div class='ocr_carea' id='block_1_102' title="bbox 1950 4793 2215 4848">
    <p class='ocr_par' dir='ltr' id='par_1_102' title="bbox 1950 4793 2215 4848">
     <span class='ocr_line' id='line_1_102' title="bbox 1950 4793 2215 4848; baseline -0.008 0"><span class='ocrx_word' id='word_1_799' title='bbox 1950 4793 2215 4848; x_wconf 75' lang='lat' dir='ltr'><strong>bitabattl.</strong></span> 
     </span>
    </p>
   </div>
   <div class='ocr_carea' id='block_1_103' title="bbox 2023 4882 3523 4947">
    <p class='ocr_par' dir='ltr' id='par_1_103' title="bbox 2023 4882 3523 4947">
     <span class='ocr_line' id='line_1_103' title="bbox 2023 4882 3523 4947; baseline -0.002 -11"><span class='ocrx_word' id='word_1_800' title='bbox 2023 4882 2186 4938; x_wconf 73' lang='lat' dir='ltr'><strong>Vsus.</strong></span> <span class='ocrx_word' id='word_1_801' title='bbox 2225 4885 2309 4940; x_wconf 77' lang='lat' dir='ltr'><strong>ll).</strong></span> <span class='ocrx_word' id='word_1_802' title='bbox 2356 4903 2375 4936; x_wconf 73' lang='grc' dir='ltr'><strong>ι</strong></span> <span class='ocrx_word' id='word_1_803' title='bbox 2411 4883 2528 4939; x_wconf 79' lang='lat' dir='ltr'><strong>Noli</strong></span> <span class='ocrx_word' id='word_1_804' title='bbox 2579 4885 2792 4947; x_wconf 89' lang='lat' dir='ltr'><strong>timere,</strong></span> <span class='ocrx_word' id='word_1_805' title='bbox 2827 4895 3000 4939; x_wconf 90' lang='lat' dir='ltr'><strong>tecum</strong></span> <span class='ocrx_word' id='word_1_806' title='bbox 3032 4884 3175 4936; x_wconf 85' lang='lat' dir='ltr'><strong>enim</strong></span> <span class='ocrx_word' id='word_1_807' title='bbox 3212 4898 3329 4936; x_wconf 84' lang='lat' dir='ltr'><strong>sum</strong></span> <span class='ocrx_word' id='word_1_808' title='bbox 3383 4900 3399 4938; x_wconf 87' lang='lat'><strong>:</strong></span> <span class='ocrx_word' id='word_1_809' title='bbox 3457 4897 3523 4934; x_wconf 88' lang='lat' dir='ltr'><strong>ne</strong></span> 
     </span>
    </p>
   </div>
   <div class='ocr_carea' id='block_1_104' title="bbox 1947 4973 3522 5038">
    <p class='ocr_par' dir='ltr' id='par_1_104' title="bbox 1947 4973 3522 5038">
     <span class='ocr_line' id='line_1_104' title="bbox 1947 4973 3522 5038; baseline -0.003 -10"><span class='ocrx_word' id='word_1_810' title='bbox 1947 4990 2124 5030; x_wconf 85' lang='lat' dir='ltr'><strong>erres.</strong></span> <span class='ocrx_word' id='word_1_811' title='bbox 2153 4995 2172 5028; x_wconf 75' lang='grc' dir='ltr'><strong>ι</strong></span> <span class='ocrx_word' id='word_1_812' title='bbox 2210 4976 2306 5030; x_wconf 82' lang='lat' dir='ltr'><strong>llis</strong></span> <span class='ocrx_word' id='word_1_813' title='bbox 2339 4977 2408 5031; x_wconf 85' lang='lat' dir='ltr'><strong>ab</strong></span> <span class='ocrx_word' id='word_1_814' title='bbox 2436 4992 2495 5031; x_wconf 87' lang='lat' dir='ltr'><strong>se</strong></span> <span class='ocrx_word' id='word_1_815' title='bbox 2520 4976 2710 5030; x_wconf 81' lang='lat' dir='ltr'><strong>electis</strong></span> <span class='ocrx_word' id='word_1_816' title='bbox 2748 4975 3000 5029; x_wconf 86' lang='lat' dir='ltr'><strong>t‘tduciam</strong></span> <span class='ocrx_word' id='word_1_817' title='bbox 3031 4975 3202 5038; x_wconf 86' lang='lat' dir='ltr'><strong>addit,</strong></span> <span class='ocrx_word' id='word_1_818' title='bbox 3239 4984 3296 5027; x_wconf 88' lang='lat' dir='ltr'><strong>ut</strong></span> <span class='ocrx_word' id='word_1_819' title='bbox 3346 4973 3522 5027; x_wconf 80' lang='lat' dir='ltr'><strong>Evan-</strong></span> 
     </span>
    </p>
   </div>
   <div class='ocr_carea' id='block_1_105' title="bbox 257 5059 1861 5140">
    <p class='ocr_par' dir='ltr' id='par_1_105' title="bbox 257 5059 1846 5138">
     <span class='ocr_line' id='line_1_105' title="bbox 257 5059 1846 5138; baseline 0.008 -28"><span class='ocrx_word' id='word_1_820' title='bbox 257 5061 448 5113; x_wconf 73' lang='grc' dir='ltr'>πάντα</span> <span class='ocrx_word' id='word_1_821' title='bbox 488 5060 554 5112; x_wconf 86' lang='grc' dir='ltr'><strong>τὰ</strong></span> <span class='ocrx_word' id='word_1_822' title='bbox 588 5059 716 5130; x_wconf 74' lang='grc' dir='ltr'>ἔθνη</span> <span class='ocrx_word' id='word_1_823' title='bbox 746 5060 978 5132; x_wconf 71' lang='grc' dir='ltr'><strong>κηρύξαι</strong></span> <span class='ocrx_word' id='word_1_824' title='bbox 1011 5062 1072 5114; x_wconf 80' lang='grc' dir='ltr'>τὸ</span> <span class='ocrx_word' id='word_1_825' title='bbox 1099 5064 1458 5133; x_wconf 78' lang='grc' dir='ltr'>Εὑαγγὲλιον·</span> <span class='ocrx_word' id='word_1_826' title='bbox 1489 5066 1518 5118; x_wconf 83' lang='grc' dir='ltr'><strong>ὃ</strong></span> <span class='ocrx_word' id='word_1_827' title='bbox 1541 5067 1604 5138; x_wconf 83' lang='grc' dir='ltr'>δὴ</span> <span class='ocrx_word' id='word_1_828' title='bbox 1631 5069 1723 5121; x_wconf 77' lang='grc' dir='ltr'><strong>καὶ</strong></span> <span class='ocrx_word' id='word_1_829' title='bbox 1747 5070 1846 5122; x_wconf 78' lang='grc' dir='ltr'><strong>αὑ-</strong></span> 
     </span>
    </p>
   </div>
   <div class='ocr_carea' id='block_1_106' title="bbox 1965 5059 3521 5140">
    <p class='ocr_par' dir='ltr' id='par_1_106' title="bbox 1965 5066 3521 5140">
     <span class='ocr_line' id='line_1_106' title="bbox 1965 5066 3521 5140; baseline -0.002 -17"><span class='ocrx_word' id='word_1_830' title='bbox 1965 5071 2146 5139; x_wconf 75' lang='lat' dir='ltr'><strong>;elittm</strong></span> <span class='ocrx_word' id='word_1_831' title='bbox 2184 5071 2236 5124; x_wconf 88' lang='lat' dir='ltr'><strong>itt</strong></span> <span class='ocrx_word' id='word_1_832' title='bbox 2269 5071 2522 5126; x_wconf 89' lang='lat' dir='ltr'><strong>onmibus</strong></span> <span class='ocrx_word' id='word_1_833' title='bbox 2547 5071 2800 5140; x_wconf 73' lang='lat' dir='ltr'><strong>gentibus</strong></span> <span class='ocrx_word' id='word_1_834' title='bbox 2847 5070 2966 5124; x_wconf 84' lang='lat' dir='ltr'><strong>sine</strong></span> <span class='ocrx_word' id='word_1_835' title='bbox 3012 5069 3298 5122; x_wconf 79' lang='lat' dir='ltr'><strong>formidine</strong></span> <span class='ocrx_word' id='word_1_836' title='bbox 3327 5066 3521 5136; x_wconf 72' lang='lat' dir='ltr'><strong>pra-di-</strong></span> 
     </span>
    </p>
   </div>
   <div class='ocr_carea' id='block_1_107' title="bbox 256 5151 1861 5230">
    <p class='ocr_par' dir='ltr' id='par_1_107' title="bbox 256 5151 1842 5228">
     <span class='ocr_line' id='line_1_107' title="bbox 256 5151 1842 5228; baseline 0.006 -24"><span class='ocrx_word' id='word_1_837' title='bbox 256 5153 355 5213; x_wconf 67' lang='grc' dir='ltr'>τος</span> <span class='ocrx_word' id='word_1_838' title='bbox 391 5151 578 5221; x_wconf 78' lang='grc' dir='ltr'>ἐδήλου</span> <span class='ocrx_word' id='word_1_839' title='bbox 609 5153 668 5205; x_wconf 84' lang='grc' dir='ltr'><strong>ἐν</strong></span> <span class='ocrx_word' id='word_1_840' title='bbox 701 5154 1053 5224; x_wconf 55' lang='lat' dir='ltr'><strong>Bion/sliat;</strong></span> <span class='ocrx_word' id='word_1_841' title='bbox 1078 5157 1106 5208; x_wconf 88' lang='lat'><strong>6</strong></span> <span class='ocrx_word' id='word_1_842' title='bbox 1133 5156 1320 5228; x_wconf 81' lang='grc' dir='ltr'>Σωτήρ</span> <span class='ocrx_word' id='word_1_843' title='bbox 1351 5158 1574 5228; x_wconf 85' lang='grc' dir='ltr'>φάσκων</span> <span class='ocrx_word' id='word_1_844' title='bbox 1594 5174 1608 5190; x_wconf 64' lang='grc' dir='ltr'>δ</span> <span class='ocrx_word' id='word_1_845' title='bbox 1644 5177 1664 5210; x_wconf 73' lang='grc' dir='ltr'><strong>ι</strong></span> <span class='ocrx_word' id='word_1_846' title='bbox 1712 5157 1842 5213; x_wconf 81' lang='grc' dir='ltr'>Ἰδοὺ</span> 
     </span>
    </p>
   </div>
   <div class='ocr_carea' id='block_1_108' title="bbox 1965 5151 3521 5230">
    <p class='ocr_par' dir='ltr' id='par_1_108' title="bbox 1965 5157 3521 5230">
     <span class='ocr_line' id='line_1_108' title="bbox 1965 5157 3521 5230; baseline -0.003 -18"><span class='ocrx_word' id='word_1_847' title='bbox 1965 5167 2108 5224; x_wconf 83' lang='lat' dir='ltr'><strong>:ent;</strong></span> <span class='ocrx_word' id='word_1_848' title='bbox 2141 5159 2284 5226; x_wconf 92' lang='lat' dir='ltr'><strong>quod</strong></span> <span class='ocrx_word' id='word_1_849' title='bbox 2321 5159 2494 5230; x_wconf 88' lang='lat' dir='ltr'><strong>ipsum</strong></span> <span class='ocrx_word' id='word_1_850' title='bbox 2537 5158 2851 5214; x_wconf 86' lang='lat' dir='ltr'><strong>declarabat</strong></span> <span class='ocrx_word' id='word_1_851' title='bbox 2881 5159 2933 5213; x_wconf 92' lang='lat' dir='ltr'><strong>in</strong></span> <span class='ocrx_word' id='word_1_852' title='bbox 2961 5157 3272 5228; x_wconf 80' lang='lat' dir='ltr'><strong>Evangeliis</strong></span> <span class='ocrx_word' id='word_1_853' title='bbox 3324 5157 3521 5210; x_wconf 67' lang='lat' dir='ltr'><strong>Serva-</strong></span> 
     </span>
    </p>
   </div>
   <div class='ocr_carea' id='block_1_109' title="bbox 256 5244 1844 5324">
    <p class='ocr_par' dir='ltr' id='par_1_109' title="bbox 256 5244 1844 5324">
     <span class='ocr_line' id='line_1_109' title="bbox 256 5244 1844 5324; baseline 0.007 -28"><span class='ocrx_word' id='word_1_854' title='bbox 256 5244 374 5313; x_wconf 76' lang='grc' dir='ltr'>ἐγὼ</span> <span class='ocrx_word' id='word_1_855' title='bbox 408 5245 530 5314; x_wconf 81' lang='grc' dir='ltr'>μεθ’</span> <span class='ocrx_word' id='word_1_856' title='bbox 558 5246 710 5315; x_wconf 78' lang='grc' dir='ltr'>ὑμῶν</span> <span class='ocrx_word' id='word_1_857' title='bbox 735 5249 848 5318; x_wconf 86' lang='grc' dir='ltr'>είμι</span> <span class='ocrx_word' id='word_1_858' title='bbox 885 5249 1062 5311; x_wconf 86' lang='grc' dir='ltr'>πάσας</span> <span class='ocrx_word' id='word_1_859' title='bbox 1090 5249 1187 5312; x_wconf 81' lang='grc' dir='ltr'><strong>τὰς</strong></span> <span class='ocrx_word' id='word_1_860' title='bbox 1218 5251 1428 5324; x_wconf 79' lang='grc' dir='ltr'>ἡμέρας</span> <span class='ocrx_word' id='word_1_861' title='bbox 1459 5251 1564 5315; x_wconf 74' lang='grc' dir='ltr'>ἕως</span> <span class='ocrx_word' id='word_1_862' title='bbox 1594 5252 1692 5323; x_wconf 86' lang='grc' dir='ltr'>τῆς</span> <span class='ocrx_word' id='word_1_863' title='bbox 1718 5271 1844 5307; x_wconf 90' lang='grc' dir='ltr'>συν-</span> 
     </span>
    </p>
   </div>
   <div class='ocr_carea' id='block_1_110' title="bbox 257 5335 1845 5412">
    <p class='ocr_par' dir='ltr' id='par_1_110' title="bbox 257 5335 1845 5412">
     <span class='ocr_line' id='line_1_110' title="bbox 257 5335 1845 5412; baseline 0.008 -26"><span class='ocrx_word' id='word_1_864' title='bbox 257 5335 477 5397; x_wconf 83' lang='grc' dir='ltr'>τελείας</span> <span class='ocrx_word' id='word_1_865' title='bbox 519 5335 613 5388; x_wconf 80' lang='grc' dir='ltr'>τοῦ</span> <span class='ocrx_word' id='word_1_866' title='bbox 657 5337 870 5401; x_wconf 73' lang='grc' dir='ltr'><strong>αἰῶνος.</strong></span> <span class='ocrx_word' id='word_1_867' title='bbox 935 5339 1075 5407; x_wconf 80' lang='grc' dir='ltr'><strong>Ἐγὼ</strong></span> <span class='ocrx_word' id='word_1_868' title='bbox 1112 5341 1220 5411; x_wconf 86' lang='grc' dir='ltr'><strong>γάρ</strong></span> <span class='ocrx_word' id='word_1_869' title='bbox 1259 5343 1372 5412; x_wconf 78' lang='grc' dir='ltr'>ειμι</span> <span class='ocrx_word' id='word_1_870' title='bbox 1414 5345 1442 5397; x_wconf 88' lang='grc' dir='ltr'>ὁ</span> <span class='ocrx_word' id='word_1_871' title='bbox 1479 5343 1610 5407; x_wconf 82' lang='grc' dir='ltr'><strong>Θεός</strong></span> <span class='ocrx_word' id='word_1_872' title='bbox 1651 5360 1768 5408; x_wconf 80' lang='grc' dir='ltr'>σου,</span> <span class='ocrx_word' id='word_1_873' title='bbox 1815 5347 1845 5398; x_wconf 84' lang='grc' dir='ltr'><strong>ὁ</strong></span> 
     </span>
    </p>
   </div>
   <div class='ocr_carea' id='block_1_111' title="bbox 259 5425 1208 5504">
    <p class='ocr_par' dir='ltr' id='par_1_111' title="bbox 259 5425 1208 5504">
     <span class='ocr_line' id='line_1_111' title="bbox 259 5425 1208 5504; baseline 0.006 -25"><span class='ocrx_word' id='word_1_874' title='bbox 259 5425 554 5497; x_wconf 69' lang='grc' dir='ltr'>ἐνισχῦσας</span> <span class='ocrx_word' id='word_1_875' title='bbox 577 5445 658 5494; x_wconf 87' lang='grc' dir='ltr'><strong>σε,</strong></span> <span class='ocrx_word' id='word_1_876' title='bbox 689 5432 783 5484; x_wconf 72' lang='grc' dir='ltr'><strong>καὶ</strong></span> <span class='ocrx_word' id='word_1_877' title='bbox 807 5431 1080 5504; x_wconf 80' lang='grc' dir='ltr'>ἐϐοήθησά</span> <span class='ocrx_word' id='word_1_878' title='bbox 1108 5449 1208 5485; x_wconf 81' lang='grc' dir='ltr'>σοι.</span> 
     </span>
    </p>
   </div>
   <div class='ocr_carea' id='block_1_112' title="bbox 1953 5251 3520 5323">
    <p class='ocr_par' dir='ltr' id='par_1_112' title="bbox 1953 5251 3520 5323">
     <span class='ocr_line' id='line_1_112' title="bbox 1953 5251 3520 5323; baseline -0.004 -16"><span class='ocrx_word' id='word_1_879' title='bbox 1953 5264 2036 5307; x_wconf 87' lang='lat' dir='ltr'><strong>tor</strong></span> <span class='ocrx_word' id='word_1_880' title='bbox 2063 5252 2149 5308; x_wconf 89' lang='lat' dir='ltr'><strong>his</strong></span> <span class='ocrx_word' id='word_1_881' title='bbox 2182 5251 2385 5321; x_wconf 84' lang='lat' dir='ltr'><strong>verbis,</strong></span> <span class='ocrx_word' id='word_1_882' title='bbox 2426 5271 2445 5305; x_wconf 75' lang='grc' dir='ltr'><strong>ι</strong></span> <span class='ocrx_word' id='word_1_883' title='bbox 2483 5253 2620 5308; x_wconf 77' lang='lat' dir='ltr'><strong>Ecce</strong></span> <span class='ocrx_word' id='word_1_884' title='bbox 2659 5267 2760 5323; x_wconf 73' lang='lat' dir='ltr'><strong>ego</strong></span> <span class='ocrx_word' id='word_1_885' title='bbox 2803 5251 3080 5305; x_wconf 84' lang='lat' dir='ltr'><strong>vobiscum</strong></span> <span class='ocrx_word' id='word_1_886' title='bbox 3112 5265 3232 5304; x_wconf 91' lang='lat' dir='ltr'><strong>sum</strong></span> <span class='ocrx_word' id='word_1_887' title='bbox 3262 5251 3520 5306; x_wconf 75' lang='lat' dir='ltr'><strong>omnibus</strong></span> 
     </span>
    </p>
   </div>
   <div class='ocr_carea' id='block_1_113' title="bbox 1950 5343 3517 5415">
    <p class='ocr_par' dir='ltr' id='par_1_113' title="bbox 1950 5343 3517 5415">
     <span class='ocr_line' id='line_1_113' title="bbox 1950 5343 3517 5415; baseline -0.002 -16"><span class='ocrx_word' id='word_1_888' title='bbox 1950 5348 2159 5411; x_wconf 89' lang='lat' dir='ltr'><strong>diebus,</strong></span> <span class='ocrx_word' id='word_1_889' title='bbox 2199 5363 2370 5415; x_wconf 87' lang='lat' dir='ltr'><strong>ttsquc</strong></span> <span class='ocrx_word' id='word_1_890' title='bbox 2407 5348 2474 5401; x_wconf 80' lang='lat' dir='ltr'><strong>ad</strong></span> <span class='ocrx_word' id='word_1_891' title='bbox 2503 5343 3024 5402; x_wconf 81' lang='lat' dir='ltr'><strong>consummationem</strong></span> <span class='ocrx_word' id='word_1_892' title='bbox 3078 5343 3260 5399; x_wconf 61' lang='lat' dir='ltr'><strong>surculi</strong></span> <span class='ocrx_word' id='word_1_893' title='bbox 3298 5343 3366 5397; x_wconf 64' lang='lat'><strong>7&#39;.</strong></span> <span class='ocrx_word' id='word_1_894' title='bbox 3405 5343 3517 5412; x_wconf 73' lang='lat' dir='ltr'><strong>Ego</strong></span> 
     </span>
    </p>
   </div>
   <div class='ocr_carea' id='block_1_114' title="bbox 1952 5433 3519 5506">
    <p class='ocr_par' dir='ltr' id='par_1_114' title="bbox 1952 5433 3519 5506">
     <span class='ocr_line' id='line_1_114' title="bbox 1952 5433 3519 5506; baseline 0.003 -16"><span class='ocrx_word' id='word_1_895' title='bbox 1952 5437 2092 5490; x_wconf 83' lang='lat' dir='ltr'><strong>enim</strong></span> <span class='ocrx_word' id='word_1_896' title='bbox 2123 5453 2241 5490; x_wconf 88' lang='lat' dir='ltr'><strong>sum</strong></span> <span class='ocrx_word' id='word_1_897' title='bbox 2274 5437 2413 5492; x_wconf 86' lang='lat' dir='ltr'><strong>Deus</strong></span> <span class='ocrx_word' id='word_1_898' title='bbox 2447 5447 2592 5503; x_wconf 91' lang='lat' dir='ltr'><strong>tuus,</strong></span> <span class='ocrx_word' id='word_1_899' title='bbox 2631 5437 2723 5506; x_wconf 88' lang='lat' dir='ltr'><strong>qui</strong></span> <span class='ocrx_word' id='word_1_900' title='bbox 2751 5434 3058 5492; x_wconf 79' lang='lat' dir='ltr'><strong>confortavi</strong></span> <span class='ocrx_word' id='word_1_901' title='bbox 3092 5445 3164 5501; x_wconf 85' lang='lat' dir='ltr'><strong>te,</strong></span> <span class='ocrx_word' id='word_1_902' title='bbox 3191 5443 3243 5492; x_wconf 85' lang='lat' dir='ltr'><strong>et</strong></span> <span class='ocrx_word' id='word_1_903' title='bbox 3283 5433 3519 5494; x_wconf 64' lang='lat' dir='ltr'><strong>auxilia-</strong></span> 
     </span>
    </p>
   </div>
   <div class='ocr_carea' id='block_1_115' title="bbox 1952 5528 2390 5582">
    <p class='ocr_par' dir='ltr' id='par_1_115' title="bbox 1952 5528 2390 5582">
     <span class='ocr_line' id='line_1_115' title="bbox 1952 5528 2390 5582; baseline 0.002 -3"><span class='ocrx_word' id='word_1_904' title='bbox 1952 5539 2038 5582; x_wconf 88' lang='lat' dir='ltr'><strong>tus</strong></span> <span class='ocrx_word' id='word_1_905' title='bbox 2068 5545 2185 5582; x_wconf 88' lang='lat' dir='ltr'><strong>sum</strong></span> <span class='ocrx_word' id='word_1_906' title='bbox 2221 5528 2337 5582; x_wconf 79' lang='lat' dir='ltr'><strong>tibi.</strong></span> <span class='ocrx_word' id='word_1_907' title='bbox 2373 5547 2390 5580; x_wconf 83' lang='lat' dir='ltr'><strong>t</strong></span> 
     </span>
    </p>
   </div>
   <div class='ocr_carea' id='block_1_116' title="bbox 329 5718 1861 5810">
    <p class='ocr_par' dir='ltr' id='par_1_116' title="bbox 329 5718 1856 5810">
     <span class='ocr_line' id='line_1_116' title="bbox 329 5718 1856 5810; baseline 0.005 -33"><span class='ocrx_word' id='word_1_908' title='bbox 329 5721 374 5755; x_wconf 83' lang='grc'><strong>⁸⁷</strong></span> <span class='ocrx_word' id='word_1_909' title='bbox 405 5718 567 5778; x_wconf 67' lang='lat' dir='ltr'><strong>Joalt.</strong></span> <span class='ocrx_word' id='word_1_910' title='bbox 612 5739 727 5810; x_wconf 56' lang='grc' dir='ltr'><strong>ηιξ,</strong></span> <span class='ocrx_word' id='word_1_911' title='bbox 759 5725 846 5783; x_wconf 80' lang='grc'><strong>57.</strong></span> <span class='ocrx_word' id='word_1_912' title='bbox 925 5728 966 5761; x_wconf 69' lang='grc'><em>⁸³</em></span> <span class='ocrx_word' id='word_1_913' title='bbox 1001 5730 1127 5786; x_wconf 86' lang='lat' dir='ltr'><strong>ibid.</strong></span> <span class='ocrx_word' id='word_1_914' title='bbox 1166 5730 1253 5788; x_wconf 80' lang='lat'><strong>59.</strong></span> <span class='ocrx_word' id='word_1_915' title='bbox 1331 5733 1373 5764; x_wconf 76' lang='lat'><strong>&quot;</strong></span> <span class='ocrx_word' id='word_1_916' title='bbox 1399 5730 1585 5786; x_wconf 67' lang='lat' dir='ltr'><strong>Matth.</strong></span> <span class='ocrx_word' id='word_1_917' title='bbox 1619 5745 1672 5796; x_wconf 66' lang='grc' dir='ltr'>Χ,</span> <span class='ocrx_word' id='word_1_918' title='bbox 1708 5729 1761 5787; x_wconf 79' lang='grc'><strong>6.</strong></span> <span class='ocrx_word' id='word_1_919' title='bbox 1837 5732 1856 5760; x_wconf 81' lang='grc'>’</span> 
     </span>
    </p>
   </div>
   <div class='ocr_carea' id='block_1_117' title="bbox 1965 5718 2443 5810">
    <p class='ocr_par' dir='ltr' id='par_1_117' title="bbox 1965 5729 2443 5786">
     <span class='ocr_line' id='line_1_117' title="bbox 1965 5729 2443 5786; baseline 0 -2"><span class='ocrx_word' id='word_1_920' title='bbox 1965 5734 2075 5785; x_wconf 72' lang='lat' dir='ltr'><strong>.tttlt</strong></span> <span class='ocrx_word' id='word_1_921' title='bbox 2136 5747 2300 5786; x_wconf 63' lang='grc' dir='ltr'>ιιι-ιε·</span> <span class='ocrx_word' id='word_1_922' title='bbox 2352 5729 2443 5786; x_wconf 71' lang='grc'><strong>21).</strong></span> 
     </span>
    </p>
   </div>
  </div>
