4072 6194
395 255 406 302 ξ
423 231 531 288 383

1136 217 1409 276 EUSEBII
1444 215 1923 274 CESABIENSIS
1961 217 2112 273 OPP.
2153 214 2334 272 PARS
2368 214 2457 272 111.
2496 244 2569 260 --
2603 209 3016 270 EXEGETICA.

3565 208 3680 266 38‘

401 383 406 390 ι
503 341 860 400 πλαξὶ-25.
893 357 911 394 ι
936 336 1381 408 Appropinquent
1404 345 1458 392 et
1492 335 1812 390 annuntient
1841 334 1996 390 vobis

2177 354 2196 386 ι
2239 333 2662 404 Ἐγγισάτωσαν,
2694 333 2790 388 καὶ
2815 327 3294 401 ἀναγγειλάτωσαν
3323 326 3450 399 ὑμῖν
3479 325 3516 381 ἃ
3545 344 3678 399 συμ-

427 455 546 510 qua:
575 446 803 492 ventura
844 437 994 498 sunt,
1024 440 1118 485 aut
1147 430 1332 499 priora
1361 444 1484 498 quae
1511 437 1690 484 erant.
1726 427 1918 492 Dicite,
1945 437 2001 483 et

427 541 666 588 mentem
703 529 1072 588 advertemus,
1116 531 1173 580 et
1207 535 1599 592 cognoscemus
1626 535 1748 590 quae
1787 519 1999 582 ultima,

431 635 484 680 et
513 638 630 690 quae
673 629 918 674 ventura.
947 615 1277 674 Renuntiate
1309 613 1465 669 nobis
1511 628 1631 683 quae
1681 621 1906 672 ventura
1946 611 1998 666 in

432 716 760 778 novissimo.
793 719 847 767 et
888 723 1276 780 cognoscemus
1321 707 1448 776 quia
1496 705 1569 759 dii
1617 704 1814 758 esti»
1867 703 1998 759 Nam

432 809 523 866 Dei
575 806 847 877 prophetae
896 803 1147 873 quidem,
1189 800 1355 854 divini
1409 809 1694 854 consortes
1744 795 2000 866 Spiritus,

433 897 724 954 novissima
767 895 1235 964 praenuntiat-unt,
1279 891 1551 961 inaquosi,
1597 889 1799 946 sterilis
1823 899 1879 944 et
1925 890 2005 942 iu-

429 989 691 1046 l'ructuosi
725 988 822 1043 soli
855 987 907 1042 in
941 986 1222 1041 meliorem
1269 993 1470 1039 statum
1518 983 1868 1038 mutationem
1914 997 2006 1038 va-

429 1082 736 1144 ticinantes,
770 1092 982 1134 necnon
1026 1077 1230 1132 Christi
1269 1077 1594 1137 adventum,
1642 1073 2001 1143 apostolorum

434 1174 548 1242 ejus
596 1170 1066 1242 praedicationem,
1116 1177 1427 1236 ceteraque
1471 1167 1650 1221 omnia
1715 1166 1768 1220 in
1817 1179 2003 1220 eorum

434 1264 731 1334 prophetiis
759 1261 1036 1317 enuntiata
1061 1277 1077 1314 :
1108 1261 1250 1315 unde
1276 1274 1464 1313 revera
1493 1259 1635 1314 Deus
1664 1273 1784 1313 esse
1814 1258 1881 1324 is,
1909 1257 2002 1326 qui

437 1358 550 1414 huic
597 1357 650 1412 in
681 1355 786 1411 illis
809 1365 865 1410 et
897 1369 993 1423 per
1022 1353 1142 1409 illos
1173 1351 1502 1407 vaticinatus
1529 1360 1635 1416 est,
1669 1351 2002 1421 agnoscitur.

436 1451 655 1522 δίειιίεηί
684 1463 817 1504 vero
858 1447 1130 1502 daemones
1173 1445 1267 1512 qui
1315 1443 1588 1512 potuerint
1637 1442 2005 1496 universorum

435 1541 528 1598 Dei
573 1534 857 1597 consilium
893 1547 949 1594 et
977 1536 1394 1606 cogitationem,
1439 1548 1504 1587 ac
1543 1532 1662 1602 ejus
1701 1533 1768 1592 de
1808 1530 2006 1584 Christi

436 1632 701 1695 adventu,
740 1630 914 1698 deque
964 1611 1202 1695 ipsorum
1252 1622 1493 1692 pernicie
1538 1632 1592 1675 et
1625 1621 1796 1678 exitio
1828 1621 2009 1680 decie-

435 1734 570 1789 tum,
599 1721 959 1794 cognoscere?
988 1717 1327 1786 Quapropter
1356 1728 1478 1768 cum
1513 1712 1697 1767 futura
1739 1719 1902 1781 atque
1944 1725 2006 1766 ea

439 1832 558 1888 quae
585 1815 637 1869 in
664 1812 920 1868 extremis
962 1807 1294 1880 temporibus
1323 1804 1468 1860 circa
1501 1806 1743 1874 gentium
1770 1801 2014 1858 vocatio-

435 1922 557 1962 nem
600 1905 1056 1972 solitudinemqne
1097 1914 1248 1954 suam
1281 1907 1543 1956 eventura
1575 1905 1752 1963 erant,
1799 1895 2014 1965 ignora-

436 2008 592 2063 rent;
648 2003 1041 2067 consequenter
1090 2005 1265 2059 neque
1309 1987 1653 2058 priusedita
1693 1995 2007 2044 noverant:

436 2103 605 2159 quare
647 2087 830 2142 nullus
861 2100 1049 2140 eorum
1091 2082 1370 2152 prophetis
1403 2079 1520 2134 suis
1567 2077 1673 2132 ista
1725 2091 2017 2146 suggerere

438 2177 792 2246 potuit,quaa
854 2174 1060 2242 scripto
1107 2171 1497 2240 consignari-unt
1555 2167 1614 2232 ii,
1657 2166 1748 2236 qui
1809 2165 2015 2242 Spiritu

438 2269 530 2324 Dei
565 2267 709 2337 digni
744 2266 914 2323 habiti
953 2264 1186 2320 fuerant.

511 2457 530 2490 ι
564 2436 708 2493 Bene
751 2437 912 2493 facite
959 2447 1014 2493 et
1065 2437 1203 2493 male
1249 2437 1448 2502 facite,
1490 2443 1548 2491 et
1585 2433 1926 2497 mirabimur.
1965 2445 2020 2490 et

442 2529 750 2586 videbimus
783 2529 966 2584 simul.
991 2549 1009 2584 ι
1053 2529 1279 2606 ,Ειὶαιηεί
1329 2528 1476 2584 enim
1511 2527 1671 2582 malis
1721 2526 2022 2583 inferendis

445 2638 607 2692 pares
635 2621 795 2689 sitis,
841 2632 1030 2693 utpote
1061 2622 1333 2678 dzemones
1370 2621 1614 2691 maligni,
1647 2629 1890 2678 attamen
1937 2620 2020 2675 die-

446 2715 588 2770 vinte
611 2715 872 2786 Operandi
921 2714 1140 2769 virtutis
1175 2714 1303 2769 hinc
1335 2713 1594 2768 indicium
1637 2728 1745 2768 non
1791 2712 2018 2768 habebi—

446 2811 558 2866 tis:
591 2827 762 2882 quare
790 2827 927 2881 opus
973 2821 1057 2867 est
1104 2827 1201 2867 vos
1250 2810 1392 2882 quod
1429 2810 1538 2866 Deo
1569 2812 1846 2882 proprium
1899 2821 2019 2877 est.

448 2902 679 2970 primum
705 2901 996 2968 exhibere,
1036 2901 1087 2956 id
1117 2911 1226 2964 est,
1253 2904 1391 2956 bene
1422 2898 1602 2955 facere
1631 2917 1646 2954 :
1684 2900 1811 2956 hinc
1841 2912 2021 2958 autem

2042 1685 2082 1742 Β

2102 429 2349 501 ϐήσεται,
2384 429 2418 499 ἢ
2457 427 2526 480 τὰ
2553 427 2813 500 πρότερον
2845 426 2965 482 τίνα
3023 419 3112 495 ἦν.
3161 421 3388 486 Εἴπατε,
3434 419 3527 474 καὶ
3555 420 3677 473 ἐπι-

2102 523 2372 593 στήσομεν
2396 520 2486 575 τὸν
2511 518 2656 585 νοῦν,
2687 520 2783 572 καὶ
2809 515 3128 587 γνωσόμεθα
3155 514 3208 568 τί
3253 511 3322 567 τὰ
3360 512 3559 584 ἔσχατα
3587 512 3682 565 καὶ

2101 611 2172 665 τά
2217 611 2578 682 ἐπερχόμενα.
2626 605 3004 675 ’Δναγγείλατε
3049 606 3180 676 ἡμῖν
3225 601 3296 658 τὰ
3340 600 3685 674 ἐπερχόμενα

2061 701 2066 706 ’
2102 704 2189 755 ἐπ’
2219 703 2468 773 ἐσχάτου,
2499 701 2596 754 καὶ
2617 697 2956 771 γνωσόμεθα,
2994 697 3075 750 ὅτι
3103 695 3213 754 θεοί
3246 696 3390 748 ἐστε.
3426 712 3445 745 ι
3486 695 3548 746 0i
3585 690 3687 764 μὲν

2102 796 2212 867 γὰρ
2237 794 2331 848 τοῦ
2358 793 2495 847 Θεοῦ
2524 792 2820 866 προφῆται,
2852 789 3031 843 ἐνθέου
3059 789 3370 860 Πνεῦματος
3396 784 3688 858 μετασχόν-

2103 905 2213 951 τες,
2250 889 2508 958 προεῖπον
2536 887 2603 941 τά
2630 885 2833 957 ἔσχατα
2870 882 3161 955 διαρρήδην
3203 880 3559 941 θεσπίσαντες
3587 877 3690 946 τῆς

2105 976 2331 1047 ἀνύδρου
2358 975 2453 1029 καὶ
2498 974 2694 1044 ἀγόνου
2726 973 2818 1028 καὶ
2854 973 3101 1042 ἀκάρπου
3145 969 3253 1023 τῶν
3293 967 3462 1021 ἐθνῶν
3505 964 3691 1038 χώρας

2104 1068 2204 1140 τὴν
2248 1066 2341 1122 ἐπὶ
2381 1067 2450 1120 τὰ
2494 1067 2727 1138 κρείττω
2765 1062 3086 1135 μεταϐολὴν,
3119 1064 3217 1132 τήν
3240 1077 3299 1116 τε
3325 1059 3418 1114 τοῦ
3450 1056 3692 1130 Χριστοῦ

2106 1159 2433 1232 παρουσίαν,
2473 1160 2568 1212 καὶ
2599 1157 2707 1210 τῶν
2738 1154 3051 1210 ἀποστόλων
3092 1152 3257 1207 αὑτοῦ
3306 1151 3366 1205 τὸ
3403 1152 3690 1223 κήρυγμα,

2106 1251 2201 1305 καὶ
2245 1252 2346 1306 ὅσα
2386 1250 2520 1306 ἄλλα
2567 1251 2687 1312 ταῖς
2733 1247 2912 1301 αὐτῶν
2965 1245 3264 1316 ἐμφέρεται
3313 1241 3689 1313 προφητείαις·

2107 1343 2229 1398 ὅθεν
2257 1340 2583 1414 γνωρίζεται
2631 1339 2762 1403 Θεὸς
2793 1337 2871 1390 ῶν
2899 1335 3114 1408 ἀληθῶς
3144 1335 3173 1387 ὁ
3209 1335 3268 1386 ἐν
3295 1333 3476 1396 αὐτοῖς
3501 1332 3595 1384 καὶ
3623 1331 3701 1384 δι’

2108 1417 2289 1492 αὐτῶν
2310 1435 2480 1491 ταῦτα
2509 1431 2792 1496 θεσπίσας.
2827 1430 2888 1484 Οί
2915 1428 2972 1482 δέ
2999 1426 3225 1498 πονηροὶ
3252 1424 3502 1496 δαίμονες
3529 1421 3696 1475 πόθεν

2107 1531 2371 1602 ἠδύναντο
2404 1527 2693 1597 γινώσκειν
2735 1524 2929 1596 βουλὴν
2971 1523 3066 1579 καὶ
3114 1517 3410 1591 ἐνθύμησιν
3460 1516 3553 1570 τοῦ
3602 1517 3699 1570 ἐπὶ

2111 1621 2329 1674 πάντων
2350 1618 2508 1683 Θεοῦ,
2537 1618 2570 1689 ἢ
2604 1615 2670 1670 τὰ
2699 1614 2984 1687 ὁρισθέντα
3012 1612 3104 1665 ὑπ’
3135 1609 3280 1681 αὐτῷ
3308 1609 3435 1680 περὶ
3473 1608 3573 1678 τῆς
3599 1604 3702 1659 τοῦ

2117 1712 2355 1786 Χριστοῦ
2389 1710 2709 1783 παρουσίας,
2742 1707 2870 1780 περί
2902 1724 2961 1762 τε
2990 1707 3089 1776 τῆς
3121 1703 3298 1757 αὐτῶν
3325 1699 3702 1773 καθαιρέσεως

2119 1805 2212 1858 καὶ
2248 1802 2557 1866 ἀπωλείαςς
2609 1801 2719 1863 Διὸ,
2749 1798 2823 1870 μὴ
2854 1797 3052 1860 εἰδότες
3078 1795 3147 1849 τὰ
3173 1793 3531 1866 ἐπερχόμενα,
3563 1791 3702 1862 μηδέ

2118 1895 2186 1949 τὰ
2218 1897 2274 1948 ἐν
2308 1894 2556 1965 ἐσχάτοις
2603 1893 2814 1963 καιροῖς
2863 1889 3122 1959 μέλλοντα
3154 1885 3527 1958 συμϐήσεσθαι
3573 1883 3705 1954 περὶ
3734 1951 3741 1958 η

2117 1988 2216 2058 τῆς
2248 1987 2493 2057 κλήσεως
2517 1984 2622 2038 τῶν
2651 1982 2841 2042 ἐθνῶν,
2871 1983 2966 2051 τῆς
2991 1998 3050 2033 τε
3074 1978 3252 2034 αὐτῶν
3278 1976 3533 2048 ἐρημίας,
3559 1976 3705 2028 εἰκό-

2117 2095 2226 2141 τως
2268 2077 2388 2130 οὐδέ
2420 2076 2489 2131 τὰ
2518 2075 2757 2146 πρότερα
2789 2071 3102 2145 ἐγνώριζον·
3147 2070 3268 2124 ὅθεν
3311 2070 3484 2134 οὐδεὶς
3523 2067 3708 2121 αὐτῶν

2115 2165 2398 2236 δεδύνηται
2427 2169 2537 2229 τοῖς
2570 2166 2750 2221 αὐτῶν
2794 2166 3101 2237 προφήταις
3146 2161 3467 2215 ὑποϐάλλειν
3507 2160 3706 2222 ταῦτα,

2119 2258 2263 2330 ειπερ
2291 2259 2339 2311 οἱ
2362 2256 2457 2310 τοῦ
2487 2257 2800 2328 Πνεῦματος
2823 2255 2918 2311 τοῦ
2941 2253 3078 2308 θεοῦ
3115 2253 3542 2323 καταξανθέντες
3565 2269 3708 2324 γρα-

2119 2353 2193 2422 φῇ
2234 2349 2700 2421 παραδέδωκασιν.

2197 2461 2215 2493 ι
2248 2442 2587 2512 Εὐποιήσατε
2643 2442 2739 2498 καὶ
2782 2440 3092 2504 κακώσας-ε,
3136 2438 3232 2492 καὶ
3292 2435 3710 2507 θαυμασόμεθα,

2122 2537 2216 2589 καὶ
2238 2534 2479 2605 ὀψόμεθα
2513 2535 2649 2606 ἅμα.
2687 2553 2705 2586 ι
2761 2535 2826 2588 Εἰ
2862 2534 2970 2606 γὰρ
3007 2535 3103 2587 καὶ
3144 2532 3214 2586 τὰ
3265 2532 3499 2604 μάλιστα
3541 2547 3712 2584 κακο-

2119 2629 2297 2680 ποιεῖν
2327 2621 2428 2680 οῗοί
2454 2627 2515 2680 τέ
2551 2628 2696 2688 ἐστε,
2729 2626 2983 2697 δαίμονες
3007 2625 3157 2689 ὄντες
3186 2625 3433 2696 πονηροὶ,
3461 2622 3573 2676 ἀλλ’
3607 2621 3712 2674 οὐκ

2123 2721 2187 2772 ἐκ
2210 2717 2401 2772 τούτου
2437 2714 2722 2788 γνώρισμα
2752 2717 2851 2786 τῆς
2880 2715 3067 2787 Οεῐκῆς
3103 2714 3381 2787 ἐνεργείας
3413 2712 3581 2779 ἓξετε’
3602 2711 3710 2766 διό-

2124 2827 2228 2882 περ
2272 2809 2334 2864 τὸ
2369 2809 2566 2873 ίδιάζον
2609 2809 2703 2862 ἐπὶ
2753 2808 2887 2862 Θεοῦ
2933 2808 3148 2881 πρῶτον
3174 2809 3317 2879 ὑμᾶς
3341 2806 3712 2872 ἐπιδείξασθαι

2125 2904 2252 2975 χρή·
2281 2901 2423 2970 λέγω
2455 2900 2519 2972 δὴ
2548 2900 2608 2953 τὺ
2637 2900 2942 2970 εὐποιῆσαι·
2980 2899 3166 2953 ἔπειτα
3192 2899 3299 2972 ἄρα
3326 2899 3505 2972 κρίσει
3529 2898 3712 2970 δικαίᾳ

444 2989 590 3060 justo
615 2989 820 3059 judicio
856 2991 932 3045 uti
987 3007 1054 3045 ac
1101 2991 1295 3060 dignos
1351 2992 1614 3062 supplicio
1648 2990 1903 3062 plectere.
1942 2991 2020 3048 Ita

2131 2992 2457 3065 χρήσασθαι,
2478 2992 2570 3047 καὶ
2597 2993 2721 3056 τοὺς
2750 2990 2934 3057 ἀξίους
2962 2990 3257 3054 κακώσεως
3273 2988 3708 3062 τιμωρήσασθαι.

2140 3083 2196 3102 οη
2249 3084 2264 3102 ὶ
2349 3082 2455 3102 κε’Λκ
2486 3101 2491 3102 ,
2525 3099 2589 3102 ήκω
2638 3081 2878 3102 !_-U_ﬂ_._
2916 3081 3388 3102 -ιΑ,.-η-ν,--ι..μ-
3418 3080 3690 3102 ιγ.-----ι..-

444 3091 511 3137 ut
544 3081 670 3138 hinc
695 3081 864 3153 probe
897 3093 1378 3148 commonstretur,
1415 3086 1762 3154 operatioues
1793 3085 1934 3150 illas,
1962 3095 2025 3146 ut.

451 3181 645 3244 putant
669 3171 792 3243 ipsi,
823 3173 938 3228 sive
966 3173 1208 3239 oracula,
1243 3177 1696 3244 prtestigiatorum
1741 3177 2018 3236 hominum

450 3261 694 3320 fallacias
733 3278 874 3332 esse,
919 3267 1013 3335 qui
1055 3266 1346 3322 multorum
1399 3267 1746 3339 simplicitate
1789 3269 2024 3324 abutu-

449 3361 508 3407 ω
517 3369 562 3407 r.

525 3445 688 3505 Vens.
712 3445 805 3510 24,
835 3447 926 3503 25.
971 3465 990 3500 ι
1021 3447 1286 3517 Quoniam
1312 3450 1455 3505 unde
1480 3453 1614 3508 estis
1647 3453 1778 3508 vos?
1803 3462 1858 3507 et
1887 3452 2029 3508 unde

449 3555 590 3610 opus
621 3541 898 3596 vestrum?
936 3541 1009 3598 De
1045 3551 1189 3597 terra
1241 3542 1294 3597 in
1345 3544 1804 3602 abominationem
1848 3547 2028 3617 elege-

454 3644 574 3688 runt
608 3649 722 3689 vos.
753 3633 864 3701 Ego
893 3649 1019 3689 vero
1062 3635 1297 3689 excitavi
1341 3649 1488 3698 eum,
1517 3637 1610 3706 qui
1641 3638 1709 3694 ab
1753 3637 2020 3708 Aquilone

450 3734 562 3792 est,
591 3735 648 3780 et
673 3741 818 3792 eum,
849 3725 939 3795 qui
973 3725 1040 3780 ab
1074 3734 1198 3779 ortu
1228 3726 1359 3780 solis
1381 3745 1398 3780 :
1435 3727 1770 3782 vocabuntur
1812 3728 2031 3784 nomine

457 3832 650 3873 meo.)
691 3816 786 3870 llis
831 3832 994 3886 porro
1043 3817 1314 3886 signiﬁcat
1361 3833 1454 3887 per
1498 3835 1622 3872 eum
1667 3821 1759 3890 qui
1806 3820 1875 3874 ab
1903 3832 2030 3877 ortu

451 3908 588 3962 solis
632 3909 812 3972 venit,
858 3907 1137 3962 Christum
1185 3909 1410 3978 ejusque
1453 3908 1722 3978 justitiam
1757 3930 1770 3964 :
1809 3911 1861 3964 id
1903 3927 2032 3968 vero

454 3998 731 4055 indicabat
779 4002 1028 4069 superius
1075 4001 1160 4055 his
1203 4003 1403 4066 verbis,
1441 4022 1459 4054 ι
1487 4000 1622 4068 Quis
1661 4004 1921 4058 excitarit
1965 4007 2031 4062 ab

455 4093 668 4149 oriente
724 4093 1073 4161 justitiam?»
1136 4111 1300 4166 quam
1367 4097 1498 4165 ipsis
1549 4099 1796 4168 gentibus
1845 4098 2030 4154 datam

457 4188 875 4254 testiilcabatur;
911 4202 1006 4254 per
1035 4202 1158 4242 eum
1202 4203 1330 4243 vero
1359 4191 1451 4260 qui
1501 4191 1568 4244 ab
1608 4189 1890 4260 Aquilone,
1940 4207 2036 4260 po-

461 4287 646 4358 pulum
677 4301 744 4342 ex
769 4287 1042 4358 gentibus,
1073 4287 1163 4355 qui
1203 4287 1329 4342 olim
1363 4288 1414 4342 in
1467 4289 1731 4359 Aquilone
1773 4290 2031 4360 degebat;

2140 3083 2227 3148 Ὧς
2247 3082 2493 3137 ἐντεῦθεν
2518 3081 2883 3156 παρίστασθαι
2912 3082 3011 3144 τὰς
3029 3081 3388 3153 νομιζομένας
3414 3080 3712 3152 ἐνεργείας.

2124 3176 2159 3247 ἢ
2193 3176 2322 3240 τοὺς
2354 3175 2635 3246 χρησμοὺς
2687 3173 2896 3245 ἀνδρῶν
2949 3168 3088 3226 εἶναι
3129 3174 3342 3243 γοήτων
3371 3174 3608 3236 ἀπάτας,
3646 3175 3714 3244 τῇ

2125 3265 2234 3320 τῶν
2283 3266 2496 3319 πολλῶν
2527 3264 2825 3334 ήλιθιὸτητι
2857 3262 3320 3334 καταχρωμένων.

2206 3482 2223 3514 ι
2255 3462 2379 3515 Ὀτι
2432 3462 2593 3515 πόθεν
2639 3460 2771 3513 ,ἐστὲ
2819 3461 3008 3531 ὑμεῖς,
3067 3461 3160 3512 καὶ
3198 3458 3360 3514 πόθεν
3408 3461 3442 3532 ή
3483 3461 3725 3531 ἐργασία

2128 3552 2318 3626 ὕμῶν;
2368 3555 2462 3608 Ἐκ
2492 3557 2596 3624 γῆς
2631 3553 2905 3624 βδέλυγμα
2932 3550 3242 3620 ἐξελέξαντο
3271 3554 3434 3624 ὑμᾶς.
3487 3553 3630 3623 Ἐγὼ
3662 3555 3725 3608 δέ

2130 3648 2326 3719 ήγειρα
2352 3647 2442 3701 τὸν
2473 3647 2580 3701 ἀπὸ
2628 3647 2828 3717 Eappa},
2863 3645 3073 3700 καὶτὸν
3108 3646 3202 3715 ἀφ’
3230 3645 3383 3716 ήλίου
3423 3646 3720 3707 ἀνατολῶν.

2132 3738 2493 3810 κληθήσονται
2526 3739 2602 3810 τῷ
2632 3739 2855 3809 ὀνόματί
2889 3756 3008 3810 μου.
3045 3758 3062 3790 ι
3100 3739 3359 3810 Σημαίνει
3389 3739 3447 3793 δέ
3483 3739 3571 3794 διὰ
3598 3741 3722 3793 τού-

2131 3849 2238 3884 των
2266 3830 2355 3886 τὸν
2384 3831 2481 3902 μὲν
2504 3831 2611 3884 ἀπὸ
2637 3829 2908 3892 ἀνατολῶν
2938 3830 3090 3902 ήλίου
3118 3831 3209 3884 τὸν
3243 3832 3285 3883 Χ
3295 3830 3474 3903 ριστὸν
3503 3830 3597 3884 καὶ
3621 3830 3724 3902 τὴν

2133 3923 2327 3977 ἐαυτοῦ
2381 3923 2747 3995 δικαιοσύνηνσ
2791 3917 2949 3977 τοῦτο
2988 3923 3045 3976 δὲ
3101 3923 3284 3995 ἐδήλου
3335 3923 3431 3976 καὶ
3479 3922 3567 3976 διὰ
3610 3922 3724 3976 τῶν

2131 4015 2443 4087 ἔμπροσθεν
2475 4016 2674 4087 φήσας
2720 4034 2740 4066 ι
2773 4014 2867 4079 Τίς
2899 4014 3176 4087 ἐξήγειρεν
3205 4014 3312 4068 ἀπὸ
3346 4013 3616 4068 ἀνατολῶν
3643 4013 3727 4067 δι-

2132 4107 2463 4179 καιοσύνηνς
2497 4127 2514 4158 ι
2554 4108 2620 4179 ἣν
2651 4107 2744 4160 καὶ
2775 4108 2887 4169 τοῖς
2931 4105 3104 4159 ἔθνεσι
3135 4105 3465 4178 δεδωρῆσθαι
3513 4105 3618 4178 ἐδήί
3633 4123 3720 4161 ου·

2134 4199 2224 4252 τὸν
2260 4199 2316 4251 δέ
2347 4199 2452 4252 ἀπὸ
2487 4199 2684 4270 ῐῖορῤἄ,
2710 4199 2800 4250 τὸν
2831 4197 2891 4263 ἐξ
2923 4197 3093 4252 ἐθνῶν
3129 4197 3277 4262 λαὸν,
3311 4199 3478 4252 πάλαι
3505 4198 3631 4251 ὄντα
3664 4200 3725 4251 ἐν

2135 4290 2214 4361 τῷ
2244 4291 2442 4363 Βορρᾆ
2472 4289 2613 4342 κατὰ
2657 4289 2737 4351 τὸ,
2783 4309 2802 4340 r
2826 4289 2958 4342 Ἀπὸ
2991 4288 3283 4360 προσώπου
3313 4290 3494 4362 Βοῤῥᾱ
3523 4291 3728 4345 ἐκκαυ-

461 4380 757 4435 secundum
810 4377 976 4445 illud,
1024 4395 1043 4429 ι
1074 4379 1115 4431 A
1157 4377 1295 4432 facie
1338 4378 1623 4446 Aquilonis
1669 4381 2020 4435 accendantur

2137 4383 2364 4453 θήσεται
2407 4380 2549 4434 κακά
2593 4380 2684 4433 ἐπὶ
2743 4380 2948 4444 πάντας
3001 4381 3126 4445 τοὺς
3185 4383 3570 4447 κατοικοῦντας
3623 4384 3728 4455 τὴν

468 4471 607 4526 mala
637 4472 688 4526 in
728 4485 918 4528 omnes
948 4469 1317 4524 inhabitantes
1365 4479 1584 4524 terram.
1616 4491 1633 4524 ι
1671 4471 1825 4527 llunc
1855 4473 2036 4543 itaque

460 4564 704 4634 gentium
745 4560 1022 4632 populum,
1055 4561 1152 4626 ait,
1184 4560 1414 4614 excitavi
1459 4560 1529 4615 ab
1561 4563 1846 4632 Aquilone,
1878 4572 1940 4618 ut
1970 4580 2038 4620 ne

463 4659 604 4710 ultra
652 4656 722 4709 ibi
759 4663 976 4709 maneat
1002 4673 1016 4708 :
1047 4652 1248 4706 vocabo
1274 4661 1453 4706 autem
1482 4668 1628 4723 eum,
1676 4655 1766 4723 qui
1817 4655 1885 4708 ab
1913 4665 2033 4712 ortu

464 4748 600 4803 solis
629 4747 794 4816 venit,
820 4745 1030 4802 scilicet
1049 4745 1354 4802 Christum.

547 4863 565 4896 ι
600 4841 830 4897 Veniant
870 4843 1166 4912 principes,
1194 4849 1250 4895 et
1289 4853 1546 4907 .anquam
1583 4837 1757 4894 lutum
1787 4837 1956 4909 ﬁguli,
1991 4851 2048 4898 et

464 4949 724 5009 tanquam
773 4935 965 5006 ﬂgtiins
995 4936 1320 4989 conculcans
1357 4931 1546 4992 lutum.
1597 4931 1672 4986 sic
1701 4930 2049 4987 conculcabi-

471 5031 622 5085 mini.
651 5049 668 5081 ι
707 5030 799 5084 Sic
835 5038 989 5082 vocat
1023 5042 1116 5082 eos
1151 5027 1243 5096 qui
1276 5024 1569 5080 satellitum
1608 5025 1778 5078 instar
1823 5039 2047 5094 regnum

467 5120 590 5185 ejus
631 5121 864 5190 stipant,
910 5117 1132 5191 angelos
1165 5119 1411 5174 videlicet
1457 5133 1472 5171 :
1517 5131 1614 5186 per
1643 5130 1776 5186 quos
1823 5116 2043 5186 impium

467 5226 715 5269 errorem
759 5213 1028 5268 sublatura
1070 5211 1137 5267 iri
1174 5211 1534 5282 praenuntiat;
1566 5209 1644 5263 vel
1681 5208 1951 5278 principes
1981 5223 2045 5264 ac

475 5302 733 5372 praesules
767 5303 1017 5360 Ecclesia:
1047 5318 1178 5359 suae.
1208 5301 1314 5359 Vos
1357 5302 1564 5358 scilicet
1603 5302 1801 5371 quibus
1830 5300 2046 5356 diceba-

471 5405 586 5460 tur,
627 5413 646 5446 ι
681 5393 833 5450 Unde
883 5397 1011 5451 estis
1043 5413 1162 5463 vos,
1207 5406 1262 5454 et
1313 5396 1454 5451 unde
1493 5411 1630 5466 opus
1663 5394 1939 5449 vestrum?
1976 5410 2045 5449 ex

473 5493 620 5539 terra
659 5482 710 5536 in
743 5481 1192 5554 abominatiouem
1221 5486 1498 5555 elegerunt
1524 5500 1637 5542 vos.
1668 5502 1687 5536 ι

555 5572 719 5628 Vens.
742 5571 812 5626 26
872 5589 891 5622 ι
926 5572 1053 5638 Quis
1095 5576 1237 5629 enim
1273 5576 1603 5632 anmmtiabit
1645 5574 1802 5632 nobis
1833 5590 1895 5631 ca
1929 5589 2049 5646 quae

479 5675 612 5722 sunt
653 5681 683 5720 a
716 5667 998 5736 pri‘ncqno,
1030 5677 1085 5721 ut
1133 5683 1521 5736 cognoscamus
1548 5680 1598 5726 ct
1626 5685 1718 5739 cu,
1749 5687 1864 5740 qua:
1896 5672 2042 5740 prius

2141 4476 2266 4546 γῆν.
2301 4495 2318 4526 ι
2358 4474 2555 4528 Τοῦτον
2588 4472 2680 4529 οὖν
2715 4477 2802 4529 τὸν
2836 4476 2896 4540 ἐξ
2933 4475 3102 4529 ἐθνῶν
3134 4475 3280 4539 λαὸν,
3315 4477 3592 4548 ἐξήγειρα,
3627 4496 3730 4549 φη-

2145 4569 2251 4632 σὶν,
2279 4567 2386 4622 ἀπὸ
2411 4567 2610 4638 Βοῤῥᾶ,
2643 4568 2726 4620 ἵνα
2759 4568 2956 4639 μηκέτι
2981 4569 3038 4622 ἐν
3065 4569 3212 4639 αὐτῷ
3312 4568 3524 4623 καλέσω
3553 4570 3610 4624 δὲ
3628 4573 3732 4626 καὶ

2143 4661 2236 4714 τὸν
2268 4661 2360 4730 ἀφ’
2395 4659 2544 4726 ἡλίου
2569 4660 2864 4725 ἀνατολῶν,
2892 4661 3138 4715 τουτέστι
3167 4662 3255 4715 τὸν
3285 4663 3539 4735 Χριστόν.

2219 4859 2237 4890 ι
2290 4840 2661 4912 Ἐρχέσθωσαν
2691 4840 2977 4909 ἄρχοντες,
3005 4839 3100 4892 καὶ
3121 4839 3194 4902 ὡς
3221 4839 3392 4910 πηλὸς
3415 4839 3727 4912 κεραμέως,

2145 4933 2238 4985 καὶ
2256 4932 2330 4997 ώς
2347 4931 2623 5002 κεραμεὺς
2651 4929 2983 4986 καταπατῶν
3007 4932 3099 4985 τὸν
3125 4932 3313 5003 πηλὸν,
3362 4933 3501 4986 οὕτω
3557 4950 3733 4987 κατα-

2147 5022 2524 5095 πατηθήσεσθε
2547 5043 2559 5053 ⁸
2599 5043 2616 5075 ι
2656 5024 2772 5093 ἦτοι
2796 5025 2922 5089 τοὺς
2941 5027 3042 5096 τὴν
3073 5025 3239 5079 αὐτοῦ
3269 5025 3542 5096 βασιλείαν
3568 5027 3731 5097 δορυ-

2155 5113 2454 5186 φοροῦντας
2482 5115 2744 5183 ἀγγέλους
2774 5114 2946 5180 οὖτως
2976 5116 3278 5187 ὀνομάζων,
3299 5117 3367 5168 δι’
3393 5111 3467 5169 ὧν
3489 5117 3588 5186 τὴν
3625 5135 3727 5170 κα-

2154 5207 2393 5279 θαίρεσιν
2425 5209 2521 5278 τῆς
2546 5207 2703 5262 ἀθέου
2732 5208 2938 5280 πλάνης
2959 5209 3280 5279 γεγενῆσθαί
3315 5226 3506 5281 φησιν’
3537 5209 3569 5281 ἦ
3601 5211 3729 5274 τοὺς

2153 5297 2414 5370 ἄρχοντας
2427 5299 2520 5352 καὶ
2534 5299 2877 5371 προεστῶτας
2890 5301 2987 5370 τῆς
3002 5301 3323 5369 Ἐκκλησίας
3336 5301 3520 5356 αὐτοῦ.
3539 5302 3729 5372 Ὑμεῖς

2153 5391 2372 5464 δηλαδὴ.
2397 5386 2476 5455 οἷς
2488 5392 2720 5461 ἐλέγετο,
2735 5393 2814 5445 ὅτι
2848 5412 2865 5443 ι
2888 5392 3054 5445 Πόθεν
3078 5394 3200 5445 ἐστέ
3238 5394 3412 5462 ὑμεῖς,
3438 5395 3531 5447 καὶ
3563 5393 3730 5447 πόθεν

2157 5486 2191 5554 ή
2208 5483 2437 5556 ἐργασία
2457 5482 2644 5555 ῦμῶνς
2678 5484 2853 5554 ἐκγῆς
2888 5481 3160 5554 βδέλυγμα
3190 5483 3501 5552 ἐξελέξαντο
3515 5486 3681 5554 ὑμᾶς.
3703 5504 3723 5536 ι

2228 5595 2246 5627 ι
2285 5574 2382 5640 Τίς
2428 5575 2536 5647 γὰρ
2582 5575 2871 5643 ἀναγγελεῖ
2910 5575 2978 5626 τὰ
3024 5573 3082 5640 ἐξ
3120 5557 3327 5646 ἀρχῆς,
3362 5576 3448 5628 ἶνα
3507 5576 3728 5645 γνῶμεν

2154 5670 2247 5724 καὶ
2279 5667 2346 5723 τὰ
2402 5667 2725 5737 ἔμπροσθεν,
2762 5666 2853 5722 καὶ
2896 5665 3148 5736 ἐροῦμεν,
3190 5668 3270 5721 ὅτι
3316 5665 3486 5738 ἀληθῆ
3543 5667 3721 5730 ἑστιν;
