4072 6194
290 275 391 332 585

1205 233 1718 329 communis
1755 273 1820 328 ιιι
1861 274 2118 334 ιδλιειι.
2159 303 2226 318 ο-
2265 275 2416 361 car.
2457 276 2616 334 χιιι.

3421 292 3531 351 386

282 396 381 448 οὐκ
424 391 577 446 ἔστιν
623 393 653 446 6
691 389 991 463 προλέγων,
1046 390 1170 444 οὐδὲ
1223 394 1252 444 6
1297 391 1514 445 ἀκούων
1560 392 1713 463 ὑμῶν
1741 393 1855 458 τοὺς

1972 393 2220 458 luerunt,
2246 407 2300 450 et
2328 395 2570 452 dicamus
2601 411 2724 453 vera
2767 401 2921 455 esse?
2954 417 3060 457 non
3087 413 3172 460 est
3199 405 3290 475 qui
3337 415 3532 477 praedi-

283 485 505 553 λόγους.
581 504 602 536 ι
664 482 859 551 Διπλῆν
898 483 1015 552 ἔχει
1069 482 1333 547 διάνοιαν,
1368 483 1444 546 ὡς
1490 485 1626 554 μήτε
1683 485 1861 538 αὐτῶν

286 577 532 644 ἑχόντων
564 574 742 641 λόγον,
775 573 863 627 διά
891 573 954 626 τὸ
1013 569 1176 644 μηδὲν
1220 573 1498 638 δύνασθαι,
1545 577 1681 647 μήτε
1730 575 1864 629 εἰδέ-

289 685 408 728 ναι,
460 668 592 737 μήτε
619 667 720 719 τῶν
757 665 928 718 πάλαι
975 667 1105 738 περὶ
1151 665 1292 720 αὐτὰ
1324 667 1689 739 πλανωμένων
1739 669 1862 722 ἐπι-

299 761 567 826 μενόντων
595 760 654 827 τῇ
700 758 912 830 *πλάνῃ⁸
947 757 1314 828 ὡφελημένων
1365 758 1421 812 δὲ
1461 759 1566 812 ὑπὸ
1612 758 1707 814 τοῦ
1765 762 1863 831 τῆς

298 849 550 918 ἀληθείας
574 849 782 916 -·λὸγου,
819 849 896 913 ὡς
956 849 1151 920 μηκέτι
1200 849 1428 913 ἐκείνοις
1463 852 1720 921 παρέχειν
1745 849 1862 916 ’τὰς

301 941 476 1002 ἀκοὰς,
496 941 577 993 διὰ
599 941 657 993 τὸ
675 941 1077 1010 κατεγνωκέναι
1088 940 1187 1009 τῆς
1221 941 1454 1004 παλαιᾶς
1486 943 1718 1013 ἀπάτης.

363 1141 381 1172 ι
426 1120 621 1192 Ἀρχὴν
663 1118 806 1172 Σιὼν
833 1119 1012 1181 δώσω,
1072 1121 1167 1173 καὶ
1212 1121 1564 1194 Ἰερουσαλὴμ
1609 1141 1861 1194 παρακαι

283 1213 417 1267 λέσω
440 1214 519 1276 εἰς
545 1212 687 1266 ὁδόν.
726 1230 743 1262 ι
788 1215 854 1265 Ὃ
884 1213 1032 1281 λέγει
1061 1215 1298 1269 τοιοῦτόν
1343 1218 1459 1268 ἐστι
1478 1232 1492 1245 ’
1539 1217 1858 1285 Γινώσκετε,

280 1300 323 1358 ὦ
365 1305 670 1376 ἄνθρωποι,
700 1306 776 1369 ὠς
807 1308 871 1375 τῇ
927 1304 1218 1376 Ἐκκλησία
1240 1310 1306 1378 τῇ
1342 1309 1468 1378 ἐμῇ,
1521 1310 1586 1379 τῇ
1640 1310 1732 1361 καὶ
1772 1308 1862 1362 διὰ

279 1399 382 1450 τῶν
415 1397 729 1469 ἔμπροσθεν
766 1396 1130 1468 ὠνομασμένη
1173 1395 1310 1450 Σιὼν
1350 1382 1443 1452 καί
1485 1399 1858 1472 Ἰερουσαλὴμ,

279 1491 436 1554 αὐτὸς
465 1489 580 1559 ἐγὼ
600 1481 758 1542 δῶσω
783 1488 881 1559 τὴν
936 1488 1076 1540 κατά
1103 1489 1320 1543 πάντων
1360 1491 1556 1562 ἀρχὴν,
1618 1494 1712 1547 καὶ
1760 1494 1862 1564 τὴν

290 1585 623 1655 Ἐκκλησίαν
659 1601 759 1655 μου
803 1581 1186 1653 παρακαλέσω,
1231 1585 1324 1636 καὶ
1369 1584 1519 1656 θήσω
1559 1585 1728 1657 αὐτὴν
1780 1589 1860 1650 εἰς

273 1676 412 1731 ὑῶν.

1965 495 2071 548 cat,
2102 501 2274 556 neque
2317 488 2408 556 qui
2443 488 2628 542 audiat
2656 503 2934 546 sermones
2961 505 3190 550 vestros.
3215 515 3234 548 ι
3274 496 3398 552 Haec
3433 499 3534 554 du-

1965 577 2086 648 plici
2134 594 2286 634 more
2323 580 2550 650 intelligi
2597 593 2848 650 possunt;
2887 593 2945 637 ιιι
2988 600 3164 651 neque
3208 587 3281 641 illi
3327 605 3536 645 sermo-

1964 683 2108 732 nem,
2135 685 2294 740 quem
2327 670 2623 740 proferant,
2659 672 2916 736 habeant,
2944 677 3089 742 quod
3136 677 3268 730 nihil
3299 681 3533 746 valeam,

1963 760 2202 829 nihilque
2245 762 2459 827 sciant;
2512 776 2686 830 neque
2719 762 2817 828 illi,
2848 763 2974 818 olim
3016 766 3097 820 his
3141 767 3196 821 in
3243 769 3403 824 rebus
3443 786 3534 826 er-
3610 815 3613 817 .

1964 862 2166 915 rantes,
2194 851 2248 906 in
2281 867 2469 907 errore
2499 863 2784 919 maneant;
2817 856 2910 908 sed
2943 857 3108 910 verbo
3156 858 3400 914 veritatis
3441 861 3535 912 ad-

1959 942 2085 1012 juti,
2115 943 2428 998 nullatenus
2452 943 2584 1011 ipsis
2607 960 2766 998 aures
2797 949 3090 1014 prazbeant,
3117 950 3259 1017 quod
3293 951 3532 1019 priscum

1962 1050 2202 1091 errorem
2230 1036 2676 1106 deprehenderint
2699 1048 2754 1091 et
2781 1039 3109 1095 damuarint.

2039 1127 2196 1182 Vens.
2223 1128 2312 1181 27.
2353 1146 2372 1179 ι
2404 1127 2770 1195 Principatum
2803 1129 2930 1183 Sion
2961 1130 3120 1196 dabo,
3149 1144 3204 1187 et
3229 1131 3530 1190 Jerusalem

1961 1220 2282 1274 consolabor
2312 1220 2366 1274 in
2395 1221 2501 1274 via.
2530 1239 2551 1272 ι
2575 1219 2697 1274 Haec
2725 1232 2806 1275 est
2841 1222 2967 1275 dicti
3003 1227 3308 1282 sententia:
3348 1227 3528 1284 Heus!

1963 1326 2058 1366 vos
2116 1312 2380 1378 homines,
2429 1312 2728 1380 agnoscite,
2785 1326 2868 1365 me
2903 1313 3156 1369 Ecclesiae
3200 1335 3364 1382 mem,
3416 1336 3534 1389 qua

1964 1405 2110 1472 prius
2149 1403 2278 1458 Sion
2319 1415 2374 1457 et
2412 1402 2712 1458 Jerusalem
2763 1415 2951 1459 vocata
2988 1406 3111 1470 fuit,
3167 1408 3530 1479 principatum

1965 1494 2016 1548 in
2052 1511 2240 1548 omnes
2287 1497 2535 1549 (laturum
2567 1511 2706 1562 esse,
2752 1513 2814 1550 ac
2865 1496 3162 1552 Ecclesium
3196 1516 3370 1556 meam
3405 1518 3535 1557 con-

1961 1586 2260 1642 solaturum
2295 1589 2699 1659 positurumque
2731 1589 2780 1642 in
2817 1590 2918 1643 via.

310 1799 330 1815 .
351 1789 370 1818 ι
406 1767 540 1820 Ἀπὸ
602 1767 712 1836 γὰρ
739 1765 848 1820 τῶν
885 1766 1056 1821 ἐθνῶν
1093 1767 1200 1820 ἰδοὺ
1227 1763 1429 1828 οὐδείς’
1476 1763 1570 1817 καὶ
1613 1762 1720 1818 ἀπὸ
1753 1764 1855 1816 τῶν

2035 1765 2196 1821 Vnus.
2223 1768 2313 1831 28,
2348 1767 2436 1822 29.
2477 1787 2496 1820 ι
2522 1770 2561 1823 Α
2596 1768 2838 1837 gentibus
2869 1771 3016 1824 enim
3047 1784 3176 1827 ecce
3222 1773 3400 1829 nullus
3430 1784 3532 1839 est,

279 1858 511 1911 εἰδώλων
541 1858 722 1911 αὐτῶν
751 1859 850 1911 ούκ
875 1854 943 1929 ἦν
969 1860 998 1911 6
1030 1855 1392 1925 ἀναγγέλλων.
1440 1856 1552 1909 Καὶ
1580 1855 1675 1908 ὲάν
1718 1857 1858 1927 sput-

280 1952 430 2022 τὴσω
476 1951 694 2014 αὐτοὺς,
750 1950 922 2004 Πόθεν
967 1950 1119 2009 ἐστές
1164 1949 1222 2001 οὐ
1258 1949 1332 2019 μὴ
1365 1946 1701 2018 ἀποκριθῶσί
1745 1964 1854 2018 μοι.

283 2042 410 2094 Εἰσὶ
437 2042 543 2114 γὰρ
563 2043 611 2094 οἱ
643 2042 924 2106 ποιοῦντες
951 2043 1114 2113 ὑμᾶς,
1135 2041 1228 2095 καὶ
1265 2040 1441 2111 μάτην
1470 2041 1520 2093 οἱ
1550 2037 1858 2102 πλανῶντες

289 2133 453 2204 ὑμᾶς.
494 2154 511 2185 ι
555 2133 927 2205 Ἡλέγχθησαν
951 2133 1080 2203 γοῦν
1123 2134 1184 2187 τὸ
1213 2133 1377 2205 μηδὲν
1421 2132 1593 2195 ὄντες,
1626 2132 1720 2185 καὶ
1770 2131 1859 2184 διὰ

283 2225 442 2278 τοῦτο
467 2225 629 2296 μηδὲν
654 2225 941 2297 δυνάμενοι
961 2243 974 2256 ο
1007 2226 1087 2279 διὸ
1140 2227 1232 2279 καὶ
1266 2226 1359 2278 ὲάν
1393 2225 1725 2296 ἐπερωτήσω
1762 2224 1860 2278 αὐα-

278 2319 403 2380 rei;
434 2316 628 2369 ὁπόθεν
653 2311 782 2382 εἷεν,
814 2315 986 2378 οὐδεὶς
1014 2314 1191 2368 αὐτῶν
1214 2315 1503 2385 ἀπόκρισιν
1526 2313 1704 2367 δώσει.

787 2408 1182 2461 ΚΕΦΑΛΜΟΝ
1219 2406 1350 2460 MB’.

347 2520 370 2551 ί
421 2497 625 2553 Ἰακὼϐ
659 2501 688 2552 6
716 2501 847 2562 παῖς
871 2513 994 2570 μου,
1029 2497 1386 2567 ἀντιλήψομαι
1412 2495 1578 2549 αὐτοῦ
1603 2510 1616 2525 ο
1644 2491 1859 2564 Ἰσραὴλ

273 2594 302 2644 6
324 2592 583 2655 ἐκλεκτός
620 2609 743 2662 μου,
789 2591 1148 2663 προσεδέξατο
1174 2589 1334 2642 αὑτὸν
1369 2590 1404 2659 ἡ
1431 2587 1573 2658 ψυχή
1605 2602 1726 2658 μου.
1759 2586 1856 2638 Ἐ-

271 2685 421 2738 εωκα
447 2683 508 2735 τὸ
536 2682 758 2753 11νεῦμά
791 2699 890 2753 μου
921 2683 1006 2734 ἐπ’
1037 2681 1218 2735 αὐτόν.
1261 2700 1279 2732 ι
1312 2679 1507 2751 Εὖροις
1533 2679 1577 2732 δ’
1600 2679 1666 2731 ἀν
1684 2675 1857 2730 ταῦτα

275 2775 488 2846 συνῳδά
514 2779 627 2838 τοῖς
661 2775 746 2828 διὰ
791 2771 901 2827 τῶν
947 2773 1253 2846 ἔμπροσθεν
1281 2774 1408 2844 περὶ
1459 2771 1554 2825 τοῦ
1595 2773 1660 2823 ὲκ
1703 2769 1857 2842 ῥίζης

286 2870 486 2920 Ἰεσσαὶ
537 2865 994 2938 προελευσομὲνου
1036 2865 1505 2936 τεθεσπισμένοις.
1572 2861 1856 2925 Ἐκλεκτὺς

271 2961 331 3013 δὲ
363 2959 548 3012 οὐκέθ’
579 2959 777 3029 ὁμοίως
801 2961 913 3020 τοῖς
936 2958 1251 3022 ἀποστόλοις
1271 2975 1284 2988 ·
1320 2956 1506 3027 ἐπειδὴ
1536 2956 1681 3026 μόνῳ
1705 2951 1853 3023 αύτῷ

271 3050 522 3103 λέλεκται
545 3049 626 3113 τὸ,
661 3067 680 3099 ι
723 3051 818 3102 Ὃν
847 3047 1096 3120 ᾑρέτισεν
1124 3049 1156 3117 ἡ
1190 3047 1336 3118 ψυχή
1374 3063 1472 3117 μου
1497 3062 1510 3075 ·
1555 3063 1572 3096 ι
1603 3043 1737 3097 ἀλλά
1760 3045 1854 3097 καὶ

272 3144 332 3195 τὸ
357 3142 577 3211 πνεῦμα
598 3139 690 3193 τού
715 3139 846 3192 Θεοῦ
878 3140 970 3192 ἐπὶ
1004 3138 1162 3209 μόνον
1201 3137 1360 3191 αὑτὸν
1393 3136 1846 3190 ὲπαναπαύσατο·

277 3252 296 3283 ι
344 3234 437 3285 Ἐν
473 3231 622 3302 αὐτῷ
655 3230 764 3301 γὰρ
810 3229 1096 3300 κατῴκησε
1155 3228 1262 3281 πᾶν
1326 3227 1386 3280 τὸ
1432 3227 1707 3299 πλήρωμα
1748 3228 1851 3298 τῆς

272 3323 526 3394 θεότητος
554 3321 898 3394 σωματικῶς.
935 3341 956 3372 ι
986 3321 1182 3392 Διόπερ
1213 3319 1289 3383 ὡς
1325 3320 1481 3390 μόνος
1505 3321 1764 3392 χωρήσας
1787 3321 1850 3373 τὸ

275 3415 498 3485 Πνεῦμα
525 3416 585 3466 τὺ
610 3411 890 3484 πατρικὸν,
918 3411 984 3464 τὰ
1014 3410 1137 3481 ἑξῆς
1170 3411 1344 3464 πάντα
1367 3411 1674 3482 ἐργάζεταιν
1693 3411 1854 3479 ἔξαγ’

281 3507 477 3576 τέλλων
507 3506 574 3559 τὰ
604 3507 734 3578 περὶ
769 3505 866 3576 τῆς
900 3503 1191 3574 καθολικῆς
1220 3501 1449 3574 κρίσεως
1479 3505 1589 3566 τοῖς
1617 3502 1849 3564 ἔθνεσιν,

275 3602 348 3662 εἰς
385 3598 445 3650 τὸ
479 3593 994 3670 παρασκευάζεσθαι
1036 3596 1161 3656 τοὺς
1197 3595 1404 3658 πάντας
1453 3595 1532 3657 εἰς
1577 3594 1677 3666 τὴν
1723 3594 1849 3665 μέλ-

273 3691 472 3743 λουσαν
499 3689 594 3742 τοῦ
629 3689 762 3742 Θεοῦ
787 3688 878 3761 κρὲ
889 3707 990 3742 σιν.

349 3799 368 3831 ι
398 3781 476 3833 Οὐ
535 3779 883 3850 κεκράξεται,
913 3779 1031 3832 ούδὶ
1065 3777 1274 3848 ἀνήσει,
1300 3775 1418 3829 οὐδὲ
1456 3776 1848 3847 ἀκουσθήσεται

274 3873 378 3937 ἔξω
417 3875 449 3943 ἡ
666 3871 864 3924 αὑτοῦ·
891 3871 1140 3943 κάλαμον
1158 3869 1518 3940 τεθλασμένον
1549 3870 1611 3922 ού
1639 3869 1852 3940 συντρι-

274 3966 491 4036 ᾇειριαὶ
526 3964 668 4017 λίνον
698 3963 1088 4034 καπνιζόμενον
1121 3941 1181 4016 ού
1209 3963 1420 4016 σϐέσεισ
1447 3961 1580 4014 ἀλλὰ
1609 3963 1690 4024 εἰς
1721 3962 1854 4033 ἀλή-

272 4057 425 4110 θειαν
451 4053 649 4118 ὲξοὲσει
696 4054 894 4126 κρέσιν.
942 4074 958 4104 ι
1012 4054 1247 4124 Σύνηθες
1290 4057 1354 4125 τῇ
1404 4053 1523 4124 θείᾳ
1553 4053 1745 4124 Γραφῇ
1774 4053 1854 4125 τῷ

277 4148 368 4218 τῆς
396 4147 578 4216 ψυχῆς
616 4146 821 4217 ὄμματι
860 4145 1234 4216 καταχρᾶσθαι
1263 4146 1355 4197 ἐπὶ
1381 4143 1474 4197 τοῦ
1506 4143 1641 4197 Θεοῦ
1662 4160 1675 4173 ο
1731 4145 1852 4197 ἐπεὶ

272 4240 365 4291 καὶ
399 4239 586 4302 πόδας,
608 4240 700 4290 καὶ
722 4241 930 4308 χεῖρας,
955 4239 1048 4290 καὶ
1074 4236 1387 4300 δακτύλους,
1415 4237 1508 4290 καὶ
1540 4235 1855 4306 ὀτρθαλμοὺς

273 4330 408 4385 Θεοῦ
444 4329 636 4384 εἴωθεν
657 4326 1134 4399 ἀνθρωπινώτερον
1172 4327 1558 4400 προφέρεσθαι.
1595 4326 1733 4398 Περὶ
1756 4327 1852 4379 αὐ-

1960 1870 2017 1915 et
2041 1863 2107 1916 de
2155 1862 2312 1917 idolis
2350 1876 2534 1916 earum
2589 1879 2697 1916 non
2724 1871 2841 1917 erat
2873 1865 2961 1931 qui
2993 1865 3355 1922 annuntiaret.
3391 1868 3454 1922 Et
3487 1870 3532 1924 si

1961 1952 2364 2019 interrogarem
2395 1968 2511 2017 eos,
2551 1951 2703 2008 Unde
2739 1954 2918 2009 estis?
2978 1971 3082 2012 non
3132 1959 3532 2027 respondebunt

1961 2042 2114 2097 mihi.
2145 2041 2282 2097 Sunt
2310 2043 2452 2097 enim
2476 2041 2566 2112 qui
2595 2039 2800 2097 faciunt
2825 2052 2880 2096 et
2909 2043 3001 2112 qui
3044 2042 3244 2099 frustra
3268 2046 3532 2102 seducunt

1961 2146 2075 2188 vos.
2103 2151 2121 2185 ι
2162 2133 2307 2187 Nihil
2337 2148 2432 2188 eos
2475 2149 2620 2200 esse,
2646 2143 2702 2189 et
2734 2135 2852 2188 ideo
2889 2134 3020 2188 nihil
3055 2150 3240 2205 posse,
3286 2151 3534 2206 compro-

1959 2222 2140 2276 batum
2191 2232 2321 2278 est:
2366 2240 2536 2294 quare
2591 2225 2636 2280 si
2687 2225 3097 2295 interrogavere
3128 2239 3222 2281 eos
3265 2227 3534 2282 undeuam

1958 2314 2088 2379 sint,
2115 2328 2300 2369 eorum
2340 2330 2500 2370 nemo
2534 2315 2901 2385 respondebit.

2538 2407 2764 2464 CAPUT
2806 2407 2964 2463 XLII.

2034 2493 2196 2550 Vsus.
2228 2497 2282 2550 l.
2318 2512 2336 2547 ι
2365 2493 2538 2552 Iacob
2593 2513 2730 2565 puer
2783 2513 2935 2553 mens
2957 2538 2974 2565 ,
3026 2498 3318 2570 suscipiam
3363 2513 3486 2570 eum
3517 2519 3538 2558 :

1959 2588 2121 2642 Israel
2151 2588 2356 2644 electus
2386 2602 2561 2653 meus,
2591 2589 2829 2658 suscepit
2857 2604 2981 2644 eum
3017 2591 3196 2644 anima
3231 2605 3369 2646 mea.
3401 2593 3537 2650 Dedi

1960 2678 2219 2750 Spiritum
2255 2694 2430 2733 meum
2471 2695 2634 2750 super
2668 2695 2813 2735 eum.
2842 2699 2860 2732 ι
2899 2680 3022 2736 Ilaec
3067 2698 3306 2738 consona
3344 2687 3532 2754 depre-

1961 2770 2160 2822 hendas
2194 2769 2280 2831 iis,
2309 2783 2427 2836 qua:
2450 2768 2702 2838 superius
2728 2769 2794 2823 de
2823 2784 2909 2833 eo,
2935 2770 3026 2837 qui
3055 2787 3120 2825 ex
3153 2774 3332 2828 radice
3359 2773 3533 2832 less-at

1958 2860 2270 2928 proditurus
2309 2870 2468 2928 erat,
2524 2860 2978 2930 praznuutiantnr.
3034 2863 3255 2919 Electus
3301 2875 3482 2921 autem
3510 2909 3528 2935 ,

1960 2966 2063 3005 non
2113 2951 2255 3006 sicut
2297 2953 2560 3022 apostoli,
2605 2953 3042 3024 quandoquidem
3086 2958 3153 3009 de
3196 2955 3287 3011 illo
3321 2965 3532 3014 tantum

1958 3041 2174 3107 dicitur,
2225 3061 2244 3096 ι
2276 3042 2449 3112 Elegit
2498 3059 2620 3099 eum
2672 3045 2848 3099 anima
2897 3061 3048 3112 mea;
3079 3065 3098 3100 ι
3136 3060 3322 3102 verum
3369 3050 3532 3105 etiam

1957 3131 2194 3202 Spiritus
2233 3134 2322 3189 Dei
2373 3135 2426 3190 in
2460 3136 2576 3206 ipso
2605 3136 2721 3192 solo
2752 3137 3061 3207 requievit:
3099 3137 3151 3192 in
3198 3137 3294 3194 illo
3334 3138 3533 3209 quippe

1959 3241 1978 3274 ι
2009 3224 2275 3279 habitavit
2324 3227 2500 3282 omnis
2549 3227 2826 3296 plenitudo
2881 3227 3179 3283 divinitatis
3233 3230 3534 3299 corporali-

1954 3315 2146 3369 ter".t
2176 3318 2562 3383 Quamobrem,
2592 3331 2648 3372 ιιι
2669 3320 2762 3390 qui
2789 3319 2936 3374 solus
2963 3329 3244 3390 paternum
3271 3320 3534 3391 Spiritum

1953 3407 2006 3462 in
2058 3420 2117 3462 se
2151 3409 2435 3478 receperit,
2479 3411 2659 3464 omnia
2702 3412 2802 3465 sub
2859 3412 2971 3465 haec
3015 3421 3260 3466 enarrata
3307 3412 3535 3481 peragit,

1953 3501 2202 3570 gentibus
2249 3502 2578 3555 annuntians
2622 3515 2718 3566 ea,
2758 3517 2877 3570 «tua:
2920 3504 2986 3558 ad
3041 3503 3170 3559 illud
3225 3504 3531 3560 universale

1951 3592 2209 3661 judicium
2250 3593 2542 3662 pertinent,
2572 3603 2628 3647 ut
2655 3607 2846 3648 Omnes
2877 3595 2944 3648 ad
2978 3589 3218 3648 futurum
3253 3595 3345 3648 Dei
3383 3595 3534 3664 judi-

1955 3685 2096 3739 cium
2128 3701 2302 3753 przepa
2311 3692 2412 3740 ret.

2028 3775 2326 3843 Vens.2,5.
2369 3795 2389 3828 ι
2425 3775 2540 3831 Non
2577 3776 2868 3838 clamabit,
2915 3791 3086 3847 neque
3126 3775 3391 3842 dimittet,
3442 3791 3532 3832 ne-

1955 3883 2062 3940 que
2103 3872 2354 3925 audietur
2388 3870 2520 3926 foris
2555 3884 2658 3924 vos
2695 3868 2854 3938 ejus:
2889 3870 3156 3925 calamum
3201 3884 3533 3939 conquassa-

1959 3974 2069 4020 tum
2115 3981 2220 4020 uon
2260 3976 2524 4029 conteret,
2553 3977 2607 4020 et
2651 3965 2820 4018 linunt
2857 3964 3128 4034 l'umigans
3171 3978 3274 4017 non
3323 3966 3534 4018 exstin—

1958 4065 2118 4126 guet;
2150 4057 2243 4110 sed
2286 4057 2337 4109 in
2381 4058 2614 4111 veritate
2659 4053 2796 4109 feret
2823 4055 3082 4124 judicium
3130 4074 3149 4107 ι
3189 4054 3336 4110 Solet
3382 4056 3534 4109 Scri-

1959 4159 2115 4216 ptura
2148 4147 2327 4201 divina
2361 4148 2559 4200 mentis
2599 4146 2755 4199 oculo
2791 4147 2889 4212 uti,
2935 4160 3057 4199 cum
3107 4147 3172 4200 de
3207 4145 3314 4200 Deo
3351 4145 3524 4214 loqui-

1960 4247 2046 4290 tur
2069 4256 2083 4291 :
2110 4237 2548 4306 quandoquidem
2585 4237 2770 4304 pedes,
2804 4251 3017 4303 manus,
3046 4237 3244 4306 digitos
3268 4246 3324 4292 ct
3349 4236 3534 4291 oculos

1961 4327 2051 4381 Dei
2084 4329 2226 4383 solet
2255 4329 2491 4383 humano
2523 4342 2670 4382 more
2701 4327 2966 4397 proferre.
3003 4327 3077 4383 De
3105 4327 3322 4382 Christo
3348 4336 3530 4381 autem

278 4422 364 4475 τού
389 4421 446 4474 δὲ
473 4419 568 4471 τοῦ
607 4418 841 4490 Χριστοῦ
875 4418 1045 4472 ταῦτα
1076 4419 1325 4486 λέγεται,
1375 4417 1671 4490 ἐπειδήπερ
1717 4415 1852 4489 ἡσύ-

1963 4420 2075 4474 htec
2107 4419 2228 4475 ideo
2254 4419 2525 4484 dicuntur,
2569 4419 2693 4488 quia
2735 4419 2822 4475 ille
2853 4419 3063 4490 placide
3097 4430 3152 4473 et
3195 4421 3378 4488 quiete
3427 4419 3533 4474 hu-

271 4532 384 4586 χως
415 4515 512 4566 καὶ
555 4514 743 4583 πράως
776 4512 867 4563 τὸν
915 4509 1249 4582 ἀνθρώπινον
1301 4508 1549 4563 διώδευσε
1601 4509 1733 4578 βίον.
1780 4509 1855 4574 ὡς

272 4607 415 4678 μηδὲ
435 4608 549 4667 τοῖς
573 4606 663 4657 ὑπ’
696 4605 862 4657 αὑτοῦ
891 4602 1343 4674 θεραπευομένοις
1361 4603 1674 4672 ἐπιτρέπειν
1694 4595 1855 4654 αὑτὸν

270 4698 510 4770 φανερὸν
543 4699 714 4748 ποιεῖν
735 4698 846 4758 τοῖς
881 4696 1044 4748 πᾶσιν
1070 4710 1083 4724 ·
1112 4693 1256 4747 οὕτω
1282 4693 1412 4766 γὰρ,
1434 4694 1616 4764 φησιν,
1649 4693 1857 4764 ἀψοφη-

270 4790 323 4841 τὶ
355 4790 451 4842 καὶ
475 4785 690 4857 ἡσύχως
712 4785 1043 4839 διελεύσεται
1073 4785 1165 4838 τὸν
1193 4787 1250 4837 ὲν
1278 4783 1581 4856 ἀνθρώποις
1620 4783 1752 4854 βίον,
1782 4783 1857 4846 ὡς

271 4881 414 4953 μηδὲ
443 4879 536 4932 τὸν
556 4878 786 4950 τυχόντα
813 4877 1094 4949 ἄνθρωπον
1123 4877 1357 4947 λυπῆσαι
1391 4875 1484 4929 τὸν
1515 4877 1730 4930 πάντων
1759 4893 1856 4929 τα-

270 4970 631 5042 πεινὼτερον,
665 4971 757 5023 καὶ
786 4969 1193 5041 ἀσθενέστερον,
1227 4967 1456 5038 καλάμῳ
1479 4967 1565 5020 διὰ
1600 4967 1658 5019 τὸ
1696 4965 1856 5019 ἀσθε-

270 5066 363 5124 νὲς
386 5063 812 5134 ἀπεικασμένον.
857 5061 1012 5115 Λίνον
1036 5062 1095 5115 δὲ
1137 5061 1436 5132 τυφόμενον
1471 5062 1644 5120 εἴποις
1680 5059 1745 5113 ἂν
1774 5055 1854 5112 εἷ-

270 5173 366 5211 ναι
401 5155 494 5209 τὸν
522 5155 644 5226 εικῆ
679 5154 1058 5224 φυσιούμενον,
1088 5154 1193 5208 ὑπὸ
1215 5153 1309 5207 τοῦ
1341 5153 1458 5216 νοὸς
1492 5152 1590 5222 τῆς
1654 5151 1854 5224 σαρκὸς

269 5249 447 5306 αὐτοῦ
485 5247 791 5321 ἐπηρμένον
825 5248 918 5302 καὶ
940 5247 1338 5317 τετυιιςωμένον,
1367 5247 1426 5299 ὃν
1473 5247 1534 5298 ού
1568 5244 1849 5310 κωλύσειν,

271 5342 402 5397 οὑδὲ
440 5340 668 5394 παύσειν
726 5341 943 5409 ἐλέγετο
975 5338 1069 5392 τοῦ
1103 5338 1421 5410 ἑπάρματος
1451 5341 1478 5392 6
1511 5337 1848 5409 προφητευό-

276 5451 462 5506 μενος.
506 5434 572 5486 Ὃ
597 5433 662 5504 δὴ
695 5433 791 5487 καὶ
821 5433 966 5504 ἔργῳ
997 5431 1232 5503 ἐπλήρου
1262 5433 1289 5484 6
1318 5431 1549 5503 Χριστὸς
1575 5429 1853 5501 ἐπιδημῶν

276 5527 352 5601 τῷ
409 5521 595 5598 θνητῷ
630 5525 754 5597 βίῳ·
811 5525 934 5579 οὔτε
964 5520 1056 5579 οὖν
1089 5522 1340 5576 ταπεινόν
1368 5540 1486 5576 τινα
1521 5523 1612 5576 κατ.
1652 5521 1851 5593 ἀσθενῆ

382 5727 431 5758 ’³
461 5726 649 5790 Colat,
679 5723 731 5781 9.

1964 4527 2177 4565 manant
2210 4525 2465 4567 emensus
2498 4521 2583 4566 est
2612 4511 2810 4579 vitam,
2845 4513 2916 4566 ita
2952 4522 3008 4564 ut
3039 4526 3104 4564 ne
3151 4510 3254 4565 illis
3287 4511 3531 4580 quidem,

1962 4605 2116 4674 queis
2193 4604 2456 4659 medelam
2544 4606 2759 4670 attulit,
2826 4605 3164 4675 permitteret
3229 4614 3287 4657 ιιι
3356 4603 3529 4672 ipsum

1961 4699 2212 4754 omnibus
2240 4698 2415 4769 palam
2449 4700 2710 4756 facerent.
2756 4698 2938 4768 Usque
2966 4698 3121 4758 adeo,
3167 4697 3366 4768 inquit,
3412 4699 3534 4752 sine

1963 4793 2190 4862 Strepitu
2247 4808 2310 4850 ac
2358 4793 2541 4863 quiete
2593 4793 2886 4847 humanam
2946 4791 3208 4858 transiget
3253 4790 3442 4853 vitam,
3473 4798 3533 4842 ut

1965 4899 2033 4938 ne
2071 4884 2152 4938 vel
2191 4884 2413 4939 minimo
2457 4900 2521 4938 ex
2572 4885 2881 4939 hominibus
2951 4883 3255 4939 molestiam
3321 4884 3527 4952 pariat,
3587 4945 3598 4960 ι

1961 4977 2169 5030 etiamsi
2202 4975 2292 5031 ille
2322 4976 2657 5032 humillimus
2681 4985 2736 5032 et
2773 4975 3134 5029 debilissimus
3160 4973 3397 5027 omnium
3426 4971 3530 5036 sit,

1962 5078 2025 5119 ac
2059 5065 2444 5122 imbecillitatis
2480 5083 2642 5123 causa
2686 5067 2894 5122 calamo
2939 5077 3301 5136 comparetur.
3334 5065 3528 5120 Linum

1964 5172 2089 5211 vero
2133 5158 2400 5228 lumigaus
2439 5160 2642 5214 dixeris
2666 5176 2788 5214 eum
2818 5175 2960 5224 esse,
3007 5158 3096 5227 qui
3137 5167 3316 5211 mente
3347 5157 3533 5211 carnis

1961 5263 2072 5304 suae
2111 5247 2305 5314 elatus,
2341 5259 2541 5306 temere
2572 5250 2810 5316 inﬂatur,
2837 5265 2998 5321 quem
3045 5265 3150 5304 non
3185 5251 3252 5304 ah
3297 5249 3532 5304 elatione

1962 5341 2296 5397 cnhibiturus
2323 5358 2441 5398 esse
2483 5343 2679 5397 dicitur
2709 5345 2774 5408 is,
2816 5343 2905 5412 qui
2950 5343 3000 5396 in
3033 5342 3315 5412 prophetia
3357 5358 3526 5396 enun-

1964 5434 2147 5488 tiatur.
2189 5430 2355 5503 ldque
2398 5447 2527 5487 sane
2569 5433 2820 5488 Christus
2869 5433 2920 5487 in
2973 5433 3184 5486 tnurtali
3227 5435 3332 5486 vlta
3375 5446 3530 5501 pere-

1961 5524 2226 5594 grinatns,
2268 5537 2428 5594 opere
2481 5523 2766 5592 complevit
2808 5541 2820 5577 :
2855 5540 3028 5595 neque
3074 5525 3216 5578 cnim
3271 5525 3528 5579 humilem
