4072 6194
285 265 380 322 889

1207 262 1710 322 COMMENTABIA
1751 265 1817 321 IN
1854 266 2115 329 15AM“.
2153 299 2224 312 -—
2258 269 2408 328 CAP.
2449 272 2605 331 XLII.

277 387 369 440 καὶ
419 383 611 458 τρίτον
657 383 955 455 χαριεῖσθαι
1005 384 1153 455 αὖτῷ
1199 386 1370 458 δῶρον
1432 387 1620 460 ὥσπερ
1646 405 1697 442 τι
1741 388 1834 458 etin

1961 399 2252 462 ttensurum
2281 433 2296 456 ,
2335 392 2619 462 ipsumque
2659 394 3135 454 commoraturum
3163 442 3178 463 .
3213 415 3277 456 ac
3303 407 3518 462 tertium

277 477 450 544 μέγα,
477 477 616 530 πᾶσι
645 480 749 538 τοῖς
771 476 978 529 εονεσιν
1007 477 1397 546 ἐπαγγέλλεται
1435 480 1606 548 λέγων
1625 497 1638 510 ·
1680 501 1698 532 ι
1745 481 1855 535 Καὶ

274 566 466 619 ἱδωκά
488 582 551 620 σε
571 569 658 630 είς
684 566 944 638 διαθήκην
979 568 1191 636 γένους,
1219 571 1300 633 είς
1341 570 1456 639 φῶς
1479 571 1668 626 ἐθνῶν.
1701 593 1720 624 ι
1747 574 1856 628 {1&-

277 657 374 711 λαι
415 659 517 728 μὲν
537 655 628 710 οὖν
654 659 736 711 διὰ
763 659 1050 722 Messen;
1076 660 1174 728 τὴν
1204 660 1442 714 παλαιὰν
1471 663 1750 736 Atelli)qu
1775 664 1855 735 τῷ

294 747 566 802 Ἰουδαίων
592 749 756 803 ἐδίδου
785 749 898 820 λαῷ
924 766 938 779 ο
978 750 1206 804 ἐνταῦθα
1234 752 1288 804 δὲ
1327 752 1422 806 τὸν
1450 756 1856 826 προφητευόμε-

286 859 382 893 νον
409 843 488 904 είς
514 839 764 910 διαθήκην
806 841 902 895 τοῦ
933 843 1124 910 γένους
1169 843 1276 896 τῶν
1300 844 1620 916 ἀνθρώπων,
1648 848 1740 902 καὶ
1772 851 1855 913 είς

291 932 408 1000 φῶς
437 931 594 984 ἐθνῶν
619 931 967 1003 δωρήσασθαί
994 951 1185 1006 φησιν·
1216 936 1362 1000 ὅπως
1395 939 1452 988 ὲν
1490 939 1638 1009 αὐτῷ
1688 957 1853 1008 φωτι-

284 1022 492 1094 ζόμενοι
514 1019 620 1076 τῶν
650 1023 821 1076 πάλαι
859 1025 960 1088 τὰς
1011 1025 1186 1098 ψυχὰς
1238 1029 1448 1098 τυφλῶν
1491 1031 1540 1082 οἱ
1583 1029 1852 1102 ὀφθαλμοὶ

276 1113 643 1183 διανοίγωνται
672 1117 767 1168 καὶ
794 1116 1138 1170 ἀναϐλέπωσι
1163 1119 1445 1190 διορῶντες
1467 1121 1564 1193 τὴν
1585 1123 1679 1177 τοῦ
1713 1123 1847 1176 Θεοῦ

270 1207 492 1274 γνῶσιν,
524 1207 602 1271 ὡς
637 1209 838 1278 μηκέτι
867 1209 1042 1274 ξύλοις
1062 1214 1153 1265 καί
1178 1211 1344 1276 λίθοις
1375 1215 1467 1268 καὶ
1494 1215 1718 1287 ἀψύχων
1746 1216 1846 1288 ὕλῃ

263 1298 362 1368 τὴν
387 1299 483 1353 τοῦ
529 1299 668 1353 Θεοῦ
721 1301 885 1372 τιμὴν
933 1304 1242 1373 ἀπονέμειν.
1289 1306 1522 1377 Ἤμελλε
1579 1307 1688 1380 γὰρ
1722 1311 1847 1373 τοὺς

268 1394 473 1459 σειραῖς
501 1391 613 1443 τῶν
633 1391 777 1444 ίδίων
805 1395 1213 1466 ἁμαρτημάτων
1237 1400 1720 1471 κατεσφιγμένους,
1752 1404 1848 1457 καὶ

259 1482 322 1533 ἐν
370 1481 552 1552 σκότῳ
591 1498 652 1534 τε
697 1483 792 1536 καὶ
837 1484 1003 1556 κακίᾳ
1036 1485 1440 1556 πεπεδημένους
1482 1488 1568 1543 διὰ
1613 1491 1712 1563 τῆς
1751 1493 1845 1545 τοῦ

249 1572 399 1626 ’Θεοῦ
454 1574 685 1646 χάριτος
746 1575 1027 1646 ἁμαρτιῶν
1086 1577 1334 1646 ἀφέσεως
1379 1580 1688 1646 καταξιοῦν,
1750 1579 1846 1637 καὶ

264 1653 452 1734 ῶσπερ
489 1664 556 1715 ὲκ
583 1661 971 1734 δεσμωτηρίων
1003 1665 1255 1718 ἀπολύειν
1281 1666 1591 1738 ἐλευθέρους
1645 1686 1706 1722 τε
1753 1671 1844 1723 καὶ

257 1751 633 1806 ἀπαλλάττειν
657 1753 753 1824 τῆς
776 1754 870 1807 τοῦ
901 1755 1148 1810 διαϐόλου
1177 1757 1416 1828 εἱρκτῆς.

337 1950 362 1982 ι
407 1931 546 1999 Ἐγὼ
592 1930 796 2002 Κύριος
825 1933 852 1985 ὁ
891 1931 1021 1996 Θεός
1040 1949 1054 1962 ·
1085 1931 1239 1986 τοῦτό
1270 1933 1372 2005 μοῦ
1421 1935 1535 1988 ἐστι
1563 1935 1623 1989 τὸ
1649 1935 1842 2006 ὄνομα,

261 2017 376 2095 1ἑὴν
406 2021 559 2090 δόξαν
606 2041 707 2095 μου
739 2025 912 2096 ἑτέρῳ
939 2024 1000 2078 οὐ
1033 2022 1209 2090 δώσω,
1231 2025 1349 2078 οὐδὲ
1371 2025 1470 2089 τὰς
1500 2027 1699 2098 ἀρετάς
1738 2045 1842 2099 μου

271 2117 389 2178 ταῖς
414 2115 678 2183 γλυπτοῖς.
711 2115 790 2169 Τἀ
819 2116 911 2169 ἀπ’
939 2116 1110 2187 ἀρχῆς
1161 2116 1266 2170 ἰδοὺ
1300 2116 1464 2185 ἥκασι
1486 2156 1500 2181 ,
1538 2120 1631 2172 καὶ
1681 2118 1843 2173 καινὰ

269 2204 431 2272 ﬁeri}:
461 2207 793 2276 ἀναγγέλλω,
828 2208 921 2260 καὶΙ
949 2209 1051 2279 πρὸ
1096 2205 1188 2260 τοῦ
1233 2207 1546 2276 ἀναγγεῖλαι
1599 2208 1839 2281 ἰδηλὼθη

265 2299 411 2369 ὑμῖν.
447 2320 467 2350 ο
513 2299 831 2370 Ἐπιστῆσαι
853 2299 1020 2366 ἀξιον,
1045 2299 1122 2363 ὡς
1153 2300 1251 2353 οὐκ
1281 2301 1522 2372 εἴρηται,
1548 2302 1657 2372 Τὴν
1684 2302 1841 2366 δόξαν

261 2406 368 2458 μου
393 2388 576 2441 οὐδενὶ
608 2387 794 2441 δώσω·
835 2389 1104 2443 δείκνυται
1154 2389 1250 2460 γὰρ
1276 2391 1304 2442 ὁ
1331 2388 1458 2453 Υίὺς
1489 2389 1581 2443 τοῦ
1629 2391 1839 2463 Πατρδς

253 2481 398 2550 {xm
419 2480 520 2551 τὴν
549 2480 736 2546 δόξανο
761 2480 821 2534 τὸ
857 2481 954 2552 μὲν
999 2481 1107 2553 γὰρ
1136 2482 1330 2544 οὐδενὶ,
1383 2483 1718 2555 ἀναιρετικὸν
1771 2479 1840 2556 ἦν

258 2570 461 2633 παντός
481 2586 495 2599 ·
519 2566 583 2622 τὲι
605 2570 670 2641 δὴ
695 2570 865 2642 ἑτέρῳ
882 2570 956 2642 μὴ
978 2567 1188 2634 δώσειν,
1219 2573 1299 2625 ἑνὶ
1332 2573 1476 2643 μόνῳ
1508 2572 1604 2644 τὴν
1633 2574 1839 2645 συγχώο

249 2677 420 2730 asty
459 2661 783 2733 γεγενῆσθαι
832 2663 1102 2734 ἐμφαίνει,
1153 2663 1352 2736 δηλαδὴ
1381 2664 1457 2735 τῷ
1500 2683 1836 2739 προφητευσ-

259 2757 409 2823 μέιῳ
448 2749 620 2816 Οὗτος
644 2753 700 2806 δὲ
719 2749 787 2825 ἦν
822 2755 957 2826 πρὸς
985 2755 1044 2808 ὃν
1072 2755 1287 2824 ἐλέγετο
1310 2773 1324 2787 .

335 2951 353 2985 ι
401 2930 670 2985 Ἐκαλεσά
733 2948 790 2985 σε
842 2933 901 2986 ἐν
942 2932 1271 3006 δικαιοσύνῃ,
1308 2936 1401 2988 καὶ
1439 2938 1693 3008 κρατήσω
1738 2937 1838 3009 τῆς

256 3024 444 3095 χειρός
474 3042 587 3088 σου,
624 3025 717 3078 καὶ
748 3024 1013 3095 ἐνισχύσω
1039 3042 1118 3090 σε,
1145 3028 1238 3081 καὶ
1264 3027 1436 3082 ἐδωκά
1461 3044 1520 3081 σε
1548 3031 1627 3092 είς
1648 3028 1835 3101 διαθή-

1960 480 2058 550 ipsi
2111 483 2311 536 donmu
2361 485 2719 550 collaturum,
2775 498 2829 544 et
2890 506 2990 545 ceu
3048 491 3222 548 lucem
3273 511 3520 567 magnam

1954 573 2203 627 omnibus
2231 577 2480 644 gentibus
2507 578 2813 634 oblaturum
2839 595 2961 637 esse
2984 584 3287 651 pollici-tur,
3313 588 3520 652 dicens,

1959 681 1980 717 ι
2012 664 2079 718 Et
2107 664 2226 720 dedi
2261 677 2310 721 te
2336 668 2386 720 in
2427 679 2804 725 testamentum
2833 676 3066 742 generis,
3098 677 3150 730 in
3182 678 3358 734 lucem
3389 697 3523 753 gen-

1954 753 2106 808 tium.
2149 773 2169 806 ι
2201 756 2339 810 Olim
2372 758 2553 827 itaque
2593 777 2689 828 per
2731 761 2966 832 Moysen:
3001 763 3165 820 Vetus
3205 766 3521 826 Testatueuo

1955 853 2062 898 tum
2095 843 2317 901 Judaico
2344 850 2540 918 populo
2569 852 2712 907 dedit
2740 869 2757 904 :
2791 856 2876 909 hic
2921 867 3100 910 autem
3146 874 3292 923 eum,
3329 862 3420 929 qui
3459 864 3516 917 in

1950 937 2228 1004 prophetia
2253 936 2424 993 fertur
2454 941 2506 994 in
2539 953 2918 998 testamentum
2961 951 3172 1016 generis
3215 951 3516 1015 hominum,

1949 1035 2005 1081 ct
2046 1030 2100 1082 iu
2129 1028 2299 1084 lucem
2327 1033 2565 1100 gentium
2601 1035 2838 1090 dandum
2886 1039 2998 1101 ait;
3027 1051 3085 1094 ut
3122 1057 3188 1095 eo
3226 1042 3517 1098 illuminati

1952 1130 2138 1172 eorum
2163 1119 2327 1183 oculi,
2359 1123 2452 1190 qui
2484 1123 2611 1176 olim
2637 1137 2812 1180 mente
2834 1131 3134 1184 crcierant
3154 1135 3512 1201 aperirentur,

1951 1224 2016 1263 ac
2051 1222 2265 1280 recepto
2297 1213 2410 1266 visu
2445 1215 2538 1268 Dei
2576 1219 2937 1287 cognitionem
2972 1237 3426 1292 assequerentur;
3456 1237 3515 1282 ut

1948 1315 2017 1356 ne
2047 1304 2188 1357 ultra
2236 1303 2422 1371 lignis,
2461 1306 2732 1376 lapidibus
2776 1320 2830 1364 et
2869 1311 3283 1369 iuauimatarum
3332 1331 3512 1372 rerum

1948 1393 2190 1448 materiae
2235 1395 2326 1448 Dei
2373 1395 2629 1450 honorem
2671 1401 3025 1455 ascriberent.
3063 1403 3276 1458 Atenim
3298 1420 3392 1461 eos
3421 1409 3514 1476 qui

1946 1495 2290 1553 peccatorum
2309 1499 2528 1540 suorum
2552 1489 3324 1564 vinculis(-onstringebautur,
3351 1507 3516 1568 atque

1949 1575 2000 1630 in
2028 1577 2266 1632 tenebris
2294 1588 2348 1632 et
2373 1579 2593 1634 malitia:
2642 1585 2990 1651 compedibus
3041 1597 3218 1651 erant,
3271 1604 3368 1658 per
3414 1590 3513 1646 Dei

1944 1667 2176 1736 gratiam
2202 1678 2541 1736 peccatorum
2593 1674 2741 1724 venia
2776 1675 3073 1730 (leuaturus
3096 1719 3110 1740 ,
3141 1695 3242 1732 ceu
3276 1697 3345 1736 ex
3384 1696 3510 1736 car-

1871 1763 1916 1823 B
1942 1772 2064 1811 cere
2105 1757 2306 1813 liberos
2333 1759 2644 1825 soluturus,
2681 1778 2746 1816 ac
2775 1778 2806 1818 e
2839 1765 3036 1820 diaboli
3093 1772 3338 1826 custodia
3385 1789 3511 1829 ere-

1944 1859 2133 1920 pturus
2163 1860 2298 1905 erat.

2017 1946 2180 2001 Vens.
2201 1947 2318 2002 8-9.
2348 1965 2369 1999 ι
2391 1939 2505 2018 Ego
2533 1948 2792 2004 Dominus
2817 1950 2960 2006 Deus
2985 1971 2998 2008 :
3033 1955 3132 2009 hoc
3151 1957 3282 2013 mihi
3311 1975 3508 2016 nomen
3579 2023 3583 2027 ,

1942 2047 2045 2105 est,
2073 2050 2126 2094 et
2153 2039 2379 2107 gloriam
2412 2057 2586 2096 meam
2617 2043 2772 2098 alteri
2802 2062 2904 2099 nou
2935 2047 3095 2112 dabo,
3125 2065 3302 2120 neque
3326 2051 3508 2108 virtu-

1943 2135 2022 2182 tes
2050 2143 2198 2183 meas
2237 2129 2598 2198 sculptilibus.
2636 2132 2766 2199 Quae
2795 2151 2824 2187 a
2871 2137 3138 2208 principio
3175 2155 3306 2196 ecce
3343 2157 3512 2198 renes

1941 2230 2089 2287 rnnt,
2124 2231 2176 2272 et
2209 2236 2342 2275 nova
2384 2236 2502 2292 qua:
2533 2239 2632 2292 ego
2655 2229 2948 2294 annuntio,
2985 2240 3037 2284 et
3081 2240 3372 2301 antequam
3406 2249 3511 2289 an-

1940 2310 2252 2366 nuntientur
2293 2312 2563 2366 declarata
2616 2325 2741 2368 sunt
2777 2317 2955 2372 vobis.
3013 2335 3032 2370 ι
3085 2321 3512 2382 Αιιίιιιιιιινετιιισ

1937 2402 2098 2457 velim
2149 2417 2254 2457 non
2313 2403 2516 2459 dictum
2567 2403 2752 2470 fuisse,
2810 2407 3039 2477 gloriam
3095 2428 3270 2467 meam
3302 2416 3508 2473 nemini

1937 2493 2078 2548 dabo
2103 2510 2116 2546 :
2159 2510 2280 2548 nam
2309 2493 2502 2549 Filium
2527 2495 2699 2552 Patris
2725 2497 2951 2568 gloriam
3001 2502 3203 2558 habere
3225 2515 3508 2562 ostensum

1935 2595 2057 2650 est;
2087 2585 2229 2654 quod
2271 2585 2414 2640 enim
2452 2588 2652 2642 nemini
2689 2591 2866 2656 detur,
2914 2592 2964 2645 id
2984 2595 3278 2662 quemlibet
3320 2599 3507 2654 exclu-

1935 2675 2053 2738 dit;
2083 2676 2224 2745 quod
2259 2685 2436 2730 autem
2469 2677 2625 2731 alteri
2661 2693 2765 2733 nou
2791 2680 2969 2745 detur,
3005 2682 3130 2738 hinc
3173 2686 3262 2740 uni
3325 2687 3502 2744 solum

1934 2762 2248 2820 c'oneessam
2279 2767 2449 2823 fuisse
2471 2769 2794 2836 declaratur,
2825 2773 3035 2828 scilicet
3060 2775 3131 2838 ei,
3163 2776 3254 2846 qui
3284 2777 3338 2832 in
3374 2793 3504 2848 pro-

1935 2856 2111 2925 phetia
2143 2855 2333 2911 fertur.
2373 2857 2470 2913 llic
2511 2874 2671 2928 porro
2717 2873 2836 2916 erat
2877 2864 2965 2918 cui
2997 2865 3321 2924 dicebatur:

2001 2969 2017 3001 ι
2032 2949 2227 3004 Vocavi
2249 2961 2298 3005 te
2317 2951 2368 3005 in
2383 2952 2670 3020 justitia,et
2689 2958 3084 3026 apprehendam
3105 2977 3319 3018 manum
3333 2973 3502 3034 tuast,

1935 3041 2298 3097 corroborabo
2333 3054 2404 3108 te,
2433 3053 2490 3098 et
2520 3045 2638 3099 dedi
2673 3055 2722 3100 te
2751 3047 2803 3101 in
2837 3058 3218 3106 testamentum
3260 3057 3499 3124 generis,

257 3133 360 3188 την
394 3118 606 3187 γένους,
638 3119 716 3180 είς
747 3118 859 3188 φῶς
887 3119 1076 3174 ἐθνῶν.
1114 3139 1133 3173 ι
1171 3121 1269 3174 Διά
1305 3121 1504 3176 τούτων
1531 3123 1609 3189 δὲ,
1655 3119 1828 3195 οἶμαι,

1938 3131 1988 3185 ἰιι
2017 3131 2188 3187 lucem
2226 3135 2494 3204 gentium.
2530 3154 2548 3187 ι
2582 3135 2676 3192 llis
2697 3153 2888 3208 porro,
2924 3150 2982 3196 ut
3013 3145 3224 3199 aestimo
3245 3187 3262 3213 ,
3287 3162 3501 3204 sermo-

256 3209 365 3264 τῶν
407 3211 583 3279 λόγων
639 3210 707 3264 τὰ
754 3213 880 3283 ἒονη
933 3213 1108 3266 πάντα
1147 3214 1425 3280 παιδεύει,
1471 3216 1675 3287 μηδένα
1730 3217 1829 3288 μὲν

256 3301 381 3359 θεὸν
430 3305 619 3375 ὑμνεῖν
652 3305 760 3358 τῶν
787 3307 953 3359 πάλαι
982 3307 1391 3379 ὀνομαζομένων
1428 3310 1610 3374 αὐτοῖς
1653 3310 1790 3366 θεῶν
1812 3328 1826 3343 ο

261 3397 420 3466 μόνον
465 3397 523 3449 δὲ
581 3397 674 3452 τὸν
718 3399 953 3468 Χριστὸν
1001 3399 1093 3452 τοῦ
1129 3399 1262 3453 θεοῦ
1289 3401 1500 3456 καὶτὸν
1539 3402 1829 3474 πέμψαντα

223 3497 234 3510 '
259 3489 420 3540 αὑτὸν
453 3488 674 3560 Πατέρα
701 3488 961 3555 δοξάζειν.

328 3623 344 3654 ι
391 3605 702 3675 Ὑμνήσατε
725 3604 802 3675 τῷ
832 3605 1020 3677 Κυρίῳ
1045 3604 1212 3677 ὕμνον
1246 3607 1456 3662 καινόν·
1488 3610 1520 3680 ἡ
1557 3610 1698 3682 ἀρχὴ
1740 3611 1830 3664 αὖ-

253 3695 369 3749 τοῦ.
424 3717 442 3747 ι
475 3697 646 3750 Τοῦτό
675 3713 805 3768 φησι
833 3697 1026 3770 χρῆναι
1057 3702 1228 3754 ποιεῖν
1255 3701 1460 3765 πάντας
1487 3702 1824 3775 ἀνθρώπους.

260 3807 279 3839 ι
310 3789 570 3852 Δοξάξετε
632 3790 691 3842 τὸ
724 3789 895 3861 ὄνομα
929 3791 1092 3845 αὑτοῦ
1122 3793 1215 3845 ἀπ’
1249 3793 1418 3865 ἄκρου
1474 3793 1574 3864 τῆς
1624 3799 1746 3868 γῆς,
1777 3797 1827 3849 οἱ

254 3882 674 3945 καταϐαίνοντες
698 3881 794 3953 τὴν
818 3881 1113 3946 θάλασσαν,
1143 3884 1236 3937 καὶ
1269 3885 1522 3949 πλέοντες
1554 3888 1742 3960 αὐτὴν,
1770 3889 1827 3943 αἱ

251 3973 406 4044 νῆσοι
437 3974 534 4026 καὶ
564 3974 615 4026 oi
647 3974 1022 4039 κατοικοῦντες
1054 3976 1251 4040 αὑτᾶςο
1286 3996 1304 4029 ι
1325 3977 1401 4041 ὡς
1456 3979 1564 4032 ἀπδ
1586 3980 1686 4050 τῆς
1731 3981 1826 4034 τοῦ

250 4065 495 4137 Χριστοῦ
549 4067 918 4139 προσηγορίας
980 4068 1318 4139 Χριστιανῶν
1373 4070 1470 4140 τὴν
1536 4071 1827 4142 σύμπασαν

250 4157 665 4229 πεπληρῶσθαι.
699 4160 990 4232 Ἀντικρυς
1013 4161 1138 4224 τοὺς
1170 4160 1496 4224 ἀποστόλους
1521 4162 1615 4214 τοῦ
1639 4163 1824 4234 Σωτῆ-

251 4264 347 4322 ρος
379 4250 538 4320 ἡμῶν
570 4250 870 4321 σημαίνων,
911 4251 1005 4315 οὓς
1053 4251 1205 4323 παρά
1237 4251 1334 4324 τὴν
1387 4251 1661 4307 Θάλασσαν
1713 4251 1822 4308 εἶδε

251 4339 545 4410 βάλλοντας
566 4341 972 4414 ἀμφίϐληστρον
991 4345 1075 4406 είς
1101 4343 1198 4416 τὴν
1227 4343 1497 4398 θάλασσαν
1515 4361 1529 4375 ο
1551 4341 1690 4416 ⁴ἦσαν
1716 4347 1823 4420 γὰρ

1933 3221 2092 3276 nibus
2146 3234 2334 3294 gentes
2379 3239 2567 3280 omnes
2609 3230 2814 3292 erudit,
2860 3246 2929 3284 ne
2961 3231 3119 3286 deum
3171 3235 3334 3291 ullum
3362 3240 3507 3294 θεῶν

1931 3312 2092 3367 brent
2132 3331 2352 3381 eorum,
2398 3317 2488 3386 qui
2524 3318 2650 3372 olim
2698 3322 2837 3390 apud
2878 3337 2974 3377 eas
3008 3325 3081 3378 dii
3128 3329 3501 3399 vocabantur;

1932 3405 2025 3458 sed
2072 3405 2245 3460 solum
2294 3408 2570 3463 Christum
2596 3410 2727 3476 Dei,
2759 3421 2814 3466 et
2853 3411 3101 3483 Patrem,
3131 3419 3222 3488 qui
3254 3421 3402 3477 misit
3437 3422 3503 3477 il-

1936 3493 2066 3557 lum,
2105 3496 2274 3565 gloria
2305 3498 2555 3554 alliciant.

2001 3607 2164 3664 Vens.
2203 3609 2287 3666 l0.
2348 3628 2365 3661 ι
2405 3611 2630 3667 Cautate
2680 3613 2906 3669 Domino
2953 3619 3227 3674 canticum
3277 3638 3495 3692 novum,

1931 3701 2264 3771 principatus
2293 3709 2428 3770 ejus.
2465 3721 2484 3756 ι
2526 3702 2582 3758 ld
2613 3706 2683 3760 ab
2715 3707 2970 3763 omnibus
3018 3710 3323 3768 hominibus
3360 3731 3501 3784 prae-

1929 3793 2182 3847 standum
2209 3795 2305 3849 ait.
2347 3812 2365 3845 ι
2403 3794 2716 3852 Gloril‘tcate
2745 3813 2939 3854 nomen
2979 3799 3098 3870 ejus
3146 3804 3216 3859 ab
3256 3815 3501 3862 extremo

1933 3892 2112 3947 terrm,
2139 3885 2230 3952 qui
2258 3885 2586 3942 descenditis
2617 3887 2668 3940 in
2694 3903 2874 3954 mare,
2908 3901 2960 3944 et
2989 3893 3255 3964 uavigatis
3297 3896 3496 3967 ipsum,

1931 3975 2121 4030 insula:
2143 3985 2199 4030 et
2230 3976 2562 4033 habitatores
2599 3995 2785 4034 earum
2815 3996 2828 4033 :
2863 3999 2881 4033 ι
2924 3983 2996 4036 ita
3035 3993 3147 4039 uta
3172 3985 3374 4044 Christi
3407 4006 3501 4046 uo-

1929 4067 2113 4131 miue,
2153 4067 2410 4122 universa
2454 4077 2596 4124 terra
2639 4067 2961 4127 Christianis
3013 4077 3215 4145 repleta
3265 4080 3355 4133 sit.
3399 4079 3498 4135 llis

1927 4173 2091 4228 porro
2125 4162 2404 4228 apostolos
2447 4159 2754 4216 Servatoris
2789 4165 2957 4217 nostri
3003 4169 3282 4237 perspicue
3327 4171 3497 4240 signi-

1929 4253 2088 4313 lirat,
2130 4266 2267 4320 quos
2313 4252 2378 4305 ad
2430 4250 2580 4305 littus
2617 4252 2781 4305 tueris
2812 4253 2946 4308 \‘idit
2983 4256 3246 4325 jaeieutes
3295 4272 3408 4318 rete
3440 4263 3494 4318 in

1928 4359 2117 4399 mare:
2155 4354 2312 4397 erant
2353 4345 2496 4398 enim
2551 4345 2894 4415 piscatores;
2945 4351 3305 4422 similiterque
3337 4354 3493 4410 alios.

244 4435 420 4496 ἁλιεῖς
441 4450 455 4464 ν
493 4433 690 4503 ὁμοίως
715 4434 771 4487 δὲ
805 4436 895 4486 καὶ
924 4436 1048 4497 τοὺς
1079 4433 1318 4500 λοιπούς.
1364 4437 1425 4489 Οί
1467 4437 1619 4490 αὐτοὶ
1656 4438 1712 4491 δὲ
1742 4434 1824 4493 οῦ-

1938 4434 1992 4488 lli
2029 4449 2157 4489 vero
2189 4435 2290 4502 ipsi
2321 4449 2470 4490 mare
2502 4445 2748 4491 nostrum
2777 4440 3336 4514 circumuavigantes,
3383 4465 3497 4504 mo-

245 4542 352 4588 τοι,
384 4524 480 4576 καὶ
509 4524 606 4594 τὴν
637 4524 757 4576 καθ’
791 4526 934 4594 ἡμᾶς
966 4523 1344 4594 περιπλέοντες
1375 4525 1660 4588 Θάλατταν.
1701 4530 1821 4582 τοτὲ

250 4616 352 4686 μὲν
378 4616 435 4668 έν
460 4617 578 4677 ταῖς
602 4615 782 4686 νήσοις
813 4615 1108 4685 ἐκήρυττον
1141 4615 1199 4666 τδ
1228 4616 1574 4685 Εὑαγγέλιον,
1621 4618 1739 4671 τοτὲ
1765 4619 1822 4670 δὲ

243 4707 516 4762 διέὸαινον
567 4707 818 4759 ἐπέκεινα
850 4708 1087 4770 Σπανίας
1133 4724 1194 4759 τε
1224 4707 1317 4760 καὶ
1362 4709 1710 4773 Ἰταλίαςμῦς
1764 4711 1823 4762 ἐν

243 4801 414 4870 ὀλίγῳ
446 4798 624 4870 χρόνῳ
645 4800 738 4851 καὶ
753 4798 919 4868 αὐτὴν
944 4797 1327 4868 βασιλεύουσαν
1359 4799 1513 4852 πόλιν
1535 4800 1820 4873 πληρῶσαι

244 4893 347 4962 τῆς
366 4890 465 4944 τοῦ
494 4890 728 4960 Χριστοῦ
745 4889 1108 4954 διδασκαλίας.
1139 4891 1248 4944 Καὶ
1270 4890 1442 4955 ἄλλως
1458 4891 1518 4944 δὲ
1533 4895 1580 4946 οί
1605 4895 1704 4964 τὴν
1725 4894 1818 4947 τοῦ

243 4983 590 5055 ἀνθρωπίνου
618 4981 732 5053 βίου
756 4982 1028 5036 Θάλασσαν
1055 4983 1396 5054 ἐμπλέοντες,
1427 4985 1519 5038 καὶ
1547 4987 1679 5039 πᾶσι
1708 4989 1820 5052 τοῖς

243 5077 459 5130 εθνεσιν
487 5078 545 5129 ὲν
577 5076 764 5146 μέσαις
816 5080 932 5140 ταῖς
983 5076 1295 5148 ἐκκλησίαις
1347 5077 1708 5148 κηρύττοντες
1760 5078 1822 5132 τὸ

244 5168 578 5237 Εὕαγγέλιον
599 5167 686 5221 διὰ
715 5167 823 5220 τῶν
848 5169 1215 5238 προκειμένων
1237 5169 1516 5239 δηλοῦνται
1537 5188 1550 5201 ·
1582 5171 1702 5224 ἐπεὶ
1727 5178 1821 5226 καί

243 5263 399 5315 αὐτοὶ
440 5261 532 5313 τδν
559 5260 742 5313 καινὸν
763 5259 792 5312 ῦ
802 5277 931 5330 μνον
955 5261 1102 5331 πάσῃ
1126 5262 1489 5331 κατήγγελλον
1513 5267 1578 5335 τῇ
1611 5267 1702 5336 γῇ.
1726 5265 1820 5318 καὶ

243 5351 557 5424 ἀνθρώποις
585 5353 644 5404 ὲν
668 5351 856 5422 μέσαις
873 5353 988 5414 ταῖς
1009 5351 1322 5423 ἐκκλησίαις
1346 5355 1702 5426 κηρύττοντες
1726 5358 1821 5411 καὶ

1930 4529 1998 4581 do
2044 4527 2096 4581 in
2163 4527 2356 4582 insulis
2390 4528 2736 4598 Evangelium
2775 4534 3176 4602 praaliealtant;
3239 4540 3396 4593 modo
3439 4542 3491 4597 in

1929 4619 2239 4690 Hispaniam
2276 4630 2332 4675 et
2375 4620 2580 4676 Italiam
2623 4624 2993 4693 trajiciebant;
3035 4630 3104 4682 ita
3141 4640 3199 4683 ut
3229 4632 3376 4687 brevi
3410 4650 3496 4689 re-

1926 4715 2068 4782 giam
2101 4713 2274 4784 ipsum
2310 4715 2499 4771 urbem
2528 4717 2772 4773 doctrina
2797 4719 2998 4776 Christi
3034 4723 3324 4793 replerent.
3371 4728 3494 4782 Alio

1928 4805 2057 4860 item
2119 4807 2312 4872 modo,
2352 4809 2578 4864 indicari
2623 4810 2874 4866 videntur
2918 4811 2988 4878 ii,
3028 4816 3117 4883 qui
3157 4816 3210 4870 iu
3246 4817 3495 4876 humana

1927 4899 2054 4954 vita:
2081 4899 2214 4954 mari
2241 4901 2580 4972 navigantes,
2614 4904 2751 4971 apud
2774 4918 2964 4959 omnes
2994 4916 3182 4976 gentes
3209 4908 3262 4963 in
3297 4912 3494 4968 mediis

1927 4993 2172 5048 ecclesiis
2205 4991 2558 5063 Evangelimn
2605 4996 2970 5064 pradicabant
3000 5015 3015 5052 :
3054 5000 3492 5072 quandoquidem

1927 5096 1980 5139 et
2010 5085 2109 5156 ipsi
2140 5087 2397 5157 hymnum
2427 5103 2624 5141 novum
2667 5101 2762 5156 per
2788 5103 3002 5143 onmem
3048 5100 3248 5144 terram
3283 5109 3494 5148 animu-

1929 5178 2171 5244 tiabant,
2197 5188 2251 5233 et
2286 5179 2337 5232 in
2362 5179 2538 5231 medio
2567 5177 2919 5233 ecclesiarum
2958 5180 3260 5235 hominibus
3300 5187 3497 5252 przedi-

1927 5271 2126 5324 cahaut
2158 5281 2210 5324 et
2243 5271 2532 5324 docebant.
2565 5289 2582 5321 ι
2629 5270 2690 5324 Et
2731 5274 3060 5327 habitatores
3091 5291 3300 5332 earum.
3340 5295 3360 5330 ι
3401 5278 3497 5335 llis

1928 5359 2201 5429 siguilit-at
2230 5378 2345 5420 eos.
2382 5363 2473 5431 qui
2500 5362 2552 5415 in
2580 5363 2826 5416 ecclesiis
2858 5377 3035 5417 cauus
3061 5376 3244 5436 agunt.

245 5446 608 5507 διδῖυκοντες.
627 5461 645 5494 ι
672 5443 780 5496 Καὶ
808 5445 856 5497 οἱ
877 5442 1252 5508 κατοικοῦντες
1270 5445 1439 5510 αὐτάς
1453 5463 1470 5478 ο
1501 5465 1520 5499 ι
1545 5449 1670 5512 τοὺς
1689 5449 1748 5503 ὲν
1761 5449 2064 5523 ταῖςοὲκκλη
2073 5451 2212 5514 σίαις
2234 5453 2626 5525 συναγομένους
2644 5455 2835 5508 τοῦτον
2853 5455 3131 5526 ἐμφαίνων
3155 5459 3244 5514 τὸν
3269 5462 3492 5534 τρόπον.

309 5581 330 5613 ι
373 5557 748 5631 Εὐφράνθητι,
782 5559 1002 5633 ἔρημος,
1067 5561 1162 5614 καὶ
1196 5561 1254 5614 al
1279 5561 1457 5634 κῶμαι
1491 5564 1661 5636 αὐτῆς
1690 5582 1704 5596 ·
1739 5583 1758 5619 ι
1787 5565 1823 5639 ἢ

252 5655 377 5710 ιιτᾶ
413 5654 542 5719 τοῦς
573 5651 794 5716 λοιποὺς
820 5654 1176 5731 ἑρμηνευτάς,
1208 5675 1226 5710 ι
1257 5656 1351 5712 καὶ
1375 5657 1556 5723 πόλεις
1582 5659 1769 5732 αὐτῆς.
1804 5679 1823 5712 ι

2005 5569 2166 5626 Vsus.
2189 5573 2275 5627 ll.
2307 5591 2325 5624 ι
2359 5573 2561 5626 Laetare
2593 5575 2890 5630 desertum.
2917 5585 2972 5629 et
3002 5577 3106 5634 vici
3137 5581 3292 5649 eius;
3321 5601 3339 5637 ι
3375 5586 3492 5644 εει-ο

1937 5665 2228 5719 secundum
2255 5663 2487 5734 reliquos
2518 5665 2863 5738 interpretes,
2905 5690 2923 5723 ι
2954 5681 3008 5728 et
3034 5675 3278 5733 civitates
3300 5679 3438 5740 eius.
3462 5699 3485 5734 ι
