4072 6194
512 239 612 295 39!

1178 234 1269 292 EC
1282 234 1455 290 SEBII
1494 235 1974 295 είΕεΑῐιιΕΝειε
2011 234 2086 296 0F

2204 240 2383 296 PARS
2418 241 2508 297 111.
2549 274 2622 291 ---
2656 240 3070 298 ΕΧΕΟΕΤΙΩΔ.

3650 248 3761 305 392

513 351 692 407 Nubae
735 352 930 421 quippe
972 353 1135 409 urbes
1183 354 1479 408 secundum
1518 356 1728 411 diversa
1770 358 1891 414 vitae
1924 360 2080 414 insti-

2192 362 2383 414 Πολλαὶ
2410 364 2517 434 γὰρ
2547 363 2729 428 πόλεις
2764 365 2902 418 κατὰ
2928 363 3024 426 τὰς
3073 358 3360 433 διαφόρους
3412 360 3676 428 πολιτείας
3698 366 3756 417 ἐν

511 455 626 498 tuta
668 446 722 499 in
767 445 1011 500 Ecclesia
1054 447 1146 500 Dei
1208 447 1612 516 intelliguntur,
1669 460 1726 504 ιιι
1784 451 1836 504 in
1883 453 2087 506 visione

508 532 731 607 Egypti
761 540 1093 592 declaratum
1120 550 1224 603 est,
1263 542 1349 595 ubi
1384 543 1684 607 dicebatur,
1714 546 1958 614 quinque
1991 561 2086 598 ur-

516 627 610 679 bes
649 630 699 680 in
731 628 967 697 Aigypto
1005 630 1137 690 fore,
1169 646 1287 697 quae
1322 630 1499 698 lingua
1520 632 1877 689 Chananitide
1906 636 2087 704 loque4

517 730 723 773 rentur.
768 740 784 770 ι
830 722 978 773 Villae
1013 732 1062 773 et
1114 721 1448 775 habitatores
1490 723 1686 776 Cedar.
1736 722 2088 781 Lmtabnntur

514 813 604 877 qui
645 812 889 864 habitant
936 812 1183 874 Petram,
1228 812 1293 865 de
1336 814 1540 867 vertice
1582 816 1843 869 montium
1886 817 2088 870 elauta-

515 905 666 955 bunt.
701 922 718 954 ι
752 905 928 957 Cedar
968 905 1017 956 in
1047 905 1289 959 ulteriori
1338 906 1534 959 Arabia
1563 908 1664 960 sita
1702 918 1785 961 est
1817 910 1881 961 ad
1910 919 2089 963 extre-

515 1009 662 1045 mum
692 994 891 1047 deserti
916 1035 930 1057 ,
964 1009 1121 1061 quam
1174 996 1358 1049 dicunt
1397 999 1642 1051 obtinere
1687 1002 2084 1053 Saracenorum

516 1094 753 1151 gentem.
794 1084 886 1137 llis
916 1100 1104 1139 omnes
1132 1087 1331 1141 deserti
1374 1098 1429 1142 et
1474 1090 1657 1142 finium
1704 1101 1862 1145 terra:
1900 1092 2088 1144 incola:

515 1179 890 1247 signiﬁcantur
913 1222 927 1239 .
963 1181 1033 1233 ita
1063 1191 1119 1233 ut
1151 1182 1489 1237 rationabilis
1518 1184 1605 1237 illa
1649 1183 1739 1237 Dei
1784 1182 1962 1236 lanitia
1993 1199 2088 1249 per

511 1272 713 1324 Christi
747 1273 975 1340 gratiam
1009 1273 1075 1326 ad
1101 1291 1201 1328 nos
1233 1293 1401 1344 usque
1428 1287 1751 1345 perventura
1791 1278 1879 1333 sit.
1928 1276 2083 1331 Petra

514 1380 645 1417 vero
674 1368 802 1419 urbs
830 1367 1075 1434 qnmdam
1117 1367 1417 1424 Palaestina:
1442 1379 1544 1435 eSt,
1578 1370 1972 1438 superstitiosis
2005 1373 2082 1423 Vi-

514 1455 595 1509 ris
638 1456 827 1524 plena,
863 1468 918 1511 et
975 1459 1025 1510 in
1068 1461 1394 1527 pri-fundum
1440 1462 1692 1516 diabolici
1739 1462 1943 1515 erroris
1991 1462 2084 1515 de-

514 1565 695 1602 mersa
727 1568 739 1602 :
767 1552 919 1618 cujus
966 1554 1093 1607 item
1143 1554 1349 1609 incolas
1391 1555 1583 1625 gratiae
1636 1564 1915 1609 consortes
1969 1554 2086 1609 l'ore

511 1640 645 1693 dicit
666 1642 961 1707 hisverbis,
996 1660 1013 1695 ι
1039 1643 1388 1699 Lzetabuntnr
1410 1648 1499 1710 qui
1526 1643 2025 1699 babitantPetram.
2060 1663 2079 1695 ι

2187 458 2255 525 τῇ
2300 454 2595 526 Ἐκκλησία
2614 456 2706 508 τοῦ
2732 456 2863 509 Θεοῦ
2888 455 3247 516 ἐπινοοῦνται,
3272 453 3348 516 ὡς
3372 452 3638 507 ἐδείκνυτο
3666 456 3756 508 καὶ

2188 548 2246 599 ἐν
2278 548 2342 617 τῇ
2372 548 2560 619 ὁράσει
2587 548 2684 618 τῆς
2726 548 3018 616 Αίγύπτου,
3064 547 3122 599 ἐν
3244 545 3496 616 ἐλέγοντο
3546 545 3758 600 ἔσεσθαι

2188 639 2351 692 πέντε
2399 640 2580 703 πόλεις
2634 643 2690 692 ἐν
2726 639 2978 710 Αἰγύπτῳ
3019 638 3273 692 λαλοῦσαι
3325 641 3392 708 τῇ
3442 636 3660 709 γλώσσῃ
3695 639 3761 707 τῇ

2188 731 2514 785 Χανανίτιδι.
2563 750 2582 782 ι
2623 730 2903 793 Ἐπαύλεις
2942 732 3032 783 καὶ
3058 734 3104 784 οἱ
3146 730 3523 795 κατοικοῦντες
3551 730 3764 804 Κηδάρ.

2188 824 2669 895 Εύςρρανθήσονται
2708 821 2755 875 oi
2788 824 3164 887 κατοικοῦντες
3194 825 3423 895 Πέτραν,
3455 825 3548 876 ἀπ’
3592 824 3766 894 ἄκρου

2187 916 2294 968 τῶν
2356 914 2527 986 ὀρέων
2581 915 2853 986 βοήσουσι.
2894 934 2911 966 ι
2982 915 3045 967 ’Π
3086 915 3273 986 Κηδὰρ
3299 915 3353 968 δέ
3380 915 3636 967 ἐπέκεινα
3669 914 3767 985 τῆς

2201 1004 2457 1078 Ἀραϐίας
2477 1008 2733 1077 τυγχάνει
2760 1008 2853 1058 ἐπὶ
2881 1006 2981 1075 τῆς
3022 1006 3253 1076 ἐσχάτης
3279 1008 3505 1077 ἐρήμου.
3528 1008 3621 1059 καὶ
3644 1024 3767 1059 κατ·

2189 1100 2330 1168 ἐχειν
2356 1100 2486 1168 φασί
2531 1099 2590 1151 τὸ
2622 1098 2730 1151 τῶν
2760 1098 3090 1169 Σαρακηνῶν
3128 1098 3298 1166 γένος.
3356 1099 3431 1150 Δι’
3455 1090 3529 1150 ὧν
3562 1100 3588 1151 6
3610 1097 3767 1166 λόγος

2190 1190 2453 1261 ἐϐουλήθη
2480 1191 2689 1253 πάντας
2722 1190 2849 1250 τοὺς
2897 1190 2995 1253 τὰς
3023 1192 3259 1261 ἐρήμους
3300 1191 3392 1242 καί⁵
3442 1190 3509 1242 τὰ
3562 1190 3768 1260 ἔσχατα

2187 1281 2285 1349 τῆς
2313 1281 2413 1350 γῆς
2458 1280 2739 1342 οἰκοῦντας
2763 1280 3019 1349 δηλῶσαι,
3044 1281 3118 1345 ὼς
3142 1281 3242 1351 τῆς
3267 1281 3361 1334 τού
3386 1280 3519 1334 Θεοῦ
3543 1281 3769 1353 λογικῆς

2186 1370 2525 1442 εὐφροσύνης
2554 1372 2641 1425 διὰ
2666 1372 2765 1440 τῆς
2784 1372 2877 1424 τοῦ
2914 1371 3149 1443 Χριστοῦ
3178 1371 3396 1443 χάριτος
3440 1372 3531 1425 καὶ
3573 1373 3768 1444 μέχρις

2185 1462 2343 1532 ήμῶν
2378 1462 2601 1531 φθάνειν
2629 1462 2943 1533 μελλούσης.
2980 1464 3087 1516 Καὶ
3115 1463 3297 1533 Πέτρα
3326 1464 3382 1516 δέ
3415 1466 3498 1526 τίς
3528 1465 3641 1516 ἐστι
3667 1463 3766 1516 πό-

2185 1552 2269 1615 λις
2294 1553 2658 1623 Παλαιστίνης
2686 1554 3091 1625 δεισιδαιμόνων
3124 1555 3356 1626 ἀνδρῶν,
3388 1557 3479 1607 καί.
3506 1556 3671 1627 πολλῇ
3699 1558 3767 1626 τῇ
3800 1566 3803 1571 ‘

2186 1643 2361 1715 πλάνῃ
2408 1646 2473 1716 τῇ
2528 1645 2811 1716 δαιμονικῇ
2866 1646 3296 1717 βεϐατπισμένη·
3352 1641 3419 1713 ἧς
3455 1647 3548 1699 καὶ
3596 1645 3767 1716 αὐτῆς

508 1730 681 1800 (Iujns
712 1734 978 1787 sermonis
1011 1734 1294 1788 veritatem
1322 1734 1437 1804 ipse
1468 1749 1646 1787 rerum
1682 1744 1909 1787 eventus
1935 1749 2083 1788 cout-

2192 1735 2308 1797 τοὺς
2335 1734 2577 1797 ἐνοίκους
2611 1738 2708 1805 τῆς
2734 1736 2952 1805 χάριτος
2978 1734 3379 1806 μεταλήψεσθαί
3414 1751 3542 1803 φησι
3568 1734 3763 1803 λέγων’

510 1825 786 1889 probavit,
816 1841 937 1879 cum
993 1827 1043 1879 in
1081 1827 1195 1896 ipsa
1253 1826 1593 1881 Petrensiuin
1646 1827 1888 1889 civitate,
1933 1837 1987 1881 et
2030 1826 2083 1880 iu

509 1931 645 1983 agro
692 1917 836 1985 ejus,
882 1933 1091 1973 necnon
1142 1920 1192 1973 in
1246 1918 1626 1973 solitudinibus
1668 1917 2085 1982 Saracenorum,

508 2007 715 2060 Christi
745 2008 1000 2062 Ecclesia
1046 2010 1245 2065 nostris
1293 2009 1622 2080 temporibus
1678 2010 1911 2063 fundata:
1954 2009 2083 2064 sint.

512 2100 662 2154 Alias
697 2115 824 2155 vero
853 2103 1025 2155 Cedar
1048 2103 1321 2171 significat
1352 2106 1617 2164 tenebras,
1661 2116 1845 2155 eorum
1878 2117 2067 2164 causa,

509 2190 606 2255 qui
668 2205 697 2242 a
747 2192 985 2245 tenebris
1038 2194 1104 2245 ad
1161 2193 1538 2245 annuntiatatn
1592 2193 1841 2260 gentibus
1909 2192 2081 2246 lucem

516 2281 764 2334 translati
812 2293 958 2338 sunt.
1002 2282 1124 2337 Pari
1169 2285 1355 2337 lietitia
1396 2283 1705 2337 alliciendos
1751 2283 1828 2336 ait
1868 2299 1963 2337 eos
1990 2283 2083 2352 qui

515 2372 1047 2428 inhabitautPetratu
1080 2394 1094 2430 :
1137 2394 1153 2426 ι
1193 2374 1346 2429 Petra
1376 2385 1552 2428 autem
1577 2374 2032 2429 eratCliristus".
2060 2393 2078 2425 ι

2190 1845 2209 1876 ι
2250 1826 2730 1897 Εὑφρανθήσονται
2757 1827 2806 1879 οἰ
2842 1825 3117 1888 οἰκοῦντες
3140 1826 3371 1896 Πέτραν.
3404 1846 3421 1877 ι
3457 1824 3671 1878 Τούτων
3711 1824 3769 1879 δὲ

2184 1917 2293 1970 τῶν
2319 1917 2490 1986 λόγων
2512 1918 2609 1989 τὴν
2634 1918 2889 1988 ἀλήθειαν
2911 1919 2944 1987 ή
2974 1917 3060 1970 διὰ
3098 1917 3207 1970 τῶν
3243 1916 3581 1989 πραγμάτων
3605 1915 3771 1971 ἑκϐα-

2191 2024 2274 2073 σις
2312 2010 2672 2073 ἐπιστώσατο,
2722 2010 3055 2081 Ἐκκλησιῶν
3097 2010 3329 2081 Χριστοῐ
3360 2007 3451 2062 καὶ
3483 2011 3568 2063 ἐπ’
3597 2007 3771 2081 αὐτῆς

2187 2102 2287 2173 τῆς
2315 2102 2563 2173 Πετρὲων
2604 2102 2829 2165 πόλεως,
2858 2102 2997 2155 κατά
3015 2119 3073 2154 τε
3104 2102 3200 2173 τὴν
3222 2100 3404 2172 χώραν
3429 2100 3597 2169 αὐτῆς
3616 2142 3630 2157 .
3672 2101 3772 2153 καὶ

2188 2195 2245 2246 ἐν
2267 2195 2385 2256 ταῖς
2418 2194 2514 2265 ἐρή
2524 2211 2646 2264 μοις
2672 2194 2727 2245 δὲ
2754 2193 2860 2245 τῶν
2882 2191 3212 2264 Σαρακηνῶν
3236 2191 3353 2245 καθ’
3390 2191 3536 2263 ἡμᾶς
3572 2192 3773 2255 αὐτοὺς

2192 2282 2510 2355 ἱδρυμένων.
2542 2285 2651 2338 Καὶ
2677 2283 2850 2347 άλλως
2903 2283 2959 2336 δέ
3011 2284 3199 2355 Κηδὰρ
3234 2282 3595 2354 ἑρμηνεύεται
3641 2299 3773 2335 σκοο

2190 2376 2421 2446 τασμδς,
2450 2375 2538 2429 διὰ
2568 2376 2695 2439 τοὺς
2735 2374 3137 2446 μεταϐαλόντας
3171 2374 3280 2429 ἀπὸ
3325 2375 3417 2429 τοῦ
3459 2374 3772 2447 σκοτασμοῦ

512 2464 691 2517 anno
738 2466 1176 2537 κατηγγελμένον
1212 2466 1325 2535 φῶς
1372 2468 1482 2528 τοῖς
1515 2464 1741 2517 ἔθνεσιν.
1797 2462 2282 2536 Εὐφρανθήσεσθαι
2318 2466 2347 2517 6
2398 2464 2553 2533 λόγος
2604 2465 2738 2535 φησὶ
2781 2464 2873 2516 καὶ
2917 2464 3042 2527 τοὺς
3091 2463 3475 2529 κατοικοῦντας
3511 2465 3608 2538 τήν
3665 2465 3774 2519 Πέα

510 2573 649 2631 τραν
676 2559 909 2630 ὁμοίωςσ
944 2580 961 2611 ι
996 2562 1057 2613 ’11
1082 2560 1138 2613 δὲ
1168 2561 1348 2632 Πέτρα
1382 2552 1451 2630 ἦν
1487 2561 1515 2611 6
1558 2558 1808 2630 Χριστός.
1854 2577 1872 2610 ι

590 2653 751 2705 Vsus.
785 2651 874 2715 12,
904 2654 988 2706 15.
1015 2669 1035 2702 ι
1076 2653 1287 2707 Dabunt
1320 2652 1425 2706 Deo
1444 2652 1947 2719 gloriatnzvirtutes
1970 2649 2088 2731 ejus

516 2743 573 2797 in
607 2743 799 2798 insulis
833 2744 1177 2798 nuntiabunt.
1216 2763 1234 2796 ι
1277 2743 1350 2797 Ita
1387 2754 1440 2797 et
1483 2744 1736 2811 superius
1776 2743 2081 2807 dicebatur,

520 2853 542 2887 ι
582 2835 753 2905 Supra
800 2847 1036 2890 montem
1071 2834 1345 2891 excelsum
1398 2838 1663 2898 ascende,
1708 2834 1797 2904 qui
1859 2847 2089 2903 evange-

516 2928 651 2982 lizas
680 2929 809 2982 Sion
838 2944 852 2980 :
887 2929 1061 2982 exalto
1113 2930 1164 2983 in
1204 2928 1515 2983 fortitudine
1545 2942 1731 2982 vocem
1774 2936 1921 2982 tuam
1944 2966 1959 2994 ,
1994 2927 2087 2997 qui

516 3018 857 3088 evangelizas
883 3017 1203 3073 Jerusalem.
1239 3037 1259 3070 ι

592 3130 612 3162 ι
656 3111 912 3165 Dominus
967 3109 1106 3164 Deus
1146 3110 1481 3164 exercituum
1507 3110 1813 3179 egredietur
1834 3152 1849 3176 ,
1872 3121 1927 3165 et
1957 3126 2089 3165 con-

517 3218 658 3265 teret
696 3205 915 3269 bellum,
981 3201 1238 3255 excitabit
1295 3201 1505 3265 zelum,
1564 3210 1619 3255 et
1686 3199 1939 3256 clamabit
1996 3218 2088 3256 Sn-

516 3315 615 3369 per
682 3295 928 3351 inimicos
982 3307 1107 3347 suos
1150 3305 1272 3345 cum
1342 3290 1673 3347 fortitudine.
1734 3311 1752 3343 ι
1809 3293 1925 3347 Non
1974 3295 2091 3347 sine

516 3407 679 3447 causa
729 3390 871 3445 enim
920 3389 1051 3457 ipsis
1101 3386 1293 3442 bellum
1352 3385 1599 3440 illaturus
1649 3396 1766 3449 est;
1822 3386 1916 3439 sed
1947 3396 2091 3455 post-

516 3500 680 3551 quam
737 3497 953 3536 cansam
1010 3479 1151 3534 illam
1206 3479 1455 3549 protulit,
1505 3478 1557 3532 id
1612 3493 1800 3549 magna
1831 3492 1960 3533 voce
2001 3480 2092 3530 de-

516 3573 768 3637 clarabit,
802 3582 861 3625 nt
919 3571 1078 3625 docet
1130 3571 1213 3624 his
1262 3568 1463 3635 verbis,
1498 3587 1515 3619 ι
1551 3567 1715 3624 Tacui
1747 3585 1759 3620 :
1798 3584 1921 3621 num
1949 3583 2090 3622 sem-

518 3680 617 3737 per
640 3664 866 3718 tacebo?
901 3682 920 3716 ι
959 3661 1092 3716 Nam
1121 3663 1246 3715 dum
1274 3660 1347 3715 illi
1383 3662 1647 3715 scelerate
1678 3670 1734 3714 et
1759 3661 1918 3729 impie
1947 3675 2082 3728 age-

519 3766 677 3821 rent,
710 3757 981 3825 patienter
1004 3752 1184 3807 ferens
1220 3751 1341 3816 ille,
1380 3752 1633 3820 ipsosque
1684 3751 2089 3819 longanimitate

524 3862 622 3901 sua
649 3846 908 3908 tolerans,
939 3859 1115 3913 neque
1144 3842 1426 3897 coofestim
1460 3844 1595 3896 iram
1621 3854 1673 3898 et
1710 3845 1967 3897 ultionem
2012 3844 2092 3897 in-

520 3937 735 4000 ferens,
768 3936 1000 3991 tacebat.
1050 3936 1115 3989 Et
1169 3935 1304 3989 alias
1359 3944 1608 4004 tempore
1664 3936 1932 4005 passionis
1980 3951 2091 3990 suae

520 4032 644 4083 dum
673 4028 1339 4097 calumniisimpeteretnr
1376 4029 1624 4093 tacebat,
1677 4038 1729 4082 et
1786 4043 1906 4081 cum
1958 4026 2089 4083 falsa

526 4121 837 4176 testimonia
868 4120 1104 4183 audiret,
1133 4120 1262 4174 nihil
1290 4120 1665 4188 respondebat.

595 4212 757 4268 Vsus.
797 4213 887 4279 Η,
925 4213 1048 4267 15.ι
1074 4211 1240 4268 Tacui
1290 4229 1305 4266 :
1357 4228 1481 4266 nunt
1512 4226 1726 4280 semper
1764 4212 1990 4275 tacebo,
2037 4220 2093 4265 et

521 4304 845 4361 sustinebo?
894 4304 1051 4359 Sicut
1083 4305 1303 4373 pariens
1345 4306 1616 4373 patienter
1647 4304 1751 4373 egi.
1796 4302 2091 4357 Dimovebo

2266 2668 2284 2701 ι
2326 2645 2563 2699 Δώσουσι
2588 2642 2665 2714 τῷ
2687 2642 2805 2713 Θεῷ
2819 2640 2976 2707 δόξαν
2992 2659 3005 2672 ·
3034 2640 3133 2705 τὰς
3154 2641 3354 2713 ἀρετὰς
3379 2639 3542 2694 αὐτοῦ
3564 2642 3621 2692 ἐν
3647 2646 3772 2707 ταῖς

2193 2746 2375 2812 νήσοις
2404 2736 2782 2807 ἀναγγελοῧσι.
2820 2755 2837 2787 ι
2872 2735 3028 2788 υῦτω
3052 2735 3107 2788 δέ
3130 2735 3223 2788 καὶ
3244 2734 3500 2805 ἀνωτέρω
3529 2732 3768 2800 ἐλέγετο·

2199 2851 2219 2881 ι
2272 2830 2387 2883 Ἐπ’
2434 2829 2557 2899 ὅρος
2622 2826 2824 2897 ὑψηλὸν
2886 2822 3158 2894 ἀνάϐηθι,
3204 2824 3232 2875 6
3288 2821 3772 2891 εὐαγγελιζόμενος

2196 2917 2361 2971 Σιώνο
2391 2916 2603 2987 ὓψωσον
2636 2918 2700 2985 τῇ
2746 2913 2890 2984 ἰσχύϊ
2936 2912 3035 2983 τὴν
3067 2912 3248 2982 φωνήν
3278 2928 3392 2977 σου,
3433 2910 3461 2962 6
3486 2910 3765 2977 εὐαγγελι-

2198 3010 2422 3080 ξάμενος
2464 3007 2835 3080 Ἰερουσαλήμ.
2869 3024 2887 3057 ι

2270 3120 2289 3153 ι
2344 3100 2547 3172 Κύριος
2579 3102 2608 3152 6
2634 3099 2763 3162 Θεὸς
2811 3098 2920 3150 τῶν
2963 3096 3243 3166 δυνάμεων
3277 3094 3630 3160 ἐξελευσεται,
3675 3094 3775 3147 καὶ

2195 3194 2471 3263 συντρίψει
2519 3192 2772 3261 πόλεμον,
2796 3192 3048 3259 ἐπεγερεῖ
3076 3187 3253 3258 ζῆλον,
3282 3188 3372 3239 καὶ
3395 3186 3646 3256 βοήσεται
3679 3186 3775 3237 ἐπὶ

2192 3290 2319 3350 τοὺς
2362 3286 2587 3356 ἐχθροὺς
2632 3280 2798 3336 αὑτοῦ
2852 3280 2965 3350 μετ’
3007 3278 3206 3348 ἰσχύος.
3245 3296 3262 3327 ι
3299 3278 3374 3329 Οὐ
3421 3278 3528 3346 γὰρ
3563 3277 3775 3343 ἀλόγως

2194 3379 2389 3440 αὐτοὺς
2425 3375 2753 3444 πολεμήσει·
2799 3371 2932 3424 ἀλλὰ
2968 3368 3107 3441 μετὰ
3150 3367 3242 3420 τοῦ
3279 3367 3377 3437 τὴν
3407 3369 3586 3420 αἰτίαν
3632 3366 3778 3432 ἐξει-

2194 3474 2313 3523 πεῖν
2345 3469 2438 3523 καί
2474 3464 2682 3537 μεγάλῃ
2728 3463 2822 3533 βοῇ
2873 3461 3104 3532 φανερὸν
3129 3461 3364 3530 ποιήσει,
3396 3458 3463 3529 ῆν
3499 3458 3589 3509 καὶ
3623 3458 3780 3512 διδά-

2193 3580 2312 3616 σκει
2333 3561 2535 3629 λέγων·
2574 3576 2591 3608 ι
2616 3554 2946 3625 Ἐσιώπησα·
2983 3552 3058 3622 μὴ
3093 3552 3186 3605 καὶ
3213 3550 3298 3603 ἀεὶ
3333 3550 3719 3619 σιωπήσομαι;
3750 3569 3771 3601 ›

2205 3656 2291 3708 Ἐν
2322 3651 2427 3723 γάρ
2458 3648 2536 3719 τῷ
2570 3646 2905 3718 παρανομεῖν
2940 3643 3134 3706 αὐτοὺς
3173 3641 3266 3693 καὶ
3299 3639 3532 3698 ἀσεϐεῖν,
3594 3638 3779 3704 ἀνεξιο

2194 3744 2377 3801 κακῶν
2411 3744 2502 3796 καὶ
2560 3740 2740 3811 φέρων
2794 3736 2995 3797 αὐτούς
3056 3736 3122 3804 τῇ
3169 3730 3331 3785 αὑτοῦ
3395 3728 3774 3801 μακροθυμίᾳ,

2198 3839 2330 3912 μηδέ
2364 3834 2704 3908 παραχρῆμα
2768 3829 2864 3900 τὴν
2900 3827 3068 3899 ὀργὴν
3121 3826 3304 3887 αὐτοῖς
3348 3826 3569 3891 ἐπάγων
3610 3821 3773 3873 ἐσιώ-

2198 3949 2355 4003 πησε.
2410 3928 2519 3982 Καὶ
2568 3925 2742 3987 ἄλλως
2780 3922 2835 3976 δὲ
2874 3920 3017 3975 κατὰ
3060 3918 3149 3972 τὸν
3196 3916 3382 3988 καιρὸν
3420 3914 3513 3967 τού
3568 3913 3776 3977 πάθους

2192 4024 2377 4086 αὐτοῦ,
2421 4016 2919 4087 συκοφαντούμενος
2968 4012 3197 4075 ἐσιώπα,
3252 4010 3345 4063 καὶ
3389 4007 3778 4078 ψευδομαρτυ-

2196 4117 2453 4188 ρούμενος
2486 4111 2635 4166 οὐδὲν
2656 4109 2992 4181 ἀπεκρίνατο

2267 4186 2638 4275 ιίἙσιώπησα
2658 4219 2670 4232 ’
2713 4202 2786 4273 μὴ
2822 4200 2908 4253 ἀεὶ
2960 4196 3329 4264 σιωπήσομαι,
3356 4190 3448 4245 καὶ
3475 4186 3773 4258 άνέξομαις

2203 4302 2289 4363 ’ος
2322 4300 2357 4369 ἡ
2406 4298 2661 4351 τίκτουσα
2716 4291 3080 4361 ἐκαρτέρησα.
3123 4286 3400 4353 Ἐκστήσω
3424 4281 3516 4334 καὶ
3553 4278 3775 4350 ξηρανῶ

522 4410 579 4451 et
636 4397 926 4452 arefaciam
979 4396 1191 4451 simul:
1229 4397 1475 4451 desertus
1525 4398 1717 4449 faciant
1770 4407 1983 4451 montes
2037 4404 2086 4449 et

2195 4392 2341 4461 ἆμα’
2384 4387 2653 4458 ἐρημώσω
2686 4383 2788 4452 ὅρη
2823 4382 2915 4434 καὶ
2944 4379 3184 4449 βουνούς,
3218 4376 3311 4427 καὶ
3363 4372 3542 4427 πάντα
3579 4370 3776 4472 χόρτον

519 4490 703 4553 colles,
740 4499 795 4544 et
819 4503 981 4544 omne
1032 4488 1212 4542 fenum
1243 4504 1430 4543 eorum
1462 4489 1769 4543 exsiccabo.
1801 4487 1864 4540 Et
1887 4501 2082 4556 ponam

518 4580 736 4635 (lamina
772 4581 822 4634 in
864 4579 1066 4634 insulas
1094 4618 1109 4643 ,
1155 4589 1209 4633 et
1243 4590 1432 4648 stagna
1471 4578 1800 4641 arcfaciam;
1837 4596 1855 4627 ι
1902 4575 2091 4629 videli-

519 4684 608 4727 cet
638 4674 961 4737 doctrinam,
990 4688 1108 4741 qua:
1139 4671 1242 4727 illis
1277 4671 1404 4725 olitn
1433 4670 1718 4726 fluviorum
1747 4670 1922 4721 instar
1963 4681 2089 4735 sup-

522 4768 883 4839 peditabatur.

593 4856 757 4915 Vsus.
796 4858 883 4913 16.
930 4877 949 4908 ι
985 4858 1050 4913 Ει
1076 4859 1269 4913 ducam
1305 4871 1478 4911 caecos
1513 4856 1567 4909 in
1604 4856 1687 4909 via
1710 4894 1725 4917 ,
1766 4868 1931 4923 quam
1976 4869 2083 4907 non

522 4961 806 5011 noverunt.
838 4960 887 5005 et
928 4952 978 5004 iit
1006 4950 1233 5014 semitis,
1260 4964 1395 5017 quas
1424 4947 1774 5019 ignorabant,
1804 4942 2085 4998 ambulare

521 5062 615 5103 eos
659 5048 875 5101 faciant.
930 5046 1166 5099 Reddam
1224 5044 1331 5099 illis
1377 5044 1631 5097 tenebras
1682 5042 1734 5095 in
1794 5039 2003 5101 lucem,
2036 5047 2092 5093 et

522 5150 764 5193 tortuosa
794 5143 845 5192 in
880 5148 1103 5193 rectam.
1136 5135 1259 5191 llaec
1293 5138 1453 5191 verba
1483 5134 1696 5196 faciam,
1730 5142 1783 5186 et
1812 5147 1917 5185 non
1942 5135 2095 5184 dere-

526 5228 763 5297 linquam
801 5247 916 5286 eos.
959 5252 977 5281 ι
1011 5229 1240 5296 Quinam
1274 5229 1329 5283 lti
1370 5238 1555 5283 essent
1594 5224 1845 5295 superius
1887 5223 2095 5285 docuit,

524 5324 591 5376 de
618 5338 841 5392 persona
875 5324 1072 5379 Christi
1102 5324 1304 5385 dicens,
1338 5340 1358 5373 ι
1394 5321 1518 5376 Dedi
1550 5330 1602 5375 te
1627 5321 1678 5373 in
1706 5324 2086 5373 testamentum

526 5416 774 5483 generis,
815 5416 867 5467 in
907 5416 1076 5469 lucem
1126 5418 1404 5485 gentium,
1443 5423 1500 5467 ut
1531 5412 1745 5482 aperias
1773 5409 1960 5464 oculos
1986 5422 2090 5461 cre—

523 5522 735 5561 coruui.
772 5522 792 5556 ι
840 5502 947 5557 llos
975 5507 1154 5574 itaque
1197 5506 1339 5575 ipsos
1365 5504 1489 5557 olim
1518 5516 1690 5557 caecos
1717 5500 1772 5555 in
1814 5498 2085 5571 gentibus.

525 5616 629 5683 ("tu
668 5612 774 5651 non
803 5606 1067 5651 noverant
1102 5598 1187 5651 via
1234 5596 1511 5653 ambulare
1541 5610 1600 5652 se
1633 5594 1902 5650 facturum
1934 5589 2089 5662 pollio

596 5712 644 5745 ³⁸
674 5711 690 5767 1
721 5710 849 5767 Cor.
888 5726 942 5769 κ,
981 5710 1034 5763 4.

2194 4480 2370 4535 αὐτῶν
2410 4476 2647 4549 ξηρινῶ.
2698 4476 2809 4528 Καὶ
2841 4472 2992 4543 θήσω
3026 4469 3302 4539 ποταμοὺς
3326 4467 3404 4529 εἰς
3438 4466 3653 4535 νήσους,
3679 4461 3777 4516 καὶ

2190 4576 2283 4646 ἐλη
2316 4570 2563 4643 ξηρανῶο
2614 4589 2632 4620 ι
2661 4566 2757 4629 τὰς
2791 4565 2956 4619 πάλαι
3007 4560 3266 4632 ποταμῶν
3304 4559 3459 4629 δίκην
3500 4570 3774 4626 χορηγου-

2195 4664 2359 4736 μένας
2389 4662 2569 4723 αὐτοῖς
2596 4656 2968 4718 διδασκαλίας.

2263 4867 2280 4896 ι
2319 4844 2427 4898 Καὶ
2478 4842 2590 4909 ἄξω
2620 4838 2850 4909 τυφλοὺς
2879 4839 2936 4889 ἐν
2986 4835 3090 4905 ὁδῷ
3224 4834 3324 4885 οὐκ
3376 4831 3641 4898 ἔγνωσαν,
3679 4826 3778 4880 καὶ

2188 4938 2405 5011 τρίϐους
2456 4934 2521 4997 ἃς
2574 4932 2674 4985 οὐκ
2719 4931 2958 5000 ᾔδεισαν,
2994 4927 3237 4996 πατῆσαι
3294 4924 3503 4994 ποιήσω
3550 4918 3775 4981 αύτούς.

2192 5032 2411 5101 Ποιήσω
2444 5028 2628 5089 αὐτοῖς
2654 5024 2715 5076 τὸ
2762 5022 2951 5084 σκότος
2978 5023 3057 5083 εἰς
3088 5019 3224 5089 φῶς,
3252 5017 3345 5070 καὶ
3382 5015 3448 5069 τὰ
3474 5012 3663 5067 σκολιὰ
3694 5015 3779 5075 είς

2195 5123 2426 5175 εὐθεῖαν.
2451 5118 2635 5171 Ταῦτα
2660 5115 2727 5167 τά
2770 5115 2989 5185 ῥήματα
3024 5112 3254 5181 ποιήσω,
3289 5108 3381 5161 καὶ
3404 5107 3503 5159 οὒκ
3536 5106 3777 5171 ἐγκατα-

2197 5215 2366 5283 λείψω
2398 5208 2612 5272 αύτούς.
2657 5226 2675 5259 ι
2706 5205 2861 5268 Τίνες
2884 5204 2940 5257 δὲ
2972 5200 3109 5275 ἦσαν
3144 5197 3287 5255 οὗτοι
3317 5197 3521 5262 ἐδίδαξε
3547 5194 3635 5248 διὰ
3664 5194 3774 5247 τῶν

2195 5305 2521 5378 ἔμπροσθεν,
2550 5300 2718 5354 εἰπὼν
2751 5300 2829 5360 εἰς
2863 5297 3151 5368 πρόσωπον
3172 5293 3263 5347 τοῦ
3296 5290 3531 5363 Χριστοῦ
3557 5307 3570 5321 ·
3615 5308 3632 5340 ι
3673 5288 3776 5339 Ἐ-

2192 5398 2342 5453 δωκά
2371 5412 2430 5449 σε
2465 5396 2543 5458 εἰς
2570 5393 2835 5463 διαθήκην
2871 5391 3080 5459 γένους,
3128 5388 3203 5449 εἰς
3250 5385 3362 5454 φῶς
3407 5383 3596 5447 ἐθνῶι,
3624 5381 3777 5434 ἀνοῖ-

2198 5489 2281 5555 ξαι
2329 5486 2638 5558 ὀφθαλμοὺς
2690 5484 2922 5553 τυφλῶν.
2963 5502 2980 5533 ι
3049 5478 3282 5541 Τούτους
3327 5478 3391 5549 δὴ
3429 5472 3523 5530 οὖν
3577 5474 3637 5527 αἱ
3657 5474 3777 5536 τοὺς

2196 5584 2322 5645 τοὺς
2356 5579 2521 5635 πάλαι
2552 5576 2783 5648 τυφλοὺς
2816 5578 2872 5629 ἐν
2902 5576 3011 5638 τοῖς
3046 5572 3275 5637 ἔθνεσιν,
3300 5570 3365 5623 ’ἢν
3400 5568 3474 5640 μὴ
3508 5565 3777 5634 ἐπεγίνω-
