4072 6194
265 294 357 354 393

1182 294 1688 353 COMMENTARlA
1725 292 1798 350 IN
1836 294 2098 352 lSAlAM.
2137 324 2208 336 --
2244 296 2396 353 CAP.
2437 296 2597 357 XLII.

3416 304 3522 359 σοι

265 432 388 470 σκον
412 412 539 467 ὁδὸν
570 409 773 482 βαδίσαι
805 406 1057 480 ποιήσειν
1098 409 1513 479 ἐπαγγέλλεται.
1546 409 1714 463 Πόθεν
1741 410 1849 481 γὰρ

1969 415 2125 464 :etur.
2154 409 2274 477 Quo
2299 418 2456 481 pacto
2490 412 2633 467 enim
2680 426 2799 468 eam
2848 414 3143 471 secundum
3180 415 3346 473 Deum
3380 420 3523 476 viam

263 512 395 581 ἡμῖν
431 504 718 576 γινώσκειν
740 503 922 574 παρῆν
948 502 1049 572 τὴν
1068 502 1210 555 κατά
1241 503 1376 556 Θεὸν
1402 502 1543 567 ὁδὸν,
1582 502 1615 571 ἢ
1641 503 1726 555 διὰ
1753 503 1849 574 τῆς

269 604 423 665 θείας
455 598 614 654 αὑτοῦ
639 598 888 667 χάριτοςς
921 616 939 648 ι
978 598 1198 667 Ποιὴσω
1242 598 1420 660 αὐτοῖς
1451 597 1513 649 τὸ
1550 595 1738 660 σκότος
1773 598 1855 660 εἰς

273 694 432 763 φῶς·
467 712 485 743 ι
522 692 614 753 τάς
658 688 1007 761 πῳφητικάς
1056 688 1257 759 δηλαδὴ
1302 687 1530 760 Γραφὰς
1579 688 1674 741 καὶ
1727 688 1853 750 τοὺς

280 786 429 857 βίους
472 783 589 845 τοὺς
617 781 720 833 ὑπὸ
752 780 854 850 τῆς
885 779 1036 842 θείας
1088 778 1437 841 διδασκαλίας
1486 777 1855 847 ὑποϐαλλομέ-

281 895 404 941 νους
433 873 751 945 συνήσεσθαι
800 873 952 942 ἡμᾶς
1009 888 1163 943 φησι.
1201 871 1312 944 Τὴν
1348 872 1457 943 γὰρ
1485 871 1706 940 ἄγνοιαν
1759 869 1853 923 τοῦ

281 968 407 1022 Θεοῦ
431 966 523 1036 τὴν
554 965 724 1018 πάλαι
754 965 879 1026 ταῖς
898 962 1097 1032 ψυχαῖς
1129 962 1291 1034 ἡμῶν
1322 962 1754 1027 ἐπιπολάζουσαν
1776 962 1856 1025 εἰς

278 1057 385 1126 φῶς
416 1054 670 1124 γνώσεως
719 1053 1142 1125 μεταϐαλεῖσθαι
1163 1070 1175 1083 ·
1213 1054 1308 1107 καὶ
1349 1054 1418 1107 τὰ
1446 1053 1614 1107 πάλαι
1644 1053 1700 1106 δὲ
1728 1071 1854 1107 σκοο

273 1151 356 1202 λιά
382 1152 511 1220 ήμίν
550 1148 648 1201 καὶ
687 1146 877 1217 ἀσαφῆ
904 1144 1257 1216 νομιζόμενα,
1308 1145 1404 1199 καὶ
1455 1144 1628 1197 ταῦτα
1677 1145 1856 1215 ὁμαλά

270 1243 512 1312 ποιήσειν
550 1238 977 1307 ἐπαγγέλλεται.
1014 1238 1154 1301 Τοὺς
1182 1240 1245 1290 ἐκ
1273 1238 1577 1309 περιτομῆς
1626 1238 1857 1291 αἰνιττό-

270 1346 445 1401 μενος,
481 1329 682 1400 φησίν·

336 1441 356 1473 ι
390 1422 565 1475 Αὐτοὶ
618 1421 679 1473 δὲ
730 1420 1163 1491 ἀπεστράφησαν
1220 1422 1301 1483 εὶς
1347 1420 1417 1474 τά
1452 1420 1649 1475 ὀπίσω.
1695 1439 1714 1473 ι
1742 1417 1855 1475 Εἶθ’

267 1515 454 1585 ῶσπερ
476 1512 791 1575 ἐπιδεικνὺς
817 1511 999 1573 αὐτοῖς
1039 1510 1139 1581 τὴν
1183 1510 1293 1563 τῶν
1321 1510 1489 1564 ἐθνῶν
1533 1512 1856 1585 μεταϐολὴν,

270 1607 362 1660 καὶ
383 1606 442 1673 ἐξ
465 1606 595 1667 οἵας
622 1603 831 1675 πλάνης
866 1602 1305 1674 μεταϐεϐήκασιν
1335 1605 1415 1667 εἰς
1462 1602 1578 1672 φῶς
1615 1603 1860 1669 ἐλθόντες

270 1697 377 1750 ἀπὸ
411 1695 508 1749 τοῦ
552 1695 799 1760 σκότους,
858 1692 1223 1758 ὀνειδιστικῶς
1256 1693 1391 1765 πρὸς
1431 1695 1671 1758 ἐκείνους
1709 1695 1861 1749 εἰδῶ·

1955 515 2113 557 nosse
2138 511 2469 570 poteramus,
2516 506 2618 561 nisi
2668 521 2766 578 per
2794 508 3031 563 divinam
3086 510 3204 579 ejus
3252 512 3526 582 gratiam?

1960 609 1978 644 ι
2013 592 2229 649 Faciam
2255 596 2387 665 ipsis
2435 599 2688 655 tenebras
2746 601 2798 654 in
2853 600 3073 656 lucem:
3108 622 3127 654 ι
3184 605 3531 673 propheticas

1956 681 2205 739 videlicet
2234 686 2567 756 Scripturas,
2604 700 2659 743 et
2689 692 2851 745 vitam
2884 692 3052 756 illam,
3076 709 3182 763 qua
3220 696 3398 751 divina
3432 697 3533 754 do-

1955 775 2131 829 ctrina
2162 778 2491 848 suggeritur,
2530 796 2629 835 nos
2658 781 3031 839 intellecturos
3061 799 3183 840 esse
3230 787 3307 840 ait
3367 786 3530 860 lgno—

1958 868 2187 922 rantiam
2212 869 2355 923 enim
2390 870 2485 925 Dei
2527 887 2648 942 qua:
2673 872 2803 927 olim
2837 875 3048 930 animas
3093 876 3384 948 obtegebat
3430 895 3534 936 no-

1957 968 2132 1026 stras,
2182 961 2235 1015 in
2280 963 2608 1032 cognitionis
2652 964 2824 1021 lucem
2866 969 3146 1024 mutandas
3186 969 3262 1023 ait
3352 979 3409 1025 et
3441 986 3532 1039 ea,

1958 1066 2077 1121 quae
2103 1051 2232 1107 olim
2266 1069 2296 1108 a
2324 1054 2480 1110 nobis
2510 1065 2747 1112 tortuosa
2771 1066 2824 1112 et
2853 1057 3082 1113 obscura
3115 1075 3233 1115 esse
3262 1062 3530 1131 putaban-

1958 1152 2083 1208 tur,
2137 1158 2196 1199 se
2241 1145 2400 1214 plana
2436 1146 2708 1203 facturum
2762 1150 3048 1219 promittit.
3094 1151 3198 1205 Eos
3230 1164 3404 1207 autem
3438 1154 3532 1225 qui

1956 1253 2021 1293 ex
2057 1238 2480 1295 circumcisione
2507 1249 2634 1295 sunt
2672 1241 3045 1309 subindicans,
3079 1244 3156 1298 ait
3188 1260 3202 1297 :

2031 1416 2198 1473 Vens.
2235 1416 2322 1473 17.
2352 1436 2370 1468 σ
2404 1416 2507 1487 lpsi
2536 1427 2713 1472 autem
2746 1418 2996 1474 conversi
3018 1429 3144 1474 sunt
3166 1431 3531 1493 relmrsumq

1960 1508 2163 1563 Deinde
2190 1511 2432 1578 gentium
2474 1511 2861 1579 mutationem,
2901 1521 2957 1566 et
2987 1514 3203 1582 quando
3242 1529 3307 1568 ex
3345 1531 3535 1571 errore

1973 1601 2077 1657 illa:
2108 1603 2343 1657 reductae
2376 1602 2507 1667 sint,
2540 1618 2606 1657 ex
2644 1602 2880 1658 tenebris
2919 1603 2973 1658 in
3013 1604 3185 1659 lucem
3234 1607 3538 1672 venientes,

1962 1693 2094 1763 ipsis
2110 1694 2308 1763 aperit,
2338 1708 2401 1748 ac
2423 1709 2612 1748 eorum
2645 1693 3003 1750 idololatriam
3032 1696 3385 1766 vituperando
3409 1701 3539 1755 sub-

273 1788 671 1859 λολατροῦντας
692 1786 935 1855 ἐπιλέγει
959 1803 973 1816 ’
1016 1805 1035 1838 ι
1060 1786 1398 1857 Αίσχύνθητε
1421 1826 1435 1850 ,
1466 1788 1515 1840 οἱ
1544 1786 1863 1851 πεποιθότες

1969 1786 2179 1856 iungit:
2246 1803 2265 1837 ι
2302 1784 2700 1841 Confundimini
2731 1787 2823 1856 qui
2862 1790 3133 1843 conﬁditis
3179 1792 3231 1843 in
3282 1792 3543 1862 sculptili-

278 1881 375 1934 ἐπὶ
402 1883 512 1943 τοῖς
539 1880 820 1948 γλυπτοῖς,
846 1879 894 1932 οἱ
929 1878 1172 1947 λέγοντες
1201 1883 1313 1944 τοῖς
1335 1883 1620 1951 χωνευτοῖς
1640 1897 1653 1911 ·
1670 1881 1860 1953 Ὑμεῖς

283 1972 411 2023 ἐστε
436 1969 561 2032 ,θεοὶ
612 1969 793 2041 ήμῶν.
843 1988 862 2022 ι
900 1970 1011 2023 Kal
1063 1970 1150 2024 ἵνα
1195 1970 1268 2042 μή
1315 1987 1398 2033 τις
1425 1970 1595 2024 ταῦτα
1622 1970 1860 2042 νομίσειε

285 2060 417 2131 περὶ
448 2060 551 2113 τῶν
587 2059 759 2113 ἐθνῶν
809 2059 1080 2130 λέγεσθαι,
1113 2060 1222 2114 τῶν
1281 2061 1448 2115 πάλαι
1492 2062 1711 2131 τυφλῶν
1767 2063 1862 2116 καὶ

285 2151 513 2221 κωφῶν,
562 2151 876 2221 ἀναγκαίως
923 2152 1182 2223 διασαφεῖ
1232 2156 1327 2207 καὶ
1365 2154 1717 2226 διερμηνεύει
1764 2154 1863 2226 τὴν

281 2246 513 2301 διάνοιαν
560 2246 894 2315 ὲξεπιλέγων
926 2264 938 2277 ·

351 2360 370 2392 ι
402 2342 516 2395 Καὶ
560 2341 643 2404 τίς
667 2341 889 2412 τυφλὸς,
920 2341 1036 2396 ἀλλ’
1062 2343 1112 2395 οἱ
1136 2341 1326 2405 παῖδές
1359 2358 1492 2413 μους
1534 2343 1631 2397 καὶ
1664 2343 1861 2413 κωφοὶ,

273 2432 387 2485 ἀλλ’
413 2435 463 2487 οἱ
492 2433 839 2505 κυριεύοντες
872 2433 1087 2499 αὑτῶν;
1130 2434 1240 2487 Kal
1262 2433 1650 2506 ἐτυφλώθησαν
1673 2436 1721 2488 οἱ
1752 2433 1865 2488 δού-

274 2527 353 2579 λοι
388 2526 486 2579 τοῦ
510 2525 670 2582 Θεοῦ.
698 2527 882 2580 Εἶδετε
901 2527 1208 2592 πλεονάκις,
1236 2529 1332 2582 καὶ
1358 2527 1457 2581 οὐκ
1485 2526 1823 2597 ἐφυλάξασθε
1844 2544 1859 2560 ·

273 2618 576 2690 ἠνοιγμένα
603 2619 673 2672 τὰ
706 2612 841 2682 ὦτα,
864 2619 961 2672 καὶ
991 2619 1090 2673 οὐκ
1118 2618 1411 2690 ἠκούσατε.
1441 2618 1647 2692 Κύριος
1670 2621 1699 2673 6
1731 2619 1865 2685 Θεὸς

276 2711 640 2766 ἐϐουλεύσατο
685 2713 771 2766 ῖνα
805 2712 1088 2783 δικαιωθῇ,
1123 2712 1218 2766 xal
1256 2710 1536 2785 μεγαλύνῃ
1570 2710 1796 2765 αἴνεσιν.
1838 2730 1856 2763 ι

286 2805 474 2878 Ὁρᾷς,
506 2807 587 2859 ὅτι
620 2805 789 2859 ταῦτα
840 2806 1016 2860 πάντα
1049 2806 1176 2877 περὶ
1214 2805 1310 2859 τοῦ
1352 2804 1480 2858 λαοῦ
1522 2804 1737 2877 εἴρηται
1766 2802 1860 2858 τοῦ

278 2897 344 2949 ἐκ
369 2897 695 2969 περιτομῆς.
717 2917 735 2949 ι
776 2897 909 2951 Ἀλλ’
942 2901 969 2953 6
997 2898 1095 2970 μὲν
1133 2897 1337 2971 Κύριος
1378 2897 1731 2951 ἐϐουλεύσατο
1776 2896 1863 2950 ἴνα

277 2988 547 3061 δικαιώσῃ
574 2989 757 3052 αὐτὸν,
802 2990 890 3043 ἵνα
961 2988 1239 3062 μεγαλύνῃ
1271 2988 1504 3043 αἶνεσιν’
1547 2989 1597 3042 οἱ
1639 2988 1697 3042 δὲ
1746 2988 1863 3042 ἐδο-

279 3082 557 3154 ξάσθησαν
578 3086 689 3146 τοῖς
713 3082 814 3147 τὰς
837 3082 1016 3154 ψυχάς
1054 3082 1235 3137 αὐτῶν
1266 3081 1610 3154 πολεμοῦσιν.

358 3289 377 3321 ‹
421 3269 535 3322 Kal
563 3264 723 3333 εἶδον,
756 3269 852 3323 καὶ
880 3268 1097 3338 ἐγένετο
1126 3270 1156 3323 6
1196 3267 1324 3332 λαὸς
1372 3269 1867 3341 προνενομευμένος

280 3362 379 3415 καὶ
437 3361 943 3433 διηρπαγμένοςηῆ
988 3362 1096 3432 γὰρ
1134 3362 1303 3430 παγὶς
1350 3364 1407 3416 ἐν
1461 3364 1573 3425 τοῖς
1619 3360 1867 3432 ταμείοις

284 3446 587 3522 πανταχοῦ,
618 3454 711 3505 καὶ
740 3453 797 3505 ἐν
822 3451 991 3516 οἴκοις
1018 3452 1154 3523 ἅμα,
1181 3453 1323 3506 ὅπου
1375 3452 1618 3525 ἔκρυψαν
1647 3449 1864 3515 αὐτούς.

292 3544 574 3611 Ἐγένοντο
629 3546 706 3607 εἰς
757 3546 1052 3618 προνομὴν,
1099 3548 1191 3600 καὶ
1236 3548 1336 3601 οὐκ
1375 3542 1444 3619 ἦν
1483 3546 1869 3619 ἐξαιρούμενος

283 3636 579 3708 ἅρπαγμα,
616 3638 710 3691 καὶ
740 3640 840 3691 οὐκ
868 3633 935 3709 ἦν
975 3639 1003 3691 6
1049 3639 1243 3708 λέγων,
1284 3640 1525 3704 Ἀπόδος.
1580 3659 1599 3691 ι
1643 3640 1730 3693 Ἐν
1760 3639 1870 3712 γὰρ

283 3730 470 3793 αὐτοῖς
500 3734 611 3795 τοῖς
666 3732 963 3805 λογισμοῖς,
1001 3732 1095 3797 οὓς
1126 3732 1416 3804 ἔκρυπτον,
1453 3734 1523 3787 τὰ
1570 3732 1711 3787 κατά
1736 3734 1871 3804 Χρι-

284 3822 413 3875 στοῦ
444 3822 838 3895 βουλευόμενοι,
869 3826 925 3877 ὲν
974 3825 1158 3890 αὐτοῖς
1199 3826 1427 3889 ἐκείνοις
1464 3827 1497 3897 ἡ
1538 3826 1659 3880 κατ’
1691 3825 1870 3880 αὐτῶν

284 3914 473 3981 παγίς,
513 3915 607 3968 καὶ
631 3915 729 3969 οὐκ
755 3910 824 3987 ἦν
849 3917 877 3969 6
900 3916 1288 3987 ἐξαιρούμενος
1326 3918 1542 3982 αὐτοὺς,
1580 3917 1699 3971 οὐδὲ
1729 3920 1757 3970 6
1785 3917 1872 3970 λέ-

282 4020 418 4071 γων,
472 4005 715 4071 ’Δπύδος.

358 4116 379 4149 ‹
419 4098 517 4161 Τίς
551 4101 609 4151 ἐν
641 4100 789 4169 ὑμῖν,
820 4100 879 4164 ὃς
933 4104 1235 4156 ἐνωτιεῖται
1273 4101 1481 4167 ταῦτα;
1513 4104 1870 4157 εἰσακούσατε

281 4191 363 4254 εις
394 4192 463 4243 τὰ
500 4192 859 4263 ἐπερχόμενα.
892 4213 909 4245 ι
948 4195 1011 4247 El
1038 4195 1095 4248 δέ
1122 4213 1204 4259 τις
1227 4195 1510 4267 ζητήσειεν
1537 4196 1621 4260 τίς
1650 4197 1679 4249 6
1700 4194 1873 4250 ταῦτα

281 4284 528 4360 πράξας,
560 4287 711 4360 εὖροι
737 4288 780 4343 δ’
814 4289 898 4349 ἂν,
926 4290 1008 4343 ὅτι
1038 4290 1145 4343 οὐδ’
1180 4290 1337 4354 ἄλλος
1353 4289 1553 4344 ἔδωκεν
1573 4292 1772 4355 αὐτοὺς
1794 4292 1875 4355 είς

279 4380 596 4453 διαρπαγὴν
645 4381 877 4452 ῆαύτὺς
930 4375 976 4450 ᾧ
1024 4383 1341 4453 ήμάρτοσαν
1396 4382 1565 4452 αὐτῷ,
1623 4382 1715 4435 καὶ
1775 4382 1874 4437 οὐκ

1964 1879 2087 1945 bus,
2115 1877 2206 1949 qui
2239 1876 2599 1933 conﬂatilibus
2631 1878 2833 1944 dicitis,
2863 1880 2973 1936 Vos
3002 1880 3135 1935 estis
3175 1882 3249 1936 dii
3280 1884 3474 1937 nostri.
3514 1903 3535 1937 ι

1964 1969 2043 2026 Ne
2072 1986 2203 2027 vero
2235 1971 2356 2041 quis
2384 1980 2599 2040 putaret
2636 1971 2753 2026 hate
2794 1974 2860 2027 de
2889 1972 3141 2041 gentibus
3162 2014 3177 2038 ,
3212 1974 3341 2029 olim
3384 1976 3542 2030 caecis

1964 2073 2020 2121 et.
2075 2065 2256 2120 surdis
2281 2103 2296 2129 ,
2333 2064 2478 2119 dicta
2538 2065 2739 2131 fuisse,
2793 2066 3097 2122 necessario
3125 2076 3360 2123 mentem
3387 2082 3541 2124 suam

1965 2157 2143 2227 aperit
2168 2165 2224 2211 et
2247 2157 2483 2226 explicat
2506 2196 2522 2222 ,
2552 2157 2668 2213 hac
2697 2157 2963 2227 adjiciens
2994 2175 3010 2214 :

2039 2354 2204 2409 Vens.
2238 2353 2423 2410 18-21.
2472 2373 2491 2406 ι
2547 2354 2615 2409 Ει
2654 2356 2781 2425 quis
2812 2370 2991 2411 exectis
3017 2396 3033 2420 ,
3080 2356 3185 2412 nisi
3218 2356 3369 2425 pueri
3395 2357 3496 2413 mei
3525 2356 3546 2411 ἓ

1967 2454 2021 2501 et
2051 2445 2173 2516 quis
2206 2449 2425 2512 surdus,
2451 2446 2553 2501 nisi
2589 2447 2682 2517 qui
2729 2448 3077 2503 dominantur
3121 2448 3239 2504 eis?
3264 2450 3331 2504 Et
3366 2449 3546 2505 obcaza

1965 2538 2071 2591 cati
2097 2546 2224 2592 sunt
2254 2537 2397 2593 servi
2440 2537 2554 2592 Dei.
2588 2536 2806 2594 Vidistis
2834 2554 2996 2609 saepe,
3030 2548 3085 2592 et
3112 2554 3217 2593 non
3267 2540 3492 2595 cavistis
3523 2558 3539 2595 :

1964 2635 2165 2697 apertae
2195 2636 2321 2681 sunt
2353 2642 2538 2691 aures,
2565 2635 2621 2680 et
2669 2642 2776 2682 non
2823 2628 3073 2683 audistis.
3112 2628 3377 2684 Dominus
3396 2630 3540 2684 Deus

1967 2718 2293 2772 deliberavit
2346 2728 2404 2772 ut
2447 2717 2868 2787 jusdﬁcaretur,
2909 2728 2964 2774 et
3012 2721 3386 2790 magniﬁcaret
3426 2721 3546 2775 lac-

1966 2808 2109 2863 dem.
2146 2826 2165 2860 ι
2210 2808 2372 2864 Vides
2410 2809 2526 2863 haec
2557 2809 2738 2863 omnia
2782 2810 2847 2864 de
2890 2808 3088 2879 populo
3136 2824 3204 2864 ex
3255 2809 3546 2865 circumci-

1972 2900 2124 2957 sione
2149 2900 2294 2956 dicta
2324 2900 2514 2956 fuisse.
2566 2919 2585 2953 ι
2644 2900 2750 2957 Sed
2792 2901 3052 2957 Dominus
3104 2902 3455 2969 deliberavit,
3486 2911 3548 2958 nt

1961 2994 2291 3063 justiﬁearbt
2341 3007 2499 3060 eum,
2551 3001 2607 3050 et
2662 2993 3040 3065 magniﬁcaret
3102 2992 3354 3061 laudem;
3401 3011 3421 3047 ι
3470 2993 3547 3049 ili

1966 3100 2098 3142 vero
2126 3086 2344 3157 gloriati
2381 3096 2509 3143 sunt
2537 3086 2592 3141 in
2624 3084 2713 3152 iis,
2745 3088 2839 3157 qui
2873 3087 3267 3159 impugnabant
3303 3086 3544 3141 animam

1967 3192 2149 3234 suam.

2037 3269 2206 3328 Vens.
2237 3270 2328 3325 22.
2364 3289 2384 3323 ι
2419 3271 2486 3326 Et
2514 3270 2791 3336 viderunt,
2821 3281 2878 3325 et
2925 3269 3027 3325 fuit
3082 3270 3314 3341 populus
3359 3279 3550 3325 vasta-

1972 3375 2057 3422 tus
2109 3376 2276 3437 atque
2329 3367 2571 3436 direptus
2620 3382 2633 3418 :
2680 3366 2910 3435 laqueus
2970 3365 3115 3419 enim
3175 3365 3226 3419 in
3276 3365 3549 3420 cubilibus

1969 3458 2190 3526 ubique,
2216 3466 2271 3512 et
2298 3456 2351 3511 in
2385 3456 2637 3511 domibus
2666 3455 2848 3522 simul,
2884 3455 2971 3509 ubi
2998 3455 3403 3509 absconderunt
3429 3469 3546 3510 eos.

1969 3545 2122 3601 Facti
2154 3547 2361 3602 suntin
2390 3546 2771 3609 vastationem,
2810 3553 2866 3599 et
2903 3560 3012 3599 non
3047 3554 3166 3599 erat
3204 3545 3293 3613 qui
3332 3555 3550 3600 erueret

1971 3638 2218 3709 rapinam
2257 3647 2354 3693 :et
2393 3652 2500 3693 non
2541 3644 2657 3691 erat
2690 3638 2781 3704 qui
2836 3636 3063 3703 diceret,
3101 3635 3302 3689 Redde.
3359 3654 3379 3687 ι
3413 3635 3548 3690 Nam

1972 3731 2217 3787 occultas
2241 3730 2294 3785 in
2328 3730 2601 3785 mentibus
2650 3729 2763 3785 suis
2793 3727 3011 3784 Christo
3059 3726 3284 3782 insidias
3319 3726 3552 3781 molien-

1973 3833 2074 3890 tes,
2122 3823 2178 3878 in
2217 3822 2408 3878 iisdem
2458 3822 2590 3894 ipsis
2629 3821 2880 3892 laqueum
2912 3821 3014 3876 sibi
3068 3820 3414 3885 invenerunt,
3449 3834 3552 3874 nec

1972 3927 2093 3972 erat
2118 3914 2209 3987 qui
2236 3915 2474 3988 eriperet
2498 3931 2616 3986 eos,
2645 3932 2823 3988 neque
2851 3916 2945 3986 qui
2974 3915 3202 3981 diceret,
3240 3912 3450 3970 Redde.

2044 4104 2210 4160 Vsus.
2240 4104 2332 4159 25.
2381 4122 2401 4155 ι
2439 4101 2573 4169 Quis
2605 4112 2691 4155 est
2743 4103 2797 4155 in
2832 4101 2987 4156 vobis
3010 4139 3026 4165 ,
3066 4099 3156 4169 qui
3187 4100 3303 4154 lnec
3329 4099 3513 4153 audiat
3536 4138 3549 4153 .

1975 4198 2278 4254 auscultate
2314 4198 2516 4253 futura.
2563 4218 2583 4251 ι
2634 4196 2691 4252 Si
2742 4195 2864 4265 quis
2916 4203 3097 4250 autem
3143 4202 3387 4264 quaerat,
3430 4193 3554 4261 quis

1975 4288 2089 4343 hare
2124 4287 2353 4352 fecerit,
2393 4287 2630 4342 inveniet
2661 4301 2767 4341 non
2815 4285 2980 4340 alium
3035 4284 3182 4354 ipsos
3229 4285 3283 4339 in
3314 4282 3551 4352 praedam

1977 4380 2209 4443 dedisse,
2250 4393 2413 4447 quam
2447 4393 2610 4443 eum,
2665 4378 2719 4433 in
2756 4393 2921 4448 quem
2961 4386 3359 4447 peccaverant,
3399 4381 3455 4427 et
3499 4374 3555 4426 in

280 4474 583 4544 ⁴ιγϐούλοντο
604 4475 661 4525 ἐν
684 4477 804 4537 ταῖς
835 4474 975 4537 ὁδοῖς
1003 4474 1166 4528 αὑτοῦ
1200 4472 1547 4547 πορεύεσθαι..
1589 4474 1865 4546 Καλούμε-

1978 4470 2135 4540 cuius
2171 4470 2273 4525 viis
2301 4470 2580 4525 ambulare
2617 4478 2932 4525 renuerant.
2986 4469 3119 4523 Nam
3164 4468 3231 4521 ad
3276 4464 3554 4535 cvangeli-

280 4583 369 4618 νοι
392 4566 503 4637 γὰρ
532 4569 612 4628 εἰς
656 4566 756 4630 τὰς
800 4565 1161 4635 εύαγγελικὰς
1192 4568 1363 4631 ὁδοὺς,
1410 4567 1509 4638 οὐχ
1561 4567 1835 4639 ὑπήκουον
1858 4581 1871 4598 '

282 4659 407 4713 ἀλλ’
440 4659 560 4712 οὐδὲ
594 4660 809 4714 ἀκούειν
848 4660 1037 4731 ήθελον
1064 4660 1155 4713 τοῦ
1186 4662 1351 4731 νόμου
1378 4661 1475 4733 τῆς
1511 4663 1720 4733 Καινῆς
1751 4664 1877 4715 Δια·

284 4753 492 4823 θήκης.

366 4864 385 4895 ς
422 4845 523 4908 Τίς
555 4844 756 4897 ἔδωκεν
788 4844 868 4907 είς
913 4843 1220 4917 διαρπαγὴν
1257 4842 1470 4907 Ἰακὼϐ,
1514 4843 1607 4897 καὶ
1657 4844 1876 4915 Ἰσραὴλ

279 4937 402 4999 τοῖς
444 4935 874 5006 προνομεύουσιν
899 4935 1096 4999 αὐτόν;
1137 4936 1271 5006 Οὐχὶ
1302 4935 1331 4989 6
1378 4934 1531 5000 Θεὸς,
1561 4927 1605 5004 ᾧ
1639 4936 1875 5008 ήμάρτο-

282 5044 392 5082 σαν
421 5025 593 5098 αὐτῷ,
626 5027 719 5081 καὶ
742 5028 843 5080 οὐκ
868 5026 1149 5082 ἐϐούλοντο
1178 5029 1236 5080 ἐν
1265 5030 1383 5091 ταῖς
1412 5026 1551 5091 ὁδοῖς
1584 5028 1749 5081 αὑτοῦ
1778 5046 1876 5081 πο-

284 5120 574 5194 ρεύεσθαι,
620 5122 741 5175 οὐδὲ
794 5121 1013 5175 ἀκούειν
1046 5121 1138 5175 τοῦ
1178 5122 1342 5193 νόμου
1398 5120 1595 5185 absab;
1633 5141 1651 5172 ι
1699 5122 1874 5174 Πάλαι

283 5215 395 5286 μὲν
421 5212 531 5285 γὰρ
566 5214 701 5284 πρὸς
741 5204 930 5284 καιρόν
974 5231 1095 5265 τινα
1142 5212 1555 5285 πολεμούμενοι,
1592 5208 1746 5276 αὖθις
1786 5214 1879 5265 ἀν-

283 5302 602 5375 ελάμϐανον
630 5302 881 5366 ἑαυτούς·
930 5302 1006 5365 ὡς
1039 5301 1132 5355 καὶ
1166 5301 1262 5373 τὴν
1295 5302 1665 5375 Ἰερουσαλὴμ,
1698 5304 1791 5355 καὶ
1816 5302 1879 5356 τὸ

283 5400 346 5451 ἐν
396 5397 541 5467 αὐτῇ
589 5396 858 5466 βασίλειον
899 5392 1078 5449 αὐτῶν
1110 5395 1460 5449 συνεστάναι*
1519 5393 1612 5448 νῦν
1647 5394 1704 5447 δὲ
1752 5411 1880 5447 κατι-

289 5488 519 5561 ίσχυσεν
556 5488 737 5542 αὐτῶν
766 5490 794 5542 6
829 5488 1082 5557 πόλεμος
1114 5488 1212 5558 οὐχ
1235 5488 1264 5539 6
1297 5486 1494 5551 ἔξωθεν
1538 5485 1716 5558 μόνος,
1742 5486 1882 5540 ἀλλά

291 5584 385 5636 καὶ
420 5584 451 5635 6
475 5579 587 5635 τῶν
612 5580 713 5643 τὰς
731 5580 907 5651 ψυχὰς
938 5578 1117 5634 αὐτῶν
1144 5578 1605 5650 πολιορκούντων.ς

366 5698 385 5730 ι
420 5677 534 5730 Καὶ
553 5676 837 5746 ἐπήγαγεν
880 5676 967 5727 ἐπ’
1016 5675 1213 5737 αὐτοὺς
1247 5669 1415 5743 ὀργὴν
1463 5668 1637 5741 θυμοῦ
1691 5666 1876 5733 αὑτοῦ,

293 5772 382 5826 iul
419 5769 755 5839 κατίσχυσεν
775 5766 971 5830 αὐτοὺς
993 5765 1247 5835 πόλεμος,
1281 5763 1373 5817 καὶ
1402 5762 1451 5816 οἱ
1478 5759 1880 5833 συμφλέγοντες

622 5864 895 5927 ΡΑτιιοι.
941 5864 1055 5923 Gn.
1086 5860 1295 5927 XXIV

1982 4577 2077 4617 cas
2110 4563 2229 4617 vias
2256 4562 2489 4628 evocati,
2526 4577 2630 4615 non
2659 4563 3126 4631 obtemperarunt,
3176 4572 3350 4627 neque
3382 4556 3555 4627 legem

1979 4656 2109 4712 Novi
2138 4655 2471 4712 Testamenti
2501 4656 2690 4712 audire
2727 4656 3032 4711 voluerunt.

2050 4827 2216 4885 γεω.
2241 4825 2332 4882 24.
2370 4845 2389 4877 ι
2426 4825 2559 4893 Quis
2592 4824 2741 4880 dedit
2786 4826 2839 4877 in
2870 4821 3227 4890 direptionem
3264 4816 3432 4875 Jacob
3455 4856 3470 4881 ,
3500 4826 3557 4871 et

1979 4919 2146 4977 Israel
2192 4919 2535 4974 vastantibus
2581 4916 2750 4972 eum?
2798 4916 2993 4969 Annon
3022 4913 3164 4968 Deus
3186 4951 3202 4978 ,
3239 4912 3324 4966 cui
3359 4923 3554 4979 pecca-

1983 5021 2201 5079 verunt,
2230 5021 2285 5066 et
2310 5008 2599 5065 noluerunt
2630 5010 2683 5063 in
2712 5008 2816 5062 viis
2851 5006 2972 5077 ejus
3016 5004 3332 5068 ambulare,
3388 5014 3562 5069 neque

1985 5106 2176 5160 audire
2206 5104 2377 5173 legem
2405 5101 2565 5173 ejus?
2598 5120 2617 5153 ι
2651 5100 2723 5154 At
2747 5101 2892 5155 enim
2925 5098 3055 5155 olim
3087 5096 3305 5168 quidem
3336 5109 3458 5149 cum
3492 5093 3563 5146 ad

1986 5209 2199 5268 tempus
2248 5196 2466 5267 aliquod
2518 5194 2663 5251 bello
2712 5194 3136 5264 impeterentur,
3190 5190 3388 5243 iterum
3423 5187 3563 5241 resiv

1987 5292 2303 5363 piscebant;
2336 5292 2407 5345 ita
2440 5297 2500 5342 ut
2529 5285 2834 5342 Jerusalem
2865 5293 2920 5338 et
2966 5282 3117 5353 regia
3150 5280 3351 5335 ibidem
3385 5278 3563 5348 posita
3656 5282 3662 5287 '

1987 5384 2347 5447 consisteret;
2374 5399 2514 5439 nunc
2555 5392 2739 5438 autem
2792 5377 2932 5435 bello
2974 5373 3222 5446 oppressi
3259 5382 3416 5439 sunt,
3455 5384 3564 5424 non

1989 5479 2259 5534 exteriore
2318 5487 2566 5543 tantum,
2630 5477 2725 5529 sed
2779 5486 2846 5526 eo
2886 5469 3033 5542 quod
3077 5466 3148 5521 ab
3194 5462 3569 5522 obsidentibus

1988 5572 2204 5627 animas
2232 5584 2360 5626 suas
2385 5568 2743 5623 inferebatur.

2060 5662 2227 5718 Vens.
2259 5662 2352 5718 25.
2393 5679 2411 5713 ι
2464 5658 2532 5715 Et
2584 5660 2797 5716 induxit
2840 5672 3002 5728 super
3049 5669 3145 5710 eos
3197 5652 3330 5706 iram
3366 5646 3565 5703 furoris

1989 5754 2445 5837 sui,_et‘invaluit
2478 5755 2530 5815 in
2563 5770 2658 5812 eos
2687 5755 2889 5813 bellum
2918 5795 2933 5824 ,
2966 5760 3020 5809 et
3053 5748 3143 5822 ιι.ιί
3174 5741 3569 5802 comburebant

3221 5841 3294 5901 13
