4072 6194
504 286 613 347 895

1173 282 1439 338 EUSEBII
1479 278 1955 338 CASSARIENSIS
1992 279 2142 337 OPP.
2185 280 2369 336 PARS
2408 280 2495 337 Ill.
2538 314 2605 323 —
2642 282 3053 340 EXEGETICA.

3650 287 3755 346 596

506 420 602 459 eos
656 404 710 457 in
761 404 987 458 circuitu
1023 420 1036 457 :
1070 417 1248 471 neque
1290 412 1657 472 cognoverunt
1705 404 2058 472 unnsqnisqut

2183 403 2379 465 αὐτοὺς
2433 404 2645 474 κύκλῳ·
2684 406 2777 458 καὶ
2826 405 2925 458 οὐκ
2984 406 3225 474 ἔγνωσαν
3279 406 3506 469 ἕκαστος
3553 407 3748 471 αὐτῶν,

503 512 715 561 eorum,
747 509 921 565 neque
950 495 1188 548 animum
1225 495 1607 549 adhibuerunt.
1645 492 1802 549 mEtsi
1831 497 1973 549 enim
2014 497 2073 561 ii,

502 589 594 656 qui
636 589 774 655 apud
821 601 915 639 vos
955 585 1234 650 inﬁdeles,
1263 587 1391 640 caeci
1440 597 1494 641 et
1521 587 1669 640 surdi
1716 586 1891 642 effecti
1927 601 2071 652 sunt,

500 691 554 733 et
589 680 714 732 talia
759 688 1166 745 perpetraruut,
1205 679 1300 732 ira:
1346 679 1438 733 Dei
1484 664 1667 732 traditi
1703 681 1847 744 sint;
1891 691 1946 734 at
1982 695 2076 734 vos

500 771 583 823 vel
614 785 755 824 nunc
787 772 999 823 tandem
1035 772 1249 837 audite;
1292 785 1386 825 vos
1415 773 1556 836 dico,
1598 771 1687 841 qui
1737 775 2073 826 condituram

499 870 555 914 et
576 870 875 915 creatorem
903 872 1140 916 vestrum
1176 877 1279 916 non
1313 865 1605 932 ignorastis
1627 901 1641 925 ,
1674 865 1766 917 sed
1821 866 1912 931 qui
1955 868 2073 935 opi-

501 950 681 1006 ﬁcium
710 954 762 1007 in
800 955 955 1009 vobis
984 956 1255 1008 exsistens
1275 995 1290 1019 ,
1323 956 1530 1008 salvum
1561 967 1615 1009 et
1650 956 1919 1011 incolume
1954 974 2074 1011 ser-

497 1046 689 1100 vastis.

1034 1139 1264 1195 CAPUT
1337 1139 1520 1195 XLIII.

571 1228 732 1285 Vens.
789 1230 839 1292 l,
887 1238 942 1282 2.
990 1248 1008 1278 ‹
1042 1230 1104 1281 Et
1149 1244 1290 1283 nunc
1327 1232 1407 1285 sic
1430 1232 1559 1284 dicit
1593 1231 1855 1286 Dominus
1890 1242 2031 1287 Ueus
2054 1274 2068 1297 ,

488 1324 583 1392 qui
615 1322 741 1376 fecit
783 1331 852 1384 te,
887 1321 1079 1383 Iacob,
1113 1332 1167 1376 et
1191 1325 1284 1391 qui
1320 1323 1576 1377 formavit
1622 1335 1696 1388 te,
1731 1323 1892 1378 Israel
1943 1342 1957 1378 :
1996 1325 2073 1379 Ne

496 1419 715 1481 timeas,
745 1418 1003 1484 quoniam
1031 1416 1234 1470 redemi
1266 1412 1363 1470 te‘:
1396 1419 1583 1471 vocavi
1621 1426 1672 1471 te
1704 1418 1924 1470 nomine
1954 1428 2066 1481 tuo,

492 1509 640 1564 Meus
665 1525 724 1563 es
773 1518 848 1562 tu.
885 1528 902 1559 ι
937 1508 1045 1575 Ego
1081 1506 1343 1562 Dominus
1382 1507 1552 1572 Deus,
1588 1510 1676 1576 qni
1718 1508 1820 1561 feci
1866 1519 1919 1560 et
1962 1508 2072 1560 for-

490 1603 629 1654 mavi
661 1609 753 1663 te;
800 1598 901 1652 feci
937 1599 1156 1666 quidem
1186 1598 1483 1651 secundum
1522 1599 1760 1651 animam
1815 1598 1881 1651 ad
1936 1600 2071 1651 ima-

486 1694 666 1763 ginem
704 1692 793 1746 Dei
826 1693 1021 1746 factam
1053 1709 1067 1755 ;
1109 1690 1335 1745 formavi
1385 1702 1564 1744 autem
1613 1692 1907 1745 secundum
1943 1707 2067 1745 cor-

2178 494 2297 547 οὐδὲ
2328 494 2509 548 ἔθεντο
2539 496 2630 549 ἐπὶ
2655 497 2849 570 ψυχήν.
2889 517 2906 549 ι
2930 500 3118 570 Εἰγὰρ
3138 499 3233 553 καί⁵
3263 497 3333 551 τὰ
3364 499 3595 569 μάλιστα
3617 502 3663 553 οἰ
3693 503 3753 569 ἐξ

2181 586 2335 655 ὑμῶν
2382 586 2625 649 ἄπιστοι,
2694 590 2883 657 τυφλοὶ
2934 590 3027 642 καὶ
3074 590 3247 660 κωφοὶ
3308 591 3609 661 γενόμενοι,
3662 593 3756 647 καὶ

2179 679 2407 732 τοιαῦτα
2436 680 2766 750 πράξαντες,
2802 685 2867 752 τῇ
2896 683 3028 753 ὀργῇ
3057 682 3150 735 τοῦ
3181 683 3315 736 Θεοῦ
3342 683 3753 755 παρεδόθησαν·

2178 771 2290 824 ἀλλ’
2316 772 2475 843 ὑμεῖς
2500 773 2578 825 ἔτι
2609 774 2701 827 καὶ
2738 773 2834 825 νῦν
2856 774 3122 826 ἀκούσατε
3145 791 3158 804 ’
3192 775 3334 844 ὑμᾶς
3367 774 3422 828 δὲ
3452 774 3594 843 λέγω
3630 775 3758 838 τοὺς

2175 865 2266 917 τὸν
2306 864 2517 918 ἑαυτῶν
2564 866 2793 938 ποιητὴν
2849 866 2941 919 καὶ
2973 867 3214 938 πλάστην
3243 866 3317 938 μὴ
3359 868 3754 937 ἀγνοήσαντας,

2176 959 2309 1012 ἀλλὰ
2345 960 2437 1011 καὶ
2471 959 2531 1010 τὸ
2562 960 2770 1030 ποίημα
2798 958 2858 1011 τὸ
2912 960 2967 1011 ἐν
2993 959 3117 1028 ὑμῖν
3147 959 3239 1010 καὶ
3268 958 3328 1009 τὸ
3357 958 3585 1029 πλάσμα
3615 957 3756 1010 σῶον

2176 1051 2270 1103 καὶ
2299 1050 2577 1103 ἀλώὸτπτον
2624 1051 3081 1123 διατηρήσαντας.

2686 1141 3080 1195 ΚΕΦΑΛΑΙΟΝ
3112 1140 3241 1195 ΜΡ.

2250 1257 2268 1287 ε
2304 1237 2411 1289 Καὶ
2436 1236 2529 1289 νῦν
2557 1236 2729 1299 οὓτως
2755 1236 2901 1303 λέγει
2933 1234 3136 1305 Κύριος
3159 1234 3187 1285 6
3210 1232 3340 1296 Θεὸς
3362 1234 3391 1285 6
3419 1234 3649 1305 ποιήσας
3670 1250 3753 1295 σε,

2186 1330 2400 1396 Ἰακὼϐ,
2433 1330 2580 1382 καὶὸ
2615 1328 2826 1392 πλάσας
2868 1345 2947 1388 σε,
2988 1326 3233 1398 Ἰσραήλ·
3285 1326 3376 1397 Μὴ
3432 1324 3617 1394 φοϐοῦ,
3669 1326 3754 1379 ὅτι

2174 1423 2566 1493 ἐλυτρωσάμην
2590 1437 2646 1473 σε
2668 1438 2681 1450 ·
2720 1420 2955 1472 ἐκάλεσα
2989 1436 3047 1470 σε
3076 1418 3137 1470 τὸ
3158 1417 3330 1488 ὄνομα
3364 1434 3489 1469 σου·
3536 1417 3668 1487 ἐμὸς
3701 1413 3755 1469 εἴ

2176 1514 2261 1567 σύ.
2303 1534 2321 1565 ι
2368 1514 2508 1582 Ἐγὼ
2529 1513 2732 1584 Κύριος
2776 1516 2804 1565 6
2833 1511 2963 1574 Θεὸς
2988 1513 3016 1563 6
3051 1512 3281 1580 ποιήσας
3315 1528 3371 1562 σε
3413 1511 3505 1563 καὶ
3540 1511 3756 1575 πλάσας

2177 1625 2235 1661 σε
2260 1625 2273 1637 ·
2313 1609 2544 1678 ποιήσας
2590 1607 2686 1677 μὲν
2729 1606 2870 1659 κατὰ
2899 1605 3075 1675 ψυχὴν
3105 1603 3203 1674 τὴν
3232 1604 3349 1656 κατ’
3385 1604 3564 1657 εἰκόνα
3615 1602 3754 1656 Θεοῦ

2177 1696 2584 1769 πεποιημένηνο
2625 1696 2837 1759 πλάσας
2867 1696 2923 1747 δὲ
2959 1694 3102 1747 κατὰ
3138 1694 3198 1745 τὸ
3232 1693 3390 1764 σῶμα
3418 1694 3479 1745 τὸ
3515 1692 3623 1745 ἀπὸ
3647 1692 3755 1762 γῆς

485 1802 612 1858 pus,
653 1788 718 1841 de
756 1797 902 1840 terra
953 1794 1308 1853 sun:ptum,et
1336 1800 1362 1837 a
1399 1800 1482 1838 me
1509 1794 1900 1839 constructum.
1927 1786 2058 1839 San-

2169 1762 2491 1859 ληφθὲν-καὶ
2508 1762 2609 1840 ⁷ὑπ’
2654 1787 2788 1858 ἐμοῦ
2814 1786 3193 1856 πεπλασμένον
3214 1804 3226 1815 ·
3265 1762 3456 1857 λῦτρον
3482 1786 3621 1855 ὑπὲρ
3650 1784 3755 1855 τῆς

485 1881 816 1951 guinemque
875 1893 1052 1933 meum
1092 1878 1144 1931 in
1199 1879 1432 1947 pretium
1483 1892 1580 1947 pro
1622 1878 1797 1930 salute
1846 1879 2068 1932 tradens

484 1983 600 2038 tua,
632 1972 837 2028 redemi
876 1982 946 2035 te,
974 1981 1029 2025 et
1060 1971 1244 2026 vocavi
1280 1980 1331 2025 te
1366 1988 1380 2024 :
1417 1985 1601 2023 verum
1638 1971 1802 2025 etiam
1851 1980 1905 2025 te
1947 1986 2067 2040 pos-

481 2068 779 2122 sessionem
832 2079 1004 2118 meam
1050 2062 1241 2126 ell‘eci;
1297 2063 1370 2116 ita
1421 2071 1479 2119 ut
1527 2073 1580 2116 tu
1631 2062 1761 2115 mihi
1812 2062 2061 2131 populus,

482 2173 584 2226 ego
622 2157 716 2211 tibi
749 2157 887 2208 Dens
907 2168 1104 2208 essem.
1130 2150 1354 2206 Conlide
1381 2152 1571 2220 igitur,
1607 2160 1685 2205 tot
1714 2166 1742 2203 a
1770 2164 1854 2204 me
1881 2151 2067 2218 dignm-

484 2256 570 2300 tus
601 2246 775 2308 bonis,
824 2255 879 2299 et
908 2260 968 2297 ea
1005 2259 1109 2312 qua
1152 2243 1340 2311 jussus
1373 2258 1433 2295 es
1463 2243 1545 2294 via
1584 2243 1771 2295 incede
1799 2259 1810 2294 :
1843 2241 2065 2296 fiducia-

480 2356 588 2410 que
626 2340 817 2411 plenus
865 2338 1118 2392 omnibus
1170 2351 1267 2405 per
1303 2334 1493 2389 orbem
1535 2334 1787 2404 gentibus
1825 2335 2061 2402 przedica

480 2430 850 2500 evangelicum
878 2440 1211 2483 sermonem.
1237 2424 1498 2489 Quamvis
1526 2421 1670 2476 enim
1705 2422 1846 2492 ignis
1867 2424 2061 2474 ardens

476 2522 742 2592 eruperit,
779 2519 1031 2589 quamvis
1059 2533 1234 2587 aqua,
1267 2517 1521 2585 quamvis
1556 2514 1777 2567 lituiiina
1835 2514 2063 2567 inunda-

478 2613 679 2674 verint,
702 2611 819 2665 haec
857 2609 989 2662 nihil
1024 2618 1073 2662 te
1101 2608 1316 2668 Letlent,
1348 2607 1493 2674 quod
1524 2618 1625 2673 ego
1652 2614 1829 2657 tecum
1863 2603 2062 2670 ubique

479 2706 603 2760 sim.
658 2703 794 2757 Nam
832 2702 960 2756 illud
1016 2702 1135 2755 sine
1182 2699 1468 2754 mendacio
1512 2696 1813 2759 enuntiavi,
1871 2712 1890 2746 ι
1923 2694 2062 2749 Ecce

472 2808 578 2868 ego
601 2797 880 2850 vobiscum
922 2810 1039 2847 sum
1071 2806 1246 2862 usque
1277 2792 1341 2843 ad
1380 2788 1910 2845 consummationem
1953 2802 2059 2842 sa:-

475 2891 585 2945 culi
630 2891 699 2942 1'.
730 2907 748 2940 ι
808 2906 813 2911 ο

551 2982 714 3035 Vens.
772 2979 827 3035 '5.
872 2976 985 3031 «Et
1039 2992 1083 3030 SI
1129 2976 1413 3031 transieris
1440 2990 1536 3044 per
1595 2989 1815 3042 aquam,
1881 2983 2056 3028 tecum

2172 1880 2445 1949 σωτηρίας
2494 1879 2555 1931 τὸ
2604 1877 2842 1949 ἐμαυτοῦ
2873 1876 3145 1949 παραδοὺς
3174 1873 3329 1947 αἷμα,
3359 1876 3752 1947 ἐλυτρωσάμην

2169 1988 2228 2023 σε
2256 1972 2349 2023 καὶ
2375 1970 2611 2025 ἐκάλεσά
2655 1987 2749 2025 σε·
2786 1969 2921 2023 ἀλλὰ
2966 1970 3059 2021 καὶ
3098 1968 3287 2038 κτῆμα
3326 1967 3521 2021 ἑαυτοῦ
3557 1967 3752 2037 ἐποιη-

2170 2066 2350 2135 σάμην
2376 2081 2434 2116 σε
2455 2082 2468 2094 ’
2508 2065 2649 2117 ὥστε
2680 2058 2816 2117 εἶναι
2846 2064 2944 2133 μέν
2970 2080 3026 2115 σε
3048 2063 3178 2133 ἐμὸν
3209 2061 3355 2125 λαὸν,
3392 2061 3533 2132 κάμὲ
3559 2060 3615 2113 δὲ
3650 2060 3750 2114 σοῦ

2122 2154 2123 2159 “
2166 2156 2330 2210 αὑτοῦ
2360 2157 2514 2210 Θεόν.
2556 2156 2759 2227 Θάρσει
2785 2154 3098 2227 τοιγαροῦν,
3136 2153 3401 2207 τοσούτων
3436 2156 3563 2224 παρ’
3609 2153 3751 2224 ἐμοῦ

2167 2248 2593 2318 κατηξιωμένος,
2637 2248 2732 2299 καὶ
2776 2247 2957 2317 βάδιζε
2986 2247 3081 2317 τὴν
3121 2246 3238 2299 ὁδὸν
3288 2246 3354 2317 ἣν
3400 2244 3747 2316 ἐκελεύσθης,

2166 2340 2384 2412 θαρσῶν
2423 2357 2481 2391 τε
2526 2341 2764 2410 κήρυττε
2791 2339 2904 2401 τοῖς
2957 2335 3269 2406 ἁπανταχοῦ
3303 2336 3407 2406 γῆς
3448 2334 3623 2387 ἔθνεσι
3652 2330 3748 2387 τξοι

2164 2432 2518 2502 εὐαγγελικὸν
2570 2431 2748 2499 λόγον.
2782 2430 2900 2483 Κᾶν
2934 2430 3041 2503 γὰρ
3072 2429 3181 2500 πῦρ
3224 2429 3420 2498 φλέγον
3450 2428 3598 2498 ἐπίῃ,
3639 2426 3750 2481 κᾶν

2165 2523 2351 2591 ὕδατα,
2384 2523 2487 2578 κᾶν
2524 2522 2757 2593 ποταμοὶ
2810 2520 3170 2585 ἐπικλύζωσιν
3198 2537 3210 2549 ·
3273 2520 3425 2572 οὐδέν
3471 2535 3529 2571 σε
3573 2516 3748 2572 ταῦτα

2162 2616 2413 2687 λυπήσει,
2450 2616 2538 2669 διὰ
2571 2615 2633 2668 τὸ
2674 2616 2773 2684 ἐμὲ
2804 2615 2899 2668 σὺν
2948 2613 3029 2665 σοὶ
3053 2612 3327 2684 πανταχοῦ
3354 2609 3512 2666 εἶναι.
3550 2610 3747 2681 Ἀψευ-

2161 2707 2266 2771 δῶς
2326 2708 2434 2780 γὰρ
2465 2706 2890 2777 ἀπηγγειλάμην
2933 2704 3014 2769 τὸ,
3056 2722 3072 2754 ι
3120 2703 3247 2758 Ἰδοὺ
3292 2705 3400 2774 ἐγὼ
3433 2704 3547 2776 μεθ’
3588 2703 3746 2775 ὑμῶν

2162 2800 2275 2870 εἰμι
2309 2799 2413 2862 ἓως
2435 2799 2530 2870 τῆς
2550 2794 2858 2861 συντελείας
2891 2796 2983 2850 τοῦ
3012 2796 3224 2860 αἰῶνος.
3258 2815 3277 2848 ι

2236 2997 2257 3031 ι
2290 2979 2399 3033 Καὶ
2421 2978 2516 3032 ἐὰν
2547 2978 2827 3051 διαϐαίνῃς
2858 2976 2924 3029 δι’
2949 2977 3159 3042 ὕδατος,
3194 2975 3331 3047 μετὰ
3358 2976 3451 3028 σοῦ
3482 2977 3615 3044 εἰμι,
3640 2988 3740 3028 και

485 3086 630 3137 sum,
667 3081 723 3125 et
765 3069 988 3123 ﬂumina
1033 3082 1141 3122 non
1181 3066 1431 3136 operient
1482 3077 1533 3120 te
1565 3082 1579 3119 :
1615 3066 1739 3119 etsi
1774 3066 2057 3119 transieris

2162 3072 2396 3141 ποταμοὶ
2441 3070 2501 3122 οὗ
2552 3068 2913 3137 συγκλύσουσί
2965 3085 3022 3121 σε
3048 3084 3062 3099 ·
3117 3068 3212 3120 καὶ
3267 3068 3361 3122 ἐὰν
3404 3066 3614 3140 διέλθῃς
3649 3067 3741 3119 διὰ

472 3178 575 3233 per
602 3162 803 3232 ignem,
836 3175 941 3214 non
978 3157 1335 3221 combureris,
1368 3157 1582 3210 llannna
1627 3171 1731 3210 non
1773 3156 2057 3210 comburet

2164 3164 2354 3233 πυρὸς,
2386 3163 2445 3215 οὐ
2484 3163 2559 3234 μὴ
2599 3162 2971 3232 κατακαυθῇς,
3008 3160 3136 3229 φλὸξ
3158 3160 3217 3213 οῦ
3266 3161 3598 3215 κατακαύσει
3633 3176 3694 3212 σε

478 3267 566 3322 te;
599 3255 725 3325 quia
773 3269 872 3323 ego
909 3253 1171 3309 Dominus
1216 3252 1357 3306 Deus
1417 3260 1539 3305 tuus
1594 3260 1819 3305 sanctus
1867 3249 2054 3311 Israel,

476 3350 698 3404 salvans
725 3357 797 3401 te.
826 3345 950 3401 Feci
980 3344 1460 3400 commutationem
1492 3352 1640 3396 tuam
1666 3340 1980 3411 IEgyptum,
2004 3349 2059 3394 et

478 3437 807 3508 Ethiopiam
833 3447 889 3491 et
924 3438 1156 3507 Syenem
1191 3450 1291 3505 pro
1332 3444 1407 3490 te.
1441 3454 1458 3486 ι
1519 3434 1594 3488 lta
1622 3436 1821 3505 quippe
1855 3436 2058 3502 pretio-

479 3546 576 3586 sus
623 3530 754 3585 mihi
803 3529 973 3595 fuisti,
1040 3537 1190 3582 tanta
1251 3528 1303 3582 in
1357 3537 1653 3596 conspectu
1710 3541 1831 3581 meo
1886 3526 2056 3595 gloria

475 3623 712 3678 donatus
741 3637 822 3689 es,
845 3630 900 3677 et
926 3635 1097 3690 usque
1117 3618 1253 3675 adeo
1282 3619 1445 3675 dilexi
1479 3632 1553 3684 te,
1587 3628 1645 3673 ut
1668 3619 1813 3673 salus
1852 3619 2052 3681 divina,

476 3729 602 3785 qua:
625 3729 722 3784 per
754 3724 806 3768 te
830 3713 1084 3768 oumibus
1113 3711 1433 3766 hominibus
1459 3722 1612 3780 parta
1643 3722 1726 3765 est
1749 3754 1763 3775 ,
1791 3724 1962 3778 usque
1988 3710 2054 3764 ad

472 3816 722 3863 extrema
780 3816 937 3859 terrm
996 3804 1331 3873 pertingeret
1370 3821 1384 3855 :
1423 3812 1477 3856 et
1525 3814 1583 3857 ut
1643 3802 1720 3856 illi
1774 3802 2053 3855 hominum

475 3897 1000 3968 superstitiosissimi
1060 3895 1304 3967 Egyptii
1338 3910 1433 3964 per
1467 3904 1518 3948 te
1559 3894 1841 3948 vocatione
1866 3893 2054 3962 digna-

472 4000 691 4048 rentur.
726 3990 831 4045 Per
863 3989 1149 4063 :Egyptios
1190 3990 1357 4059 igitur
1393 3986 1804 4057 superstitiosos
1835 3995 1891 4042 et
1933 3986 2050 4040 ido-

476 4082 705 4140 Iolatras
746 4096 938 4138 omnes
996 4081 1301 4153 designavit
1334 4098 1348 4134 :
1380 4095 1474 4150 per
1504 4078 1793 4149 Ethiopas
1827 4088 1883 4133 et
1917 4080 2053 4149 Sye-

470 4188 625 4241 ηοω,
652 4189 748 4230 eos
776 4175 869 4245 qui
894 4183 1138 4230 extrema
1165 4186 1326 4229 terra:
1356 4181 1557 4229 nostra
1580 4172 1909 4228 incolebant.
1942 4171 2052 4227 Nec

475 4265 840 4334 ignorandum
879 4273 964 4320 est
1005 4279 1127 4320 esse
1184 4266 1475 4335 quamdam
1522 4263 1868 4318 Sabaitarum
1915 4279 2049 4334 gen-

470 4365 605 4421 tem.
660 4357 800 4412 unde
842 4354 1151 4412 Salomonis
1197 4366 1441 4427 tempore
1494 4357 1681 4428 regina
1734 4355 1879 4411 Saba
1933 4371 2050 4426 pro-

472 4448 617 4507 fecta
649 4458 753 4507 est.

543 4630 708 4686 Vsus.
754 4630 812 4698 4,
869 4631 923 4686 5.
982 4650 1000 4681 ι
1030 4644 1105 4685 ex
1149 4645 1254 4698 quo
1300 4630 1638 4686 honorabilis
1675 4630 1853 4686 factus
1888 4645 1945 4685 es
1995 4630 2045 4685 in

471 4732 763 4791 conspectu
793 4737 935 4789 meo,
965 4721 1295 4792 glorificatus
1336 4736 1416 4786 es,
1446 4731 1503 4775 et
1533 4736 1636 4789 ego
1674 4720 1834 4774 dilexi
1862 4730 1912 4774 te
1944 4738 1958 4774 :
1994 4729 2048 4775 et

470 4812 612 4869 dabo
644 4814 890 4868 homines
921 4830 1018 4883 pro
1047 4822 1121 4879 te,
1147 4821 1203 4870 et
1232 4813 1503 4882 principes
1556 4827 1655 4881 pro
1704 4812 1880 4881 capite
1930 4820 2041 4866 tuo.

470 4901 551 4958 Ne
578 4905 790 4966 timeas,
823 4903 1077 4973 quoniam
1112 4914 1287 4957 tecum
1318 4917 1457 4957 sum.
1491 4903 1571 4956 Ab
1604 4902 1819 4956 oriente
1845 4902 2041 4957 ducam

468 5010 655 5053 semen
717 5005 887 5062 tuum,
948 5006 1003 5052 et
1052 4996 1120 5050 ab
1168 4996 1453 5051 occidente
1508 4996 1855 5065 congregabo
1913 5004 1981 5048 te.
2020 5015 2039 5047 ι

471 5087 665 5145 Multos
714 5089 851 5144 ﬁlios
900 5106 930 5143 ιι
988 5105 1073 5142 me
1118 5088 1414 5143 secundum
1473 5086 1640 5141 Deum
1706 5089 1941 5158 genitos,
1990 5089 2042 5142 in

471 5178 676 5236 cretein
736 5198 850 5235 mea
894 5182 1117 5237 civitate
1178 5180 1567 5250 congregabo,
1638 5180 1893 5249 ipsosque
1950 5194 2035 5248 per

470 5282 652 5323 aerem
686 5272 941 5325 sublimes
972 5288 1155 5343 agam,
1192 5273 1346 5341 quasi
1384 5272 1630 5325 volucres
1662 5271 1859 5329 ventis.
1891 5272 2041 5326 vide-

471 5357 597 5415 licet
634 5362 893 5430 angelicis
916 5364 1592 5435 virtutibussustentatos.

540 5526 585 5558 ⁷³
615 5524 803 5580 Matth.
838 5542 1025 5589 xxvm,
1054 5531 1147 5583 ‘20.

2159 3254 2242 3307 ὅτι
2271 3252 2381 3321 ἐγὼ
2412 3252 2615 3322 Κύριος
2648 3253 2675 3304 6
2701 3251 2831 3314 Θεός
2860 3267 2953 3303 σου
2984 3253 3012 3304 ὁ
3036 3252 3189 3320 ἆγιος
3219 3249 3458 3319 Ἰσραὴλ,
3482 3252 3509 3303 6
3545 3248 3739 3312 σώζου)

2161 3365 2242 3402 σε.
2293 3346 2555 3416 Ἐποίησα
2588 3344 2841 3414 ἄλλαγμά
2882 3360 2974 3395 σου
3012 3343 3284 3411 Αἴγυπτον
3325 3343 3417 3394 καὶ
3448 3339 3741 3395 Αἰθιοπίαν

2158 3438 2252 3494 καὶ
2268 3439 2472 3508 Σοήνην
2500 3434 2609 3507 (58)
2637 3436 2776 3506 ὑπὲρ
2802 3435 2947 3488 σοῦ.»
2974 3434 3129 3488 Οὕτω
3153 3433 3260 3503 γὰρ
3278 3432 3409 3502 παρ’
3431 3433 3551 3502 ἐμοὶ
3574 3431 3741 3500 γέγο-

2156 3546 2251 3593 νας
2276 3528 2476 3599 τίμιος,
2524 3527 2619 3580 καὶ
2657 3526 2828 3589 οὕτως
2875 3525 3113 3579 ἐναντίον
3148 3541 3248 3596 μου
3293 3522 3602 3594 ἐδοξάσθης,
3640 3524 3741 3577 καὶ

2155 3623 2325 3686 οὕτως
2352 3621 2618 3692 ἠγάπησά
2651 3638 2731 3683 σε,
2763 3621 2837 3684 ὠς
2858 3620 2951 3673 καὶ
2986 3619 3145 3692 μέχρι
3178 3617 3285 3671 τῶν
3328 3617 3593 3690 ἐσχατιῶν
3626 3618 3740 3688 γῆς

2156 3713 2360 3785 φθάσαι
2383 3712 2481 3784 τὴν
2501 3712 2589 3765 διὰ
2625 3710 2718 3765 σοῦ
2746 3713 2910 3765 πᾶσιν
2942 3709 3249 3781 ἀνθρώποις
3298 3705 3737 3781 προξενουμένην

2155 3806 2297 3861 κατὰ
2327 3804 2461 3858 Θεὸν
2501 3803 2805 3875 σωτηρίαν·
2861 3802 2954 3855 καὶ
3000 3800 3075 3864 ὼς
3127 3800 3323 3863 αὐτοὺς
3364 3799 3471 3852 τῶν
3514 3798 3735 3852 πάντων

2154 3896 2457 3970 ἀνθρώπων
2483 3894 3076 3965 δεισιδαιμονεστάτους
3119 3891 3449 3961 Αἰγυπτίους
3498 3889 3595 3961 τῆς
3640 3888 3735 3943 διὰ

2157 3988 2251 4041 σοῦ
2285 3988 2527 4058 κλήσεως
2557 3984 2980 4055 καταξιωθῆναι.
3031 3983 3129 4036 Διὰ
3167 3982 3265 4053 μὲν
3303 3977 3396 4035 οὖν
3431 3978 3539 4034 τῶν
3569 3981 3735 4047 Αἰγυ-

2157 4082 2328 4134 πτίων
2375 4081 2583 4144 πάντας
2609 4078 2827 4151 ᾐνίξατο
2857 4078 2985 4140 τοὺς
3026 4076 3422 4146 δεισιδαίμονας
3454 4074 3546 4128 καὶ
3575 4072 3733 4125 εἰδω-

2153 4172 2436 4244 λολάτρας,
2468 4170 2556 4224 διὰ
2598 4170 2653 4223 δὲ
2685 4170 2783 4240 τῆς
2813 4166 3099 4229 Αἰθιοπίας
3129 4167 3221 4219 καὶ
3258 4166 3447 4235 Σοϊνης
3478 4164 3601 4224 τοὺς
3633 4160 3733 4231 μὲ-

2153 4282 2244 4336 χρι
2272 4264 2380 4318 τῶν
2407 4262 2674 4333 ἐσχατιῶν
2707 4262 2804 4331 τῆς
2841 4258 2965 4313 καθ’
2994 4260 3140 4329 ἡμᾶς
3166 4257 3489 4327 οἰκουμένης
3518 4253 3731 4307 οἰκοῦν-

2152 4373 2271 4418 τας.
2317 4354 2533 4416 Ἰστέον,
2570 4354 2645 4416 ὼς
2693 4352 2808 4404 ἔστι
2856 4349 3134 4403 Σαϐαἷτῶν
3189 4348 3357 4411 ἔθνος,
3403 4346 3525 4400 ὅθεν
3574 4344 3732 4415 βασί-

2082 4448 2127 4504 D
2156 4448 2315 4501 λισσα
2346 4447 2494 4500 Σαΰὰ
2549 4445 2809 4515 ἐπεδήμει
2858 4442 2997 4497 κατὰ
3038 4444 3164 4506 τοὺς
3214 4439 3553 4512 Σολομῶντος
3598 4439 3734 4512 χρόα⁸

2154 4556 2297 4601 νους.

2230 4647 2248 4678 t
2298 4626 2413 4695 Ἀφ’
2440 4620 2499 4680 οῦ
2516 4625 2730 4695 ἔντιμος
2752 4626 2935 4693 ἐγένου
2959 4622 3194 4676 ἐναντίον
3226 4621 3383 4692 ἐμοῦ,
3413 4617 3727 4690 ἐδοξάσθης,

2151 4720 2245 4774 καὶ
2289 4719 2399 4789 ἐγὼ
2434 4735 2491 4770 σε
2541 4719 2824 4788 ἠγάπησα.
2863 4718 2971 4769 Καὶ
3016 4714 3171 4768 δώσω
3216 4713 3531 4783 ἀνθρώπους
3584 4712 3729 4783 ὑπὲρ

2154 4812 2270 4876 σοῦ,
2306 4814 2399 4865 καὶ
2421 4812 2683 4883 ἄρχοντας
2720 4811 2861 4881 ὑπὲρ
2884 4810 2979 4880 τῆς
3004 4807 3242 4877 κεφαλῆς
3268 4824 3380 4859 σου.
3417 4806 3505 4876 Μὴ
3531 4804 3725 4879 φοϐοῦ,

2152 4907 2233 4959 ὅτι
2274 4905 2411 4976 μετὰ
2454 4902 2547 4957 σοῦ
2592 4905 2728 4974 εἰμι.
2778 4903 2893 4955 Ἀπ’
2942 4900 3214 4954 ἀνατολῶν
3256 4899 3368 4963 ἄξω
3407 4896 3466 4950 τὸ
3504 4895 3733 4967 σπέρμα

2154 5015 2268 5062 σου,
2294 4997 2385 5051 καὶ
2413 4996 2521 5050 ἀπὸ
2549 4995 2766 5065 δυσμῶν
2796 4993 3007 5057 συνάξω
3034 5010 3113 5045 σε.
3154 5010 3171 5042 ι
3199 4988 3374 5043 Πολλὰ
3396 4988 3559 5040 τέκνα
3584 4987 3733 5041 κατὰ

2152 5089 2285 5143 Θεὸν
2307 5090 2571 5159 γεννήσας
2601 5086 2812 5151 συνάξω
2840 5087 2919 5150 εἰς
2942 5084 3037 5155 τὴν
3070 5080 3385 5155 ἐπουράνιόν
3421 5097 3520 5150 μου
3547 5078 3726 5141 πόλιν,

2155 5181 2460 5253 μετεώρους
2486 5181 2681 5244 αὐτοὺς
2706 5177 2986 5233 ἀναλαϐὼν
3008 5178 3072 5230 δι’
3090 5178 3248 5246 ἀέρος
3271 5175 3457 5245 ῶσπερ
3488 5173 3726 5243 πτηνοὺς

2148 5273 2371 5343 ἀνέμοις
2392 5271 2910 5341 ὑποκουφιζόμενος,
2948 5270 3088 5338 λέγω
3120 5267 3182 5339 δὴ
3215 5266 3527 5334 ἀγγελικαῖς
3572 5261 3710 5319 δυνά

2152 5384 2326 5436 μεσιν.

542 5690 1083 5767 (5.8)5γρηοιιιζὴξιιιι
1111 5701 1349 5767 estrema
1378 5686 1593 5767 Egypti
1619 5686 1811 5755 posita,
1837 5685 2214 5757 Συήνη,Σοήνη
2275 5694 2326 5742 et
2375 5684 2531 5755 Σοῖνη
2568 5684 2764 5740 dicitur
2804 5682 2945 5753 apud
2996 5678 3319 5751 Origencm,
3363 5678 3722 5737 Athanasium

466 5772 521 5816 et
552 5760 713 5827 alios,
745 5771 803 5815 ut
830 5762 881 5814 in
913 5760 1195 5813 Athanasii
1229 5761 1376 5816 edito
1410 5760 1735 5812 monuimus.
