4072 6194
304 366 409 423 ’597
1232 381 1734 445 COMMENTARIA
1776 392 1842 446 IN
1884 392 2140 449 lSAIAM.
2182 425 2247 435 —
2286 396 2438 453 CAP.
2482 400 2665 456 XLIII.
3456 416 3560 477 398

390 507 409 538 ι
464 486 612 559 Ἑρῶ
650 488 725 559 τῷ
755 490 950 564 βορρᾷ,
990 496 1140 565 Ἀγε,
1190 501 1283 552 καὶ
1333 502 1409 573 τῷ
1448 504 1580 569 λιόὶ,
1615 508 1770 575 Ἀγε,
1815 527 1857 580 μί

1959 557 1966 573 ,
2068 511 2232 567 Vens.
2277 515 2329 570 6.
2378 534 2396 567 ι
2427 516 2606 571 Dicam
2643 518 2902 588 aquiloni,
2934 521 3078 591 Age;
3111 534 3163 579 et
3193 534 3400 592 austro,
3429 529 3560 599 Age,

310 577 533 632 κώλυε·
560 580 653 648 ἄγε
679 584 799 645 τοὺς
838 585 989 649 υἱούς
1016 604 1119 658 μου
1155 590 1263 644 ἀπὸ
1303 594 1401 665 τῆς
1446 597 1746 667 πόρρωθεν,
1798 577 1857 653 κα

2696 577 2707 588 ,
2890 577 2900 585 ,
2980 577 3009 591 υ
3066 577 3077 590 ,
3122 577 3162 579 μ
3429 577 3560 599 --υη

1996 603 2103 657 noli
2131 602 2433 674 prohibere.
2473 608 2584 678 Age
2613 610 2751 665 ﬁlios
2788 627 2936 666 meos
2972 616 3037 667 de
3066 624 3207 670 terra
3240 630 3468 684 remota,
3506 632 3564 677 et

314 668 422 732 τὰς
455 669 742 742 θυγατέρας
773 692 879 744 μου
915 679 1010 731 ἀπ’
1039 680 1225 751 ἄκρων
1253 684 1355 754 τῆς
1383 686 1507 756 γῆς.
1536 708 1553 738 ι
1598 689 1738 757 Ἐγὼ
1772 692 1879 763 γὰρ

320 763 443 824 ταῖς
467 761 766 831 ἁγγελικαίς
803 766 1067 840 δυνάμεσι
1105 772 1262 828 τοῦτο
1284 780 1454 831 ποιεῖν
1479 782 1781 849 προστάξω,
1805 784 1890 837 διὰ

322 852 385 905 τὸ
411 854 567 923 ἐμοὺς
596 850 734 909 εἶναι
756 860 912 924 υἱοὺς
951 863 1046 915 καὶ
1081 864 1387 940 θυγατέρας
1432 872 1573 941 ἐμὰς
1619 873 1688 925 δι’
1738 876 1889 946 ὑμῶν

326 946 612 1015 σπαρέντας
642 950 736 1002 καὶ
764 952 1225 1027 ἀναγεννηθέντας
1242 960 1300 1013 ὲν
1322 964 1386 1032 τῇ
1420 963 1525 1035 ἐμῇ
1569 965 1763 1038 Ἐκκλη
1774 968 1885 1040 σία.

391 1055 409 1086 ι
438 1036 646 1101 Πάντας
700 1041 817 1095 ὅσοι
871 1045 1255 1118 ὲπικέκληνται
1300 1051 1377 1121 τῷ
1424 1054 1647 1124 ὀνόματί
1706 1075 1823 1127 μου.
1863 1077 1882 1110 ι

312 1125 474 1179 Πόθεν
504 1128 561 1181 δὲ
590 1129 817 1185 ἄλλοθεν
844 1134 1051 1208 ὑπέστη
1087 1137 1147 1191 τὸ
1190 1140 1531 1210 Χριστιανῶν
1562 1125 1731 1217 ὄνομα
1757 1148 1790 1219 ἢ
1821 1151 1887 1202 ὲκ

304 1218 397 1289 τῆς
426 1218 521 1272 τοῦ
553 1222 794 1293 Χριστοῦ
823 1229 1227 1299 προσηγορίας;
1263 1232 1422 1297 αὐτὸς
1446 1233 1503 1287 δὲ
1530 1230 1598 1305 ἦν
1623 1239 1652 1291 6
1673 1238 1760 1291 διὰ
1782 1218 1885 1292 τοῦ

298 1309 580 1379 προφήτου
609 1310 786 1366 ταῦτα
822 1313 1112 1382 θεσπίζων.
1161 1339 1179 1371 ι
1222 1323 1308 1375 Ἐν
1337 1324 1444 1395 γὰρ
1491 1328 1555 1397 τῇ
1599 1327 1728 1400 δόξῃ
1783 1348 1883 1401 μ-ου

298 1402 683 1457 κατεσκεύασα
719 1405 902 1471 αὑτὸν,
932 1410 1025 1463 καὶ
1075 1410 1285 1465 ἔπλασα
1316 1414 1497 1480 αὐτὸν,
1530 1419 1624 1471 καὶ
1655 1422 1882 1493 ἐποίησα

296 1491 475 1557 αὐτὸν,
523 1494 803 1550 ἄπλαστον
848 1499 975 1553 ὄντα
1006 1504 1121 1567 τοῖς
1147 1504 1388 1573 τρόποις,
1799 1491 1805 1493 ⁷

1982 1522 2159 1577 fictum
2194 1529 2455 1583 moribus.

369 1602 388 1634 ι
422 1585 538 1638 Καὶ
568 1587 839 1658 ἐξήγαγον
884 1591 1012 1645 λαὸν
1062 1595 1282 1664 τυφλὸν,
1313 1599 1407 1652 καὶ
1433 1600 1701 1675 ὀφθαλμοί
1742 1606 1857 1660 είσιπ

2054 1614 2213 1671 Vsus.
2269 1616 2321 1685 8,
2365 1620 2416 1673 9.
2468 1621 2575 1675 «Et
2609 1625 2770 1678 eduxi
2797 1628 3047 1697 populum
3072 1645 3299 1702 catcum,
3332 1644 3387 1690 et
3406 1637 3550 1695 oculi

293 1675 561 1743 ὡσαύτως
593 1679 803 1748 τυφλοὶ,
845 1683 939 1735 καὶ
988 1688 1161 1756 κωφοὶ
1187 1688 1257 1742 τὰ
1281 1683 1394 1743 ὦτα
1420 1691 1651 1762 ἔχοντες.
1695 1698 1857 1751 Πάντα

2308 1675 2320 1685 ,
2623 1675 2631 1676 ,
2797 1675 3046 1697 r_r---.-...
3074 1675 3299 1702 meum,
3334 1675 3537 1695 νυνι...

1976 1718 2098 1761 sunt
2130 1709 2335 1776 pariter
2376 1714 2525 1780 caeci,
2560 1726 2611 1768 et
2650 1718 2797 1771 surdi
2849 1735 3008 1776 aures
3060 1723 3281 1780 habent.
3332 1726 3537 1785 Omnes

294 1766 363 1818 τὰ
396 1763 525 1833 ἔθνη
552 1769 897 1842 συνήχθησαν
929 1774 1065 1845 ἅμα,
1094 1778 1189 1831 καὶ
1218 1782 1638 1854 συναχθήσονται
1678 1789 1857 1860 ἄρχον-

298 1858 667 1891 οξρ”ἒεηιίοιτιιι
727 1882 744 1891 -
805 1862 895 1891 Aul
928 1867 1033 1891 μὶ.-
1065 1869 1172 1891 ,ἴσω
1219 1872 1311 1891 ιςκ
1336 1890 1351 1891 γ
1417 1874 1435 1891 ς
1515 1876 1540 1889 ι-
1818 1882 1829 1891 .

2131 1763 2142 1776 _
2563 1763 2609 1768 --
2650 1763 2796 1771 μω.
2849 1763 3008 1776 ...ηπ
3060 1763 3281 1780 ...........
3334 1763 3537 1785 νηπιω

1975 1805 2159 1866 gentes
2179 1813 2523 1871 congregata:
2549 1816 2674 1860 sunt
2711 1807 2892 1878 simul,
2920 1822 2973 1866 et
3015 1815 3240 1871 coibunt
3272 1821 3547 1891 principes

298 1858 469 1922 τεξῖεξ
488 1859 688 1916 αὑτῶν.
726 1882 745 1913 ι
796 1862 896 1917 Διὰ
928 1867 1034 1937 γὰρ
1064 1869 1172 1922 τῶν
1212 1872 1582 1930 ἀποστολικῶν
1615 1882 1857 1951 σπερμά-

301 1963 413 1979 ...ιυ
463 1950 549 1979 ..-ι
588 1952 685 1979 ..⁸2-
743 1953 1087 1979 B.2..__-..\!___
1148 1962 1195 1979 ην
1250 1962 1275 1975 -ο
1512 1967 1540 1979 ρ
1580 1967 1636 1979 ι,
1854 1976 1857 1979 .

1976 1858 1990 1866 Ὁ
2287 1858 2314 1868 ν
2386 1858 2414 1871 υ
2560 1858 2567 1859 ,
2638 1858 2671 1860 η
2712 1858 2892 1878 μη,
2923 1858 2973 1866 --
3018 1858 3240 1871 ww"...
3272 1858 3544 1891 γυηιψω

1971 1905 2034 1943 ex
2058 1890 2188 1945 eis.»
2211 1891 2314 1948 Per
2339 1897 2633 1963 apostolica
2659 1901 2855 1971 quippe
2879 1905 3086 1959 semina
3127 1918 3180 1962 et
3210 1925 3310 1979 per
3337 1912 3544 1968 doctri-

301 1963 413 2001 των
463 1950 556 2002 καὶ
587 1952 685 2021 τῆς
740 1953 1088 2022 διδασκαλίας
1136 1962 1316 2015 αὐτῶν
1368 1950 1772 2035 μεταϐαλόντες
1819 1976 1857 2026 oi

307 2039 671 2072 ..Δὶ-.-.αδδ
703 2046 792 2072 .-.Α
821 2049 990 2072 -.-..__\
1053 2053 1169 2072 --.ηρ
1219 2053 1244 2072 Α
1447 2059 1459 2072 .
1552 2060 1563 2072 .
1646 2063 1703 2072 ...
1779 2063 1794 2072 .

2374 1950 2389 1963 .
2556 1950 2633 1953 7"-
2664 1950 2854 1971 1—~rr-
2880 1950 3086 1959 -'--"-"-
3128 1950 3180 1962 ν·
3210 1950 3296 1979 ειν·
3337 1950 3542 1968 υυνυν·

1974 1996 2093 2034 nam
2126 1997 2312 2038 eorum
2363 1989 2591 2054 mutati,
2629 1991 2719 2059 qui
2752 1992 2878 2048 olim
2910 1996 3038 2051 caeci
3079 2011 3136 2053 et
3170 2001 3317 2056 surdi
3366 2014 3542 2072 erant,

307 2039 473 2094 πάλαι
494 2044 675 2113 τυφλοὶ
703 2046 798 2099 καὶ
820 2049 1015 2117 κωφοὶ,
1046 2053 1389 2126 συνήχθησαν
1412 2059 1492 2122 εἰς
1513 2060 1612 2132 τὴν
1646 2063 1872 2137 Ἐκκλη-

309 2130 433 2186 σίαν
458 2134 549 2187 τοῦ
577 2135 710 2190 Θεοῦ
731 2156 744 2168 ·
779 2140 879 2211 ήδη
901 2140 957 2194 δὲ
990 2144 1084 2197 καὶ
1126 2146 1387 2217 ἄρχοντες
1433 2150 1492 2216 ἐξ
1523 2130 1703 2208 αύτῶν
1744 2130 1869 2210 τού-

301 2237 409 2276 των
442 2225 547 2278 τῶν
573 2227 745 2283 ἐθνῶν
779 2232 872 2285 ἐπὶ
899 2233 989 2287 τὸν
1020 2235 1145 2287 λαὸν
1174 2237 1268 2290 τοῦ
1303 2239 1437 2293 Θεοῦ
1475 2244 1829 2317 κατέστησαν.

370 2337 388 2367 ι
421 2319 517 2381 Τίς
550 2321 842 2390 ἀναγγελεῖ
881 2326 1091 2393 ταῦτα;
1129 2330 1161 2400 ἢ
1197 2330 1262 2384 τὰ
1294 2331 1353 2397 ἐξ
1386 2334 1561 2405 ἀρχῆς
1591 2337 1675 2402 τίς
1702 2340 1870 2410 ἀναγ-

288 2403 435 2471 γελεῖ
460 2406 623 2477 ύμίν;
673 2410 1048 2480 Ἀγαγέτωσαν
1079 2419 1208 2481 τοὺς
1237 2403 1526 2494 μάρτυραςῂ
1548 2428 1747 2494 αὐτῶν,
1773 2403 1868 2486 καὶ

288 2493 754 2569 δικαιωθήτωσαν,
801 2505 893 2556 καὶ
949 2507 1357 2576 ἀκουσάτωσαν,
1411 2515 1503 2567 καὶ
1558 2519 1866 2577 εἰπάτωσαν

291 2586 487 2658 ἀληθῆ.
516 2589 745 2644 Γενεσθέ
771 2611 860 2663 μοι
897 2596 1195 2671 μάρτυρες,
1228 2603 1320 2656 καὶ
1346 2605 1457 2673 ἐγὼ
1504 2608 1736 2680 μάρτυς,
1779 2613 1865 2668 λέ-

288 2692 373 2748 γει
402 2679 609 2751 Κύριος
636 2682 663 2733 6
687 2682 840 2747 Θεὸς,
874 2688 968 2741 καὶ
1000 2691 1027 2742 6
1062 2693 1189 2755 παῖς
1216 2709 1342 2762 μου,
1364 2694 1422 2748 ὃν
1448 2696 1799 2774 ἐξελεξάμην.
1838 2724 1857 2758 ι

302 2771 514 2842 Ἐπειδὴ
541 2774 695 2842 κάγὼ
723 2779 751 2829 6
785 2776 917 2842 Θεὸς
958 2782 1164 2852 μάρτυς
1211 2786 1389 2842 αὐτῶν
1425 2771 1746 2862 γενήσομαι,
1768 2798 1861 2850 καὶ

283 2860 315 2913 6
342 2863 471 2925 παῖς
508 2881 609 2932 μου
637 2864 693 2919 ὃν
723 2866 1050 2942 ἐξελεξάμην
1075 2889 1087 2901 ·
1122 2875 1251 2947 περὶ
1278 2871 1338 2931 οὗ
1359 2878 1618 2951 ἀνωτέρω
1630 2860 1822 2953 -ἕλεγεν
1841 2902 1855 2918 ·

1995 696 2129 750 ﬁlias
2155 712 2301 751 meas
2332 699 2399 752 ab
2416 701 2674 756 extremis
2701 714 2875 757 terrm.
2915 724 2932 755 ι
2983 706 3091 775 Ego
3116 709 3258 763 enim
3287 713 3561 782 angelicas

1994 789 2222 844 virtutes
2242 791 2353 845 hzrc
2379 808 2538 861 agere
2568 794 2873 864 praecipiam
2896 838 2909 862 ,
2944 799 3070 865 quia
3106 799 3195 854 lilii
3226 802 3330 856 mei
3354 813 3409 857 et
3433 804 3558 860 ιιιιω

1992 896 2123 935 mea:
2176 893 2323 945 sunt,
2374 900 2471 951 per
2504 902 2597 939 vos
2635 887 2737 940 sati
2770 897 2824 941 et
2875 894 3171 958 regenerati
3218 893 3271 947 in
3316 893 3560 951 Ecclesia

1990 986 2127 1025 mea.

2065 1063 2223 1119 Vens.
2271 1067 2324 1120 7.
2370 1090 2386 1117 ι
2424 1067 2640 1136 Omnes,
2670 1082 2939 1143 quotquot
2971 1078 3144 1130 vocati
3175 1088 3301 1133 sunt
3333 1081 3553 1139 nomine

1988 1172 2125 1211 meo.
2152 1175 2169 1209 :
2210 1156 2361 1213 Unde
2387 1162 2735 1217 constitutum
2770 1177 2850 1221 est
2874 1167 3307 1227 Christianorum
3336 1188 3553 1244 nomen,

1988 1248 2090 1303 nisi
2130 1264 2193 1302 ex
2234 1250 2433 1305 Christi
2475 1256 2737 1311 nomine?
2769 1258 2883 1327 Ipse
2930 1270 3109 1315 autem
3148 1274 3289 1331 erat,
3320 1266 3412 1336 qni
3455 1283 3554 1337 per

1985 1342 2301 1410 prophetam
2336 1346 2450 1399 hmo
2479 1348 2899 1406 vaticinabatur.
2935 1370 2953 1403 ι
2979 1352 3032 1407 lu
3061 1354 3234 1422 gloria
3264 1358 3408 1412 enim
3433 1374 3551 1417 mea

1982 1430 2122 1486 edidi
2152 1447 2295 1502 eum,
2350 1445 2403 1488 et
2442 1438 2570 1491 tinxi
2602 1455 2747 1503 eum,
2799 1452 2855 1496 et
2902 1445 3004 1500 feci
3058 1460 3206 1513 eum,
3242 1468 3261 1501 ι
3328 1452 3550 1511 minime

1971 2078 2277 2145 congregati
2310 2088 2438 2132 sunt
2474 2081 2525 2133 in
2566 2082 2800 2139 Ecclesia
2832 2086 2924 2142 Dei
2956 2106 2971 2143 :
2997 2087 3225 2162 jamque
3266 2095 3545 2176 principes

1969 2174 2034 2219 ex
2091 2168 2283 2223 iisdem
2344 2173 2602 2240 gentibus
2655 2175 2708 2229 in
2782 2180 3035 2250 populum
3100 2185 3192 2240 Dei
3253 2168 3540 2248 constituti

1970 2271 2115 2315 Slllll.

2040 2351 2199 2407 Vens.
2243 2355 2394 2411 9—H.
2440 2376 2458 2409 ι
2488 2358 2618 2425 Quis
2649 2365 2990 2419 aununtiahit
3020 2367 3134 2424 haec
3158 2408 3173 2435 ,
3223 2380 3278 2425 et
3326 2387 3447 2441 quae
3471 2377 3540 2429 ah

1968 2445 2124 2501 initio
2154 2448 2277 2515 quis
2320 2452 2597 2507 enarrabit.
2631 2455 2827 2510 vobis?
2853 2458 3137 2515 Adducant
3179 2473 3343 2519 testes
3388 2482 3538 2535 suos,

1964 2539 2419 2608 etjustiticcntnr.
2456 2551 2511 2596 et
2540 2532 2761 2604 audiant
2792 2554 2846 2601 et
2876 2549 3059 2604 dicant
3085 2567 3205 2621 qua:
3231 2568 3359 2608 vera
3389 2568 3533 2613 sunt.

1966 2630 2146 2685 Estote
2180 2633 2309 2685 mihi
2349 2644 2513 2689 teStes
2540 2674 2555 2699 ,
2614 2646 2665 2689 et
2719 2652 2819 2709 ego
2877 2642 3048 2707 testis,
3093 2643 3226 2698 dicit
3275 2645 3535 2707 Dominus

1964 2720 2103 2774 Dens
2124 2762 2137 2784 ,
2167 2730 2221 2775 ct
2256 2738 2388 2791 puer
2421 2740 2591 2793 mens,
2640 2742 2798 2796 quem
2848 2730 3006 2801 elegi.
3038 2752 3057 2784 ι
3115 2734 3380 2801 Quoniam
3412 2756 3533 2811 ego

1962 2811 2101 2866 Deus
2133 2814 2286 2868 testis
2325 2819 2510 2869 eorum
2546 2833 2677 2884 ero,
2706 2828 2760 2874 et
2788 2837 2920 2890 puer
2953 2841 3125 2893 meus,
3160 2843 3320 2898 quem
3356 2831 3528 2905 elegi;

291 2970 312 3004 ι
353 2952 483 3007 Ἰδοὺ
512 2956 542 3008 6
563 2959 690 3021 παῖς
715 2976 834 3028 μου,
864 2961 922 3014 ὃν
950 2963 1197 3051 ᾑρέτισα,
1220 2969 1248 3019 6
1268 2968 1520 3035 ἐκλεκτός
1544 2990 1667 3043 μου,
1691 2993 1858 3046 προσ-

284 3042 499 3109 εδέξατο
550 3047 714 3101 αὐτὸν
765 3052 798 3121 ἠ
832 3052 973 3125 ψυχή
1005 3074 1128 3126 μου.
1160 3046 1183 3109 ι’
1226 3059 1365 3129 Ἐγὼ
1410 3042 1587 3118 τοίνυν
1617 3042 1776 3131 αὐτὸς
1828 3070 1857 3123 6

285 3134 438 3200 Θεὸς,
471 3139 570 3192 καὶ
600 3139 629 3191 6
665 3143 791 3206 παῖς
826 3140 979 3210 οὗτος
1005 3150 1033 3200 ὁ
1060 3149 1315 3216 ἐκλεκτός
1363 3171 1486 3224 μου,
1524 3160 1857 3231 μαρτυρήσω

283 3228 390 3289 τοῖς
416 3229 572 3298 ἐμοῖς
603 3230 834 3301 μάρτυσι
855 3250 869 3264 ο
909 3236 937 3288 ὃ
960 3208 1032 3309 δὴ
1059 3239 1153 3292 καὶ
1178 3208 1409 3314 όΣωτήρ
1431 3208 1488 3297 ὲν
1882 3208 1923 3265 C

282 3317 471 3387 ἐδήλου
506 3319 681 3389 λέγων
700 3340 713 3353 ⁸
749 3342 769 3376 ι
798 3327 893 3389 Ὃς
925 3326 1019 3380 ἐὰν
1049 3330 1360 3406 ὁμολογήσῃ
1391 3336 1450 3388 ὲν
1481 3337 1605 3407 ἐμοὶ
1648 3338 1853 3411 ἔμπρο-

282 3407 403 3462 σθεν
439 3411 549 3465 τῶν
574 3414 891 3487 ἀνθρώπων,
920 3420 1236 3494 ὁμολογήσω
1276 3426 1432 3495 κάγὼ
1461 3431 1520 3484 ὲν
1562 3407 1708 3504 αὑτῷ
1752 3407 1851 3505 έμ-

281 3502 519 3571 προσθεν
550 3503 645 3557 τοῦ
673 3507 885 3577 Πατρός
922 3528 1023 3582 μου
1050 3514 1146 3567 τοῦ
1180 3516 1239 3570 ὲν
1274 3521 1388 3582 τοῖς
1427 3502 1693 3593 οὐρανοῖς,
1734 3502 1851 3580 Ἵνα

274 3591 448 3659 γνῶτε
497 3596 592 3647 καὶ
640 3598 986 3672 πιστεύσητε,
1039 3605 1133 3658 καὶ
1174 3607 1390 3679 συνῆτε,
1439 3612 1521 3665 ὅτι
1571 3614 1682 3682 ὲγὼ
1711 3618 1846 3687 είμι.

340 3703 361 3736 ι
400 3686 747 3759 Ἕμπροσθέν
779 3710 880 3763 μου
909 3695 1009 3748 ούκ
1023 3696 1238 3765 ἐγένετο
1257 3700 1415 3767 ἄλλος
1442 3704 1591 3771 Θεὸς,
1619 3708 1709 3761 καὶ
1731 3686 1846 3779 μετ’

271 3775 374 3845 ἐμὲ
401 3778 501 3831 οὐκ
532 3779 665 3833 ἔστι.
688 3800 707 3832 ι
742 3782 814 3836 Τὸ
844 3785 951 3857 γὰρ
972 3787 1142 3843 αἴτιον
1167 3791 1268 3862 τῆς
1290 3794 1385 3847 τοῦ
1413 3797 1649 3867 Χριστοῦ
1693 3775 1844 3872 πταρ-

268 3868 457 3931 ουσίας
485 3871 581 3922 καὶ
614 3873 712 3943 τῆς
744 3874 853 3927 τῶν
902 3878 1218 3937 ἀποστόλων
1252 3885 1417 3939 αὐτοῦ
1447 3889 1527 3953 είς
1575 3891 1753 3946 πάντα
1777 3868 1847 3947 τὰ

270 3956 399 4030 ἔθνη
446 3964 747 4034 μαρτυρίας
774 3966 925 4020 οὐδὲν
960 3969 1144 4043 ἕτερον
1186 3969 1275 4045 ἦν,
1306 3977 1338 4047 ἢ
1375 3978 1436 4030 τὸ
1473 3982 1703 4052 κηρῦξαι
1729 3978 1843 4056 ’τὴν

269 4048 367 4102 τοῦ
398 4050 533 4104 Θεοῦ
556 4055 774 4122 γνῶσιν,
807 4060 898 4112 καὶ
935 4061 1033 4133 τὴν
1068 4066 1149 4129 είς
1191 4067 1352 4123 αὐτὸν
1385 4048 1586 4139 πίστιν,
1622 4076 1717 4128 καὶ
1744 4048 1842 4148 τήν

266 4145 400 4213 περὶ
431 4144 597 4198 αὐτοῦ
631 4147 842 4203 σύνεσιν
891 4156 1001 4217 τοῖς
1034 4158 1161 4228 πρὶν
1206 4159 1503 4225 ἀσυνέτοις,
1536 4166 1631 4218 καὶ
1676 4144 1839 4221 ἀσυν-

266 4231 464 4299 θέτοις,
495 4237 590 4289 καὶ
629 4239 896 4307 ἀπίστοις,
938 4247 1031 4298 καὶ
1066 4248 1124 4300 ἐν
1156 4250 1400 4323 ἀγνωσία
1440 4248 1587 4310 οὖσιν
1631 4259 1794 4312 αὑτοῦ
1822 4278 1836 4291 ⁸

260 4324 339 4387 ὡς
365 4325 455 4379 διὰ
506 4328 663 4383 τοῦτο
692 4333 1021 4401 τυφλώττειν
1050 4342 1175 4404 τοὺς
1212 4341 1313 4412 τῆς
1361 4344 1598 4411 διανοίας
1641 4349 1838 4419 ὀφθαλ-

263 4416 422 4484 μοὺς,
460 4420 554 4471 καὶ
576 4423 700 4493 περὶ
723 4424 823 4496 τὴν
848 4428 1053 4501 πλάνην
1078 4432 1175 4503 τῆς
1211 4421 1371 4489 ἀθέου
1397 4416 1837 4512 εἰδωλολατρείας

256 4507 538 4563 είλείσθαι.
581 4532 600 4564 ι
644 4516 784 4585 Ἐγὼ
812 4521 840 4571 6
865 4520 1015 4585 Θεὸς,
1064 4528 1155 4577 καὶ
1181 4527 1281 4580 οὐκ
1322 4528 1435 4583 ἐστι

256 4597 473 4697 Ticum
495 4620 517 4651 ι
536 4604 682 4669 uti;
696 4607 804 4682 γάρ
829 4608 993 4682 οὔσης
1018 4614 1209 4685 ἀρχῆς,
1232 4617 1328 4687 μία
1358 4621 1440 4691 εἴη
1474 4622 1540 4675 ἂν
1619 4597 1825 4697 θεότης,

254 4683 293 4763 ᾖ
321 4696 916 4767 συμπαραλαμϐάνεται
954 4683 1109 4775 καὶ-ἡ
1142 4683 1244 4760 τοῦ.
1282 4683 1615 4781 Μονογενοῦς
1661 4683 1825 4770 αὐτού

253 4780 507 4853 θεολογία
532 4844 544 4857 ⁸

331 5000 350 5031 ι
396 4982 541 5051 Ἐγὼ
586 4988 882 5060 άνήγγειλα
926 4995 1020 5047 καὶ
1051 4994 1257 5051 ἔσωσα·
1299 5000 1569 5067 ὠνείδισα,
1602 5006 1697 5059 καὶ
1729 5006 1832 5062 ούκ

1959 2903 2026 2957 de
2054 2918 2159 2973 quo
2182 2908 2433 2975 superius
2463 2908 2677 2965 dicebat
2703 2952 2718 2976 ,
2767 2930 2786 2964 ι
2814 2915 2953 2970 Ecce
2995 2933 3129 2987 puer
3153 2935 3303 2977 meus
3324 2964 3341 2989 ,
3367 2903 3528 2996 quem

1957 2997 2117 3068 elegi,
2148 2999 2356 3055 electus
2381 3017 2552 3067 meus,
2580 3006 2819 3075 suscepit
2841 3021 2964 3061 eum
2990 3011 3169 3066 anima
3194 3028 3332 3071 mea.
3361 3034 3384 3069 ι
3419 3017 3530 3088 Ego

1957 3088 2138 3159 itaque
2170 3090 2285 3160 ipso
2320 3094 2480 3159 Deus,
2522 3104 2576 3150 et
2603 3095 2691 3152 hic
2722 3113 2858 3165 puer
2893 3100 3102 3158 electus
3149 3120 3332 3175 mens,
3374 3112 3529 3166 testi-

1960 3181 2164 3239 ﬁcabor
2199 3185 2428 3241 testibus
2476 3188 2650 3257 meis,
2702 3191 2847 3260 quod
2897 3193 3152 3249 nimirum
3192 3196 3444 3256 Salvator
3471 3202 3528 3258 in

1956 3274 2262 3346 Evangeliis
2287 3278 2601 3335 declarabat
2624 3281 2711 3336 his
2752 3282 2952 3350 verbis,
2993 3302 3012 3336 ι
3042 3284 3361 3359 Quicunque
3390 3306 3528 3349 eou-

1955 3368 2192 3424 ﬁtebltur
2238 3385 2322 3424 me
2364 3386 2544 3425 coram
2596 3371 2929 3440 hominibus,
2976 3377 3278 3434 confitebor
3323 3391 3378 3436 et
3425 3398 3530 3453 ego

1952 3474 2073 3515 eum
2105 3476 2285 3516 coram
2316 3462 2478 3519 Patre
2506 3478 2648 3530 meo,
2680 3465 2769 3532 qui
2803 3466 2857 3519 in
2891 3466 3046 3520 caelis
3073 3476 3157 3521 est
3183 3469 3251 3522 ⁷⁸.
3281 3488 3300 3521 ι
3320 3489 3427 3524 -ι
3453 3471 3525 3528 lit

1951 3555 2310 3625 cognoscatis,
2325 3566 2377 3611 et
2393 3556 2626 3611 credatis
2653 3565 2706 3611 et
2738 3556 3064 3625 iutelligatis,
3089 3559 3212 3627 quia
3232 3575 3518 3628 egosum.»

2021 3645 2185 3701 Vens.
2231 3647 2316 3701 12.
2365 3666 2384 3699 ι
2413 3648 2550 3702 Ante
2576 3662 2660 3701 me
2698 3662 2803 3701 non
2842 3647 2945 3702 fuit
2974 3649 3114 3703 Deus
3137 3649 3295 3715 alius,
3321 3660 3376 3706 et
3401 3665 3523 3721 post

1950 3754 2034 3794 me
2068 3754 2174 3795 non
2198 3741 2320 3796 erit.
2353 3759 2373 3793 ι
2402 3738 2535 3794 Nam
2561 3739 2763 3796 Christi
2789 3740 3058 3795 adventus
3081 3778 3098 3806 ,
3136 3750 3192 3795 et
3223 3741 3519 3799 testimonii

1950 3846 2046 3901 per
2075 3832 2350 3901 apostolos
2396 3832 2515 3903 ejus
2551 3846 2646 3902 per
2693 3848 2882 3889 onmes
2916 3843 3104 3903 gentes
3149 3834 3377 3890 exhibiti
3410 3851 3515 3891 non

1947 3933 2166 3992 propter
2193 3924 2339 3978 aliud
2369 3932 2507 3986 erat.
2540 3941 2699 3995 quam
2732 3935 2792 3979 ut
2824 3925 3183 3995 praedicarent
3218 3927 3309 3982 Dei
3335 3931 3517 4000 cogni-

1948 4015 2172 4080 tionem,
2216 4016 2373 4070 tident
2405 4015 2459 4071 in
2492 4032 2638 4083 eum,
2668 4027 2723 4072 et
2766 4018 3179 4088 intelligentiam
3243 4021 3385 4089 ejus,
3427 4024 3513 4084 iis.

1942 4110 2031 4177 qui
2063 4109 2210 4178 prius
2243 4109 2585 4178 insipientes,
2618 4111 2906 4165 inordinati
2935 4151 2950 4176 ,
2997 4121 3053 4167 et
3082 4113 3324 4169 inﬁdeles
3356 4128 3513 4169 erant

1941 4211 2102 4272 atque
2152 4203 2203 4256 in
2282 4202 2587 4273 ignorantia
2660 4202 2782 4272 ejus
2843 4204 3245 4272 versabantur;
3316 4207 3385 4258 ita
3454 4217 3513 4258 ut

1940 4301 2225 4362 propterea
2274 4293 2469 4347 mentis
2516 4292 2689 4348 oculis
2728 4296 3063 4360 cazcutircnt,
3113 4305 3167 4350 et
3211 4298 3264 4350 in
3323 4311 3511 4350 errore

1940 4383 2114 4451 impia:
2138 4381 2451 4438 idololatriae
2479 4384 2869 4440 volutarentur.
2903 4404 2922 4439 ι
2954 4387 3066 4458 Ego
3099 4389 3256 4452 Deus,
3306 4398 3361 4441 et
3400 4403 3506 4442 non

1937 4487 2019 4527 εει
2065 4482 2262 4542 pra-ter
2316 4488 2403 4527 me
2453 4472 2722 4529 Salvator.
2772 4494 2790 4527 ι
2856 4475 2989 4530 Nam
3043 4492 3163 4530 cum
3232 4492 3395 4530 unum
3434 4477 3505 4531 sit

1478 4532 1651 4637 ἷταίῖὲὲ
1692 4534 1830 4637 ἐμοῦ
1862 4566 1906 4621 D
1935 4532 2285 4635 principium.
2352 4581 2455 4619 una
2514 4565 2677 4621 fuerit
2715 4578 2771 4623 et
2806 4568 3015 4635 deitas,
3078 4581 3308 4637 quacum
3352 4582 3507 4623 assu-

1935 4660 2109 4713 mitur
2147 4656 2419 4730 Unigeniti
2477 4659 2594 4730 ejus
2633 4659 2921 4728 theologia.

2015 5015 2162 5057 ιειιε.
2206 5020 2290 5053 ια.
2355 5016 2374 5050 ι
2404 5006 2516 5069 Ego
2544 5006 2864 5052 annuntiavt
2909 5008 2963 5049 et
3013 4997 3214 5051 salvavi
3252 5014 3264 5049 :
3298 5010 3495 5064 expro-

242 5064 322 5141 ἦν
365 5075 426 5126 ὲν
481 5076 607 5146 ὑμῖν
644 5080 937 5153 ἀλλότριος.
997 5087 1186 5157 Ὑμεῖς
1228 5091 1351 5161 ἐμοὶ
1392 5064 1684 5166 μάρτιλρες,
1736 5099 1831 5152 καὶ

248 5164 763 5192 ι-,.“.ν.τ---,ιογι
828 5177 849 5192 .
942 5179 953 5192 .
1010 5181 1072 5192 ..
1158 5182 1182 5192 -
1353 5185 1364 5192 .
1441 5187 1454 5192 -
1530 5188 1550 5192 _

1959 5092 2099 5155 iravi,
2128 5099 2313 5147 etnon
2338 5064 2533 5165 erat—in
2564 5090 2718 5145 vobis
2740 5089 2967 5144 alienus.
3010 5087 3114 5143 Vos
3146 5089 3275 5144 mihi
3309 5098 3492 5154 testes,

248 5164 367 5233 εγὼ
392 5167 592 5238 Κύριος
619 5174 648 5224 ὁ
674 5173 804 5237 Θεὸς
825 5177 905 5229 ἔτι
930 5179 1024 5231 ἀπ’
1048 5182 1251 5253 ἀρχῆς·
1285 5185 1377 5238 και
1402 5164 1502 5249 οὐκ
1526 5164 1672 5243 ἔστιν
1696 5192 1725 5242 ὁ
1755 5194 1818 5245 ὲκ

1960 5194 1978 5237 ι
2014 5199 2113 5255 ego
2140 5182 2401 5240 Dominus
2438 5186 2578 5239 Deus
2619 5184 2781 5237 etiam
2828 5183 2894 5235 ab
2936 5181 3092 5236 initio
3123 5198 3136 5232 :
3165 5188 3219 5237 et
3263 5196 3369 5237 non
3413 5191 3498 5237 est

247 5256 455 5328 χειρῶν
490 5278 591 5329 μου
624 5265 1026 5338 ἐξαιρούμενος.
1057 5271 1295 5345 Ποιήσω,
1325 5278 1416 5329 καὶ
1434 5278 1518 5343 τίς
1550 5279 1818 5352 ἀποστρέ-

1924 5278 2015 5349 qui
2042 5280 2108 5333 de
2138 5277 2384 5332 manibus
2427 5277 2560 5331 meis
2588 5285 2768 5331 eruat.
2795 5274 3035 5339 Faciam,
3066 5282 3119 5328 et
3142 5273 3262 5343 quis
3289 5282 3494 5328 avertet

246 5349 337 5417 ψει
393 5350 559 5417 αύτό;
590 5372 609 5405 ι
650 5356 735 5418 Ὠς
788 5357 895 5429 γὰρ
937 5360 1144 5432 μάρτυς
1187 5363 1348 5427 αὐτὸς
1390 5365 1622 5436 ἐλέγετο,
1666 5349 1761 5423 καὶ
1790 5372 1819 5424 6

1959 5369 2120 5425 ludit
2151 5366 2361 5425 Etenim
2401 5378 2453 5423 ut
2507 5368 2661 5424 testis
2707 5368 3005 5430 dicebatur,
3057 5375 3111 5419 et
3140 5381 3276 5436 puer
3327 5381 3488 5435 quem

248 5442 376 5503 ταῖς
409 5441 471 5494 ὃν
502 5443 780 5512 ἐξελέξατο
798 5464 811 5477 ⁸
841 5450 982 5503 οὕτω
1009 5452 1101 5505 καὶ
1134 5453 1266 5517 Θεὸς
1297 5454 1484 5520 σώζων
1514 5461 1597 5531 εῐη
1620 5460 1686 5515 ἂν
1716 5463 1816 5517 αύ-

1922 5462 2193 5533 elegerat;
2226 5463 2296 5518 ita
2344 5472 2398 5516 et
2442 5463 2555 5530 ipse
2577 5475 2791 5531 quoque
2834 5459 2975 5515 Deus
3008 5458 3255 5515 Salvator
3302 5458 3487 5513 fuerit.

248 5531 351 5594 τός.
405 5533 534 5585 Ἐάν
554 5535 613 5587 δὲ
641 5536 793 5610 λέγῃ,
828 5558 848 5591 ι
884 5542 993 5597 Καὶ
1031 5543 1131 5599 οὐκ
1179 5544 1294 5600 ἐστι
1345 5549 1518 5621 παρὲξ
1545 5553 1679 5624 ἐμοῦ
1714 5553 1818 5608 σώε-

1959 5531 2071 5619 ntod
2114 5552 2159 5609 si
2195 5553 2357 5617 dicat,
2394 5570 2413 5604 ι
2452 5550 2518 5607 Et
2562 5566 2667 5607 non
2707 5561 2789 5606 est
2816 5560 3009 5623 praeter
3043 5567 3125 5609 me
3167 5549 3433 5616 Salvator,
3461 5566 3484 5604 ι

250 5768 290 5801 ⁷⁸
313 5772 513 5833 Matth.
546 5793 602 5846 ι,
626 5778 718 5836 32.
