4072 6194
475 387 579 443 599

1214 366 1487 425 EUSEBII
1524 356 2001 419 CIESARIENSJS
2040 356 2075 411 Ο

2179 398 2188 409 .
2235 352 2413 409 PARS
2448 350 2531 405 Ill.
2571 340 3084 402 —-EXEGETICA.

3609 328 3713 383 ιοο

476 520 580 560 non
612 511 788 551 tamen
825 498 984 561 negat
1009 502 1261 559 puerum,
1290 498 1448 553 quem
1483 479 1661 547 elegit,
1693 476 2030 531 Salvatorcm
2072 522 2075 531 ,

2180 490 2277 533 ων,
2318 490 2335 521 ι
2380 471 2479 525 οὐκ
2509 465 2865 539 ἀπαγορεύων
2890 462 2979 515 τὸν
3003 458 3232 530 Σωτῆρα
3258 449 3397 508 εἶναι
3423 450 3513 505 τὸν
3543 452 3717 505 παῖδα

2241 558 2415 561 νᾉμ-..
2632 555 2763 561 --μ
2872 554 2893 561 ..
3068 544 3119 561 τι
3241 544 3267 555 ~
3380 539 3685 561 l\,,“,_‘.

473 610 592 653 esse
624 609 637 645 :
671 593 843 659 ipsum
894 583 1040 638 enim
1093 579 1431 635 Salvatorem
1485 568 1738 641 agnoscit
1779 566 1867 621 hic
1919 578 2043 633 pro—

471 692 649 759 pheta,
683 695 804 736 cum
837 678 913 731 ait
942 695 955 730 :
988 695 1005 726 (
1039 673 1105 727 Et
1136 671 1316 726 mittet
1343 666 1450 721 illis
1492 662 1750 718 Dominus
1795 659 2042 715 Salvato-

473 756 585 836 rem
655 775 743 845 qui
791 768 1027 826 salvabit
1067 780 1182 821 eos.
1208 783 1227 815 ι
1284 760 1388 815 Pro
1430 756 1521 810 illo
1561 764 1761 817 autem,
1811 770 1829 802 ι
1859 762 2052 817 expro-

470 874 644 934 bravi,
678 890 696 922 ι
729 865 921 936 reliqui
955 874 1147 918 omnes
1173 858 1522 924 interpretes,
1554 867 1573 899 ι
1597 857 1650 902 et
1668 845 1855 900 audire
1880 842 2033 904 feci,»

470 969 743 1024 dixerunt.

541 1058 708 1109 Vens.
769 1050 952 1105 14-17.
1012 1043 1145 1099 «Sic
1200 1042 1332 1096 dicit
1384 1040 1645 1094 Dominus
1713 1031 1893 1089 Deus.
1951 1026 2043 1097 qui

470 1148 687 1209 redimit
722 1159 835 1207 vos,
865 1142 1095 1197 Sanctus
1122 1133 1287 1189 Israel
1310 1148 1325 1186 :
1352 1133 1582 1201 PrOptcr
1622 1142 1716 1183 vos
1745 1125 1951 1179 mittam
1982 1121 2037 1174 in

469 1240 799 1311 Babylonem
828 1253 841 1289 :
874 1244 929 1290 et
953 1230 1231 1286 suscitabo
1255 1227 1527 1296 fugientes
1555 1234 1765 1284 omnes,
1802 1227 1856 1271 et
1884 1213 2047 1269 Chal-

472 1334 572 1389 daei
627 1334 681 1387 in
736 1329 964 1384 navibus
1028 1322 1351 1378 vincientur.
1413 1317 1526 1386 Ego
1590 1312 1849 1367 Dominus
1906 1307 2048 1361 Deus

474 1435 698 1481 sanctus
726 1433 928 1485 vester,
963 1418 1053 1487 qui
1075 1412 1310 1470 -ostendi
1338 1408 1504 1465 Israel
1554 1420 1733 1476 regem
1784 1410 2046 1456 vestrum.

478 1521 569 1575 Sic
595 1519 728 1573 dicit
760 1514 1035 1574 Dominus,
1067 1508 1156 1578 qui
1193 1510 1284 1560 dat
1306 1508 1361 1559 in
1392 1502 1526 1556 mari
1558 1502 1723 1563 viam,
1754 1496 1877 1551 etin
1910 1506 2048 1561 aqua

477 1611 782 1668 vehementi
829 1606 1119 1662 semitam:
1147 1599 1240 1669 qui
1292 1595 1481 1652 eduxit
1521 1606 1716 1648 currus
1753 1596 1809 1643 et
1838 1586 2050 1655 equita—

479 1717 613 1770 tum,
648 1712 703 1757 et
752 1697 1149 1754 multitudinem
1207 1692 1483 1745 robustam
1516 1684 1646 1741 :sed
1682 1680 2049 1743 dormierunt,

479 1808 534 1853 et
579 1812 685 1852 non
731 1798 1048 1860 resurgent;
1097 1782 1355 1841 exstincti
1389 1787 1516 1836 sunt
1546 1787 1605 1832 ut
1634 1776 1801 1830 linum
1852 1770 2057 1825 exstin-

481 1903 648 1947 ctum.
671 1908 691 1943 ι
724 1887 925 1942 Horum
960 1895 1149 1938 sensus
1196 1877 1285 1933 hic
1321 1886 1407 1930 est
1452 1891 1466 1928 :
1500 1871 1637 1929 Olim
1690 1867 1907 1938 quidem
1961 1860 2055 1915 Ju-

484 1984 645 2039 daico
692 1977 886 2050 populo
922 1972 1184 2031 beneficia
1229 1965 1430 2024 contuli
1463 1978 1567 2019 :ac
1614 1974 1772 2023 cum,
1808 1965 1872 2011 ut
1911 1953 2058 2022 ipsos

2179 1934 2480 2007 ξύεργεσίας
2529 1932 2786 2002 παρεῖχον

2208 2030 2264 2050 ιν.
2300 2026 2489 2050 -.’,-Α.-
2518 2024 2605 2050 ..-Σ
2646 2037 2786 2050 -..ιορο

482 2047 806 2145 castigarem
841 2078 897 2125 et
926 2069 992 2123 ad
1021 2067 1214 2121 bonam
1241 2072 1477 2115 menlem
1506 2055 1845 2115 reducerem,
1880 2047 2054 2114 Baby-
2091 2088 2133 2143 Β

485 2168 648 2224 Ioniis
679 2162 1043 2222 tradidissem,
1077 2172 1183 2211 non
1213 2153 1304 2207 diu
1330 2160 1514 2221 postea
1546 2161 1642 2201 eos
1672 2159 1702 2198 a
1732 2138 2056 2206 Babylonica

487 2259 804 2331 captivitate
829 2255 1029 2308 liberos
1062 2245 1267 2309 dimisi,
1312 2251 1499 2313 utpote
1537 2238 1680 2293 Deus
1714 2243 1767 2287 et
1801 2230 2061 2285 Dominus

487 2354 888 2408 universorum.
904 2345 1160 2413 Ipsosque
1188 2333 1527 2406 Babylonios,
1550 2329 1639 2399 qui
1664 2332 1850 2381 contra
1875 2320 2062 2375 Hiero-

491 2446 760 2517 solymam
792 2442 1121 2508 irruperant,
1165 2440 1411 2487 extorres
1440 2424 1574 2487 feci;
1611 2422 1681 2475 ita
1708 2430 1768 2473 ut
1806 2412 2060 2473 Chaldaei.

492 2516 587 2611 qui
631 2549 796 2609 penes
825 2547 923 2587 eos
956 2536 1153 2588 erant,
1207 2524 1261 2577 in
1316 2520 1493 2589 fugam
1546 2529 1605 2570 se
1657 2516 1952 2572 verterent,
2001 2518 2066 2558 ac

495 2632 713 2703 quidam
747 2639 934 2683 eorum
964 2620 1129 2677 vincti
1159 2618 1227 2671 ab
1245 2614 1366 2668 aliis
1396 2625 1455 2664 se
1482 2603 1796 2663 fortioribus
1827 2600 1880 2655 in
1902 2610 2067 2652 naves

495 2724 897 2794 eonjicerentur
941 2716 991 2771 in
1020 2710 1157 2768 mari
1186 2708 1287 2764 sibi
1328 2703 1633 2773 adiacente.
1680 2694 1808 2749 Haac
1836 2704 1936 2762 ego
1965 2687 2066 2743 feci

499 2818 667 2885 Dens,
682 2825 748 2870 ut
778 2824 1002 2882 regnum
1036 2819 1209 2861 meum
1246 2796 1554 2856 hominibus
1598 2789 1961 2846 ostenderem.

574 2994 740 3049 Vens.
793 2989 884 3054 48,
950 2986 1037 3042 l9.
1102 2978 1234 3037 ,cNe
1285 2970 1641 3033 memineritis
1682 2968 1924 3040 priorum
1956 3002 1971 3027 ,
2018 2970 2074 3017 et

506 3097 689 3144 vetera
724 3098 792 3138 ne
837 3074 1171 3149 recogitetis.
1223 3072 1360 3125 Ecce
1401 3080 1503 3138 ego
1554 3063 1694 3118 facio
1740 3072 1894 3119 nova,
1952 3069 2074 3124 quae

509 3196 652 3237 nunc
684 3178 955 3236 orientur,
984 3178 1039 3224 et
1071 3162 1413 3236 cognoscetis
1458 3172 1542 3213 ea.
1570 3173 1589 3208 ι
1634 3152 1836 3208 [ndicat
1887 3162 2076 3203 rursus

513 3270 806 3330 Ecclesiam
875 3265 925 3318 in
982 3259 1235 3332 gentibus
1290 3246 1757 3310 constituendam,
1810 3255 1931 3313 quae
1985 3237 2075 3292 Dei

509 3363 819 3436 cognitione
846 3371 1012 3411 vacua
1039 3360 1177 3413 erat.
1213 3356 1496 3416 antequam
1533 3339 1812 3395 adveniret
1830 3334 2079 3391 Christus

514 3428 630 3521 Dei,
662 3453 752 3523 qui
774 3449 925 3513 dixit,
961 3464 980 3497 ι
1009 3444 1118 3514 Ego
1138 3456 1255 3496 sum
1289 3439 1396 3490 via.
1442 3434 1505 3488 Et
1548 3430 1743 3486 faciam
1774 3429 1826 3482 in
1861 3428 2079 3483 deserto
2107 3445 2151 3506 ο

514 3552 679 3610 viam,
712 3555 767 3601 et
794 3543 847 3597 in
879 3541 1138 3608 inaqnoso
1161 3530 1400 3587 flumina.
1431 3546 1452 3580 ι
1492 3523 1693 3580 Verum
1736 3521 1789 3575 in
1824 3518 1936 3583 illo,
1968 3517 2080 3583 ait,

511 3641 781 3715 quondam
813 3637 1027 3691 deserto
1055 3631 1196 3683 viam
1223 3625 1437 3688 faciam,
1455 3613 1905 3691 quemadmodum
1934 3612 2082 3682 prius

515 3740 571 3794 in
612 3734 746 3791 mari
780 3730 968 3785 Rubro
1015 3723 1139 3779 feci.
1192 3720 1390 3775 Fluunt
1422 3727 1584 3785 porro
1631 3709 1937 3766 divinorum
1974 3703 2086 3758 elo-

520 3831 773 3901 quiorum
813 3821 1037 3877 ﬂumina
1091 3830 1159 3871 ex
1196 3814 1443 3868 doctrina
1492 3803 1668 3862 sancti
1723 3800 1979 3870 Spiritus,
2029 3796 2085 3850 in

519 3888 608 3977 illa
660 3918 790 3972 olim
825 3913 1121 3980 inaquosa;
1154 3897 1613 3973 quemadmodum
1670 3902 1726 3947 et
1770 3891 1869 3945 sub
1904 3888 2088 3958 Moyse

518 4017 573 4072 in
622 4014 836 4068 deserto
880 4002 1099 4058 flumina
1151 4002 1508 4055 emanarunt;
1564 3988 1657 4042 sed
1714 3984 1822 4039 illic
1872 3982 2087 4051 quidem

519 4118 795 4177 ιιοτροτεσε
817 4113 974 4167 aqua:
1002 4102 1178 4155 erant,
1222 4098 1278 4143 et
1318 4093 1511 4141 natura
1555 4094 1650 4136 sua
1684 4077 1838 4131 fluxaa
1879 4082 1933 4126 et
1961 4085 2087 4127 001*-

520 4212 725 4271 νιψῑιες
772 4207 919 4250 nunc
969 4196 1148 4242 autem
1192 4183 1301 4237 Deo
1345 4174 1812 4234 subministrante,
1858 4165 2091 4220 rationa-

523 4296 645 4351 bilis
681 4300 737 4347 et
762 4282 1059 4356 spiritualis
1087 4292 1238 4348 aqua:
1263 4272 1482 4328 flumina
1516 4273 1757 4322 manant.

2149 559 2207 612 ὃν
2236 558 2534 623 ἐξελέξατο,
2566 556 2709 609 τοῦτ’
2738 555 2805 608 ἂν
2842 554 3011 605 εἴποι·
3040 544 3146 603 οἶδε
3173 544 3303 617 γοῦν
3333 542 3495 597 αὑτὸν
3541 539 3721 610 Σωτῆ-

2156 668 2224 722 ρα
2246 652 2274 703 6
2306 648 2495 721 παρὼν
2525 646 2809 719 προφήτης
2844 645 2900 697 ἐν
2925 638 3005 705 οἷς
3028 656 3161 710 φησι
3182 655 3195 668 ’
3229 656 3247 688 ι
3280 635 3391 689 Καὶ
3432 631 3726 688 ἀποστελεί

2154 742 2337 804 αὐτοῖς
2372 739 2574 810 Κύριος
2615 736 2863 807 Σωτῆρα,
2899 734 2957 797 ὃς
2982 731 3143 786 σώσει
3187 727 3406 791 αὐτούς.
3437 745 3456 778 ι
3494 724 3641 777 Ἀντί
3670 721 3728 776 δὲ
3828 748 3841 767 ,ι

2142 829 2257 895 τοῦ,
2287 849 2305 881 ί
2342 829 2614 891 ῶνείδισα,
2658 846 2674 876 ι
2709 827 2758 878 oi
2783 824 2958 877 λοιποὶ
2991 819 3321 893 ἐρμηνευταὶ
3350 816 3568 878 πάντες,
3603 813 3731 866 «καὶ

2141 919 2423 991 ἡκούτισα,
2470 937 2487 968 ι
2526 918 2797 987 εἰρήκασι.

2220 1031 2238 1062 ι
2264 1011 2447 1073 υῦτως
2473 1009 2620 1077 λέγει
2646 1006 2849 1078 Κύριος
2884 1005 2912 1057 6
2954 1002 3103 1067 Θεὸς,
3126 1003 3153 1054 6
3178 997 3534 1070 λυτρούμενος
3562 994 3731 1065 ὑμᾶς,

2154 1110 2183 1161 6
2214 1106 2406 1173 ’Ἄγιος
2436 1102 2529 1156 τοῦ
2566 1099 2782 1172 Ἰσραήλ
2804 1114 2819 1128 ·
2874 1097 3096 1148 Ἕνεκεν
3142 1091 3291 1163 ὑμῶν
3327 1086 3610 1144 ἀποστελῶ
3654 1086 3736 1147 είς

2149 1195 2463 1257 Βαϐυλῶνα,
2498 1191 2592 1246 καὶ
2623 1186 2870 1259 ἐπεγερῶ
2890 1184 3187 1254 φεύγοντας
3212 1181 3439 1245 πάντας,
3466 1177 3562 1231 καὶ
3589 1176 3737 1229 Χαλ-

2149 1292 2284 1344 δαῖοι
2318 1292 2375 1343 ἐν
2427 1287 2632 1348 πλοίοις
2677 1283 3010 1353 δεθήσονται.
3050 1275 3189 1346 Ἐγὼ
3222 1274 3423 1345 Κύριος
3479 1274 3509 1324 6
3546 1270 3677 1332 Θεὸς
3708 1271 3739 1321 6

2152 1382 2304 1450 ἅγιος
2329 1378 2501 1450 ὑμῶν,
2524 1377 2552 1429 6
2585 1373 2902 1438 καταδείξας
2922 1369 3139 1441 Ἰσραὴλ
3174 1365 3395 1438 βασιλέα
3424 1363 3598 1434 ὑμῶν.
3630 1360 3740 1414 Οὖ-

2152 1491 2257 1537 τως
2289 1472 2436 1541 λέγει
2464 1470 2665 1541 Κύριος
2695 1469 2724 1520 6
2776 1465 2952 1528 διδοὺς
2987 1465 3045 1515 ἐν
3081 1460 3324 1530 Θαλάσσῃ
3353 1457 3494 1517 ὁδὸν,
3547 1454 3642 1508 καὶ⁵
3680 1454 3741 1506 ἐν

2156 1566 2305 1619 ῦδατι
2324 1563 2526 1635 ἰσχυρῷ
2546 1561 2748 1634 τρίϐον,
2762 1562 2788 1612 ὁ
2808 1555 3088 1626 ἐξαγαγὼν
3106 1554 3324 1625 ἅρματα
3341 1551 3431 1604 καὶ
3454 1550 3617 1602 ἵππον
3644 1547 3743 1600 καὶ

2154 1660 2312 1731 ὄχλον
2364 1656 2608 1728 ἰσχυρόν·
2648 1653 2762 1707 ἀλλ’
2814 1648 3206 1719 ἐκοιμήθησαν,
3258 1645 3351 1698 κα)⁸
3386 1643 3484 1695 οὐκ
3512 1638 3745 1709 ἀναστή-

2162 1729 2368 1813 σονται,
2423 1746 2756 1818 ἐσϐέσθησαν
2781 1743 2853 1806 ὡς
2888 1743 3031 1795 λίνον
3085 1736 3432 1807 ἐσϐεσμένον.
3463 1752 3481 1785 ι
3533 1732 3591 1784 ’0
3617 1729 3743 1793 νοῦς

2158 1844 2267 1898 τῶν
2297 1840 2672 1915 προκειμένων
2698 1833 2936 1898 τοιοῦτός
2959 1835 3075 1885 ἐστι
3098 1847 3111 1860 ·
3145 1828 3320 1882 Πάλαι
3350 1826 3448 1896 μὲν
3474 1823 3572 1887 τάς
3602 1824 3625 1874 ἐ
3635 1823 3747 1893 μὰς

2831 1926 2909 1996 τῷ
2962 1921 3231 1977 Ἰουδαίων
3264 1919 3405 1973 ἔθνει
3430 1934 3443 1947 ο
3477 1915 3749 1969 παιδεύων

2166 2030 2265 2103 μέν
2294 2026 2489 2088 αὐτοὺς
2518 2024 2612 2076 καὶ
2644 2018 3009 2090 σωφρονίζων,
3045 2012 3400 2071 Βαϐυλωνίοις
3429 2006 3747 2078 παρέδωκα,

2162 2097 2261 2176 οὐκ
2293 2120 2371 2182 είς
2406 2115 2612 2187 μακρὸν
2653 2111 2969 2182 ἐλευθέρους
2997 2108 3176 2177 ἀνῆκα
3214 2105 3313 2175 τῆς
3342 2103 3421 2164 εἰς
3451 2097 3753 2153 Βαϐυλῶνα

2165 2208 2560 2283 αἰχμαλωσίας,
2593 2206 2688 2259 ἆτε
2716 2202 2849 2264 Θεὸς
2871 2199 2945 2253 ὣν
2971 2199 3064 2252 καὶ
3091 2196 3293 2267 Κύριος
3324 2193 3432 2245 τῶν
3456 2190 3609 2243 ὅλων.
3640 2189 3759 2243 Αύ-

2165 2278 2289 2360 τοῦς
2315 2313 2374 2349 τε
2404 2291 2775 2353 Βαϐυλωνίους
2798 2289 2923 2352 τοὺς
2953 2287 3277 2347 ἐπιστάντας
3302 2286 3368 2354 τῇ
3401 2278 3752 2349 Ἰερουσαλὴμ

2166 2389 2500 2449 ἀναστάτους
2538 2383 2793 2454 ἐποίησα,
2830 2381 2905 2444 ὡς
2954 2381 3047 2433 καὶ
3083 2379 3226 2448 φυγῇ
3270 2372 3579 2446 χρήσασθαι
3623 2370 3757 2432 τοὺς

2170 2486 2300 2556 παρ’
2334 2482 2514 2543 αὐτοῖς
2541 2477 2863 2539 Χαλδαίους.
2911 2472 3164 2543 δεσμίους
3184 2487 3241 2522 τε
3272 2463 3582 2536 ἀπαχθῆναί
3602 2478 3759 2523 τινας

2171 2555 2373 2637 αὐτῶν,
2402 2573 2606 2635 πλοίοις
2626 2567 2995 2641 ἐμϐληθέντας
3015 2566 3072 2618 ἐν
3101 2566 3167 2634 τῇ
3201 2560 3330 2633 παρ’
3351 2561 3533 2620 αὐτοῖς
3562 2555 3759 2609 θαλάσο

2174 2688 2264 2747 σῃ,
2291 2671 2378 2739 ὑφ’
2411 2668 2612 2738 ἐτέρων
2660 2660 2823 2716 τινῶν
2864 2657 3090 2727 δυνάμει
3121 2652 3525 2727 κραταιοτέρων
3550 2647 3755 2701 αὐτῶν.

2174 2737 2360 2821 Ταῦτα
2406 2762 2514 2833 γὰρ
2547 2757 2657 2829 ἐγὼ
2688 2751 3065 2827 διεπραξάμην
3114 2748 3143 2800 6
3197 2745 3346 2809 Θεὸς,
3400 2740 3611 2803 δεικνὺς
3655 2737 3761 2810 τὴν

2177 2860 2315 2932 ἐμὴν
2341 2855 2618 2929 βασιλείαν
2642 2848 2968 2922 ἀνθρώποις.

2254 2921 2383 3021 (Μή
2417 2944 2781 3020 μνημονεύετε
2829 2939 2897 2993 τὰ
2926 2936 3138 3009 πρῶτα,
3186 2932 3281 2986 καὶ
3325 2929 3393 2983 τὰ
3431 2926 3630 3000 ἀρχαῖα
3682 2921 3760 2993 μὴ

2183 3040 2574 3113 συλλογίζεσθε.
2611 3036 2743 3090 Ἰδοὺ
2788 3032 2898 3103 ἐγὼ
2933 3030 3070 3083 ποιῶ
3104 3025 3285 3082 καινά,
3315 3023 3351 3077 ἃ
3373 3021 3467 3074 νῦν
3493 3016 3758 3079 ἀνατελεῖ,

2181 3139 2276 3193 καὶ
2326 3130 2601 3205 γνώσεσθε
2648 3128 2804 3183 αὑτά.
2836 3146 2853 3178 ι
2914 3123 3073 3194 Δηλοῖ
3109 3121 3165 3174 δέ
3200 3117 3360 3171 πάλιν
3410 3114 3510 3184 τὴν
3543 3113 3600 3163 ἐν
3644 3110 3766 3171 τοῖς

2183 3195 2357 3284 ἔθνεσι
2408 3221 2817 3294 συστησομένην
2879 3211 3222 3282 Ἐκκλησίαν,
3267 3210 3387 3278 ήτις
3444 3204 3644 3274 ἔρημος
3690 3195 3765 3270 ἦν

2184 3322 2318 3377 Θεοῦ
2341 3292 2592 3388 γνώσεως
2620 3313 2745 3386 πρὶν
2777 3306 3107 3377 ἐπιδημῆσαι
3134 3301 3224 3355 τὸν
3246 3298 3478 3370 Χριστὸν
3502 3295 3596 3349 τοῦ
3625 3292 3766 3347 Θεοῦ

2185 3415 2276 3467 τὸν
2306 3384 2558 3465 εἰπόνταο
2603 3423 2622 3456 ‹
2661 3384 2800 3470 Ἒγώ
2837 3401 2951 3468 εἰμι
2978 3399 3011 3466 ὴ
3053 3394 3188 3455 ὁδός.
3220 3390 3329 3445 Καὶ
3366 3388 3576 3457 ποιήσω
3604 3387 3661 3436 ἐν
3693 3384 3768 3452 τῇ

2186 3507 2376 3581 ἐρήμῳ
2411 3502 2548 3564 ὁδὸν,
2595 3497 2689 3551 καὶ
2717 3496 2772 3546 ἐν
2804 3494 2870 3562 τῇ
2907 3488 3117 3558 ἀνύδρῳ
3150 3479 3443 3551 ποταμούς.
3470 3497 3488 3529 ι
3538 3474 3677 3527 Ἀλλ’
3707 3475 3773 3528 ἐν

2421 3591 2573 3663 φησὶ,
2607 3590 2673 3658 τῇ
2719 3583 2887 3638 πάλαι
2918 3580 3108 3650 ἐρήμῳ
3154 3574 3267 3627 ὁδὸν
3309 3572 3537 3640 ποιήσω,
3573 3564 3774 3635 ὥσπερ

2189 3690 2282 3745 καὶ
2611 3679 2701 3733 ἐπὶ
2726 3676 2822 3745 τῆς
2864 3670 3129 3744 Ἐρυθρᾶς
3156 3664 3429 3734 πεποίηκα
3467 3658 3773 3726 θαλάσσης.

2203 3746 2411 3837 Ῥέοῦσι
2443 3746 2502 3830 δέ
2535 3773 2629 3828 καὶ¹
2679 3765 2912 3838 ’τιεοταμολ⁵
2940 3762 3096 3815 θείων
3118 3756 3310 3825 λογίων
3336 3756 3400 3806 ἐκ
3425 3746 3779 3807 διδασκαλίας

2193 3872 2345 3941 ἁγίου
2374 3866 2688 3937 Πνεύματος
2720 3862 2798 3922 είς
2830 3837 2934 3927 τὴν
2965 3851 3136 3905 πάλαι
3179 3845 3424 3915 ἄνυδρον,
3462 3841 3535 3904 ὼς
3560 3839 3653 3893 καὶ
3675 3837 3777 3889 ἐπὶ

2193 3930 2468 4025 Ἀίωῦσέως
2514 3930 2775 4031 ἐρρευσαν
2804 3952 2862 4003 ἐν
2901 3950 2967 4018 τῇ
2995 3945 3183 4016 ἐρήμῳ
3218 3936 3480 4008 ποταμοίο
3520 3932 3630 3988 ἀλλ’
3655 3930 3779 3982 ἐκεῖ

2199 4062 2295 4132 μὲν
2349 4058 2539 4117 ὓδατος
2594 4040 2926 4118 σωματικοῦ,
2981 4035 3212 4110 ῥευστῆς
3251 4032 3435 4094 οὐσίας
3483 4028 3631 4088 ὄντος
3677 4023 3779 4081 ml,

3041 4128 3053 4132 -
3080 4128 3091 4132 _
3371 4120 3382 4132 ,
3567 4116 3592 4127 ,
3634 4115 3653 4132 κ

2198 4115 2463 4223 ξρθαρτῆς,
2495 4115 2613 4198 νυνὶ
2651 4115 2708 4194 δέ
2748 4140 2812 4190 ἐκ
2844 4135 2942 4204 τῆς
2975 4128 3155 4183 ἐνθέου
3190 4120 3451 4194 χορηγίας
3501 4116 3595 4170 τοῦ
3634 4115 3783 4181 λογι-

2201 4242 2299 4296 κοῦ
2334 4240 2429 4293 καὶ
2456 4227 2823 4303 πνευματικοῦ
2859 4224 3068 4282 ὓδατος.

2277 4355 2297 4387 ,ι
2326 4301 2691 4399 Εὐλογήσουσί
2729 4338 2794 4391 με
2823 4317 2892 4371 τά
2931 4313 3093 4385 θηρία
3135 4306 3228 4362 τοῦ
3267 4304 3459 4375 ἀγροῦ,
3506 4301 3803 4371 σειρῆνες,

2202 4429 2294 4484 καὶ
2326 4391 2620 4494 Θυγατέρες
2648 4411 2918 4486 στρουθῶν
2939 4426 2954 4440 ο
3000 4409 3081 4461 ὅτι
3124 4395 3299 4457 ἔδωκα
3328 4403 3384 4453 ἐν
3404 4401 3469 4468 τῇ
3502 4396 3688 4468 ἐρήμῳ
3715 4391 3785 4444 ῦ-

2201 4522 2332 4591 δωρ,
2362 4515 2456 4570 καὶ
2512 4506 2788 4578 ποταμοὺς
2819 4506 2875 4558 ἐν
2899 4503 2963 4571 τῇ
3018 4495 3250 4567 ἀνύδρῳ,
3286 4492 3503 4545 ποτίσαι
3532 4488 3593 4540 τὸ
3625 4484 3788 4554 γένος

2208 4576 2401 4685 μουτὸ
2435 4576 2702 4658 ἐκλεκτόν.
2726 4618 2744 4650 ι
2778 4598 2841 4650 Ai
2875 4587 3293 4663 ἀπηγριωμέναι
3322 4583 3489 4653 ψυχαὶ
3523 4576 3791 4651 μεταϐλη-

528 4669 780 4719 electum.
812 4676 831 4710 ι
863 4669 1113 4709 bllerata:
1143 4669 1359 4705 ιιιιηιιιις,
1392 4669 1626 4693 ιιυιιιιιιη
1661 4669 1850 4687 ...μην
1873 4669 2061 4682 μνη.-.

528 4772 621 4820 sm,
663 4770 693 4806 a
742 4749 917 4805 ferino
969 4744 1062 4798 illo
1112 4750 1259 4796 statu
1309 4732 1699 4791 mutabuntur;
1752 4725 1824 4777 ita
1874 4728 1932 4773 ut
1975 4718 2075 4786 ipsa

2207 4706 2457 4775 θήσονται
2481 4696 2580 4765 τῆς
2613 4689 2906 4763 θηριώδους
2936 4680 3320 4739 καταστάσεως
3354 4678 3417 4728 ἐκ
3438 4674 3535 4741 τῆς
3561 4669 3655 4722 τοῦ
3689 4684 3792 4719 πο-

2207 4794 2374 4820 ---..-.~_
2413 4788 2691 4820 suasu...”
2724 4776 3114 4820 mumnndam-
3141 4772 3215 4820 ὼε
3238 4769 3432 4820 αὐτοὺς
3465 4762 3624 4817 πάλιν
3660 4762 3788 4820 τοὺς

1310 4762 1654 4789 unua-nuntu-
1684 4767 1699 4791 ,
1753 4762 1824 4777 nu
1876 4762 1932 4773 ..-
1976 4762 2075 4786 .r..-

1277 4828 1430 4895 Quod
1467 4825 1510 4878 si
1559 4821 1719 4876 etiam
1756 4815 1960 4869 Sirena:
1985 4811 2072 4863 lue

2202 4794 2375 4867 ταμοῦ
2412 4788 2691 4856 δυνάμεως
2724 4776 3114 4837 ἀλλοιωθεῖσαι,
3141 4772 3215 4834 ὡς
3238 4769 3432 4829 αὐτοὺς
3465 4762 3624 4817 πάλιν
3660 4762 3788 4821 τοὺς

2240 4894 2245 4895 ν
2431 4884 2470 4895 ι·
2555 4881 2577 4891 ·
2667 4878 2677 4895 ο
2708 4891 2764 4895 η-
2825 4873 2883 4895 nx
2909 4869 2959 4895 ex
2985 4868 3070 4895 ....‘.
3109 4864 3360 4895 sums..."
3381 4855 3517 4895 ἷντηυ
3577 4852 3788 4895 θέλγαυ.

2200 4852 2371 4963 ὀῆρας
2395 4852 2679 4949 εύλογῆσαί
2704 4891 2787 4946 με.
2825 4873 2887 4924 Εἰ
2907 4869 2961 4923 δὲ
2985 4868 3075 4921 καὶ
3109 4864 3360 4935 Σειρῆνες
3381 4855 3539 4929 ἦσαν,
3577 4852 3796 4921 θέλγου-

2210 4944 2221 4947 τ
2242 4944 2286 4963 ν..
2354 4944 2369 4951 -
2531 4944 2540 4949 .
2577 4944 2587 4949 -
2707 4944 2715 4946 .

2203 5000 2291 5036 σαι
2323 4976 2483 5049 ἡδονῇ
2511 4971 2603 5023 καὶ
2630 4968 2837 5038 ᾇσμασι
2863 4958 3196 5029 δαιμονικοῖς
3223 4957 3320 5015 τὰς
3352 4951 3458 5002 τῶν
3482 4944 3577 4999 ἀνθ
3588 4944 3793 5015 ρώπων

2204 5072 2378 5144 ψυχὰς
2415 5069 2472 5120 ἐν
2508 5059 2744 5130 ποιητῶν
2783 5052 3097 5121 πλάσμασιν
3136 5043 3362 5113 εὐεπείᾳ
3398 5040 3571 5107 λόγων
3624 5052 3795 5089 κεκοο

2210 5129 2508 5237 σμἠμτένοις
2526 5174 2539 5187 ·
2558 5129 2708 5217 ,άλλά
2737 5150 2832 5203 καὶ
2863 5139 3024 5200 αὗται
3050 5134 3442 5213 μεταϐαλοῦσαι
3476 5129 3795 5198 εὐλογήσου-

2214 5217 2369 5327 eius
2391 5272 2402 5283 ·
2446 5217 2526 5304 ἐτι
2564 5264 2627 5317 γε
2667 5243 2769 5316 μὴν
2800 5241 2895 5294 καὶ
2934 5235 3228 5305 θυγατέρες
3260 5224 3564 5299 στρουθῶν·
3591 5221 3623 5291 ἣ
3650 5217 3792 5273 κατά

2276 5311 2337 5409 οξ
2377 5311 2595 5403 λοιποὺς
2647 5311 3007 5409 ἐρμηνευτάς,
3072 5346 3088 5377 σ
3117 5324 3211 5377 καὶ
3245 5311 3734 5390 στρουθοκάμηλοι,
3762 5328 3787 5359 ι

2214 5398 2350 5504 ζῶοέι
2442 5398 2696 5508 ἐρημίαις
2719 5398 2815 5479 καὶ
2840 5421 3043 5493 χώραις
3068 5414 3339 5483 ἀοικήτοις
3365 5406 3671 5476 γινόμενον,
3700 5398 3796 5452 καὶ

2215 5495 2345 5586 αὐτὸ
2375 5495 2655 5601 ήμέρῶθὲν
2688 5518 2929 5585 εὐλογεῖν
2966 5511 3065 5581 ἐμὲ
3103 5508 3194 5559 τὸν
3224 5502 3359 5558 Θεὸν
3397 5495 3793 5571 μαθηθήσεται.

2216 5586 2432 5679 Τούτων
2453 5586 2508 5673 δέ
2538 5619 2709 5672 αἴτιον
2731 5613 2880 5666 ἔσται
2900 5607 2958 5660 τὸ
2978 5604 3067 5658 ὑπ’
3101 5599 3234 5671 ἐμοῦ
3254 5596 3404 5651 δοθέν
3433 5596 3489 5646 ἐν
3510 5591 3575 5660 τῇ
3603 5586 3797 5657 ἐρήμῳ

2222 5718 2386 5787 ὕδωρ,
2423 5714 2515 5767 καὶ
2546 5712 2580 5781 ἡ
2600 5706 2707 5763 τῶν
2738 5697 2996 5771 ποταμῶν
3023 5693 3250 5765 δύναμις
3278 5689 3387 5743 τῶν
3419 5688 3475 5739 ἐν
3507 5683 3573 5752 τῇ
3602 5676 3797 5751 ἐρήμῳ

2223 5807 2549 5883 ῥευσάντων.

596 4383 763 4438 Vens.
795 4350 889 4432 ΞΟ.
930 4392 948 4425 ι
975 4368 1304 4425 Benedicent
1332 4361 1459 4416 mihi
1489 4356 1675 4414 bestiae
1700 4353 1836 4423 agri,
1868 4350 2091 4412 sirencs,

524 4489 578 4532 et
610 4475 733 4530 ﬁliae
760 4467 1123 4525 struthionum
1158 4478 1172 4516 :
1207 4457 1332 4528 quia
1367 4454 1488 4509 dedi
1532 4452 1588 4505 in
1625 4449 1841 4504 deserto
1875 4455 2094 4512 aquam,

528 4566 825 4624 etflumina
864 4563 915 4615 in
950 4560 1232 4624 inaquosa,
1266 4550 1332 4604 ad
1366 4543 1663 4617 potandum
1707 4552 1876 4610 genus
1922 4548 2095 4589 meum

526 4666 780 4719 electum.
812 4676 831 4710 ι
863 4653 1113 4709 Ell‘erataa
1143 4646 1359 4705 animm,
1392 4635 1626 4693 fluminis
1654 4634 1850 4687 virtute
1872 4639 2099 4682 conver-

535 4852 659 4904 ἵεται
686 4842 1010 4901 benedicant
1068 4836 1225 4891 mihi.

534 4948 661 5006 rint,
703 4938 975 5005 voluptate
1014 4942 1067 4983 et
1090 4921 1375 4983 diabolicis
1413 4913 1641 4973 canticis
1671 4909 1948 4963 hominum
1978 4901 2089 4953 ani-

533 5053 651 5093 mas
700 5029 1071 5089 demulcentes
1105 5061 1122 5087 ,
1186 5014 1413 5089 poeticis
1480 5003 1813 5062 carminibus
1871 4990 2099 5063 eleganti

534 5141 785 5186 sertnoue
810 5115 1184 5181 concinnatis;
1218 5110 1321 5187 illae
1362 5107 1524 5160 etiam
1559 5100 1854 5153 immutata:
1883 5085 2104 5145 benedi-

536 5230 661 5278 cent
724 5219 893 5275 mihi:
928 5215 1258 5280 insuperque
1318 5184 1456 5254 lilize
1518 5189 1922 5248 struthionum;
1993 5178 2107 5233 sive

542 5501 773 5565 degens;
816 5490 957 5561 quod
997 5498 1053 5544 et
1096 5488 1271 5556 ipsum
1327 5479 1395 5532 ad
1452 5478 1733 5529 mansnetu

540 5602 713 5650 ctum,
747 5584 873 5639 mihi
893 5583 1000 5636 Deo
1028 5578 1347 5635 benedicere
1370 5566 1679 5625 docebitur.
1708 5557 1909 5612 Horum
1935 5558 2112 5604 autem

529 5698 707 5739 causa
745 5679 848 5736 erit
876 5689 1015 5745 aqua
1044 5672 1158 5734 illa,
1187 5682 1350 5739 quam
1393 5664 1446 5717 in
1472 5662 1691 5714 deserto
1728 5649 1874 5714 dedi,
1901 5655 2111 5699 necnon

532 5774 823 5832 ﬂuminum
859 5768 914 5823 in
940 5761 1230 5821 solitudine
1256 5753 1587 5813 manantium
1615 5749 1699 5805 vis
1736 5753 1783 5802 et
1817 5739 1992 5811 copia.
