  <div class='ocr_page' id='page_1' title='image "/cluster/home/n/w/nwhite01/storage/ocr_20150623/24/hvd.32044073501801/208.png"; bbox 0 0 4072 6194; ppageno 0'>
   <div class='ocr_carea' id='block_1_1' title="bbox 339 267 439 321">
    <p class='ocr_par' dir='ltr' id='par_1_1' title="bbox 339 267 439 321">
     <span class='ocr_line' id='line_1_1' title="bbox 339 267 439 321; baseline 0.01 -1"><span class='ocrx_word' id='word_1_1' title='bbox 339 267 439 321; x_wconf 55' lang='lat' dir='ltr'><strong>IIII</strong></span> 
     </span>
    </p>
   </div>
   <div class='ocr_carea' id='block_1_2' title="bbox 1269 249 2698 317">
    <p class='ocr_par' dir='ltr' id='par_1_2' title="bbox 1269 249 2698 317">
     <span class='ocr_line' id='line_1_2' title="bbox 1269 249 2698 317; baseline -0.01 0"><span class='ocrx_word' id='word_1_2' title='bbox 1269 257 1774 317; x_wconf 65' lang='lat' dir='ltr'><strong>COMHENTARIE</strong></span> <span class='ocrx_word' id='word_1_3' title='bbox 1811 257 1879 312; x_wconf 85' lang='lat' dir='ltr'><strong>IN</strong></span> <span class='ocrx_word' id='word_1_4' title='bbox 1917 254 2173 313; x_wconf 70' lang='lat' dir='ltr'><strong>ISAIAM.</strong></span> <span class='ocrx_word' id='word_1_5' title='bbox 2211 285 2281 296; x_wconf 90' lang='lat'><strong>-——</strong></span> <span class='ocrx_word' id='word_1_6' title='bbox 2317 251 2472 308; x_wconf 73' lang='lat' dir='ltr'><strong>CAP.</strong></span> <span class='ocrx_word' id='word_1_7' title='bbox 2513 249 2698 304; x_wconf 77' lang='lat' dir='ltr'><strong>XLIV.</strong></span> 
     </span>
    </p>
   </div>
   <div class='ocr_carea' id='block_1_3' title="bbox 3484 238 3589 292">
    <p class='ocr_par' dir='ltr' id='par_1_3' title="bbox 3484 238 3589 292">
     <span class='ocr_line' id='line_1_3' title="bbox 3484 238 3589 292; baseline -0.019 0"><span class='ocrx_word' id='word_1_8' title='bbox 3484 238 3589 292; x_wconf 66' lang='lat'><strong>602</strong></span> 
     </span>
    </p>
   </div>
   <div class='ocr_carea' id='block_1_4' title="bbox 425 358 1934 457">
    <p class='ocr_par' dir='ltr' id='par_1_4' title="bbox 425 378 1925 457">
     <span class='ocr_line' id='line_1_4' title="bbox 425 378 1925 457; baseline -0.007 -17"><span class='ocrx_word' id='word_1_9' title='bbox 425 408 444 439; x_wconf 76' lang='grc' dir='ltr'><strong>ι</strong></span> <span class='ocrx_word' id='word_1_10' title='bbox 483 387 622 440; x_wconf 73' lang='grc' dir='ltr'>Λαόν</span> <span class='ocrx_word' id='word_1_11' title='bbox 655 403 751 457; x_wconf 85' lang='grc' dir='ltr'><strong>μου</strong></span> <span class='ocrx_word' id='word_1_12' title='bbox 772 385 828 438; x_wconf 81' lang='grc' dir='ltr'>ὃν</span> <span class='ocrx_word' id='word_1_13' title='bbox 849 382 1321 454; x_wconf 81' lang='grc' dir='ltr'>περιεποιησᾶμην</span> <span class='ocrx_word' id='word_1_14' title='bbox 1340 381 1440 444; x_wconf 80' lang='grc' dir='ltr'>τὰς</span> <span class='ocrx_word' id='word_1_15' title='bbox 1458 380 1657 453; x_wconf 81' lang='grc' dir='ltr'>ἀρετάς</span> <span class='ocrx_word' id='word_1_16' title='bbox 1686 397 1786 454; x_wconf 90' lang='grc' dir='ltr'><strong>μου</strong></span> <span class='ocrx_word' id='word_1_17' title='bbox 1812 378 1925 449; x_wconf 81' lang='grc' dir='ltr'>διή-</span> 
     </span>
    </p>
   </div>
   <div class='ocr_carea' id='block_1_5' title="bbox 2037 358 3588 457">
    <p class='ocr_par' dir='ltr' id='par_1_5' title="bbox 2101 358 3588 437">
     <span class='ocr_line' id='line_1_5' title="bbox 2101 358 3588 437; baseline -0.013 -7"><span class='ocrx_word' id='word_1_18' title='bbox 2101 375 2260 430; x_wconf 76' lang='lat' dir='ltr'><strong>Vsas.</strong></span> <span class='ocrx_word' id='word_1_19' title='bbox 2311 374 2403 437; x_wconf 70' lang='lat'><strong>2|,</strong></span> <span class='ocrx_word' id='word_1_20' title='bbox 2448 371 2539 425; x_wconf 71' lang='lat'><strong>2‘2.</strong></span> <span class='ocrx_word' id='word_1_21' title='bbox 2563 423 2568 429; x_wconf 75' lang='grc'><strong>,</strong></span> <span class='ocrx_word' id='word_1_22' title='bbox 2596 389 2613 420; x_wconf 80' lang='grc' dir='ltr'><strong>ι</strong></span> <span class='ocrx_word' id='word_1_23' title='bbox 2648 367 2904 437; x_wconf 82' lang='lat' dir='ltr'><strong>Populum</strong></span> <span class='ocrx_word' id='word_1_24' title='bbox 2939 378 3116 418; x_wconf 90' lang='lat' dir='ltr'><strong>meum</strong></span> <span class='ocrx_word' id='word_1_25' title='bbox 3139 375 3298 432; x_wconf 84' lang='lat' dir='ltr'><strong>quem</strong></span> <span class='ocrx_word' id='word_1_26' title='bbox 3329 358 3588 426; x_wconf 84' lang='lat' dir='ltr'><strong>acquisivi</strong></span> 
     </span>
    </p>
   </div>
   <div class='ocr_carea' id='block_1_6' title="bbox 345 471 1928 548">
    <p class='ocr_par' dir='ltr' id='par_1_6' title="bbox 345 471 1928 548">
     <span class='ocr_line' id='line_1_6' title="bbox 345 471 1928 548; baseline -0.006 -16"><span class='ocrx_word' id='word_1_27' title='bbox 345 479 576 548; x_wconf 80' lang='grc' dir='ltr'>γεῖσθαι</span> <span class='ocrx_word' id='word_1_28' title='bbox 599 495 613 508; x_wconf 87' lang='grc'><strong>·</strong></span> <span class='ocrx_word' id='word_1_29' title='bbox 643 479 701 531; x_wconf 72' lang='grc' dir='ltr'>οὗ</span> <span class='ocrx_word' id='word_1_30' title='bbox 744 475 832 530; x_wconf 90' lang='grc' dir='ltr'><strong>νῦν</strong></span> <span class='ocrx_word' id='word_1_31' title='bbox 863 475 1102 530; x_wconf 82' lang='grc' dir='ltr'>ἐκάλεσά</span> <span class='ocrx_word' id='word_1_32' title='bbox 1135 491 1216 537; x_wconf 91' lang='grc' dir='ltr'><strong>σε,</strong></span> <span class='ocrx_word' id='word_1_33' title='bbox 1259 473 1472 536; x_wconf 90' lang='grc' dir='ltr'>Ἰακὼϐ,</span> <span class='ocrx_word' id='word_1_34' title='bbox 1515 473 1635 527; x_wconf 84' lang='grc' dir='ltr'><strong>οὐδέ</strong></span> <span class='ocrx_word' id='word_1_35' title='bbox 1673 471 1928 526; x_wconf 83' lang='grc' dir='ltr'>κοπιάσαι</span> 
     </span>
    </p>
   </div>
   <div class='ocr_carea' id='block_1_7' title="bbox 353 564 1930 641">
    <p class='ocr_par' dir='ltr' id='par_1_7' title="bbox 353 564 1930 641">
     <span class='ocr_line' id='line_1_7' title="bbox 353 564 1930 641; baseline -0.005 -18"><span class='ocrx_word' id='word_1_36' title='bbox 353 589 419 624; x_wconf 88' lang='grc' dir='ltr'><strong>σε</strong></span> <span class='ocrx_word' id='word_1_37' title='bbox 449 572 696 641; x_wconf 73' lang='grc' dir='ltr'>ἐποίησα,</span> <span class='ocrx_word' id='word_1_38' title='bbox 730 567 958 641; x_wconf 82' lang='grc' dir='ltr'>Ἰσραήλ.</span> <span class='ocrx_word' id='word_1_39' title='bbox 986 586 1004 619; x_wconf 77' lang='grc' dir='ltr'><strong>ι</strong></span> <span class='ocrx_word' id='word_1_40' title='bbox 1030 567 1092 621; x_wconf 85' lang='lat' dir='ltr'><strong>El</strong></span> <span class='ocrx_word' id='word_1_41' title='bbox 1118 566 1215 638; x_wconf 83' lang='grc' dir='ltr'>μὲν</span> <span class='ocrx_word' id='word_1_42' title='bbox 1244 565 1350 638; x_wconf 85' lang='grc' dir='ltr'>γὰρ</span> <span class='ocrx_word' id='word_1_43' title='bbox 1381 565 1544 636; x_wconf 83' lang='grc' dir='ltr'>θῆρες</span> <span class='ocrx_word' id='word_1_44' title='bbox 1561 566 1611 618; x_wconf 82' lang='lat' dir='ltr'><strong>oi</strong></span> <span class='ocrx_word' id='word_1_45' title='bbox 1634 565 1812 635; x_wconf 81' lang='grc' dir='ltr'><strong>ἄγριοι</strong></span> <span class='ocrx_word' id='word_1_46' title='bbox 1837 564 1930 616; x_wconf 77' lang='grc' dir='ltr'><strong>καὶ</strong></span> 
     </span>
    </p>
   </div>
   <div class='ocr_carea' id='block_1_8' title="bbox 362 656 1928 735">
    <p class='ocr_par' dir='ltr' id='par_1_8' title="bbox 362 656 1928 735">
     <span class='ocr_line' id='line_1_8' title="bbox 362 656 1928 735; baseline -0.006 -19"><span class='ocrx_word' id='word_1_47' title='bbox 362 682 446 717; x_wconf 84' lang='grc' dir='ltr'><strong>σει</strong></span> <span class='ocrx_word' id='word_1_48' title='bbox 458 664 609 735; x_wconf 73' lang='grc' dir='ltr'>ρῆνες</span> <span class='ocrx_word' id='word_1_49' title='bbox 634 660 719 714; x_wconf 71' lang='grc' dir='ltr'>καὶ</span> <span class='ocrx_word' id='word_1_50' title='bbox 750 663 804 714; x_wconf 75' lang='grc' dir='ltr'>αἱ</span> <span class='ocrx_word' id='word_1_51' title='bbox 838 659 1139 731; x_wconf 78' lang='grc' dir='ltr'><strong>θυγατέρες</strong></span> <span class='ocrx_word' id='word_1_52' title='bbox 1164 658 1274 712; x_wconf 83' lang='grc' dir='ltr'><strong>τῶν</strong></span> <span class='ocrx_word' id='word_1_53' title='bbox 1309 656 1583 730; x_wconf 81' lang='grc' dir='ltr'>στρουθῶν</span> <span class='ocrx_word' id='word_1_54' title='bbox 1605 657 1928 727; x_wconf 86' lang='grc' dir='ltr'>εὐλογήσου-</span> 
     </span>
    </p>
   </div>
   <div class='ocr_carea' id='block_1_9' title="bbox 369 747 1928 826">
    <p class='ocr_par' dir='ltr' id='par_1_9' title="bbox 369 747 1928 826">
     <span class='ocr_line' id='line_1_9' title="bbox 369 747 1928 826; baseline -0.004 -19"><span class='ocrx_word' id='word_1_55' title='bbox 369 756 424 807; x_wconf 90' lang='grc' dir='ltr'><strong>σί</strong></span> <span class='ocrx_word' id='word_1_56' title='bbox 462 772 524 826; x_wconf 89' lang='grc' dir='ltr'><strong>με</strong></span> <span class='ocrx_word' id='word_1_57' title='bbox 547 773 559 784; x_wconf 91' lang='grc'><strong>·</strong></span> <span class='ocrx_word' id='word_1_58' title='bbox 587 755 645 807; x_wconf 78' lang='grc' dir='ltr'><strong>σὺ</strong></span> <span class='ocrx_word' id='word_1_59' title='bbox 664 752 738 817; x_wconf 79' lang='grc' dir='ltr'><strong>δὲ,</strong></span> <span class='ocrx_word' id='word_1_60' title='bbox 780 751 995 816; x_wconf 87' lang='grc' dir='ltr'>Ἰακὼϐ,</span> <span class='ocrx_word' id='word_1_61' title='bbox 1032 753 1183 805; x_wconf 77' lang='grc' dir='ltr'>οὐδὲν</span> <span class='ocrx_word' id='word_1_62' title='bbox 1214 751 1452 804; x_wconf 90' lang='grc' dir='ltr'>τοιοῦτον</span> <span class='ocrx_word' id='word_1_63' title='bbox 1483 749 1780 821; x_wconf 83' lang='grc' dir='ltr'><strong>διεπράξω·</strong></span> <span class='ocrx_word' id='word_1_64' title='bbox 1815 747 1928 803; x_wconf 87' lang='grc' dir='ltr'>ἀλλ’</span> 
     </span>
    </p>
   </div>
   <div class='ocr_carea' id='block_1_10' title="bbox 367 841 1930 916">
    <p class='ocr_par' dir='ltr' id='par_1_10' title="bbox 367 841 1930 916">
     <span class='ocr_line' id='line_1_10' title="bbox 367 841 1930 916; baseline -0.004 -16"><span class='ocrx_word' id='word_1_65' title='bbox 367 848 484 900; x_wconf 74' lang='grc' dir='ltr'>οὐδὲ</span> <span class='ocrx_word' id='word_1_66' title='bbox 511 847 734 915; x_wconf 73' lang='grc' dir='ltr'>ἠξίωσας</span> <span class='ocrx_word' id='word_1_67' title='bbox 760 845 862 916; x_wconf 81' lang='grc' dir='ltr'><strong>ἐμὲ</strong></span> <span class='ocrx_word' id='word_1_68' title='bbox 889 844 1283 907; x_wconf 88' lang='grc' dir='ltr'>ἐπικαλεῖσθαι,</span> <span class='ocrx_word' id='word_1_69' title='bbox 1314 862 1332 894; x_wconf 75' lang='grc' dir='ltr'><strong>ι</strong></span> <span class='ocrx_word' id='word_1_70' title='bbox 1355 841 1650 913; x_wconf 86' lang='grc' dir='ltr'>ἐκοπιάθης</span> <span class='ocrx_word' id='word_1_71' title='bbox 1675 862 1692 893; x_wconf 76' lang='grc' dir='ltr'><strong>ι</strong></span> <span class='ocrx_word' id='word_1_72' title='bbox 1721 843 1777 896; x_wconf 85' lang='grc' dir='ltr'><strong>δὲ</strong></span> <span class='ocrx_word' id='word_1_73' title='bbox 1806 861 1823 894; x_wconf 78' lang='grc' dir='ltr'><strong>ι</strong></span> <span class='ocrx_word' id='word_1_74' title='bbox 1851 844 1930 905; x_wconf 85' lang='grc' dir='ltr'><strong>είς</strong></span> 
     </span>
    </p>
   </div>
   <div class='ocr_carea' id='block_1_11' title="bbox 369 935 1927 1010">
    <p class='ocr_par' dir='ltr' id='par_1_11' title="bbox 369 935 1927 1010">
     <span class='ocr_line' id='line_1_11' title="bbox 369 935 1927 1010; baseline -0.001 -18"><span class='ocrx_word' id='word_1_75' title='bbox 369 940 479 1008; x_wconf 77' lang='grc' dir='ltr'>ἐμὲ,</span> <span class='ocrx_word' id='word_1_76' title='bbox 502 959 519 988; x_wconf 70' lang='grc' dir='ltr'><strong>ι</strong></span> <span class='ocrx_word' id='word_1_77' title='bbox 547 938 684 992; x_wconf 77' lang='grc' dir='ltr'><strong>κατά</strong></span> <span class='ocrx_word' id='word_1_78' title='bbox 729 940 822 992; x_wconf 85' lang='grc' dir='ltr'><strong>τὸν</strong></span> <span class='ocrx_word' id='word_1_79' title='bbox 851 938 1168 1010; x_wconf 77' lang='grc' dir='ltr'><strong>Σύμμαχον,</strong></span> <span class='ocrx_word' id='word_1_80' title='bbox 1197 936 1374 991; x_wconf 82' lang='grc' dir='ltr'>καίτοι</span> <span class='ocrx_word' id='word_1_81' title='bbox 1403 935 1536 1006; x_wconf 98' lang='grc' dir='ltr'>ἐμοῦ</span> <span class='ocrx_word' id='word_1_82' title='bbox 1565 937 1639 1008; x_wconf 81' lang='grc' dir='ltr'>μὴ</span> <span class='ocrx_word' id='word_1_83' title='bbox 1667 937 1927 1008; x_wconf 87' lang='grc' dir='ltr'>ποιήσαν-</span> 
     </span>
    </p>
   </div>
   <div class='ocr_carea' id='block_1_12' title="bbox 366 1029 843 1092">
    <p class='ocr_par' dir='ltr' id='par_1_12' title="bbox 366 1029 843 1092">
     <span class='ocr_line' id='line_1_12' title="bbox 366 1029 843 1092; baseline 0.004 -12"><span class='ocrx_word' id='word_1_84' title='bbox 366 1029 450 1092; x_wconf 80' lang='grc' dir='ltr'>τός</span> <span class='ocrx_word' id='word_1_85' title='bbox 477 1046 534 1081; x_wconf 88' lang='grc' dir='ltr'><strong>σε</strong></span> <span class='ocrx_word' id='word_1_86' title='bbox 560 1029 843 1082; x_wconf 80' lang='grc' dir='ltr'>κοπιάσαι.</span> 
     </span>
    </p>
   </div>
   <div class='ocr_carea' id='block_1_13' title="bbox 426 1204 1930 1280">
    <p class='ocr_par' dir='ltr' id='par_1_13' title="bbox 426 1204 1930 1280">
     <span class='ocr_line' id='line_1_13' title="bbox 426 1204 1930 1280; baseline -0.003 -19"><span class='ocrx_word' id='word_1_87' title='bbox 426 1223 446 1258; x_wconf 72' lang='grc' dir='ltr'><strong>ι</strong></span> <span class='ocrx_word' id='word_1_88' title='bbox 478 1208 590 1261; x_wconf 76' lang='grc' dir='ltr'>Οὐκ</span> <span class='ocrx_word' id='word_1_89' title='bbox 606 1209 846 1278; x_wconf 77' lang='grc' dir='ltr'>ήνεγκάς</span> <span class='ocrx_word' id='word_1_90' title='bbox 872 1225 960 1278; x_wconf 92' lang='grc' dir='ltr'><strong>μοι</strong></span> <span class='ocrx_word' id='word_1_91' title='bbox 991 1207 1238 1280; x_wconf 83' lang='grc' dir='ltr'>πρόϐατά</span> <span class='ocrx_word' id='word_1_92' title='bbox 1259 1224 1352 1261; x_wconf 90' lang='grc' dir='ltr'><strong>σου</strong></span> <span class='ocrx_word' id='word_1_93' title='bbox 1381 1207 1482 1277; x_wconf 81' lang='grc' dir='ltr'>τῆς</span> <span class='ocrx_word' id='word_1_94' title='bbox 1505 1204 1930 1276; x_wconf 81' lang='grc' dir='ltr'>ὀλοκαρπώσεὼς</span> 
     </span>
    </p>
   </div>
   <div class='ocr_carea' id='block_1_14' title="bbox 353 1298 1928 1370">
    <p class='ocr_par' dir='ltr' id='par_1_14' title="bbox 353 1298 1928 1370">
     <span class='ocr_line' id='line_1_14' title="bbox 353 1298 1928 1370; baseline -0.001 -18"><span class='ocrx_word' id='word_1_95' title='bbox 353 1316 467 1363; x_wconf 88' lang='grc' dir='ltr'>σου,</span> <span class='ocrx_word' id='word_1_96' title='bbox 489 1300 611 1353; x_wconf 79' lang='grc' dir='ltr'>οὐδὲ</span> <span class='ocrx_word' id='word_1_97' title='bbox 635 1302 692 1353; x_wconf 79' lang='grc' dir='ltr'><strong>ἐν</strong></span> <span class='ocrx_word' id='word_1_98' title='bbox 712 1304 832 1364; x_wconf 84' lang='grc' dir='ltr'>ταῖς</span> <span class='ocrx_word' id='word_1_99' title='bbox 863 1301 1071 1365; x_wconf 86' lang='grc' dir='ltr'>θυσίαις</span> <span class='ocrx_word' id='word_1_100' title='bbox 1097 1319 1189 1354; x_wconf 85' lang='grc' dir='ltr'><strong>σου</strong></span> <span class='ocrx_word' id='word_1_101' title='bbox 1217 1301 1471 1368; x_wconf 82' lang='grc' dir='ltr'>ἐδόξασάς</span> <span class='ocrx_word' id='word_1_102' title='bbox 1502 1317 1568 1370; x_wconf 87' lang='grc' dir='ltr'><strong>με</strong></span> <span class='ocrx_word' id='word_1_103' title='bbox 1588 1317 1602 1330; x_wconf 87' lang='grc'><strong>·</strong></span> <span class='ocrx_word' id='word_1_104' title='bbox 1642 1300 1740 1352; x_wconf 82' lang='grc' dir='ltr'>οὐκ</span> <span class='ocrx_word' id='word_1_105' title='bbox 1779 1298 1928 1352; x_wconf 78' lang='grc' dir='ltr'>ἐδού-</span> 
     </span>
    </p>
   </div>
   <div class='ocr_carea' id='block_1_15' title="bbox 350 1389 1930 1462">
    <p class='ocr_par' dir='ltr' id='par_1_15' title="bbox 350 1389 1930 1462">
     <span class='ocr_line' id='line_1_15' title="bbox 350 1389 1930 1462; baseline 0 -19"><span class='ocrx_word' id='word_1_106' title='bbox 350 1389 498 1444; x_wconf 79' lang='grc' dir='ltr'>λωσα</span> <span class='ocrx_word' id='word_1_107' title='bbox 531 1409 591 1443; x_wconf 85' lang='grc' dir='ltr'><strong>σε</strong></span> <span class='ocrx_word' id='word_1_108' title='bbox 624 1393 682 1444; x_wconf 84' lang='grc' dir='ltr'><strong>ἐν</strong></span> <span class='ocrx_word' id='word_1_109' title='bbox 705 1391 936 1458; x_wconf 77' lang='grc' dir='ltr'><strong>θυσίαις,</strong></span> <span class='ocrx_word' id='word_1_110' title='bbox 967 1393 1086 1446; x_wconf 75' lang='grc' dir='ltr'><strong>οὑδέ</strong></span> <span class='ocrx_word' id='word_1_111' title='bbox 1109 1393 1342 1462; x_wconf 81' lang='grc' dir='ltr'>ἐγκοπον</span> <span class='ocrx_word' id='word_1_112' title='bbox 1373 1392 1603 1462; x_wconf 81' lang='grc' dir='ltr'>ἐποίησά</span> <span class='ocrx_word' id='word_1_113' title='bbox 1625 1409 1684 1452; x_wconf 81' lang='grc' dir='ltr'><strong>σε</strong></span> <span class='ocrx_word' id='word_1_114' title='bbox 1707 1392 1764 1445; x_wconf 89' lang='grc' dir='ltr'><strong>ἐν</strong></span> <span class='ocrx_word' id='word_1_115' title='bbox 1786 1389 1930 1443; x_wconf 83' lang='grc' dir='ltr'>λιϐά-</span> 
     </span>
    </p>
   </div>
   <div class='ocr_carea' id='block_1_16' title="bbox 354 1481 1930 1556">
    <p class='ocr_par' dir='ltr' id='par_1_16' title="bbox 354 1481 1930 1556">
     <span class='ocr_line' id='line_1_16' title="bbox 354 1481 1930 1556; baseline -0.001 -23"><span class='ocrx_word' id='word_1_116' title='bbox 354 1499 446 1552; x_wconf 80' lang='grc' dir='ltr'><strong>νῳ.</strong></span> <span class='ocrx_word' id='word_1_117' title='bbox 475 1502 494 1534; x_wconf 70' lang='grc' dir='ltr'><strong>ι</strong></span> <span class='ocrx_word' id='word_1_118' title='bbox 535 1484 728 1546; x_wconf 84' lang='grc' dir='ltr'>Ὅπως</span> <span class='ocrx_word' id='word_1_119' title='bbox 756 1483 850 1537; x_wconf 76' lang='grc' dir='ltr'><strong>καὶ</strong></span> <span class='ocrx_word' id='word_1_120' title='bbox 879 1485 936 1536; x_wconf 86' lang='grc' dir='ltr'><strong>ἐν</strong></span> <span class='ocrx_word' id='word_1_121' title='bbox 957 1487 1068 1548; x_wconf 84' lang='grc' dir='ltr'>τοῖς</span> <span class='ocrx_word' id='word_1_122' title='bbox 1097 1484 1473 1556; x_wconf 81' lang='grc' dir='ltr'><strong>προκειμένοις</strong></span> <span class='ocrx_word' id='word_1_123' title='bbox 1501 1485 1564 1554; x_wconf 84' lang='grc' dir='ltr'>τῇ</span> <span class='ocrx_word' id='word_1_124' title='bbox 1589 1482 1801 1554; x_wconf 79' lang='grc' dir='ltr'>ἐρήμῳ,</span> <span class='ocrx_word' id='word_1_125' title='bbox 1837 1481 1930 1534; x_wconf 71' lang='grc' dir='ltr'>καὶ</span> 
     </span>
    </p>
   </div>
   <div class='ocr_carea' id='block_1_17' title="bbox 353 1574 1924 1646">
    <p class='ocr_par' dir='ltr' id='par_1_17' title="bbox 353 1574 1924 1646">
     <span class='ocr_line' id='line_1_17' title="bbox 353 1574 1924 1646; baseline 0.001 -21"><span class='ocrx_word' id='word_1_126' title='bbox 353 1576 465 1637; x_wconf 82' lang='grc' dir='ltr'>τοῖς</span> <span class='ocrx_word' id='word_1_127' title='bbox 491 1575 549 1626; x_wconf 89' lang='grc' dir='ltr'><strong>ἐν</strong></span> <span class='ocrx_word' id='word_1_128' title='bbox 581 1575 717 1644; x_wconf 68' lang='grc' dir='ltr'>αὐτῇ</span> <span class='ocrx_word' id='word_1_129' title='bbox 744 1575 953 1646; x_wconf 82' lang='grc' dir='ltr'>θηρίοις</span> <span class='ocrx_word' id='word_1_130' title='bbox 977 1575 1194 1644; x_wconf 80' lang='grc' dir='ltr'><strong>ἀγαθῶν</strong></span> <span class='ocrx_word' id='word_1_131' title='bbox 1236 1575 1456 1638; x_wconf 79' lang='grc' dir='ltr'><strong>ἐλπίδας</strong></span> <span class='ocrx_word' id='word_1_132' title='bbox 1484 1574 1888 1643; x_wconf 79' lang='grc' dir='ltr'>εὐαγγελίζεται</span> <span class='ocrx_word' id='word_1_133' title='bbox 1910 1589 1924 1603; x_wconf 73' lang='grc'><strong><em>⁸</em></strong></span> 
     </span>
    </p>
   </div>
   <div class='ocr_carea' id='block_1_18' title="bbox 354 1667 1925 1741">
    <p class='ocr_par' dir='ltr' id='par_1_18' title="bbox 354 1667 1925 1741">
     <span class='ocr_line' id='line_1_18' title="bbox 354 1667 1925 1741; baseline -0.001 -18"><span class='ocrx_word' id='word_1_134' title='bbox 354 1668 440 1723; x_wconf 63' lang='grc' dir='ltr'><strong>τὸν</strong></span> <span class='ocrx_word' id='word_1_135' title='bbox 470 1667 526 1720; x_wconf 83' lang='grc' dir='ltr'>δὲ</span> <span class='ocrx_word' id='word_1_136' title='bbox 554 1667 684 1721; x_wconf 80' lang='grc' dir='ltr'>λαὸν</span> <span class='ocrx_word' id='word_1_137' title='bbox 705 1669 794 1721; x_wconf 77' lang='grc' dir='ltr'><strong>τὸν</strong></span> <span class='ocrx_word' id='word_1_138' title='bbox 825 1671 888 1722; x_wconf 86' lang='grc' dir='ltr'><strong>ἐκ</strong></span> <span class='ocrx_word' id='word_1_139' title='bbox 921 1671 1217 1741; x_wconf 82' lang='grc' dir='ltr'>περιτομῆς</span> <span class='ocrx_word' id='word_1_140' title='bbox 1255 1672 1343 1724; x_wconf 81' lang='grc' dir='ltr'>ἐπ’</span> <span class='ocrx_word' id='word_1_141' title='bbox 1375 1668 1650 1732; x_wconf 85' lang='grc' dir='ltr'>ἀσεϐείαις</span> <span class='ocrx_word' id='word_1_142' title='bbox 1694 1668 1925 1738; x_wconf 77' lang='grc' dir='ltr'>ἐλέγχει,</span> 
     </span>
    </p>
   </div>
   <div class='ocr_carea' id='block_1_19' title="bbox 352 1760 1925 1833">
    <p class='ocr_par' dir='ltr' id='par_1_19' title="bbox 352 1760 1925 1833">
     <span class='ocr_line' id='line_1_19' title="bbox 352 1760 1925 1833; baseline -0.002 -19"><span class='ocrx_word' id='word_1_143' title='bbox 352 1763 412 1815; x_wconf 79' lang='grc' dir='ltr'><strong>δν</strong></span> <span class='ocrx_word' id='word_1_144' title='bbox 439 1763 532 1816; x_wconf 78' lang='grc' dir='ltr'>καὶ</span> <span class='ocrx_word' id='word_1_145' title='bbox 565 1760 761 1816; x_wconf 80' lang='grc' dir='ltr'>Ἰακὼϐ</span> <span class='ocrx_word' id='word_1_146' title='bbox 819 1761 976 1815; x_wconf 87' lang='grc' dir='ltr'><strong>καλεῖ</strong></span> <span class='ocrx_word' id='word_1_147' title='bbox 1000 1761 1092 1814; x_wconf 90' lang='grc' dir='ltr'><strong>νῦν</strong></span> <span class='ocrx_word' id='word_1_148' title='bbox 1137 1763 1229 1816; x_wconf 55' lang='grc' dir='ltr'><strong>καὶ⁹</strong></span> <span class='ocrx_word' id='word_1_149' title='bbox 1264 1761 1510 1833; x_wconf 85' lang='grc' dir='ltr'>Ἰσραήλ·</span> <span class='ocrx_word' id='word_1_150' title='bbox 1541 1760 1712 1824; x_wconf 73' lang='grc' dir='ltr'>οὕτως</span> <span class='ocrx_word' id='word_1_151' title='bbox 1743 1760 1925 1825; x_wconf 79' lang='grc' dir='ltr'>ἁπλῶς</span> 
     </span>
    </p>
   </div>
   <div class='ocr_carea' id='block_1_20' title="bbox 358 1848 1929 1923">
    <p class='ocr_par' dir='ltr' id='par_1_20' title="bbox 358 1848 1929 1923">
     <span class='ocr_line' id='line_1_20' title="bbox 358 1848 1929 1923; baseline -0.002 -18"><span class='ocrx_word' id='word_1_152' title='bbox 358 1851 538 1922; x_wconf 68' lang='grc' dir='ltr'>ξηροῖς</span> <span class='ocrx_word' id='word_1_153' title='bbox 557 1852 812 1923; x_wconf 81' lang='grc' dir='ltr'>ὀνόμασιν</span> <span class='ocrx_word' id='word_1_154' title='bbox 843 1848 966 1906; x_wconf 69' lang='grc' dir='ltr'>οὔτε</span> <span class='ocrx_word' id='word_1_155' title='bbox 996 1852 1177 1907; x_wconf 90' lang='grc' dir='ltr'>δοῦλον</span> <span class='ocrx_word' id='word_1_156' title='bbox 1201 1851 1385 1916; x_wconf 77' lang='grc' dir='ltr'>αὑτοῦ,</span> <span class='ocrx_word' id='word_1_157' title='bbox 1419 1849 1541 1904; x_wconf 74' lang='grc' dir='ltr'>οὔτε</span> <span class='ocrx_word' id='word_1_158' title='bbox 1574 1851 1826 1905; x_wconf 80' lang='grc' dir='ltr'>ἐκλεκτὸν</span> <span class='ocrx_word' id='word_1_159' title='bbox 1854 1853 1929 1903; x_wconf 80' lang='grc' dir='ltr'>εί-</span> 
     </span>
    </p>
   </div>
   <div class='ocr_carea' id='block_1_21' title="bbox 353 1941 1733 2015">
    <p class='ocr_par' dir='ltr' id='par_1_21' title="bbox 353 1941 1733 2015">
     <span class='ocr_line' id='line_1_21' title="bbox 353 1941 1733 2015; baseline -0.001 -20"><span class='ocrx_word' id='word_1_160' title='bbox 353 1941 491 2009; x_wconf 81' lang='grc' dir='ltr'>πὼν,</span> <span class='ocrx_word' id='word_1_161' title='bbox 519 1944 655 2015; x_wconf 81' lang='grc' dir='ltr'>ὅπερ</span> <span class='ocrx_word' id='word_1_162' title='bbox 677 1943 849 1997; x_wconf 87' lang='grc' dir='ltr'>ἐποίει</span> <span class='ocrx_word' id='word_1_163' title='bbox 875 1943 970 1998; x_wconf 81' lang='grc' dir='ltr'>ἐπὶ</span> <span class='ocrx_word' id='word_1_164' title='bbox 997 1942 1088 1997; x_wconf 93' lang='grc' dir='ltr'><strong>τοῦ</strong></span> <span class='ocrx_word' id='word_1_165' title='bbox 1111 1943 1416 2014; x_wconf 89' lang='grc' dir='ltr'>κρείττονος</span> <span class='ocrx_word' id='word_1_166' title='bbox 1438 1942 1733 2013; x_wconf 80' lang='grc' dir='ltr'>τάγματος.</span> 
     </span>
    </p>
   </div>
   <div class='ocr_carea' id='block_1_22' title="bbox 431 2145 1930 2219">
    <p class='ocr_par' dir='ltr' id='par_1_22' title="bbox 431 2145 1930 2219">
     <span class='ocr_line' id='line_1_22' title="bbox 431 2145 1930 2219; baseline 0.001 -21"><span class='ocrx_word' id='word_1_167' title='bbox 431 2147 609 2201; x_wconf 73' lang='grc' dir='ltr'>σοῦδέ</span> <span class='ocrx_word' id='word_1_168' title='bbox 660 2147 875 2218; x_wconf 81' lang='grc' dir='ltr'>ἐκτήσω</span> <span class='ocrx_word' id='word_1_169' title='bbox 930 2165 1016 2219; x_wconf 88' lang='grc' dir='ltr'><strong>μοι</strong></span> <span class='ocrx_word' id='word_1_170' title='bbox 1061 2146 1324 2219; x_wconf 85' lang='grc' dir='ltr'>ἀργυρίου</span> <span class='ocrx_word' id='word_1_171' title='bbox 1372 2145 1640 2217; x_wconf 88' lang='grc' dir='ltr'>θυμίαμα,</span> <span class='ocrx_word' id='word_1_172' title='bbox 1697 2146 1816 2199; x_wconf 72' lang='grc' dir='ltr'>οὐδὲ</span> <span class='ocrx_word' id='word_1_173' title='bbox 1870 2146 1930 2199; x_wconf 85' lang='grc' dir='ltr'><strong>τὸ</strong></span> 
     </span>
    </p>
   </div>
   <div class='ocr_carea' id='block_1_23' title="bbox 357 2237 1931 2312">
    <p class='ocr_par' dir='ltr' id='par_1_23' title="bbox 357 2237 1931 2312">
     <span class='ocr_line' id='line_1_23' title="bbox 357 2237 1931 2312; baseline 0 -20"><span class='ocrx_word' id='word_1_174' title='bbox 357 2240 522 2312; x_wconf 84' lang='grc' dir='ltr'>στέαρ</span> <span class='ocrx_word' id='word_1_175' title='bbox 555 2241 664 2293; x_wconf 86' lang='grc' dir='ltr'>τῶν</span> <span class='ocrx_word' id='word_1_176' title='bbox 703 2240 902 2293; x_wconf 85' lang='grc' dir='ltr'>θυσιῶν</span> <span class='ocrx_word' id='word_1_177' title='bbox 933 2257 1025 2293; x_wconf 87' lang='grc' dir='ltr'><strong>σου</strong></span> <span class='ocrx_word' id='word_1_178' title='bbox 1059 2239 1379 2310; x_wconf 82' lang='grc' dir='ltr'>ἐπεθύμησα</span> <span class='ocrx_word' id='word_1_179' title='bbox 1402 2255 1413 2268; x_wconf 76' lang='grc'><strong><em>⁸</em></strong></span> <span class='ocrx_word' id='word_1_180' title='bbox 1453 2237 1588 2291; x_wconf 83' lang='grc' dir='ltr'>ἀλλὰ</span> <span class='ocrx_word' id='word_1_181' title='bbox 1617 2241 1674 2292; x_wconf 89' lang='grc' dir='ltr'><strong>ἐν</strong></span> <span class='ocrx_word' id='word_1_182' title='bbox 1706 2240 1826 2303; x_wconf 78' lang='grc' dir='ltr'>ταίς</span> <span class='ocrx_word' id='word_1_183' title='bbox 1869 2240 1931 2292; x_wconf 86' lang='grc' dir='ltr'><strong>ἀ·-</strong></span> 
     </span>
    </p>
   </div>
   <div class='ocr_carea' id='block_1_24' title="bbox 358 2331 1928 2408">
    <p class='ocr_par' dir='ltr' id='par_1_24' title="bbox 358 2331 1928 2408">
     <span class='ocr_line' id='line_1_24' title="bbox 358 2331 1928 2408; baseline -0.001 -23"><span class='ocrx_word' id='word_1_184' title='bbox 358 2333 617 2404; x_wconf 87' lang='grc' dir='ltr'>μαρτίαις</span> <span class='ocrx_word' id='word_1_185' title='bbox 647 2350 740 2385; x_wconf 89' lang='grc' dir='ltr'><strong>σου</strong></span> <span class='ocrx_word' id='word_1_186' title='bbox 767 2333 1036 2408; x_wconf 78' lang='grc' dir='ltr'>προέστης</span> <span class='ocrx_word' id='word_1_187' title='bbox 1056 2350 1177 2403; x_wconf 90' lang='grc' dir='ltr'>μου,</span> <span class='ocrx_word' id='word_1_188' title='bbox 1201 2331 1297 2386; x_wconf 74' lang='grc' dir='ltr'><strong>καὶ</strong></span> <span class='ocrx_word' id='word_1_189' title='bbox 1329 2333 1385 2386; x_wconf 86' lang='grc' dir='ltr'><strong>ἐν</strong></span> <span class='ocrx_word' id='word_1_190' title='bbox 1413 2335 1532 2395; x_wconf 84' lang='grc' dir='ltr'>ταῖς</span> <span class='ocrx_word' id='word_1_191' title='bbox 1560 2331 1790 2393; x_wconf 84' lang='grc' dir='ltr'>ἀδικίαις</span> <span class='ocrx_word' id='word_1_192' title='bbox 1815 2348 1928 2384; x_wconf 87' lang='grc' dir='ltr'>σου.</span> 
     </span>
    </p>
   </div>
   <div class='ocr_carea' id='block_1_25' title="bbox 369 2423 1930 2496">
    <p class='ocr_par' dir='ltr' id='par_1_25' title="bbox 369 2423 1930 2496">
     <span class='ocr_line' id='line_1_25' title="bbox 369 2423 1930 2496; baseline 0.001 -20"><span class='ocrx_word' id='word_1_193' title='bbox 369 2423 510 2492; x_wconf 82' lang='grc' dir='ltr'>Ἐγὼ</span> <span class='ocrx_word' id='word_1_194' title='bbox 544 2426 677 2494; x_wconf 82' lang='grc' dir='ltr'>είμι,</span> <span class='ocrx_word' id='word_1_195' title='bbox 712 2423 822 2493; x_wconf 82' lang='grc' dir='ltr'><strong>ἐγὼ</strong></span> <span class='ocrx_word' id='word_1_196' title='bbox 853 2427 987 2496; x_wconf 80' lang='grc' dir='ltr'>εἰμι,</span> <span class='ocrx_word' id='word_1_197' title='bbox 1040 2426 1068 2477; x_wconf 97' lang='lat'><strong>6</strong></span> <span class='ocrx_word' id='word_1_198' title='bbox 1097 2423 1392 2492; x_wconf 83' lang='grc' dir='ltr'>ἐξαλείφων</span> <span class='ocrx_word' id='word_1_199' title='bbox 1427 2423 1524 2487; x_wconf 82' lang='grc' dir='ltr'>τὰς</span> <span class='ocrx_word' id='word_1_200' title='bbox 1579 2425 1806 2495; x_wconf 86' lang='grc' dir='ltr'>ἀνομίας</span> <span class='ocrx_word' id='word_1_201' title='bbox 1840 2442 1930 2478; x_wconf 81' lang='grc' dir='ltr'><strong>σου</strong></span> 
     </span>
    </p>
   </div>
   <div class='ocr_carea' id='block_1_26' title="bbox 355 2515 1932 2590">
    <p class='ocr_par' dir='ltr' id='par_1_26' title="bbox 355 2515 1932 2590">
     <span class='ocr_line' id='line_1_26' title="bbox 355 2515 1932 2590; baseline 0.004 -23"><span class='ocrx_word' id='word_1_202' title='bbox 355 2515 540 2568; x_wconf 71' lang='grc' dir='ltr'>ἕνεκεν</span> <span class='ocrx_word' id='word_1_203' title='bbox 575 2517 731 2587; x_wconf 82' lang='grc' dir='ltr'>ἐμοῦ,</span> <span class='ocrx_word' id='word_1_204' title='bbox 765 2516 860 2570; x_wconf 81' lang='grc' dir='ltr'><strong>καὶ</strong></span> <span class='ocrx_word' id='word_1_205' title='bbox 885 2517 982 2580; x_wconf 75' lang='grc' dir='ltr'><strong>τὰς</strong></span> <span class='ocrx_word' id='word_1_206' title='bbox 1014 2516 1286 2590; x_wconf 85' lang='grc' dir='ltr'>ἁμαρτίας</span> <span class='ocrx_word' id='word_1_207' title='bbox 1315 2534 1429 2577; x_wconf 80' lang='grc' dir='ltr'>σου,</span> <span class='ocrx_word' id='word_1_208' title='bbox 1459 2517 1553 2571; x_wconf 76' lang='grc' dir='ltr'><strong>καὶ</strong></span> <span class='ocrx_word' id='word_1_209' title='bbox 1586 2517 1646 2570; x_wconf 80' lang='grc' dir='ltr'><strong>οὐ</strong></span> <span class='ocrx_word' id='word_1_210' title='bbox 1685 2517 1756 2588; x_wconf 82' lang='grc' dir='ltr'><strong>μὴ</strong></span> <span class='ocrx_word' id='word_1_211' title='bbox 1797 2535 1932 2587; x_wconf 84' lang='grc' dir='ltr'>μνη-</span> 
     </span>
    </p>
   </div>
   <div class='ocr_carea' id='block_1_27' title="bbox 359 2608 1933 2682">
    <p class='ocr_par' dir='ltr' id='par_1_27' title="bbox 359 2608 1933 2682">
     <span class='ocr_line' id='line_1_27' title="bbox 359 2608 1933 2682; baseline 0.001 -22"><span class='ocrx_word' id='word_1_212' title='bbox 359 2608 651 2679; x_wconf 83' lang='grc' dir='ltr'>σθήσομαι.</span> <span class='ocrx_word' id='word_1_213' title='bbox 685 2609 756 2661; x_wconf 77' lang='grc' dir='ltr'>Σὺ</span> <span class='ocrx_word' id='word_1_214' title='bbox 807 2609 865 2662; x_wconf 84' lang='grc' dir='ltr'><strong>δὲ</strong></span> <span class='ocrx_word' id='word_1_215' title='bbox 901 2609 1187 2682; x_wconf 85' lang='grc' dir='ltr'>μνήσθητι,</span> <span class='ocrx_word' id='word_1_216' title='bbox 1243 2610 1336 2663; x_wconf 78' lang='grc' dir='ltr'>καὶ</span> <span class='ocrx_word' id='word_1_217' title='bbox 1377 2608 1674 2681; x_wconf 86' lang='grc' dir='ltr'>κριθῶμεν.</span> <span class='ocrx_word' id='word_1_218' title='bbox 1707 2630 1726 2662; x_wconf 74' lang='grc' dir='ltr'><strong>ι</strong></span> <span class='ocrx_word' id='word_1_219' title='bbox 1778 2609 1933 2680; x_wconf 85' lang='grc' dir='ltr'>Καλὴ</span> 
     </span>
    </p>
   </div>
   <div class='ocr_carea' id='block_1_28' title="bbox 357 2698 1932 2773">
    <p class='ocr_par' dir='ltr' id='par_1_28' title="bbox 357 2698 1932 2773">
     <span class='ocr_line' id='line_1_28' title="bbox 357 2698 1932 2773; baseline 0.002 -23"><span class='ocrx_word' id='word_1_220' title='bbox 357 2698 466 2770; x_wconf 75' lang='grc' dir='ltr'><strong>γὰρ</strong></span> <span class='ocrx_word' id='word_1_221' title='bbox 493 2700 526 2768; x_wconf 75' lang='grc' dir='ltr'>ἡ</span> <span class='ocrx_word' id='word_1_222' title='bbox 563 2699 750 2770; x_wconf 80' lang='grc' dir='ltr'>μνήμη</span> <span class='ocrx_word' id='word_1_223' title='bbox 778 2699 886 2752; x_wconf 87' lang='grc' dir='ltr'><strong>τῶν</strong></span> <span class='ocrx_word' id='word_1_224' title='bbox 913 2700 1188 2772; x_wconf 80' lang='grc' dir='ltr'>προτέρων</span> <span class='ocrx_word' id='word_1_225' title='bbox 1217 2701 1630 2773; x_wconf 83' lang='grc' dir='ltr'>ἁμαρτημάτων</span> <span class='ocrx_word' id='word_1_226' title='bbox 1652 2701 1720 2754; x_wconf 87' lang='grc' dir='ltr'>δι’</span> <span class='ocrx_word' id='word_1_227' title='bbox 1746 2701 1932 2772; x_wconf 79' lang='grc' dir='ltr'>ἐξομο-</span> 
     </span>
    </p>
   </div>
   <div class='ocr_carea' id='block_1_29' title="bbox 357 2791 1932 2865">
    <p class='ocr_par' dir='ltr' id='par_1_29' title="bbox 357 2791 1932 2865">
     <span class='ocr_line' id='line_1_29' title="bbox 357 2791 1932 2865; baseline 0.003 -23"><span class='ocrx_word' id='word_1_228' title='bbox 357 2791 634 2860; x_wconf 84' lang='grc' dir='ltr'>λογήσεως</span> <span class='ocrx_word' id='word_1_229' title='bbox 682 2792 1123 2864; x_wconf 76' lang='grc' dir='ltr'>ἐξήγορευμένη·</span> <span class='ocrx_word' id='word_1_230' title='bbox 1166 2792 1246 2846; x_wconf 85' lang='grc' dir='ltr'><strong>διὸ</strong></span> <span class='ocrx_word' id='word_1_231' title='bbox 1309 2793 1595 2865; x_wconf 75' lang='grc' dir='ltr'>ἐπιφέρειο</span> <span class='ocrx_word' id='word_1_232' title='bbox 1653 2791 1820 2860; x_wconf 74' lang='grc' dir='ltr'>«Λέγε</span> <span class='ocrx_word' id='word_1_233' title='bbox 1869 2793 1932 2846; x_wconf 79' lang='grc' dir='ltr'><strong>σὺ</strong></span> 
     </span>
    </p>
   </div>
   <div class='ocr_carea' id='block_1_30' title="bbox 361 2883 1934 2957">
    <p class='ocr_par' dir='ltr' id='par_1_30' title="bbox 361 2883 1934 2957">
     <span class='ocr_line' id='line_1_30' title="bbox 361 2883 1934 2957; baseline 0 -21"><span class='ocrx_word' id='word_1_234' title='bbox 361 2884 575 2954; x_wconf 82' lang='grc' dir='ltr'>πρῶτος</span> <span class='ocrx_word' id='word_1_235' title='bbox 605 2884 702 2947; x_wconf 75' lang='grc' dir='ltr'>τὰς</span> <span class='ocrx_word' id='word_1_236' title='bbox 731 2884 1003 2955; x_wconf 75' lang='grc' dir='ltr'>ἁμαρτίας</span> <span class='ocrx_word' id='word_1_237' title='bbox 1057 2902 1172 2950; x_wconf 89' lang='grc' dir='ltr'>σου,</span> <span class='ocrx_word' id='word_1_238' title='bbox 1229 2886 1315 2939; x_wconf 79' lang='grc' dir='ltr'>ἵνα</span> <span class='ocrx_word' id='word_1_239' title='bbox 1363 2884 1692 2957; x_wconf 50' lang='grc' dir='ltr'>δικαιωθῇς</span> <span class='ocrx_word' id='word_1_240' title='bbox 1728 2905 1746 2937; x_wconf 72' lang='grc' dir='ltr'><strong>ι</strong></span> <span class='ocrx_word' id='word_1_241' title='bbox 1777 2883 1934 2937; x_wconf 90' lang='grc' dir='ltr'>τοῦτο</span> 
     </span>
    </p>
   </div>
   <div class='ocr_carea' id='block_1_31' title="bbox 359 2975 1932 3050">
    <p class='ocr_par' dir='ltr' id='par_1_31' title="bbox 359 2975 1932 3050">
     <span class='ocr_line' id='line_1_31' title="bbox 359 2975 1932 3050; baseline -0.001 -20"><span class='ocrx_word' id='word_1_242' title='bbox 359 2979 471 3050; x_wconf 88' lang='grc' dir='ltr'><strong>γάρ</strong></span> <span class='ocrx_word' id='word_1_243' title='bbox 501 2977 668 3032; x_wconf 84' lang='grc' dir='ltr'>ποιῶν</span> <span class='ocrx_word' id='word_1_244' title='bbox 689 2977 1023 3049; x_wconf 78' lang='grc' dir='ltr'>δικαιωθήσῃ</span> <span class='ocrx_word' id='word_1_245' title='bbox 1048 2994 1060 3008; x_wconf 85' lang='grc'><em>’</em></span> <span class='ocrx_word' id='word_1_246' title='bbox 1102 2978 1291 3049; x_wconf 81' lang='grc' dir='ltr'>ἐπειδὴ</span> <span class='ocrx_word' id='word_1_247' title='bbox 1336 2978 1544 3041; x_wconf 80' lang='grc' dir='ltr'>δίκαιος</span> <span class='ocrx_word' id='word_1_248' title='bbox 1589 2975 1754 3031; x_wconf 79' lang='grc' dir='ltr'>αὑτοῦ</span> <span class='ocrx_word' id='word_1_249' title='bbox 1802 2994 1932 3030; x_wconf 85' lang='grc' dir='ltr'>κατ-</span> 
     </span>
    </p>
   </div>
   <div class='ocr_carea' id='block_1_32' title="bbox 368 3071 1043 3144">
    <p class='ocr_par' dir='ltr' id='par_1_32' title="bbox 368 3071 1043 3144">
     <span class='ocr_line' id='line_1_32' title="bbox 368 3071 1043 3144; baseline 0.001 -19"><span class='ocrx_word' id='word_1_250' title='bbox 368 3073 568 3144; x_wconf 82' lang='grc' dir='ltr'>ήγορος</span> <span class='ocrx_word' id='word_1_251' title='bbox 595 3073 652 3124; x_wconf 89' lang='grc' dir='ltr'><strong>ἐν</strong></span> <span class='ocrx_word' id='word_1_252' title='bbox 681 3071 1043 3143; x_wconf 82' lang='grc' dir='ltr'>πρωτολογίᾳ.</span> 
     </span>
    </p>
   </div>
   <div class='ocr_carea' id='block_1_33' title="bbox 439 3161 1935 3234">
    <p class='ocr_par' dir='ltr' id='par_1_33' title="bbox 439 3161 1935 3234">
     <span class='ocr_line' id='line_1_33' title="bbox 439 3161 1935 3234; baseline 0.001 -22"><span class='ocrx_word' id='word_1_253' title='bbox 439 3182 456 3212; x_wconf 76' lang='grc' dir='ltr'><strong>ι</strong></span> <span class='ocrx_word' id='word_1_254' title='bbox 483 3162 548 3215; x_wconf 83' lang='grc' dir='ltr'><strong>υἱ</strong></span> <span class='ocrx_word' id='word_1_255' title='bbox 580 3162 814 3233; x_wconf 83' lang='grc' dir='ltr'>πατέρες</span> <span class='ocrx_word' id='word_1_256' title='bbox 844 3161 995 3233; x_wconf 80' lang='grc' dir='ltr'>ὑμῶν</span> <span class='ocrx_word' id='word_1_257' title='bbox 1026 3161 1250 3231; x_wconf 83' lang='grc' dir='ltr'>πρῶτοι,</span> <span class='ocrx_word' id='word_1_258' title='bbox 1288 3162 1384 3216; x_wconf 63' lang='grc' dir='ltr'><strong>καὶ⁸</strong></span> <span class='ocrx_word' id='word_1_259' title='bbox 1410 3163 1459 3216; x_wconf 87' lang='grc' dir='ltr'>οἱ</span> <span class='ocrx_word' id='word_1_260' title='bbox 1491 3162 1751 3234; x_wconf 81' lang='grc' dir='ltr'>ἄρχοντες</span> <span class='ocrx_word' id='word_1_261' title='bbox 1783 3161 1935 3232; x_wconf 83' lang='grc' dir='ltr'>ὑμῶν</span> 
     </span>
    </p>
   </div>
   <div class='ocr_carea' id='block_1_34' title="bbox 358 3251 1938 3326">
    <p class='ocr_par' dir='ltr' id='par_1_34' title="bbox 358 3251 1938 3326">
     <span class='ocr_line' id='line_1_34' title="bbox 358 3251 1938 3326; baseline 0.002 -21"><span class='ocrx_word' id='word_1_262' title='bbox 358 3251 640 3324; x_wconf 75' lang='grc' dir='ltr'>ήνόμησαν</span> <span class='ocrx_word' id='word_1_263' title='bbox 665 3257 743 3318; x_wconf 76' lang='grc' dir='ltr'><strong>είς</strong></span> <span class='ocrx_word' id='word_1_264' title='bbox 781 3252 899 3325; x_wconf 84' lang='grc' dir='ltr'>ἐμέ.</span> <span class='ocrx_word' id='word_1_265' title='bbox 932 3254 1041 3306; x_wconf 79' lang='grc' dir='ltr'>Καὶ</span> <span class='ocrx_word' id='word_1_266' title='bbox 1079 3254 1306 3325; x_wconf 73' lang='grc' dir='ltr'>ἐμίαναν</span> <span class='ocrx_word' id='word_1_267' title='bbox 1334 3255 1383 3307; x_wconf 83' lang='grc' dir='ltr'><strong>οί</strong></span> <span class='ocrx_word' id='word_1_268' title='bbox 1430 3255 1686 3326; x_wconf 78' lang='grc' dir='ltr'>ἄρχοντες</span> <span class='ocrx_word' id='word_1_269' title='bbox 1711 3255 1779 3307; x_wconf 83' lang='grc' dir='ltr'><strong>τὰ</strong></span> <span class='ocrx_word' id='word_1_270' title='bbox 1807 3254 1938 3323; x_wconf 80' lang='grc' dir='ltr'>ἆγιά</span> 
     </span>
    </p>
   </div>
   <div class='ocr_carea' id='block_1_35' title="bbox 363 3343 1936 3417">
    <p class='ocr_par' dir='ltr' id='par_1_35' title="bbox 363 3343 1936 3417">
     <span class='ocr_line' id='line_1_35' title="bbox 363 3343 1936 3417; baseline 0.002 -22"><span class='ocrx_word' id='word_1_271' title='bbox 363 3361 487 3414; x_wconf 87' lang='grc' dir='ltr'>μου.</span> <span class='ocrx_word' id='word_1_272' title='bbox 533 3345 642 3398; x_wconf 70' lang='grc' dir='ltr'>Καὶ</span> <span class='ocrx_word' id='word_1_273' title='bbox 678 3345 852 3399; x_wconf 77' lang='grc' dir='ltr'>ἔδωκα</span> <span class='ocrx_word' id='word_1_274' title='bbox 901 3344 1161 3400; x_wconf 86' lang='grc' dir='ltr'>ἀπολέσαι</span> <span class='ocrx_word' id='word_1_275' title='bbox 1197 3343 1410 3411; x_wconf 87' lang='grc' dir='ltr'>Ἰακὼϐ,</span> <span class='ocrx_word' id='word_1_276' title='bbox 1459 3347 1550 3399; x_wconf 72' lang='grc' dir='ltr'><strong>καὶ</strong></span> <span class='ocrx_word' id='word_1_277' title='bbox 1587 3345 1801 3417; x_wconf 78' lang='grc' dir='ltr'>Ἰσραὴλ</span> <span class='ocrx_word' id='word_1_278' title='bbox 1857 3346 1936 3408; x_wconf 85' lang='grc' dir='ltr'>εἰς</span> 
     </span>
    </p>
   </div>
   <div class='ocr_carea' id='block_1_36' title="bbox 359 3435 735 3507">
    <p class='ocr_par' dir='ltr' id='par_1_36' title="bbox 359 3435 735 3507">
     <span class='ocr_line' id='line_1_36' title="bbox 359 3435 735 3507; baseline 0.008 -20"><span class='ocrx_word' id='word_1_279' title='bbox 359 3435 686 3507; x_wconf 76' lang='grc' dir='ltr'>ὀνειδισμόν.</span> <span class='ocrx_word' id='word_1_280' title='bbox 715 3455 735 3490; x_wconf 73' lang='grc' dir='ltr'><strong>ι</strong></span> 
     </span>
    </p>
   </div>
   <div class='ocr_carea' id='block_1_37' title="bbox 869 3507 1428 3562">
    <p class='ocr_par' dir='ltr' id='par_1_37' title="bbox 869 3507 1428 3562">
     <span class='ocr_line' id='line_1_37' title="bbox 869 3507 1428 3562; baseline 0 -2"><span class='ocrx_word' id='word_1_281' title='bbox 869 3507 1264 3560; x_wconf 77' lang='grc' dir='ltr'><strong>ΚΕΦΑΛΑΙΟΝ</strong></span> <span class='ocrx_word' id='word_1_282' title='bbox 1294 3509 1428 3562; x_wconf 75' lang='lat' dir='ltr'><strong>M-A&#39;.</strong></span> 
     </span>
    </p>
   </div>
   <div class='ocr_carea' id='block_1_38' title="bbox 439 3597 1934 3672">
    <p class='ocr_par' dir='ltr' id='par_1_38' title="bbox 439 3597 1934 3672">
     <span class='ocr_line' id='line_1_38' title="bbox 439 3597 1934 3672; baseline 0.002 -23"><span class='ocrx_word' id='word_1_283' title='bbox 439 3617 458 3649; x_wconf 75' lang='grc' dir='ltr'><strong>ι</strong></span> <span class='ocrx_word' id='word_1_284' title='bbox 501 3597 615 3650; x_wconf 75' lang='grc' dir='ltr'>Νῦν</span> <span class='ocrx_word' id='word_1_285' title='bbox 645 3597 699 3651; x_wconf 79' lang='grc' dir='ltr'>δὲ</span> <span class='ocrx_word' id='word_1_286' title='bbox 735 3598 1193 3662; x_wconf 81' lang='grc' dir='ltr'>ἄκουσον,Ἰακὼϐ</span> <span class='ocrx_word' id='word_1_287' title='bbox 1224 3600 1252 3651; x_wconf 90' lang='lat'><strong>6</strong></span> <span class='ocrx_word' id='word_1_288' title='bbox 1284 3603 1410 3664; x_wconf 83' lang='grc' dir='ltr'>παῖς</span> <span class='ocrx_word' id='word_1_289' title='bbox 1447 3617 1568 3671; x_wconf 91' lang='grc' dir='ltr'>μου,</span> <span class='ocrx_word' id='word_1_290' title='bbox 1593 3599 1934 3672; x_wconf 69' lang='grc' dir='ltr'>καὶἹσραὴλ,</span> 
     </span>
    </p>
   </div>
   <div class='ocr_carea' id='block_1_39' title="bbox 361 3688 1940 3766">
    <p class='ocr_par' dir='ltr' id='par_1_39' title="bbox 361 3688 1940 3766">
     <span class='ocr_line' id='line_1_39' title="bbox 361 3688 1940 3766; baseline 0.006 -24"><span class='ocrx_word' id='word_1_291' title='bbox 361 3688 421 3742; x_wconf 75' lang='grc' dir='ltr'>ὃν</span> <span class='ocrx_word' id='word_1_292' title='bbox 450 3689 801 3763; x_wconf 78' lang='grc' dir='ltr'>ἐξελεξάμην.</span> <span class='ocrx_word' id='word_1_293' title='bbox 828 3713 845 3744; x_wconf 74' lang='grc' dir='ltr'><strong>ι</strong></span> <span class='ocrx_word' id='word_1_294' title='bbox 882 3695 978 3746; x_wconf 82' lang='grc' dir='ltr'>Διά</span> <span class='ocrx_word' id='word_1_295' title='bbox 1007 3693 1209 3747; x_wconf 82' lang='grc' dir='ltr'>τούτων</span> <span class='ocrx_word' id='word_1_296' title='bbox 1255 3695 1344 3748; x_wconf 83' lang='grc' dir='ltr'><strong>τὸν</strong></span> <span class='ocrx_word' id='word_1_297' title='bbox 1371 3697 1528 3766; x_wconf 80' lang='grc' dir='ltr'>χορὸν</span> <span class='ocrx_word' id='word_1_298' title='bbox 1573 3693 1726 3762; x_wconf 81' lang='grc' dir='ltr'>αὖθις</span> <span class='ocrx_word' id='word_1_299' title='bbox 1763 3698 1853 3751; x_wconf 80' lang='grc' dir='ltr'><strong>τὸν</strong></span> <span class='ocrx_word' id='word_1_300' title='bbox 1885 3699 1940 3752; x_wconf 80' lang='grc' dir='ltr'><strong>ἁο</strong></span> 
     </span>
    </p>
   </div>
   <div class='ocr_carea' id='block_1_40' title="bbox 363 3785 1080 3842">
    <p class='ocr_par' dir='ltr' id='par_1_40' title="bbox 363 3785 1080 3842">
     <span class='ocr_line' id='line_1_40' title="bbox 363 3785 1080 3842; baseline -0.001 0"><span class='ocrx_word' id='word_1_301' title='bbox 363 3785 680 3842; x_wconf 74' lang='grc' dir='ltr'>ποστολικὺν</span> <span class='ocrx_word' id='word_1_302' title='bbox 693 3809 696 3811; x_wconf 49' lang='grc' dir='ltr'><strong>ν</strong></span> <span class='ocrx_word' id='word_1_303' title='bbox 709 3787 1080 3841; x_wconf 88' lang='grc' dir='ltr'>ἀποκαλεῖται.</span> 
     </span>
    </p>
   </div>
   <div class='ocr_carea' id='block_1_41' title="bbox 441 3879 1940 3952">
    <p class='ocr_par' dir='ltr' id='par_1_41' title="bbox 441 3879 1940 3952">
     <span class='ocr_line' id='line_1_41' title="bbox 441 3879 1940 3952; baseline 0.003 -20"><span class='ocrx_word' id='word_1_304' title='bbox 441 3902 458 3932; x_wconf 76' lang='grc' dir='ltr'><strong>ι</strong></span> <span class='ocrx_word' id='word_1_305' title='bbox 484 3880 642 3934; x_wconf 78' lang='grc' dir='ltr'>Οὕτω</span> <span class='ocrx_word' id='word_1_306' title='bbox 667 3879 815 3948; x_wconf 85' lang='grc' dir='ltr'>λέγει</span> <span class='ocrx_word' id='word_1_307' title='bbox 837 3879 1040 3950; x_wconf 76' lang='grc' dir='ltr'>Κύριος</span> <span class='ocrx_word' id='word_1_308' title='bbox 1085 3883 1112 3934; x_wconf 93' lang='lat'><strong>6</strong></span> <span class='ocrx_word' id='word_1_309' title='bbox 1143 3881 1274 3945; x_wconf 85' lang='grc' dir='ltr'>Θεὸς</span> <span class='ocrx_word' id='word_1_310' title='bbox 1321 3883 1350 3935; x_wconf 89' lang='lat'><strong>6</strong></span> <span class='ocrx_word' id='word_1_311' title='bbox 1393 3883 1626 3952; x_wconf 80' lang='grc' dir='ltr'>ποίήσας</span> <span class='ocrx_word' id='word_1_312' title='bbox 1676 3900 1757 3948; x_wconf 90' lang='grc' dir='ltr'><strong>σε,</strong></span> <span class='ocrx_word' id='word_1_313' title='bbox 1788 3883 1879 3937; x_wconf 74' lang='grc' dir='ltr'><strong>καὶ</strong></span> <span class='ocrx_word' id='word_1_314' title='bbox 1911 3885 1940 3938; x_wconf 91' lang='lat'><strong>6</strong></span> 
     </span>
    </p>
   </div>
   <div class='ocr_carea' id='block_1_42' title="bbox 366 3973 1936 4048">
    <p class='ocr_par' dir='ltr' id='par_1_42' title="bbox 366 3973 1936 4048">
     <span class='ocr_line' id='line_1_42' title="bbox 366 3973 1936 4048; baseline 0 -19"><span class='ocrx_word' id='word_1_315' title='bbox 366 3976 579 4039; x_wconf 73' lang='grc' dir='ltr'>πλάσας</span> <span class='ocrx_word' id='word_1_316' title='bbox 627 3991 685 4028; x_wconf 89' lang='grc' dir='ltr'><strong>σε</strong></span> <span class='ocrx_word' id='word_1_317' title='bbox 730 3974 794 4026; x_wconf 89' lang='grc' dir='ltr'><strong>ἐκ</strong></span> <span class='ocrx_word' id='word_1_318' title='bbox 824 3973 1065 4038; x_wconf 73' lang='grc' dir='ltr'>κοιλίαςο</span> <span class='ocrx_word' id='word_1_319' title='bbox 1103 3975 1222 4028; x_wconf 87' lang='grc' dir='ltr'>Ἔτι</span> <span class='ocrx_word' id='word_1_320' title='bbox 1253 3974 1566 4048; x_wconf 82' lang='grc' dir='ltr'>βοηθηθήσῃ</span> <span class='ocrx_word' id='word_1_321' title='bbox 1589 3993 1602 4006; x_wconf 75' lang='grc' dir='ltr'><strong>ο</strong></span> <span class='ocrx_word' id='word_1_322' title='bbox 1648 3977 1722 4047; x_wconf 84' lang='grc' dir='ltr'>μὴ</span> <span class='ocrx_word' id='word_1_323' title='bbox 1751 3976 1936 4046; x_wconf 79' lang='grc' dir='ltr'>φοϐοῦ,</span> 
     </span>
    </p>
   </div>
   <div class='ocr_carea' id='block_1_43' title="bbox 364 4061 1938 4138">
    <p class='ocr_par' dir='ltr' id='par_1_43' title="bbox 364 4061 1938 4138">
     <span class='ocr_line' id='line_1_43' title="bbox 364 4061 1938 4138; baseline -0.007 -20"><span class='ocrx_word' id='word_1_324' title='bbox 364 4068 494 4130; x_wconf 81' lang='grc' dir='ltr'>παῖς</span> <span class='ocrx_word' id='word_1_325' title='bbox 532 4081 632 4135; x_wconf 90' lang='grc' dir='ltr'><strong>μου</strong></span> <span class='ocrx_word' id='word_1_326' title='bbox 667 4061 882 4126; x_wconf 87' lang='grc' dir='ltr'>Ἰακὼϐ,</span> <span class='ocrx_word' id='word_1_327' title='bbox 914 4064 1005 4116; x_wconf 74' lang='grc' dir='ltr'><strong>καὶ</strong></span> <span class='ocrx_word' id='word_1_328' title='bbox 1025 4063 1376 4134; x_wconf 81' lang='grc' dir='ltr'>ήγαπημένος</span> <span class='ocrx_word' id='word_1_329' title='bbox 1422 4064 1653 4138; x_wconf 81' lang='grc' dir='ltr'>Ἰσραὴλ,</span> <span class='ocrx_word' id='word_1_330' title='bbox 1681 4067 1739 4119; x_wconf 83' lang='grc' dir='ltr'>ὃν</span> <span class='ocrx_word' id='word_1_331' title='bbox 1761 4065 1938 4132; x_wconf 80' lang='grc' dir='ltr'>ἐξελε-</span> 
     </span>
    </p>
   </div>
   <div class='ocr_carea' id='block_1_44' title="bbox 367 4153 1941 4228">
    <p class='ocr_par' dir='ltr' id='par_1_44' title="bbox 367 4153 1941 4228">
     <span class='ocr_line' id='line_1_44' title="bbox 367 4153 1941 4228; baseline 0.003 -22"><span class='ocrx_word' id='word_1_332' title='bbox 367 4157 564 4227; x_wconf 75' lang='grc' dir='ltr'>ξάμην.</span> <span class='ocrx_word' id='word_1_333' title='bbox 600 4155 718 4209; x_wconf 88' lang='grc' dir='ltr'><strong>Ὅτι</strong></span> <span class='ocrx_word' id='word_1_334' title='bbox 753 4155 861 4224; x_wconf 84' lang='grc' dir='ltr'><strong>ἐγὼ</strong></span> <span class='ocrx_word' id='word_1_335' title='bbox 891 4153 1046 4207; x_wconf 84' lang='grc' dir='ltr'>δώσω</span> <span class='ocrx_word' id='word_1_336' title='bbox 1077 4154 1220 4225; x_wconf 75' lang='grc' dir='ltr'>ὕδωρ</span> <span class='ocrx_word' id='word_1_337' title='bbox 1252 4156 1309 4207; x_wconf 86' lang='grc' dir='ltr'><strong>ἐν</strong></span> <span class='ocrx_word' id='word_1_338' title='bbox 1348 4153 1489 4224; x_wconf 74' lang='grc' dir='ltr'>δίψει</span> <span class='ocrx_word' id='word_1_339' title='bbox 1511 4159 1618 4219; x_wconf 84' lang='grc' dir='ltr'>τοῖς</span> <span class='ocrx_word' id='word_1_340' title='bbox 1643 4157 1941 4228; x_wconf 84' lang='grc' dir='ltr'>πορευομέ-</span> 
     </span>
    </p>
   </div>
   <div class='ocr_carea' id='block_1_45' title="bbox 363 4245 1940 4322">
    <p class='ocr_par' dir='ltr' id='par_1_45' title="bbox 363 4245 1940 4322">
     <span class='ocr_line' id='line_1_45' title="bbox 363 4245 1940 4322; baseline -0.001 -19"><span class='ocrx_word' id='word_1_341' title='bbox 363 4267 476 4312; x_wconf 80' lang='grc' dir='ltr'>νοις</span> <span class='ocrx_word' id='word_1_342' title='bbox 505 4251 564 4301; x_wconf 85' lang='grc' dir='ltr'><strong>ἐν</strong></span> <span class='ocrx_word' id='word_1_343' title='bbox 589 4246 821 4318; x_wconf 79' lang='grc' dir='ltr'>ἀνύδρῳ,</span> <span class='ocrx_word' id='word_1_344' title='bbox 851 4246 1094 4318; x_wconf 84' lang='grc' dir='ltr'>ἐπιθήσω</span> <span class='ocrx_word' id='word_1_345' title='bbox 1113 4248 1171 4300; x_wconf 76' lang='grc' dir='ltr'>τὸ</span> <span class='ocrx_word' id='word_1_346' title='bbox 1199 4245 1415 4318; x_wconf 81' lang='grc' dir='ltr'>πνεῦμά</span> <span class='ocrx_word' id='word_1_347' title='bbox 1451 4265 1549 4318; x_wconf 91' lang='grc' dir='ltr'><strong>μου</strong></span> <span class='ocrx_word' id='word_1_348' title='bbox 1574 4249 1664 4301; x_wconf 72' lang='grc' dir='ltr'><strong>ἐπὶ</strong></span> <span class='ocrx_word' id='word_1_349' title='bbox 1695 4248 1754 4301; x_wconf 87' lang='grc' dir='ltr'><strong>τὸ</strong></span> <span class='ocrx_word' id='word_1_350' title='bbox 1774 4248 1940 4322; x_wconf 82' lang='grc' dir='ltr'>σπέρ-</span> 
     </span>
    </p>
   </div>
   <div class='ocr_carea' id='block_1_46' title="bbox 368 4338 1936 4412">
    <p class='ocr_par' dir='ltr' id='par_1_46' title="bbox 368 4338 1936 4412">
     <span class='ocr_line' id='line_1_46' title="bbox 368 4338 1936 4412; baseline -0.001 -18"><span class='ocrx_word' id='word_1_351' title='bbox 368 4359 445 4412; x_wconf 84' lang='grc' dir='ltr'><strong>μα</strong></span> <span class='ocrx_word' id='word_1_352' title='bbox 482 4358 598 4404; x_wconf 86' lang='grc' dir='ltr'>σου,</span> <span class='ocrx_word' id='word_1_353' title='bbox 641 4340 734 4393; x_wconf 73' lang='grc' dir='ltr'>καὶ</span> <span class='ocrx_word' id='word_1_354' title='bbox 765 4339 860 4402; x_wconf 76' lang='grc' dir='ltr'><strong>τὰς</strong></span> <span class='ocrx_word' id='word_1_355' title='bbox 891 4338 1140 4408; x_wconf 77' lang='grc' dir='ltr'>εὐλογίας</span> <span class='ocrx_word' id='word_1_356' title='bbox 1188 4357 1289 4410; x_wconf 92' lang='grc' dir='ltr'><strong>μου</strong></span> <span class='ocrx_word' id='word_1_357' title='bbox 1331 4340 1422 4392; x_wconf 75' lang='grc' dir='ltr'>ἐπὶ</span> <span class='ocrx_word' id='word_1_358' title='bbox 1469 4339 1539 4393; x_wconf 85' lang='grc' dir='ltr'>τὰ</span> <span class='ocrx_word' id='word_1_359' title='bbox 1579 4341 1741 4393; x_wconf 84' lang='grc' dir='ltr'>τέκνα</span> <span class='ocrx_word' id='word_1_360' title='bbox 1775 4357 1887 4393; x_wconf 89' lang='grc' dir='ltr'>σου.</span> <span class='ocrx_word' id='word_1_361' title='bbox 1916 4361 1936 4394; x_wconf 72' lang='grc' dir='ltr'><strong>ι</strong></span> 
     </span>
    </p>
   </div>
   <div class='ocr_carea' id='block_1_47' title="bbox 2030 448 3595 525">
    <p class='ocr_par' dir='ltr' id='par_1_47' title="bbox 2030 448 3595 525">
     <span class='ocr_line' id='line_1_47' title="bbox 2030 448 3595 525; baseline -0.015 -1"><span class='ocrx_word' id='word_1_362' title='bbox 2030 481 2086 525; x_wconf 80' lang='grc' dir='ltr'><strong>ιιι</strong></span> <span class='ocrx_word' id='word_1_363' title='bbox 2117 470 2344 523; x_wconf 89' lang='lat' dir='ltr'><strong>virtutes</strong></span> <span class='ocrx_word' id='word_1_364' title='bbox 2377 481 2524 520; x_wconf 89' lang='lat' dir='ltr'><strong>meas</strong></span> <span class='ocrx_word' id='word_1_365' title='bbox 2552 469 2802 517; x_wconf 76' lang='lat' dir='ltr'><strong>narraret</strong></span> <span class='ocrx_word' id='word_1_366' title='bbox 2840 477 2852 512; x_wconf 94' lang='lat'>:</span> <span class='ocrx_word' id='word_1_367' title='bbox 2887 473 2989 510; x_wconf 88' lang='lat' dir='ltr'><strong>non</strong></span> <span class='ocrx_word' id='word_1_368' title='bbox 3023 470 3165 510; x_wconf 92' lang='lat' dir='ltr'><strong>nunc</strong></span> <span class='ocrx_word' id='word_1_369' title='bbox 3210 451 3393 522; x_wconf 87' lang='lat' dir='ltr'><strong>vocavi</strong></span> <span class='ocrx_word' id='word_1_370' title='bbox 3424 460 3475 504; x_wconf 91' lang='lat' dir='ltr'><strong>te</strong></span> <span class='ocrx_word' id='word_1_371' title='bbox 3499 448 3595 504; x_wconf 77' lang='lat' dir='ltr'><strong>Ja-</strong></span> 
     </span>
    </p>
   </div>
   <div class='ocr_carea' id='block_1_48' title="bbox 2027 543 3592 630">
    <p class='ocr_par' dir='ltr' id='par_1_48' title="bbox 2027 543 3592 630">
     <span class='ocr_line' id='line_1_48' title="bbox 2027 543 3592 630; baseline -0.013 -13"><span class='ocrx_word' id='word_1_372' title='bbox 2027 564 2150 625; x_wconf 90' lang='lat' dir='ltr'><strong>cob,</strong></span> <span class='ocrx_word' id='word_1_373' title='bbox 2188 575 2362 630; x_wconf 88' lang='lat' dir='ltr'><strong>neque</strong></span> <span class='ocrx_word' id='word_1_374' title='bbox 2389 560 2640 613; x_wconf 85' lang='lat' dir='ltr'><strong>laborare</strong></span> <span class='ocrx_word' id='word_1_375' title='bbox 2669 566 2721 609; x_wconf 89' lang='lat' dir='ltr'><strong>te</strong></span> <span class='ocrx_word' id='word_1_376' title='bbox 2746 553 2866 615; x_wconf 79' lang='lat' dir='ltr'><strong>ieci,</strong></span> <span class='ocrx_word' id='word_1_377' title='bbox 2893 549 3074 605; x_wconf 85' lang='lat' dir='ltr'><strong>Israel.</strong></span> <span class='ocrx_word' id='word_1_378' title='bbox 3105 567 3124 599; x_wconf 79' lang='grc' dir='ltr'><strong>ι</strong></span> <span class='ocrx_word' id='word_1_379' title='bbox 3177 545 3400 601; x_wconf 86' lang='lat' dir='ltr'><strong>Etiamsi</strong></span> <span class='ocrx_word' id='word_1_380' title='bbox 3450 543 3592 598; x_wconf 86' lang='lat' dir='ltr'><strong>enim</strong></span> 
     </span>
    </p>
   </div>
   <div class='ocr_carea' id='block_1_49' title="bbox 2031 639 3593 718">
    <p class='ocr_par' dir='ltr' id='par_1_49' title="bbox 2031 639 3593 718">
     <span class='ocr_line' id='line_1_49' title="bbox 2031 639 3593 718; baseline -0.014 -9"><span class='ocrx_word' id='word_1_381' title='bbox 2031 655 2266 708; x_wconf 83' lang='lat' dir='ltr'><strong>futurum</strong></span> <span class='ocrx_word' id='word_1_382' title='bbox 2293 652 2383 714; x_wconf 90' lang='lat' dir='ltr'><strong>sit,</strong></span> <span class='ocrx_word' id='word_1_383' title='bbox 2416 660 2474 705; x_wconf 93' lang='lat' dir='ltr'><strong>ut</strong></span> <span class='ocrx_word' id='word_1_384' title='bbox 2497 659 2738 718; x_wconf 78' lang='lat' dir='ltr'><strong>agrestes</strong></span> <span class='ocrx_word' id='word_1_385' title='bbox 2765 645 2916 708; x_wconf 66' lang='lat' dir='ltr'><strong>ferae,</strong></span> <span class='ocrx_word' id='word_1_386' title='bbox 2961 641 3178 702; x_wconf 60' lang='lat' dir='ltr'><strong>sirenae,</strong></span> <span class='ocrx_word' id='word_1_387' title='bbox 3209 649 3265 692; x_wconf 90' lang='lat' dir='ltr'><strong>et</strong></span> <span class='ocrx_word' id='word_1_388' title='bbox 3299 639 3420 692; x_wconf 75' lang='lat' dir='ltr'><strong>tilia:</strong></span> <span class='ocrx_word' id='word_1_389' title='bbox 3448 647 3593 690; x_wconf 86' lang='lat' dir='ltr'><strong>stru-</strong></span> 
     </span>
    </p>
   </div>
   <div class='ocr_carea' id='block_1_50' title="bbox 2031 727 3593 803">
    <p class='ocr_par' dir='ltr' id='par_1_50' title="bbox 2031 727 3593 803">
     <span class='ocr_line' id='line_1_50' title="bbox 2031 727 3593 803; baseline -0.012 -3"><span class='ocrx_word' id='word_1_390' title='bbox 2031 749 2272 800; x_wconf 89' lang='lat' dir='ltr'><strong>thionum</strong></span> <span class='ocrx_word' id='word_1_391' title='bbox 2329 742 2650 798; x_wconf 88' lang='lat' dir='ltr'><strong>benedicant</strong></span> <span class='ocrx_word' id='word_1_392' title='bbox 2705 737 2872 803; x_wconf 90' lang='lat' dir='ltr'><strong>mihi;</strong></span> <span class='ocrx_word' id='word_1_393' title='bbox 2927 747 2981 790; x_wconf 94' lang='lat' dir='ltr'><strong>tu</strong></span> <span class='ocrx_word' id='word_1_394' title='bbox 3017 748 3168 799; x_wconf 84' lang='lat' dir='ltr'><strong>sane,</strong></span> <span class='ocrx_word' id='word_1_395' title='bbox 3229 730 3418 797; x_wconf 83' lang='lat' dir='ltr'><strong>Jacub,</strong></span> <span class='ocrx_word' id='word_1_396' title='bbox 3457 727 3593 784; x_wconf 85' lang='lat' dir='ltr'><strong>nihil</strong></span> 
     </span>
    </p>
   </div>
   <div class='ocr_carea' id='block_1_51' title="bbox 2027 822 3592 900">
    <p class='ocr_par' dir='ltr' id='par_1_51' title="bbox 2027 822 3592 900">
     <span class='ocr_line' id='line_1_51' title="bbox 2027 822 3592 900; baseline -0.013 -7"><span class='ocrx_word' id='word_1_397' title='bbox 2027 840 2203 894; x_wconf 83' lang='lat' dir='ltr'><strong>simile</strong></span> <span class='ocrx_word' id='word_1_398' title='bbox 2236 837 2409 893; x_wconf 79' lang='lat' dir='ltr'><strong>fecisti</strong></span> <span class='ocrx_word' id='word_1_399' title='bbox 2437 852 2452 899; x_wconf 86' lang='lat'><strong>;</strong></span> <span class='ocrx_word' id='word_1_400' title='bbox 2481 835 2574 890; x_wconf 85' lang='lat' dir='ltr'><strong>sed</strong></span> <span class='ocrx_word' id='word_1_401' title='bbox 2605 846 2784 900; x_wconf 90' lang='lat' dir='ltr'><strong>neque</strong></span> <span class='ocrx_word' id='word_1_402' title='bbox 2818 830 3070 899; x_wconf 82' lang='lat' dir='ltr'><strong>dignatus</strong></span> <span class='ocrx_word' id='word_1_403' title='bbox 3102 840 3161 878; x_wconf 92' lang='lat' dir='ltr'><strong>es</strong></span> <span class='ocrx_word' id='word_1_404' title='bbox 3194 839 3280 877; x_wconf 87' lang='lat' dir='ltr'><strong>me</strong></span> <span class='ocrx_word' id='word_1_405' title='bbox 3309 822 3592 884; x_wconf 82' lang='lat' dir='ltr'><strong>invocare,</strong></span> 
     </span>
    </p>
   </div>
   <div class='ocr_carea' id='block_1_52' title="bbox 2033 915 3593 1000">
    <p class='ocr_par' dir='ltr' id='par_1_52' title="bbox 2033 915 3593 1000">
     <span class='ocr_line' id='line_1_52' title="bbox 2033 915 3593 1000; baseline -0.012 -16"><span class='ocrx_word' id='word_1_406' title='bbox 2033 951 2052 984; x_wconf 74' lang='grc' dir='ltr'><strong>ι</strong></span> <span class='ocrx_word' id='word_1_407' title='bbox 2091 931 2459 1000; x_wconf 63' lang='lat' dir='ltr'><strong>defatigatus»</strong></span> <span class='ocrx_word' id='word_1_408' title='bbox 2529 934 2707 980; x_wconf 91' lang='lat' dir='ltr'><strong>autem</strong></span> <span class='ocrx_word' id='word_1_409' title='bbox 2768 941 2786 975; x_wconf 79' lang='grc' dir='ltr'><strong>ι</strong></span> <span class='ocrx_word' id='word_1_410' title='bbox 2835 937 2896 976; x_wconf 90' lang='lat' dir='ltr'><strong>es</strong></span> <span class='ocrx_word' id='word_1_411' title='bbox 2949 922 3003 974; x_wconf 88' lang='lat' dir='ltr'><strong>in</strong></span> <span class='ocrx_word' id='word_1_412' title='bbox 3062 933 3184 983; x_wconf 87' lang='lat' dir='ltr'><strong>me,</strong></span> <span class='ocrx_word' id='word_1_413' title='bbox 3227 935 3244 966; x_wconf 73' lang='grc' dir='ltr'><strong>ι</strong></span> <span class='ocrx_word' id='word_1_414' title='bbox 3301 915 3593 969; x_wconf 89' lang='lat' dir='ltr'><strong>secundum</strong></span> 
     </span>
    </p>
   </div>
   <div class='ocr_carea' id='block_1_53' title="bbox 2029 1005 3598 1095">
    <p class='ocr_par' dir='ltr' id='par_1_53' title="bbox 2029 1005 3598 1095">
     <span class='ocr_line' id='line_1_53' title="bbox 2029 1005 3598 1095; baseline -0.013 -15"><span class='ocrx_word' id='word_1_415' title='bbox 2029 1023 2449 1095; x_wconf 86' lang='lat' dir='ltr'><strong>Symmachum,</strong></span> <span class='ocrx_word' id='word_1_416' title='bbox 2503 1017 2719 1074; x_wconf 88' lang='lat' dir='ltr'><strong>etiamsi</strong></span> <span class='ocrx_word' id='word_1_417' title='bbox 2763 1031 2863 1086; x_wconf 77' lang='lat' dir='ltr'><strong>ego</strong></span> <span class='ocrx_word' id='word_1_418' title='bbox 2910 1029 3016 1069; x_wconf 93' lang='lat' dir='ltr'><strong>non</strong></span> <span class='ocrx_word' id='word_1_419' title='bbox 3057 1021 3108 1068; x_wconf 89' lang='lat' dir='ltr'><strong>te</strong></span> <span class='ocrx_word' id='word_1_420' title='bbox 3151 1010 3399 1064; x_wconf 82' lang='lat' dir='ltr'><strong>laborare</strong></span> <span class='ocrx_word' id='word_1_421' title='bbox 3449 1005 3598 1061; x_wconf 73' lang='lat' dir='ltr'><strong>{cce-</strong></span> 
     </span>
    </p>
   </div>
   <div class='ocr_carea' id='block_1_54' title="bbox 2029 1119 2149 1172">
    <p class='ocr_par' dir='ltr' id='par_1_54' title="bbox 2029 1119 2149 1172">
     <span class='ocr_line' id='line_1_54' title="bbox 2029 1119 2149 1172; baseline -0.025 0"><span class='ocrx_word' id='word_1_422' title='bbox 2029 1119 2149 1172; x_wconf 91' lang='lat' dir='ltr'><strong>rim.</strong></span> 
     </span>
    </p>
   </div>
   <div class='ocr_carea' id='block_1_55' title="bbox 2099 1189 3594 1263">
    <p class='ocr_par' dir='ltr' id='par_1_55' title="bbox 2099 1189 3594 1263">
     <span class='ocr_line' id='line_1_55' title="bbox 2099 1189 3594 1263; baseline -0.016 0"><span class='ocrx_word' id='word_1_423' title='bbox 2099 1211 2259 1263; x_wconf 75' lang='lat' dir='ltr'><strong>Vsus.</strong></span> <span class='ocrx_word' id='word_1_424' title='bbox 2298 1209 2389 1262; x_wconf 70' lang='lat'><strong>23.</strong></span> <span class='ocrx_word' id='word_1_425' title='bbox 2446 1226 2464 1257; x_wconf 75' lang='grc' dir='ltr'><strong>ι</strong></span> <span class='ocrx_word' id='word_1_426' title='bbox 2498 1206 2612 1261; x_wconf 83' lang='lat' dir='ltr'><strong>Non</strong></span> <span class='ocrx_word' id='word_1_427' title='bbox 2661 1199 2905 1257; x_wconf 86' lang='lat' dir='ltr'><strong>obtulisti</strong></span> <span class='ocrx_word' id='word_1_428' title='bbox 2943 1195 3076 1253; x_wconf 89' lang='lat' dir='ltr'><strong>mihi</strong></span> <span class='ocrx_word' id='word_1_429' title='bbox 3117 1209 3247 1251; x_wconf 76' lang='lat' dir='ltr'><strong>oves</strong></span> <span class='ocrx_word' id='word_1_430' title='bbox 3291 1189 3594 1246; x_wconf 82' lang='lat' dir='ltr'><strong>holocausti</strong></span> 
     </span>
    </p>
   </div>
   <div class='ocr_carea' id='block_1_56' title="bbox 2029 1289 3598 1372">
    <p class='ocr_par' dir='ltr' id='par_1_56' title="bbox 2029 1289 3598 1372">
     <span class='ocr_line' id='line_1_56' title="bbox 2029 1289 3598 1372; baseline -0.016 -14"><span class='ocrx_word' id='word_1_431' title='bbox 2029 1304 2104 1358; x_wconf 93' lang='lat' dir='ltr'><strong>tui</strong></span> <span class='ocrx_word' id='word_1_432' title='bbox 2139 1318 2153 1354; x_wconf 89' lang='lat'>:</span> <span class='ocrx_word' id='word_1_433' title='bbox 2182 1315 2356 1372; x_wconf 88' lang='lat' dir='ltr'><strong>neque</strong></span> <span class='ocrx_word' id='word_1_434' title='bbox 2385 1301 2436 1354; x_wconf 88' lang='lat' dir='ltr'><strong>in</strong></span> <span class='ocrx_word' id='word_1_435' title='bbox 2467 1297 2755 1354; x_wconf 77' lang='lat' dir='ltr'><strong>sacrificiis</strong></span> <span class='ocrx_word' id='word_1_436' title='bbox 2783 1297 2889 1351; x_wconf 87' lang='lat' dir='ltr'><strong>tuis</strong></span> <span class='ocrx_word' id='word_1_437' title='bbox 2919 1289 3235 1365; x_wconf 80' lang='lat' dir='ltr'><strong>gloriﬁcasti</strong></span> <span class='ocrx_word' id='word_1_438' title='bbox 3273 1301 3357 1339; x_wconf 89' lang='lat' dir='ltr'><strong>me</strong></span> <span class='ocrx_word' id='word_1_439' title='bbox 3378 1324 3394 1349; x_wconf 91' lang='lat'><strong>,</strong></span> <span class='ocrx_word' id='word_1_440' title='bbox 3425 1297 3598 1348; x_wconf 83' lang='lat' dir='ltr'><strong>neque</strong></span> 
     </span>
    </p>
   </div>
   <div class='ocr_carea' id='block_1_57' title="bbox 2027 1377 3597 1457">
    <p class='ocr_par' dir='ltr' id='par_1_57' title="bbox 2027 1377 3597 1457">
     <span class='ocr_line' id='line_1_57' title="bbox 2027 1377 3597 1457; baseline -0.015 -5"><span class='ocrx_word' id='word_1_441' title='bbox 2027 1398 2235 1452; x_wconf 87' lang='lat' dir='ltr'><strong>servire</strong></span> <span class='ocrx_word' id='word_1_442' title='bbox 2261 1406 2312 1449; x_wconf 87' lang='lat' dir='ltr'><strong>te</strong></span> <span class='ocrx_word' id='word_1_443' title='bbox 2339 1393 2440 1449; x_wconf 75' lang='lat' dir='ltr'><strong>feci</strong></span> <span class='ocrx_word' id='word_1_444' title='bbox 2475 1393 2530 1446; x_wconf 89' lang='lat' dir='ltr'><strong>in</strong></span> <span class='ocrx_word' id='word_1_445' title='bbox 2565 1391 2824 1457; x_wconf 84' lang='lat' dir='ltr'><strong>victimis,</strong></span> <span class='ocrx_word' id='word_1_446' title='bbox 2859 1401 3033 1456; x_wconf 91' lang='lat' dir='ltr'><strong>neque</strong></span> <span class='ocrx_word' id='word_1_447' title='bbox 3065 1383 3304 1437; x_wconf 84' lang='lat' dir='ltr'><strong>laborem</strong></span> <span class='ocrx_word' id='word_1_448' title='bbox 3333 1377 3428 1433; x_wconf 86' lang='lat' dir='ltr'><strong>tibi</strong></span> <span class='ocrx_word' id='word_1_449' title='bbox 3458 1391 3597 1446; x_wconf 35' lang='lat' dir='ltr'><strong>praes</strong></span> 
     </span>
    </p>
   </div>
   <div class='ocr_carea' id='block_1_58' title="bbox 2030 1466 3598 1548">
    <p class='ocr_par' dir='ltr' id='par_1_58' title="bbox 2030 1466 3598 1548">
     <span class='ocr_line' id='line_1_58' title="bbox 2030 1466 3598 1548; baseline -0.014 -7"><span class='ocrx_word' id='word_1_450' title='bbox 2030 1487 2116 1541; x_wconf 89' lang='lat' dir='ltr'><strong>bui</strong></span> <span class='ocrx_word' id='word_1_451' title='bbox 2143 1487 2196 1540; x_wconf 91' lang='lat' dir='ltr'><strong>in</strong></span> <span class='ocrx_word' id='word_1_452' title='bbox 2225 1485 2402 1538; x_wconf 90' lang='lat' dir='ltr'><strong>thure.</strong></span> <span class='ocrx_word' id='word_1_453' title='bbox 2430 1502 2449 1534; x_wconf 73' lang='grc' dir='ltr'><strong>ι</strong></span> <span class='ocrx_word' id='word_1_454' title='bbox 2481 1478 2946 1548; x_wconf 83' lang='lat' dir='ltr'><strong>Quemadmodum</strong></span> <span class='ocrx_word' id='word_1_455' title='bbox 2978 1474 3068 1530; x_wconf 87' lang='lat' dir='ltr'><strong>hic</strong></span> <span class='ocrx_word' id='word_1_456' title='bbox 3093 1468 3412 1533; x_wconf 88' lang='lat' dir='ltr'><strong>solitudini,</strong></span> <span class='ocrx_word' id='word_1_457' title='bbox 3442 1466 3598 1520; x_wconf 76' lang='lat' dir='ltr'><strong>feris-</strong></span> 
     </span>
    </p>
   </div>
   <div class='ocr_carea' id='block_1_59' title="bbox 2027 1559 3596 1650">
    <p class='ocr_par' dir='ltr' id='par_1_59' title="bbox 2027 1559 3596 1650">
     <span class='ocr_line' id='line_1_59' title="bbox 2027 1559 3596 1650; baseline -0.015 -17"><span class='ocrx_word' id='word_1_458' title='bbox 2027 1595 2132 1650; x_wconf 89' lang='lat' dir='ltr'><strong>que</strong></span> <span class='ocrx_word' id='word_1_459' title='bbox 2185 1592 2306 1632; x_wconf 85' lang='lat' dir='ltr'><strong>eam</strong></span> <span class='ocrx_word' id='word_1_460' title='bbox 2365 1573 2726 1628; x_wconf 84' lang='lat' dir='ltr'><strong>incolentibus</strong></span> <span class='ocrx_word' id='word_1_461' title='bbox 2783 1573 3046 1624; x_wconf 89' lang='lat' dir='ltr'><strong>bonorum</strong></span> <span class='ocrx_word' id='word_1_462' title='bbox 3098 1577 3247 1634; x_wconf 87' lang='lat' dir='ltr'><strong>spem</strong></span> <span class='ocrx_word' id='word_1_463' title='bbox 3291 1559 3596 1616; x_wconf 87' lang='lat' dir='ltr'><strong>annuntiat.</strong></span> 
     </span>
    </p>
   </div>
   <div class='ocr_carea' id='block_1_60' title="bbox 2028 1655 3597 1742">
    <p class='ocr_par' dir='ltr' id='par_1_60' title="bbox 2028 1655 3597 1742">
     <span class='ocr_line' id='line_1_60' title="bbox 2028 1655 3597 1742; baseline -0.014 -17"><span class='ocrx_word' id='word_1_464' title='bbox 2028 1669 2394 1742; x_wconf 82' lang='lat' dir='ltr'><strong>populumque</strong></span> <span class='ocrx_word' id='word_1_465' title='bbox 2438 1681 2504 1720; x_wconf 82' lang='lat' dir='ltr'><strong>ex</strong></span> <span class='ocrx_word' id='word_1_466' title='bbox 2537 1662 2962 1720; x_wconf 86' lang='lat' dir='ltr'><strong>circumcisione</strong></span> <span class='ocrx_word' id='word_1_467' title='bbox 3009 1659 3073 1714; x_wconf 90' lang='lat' dir='ltr'><strong>de</strong></span> <span class='ocrx_word' id='word_1_468' title='bbox 3120 1655 3397 1724; x_wconf 83' lang='lat' dir='ltr'><strong>impietate</strong></span> <span class='ocrx_word' id='word_1_469' title='bbox 3440 1665 3597 1706; x_wconf 90' lang='lat' dir='ltr'><strong>coar-</strong></span> 
     </span>
    </p>
   </div>
   <div class='ocr_carea' id='block_1_61' title="bbox 2028 1744 3601 1838">
    <p class='ocr_par' dir='ltr' id='par_1_61' title="bbox 2028 1744 3601 1838">
     <span class='ocr_line' id='line_1_61' title="bbox 2028 1744 3601 1838; baseline -0.013 -21"><span class='ocrx_word' id='word_1_470' title='bbox 2028 1764 2162 1838; x_wconf 72' lang='lat' dir='ltr'><strong>guit,</strong></span> <span class='ocrx_word' id='word_1_471' title='bbox 2193 1776 2350 1832; x_wconf 90' lang='lat' dir='ltr'><strong>quem</strong></span> <span class='ocrx_word' id='word_1_472' title='bbox 2380 1773 2521 1813; x_wconf 92' lang='lat' dir='ltr'><strong>nunc</strong></span> <span class='ocrx_word' id='word_1_473' title='bbox 2545 1757 2714 1812; x_wconf 79' lang='lat' dir='ltr'><strong>Iacob</strong></span> <span class='ocrx_word' id='word_1_474' title='bbox 2746 1767 2800 1810; x_wconf 90' lang='lat' dir='ltr'><strong>et</strong></span> <span class='ocrx_word' id='word_1_475' title='bbox 2821 1752 2990 1810; x_wconf 88' lang='lat' dir='ltr'><strong>Israel</strong></span> <span class='ocrx_word' id='word_1_476' title='bbox 3024 1759 3329 1819; x_wconf 83' lang='lat' dir='ltr'><strong>nuncupat;</strong></span> <span class='ocrx_word' id='word_1_477' title='bbox 3364 1747 3434 1800; x_wconf 87' lang='lat' dir='ltr'><strong>ita</strong></span> <span class='ocrx_word' id='word_1_478' title='bbox 3465 1744 3601 1800; x_wconf 89' lang='lat' dir='ltr'><strong>sim-</strong></span> 
     </span>
    </p>
   </div>
   <div class='ocr_carea' id='block_1_62' title="bbox 2027 1839 3599 1928">
    <p class='ocr_par' dir='ltr' id='par_1_62' title="bbox 2027 1839 3599 1928">
     <span class='ocr_line' id='line_1_62' title="bbox 2027 1839 3599 1928; baseline -0.011 -18"><span class='ocrx_word' id='word_1_479' title='bbox 2027 1856 2239 1928; x_wconf 89' lang='lat' dir='ltr'><strong>pliciter</strong></span> <span class='ocrx_word' id='word_1_480' title='bbox 2261 1853 2427 1908; x_wconf 88' lang='lat' dir='ltr'><strong>allato</strong></span> <span class='ocrx_word' id='word_1_481' title='bbox 2443 1851 2560 1920; x_wconf 88' lang='lat' dir='ltr'><strong>ejus</strong></span> <span class='ocrx_word' id='word_1_482' title='bbox 2589 1849 2827 1914; x_wconf 86' lang='lat' dir='ltr'><strong>nomine,</strong></span> <span class='ocrx_word' id='word_1_483' title='bbox 2853 1862 2951 1902; x_wconf 90' lang='lat' dir='ltr'><strong>nec</strong></span> <span class='ocrx_word' id='word_1_484' title='bbox 2973 1859 3210 1910; x_wconf 88' lang='lat' dir='ltr'><strong>servum,</strong></span> <span class='ocrx_word' id='word_1_485' title='bbox 3235 1857 3334 1896; x_wconf 88' lang='lat' dir='ltr'><strong>nec</strong></span> <span class='ocrx_word' id='word_1_486' title='bbox 3364 1839 3599 1895; x_wconf 84' lang='lat' dir='ltr'><strong>electum</strong></span> 
     </span>
    </p>
   </div>
   <div class='ocr_carea' id='block_1_63' title="bbox 2031 1931 3602 2015">
    <p class='ocr_par' dir='ltr' id='par_1_63' title="bbox 2031 1931 3602 2015">
     <span class='ocr_line' id='line_1_63' title="bbox 2031 1931 3602 2015; baseline -0.011 -14"><span class='ocrx_word' id='word_1_487' title='bbox 2031 1957 2187 2002; x_wconf 89' lang='lat' dir='ltr'><strong>vocat</strong></span> <span class='ocrx_word' id='word_1_488' title='bbox 2237 1946 2386 2001; x_wconf 89' lang='lat' dir='ltr'><strong>illum</strong></span> <span class='ocrx_word' id='word_1_489' title='bbox 2413 1985 2429 2011; x_wconf 93' lang='lat'><strong>,</strong></span> <span class='ocrx_word' id='word_1_490' title='bbox 2468 1945 2610 2015; x_wconf 87' lang='lat' dir='ltr'><strong>quod</strong></span> <span class='ocrx_word' id='word_1_491' title='bbox 2657 1952 2838 1997; x_wconf 90' lang='lat' dir='ltr'><strong>tamen</strong></span> <span class='ocrx_word' id='word_1_492' title='bbox 2897 1940 2966 1994; x_wconf 85' lang='lat' dir='ltr'><strong>de</strong></span> <span class='ocrx_word' id='word_1_493' title='bbox 3015 1934 3375 2009; x_wconf 74' lang='lat' dir='ltr'><strong>praestantiori</strong></span> <span class='ocrx_word' id='word_1_494' title='bbox 3410 1931 3602 1990; x_wconf 89' lang='lat' dir='ltr'><strong>ordine</strong></span> 
     </span>
    </p>
   </div>
   <div class='ocr_carea' id='block_1_64' title="bbox 2031 2041 2557 2110">
    <p class='ocr_par' dir='ltr' id='par_1_64' title="bbox 2031 2041 2557 2110">
     <span class='ocr_line' id='line_1_64' title="bbox 2031 2041 2557 2110; baseline -0.008 -16"><span class='ocrx_word' id='word_1_495' title='bbox 2031 2041 2257 2110; x_wconf 77' lang='lat' dir='ltr'><strong>loquens</strong></span> <span class='ocrx_word' id='word_1_496' title='bbox 2283 2041 2557 2093; x_wconf 88' lang='lat' dir='ltr'><strong>observat.</strong></span> 
     </span>
    </p>
   </div>
   <div class='ocr_carea' id='block_1_65' title="bbox 2103 2117 3598 2199">
    <p class='ocr_par' dir='ltr' id='par_1_65' title="bbox 2103 2117 3598 2199">
     <span class='ocr_line' id='line_1_65' title="bbox 2103 2117 3598 2199; baseline -0.011 -12"><span class='ocrx_word' id='word_1_497' title='bbox 2103 2132 2267 2187; x_wconf 73' lang='lat' dir='ltr'><strong>Vsus.</strong></span> <span class='ocrx_word' id='word_1_498' title='bbox 2321 2131 2510 2186; x_wconf 72' lang='lat'><strong>24-26.</strong></span> <span class='ocrx_word' id='word_1_499' title='bbox 2569 2128 2794 2199; x_wconf 65' lang='lat' dir='ltr'><strong>«Neque</strong></span> <span class='ocrx_word' id='word_1_500' title='bbox 2823 2133 3049 2194; x_wconf 74' lang='lat' dir='ltr'><strong>argento</strong></span> <span class='ocrx_word' id='word_1_501' title='bbox 3083 2121 3264 2178; x_wconf 89' lang='lat' dir='ltr'><strong>emisti</strong></span> <span class='ocrx_word' id='word_1_502' title='bbox 3302 2117 3434 2173; x_wconf 87' lang='lat' dir='ltr'><strong>mihi</strong></span> <span class='ocrx_word' id='word_1_503' title='bbox 3480 2117 3598 2187; x_wconf 76' lang='lat' dir='ltr'><strong>thy-</strong></span> 
     </span>
    </p>
   </div>
   <div class='ocr_carea' id='block_1_66' title="bbox 2033 2219 3603 2294">
    <p class='ocr_par' dir='ltr' id='par_1_66' title="bbox 2033 2219 3603 2294">
     <span class='ocr_line' id='line_1_66' title="bbox 2033 2219 3603 2294; baseline -0.011 -15"><span class='ocrx_word' id='word_1_504' title='bbox 2033 2223 2255 2291; x_wconf 89' lang='lat' dir='ltr'><strong>miama,</strong></span> <span class='ocrx_word' id='word_1_505' title='bbox 2308 2238 2484 2294; x_wconf 72' lang='lat' dir='ltr'><strong>neque</strong></span> <span class='ocrx_word' id='word_1_506' title='bbox 2523 2223 2736 2290; x_wconf 87' lang='lat' dir='ltr'><strong>adipem</strong></span> <span class='ocrx_word' id='word_1_507' title='bbox 2779 2219 3176 2275; x_wconf 73' lang='lat' dir='ltr'><strong>sacrificiorum</strong></span> <span class='ocrx_word' id='word_1_508' title='bbox 3225 2223 3442 2268; x_wconf 83' lang='lat' dir='ltr'><strong>tuorum</strong></span> <span class='ocrx_word' id='word_1_509' title='bbox 3473 2225 3603 2266; x_wconf 81' lang='lat' dir='ltr'><strong>cou-</strong></span> 
     </span>
    </p>
   </div>
   <div class='ocr_carea' id='block_1_67' title="bbox 2035 2302 3604 2388">
    <p class='ocr_par' dir='ltr' id='par_1_67' title="bbox 2035 2302 3604 2388">
     <span class='ocr_line' id='line_1_67' title="bbox 2035 2302 3604 2388; baseline -0.013 -15"><span class='ocrx_word' id='word_1_510' title='bbox 2035 2318 2248 2388; x_wconf 84' lang='lat' dir='ltr'><strong>cupivi;</strong></span> <span class='ocrx_word' id='word_1_511' title='bbox 2282 2319 2372 2372; x_wconf 91' lang='lat' dir='ltr'><strong>sed</strong></span> <span class='ocrx_word' id='word_1_512' title='bbox 2405 2318 2456 2371; x_wconf 91' lang='lat' dir='ltr'><strong>in</strong></span> <span class='ocrx_word' id='word_1_513' title='bbox 2489 2315 2727 2386; x_wconf 81' lang='lat' dir='ltr'><strong>peccatis</strong></span> <span class='ocrx_word' id='word_1_514' title='bbox 2753 2315 2859 2368; x_wconf 88' lang='lat' dir='ltr'><strong>tuis</strong></span> <span class='ocrx_word' id='word_1_515' title='bbox 2882 2319 3009 2366; x_wconf 88' lang='lat' dir='ltr'><strong>ante</strong></span> <span class='ocrx_word' id='word_1_516' title='bbox 3055 2324 3142 2364; x_wconf 90' lang='lat' dir='ltr'><strong>me</strong></span> <span class='ocrx_word' id='word_1_517' title='bbox 3184 2305 3416 2368; x_wconf 90' lang='lat' dir='ltr'><strong>stetisti,</strong></span> <span class='ocrx_word' id='word_1_518' title='bbox 3446 2312 3500 2358; x_wconf 93' lang='lat' dir='ltr'><strong>et</strong></span> <span class='ocrx_word' id='word_1_519' title='bbox 3550 2302 3604 2356; x_wconf 80' lang='lat' dir='ltr'><strong>in</strong></span> 
     </span>
    </p>
   </div>
   <div class='ocr_carea' id='block_1_68' title="bbox 2035 2394 3607 2478">
    <p class='ocr_par' dir='ltr' id='par_1_68' title="bbox 2035 2394 3607 2478">
     <span class='ocr_line' id='line_1_68' title="bbox 2035 2394 3607 2478; baseline -0.01 -14"><span class='ocrx_word' id='word_1_520' title='bbox 2035 2409 2416 2478; x_wconf 88' lang='lat' dir='ltr'><strong>iniquitatibus</strong></span> <span class='ocrx_word' id='word_1_521' title='bbox 2451 2409 2580 2462; x_wconf 88' lang='lat' dir='ltr'><strong>tuis.</strong></span> <span class='ocrx_word' id='word_1_522' title='bbox 2615 2407 2726 2478; x_wconf 84' lang='lat' dir='ltr'><strong>Ego</strong></span> <span class='ocrx_word' id='word_1_523' title='bbox 2761 2419 2901 2469; x_wconf 90' lang='lat' dir='ltr'><strong>sum,</strong></span> <span class='ocrx_word' id='word_1_524' title='bbox 2938 2417 3038 2473; x_wconf 77' lang='lat' dir='ltr'><strong>ego</strong></span> <span class='ocrx_word' id='word_1_525' title='bbox 3077 2416 3235 2466; x_wconf 70' lang='lat' dir='ltr'><strong>sum,</strong></span> <span class='ocrx_word' id='word_1_526' title='bbox 3298 2397 3388 2467; x_wconf 91' lang='lat' dir='ltr'><strong>qui</strong></span> <span class='ocrx_word' id='word_1_527' title='bbox 3449 2394 3607 2450; x_wconf 76' lang='lat' dir='ltr'><strong>deleo</strong></span> 
     </span>
    </p>
   </div>
   <div class='ocr_carea' id='block_1_69' title="bbox 2035 2496 3605 2570">
    <p class='ocr_par' dir='ltr' id='par_1_69' title="bbox 2035 2496 3605 2570">
     <span class='ocr_line' id='line_1_69' title="bbox 2035 2496 3605 2570; baseline -0.013 -13"><span class='ocrx_word' id='word_1_528' title='bbox 2035 2503 2348 2570; x_wconf 88' lang='lat' dir='ltr'><strong>iniquitates</strong></span> <span class='ocrx_word' id='word_1_529' title='bbox 2377 2509 2498 2554; x_wconf 88' lang='lat' dir='ltr'><strong>tuas</strong></span> <span class='ocrx_word' id='word_1_530' title='bbox 2527 2510 2749 2568; x_wconf 86' lang='lat' dir='ltr'><strong>pr0pter</strong></span> <span class='ocrx_word' id='word_1_531' title='bbox 2781 2512 2891 2560; x_wconf 91' lang='lat' dir='ltr'><strong>me,</strong></span> <span class='ocrx_word' id='word_1_532' title='bbox 2921 2505 2974 2549; x_wconf 90' lang='lat' dir='ltr'><strong>et</strong></span> <span class='ocrx_word' id='word_1_533' title='bbox 3005 2502 3230 2564; x_wconf 81' lang='lat' dir='ltr'><strong>peccata</strong></span> <span class='ocrx_word' id='word_1_534' title='bbox 3261 2501 3388 2554; x_wconf 91' lang='lat' dir='ltr'><strong>tua;</strong></span> <span class='ocrx_word' id='word_1_535' title='bbox 3419 2496 3475 2542; x_wconf 87' lang='lat' dir='ltr'><strong>et</strong></span> <span class='ocrx_word' id='word_1_536' title='bbox 3501 2502 3605 2539; x_wconf 90' lang='lat' dir='ltr'><strong>nou</strong></span> 
     </span>
    </p>
   </div>
   <div class='ocr_carea' id='block_1_70' title="bbox 2037 2581 3608 2650">
    <p class='ocr_par' dir='ltr' id='par_1_70' title="bbox 2037 2581 3608 2650">
     <span class='ocr_line' id='line_1_70' title="bbox 2037 2581 3608 2650; baseline -0.011 -1"><span class='ocrx_word' id='word_1_537' title='bbox 2037 2593 2386 2649; x_wconf 89' lang='lat' dir='ltr'><strong>recordabor.</strong></span> <span class='ocrx_word' id='word_1_538' title='bbox 2458 2590 2536 2644; x_wconf 85' lang='lat' dir='ltr'><strong>&#39;I&#39;u</strong></span> <span class='ocrx_word' id='word_1_539' title='bbox 2598 2600 2778 2642; x_wconf 89' lang='lat' dir='ltr'><strong>autem</strong></span> <span class='ocrx_word' id='word_1_540' title='bbox 2834 2595 3128 2643; x_wconf 84' lang='lat' dir='ltr'><strong>memento.</strong></span> <span class='ocrx_word' id='word_1_541' title='bbox 3185 2592 3241 2636; x_wconf 89' lang='lat' dir='ltr'><strong>et</strong></span> <span class='ocrx_word' id='word_1_542' title='bbox 3298 2581 3608 2650; x_wconf 74' lang='lat' dir='ltr'><strong>iudicemur</strong></span> 
     </span>
    </p>
   </div>
   <div class='ocr_carea' id='block_1_71' title="bbox 2035 2685 3607 2746">
    <p class='ocr_par' dir='ltr' id='par_1_71' title="bbox 2035 2685 3607 2746">
     <span class='ocr_line' id='line_1_71' title="bbox 2035 2685 3607 2746; baseline -0.011 -6"><span class='ocrx_word' id='word_1_543' title='bbox 2035 2686 2214 2740; x_wconf 90' lang='lat' dir='ltr'><strong>simul.</strong></span> <span class='ocrx_word' id='word_1_544' title='bbox 2250 2699 2384 2739; x_wconf 71' lang='lat' dir='ltr'><strong>noua</strong></span> <span class='ocrx_word' id='word_1_545' title='bbox 2444 2695 2634 2746; x_wconf 66' lang='lat' dir='ltr'><strong>omnes</strong></span> <span class='ocrx_word' id='word_1_546' title='bbox 2681 2696 2778 2735; x_wconf 77' lang='lat' dir='ltr'><strong>esr</strong></span> <span class='ocrx_word' id='word_1_547' title='bbox 2838 2691 3192 2732; x_wconf 76' lang='lat' dir='ltr'><strong>rmsrmonuu</strong></span> <span class='ocrx_word' id='word_1_548' title='bbox 3255 2685 3607 2728; x_wconf 74' lang='lat' dir='ltr'><strong>rsccsrowu</strong></span> 
     </span>
    </p>
   </div>
   <div class='ocr_carea' id='block_1_72' title="bbox 2034 2774 3608 2835">
    <p class='ocr_par' dir='ltr' id='par_1_72' title="bbox 2034 2774 3608 2835">
     <span class='ocr_line' id='line_1_72' title="bbox 2034 2774 3608 2835; baseline -0.011 -4"><span class='ocrx_word' id='word_1_549' title='bbox 2034 2792 2273 2832; x_wconf 66' lang='lat' dir='ltr'><strong>MEMORIA</strong></span> <span class='ocrx_word' id='word_1_550' title='bbox 2327 2791 2432 2830; x_wconf 68' lang='lat' dir='ltr'><strong>CUM</strong></span> <span class='ocrx_word' id='word_1_551' title='bbox 2475 2785 2827 2829; x_wconf 73' lang='lat' dir='ltr'><strong>(ZONFESSIONB</strong></span> <span class='ocrx_word' id='word_1_552' title='bbox 2881 2783 3180 2824; x_wconf 64' lang='lat' dir='ltr'><strong>CONJIIXCTA</strong></span> <span class='ocrx_word' id='word_1_553' title='bbox 3220 2783 3235 2820; x_wconf 70' lang='grc' dir='ltr'><em>τ</em></span> <span class='ocrx_word' id='word_1_554' title='bbox 3275 2774 3608 2835; x_wconf 81' lang='lat' dir='ltr'><strong>quapropter</strong></span> 
     </span>
    </p>
   </div>
   <div class='ocr_carea' id='block_1_73' title="bbox 2035 2857 3602 2936">
    <p class='ocr_par' dir='ltr' id='par_1_73' title="bbox 2035 2857 3602 2936">
     <span class='ocr_line' id='line_1_73' title="bbox 2035 2857 3602 2936; baseline -0.01 -14"><span class='ocrx_word' id='word_1_555' title='bbox 2035 2870 2218 2933; x_wconf 81' lang='lat' dir='ltr'><strong>infert,</strong></span> <span class='ocrx_word' id='word_1_556' title='bbox 2254 2887 2272 2920; x_wconf 77' lang='grc' dir='ltr'><strong>ι</strong></span> <span class='ocrx_word' id='word_1_557' title='bbox 2299 2868 2394 2922; x_wconf 91' lang='lat' dir='ltr'><strong>Dic</strong></span> <span class='ocrx_word' id='word_1_558' title='bbox 2419 2877 2474 2920; x_wconf 93' lang='lat' dir='ltr'><strong>tu</strong></span> <span class='ocrx_word' id='word_1_559' title='bbox 2503 2867 2715 2936; x_wconf 90' lang='lat' dir='ltr'><strong>primus</strong></span> <span class='ocrx_word' id='word_1_560' title='bbox 2743 2873 2962 2934; x_wconf 85' lang='lat' dir='ltr'><strong>peccata</strong></span> <span class='ocrx_word' id='word_1_561' title='bbox 2995 2875 3107 2924; x_wconf 86' lang='lat' dir='ltr'><strong>tua,</strong></span> <span class='ocrx_word' id='word_1_562' title='bbox 3133 2869 3189 2913; x_wconf 90' lang='lat' dir='ltr'><strong>ut</strong></span> <span class='ocrx_word' id='word_1_563' title='bbox 3214 2857 3529 2929; x_wconf 80' lang='lat' dir='ltr'><strong>jusliliceris</strong></span> <span class='ocrx_word' id='word_1_564' title='bbox 3553 2875 3602 2910; x_wconf 72' lang='grc' dir='ltr'>ι»</span> 
     </span>
    </p>
   </div>
   <div class='ocr_carea' id='block_1_74' title="bbox 2039 2949 3608 3032">
    <p class='ocr_par' dir='ltr' id='par_1_74' title="bbox 2039 2949 3608 3032">
     <span class='ocr_line' id='line_1_74' title="bbox 2039 2949 3608 3032; baseline -0.01 -17"><span class='ocrx_word' id='word_1_565' title='bbox 2039 2961 2091 3015; x_wconf 85' lang='lat' dir='ltr'><strong>id</strong></span> <span class='ocrx_word' id='word_1_566' title='bbox 2147 2976 2314 3032; x_wconf 80' lang='lat' dir='ltr'><strong>agens</strong></span> <span class='ocrx_word' id='word_1_567' title='bbox 2359 2958 2789 3029; x_wconf 83' lang='lat' dir='ltr'><strong>justilicaberis;</strong></span> <span class='ocrx_word' id='word_1_568' title='bbox 2845 2956 2970 3025; x_wconf 90' lang='lat' dir='ltr'><strong>quia</strong></span> <span class='ocrx_word' id='word_1_569' title='bbox 3020 2954 3197 3022; x_wconf 87' lang='lat' dir='ltr'><strong>justus</strong></span> <span class='ocrx_word' id='word_1_570' title='bbox 3238 2950 3291 3005; x_wconf 91' lang='lat' dir='ltr'><strong>in</strong></span> <span class='ocrx_word' id='word_1_571' title='bbox 3343 2949 3608 3018; x_wconf 79' lang='lat' dir='ltr'><strong>principio</strong></span> 
     </span>
    </p>
   </div>
   <div class='ocr_carea' id='block_1_75' title="bbox 1963 3048 2869 3130">
    <p class='ocr_par' dir='ltr' id='par_1_75' title="bbox 1963 3048 2869 3130">
     <span class='ocr_line' id='line_1_75' title="bbox 1963 3048 2869 3130; baseline -0.009 -23"><span class='ocrx_word' id='word_1_572' title='bbox 1963 3073 2004 3130; x_wconf 74' lang='grc' dir='ltr'>ο</span> <span class='ocrx_word' id='word_1_573' title='bbox 2036 3051 2307 3107; x_wconf 82' lang='lat' dir='ltr'><strong>sermonis</strong></span> <span class='ocrx_word' id='word_1_574' title='bbox 2343 3057 2631 3105; x_wconf 90' lang='lat' dir='ltr'><strong>accusator</strong></span> <span class='ocrx_word' id='word_1_575' title='bbox 2653 3058 2739 3103; x_wconf 83' lang='lat' dir='ltr'><strong>est</strong></span> <span class='ocrx_word' id='word_1_576' title='bbox 2764 3048 2869 3102; x_wconf 92' lang='lat' dir='ltr'><strong>sui.</strong></span> 
     </span>
    </p>
   </div>
   <div class='ocr_carea' id='block_1_76' title="bbox 2109 3130 3608 3207">
    <p class='ocr_par' dir='ltr' id='par_1_76' title="bbox 2109 3130 3608 3207">
     <span class='ocr_line' id='line_1_76' title="bbox 2109 3130 3608 3207; baseline -0.008 -12"><span class='ocrx_word' id='word_1_577' title='bbox 2109 3142 2272 3199; x_wconf 76' lang='lat' dir='ltr'><strong>Vsus.</strong></span> <span class='ocrx_word' id='word_1_578' title='bbox 2318 3143 2410 3207; x_wconf 74' lang='grc'><strong>27,</strong></span> <span class='ocrx_word' id='word_1_579' title='bbox 2460 3140 2552 3196; x_wconf 72' lang='lat'><strong>28.</strong></span> <span class='ocrx_word' id='word_1_580' title='bbox 2609 3157 2628 3191; x_wconf 77' lang='grc' dir='ltr'><strong>ι</strong></span> <span class='ocrx_word' id='word_1_581' title='bbox 2661 3139 2852 3194; x_wconf 88' lang='lat' dir='ltr'><strong>Patres</strong></span> <span class='ocrx_word' id='word_1_582' title='bbox 2888 3136 3055 3192; x_wconf 82' lang='lat' dir='ltr'><strong>vestri</strong></span> <span class='ocrx_word' id='word_1_583' title='bbox 3090 3134 3275 3203; x_wconf 82' lang='lat' dir='ltr'><strong>primi,</strong></span> <span class='ocrx_word' id='word_1_584' title='bbox 3322 3142 3377 3187; x_wconf 92' lang='lat' dir='ltr'><strong>et</strong></span> <span class='ocrx_word' id='word_1_585' title='bbox 3411 3130 3608 3202; x_wconf 85' lang='lat' dir='ltr'><strong>princi-</strong></span> 
     </span>
    </p>
   </div>
   <div class='ocr_carea' id='block_1_77' title="bbox 2038 3224 3608 3307">
    <p class='ocr_par' dir='ltr' id='par_1_77' title="bbox 2038 3224 3608 3307">
     <span class='ocr_line' id='line_1_77' title="bbox 2038 3224 3608 3307; baseline -0.007 -20"><span class='ocrx_word' id='word_1_586' title='bbox 2038 3250 2132 3306; x_wconf 82' lang='lat' dir='ltr'><strong>pes</strong></span> <span class='ocrx_word' id='word_1_587' title='bbox 2164 3234 2331 3291; x_wconf 88' lang='lat' dir='ltr'><strong>vestri</strong></span> <span class='ocrx_word' id='word_1_588' title='bbox 2374 3233 2560 3302; x_wconf 90' lang='lat' dir='ltr'><strong>inique</strong></span> <span class='ocrx_word' id='word_1_589' title='bbox 2588 3238 2818 3302; x_wconf 83' lang='lat' dir='ltr'><strong>egerunt</strong></span> <span class='ocrx_word' id='word_1_590' title='bbox 2848 3229 2904 3307; x_wconf 77' lang='lat' dir='ltr'><strong>in</strong></span> <span class='ocrx_word' id='word_1_591' title='bbox 2943 3243 3054 3282; x_wconf 89' lang='lat' dir='ltr'><strong>me.</strong></span> <span class='ocrx_word' id='word_1_592' title='bbox 3105 3227 3170 3282; x_wconf 92' lang='lat' dir='ltr'><strong>Et</strong></span> <span class='ocrx_word' id='word_1_593' title='bbox 3196 3224 3608 3281; x_wconf 67' lang='lat' dir='ltr'><strong>contaminare-</strong></span> 
     </span>
    </p>
   </div>
   <div class='ocr_carea' id='block_1_78' title="bbox 2039 3315 3608 3395">
    <p class='ocr_par' dir='ltr' id='par_1_78' title="bbox 2039 3315 3608 3395">
     <span class='ocr_line' id='line_1_78' title="bbox 2039 3315 3608 3395; baseline -0.01 -15"><span class='ocrx_word' id='word_1_594' title='bbox 2039 3337 2165 3380; x_wconf 88' lang='lat' dir='ltr'><strong>runt</strong></span> <span class='ocrx_word' id='word_1_595' title='bbox 2197 3325 2466 3395; x_wconf 86' lang='lat' dir='ltr'><strong>principes</strong></span> <span class='ocrx_word' id='word_1_596' title='bbox 2494 3335 2684 3378; x_wconf 78' lang='lat' dir='ltr'><strong>sancta</strong></span> <span class='ocrx_word' id='word_1_597' title='bbox 2735 3335 2875 3374; x_wconf 80' lang='lat' dir='ltr'><strong>mea.</strong></span> <span class='ocrx_word' id='word_1_598' title='bbox 2933 3318 2999 3373; x_wconf 85' lang='lat' dir='ltr'><strong>Et</strong></span> <span class='ocrx_word' id='word_1_599' title='bbox 3048 3318 3167 3373; x_wconf 86' lang='lat' dir='ltr'><strong>dedi</strong></span> <span class='ocrx_word' id='word_1_600' title='bbox 3226 3317 3280 3373; x_wconf 88' lang='lat' dir='ltr'><strong>in</strong></span> <span class='ocrx_word' id='word_1_601' title='bbox 3329 3315 3608 3371; x_wconf 79' lang='lat' dir='ltr'><strong>interitum</strong></span> 
     </span>
    </p>
   </div>
   <div class='ocr_carea' id='block_1_79' title="bbox 2037 3410 3050 3481">
    <p class='ocr_par' dir='ltr' id='par_1_79' title="bbox 2037 3410 3050 3481">
     <span class='ocr_line' id='line_1_79' title="bbox 2037 3410 3050 3481; baseline -0.011 -8"><span class='ocrx_word' id='word_1_602' title='bbox 2037 3418 2225 3479; x_wconf 78' lang='lat' dir='ltr'><strong>Iacob,</strong></span> <span class='ocrx_word' id='word_1_603' title='bbox 2250 3426 2300 3470; x_wconf 91' lang='lat' dir='ltr'><strong>et</strong></span> <span class='ocrx_word' id='word_1_604' title='bbox 2332 3414 2500 3470; x_wconf 88' lang='lat' dir='ltr'><strong>Israel</strong></span> <span class='ocrx_word' id='word_1_605' title='bbox 2543 3416 2596 3468; x_wconf 92' lang='lat' dir='ltr'><strong>in</strong></span> <span class='ocrx_word' id='word_1_606' title='bbox 2635 3410 3006 3481; x_wconf 84' lang='lat' dir='ltr'><strong>opprobrium.</strong></span> <span class='ocrx_word' id='word_1_607' title='bbox 3031 3428 3050 3461; x_wconf 74' lang='grc' dir='ltr'><strong>ι</strong></span> 
     </span>
    </p>
   </div>
   <div class='ocr_carea' id='block_1_80' title="bbox 2597 3500 3044 3559">
    <p class='ocr_par' dir='ltr' id='par_1_80' title="bbox 2597 3500 3044 3559">
     <span class='ocr_line' id='line_1_80' title="bbox 2597 3500 3044 3559; baseline -0.011 0"><span class='ocrx_word' id='word_1_608' title='bbox 2597 3502 2824 3559; x_wconf 83' lang='lat' dir='ltr'><strong>CAPUT</strong></span> <span class='ocrx_word' id='word_1_609' title='bbox 2862 3500 3044 3556; x_wconf 79' lang='lat' dir='ltr'><strong>XLIV.</strong></span> 
     </span>
    </p>
   </div>
   <div class='ocr_carea' id='block_1_81' title="bbox 2108 3590 3607 3659">
    <p class='ocr_par' dir='ltr' id='par_1_81' title="bbox 2108 3590 3607 3659">
     <span class='ocr_line' id='line_1_81' title="bbox 2108 3590 3607 3659; baseline -0.009 -3"><span class='ocrx_word' id='word_1_610' title='bbox 2108 3601 2266 3656; x_wconf 73' lang='lat' dir='ltr'><strong>Vens.</strong></span> <span class='ocrx_word' id='word_1_611' title='bbox 2328 3600 2377 3654; x_wconf 91' lang='lat' dir='ltr'><strong>I.</strong></span> <span class='ocrx_word' id='word_1_612' title='bbox 2429 3616 2448 3650; x_wconf 79' lang='grc' dir='ltr'><strong>ι</strong></span> <span class='ocrx_word' id='word_1_613' title='bbox 2482 3596 2634 3652; x_wconf 83' lang='lat' dir='ltr'><strong>Nunc</strong></span> <span class='ocrx_word' id='word_1_614' title='bbox 2665 3607 2842 3652; x_wconf 89' lang='lat' dir='ltr'><strong>autem</strong></span> <span class='ocrx_word' id='word_1_615' title='bbox 2870 3595 3017 3658; x_wconf 84' lang='lat' dir='ltr'><strong>audi,</strong></span> <span class='ocrx_word' id='word_1_616' title='bbox 3049 3590 3217 3648; x_wconf 76' lang='lat' dir='ltr'><strong>Iacob</strong></span> <span class='ocrx_word' id='word_1_617' title='bbox 3257 3604 3392 3659; x_wconf 89' lang='lat' dir='ltr'><strong>puer</strong></span> <span class='ocrx_word' id='word_1_618' title='bbox 3433 3602 3607 3652; x_wconf 84' lang='lat' dir='ltr'><strong>meus,</strong></span> 
     </span>
    </p>
   </div>
   <div class='ocr_carea' id='block_1_82' title="bbox 2038 3679 3612 3762">
    <p class='ocr_par' dir='ltr' id='par_1_82' title="bbox 2038 3679 3612 3762">
     <span class='ocr_line' id='line_1_82' title="bbox 2038 3679 3612 3762; baseline -0.01 -13"><span class='ocrx_word' id='word_1_619' title='bbox 2038 3706 2093 3752; x_wconf 88' lang='lat' dir='ltr'><strong>et</strong></span> <span class='ocrx_word' id='word_1_620' title='bbox 2144 3693 2335 3756; x_wconf 90' lang='lat' dir='ltr'><strong>Israel,</strong></span> <span class='ocrx_word' id='word_1_621' title='bbox 2393 3705 2554 3762; x_wconf 91' lang='lat' dir='ltr'><strong>quem</strong></span> <span class='ocrx_word' id='word_1_622' title='bbox 2610 3689 2766 3759; x_wconf 78' lang='lat' dir='ltr'><strong>elegi.</strong></span> <span class='ocrx_word' id='word_1_623' title='bbox 2799 3707 2817 3741; x_wconf 74' lang='grc' dir='ltr'><strong>ι</strong></span> <span class='ocrx_word' id='word_1_624' title='bbox 2871 3685 2966 3741; x_wconf 89' lang='lat' dir='ltr'><strong>llis</strong></span> <span class='ocrx_word' id='word_1_625' title='bbox 3014 3685 3210 3740; x_wconf 88' lang='lat' dir='ltr'><strong>iterum</strong></span> <span class='ocrx_word' id='word_1_626' title='bbox 3256 3679 3612 3749; x_wconf 86' lang='lat' dir='ltr'><strong>apostolicum</strong></span> 
     </span>
    </p>
   </div>
   <div class='ocr_carea' id='block_1_83' title="bbox 2039 3789 2510 3844">
    <p class='ocr_par' dir='ltr' id='par_1_83' title="bbox 2039 3789 2510 3844">
     <span class='ocr_line' id='line_1_83' title="bbox 2039 3789 2510 3844; baseline -0.011 -1"><span class='ocrx_word' id='word_1_627' title='bbox 2039 3789 2268 3844; x_wconf 90' lang='lat' dir='ltr'><strong>chorum</strong></span> <span class='ocrx_word' id='word_1_628' title='bbox 2299 3793 2510 3840; x_wconf 88' lang='lat' dir='ltr'><strong>evocat.</strong></span> 
     </span>
    </p>
   </div>
   <div class='ocr_carea' id='block_1_84' title="bbox 2112 3863 3614 3939">
    <p class='ocr_par' dir='ltr' id='par_1_84' title="bbox 2112 3863 3614 3939">
     <span class='ocr_line' id='line_1_84' title="bbox 2112 3863 3614 3939; baseline -0.011 -6"><span class='ocrx_word' id='word_1_629' title='bbox 2112 3880 2276 3934; x_wconf 75' lang='lat' dir='ltr'><strong>Vsus.</strong></span> <span class='ocrx_word' id='word_1_630' title='bbox 2342 3877 2398 3939; x_wconf 75' lang='lat'><strong>2.</strong></span> <span class='ocrx_word' id='word_1_631' title='bbox 2459 3875 2515 3929; x_wconf 87' lang='grc'><strong>’5.</strong></span> <span class='ocrx_word' id='word_1_632' title='bbox 2575 3893 2592 3926; x_wconf 74' lang='grc' dir='ltr'><strong>ι</strong></span> <span class='ocrx_word' id='word_1_633' title='bbox 2627 3872 2718 3928; x_wconf 90' lang='lat' dir='ltr'><strong>Sic</strong></span> <span class='ocrx_word' id='word_1_634' title='bbox 2770 3871 2900 3926; x_wconf 92' lang='lat' dir='ltr'><strong>dicit</strong></span> <span class='ocrx_word' id='word_1_635' title='bbox 2954 3868 3217 3923; x_wconf 89' lang='lat' dir='ltr'><strong>Dominus</strong></span> <span class='ocrx_word' id='word_1_636' title='bbox 3279 3865 3470 3929; x_wconf 86' lang='lat' dir='ltr'><strong>Deus,</strong></span> <span class='ocrx_word' id='word_1_637' title='bbox 3521 3863 3614 3933; x_wconf 88' lang='lat' dir='ltr'><strong>qui</strong></span> 
     </span>
    </p>
   </div>
   <div class='ocr_carea' id='block_1_85' title="bbox 2041 3956 3616 4035">
    <p class='ocr_par' dir='ltr' id='par_1_85' title="bbox 2041 3956 3616 4035">
     <span class='ocr_line' id='line_1_85' title="bbox 2041 3956 3616 4035; baseline -0.011 -8"><span class='ocrx_word' id='word_1_638' title='bbox 2041 3972 2171 4027; x_wconf 82' lang='lat' dir='ltr'><strong>fecit</strong></span> <span class='ocrx_word' id='word_1_639' title='bbox 2198 3980 2271 4035; x_wconf 88' lang='lat' dir='ltr'><strong>te,</strong></span> <span class='ocrx_word' id='word_1_640' title='bbox 2303 3980 2358 4025; x_wconf 86' lang='lat' dir='ltr'><strong>et</strong></span> <span class='ocrx_word' id='word_1_641' title='bbox 2396 3967 2653 4028; x_wconf 81' lang='lat' dir='ltr'><strong>formavit</strong></span> <span class='ocrx_word' id='word_1_642' title='bbox 2692 3974 2742 4020; x_wconf 91' lang='lat' dir='ltr'><strong>te</strong></span> <span class='ocrx_word' id='word_1_643' title='bbox 2770 3963 2840 4020; x_wconf 89' lang='lat' dir='ltr'><strong>de</strong></span> <span class='ocrx_word' id='word_1_644' title='bbox 2877 3972 3110 4018; x_wconf 83' lang='lat' dir='ltr'><strong>ventre:</strong></span> <span class='ocrx_word' id='word_1_645' title='bbox 3143 3960 3334 4014; x_wconf 81' lang='lat' dir='ltr'><strong>Adhuc</strong></span> <span class='ocrx_word' id='word_1_646' title='bbox 3389 3956 3616 4014; x_wconf 84' lang='lat' dir='ltr'><strong>habebis</strong></span> 
     </span>
    </p>
   </div>
   <div class='ocr_carea' id='block_1_86' title="bbox 2042 4050 3617 4128">
    <p class='ocr_par' dir='ltr' id='par_1_86' title="bbox 2042 4050 3617 4128">
     <span class='ocr_line' id='line_1_86' title="bbox 2042 4050 3617 4128; baseline -0.011 -8"><span class='ocrx_word' id='word_1_647' title='bbox 2042 4066 2337 4128; x_wconf 74' lang='lat' dir='ltr'><strong>auxilium;</strong></span> <span class='ocrx_word' id='word_1_648' title='bbox 2369 4061 2474 4118; x_wconf 89' lang='lat' dir='ltr'><strong>noli</strong></span> <span class='ocrx_word' id='word_1_649' title='bbox 2509 4068 2772 4122; x_wconf 86' lang='lat' dir='ltr'><strong>metuere,</strong></span> <span class='ocrx_word' id='word_1_650' title='bbox 2799 4071 2934 4127; x_wconf 88' lang='lat' dir='ltr'><strong>puer</strong></span> <span class='ocrx_word' id='word_1_651' title='bbox 2967 4069 3118 4110; x_wconf 86' lang='lat' dir='ltr'><strong>meus</strong></span> <span class='ocrx_word' id='word_1_652' title='bbox 3141 4051 3329 4115; x_wconf 84' lang='lat' dir='ltr'><strong>Jacob,</strong></span> <span class='ocrx_word' id='word_1_653' title='bbox 3347 4059 3402 4106; x_wconf 88' lang='lat' dir='ltr'><strong>et</strong></span> <span class='ocrx_word' id='word_1_654' title='bbox 3423 4050 3617 4106; x_wconf 88' lang='lat' dir='ltr'><strong>dilecte</strong></span> 
     </span>
    </p>
   </div>
   <div class='ocr_carea' id='block_1_87' title="bbox 2042 4141 3616 4225">
    <p class='ocr_par' dir='ltr' id='par_1_87' title="bbox 2042 4141 3616 4225">
     <span class='ocr_line' id='line_1_87' title="bbox 2042 4141 3616 4225; baseline -0.011 -14"><span class='ocrx_word' id='word_1_655' title='bbox 2042 4156 2230 4220; x_wconf 81' lang='lat' dir='ltr'><strong>Israel,</strong></span> <span class='ocrx_word' id='word_1_656' title='bbox 2261 4170 2421 4225; x_wconf 91' lang='lat' dir='ltr'><strong>quem</strong></span> <span class='ocrx_word' id='word_1_657' title='bbox 2454 4153 2615 4224; x_wconf 77' lang='lat' dir='ltr'><strong>elegi.</strong></span> <span class='ocrx_word' id='word_1_658' title='bbox 2657 4149 2793 4217; x_wconf 82' lang='lat' dir='ltr'><strong>Quia</strong></span> <span class='ocrx_word' id='word_1_659' title='bbox 2832 4164 2934 4220; x_wconf 76' lang='lat' dir='ltr'><strong>ego</strong></span> <span class='ocrx_word' id='word_1_660' title='bbox 2983 4147 3122 4201; x_wconf 87' lang='lat' dir='ltr'><strong>dabo</strong></span> <span class='ocrx_word' id='word_1_661' title='bbox 3176 4159 3371 4214; x_wconf 88' lang='lat' dir='ltr'><strong>aquam</strong></span> <span class='ocrx_word' id='word_1_662' title='bbox 3417 4141 3472 4196; x_wconf 90' lang='lat' dir='ltr'><strong>in</strong></span> <span class='ocrx_word' id='word_1_663' title='bbox 3525 4142 3616 4195; x_wconf 86' lang='lat' dir='ltr'><strong>siti</strong></span> 
     </span>
    </p>
   </div>
   <div class='ocr_carea' id='block_1_88' title="bbox 2044 4231 3614 4318">
    <p class='ocr_par' dir='ltr' id='par_1_88' title="bbox 2044 4231 3614 4318">
     <span class='ocr_line' id='line_1_88' title="bbox 2044 4231 3614 4318; baseline -0.01 -14"><span class='ocrx_word' id='word_1_664' title='bbox 2044 4250 2130 4304; x_wconf 91' lang='lat' dir='ltr'><strong>his</strong></span> <span class='ocrx_word' id='word_1_665' title='bbox 2159 4251 2252 4318; x_wconf 92' lang='lat' dir='ltr'><strong>qui</strong></span> <span class='ocrx_word' id='word_1_666' title='bbox 2295 4244 2579 4300; x_wconf 87' lang='lat' dir='ltr'><strong>ambulant</strong></span> <span class='ocrx_word' id='word_1_667' title='bbox 2611 4243 2664 4296; x_wconf 93' lang='lat' dir='ltr'><strong>in</strong></span> <span class='ocrx_word' id='word_1_668' title='bbox 2715 4242 3002 4310; x_wconf 85' lang='lat' dir='ltr'><strong>inaquosa,</strong></span> <span class='ocrx_word' id='word_1_669' title='bbox 3040 4238 3314 4306; x_wconf 89' lang='lat' dir='ltr'><strong>imponam</strong></span> <span class='ocrx_word' id='word_1_670' title='bbox 3366 4231 3614 4302; x_wconf 81' lang='lat' dir='ltr'><strong>spiritum</strong></span> 
     </span>
    </p>
   </div>
   <div class='ocr_carea' id='block_1_89' title="bbox 2046 4327 3617 4408">
    <p class='ocr_par' dir='ltr' id='par_1_89' title="bbox 2046 4327 3617 4408">
     <span class='ocr_line' id='line_1_89' title="bbox 2046 4327 3617 4408; baseline -0.011 -13"><span class='ocrx_word' id='word_1_671' title='bbox 2046 4357 2222 4395; x_wconf 85' lang='lat' dir='ltr'><strong>tnemu</strong></span> <span class='ocrx_word' id='word_1_672' title='bbox 2253 4354 2414 4408; x_wconf 89' lang='lat' dir='ltr'><strong>super</strong></span> <span class='ocrx_word' id='word_1_673' title='bbox 2440 4351 2624 4390; x_wconf 90' lang='lat' dir='ltr'><strong>semen</strong></span> <span class='ocrx_word' id='word_1_674' title='bbox 2682 4343 2868 4398; x_wconf 89' lang='lat' dir='ltr'><strong>tuum,</strong></span> <span class='ocrx_word' id='word_1_675' title='bbox 2917 4339 2972 4384; x_wconf 91' lang='lat' dir='ltr'><strong>et</strong></span> <span class='ocrx_word' id='word_1_676' title='bbox 3018 4327 3424 4384; x_wconf 84' lang='lat' dir='ltr'><strong>benedictioues</strong></span> <span class='ocrx_word' id='word_1_677' title='bbox 3467 4338 3617 4377; x_wconf 83' lang='lat' dir='ltr'><strong>meas</strong></span> 
     </span>
    </p>
   </div>
   <div class='ocr_carea' id='block_1_90' title="bbox 366 4415 1934 4504">
    <p class='ocr_par' dir='ltr' id='par_1_90' title="bbox 366 4429 1934 4504">
     <span class='ocr_line' id='line_1_90' title="bbox 366 4429 1934 4504; baseline 0 -18"><span class='ocrx_word' id='word_1_678' title='bbox 366 4433 464 4486; x_wconf 74' lang='grc' dir='ltr'>Διά</span> <span class='ocrx_word' id='word_1_679' title='bbox 487 4433 595 4504; x_wconf 74' lang='grc' dir='ltr'><strong>γὰρ</strong></span> <span class='ocrx_word' id='word_1_680' title='bbox 627 4432 719 4486; x_wconf 84' lang='grc' dir='ltr'><strong>τοῦ</strong></span> <span class='ocrx_word' id='word_1_681' title='bbox 753 4431 1063 4502; x_wconf 77' lang='grc' dir='ltr'>Πνεῦματος</span> <span class='ocrx_word' id='word_1_682' title='bbox 1091 4430 1183 4485; x_wconf 92' lang='grc' dir='ltr'><strong>τοῦ</strong></span> <span class='ocrx_word' id='word_1_683' title='bbox 1209 4429 1364 4500; x_wconf 80' lang='grc' dir='ltr'>ἁγίου</span> <span class='ocrx_word' id='word_1_684' title='bbox 1390 4431 1451 4485; x_wconf 79' lang='grc' dir='ltr'><strong>τὸ</strong></span> <span class='ocrx_word' id='word_1_685' title='bbox 1478 4432 1691 4500; x_wconf 79' lang='grc' dir='ltr'>λογικὸν</span> <span class='ocrx_word' id='word_1_686' title='bbox 1723 4434 1816 4485; x_wconf 73' lang='grc' dir='ltr'>καὶ</span> <span class='ocrx_word' id='word_1_687' title='bbox 1851 4433 1934 4502; x_wconf 87' lang='grc' dir='ltr'><strong>γό-</strong></span> 
     </span>
    </p>
   </div>
   <div class='ocr_carea' id='block_1_91' title="bbox 2037 4415 3614 4504">
    <p class='ocr_par' dir='ltr' id='par_1_91' title="bbox 2043 4417 3614 4496">
     <span class='ocr_line' id='line_1_91' title="bbox 2043 4417 3614 4496; baseline -0.012 -12"><span class='ocrx_word' id='word_1_688' title='bbox 2043 4443 2205 4496; x_wconf 77' lang='lat' dir='ltr'><strong>Super</strong></span> <span class='ocrx_word' id='word_1_689' title='bbox 2250 4425 2390 4479; x_wconf 83' lang='lat' dir='ltr'><strong>ﬁlios</strong></span> <span class='ocrx_word' id='word_1_690' title='bbox 2425 4435 2563 4478; x_wconf 88' lang='lat' dir='ltr'><strong>tuos.</strong></span> <span class='ocrx_word' id='word_1_691' title='bbox 2597 4440 2615 4474; x_wconf 72' lang='grc' dir='ltr'><strong>ι</strong></span> <span class='ocrx_word' id='word_1_692' title='bbox 2669 4420 2803 4475; x_wconf 84' lang='lat' dir='ltr'><strong>Nam</strong></span> <span class='ocrx_word' id='word_1_693' title='bbox 2866 4435 2960 4488; x_wconf 85' lang='lat' dir='ltr'><strong>per</strong></span> <span class='ocrx_word' id='word_1_694' title='bbox 3018 4417 3282 4487; x_wconf 89' lang='lat' dir='ltr'><strong>Spiritum</strong></span> <span class='ocrx_word' id='word_1_695' title='bbox 3338 4423 3614 4473; x_wconf 84' lang='lat' dir='ltr'><strong>sanctum.</strong></span> 
     </span>
    </p>
   </div>
   <div class='ocr_carea' id='block_1_92' title="bbox 365 4518 1942 4592">
    <p class='ocr_par' dir='ltr' id='par_1_92' title="bbox 365 4518 1942 4592">
     <span class='ocr_line' id='line_1_92' title="bbox 365 4518 1942 4592; baseline -0.001 -18"><span class='ocrx_word' id='word_1_696' title='bbox 365 4539 544 4592; x_wconf 88' lang='grc' dir='ltr'>νιμον,</span> <span class='ocrx_word' id='word_1_697' title='bbox 581 4523 673 4574; x_wconf 74' lang='grc' dir='ltr'><strong>καὶ</strong></span> <span class='ocrx_word' id='word_1_698' title='bbox 710 4518 1077 4591; x_wconf 80' lang='grc' dir='ltr'>πνευματικὸν</span> <span class='ocrx_word' id='word_1_699' title='bbox 1111 4519 1254 4590; x_wconf 77' lang='grc' dir='ltr'>ὕδωρ</span> <span class='ocrx_word' id='word_1_700' title='bbox 1288 4523 1352 4592; x_wconf 80' lang='grc' dir='ltr'>τῇ</span> <span class='ocrx_word' id='word_1_701' title='bbox 1387 4520 1597 4592; x_wconf 82' lang='grc' dir='ltr'>ἀνύδρῳ</span> <span class='ocrx_word' id='word_1_702' title='bbox 1626 4522 1718 4574; x_wconf 69' lang='grc' dir='ltr'><strong>καὶ</strong></span> <span class='ocrx_word' id='word_1_703' title='bbox 1746 4521 1942 4592; x_wconf 82' lang='grc' dir='ltr'>ἐρήμῳ</span> 
     </span>
    </p>
   </div>
   <div class='ocr_carea' id='block_1_93' title="bbox 365 4609 1944 4686">
    <p class='ocr_par' dir='ltr' id='par_1_93' title="bbox 365 4609 1944 4686">
     <span class='ocr_line' id='line_1_93' title="bbox 365 4609 1944 4686; baseline 0.001 -21"><span class='ocrx_word' id='word_1_704' title='bbox 365 4613 695 4684; x_wconf 81' lang='grc' dir='ltr'>χορηγήσειν</span> <span class='ocrx_word' id='word_1_705' title='bbox 723 4611 940 4682; x_wconf 73' lang='grc' dir='ltr'>ἤμελλε.</span> <span class='ocrx_word' id='word_1_706' title='bbox 967 4609 1196 4686; x_wconf 82' lang='grc' dir='ltr'>Σπέρμα</span> <span class='ocrx_word' id='word_1_707' title='bbox 1214 4610 1271 4664; x_wconf 82' lang='grc' dir='ltr'><strong>δέ</strong></span> <span class='ocrx_word' id='word_1_708' title='bbox 1291 4611 1398 4666; x_wconf 82' lang='grc' dir='ltr'><strong>τῶν</strong></span> <span class='ocrx_word' id='word_1_709' title='bbox 1413 4611 1720 4666; x_wconf 80' lang='grc' dir='ltr'>ἀποστόλων</span> <span class='ocrx_word' id='word_1_710' title='bbox 1736 4613 1789 4668; x_wconf 68' lang='grc' dir='ltr'>αἱ</span> <span class='ocrx_word' id='word_1_711' title='bbox 1828 4612 1944 4666; x_wconf 86' lang='grc' dir='ltr'>Ἐκ-</span> 
     </span>
    </p>
   </div>
   <div class='ocr_carea' id='block_1_94' title="bbox 365 4701 1940 4785">
    <p class='ocr_par' dir='ltr' id='par_1_94' title="bbox 365 4701 1940 4785">
     <span class='ocr_line' id='line_1_94' title="bbox 365 4701 1940 4785; baseline -0.002 -26"><span class='ocrx_word' id='word_1_712' title='bbox 365 4705 588 4776; x_wconf 73' lang='grc' dir='ltr'>κλησίαι</span> <span class='ocrx_word' id='word_1_713' title='bbox 623 4702 718 4756; x_wconf 88' lang='grc' dir='ltr'><strong>τοῦ</strong></span> <span class='ocrx_word' id='word_1_714' title='bbox 747 4702 902 4768; x_wconf 84' lang='grc' dir='ltr'>Θεοῦ,</span> <span class='ocrx_word' id='word_1_715' title='bbox 953 4703 1048 4756; x_wconf 73' lang='grc' dir='ltr'><strong>καὶ</strong></span> <span class='ocrx_word' id='word_1_716' title='bbox 1070 4701 1136 4755; x_wconf 80' lang='grc' dir='ltr'>τὰ</span> <span class='ocrx_word' id='word_1_717' title='bbox 1178 4702 1343 4756; x_wconf 83' lang='grc' dir='ltr'>τέκνα</span> <span class='ocrx_word' id='word_1_718' title='bbox 1384 4701 1562 4756; x_wconf 81' lang='grc' dir='ltr'>αὐτῶν</span> <span class='ocrx_word' id='word_1_719' title='bbox 1584 4704 1638 4785; x_wconf 28' lang='grc' dir='ltr'>ὀἱ</span> <span class='ocrx_word' id='word_1_720' title='bbox 1669 4703 1940 4774; x_wconf 89' lang='grc' dir='ltr'>πανταχοῦ</span> 
     </span>
    </p>
   </div>
   <div class='ocr_carea' id='block_1_95' title="bbox 364 4793 1939 4868">
    <p class='ocr_par' dir='ltr' id='par_1_95' title="bbox 364 4793 1939 4868">
     <span class='ocr_line' id='line_1_95' title="bbox 364 4793 1939 4868; baseline 0 -18"><span class='ocrx_word' id='word_1_721' title='bbox 364 4799 471 4868; x_wconf 76' lang='grc' dir='ltr'>γῆς</span> <span class='ocrx_word' id='word_1_722' title='bbox 502 4796 598 4850; x_wconf 68' lang='grc' dir='ltr'><strong>καὶ</strong></span> <span class='ocrx_word' id='word_1_723' title='bbox 644 4797 701 4850; x_wconf 87' lang='grc' dir='ltr'><strong>ἐν</strong></span> <span class='ocrx_word' id='word_1_724' title='bbox 730 4798 860 4850; x_wconf 81' lang='grc' dir='ltr'>πᾶσι</span> <span class='ocrx_word' id='word_1_725' title='bbox 887 4798 1000 4860; x_wconf 87' lang='grc' dir='ltr'>τοῖς</span> <span class='ocrx_word' id='word_1_726' title='bbox 1033 4794 1207 4848; x_wconf 74' lang='grc' dir='ltr'>ἔθνεσι</span> <span class='ocrx_word' id='word_1_727' title='bbox 1236 4794 1325 4848; x_wconf 87' lang='grc' dir='ltr'><strong>διά</strong></span> <span class='ocrx_word' id='word_1_728' title='bbox 1367 4793 1462 4848; x_wconf 88' lang='grc' dir='ltr'><strong>τοῦ</strong></span> <span class='ocrx_word' id='word_1_729' title='bbox 1507 4795 1820 4866; x_wconf 81' lang='grc' dir='ltr'>Πνεύματος</span> <span class='ocrx_word' id='word_1_730' title='bbox 1846 4796 1939 4850; x_wconf 87' lang='grc' dir='ltr'><strong>τοῦ</strong></span> 
     </span>
    </p>
   </div>
   <div class='ocr_carea' id='block_1_96' title="bbox 362 4887 1250 4959">
    <p class='ocr_par' dir='ltr' id='par_1_96' title="bbox 362 4887 1250 4959">
     <span class='ocr_line' id='line_1_96' title="bbox 362 4887 1250 4959; baseline -0.006 -14"><span class='ocrx_word' id='word_1_731' title='bbox 362 4890 525 4959; x_wconf 78' lang='grc' dir='ltr'>ἁγίου</span> <span class='ocrx_word' id='word_1_732' title='bbox 559 4889 1006 4959; x_wconf 81' lang='grc' dir='ltr'>ἀναγεννηθέντες</span> <span class='ocrx_word' id='word_1_733' title='bbox 1031 4904 1044 4918; x_wconf 73' lang='grc'><strong>⁸</strong></span> <span class='ocrx_word' id='word_1_734' title='bbox 1081 4887 1130 4940; x_wconf 86' lang='grc' dir='ltr'>οἳ</span> <span class='ocrx_word' id='word_1_735' title='bbox 1157 4887 1250 4940; x_wconf 78' lang='grc' dir='ltr'><strong>καὶ</strong></span> 
     </span>
    </p>
   </div>
   <div class='ocr_carea' id='block_1_97' title="bbox 446 4978 1942 5050">
    <p class='ocr_par' dir='ltr' id='par_1_97' title="bbox 446 4978 1942 5050">
     <span class='ocr_line' id='line_1_97' title="bbox 446 4978 1942 5050; baseline -0.001 -16"><span class='ocrx_word' id='word_1_736' title='bbox 446 5001 468 5034; x_wconf 76' lang='grc' dir='ltr'><strong>ι</strong></span> <span class='ocrx_word' id='word_1_737' title='bbox 509 4980 870 5041; x_wconf 80' lang='grc' dir='ltr'>’Δνατελοῦσι,</span> <span class='ocrx_word' id='word_1_738' title='bbox 895 4998 914 5032; x_wconf 73' lang='grc' dir='ltr'><strong>ι</strong></span> <span class='ocrx_word' id='word_1_739' title='bbox 959 4979 1142 5050; x_wconf 62' lang='grc' dir='ltr'>φησιν,</span> <span class='ocrx_word' id='word_1_740' title='bbox 1186 4997 1204 5030; x_wconf 76' lang='grc' dir='ltr'><strong>ι</strong></span> <span class='ocrx_word' id='word_1_741' title='bbox 1236 4978 1339 5031; x_wconf 79' lang='grc' dir='ltr'>ἀνὰ</span> <span class='ocrx_word' id='word_1_742' title='bbox 1384 4978 1546 5050; x_wconf 87' lang='grc' dir='ltr'>μέσον</span> <span class='ocrx_word' id='word_1_743' title='bbox 1591 4978 1782 5042; x_wconf 70' lang='grc' dir='ltr'>ὓδατος</span> <span class='ocrx_word' id='word_1_744' title='bbox 1816 4979 1942 5050; x_wconf 86' lang='grc' dir='ltr'><strong>χόρ-</strong></span> 
     </span>
    </p>
   </div>
   <div class='ocr_carea' id='block_1_98' title="bbox 361 5069 1945 5142">
    <p class='ocr_par' dir='ltr' id='par_1_98' title="bbox 361 5069 1945 5142">
     <span class='ocr_line' id='line_1_98' title="bbox 361 5069 1945 5142; baseline -0.002 -14"><span class='ocrx_word' id='word_1_745' title='bbox 361 5092 479 5138; x_wconf 85' lang='grc' dir='ltr'>τον,</span> <span class='ocrx_word' id='word_1_746' title='bbox 535 5074 629 5127; x_wconf 76' lang='grc' dir='ltr'><strong>καὶ</strong></span> <span class='ocrx_word' id='word_1_747' title='bbox 677 5073 753 5135; x_wconf 86' lang='grc' dir='ltr'><strong>ὼς</strong></span> <span class='ocrx_word' id='word_1_748' title='bbox 809 5071 923 5124; x_wconf 87' lang='grc' dir='ltr'>ἰτέα</span> <span class='ocrx_word' id='word_1_749' title='bbox 960 5071 1053 5124; x_wconf 83' lang='grc' dir='ltr'><strong>ἐπὶ</strong></span> <span class='ocrx_word' id='word_1_750' title='bbox 1085 5071 1397 5142; x_wconf 76' lang='grc' dir='ltr'>παραρρέον</span> <span class='ocrx_word' id='word_1_751' title='bbox 1435 5069 1599 5142; x_wconf 74' lang='grc' dir='ltr'>ὕδωρ.</span> <span class='ocrx_word' id='word_1_752' title='bbox 1627 5090 1646 5122; x_wconf 71' lang='grc' dir='ltr'><strong>ι</strong></span> <span class='ocrx_word' id='word_1_753' title='bbox 1695 5073 1804 5124; x_wconf 72' lang='grc' dir='ltr'><strong>Καὶ</strong></span> <span class='ocrx_word' id='word_1_754' title='bbox 1859 5074 1945 5125; x_wconf 88' lang='grc' dir='ltr'>ἐν-</span> 
     </span>
    </p>
   </div>
   <div class='ocr_carea' id='block_1_99' title="bbox 319 5161 1948 5235">
    <p class='ocr_par' dir='ltr' id='par_1_99' title="bbox 319 5161 1948 5235">
     <span class='ocr_line' id='line_1_99' title="bbox 319 5161 1948 5235; baseline -0.001 -17"><span class='ocrx_word' id='word_1_755' title='bbox 319 5229 322 5232; x_wconf 33' lang='grc'><strong>,</strong></span> <span class='ocrx_word' id='word_1_756' title='bbox 362 5165 545 5219; x_wconf 85' lang='grc' dir='ltr'>ταῦθα.</span> <span class='ocrx_word' id='word_1_757' title='bbox 569 5165 624 5218; x_wconf 80' lang='grc' dir='ltr'>δὲ</span> <span class='ocrx_word' id='word_1_758' title='bbox 648 5164 743 5235; x_wconf 83' lang='grc' dir='ltr'>τὴν</span> <span class='ocrx_word' id='word_1_759' title='bbox 775 5163 919 5216; x_wconf 85' lang='grc' dir='ltr'>ἰτέαν</span> <span class='ocrx_word' id='word_1_760' title='bbox 948 5163 1224 5234; x_wconf 84' lang='grc' dir='ltr'>παρέλαϐε</span> <span class='ocrx_word' id='word_1_761' title='bbox 1249 5163 1340 5217; x_wconf 76' lang='grc' dir='ltr'>διὰ</span> <span class='ocrx_word' id='word_1_762' title='bbox 1364 5163 1425 5215; x_wconf 80' lang='grc' dir='ltr'><strong>τὸ</strong></span> <span class='ocrx_word' id='word_1_763' title='bbox 1446 5161 1693 5226; x_wconf 82' lang='grc' dir='ltr'>ἀειθαλὲς</span> <span class='ocrx_word' id='word_1_764' title='bbox 1708 5164 1802 5216; x_wconf 88' lang='grc' dir='ltr'><strong>καί</strong></span> <span class='ocrx_word' id='word_1_765' title='bbox 1831 5180 1948 5217; x_wconf 86' lang='grc' dir='ltr'>νεα-</span> 
     </span>
    </p>
   </div>
   <div class='ocr_carea' id='block_1_100' title="bbox 366 5252 1947 5330">
    <p class='ocr_par' dir='ltr' id='par_1_100' title="bbox 366 5252 1947 5330">
     <span class='ocr_line' id='line_1_100' title="bbox 366 5252 1947 5330; baseline 0 -21"><span class='ocrx_word' id='word_1_766' title='bbox 366 5258 465 5330; x_wconf 79' lang='grc' dir='ltr'><strong>ρὸν</strong></span> <span class='ocrx_word' id='word_1_767' title='bbox 496 5254 590 5307; x_wconf 86' lang='grc' dir='ltr'><strong>τοῦ</strong></span> <span class='ocrx_word' id='word_1_768' title='bbox 619 5253 810 5322; x_wconf 84' lang='grc' dir='ltr'>φυτοῦ,</span> <span class='ocrx_word' id='word_1_769' title='bbox 845 5255 924 5316; x_wconf 81' lang='grc' dir='ltr'><strong>είς</strong></span> <span class='ocrx_word' id='word_1_770' title='bbox 959 5253 1300 5324; x_wconf 83' lang='grc' dir='ltr'>παράστασιν</span> <span class='ocrx_word' id='word_1_771' title='bbox 1347 5253 1440 5308; x_wconf 87' lang='grc' dir='ltr'><strong>τοῦ</strong></span> <span class='ocrx_word' id='word_1_772' title='bbox 1472 5252 1707 5326; x_wconf 86' lang='grc' dir='ltr'>πλήθους</span> <span class='ocrx_word' id='word_1_773' title='bbox 1731 5254 1837 5308; x_wconf 83' lang='grc' dir='ltr'><strong>τῶν</strong></span> <span class='ocrx_word' id='word_1_774' title='bbox 1861 5255 1947 5308; x_wconf 84' lang='grc' dir='ltr'>λο-</span> 
     </span>
    </p>
   </div>
   <div class='ocr_carea' id='block_1_101' title="bbox 360 5343 1947 5417">
    <p class='ocr_par' dir='ltr' id='par_1_101' title="bbox 360 5343 1947 5417">
     <span class='ocr_line' id='line_1_101' title="bbox 360 5343 1947 5417; baseline 0.001 -18"><span class='ocrx_word' id='word_1_775' title='bbox 360 5347 541 5417; x_wconf 83' lang='grc' dir='ltr'>γικῶν</span> <span class='ocrx_word' id='word_1_776' title='bbox 587 5345 791 5399; x_wconf 75' lang='grc' dir='ltr'>ὑδάτων</span> <span class='ocrx_word' id='word_1_777' title='bbox 821 5344 930 5398; x_wconf 76' lang='grc' dir='ltr'>τῶν</span> <span class='ocrx_word' id='word_1_778' title='bbox 980 5346 1038 5398; x_wconf 84' lang='grc' dir='ltr'><strong>ἐν</strong></span> <span class='ocrx_word' id='word_1_779' title='bbox 1075 5346 1142 5415; x_wconf 79' lang='grc' dir='ltr'>τῇ</span> <span class='ocrx_word' id='word_1_780' title='bbox 1184 5344 1478 5416; x_wconf 71' lang='grc' dir='ltr'>Ἐκκλησία</span> <span class='ocrx_word' id='word_1_781' title='bbox 1518 5343 1682 5399; x_wconf 83' lang='grc' dir='ltr'>αὐτοῦ</span> <span class='ocrx_word' id='word_1_782' title='bbox 1721 5346 1947 5416; x_wconf 81' lang='grc' dir='ltr'>ρευσάν-</span> 
     </span>
    </p>
   </div>
   <div class='ocr_carea' id='block_1_102' title="bbox 358 5457 498 5494">
    <p class='ocr_par' dir='ltr' id='par_1_102' title="bbox 358 5457 498 5494">
     <span class='ocr_line' id='line_1_102' title="bbox 358 5457 498 5494; baseline -0.021 0"><span class='ocrx_word' id='word_1_783' title='bbox 358 5457 498 5494; x_wconf 82' lang='grc' dir='ltr'>των.</span> 
     </span>
    </p>
   </div>
   <div class='ocr_carea' id='block_1_103' title="bbox 441 5520 1944 5600">
    <p class='ocr_par' dir='ltr' id='par_1_103' title="bbox 441 5520 1944 5600">
     <span class='ocr_line' id='line_1_103' title="bbox 441 5520 1944 5600; baseline -0.002 -19"><span class='ocrx_word' id='word_1_784' title='bbox 441 5551 460 5581; x_wconf 74' lang='grc' dir='ltr'><strong>ε</strong></span> <span class='ocrx_word' id='word_1_785' title='bbox 482 5521 654 5592; x_wconf 74' lang='grc' dir='ltr'>οὗτος</span> <span class='ocrx_word' id='word_1_786' title='bbox 681 5530 816 5600; x_wconf 78' lang='grc' dir='ltr'>ἐρεῖ,</span> <span class='ocrx_word' id='word_1_787' title='bbox 864 5526 973 5582; x_wconf 83' lang='grc' dir='ltr'><strong>Τοῦ</strong></span> <span class='ocrx_word' id='word_1_788' title='bbox 995 5526 1132 5582; x_wconf 84' lang='grc' dir='ltr'>Θεοῦ</span> <span class='ocrx_word' id='word_1_789' title='bbox 1164 5527 1302 5597; x_wconf 80' lang='grc' dir='ltr'>εἰμι,</span> <span class='ocrx_word' id='word_1_790' title='bbox 1349 5527 1444 5580; x_wconf 77' lang='grc' dir='ltr'>καὶ</span> <span class='ocrx_word' id='word_1_791' title='bbox 1495 5520 1647 5592; x_wconf 73' lang='grc' dir='ltr'>οὗτος</span> <span class='ocrx_word' id='word_1_792' title='bbox 1695 5526 1944 5597; x_wconf 84' lang='grc' dir='ltr'>βοήσεται</span> 
     </span>
    </p>
   </div>
   <div class='ocr_carea' id='block_1_104' title="bbox 359 5617 1945 5692">
    <p class='ocr_par' dir='ltr' id='par_1_104' title="bbox 359 5617 1945 5692">
     <span class='ocr_line' id='line_1_104' title="bbox 359 5617 1945 5692; baseline -0.006 -16"><span class='ocrx_word' id='word_1_793' title='bbox 359 5623 460 5676; x_wconf 70' lang='grc' dir='ltr'><strong>ἐπὶ</strong></span> <span class='ocrx_word' id='word_1_794' title='bbox 493 5621 576 5692; x_wconf 83' lang='grc' dir='ltr'>τῷ</span> <span class='ocrx_word' id='word_1_795' title='bbox 615 5619 838 5691; x_wconf 84' lang='grc' dir='ltr'>ὀνόματι</span> <span class='ocrx_word' id='word_1_796' title='bbox 880 5618 1093 5682; x_wconf 85' lang='grc' dir='ltr'>Ἰακὼϐ,</span> <span class='ocrx_word' id='word_1_797' title='bbox 1143 5618 1236 5671; x_wconf 78' lang='grc' dir='ltr'><strong>καὶ</strong></span> <span class='ocrx_word' id='word_1_798' title='bbox 1271 5618 1454 5690; x_wconf 70' lang='grc' dir='ltr'>ἕτερος</span> <span class='ocrx_word' id='word_1_799' title='bbox 1483 5617 1773 5688; x_wconf 63' lang='grc' dir='ltr'>ἐπιγράφει</span> <span class='ocrx_word' id='word_1_800' title='bbox 1804 5618 1945 5686; x_wconf 76' lang='grc' dir='ltr'>χειρὶ</span> 
     </span>
    </p>
   </div>
   <div class='ocr_carea' id='block_1_105' title="bbox 362 5708 1946 5783">
    <p class='ocr_par' dir='ltr' id='par_1_105' title="bbox 362 5708 1946 5783">
     <span class='ocr_line' id='line_1_105' title="bbox 362 5708 1946 5783; baseline -0.004 -14"><span class='ocrx_word' id='word_1_801' title='bbox 362 5712 561 5777; x_wconf 74' lang='grc' dir='ltr'>αὑτοῦ,</span> <span class='ocrx_word' id='word_1_802' title='bbox 617 5711 723 5766; x_wconf 85' lang='grc' dir='ltr'><strong>Τοῦ</strong></span> <span class='ocrx_word' id='word_1_803' title='bbox 755 5711 888 5766; x_wconf 85' lang='grc' dir='ltr'>Θεοῦ</span> <span class='ocrx_word' id='word_1_804' title='bbox 917 5713 1048 5783; x_wconf 76' lang='grc' dir='ltr'>εἰμι,</span> <span class='ocrx_word' id='word_1_805' title='bbox 1089 5712 1180 5766; x_wconf 71' lang='grc' dir='ltr'><strong>καὶ</strong></span> <span class='ocrx_word' id='word_1_806' title='bbox 1220 5710 1312 5764; x_wconf 81' lang='grc' dir='ltr'>ἐπὶ</span> <span class='ocrx_word' id='word_1_807' title='bbox 1351 5711 1426 5783; x_wconf 82' lang='grc' dir='ltr'>τῷ</span> <span class='ocrx_word' id='word_1_808' title='bbox 1473 5709 1689 5781; x_wconf 77' lang='grc' dir='ltr'>ὀνύματι</span> <span class='ocrx_word' id='word_1_809' title='bbox 1731 5708 1946 5780; x_wconf 77' lang='grc' dir='ltr'>Ἰσραὴλ</span> 
     </span>
    </p>
   </div>
   <div class='ocr_carea' id='block_1_106' title="bbox 2050 4507 3617 4582">
    <p class='ocr_par' dir='ltr' id='par_1_106' title="bbox 2050 4507 3617 4582">
     <span class='ocr_line' id='line_1_106' title="bbox 2050 4507 3617 4582; baseline -0.01 -9"><span class='ocrx_word' id='word_1_810' title='bbox 2050 4517 2443 4579; x_wconf 88' lang='lat' dir='ltr'><strong>rationabilem,</strong></span> <span class='ocrx_word' id='word_1_811' title='bbox 2479 4515 2767 4569; x_wconf 84' lang='lat' dir='ltr'><strong>fecundam</strong></span> <span class='ocrx_word' id='word_1_812' title='bbox 2796 4523 2849 4567; x_wconf 92' lang='lat' dir='ltr'><strong>et</strong></span> <span class='ocrx_word' id='word_1_813' title='bbox 2890 4510 3228 4582; x_wconf 83' lang='lat' dir='ltr'><strong>spiritualem</strong></span> <span class='ocrx_word' id='word_1_814' title='bbox 3261 4519 3458 4577; x_wconf 86' lang='lat' dir='ltr'><strong>aquam</strong></span> <span class='ocrx_word' id='word_1_815' title='bbox 3497 4507 3617 4560; x_wconf 85' lang='lat' dir='ltr'><strong>ina-</strong></span> 
     </span>
    </p>
   </div>
   <div class='ocr_carea' id='block_1_107' title="bbox 2046 4599 3618 4682">
    <p class='ocr_par' dir='ltr' id='par_1_107' title="bbox 2046 4599 3618 4682">
     <span class='ocr_line' id='line_1_107' title="bbox 2046 4599 3618 4682; baseline -0.008 -19"><span class='ocrx_word' id='word_1_816' title='bbox 2046 4626 2228 4682; x_wconf 70' lang='lat' dir='ltr'><strong>quosze</strong></span> <span class='ocrx_word' id='word_1_817' title='bbox 2260 4620 2315 4664; x_wconf 90' lang='lat' dir='ltr'><strong>et</strong></span> <span class='ocrx_word' id='word_1_818' title='bbox 2350 4608 2626 4664; x_wconf 86' lang='lat' dir='ltr'><strong>solitudini</strong></span> <span class='ocrx_word' id='word_1_819' title='bbox 2654 4605 2980 4674; x_wconf 81' lang='lat' dir='ltr'><strong>elargiturus</strong></span> <span class='ocrx_word' id='word_1_820' title='bbox 3023 4611 3164 4656; x_wconf 89' lang='lat' dir='ltr'><strong>erat.</strong></span> <span class='ocrx_word' id='word_1_821' title='bbox 3208 4599 3406 4656; x_wconf 90' lang='lat' dir='ltr'><strong>Semen</strong></span> <span class='ocrx_word' id='word_1_822' title='bbox 3437 4608 3618 4653; x_wconf 88' lang='lat' dir='ltr'><strong>autem</strong></span> 
     </span>
    </p>
   </div>
   <div class='ocr_carea' id='block_1_108' title="bbox 2047 4692 3618 4774">
    <p class='ocr_par' dir='ltr' id='par_1_108' title="bbox 2047 4692 3618 4774">
     <span class='ocr_line' id='line_1_108' title="bbox 2047 4692 3618 4774; baseline -0.01 -16"><span class='ocrx_word' id='word_1_823' title='bbox 2047 4703 2418 4774; x_wconf 83' lang='lat' dir='ltr'><strong>apostolOrum</strong></span> <span class='ocrx_word' id='word_1_824' title='bbox 2461 4708 2587 4755; x_wconf 85' lang='lat' dir='ltr'><strong>sunt</strong></span> <span class='ocrx_word' id='word_1_825' title='bbox 2618 4697 2875 4753; x_wconf 71' lang='lat' dir='ltr'><strong>Ecclesia:</strong></span> <span class='ocrx_word' id='word_1_826' title='bbox 2915 4695 3042 4760; x_wconf 89' lang='lat' dir='ltr'><strong>Dei;</strong></span> <span class='ocrx_word' id='word_1_827' title='bbox 3082 4692 3177 4747; x_wconf 86' lang='lat' dir='ltr'><strong>lilii</strong></span> <span class='ocrx_word' id='word_1_828' title='bbox 3224 4706 3356 4747; x_wconf 85' lang='lat' dir='ltr'><strong>vero</strong></span> <span class='ocrx_word' id='word_1_829' title='bbox 3406 4706 3618 4755; x_wconf 86' lang='lat' dir='ltr'><strong>eorum,</strong></span> 
     </span>
    </p>
   </div>
   <div class='ocr_carea' id='block_1_109' title="bbox 2047 4779 3620 4865">
    <p class='ocr_par' dir='ltr' id='par_1_109' title="bbox 2047 4779 3620 4865">
     <span class='ocr_line' id='line_1_109' title="bbox 2047 4779 3620 4865; baseline -0.011 -15"><span class='ocrx_word' id='word_1_830' title='bbox 2047 4804 2306 4865; x_wconf 85' lang='lat' dir='ltr'><strong>quotquot</strong></span> <span class='ocrx_word' id='word_1_831' title='bbox 2338 4793 2390 4847; x_wconf 89' lang='lat' dir='ltr'><strong>in</strong></span> <span class='ocrx_word' id='word_1_832' title='bbox 2421 4793 2667 4846; x_wconf 86' lang='lat' dir='ltr'><strong>universa</strong></span> <span class='ocrx_word' id='word_1_833' title='bbox 2701 4800 2847 4844; x_wconf 86' lang='lat' dir='ltr'><strong>terra</strong></span> <span class='ocrx_word' id='word_1_834' title='bbox 2885 4795 2940 4842; x_wconf 89' lang='lat' dir='ltr'><strong>et</strong></span> <span class='ocrx_word' id='word_1_835' title='bbox 2983 4787 3034 4840; x_wconf 89' lang='lat' dir='ltr'><strong>in</strong></span> <span class='ocrx_word' id='word_1_836' title='bbox 3085 4782 3340 4839; x_wconf 81' lang='lat' dir='ltr'><strong>omnibus</strong></span> <span class='ocrx_word' id='word_1_837' title='bbox 3368 4779 3620 4853; x_wconf 75' lang='lat' dir='ltr'><strong>gentibus</strong></span> 
     </span>
    </p>
   </div>
   <div class='ocr_carea' id='block_1_110' title="bbox 2049 4875 3355 4957">
    <p class='ocr_par' dir='ltr' id='par_1_110' title="bbox 2049 4875 3355 4957">
     <span class='ocr_line' id='line_1_110' title="bbox 2049 4875 3355 4957; baseline -0.011 -14"><span class='ocrx_word' id='word_1_838' title='bbox 2049 4903 2144 4957; x_wconf 92' lang='lat' dir='ltr'><strong>per</strong></span> <span class='ocrx_word' id='word_1_839' title='bbox 2173 4885 2434 4957; x_wconf 84' lang='lat' dir='ltr'><strong>Spiritum</strong></span> <span class='ocrx_word' id='word_1_840' title='bbox 2461 4892 2706 4938; x_wconf 89' lang='lat' dir='ltr'><strong>sanctum</strong></span> <span class='ocrx_word' id='word_1_841' title='bbox 2732 4877 3038 4951; x_wconf 80' lang='lat' dir='ltr'><strong>regenerati</strong></span> <span class='ocrx_word' id='word_1_842' title='bbox 3067 4885 3231 4932; x_wconf 87' lang='lat' dir='ltr'><strong>sunt:</strong></span> <span class='ocrx_word' id='word_1_843' title='bbox 3263 4875 3355 4945; x_wconf 86' lang='lat' dir='ltr'><strong>qui</strong></span> 
     </span>
    </p>
   </div>
   <div class='ocr_carea' id='block_1_111' title="bbox 2119 4965 3620 5039">
    <p class='ocr_par' dir='ltr' id='par_1_111' title="bbox 2119 4965 3620 5039">
     <span class='ocr_line' id='line_1_111' title="bbox 2119 4965 3620 5039; baseline -0.01 -5"><span class='ocrx_word' id='word_1_844' title='bbox 2119 4980 2282 5034; x_wconf 72' lang='lat' dir='ltr'><strong>Vens.</strong></span> <span class='ocrx_word' id='word_1_845' title='bbox 2335 4979 2389 5032; x_wconf 70' lang='grc'><strong>4.</strong></span> <span class='ocrx_word' id='word_1_846' title='bbox 2426 4977 2797 5039; x_wconf 74' lang='grc' dir='ltr'>«Ρι-οάυρεηι,</span> <span class='ocrx_word' id='word_1_847' title='bbox 2837 4973 2935 5037; x_wconf 90' lang='lat' dir='ltr'><strong>ait,</strong></span> <span class='ocrx_word' id='word_1_848' title='bbox 2994 4971 3046 5024; x_wconf 93' lang='lat' dir='ltr'><strong>in</strong></span> <span class='ocrx_word' id='word_1_849' title='bbox 3101 4970 3281 5023; x_wconf 89' lang='lat' dir='ltr'><strong>medio</strong></span> <span class='ocrx_word' id='word_1_850' title='bbox 3333 4981 3487 5037; x_wconf 79' lang='lat' dir='ltr'><strong>aqua:</strong></span> <span class='ocrx_word' id='word_1_851' title='bbox 3543 4965 3620 5019; x_wconf 78' lang='lat' dir='ltr'><strong>Ie-</strong></span> 
     </span>
    </p>
   </div>
   <div class='ocr_carea' id='block_1_112' title="bbox 2049 5059 3616 5133">
    <p class='ocr_par' dir='ltr' id='par_1_112' title="bbox 2049 5059 3616 5133">
     <span class='ocr_line' id='line_1_112' title="bbox 2049 5059 3616 5133; baseline -0.006 -10"><span class='ocrx_word' id='word_1_852' title='bbox 2049 5087 2199 5132; x_wconf 89' lang='lat' dir='ltr'><strong>muu,</strong></span> <span class='ocrx_word' id='word_1_853' title='bbox 2233 5079 2287 5122; x_wconf 80' lang='lat' dir='ltr'><strong>et.</strong></span> <span class='ocrx_word' id='word_1_854' title='bbox 2321 5069 2461 5123; x_wconf 89' lang='lat' dir='ltr'><strong>sicut</strong></span> <span class='ocrx_word' id='word_1_855' title='bbox 2489 5066 2627 5121; x_wconf 74' lang='lat' dir='ltr'><strong>salix</strong></span> <span class='ocrx_word' id='word_1_856' title='bbox 2656 5066 2720 5118; x_wconf 89' lang='lat' dir='ltr'><strong>ad</strong></span> <span class='ocrx_word' id='word_1_857' title='bbox 2750 5079 2946 5133; x_wconf 89' lang='lat' dir='ltr'><strong>aquam</strong></span> <span class='ocrx_word' id='word_1_858' title='bbox 2983 5061 3264 5116; x_wconf 80' lang='lat' dir='ltr'><strong>ﬂuentem.</strong></span> <span class='ocrx_word' id='word_1_859' title='bbox 3293 5077 3312 5111; x_wconf 72' lang='grc' dir='ltr'><strong>ι</strong></span> <span class='ocrx_word' id='word_1_860' title='bbox 3343 5059 3453 5114; x_wconf 84' lang='lat' dir='ltr'><strong>IIic</strong></span> <span class='ocrx_word' id='word_1_861' title='bbox 3478 5074 3616 5128; x_wconf 77' lang='grc' dir='ltr'>(ιιιυ-</span> 
     </span>
    </p>
   </div>
   <div class='ocr_carea' id='block_1_113' title="bbox 2046 5152 3616 5233">
    <p class='ocr_par' dir='ltr' id='par_1_113' title="bbox 2046 5152 3616 5233">
     <span class='ocr_line' id='line_1_113' title="bbox 2046 5152 3616 5233; baseline -0.006 -16"><span class='ocrx_word' id='word_1_862' title='bbox 2046 5178 2151 5233; x_wconf 87' lang='lat' dir='ltr'><strong>que</strong></span> <span class='ocrx_word' id='word_1_863' title='bbox 2176 5162 2395 5218; x_wconf 88' lang='lat' dir='ltr'><strong>salicem</strong></span> <span class='ocrx_word' id='word_1_864' title='bbox 2439 5160 2668 5227; x_wconf 81' lang='lat' dir='ltr'><strong>assumit</strong></span> <span class='ocrx_word' id='word_1_865' title='bbox 2720 5159 2790 5213; x_wconf 88' lang='lat' dir='ltr'><strong>ob</strong></span> <span class='ocrx_word' id='word_1_866' title='bbox 2839 5158 3075 5211; x_wconf 89' lang='lat' dir='ltr'><strong>virorem</strong></span> <span class='ocrx_word' id='word_1_867' title='bbox 3122 5165 3178 5207; x_wconf 91' lang='lat' dir='ltr'><strong>et</strong></span> <span class='ocrx_word' id='word_1_868' title='bbox 3217 5152 3616 5222; x_wconf 85' lang='lat' dir='ltr'><strong>juvenilitateut</strong></span> 
     </span>
    </p>
   </div>
   <div class='ocr_carea' id='block_1_114' title="bbox 2049 5243 3618 5320">
    <p class='ocr_par' dir='ltr' id='par_1_114' title="bbox 2049 5243 3618 5320">
     <span class='ocr_line' id='line_1_114' title="bbox 2049 5243 3618 5320; baseline -0.008 -12"><span class='ocrx_word' id='word_1_869' title='bbox 2049 5253 2291 5320; x_wconf 89' lang='lat' dir='ltr'><strong>arboris;</strong></span> <span class='ocrx_word' id='word_1_870' title='bbox 2344 5254 2412 5307; x_wconf 89' lang='lat' dir='ltr'><strong>ad</strong></span> <span class='ocrx_word' id='word_1_871' title='bbox 2463 5250 2846 5305; x_wconf 82' lang='lat' dir='ltr'><strong>declarandam</strong></span> <span class='ocrx_word' id='word_1_872' title='bbox 2901 5243 3304 5301; x_wconf 86' lang='lat' dir='ltr'><strong>rationabilium</strong></span> <span class='ocrx_word' id='word_1_873' title='bbox 3355 5255 3618 5314; x_wconf 80' lang='lat' dir='ltr'><strong>aquarum</strong></span> 
     </span>
    </p>
   </div>
   <div class='ocr_carea' id='block_1_115' title="bbox 2049 5341 3145 5415">
    <p class='ocr_par' dir='ltr' id='par_1_115' title="bbox 2049 5341 3145 5415">
     <span class='ocr_line' id='line_1_115' title="bbox 2049 5341 3145 5415; baseline -0.009 -13"><span class='ocrx_word' id='word_1_874' title='bbox 2049 5348 2100 5402; x_wconf 93' lang='lat' dir='ltr'><strong>in</strong></span> <span class='ocrx_word' id='word_1_875' title='bbox 2131 5346 2375 5402; x_wconf 83' lang='lat' dir='ltr'><strong>Ecclesia</strong></span> <span class='ocrx_word' id='word_1_876' title='bbox 2399 5345 2517 5415; x_wconf 91' lang='lat' dir='ltr'><strong>ejus</strong></span> <span class='ocrx_word' id='word_1_877' title='bbox 2543 5343 2881 5398; x_wconf 89' lang='lat' dir='ltr'><strong>manantium</strong></span> <span class='ocrx_word' id='word_1_878' title='bbox 2908 5341 3145 5412; x_wconf 90' lang='lat' dir='ltr'><strong>copiam.</strong></span> 
     </span>
    </p>
   </div>
   <div class='ocr_carea' id='block_1_116' title="bbox 2123 5512 3619 5584">
    <p class='ocr_par' dir='ltr' id='par_1_116' title="bbox 2123 5512 3619 5584">
     <span class='ocr_line' id='line_1_116' title="bbox 2123 5512 3619 5584; baseline -0.004 -12"><span class='ocrx_word' id='word_1_879' title='bbox 2123 5521 2286 5578; x_wconf 78' lang='lat' dir='ltr'><strong>Vsus.</strong></span> <span class='ocrx_word' id='word_1_880' title='bbox 2315 5521 2370 5576; x_wconf 75' lang='lat'><strong>5.</strong></span> <span class='ocrx_word' id='word_1_881' title='bbox 2416 5516 2550 5573; x_wconf 72' lang='lat' dir='ltr'><strong>«Hic</strong></span> <span class='ocrx_word' id='word_1_882' title='bbox 2576 5517 2741 5584; x_wconf 87' lang='lat' dir='ltr'><strong>dicet,</strong></span> <span class='ocrx_word' id='word_1_883' title='bbox 2773 5515 2865 5572; x_wconf 92' lang='lat' dir='ltr'><strong>Dei</strong></span> <span class='ocrx_word' id='word_1_884' title='bbox 2897 5531 3047 5581; x_wconf 87' lang='lat' dir='ltr'><strong>sum;</strong></span> <span class='ocrx_word' id='word_1_885' title='bbox 3079 5525 3134 5572; x_wconf 89' lang='lat' dir='ltr'><strong>et</strong></span> <span class='ocrx_word' id='word_1_886' title='bbox 3162 5512 3257 5572; x_wconf 86' lang='lat' dir='ltr'><strong>hic</strong></span> <span class='ocrx_word' id='word_1_887' title='bbox 3288 5514 3545 5571; x_wconf 83' lang='lat' dir='ltr'><strong>clamabit</strong></span> <span class='ocrx_word' id='word_1_888' title='bbox 3569 5513 3619 5566; x_wconf 92' lang='lat' dir='ltr'><strong>iu</strong></span> 
     </span>
    </p>
   </div>
   <div class='ocr_carea' id='block_1_117' title="bbox 2053 5603 3619 5676">
    <p class='ocr_par' dir='ltr' id='par_1_117' title="bbox 2053 5603 3619 5676">
     <span class='ocr_line' id='line_1_117' title="bbox 2053 5603 3619 5676; baseline -0.008 -7"><span class='ocrx_word' id='word_1_889' title='bbox 2053 5617 2272 5670; x_wconf 87' lang='lat' dir='ltr'><strong>nomine</strong></span> <span class='ocrx_word' id='word_1_890' title='bbox 2299 5611 2494 5676; x_wconf 81' lang='lat' dir='ltr'><strong>Iacob,</strong></span> <span class='ocrx_word' id='word_1_891' title='bbox 2517 5620 2571 5664; x_wconf 92' lang='lat' dir='ltr'><strong>et</strong></span> <span class='ocrx_word' id='word_1_892' title='bbox 2601 5609 2741 5665; x_wconf 87' lang='lat' dir='ltr'><strong>alius</strong></span> <span class='ocrx_word' id='word_1_893' title='bbox 2765 5609 3037 5665; x_wconf 89' lang='lat' dir='ltr'><strong>describet</strong></span> <span class='ocrx_word' id='word_1_894' title='bbox 3079 5609 3134 5663; x_wconf 90' lang='lat' dir='ltr'><strong>in</strong></span> <span class='ocrx_word' id='word_1_895' title='bbox 3184 5624 3347 5663; x_wconf 85' lang='lat' dir='ltr'><strong>manu</strong></span> <span class='ocrx_word' id='word_1_896' title='bbox 3379 5623 3500 5669; x_wconf 88' lang='lat' dir='ltr'><strong>sua,</strong></span> <span class='ocrx_word' id='word_1_897' title='bbox 3527 5603 3619 5659; x_wconf 78' lang='lat' dir='ltr'><strong>Dei</strong></span> 
     </span>
    </p>
   </div>
   <div class='ocr_carea' id='block_1_118' title="bbox 2054 5697 3619 5773">
    <p class='ocr_par' dir='ltr' id='par_1_118' title="bbox 2054 5697 3619 5773">
     <span class='ocr_line' id='line_1_118' title="bbox 2054 5697 3619 5773; baseline -0.01 -8"><span class='ocrx_word' id='word_1_898' title='bbox 2054 5725 2194 5773; x_wconf 88' lang='lat' dir='ltr'><strong>sum,</strong></span> <span class='ocrx_word' id='word_1_899' title='bbox 2225 5718 2277 5763; x_wconf 88' lang='lat' dir='ltr'><strong>et</strong></span> <span class='ocrx_word' id='word_1_900' title='bbox 2321 5706 2373 5760; x_wconf 93' lang='lat' dir='ltr'><strong>in</strong></span> <span class='ocrx_word' id='word_1_901' title='bbox 2416 5703 2634 5761; x_wconf 87' lang='lat' dir='ltr'><strong>nomine</strong></span> <span class='ocrx_word' id='word_1_902' title='bbox 2685 5705 2848 5761; x_wconf 79' lang='lat' dir='ltr'><strong>Israel</strong></span> <span class='ocrx_word' id='word_1_903' title='bbox 2902 5703 3181 5760; x_wconf 86' lang='lat' dir='ltr'><strong>clamabit.</strong></span> <span class='ocrx_word' id='word_1_904' title='bbox 3209 5722 3228 5755; x_wconf 74' lang='grc' dir='ltr'><strong>ι</strong></span> <span class='ocrx_word' id='word_1_905' title='bbox 3263 5702 3334 5758; x_wconf 90' lang='lat' dir='ltr'><strong>Se</strong></span> <span class='ocrx_word' id='word_1_906' title='bbox 3369 5697 3619 5754; x_wconf 78' lang='lat' dir='ltr'><strong>Israelern</strong></span> 
     </span>
    </p>
   </div>
  </div>
