4072 6194
441 245 546 302 403

1110 230 1373 298 EUSEBII
1413 234 1884 294 CIES‘ARIENSIS
1922 233 2071 290 OPP.
2114 229 2290 286 PARS
2323 229 2409 284 lll.
2445 261 2512 271 —
2549 223 2966 285 EXEGETICA.

3585 220 3690 275 405

443 381 562 422 esse
583 364 863 436 gloriando
889 363 1052 420 dicet.
1081 361 1264 416 Mirari
1301 358 1459 428 plane
1501 367 1557 412 et
1602 365 1827 426 stupere
1873 354 2017 410 subit

2119 347 2438 418 βοήσεται.»
2495 344 2755 414 Σεμνύνει
2801 341 2991 396 ἑαυτὸν
3048 338 3221 408 λέγων
3269 330 3406 390 εἶναι
3454 332 3684 405 Ἰσραήλ.

445 455 888 528 propheticorum
923 467 1235 509 sermonum
1281 451 1413 515 vim,
1459 457 1514 505 et
1564 463 1728 519 quam
1777 463 1907 503 vere
1935 449 2013 502 rei

443 546 695 604 eﬂ'cctum
729 555 785 602 et
829 543 1289 614 complementum
1340 541 1768 612 perceperimus.
1799 539 1932 595 Nam
1962 541 2014 596 in

444 637 912 713 persecutionibus
948 645 1136 692 nostro
1173 645 1415 704 tempore
1457 633 1764 697 concitatis,
1822 635 2016 688 multos

442 747 509 788 ex
541 729 856 800 alienigenis
913 726 1162 798 gentibus
1219 727 1474 792 vidimus,
1528 727 1620 796 qui
1700 735 2014 781 sanctorum

441 826 681 878 virorum
736 822 955 877 nomina
1037 828 1401 890 usurparent:
1446 819 1584 874 alius
1643 819 1841 888 quippe
1894 832 2015 872 sese

443 913 702 970 Jacobum
733 910 1217 983 appellabat,alius
1236 908 1514 976 Israelem,
1541 907 1680 962 alius
1701 904 2012 970 Jeremiam,

444 1005 533 1060 hic
585 1003 801 1071 Isaiam,
855 1004 961 1058 iste
1001 999 1276 1056 Dauielem
1307 1018 1319 1054 :
1345 1001 1544 1054 etenim
1571 1000 1656 1053 liis
1697 998 1799 1052 sibi
1845 997 2016 1052 ascri-

445 1099 555 1166 ptis
583 1096 910 1157 nominibus,
949 1095 1016 1150 ad
1065 1094 1384 1166 martyrium
1410 1107 1509 1163 pro
1537 1094 1646 1146 Deo
1677 1091 2014 1146 subeundum

446 1202 568 1241 cum
597 1187 794 1241 fiducia
815 1194 870 1241 et
900 1185 1204 1242 constantia
1238 1182 1594 1239 accedebant.
1626 1179 1754 1246 Qua:
1781 1177 2014 1248 prophe—

449 1279 524 1335 tia
577 1278 805 1342 iudicat,
860 1277 986 1332 dum
1036 1277 1112 1332 ait
1150 1296 1163 1331 :
1194 1295 1212 1328 ι
1239 1275 1336 1330 llic
1367 1274 1530 1336 dicet,
1557 1272 1647 1326 Dei
1681 1286 1822 1334 sum,
1845 1277 1899 1322 et
1927 1268 2014 1322 hic

447 1369 706 1424 clamabit
751 1369 803 1422 in
845 1370 1061 1424 nomine
1103 1367 1290 1434 Jacoh,
1328 1367 1466 1420 alius
1494 1367 1545 1420 in
1591 1379 1748 1419 manu
1796 1378 1891 1417 sua
1925 1361 2016 1415 de-

450 1459 674 1522 scribet,
716 1461 808 1514 Dei
856 1476 996 1525 sum,
1031 1471 1086 1515 et
1116 1460 1258 1514 alius
1285 1460 1338 1513 in
1373 1457 1589 1513 nomine
1619 1454 1784 1510 lsrael
1825 1453 2017 1508 clama-

450 1552 551 1609 blt.
575 1572 594 1604 ι
1205 1545 1211 1550 ’

521 1725 684 1783 Vens.
717 1728 770 1791 6,
811 1730 866 1786 7.
894 1749 912 1780 ι
942 1731 1032 1784 Sic
1057 1733 1130 1782 ait
1161 1729 1324 1790 Deus,
1359 1741 1452 1782 rex
1479 1726 1658 1791 Israel,
1683 1735 1737 1780 et
1760 1726 1848 1796 qui
1883 1726 2013 1778 libe-
2050 1710 2090 1763 Β

449 1821 592 1876 ravit
612 1823 786 1891 ipsum
819 1822 1076 1877 Dominus
1117 1822 1353 1878 Sabaoth
1392 1840 1406 1877 :
1436 1821 1546 1889 Ego
1569 1819 1794 1888 primus,
1829 1825 1884 1874 et
1917 1832 2018 1886 ego

448 1921 576 1983 post
601 1912 715 1968 haec
747 1928 762 1964 :
788 1924 988 1982 praeter
1017 1929 1102 1968 me
1127 1929 1232 1967 non
1255 1923 1340 1968 est
1368 1915 1532 1968 Deus.
1564 1910 1696 1978 Quis
1723 1912 1860 1964 sicut
1884 1909 2020 1979 ego?

451 2005 592 2069 Stet,
625 2014 802 2069 vocet,
856 2007 1142 2060 annuntiet
1199 2014 1253 2060 et
1298 2014 1564 2074 praeparet
1612 2004 1740 2058 mihi
1771 2017 1787 2056 :
1817 2021 1883 2058 ex
1909 2017 2017 2073 quo

450 2097 553 2152 feci
586 2097 854 2153 hominem
904 2097 957 2152 in
993 2097 1246 2152 saeculum
1288 2111 1302 2150 :
1343 2105 1398 2151 et
1429 2105 1677 2163 ventura,
1727 2105 2015 2164 antequam

449 2187 604 2252 fiant,
657 2189 981 2243 annuntient
1028 2188 1204 2245 vobis.
1237 2209 1256 2241 ι
1299 2189 1454 2242 Dicat
1504 2189 1648 2242 enim
1684 2189 1727 2242 si
1768 2188 1891 2256 quis
1936 2195 2018 2242 est

448 2278 618 2343 Deus,
651 2277 792 2348 quod
835 2287 1209 2348 quantumque
1257 2292 1394 2346 opus
1444 2293 1598 2332 suum
1649 2277 1910 2332 exhibeat
1963 2276 2015 2329 in

450 2368 727 2424 universo.
756 2367 886 2424 Nam
908 2371 953 2424 si
983 2385 1122 2424 unus
1150 2379 1232 2425 est
1257 2370 1512 2434 mundus,
1532 2368 1752 2438 ipseque
1775 2367 2014 2436 ejusdem

454 2469 685 2525 naturae,
715 2460 928 2529 sibique
946 2475 1168 2530 prorsus
1193 2461 1550 2532 conjunctus;
1577 2477 1714 2515 unus
1747 2475 1876 2515 sane
1903 2459 2017 2529 ejus

449 2551 630 2621 opifex
659 2552 843 2608 fuerit.
876 2551 982 2608 Sed
1008 2552 1096 2607 hic
1125 2567 1190 2607 ex
1221 2552 1592 2621 magnitudine
1621 2563 1675 2606 et
1721 2551 2018 2621 pulchritu-

451 2643 579 2699 dine
611 2652 1004 2708 ereaturarum,
1035 2654 1221 2714 utpote
1276 2644 1514 2699 universi
1573 2644 1845 2710 conditor,
1892 2658 2017 2697 con-

450 2737 698 2806 spicitur.
742 2736 895 2804 Quod
931 2737 976 2792 si
1025 2738 1148 2806 quis
1180 2737 1343 2791 alium
1392 2738 1638 2800 inducat,
1668 2737 1834 2790 alium
1889 2737 2015 2790 item

454 2831 582 2886 huic
613 2829 846 2886 similem
877 2831 1133 2886 mundum
1164 2832 1448 2895 ostendat;
1478 2841 1534 2884 at
1586 2845 1692 2884 non
1740 2839 1826 2884 est
1884 2829 2019 2884 alius

454 2921 709 2987 mundus,
763 2931 958 2992 praeter
1009 2935 1166 2987 eum,
1217 2937 1379 2992 quem
1447 2922 1810 2990 conspicimus
1843 2937 1858 2974 :
1889 2935 2019 2991 ergo

455 3027 558 3068 nec
589 3013 730 3068 alius
779 3014 920 3068 Deus
959 3024 1062 3066 est.
1097 3013 1154 3067 Si
1207 3015 1331 3083 quis
1367 3028 1498 3068 vero
1528 3014 1619 3077 sit,
1649 3012 1835 3078 ι-Ξιοι,
1863 3033 1881 3066 ι
1934 3015 2016 3068 in-

453 3105 594 3174 quit,
631 3105 900 3172 primum;
929 3103 981 3156 id
1021 3116 1104 3159 est
1133 3104 1510 3160 exsistentiam
1561 3105 1813 3158 ostendat
1839 3119 2012 3169 suam,

452 3197 667 3264 etquod
703 3194 756 3248 in
787 3185 1090 3249 substantia
1141 3194 1424 3260 subsistat,
1454 3194 1704 3264 quodque
1731 3193 1784 3248 iu
1815 3208 1874 3248 se
1905 3208 2018 3246 tua-

455 3294 584 3340 neat
619 3293 676 3341 et
707 3294 811 3341 stet
841 3302 856 3340 :
881 3284 1077 3341 deinde
1125 3300 1309 3340 vocem
1359 3286 1611 3342 emittens
1642 3284 2014 3340 rationabilem

454 3395 520 3434 ac
561 3379 670 3434 Deo
711 3378 954 3449 dignam,
1005 3379 1312 3445 annuntiet,
1342 3394 1462 3448 quae
1512 3386 1696 3448 postea
1751 3378 1924 3431 futura
1963 3377 2014 3430 in

457 3469 662 3524 mundo
711 3468 853 3535 sint;
886 3479 982 3523 aut
1024 3484 1143 3538 qua:
1169 3470 1296 3525 olim
1327 3479 1383 3525 et
1413 3485 1442 3524 a
1485 3471 1746 3540 principio
1783 3468 2018 3539 contige-

454 3568 602 3625 runt,
651 3573 720 3614 ex
770 3574 878 3628 quo
937 3558 1212 3614 hominem
1271 3560 1326 3614 in
1372 3569 1514 3614 terra
1551 3559 1725 3628 posui,
1751 3573 1919 3628 usque
1951 3558 2016 3611 ad

455 3663 692 3719 praesens
753 3658 984 3720 tempus.
1056 3649 1192 3705 llinc
1235 3650 1379 3705 enim
1465 3664 1833 3719 agnoscemus,
1896 3663 2017 3702 eum

379 3808 383 3813 γ
455 3741 643 3797 ἱειιιαιο
673 3742 839 3797 verbo
862 3741 1229 3795 constituisse.

525 3833 689 3889 Vsus.
720 3831 868 3888 8-10.
911 3847 929 3881 ι
952 3830 1127 3885 Nolite
1152 3830 1434 3896 abscdndi,
1483 3829 1645 3883 nolite
1672 3844 1881 3883 errare.
1909 3828 2019 3882 An-

451 3937 559 3978 non
589 3922 659 3976 ab
703 3922 856 3976 initio
887 3922 1216 3985 attendistis,
1250 3930 1306 3976 et
1338 3919 1652 3974 annuntiavi
1706 3918 1899 3973 vobis?
1923 3917 2018 3972 Te-

451 4025 564 4069 stes
602 4027 697 4068 vos
722 4013 877 4076 estis,
910 4027 1038 4066 num
1067 4013 1139 4067 sit
1163 4013 1302 4068 Deus
1329 4022 1522 4083 praeter
1540 4027 1643 4066 me.
1669 4011 1732 4065 Et
1757 4019 1882 4065 tunc
1913 4025 2017 4065 non

453 4103 742 4162 audierunt
788 4103 880 4174 qui
942 4103 1151 4173 fingunt
1195 4114 1250 4159 et
1299 4103 1596 4174 sculpunt:
1636 4116 1825 4157 omnes
1871 4094 2016 4163 vani,

450 4196 544 4268 qui
592 4196 798 4251 faciunt
841 4197 1108 4253 desideria
1155 4212 1276 4263 sua,
1303 4211 1424 4268 quae
1453 4211 1557 4252 non
1587 4195 1885 4266 proderunt
1913 4193 2014 4249 eis.

452 4287 561 4344 Sed
583 4287 980 4343 confundentur
1001 4288 1095 4358 qui
1149 4289 1316 4344 Deum
1361 4287 1641 4360 elﬁngunt,
1683 4298 1738 4342 et
1764 4286 2017 4356 sculpuut

451 4395 642 4437 omnes
672 4379 944 4434 inutilia.»
979 4379 1093 4433 Non
1124 4380 1192 4433 ab
1242 4380 1420 4445 initio,
1457 4381 1654 4450 inquit,
1680 4380 1752 4433 ita
1800 4378 1931 4443 fuit;
1966 4378 2017 4432 id

450 4479 540 4528 est
598 4482 727 4527 ante
774 4471 958 4526 diluvii
1013 4480 1277 4542 tempora,
1315 4487 1437 4527 cum
1497 4473 1680 4526 animo
1713 4471 2013 4539 expertium

450 4563 863 4621 simulacrorum
912 4563 1050 4619 fabri
1085 4563 1324 4619 nondum
1365 4575 1568 4619 essent.
1605 4565 1817 4634 Vosque
1854 4571 2019 4616 testes

451 4658 610 4720 estis,
659 4657 917 4719 nondum,
969 4654 1177 4711 scilicet
1205 4656 1358 4738 initio
1401 4655 1642 4710 mortalis
1674 4655 1819 4719 vitae,
1860 4653 2020 4708 exsti-

451 4748 584 4804 tisse
609 4747 936 4804 conllatores
962 4748 1374 4818 sculptoresque
1426 4747 1684 4810 deorum;
1719 4760 1845 4800 cum
1880 4742 2019 4798 scul-

449 4839 628 4911 ptoria
658 4839 978 4910 fabrilisque
1007 4855 1100 4896 ars
1124 4839 1264 4909 apud
1302 4837 1548 4892 homines
1586 4837 1819 4892 nondum
1865 4849 2020 4902 repe-

447 4929 495 4983 ri
505 4939 674 4984 retur.

523 5017 688 5074 Vitas.
727 5020 908 5076 11-17.
941 5041 960 5074 ι
986 5020 1049 5074 Et
1092 5036 1280 5076 omnes
1305 5019 1443 5072 unde
1469 5018 1594 5072 facti
1639 5027 1763 5073 sunt
1791 5032 2018 5072 exarue-

455 5121 674 5175 runt,et
706 5113 852 5168 surdi
899 5114 966 5169 ab
1005 5113 1316 5168 hominibus
1364 5120 1760 5181 congregemur
1805 5124 2016 5173 omnes,

451 5213 509 5258 et
535 5212 682 5260 stent
702 5206 882 5274 simul,
911 5205 1317 5262 confundantur
1346 5217 1401 5260 et
1431 5205 1757 5258 erubescant
1812 5204 1972 5257 simul
2001 5220 2015 5255 :

449 5297 580 5368 quia
617 5298 766 5351 acuit
798 5299 949 5355 faber
994 5299 1199 5355 ferrum
1235 5318 1250 5353 :
1279 5298 1425 5353 ascia
1459 5305 1716 5366 operatus
1743 5303 1826 5348 est
1860 5295 2014 5358 illud,

449 5397 508 5444 et
533 5389 804 5444 terebrqu
831 5392 1069 5446 admovit
1093 5393 1166 5458 ei,
1192 5399 1512 5459 etaperatus
1546 5396 1628 5441 est
1653 5385 1779 5440 illud
1810 5385 1860 5438 in
1893 5386 2018 5438 bra-

525 5523 640 5598 (59)
663 5523 784 5598 dam
817 5521 870 5578 in
901 5523 1220 5598 Praefatione
1275 5520 1583 5598 adEusebii
1617 5517 2015 5598 Commentaria

453 5599 512 5655 in
534 5588 785 5652 'Pralmos
809 5595 1110 5663 perspicuis
1153 5594 1414 5663 exemplis
1448 5588 2013 5663 commonstravimus,

455 5684 640 5727 vocem
676 5659 821 5732 ,ϐίου’
840 5659 1148 5735 frequenter
1201 5665 1271 5720 ab
1314 5659 1563 5721 'Eusebio
1614 5659 1860 5730 usurpari
1924 5673 2019 5728 pro

2118 436 2404 507 Θαυμάσαι
2436 435 2492 488 δὲ
2525 435 2757 487 ἐστικαὶ
2784 430 3199 500 καταπλαγῆναι
3228 425 3442 498 άληθῶς
3466 424 3560 494 τὴν
3583 423 3691 479 τῶν

2116 523 2473 597 προφητικῶν
2495 523 2665 592 λόγων
2689 522 2936 593 δύναμιν,
2966 538 3042 584 ως
3065 521 3249 581 αὑτοῖς
3274 516 3454 588 ἔργοις
3474 513 3540 566 τὰ
3563 513 3694 567 ἀπο-

2113 618 2424 688 τελέσματα
2454 615 2884 687 παρειλήφαμεν.
2941 613 3032 664 Ἔν
3084 609 3214 679 γοῦν
3240 611 3354 672 τοῖς
3397 605 3516 660 καθ’
3548 605 3697 676 ἡμᾶς

2114 711 2310 773 αὐτοὺς
2351 706 2665 778 γενομένοις
2695 707 2952 776 διωγμοῖς
2997 702 3222 765 πολλοὺς
3249 700 3357 754 τῶν
3387 697 3698 767 ἀλλοφύλων

2113 802 2287 856 ἐθνῶν
2320 798 2686 872 ἐθεασάμεθα,
2722 795 3175 870 προαρπάζοντας
3208 796 3416 857 ἑαυτοῖς
3461 791 3560 855 τὰς
3588 790 3698 844 τῶν

2114 896 2284 964 ἁγίων
2315 893 2524 966 ἀνδρῶν
2567 889 2958 964 προσηγορίας,
2990 881 3064 941 ὧν
3086 890 3114 941 ὁ
3145 889 3240 958 μὲν
3270 885 3461 940 ἑαυτὸν
3503 882 3699 937 Ἰακὼϐ

2115 986 2319 1049 ἐκάλει,
2352 985 2446 1039 καὶ
2492 983 2678 1055 ἕτερος
2723 979 2960 1053 Ἰσραὴλ,
2990 979 3144 1042 ἄλλος
3182 978 3237 1031 δὲ
3279 974 3566 1048 Ἱερεμίαν,
3603 973 3701 1028 καὶ

2125 1078 2351 1131 Ἡσαΐαν
2401 1077 2608 1149 ἕτερος,
2640 1075 2732 1128 καὶ
2788 1072 2985 1143 Δανιὴλ
3017 1071 3176 1125 πάλιν
3233 1069 3389 1132 ἄλλος
3413 1084 3426 1099 ·
3474 1065 3702 1120 τοιαῦτα

2114 1166 2242 1236 γοῦν
2277 1165 2708 1236 ἐπιγραφόμενοι
2755 1162 2994 1233 ὀνόματα
3025 1161 3117 1214 ἐπὶ
3163 1160 3222 1212 τὸ
3275 1158 3569 1231 μαρτύριον
3602 1156 3698 1211 τοῦ

2113 1259 2247 1312 Θεοῦ
2284 1260 2379 1312 σὺν
2408 1256 2587 1327 πολλῷ
2617 1255 2807 1326 Θάρσει
2844 1254 2938 1308 καὶ
2985 1252 3265 1324 παρρησίᾳ
3295 1251 3594 1321 παρῄεσαν.
3630 1249 3701 1301 Ἀ

2112 1350 2176 1422 δὴ
2206 1351 2545 1421 σημαίνουσα
2579 1351 2612 1420 ὴ
2635 1346 2939 1420 προφητεία
2965 1343 3126 1414 φησίν
3150 1359 3163 1372 ·
3200 1362 3217 1393 ι
3246 1335 3414 1403 Οὗτος
3433 1342 3564 1409 ἐρεῖ,
3589 1339 3697 1393 τοῦ

2123 1442 2258 1496 Θεοῦ
2281 1439 2415 1512 εἶμι,
2447 1443 2542 1495 καὶ
2562 1435 2715 1503 οὗτος
2742 1439 2994 1510 βοήσεται
3017 1436 3110 1488 ἐπὶ
3135 1434 3211 1506 τῷ
3228 1434 3449 1504 ὀνόματι
3482 1430 3696 1492 Ἰακὼϐ,

2114 1537 2210 1588 καὶ
2245 1534 2401 1598 ἄλλος
2431 1531 2725 1603 ἐπιγράψει
2759 1534 2824 1601 τῇ
2855 1529 2998 1601 χειρὶ
3024 1526 3213 1590 αὑτοῦ,
3262 1525 3395 1578 Θεοῦ
3438 1525 3572 1595 εἰμι,
3602 1524 3700 1578 καὶ

2115 1626 2273 1691 ἄλλος
2306 1627 2398 1680 ἐπὶ
2424 1625 2502 1696 τῷ
2529 1626 2752 1695 ὀνόματι
2799 1621 3013 1695 Ἰσραὴλ
3044 1621 3316 1692 βοήσεται.
3346 1637 3364 1670 ι

2196 1739 2214 1769 ι
2245 1718 2430 1782 Οὕτως
2467 1719 2614 1786 λέγει
2643 1718 2671 1770 ὁ
2700 1715 2831 1778 Θεὸς
2859 1718 2886 1768 ὁ
2921 1713 3167 1785 βασιλεὺς
3201 1709 3435 1782 Ἰσραὴλ,
3465 1709 3558 1764 καὶ
3600 1709 3699 1779 ῥυ·-

2123 1813 2352 1884 σάμενος
2373 1811 2533 1864 αὑτὸν
2559 1809 2692 1873 Θεὸς
2721 1806 2947 1860 Σαϐαὼθ
2969 1823 2981 1835 °
3031 1803 3170 1874 Ἐγὼ
3204 1802 3437 1875 πρῶτος,
3467 1802 3561 1856 καὶ
3587 1800 3703 1870 ἐγὼ

2123 1904 2262 1975 μετὰ
2289 1901 2462 1957 ταῦτα
2483 1919 2496 1931 ·
2547 1900 2685 1972 πλὴν
2714 1897 2849 1969 ἐμοῦ
2895 1899 2995 1950 οὑκ
3030 1895 3144 1948 ἐστι
3173 1895 3323 1958 Θεός.
3381 1894 3477 1958 Τίς
3509 1893 3701 1964 ὥσπερ

2120 1992 2263 2062 ἑγώ;
2297 1993 2504 2062 Στήτω,
2543 1990 2637 2044 καὶ
2677 1988 2979 2049 καλεσάτω,
3029 1987 3124 2043 καὶ
3153 1985 3544 2055 ἀναγγειλάτω,
3605 1987 3704 2038 καὶ

2118 2083 2459 2152 ἑτοιμασάτω
2503 2097 2622 2150 μοι·
2685 2079 2778 2148 ἀφ’
2807 2070 2868 2131 οὗ
2912 2077 3142 2148 ἐποίησα
3175 2077 3456 2148 ἄνθρωπον
3487 2077 3566 2140 εἰς
3605 2075 3704 2128 τὸν

2119 2175 2309 2238 αἰῶνα,
2347 2175 2440 2227 καί
2467 2175 2534 2226 τά
2567 2172 2905 2244 ἐπερχόμενα
2930 2171 3034 2242 πρὸ
3063 2169 3157 2224 τοῦ
3185 2169 3358 2222 ἐλθεῖν
3379 2168 3706 2238 ἀναγγειλά-

2118 2283 2296 2319 τωσαν
2327 2267 2475 2336 ὑμῖν.
2501 2283 2519 2316 ι
2554 2264 2772 2332 Λεγέτω
2796 2261 2904 2334 γὰρ
2931 2261 2984 2314 εἴ
3003 2262 3086 2325 τίς
3131 2263 3248 2314 ἐστι
3281 2261 3432 2324 Θεὸς,
3467 2261 3586 2314 ὅσον
3610 2260 3704 2332 ξρ-

2117 2376 2212 2427 γον
2237 2355 2429 2411 ἑαυτοῦ
2460 2355 2727 2409 δείκνυσιν
2755 2356 2812 2409 ὲν
2855 2353 2934 2425 τῷ
2985 2352 3166 2408 παντί.
3197 2353 3261 2405 Εἰ
3293 2351 3403 2424 γὰρ
3434 2347 3515 2415 εἷς
3540 2354 3569 2405 ό
3601 2353 3699 2405 x6-

2121 2468 2274 2522 σμος,
2303 2449 2398 2504 καὶ
2422 2441 2576 2512 οὗτος
2605 2445 2876 2518 συμφυὴς,
2907 2444 3000 2497 καὶ
3026 2443 3188 2507 αὑτὸς
3217 2442 3392 2514 ἐαυτῷ
3419 2443 3706 2513 συνημμέ-

2118 2561 2226 2608 νος,
2257 2538 2339 2606 εἷς
2373 2542 2438 2596 ἂν
2483 2541 2690 2610 γένοιτο
2749 2539 2843 2593 καὶ
2878 2540 2906 2592 ὁ
2940 2537 3127 2590 τούτου
3158 2537 3506 2608 δημιουργός.
3560 2535 3702 2588 Ἀλλ’

2118 2627 2273 2698 οὗτος
2306 2637 2369 2686 ὲκ
2405 2631 2665 2704 μεγέθους
2702 2631 2794 2684 καὶ
2823 2628 3084 2699 καλλονῆς
3121 2627 3455 2698 κτισμάτων,
3495 2624 3583 2680 οἷα
3606 2627 3704 2682 τοῦ

2121 2725 2320 2787 παντὸς
2345 2722 2721 2793 γενεσιουργὸς
2745 2720 3047 2792 θεωρεῖται.
3076 2720 3136 2772 ΕΞ
3161 2718 3216 2771 δέ
3250 2736 3334 2782 τις
3357 2718 3564 2788 εἰσάγοι
3594 2718 3706 2771 ’ἐτε-

2123 2833 2234 2889 ρον,
2285 2813 2545 2868 δεικνύτω
2566 2814 2804 2865 τοιοῦτον
2829 2811 3026 2882 ὁμοίως
3072 2811 3274 2881 κόσμον
3336 2811 3519 2882 ἕτερον
3559 2827 3704 2881 παρ-

2124 2907 2276 2970 ιστάς
2298 2924 2310 2936 ο
2339 2906 2452 2959 ἀλλ’
2492 2905 2592 2958 οὐκ
2621 2903 2764 2956 ἔστιν
2794 2903 2980 2974 ἕτερος
3009 2900 3158 2972 παρὰ
3186 2900 3277 2954 τὸν
3309 2900 3581 2971 ὁρώμενον
3611 2901 3706 2953 κό-

2121 3016 2288 3070 σμον·
2321 2997 2442 3052 οὑδὲ
2469 2996 2601 3059 Θεὸς
2627 2997 2733 3066 ἄρα
2772 2993 2954 3066 ἕτερός
2981 2995 3149 3045 ἐστιν.
3186 2993 3248 3044 Εἰ
3284 2991 3340 3044 δέ
3377 3009 3481 3054 τις,
3520 3010 3537 3042 ι
3567 2991 3706 3063 Στή-

2117 3107 2216 3155 τω,
2242 3109 2261 3140 ι
2293 3090 2446 3160 φησὶ,
2470 3086 2626 3140 τοῦτο
2661 3085 2876 3158 πρῶτον
2894 3103 2906 3115 ο
2929 3086 3071 3153 λέγω
3093 3084 3156 3156 δὴ
3179 3082 3276 3154 τὴν
3305 3081 3499 3136 ἑαυτοῦ
3533 3081 3708 3148 δειξά.

2119 3201 2199 3236 τω
2228 3179 2495 3251 ὕπαρξιν·
2539 3180 2621 3233 ὅτι
2658 3180 2719 3231 τὲ
2753 3180 2898 3231 ἐστιν
2942 3178 3000 3231 ὲν
3030 3177 3214 3239 οὐσίας
3253 3175 3565 3240 ὑποστάσει,
3601 3177 3696 3228 καὶ

2117 3276 2199 3328 ὅτι
2232 3274 2316 3343 ἐφ’
2343 3272 2516 3343 ἑαυτῷ
2547 3272 2698 3342 μένει
2727 3271 2820 3323 καὶ
2840 3270 3068 3338 ἕστηκεν
3089 3286 3100 3298 ο
3129 3268 3318 3320 ἔπειτα
3340 3267 3521 3340 φωνὴν
3542 3268 3704 3336 ἀφεὶς

2117 3365 2341 3436 λογικὴν
2366 3364 2460 3417 καὶ
2491 3361 2609 3433 Θεῴ
2640 3362 2972 3435 πρέπουσαν,
3009 3358 3380 3428 άναγγειλάτω
3399 3360 3519 3414 τίνα
3549 3359 3706 3413 ἔσται

2117 3457 2184 3510 τὰ
2214 3456 2351 3526 μετὰ
2373 3453 2544 3508 ταῦτα
2560 3453 2897 3524 γενησόμενα
2913 3453 2969 3504 ὲν
2996 3451 3072 3521 τῷ
3097 3450 3196 3521 βίῳ
3224 3449 3356 3521 (59)°
3377 3450 3409 3522 ἢ
3432 3451 3499 3504 τά
3531 3451 3704 3504 πάλαι

2118 3547 2177 3614 ἐξ
2227 3549 2401 3620 ἀρχῆς
2434 3547 2764 3610 ὑποστάντα,
2814 3545 2907 3615 ἀφ’
2951 3537 3012 3597 οῦ
3045 3545 3135 3597 τὸν
3176 3543 3459 3615 ἄνθρωπον
3494 3542 3707 3616 ἐθέμην

2119 3641 2209 3692 ἐπὶ
2239 3640 2337 3710 τῆς
2367 3639 2468 3710 γῆς
2508 3638 2668 3711 μέχρι
2717 3638 2810 3691 τοῦ
2846 3637 3110 3710 παρόντος
3154 3636 3365 3708 χρόνου.
3419 3635 3550 3690 Ἀπὸ
3589 3637 3706 3708 γὰρ

2118 3733 2306 3787 τούτου
2339 3731 2682 3803 γνωσόμεθα,
2719 3732 2801 3784 ὅτι
2831 3730 3060 3802 ἔστησεν
3082 3728 3220 3784 αὑτὰ
3255 3729 3417 3798 λόγῳ.
3601 3726 3610 3734 ’

2197 3844 2215 3877 ι
2243 3825 2334 3896 Μὴ
2383 3821 2898 3895 παρακαλύπτεσθε,
2943 3821 3076 3893 μηδὲ
3126 3819 3419 3876 πλανᾶσθε.
3465 3821 3578 3873 υὺκ
3604 3813 3702 3872 ἀπ’

2118 3919 2291 3990 ἀρχῆς
2323 3915 2686 3987 ἡνωτίσασθε,
2719 3915 2814 3969 καὶ
2842 3913 3152 3986 ἀπήγγειλα
3205 3912 3372 3983 ὑμῖν;
3411 3911 3703 3982 Μάρτυρες

2121 4011 2276 4082 ὑμεῖς
2298 4010 2438 4071 ὲστε,
2476 4009 2524 4060 εί
2556 4007 2671 4060 ἔστι
2696 4006 2827 4070 Θεὸς
2859 4005 2998 4076 πλὴν
3024 4004 3177 4077 ἐμοῦ.
3200 4004 3309 4057 Καὶ
3337 4003 3438 4058 οὑκ
3461 4003 3704 4075 ἥκουσαν

2118 4097 2238 4151 τότε
2265 4100 2313 4151 οἱ
2332 4098 2660 4161 πλάσσοντες
2686 4097 2780 4150 καὶ
2810 4097 2860 4148 οί
2889 4096 3203 4165 γλύφοντες,
3231 4095 3430 4158 πάντες
3460 4094 3702 4165 μάταιοι,

2121 4189 2401 4252 ποιοῦντες
2432 4189 2500 4242 τὰ
2525 4188 2838 4259 καταθύμια
2873 4187 3075 4251 αὑτῶν,
3119 4187 3154 4241 ἃ.
3184 4188 3284 4240 οὑκ
3312 4187 3581 4258 ὠφελήσει
3605 4187 3706 4240 αὑη

2117 4281 2262 4345 τούς.
2311 4280 2447 4334 Ἀλλ’
2485 4281 2931 4351 αἰσχυνθήσονται
2977 4279 3027 4331 οἱ
3067 4278 3400 4342 πλάσσοντες
3421 4277 3572 4348 Θεὸν,
3607 4279 3707 4330 καὶ

2050 4405 2093 4459 D
2121 4374 2414 4444 γλύφοντες
2444 4373 2641 4437 πάντες
2669 4371 2939 4442 ἀνωφελῆ.
2968 4390 2987 4424 ι
3024 4372 3136 4424 Οὑκ
3176 4371 3270 4424 ἀπ’
3295 4371 3492 4442 ἀρχῆς,
3543 4373 3702 4442 φησὶ,

2124 4465 2367 4517 τουτέστι
2398 4464 2503 4534 πρὸ
2525 4463 2632 4516 τῶν
2661 4462 2754 4515 τοῦ
2784 4461 3168 4532 κατακλυσμοῦ
3197 4462 3423 4534 χρόνων,
3459 4460 3577 4514 καθ’
3607 4461 3706 4527 οὒς

2125 4557 2243 4610 οὑδὲ
2269 4558 2316 4609 οἱ
2372 4556 2478 4608 τῶν
2506 4557 2727 4626 ἀψύχων
2786 4555 2984 4620 ξοάνων
3007 4556 3254 4618 τέκτονες
3299 4556 3560 4628 ὑπῆρχον.
3590 4555 3706 4610 Καὶ

2124 4644 2327 4697 τούτων
2353 4644 2509 4714 ὑμεῖς
2542 4645 2835 4715 μάρτυρες,
2860 4645 2934 4705 ὡς
2965 4645 3066 4698 οὑκ
3092 4640 3232 4716 ἦσαν
3281 4645 3421 4711 τότε,
3465 4645 3607 4714 λέγω
3637 4645 3704 4718 δὴ

2127 4736 2266 4790 κατὰ
2300 4735 2396 4799 τάς
2428 4737 2602 4808 ἀρχὰς
2634 4739 2731 4807 τῆς
2768 4737 2862 4791 τοῦ
2901 4737 3095 4808 θνητοῦ
3132 4738 3247 4808 βίου
3277 4739 3607 4805 συστάσεως,
3649 4741 3703 4792 οἰ

2126 4827 2452 4890 πλάσσοντες
2483 4828 2576 4881 καὶ
2606 4827 2899 4898 γλύφοντες
2950 4828 3126 4896 θεοὺς,
3174 4828 3326 4882 οῦπω
3375 4830 3702 4903 γλυπτικῆς,

2126 4919 2245 4972 οὑδὲ
2276 4919 2576 4990 πλαστικῆς
2607 4921 2800 4992 τέχνης
2832 4923 2890 4976 ἐν
2935 4920 3242 4994 ἀνθρώποις
3285 4923 3699 4994 εὑρισκομένης.

2201 5012 2348 5064 «Καὶ
2379 5012 2579 5076 πάντες
2618 5011 2738 5066 ὅθεν
2770 5014 3015 5081 ἐγένοντο
3043 5013 3434 5086 ὲξηράνθησαν,
3465 5016 3557 5068 καὶ
3592 5032 3703 5068 κω-

2127 5107 2217 5176 φοὶ
2248 5106 2354 5159 ἀπο
2377 5104 2674 5178 ἀνθρώπιον
2699 5105 3118 5178 συναχθήτωσαν
3142 5107 3360 5172 πάντες,
3386 5107 3479 5160 καὶ
3510 5108 3704 5178 στησά-

2122 5215 2298 5250 τωσαν
2331 5197 2466 5267 ἅμα.
2513 5198 2607 5249 καὶ
2648 5199 3091 5270 ὲντραπήτωσαν,
3135 5200 3227 5251 καὶ
3257 5199 3700 5270 αἱσχυνθήτωσαν

2127 5293 2240 5360 ἅμα
2263 5307 2275 5320 ·
2307 5289 2388 5342 ὅτι
2415 5289 2584 5355 ῶξυνε
2615 5289 2820 5343 τέκτων
2856 5290 3090 5363 σίδηρον,
3130 5291 3416 5360 σκεπάρνῳ
3448 5291 3701 5362 εἰργάσαο

2124 5401 2186 5437 το
2217 5384 2366 5448 αὑτὸ,
2401 5384 2493 5436 καὶ
2526 5385 2583 5436 ὲν
2605 5383 2842 5451 τερέτρῳ
2874 5383 3098 5452 ἔστησεν
3136 5382 3287 5444 αὐτὸ,
3322 5382 3415 5435 καὶ
3451 5383 3701 5454 εἰργάσα-

2125 5516 2353 5580 mundo,
2387 5519 2504 5571 slve
2533 5529 2630 5586 pro
2664 5513 2974 5586 hominibus
3022 5513 3124 5586 hoc
3157 5513 3443 5586 in_mundo
3475 5529 3703 5586 versan-

2127 5587 2268 5642 tibus
2295 5605 2307 5640 :
2331 5595 2387 5641 et
2419 5590 2500 5640 sic
2532 5583 2801 5653 intelligas
2833 5592 3049 5652 oportet
3073 5585 3197 5654 hoc
3223 5583 3342 5639 loco
3370 5585 3428 5636 ὲν
3460 5583 3537 5654 τῷ
3573 5583 3698 5654 βίῳ,

2128 5659 2341 5714 scilicet
2371 5658 2421 5714 in
2448 5655 2664 5725 mundo,
2703 5672 2766 5710 ac
2800 5655 3042 5710 homines
3069 5653 3123 5709 in
3155 5655 3253 5710 hac
3275 5655 3381 5711 vita
3415 5653 3695 5726 degentes.
