4072 6194
302 295 404 350 ωθ

1230 290 1734 350 COMMENTARIA
1771 293 1840 350 IN
1877 293 2132 350 ISAIAM.
2163 323 2230 334 —
2267 292 2420 349 CAP.
2465 291 2618 348 XLV.

3449 292 3556 348 H0

300 415 497 468 τεῦθεν
529 414 634 486 ῆδη
673 413 916 487 προλέγω
946 414 1040 469 καὶ
1071 414 1500 488 ἐπαγγέλλομαι,
1529 417 1612 471 ὅτι
1648 420 1748 491 τὴν
1784 420 1886 472 ’1ε-

1987 418 2102 486 ejus
2131 419 2405 474 excidium
2439 434 2466 471 a
2499 415 2809 488 Babyloniis
2837 415 3079 479 factum,
3115 416 3476 468 renovandam
3503 426 3560 470 et

307 504 604 580 ρουσαλὴμ
630 505 758 576 μετὰ
787 504 884 576 τὴν
917 503 1144 578 πρώτην
1171 505 1491 578 καθαίρεσιν
1517 507 1614 579 τὴν
1646 509 1750 562 ὑπὸ
1784 509 1890 562 Βα-

307 597 599 649 ϐυλωνίων
636 596 1004 666 γενησομένην
1050 596 1502 668 ἀνακαινισθῆναι
1547 600 1779 669 ποιήσω,
1813 598 1889 663 ὡς

311 687 411 740 καὶ
445 685 544 749 τὰς
560 686 653 752 τῆς
687 684 942 748 Ἰουδαίας
973 685 1157 748 πόλεις
1181 688 1594 758 κατοικηθῆναι,
1627 690 1720 742 καὶ
1744 689 1812 742 τὰ
1831 691 1888 742 ὲν

316 778 507 840 αὐταῖς
531 777 702 846 ἔρημα
740 776 905 829 πάλιν
930 777 1006 839 ὡς
1026 776 1094 830 τὰ
1112 778 1390 850 ἀπ’ἀρχῆς
1417 780 1695 850 συστῆναι.
1730 779 1888 834 Ἀλλὰ

318 871 414 922 καὶ
451 868 541 938 τήν
567 867 880 934 πολυθέων,
914 869 1013 940 τῆς
1054 869 1253 933 κακίας
1286 871 1518 924 ἄϐυσσον
1553 873 1888 944 ὀνομαζομέ-

317 980 431 1033 νην,
467 961 665 1032 ἔρημον
691 962 1044 1032 καταστήσω,
1080 961 1172 1014 καὶ
1198 963 1325 1025 τοὺς
1355 965 1633 1034 ποταμοὺς
1668 965 1767 1035 τῆς
1792 983 1891 1018 πο-

315 1054 519 1116 λυθεῖας
565 1051 677 1106 τῶν
709 1051 989 1123 πολεμίων
1041 1052 1395 1125 ἀποξηρανῶο
1427 1056 1502 1120 ὡς
1560 1056 1754 1127 μηκέτι
1789 1057 1887 1129 τὴν

310 1143 595 1198 Βαϐυλῶνα
626 1144 916 1214 συστῆναι,
950 1144 1087 1214 μήτε
1114 1144 1240 1208 τοὺς
1263 1149 1540 1216 ποταμοὺς
1562 1148 1732 1219 αὐτῆς
1761 1150 1886 1212 τοὺς

306 1236 470 1289 πολλὰ
490 1236 690 1307 δεδυνη
700 1235 898 1306 μένους
929 1237 987 1288 ὲν
1033 1234 1292 1306 πλήθεσιν
1328 1239 1584 1309 ἰσχυροῖς.
1615 1240 1798 1294 Ταῦτα
1828 1242 1885 1295 δὲ

303 1330 473 1382 πάντα
491 1329 715 1398 ποιήσω
749 1327 978 1398 διακόνῳ
993 1328 1334 1399 χρησάμενος
1358 1329 1511 1402 ἀνδρὶ
1543 1331 1635 1384 τοῦ
1661 1333 1884 1404 Περσῶν

299 1423 483 1490 γένους
502 1419 919 1491 βεϐασιλευκότι
940 1419 1158 1490 πρώτῳ.
1186 1419 1316 1472 Εἰδὲ
1343 1421 1447 1492 χρὴ
1469 1421 1563 1475 καὶ
1581 1424 1666 1476 ἐπ’
1689 1424 1885 1494 ὀνόμα-

299 1530 386 1578 τος
401 1509 787 1582 προφητεῦσαι
810 1509 994 1561 τούτου
1007 1511 1104 1581 τὴν
1119 1510 1506 1582 προσηγορίαν,
1523 1511 1702 1582 Κῦρος
1715 1512 1884 1583 ὄνομα

300 1605 375 1676 τῷ
417 1604 825 1674 θεσπιζομένῳ,
869 1603 928 1655 ὃν
972 1607 1348 1674 προστήσομαι
1392 1603 1499 1657 τῶν
1533 1605 1680 1676 ἐμῶν
1711 1606 1882 1675 λόγων

302 1692 607 1762 ὑπηρέτην,
645 1691 908 1761 φρόνησιν
950 1690 1098 1761 αὐτῷ
1134 1692 1518 1763 δωρησάμενος
1561 1695 1778 1766 εὐσεϐῆ,
1807 1696 1882 1759 ὡς

1989 509 2404 566 restaurandam
2456 516 2773 563 curaturum
2804 522 2967 574 esse;
3007 505 3082 560 ita
3130 516 3186 560 ul
3237 504 3438 562 Iudaeae
3467 523 3562 562 ur-

1986 603 2081 659 bes
2109 602 2436 667 incolantur,
2468 610 2522 657 et
2547 617 2672 670 quze
2704 601 2756 654 in
2792 600 2900 654 illis
2933 599 3148 654 deserta
3178 599 3418 665 fuerant,
3457 601 3561 656 ite-

1987 713 2104 750 rum
2149 684 2206 750 ut
2258 711 2288 749 a
2342 693 2612 764 principio
2645 692 3022 748 constituenda
3058 692 3188 746 sint.
3217 691 3358 757 Quin
3394 692 3559 745 etiam

1987 789 2206 842 deorum
2249 786 2703 856 multiplicitatem
2728 826 2742 850 ,
2769 801 2888 854 quae
2935 786 3160 854 abyssus
3192 784 3410 838 malitize
3464 799 3561 838 vo-

1985 887 2161 944 catur,
2189 878 2460 933 desertam
2507 877 2725 942 faciam,
2781 892 2843 931 ac
2906 875 3129 930 ﬂumina
3187 875 3560 946 multiplicita—

1988 972 2056 1026 tis
2087 972 2309 1024 deorum
2340 1010 2355 1035 ,
2400 984 2520 1038 quae
2565 984 2730 1038 penes
2772 967 3023 1024 inimicos
3051 977 3174 1036 est,
3220 969 3554 1034 arefaciam;

1986 1063 2057 1117 ita
2088 1072 2145 1116 ιιι
2173 1061 2414 1132 Babylon
2448 1077 2554 1114 non
2589 1061 2730 1116 ultra
2785 1061 3068 1125 consistat,
3112 1060 3204 1115 sed
3238 1076 3414 1130 neque
3458 1060 3559 1113 ilu-

1986 1155 2128 1207 mina
2167 1153 2285 1218 ejus
2309 1192 2324 1218 ,
2373 1153 2422 1207 vi
2459 1153 2819 1208 multitudinis
2849 1153 3078 1206 multum
3116 1152 3367 1207 valentia.
3434 1152 3558 1208 llaec

1982 1261 2148 1314 porro
2177 1246 2358 1300 omnia
2395 1261 2652 1316 peragam
2690 1245 2941 1299 ministro
2973 1254 3130 1298 utens
3156 1242 3298 1308 viro,
3327 1243 3417 1312 qui
3445 1245 3560 1313 pri-

1985 1353 2102 1391 mus
2149 1337 2433 1393 Persarum
2464 1351 2557 1392 rex
2589 1338 2712 1391 erit.
2748 1337 2900 1404 Quod
2953 1337 2998 1392 si
3048 1352 3184 1406 opus
3234 1337 3308 1391 sit
3361 1351 3556 1394 nomen

1982 1431 2097 1497 ejus
2126 1430 2434 1500 prophetice
2483 1430 2796 1499 significare
2823 1471 2837 1496 ,
2883 1429 3056 1502 Cyrus
3088 1426 3446 1498 appellabitur
3490 1430 3554 1494 is,

1983 1524 2075 1591 qui
2128 1523 2181 1575 itt
2230 1522 2486 1576 vaticinio
2537 1511 2730 1587 fertur,
2766 1537 2925 1592 quem
2967 1523 3259 1577 verborum
3311 1538 3558 1578 nteorutn

1983 1616 2292 1669 ministrum
2324 1615 2650 1669 constituam
2683 1631 2696 1680 ;
2726 1615 2868 1684 piam
2897 1613 2997 1684 ipsi
3044 1624 3276 1668 mentem
3323 1614 3515 1669 indens
3544 1656 3559 1680 ,

1982 1717 2042 1761 ut
2075 1707 2205 1760 ntihi
2243 1707 2440 1776 placita
2496 1707 2679 1760 omnia
2730 1717 3087 1776 exsequatur,
3138 1722 3203 1760 ac
3253 1706 3556 1762 Jerusalem

308 1785 480 1837 πάντα
511 1783 584 1836 τὰ
608 1783 929 1855 καταθύμια
961 1801 1050 1855 μοι
1081 1784 1305 1854 ποιῆσαι
1330 1785 1424 1838 καὶ
1451 1787 1749 1854 προστάξαι
1783 1788 1878 1860 τὴν

1986 1797 2158 1865 iubeat
2208 1799 2475 1866 excitari,
2531 1798 2902 1869 templumque
2950 1798 3068 1867 ejus
3115 1814 3144 1852 a
3191 1797 3560 1856 fundamentis

319 1873 671 1945 Ἰερουσαλὴμ
689 1873 1127 1944 οἰκοδομηθῆναι,
1159 1877 1252 1929 καὶ
1284 1874 1372 1928 τὸν
1398 1875 1532 1929 νεὼν
1557 1875 1647 1931 τὸν
1665 1879 1722 1930 ὲν
1743 1880 1877 1950 αὐτῇ

310 1964 726 2035 θεμελιωθῆναι.

805 2035 1200 2089 ΚΕΦΑΛΑΙΟΝ
1237 2038 1370 2091 ME'.

380 2145 399 2176 ι
433 2125 593 2179 Οὕτω
621 2126 768 2196 λέγει
797 2128 1000 2200 Κύριος
1027 2130 1055 2182 6
1087 2129 1218 2193 Θεὸς
1261 2129 1338 2201 τῷ
1387 2130 1590 2204 χριστῷ
1626 2149 1726 2203 μου
1767 2131 1882 2186 Κύ-

312 2233 406 2288 ρῳ,
455 2211 517 2270 οὗ
564 2219 848 2290 ἐκράτησα
883 2220 984 2291 τῆς
1028 2220 1206 2288 δεξιᾶς
1245 2207 1545 2277 ἐπακοῦσαι
1574 2224 1880 2297 ἔμπροσθεν

309 2310 469 2363 αὑτοῦ
502 2310 655 2382 έθνη,
709 2314 802 2365 καὶ
839 2314 992 2384 ἰσχὺν
1020 2314 1283 2385 βασιλέων
1312 2315 1603 2389 διαρῤήξω.
1661 2317 1881 2383 Ἀνοίξω

311 2404 618 2475 ἔμπροσθεν
644 2404 807 2458 αὐτοῦ
835 2405 1024 2478 θύρας,
1069 2410 1162 2460 καὶ
1207 2408 1390 2470 πόλεις
1435 2410 1496 2461 οὑ
1547 2410 1883 2478 συγκλείσον-

313 2513 418 2549 ται.
463 2515 482 2547 ι
535 2495 766 2564 Ἀγαθὸν
803 2497 858 2550 δὲ
899 2498 1177 2568 ὑπηρέτην
1204 2499 1302 2568 τῆς
1331 2499 1470 2570 ἐμῆς
1506 2497 1696 2570 βουλῆς
1724 2495 1881 2572 εὖρον

307 2589 398 2641 τὸν
419 2589 833 2660 προδηλωθέντα
855 2591 1039 2663 ἄνδρα·
1065 2591 1313 2644 ἐντεῦθεν
1347 2591 1446 2662 ῆδη
1475 2593 1881 2666 ἐπαγγέλλομαι

310 2678 603 2747 κρατήσειν
641 2678 806 2731 αὐτοῦ
840 2679 940 2750 τῆς
977 2679 1174 2744 δεξιᾶς,
1212 2681 1347 2751 πρὸς
1388 2681 1448 2735 τὸ
1491 2681 1564 2753 μὴ
1611 2686 1884 2756 παρατρέ-

308 2765 528 2831 πεσθαι,
559 2767 694 2838 μηδὲ
729 2767 978 2821 νικᾶσθαι
1025 2769 1130 2822 ὑπό
1171 2786 1314 2833 τινος
1361 2771 1687 2843 κρείττονος.
1721 2773 1881 2828 Ὑπο-

307 2859 495 2912 τάσσω
525 2859 582 2912 δὲ
620 2859 768 2931 αὐτῷ
808 2859 1032 2913 πλεῖστα
1089 2862 1188 2914 ὅσα
1220 2863 1277 2914 ὲν
1306 2864 1420 2926 τοῖς
1469 2861 1674 2926 λοιποῖς
1706 2862 1883 2916 ἔθνεσι

311 2951 704 3020 βασιλευόντων
727 2969 740 2981 ·
765 2952 832 3006 δι’
857 2952 1020 3006 αὐτοῦ
1035 2953 1092 3006 δὲ
1110 2952 1208 3024 τὴν
1238 2954 1388 3023 ἰσχὺν
1403 2953 1677 3026 διαῤῥήξω
1702 2954 1882 3025 πάσης

305 3043 409 3113 τῆς
440 3042 497 3094 ὲν
527 3045 638 3106 τοῖς
669 3042 873 3106 λοιποῖς
894 3043 1067 3096 ἔθνεσι
1093 3043 1409 3107 δυναστείας
1428 3059 1441 3072 ·
1481 3043 1656 3098 πάντα
1679 3045 1736 3097 δὲ
1765 3045 1882 3098 λεῖα

305 3135 403 3187 καὶ
433 3135 612 3205 ὁμαλὰ
638 3137 983 3207 καταστήσας
1015 3136 1120 3207 πρὸ
1145 3135 1252 3190 τῶν
1283 3136 1442 3189 αὑτοῦ
1492 3137 1686 3202 ποδῶν,
1719 3137 1884 3211 θύρας
1913 3118 1958 3179 C

305 3226 538 3290 πόλεων,
575 3227 668 3279 καὶ
688 3226 857 3290 αὑτὰς
883 3226 1008 3290 ὅλας
1037 3227 1135 3291 τὰς
1163 3227 1344 3292 πόλεις
1374 3227 1716 3300 ὑποχειρίους
1737 3229 1884 3300 αὑτῷ

307 3315 624 3389 παραδώσω
642 3333 657 3347 ο
691 3319 766 3380 ὡς
792 3317 1060 3388 μηδεμίαν
1085 3317 1334 3371 ἐναντίαν
1356 3319 1506 3389 αὐτῷ
1538 3319 1809 3386 γενέσθαι.

385 3448 403 3479 ι
438 3426 583 3496 Ἐγὼ
615 3427 920 3498 ἔμπροσθέν
948 3444 1041 3480 σου
1084 3425 1446 3498 πορεύσομαι,
1494 3427 1586 3480 καὶ
1616 3426 1644 3479 6
1655 3445 1725 3499 ρη
1756 3431 1887 3500 όμα-

302 3520 440 3573 λιῶ·
475 3520 646 3592 θύρας
683 3520 888 3589 χαλκᾶς
921 3517 1214 3590 συντρίψω,
1252 3519 1346 3571 καὶ
1367 3518 1596 3590 μοχλοὺς
1634 3519 1886 3592 σιδηροῦς

310 3611 621 3678 συγκλάσω.
667 3629 685 3660 ι
716 3611 826 3664 Καὶ
861 3611 1002 3664 εἴποι
1042 3609 1085 3662 δ’
1111 3607 1176 3662 ἄν
1207 3627 1292 3672 τις
1317 3609 1384 3663 τὰ
1422 3608 1564 3664 κατὰ
1587 3611 1679 3663 τὸν
1723 3613 1886 3682 Ζορο-

307 3703 500 3769 ϐἀὸελ,
533 3704 567 3774 ἦ
609 3703 750 3757 κατὰ
795 3703 977 3775 Κῦρον
1025 3705 1309 3776 ἱστορικῶς
1342 3705 1627 3775 γενόμενα,
1671 3705 1885 3768 εἰκόνας

311 3795 413 3848 καὶ
439 3793 683 3865 σύμϐολα
699 3796 974 3866 περιέχειν
999 3795 1097 3866 τῆς
1127 3795 1381 3866 ἀληθείας
1398 3811 1413 3826 ο
1443 3795 1512 3848 τὰ
1538 3796 1595 3848 δὲ
1626 3798 1768 3850 κατὰ
1793 3797 1885 3851 τὸν

309 3884 490 3956 ἀληθῆ
523 3885 726 3957 Κύριον
765 3887 859 3939 καὶ
898 3886 1129 3956 Χριστὸν
1171 3885 1551 3956 πνευματικῶς
1593 3887 1884 3959 πεπληρῶ-

310 3977 438 4031 σθαι
457 3994 471 4008 ·
502 3977 578 4041 ὡς
609 3978 695 4030 ἐπ’
728 3978 890 4031 αὐτὸν
930 3977 1127 4048 μᾶλλον
1168 3976 1451 4048 ἀληθεύειν
1476 3977 1566 4030 τὸν
1604 3977 1761 4047 λόγον
1793 3981 1884 4033 τὸν

305 4072 603 4142 φήσαντασ
651 4089 668 4122 ι
723 4070 863 4124 Τάδε
915 4070 1061 4140 λέγει
1121 4068 1326 4139 Κύριος
1389 4067 1466 4140 τῷ
1517 4069 1721 4140 χριστῷ
1783 4088 1883 4141 μου

305 4163 503 4234 Κύρῳ.
527 4161 716 4215 »Κατὰ
753 4161 861 4234 γὰρ
890 4163 989 4232 τὴν
1018 4161 1305 4234 πρόχειρον
1329 4158 1472 4226 λέξιν
1506 4158 1628 4213 οὕτε
1654 4159 1885 4232 Χριστὸς

306 4257 388 4311 ὢν
409 4256 506 4310 τοῦ
537 4257 670 4310 Θεοῦ
689 4257 936 4327 φαίνεται
956 4258 984 4309 6
1009 4255 1234 4329 Περσῶν
1260 4255 1511 4327 βασιλεὺς
1529 4256 1886 4327 οἰκοδομήσας

304 4354 410 4422 τὴν
458 4350 846 4422 Ἰερουσαλήμ·
892 4349 1006 4403 ἀλλ’
1044 4350 1162 4404 οὐδὲ
1211 4349 1347 4412 ὅλως
1385 4346 1526 4401 κατὰ
1571 4347 1667 4418 τὴν
1721 4348 1883 4402 αὐτοῦ

1985 1892 2215 1947 exstrui.

2549 2046 2781 2104 CAPUT
2820 2044 2983 2102 XLV.

2049 2143 2212 2199 Vens.
2247 2142 2296 2198 1.
2333 2161 2352 2194 ‹
2387 2141 2480 2199 Sic
2514 2141 2644 2196 dicit
2696 2141 2958 2196 Dominus
3002 2139 3144 2196 Deus
3191 2139 3403 2195 christo
3437 2155 3558 2193 meo

1979 2237 2144 2310 Cyro.
2213 2235 2368 2304 cujus
2418 2233 2755 2304 apprehendi
2807 2234 3112 2300 dexteram,
3165 2244 3224 2288 ut
3273 2233 3556 2301 subjiciam

1981 2341 2104 2384 ante
2135 2328 2326 2383 faciem
2376 2326 2492 2395 ejus
2535 2336 2745 2398 gentes,
2778 2335 2835 2380 et
2876 2325 3022 2380 vires
3059 2339 3243 2395 regum
3291 2324 3558 2394 frangam.

1980 2405 2233 2491 Aperiam
2268 2436 2454 2476 coram
2485 2434 2551 2474 eo
2582 2428 2788 2489 portas,
2843 2428 2898 2473 et
2949 2417 3114 2473 urbes
3151 2432 3256 2471 non
3300 2416 3559 2470 claudenn

1983 2526 2088 2571 tttr.
2122 2533 2140 2565 ι
2178 2514 2384 2568 Bonum
2423 2519 2606 2566 autem
2640 2509 2853 2565 consilii
2890 2509 2995 2563 mei
3032 2509 3336 2562 ministrum
3377 2505 3558 2560 inveni

1983 2617 2343 2664 memoratum
2370 2606 2543 2658 virum
2570 2621 2584 2657 :
2616 2601 2728 2672 jam
2777 2602 2905 2656 hinc
2935 2600 3196 2672 polliceor
3241 2614 3328 2652 me
3365 2598 3560 2652 dexte-

1983 2716 2098 2754 ram
2133 2699 2250 2768 ejus
2299 2696 2764 2764 apprebensurum
2813 2709 2954 2760 esse,
3015 2703 3073 2746 ut
3126 2706 3230 2745 non
3258 2699 3558 2751 evertatur,

1985 2807 2165 2860 neque
2191 2793 2494 2859 'snperetur
2549 2801 2580 2841 a
2637 2786 2893 2856 quopiam
2964 2784 3210 2839 fortiore.
3266 2779 3373 2851 Ipsi
3427 2795 3558 2835 vero

1984 2883 2152 2939 multa
2195 2880 2480 2949 subjiciam
2530 2893 2600 2934 ex
2657 2893 2847 2948 regum
2909 2878 3138 2932 aliarum
3183 2875 3424 2945 gentium
3473 2873 3557 2928 di-

1987 2978 2172 3032 tione:
2210 2988 2306 3042 per
2334 2973 2514 3040 ipsum
2550 2970 2676 3025 item
2708 2985 2922 3025 omnem
2956 2970 3007 3025 in
3047 2967 3272 3036 reliquis
3306 2967 3558 3036 gentibus

1985 3066 2283 3141 potentiam
2317 3063 2669 3135 perfringam,
2724 3064 2906 3117 omnia
2950 3063 3110 3132 plana
3146 3068 3202 3115 et
3247 3058 3430 3113 facilia
3462 3072 3558 3126 pa-

1991 3175 2120 3216 rans
2145 3167 2270 3212 ante
2299 3154 2468 3226 pedes
2500 3151 2618 3220 ejus
2642 3171 2656 3208 :
2689 3163 2873 3222 portas
2897 3152 3135 3217 urbium,
3155 3159 3209 3206 et
3247 3151 3393 3218 ipsas
3422 3149 3558 3201 inte-

1986 3270 2116 3325 gras
2145 3252 2308 3307 urbes
2337 3248 2390 3302 in
2420 3262 2612 3301 manus
2634 3246 2751 3316 ejus
2787 3248 2994 3302 tradam
3025 3261 3043 3312 ;
3075 3246 3148 3299 ita
3177 3253 3236 3297 ut
3277 3241 3424 3298 nulla
3457 3241 3558 3310 ipsi

1985 3351 2324 3404 adversetur.

2059 3442 2221 3496 Vens.
2253 3440 2307 3494 2.
2366 3457 2386 3492 ι
2423 3441 2535 3510 Ego
2568 3443 2694 3491 ante
2730 3441 2781 3486 te
2826 3428 2935 3491 ibo,
2972 3437 3027 3481 et
3060 3432 3272 3480 montes
3316 3421 3559 3491 compla-

1986 3535 2128 3589 nabo
2152 3553 2166 3588 :
2198 3540 2381 3602 portas
2411 3545 2581 3585 aereas
2609 3535 2913 3585 conteram,
2942 3529 2996 3574 et
3013 3526 3194 3573 vectes
3209 3516 3415 3570 ferreos
3437 3529 3563 3568 con-

1986 3626 2243 3696 fringam.
2270 3643 2291 3677 ι
2320 3623 2530 3678 Dixerit
2563 3618 2831 3691 quispiam
2859 3627 2944 3676 ea,
2979 3626 3098 3680 qum
3132 3619 3374 3676 tempore
3393 3607 3560 3661 Zoro-

1984 3719 2215 3785 babelis,
2260 3715 2346 3773 vel
2395 3715 2547 3788 Cyri,
2605 3709 2748 3782 quod
2802 3708 2868 3761 ad
2913 3701 3192 3759 hiStoriam
3224 3708 3376 3770 gesta
3410 3708 3556 3760 sunt,

1987 3810 2250 3881 imagines
2279 3816 2333 3864 et
2359 3805 2600 3878 symbola
2652 3800 2900 3857 veritatis
2929 3793 3216 3865 complecti
3245 3808 3259 3859 ;
3305 3805 3425 3861 qua:
3463 3805 3558 3844 au-

1988 3912 2091 3957 tem
2139 3900 2207 3955 ad
2255 3899 2371 3955 veri
2433 3895 2642 3951 Domini
2675 3903 2730 3949 et
2771 3890 2974 3946 Christi
3022 3896 3237 3957 tempus
3287 3893 3557 3954 spectant,

1985 3993 2337 4064 spiritualiter
2385 3989 2604 4060 impleta
2657 3987 2861 4050 fuisse;
2898 3983 2970 4037 ita
3020 3989 3080 4035 ut
3123 3981 3176 4034 in
3229 3979 3347 4048 ipso
3389 3980 3561 4047 magis

1986 4102 2146 4142 verus
2198 4083 2634 4154 deprehendatur
2677 4092 2880 4142 sermo,
2931 4075 3023 4145 qui
3073 4074 3170 4138 ait,
3208 4090 3226 4123 ι
3265 4070 3386 4125 Haec
3429 4070 3561 4124 dicit

1988 4179 2247 4234 Dominus
2289 4175 2496 4230 (ιιι-ἰειο
2531 4187 2651 4227 meo
2686 4171 2850 4241 Cyro.
2885 4187 2904 4221 ι
2959 4166 3092 4221 Nam
3127 4163 3421 4220 secundum
3462 4162 3559 4214 ob-

1985 4273 2127 4327 viam
2149 4270 2462 4333 dictionem,
2504 4278 2678 4334 neque
2725 4263 2966 4318 ehristus
3017 4259 3111 4313 Dei
3158 4257 3372 4312 videtur
3395 4252 3560 4306 fuisse

1989 4364 2275 4419 Persarum
2313 4359 2403 4414 ille
2443 4374 2565 4423 rex,
2607 4356 2700 4426 qui
2750 4353 3184 4424 Hierosolymam
3233 4345 3558 4406 construxit,

309 4443 463 4512 ζωὴν
493 4441 769 4512 προῦκοψε
808 4441 905 4512 τῆς
936 4441 1223 4512 οἰκοδομῆς
1265 4441 1327 4494 τὸ
1364 4439 1550 4510 ἔργον·
1597 4439 1754 4510 μόνον
1778 4440 1886 4513 γὰρ

1994 4469 2171 4526 neque
2203 4453 2491 4508 admodum
2523 4449 2640 4519 ipso
2671 4448 2888 4503 vivente
2936 4452 3241 4514 promotum
3280 4449 3363 4494 est
3392 4438 3562 4492 aediﬁ-

307 4531 550 4605 ἤρξαντο
595 4533 706 4586 τῶν
738 4532 1002 4602 θεμελίων
1051 4531 1190 4585 κατὰ
1232 4533 1357 4596 τοὺς
1400 4530 1598 4593 αὐτοὺς
1629 4531 1886 4601 χρόνους·

308 4622 414 4677 εἰτ’
451 4620 926 4692 ἐπισχεθέντοςτοῦ
952 4620 1136 4692 ἔργου,
1164 4621 1428 4687 διέμεινεν
1455 4620 1658 4692 ἔρημος
1681 4624 1710 4674 6
1729 4620 1891 4684 τόπος

313 4717 480 4788 μέχρι
501 4716 597 4785 τῆς
630 4715 855 4786 Δαρείου
891 4713 1182 4784 βασιλείας.
1220 4714 1331 4766 Καὶ
1363 4711 1432 4767 τὰ
1465 4712 1591 4784 ἑξῆς
1625 4713 1682 4766 δὲ
1713 4713 1892 4766 έπιλε-

308 4806 523 4876 γόμενα
553 4804 749 4876 μᾶλλον
777 4805 854 4875 τῷ
881 4803 1152 4875 Χριστῷ-ἣ
1188 4803 1264 4875 τῷ
1287 4803 1398 4857 τῶν
1423 4804 1651 4876 Περσῶν
1681 4804 1892 4874 βασιλεί

308 4897 678 4966 ἐφαρμόσειεν
714 4896 814 4950 ἄν’
846 4897 941 4950 καὶ
979 4897 1177 4967 μᾶλλον
1209 4895 1286 4968 τῷ
1324 4896 1575 4967 ἡμετέρῳ
1618 4897 1885 4970 Σωτῆριῆ

307 4988 389 5059 τῷ
422 4987 742 5058 Ζοροϐάϐελ.

395 5121 416 5152 ι
465 5102 574 5154 Καὶ
604 5101 760 5155 δώσω
798 5118 879 5154 σοι
919 5100 1223 5172 θησαυροὺς
1271 5101 1598 5167 σκοτεινοὺς,
1649 5103 1889 5174 ἀποκρύ-

309 5208 472 5263 φους,
508 5191 765 5261 ἀοράτους
806 5189 1000 5254 ἁνοίξω
1038 5205 1148 5242 σοι·
1185 5189 1272 5242 ἵνα
1315 5189 1477 5260 γνῷς,
1512 5190 1594 5242 ὅτι
1633 5188 1745 5257 ἐγὼ
1774 5189 1888 5242 Κύ-

309 5301 433 5358 ριος
471 5285 502 5336 6
536 5282 668 5346 Θεός
720 5299 812 5334 σου
834 5321 849 5346 ,
894 5285 923 5336 6
973 5281 1153 5335 καλῶν
1194 5283 1255 5335 τὸ
1305 5283 1476 5353 ὄνομά
1524 5299 1638 5348 σου,
1687 5284 1716 5336 6
1755 5282 1888 5347 Θεὸς

320 5373 564 5446 Ἰσραήλ.
583 5374 805 5427 Ἕνεκεν
836 5373 930 5427 τοῦ
964 5373 1150 5438 παιδός
1174 5391 1272 5444 μου
1301 5375 1516 5440 Ἰακὼϐ,
1548 5376 1638 5430 καί
1672 5376 1888 5449 Ἰσραὴλ

307 5466 409 5520 τοῦ
451 5463 708 5518 ἐκλεκτοῦ
757 5482 878 5534 μου,
910 5463 1021 5534 ἐγὼ
1049 5463 1264 5518 καλέσω
1302 5481 1363 5518 σε
1399 5464 1476 5537 τῷ
1512 5464 1733 5536 ὀνόματί
1760 5483 1884 5531 σου,

311 5559 412 5614 καὶ
445 5556 811 5630 προσδέξομαί
837 5574 924 5610 σε·
957 5558 1021 5612 σὺ
1050 5557 1106 5610 δὲ
1143 5557 1244 5610 οὐκ
1275 5555 1445 5626 ἔγνως
1477 5575 1566 5628 με.
1599 5577 1618 5611 ι
1656 5558 1794 5624 Τούς
1829 5576 1889 5612 τε

312 5652 446 5705 εἴσω
496 5650 703 5705 τούτων
726 5649 1150 5720 ταμιευομένους
1184 5650 1509 5723 θησαυροὺς,
1539 5653 1762 5722 ἀφανεῖς
1797 5650 1890 5705 καὶ

314 5745 584 5816 ἁοράτους
617 5744 729 5806 τοῖς
761 5741 1040 5816 προτέροις
1084 5742 1358 5812 βασιλεῦσι
1385 5743 1724 5817 πενομένους,
1757 5744 1886 5800 ἁνα-

1987 4550 2152 4609 οἰιιηι,
2181 4546 2534 4601 fundamenta
2566 4541 2768 4613 quippe
2801 4549 3010 4596 tantum
3059 4535 3179 4605 ejus
3219 4547 3334 4588 aevo
3359 4546 3562 4600 ponere

1988 4649 2272 4710 creperum
2302 4658 2314 4693 :
2352 4637 2567 4700 deinde,
2599 4634 2844 4690 cohibito
2900 4644 3084 4701 opere,
3121 4631 3369 4682 desertus
3414 4623 3562 4678 locus

1989 4732 2190 4787 mansit
2217 4745 2389 4800 usque
2418 4729 2484 4784 ad
2525 4729 2672 4782 Darii
2701 4739 2947 4796 regnum.
2985 4721 3114 4789 Quae
3144 4734 3273 4773 vero
3300 4721 3401 4771 sub
3446 4717 3562 4769 ha'c

1989 4824 2256 4889 feruntur,
2282 4823 2502 4878 Christo
2534 4822 2713 4891 aptius
2747 4833 2907 4889 quant
2942 4814 3230 4868 Persarum
3264 4811 3374 4878 regi
3407 4824 3559 4863 cont—

1991 4926 2178 4986 petant
2205 4935 2220 4974 :
2252 4916 2533 4984 magisque
2558 4911 2837 4969 Servatori
2871 4917 3077 4971 nostro,
3121 4921 3285 4976 quam
3320 4903 3562 4958 Zoroba-

1989 5009 2118 5065 beli.

2063 5101 2225 5158 Vens.
2261 5103 2314 5156 3.
2367 5120 2386 5153 ι
2439 5101 2504 5155 Et
2541 5099 2679 5154 dabo
2728 5097 2823 5152 tibi
2863 5097 3150 5151 thesauros
3193 5088 3559 5153 absconditos,

1988 5193 2241 5260 latentes,
2274 5193 2515 5249 occultos
2555 5191 2650 5245 tibi
2686 5191 2924 5261 aperiam
2953 5207 2967 5256 ;
3005 5198 3062 5242 ut
3092 5199 3412 5256 cognoscas,
3433 5183 3559 5252 quia

1991 5300 2092 5354 ego
2139 5285 2392 5339 Dominus
2425 5285 2564 5338 Deus
2617 5293 2759 5346 tuus,
2802 5282 2894 5351 qui
2951 5294 3084 5334 voco
3139 5293 3331 5333 nomen
3387 5287 3560 5343 tuum,

1995 5376 2385 5434 Deus'lsrael:
2433 5386 2655 5446 propter
2697 5389 2922 5446 puerum
2965 5387 3140 5427 meum
3165 5371 3352 5438 Jacob,
3393 5377 3448 5424 et
3482 5369 3559 5424 ls-

1994 5469 2105 5526 rael
2138 5469 2368 5525 electum
2409 5484 2609 5531 meum,
2641 5483 2742 5538 ego
2773 5466 2980 5521 vocabo
3017 5475 3070 5520 te
3105 5466 3323 5521 nomine
3370 5475 3484 5528 tuo,
3507 5473 3562 5518 et

1990 5563 2252 5632 accipiam
2282 5572 2352 5617 te.
2395 5559 2474 5614 Tu
2505 5569 2686 5614 autem
2724 5573 2830 5612 non
2868 5559 3168 5628 cognovisti
3202 5573 3358 5616 me.»
3413 5557 3558 5610 Intra

1991 5656 2152 5710 urbes
2179 5653 2486 5708 reconditos
2519 5651 2819 5717 thesauros,
2852 5653 3078 5707 latentes
3125 5652 3244 5708 illos
3283 5665 3338 5707 ei.
3388 5649 3560 5704 occul-

1993 5755 2094 5814 tos,
2131 5745 2371 5818 pristinis
2405 5743 2621 5814 regibus
2650 5745 3018 5814 absconditos,
3059 5745 3294 5814 aperiam
3320 5743 3447 5810 tibi;
3500 5752 3558 5794 ut
