4072 6194
482 323 583 383 Ml

1159 315 1422 372 EUSEBII
1462 313 1932 370 CESARIENSIS
1969 314 2121 370 OPP.
2165 313 2342 369 PARS
2378 313 2468 369 Ill.
2509 346 2575 355 —
2614 310 3028 369 EXEGETICA.
3092 281 3098 287 .

3617 305 3734 366 4Ιὶ

485 439 618 510 ipsis
642 435 899 507 operibus
926 434 1157 499 ediscas,
1181 435 1306 505 quis
1351 449 1450 503 ego
1489 433 1613 497 sim,
1667 435 1757 502 qui
1807 445 1932 488 ante
1977 444 2054 488 tot

2171 434 2378 487 πετάσω
2410 449 2489 486 σοι
2566 432 2640 496 ὡς
2675 432 2736 485 ἂν
2765 432 2946 495 αὐτοῖς
2971 430 3150 501 ἔργοις
3185 427 3375 499 μάθοις
3410 427 3552 490 ὅστις
3598 429 3724 482 ποτὲ

486 544 661 584 annos
691 528 1023 598 ipsissimum
1077 540 1276 580 nomen
1329 536 1479 580 tuum
1537 526 1870 595 propheticis
1905 525 2054 581 Scri-

487 621 668 692 pturis
714 619 870 682 meis,
902 617 1060 686 quasi
1094 617 1268 688 cippis
1308 617 1549 680 aeternis,
1595 618 1870 688 insculpsi.
1924 618 2054 673 Sum

487 722 670 766 autem
723 709 866 762 Deus
923 705 1116 773 Israel,
1171 707 1315 776 quod
1367 722 1433 761 ne
1477 707 1693 777 ignores
1751 717 1987 776 oportet,
2025 723 2058 763 ο

486 802 667 873 Cyre:
709 797 892 854 omnia
932 797 1133 869 quippe
1180 796 1296 866 jam
1349 798 1619 854 recensita
1668 801 1880 854 tradam
1916 800 2056 866 libi;

486 909 593 948 non
632 890 793 946 aliam
825 888 895 943 ob
939 904 1075 955 rem,
1105 904 1266 959 quam
1299 899 1523 960 propter
1555 890 1809 960 populum
1852 906 2057 955 meum,

487 997 649 1050 quem
686 981 816 1036 mihi
845 979 982 1050 elegi
1020 994 1084 1034 ex
1115 980 1368 1036 omnibus
1398 982 1675 1052 gentibus,
1705 982 1852 1051 quod
1878 991 2063 1052 patres

486 1089 676 1130 eorum
717 1074 772 1128 in
800 1073 975 1143 pretio
1005 1072 1258 1128 habeam.

559 1255 726 1312 Vens.
757 1255 873 1311 5-7.
947 1273 966 1307 ι
1021 1256 1286 1322 Quoniam
1344 1271 1445 1327 ego
1499 1255 1760 1312 Dominus
1811 1255 1973 1322 Deus,
2008 1266 2062 1312 et

493 1365 597 1406 non
631 1361 716 1406 est
763 1351 903 1405 alius
940 1351 1081 1406 Deus
1116 1361 1311 1422 praeter
1358 1367 1463 1405 me.
1497 1349 1853 1406 Corroboravi
1895 1360 1966 1418 te,
2009 1362 2062 1405 et

490 1460 597 1500 non
623 1444 920 1516 cognovisti
942 1460 1028 1500 me
1056 1461 1071 1510 ;
1101 1453 1157 1498 ut
1182 1454 1512 1513 cognoscant
1542 1445 1631 1512 qui
1660 1445 1727 1499 ab
1754 1454 1875 1498 ortu
1905 1443 2058 1506 solis,

491 1549 548 1592 et
569 1538 662 1608 qui
703 1539 768 1593 ab
799 1552 1018 1605 occasu,
1052 1537 1178 1607 quia
1240 1556 1347 1593 non
1405 1549 1492 1593 est
1540 1538 1682 1592 Deus
1719 1547 1914 1608 praeter
1957 1554 2061 1589 nte.

491 1629 602 1700 Ego
636 1630 892 1685 Dominus
924 1631 1083 1697 Deus,
1110 1640 1165 1686 et
1200 1648 1304 1686 non
1338 1642 1423 1687 est
1474 1640 1761 1700 praeterea.
1818 1631 1928 1698 Ego
1972 1631 2063 1700 qui

490 1723 784 1791 praeparavi
826 1721 1020 1785 lucem.
1051 1733 1105 1778 et
1127 1725 1217 1792 qui
1248 1723 1348 1778 feci
1378 1725 1648 1790 tenebras,
1680 1725 1770 1794 qui
1804 1723 1943 1778 facio
1966 1737 2062 1792 pa-

2159 529 2272 598 εἰμι
2293 529 2320 580 6
2343 525 2447 598 πρὸ
2471 524 2737 578 τοσούτων
2758 524 2892 578 ἐτῶν
2915 523 3170 595 ὀνομαστὶ¹
3190 521 3288 592 τὴν
3325 521 3424 592 σὴν
3457 537 3725 591 προσηγο-

2161 621 2282 691 ρίαν
2315 623 2434 682 ταῖς
2467 620 2830 690 προφητικαῖς
2868 634 2967 687 μου
2992 618 3256 687 Γραφαῖς,
3295 613 3485 684 ὥσπερ
3513 614 3570 664 ἐν
3599 613 3729 682 στήι-

2158 711 2278 774 λαις
2302 709 2560 773 αἰωνίοις,
2591 707 2917 779 ἐγχαράξας.
2944 708 3073 778 Εἰμὶ
3112 707 3166 760 δὲ
3201 708 3228 759 6
3258 705 3391 768 Θεὸς
3437 701 3674 776 Ἰσραὴλ,
3701 702 3734 757 ὃ

2162 805 2427 875 προσήκει
2463 805 2556 855 καὶ
2590 802 2648 855 σὲ
2681 802 2754 871 μὴ
2794 785 3037 869 ἀγνοεῖν,
3100 795 3144 854 ὦ
3183 798 3367 871 Κῦρεο
3405 799 3583 852 πάντα
3625 795 3734 868 γὰρ

2159 897 2228 950 τά
2261 896 2625 968 προλεχθέντα
2653 894 2950 965 χαριοῦμαί
2980 912 3061 946 σοι
3097 895 3157 947 οῦ
3184 895 3272 947 διά
3303 912 3356 947 τι
3378 893 3587 964 ἔκτερον,
3619 891 3735 944 ἀλλ’

2160 973 2346 1043 ἕνεκεν
2395 987 2488 1040 τοῦ
2537 987 2672 1058 ἐμοῦ
2716 986 2881 1051 λαοῦ,
2925 987 2983 1039 ὃν
3036 987 3255 1059 ἐμαυτῷ
3296 985 3627 1057 ἐξελεξάμην
3677 984 3738 1050 ἐξ

2160 1079 2416 1134 ἁπάντων
2447 1076 2558 1131 τῶν
2605 1077 2771 1131 ἐθνῶν
2804 1077 2891 1130 διὰ
2922 1075 3018 1149 τὴν
3054 1077 3188 1149 πρὸς
3214 1077 3338 1140 τοὺς
3365 1075 3608 1146 πατέρας
3641 1074 3741 1129 αὐ-

2160 1169 2268 1223 τῶν
2296 1170 2478 1241 τιμήν.
3687 1163 3695 1172 ’

2241 1281 2259 1314 ι
2292 1261 2415 1317 Ὅτι
2448 1261 2558 1332 ἐγὼ
2589 1261 2791 1335 Κύριος
2816 1263 2844 1314 6
2872 1261 3024 1325 Θεὸς,
3067 1263 3159 1315 καὶ
3179 1263 3278 1316 οῦκ
3303 1261 3447 1315 ἔστιν
3475 1262 3554 1315 ἐτι
3600 1261 3742 1334 πλὴν

2165 1355 2302 1427 ἐμοῦ
2323 1355 2476 1419 θεός.
2521 1355 2810 1426 Ἑνίσχυσά
2833 1373 2913 1418 σε,
2941 1356 3034 1409 καὶ
3049 1356 3148 1409 οὐκ
3168 1355 3312 1427 ᾔδεις
3331 1369 3417 1427 με·
3439 1356 3524 1408 ἵνα
3540 1355 3744 1424 γνῶσιν

2165 1450 2213 1501 οἱ
2245 1448 2338 1502 ἀπ’
2352 1446 2622 1501 ἀνατολῶν
2645 1447 2792 1518 ήλίου
2820 1449 2913 1500 καὶ
2935 1449 2984 1500 οί
3009 1447 3118 1507 ἀπὸ
3143 1447 3382 1518 δυσμῶν,
3413 1448 3493 1500 ὅτι
3512 1449 3611 1501 οὐκ
3625 1447 3744 1502 ἔστι

2165 1540 2297 1605 Θεὸς
2323 1541 2460 1612 πλὴν
2487 1542 2640 1612 ἐμοῦ.
2683 1539 2824 1609 Ἐγὼ
2868 1540 3072 1612 Κύριος
3103 1543 3131 1594 6
3160 1541 3312 1604 Θεὸς,
3342 1541 3436 1594 καὶ
3465 1542 3566 1593 οὐκ
3595 1539 3746 1594 ἐστιν

2163 1629 2263 1682 ἔτι.
2311 1629 2451 1700 Ἐγὼ
2483 1632 2510 1683 6
2542 1631 2954 1694 κατασκευάσας
2982 1630 3117 1699 φῶς,
3152 1631 3246 1684 καὶ
3269 1631 3500 1702 ποιήσας
3532 1630 3745 1696 σκότος,

2166 1721 2194 1772 6
2240 1720 2410 1774 ποιῶν
2447 1721 2687 1791 εἰρήνην,
2729 1722 2823 1774 καὶ
2855 1720 3053 1785 κτίζων
3100 1721 3266 1773 κακά.
3305 1719 3446 1788 Ἐγὼ
3481 1718 3685 1790 Κύριος
3717 1721 3748 1772 6

492 1829 632 1882 cem,
668 1824 721 1868 et
750 1831 876 1870 creo
902 1816 1064 1871 mala.
1113 1817 1228 1887 Ego
1272 1817 1534 1872 Dominus
1584 1818 1747 1882 Deus,
1802 1818 1892 1885 qui
1920 1815 2061 1871 facio

2171 1812 2316 1876 Βεὸς,
2351 1814 2379 1865 6
2401 1812 2569 1867 ποιῶν
2603 1812 2781 1865 πάντα
2802 1812 2993 1865 ταῦτα.
3038 1833 3056 1864 ι
3099 1811 3186 1876 Ἐξ
3213 1811 3389 1865 αὐτῶν
3411 1809 3518 1882 γὰρ
3540 1808 3748 1863 τούτων

493 1908 607 1964 haec
632 1910 834 1965 omnia.
861 1927 879 1961 ι
920 1909 995 1963 Ex
1027 1909 1112 1965 his
1135 1910 1265 1978 ipsis
1291 1911 1545 1980 operibus
1585 1910 1830 1965 ediscent
1865 1925 1882 1974 ;
1937 1924 2061 1962 cum

490 2003 634 2057 enim
665 2016 935 2059 aerumnas
956 2002 1152 2072 populo
1177 2017 1297 2057 meo
1319 2003 1386 2056 ad
1416 2002 1829 2058 conversionem
1863 2010 1916 2055 et
1944 2001 2058 2054 dis-

493 2095 754 2165 ciplinam
811 2095 1056 2165 inﬂigere
1103 2111 1240 2164 opus
1277 2105 1420 2160 erat,
1471 2095 1710 2150 inimicis
1746 2095 1920 2164 ipsum
1954 2105 2064 2147 tra~

492 2188 626 2254 didi,
657 2189 814 2258 quasi
846 2187 1081 2243 tenebris
1112 2197 1168 2242 et
1195 2189 1290 2242 irae
1320 2187 1616 2258 impietatis
1640 2201 1807 2241 causa
1835 2185 2060 2240 dedens.

491 2277 626 2333 Cum
655 2289 834 2334 autem
866 2279 1045 2334 denuo
1097 2293 1424 2334 conversum
1476 2286 1531 2334 et
1578 2280 1646 2333 ad
1697 2277 1975 2333 meliorem
2007 2292 2066 2330 se

493 2371 703 2444 frugem
723 2371 1095 2441 recipientem,
1125 2370 1388 2426 reducere
1414 2384 1551 2439 opus
1581 2377 1691 2434 est,
1720 2383 2066 2438 consequen-

492 2474 578 2520 ter
612 2465 764 2536 pacis
798 2465 1148 2534 omniumque
1204 2463 1470 2518 honorum
1531 2460 1712 2516 lumen
1767 2460 1896 2531 ipsis
1933 2459 2066 2516 oriri

491 2566 726 2627 oportet.
767 2558 813 2612 Α
865 2573 952 2613 me
982 2559 1181 2627 quippe
1233 2565 1289 2610 et
1332 2555 1512 2610 lumen
1542 2563 1596 2608 et
1621 2569 1740 2622 qur:
1773 2553 1840 2608 ad
1877 2567 2064 2623 pacem

492 2657 742 2718 spectant
773 2650 956 2704 omnia
987 2647 1511 2714 subministrantur;
1541 2646 1750 2714 judicio
1781 2648 1908 2702 item
1948 2662 2069 2702 meo

494 2742 631 2797 ultio
662 2756 878 2812 quoque
913 2741 1206 2797 inducitur.
1245 2742 1590 2810 Quapropter
1623 2741 1765 2794 hanc
1795 2758 1824 2793 a
1859 2755 1944 2794 me
1967 2741 2068 2794 do-

493 2831 726 2886 ctrinam
751 2834 936 2900 accipe
967 2848 982 2898 ;
1011 2846 1097 2884 me
1112 2830 1324 2886 scilicet
1351 2837 1406 2883 et
1431 2827 1572 2883 lucis
1611 2827 1968 2892 conditorem,
2013 2835 2068 2884 et

495 2923 646 2991 pacis
685 2921 996 2992 largitorem
1039 2937 1181 2989 esse,
1226 2920 1588 2989 similiterque
1632 2921 1974 2976 tenebrarum
2013 2932 2070 2976 et

493 3026 682 3066 eorum
714 3026 834 3080 quae
865 3009 1040 3065 tristia
1067 3019 1407 3080 reputautar,
1433 3025 1552 3080 qua:
1584 3026 1682 3080 pro
1713 3011 1872 3066 malis
1900 3025 2067 3080 penes

497 3099 696 3154 multos
735 3099 1041 3153 habentur:
1078 3108 1135 3152 et
1165 3109 1346 3154 tamen
1374 3099 1569 3152 horum
1597 3109 1788 3155 auctor
1828 3115 1928 3170 ego
1959 3100 2065 3155 dici

2169 1905 2504 1976 μαθήσονται
2543 1905 2653 1958 τῶν
2694 1905 2904 1976 ἔργων’
2943 1905 3030 1958 ὅτε
3070 1905 3167 1976 μὲν
3211 1905 3317 1976 γὰρ
3357 1901 3579 1974 λυπηρὰ
3607 1902 3748 1973 χρῆν

2169 1995 2468 2063 ἐπαγαγεῖν
2502 1994 2580 2064 τῷ
2612 1993 2731 2065 ἐμῷ
2762 1994 2877 2065 λαῷ
2912 1995 3214 2066 ἐπιστροφῇ
3249 1995 3341 2047 καὶ
3366 1992 3606 2062 παιδείᾳ,
3633 1993 3748 2055 τοῖς

2169 2084 2445 2154 πολεμίοις
2459 2085 2618 2137 αὑτὸν
2636 2084 2894 2150 ἐξέδωκα,
2918 2084 3067 2138 ὣσπε
3074 2103 3106 2156 ρ
3123 2085 3298 2155 σκότῳ
3311 2084 3401 2137 καὶ
3416 2085 3556 2157 ὀργῇ
3568 2099 3750 2155 παρα-

2164 2175 2288 2238 δοὺς
2309 2175 2469 2228 αὑτὸν
2482 2174 2588 2228 τῶν
2607 2175 2970 2246 ἀσεϐημάτων
2983 2178 3160 2248 χάρινο
3180 2178 3268 2230 ὅτε
3280 2177 3358 2242 δέ,
3389 2175 3543 2246 φησι,
3559 2174 3751 2228 λοιπὸν

2168 2267 2571 2340 ἐπιστρέψαντα
2605 2269 2698 2321 καὶ
2729 2269 3082 2342 ὡφελημένον
3120 2271 3382 2342 προσήκει
3415 2267 3708 2325 ἀναλαϐεῖν
3730 2310 3746 2332 ,

2167 2359 2458 2413 ἀκόλουθον
2493 2359 2560 2413 ἂν
2593 2361 2676 2432 εἴη
2711 2361 2826 2429 φῶς
2859 2363 3083 2432 εἰρήνης
3124 2362 3220 2415 καὶ
3264 2363 3481 2416 πάντων
3526 2360 3750 2430 ἀγαθῶν

2169 2451 2476 2506 ἀνατέλλειν
2492 2452 2579 2504 ἐπ’
2597 2453 2779 2506 αὐτόν.
2807 2453 2896 2520 Ἐξ
2918 2453 3054 2524 ἐμοῦ
3084 2455 3191 2524 γάρ
3208 2454 3270 2507 τὸ
3287 2453 3402 2523 φῶς
3430 2457 3751 2526 χορηγεῖται

2167 2543 2263 2598 καὶ
2293 2542 2363 2598 τά
2387 2545 2484 2614 τῆς
2503 2545 2728 2616 εἰρήνης
2746 2546 2921 2599 πάντα
2935 2561 2950 2576 ⁸
2970 2547 3149 2617 κρίσει
3179 2546 3236 2599 δέ
3253 2548 3318 2616 τῇ
3333 2548 3438 2617 ἐμῇ
3458 2547 3551 2598 καὶ
3567 2546 3633 2599 τὰ
3649 2549 3755 2618 τῆς

2167 2637 2337 2708 ὀργῆς
2373 2637 2655 2705 ἐπάγεται,
2701 2636 2898 2708 Διόπερ
2933 2637 3108 2708 δόγμα
3124 2639 3253 2710 παρ’
3277 2637 3410 2710 ἐμοῦ
3429 2639 3586 2691 τοῦτο
3606 2639 3750 2709 μάν-

2170 2729 2297 2784 θανε
2318 2747 2331 2760 ο
2366 2730 2440 2793 ὡς
2465 2729 2573 2802 ἄρα
2597 2728 2710 2798 ἐγὼ
2743 2731 2904 2794 αὐτὸς
2928 2731 3020 2784 καὶ⁵
3051 2732 3226 2800 φωτός
3253 2733 3370 2802 εἰμι
3397 2731 3754 2804 δημιουργὸς,

2169 2825 2264 2876 καὶ
2279 2823 2502 2896 εἰρήνης
2530 2825 2786 2895 χορηγὸς,
2806 2822 3006 2894 ὁμοίιος
3039 2825 3098 2877 δέ
3135 2827 3229 2879 καὶ
3265 2826 3490 2889 σκότους
3523 2827 3616 2878 καὶ
3637 2826 3754 2879 τῶν

2171 2913 2538 2984 νομιζομένων
2563 2913 2821 2984 λυπηρῶν
2841 2931 2853 2942 '
2884 2914 3028 2984 ἅπερ
3062 2916 3206 2968 κακὰ
3234 2918 3344 2977 τοῖς
3371 2916 3583 2978 πολλοῖς
3610 2910 3752 2969 εἶναι

2171 3007 2502 3077 νενόμισται,
2535 3000 2610 3061 ὧν
2638 3008 2868 3078 ποιητὴς
2894 3007 2959 3061 ἂν
2981 3007 3249 3078 λεχθείην,
3282 3007 3459 3080 κρίσει
3482 3008 3664 3080 δικαίᾳ
3682 3007 3756 3060 τά

2173 3101 2482 3173 κατάλληλα
2513 3105 2622 3166 τοῖς
2658 3102 2829 3170 ἀξίοις
2868 3102 3110 3171 ἐπάγων.
3138 3104 3201 3155 Εἰ
3241 3103 3418 3155 τοίνυν
3451 3101 3563 3170 ἐγὼ
3594 3102 3756 3167 Θεὸς,

495 3189 726 3256 valeam,
761 3189 909 3260 justo
933 3189 1140 3261 judicio
1171 3189 1473 3260 promerita
1508 3189 1739 3259 singulis
1774 3191 2061 3246 inducens.

2171 3195 2264 3248 καὶ
2285 3197 2386 3249 οὐκ
2411 3195 2524 3248 ἐστι
2555 3195 2692 3266 πλὴν
2723 3194 2854 3264 ἐμοῦ
2873 3195 3078 3265 ἕτερος,
3110 3198 3137 3246 6
3162 3194 3330 3248 ποιῶν
3349 3194 3521 3246 ταῦτα
3550 3194 3753 3258 πάντα,

496 3283 559 3340 Si
587 3284 771 3354 itaque
797 3299 898 3356 ego
937 3285 1102 3349 Deus,
1128 3293 1183 3339 et
1209 3299 1314 3338 non
1338 3292 1419 3337 est
1445 3292 1642 3352 prmter
1674 3299 1758 3338 me
1788 3284 1949 3349 alius,
1973 3286 2064 3354 qui

501 3378 616 3432 hac
667 3375 850 3432 omnia
905 3376 1120 3445 faciat;
1165 3375 1381 3430 etiamsi
1427 3375 1707 3429 contraria
1760 3376 2066 3444 videantur,

495 3474 737 3522 attamen
768 3475 962 3521 natura
999 3481 1095 3520 sua
1129 3467 1408 3520 contraria
1446 3481 1553 3519 non
1593 3477 1740 3520 sunt.
1777 3465 1908 3521 Nam
1951 3484 2069 3538 qua:

499 3555 638 3612 mala
685 3571 718 3612 ι
768 3571 854 3612 me
893 3555 1062 3628 inﬂigi
1099 3556 1504 3621 existimantur,
1551 3571 1613 3611 ea
1657 3573 1790 3612 sane
1828 3558 2070 3611 maxime

498 3648 786 3704 conferunt
825 3649 892 3703 ad
928 3648 1217 3704 utilitatem
1253 3658 1310 3702 et
1341 3647 1573 3703 salutem
1617 3663 1829 3714 eorum,
1858 3650 1951 3719 qui
1986 3648 2070 3704 his

499 3738 570 3792 ad
595 3755 784 3794 sanam
807 3749 1043 3794 mentem
1075 3739 1433 3793 reducuntur.

571 3829 819 3886 “135.8.
865 3847 885 3882 ι
933 3829 1168 3885 Laetetur
1217 3829 1416 3884 ctelum
1469 3831 1726 3899 desuper,
1783 3838 1839 3884 et
1899 3830 2072 3885 nuhes

498 3921 704 3978 stillent
735 3921 1041 3990 justitiam:
1076 3920 1356 3991 aperiatur
1391 3931 1558 3985 terra,
1592 3931 1646 3975 et
1670 3923 1937 3990 germinet
1971 3923 2072 3976 Illi--

499 4013 876 4078 sericordiam,
923 4024 978 4068 et
1009 4011 1275 4082 justitiam
1321 4013 1457 4068 oriri
1507 4013 1677 4068 faciat
1728 4013 1913 4068 simul.
1957 4013 2071 4085 Ego

499 4121 620 4161 sum
679 4107 963 4174 Dominus,
1014 4112 1104 4180 qui
1160 4114 1342 4168 ereavi
1403 4123 1474 4169 te.
1527 4134 1545 4167 ι
1605 4113 2069 4181 Quemadmodum

499 4201 644 4256 enim
681 4211 892 4273 tempus
915 4207 1042 4261 olim
1073 4208 1196 4274 fuit,
1227 4226 1350 4265 cum
1385 4211 1617 4267 nubibus
1650 4210 1919 4275 mandavi,
1963 4231 1981 4262 ι
2014 4222 2072 4265 ut

499 4309 606 4350 non
636 4295 883 4374 pluerent
905 4314 1068 4370 super
1101 4301 1314 4358 vineam
1350 4304 1624 4373 pluviam;
1660 4324 1678 4356 ι
1713 4305 1786 4358 ita
1819 4312 1874 4359 et
1925 4321 2069 4359 nunc

499 4401 601 4444 suo
642 4397 886 4460 tempore
934 4391 1350 4449 rationabilibus
1401 4395 1640 4451 nubibus
1677 4395 1815 4452 meis
1878 4396 2072 4466 prazci-

2173 3287 2274 3340 κᾶν
2303 3287 2521 3340 ἐναντία
2554 3283 2697 3340 εἶναι
2738 3287 2892 3358 δοκῇ,
2926 3287 3026 3338 οὐκ
3059 3286 3188 3354 ὄντα
3211 3289 3276 3354 τῇ
3310 3285 3467 3354 φύσει
3505 3285 3753 3340 ἐναντία.

2183 3379 2334 3432 Ἐπεὶ
2366 3380 2460 3432 καὶ
2485 3378 2552 3432 τὰ
2580 3379 2906 3449 νομιζόμενα
2928 3379 3019 3430 ὑπ’
3041 3377 3174 3446 ἐμοῦ
3205 3377 3503 3444 ἐπάγεσθαι
3519 3375 3665 3430 κακὰ
3682 3377 3758 3431 τὰ

2175 3469 2405 3542 μέγιστα
2442 3468 2818 3539 συμϐάλλοιντ’
2849 3469 2916 3521 ἂν
2964 3468 3098 3539 πρὸς
3131 3467 3396 3536 ὠφέλειαν
3441 3469 3533 3521 καὶ
3572 3487 3758 3542 σωτη-

2173 3563 2294 3634 ρίαν
2319 3561 2427 3616 τῶν
2459 3562 2524 3615 δι’
2559 3559 2735 3615 αὐτῶν
2770 3561 3268 3632 σωφρονιζομένων.

2249 3851 2266 3882 ι
2299 3831 2667 3902 Εὑφρανθήτω
2707 3834 2736 3884 6
2762 3831 3007 3903 ὀὐρανος
3047 3830 3274 3894 ἀνωθεν,
3317 3829 3410 3883 καὶ
3445 3830 3500 3882 αἱ
3531 3827 3756 3896 νεφέλαι

2173 3925 2490 3997 ῥανάτωσαν
2536 3924 2910 3996 δικαιοσύνηνο
2951 3925 3286 3978 ἀνατειλάτω
3318 3925 3350 3993 ἡ
3377 3925 3468 3994 γῆ,
3504 3922 3598 3976 καὶ
3631 3920 3757 3990 βλα-

2176 4015 2428 4085 στησάτω
2472 4015 2655 4080 ἔλεος,
2713 4016 2807 4069 καὶ
2857 4016 3202 4087 δικαιοσύνην
3245 4014 3578 4069 ἀνατειλάτω
3609 4013 3751 4084 ἅμα.

2187 4106 2326 4175 Ἐγώ
2348 4109 2462 4178 εἰμι
2490 4109 2694 4180 Κύριος
2722 4110 2751 4162 6
2775 4113 2963 4173 κτίσας
2995 4126 3074 4162 σε.
3111 4130 3127 4160 ι
3160 4109 3370 4179 Ὥσπερ
3392 4109 3500 4179 γὰρ
3528 4103 3596 4178 ἦν
3630 4123 3757 4160 και-

2176 4197 2267 4268 ρός
2302 4216 2453 4263 ποτε,
2504 4199 2592 4252 ὅτε
2633 4202 2754 4262 ταῖς
2795 4198 3047 4268 νεφέλαις
3089 4199 3440 4270 ἐνετειλάμην
3475 4219 3491 4249 ι
3532 4196 3628 4251 τοῦ
3673 4197 3754 4268 μὴ

2176 4290 2361 4361 βρέξαι
2390 4292 2468 4355 εἰς
2498 4291 2587 4343 τὸν
2604 4290 2900 4362 ἀμπελῶνα
2934 4292 3106 4356 ὑετὸν,
3137 4311 3154 4341 ›
3185 4291 3326 4344 οῦτω
3348 4291 3442 4344 νῦν
3467 4289 3606 4344 κατά
3632 4309 3756 4344 και-

2179 4381 2266 4452 ρὸν
2293 4384 2412 4445 ταῖς
2463 4383 2620 4451 ἐμαῖς
2653 4381 2900 4450 νεφέλαις
2939 4382 3182 4452 λογικαῖς
3214 4382 3400 4448 οῦσαις
3429 4383 3755 4456 προστάσσω

499 4477 669 4548 piam,
712 4488 772 4535 ut
804 4495 911 4536 non
944 4483 1200 4539 sensilem
1236 4501 1454 4555 aquam,
1491 4487 1586 4542 sed
1608 4483 1879 4554 justitiam
1909 4487 2065 4543 desu-

2179 4473 2252 4543 μὴ
2281 4472 2538 4543 αἰσθητὸν
2571 4473 2734 4544 ὕδωρ,
2771 4473 2908 4527 ἀλλὰ
2942 4475 3041 4545 τὴν
3070 4475 3416 4546 δικαιοσύνην
3447 4475 3654 4530 ἄνωθεν
3692 4475 3755 4541 ἐξ

499 4585 594 4640 per
627 4585 695 4626 ex
724 4573 834 4629 alto
862 4574 1070 4630 stillent
1101 4578 1187 4644 iis,
1221 4578 1313 4646 qui
1348 4578 1663 4634 inhabitant
1696 4588 1925 4635 terram.

571 4663 739 4719 Vens.
770 4667 824 4732 9,
858 4668 943 4722 l0.
984 4687 1002 4719 ι
1035 4667 1174 4736 Quid
1201 4669 1398 4725 melius
1435 4671 1734 4742 prmparavi
1782 4684 1841 4727 ut
1894 4672 2064 4726 lutum

497 4755 683 4828 ﬁguli?
711 4757 966 4828 Numqui
1003 4769 1142 4828 arat,
1179 4763 1354 4816 arabit
1404 4775 1607 4818 terram
1655 4772 1768 4819 tota
1785 4764 2066 4820 die?Num

498 4849 642 4906 dicet
662 4851 834 4906 lutum
883 4851 1066 4922 figulo,
1111 4854 1250 4920 Quid
1299 4846 1455 4920 facis,
1503 4855 1765 4924 quoniam
1795 4872 1901 4910 non
1935 4872 2066 4926 ope-

498 4942 662 5008 raris,
695 4958 869 5014 neque
895 4945 1062 4998 hahes
1092 4962 1282 5002 manus
1308 4947 1330 5000 ?
1361 4946 1497 5001 Num
1531 4947 1813 5016 respondit
1842 4947 2066 5019 figmen-

500 5040 614 5088 tum
648 5033 822 5089 lictori
852 5034 990 5089 suo?
1016 5036 1114 5101 Qui
1147 5036 1279 5101 dicit
1337 5039 1500 5106 patri,
1548 5038 1688 5106 Quid
1726 5041 2016 5109 generabis
2045 5041 2068 5095 ?

498 5129 555 5176 et
582 5123 766 5188 matri,
800 5123 940 5190 Quid
976 5125 1202 5194 paries?
1236 5145 1254 5178 ι
1315 5127 1479 5192 Quasi
1510 5143 1604 5182 eos
1641 5128 1946 5198 alloquens,
1976 5130 2066 5199 qui

501 5211 796 5267 universali
833 5213 905 5267 illi
936 5213 1292 5286 providentiae
1339 5227 1395 5271 et
1440 5217 1901 5274 administrationi
1935 5236 2068 5274 con-

501 5301 798 5372 tradicunt,
829 5306 906 5360 ait
930 5327 942 5364 :
965 5305 1052 5362 Vae
1083 5307 1172 5378 qui
1201 5309 1534 5364 contradicit
1569 5309 1748 5365 fictori
1780 5327 1899 5366 suo.
1934 5310 2067 5365 Nam

497 5396 717 5466 quando
741 5399 1094 5469 castigatione
1120 5411 1175 5456 et
1201 5401 1560 5457 conversione
1588 5417 1722 5471 Opus
1744 5413 1882 5470 erat,
1919 5402 2074 5458 Jeru-

500 5485 671 5542 salem
702 5489 861 5557 quasi
888 5499 1079 5546 testam
1114 5492 1367 5547 contrivi.
1421 5503 1476 5548 ct
1529 5494 1785 5563 templum
1836 5495 2070 5550 inimicis

502 5590 556 5633 et
595 5579 842 5635 hostibus
875 5582 1109 5651 tradidi;
1156 5601 1276 5639 cum
1321 5595 1502 5641 autem
1556 5597 1677 5657 post
1719 5585 2069 5643 sufﬁcientem

507 5672 712 5726 illatam
749 5688 986 5742 pcenam,
1043 5675 1431 5731 humanitatem
1481 5679 1740 5734 exhibere
1791 5681 2064 5749 oportuit;

515 5774 636 5820 tunc
669 5774 720 5821 et
751 5766 1006 5836 templum
1055 5778 1108 5822 et
1157 5770 1346 5825 urbem
1399 5771 1640 5839 pristinis
1703 5775 2073 5842 prwstantiora

2176 4563 2341 4632 ῦψους
2358 4564 2658 4635 ἐπιραίνειν
2689 4568 2799 4628 τοῖς
2822 4566 2920 4637 τὴν
2952 4568 3053 4638 γῆν
3066 4568 3293 4621 οἰκοῦσι.

2254 4656 2445 4707 ιΠοῖον
2477 4656 2682 4726 βέλτιον
2717 4660 3099 4714 κατεσκεύασα
3125 4660 3202 4724 ὡς
3235 4659 3403 4732 πηλὸν
3427 4661 3752 4732 κεραμέως;

2176 4745 2265 4816 Μὴ
2298 4748 2325 4798 ὁ
2353 4749 2621 4818 ἀροτριῶν
2648 4751 2962 4822 ἀροτριάσει
2992 4753 3088 4824 τήν
3119 4754 3222 4824 γῆν
3249 4752 3374 4824 ὅλην
3388 4753 3752 4824 τὴνήμέραν;

2174 4839 2265 4910 Μὴ
2283 4840 2398 4910 ἐρεῖ
2414 4842 2441 4892 6
2461 4841 2628 4910 πηλὸς
2648 4843 2726 4914 τῷ
2744 4847 2994 4916 κεραμεῖ,
3015 4847 3079 4898 Τί
3098 4851 3288 4911 ποιεῖς,
3307 4849 3388 4900 ὅτι
3404 4849 3501 4900 οὐκ
3519 4847 3755 4923 ἐργάζῃ,

2175 4931 2295 4983 οῦδέ
2313 4931 2456 5002 ἔχεις
2483 4937 2671 5004 χεῖρας
2694 4937 2814 5008 ;Μὴ
2831 4938 3259 5009 ἀποκριθήσεται
3285 4941 3345 4992 τὸ
3373 4940 3598 5010 πλάσμα
3622 4943 3761 5013 πρὸς

2178 5025 2266 5076 τὸν
2281 5024 2561 5078 πλάσαντα
2580 5027 2708 5079 αὐτό
2727 5045 2741 5092 ;
2761 5029 2816 5080 ’0
2841 5029 3012 5099 λέγων
3040 5031 3116 5103 τῷ
3135 5033 3319 5102 πατρὶ,
3340 5034 3404 5085 Τί
3434 5033 3718 5102 γεννήσεις
3739 5052 3754 5100 ;

2180 5125 2273 5178 καὶ
2287 5128 2352 5196 τῇ
2373 5124 2632 5195 tan-191,11
2659 5124 2868 5190 ὠῖίνεις
2890 5145 2903 5193 ;
2933 5128 3018 5191 Ὠς
3039 5129 3148 5201 γὰρ
3169 5128 3299 5200 πρὸς
3314 5111 3439 5192 τοὺς
3451 5127 3760 5195 ἀντιλέγον-

2173 5235 2272 5281 τας
2300 5221 2366 5288 τῇ
2394 5217 2618 5270 καθόλου
2655 5219 2879 5290 προνοίᾳ
2909 5238 2969 5273 τε
3000 5221 3091 5272 καὶ
3117 5221 3378 5290 διοικήσει
3402 5219 3566 5289 φησίν
3584 5237 3596 5250 ο
3621 5218 3758 5271 Οὐαὶ

2175 5311 2203 5361 6
2235 5310 2528 5379 ἀντιλέγων
2560 5311 2639 5380 τῷ
2681 5311 2944 5366 πλάσαντι
2975 5313 3156 5366 αὐτόν.
3197 5314 3323 5364 Ὅτε
3368 5312 3466 5382 μὲν
3490 5311 3598 5381 γάρ
3629 5329 3758 5363 παι-

2177 5402 2342 5465 δείας,
2379 5403 2468 5456 καὶ
2498 5405 2833 5476 ἐπιστροφῆς
2879 5405 3037 5476 χρεία
3062 5401 3150 5475 ἦν,
3193 5404 3285 5455 καὶ
3331 5404 3628 5477 συνέτριψα
3657 5402 3758 5474 τὴν

2190 5495 2545 5567 Ἰερουσαλὴμ
2582 5496 2657 5562 ὡς
2691 5498 2976 5571 ὄστρακον,
3016 5499 3108 5551 καὶ
3141 5496 3233 5550 τὸν
3274 5497 3400 5551 ναὸν
3428 5499 3640 5569 ἐχθροῖς
3669 5497 3763 5551 καὶ

2187 5584 2466 5656 πολεμίοις
2509 5587 2830 5658 παρέδωκαο
2877 5588 2965 5640 ὅτε
3007 5586 3063 5639 δέ
3115 5586 3275 5641 πάλιν
3328 5589 3432 5659 χρὴ
3480 5585 3621 5657 μετὰ
3661 5586 3763 5657 τὴν

2186 5678 2365 5732 αὐτῶν
2399 5679 2645 5752 αὐτάρκη
2701 5681 2967 5746 παιδείαν,
2998 5681 3065 5734 τὰ
3098 5681 3197 5752 τῆς
3234 5680 3641 5752 φιλανθρωπίας
3677 5681 3762 5732 ἐν·

2181 5771 2478 5839 ὅτιξασθαι,
2510 5773 2627 5825 τότε
2667 5772 2908 5842 βελτίονα
2942 5773 3035 5826 τοῦ
3079 5773 3344 5845 προτέρου
3381 5769 3760 5826 κατεσκεύασα
