4072 6194
293 267 389 322 415

1211 273 1708 334 COMMENTARIA
1746 280 1814 336 IN
1849 281 2106 338 lSAlAM.
2145 315 2214 324 —
2250 283 2399 340 CAP.
2442 284 2604 340 XLV.

3419 297 3525 352 6M

286 384 374 437 τὸν
413 382 558 436 νεὼν
595 386 690 438 καὶ
721 386 813 456 τὴν
862 385 1034 452 πόλιν,
1066 388 1142 452 ὡς
1176 391 1344 462 πηλὸν
1373 395 1658 466 κεραμέως
1689 415 1853 468 μετα-

1966 399 2279 453 εοηειτιιιίε
2315 415 2434 469 qua:
2487 400 2613 454 olim
2665 401 2895 457 contrita
2933 402 3172 469 fueran,
3209 420 3307 461 ceu
3351 408 3520 467 lutum

285 472 473 528 ϐαλὼν
499 475 600 528 καὶ
637 476 1072 548 ἀνανεωσάμενος
1102 480 1169 535 τὰ
1203 483 1370 537 πάλαι
1406 489 1858 561 συντετριμμένα.

365 581 388 616 ι
426 565 555 617 Ὀτι
572 563 708 618 οὕτω
729 564 872 633 λέγει
899 561 1150 638 Κύριοςὸ
1169 569 1323 636 Θεὸς,
1354 574 1382 625 6
1413 573 1602 642 ’Ἄγιος
1627 575 1860 648 Ἰσραὴλ,

286 655 319 709 6
357 655 592 727 ποίησας
623 655 685 709 τὰ
707 657 1047 729 ἐπερχόμενα
1070 677 1082 689 ·
1126 661 1467 735 Ἐρωτήσατὲ
1500 683 1566 735 με
1600 667 1727 737 περὶ
1756 668 1863 721 τῶν

292 746 436 800 υἱῶν
463 765 580 818 μου,
607 748 693 801 καὶ⁴
721 751 849 820 περὶ
874 750 982 804 τῶν
1016 751 1190 824 ἔργων
1214 753 1323 806 τῶν
1344 755 1539 827 χειρῶν
1569 775 1669 827 μου
1697 758 1863 811 ἐντεί-

292 836 464 890 λασθέ
501 855 604 908 μοι.
640 858 659 889 1
690 839 1038 895 Παιδευέσθω
1067 843 1356 915 τοιγαροῦν
1387 847 1496 918 πᾶς,
1519 846 1803 918 ἄνθρωπος
1833 851 1862 902 6

296 932 409 986 ἀπὸ
443 932 541 1002 γῆς
565 932 786 1002 ληφθεὶς
837 933 931 988 καὶ
992 934 1150 1006 σῶμα
1204 936 1405 1004 γεῶδες
1457 938 1860 1009 περικείμενος,

298 1023 463 1094 πηλοῦ
501 1041 556 1077 τε
594 1025 764 1096 μηδὲν
800 1025 1073 1098 διαφέρων
1104 1028 1401 1099 παραθέσει
1441 1029 1534 1082 τοῦ
1580 1031 1863 1096 κτίσαντος

291 1113 468 1179 αὐτὸν,
499 1117 571 1186 μὴ
601 1117 808 1189 τολμᾷν
845 1121 966 1182 ταῖς
999 1118 1092 1172 τοῦ
1124 1118 1258 1173 Θεοῦ
1291 1119 1618 1192 διοικήσεσιν
1649 1123 1860 1175 ἀντιλέ-

284 1223 418 1274 γειν,
451 1207 582 1278 μηδὲ
606 1208 1063 1280 καταμέμφεσθαι
1093 1211 1193 1280 τῆς
1215 1213 1467 1284 προνοίας
1490 1214 1615 1278 τοὺς
1648 1214 1856 1284 λόγους.

279 1295 473 1351 Πολλοὶ
504 1299 612 1370 γάρ
642 1300 780 1353 εἰσιν
815 1302 864 1352 οἱ
898 1301 1322 1372 φιλεγκλήμονες
1368 1305 1640 1360 αἰτιᾶσθαι
1677 1307 1859 1360 εἰωθό-

276 1405 369 1452 τες
391 1429 408 1453 ,
444 1390 556 1442 Καὶ
585 1390 636 1443 τί
670 1389 779 1462 γὰρ
795 1393 1085 1462 ἀναγκαῖον
1107 1390 1173 1466 ἦν
1193 1395 1291 1466 τὴν
1322 1396 1496 1468 ἀρχὴν
1525 1399 1604 1462 είς
1635 1398 1724 1451 τὸν
1745 1398 1857 1469 βίον

277 1480 600 1553 παρελθεῖν;
639 1482 919 1551 λέγοντες’
950 1484 1047 1538 Διὰ
1077 1485 1130 1538 τί
1172 1486 1228 1540 δὲ
1261 1487 1431 1541 ταῦτα
1483 1490 1677 1543 οὑτωσὶ
1717 1491 1860 1559 γίνε-

277 1592 409 1642 ται;
448 1575 515 1629 Τί
547 1576 604 1630 δὲ
650 1577 758 1630 τῶν
793 1577 1046 1632 τοιούτων
1080 1575 1147 1650 ἦν
1181 1581 1374 1651 χρεία;
1427 1581 1532 1636 ἔδει
1576 1583 1684 1654 γὰρ
1717 1583 1858 1637 οὕτω

274 1668 626 1737 γεγενῆσθαι.
661 1668 817 1722 Ἀλλὰ
840 1669 1047 1735 τούτοις
1071 1672 1352 1744 πρόκειται
1373 1673 1432 1726 τὸ
1453 1693 1471 1724 ι
1497 1675 1652 1730 Οὐαί.
1693 1675 1857 1747 Ἐρω·

275 1758 482 1830 τήσατέ
523 1776 590 1830 με
622 1761 749 1832 περὶ
795 1760 904 1816 τῶν
936 1763 1065 1816 υἱῶν
1098 1780 1221 1834 μου,
1259 1764 1352 1817 καὶ
1395 1765 1651 1836 περὶτῶν
1678 1766 1855 1837 ἔργων
1887 1749 1928 1804 Β

274 1850 386 1904 τῶν
427 1851 629 1923 χειρῶν
681 1869 782 1924 μου
825 1853 1130 1908 ὲντείλασθέ
1168 1873 1291 1926 μοι·
1336 1876 1354 1908 ι
1403 1857 1501 1927 τῆς
1543 1858 1640 1927 μὲν
1663 1859 1856 1928 νοερᾶς

275 1945 373 1997 καὶ
401 1943 629 2016 λογικῆς
651 1945 839 2010 οὐσίας
864 1945 953 1999 διὰ
972 1946 1080 2000 τῶν
1113 1948 1244 2003 υἱῶν
1263 1949 1422 2021 δηλου
1431 1949 1596 2020 μένης
1613 1966 1628 1980 ο
1665 1949 1774 2002 τῶν
1796 1949 1852 2002 δὲ

271 2033 369 2088 τοῦ
397 2034 608 2106 κόσμου
640 2035 822 2108 μερῶν
858 2037 946 2090 διὰ
975 2037 1082 2093 τῶν
1110 2038 1288 2110 ἔργων
1319 2041 1426 2094 τῶν
1459 2042 1658 2114 χειρῶν
1687 2042 1852 2096 αὐτοῦ

277 2127 725 2198 παρισταμένων.

352 2260 372 2292 ι
415 2239 558 2309 Ἐγὼ
585 2241 820 2314 ἐποίησα
840 2243 942 2314 γῆν
977 2243 1070 2298 καὶ
1099 2244 1380 2316 ἄνθρωπον
1407 2248 1493 2299 ἐπ’
1520 2247 1713 2319 αὐτῆς⁸
1742 2247 1854 2318 ἐγὼ

273 2333 340 2401 τῇ
377 2331 526 2402 χειρί
559 2349 660 2403 μου
691 2333 997 2404 ὲστερέωσα
1022 2335 1112 2388 τὸν
1144 2336 1399 2407 οὐρανὸν,
1435 2337 1544 2407 ἐγὼ
1575 2340 1707 2391 πᾶσι
1741 2342 1856 2404 τοῖς

273 2422 496 2494 ἄστροις
518 2423 891 2496 ἐνετειλάμην.
926 2445 943 2477 1
967 2425 1099 2479 Τίνα
1121 2421 1213 2479 οὖν
1235 2426 1346 2497 ἔχοι
1365 2428 1597 2482 ἐνταῦθα
1617 2430 1850 2500 μέμψιν;

275 2512 436 2566 Ποῖον
467 2512 527 2566 δὲ
556 2513 652 2583 οὐχ
691 2515 976 2588 ὑπεραίρει
1010 2518 1224 2582 κάλλος,
1254 2519 1286 2589 ἢ
1319 2522 1467 2573 ποῖον
1499 2521 1558 2573 ού
1589 2522 1852 2575 καλύπτει

279 2600 542 2674 μέγεθος;
573 2605 638 2658 Τί
664 2605 720 2658 δὲ
751 2607 872 2677 ούχὶ
897 2609 1251 2679 συμϐαλεῖται
1278 2611 1446 2664 ταῦτα
1489 2612 1626 2684 πρός
1659 2629 1721 2682 γε
1751 2613 1852 2685 τὴν

275 2693 372 2748 τοῦ
399 2696 663 2767 παρόντος
702 2698 970 2770 κόσμησιν
1015 2702 1110 2756 καὶ
1158 2703 1292 2774 πρὸς
1324 2703 1414 2757 τὸν
1448 2706 1504 2757 ὲν
1545 2705 1852 2777 ἀνθρώποις

283 2787 519 2861 βιωφελῆ
545 2788 691 2860 βίον;
720 2791 827 2863 Γῆν
861 2793 958 2863 μὲν
993 2792 1101 2866 γὰρ
1128 2795 1357 2865 ἐποίησα
1383 2797 1483 2850 οὐκ
1509 2797 1730 2868 ἔρημον,
1765 2799 1854 2851 ού-

278 2880 335 2933 δὲ
364 2882 634 2952 ἄχρηστον
666 2888 928 2954 στοιχεῖον
951 2902 964 2914 ’
990 2887 1300 2959 οἰκητήριον
1324 2887 1380 2941 δὲ
1412 2889 1730 2960 ἀνθρώπων.
1761 2889 1852 2942 Διὸ

278 2975 374 3028 καὶ
398 2975 466 3028 τὰ
485 2973 651 3028 λοιπὰ
672 2973 788 3040 ζῶά
816 2994 876 3030 τε
905 2978 997 3031 καὶ
1029 2978 1172 3048 φυτὰ
1197 2980 1276 3044 είς
1308 2985 1502 3053 χρῆσιν
1528 2982 1620 3034 καὶ
1650 2983 1854 3053 ὑπηρε-

1965 488 2134 560 ﬁguli,
2168 491 2233 543 ad
2265 490 2538 544 meliorem
2573 489 2800 545 formam
2833 493 3099 549 reducens
3128 504 3182 549 et
3227 511 3520 557 renovans.

2031 577 2192 633 Vens.
2229 578 2308 631 ll.
2366 579 2673 644 «Quoniam
2733 580 2812 635 sic
2861 581 2995 637 dicit
3039 583 3306 641 Dominus
3362 587 3525 656 Deus,

1963 666 2193 724 Sanctus
2226 667 2410 736 Israel,
2449 672 2540 740 qui
2588 672 2718 726 fecit
2768 683 2994 729 ventura
3027 692 3042 730 :
3072 676 3410 749 [interrogate
3443 697 3531 738 me

1961 761 2026 816 de
2056 761 2177 818 ﬁliis
2208 765 2362 831 meis,
2398 765 2532 819 etde
2548 767 2801 836 operibus
2826 784 3080 824 manuum
3113 787 3356 828 mearum
3389 792 3529 846 prae-

1961 855 2123 922 cipite
2190 857 2389 911 mihi.»
2444 857 2736 914 Erudiatur
2785 861 2966 930 itaque
3022 863 3199 933 quivis
3250 865 3411 923 homo
3460 869 3530 924 de

1962 955 2102 1000 terra
2148 959 2416 1018 sumptus,
2466 959 2521 1004 et
2568 961 2783 1007 terreno
2831 954 3049 1011 indutus
3098 973 3348 1027 corpore,
3390 962 3527 1017 nihil

1959 1038 2210 1094 differens
2233 1055 2262 1092 a
2293 1041 2403 1095 luto
2433 1043 2476 1096 si
2506 1058 2625 1097 cum
2661 1055 2913 1100 creatore
2935 1063 3032 1102 suo
3059 1062 3420 1120 comparetur,
3457 1069 3526 1110 ne

1959 1136 2152 1187 audeat
2181 1134 2272 1188 Dei
2308 1135 2695 1204 dispensationi
2736 1141 3138 1207 contradicere,
3186 1160 3358 1214 neque
3405 1162 3529 1216 pro-

1958 1224 2209 1279 videntia:
2242 1226 2505 1281 rationem
2551 1229 2794 1299 culpare.
2835 1231 2969 1287 Nam
2999 1236 3149 1290 multi
3181 1239 3393 1307 queruli
3427 1239 3527 1294 ho-

1959 1317 2130 1372 mines
2180 1327 2325 1385 sunt,
2363 1319 2452 1388 qui
2506 1321 2785 1376 criminari
2833 1334 2889 1378 et
2932 1338 3159 1395 arguere
3197 1329 3398 1384 audent
3445 1331 3529 1386 his

1958 1411 2137 1464 verbis
2184 1430 2196 1464 :
2248 1410 2386 1478 Quid
2443 1427 2669 1468 necesse
2717 1414 2818 1469 fuit
2863 1430 2894 1469 a
2941 1418 3206 1488 principio
3249 1421 3316 1474 ad
3364 1422 3529 1476 vitam

1960 1505 2238 1559 transire?
2268 1505 2374 1560 Cur
2405 1506 2521 1560 haec
2557 1506 2648 1560 tali
2681 1508 2840 1562 modo
2869 1510 3220 1566 conduntur?
3249 1510 3387 1579 Quid
3431 1513 3529 1567 liu-

1953 1595 2185 1664 jusmodi
2243 1597 2402 1652 rebus
2460 1599 2639 1666 Opus?
2692 1615 2815 1654 nam
2883 1601 2986 1657 hoc
3036 1602 3152 1656 ﬁeri
3203 1606 3362 1659 modo
3431 1620 3532 1674 par

1959 1699 2095 1744 erat.
2145 1689 2340 1744 Verum
2391 1691 2457 1744 ad
2505 1706 2600 1745 eos
2647 1704 2854 1760 spectat
2896 1694 3045 1758 illud,
3091 1695 3249 1751 «Vae.
3304 1696 3532 1752 Interro-

1954 1790 2076 1853 gate
2102 1796 2188 1837 me
2218 1782 2284 1836 de
2323 1781 2445 1837 ﬁliis
2472 1785 2625 1847 meis,
2658 1795 2714 1839 et
2742 1788 2809 1841 de
2829 1789 3083 1857 operibus
3114 1806 3369 1845 manuum
3405 1808 3522 1848 me-

1955 1891 2108 1929 arum
2142 1875 2419 1945 prmcipite
2466 1876 2619 1930 mihi.
2649 1896 2668 1929 1
2712 1877 2970 1934 Filiorum
3004 1883 3224 1937 nomine
3256 1883 3530 1940 intellectu

1955 1967 2180 2040 praedita
2244 1977 2298 2022 et
2356 1969 2700 2026 rationabilis
2767 1973 3072 2029 substantia
3145 1975 3526 2047 signiﬁcatur;

1953 2059 2207 2129 Operibus
2235 2070 2415 2116 autem
2444 2077 2694 2118 manuum
2730 2063 2845 2133 ejus
2872 2107 2886 2131 ,
2922 2067 3103 2122 mundi
3136 2079 3317 2139 partes
3347 2071 3530 2127 decla-

1957 2163 2162 2208 rantur.

2027 2244 2190 2300 Vens.
2225 2244 2313 2300 ιε.
2353 2245 2496 2316 «Ego
2527 2245 2626 2302 feci
2668 2260 2889 2314 terram,
2933 2260 2988 2305 et
3031 2252 3302 2306 hominem
3336 2253 3390 2309 in
3420 2270 3482 2310 ea
3512 2274 3527 2311 :

1953 2353 2053 2409 ego
2085 2355 2246 2393 manu
2296 2356 2414 2395 mea
2449 2340 2656 2396 ﬁrmavi
2697 2344 2916 2407 coelum,
2947 2360 3048 2415 ego
3093 2347 3346 2402 omnibus
3371 2350 3532 2404 astris

1953 2431 2226 2486 mandavi.
2259 2451 2278 2486 1
2338 2433 2599 2511 ρυωηειη
2661 2435 2824 2507 igitur
2876 2437 2966 2492 hic
3019 2438 3272 2508 culpandi
3322 2443 3531 2496 causa?

1953 2523 2175 2591 Qualem
2215 2525 2670 2595 pulchritudinem
2715 2545 2821 2582 non
2876 2537 3120 2598 superat,
3177 2541 3270 2584 ant
3316 2532 3530 2602 qualetn

1954 2618 2382 2688 magnitudinem
2439 2633 2542 2672 non
2595 2620 2770 2688 operit
2821 2628 2876 2673 et
2935 2622 3192 2676 excedit?
3248 2623 3530 2690 Quomodo

1954 2709 2068 2764 haec
2100 2725 2203 2763 non
2235 2709 2588 2764 conferantur
2620 2711 2686 2764 ad
2719 2714 3001 2780 praesentis
3044 2715 3224 2768 mundi
3255 2725 3526 2783 ornatum,

1952 2810 2008 2856 et
2038 2802 2102 2855 ad
2135 2802 2474 2855 commodam
2503 2801 2782 2857 hominum
2816 2805 3029 2858 vitam?
3071 2805 3294 2860 Terram
3329 2809 3528 2878 quippe

1954 2905 2057 2946 non
2089 2891 2363 2946 desertam
2398 2893 2654 2962 condidi,
2706 2910 2880 2965 neque
2933 2896 3123 2951 inutile
3157 2897 3525 2966 elementum;

1954 2984 2048 3038 sed
2075 2983 2128 3037 in
2158 2983 2484 3039 domicilium
2539 2985 2869 3044 hominibus.
2923 2988 3264 3060 Quapropter
3321 2991 3528 3061 reliqua

279 3065 401 3118 σίαν
432 3063 736 3136 ἀνθρώποις
779 3083 839 3119 τε
888 3068 1276 3138 παρεσκεύασα
1295 3087 1308 3099 ·
1363 3071 1590 3142 οὐρανόν
1615 3089 1672 3123 τε
1698 3073 1847 3124 ἐστε-

1954 3076 2229 3142 animalia,
2273 3087 2328 3132 et
2379 3077 2590 3149 plantas
2631 3081 2697 3152 ad
2734 3095 2890 3136 usum
2932 3093 2985 3136 et
3017 3083 3381 3138 ministerium
3431 3084 3528 3138 ho—

279 3154 480 3224 ρέωσα,
508 3156 787 3227 κοσμήσας
808 3157 1057 3228 ἄστροιςο
1099 3157 1178 3224 οἷς
1211 3161 1560 3234 ἐνετειλάμην
1590 3162 1850 3218 εὔτακτον

276 3245 370 3300 καὶ
393 3246 716 3318 ἐναρμόνιον
759 3250 1027 3303 ποιεῖσθαι
1078 3250 1174 3322 τὴν
1210 3253 1450 3323 κίνησιν·
1495 3255 1569 3318 ὡς
1597 3256 1718 3308 τοτὲ
1752 3256 1849 3327 μὲν

275 3336 490 3406 φαίνειν
533 3339 648 3400 τοῖς
685 3337 776 3390 ἐπὶ
813 3340 910 3409 τῆς
946 3342 1068 3411 γῆς,
1106 3342 1225 3394 τοτὲ
1255 3343 1310 3396 δὲ
1342 3339 1479 3397 εἶναι
1524 3347 1602 3409 εἰς
1629 3349 1846 3418 σημεῖα,

276 3427 371 3480 καὶ
412 3428 498 3491 εἰς
536 3427 784 3499 καιροὺς,
834 3432 927 3483 καὶ
976 3434 1056 3495 εἰς
1102 3434 1334 3508 ἡμέρας,
1370 3438 1466 3490 καὶ
1513 3437 1710 3509 μῆνας,
1755 3440 1852 3494 καὶ

275 3517 582 3582 ἐνιαυτούς.

355 3690 373 3722 ι
414 3672 559 3740 Ἐγὼ
602 3674 797 3744 ήγειρα
842 3677 1003 3730 αὑτὸν
1046 3678 1183 3749 μετὰ
1225 3679 1568 3752 δικαιοσύνης
1604 3683 1849 3754 βασιλέα,

271 3762 372 3816 καὶ
400 3765 574 3816 πᾶσαι
613 3765 670 3818 αἱ
707 3765 814 3819 ὁδοὶ
855 3767 1018 3821 αὐτοῦ
1057 3768 1278 3822 εὐθεῖαι.
1309 3763 1476 3835 Οὗτος
1507 3774 1850 3846 οίκοδομήσει

269 3853 376 3927 τὴν
419 3855 575 3910 πόλιν
619 3875 743 3928 μου,
777 3860 870 3913 καὶ
911 3860 1008 3931 τὴν
1050 3863 1424 3933 αἰχμαλωσίαν
1460 3865 1552 3919 τοῦ
1589 3866 1719 3922 λαοῦ
1748 3886 1848 3939 μου

271 3946 616 4018 ἐπιστρέψει,
650 3948 710 4001 ού
746 3949 880 4019 μετὰ
901 3949 1129 4023 λύτρων,
1160 3952 1282 4006 οὐδὲ
1320 3956 1458 4024 μετὰ
1489 3954 1697 4025 δώρων,
1729 3952 1848 4010 εἷπε

270 4033 482 4106 Κύριος
513 4035 792 4090 Σαϐαὼθ.)
814 4038 947 4093 Τίνα
971 4040 1028 4093 δὲ
1051 4040 1238 4096 τοῦτον
1265 4042 1298 4114 ἢ
1327 4045 1506 4111 ποῖον;
1544 4044 1601 4098 Ὀ
1638 4046 1736 4116 μέν
1765 4065 1850 4112 τις

270 4129 394 4199 ἐρεῖ
411 4127 506 4178 τὸν
530 4125 639 4180 τῶν
662 4127 886 4199 Περσῶν
919 4129 1138 4200 βασιλέα
1176 4131 1378 4204 Κῦρον,
1409 4128 1470 4188 οὗ
1501 4135 1596 4188 καὶ
1624 4136 1713 4190 διὰ
1743 4137 1849 4190 τῶν

270 4218 591 4289 ἔμπροσθεν
639 4220 1040 4290 ἐμνημόνευσεν
1089 4224 1118 4276 6
1163 4222 1354 4292 λόγος·
1389 4225 1464 4289 ὠς
1515 4226 1640 4298 περὶ
1684 4227 1847 4281 αὐτοῦ

269 4311 534 4380 λέγεσθαι
557 4311 638 4375 τὸ,
678 4331 696 4363 ι
731 4313 906 4367 Πᾶσαι
929 4316 984 4368 αἱ
1005 4315 1114 4368 ὁδοὶ
1145 4315 1309 4369 αὑτοῦ
1342 4316 1564 4383 εὐθεῖαι,
1598 4339 1615 4370 1
1642 4319 1674 4391 ἢ
1709 4320 1851 4374 κατὰ

1951 3170 2189 3226 minibus
2233 3171 2540 3242 apparari:
2589 3173 2899 3245 coelumque
2947 3175 3200 3240 ﬁrmavi,
3253 3184 3306 3229 et
3357 3175 3529 3231 astris

1948 3264 2212 3320 exornavi
2245 3282 2260 3318 :
2307 3266 2508 3336 quibus
2551 3268 2782 3337 praecepi
2816 3277 2874 3319 ut
2910 3267 3178 3321 concinne
3218 3276 3273 3320 et
3314 3269 3528 3320 harmo-

1951 3359 2075 3414 nico
2114 3366 2260 3411 motu
2302 3357 2698 3427 procederent;
2735 3372 2856 3412 cum
2899 3367 2958 3411 ut
2991 3367 3196 3412 terram
3231 3356 3524 3412 incolenti-

1950 3451 2050 3506 bus
2075 3450 2338 3517 lucerent,
2372 3459 2483 3505 tum
2512 3458 2570 3503 ut
2595 3459 2773 3506 essent
2796 3451 2847 3504 in
2874 3451 3051 3519 signa,
3079 3450 3132 3503 in
3176 3458 3439 3517 tempora,
3471 3447 3523 3504 in

1950 3543 2086 3611 dies,
2123 3557 2338 3598 menses
2364 3551 2420 3598 et
2449 3555 2642 3598 annos.

2019 3701 2186 3756 Vens.
2215 3699 2302 3756 15.
2341 3719 2358 3752 ι
2383 3699 2496 3770 Ego
2519 3698 2746 3754 excitavi
2773 3713 2894 3753 eum
2929 3713 3051 3754 cum
3076 3696 3287 3766 jnstitia
3320 3713 3521 3770 regem,

1948 3803 2004 3850 et
2043 3809 2231 3849 omnes
2271 3795 2372 3849 viae
2409 3791 2528 3861 ejus
2571 3802 2756 3849 rectae.
2798 3791 2898 3847 llic
2927 3791 3216 3847 aediﬁcabit
3246 3792 3522 3849 civitatem

1951 3902 2161 3951 meam,
2208 3895 2259 3941 et
2309 3886 2677 3955 captivitatem
2737 3885 2917 3957 pepuli
2965 3886 3068 3940 tnei
3113 3889 3372 3952 reducet,
3412 3901 3525 3942 non

1949 3981 2139 4048 pretio.
2193 3993 2372 4049 neque
2417 3977 2750 4044 muneribus,
2802 3977 2880 4032 ait
2921 3979 3178 4032 Dominus
3214 3976 3471 4034 Sabaoth.
3499 3997 3520 4032 1

1949 4073 2116 4140 Quem
2163 4080 2254 4126 aut
2283 4071 2495 4140 qualem
2531 4070 2620 4125 hic
2661 4069 2964 4124 memorat?
3006 4068 3211 4140 Cyrum
3237 4069 3524 4124 Persarum

1951 4181 2170 4232 regem,
2229 4165 2373 4218 (licet
2418 4161 2732 4232 quispiam,
2779 4159 2935 4231 cujus
2989 4160 3042 4214 in
3096 4160 3540 4229 prmeedentibus‘

1951 4256 2229 4320 meminit;
2286 4257 2360 4310 ita
2409 4263 2467 4308 ut
2515 4258 2581 4307 de
2625 4251 2718 4307 illo
2769 4252 3086 4317 diceretur,
3143 4267 3377 4306 «oumcs
3425 4250 3524 4304 viae

1950 4349 2066 4418 ejus
2106 4355 2344 4408 rectae”
2406 4347 2520 4400 sive
2565 4346 2859 4400 secundum
2915 4343 3341 4415 Symmachum,
3409 4361 3427 4394 ι
3457 4343 3524 4398 Ει

269 4403 366 4458 τὸν
393 4403 709 4474 Σύμμαχον,
746 4423 764 4454 ι
797 4405 907 4458 Καὶ
934 4406 1112 4471 πάσας
1139 4407 1236 4472 τὰς
1257 4409 1408 4473 ὁδοὺς
1436 4410 1598 4464 αὐτοῦ
1623 4411 1846 4466 εὐθυνῶ.

1953 4403 2139 4498 euntes
2179 4440 2294 4495 vias
2341 4437 2459 4508 ejus
2507 4446 2682 4494 rectas
2720 4438 2938 4495 faciam.
2987 4439 3054 4493 Et
3105 4439 3191 4493 hic
3230 4437 3524 4492 :ediﬁeabit

269 4496 388 4550 Καὶ
414 4490 570 4560 οὗτος
589 4496 930 4568 οἰκοδομήσει
955 4497 1052 4569 τὴν
1081 4499 1234 4554 πόλιν
1269 4519 1391 4573 μου.
1427 4521 1445 4553 1
1478 4503 1712 4574 Δυνάμει
1738 4504 1847 4576 γὰρ

269 4588 442 4651 αὐτὸς
473 4583 542 4658 ἦν
572 4589 601 4640 6
636 4588 733 4659 τὴν
768 4589 920 4642 πόλιν
952 4589 1310 4662 οἰκοδομήσας
1337 4593 1434 4663 τὴν
1476 4594 1845 4666 Ἰερουσαλὴμ,

266 4680 362 4734 διὰ
392 4678 489 4732 τού
526 4681 922 4750 συγχωρεῖσθαι
953 4683 1065 4744 τοῖς
1091 4681 1360 4737 ἐθέλουσιν
1379 4685 1585 4738 ἀνιέναι
1615 4687 1722 4740 ἀπὸ
1751 4691 1850 4759 τῆς

271 4770 616 4835 Βαϐυλῶνος,
647 4773 739 4825 καὶ
769 4773 1074 4846 ἀνεγείρειν
1101 4775 1190 4826 τὸν
1212 4775 1392 4828 τόπον.
1416 4776 1584 4830 Τοῦτο
1611 4779 1848 4850 ἐπλήρου

268 4862 420 4916 κατὰ
468 4863 567 4933 τὴν
623 4864 861 4934 ἱστορίαν
915 4867 944 4919 6
998 4865 1257 4936 δηλωθεὶς
1300 4866 1523 4937 Περσῶν
1575 4867 1844 4937 βασιλεύς.

273 4954 475 5018 ’Ἄλλος
500 4953 544 5006 δ’
579 4953 646 5010 ἃν
667 4955 809 5009 εἴποι
839 4955 1013 5010 ταῦτα
1045 4956 1295 5025 λέγεσθαι
1329 4960 1455 5031 περὶ
1487 4959 1578 5012 τοῦ
1612 4959 1847 5030 Ζοροϐά-

271 5047 392 5113 ϐελ,
415 5046 495 5110 ὃς,
523 5047 631 5101 ἀπὸ
656 5047 750 5100 τοῦ
786 5048 1060 5118 βασιλικοῦ
1101 5049 1289 5118 γένους
1313 5050 1652 5122 ὁρμώμενος,
1683 5047 1751 5122 ἦν
1783 5052 1848 5106 ὲκ

272 5139 453 5211 φυλῆς
477 5138 648 5192 ’ἰούδα
679 5140 774 5194 καὶ
800 5142 900 5212 τῆς
935 5140 1028 5194 τοῦ
1054 5141 1214 5195 Δαυῖδ
1245 5141 1512 5213 διαδοχῆς.
1562 5141 1720 5196 Ἀλλὰ
1747 5142 1845 5196 καὶ

270 5230 376 5302 τὴν
426 5228 535 5282 τῶν
574 5227 761 5302 ψυχῶν
793 5231 1166 5302 αίχμαλωσίαν
1194 5233 1351 5312 μόνος
1400 5235 1428 5286 6
1465 5234 1698 5304 Χριστὸς
1743 5233 1848 5286 ἀπ-

270 5321 532 5395 έστρεψε,
555 5323 654 5395 τῆς
680 5324 998 5395 δαιμονικῆς
1016 5324 1220 5396 πλάνης
1237 5326 1603 5398 ἐλευθερώσας
1625 5328 1718 5380 καὶ
1735 5327 1847 5381 δου-

269 5413 424 5476 λείας
443 5431 459 5444 '
502 5414 597 5468 καὶ
633 5413 788 5468 τοῦτο
814 5414 1050 5486 ἔπραξεν
1081 5415 1141 5468 ού
1182 5417 1318 5486 μετὰ
1342 5417 1570 5489 λύτρων,
1599 5419 1718 5472 οὐδὲ
1751 5437 1846 5490 με·

269 5501 336 5555 τὰ
374 5499 600 5572 δώρων·
652 5502 681 5554 6
716 5502 779 5559 δὴ
809 5505 902 5556 καὶ
936 5504 1178 5558 διδάσκει
1220 5505 1248 5556 ὀ
1289 5504 1606 5572 Ἀπόστολος
1642 5509 1839 5564 εἰπών·

279 5611 297 5644 ι
332 5591 535 5664 Χάριτί
561 5595 686 5645 ἐστε
721 5595 1064 5667 σεσωσμένοι.
1110 5616 1129 5649 1

343 5701 366 5736 ο
396 5682 558 5740 οὕτω
595 5681 746 5751 λέγει
781 5683 980 5756 Κύριος
1023 5684 1246 5743 Σαϐαὼθ
1275 5704 1283 5716 ·
1333 5689 1646 5745 Ἑκοπίασεν
1677 5690 1839 5758 Αἴγυ-

1949 4538 2220 4591 civitatem
2255 4549 2450 4590 meam.
2480 4554 2498 4586 1
2547 4533 2682 4588 Nam
2714 4534 2804 4589 hic
2834 4536 3063 4605 quadam
3097 4534 3303 4587 ratione
3333 4533 3522 4587 civita-

1949 4637 2053 4684 tem
2076 4628 2499 4698 Hierosolymam
2531 4627 2845 4693 mdiﬁcavit,
2880 4627 3002 4696 quia
3028 4625 3290 4680 volentem
3333 4641 3520 4695 quem-

1950 4738 2054 4790 que
2096 4721 2365 4790 permisit,
2420 4719 2690 4792 Babylone
2747 4719 3056 4789 proﬁcisci,
3105 4729 3158 4772 et
3207 4718 3380 4772 locum
3431 4733 3519 4771 re—

1949 4824 2215 4869 staurare.
2236 4813 2380 4878 llaec,
2405 4813 2699 4867 secundum
2735 4812 3037 4874 historiam,
3069 4817 3397 4864 memoratus
3426 4825 3517 4863 rex

1952 4904 2239 4960 Persarum
2295 4904 2558 4972 implevit.
2611 4904 2762 4958 Alius
2813 4919 2942 4958 vero
2985 4903 3250 4971 quispiam
3300 4903 3516 4966 dixerit,

1953 4997 2069 5053 inec
2109 4999 2173 5052 de
2204 4996 2535 5052 Zorobabele
2566 4997 2694 5062 diei,
2727 4997 2814 5065 qui
2859 5011 2925 5049 ex
2961 4997 3104 5065 regia
3137 4995 3304 5064 stirpe
3335 4995 3518 5047 oriun-

1953 5091 2074 5155 dus,
2105 5105 2169 5144 ex
2211 5089 2348 5143 tribu
2385 5088 2518 5143 Juda
2562 5099 2615 5143 et
2651 5104 2715 5141 ex
2758 5089 3103 5142 successione
3131 5087 3346 5141 Davidis
3376 5096 3513 5140 erat.

1949 5182 2062 5238 lmo
2111 5197 2240 5237 vero
2293 5183 2440 5237 solus
2485 5182 2734 5236 Christus
2791 5182 3091 5235 animarum
3153 5179 3515 5247 captivitatem

1951 5276 2183 5335 reduxit.
2248 5286 2410 5345 atque
2462 5292 2490 5328 a
2549 5275 2852 5328 dmmouum
2915 5287 3102 5327 errore
3154 5271 3518 5340 servituthue

1949 5369 2202 5425 liberavit
2240 5387 2253 5421 :
2300 5368 2462 5437 idque
2493 5367 2643 5431 fecit,
2688 5382 2792 5420 non
2841 5365 3014 5434 pretio
3059 5379 3123 5417 ac
3164 5365 3513 5418 muneribn3°

1951 5461 2093 5532 quod
2133 5461 2298 5516 etiam
2341 5463 2497 5516 docet
2531 5459 2837 5527 Apostolus,
2872 5459 3090 5514 dicens:
3113 5477 3131 5510 ι
3157 5457 3342 5514 Gratia
3383 5457 3514 5512 salvi

1953 5554 2078 5609 facti
2112 5555 2263 5610 estis.
2296 5574 2314 5606 ι

2024 5688 2188 5746 Vens.
2218 5690 2301 5745 1-5.
2337 5707 2352 5744 ι
2386 5689 2473 5745 Sic
2516 5689 2646 5746 dicit
2685 5690 2938 5748 Dominus
2971 5692 3203 5747 Sabaoth
3236 5708 3244 5742 ε
3278 5687 3514 5743 Labora-
