4108 6204
524 323 628 378 415

1194 316 1463 375 EUSEBll
1501 312 1973 372 CASSARIENSIS
2011 310 2162 368 OPP.
2205 307 2383 364 PARS
2420 302 2511 363 ῐιι.
2550 336 2618 348 -
2657 296 3075 359 EXEGETICA.

3646 285 3754 340 “6

524 451 600 495 \‘ll
629 442 912 510 Egyptus,
958 446 1012 490 et
1055 435 1348 504 negotiatio
1382 432 1722 501 Ethiopum,
1767 442 1819 485 et
1869 428 2125 489 Sabaiuy

2225 442 2345 487 νιος,
2376 424 2471 477 καὶ
2508 421 2744 492 ἐμπορία
2770 416 3062 473 Αἰθιόπων,
3100 410 3193 464 καί⁵
3230 408 3279 460 οἱ
3310 405 3552 473 Σαοαεὶμ
3574 402 3761 472 ἄνδρες

523 534 623 587 viri
663 530 860 586 excelsi
901 528 967 583 ad
1002 537 1051 582 te
1080 526 1407 592 transibunt,
1444 535 1498 579 et
1526 524 1620 578 tibi
1653 522 1797 577 servi
1827 530 2008 588 erunt,
2043 530 2097 574 et

523 633 645 694 post
676 633 724 677 te
755 629 1046 690 sequentur
1088 620 1256 673 vincti
1296 617 1565 671 manicis:
1593 624 1648 670 et
1682 614 1993 669 transibunt
2029 613 2095 668 ad

527 728 579 771 te
604 761 617 782 ,
656 725 706 769 et
743 714 1046 768 adorabunt
1075 722 1165 777 te;
1201 719 1253 766 et
1282 711 1334 764 in
1375 719 1426 763 te
1452 710 1818 779 precabuntur
1843 725 1856 760 :
1885 708 2009 775 quia
2043 706 2096 759 in

535 820 585 864 te
616 809 755 862 Deus
780 816 883 874 est,
912 815 966 860 ct
994 821 1098 860 non
1124 813 1206 859 est
1231 804 1370 857 Deus
1405 812 1603 872 prazter
1645 808 1715 854 te.
1747 818 1765 851 ι
1810 798 2099 869 Egyptum

532 904 608 956 ait
635 900 950 955 idololatria:
990 912 1176 952 errore
1219 895 1513 956 laborasse,
1559 892 1773 963 quando
1808 890 2020 944 diabolo
2048 898 2103 944 et

528 994 799 1050 ministris
837 992 954 1060 ejus
1003 989 1340 1045 dtemonibus
1384 986 1627 1055 subjecta
1668 994 1826 1038 erat:
1865 992 2101 1036 attamen

529 1105 559 1142 a
613 1087 799 1141 labore
854 1082 1208 1139 recreandam
1258 1079 1548 1149 [Egyptum
1602 1089 1722 1130 esse
1775 1072 2100 1143 pollicetur:

530 1195 634 1249 qua
685 1187 851 1233 totum
892 1174 1209 1229 idololatriae
1265 1186 1435 1241 genus
1478 1168 1799 1223 subindicat.
1853 1184 1872 1217 ι
1902 1165 1967 1218 Et
2001 1163 2099 1219 Sa-

530 1271 676 1325 baim
712 1270 814 1322 viri
852 1266 1071 1323 excelsi.
1109 1285 1125 1318 »
1170 1264 1332 1331 Queis
1376 1263 1684 1332 significare
1727 1259 1937 1313 videtur
1979 1258 2105 1311 bar-

530 1364 691 1418 baras
727 1362 983 1431 quasdam
1029 1359 1400 1425 immanesque
1435 1362 1648 1425 gentes,
1678 1362 1919 1406 extrema
1951 1362 2108 1407 terra:

534 1455 849 1518 incolentes,
886 1467 1023 1521 quas
1055 1450 1270 1506 Christo
1310 1449 1555 1503 subditas
1594 1446 1708 1501 fore
1743 1445 2105 1512 vaticinatur;

535 1548 710 1615 Quare
748 1547 963 1602 subdit:

2198 514 2389 589 ὑψηλοὶ
2439 515 2531 567 ἐπὶ
2567 514 2624 566 σέ
2661 511 3024 581 διαϐήσονται,
3072 503 3165 557 καὶ
3198 502 3280 554 σοὶ
3316 499 3527 552 ἔσονται
3569 493 3759 553 δοῦλοι,

2198 585 2493 661 καὶγόπίσω
2521 622 2611 657 σου
2646 600 3064 670 ἀκολουθήσουσι
3093 593 3364 665 δεδεμένοι
3393 585 3728 660 χειροπεδαις
3747 600 3760 612 ·

2198 701 2292 755 καὶ
2316 698 2656 769 διαϐήσονται
2682 694 2817 766 πρὸς
2844 692 2922 751 σέ.
2948 690 3042 742 καὶ
3079 680 3509 760 προσκυνήσουσί
3538 695 3647 731 σοι·
3677 678 3771 730 καὶ

2200 794 2256 845 ἐν
2302 793 2384 845 σοὶ
2428 786 2842 861 προσεύξονται·
2891 785 2970 836 ὅτι
3023 783 3078 834 ἐν
3113 779 3193 832 σοὶ
3234 780 3262 831 6
3302 774 3435 839 Θεός
3485 774 3623 835 ἐστι,
3676 769 3773 821 καὶ

2200 886 2300 938 οῦκ
2338 883 2451 935 ἐστι
2485 880 2617 943 Θεὸς
2653 877 2789 948 πλὴν
2825 873 2940 928 σοῦ.
2980 892 2998 923 ›
3041 873 3307 939 Αἴγυπτον
3338 866 3395 919 δέ
3442 879 3573 933 φησι
3613 876 3773 913 κεκο-

2203 974 2455 1029 πιακέναι
2496 971 2583 1025 διὰ
2617 971 2715 1041 τῆς
2749 947 3130 1035 εἰδωλολάτρου
3166 960 3391 1027 πλάνης,
3426 952 3665 1024 ὁπηνίκα
3700 947 3777 1019 τῷ

2202 1066 2431 1136 διαϐόλῳ
2462 1065 2555 1118 καὶ
2581 1064 2693 1125 τοῖς
2721 1059 2851 1131 περὶ
2873 1057 3033 1111 αὑτὸν
3070 1054 3281 1123 δαίμοσι
3318 1047 3572 1117 πονηροῖς
3609 1060 3779 1097 κατα-

2204 1134 2492 1209 δεδούλωτο
2511 1171 2524 1183 ·
2566 1152 2706 1223 πλὴν
2739 1149 2853 1203 ἀλλ’
2884 1149 3031 1218 ὅμως
3062 1137 3516 1196 διαναπαύσεσθαι
3558 1134 3653 1188 τοῦ
3683 1134 3779 1186 κό-

2208 1266 2308 1302 που
2347 1247 2445 1316 τὴν
2483 1244 2754 1314 Αἴγυπτον
2794 1236 3218 1307 ἐπαγγέλλεται·
3266 1232 3331 1285 δι’
3381 1228 3547 1299 αὐτῆς
3579 1228 3685 1279 πᾶν
3719 1225 3782 1277 τὸ

2207 1341 2306 1411 τῆς
2351 1334 2790 1407 εἰδωλολατρείας
2837 1332 2991 1401 γένος
3029 1325 3413 1394 αἰνιττόμενος.
3470 1341 3488 1371 ι
3531 1320 3638 1372 Ka‘t
3675 1319 3785 1371 Σα-

2209 1431 2376 1502 ϐαεὶμ
2404 1430 2591 1501 ἄνδρες
2614 1426 2827 1499 ὑψηλοί.
2865 1444 2884 1477 ›
2912 1425 2988 1475 Δι’
3015 1415 3090 1477 ὧν
3113 1418 3396 1490 σημαίνειν
3416 1414 3555 1467 ἔοικε
3580 1411 3788 1484 βάρϐα-

2208 1524 2280 1597 ρά
2320 1541 2439 1578 τινα
2470 1524 2564 1577 κα)⁴
2595 1523 2863 1592 ἀνήμερα,
2897 1516 2993 1571 καὶ
3031 1517 3088 1568 ἐν
3117 1514 3229 1577 τοῖς
3267 1509 3519 1578 ἐξωτάτω
3554 1509 3653 1577 τῆς
3678 1507 3785 1575 γῆς

2210 1615 2461 1669 οἰκοῦντα
2484 1613 2609 1685 ἔθνη
2630 1630 2643 1644 ο
2669 1612 2705 1667 ὃ.
2731 1612 2795 1682 δὴ
2825 1609 3131 1665 δουλεύσειν
3160 1606 3239 1678 τῷ
3259 1603 3480 1677 Χριστῷ
3504 1600 3749 1664 θεσπίζει
3767 1616 3781 1628 ·

2115 1772 2125 1783 .
2146 1775 2179 1783 _
2213 1708 2294 1761 διὸ
2319 1707 2589 1774 ἐπιλέγει·

606 1810 772 1867 Vens.
801 1813 885 1875 15,
920 1812 1006 1866 16.
1045 1830 1063 1863 ι
1087 1813 1153 1867 Ει
1188 1820 1310 1883 post
1346 1818 1395 1865 te
1421 1816 1717 1879 sequentur
1746 1803 1912 1860 vincti
1942 1802 2108 1857 mani-

537 1907 637 1961 cis.
678 1905 758 1960 Tu
792 1906 937 1960 enim
984 1920 1043 1959 es
1086 1904 1247 1969 Deus,
1293 1912 1345 1958 et
1384 1899 1733 1961 nescivimus,
1764 1897 1906 1951 Deus
1947 1893 2111 1948 lsrael

540 1999 802 2053 salvator.
834 1996 1246 2053 Confundentur
1271 2005 1325 2050 et
1354 1992 1679 2049 erubescent
1714 2004 1901 2044 omnes
1930 1988 2115 2042 adver-

539 2092 669 2147 sarii
710 2092 871 2162 ejus:
924 2099 979 2144 et
1021 2089 1373 2144 ambulabunt
1412 2087 1465 2139 in
1504 2083 1841 2140 confusione.
1887 2080 2116 2135 lnnova-

540 2185 672 2239 mini
717 2185 783 2239 ad
824 2198 928 2251 me,
966 2183 1176 2236 insulae.
1206 2200 1224 2232 ι
1273 2179 1553 2246 Quomodo
1597 2175 1913 2231 confusione
1946 2182 2000 2227 et
2028 2187 2118 2241 pu-

540 2278 673 2331 dore
720 2275 909 2345 repleti
963 2276 1094 2339 sint,
1143 2287 1375 2336 omnes,
1423 2269 1513 2338 qui
1566 2268 1735 2321 variis
1786 2263 2116 2335 temporibus

541 2366 839 2422 adversarii
874 2366 1043 2432 fuere,
1100 2365 1307 2435 ipsique
1356 2360 1539 2432 populi
1590 2374 1655 2413 ex
1706 2356 2118 2412 circumcisione

542 2468 702 2528 atque
748 2472 814 2512 ex
863 2458 1114 2524 gentibus
1159 2456 1431 2519 universi,
1481 2453 1570 2522 qui
1618 2460 1803 2505 contra
1860 2448 2119 2503 ecclesias

542 2552 660 2619 ejus
743 2550 1173 2619 persecutionem
1235 2548 1579 2612 excitarunt,
1650 2542 1783 2612 ipsis
1857 2541 2119 2612 operibus

546 2643 719 2713 magis
757 2658 918 2713 quam
967 2656 1216 2697 sermone
1254 2640 1581 2696 declaratur.

616 2733 780 2791 Vsus.
818 2734 904 2789 17.
973 2754 991 2786 ι
1025 2733 1186 2789 Israel
1252 2733 1491 2788 salvatur
1540 2746 1569 2784 a
1622 2727 1885 2792 Domino,
1949 2724 2123 2782 salute

548 2836 750 2882 acterna
796 2846 808 2882 :
854 2843 958 2882 non
1014 2826 1432 2885 contundentur,
1481 2836 1658 2891 neque
1684 2820 2006 2875 erubescent
2036 2832 2125 2872 us-

548 2936 654 2991 que
683 2922 734 2974 in
765 2935 1048 2974 teternum.
1077 2937 1095 2970 ι
1136 2917 1258 2972 Haec
1287 2932 1448 2985 porro
1475 2913 1807 2985 conjunctim
1840 2920 2026 2982 postea
2060 2910 2126 2963 de

550 3013 825 3083 apostolis,
869 3011 1149 3079 discipulis
1182 3018 1237 3063 et
1292 3008 1643 3077 evangelistis
1677 3005 1980 3059 Salvatoris
2023 3017 2123 3057 no-

2288 1840 2307 1873 ι
2342 1819 2450 1873 Καὶ
2470 1817 2643 1871 ὀπίσω
2676 1833 2769 1869 σου
2796 1812 3214 1882 ἀκολουθήσουσι
3236 1807 3506 1879 δεδεμένοι
3534 1803 3789 1876 χειροπε-

2211 1914 2350 1977 δαις.
2392 1911 2464 1964 Σὺ
2499 1909 2607 1981 γὰρ
2643 1903 2692 1960 εἴ
2735 1907 2889 1971 Θεὸς,
2922 1906 3015 1959 καὶ
3042 1904 3141 1957 οὑκ
3171 1901 3412 1973 ᾔδειμεν,
3457 1900 3485 1952 6
3529 1897 3660 1961 Θεὸς
3693 1895 3791 1949 τοῦ

2226 2002 2443 2075 Ἰσραὴλ
2483 2002 2688 2073 σωτήρ.
2726 1997 3186 2069 Αἰσχυνθήσονται
3228 1992 3322 2047 καὶ
3357 1990 3792 2061 ἐντραπήσονται

2214 2094 2415 2156 πάντες
2467 2094 2513 2145 oi
2566 2090 2926 2159 ἀντικείμενοι
2980 2086 3146 2156 αὐτῷ,
3194 2084 3289 2138 καὶ⁸
3338 2081 3693 2153 πορεύσονται
3729 2080 3793 2132 ἐν

2216 2181 2465 2254 αἰσχύνῃ.
2536 2176 2938 2248 Ἐγκαινίζεσϐε
2997 2176 3133 2247 πρὸς
3184 2175 3271 2245 μέ,
3321 2173 3495 2243 νῆσοι.
3538 2189 3556 2222 ι
3600 2170 3795 2231 Ὅπως

2217 2276 2275 2328 δὲ
2315 2272 2766 2347 κατῃσχύνθησαν
2819 2270 2915 2323 καὶ
2966 2267 3342 2339 ἐνετράπησαν
3385 2264 3584 2326 πάντες
3613 2263 3661 2315 οί
3690 2278 3799 2313 κα-

2218 2364 2287 2419 τά
2306 2366 2527 2435 καιροὺς
2554 2361 2933 2432 ἀντικείμενοι,
2952 2358 3103 2411 αύτοί
3131 2374 3188 2409 τε
3214 2357 3261 2409 οἰ
3287 2357 3351 2408 ἐκ
3376 2354 3671 2425 περιτομῆς
3694 2349 3799 2403 καὶ

2218 2455 2324 2508 τῶν
2343 2453 2510 2507 ἐθνῶν
2544 2453 2743 2514 πάντες
2771 2450 2819 2503 οἱ
2845 2451 2970 2512 τοὺς
2995 2447 3134 2501 κατά
3157 2449 3256 2516 τῆς
3283 2442 3606 2513 Ἐκκλησίας
3626 2439 3797 2493 αὑτοῦ

2218 2546 2489 2617 διωγμοὺς
2522 2543 2836 2612 ἐξάψαντες,
2861 2541 3065 2604 παντὸς
3086 2540 3244 2607 λόγου
3274 2536 3469 2608 μᾶλλον
3501 2537 3535 2607 ή
3563 2533 3651 2587 διά
3680 2532 3798 2586 τῶν

2223 2636 2398 2710 ἔργων
2429 2633 2701 2707 μαρτυρία
2727 2633 3073 2704 παρίστησιν.

2299 2747 2317 2780 ι
2369 2727 2582 2800 Ἰσραὴλ
2607 2726 2838 2790 σώζεται
2882 2724 2986 2778 ὑπὸ
3009 2720 3209 2794 Κυρίου
3241 2718 3512 2791 σωτηρίαν
3542 2714 3760 2771 αἰώνιον
3780 2730 3797 2744 ο

2222 2822 2324 2875 οὐκ
2374 2818 2837 2891 αἰσχυνθήσονται,
2881 2815 3000 2869 οὐδὲ
3057 2815 3129 2885 μὴ
3180 2810 3514 2881 ἐντραπῶσιν
3549 2809 3654 2871 ἓως
3698 2806 3802 2859 τοῦ

2225 2914 2419 2977 αἰῶνος
2445 2912 2546 2966 ἔτι.
2583 2930 2602 2965 ι
2630 2910 2739 2965 Καὶ
2763 2908 2934 2962 ταῦτα
2965 2908 3021 2961 δὲ
3046 2904 3351 2963 ἀκολούθως
3375 2901 3640 2971 συνῆπται
3668 2900 3803 2970 περὶ

2223 3006 2332 3061 τῶν
2374 3005 2684 3060 ἀποστόλων
2730 3004 2825 3057 καὶ
2855 2999 3108 3073 μαθητῶν
3144 2999 3239 3051 καὶ
3275 2992 3667 3064 εὐαγγελιστῶν
3699 2991 3801 3044 τοῦ

552 3106 652 3159 stri
696 3104 991 3158 dicuntur:
1024 3102 1125 3173 ipsi
1174 3116 1405 3171 namque
1454 3108 1612 3153 erant
1656 3096 1815 3151 Israel
1864 3095 1987 3161 ille,
2032 3093 2121 3163 qui

2226 3100 2476 3169 Σωτῆρος
2498 3096 2654 3168 ἡμῶν
2672 3113 2683 3125 ·
2709 3095 2865 3149 αὐτοὶ
2890 3094 2999 3163 γὰρ
3017 3087 3158 3162 ἦσαν
3176 3092 3204 3143 6
3227 3088 3528 3158 σωζόμενος
3560 3084 3801 3156 Ἰσραήλ⁸

459 3243 461 3245 .
553 3198 725 3252 salute
772 3197 1001 3251 donatur
1036 3216 1047 3250 :
1088 3208 1151 3248 ac
1202 3208 1386 3248 eorum
1441 3206 1604 3261 opera
1658 3189 1972 3258 plerumque
2008 3202 2122 3241 me—

558 3299 778 3343 morata:
828 3288 1013 3342 insula:
1065 3295 1331 3341 renovata:
1382 3293 1527 3339 sunt.
1580 3283 1747 3337 Erant
1793 3290 1971 3334 autem
2023 3279 2126 3334 illa:

560 3381 649 3435 Dei
712 3380 956 3436 ecclesia).
1018 3396 1138 3450 qua:
1206 3393 1303 3434 ceu
1370 3378 1504 3431 muri
1566 3377 1691 3430 vita:
1761 3374 1959 3428 malitia
2011 3389 2127 3427 am-

556 3474 799 3529 biuntur.

630 3566 792 3622 Vens.
825 3564 912 3629 l8,
941 3564 1029 3621 l9.
1072 3583 1089 3616 ι
1116 3560 1207 3618 Sic
1237 3561 1369 3617 dicit
1403 3561 1686 3625 Dominus,
1718 3559 1811 3629 qui
1860 3557 1989 3614 fecit
2018 3570 2128 3611 caa-

561 3659 670 3713 lum
704 3676 719 3712 :
764 3658 864 3713 iste
899 3657 1061 3723 Deus,
1103 3656 1192 3726 qui
1216 3655 1456 3710 ostendit
1485 3664 1708 3719 terram,
1745 3662 1799 3707 et
1827 3651 1956 3707 fecit
1984 3665 2126 3712 eam,

562 3753 675 3823 ipse
720 3752 967 3806 distinxit
1008 3765 1151 3805 eam.
1203 3748 1317 3802 Non
1362 3747 1559 3801 frustra
1605 3745 1731 3799 fecit
1772 3758 1910 3807 eam,
1947 3742 2040 3796 sed
2076 3748 2134 3794 ut

560 3844 899 3900 habitaretur
931 3841 1214 3912 plasmavit
1255 3855 1396 3894 eam.
1453 3838 1566 3908 Ego
1606 3851 1723 3891 sum
1756 3833 2030 3897 Dominus,
2078 3842 2133 3887 et

564 3953 669 3992 non
701 3944 786 3989 est
818 3933 976 3988 alius.
1001 3953 1020 3986 ι
1075 3932 1169 3987 His
1198 3934 1441 3995 docetur,
1489 3944 1591 3983 non
1639 3925 1994 3999 ignorandum
2037 3940 2134 3979 no.

564 4030 688 4094 bis,
744 4027 1018 4081 hominum
1081 4039 1247 4094 genus
1309 4037 1503 4092 magno
1554 4021 1695 4089 apud
1755 4018 2132 4073 universorum

566 4120 850 4177 Dominum
894 4118 1059 4173 Deum
1112 4119 1164 4171 iu
1209 4117 1413 4171 honore
1458 4114 1697 4168 habitum
1744 4125 1864 4166 esse
1910 4128 1924 4165 :
1969 4123 2138 4179 quare

567 4214 739 4281 ipsum
777 4210 999 4265 salutari
1044 4209 1327 4264 vocatione
1360 4208 1612 4278 dignatus
1639 4213 1748 4269 est,
1778 4217 1989 4258 necuou
2017 4215 2137 4255 om-

2229 3193 2324 3246 καὶ
2374 3190 2440 3244 δι’
2492 3187 2667 3242 αὐτῶν
2706 3184 3153 3253 ἀνεκαινίσθησαν
3188 3182 3245 3233 αί
3278 3178 3531 3241 πολλάκις
3576 3175 3665 3229 διὰ
3689 3176 3807 3228 τῶν

2228 3284 2535 3358 ἔμπροσθεν
2573 3280 2891 3352 δηλωθεῖσαι
2946 3278 3119 3346 νῆσοι.
3151 3268 3318 3326 Ait-cat
3348 3270 3402 3323 δὲ
3434 3267 3570 3339 ἦσαν
3608 3269 3664 3321 αἱ
3706 3269 3809 3321 ἐκ-

2229 3377 2449 3450 κλησίαι
2492 3372 2751 3429 τοῦ.Θεοῦ
2777 3371 2852 3433 ὼς
2887 3368 2978 3421 ἐπὶ
3004 3365 3277 3433 Θαλάσσης
3302 3362 3670 3431 κυκλούμεναι
3700 3359 3811 3413 ὑπὸ

2230 3472 2331 3541 τῆς
2363 3468 2456 3522 τοῦ
2487 3468 2601 3537 βίου
2629 3463 2848 3525 κακίας.

2305 3579 2324 3613 ι
2360 3534 2545 3620 Οὕτως
2564 3554 2708 3623 λέγει
2739 3549 2940 3621 Κύριος
2983 3548 3011 3599 6
3048 3548 3277 3617 ποιήσας
3306 3542 3395 3597 τὸν
3420 3539 3647 3612 οὐρανόν
3668 3557 3681 3570 ο
3723 3534 3814 3594 οὗ-

2228 3671 2319 3718 τος
2347 3654 2375 3707 6
2403 3650 2535 3713 Θεὸς
2577 3650 2606 3701 6
2644 3641 2965 3709 καταδείξας
3004 3641 3103 3711 τὴν
3152 3642 3276 3711 γῆν,
3312 3637 3404 3692 καὶ
3436 3636 3674 3705 ποιήσας
3709 3635 3808 3687 αὐ·-

2230 3747 2351 3818 τὴν,
2397 3742 2559 3805 αὐτὸς
2600 3738 2851 3811 διώρισεν
2891 3735 3079 3806 αὐτήν.
3120 3734 3233 3787 Οὐκ
3259 3732 3340 3794 εἰς
3370 3728 3525 3782 κενὸν
3553 3727 3812 3797 ἐποίησεν

2235 3839 2422 3911 αὐτὴν,
2450 3834 2586 3891 ἀλλά
2620 3829 2988 3887 κατοικεῖσθαι
3037 3826 3265 3880 ἔπλασεν
3304 3824 3492 3894 αὑτήν.
3529 3820 3671 3889 Ἐγώ
3693 3821 3814 3889 εἰμι

2237 3932 2460 4002 Κύριος,
2497 3927 2590 3982 καὶ
2616 3926 2716 3979 οὐκ
2755 3923 2902 3977 ἐστιν
2942 3921 3045 3975 ἔτι.
3085 3940 3102 3971 ι
3155 3918 3404 3972 Διδάσκει
3428 3913 3517 3967 διά
3549 3911 3753 3965 τούτων
3785 3911 3816 3962 6

2236 4001 2500 4094 λόγοςμὴ
2528 4019 2765 4087 ἀγνοεῖν,
2819 4015 2893 4077 ὼς
2940 4011 3188 4083 μεγάλως
3216 4008 3500 4078 τετίμηται
3544 4002 3694 4074 παρὰ
3734 4001 3817 4071 τῷ

2237 4116 2454 4169 πάντων
2485 4111 2717 4181 δεσπότῃ
2751 4106 2870 4178 Θεῷ
2911 4106 2973 4159 τὸ
3012 4104 3119 4157 τῶν
3157 4099 3457 4173 ἀνθρώπων
3495 4096 3682 4165 γένος·
3733 4094 3817 4146 διὸ

2237 4206 2453 4288 καὶτῆς
2487 4204 2731 4274 κλήσεως
2764 4199 2925 4262 αὐτὸς
2948 4197 3047 4265 τῆς
3077 4192 3342 4264 σωτηρίου
3366 4188 3692 4260 κατηξίωσε,
3718 4187 3820 4240 καὶ

566 4280 728 4361 nibus
773 4304 871 4369 iis,
921 4318 1039 4373 quae
1077 4302 1131 4356 in
1173 4300 1421 4372 prmseuti
1476 4297 1761 4369 prophetia
1814 4294 2125 4367 promittun-

2240 4280 2457 4354 πάντων
2486 4297 2595 4350 τῶν
2618 4294 2705 4348 διὰ
2737 4292 2838 4363 τῆς
2861 4287 3140 4360 παρούσης
3171 4283 3506 4358 προφητείας
3538 4280 3819 4350 ἐπηγγελ-

570 4409 677 4456 tnr.
736 4398 1196 4466 Quemadmodum
1245 4395 1387 4449 enim
1455 4392 1654 4447 caelum
1704 4390 1772 4444 ad
1824 4386 2135 4457 angelorum

566 4500 987 4558 sanctorumque
1017 4488 1299 4557 spirituum
1332 4484 1661 4540 domicilium
1695 4481 2022 4541 necessario,
2053 4487 2139 4531 at-

568 4599 676 4654 que
729 4583 794 4636 ad
837 4581 1073 4636 universi
1119 4587 1369 4634 ornatum
1419 4576 1710 4640 constitui;
1758 4574 1827 4627 ita
1882 4579 1938 4627 et
1987 4580 2140 4625 terra:

571 4681 894 4733 elementum
922 4716 939 4741 ,
986 4689 1090 4727 non
1141 4673 1192 4726 in
1224 4684 1420 4723 vanum
1474 4682 1650 4737 neque
1703 4663 1966 4719 inutiliter
2011 4677 2141 4717 con-

573 4770 715 4834 didi;
762 4766 855 4823 sed
909 4766 1083 4837 ipsum
1132 4763 1197 4817 ad
1249 4759 1615 4818 habitaculum
1663 4767 1719 4814 et
1763 4754 2142 4811 commoratio-

575 4878 697 4917 nem
758 4875 989 4924 eorum,
1042 4858 1132 4927 qui
1203 4856 1275 4910 ibi
1339 4852 1646 4909 rationabili
1700 4850 1858 4903 modo
1913 4861 2141 4902 conver-

575 4954 746 5010 saturi
802 4960 1003 5017 erant,
1057 4948 1358 5010 adornavi,
1429 4946 1519 5014 qui
1579 4956 1713 4998 sane
1773 4936 2145 5009 cognoscendo

574 5049 707 5110 Deo,
760 5061 825 5102 ac
881 5043 1126 5113 religiose
1152 5040 1379 5094 vivendo
1411 5052 1570 5107 pares
1621 5042 1796 5099 erant,
1847 5042 2031 5102 utpote
2078 5030 2145 5083 ad

578 5139 868 5209 imaginem
902 5135 998 5190 Dei
1037 5133 1261 5189 conditi.
1311 5131 1463 5186 Sicut
1513 5129 1675 5198 igitur
1711 5125 1887 5195 angeli
1920 5126 1972 5178 in
2008 5121 2146 5178 etelo

583 5232 811 5286 ministri
845 5230 937 5285 Dei
973 5237 1140 5295 sunt;
1190 5227 1264 5281 ita
1301 5235 1355 5280 et
1390 5222 1634 5277 homines
1666 5219 1718 5273 in
1752 5228 1895 5273 terra
1927 5216 2026 5271 sub
2055 5213 2150 5270 Dei

582 5338 713 5377 cura
748 5324 967 5391 degunt.

656 5415 815 5469 Vsus.
858 5413 949 5467 20.
1025 5431 1043 5464 ι
1074 5411 1190 5465 Non
1269 5409 1324 5464 in
1373 5405 1690 5462 abscondito
1744 5402 1956 5458 locutus
2005 5413 2148 5461 sum,

587 5520 761 5575 neque
790 5504 842 5558 in
874 5504 991 5558 loco
1026 5515 1183 5558 terra:
1212 5503 1518 5556 tenebroso.
1548 5497 1662 5553 Non
1695 5495 1805 5549 dixi
1841 5493 2031 5548 semini
2062 5490 2152 5544 Ja-

589 5599 708 5662 cob,
747 5595 956 5650 Vanum
986 5596 1233 5663 quaerite.
1274 5594 1386 5664 Ego
1420 5608 1560 5658 sum,
1594 5604 1693 5660 ego
1721 5604 1839 5644 sum
1870 5586 2152 5648 Dominus,

593 5692 684 5760 qui
745 5690 935 5759 loquor
995 5688 1301 5757 justitiam,
1365 5696 1419 5740 et.
1483 5683 1743 5740 annuntio
1790 5681 2147 5741 veritatem.»

598 5784 860 5851 Quoniam
920 5780 1061 5834 enim
1110 5779 1286 5833 omnis
1336 5790 1501 5846 terra,
1565 5786 1619 5832 et
1674 5772 1761 5846 qui
1821 5775 1872 5829 in
1930 5789 1988 5828 ea
2033 5780 2157 5826 sunt

2244 4393 2438 4464 μένων.
2467 4391 2677 4459 Ὥσπερ
2701 4385 2808 4457 γὰρ
2842 4384 2935 4436 τὸν
2965 4379 3190 4453 οὐρανὸν
3221 4379 3301 4440 εἰς
3332 4374 3610 4445 διατριϐὴν
3652 4372 3820 4440 ἀγγέ-

2239 4488 2347 4540 λων
2384 4484 2481 4538 καὶ
2515 4479 2836 4551 πνευμάτων
2867 4475 3036 4543 ἁγίων
3068 4468 3378 4538 ἀναγκαίως
3398 4465 3819 4535 ὑπεστησάμην,

2239 4577 2333 4630 καὶ
2364 4575 2446 4636 εξς
2476 4572 2677 4642 κόσμον
2703 4567 2796 4621 τοῦ
2825 4564 3044 4628 παντὸς,
3087 4561 3179 4615 τὸν
3218 4560 3381 4615 αὑτὸν
3408 4559 3608 4629 τρόπον
3640 4556 3735 4609 καὶ
3759 4555 3826 4608 τὸ

2238 4668 2341 4737 τῆς
2373 4668 2476 4735 γῆς
2507 4662 2765 4732 στοιχεῖον
2812 4659 2912 4712 οὐκ
2955 4658 3035 4719 εἰς
3071 4653 3237 4726 ἀργὸν
3274 4650 3383 4706 οὐδ’
3423 4653 3502 4713 εἰς
3547 4651 3824 4720 ἄχρηστον

2240 4754 2645 4811 κατεσκεύασα³
2687 4751 2998 4821 οἰκητήριον
3031 4747 3087 4799 δὲ
3114 4744 3245 4798 αὐτὸ
3277 4743 3372 4797 καὶ
3398 4739 3677 4811 διατριϐὴν
3713 4739 3819 4792 τῶν

2244 4852 2301 4903 ἐν
2334 4846 2484 4917 αὐτῷ
2538 4842 2766 4913 λογικῶς
2809 4837 3181 4895 πολιτεύεσθαι
3226 4834 3525 4906 μελλόντων
3563 4831 3821 4901 είργασάνο

2249 4957 2375 5011 μην,
2408 4938 2456 4991 οἳ
2495 4937 2589 4990 καὶ
2619 4934 2750 4989 Θεὸν
2787 4932 2983 4986 εἰδέναι
3012 4930 3105 4986 καὶ
3137 4926 3404 4989 θεοσεϐῶς
3444 4923 3592 4995 βιοῦν
3623 4918 3728 4975 οἷοί
3762 4939 3820 4976 τε

2244 5029 2403 5104 ἦσαν,
2438 5031 2533 5085 ἆτε
2578 5030 2696 5083 κατ’
2741 5026 2923 5079 εἰκόνα
2949 5025 3084 5078 Θεοῦ
3124 5021 3496 5092 πεποιημένοι.
3528 5020 3742 5087 Ὥσπερ
3775 5018 3820 5070 δ’

2250 5122 2344 5180 οῦν
2370 5127 2426 5177 ὲν
2455 5120 2671 5192 οὐρανῷ
2695 5117 2916 5187 ἄγγελοι
2942 5114 3244 5187 λειτουργοὶ
3262 5112 3418 5165 Θεοῦ.
3448 5109 3591 5163 οῦτω
3610 5111 3709 5161 καὶ
3729 5108 3823 5161 ἐπὶ

2255 5219 2356 5290 γῆς
2383 5216 2573 5287 ἄνδρες
2600 5213 2677 5283 τῷ
2711 5211 2828 5282 Θεῷ
2863 5208 3245 5283 μεμελημένοι.

2332 5417 2349 5450 ι
2380 5398 2492 5450 Οὐκ
2525 5399 2583 5450 ὲν
2608 5394 2788 5467 κρυερῇ
2821 5391 3109 5459 λελάληκα,
3142 5383 3259 5438 οὐδὲ
3288 5382 3345 5434 ἐν
3380 5380 3530 5449 τόπῳ
3566 5376 3669 5447 γῆς
3698 5391 3823 5429 σκο-

2255 5491 2436 5563 τεινῷ.
2471 5491 2584 5545 Ούκ
2609 5485 2739 5543 εἶπα
2771 5486 2848 5557 τῷ
2881 5483 3150 5552 σπέρματι
3187 5472 3377 5529 Ἰακώϐ
3397 5490 3412 5504 ⁸
3443 5474 3686 5563 Μάταιον
3730 5468 3829 5538 ζη-

2259 5561 2479 5655 τήσατε.
2515 5580 2654 5650 Ἐγώ
2674 5582 2809 5649 εἰμι,
2836 5574 2945 5643 ἐγώ
2964 5575 3079 5642 εἰμι
3107 5567 3331 5639 Κύριος,
3359 5567 3388 5618 6
3417 5562 3595 5615 λαλῶν
3619 5561 3827 5614 δικαιο-

2262 5654 2447 5749 σύνην,
2476 5674 2567 5728 καὶ
2602 5668 2943 5739 ἀναγγέλλων
2979 5664 3253 5735 ἀλήθειαν.
3291 5678 3309 5712 ι
3352 5656 3501 5710 Ἐπεὶ
3536 5654 3646 5726 γὰρ
3681 5654 3829 5707 πᾶσα

2264 5769 2401 5841 ἡγῇ
2420 5766 2511 5822 καὶ
2548 5765 2592 5817 οἱ
2635 5765 2689 5817 ἐν
2720 5762 2853 5830 αὐτῇ
2893 5757 3087 5819 πάντες
3115 5754 3385 5825 ἀνθρωττοι
3422 5746 3541 5818 ἐμοί
3575 5746 3698 5807 εἱσι,
3741 5742 3831 5795 διὰ
