4108 6204
338 318 438 375 M7

1260 300 1758 361 COMMENTABIA
1796 297 1862 353 ΙΝ
1903 296 2159 353 ISMAM.
2196 328 2261 338 —
2305 295 2459 352 CAP.
2498 293 2664 352 XLV.

3472 296 3574 351 “8

337 436 521 497 τοῦτο,
563 432 716 503 φησι,
763 430 881 491 τοὺς
932 424 1167 497 ἐμαυτοῦ
1220 424 1412 494 λόγους
1449 425 1546 476 οὐκ
1592 420 1749 474 εἴασα
1782 419 1914 493 κρύ-

2033 418 2285 484 nomines,
2328 418 2433 471 mei
2474 424 2632 480 sunt;
2682 416 2824 482 ideo,
2874 414 3067 485 mquit,
3107 413 3271 469 verba
3310 429 3426 469 mea
3474 433 3578 471 non

340 527 599 589 πτεσθαι,
631 523 735 576 οὐδ’
767 520 950 588 ὥσπερ
981 519 1038 571 ἐν
1068 518 1243 588 σκότῳ
1270 516 1628 577 λανθάνοντας
1652 530 1664 542 ·
1700 514 1778 576 εἰς
1804 529 1909 580 φα-

346 619 510 693 νερὸν
540 617 595 671 δέ
614 612 849 684 ἀγαγὼν,
871 613 1036 664 πᾶσιν
1064 610 1314 681 ἦπλωσα,
1349 609 1425 671 ὡς
1446 609 1611 660 πᾶσιν
1645 604 1821 658 ἔθνεσι
1851 604 1910 655 τὸ

352 713 615 781 σωτήριον
640 705 969 777 κηρυχθῆναι
993 701 1338 770 Εὐαγγέλιον.
1377 700 1633 770 Ἀντικρυ
1658 697 1713 750 δέ
1741 694 1911 749 ταῦτα

360 805 503 875 μόνῳ
528 799 596 871 τῷ
618 794 953 867 εὐαγγελικῷ
988 792 1215 865 ἁρμόζοι
1241 791 1307 845 ἂν
1336 789 1666 861 κηρύγματι.
1700 788 1780 841 Τὰ
1804 785 1911 857 γὰρ

358 894 624 955 Μωῦσέως
651 890 808 959 λόγια
829 890 982 951 εἴτις
1003 883 1272 951 ἐξετάζειν
1296 882 1485 945 ἐθέλοι,
1516 880 1663 951 εὖροι
1689 879 1754 933 ἂν
1774 879 1914 932 αὐτὰ

354 978 527 1051 κρυφῆ
554 975 745 1046 λελαλη
756 974 891 1045 μένα
910 990 923 1002 ο
948 971 1160 1042 γλώττῃ
1189 969 1285 1040 μὲν
1322 966 1581 1037 Ἐϐραΐδι,
1599 965 1846 1037 χαρακτῆ
1854 983 1913 1036 ρ-

355 1090 403 1124 σι
434 1071 488 1123 δὲ
528 1068 789 1132 ἱδιάζουσι
834 1064 928 1118 καὶ
973 1062 1046 1134 μὴ
1073 1058 1489 1131 γνωριζομένοις
1534 1055 1685 1129 παρὰ
1727 1058 1909 1109 πᾶσιν.

359 1161 514 1214 Ἀλλὰ
543 1160 638 1213 καὶ
668 1158 721 1211 εἴ
748 1174 832 1219 τις
861 1155 1157 1224 ἐννοήσοιεν
1178 1153 1234 1203 ἐν
1259 1149 1385 1221 ποίᾳ
1406 1150 1594 1220 ἐρήμῳ
1620 1148 1711 1201 καὶ
1729 1147 1913 1217 ἀϐάτῳ

348 1252 438 1306 καὶ
471 1250 685 1320 ἀνύδρῳ
720 1250 749 1300 ὁ
779 1244 1054 1305 Μωῦσέως
1083 1241 1298 1311 ἐξεδόθη
1327 1242 1507 1311 νόμος,
1546 1239 1694 1311 εὕροι
1725 1238 1789 1292 ἂν
1818 1240 1913 1291 αύ-

339 1346 434 1399 τὺν
496 1344 554 1395 ἐν
608 1341 762 1409 τόπῳ
820 1338 922 1407 γῆς
963 1332 1219 1403 σκοτεινῷ
1272 1331 1649 1401 λελαλημένον.
1698 1330 1770 1382 Οὐ
1810 1330 1913 1399 μὴν

346 1434 544 1506 ὁμοίως
578 1434 673 1485 καὶ
733 1430 793 1482 τὸ
837 1425 1161 1495 Εύαγγέλιον
1203 1422 1295 1476 τοῦ
1332 1421 1585 1492 Χριστοῦ.
1637 1439 1656 1472 ι
1691 1422 1785 1483 Εἰς
1813 1422 1912 1473 πᾶ-

344 1544 443 1580 σαν
481 1544 499 1576 ι
540 1522 672 1592 γοῦν
705 1540 722 1572 ι
754 1519 847 1590 τὴν
879 1517 981 1586 γῆν
1032 1513 1250 1585 ἐξῆλθεν
1303 1513 1332 1564 ὁ
1378 1511 1610 1581 φθόγγος
1640 1511 1746 1565 τῶν
1783 1511 1915 1563 ἀπο-

345 1617 548 1671 στόλων
584 1612 768 1675 αὑτοῦ,
801 1610 899 1665 καὶ
938 1610 1016 1671 εἰς
1045 1608 1113 1660 τὰ
1136 1606 1345 1676 πέρατα
1376 1605 1473 1675 τῆς
1502 1603 1820 1673 οἰκουμένης
1849 1600 1914 1653 τὰ

346 1711 567 1781 ῥήματα
586 1704 782 1760 αὐτῶν.
809 1722 827 1753 ι
850 1699 1085 1769 Παντοίᾳ
1107 1699 1161 1750 δέ
1194 1698 1286 1750 καὶ
1312 1695 1546 1766 γλώττῃ,
1570 1698 1720 1765 πάσῃ
1742 1696 1912 1764 φωνῇ,

2014 509 2220 565 occulta
2285 523 2459 578 neque
2524 508 2576 562 in
2647 507 2884 564 tenebris
2930 507 3149 562 latentia
3200 506 3446 577 reliqui:
3486 509 3581 563 sed

2015 602 2194 672 palam
2245 600 2499 667 efferens,
2537 600 2786 656 omnibus
2839 610 2963 655 nota
3017 598 3167 665 feci;
3213 602 3289 654 ita
3335 609 3393 654 ut
3440 601 3586 655 salu-

2017 702 2130 749 tare
2172 694 2521 765 Evangelium
2572 692 2824 748 omnibus
2880 692 3130 763 gentibus
3178 692 3584 762 praedicaretur.

2019 785 2142 841 Haec
2185 802 2336 851 sane,
2384 796 2443 841 ut
2489 786 2664 857 palam
2708 795 2811 854 est,
2846 786 3169 855 evangelica:
3212 785 3583 855 praedicationi

2017 888 2226 935 tantum
2263 882 2608 936 conveniant.
2650 880 2782 935 Nam
2807 880 3005 950 Moysis
3030 880 3237 949 eloquia
3267 880 3308 933 si
3345 879 3465 948 quis
3492 894 3588 932 ex-

2017 974 2251 1043 pendere
2283 975 2432 1039 velit,
2480 988 2541 1027 ea
2575 973 2785 1028 occulte
2818 973 3027 1041 prolata
3061 971 3450 1041 deprehendat,
3485 969 3585 1024 He-

2021 1067 2200 1122 braica
2231 1065 2439 1121 scilicet
2487 1065 2706 1136 lingua,
2757 1066 3167 1121 characteribus
3217 1064 3468 1133 pr0priis,
3502 1077 3588 1118 ne-

2019 1173 2123 1227 que
2166 1159 2308 1227 apud
2343 1171 2533 1212 omnes
2578 1158 2830 1228 cognitis.
2881 1157 3185 1223 Quinetiam
3218 1156 3264 1210 si
3302 1155 3428 1223 quis
3472 1169 3589 1224 pero

2020 1249 2216 1317 pendat
2256 1264 2360 1318 qua
2410 1248 2461 1302 in
2506 1247 2817 1315 solitudine,
2861 1263 3021 1318 quam
3066 1247 3206 1299 invia
3240 1259 3294 1299 et
3328 1246 3585 1315 inaquosa

2018 1339 2101 1392 lex
2134 1340 2328 1410 Moysis
2373 1339 2571 1393 tradita
2622 1338 2804 1406 fuerit,
2859 1340 3017 1406 plane
3080 1336 3318 1391 inveniat
3358 1350 3477 1390 eam
3531 1336 3583 1388 in

2019 1431 2139 1486 loco
2184 1439 2339 1485 terrae
2388 1431 2671 1485 tenebroso
2715 1431 3115 1500 pronuntiatam
3150 1428 3337 1483 fuisse.
3385 1428 3453 1481 At
3479 1442 3584 1481 non

2020 1522 2139 1593 pari
2193 1524 2351 1576 modo
2401 1520 2747 1589 Evangelium
2776 1520 2973 1575 Christi
3004 1538 3019 1575 :
3052 1535 3175 1573 nam
3227 1538 3245 1570 ι
3275 1520 3327 1573 in
3372 1533 3586 1573 omnem

2024 1623 2222 1669 terram
2255 1613 2423 1667 exivit
2467 1625 2631 1665 sonus
2664 1611 3030 1680 apostolorum
3068 1609 3221 1678 ejus,
3264 1619 3320 1662 et
3367 1610 3418 1662 in
3456 1608 3591 1662 lines

2028 1706 2174 1761 orbis
2209 1716 2363 1758 terra:
2395 1704 2559 1758 verba
2596 1718 2780 1757 eorum
2804 1703 2870 1755 ⁸ο.
2898 1721 2916 1753 ι
2963 1701 3226 1756 Omnibus
3272 1710 3451 1754 autem
3485 1698 3590 1752 lin-

346 1797 691 1871 χαρακτῆρσί
731 1812 789 1848 τε
830 1795 943 1855 τοῖς
977 1790 1095 1845 καθ’
1128 1790 1355 1843 ἕκαστον
1387 1788 1537 1853 ἔθνος
1566 1786 1922 1860 παραδέδοται

2031 1798 2170 1867 guis,
2213 1796 2356 1852 omni
2406 1811 2560 1859 voce,
2607 1794 3049 1861 characterisque
3086 1792 3418 1861 singularum
3463 1807 3590 1861 gen-

342 1895 423 1957 εἰς
456 1890 777 1956 ἐξάκουστον
802 1888 933 1940 πᾶσι
957 1886 1070 1947 τοῖς
1086 1882 1311 1936 ἔθνεσιν.

420 2092 442 2126 ι
482 2069 789 2141 Συνάχθητε
832 2069 924 2121 καὶ
967 2067 1157 2137 ἥκετεο
1187 2057 1542 2132 βουλεύσασθε
1576 2056 1711 2127 ἅμα,
1737 2054 1786 2107 οἱ
1813 2070 1918 2105 σω-

346 2166 565 2236 ζόμενοι
599 2161 705 2215 ἀπὸ
733 2160 837 2213 τῶν
861 2158 1046 2213 ἐθνῶν.
1080 2156 1192 2210 Οὐκ
1214 2153 1455 2222 ἔγνωσαν
1494 2151 1542 2203 οἱ
1586 2148 1831 2220 αἴροντες
1856 2144 1919 2197 τὸ

350 2235 503 2318 ξύλον
554 2250 779 2320 γλύμμα
820 2247 1017 2311 αὐτῶν,
1068 2245 1163 2298 καὶ
1220 2244 1267 2296 ol
1319 2241 1738 2313 προσευχόμενοι
1782 2235 1919 2307 πρὸς

349 2347 529 2407 θεοὺς,
556 2342 607 2395 οἳ
635 2343 695 2395 ού
721 2341 999 2406 σώζουσιν.
1020 2340 1081 2392 El
1098 2335 1503 2406 ἀναγγελοῦσιν,
1526 2330 1917 2401 ἐγγισάτωσαν,

350 2438 441 2490 ἵνα
467 2436 667 2505 γνῶσιν
689 2432 823 2504 ἅμα.
858 2452 876 2484 ι
911 2429 1167 2502 Πρώτους
1192 2429 1289 2498 μὲν
1316 2426 1444 2497 γὰρ,
1471 2424 1653 2495 φησιν,
1680 2421 1918 2483 ἐκείνους

350 2523 766 2594 ἀνεκαλεσάμην
806 2522 893 2575 διὰ
922 2520 1015 2575 τοῦ
1043 2517 1396 2588 εὐαγγελικοῦ
1424 2514 1802 2587 κηρύγματος,
1828 2511 1920 2564 καὶ

352 2616 592 2688 πρώτοις
619 2615 801 2677 αὐτοῖς
822 2612 918 2684 τὴν
944 2611 1217 2683 βασιλείαν
1247 2608 1355 2662 τῶν
1385 2605 1626 2679 οὐρανῶν
1658 2605 1922 2674 ἐπηγγει-

350 2708 552 2778 λάμην,
594 2705 777 2776 ῶσπερ
822 2705 1044 2775 μισθοὺς
1084 2704 1182 2773 τῆς
1224 2702 1302 2764 εἰς
1334 2699 1433 2769 ἐμὲ
1473 2696 1708 2758 πίστεως
1740 2695 1922 2757 αὐτοῖς

350 2798 802 2870 ὑπισχνούμενον,
839 2795 974 2868 πρὸς
1022 2795 1084 2848 τὸ
1123 2793 1196 2864 μὴ
1228 2791 1445 2861 νομίσαι
1467 2787 1661 2851 αὐτοὺς
1690 2787 1781 2839 ἐπὶ
1814 2803 1921 2856 μα-

354 2892 492 2962 ταίῳ
521 2890 807 2944 θεοσεϐεῖν.
838 2888 928 2940 Διὸ
956 2886 1049 2941 καὶ⁵
1076 2885 1220 2957 ζωὴν
1247 2882 1461 2938 αἰώνιον
1488 2876 1919 2949 ἐπηγγειλάμην,

349 2984 449 3037 καὶ
491 2981 671 3049 ἀγαθὰ
724 3000 743 3032 ι
785 2979 821 3034 ἂ
860 2977 1134 3049 ὀφθαλμὸς
1173 2976 1274 3029 οὐκ
1317 2970 1443 3038 εἶδε,
1485 2991 1503 3024 ι
1542 2968 1737 3024 καὶτὰ
1773 2966 1919 3037 ἐξῆς.

362 3075 519 3127 Ἐπεὶ
548 3074 603 3126 δὲ
650 3072 783 3136 Θεός
819 3074 929 3140 εἰμι
960 3068 1131 3122 λαλῶν
1161 3064 1500 3135 δικαιοσύνην
1534 3064 1626 3117 καὶ
1658 3058 1921 3128 ἀναγγέλ-

348 3169 460 3221 λων
491 3166 767 3237 ἁλήθειαν,
811 3162 951 3218 κατὰ
983 3162 1073 3215 τὸν
1104 3159 1202 3232 τῆς
1235 3156 1577 3226 δικαιοσύνης
1601 3153 1776 3222 λόγον,
1811 3150 1926 3222 μετ’
1955 3150 1997 3208 C

348 3259 595 3321 ἐκείνους
633 3257 838 3319 πάντας
871 3253 1188 3325 ἀνθρώπους
1222 3249 1359 3322 πρὸς
1397 3246 1628 3319 ἐμαυτὸν
1666 3242 1927 3297 ἀνεκαλε-

351 3352 535 3421 σάμην
555 3366 567 3379 ·
602 3350 694 3402 καὶ
730 3345 973 3400 ἐντεῦθεν
1002 3345 1103 3415 ἢδη
1132 3344 1243 3404 τοῖς
1266 3342 1397 3393 πᾶσι
1429 3337 1680 3409 κηρύττω
1720 3334 1892 3402 λέγων
1911 3348 1924 3363 °

354 3462 375 3495 ι
416 3439 724 3511 Συνὰχθητε
769 3439 864 3491 καὶ
896 3438 1081 3508 ἥκετε,
1116 3422 1471 3504 βουλεύσασθε
1503 3429 1638 3499 ἅμα,
1678 3428 1728 3481 οἱ
1761 3424 1929 3489 σωζό-

354 3551 507 3604 μενοι
542 3532 648 3586 ἁπὺ
671 3531 778 3583 τῶν
807 3528 994 3582 ἐθνῶν.
1034 3545 1052 3577 ι
1095 3525 1258 3595 Ὁρᾷς
1308 3523 1454 3583 ὅπως
1503 3520 1629 3581 τοὺς
1685 3517 1792 3572 ἀπὸ
1820 3515 1930 3569 τῶν

350 3628 526 3682 ἐθνῶν
581 3621 935 3695 βουλομένους
992 3615 1257 3680 σώζεσθαι
1302 3610 1707 3684 προσκαλεῖται.
1758 3626 1778 3660 ι
1836 3606 1933 3670 Τίς

349 3694 595 3775 ἀκουστᾶ
617 3715 833 3784 ἐποίησε
865 3710 1037 3763 ταῦτα
1076 3707 1170 3760 ἀπ’
1204 3703 1415 3776 ἁρχῆς;
1454 3719 1471 3753 ι
1496 3698 1792 3769 γνώσονται
1825 3694 1933 3768 γὰρ

350 3814 523 3882 ἐγγὺς
564 3810 844 3878 γενόμενοι
884 3803 973 3856 τὸν
1008 3797 1258 3870 ἀληθινὸν
1291 3794 1445 3856 Θεὸν,
1480 3788 1540 3846 οὗ
1575 3791 1715 3862 μέγα
1739 3789 1934 3859 δεῖγμα

347 3907 453 3973 τῆς
489 3902 739 3969 θεότητος
777 3895 871 3949 τοῦ
903 3889 1273 3965 προφητεῦσαι
1319 3884 1493 3937 ταῦτα
1526 3881 1612 3935 διὰ
1646 3881 1753 3933 τῶν
1788 3879 1935 3951 ἐμῶν

352 3971 676 4067 προφητῶν,
716 3989 810 4042 καὶ
850 3987 911 4039 τὸ
945 3983 1040 4038 ἀπ’
1076 3980 1248 4052 ἀρχῆς
1278 3973 1610 4043 ἀπαγγεῖλαι
1652 3971 1823 4024 ταῦτα
1857 3971 1936 4032 εἰς

351 4062 454 4150 τὰς
487 4062 653 4145 ἀκοὰς
676 4085 707 4152 ἡ
719 4080 850 4151 μῶν.
883 4096 902 4128 ι
938 4076 1069 4128 Τότε
1102 4069 1376 4143 ἀνηγγέλη
1407 4068 1553 4137 ύμῖν,
1572 4063 1758 4133 Ἐγὼό
1783 4062 1934 4126 Θεὸς,

353 4180 452 4233 καὶ
487 4178 589 4231 ούκ
618 4175 762 4228 ἐστιν
795 4171 949 4233 ἄλλος
993 4167 1130 4237 πλὴν
1164 4163 1319 4234 ἐμοῦ.
1359 4180 1376 4212 ι
1412 4156 1652 4225 Παγίδας
1693 4154 1937 4216 ἱστάντες

351 4276 468 4335 τοῖς
511 4271 603 4323 ἐπὶ
639 4269 739 4338 τῆς
766 4266 867 4336 γῆς
898 4265 945 4315 οἱ
974 4260 1244 4330 ἀλιτήριοι
1272 4254 1524 4323 δαίμονες
1543 4293 1557 4315 ,
1586 4249 1656 4303 τὰ
1683 4249 1780 4319 τῆς
1814 4248 1940 4301 ἐαυ-

352 4367 466 4421 τῶν
487 4364 699 4432 ἀπάτης
730 4357 1065 4430 ἐργαστήρια
1085 4350 1400 4422 συγκροτεῖν
1430 4341 1778 4405 ἐσπούδαζον,
1808 4340 1941 4393 ύπο-

355 4461 669 4534 κρινόμενοι
705 4456 800 4509 καὶ
827 4451 887 4505 τὸ
918 4449 1115 4503 εἰδέναι
1144 4445 1213 4498 τὰ
1245 4440 1502 4514 μέλλοντα
1535 4435 1628 4489 καὶ
1665 4432 1941 4502 ἀπαγγέλ-

354 4555 475 4606 λειν
511 4549 650 4603 αὐτὰ
687 4542 944 4599 δύνασθαι
980 4540 1089 4601 τοῖς
1112 4535 1349 4589 ἐθέλουσι
1386 4529 1594 4601 μαθεῖν,
1634 4526 1793 4596 μέχρι
1820 4541 1939 4576 και-

360 4646 460 4720 poi
498 4640 898 4696 διατετελέκασι
947 4629 1401 4702 συναρπάζοντες.
1446 4623 1764 4695 Χρηστήρια
1811 4617 1939 4684 γοῦν

359 4704 507 4789 λιατὰ
556 4749 615 4785 τε
654 4729 834 4789 πόλεις
894 4725 988 4777 κα)⁵
1036 4722 1240 4793 χώρας,
1278 4711 1688 4787 ψευδόμαντεῖαί
1721 4726 1778 4761 τε
1800 4704 1940 4779 ἦσαν

362 4824 641 4896 πανταχοῦ
678 4823 767 4875 καί
799 4816 1161 4888 κληδονισμοὶ,
1194 4814 1289 4865 καὶ
1327 4806 1731 4877 νεκυομὰντεις,
1772 4802 1865 4856 καὶ
1892 4801 1943 4853 οἱ

360 4892 668 4989 φωνοῦντες
702 4916 764 4965 ἐκ
790 4910 913 4980 γῆς,
943 4901 1369 4975 ἐγγαστρίμυθοῑ
1400 4917 1458 4951 τε
1493 4898 1586 4950 καὶ
1613 4892 1943 4964 ἁλιριτομὰν-

358 5030 419 5068 τε
430 5028 497 5073 ις,
521 5010 615 5062 καὶ
639 5001 968 5069 ἁπαξαπλῶς
990 4996 1236 5069 ψευστῶν
1258 4995 1351 5048 καὶ
1373 4991 1619 5063 φενάκων
1645 4988 1784 5058 ἠύφ’
1804 4984 1941 5056 ἡλίῳ

361 5101 709 5171 πεπλήρωτο.
771 5114 789 5146 ι
843 5094 1057 5154 Δίκαιος
1115 5089 1207 5142 καὶ
1258 5084 1439 5156 σωτὴρ
1482 5082 1583 5136 ούκ
1628 5080 1741 5132 ἐστι
1768 5075 1943 5149 παρὲξ

359 5194 524 5267 ἐμοῦ.
556 5214 574 5245 ι
626 5190 917 5244 Ἐθέσπισα
946 5186 1001 5238 δέ
1026 5184 1120 5237 καὶ
1149 5183 1425 5252 προεῖπον,
1458 5175 1580 5228 ἐπεὶ
1636 5170 1841 5233 δίκαιός
1870 5170 1941 5222 εἰ-

359 5262 429 5363 μι
468 5288 564 5340 καὶ
596 5282 807 5352 Σωτὴρ,
862 5279 1050 5347 διόπερ
1095 5272 1234 5326 κατὰ
1273 5272 1362 5323 τὸν
1411 5267 1503 5322 τοῦ
1541 5264 1748 5319 δικαίου
1786 5262 1942 5330 λόγον

357 5352 551 5430 πάντα
605 5370 675 5424 τὰ
720 5371 844 5440 ἔθνη
888 5365 1038 5420 καλῶ
1077 5365 1157 5425 εἰς
1190 5360 1285 5432 τὴν
1319 5360 1446 5432 παρ’
1486 5357 1608 5427 ἐμοὶ
1650 5352 1940 5424 σωτηρίαν.

366 5468 541 5539 Ὁρᾷς
562 5464 722 5525 νὸπως
756 5460 1037 5515 καθολικὸν
1066 5456 1126 5509 τὸ
1150 5454 1407 5524 κήρυγμα
1449 5452 1580 5503 πᾶσι
1620 5450 1732 5509 τοῖς
1768 5444 1947 5498 ἔθνεσι

344 5552 760 5625 καταγγέλλεη
807 5554 892 5607 Ἑν
924 5550 1133 5613 τούτοις
1168 5543 1226 5600 εὖ
1272 5544 1417 5617 μάλα
1451 5544 1549 5615 τῆς
1594 5540 1682 5595 διὰ
1711 5534 1947 5592 Χοιστοῦ

437 5764 485 5795 θ’
518 5760 659 5818 Psal.
697 5775 855 5824 mu,
889 5756 939 5811 ii.
1015 5755 1056 5787 θ’
1083 5752 1099 5807 l
1127 5751 1254 5809 Cor.
1290 5764 1348 5815 ιι,
1380 5747 1433 5802 9.

2032 1884 2163 1937 tium
2199 1882 2447 1938 traditum
2481 1892 2587 1949 est,
2619 1888 2679 1936 ut
2719 1882 2771 1936 in
2796 1882 3030 1936 omnium
3063 1881 3299 1949 gentium
3343 1880 3585 1935 auditum

2020 1976 2247 2031 veniret.

2098 2068 2257 2122 Vsus.
2288 2067 2474 2131 21,22.
2514 2084 2533 2119 ι
2567 2062 2980 2136 Congregamini
3004 2072 3059 2119 et
3080 2062 3258 2118 venite
3285 2077 3299 2115 ε
3325 2060 3590 2117 consulite

2026 2161 2212 2225 simul,
2265 2160 2360 2230 qui
2419 2158 2702 2214 salvamini
2750 2158 2815 2213 de
2858 2158 3127 2227 gentibus.
3173 2152 3290 2209 Non
3326 2167 3592 2225 cognove-

2029 2262 2179 2317 runt,
2215 2251 2309 2320 qui
2352 2258 2572 2321 portant
2602 2248 2803 2319 lignum
2834 2246 3166 2317 sculpturam
3203 2260 3378 2310 suam,
3416 2254 3470 2299 et
3497 2244 3588 2313 qui

2026 2351 2324 2413 precantur
2356 2344 2484 2397 deos
2536 2354 2642 2396 non
2678 2339 2977 2395 salvantes.
3022 2337 3078 2392 Si
3114 2336 3467 2401 annuntient,
3500 2351 3595 2389 ac-

2025 2435 2240 2497 cedant,
2293 2442 2353 2488 ut
2403 2440 2738 2503 cognoscant
2784 2429 2962 2485 simul.
3001 2448 3019 2480 |
3053 2429 3285 2493 Etenim,
3320 2428 3426 2493 ait,
3480 2427 3593 2496 pri-

2029 2541 2177 2580 mum
2212 2524 2334 2579 illos
2362 2538 2460 2593 per
2482 2523 2849 2593 evangelicam
2892 2520 3331 2591 praedicationem
3379 2519 3591 2581 vocavi,

2027 2616 2268 2685 ipsisque
2314 2615 2506 2685 primis
2564 2628 2789 2683 regnum
2833 2612 3093 2666 cmlorum
3139 2609 3399 2679 promisi,
3439 2611 3591 2678 quasi

2028 2708 2081 2763 in
2120 2707 2421 2763 mercedem
2459 2720 2647 2760 eorum
2693 2718 2821 2775 erga
2878 2717 2964 2756 me
3013 2701 3136 2755 ﬁdei
3176 2699 3485 2769 pollicitus;
3535 2709 3596 2753 ut

2028 2815 2096 2855 ne
2127 2807 2316 2870 putent
2338 2814 2396 2853 se
2423 2797 2622 2851 frustra
2652 2796 2795 2865 piam
2826 2793 3139 2863 religionem
3170 2792 3394 2845 sectari.
3417 2791 3597 2857 Quare

2028 2895 2197 2949 vitam
2231 2902 2488 2948 mternam
2520 2891 2765 2962 promisi,
2794 2898 2848 2944 et
2876 2883 3016 2943 bona
3049 2906 3067 2939 ι
3100 2902 3219 2957 qua:
3254 2884 3444 2940 oculus
3487 2897 3592 2937 non

2030 3000 2259 3065 vidit“,
2305 3016 2325 3051 ι
2369 3007 2422 3053 ει
2451 3004 2667 3052 caetera.
2699 2994 2963 3062 Quoniam
3025 3007 3156 3047 vero
3188 2991 3327 3045 Deus
3369 3004 3487 3045 sum
3519 2987 3599 3042 lo-

2031 3121 2203 3178 quens
2226 3104 2516 3177 justitiam,
2549 3110 2603 3157 et
2629 3100 2958 3156 annuntians
2988 3099 3300 3164 veritatem,
3333 3109 3430 3167 pro
3455 3094 3597 3164 aequi

2030 3225 2085 3271 et
2116 3213 2243 3270 boni
2294 3214 2526 3277 ratione,
2569 3219 2688 3280 post
2734 3208 2855 3263 illos
2891 3207 3177 3260 universos
3220 3206 3383 3258 etiam
3426 3200 3601 3257 homi-

2030 3334 2127 3374 nes
2168 3317 2236 3372 ad
2296 3332 2380 3371 me
2431 3313 2661 3378 vocavi;
2723 3323 2778 3366 et
2831 3312 2940 3379 jam
3003 3310 3127 3363 hinc
3169 3308 3420 3362 omnibus
3461 3319 3600 3374 pra!-

2032 3418 2152 3472 dico
2196 3434 2213 3471 :
2273 3432 2292 3465 ι
2334 3412 2749 3482 Congregamini
2818 3420 2872 3463 et
2936 3410 3154 3467 venite,
3202 3406 3467 3461 consulite
3521 3403 3603 3459 si-

2033 3506 2165 3570 mul,
2223 3507 2317 3575 qui
2378 3502 2660 3568 salvamini
2722 3500 2789 3554 de
2828 3499 3096 3568 gentibus.
3137 3516 3155 3549 ι
3212 3495 3603 3564 Viden’,quo-

2033 3599 2194 3655 modo
2226 3598 2350 3651 illos
2387 3611 2453 3651 ex
2488 3592 2761 3664 gentibus,
2804 3591 2895 3660 qui
2943 3588 3168 3644 salutem
3202 3597 3478 3657 exoptent,
3508 3587 3604 3640 ad-

2034 3690 2231 3746 vocet?
2264 3706 2281 3739 ι
2329 3688 2464 3754 Quis
2500 3688 2678 3741 audita
2727 3683 2855 3737 fecit
2898 3681 3010 3735 lucc
3054 3677 3122 3731 ab
3164 3677 3361 3732 initio?
3396 3696 3415 3729 ι
3464 3677 3599 3731 Cum

2033 3786 2179 3842 enim
2221 3783 2378 3854 juxta
2419 3778 2770 3843 accesserint,
2811 3789 2997 3829 verum
3050 3772 3218 3826 Deum
3250 3776 3601 3841 cognoscent,

2035 3878 2189 3947 cujus
2223 3874 2441 3930 deitatis
2474 3883 2729 3942 magnum
2766 3874 3141 3933 argumentum
3171 3860 3301 3913 illud
3348 3865 3431 3911 est
3458 3859 3601 3927 quod

2035 3972 2149 4027 haec
2181 3986 2278 4040 per
2326 3965 2615 4036 prophetas
2658 3976 2786 4015 suos
2836 3953 3245 4027 praenuntiarit,
3282 3961 3337 4004 et
3382 3950 3450 4005 ab
3496 3949 3603 4004 ini-

2038 4062 2113 4114 tio
2154 4037 2205 4113 id
2246 4059 2312 4111 ad
2352 4070 2513 4110 aures
2561 4062 2776 4105 nostras
2829 4040 3210 4099 deelaraverit.
3254 4058 3271 4089 ι
3308 4037 3462 4092 Τυιιε
3507 4051 3605 4089 an-

2038 4153 2345 4209 nuntiatum
2393 4156 2479 4202 est
2512 4143 2688 4207 vobis,
2734 4140 2842 4208 Ego
2892 4136 3065 4199 Deus,
3095 4141 3151 4187 et
3194 4146 3297 4185 non
3351 4136 3436 4182 est
3467 4126 3606 4179 alius

2038 4254 2237 4315 praeter
2264 4253 2375 4295 me.
2410 4258 2428 4290 ι
2458 4237 2526 4291 lis
2557 4235 2648 4304 qui
2685 4233 2738 4285 in
2775 4241 2919 4283 terra
2951 4234 3074 4280 sunt
3103 4223 3326 4291 laqueos
3351 4226 3607 4289 parantes

2040 4310 2310 4391 dmmoues
2335 4328 2580 4400 maligni,
2613 4323 2815 4378 fraudis
2840 4320 3175 4387 fallacimque
3200 4330 3309 4369 sua:
3337 4310 3605 4365 oﬂicinatn

2042 4429 2333 4483 admovere
2363 4420 2703 4490 satagebant,
2754 4429 2813 4470 se
2853 4413 3033 4467 futura
3087 4420 3245 4462 nosse
3289 4401 3608 4458 simulantes

1972 4492 2014 4545 Β
2040 4536 2103 4577 ac
2140 4531 2298 4588 posse
2330 4530 2390 4569 se
2443 4512 2528 4566 illa
2579 4506 2868 4564 enuntiare
2904 4505 2990 4567 iis,
3017 4500 3107 4571 qui
3145 4498 3386 4551 ediscere
3419 4491 3605 4554 velint,

2042 4623 2192 4669 certo
2243 4621 2483 4678 tempore
2528 4603 2727 4659 multos
2770 4597 2892 4653 dolo
2942 4594 3439 4650 circumvenerunt.
3472 4581 3607 4636 Nam

2044 4708 2095 4762 in
2137 4705 2359 4759 urbibus
2390 4710 2444 4755 et
2480 4696 2789 4763 regionibus
2816 4688 3056 4751 oracula,
3085 4679 3448 4738 divinationes
3479 4676 3606 4729 item

2045 4798 2211 4858 falsze,
2248 4794 2451 4862 ubique
2491 4797 2669 4847 erant,
2706 4781 3087 4839 ominationes,
3125 4778 3519 4829 uecromantes,
3557 4774 3611 4816 et

2043 4891 2133 4960 qui
2168 4903 2233 4941 ex
2267 4860 2411 4939 terra
2449 4880 2826 4950 loquebantur,
2858 4865 3274 4941 engastrimytbi
3307 4905 3322 4929 ,
3373 4860 3613 4928 alpbilo-

2049 4958 2276 5042 mantes,
2317 4977 2431 5031 sive
2472 4974 2562 5043 qui
2594 4986 2624 5025 e
2652 4968 2844 5024 furinis
2875 4961 3335 5022 vaticinabantur,
3366 4963 3528 5022 atque
3554 4958 3612 5004 ut

2047 5071 2354 5127 summatim
2388 5067 2589 5127 dicam,
2640 5057 2992 5115 mendacibus
3028 5063 3083 5107 et
3115 5046 3500 5120 impostoribus
3534 5057 3613 5095 ru-

2047 5164 2299 5233 plebatur
2343 5157 2513 5213 orbis.
2562 5174 2579 5206 ι
2613 5151 2801 5207 Justus
2844 5156 2898 5203 et
2941 5144 3177 5199 salvator
3215 5154 3319 5194 non
3358 5144 3444 5191 est
3478 5148 3613 5201 prac-

2049 5225 2131 5311 ter
2170 5269 2275 5309 me.
2317 5271 2334 5302 ι
2370 5248 2709 5304 Vaticinatus
2740 5257 2855 5297 sunt
2889 5248 2942 5293 et
2970 5232 3219 5305 praedixi,
3250 5228 3506 5300 quoniam
3530 5225 3613 5295 jn-

2046 5358 2164 5403 stus
2190 5354 2244 5399 et
2272 5343 2523 5397 Salvator
2567 5352 2706 5399 sum,
2738 5333 2859 5387 ideo
2885 5326 3179 5384 secundum
3212 5318 3484 5389 aequitatis
3524 5331 3612 5369 ra-

2048 5440 2248 5496 tionem
2280 5448 2468 5491 omnes
2507 5440 2693 5501 gentes
2744 5425 2810 5478 ad
2848 5435 2990 5485 eam,
3025 5432 3145 5487 quae
3182 5427 3464 5487 pcnesme
3503 5419 3608 5472 est,

2048 5531 2278 5589 salutem
2324 5538 2513 5582 evoco.
2570 5517 2754 5575 Viden‘
2806 5510 3077 5585 quomodo
3109 5519 3448 5564 communem
3485 5516 3610 5572 geu-
