4108 6204
459 290 564 344 419

1132 282 1395 339 EUSEBII
1434 283 1904 343 CIESAIIIENSIS
1944 285 2096 342 OI’P.
2137 284 2313 339 PARS
2352 285 2440 340 III.
2480 317 2547 327 —
2586 285 2994 342 EXEGETSCA.

3577 282 3682 338 4Ξο

460 406 601 458 tibus
648 400 900 455 omnibus
951 398 1389 468 prtedicationcm
1447 401 1774 454 annuntict?
1820 399 1874 453 In
1912 414 2017 468 quo

2138 398 2338 469 (ἀριτος
2364 399 2563 452 κατίδοι
2597 417 2678 462 τις
2706 400 2770 453 ἂν
2802 399 2861 451 τὸ
2887 397 3133 471 μέγεθος,
3166 398 3243 461 εἰς
3278 397 3481 459 πάντας
3504 396 3681 468 διῆκον

458 494 613 561 plane
650 491 849 547 Christi
903 491 1098 560 gratim
1155 491 1575 557 magnitudinem
1629 493 1851 555 videas,
1902 507 2021 561 qua:

460 588 526 639 ad
575 599 764 639 omnes
816 582 1111 650 terrigenas
1160 584 1457 650 pervadat:
1524 584 1721 636 atenim
1774 584 2021 636 universa

458 688 597 731 terra
625 689 721 744 per
749 676 910 729 iidem
941 675 994 729 in
1027 689 1172 738 eum,
1203 674 1269 727 ad
1301 676 1531 729 salutem
1561 684 1617 730 et
1645 677 1834 740 vitam,
1868 677 2021 745 quasi

460 784 657 839 sagcna
699 777 879 836 capta,
918 767 1148 822 deducta
1183 776 1288 820 est.

529 860 691 914 Vexs.
720 857 812 922 2'5,
866 858 954 911 24.
993 876 1010 908 ι
1063 856 1165 911 Per
1196 858 1572 927 memetipsum
1616 858 1763 926 juro,
1817 859 1874 913 Si
1919 874 2022 913 non

458 949 773 1019 egrediatur
815 949 881 1004 de
912 963 1007 1002 ore
1036 963 1156 1002 meo
1186 948 1438 1017 iustitia:
1470 964 1751 1004 sermones
1782 952 1884 1005 mei
1917 965 2024 1004 non

460 1050 797 1096 avertentur.
848 1058 867 1093 ι
915 1040 1016 1107 Qui
1076 1054 1385 1104 sermones,
1441 1042 1541 1096 nisi
1585 1043 1735 1111 queis
1774 1043 2023 1109 dicebat,

466 1149 485 1183 ι
531 1132 918 1186 Convertimini
952 1131 1017 1185 ad
1053 1146 1155 1194 me,
1194 1142 1249 1187 et
1293 1133 1657 1199 salvabimini,
1704 1135 1794 1203 qui
1830 1135 1896 1189 ab
1934 1149 2027 1189 ex-

464 1232 635 1276 tremo
679 1230 840 1276 terrae
888 1223 1062 1277 estis:
1121 1223 1246 1291 quia
1306 1224 1437 1279 mihi
1500 1226 1815 1280 curvabitur
1867 1241 2027 1280 omne

368 1362 379 1371 .
462 1328 633 1382 genu,
679 1322 734 1367 et
769 1313 973 1382 jurabit
1020 1316 1197 1369 omnis
1244 1315 1420 1381 lingua
1471 1331 1568 1385 per
1612 1316 1815 1371 Deum:
1866 1335 1884 1368 ι
1922 1332 2024 1371 non

462 1403 769 1463 Iudaeorum
809 1414 1037 1471 tantum,
1076 1406 1173 1461 sed
1211 1406 1374 1459 etiam
1406 1402 1737 1479 reliquarum
1766 1409 2027 1477 gentium,

461 1513 570 1567 quo
601 1497 737 1551 nihil
766 1496 978 1552 beatius
1020 1497 1200 1553 fuerit.
1250 1497 1529 1569 Hujusque
1560 1500 1855 1569 prophetia:
1880 1514 2029 1555 com-

463 1587 790 1655 plementum
841 1587 895 1641 in
937 1587 1139 1643 Christi
1188 1587 1403 1643 Domini
1458 1592 1685 1645 adventu
1736 1590 1858 1645 fuit.
1904 1590 2031 1645 Post

462 1679 614 1734 illum
646 1679 811 1743 enim,
852 1681 1036 1749 populi
1067 1696 1256 1735 omnes
1300 1681 1352 1747 in
1388 1680 1504 1750 ejus
1546 1681 1790 1737 Ecclesia
1829 1697 1925 1753 per
1957 1692 2031 1737 to-

2122 493 2248 555 τοῦς
2296 491 2456 555 ὄντας
2517 492 2606 543 ἐπὶ
2646 491 2743 560 τῆς
2800 494 2930 561 γῆς’
3001 490 3389 561 σεσαγήνευται
3441 487 3547 559 γὰρ
3599 490 3685 544 διὰ

2126 584 2359 647 πίστεως
2390 584 2486 654 τῆς
2511 584 2588 646 εἰς
2612 583 2771 637 αὑτὸν
2805 585 2883 645 εἰς
2917 583 3185 655 σωτηρίαν
3207 582 3301 635 καὶ
3327 580 3471 652 ζωὴν
3493 583 3525 651 ἡ
3554 579 3691 652 σύμ-

2124 692 2271 728 πασα
2300 691 2393 743 γη.

2199 890 2216 922 ι
2254 873 2386 925 Κατ’
2409 871 2645 942 ἐμαυτοῦ
2678 872 2881 942 ὀμνύω,
2923 874 2985 926 Εἰ
3024 873 3096 944 μὴ
3122 872 3456 940 ἐξελεύσεται
3496 872 3563 923 ἐκ
3597 868 3693 923 τοῦ

2127 964 2391 1034 στόματός
2413 981 2513 1035 μου
2542 963 2854 1034 δικαιοσύνη
2876 983 2889 995 ’
2911 965 2960 1017 οἱ
2989 966 3133 1033 λόγοι
3168 983 3266 1036 μου
3295 965 3393 1018 οὐκ
3419 965 3695 1033 ἀποστρα-

2126 1057 2406 1127 φήσονται.
2441 1075 2459 1107 ι
2500 1057 2649 1109 Ποῖοι
2692 1056 2748 1108 δὲ
2791 1055 2957 1125 λόγοι,
2983 1057 3015 1127 ἢ
3044 1056 3110 1108 δι’
3139 1050 3213 1110 ὧν
3243 1056 3428 1124 ἔλεγεν
3446 1072 3460 1085 ·
3502 1072 3521 1104 ι
3544 1054 3696 1107 Ἐπι-

2127 1145 2399 1215 στράφητε
2430 1146 2565 1216 πρὸς
2594 1146 2681 1215 μὲ,
2716 1147 2809 1200 καὶ
2828 1145 3133 1218 σωθήσεσθε
3156 1148 3205 1199 οἱ
3233 1146 3324 1199 ἀπ’
3346 1145 3569 1216 ἐσχάτου
3597 1146 3698 1215 τῆς

2125 1234 2229 1304 γῆς
2252 1252 2265 1265 ·
2302 1236 2382 1288 ὅτι
2423 1236 2545 1307 ἐμοὶ
2598 1236 2802 1305 κάμψει
2849 1240 2957 1292 πᾶν
2997 1237 3147 1306 γόνυ,
3188 1238 3283 1291 καὶ
3304 1239 3517 1308 ὀμεῖται
3548 1239 3698 1292 πᾶσα

2126 1326 2345 1395 γλῶσσα
2385 1328 2474 1381 τὸν
2502 1328 2668 1393 Θεόν;
2713 1348 2731 1380 ι
2776 1329 2908 1400 Οὐχὶ
2948 1328 3008 1382 τὸ
3051 1330 3315 1383 Ἰουδαίων
3356 1329 3534 1400 μόνον,
3564 1328 3697 1383 ἀλλά

2127 1418 2346 1471 καὶτῶν
2376 1418 2576 1472 λοιπῶν
2598 1419 2787 1485 ἐθνῶν,
2816 1416 2876 1475 οὗ
2908 1420 3316 1493 μακαριώτερον
3350 1420 3500 1474 οὐδὲν
3527 1420 3592 1474 ἂν
3612 1420 3700 1490 γέ-

2128 1526 2291 1564 νοιτο.
2322 1511 2431 1563 Kal
2456 1510 2659 1581 ταύτης
2690 1512 2748 1566 δὲ
2777 1513 2874 1584 τῆς
2909 1514 3241 1585 προφητείας
3261 1513 3322 1566 τὺ
3349 1512 3695 1583 ἀποτέλεσμα

2128 1601 2429 1673 ἐπληροῦτο
2478 1606 2543 1674 τῇ
2599 1602 2692 1657 τοῦ
2742 1604 2989 1675 Σωτῆρος
3043 1604 3197 1675 ἡμῶν
3241 1602 3414 1675 Ἰησοῦ
3460 1604 3697 1676 Χριστοῦ

2132 1695 2417 1765 παρουσία·
2440 1694 2555 1766 μεθ’
2585 1696 2650 1767 ἣν
2683 1697 2741 1749 ἐν
2768 1698 2834 1767 τῇ
2868 1695 3162 1769 Ἐκκλησία
3195 1696 3358 1751 αὐτοῦ
3396 1699 3461 1768 τῇ
3493 1696 3613 1750 καθ’
3645 1697 3700 1750 ὃ-

466 1780 579 1825 tum
616 1772 801 1825 orbem
829 1772 1161 1841 congregati,
1193 1772 1301 1827 Deo
1330 1773 1383 1828 in
1423 1774 1695 1843 precando
1734 1788 1908 1844 genua
1934 1773 2029 1829 lle-

2138 1761 2228 1856 λης
2275 1761 2384 1857 τῆς-
2407 1761 2728 1859 οἰκουμένης
2759 1761 2957 1852 πάντες
3001 1761 3066 1842 οἱ,
3099 1761 3551 1861 συγκροτούμενοι
3580 1788 3701 1842 λαοὶ

464 1869 616 1917 clere
659 1863 1007 1917 didicerunt:
1054 1865 1157 1919 etsi
1214 1865 1267 1918 id
1323 1864 1492 1920 Judaei
1550 1866 1857 1921 faciendum
1910 1881 2032 1920 esse

466 1954 736 2024 ignorent.
785 1974 803 2007 ι
860 1954 1174 2025 Etjurabit.
1228 1974 1248 2008 ι
1288 1954 1419 2011 Nam
1465 1957 1555 2026 qui
1593 1972 1678 2012 me
1720 1955 1888 2011 Deum
1932 1970 2030 2009 no-

467 2054 659 2101 verunt
701 2047 752 2100 in
794 2048 1045 2102 omnibus
1074 2048 1344 2117 gentibus,
1376 2048 1566 2118 quavis
1608 2049 1788 2118 lingua
1834 2055 1887 2103 et
1913 2062 2031 2102 ser-

470 2152 668 2202 mone,
701 2138 816 2193 sive
864 2138 1115 2206 barbaro,
1170 2141 1283 2195 sive
1337 2139 1545 2205 Grmco,
1605 2141 1656 2194 in
1710 2140 2033 2209 iuramentis

469 2242 556 2283 me
601 2228 653 2281 in
706 2237 892 2283 testem
952 2238 1247 2296 assument,
1307 2232 1395 2300 qui
1448 2247 1632 2287 eorum
1679 2233 1835 2287 dictis
1871 2234 2029 2288 [idem

478 2315 697 2373 faciam.

541 2515 705 2571 Vens.
735 2516 826 2570 '25.
871 2535 889 2568 ι
921 2516 1138 2582 Dicens,
1166 2517 1379 2572 Justitia
1414 2528 1469 2574 et
1492 2517 1661 2589 gloria
1699 2520 1765 2573 ad
1793 2535 1913 2573 eum
1945 2535 2034 2574 ve-

471 2606 652 2672 nient,
695 2615 748 2660 et
782 2606 1182 2661 conluudentur
1237 2623 1426 2664 omnes
1467 2608 1556 2677 qui
1596 2618 1847 2678 separant
1896 2623 1976 2663 se.
2009 2627 2027 2661 ι

468 2697 667 2755 Omnes
694 2700 969 2754 hominum
997 2701 1223 2755 virtutes
1252 2701 1412 2755 talem
1443 2702 1820 2755 nanciscentur
1842 2700 2029 2755 liuent:

470 2798 525 2842 et
560 2788 737 2842 omnis
774 2788 1031 2843 fortitudo
1070 2788 1348 2842 hominum
1370 2829 1385 2853 ,
1429 2790 1517 2857 qui
1551 2805 1645 2858 pro
1683 2790 1878 2858 pietate
1911 2804 2036 2843 con-

471 2889 849 2943 certaverunt,
911 2880 977 2933 ad
1030 2880 1202 2949 ipsum
1263 2882 1524 2935 accedet:
1577 2890 1737 2950 atque
1792 2890 1919 2935 tunc
1960 2881 2033 2935 illi

474 2971 708 3025 fructum
743 2968 1010 3030 laborum,
1061 2977 1115 3023 et
1165 2971 1383 3023 virtutis
1429 2972 1706 3040 praemium
1746 2972 2033 3040 accipient.

544 3058 709 3115 Vens.
742 3057 833 3112 26.
874 3076 892 3109 ι
925 3060 967 3111 Α
1002 3059 1229 3112 Domino
1250 3060 1716 3129 justilicabuntur,
1746 3073 1800 3115 et
1830 3063 1881 3115 in
1928 3063 2034 3117 Deo

472 3148 869 3223 gloriﬁcabitur
891 3163 1053 3203 omne
1078 3163 1262 3204 semen
1293 3149 1523 3205 ﬁliorum
1556 3149 1737 3205 Israel.
1777 3171 1795 3203 ι
1826 3152 1891 3206 Ει
1916 3154 2036 3209 vide

478 3240 634 3305 mihi,
665 3254 872 3307 qureso,
910 3240 1179 3294 sermonis
1219 3251 1532 3295 accuratam
1577 3242 1881 3298 rationem:
1930 3260 2035 3299 non

472 3331 616 3386 enim
650 3328 883 3396 «Israel,
931 3348 950 3382 ι
998 3330 1165 3396 dixit,
1221 3345 1429 3400 neque,
1482 3348 1501 3382 ι
1556 3346 1737 3388 semen
1769 3332 1974 3402 Israel;
2013 3354 2031 3387 ›

474 3423 571 3478 sed
605 3435 786 3476 semen
824 3421 1055 3476 filiorum
1090 3421 1277 3477 Israel.
1307 3422 1426 3478 Filii
1463 3439 1625 3494 porro
1666 3422 1832 3479 Israel
1880 3434 2039 3481 erant

476 3513 636 3585 primi
675 3513 935 3569 salutaris
966 3514 1241 3585 Evangelii
1267 3530 1564 3584 praecones,
1593 3532 1824 3589 quorum
1852 3533 2036 3573 semen

475 3615 532 3658 et
562 3607 963 3661 successionem
1010 3605 1221 3675 justitia
1254 3616 1309 3661 et
1362 3607 1528 3678 gloria
1570 3609 1871 3663 donandam
1920 3624 2039 3665 esse

482 3696 707 3751 dicitur.

1035 3786 1266 3844 CAPUT
1308 3788 1490 3845 XLVI.

557 3880 715 3937 Vens.
757 3883 811 3938 I.
857 3899 876 3933 ι
910 3880 1114 3936 Cecidit
1152 3882 1270 3949 Bel,
1301 3883 1565 3937 contritus
1591 3895 1674 3939 est
1706 3886 1904 3955 Dagon.
1941 3885 2041 3941 Fa-

479 3984 563 4030 cta
596 3984 725 4028 sunt
768 3974 1042 4044 sculptilia
1090 3989 1276 4029 eorum
1318 3975 1373 4031 in
1424 3975 1626 4032 bestias
1658 3987 1713 4033 et
1750 3980 1801 4031 in
1828 3976 2042 4045 jumen-

484 4076 562 4123 ta.
593 4086 613 4119 ι
652 4066 744 4123 Bel
776 4066 975 4122 idolum
1007 4078 1146 4134 erat,
1196 4069 1276 4123 sic
1322 4084 1351 4123 a
1386 4068 1589 4124 Grtccis
1632 4070 1857 4135 dictum,
1888 4085 2035 4125 eum-

485 4157 633 4222 dem,
660 4166 719 4212 ut
747 4157 917 4223 aiunt,
943 4172 1102 4227 quem
1132 4159 1235 4229 ipsi
1267 4158 1553 4215 Saturnum
1578 4161 1860 4232 appellant,
1884 4178 2042 4234 quem

487 4258 642 4305 tanta
678 4249 977 4305 stoliditate
1006 4260 1220 4307 veteres
1246 4253 1518 4319 colebant,
1551 4263 1610 4309 ut
1635 4255 1735 4327 ipsi
1761 4256 2042 4312 carissima

487 4341 591 4398 sibi
617 4341 947 4413 jugularent,
984 4358 1048 4397 ac
1081 4354 1364 4401 Sexcentas
1398 4346 1533 4402 alias
1572 4348 1851 4403 hominum
1891 4351 2045 4404 victi-

2143 3705 2325 3761 ρητα-ι.

2130 1878 2261 1945 γόνυ
2289 1879 2488 1933 κλίνειν
2508 1881 2585 1951 τῷ
2608 1880 2725 1951 Θεῷ
2748 1883 2802 1933 ἐν
2835 1883 2949 1945 ταῖς
2978 1884 3302 1953 προσευχαῖς
3324 1880 3699 1952 ἐδιδάχθησαν,

2131 1971 2306 2025 καίτοι
2376 1972 2642 2027 Ἰουδαίων
2684 1972 2844 2026 τοῦτο
2900 1975 3072 2027 ποιεῖν
3122 1974 3221 2027 ούκ
3259 1973 3489 2028 εἰδότων.
3538 1990 3555 2024 ι
3588 1972 3702 2025 Kal

2131 2062 2362 2132 ὀμεῖται.
2398 2081 2415 2115 ι
2455 2062 2516 2116 Οἱ
2556 2061 2664 2133 γὰρ
2702 2063 2801 2133 ἐμὲ
2848 2064 2938 2117 τὸν
2968 2063 3099 2118 Θεὸν
3137 2063 3447 2132 ἐπιγνόντες
3481 2064 3539 2117 ἐν
3566 2064 3703 2117 πᾶσι

2129 2155 2241 2215 τοῖς
2276 2152 2451 2206 ἔθνεσι
2487 2153 2573 2208 διὰ
2606 2152 2860 2216 παντοίας
2886 2151 3134 2223 γλώσσης
3178 2154 3269 2207 καὶ
3298 2153 3532 2224 ὁμιλίας,
3570 2151 3702 2224 βαρ-

2132 2244 2298 2316 ϐάρου
2350 2262 2408 2298 τε
2459 2245 2553 2299 καὶ
2611 2245 2926 2316 Ἑλληνικῆς
2978 2247 3034 2299 ἐν
3074 2249 3184 2310 τοῖς
3208 2247 3391 2318 ὅρκοις
3430 2246 3529 2317 ἐμὲ
3563 2245 3705 2317 μάρ-

2130 2355 2267 2410 τυρα
2314 2338 2750 2411 παραλήψονται,
2801 2338 3118 2410 βεϐαιοῦντα
3182 2338 3281 2403 τὰς
3336 2338 3544 2392 ἑαυτῶν
3610 2337 3705 2390 πί-

2134 2445 2296 2491 στεις.

2208 2536 2226 2566 ι
2260 2516 2479 2583 Λέγωνε
2516 2516 2835 2587 Δικαιοσύνη
2876 2516 2969 2570 καὶ
3022 2515 3147 2580 δόξα
3193 2517 3330 2589 πρὸς
3366 2517 3528 2571 αὑτὸν
3558 2513 3701 2587 ἣξει,

2134 2606 2226 2660 καὶ
2281 2606 2725 2678 αἰσχυνθήσονται
2764 2608 2962 2673 πάντες
2993 2612 3040 2662 οἱ
3079 2609 3401 2681 διορίζοντες
3426 2608 3641 2671 αύτούς.
3677 2626 3699 2660 ι

2134 2698 2311 2751 Πᾶσαι
2339 2700 2393 2751 αἱ
2426 2700 2482 2751 ἐν
2501 2697 2807 2770 ἀνθρώποις
2828 2700 3017 2771 ἀρεταὶ
3046 2701 3195 2764 τέλος
3222 2700 3351 2753 αὐτὸ
3374 2699 3574 2766 ἕξουσι,
3608 2700 3707 2753 καὶ

2136 2791 2285 2842 πᾶσα
2324 2790 2474 2859 ἰσχὺς
2498 2789 2796 2861 ἀνθρώπων
2823 2792 2930 2845 τῶν
2954 2793 3091 2863 ὑπὲρ
3118 2792 3422 2856 θεοσεϐείας
3446 2794 3709 2861 ἀγωνισα-

2138 2878 2311 2951 μένων
2350 2880 2485 2950 πρὸς
2507 2880 2668 2934 αὐτὸν
2702 2880 2995 2945 ἐλεύσεται,
3041 2883 3134 2936 καὶ
3176 2883 3266 2935 τὸν
3297 2882 3405 2937 τῶν
3446 2883 3708 2954 καμάτων

2136 2968 2345 3041 καρπὸν
2374 2971 2474 3040 τήν
2505 2988 2564 3023 τε
2596 2972 2826 3044 ἀμοιϐὴν
2852 2974 2949 3043 τῆς
2977 2974 3177 3046 ἀρετῆς
3207 2973 3489 3044 λήψονται.

2170 3093 2177 3101 -
2211 3078 2230 3110 ι
2252 3059 2596 3131 ἈπὸΚυρίου
2614 3062 3076 3135 δικαιωθήσονται,
3108 3063 3200 3117 καὶ⁸
3227 3066 3283 3117 ἐν
3312 3064 3389 3134 τῷ
3420 3063 3536 3135 Θεῷ
3566 3064 3712 3117 ἐνδο-

2140 3148 2461 3220 ξασθήσεται
2484 3152 2590 3205 πᾶν
2606 3152 2666 3204 τὸ
2683 3152 2899 3224 σπέρμα
2932 3153 3038 3205 τῶν
3053 3152 3183 3206 υἱῶν
3199 3153 3430 3223 Ἰσραήλ.
3445 3172 3461 3203 ι
3483 3152 3591 3206 Kal
3611 3152 3710 3206 θέα.

2136 3237 2234 3307 τὴν
2255 3238 2536 3311 ἀκρίϐειαν
2552 3239 2645 3292 τοῦ
2674 3241 2829 3308 λόγου
2847 3258 2860 3271 ’
2882 3242 2940 3294 ού
2958 3243 3065 3315 γὰρ
3092 3261 3108 3293 ι
3132 3241 3223 3294 τὸν
3259 3242 3471 3314 Ἰσραὴλ
3493 3262 3509 3295 ι
3531 3238 3708 3309 εἶπεν,

2137 3326 2257 3379 οὐδὲ
2308 3345 2326 3378 ι
2366 3327 2427 3379 τὸ
2464 3328 2682 3399 σπέρμα
2735 3329 2967 3401 Ἰσραὴλ,
3005 3349 3023 3382 ι
3080 3330 3213 3384 ἀλλά
3242 3328 3304 3384 τὸ
3346 3331 3565 3402 σπέρμα
3597 3332 3712 3384 τῶν

2138 3418 2269 3472 υἱῶν
2309 3419 2542 3490 Ἰσραήλ.
2581 3420 2698 3471 Υἱοὶ
2729 3420 2784 3473 δὲ
2833 3420 3048 3493 Ἰσραὴλ
3090 3421 3378 3491 ἐτύγχανον
3415 3423 3463 3475 οἱ
3503 3422 3717 3492 πρῶτοι

2138 3511 2377 3581 κήρυκες
2400 3510 2493 3563 τοῦ
2519 3511 2782 3581 σωτηρίου
2809 3513 3156 3581 Εὐαγγελίου,
3191 3507 3263 3567 ὧν
3290 3514 3351 3568 τὸ
3369 3515 3585 3586 σπέρμα
3614 3518 3716 3569 καὶ

2139 3595 2235 3666 τὴν
2275 3596 2522 3668 διαδοχὴν
2568 3598 3015 3671 δικαιωθήσεσθαι
3050 3604 3142 3657 καὶ
3173 3604 3591 3676 δοξασθήσεσθαι
3634 3606 3713 3657 εἵ-

2631 3784 3021 3837 ΚΕΦΑΛΑΙΟΝ
3068 3786 3217 3851 Μετ’.

2217 3888 2236 3922 ι
2271 3871 2471 3925 Ἔπεσε
2523 3873 2651 3945 Βὴλ,
2718 3877 3001 3948 συνετρίϐη
3059 3876 3267 3945 Δαγών.
3336 3875 3578 3943 Ἐγένετο
3642 3865 3725 3931 τάΑ

2142 3964 2357 4032 γλυπτά
2382 3966 2558 4020 αὐτῶν
2593 3969 2671 4031 εἰς
2696 3968 2857 4040 θηρία
2881 3969 3060 4023 καὶτὰ
3080 3971 3267 4041 κτήνη,
3298 3988 3317 4021 ι
3353 3969 3462 4039 Βὴλ
3494 3968 3713 4022 εἴδωλον

2141 4050 2231 4126 ἦν,
2262 4057 2398 4128 ὅπερ
2431 4059 2686 4130 ’Έλληνες
2717 4061 2857 4113 οὕτω
2889 4060 3142 4115 καλοῦσι·
3179 4059 3569 4131 ἑρμηνεύοντες
3612 4062 3713 4114 αύ-

2142 4148 2233 4201 τὸν
2266 4146 2402 4204 εἶναι
2454 4150 2544 4204 τὸν
2584 4154 2715 4223 παρ’
2747 4153 2928 4215 αὐτοῖς
2963 4152 3290 4222 καλούμενον
3329 4152 3556 4223 Κρόνον,
3584 4154 3715 4223 περὶ

2143 4238 2201 4291 ὃν
2230 4240 2399 4303 οὕτως
2428 4236 2567 4312 ἦσαν
2591 4243 2639 4293 οἰ
2672 4241 2887 4295 παλαιοὶ
2919 4242 3258 4312 ἐπτοημένοι,
3306 4242 3380 4305 ὡς
3407 4244 3713 4311 κατασφάτ-

2144 4347 2257 4383 τειν
2286 4332 2480 4395 αὐτοὺς
2526 4332 2591 4384 τὰ
2641 4332 2849 4384 ἑαυτῶν
2883 4332 3130 4400 φίλτατα,
3172 4334 3265 4385 καὶ
3307 4333 3471 4396 ἄλλας
3517 4335 3715 4405 μυρίας

488 4446 605 4485 mas
638 4430 742 4500 ipsi
771 4432 1021 4487 omnibus
1050 4433 1100 4487 in
1128 4432 1263 4490 locis
1296 4434 1572 4493 oli‘errcnt.
1605 4440 1785 4513 Dagon
1823 4441 1949 4496 item
1979 4442 2034 4496 si-

2145 4421 2586 4493 ἀνθρωποθυσίας
2617 4422 2763 4492 αὑτῷ
2795 4422 2933 4475 κατὰ
2966 4423 3139 4481 πάντα
3171 4424 3332 4476 τόπον
3364 4426 3712 4496 προσφέρειν.

491 4521 792 4576 mulacrum
829 4533 946 4578 erat
983 4524 1435 4596 alienigenarum,
1470 4529 1907 4586 Ascalonitarum
1942 4533 2043 4587 sci-

486 4610 613 4666 licet
655 4621 711 4667 et
742 4612 1108 4671 Gazensium:
1153 4633 1289 4687 quos
1325 4620 1412 4673 ubi
1450 4621 1728 4689 speciatim
1778 4638 2045 4677 memora-

484 4702 583 4767 vit,
613 4704 806 4759 deinde
836 4707 1133 4775 generatim
1177 4712 1244 4761 de
1274 4711 1524 4765 omnibus
1562 4712 1758 4781 ubique
1788 4714 1890 4767 diis
1932 4716 2045 4771 haec

489 4793 770 4867 subjungit
808 4814 821 4850 :
854 4816 874 4849 ς
910 4796 1072 4852 Facta
1101 4810 1227 4854 sunt
1259 4801 1522 4872 sculptilia
1554 4820 1739 4859 eorum
1769 4808 1820 4859 in
1850 4807 2046 4864 bestias

486 4896 542 4941 et
572 4888 625 4942 in
648 4888 911 4959 iumenta.
960 4908 979 4941 ι
1013 4890 1165 4956 Quod
1197 4892 1381 4947 videre
1419 4904 1504 4947 cst
1536 4896 1589 4949 in
1640 4906 1747 4950 tota
1778 4896 2044 4969 Egypto,

485 4978 576 5034 ubi
607 4980 790 5035 omnia
842 4978 1077 5037 ferarum
1115 4997 1179 5038 ac
1205 4984 1565 5052 jumentorum
1606 5002 1800 5057 genera
1832 4998 1889 5043 ut
1922 4991 2048 5045 deos

489 5072 735 5127 venerari
768 5072 966 5128 solent.

560 5246 723 5301 Vens.
757 5248 811 5304 2.
850 5269 868 5303 ι
908 5251 1146 5307 Portatis
1183 5267 1247 5307 ea
1287 5252 1521 5323 alligata,
1554 5255 1708 5323 quasi
1741 5270 1876 5311 onus
1904 5256 2046 5311 labo-

488 5339 652 5405 ranti,
687 5340 976 5407 deficienti,
1002 5354 1055 5398 et
1090 5344 1329 5409 sitienti;
1374 5360 1469 5398 nec
1495 5346 1689 5399 valenti
1726 5346 1885 5399 simul
1920 5348 2045 5414 :qui

490 5441 597 5482 non
632 5440 887 5499 poterunt
920 5433 1117 5489 salvari
1145 5452 1174 5490 a
1210 5438 1367 5491 bello.
1420 5436 1523 5507 Ipsi
1572 5452 1700 5492 vero
1729 5439 1923 5507 captivi
1958 5441 2024 5493 ab

492 5520 637 5575 ducti
689 5532 836 5578 sunt.
872 5542 890 5575 ι
937 5523 1061 5578 Haec
1122 5530 1297 5596 reipsa
1351 5529 1550 5584 nostris
1597 5531 1924 5598 temporibus
1982 5532 2047 5582 ad

494 5608 726 5665 litteram
752 5623 1050 5668 evenerunt
1090 5633 1103 5669 :
1137 5632 1199 5671 ac
1249 5620 1543 5674 secundum
1598 5619 1925 5691 intelligendi
1965 5635 2047 5673 ra-

497 5703 695 5759 tionem
736 5719 921 5776 grave,
960 5705 1149 5762 durum
1181 5718 1234 5762 et
1288 5710 1609 5766 diabolicum
1657 5728 1829 5781 onus,
1881 5713 2049 5768 idolo-

2145 4510 2335 4579 Δαγὼν
2361 4511 2417 4563 δὲ
2446 4513 2536 4564 καὶ
2558 4512 2686 4564 αὐτὸ
2715 4511 2897 4575 ξόανον
2926 4507 2993 4582 ἦν
3019 4511 3126 4564 τῶν
3153 4512 3462 4581 ἀλλοφύλων
3486 4511 3593 4564 τῶν
3615 4514 3717 4582 τὴν

2156 4604 2468 4658 Ἀσκάλωνα
2519 4605 2612 4658 καὶ
2660 4604 2755 4675 τὴν
2781 4604 2958 4669 Γάζαν
2989 4604 3303 4658 οἰκούντων·
3341 4607 3433 4658 καὶ
3460 4606 3524 4677 δὴ
3562 4623 3719 4676 μερι-

2146 4696 2255 4759 κῶς
2269 4696 2469 4749 τούτων
2487 4696 2863 4767 μνημονεύσας
2891 4698 2918 4747 ὁ
2951 4696 3123 4763 λόγος,
3148 4696 3272 4768 ἑξῆς
3287 4695 3719 4766 καθολικώτερον

2147 4790 2273 4859 περὶ
2294 4789 2507 4844 πάντων
2530 4789 2645 4841 τῶν
2662 4790 2969 4860 ἁπανταχοῦ
2993 4790 3234 4843 Θεοποιου
3243 4791 3414 4859 μένων
3432 4789 3589 4858 ἐπιφὲ
3599 4806 3681 4859 ρει
3697 4807 3714 4819 ο

2152 4898 2169 4930 ι
2218 4879 2461 4948 Ἐγένετο
2491 4880 2557 4933 τὰ
2589 4879 2800 4949 γλυπτά
2826 4880 3000 4933 αὐτῶν
3023 4881 3100 4943 εἰς
3132 4881 3296 4951 θηρία
3341 4883 3431 4933 καὶ
3456 4882 3644 4950 κτήνη.
3692 4899 3711 4932 ι

2148 4973 2257 5025 Kal
2288 4972 2457 5025 ταῦτα
2498 4973 2554 5025 δέ
2591 4975 2704 5026 ἐστι
2738 4973 2858 5025 καθ’
2887 4973 3012 5044 ὅλης
3043 4973 3267 5025 συνιδεῖν
3300 4976 3395 5043 τῆς
3417 4973 3713 5042 Αἰγύπτου,

2148 5062 2275 5116 ἔνθα
2327 5064 2540 5115 πάντων
2588 5062 2790 5135 θηρίων
2837 5065 2928 5117 καὶ
2984 5064 3196 5134 κτηνῶν
3239 5065 3393 5131 γένος
3434 5063 3608 5116 σέϐειν
3640 5064 3715 5127 ὡς

2150 5153 2301 5217 θεοὺς
2334 5154 2575 5208 εἰώθασι.

2225 5284 2243 5315 ε
2280 5265 2472 5338 Αἴρετε
2496 5268 2633 5321 αὐτὰ
2659 5269 3057 5340 καταδεδεμένα
3085 5270 3159 5332 ὡς
3185 5270 3401 5340 φορτίον
3430 5273 3713 5333 κοπιῶντι.

2153 5358 2516 5432 ἐκλελυμένῳ,
2558 5361 2650 5415 καὶ
2677 5363 2953 5425 πεινῶντι,
2992 5364 3091 5415 ούκ
3132 5362 3367 5432 ἰσχύοντι
3393 5364 3529 5434 ἅμα,
3575 5366 3624 5417 οἳ
3653 5368 3714 5419 ού

2150 5444 2468 5515 δυνήσονται
2494 5448 2731 5518 σωθῆναι
2763 5450 2871 5503 ἀπὸ
2899 5449 3154 5521 πολέμου.
3184 5452 3346 5505 Αὐτοὶ
3362 5453 3417 5506 δὲ
3446 5454 3714 5527 αἰχμάλω-

2153 5555 2234 5590 τοι
2257 5538 2519 5609 ἣχθησαν.
2545 5560 2564 5591 ι
2587 5542 2768 5595 Ταῦτα
2783 5543 2836 5596 δὲ
2851 5544 3033 5606 αὐτοῖς
3050 5544 3229 5614 ἔργοις
3242 5546 3361 5600 καθ’
3380 5549 3526 5618 ἡμᾶς
3542 5547 3711 5617 ἐπλη-

2158 5627 2313 5695 ροῦτο
2340 5632 2472 5700 πρὸς
2492 5632 2658 5698 λέξιν,
2692 5634 2785 5686 καὶ
2808 5634 2947 5687 κατὰ
2972 5635 3207 5691 διάνοιαν
3233 5637 3287 5690 δὲ
3315 5637 3451 5710 βαρὺ
3481 5639 3575 5694 καὶ
3599 5638 3696 5697 δυσ

2155 5718 2474 5787 ϐἀστακτον,
2495 5723 2589 5774 καὶ
2605 5722 2905 5777 διαϐολικὸν
2924 5726 3140 5795 φορτίον
3155 5730 3273 5790 ταῖς
3295 5727 3401 5781 τῶν
3414 5726 3710 5798 ἀνθρώπω.
