4108 6204
342 282 437 338 ιὲί

1266 286 1771 345 COMMENTARIA
1803 290 1865 345 IN
1904 289 2159 347 ISAIAM.
2185 293 2420 350 —CAP.
2468 293 2675 350 XLVII.

3503 304 3609 361 4‘29.

338 403 545 474 ψυχαῖς
586 404 684 475 τῆς
728 405 1111 479 εἰδωλολάτρου
1165 408 1369 482 πλάνης
1418 413 1670 469 ἐπέκειτο
1738 418 1918 473 πάλαι.

2034 431 2151 471 rum
2167 415 2367 471 scilicet
2387 417 2609 483 erroris,
2632 417 2908 473 hominum
2932 418 3451 491 animis-impositum
3472 440 3607 484 erat.

421 514 442 546 ι
496 496 751 549 ’Δκούετέ
784 515 902 567 μου,
953 494 1102 563 οἶκος
1145 502 1360 569 Ἰακὼϐ,
1408 508 1501 560 καὶ
1538 509 1643 560 πᾶν
1675 509 1735 563 τὸ
1765 512 1927 565 κατά-

344 590 543 643 λοιπον
572 589 663 643 τοῦ
722 592 955 663 Ἰσραὴλ,
1010 596 1058 646 οί
1118 597 1399 669 αἱρόμενοι
1441 602 1505 655 ἐκ
1551 604 1779 671 κοιλίας,
1835 612 1928 663 καὶ

349 683 729 754 παιδευόμενοι
763 686 826 737 ἐκ
863 687 1079 740 παιδίου
1130 690 1236 754 ἕως
1277 693 1483 764 γήρως.
1541 715 1559 748 ι
1619 699 1758 752 Ἀλλ’
1802 701 1926 757 οὔτε

370 776 562 829 Ἰακὼϐ
574 778 763 841 αὐτοὺς
783 780 959 844 καλεῖ,
979 782 1104 834 οῦτε
1144 785 1359 861 Ἰσραὴλ
1391 790 1666 861 ὀνομάζει,
1694 791 1840 850 οἷκον
1871 798 1927 852 δὲ

356 868 517 923 αὑτὸν
552 870 703 940 μόνον
730 872 826 924 τοῦ
865 874 1059 928 Ἰακὼϐ
1087 876 1176 931 διὰ
1204 881 1303 950 τῆς
1336 882 1477 936 κατὰ
1522 885 1699 955 σάρκα
1730 888 1928 943 οἰκειό-

356 978 527 1030 τητος,
565 964 653 1014 καὶ
682 963 1031 1020 κατάλοιπον.
1059 968 1255 1023 ὡσανεὶ
1290 974 1627 1048 περίττευμα
1643 980 1735 1032 καὶ
1750 982 1927 1052 τρύγα

352 1056 443 1109 τοῦ
505 1058 736 1128 Ἰσραήλ.

421 1166 439 1197 ι
497 1148 635 1218 Ἐγώ
669 1151 809 1221 είμι,
846 1153 940 1205 καὶ
969 1153 1074 1217 ἕως
1094 1155 1159 1208 ἂν
1194 1161 1615 1233 καταγηράσητε
1646 1166 1757 1235 ἐγώ
1784 1170 1921 1240 εἰμι,

343 1240 453 1309 ἐγὼ
481 1241 751 1314 ἀνέχομαι
788 1244 965 1315 ὑμῶν,
1006 1247 1116 1315 ἐγὼ
1151 1251 1406 1323 ἐποίησα,
1451 1256 1545 1309 καὶ
1576 1258 1685 1327 ἐγὼ
1714 1260 1921 1333 ἀνήσω,

339 1334 450 1402 ἐγὼ
474 1336 851 1408 ἀναλήψομαι,
900 1341 993 1392 καὶ
1029 1341 1187 1394 σώσω
1222 1345 1387 1415 ὑμᾶς.
1436 1349 1553 1403 Τίνι
1595 1370 1663 1423 με
1705 1355 1921 1426 ὡμοιώ-

341 1444 505 1492 σατε;
545 1429 742 1493 Ἴδετε,
795 1433 1150 1503 τεχνάσασθε,
1199 1441 1246 1492 οἱ
1290 1441 1654 1514 πλανώμενοι,
1690 1449 1738 1501 οἱ
1786 1468 1922 1522 συμ-

338 1518 666 1613 ϐαλλόμενοι
701 1526 922 1594 χρυσίον
974 1529 1038 1581 ἐκ
1073 1533 1401 1601 μαρσυπίου,
1451 1539 1543 1590 καὶ
1576 1539 1838 1613 ἀργύριον
1858 1518 1922 1598 ἐν

338 1612 507 1681 ζυγῷ·
548 1615 841 1684 στήσουσιν
877 1619 936 1671 ἐν
972 1622 1197 1693 σταθμῷ
1223 1625 1317 1677 καὶ
1352 1612 1753 1702 μισθωσάμενοι
1785 1653 1921 1707 χρυ-

340 1703 527 1773 σοχόον
583 1705 849 1775 ἐποίησαν
899 1712 1269 1783 χειροποίητα,
1304 1715 1399 1768 καὶ
1444 1716 1714 1788 κύψαντες
1752 1703 1920 1793 προσ-

338 1795 597 1849 κυνοῦσιν
633 1798 839 1863 αὐτοῖς.
883 1802 1141 1873 Αἴρουσιν
1171 1806 1304 1859 αὐτὸ
1357 1810 1449 1863 ἐπὶ
1488 1811 1582 1865 τοῦ
1613 1813 1787 1884 ὤμου,
1825 1818 1919 1872 καὶ

342 1888 686 1959 πορεύονται.
746 1892 872 1945 Ἐὰν
898 1893 955 1947 δὲ
983 1894 1147 1951 θῶσιν
1177 1898 1310 1953 αὐτὸ
1338 1903 1431 1956 ἐπὶ
1471 1903 1566 1956 τοῦ
1607 1906 1775 1962 τόπου
1817 1910 1919 1963 αύ-

338 1979 457 2043 τοῦ,
510 1982 687 2051 μένει,
736 1985 797 2037 ού
835 1986 909 2056 μὴ
940 1988 1134 2059 κινηθῇ
1157 2006 1169 2019 ·
1202 1992 1297 2045 καὶ
1325 1992 1383 2057 ὃς
1418 1994 1514 2047 ἐὰν
1562 1995 1734 2080 βοήσῃ
1782 2002 1921 2071 πρὸς

337 2073 525 2138 αὑτὸν,
577 2075 637 2127 οὐ
680 2076 756 2147 μὴ
800 2078 1092 2152 είσακούσῃ
1118 2098 1133 2110 θ
1164 2082 1274 2135 ἀπὸ
1318 2086 1507 2140 κακῶν
1554 2073 1626 2140 οὐ.
1651 2090 1724 2161 μὴ
1770 2091 1921 2167 σώσῃ

337 2164 524 2217 αὐτόν.
568 2183 585 2216 ι
632 2164 822 2234 Ὑμεῖς
857 2167 914 2220 δὲ
942 2167 1230 2237 λογίσασθε
1274 2175 1355 2238 είς
1381 2175 1497 2228 οἷαν
1527 2164 1920 2235 ἐκπεπτώκατε

340 2253 640 2324 θεομαχίαν
673 2258 770 2309 καὶ
821 2256 1178 2325 δυσσέϐειαν,
1231 2263 1600 2335 τολμήσαντες
1653 2270 1919 2341 ὁμοιῶσαι

343 2363 409 2416 με
449 2350 565 2410 τοῖς
595 2347 670 2419 μὴ
696 2345 815 2403 οὖσι
871 2349 1048 2417 Θεοῖς,
1084 2355 1178 2407 καὶ
1212 2355 1384 2411 οὐδενὶ
1417 2360 1561 2432 λόγῳ
1604 2362 1790 2417 θέσθαι
1821 2367 1920 2437 τὴν

339 2440 479 2508 ἐμὴν
510 2439 744 2508 θεότητα
767 2459 780 2471 ·
815 2443 1055 2515 ἰσότιμον
1078 2446 1135 2500 δέ
1170 2466 1237 2519 με
1260 2448 1476 2505 ἔσεσθαι
1498 2457 1564 2524 τῇ
1592 2455 1786 2527 ἀψύχῳ
1818 2457 1918 2530 ὕλῃ

337 2534 719 2589 ἀνεπλάσασθε
748 2553 762 2565 ·
800 2538 1022 2609 χρυσίον
1070 2541 1166 2593 καὶ
1210 2543 1473 2615 ἀργύριον
1531 2548 1595 2599 ἐκ
1643 2550 1920 2622 συμϐολῆς

340 2628 741 2696 συναγαγόντες
765 2670 780 2693 ,
813 2631 906 2683 καὶ
933 2630 1022 2685 διὰ
1072 2635 1269 2705 χειρῶν
1311 2636 1666 2711 ἀνθρωπίνων
1698 2644 1921 2698 ἀνειδωο

335 2722 729 2793 λοποιήσαντες
765 2742 778 2753 ο
824 2719 907 2788 οἷς
942 2727 1033 2779 καὶ
1063 2733 1389 2800 προσκυνεῖν
1430 2733 1530 2786 οὐκ
1571 2736 1915 2807 αἰσχύνεσθε,

341 2815 479 2883 μήτε
517 2814 772 2884 βαδίζειν,
811 2818 947 2889 μήτε
998 2822 1264 2875 κινεῖσθαι
1299 2824 1547 2889 δυνατοῖς
1574 2823 1745 2892 οὖσιν,
1803 2829 1917 2883 ἀλλ’

334 2906 427 2957 ἐπ’
454 2904 620 2975 ῶμων
654 2909 1008 2980 φερομένοις,
1052 2913 1146 2965 καὶ
1194 2914 1282 2982 ὑφ’
1329 2915 1530 2985 ἐτέρων
1562 2916 1917 2988 ὠθουμένοις,

335 2998 435 3050 καὶ
472 2998 595 3068 μήτ’
629 3000 877 3065 ἀκούειν,
927 3005 1053 3075 μήτ’
1099 3006 1297 3071 αὐτοὺς
1346 3008 1539 3072 σώζειν
1579 3009 1918 3083 δυναμένοις.

335 3087 561 3153 Τούτοις
593 3091 779 3160 ὅμοιον
808 3094 952 3164 κάμὲ
986 3090 1126 3149 εἶναι
1154 3096 1470 3165 ἐλογίσασθε
1497 3139 1511 3164 ,
1563 3098 1639 3163 ὡς
1683 3100 1781 3165 τὰς
1813 3102 1916 3172 ψυ-

334 3184 439 3253 χὰς
465 3188 875 3258 πεπηρωμένοι.

413 3296 433 3329 ι
474 3280 768 3352 Μνήσθητε
794 3282 989 3345 ταῦτα,
1010 3283 1103 3337 καὶ
1117 3285 1428 3353 στενάξατε.
1445 3289 1848 3360 Μετανοήσατε,
1866 3294 1914 3347 οἱ

334 3372 775 3445 πεπλανημένον
800 3378 1163 3450 ἐπιστρέψατε
1185 3383 1249 3451 τῇ
1272 3380 1489 3454 καρδίᾳ,
1518 3383 1611 3436 καὶ¹
1642 3384 1916 3456 μνήσθητε

333 3462 405 3518 τὰ
423 3464 661 3537 πρότερα
674 3468 781 3521 ἀπὸ
809 3468 902 3523 τοῦ
919 3470 1133 3535 αἰῶνος·
1156 3472 1237 3526 ὅτι
1266 3473 1377 3543 ἐγώ
1402 3475 1517 3546 εἰμι
1540 3477 1569 3529 ὁ
1603 3474 1736 3541 Θεὸς
1756 3517 1771 3541 ,
1820 3478 1917 3531 καὶ

330 3555 434 3608 οὐκ
464 3556 612 3611 ἔστιν
645 3557 725 3612 ἔτι
778 3558 917 3631 πλὴν
956 3560 1092 3633 ἐμοῦ
1115 3580 1128 3593 ⁸
1163 3564 1512 3634 ἀναγγέλλων
1547 3567 1811 3640 πρότερον
1847 3568 1918 3622 τὰ

331 3646 541 3719 ἔσχατα
562 3652 690 3722 πρὶν
706 3652 979 3721 γενέσθαιο
998 3655 1090 3708 καὶ
1102 3655 1218 3727 ἅμα
1230 3658 1605 3731 συνετελέσθη.
1632 3679 1650 3712 ι
1677 3660 1848 3715 Τοῦτο
1859 3662 1915 3715 δὲ

338 3758 601 3811 μεγιστον
611 3742 919 3815 ἀνθρώποις
934 3745 1231 3818 μαρτύριον
1240 3746 1329 3801 διὰ
1340 3748 1448 3802 τῶν
1461 3750 1698 3821 ἐμαυτοῦ
1714 3768 1919 3822 προφη-

334 3834 447 3889 τῶν
488 3837 938 3909 παρεστησάμην,
973 3836 1044 3892 τὰ
1092 3839 1353 3910 μέλλοντα
1399 3840 1685 3906 θεσπίσας,
1721 3844 1814 3896 καὶ¹
1848 3842 1915 3896 τὰ

338 3930 576 3999 μακροῖς
599 3928 825 4001 ὕστερον
848 3931 1058 4003 χρόνοις
1078 3932 1418 4005 γενησόμενα
1442 3932 1632 3987 εἰπών’
1655 3934 1691 3988 ἃ
1724 3936 1818 4007 καὶ
1848 3936 1915 3989 δι’

330 4016 515 4089 ἔργων
544 4018 843 4085 ἐξετέλεσα.
870 4041 887 4072 ι
908 4022 1017 4076 Καὶ
1028 4017 1176 4075 εἶπεν
1197 4016 1395 4095 Πᾶσαή
1413 4023 1573 4096 βουλή
1609 4043 1709 4096 μου
1726 4026 1917 4096 στήσε-

327 4128 424 4164 ται
448 4150 467 4174 ,
496 4112 592 4164 καὶ
606 4114 782 4167 πάντα
802 4115 903 4168 ὅσα
934 4114 1292 4186 βεϐούλευμαι
1312 4117 1538 4188 ποιήσω.
1574 4137 1591 4169 ι
1621 4118 1730 4172 Καὶ
1759 4114 1915 4182 αὖθις

330 4196 635 4250 ὲπιτελέσω
684 4201 795 4265 τοῖς
828 4199 1038 4253 ἐπιοῦσι
1088 4202 1319 4272 χρόνοις.
1352 4202 1461 4254 Καὶ
1490 4203 1670 4255 πάντα
1698 4204 1797 4256 ὅσα
1826 4203 1915 4275 βε-

332 4289 632 4361 ϐούλευμαι
677 4294 769 4347 καὶ
809 4291 984 4365 ὥρισα
1013 4334 1027 4358 ,
1084 4295 1369 4367 ἀραρότως
1397 4296 1727 4366 γενήσεται,
1779 4296 1913 4367 ἐμοῦ

332 4382 491 4444 τέλος
513 4382 872 4455 ἐπιθήσαντος
896 4390 1009 4449 τοῖς
1039 4387 1279 4458 ἐμαυτοῦ
1309 4386 1486 4457 λόγοις
1510 4404 1522 4416 ·
1557 4389 1643 4441 ὅτε
1672 4388 1768 4442 καὶ
1798 4388 1914 4460 βού-

2108 505 2268 561 Vens.
2293 509 2345 560 5.
2375 495 2570 560 Audite
2592 523 2696 571 me,
2733 508 2927 563 domus
2955 507 3143 572 Jacob,
3172 522 3228 565 et
3262 527 3453 568 omnes
3484 517 3611 569 reli-

2031 598 2169 666 quiaz
2202 598 2496 667 Israel.qui
2541 600 2827 668 portamiui
2859 615 2923 654 ex
2958 611 3132 667 utero,
3161 612 3215 657 et
3256 604 3542 660 erudimini
3581 624 3611 661 a

2030 689 2252 758 parvulo
2287 705 2457 758 usque
2512 690 2579 742 ad
2638 699 3025 745 senectuteth
3068 692 3173 747 Sed
3221 710 3398 765 neque
3442 695 3613 752 Jacob

2032 783 2175 849 ipsos
2202 791 2377 841 vocat.
2419 796 2590 850 neque
2632 782 2801 836 Israel
2826 789 3100 849 nominat;
3133 787 3225 839 sed
3275 786 3612 845 solummodo

2029 873 2246 927 domum
2274 872 2459 939 Jacoh,
2492 874 2560 927 ob
2591 876 2771 929 carnis
2812 877 3211 946 cognationem,
3245 889 3297 932 et
3330 879 3606 950 reliquias,

2028 966 2233 1022 scilicet
2269 982 2730 1036 supervacaneum
2761 970 3133 1040 quidpiam,et
3162 972 3342 1027 faccem
3375 975 3605 1031 lsraelis.

2102 1151 2386 1213 νειιςΜι-Ἱ,
2407 1170 2423 1202 ‹
2448 1151 2557 1223 Ego
2582 1167 2724 1220 sum,
2758 1164 2812 1209 et
2843 1156 3014 1211 donec
3030 1157 3323 1213 senescatis
3339 1172 3437 1229 ego
3453 1175 3606 1216 sum:

2026 1258 2125 1313 ego
2154 1246 2433 1300 sustinebo
2479 1262 2598 1313 vos,
2643 1262 2741 1316 ego
2778 1246 2900 1314 feci,
2933 1258 2988 1302 et
3039 1265 3139 1318 ego
3175 1251 3462 1314 dimittam.
3508 1270 3609 1323 ego

2028 1338 2318 1407 suscipiam
2352 1348 2406 1391 et
2446 1340 2667 1394 salvaho
2699 1354 2815 1395 vos.
2852 1341 2949 1395 Cui
2987 1357 3071 1395 me
3100 1343 3487 1399 assimilastis?
3521 1347 3611 1402 Vi-

2028 1431 2171 1492 dete,
2206 1430 2513 1499 excogitate
2542 1431 2634 1500 qui
2675 1432 2893 1492 erratis.
2927 1441 2980 1486 et
3016 1432 3105 1501 qui
3134 1432 3392 1489 confertis
3418 1450 3607 1490 aurum

2026 1530 2089 1567 ex
2132 1518 2434 1585 marsupio,
2484 1530 2538 1573 et
2570 1528 2854 1589 argentum
2903 1523 2954 1574 in
3004 1530 3203 1575 statera
3240 1541 3251 1576 :
3284 1534 3524 1579 Statuent
3557 1526 3610 1580 in

2026 1609 2286 1676 pondere,
2311 1619 2364 1664 et
2394 1611 2761 1666 conducentes
2784 1612 3085 1677 aurificem,
3116 1613 3362 1670 fecerunt
3391 1618 3612 1680 simula-

2027 1715 2140 1763 cra,
2164 1710 2218 1753 et
2250 1700 2574 1756 inclinantes
2600 1718 2659 1757 se
2690 1703 2921 1757 adorant
2979 1704 3088 1757 illa.
3122 1704 3338 1761 Tollunt
3385 1710 3610 1765 humero

1951 1790 1993 1844 Β
2021 1801 2075 1845 et
2109 1792 2407 1847 ambulant.
2439 1793 2497 1848 Si
2545 1809 2671 1849 vero
2703 1805 2907 1862 ponant
2949 1796 3077 1849 illud
3110 1798 3160 1850 in
3193 1798 3310 1854 loco
3342 1815 3464 1864 suo,
3488 1818 3605 1856 ma-

2025 1893 2134 1948 net,
2164 1898 2267 1938 non
2305 1885 2714 1941 movebitur:et
2741 1887 2785 1941 si
2821 1888 2944 1957 quis
2968 1887 3285 1944 clamaverit
3312 1893 3377 1945 ad
3408 1893 3606 1964 ipsum,
3658 1883 3661 1886 ⁴

2022 1991 2126 2031 non
2164 1978 2460 2032 exaudiet:
2493 1994 2524 2033 a
2572 1979 2729 2034 malis
2790 1996 2896 2035 non
2940 1981 3194 2037 liberabit
3253 1998 3399 2040 eum.
3436 2005 3455 2038 ι
3496 1987 3606 2044 Vos

2021 2083 2147 2123 vere
2176 2068 2407 2138 cogitate
2440 2070 2494 2124 in
2523 2081 2782 2141 quantam
2830 2072 2923 2127 Dei
2956 2073 3294 2128 inimicitiam
3332 2087 3386 2131 et
3413 2077 3606 2148 impie-

2024 2169 2187 2214 tatem
2218 2160 2553 2227 decideritis,
2599 2163 2725 2218 dum
2766 2165 2854 2229 iis,
2887 2166 2977 2234 qui
3032 2181 3157 2222 vere
3186 2167 3258 2223 dii
3312 2185 3415 2224 non
3454 2182 3600 2237 sunt,

2023 2267 2107 2306 me
2154 2253 2389 2309 similem
2430 2254 2631 2321 facere,
2675 2266 2730 2311 et
2764 2257 3026 2314 deitatem
3078 2276 3251 2316 meam
3278 2263 3430 2319 nihili
3467 2279 3604 2333 pen-

2019 2344 2147 2400 dere
2176 2347 2291 2401 ausi
2341 2347 2509 2416 estis;
2555 2365 2618 2403 ac
2648 2351 2940 2405 commenti
2976 2353 3110 2407 estis
3157 2369 3243 2409 me
3297 2356 3606 2413 inanimatae

2021 2440 2266 2494 materia:
2291 2454 2475 2510 parem
2509 2456 2633 2497 esse
2665 2456 2679 2493 :
2712 2457 2903 2498 aurum
2946 2455 3000 2499 et
3033 2456 3316 2516 argentum
3346 2464 3412 2502 ex
3445 2460 3605 2518 pacto

2019 2542 2434 2602 cengregantes,
2488 2534 2877 2605 hominumque
2939 2539 3188 2594 manibus
3239 2539 3380 2595 idola
3438 2542 3605 2596 fabri-

2020 2634 2208 2679 cantes
2236 2643 2248 2679 :
2276 2642 2395 2696 qua:
2446 2627 2675 2681 adorare
2711 2644 2815 2683 non
2866 2630 3222 2697 erubescitis;
3255 2649 3379 2686 eum
3423 2644 3600 2690 tamen

2019 2731 2195 2786 neque
2247 2717 2547 2783 ambulare,
2610 2733 2785 2786 neque
2826 2733 2886 2774 se
2924 2720 3043 2776 loco
3083 2737 3303 2776 movere
3345 2724 3597 2791 valeant,

2019 2808 2114 2863 sed
2144 2808 2389 2864 humeris
2430 2818 2733 2880 gestentur,
2763 2821 2819 2866 et
2850 2812 2919 2866 ab
2971 2812 3092 2867 aliis
3141 2823 3406 2884 agantur;
3442 2817 3512 2870 ita
3543 2829 3601 2873 ut

2020 2916 2195 2971 neque
2224 2903 2468 2967 audiant,
2518 2919 2695 2974 neque
2724 2919 2848 2960 sese
2887 2906 3028 2961 tueri
3080 2908 3310 2976 possint.
3371 2909 3464 2965 llis
3514 2927 3604 2967 me

2020 3010 2232 3065 quoque
2268 2995 2498 3051 similem
2538 3011 2659 3052 esse
2685 2998 2998 3069 chgitastis,
3028 3008 3215 3070 utpote
3259 3003 3456 3060 animis
3501 3004 3603 3061 ob-

2021 3102 2231 3144 caecati.

2092 3274 2256 3329 Vens.
2289 3274 2444 3329 8-10.
2481 3294 2499 3328 ι
2539 3274 2865 3331 Mementote
2892 3275 3141 3344 istorum,
3163 3286 3218 3332 et
3246 3278 3599 3349 iugemiscite.

2018 3365 2402 3423 Pmnitentiam
2451 3368 2594 3439 agite
2620 3369 2712 3437 qui
2744 3368 2956 3423 erratis.
3000 3369 3389 3426 Convertimiui
3416 3374 3601 3441 corde,

2017 3470 2070 3514 et
2100 3470 2433 3515 mementote
2485 3460 2728 3529 priorum
2787 3474 2817 3514 a
2865 3461 3107 3515 saecqu:
3148 3463 3273 3530 quia
3325 3478 3425 3532 ego
3478 3480 3599 3520 sum

2016 3552 2177 3617 Deus,
2198 3562 2252 3607 et
2279 3567 2385 3607 non
2404 3562 2486 3606 est
2511 3550 2649 3607 alius
2684 3560 2880 3622 praeter
2909 3568 2996 3607 me
3021 3570 3034 3606 :
3063 3554 3389 3610 annuntians
3418 3558 3598 3613 novis-

2018 3646 2152 3700 sima
2193 3654 2483 3714 antequam
2536 3645 2682 3709 sint;
2725 3654 2781 3700 et
2822 3643 2979 3699 simul
3025 3645 3387 3715 complentur.
3429 3666 3449 3699 ι
3485 3646 3600 3703 lloc

2023 3737 2317 3792 maximum
2382 3737 2691 3793 hominibus
2747 3736 3113 3793 testimonium
3165 3750 3260 3807 per
3305 3740 3599 3809 prophetas

2019 3844 2170 3884 meos
2203 3829 2429 3897 praabui,
2491 3846 2612 3886 cum
2647 3831 2826 3885 futura
2863 3830 3185 3917 vaticinatus
3217 3845 3355 3894 sum,
3387 3840 3442 3887 et
3476 3847 3601 3903 qum

2020 3924 2290 3979 diuturnis
2329 3934 2516 3994 postea
2548 3925 2883 3993 temporibus
2908 3933 3137 3980 ventura
3166 3936 3326 3981 erunt
3348 3927 3600 3998 praedixi,

2019 4017 2641 4085 et’operibusexseuutus
2663 4035 2802 4072 sum.
2826 4037 2844 4070 ι
2871 4018 2933 4073 Et
2958 4018 3088 4082 dixi,
3114 4018 3285 4074 Omne
3310 4019 3594 4075 consilium

2020 4124 2198 4164 meum
2231 4110 2419 4176 stabit,
2450 4120 2505 4165 et
2538 4110 2719 4165 omnia
2769 4125 3105 4180 quaecunque
3172 4104 3466 4167 deliberavi
3514 4112 3597 4166 fa-

2019 4200 2178 4268 ciam;
2220 4220 2237 4254 ι
2265 4212 2427 4272 atque
2467 4202 2662 4256 iterum
2688 4217 2750 4256 ea
2781 4203 3061 4272 complebo
3084 4204 3135 4258 in
3168 4204 3361 4260 futuris
3393 4215 3600 4274 tempo-

2021 4293 2200 4358 ribus;
2251 4305 2306 4349 et
2344 4310 2677 4364 quaecunque
2732 4295 3027 4350 deliberavi
3078 4312 3141 4351 ac
3188 4295 3428 4363 decrevi,
3470 4311 3596 4351 con-

2018 4397 2275 4458 gruenter
2306 4388 2574 4455 evenient,
2606 4403 2692 4442 me
2721 4387 2884 4441 dictis
2912 4388 3045 4443 meis
3075 4390 3231 4443 tinem
3272 4396 3325 4443 et
3354 4387 3591 4456 comple-

332 4474 540 4544 λομαι,
593 4475 683 4529 διὰ
712 4476 807 4530 τοῦ
847 4477 1031 4531 καλεῖν
1075 4480 1202 4541 τοὺς
1248 4479 1488 4550 ἐμαυτοῦ
1516 4480 1791 4552 ὑπηρέτας
1840 4482 1908 4535 δι’

2020 4490 2258 4535 mentum
2285 4489 2587 4536 statuente:
2612 4481 2772 4550 idque
2793 4497 2901 4551 quo
2921 4492 3165 4551 tempore
3210 4480 3437 4543 lubebit.
3464 4496 3595 4536 evo-

331 4566 500 4639 ἀέρος
528 4568 859 4638 φερομένους
887 4568 1090 4641 ὀρνέων
1117 4570 1210 4623 καὶ
1244 4571 1509 4625 πετεινῶν
1546 4570 1700 4643 δίκην
1721 4588 1734 4601 °
1766 4571 1910 4642 λέγω

329 4655 399 4728 δὴ
434 4656 535 4718 τὰς
560 4657 855 4726 ἁγγελικὰς
881 4658 1136 4731 δυνάμεις
1158 4661 1252 4714 καὶ
1282 4661 1349 4715 τὰ
1376 4661 1721 4734 λειτουργικὰ
1752 4664 1914 4718 πνεύ-

335 4764 485 4819 ματα
512 4746 582 4805 τὰ
609 4750 689 4813 εἰς
712 4750 987 4805 διακονίαν
1016 4752 1474 4824 ἀποστελλόμενα.

413 4894 433 4926 ι
471 4876 667 4931 Καλῶν
716 4876 823 4931 ἀπὸ
873 4876 1146 4931 ἀνατολῶν
1182 4880 1462 4943 πετεινὸν,
1519 4883 1615 4933 καὶ
1663 4883 1772 4935 ἀπὸ
1811 4882 1914 4953 γῆς

332 4968 621 5039 πόρρωθεν
644 4986 657 4997 ·
694 4969 823 5041 περὶ
846 4962 921 5022 ὧν
956 4968 1315 5042 βεϐούλευμαι
1345 4970 1617 5041 ἐλάλησα·
1652 4972 1745 5025 καὶ
1777 4973 1915 5042 ἢγα-

333 5078 455 5130 γον,
493 5060 681 5113 έκτισα
716 5061 807 5114 καὶ
843 5062 1093 5131 ἐποίησα.
1135 5064 1378 5131 Ἥγαγον
1410 5063 1572 5116 αὐτὸν
1594 5106 1607 5125 ,
1646 5064 1739 5116 καὶ
1779 5063 1919 5116 εύώ-

331 5154 487 5207 δωσα
550 5154 647 5226 τὴν
684 5154 799 5209 ὁδὸν
844 5154 1029 5208 αὑτοῦ.
1076 5156 1366 5209 Ἀκούσατέ
1397 5174 1520 5227 μου,
1560 5157 1608 5209 οἱ
1640 5155 1914 5210 ἀπολωλε-

333 5246 497 5308 κότες
520 5244 616 5317 τὴν
646 5246 892 5317 καρδίαν,
935 5248 985 5297 οἱ
1017 5244 1229 5315 μακρὰν
1260 5246 1367 5299 ἀπὸ
1401 5248 1500 5317 τῆς
1539 5246 1909 5318 δικαιοσύνης.

334 5336 584 5404 Ἤγγισα
608 5335 707 5406 τὴν
732 5335 1077 5407 δικαιοσύνην
1113 5352 1234 5404 μου,
1268 5337 1361 5388 καὶ
1383 5338 1482 5408 τὴν
1512 5338 1783 5408 σωτηρίαν
1810 5339 1908 5410 τὴν

328 5430 465 5499 παρ’
490 5427 629 5499 ἐμοῦ
644 5429 705 5482 ού
733 5428 998 5499 βραδυνῶ.
1030 5426 1246 5480 Δέδωκα
1278 5428 1337 5480 ὲν
1360 5428 1496 5481 Σιὼν
1524 5430 1799 5500 σωτηρίαν
1830 5430 1909 5502 τῷ

338 5520 566 5592 Ἰσραὴλ
596 5522 676 5583 είς
695 5520 956 5592 δόξασμα.
1004 5540 1022 5571 ι

844 5633 1237 5687 ΚΕΦΛΛΑΙΟΝ
1267 5634 1397 5688 ΜΖ⁹.

405 5762 426 5794 ι
466 5742 780 5813 Κατάϐηθι,
826 5742 1044 5797 κάθισον
1078 5745 1170 5798 ἐπὶ
1201 5744 1299 5816 τὴν
1329 5745 1454 5816 γῆν,
1507 5745 1771 5817 παρθένος
1812 5743 1906 5796 θυ-

2021 4588 2151 4628 cans
2201 4574 2475 4629 ministros
2507 4588 2674 4636 meos,
2730 4574 2818 4643 qui
2872 4575 3051 4627 avium
3096 4572 3480 4642 volucrumque
3512 4573 3595 4625 in-

2020 4676 2135 4721 star
2164 4681 2259 4734 per
2291 4681 2471 4722 aerem
2498 4654 2809 4728 'feruntur;
2870 4665 3138 4735 angelicas
3175 4664 3298 4719 dico
3344 4665 3589 4724 virtutes,

2018 4757 2581 4813 etadministratorios
2602 4758 2824 4827 spiritus
2850 4798 2865 4822 ,
2903 4756 2955 4811 in
2987 4756 3339 4810 ministerium
3376 4755 3539 4812 misso
3574 4796 3589 4810 .

2090 4869 2254 4926 Vens.
2283 4872 2469 4926 II-I3.
2508 4892 2525 4923 ‹
2563 4872 2773 4927 Vocans
2808 4873 2873 4925 ab
2903 4872 3113 4926 oriente
3142 4871 3437 4935 volucrem,
3471 4880 3525 4924 et
3561 4887 3590 4923 a

2022 4974 2160 5018 terra
2194 4966 2506 5037 longinqua,
2530 4966 2596 5021 de
2621 4965 2816 5035 quibus
2856 4963 3145 5019 deliberavi
3189 4963 3399 5017 locutus
3422 4978 3540 5015 sutn
3575 4980 3588 5017 :

2017 5069 2070 5111 et
2100 5060 2320 5122 adduxi,
2358 5060 2537 5113 crcavi
2567 5069 2621 5114 et
2652 5058 2774 5112 feci.
2813 5057 2945 5111 Duxi
2994 5070 3137 5119 eum,
3181 5066 3234 5109 et
3273 5070 3587 5123 prosperum

2021 5152 2117 5204 feci
2153 5151 2256 5204 iter
2287 5152 2421 5219 ejus.
2482 5153 2676 5207 Audite
2730 5166 2814 5204 me
2840 5150 2928 5218 qui
2989 5148 3226 5219 periistis
3275 5149 3458 5209 corde,
3496 5149 3585 5217 qui

2017 5242 2173 5312 longe
2209 5245 2341 5299 estis
2371 5261 2399 5297 a
2426 5244 2652 5314 justitia.
2696 5244 2925 5297 Admovi
2972 5241 3236 5310 justitiam
3290 5256 3486 5304 meam,
3531 5252 3586 5295 et

2013 5336 2263 5401 salutem,
2295 5354 2413 5408 qua:
2440 5354 2467 5392 a
2498 5353 2581 5392 me
2603 5348 2705 5401 est,
2735 5352 2838 5390 non
2865 5336 3079 5389 tardare
3107 5333 3325 5391 faciam.
3367 5334 3491 5388 Dedi
3525 5334 3576 5388 iu

2013 5431 2140 5486 Siou
2178 5431 2403 5488 salutent
2435 5431 2617 5486 Israeli
2659 5430 2710 5483 in
2739 5428 2985 5500 gloriam.
3034 5445 3052 5479 ι

2559 5632 2787 5689 CAPUT
2849 5632 3051 5688 XLVII.

2086 5746 2245 5801 Vens.
2281 5746 2328 5800 I.
2362 5762 2380 5796 ι
2413 5745 2706 5808 Descende.
2750 5749 2877 5804 sede
2925 5764 3087 5819 super
3148 5757 3373 5806 terram.
3432 5747 3584 5815 "ing
