4074 6202
502 324 613 388 ηδ
1180 317 1452 376 EUSEBII
1489 313 1965 378 CESARIENSIS
2004 314 2152 371 OPP.
2193 312 2376 370 PARS
2412 308 2504 371 III.
2543 345 2611 354 --
2649 311 3065 371 EXEGETICA.
3647 306 3754 363 49.4

501 445 609 501 ﬁlia
649 440 955 514 Babylonis.
995 457 1014 491 ι
1046 437 1147 494 Hic
1176 456 1273 495 ceu
1311 450 1599 510 personam
1650 439 1938 509 quamdam
1989 453 2072 494 re-

2181 436 2359 507 γάτηρ
2385 434 2719 499 Βαϐυλῶνος.
2763 454 2781 486 ι
2823 430 3330 506 Προσωποποιεῖται
3358 428 3415 483 δέ
3456 429 3514 483 ἐν
3547 430 3756 495 τούτοις

499 553 663 609 gnum
690 550 878 591 eorum
909 532 1219 597 alloquitur,
1257 532 1401 602 quod
1435 531 1599 586 etiam
1651 530 1815 585 filiam
1855 530 2072 602 Babylo-

2182 528 2280 600 τὴν
2326 526 2602 598 βασιλείαν
2654 527 2854 591 αὐτῶν,
2898 523 3172 595 θυγατέρα
3210 524 3527 591 Βαϐυλῶνος
3560 525 3760 598 ὀνομά-

500 630 588 685 nis
611 636 810 683 vocat:
844 625 1106 694 virginem
1159 624 1287 678 item
1331 633 1514 688 vocat,
1554 624 1698 693 quod
1743 623 1968 693 virginis
1996 624 2080 679 in-

499 731 634 787 star,
670 716 1003 774 ornamentis
1030 725 1084 770 et
1110 716 1306 771 decore
1338 714 1559 785 fulgeat,
1601 715 1841 786 velitque
1859 716 2081 787 juvenis

500 820 553 866 et
591 808 765 881 puella
809 808 980 863 videri
1036 823 1099 862 ac
1151 808 1475 863 existimari.
1534 808 1671 864 Hinc
1711 823 1854 875 eam,
1891 825 1987 864 ceu
2025 809 2077 864 in

499 902 713 957 sublimi
751 900 873 955 loco
901 898 1200 965 sedentem,
1243 913 1467 968 surgere
1507 898 1663 967 jubet
1707 913 1771 954 ac
1792 899 1859 954 de
1884 900 2079 955 throno

498 1008 596 1049 suo
626 991 974 1056 descendere,
1008 999 1172 1059 atque
1228 990 1376 1044 humi
1425 991 1635 1055 sedere,
1696 1005 1760 1046 ac
1792 990 2080 1061 turpitudi-

496 1101 619 1139 nem
660 1083 902 1139 revelare
944 1097 1121 1151 suam,
1157 1096 1320 1152 quam
1362 1097 1429 1138 ex
1470 1081 1559 1136 illa
1603 1082 1657 1138 in
1689 1084 1929 1139 deterius
1961 1098 2080 1139 mu-

497 1177 701 1233 tatione
724 1177 986 1246 patietur.

580 1374 734 1415 υειιε.
766 1360 823 1422 2,
856 1359 912 1413 5.
951 1376 969 1410 ι
1006 1357 1146 1412 Sede
1178 1358 1231 1411 in
1282 1366 1449 1423 terra,
1502 1356 1611 1411 filia
1643 1354 2019 1412 Chaldaeorum
2059 1370 2076 1408 :

497 1455 685 1523 accipe
718 1450 938 1516 molam,
970 1458 1023 1503 et
1055 1448 1196 1504 mole
1240 1449 1497 1505 farinam.
1535 1447 1738 1503 Revela
1770 1447 2079 1516 operimen-

498 1556 612 1600 tum
650 1555 821 1608 tuum,
853 1544 1041 1613 detege
1071 1556 1257 1606 canos,
1293 1541 1501 1595 denuda
1541 1539 1722 1605 tibias,
1780 1538 1948 1593 transi
1980 1535 2081 1590 Ilu-

497 1638 634 1693 vios.
671 1655 689 1689 ο
726 1635 996 1704 Deposita,
1024 1633 1216 1703 inquit,
1254 1633 1397 1702 regia
1426 1630 1510 1686 illa
1547 1628 1846 1700 voluptate,
1869 1626 2080 1682 ancillae

498 1729 673 1785 instar
694 1743 1009 1783 :erumnosae
1031 1742 1096 1780 ac
1118 1724 1273 1779 mola:
1294 1722 1604 1787 servientis,
1631 1722 1697 1776 ad
1733 1719 2077 1775 serviendum

2180 619 2288 684 ζων
2319 620 2489 690 αὑτήν
2517 636 2529 647 ⁸
2564 618 2722 672 καλεῖ
2769 618 2827 673 δέ
2868 619 3035 690 αὐτὴν
3070 618 3166 673 καὶ
3208 617 3511 690 παρθένον,
3565 619 3656 673 διὰ
3698 620 3755 674 τὲ

2178 711 2510 785 ὼραῖξεσθαι
2538 712 2633 766 καὶ
2668 709 3106 775 καλλωπίζεσθαι
3134 710 3407 783 παρθένου
3431 710 3607 781 δίκην,
3645 709 3754 782 βού-

2177 804 2362 858 λεσθαί
2386 822 2444 859 τε
2468 802 2756 873 φαίνεσθαι
2772 803 2919 867 νέαν,
2944 803 3039 857 καὶ
3065 803 3232 874 κόρην
3258 799 3396 857 εἶναι
3420 804 3755 875 νομίζεσθαι.

2176 892 2291 951 Εἶθ’
2323 896 2399 962 ὼς
2431 898 2489 949 ἐν
2523 895 2647 967 ὕψει
2674 894 3013 966 καθημένην,
3047 895 3397 967 διαναστῆναι
3421 897 3558 967 αὐτῇ
3598 913 3759 969 προσ-

2175 989 2361 1043 τάττει
2387 988 2484 1042 καὶ
2527 987 2836 1058 καταϐῆναι
2884 987 2992 1040 ἀπὸ
3032 986 3127 1040 τοῦ
3176 989 3376 1060 ἑαυτῆς
3402 988 3614 1060 θρόνου,
3663 991 3759 1043 καὶ

2177 1079 2508 1150 καθεσθῆναι
2541 1079 2634 1132 ἐπὶ
2670 1079 2770 1150 τῆς
2806 1078 2931 1149 γῆς,
2976 1078 3070 1132 καὶ
3102 1078 3417 1150 ἀποκρύψαι
3441 1080 3639 1151 ἑαυτῆς
3658 1082 3761 1154 τὴν

2175 1171 2580 1244 ἀσχημοσύνην,
2616 1173 2683 1244 ἣν
2698 1172 2943 1225 πείσεται
2974 1174 3036 1225 ἐκ
3064 1172 3161 1243 τῆς
3188 1172 3281 1225 ἐπὶ
3310 1172 3371 1226 τὺ
3392 1176 3570 1246 χεῖρον
3593 1192 3759 1246 μεταο

2177 1264 2339 1337 ϐολῆς
3437 1280 3443 1287 ·

2252 1375 2272 1408 ‹
2306 1355 2545 1409 Κάθισον
2574 1356 2655 1417 εἰς
2691 1352 2791 1424 τὴν
2841 1354 2963 1425 γῆν,
3010 1352 3246 1424 θύγατερ
3273 1352 3552 1406 Χαλδαίων
3583 1370 3597 1383 ·
3625 1352 3757 1407 λάϐε

2181 1448 2363 1520 μύλον,
2413 1447 2604 1502 ἀλεσον
2662 1446 2906 1518 ἄλευρον.
2980 1445 3351 1515 Ἀποκάλυψαι
3394 1445 3453 1498 τὸ
3515 1446 3759 1499 κατακά-

2176 1542 2366 1613 λυμμά
2399 1558 2516 1603 σου,
2563 1538 2904 1608 ἀνακάλυψαι
2957 1538 3056 1603 τὰς
3115 1536 3328 1602 πολιὰς,
3384 1537 3624 1609 ἀνάσυρε
3658 1538 3755 1602 τὰς

2178 1635 2410 1704 κνήμας,
2440 1630 2653 1703 διάϐηθι
2676 1630 2971 1701 ποταμούς.
3009 1649 3027 1681 ι
3065 1628 3422 1701 Ἀποθεμένη,
3460 1631 3620 1701 φησὶ,
3656 1630 3753 1701 τὴν

2180 1725 2463 1796 βασιλικὴν
2509 1723 2725 1794 ἐκείνην
2762 1722 2973 1795 τρυφὴν
2996 1762 3009 1785 ,
3052 1721 3390 1794 θεραπαίνης
3422 1722 3618 1793 τρόπον
3654 1740 3752 1775 κα-

498 1822 734 1877 dominis
769 1821 872 1875 tuis
905 1830 958 1873 te
1002 1827 1283 1887 apparatu.
1341 1816 1688 1883 Acceptaque
1735 1809 1897 1873 mola,
1931 1809 2072 1863 mole

2174 1813 2441 1877 κοπαθοῦς
2463 1830 2607 1877 τινος
2633 1813 2726 1866 καὶ
2752 1812 3083 1883 μυλωθρίδος
3111 1811 3526 1883 παρασκεύασον
3552 1813 3752 1882 σεαυτῇ

499 1915 594 1980 ibi,
619 1914 729 1969 hac
761 1914 891 1968 dura
915 1921 969 1967 et
990 1910 1259 1966 laboriosa
1297 1906 1560 1964 servitute
1583 1920 1703 1960 cum
1732 1900 1956 1974 pristina
1985 1915 2079 1955 vo-

497 2011 706 2080 luptate
735 2011 1185 2062 oommutata.....

569 2272 738 2328 Vsus.
770 2270 828 2327 6.
870 2286 889 2321 ι
920 2269 1095 2324 Iratus
1144 2282 1265 2322 sum
1325 2274 1515 2322 contra
1565 2264 1818 2336 populum
1872 2277 2073 2330 meum,

500 2362 885 2420 contaminasti
937 2359 1307 2415 haereditatem
1336 2372 1533 2412 meam.
1590 2357 1698 2427 Ego
1738 2354 1859 2410 dedi
1905 2367 1999 2408 eos
2022 2354 2074 2407 in

498 2471 719 2513 manum
776 2463 921 2509 tuam
951 2469 967 2508 :
998 2463 1054 2507 tu
1084 2465 1216 2506 vero
1250 2464 1359 2505 non
1397 2447 1590 2504 dedisti
1640 2447 1721 2501 eis
1771 2444 2079 2500 misericor—

500 2552 666 2606 diam.
706 2566 727 2603 ι
758 2546 889 2603 Haec
928 2547 1125 2617 quippe
1157 2552 1275 2600 erat
1321 2540 1602 2613 disciplina
1651 2548 1766 2606 tua,
1804 2552 1910 2609 qua
1952 2551 2078 2592 eru-

500 2643 739 2700 diebaris
762 2656 793 2696 a
830 2639 1097 2711 principio
1134 2634 1417 2707 temporis,
1445 2643 1500 2689 et
1525 2649 1554 2689 a
1575 2632 1862 2703 iuventute
1892 2644 2074 2686 tua....

1034 2791 1264 2850 CAPUT
1299 2789 1509 2847 XLVIII

569 2910 734 2965 Vsus.
773 2910 827 2976 I,
855 2908 912 2963 2.
947 2926 966 2960 ι
1000 2906 1199 2963 Audite
1234 2906 1374 2972 haec,
1412 2906 1608 2959 domus
1638 2900 1830 2967 Iacob,
1855 2899 1948 2971 qui
1978 2913 2075 2954 vo-

499 3002 696 3061 camini
727 3000 946 3056 nomine
976 2998 1142 3053 Israel
1162 3039 1178 3064 ,
1223 3005 1275 3050 et
1327 2995 1520 3050 existis
1545 3008 1613 3048 ex
1636 2992 1776 3049 Juda
1800 3033 1815 3055 ,
1844 2991 1936 3061 qui
1985 2992 2073 3062 ju-

500 3095 636 3152 ratis
661 3095 714 3149 in
743 3092 965 3149 nomine
990 3090 1204 3146 Domini
1235 3088 1331 3144 Dei
1375 3085 1580 3154 Israel,
1607 3086 1704 3156 qui
1746 3083 2075 3140 recordami-

2176 1906 2446 1961 δουλεύειν
2487 1908 2598 1968 τοῖς
2648 1904 2850 1976 ἑαυτῆς
2877 1904 3186 1968 δεσπόταις.
3219 1903 3399 1957 Μύλον
3423 1903 3621 1975 δηλαδή
3662 1919 3756 1956 Λα-

2177 2000 2367 2062 ϐοῦσα,
2411 2002 2469 2054 ἐν
2519 1998 2668 2070 αύτῷ
2700 1998 2913 2063 ἀλεσον,
2946 1996 3043 2068 τὴν
3101 1995 3343 2069 σκληρὰν
3390 1996 3615 2067 ταύτην,
3666 2012 3759 2048 και

2177 2094 2436 2147 ἐπίπονον
2466 2091 2709 2163 θητείαν,
2740 2090 2840 2162 τῆς
2868 2089 3035 2144 πάλαι
3066 2092 3277 2162 τρυφῆς
3305 2088 3759 2156 ἀντικαταλλαξά-

2181 2185 2393 2256 μένη...

2253 2295 2271 2327 ι
2310 2275 2673 2349 Παρωξύνθην
2709 2274 2801 2328 ἐπὶ
2824 2272 2902 2345 τῷ
2933 2272 3047 2345 λαῷ
3078 2291 3203 2345 μου,
3243 2273 3471 2344 ἐμίανας
3499 2273 3596 2345 τήν
3622 2273 3756 2345 κλη-

2178 2370 2433 2441 ρονομίαν
2460 2386 2581 2439 μου.
2620 2366 2761 2437 Ἐγὼ
2780 2366 2956 2421 ἔδωκα
2978 2365 3174 2429 αὐτοὺς
3200 2365 3280 2429 είς
3305 2367 3403 2438 τὴν
3429 2366 3587 2438 χεῖρά
3618 2383 3711 2420 σου
3738 2381 3752 2394 '

2178 2463 2242 2515 σὺ
2270 2460 2327 2514 δὲ
2355 2460 2455 2514 οὐκ
2488 2460 2695 2524 ἔδωκας
2718 2461 2902 2523 αὐτοῖς
2942 2459 3109 2522 ἕλεος.
3148 2477 3167 2510 ι
3214 2456 3401 2512 Ταῦτα
3426 2460 3535 2530 γάρ
3566 2458 3659 2511 σοῦ
3686 2453 3756 2531 ἦν

2174 2549 2243 2603 τά
2268 2549 2583 2622 μαθήματα,
2616 2550 2653 2604 ἃ
2682 2548 2983 2623 ἐμάνθανες
3018 2549 3078 2613 ἐξ
3105 2548 3281 2621 ἀρχῆς
3312 2550 3539 2622 χρόνων,
3571 2550 3667 2604 καὶ
3692 2552 3757 2605 ἐκ

2176 2639 2425 2711 νεότητός
2462 2657 2576 2693 σου.
2588 2681 2600 2694 .
2612 2681 2625 2695 .

2680 2798 3078 2855 ΚΕΦΑΛΑΙΟΝ
3107 2802 3246 2855 ΜΗ’.

2250 2926 2272 2959 ι
2321 2907 2612 2963 Ἀκούσατε
2651 2909 2843 2977 ταῦτα,
2882 2908 3031 2977 οἶκος
3092 2912 3306 2976 Ἰακὼϐ,
3339 2913 3389 2966 οἱ
3429 2911 3755 2984 κεκλημένοι

2175 3000 2269 3055 ἐπὶ
2312 3000 2391 3073 τῷ
2437 3003 2659 3076 ὀνόματι
2718 3005 2952 3078 Ἰσραὴλ,
2989 3007 3083 3060 καὶ
3118 3006 3176 3073 ἐξ
3219 3007 3389 3060 Ἰούδα
3425 3006 3753 3073 ἐξελθόντες,

2177 3093 2227 3145 οί
2259 3093 2555 3164 ὀμνύοντες
2601 3094 2679 3166 τῷ
2711 3097 2937 3168 ὀνόματι
2966 3098 3170 3169 Κυρίου
3202 3097 3338 3150 Θεοῦ
3390 3098 3627 3171 Ἰσραὴλ,
3663 3116 3755 3170 μι-

499 3189 554 3244 ni
581 3228 597 3255 ,
622 3202 729 3243 non
759 3200 883 3242 cum
915 3184 1165 3247 veritate,
1196 3193 1370 3249 neque
1407 3194 1531 3235 cum
1561 3177 1772 3248 justitia
1802 3195 1817 3232 :
1853 3175 1945 3246 qui
1980 3174 2072 3231 ad-

2179 3158 2545 3257 μνησκόμενοι
2575 3158 3118 3259 ού’μετ”άληθείας,
3164 3190 3284 3243 ούδὲ
3318 3158 3758 3261 μετίδιδίαιοεύ-

500 3280 719 3336 baaretis
769 3275 974 3332 nomini
1032 3272 1269 3329 civitatis
1302 3277 1505 3326 sancta:
1531 3308 1547 3330 ,
1598 3277 1654 3323 et
1696 3281 1859 3337 super
1903 3267 2072 3321 Deum

497 3371 664 3429 Israel
709 3367 1045 3427 constabiliti
1076 3366 1210 3422 estis
1242 3384 1256 3420 :
1291 3363 1555 3418 Dominus
1603 3360 1842 3416 Sabaoth
1874 3374 2072 3415 nomen

499 3465 596 3521 illi.
632 3484 652 3518 ι
690 3464 983 3533 Postquam
1027 3475 1091 3515 ea
1120 3473 1240 3529 qua:
1269 3454 1525 3526 Babyloni
1554 3493 1571 3519 ,
1613 3469 1677 3509 ac
1709 3452 1903 3508 incolis
1933 3451 2074 3520 regi-

500 3560 708 3629 busque
734 3556 852 3625 ejus
880 3564 1145 3610 eventura
1170 3560 1295 3607 sunt
1325 3545 1713 3620 praenuntiavit
1738 3582 1755 3608 ,
1785 3542 2071 3598 Iudaicum

500 3652 753 3722 populum
796 3647 1094 3720 praemissis
1123 3643 1304 3701 verbis
1348 3641 1602 3710 coarguit
1644 3639 1832 3692 dicens
1867 3655 1881 3692 :
1917 3634 2072 3701 Quod

499 3758 664 3812 penes
689 3757 774 3797 me
797 3740 1012 3809 iustitia
1044 3739 1160 3805 sit,
1199 3737 1314 3790 haec
1360 3732 1630 3789 Cbaldmis
1664 3729 1891 3785 inferam
1916 3769 1932 3795 ,
1967 3743 2073 3783 non

500 3834 642 3906 quod
666 3844 722 3887 tu
760 3832 968 3888 auxilio
994 3831 1195 3899 dignus
1227 3827 1329 3882 sis.
1354 3826 1422 3880 Et
1443 3826 1557 3880 hinc
1587 3823 1884 3894 praedicere
1910 3837 2075 3877 occu-

500 3927 663 3997 pavi,
691 3935 979 3993 antequam
1033 3936 1120 3976 res
1152 3920 1445 3982 eveniant,
1483 3916 1834 3987 prmscientia
1888 3915 2070 3970 divina

499 4017 861 4079 vaticinatus;
902 4024 961 4068 ut
985 4022 1271 4084 postquam
1314 4010 1381 4065 ad
1418 4025 1533 4065 rem
1568 4020 1622 4064 et
1668 4009 1951 4063 terminum
1980 4008 2075 4062 de-

501 4111 657 4165 ducta
691 4107 894 4163 fuerint
942 4121 1005 4161 ea
1032 4146 1047 4173 ,
1094 4120 1215 4174 qua:
1267 4114 1457 4158 contra
1503 4101 1785 4158 Chaldzcos
1816 4101 2071 4171 praedicta

499 4199 673 4266 fuere,
711 4213 779 4254 ne
808 4200 1000 4254 horum
1035 4211 1255 4253 causam
1285 4196 1353 4252 iis
1377 4236 1394 4263 ,
1420 4210 1558 4267 quos
1594 4197 1726 4251 deos
1764 4194 2066 4261 arbitraris,

499 4292 767 4347 ascribas.

570 4450 734 4508 Vnus.
759 4450 869 4507 3—5.
914 4467 934 4502 ι
971 4448 1161 4505 Priora
1184 4449 1362 4506 adhuc
1395 4450 1737 4517 annuntiavi,
1767 4460 1823 4505 et
1872 4463 1939 4504 ex
1972 4463 2069 4504 ore

498 4557 621 4599 meo
645 4544 928 4607 exierunt:
943 4552 999 4599 et
1031 4544 1280 4597 auditum
1314 4542 1514 4597 factum
1543 4554 1661 4599 est:
1689 4553 1911 4613 repente
1939 4542 2066 4607 feci,

496 4645 553 4691 et
576 4644 862 4691 venerunt.
906 4636 1032 4691 Scio
1066 4636 1189 4705 quia
1217 4637 1387 4691 durus
1424 4651 1482 4690 es
1507 4674 1522 4700 ,
1554 4642 1608 4690 et
1635 4650 1833 4689 nervus
1861 4634 2071 4690 ferreus

497 4728 692 4784 collum
723 4737 895 4794 tuum,
920 4737 972 4783 et
1001 4728 1147 4783 frons
1177 4739 1265 4783 tua
1294 4743 1463 4783 aenea.
1511 4729 1574 4781 Et
1615 4727 1928 4782 annuntiavi
1968 4728 2067 4781 tibi

498 4829 700 4886 vetera,
735 4831 1025 4890 antequam
1063 4824 1283 4876 veniant
1328 4821 1379 4875 in
1416 4832 1484 4875 te.
1516 4821 1773 4875 Auditum
1808 4820 1903 4875 tibi
1939 4820 2064 4887 feci,

498 4927 565 4967 ne
595 4913 732 4968 forte
774 4912 924 4969 dicas
952 4954 966 4978 ,
1014 4914 1295 4983 Sculptilia
1332 4923 1385 4968 et
1434 4912 1726 4968 conflatilia
1771 4914 2061 4968 mandave-

496 5015 623 5062 runt
652 5006 803 5060 mihi.
840 5025 858 5058 ι
899 5005 976 5061 Ne
1010 5007 1149 5063 forte
1192 5007 1351 5061 rebus
1392 5005 1771 5060 evenientibus
1798 5046 1814 5071 ,
1856 5014 1912 5059 te
1950 5007 2066 5075 ipse

498 5097 791 5167 decipiens,
821 5110 977 5169 putes
1015 5115 1107 5154 eos
1152 5114 1288 5168 quos
1332 5099 1567 5152 errando
1596 5098 1727 5152 deos
1755 5099 2064 5166 arbitraris,

498 5190 612 5244 haec
658 5188 924 5245 effecisse.
967 5192 1165 5247 Verum
1205 5189 1319 5245 lucc
1364 5191 1724 5260 praescientiae
1770 5208 1904 5249 mea:
1955 5209 2063 5248 non

496 5280 696 5346 latent,
734 5292 785 5337 te
819 5299 884 5339 ne
925 5300 990 5339 ex
1024 5284 1107 5338 his
1150 5284 1365 5352 quidem
1396 5284 1578 5339 verbis
1607 5286 1884 5356 quidpiam
1923 5288 2065 5341 utili-

497 5372 623 5429 tatis
689 5385 1066 5447 percepturum
1127 5390 1268 5430 esse.
1330 5375 1712 5431 Verumtamen
1776 5377 2061 5433 clementia

496 5477 671 5522 motus
704 5485 842 5535 mea,
874 5469 1203 5524 etiamnunc
1234 5469 1522 5534 testificor,
1556 5483 1619 5524 ac
1661 5471 1924 5525 annuntio
1972 5472 2065 5525 tibi

493 5572 554 5600 M-
613 5577 730 5616 rtua:
752 5561 1005 5634 Babyloni
1029 5572 1083 5618 et
1105 5563 1368 5620 Chaldaeis
1401 5571 1451 5621 te
1475 5564 1875 5637 oppugnaturis
1903 5579 2066 5621 even-

715 5669 785 5711 η.

2175 3295 2304 3349 νης’
2346 3280 2441 3334 καὶ
2484 3280 2832 3353 ἀντεχόμενοι
2878 3282 2956 3353 τῷ
3005 3283 3230 3352 ὀνόματι
3274 3284 3375 3354 τῆς
3408 3284 3617 3349 πόλεως
3657 3285 3757 3358 τῆς

2175 3371 2355 3439 ἁγίας,
2405 3373 2498 3426 καὶ
2545 3375 2638 3427 ἐπὶ
2678 3374 2757 3446 τῷ
2793 3374 2912 3445 Θεῷ
2958 3376 3174 3448 Ἰσραὴλ
3217 3377 3751 3449 ἀντιστηριζόμενοι’

2174 3463 2379 3533 Κύριος
2408 3465 2634 3519 Σαϐαὼθ
2676 3466 2847 3538 ὄνομα
2879 3467 3047 3539 αὐτῷ.
3089 3487 3109 3519 ι
3148 3468 3230 3521 Τὰ
3261 3469 3656 3540 ἐπελευσόμενα
3681 3473 3750 3543 τῇ

2173 3554 2471 3620 Βαϐυλῶνι,
2505 3559 2618 3619 τοῖς
2648 3573 2708 3609 τε
2742 3558 3021 3629 οἰκήτορσι
3057 3560 3151 3612 καὶ
3196 3563 3311 3623 τοῖς
3343 3558 3615 3630 βασιλεῦσι
3650 3563 3755 3613 αύ-

2171 3643 2268 3715 τῆς
2300 3646 2770 3717 προαναφωνήσας
2802 3648 2831 3699 ὁ
2857 3646 3035 3713 λόγος,
3078 3648 3171 3702 τὸν
3206 3649 3314 3703 τῶν
3349 3649 3613 3704 Ἰουδαίων
3646 3651 3757 3707 ἀπ·-

2172 3735 2379 3805 ελέγχει
2420 3736 2546 3790 λαὸν
2583 3736 2672 3790 διὰ
2707 3738 2815 3792 τῶν
2848 3740 3225 3811 προκειμένων
3255 3742 3498 3810 φάσκων,
3542 3744 3625 3796 ὅτι
3669 3744 3757 3799 διὰ

2171 3825 2232 3879 τὸ
2269 3826 2398 3898 παρ’
2432 3828 2555 3898 ἐμοὶ
2595 3827 2801 3881 δίκαιον
2845 3829 3031 3894 ἐπάξω
3063 3830 3234 3884 ταῦτα
3279 3832 3419 3887 κατά
3459 3834 3569 3887 τῶν
3609 3835 3751 3889 Χαλο

2170 3916 2355 3972 δαίων·
2379 3918 2441 3972 οὐ
2470 3920 2576 3991 μὴν
2600 3919 2684 3972 ὅτι
2716 3921 2780 3973 σὺ
2807 3919 3060 3991 βοηθείας
3080 3916 3222 3992 ἦσθα
3254 3921 3421 3987 ἄξιος.
3452 3925 3563 3977 Καὶ
3585 3926 3755 3980 ταῦτα

2174 4011 2458 4081 προλαϐὼν
2510 4014 2770 4084 προεῖπον
2822 4012 2952 4083 πρὶν
3003 4013 3255 4081 γενέσθαι
3308 4014 3377 4068 τὰ
3429 4016 3752 4088 πράγματα,

2172 4104 2478 4177 προγνώσει
2527 4104 2679 4177 θεῖκῇ
2730 4104 3023 4168 θεσπίσας’
3075 4106 3140 4159 ἵν’
3187 4108 3405 4163 ἐπειδὰν
3452 4112 3533 4174 είς
3578 4112 3754 4183 πέρας

2171 4197 2333 4268 ἀχθῇ,
2362 4197 2457 4251 καὶ
2490 4197 2555 4251 δι’
2595 4197 2771 4269 ἔργων
2808 4198 3032 4269 χωρήσῃ
3063 4197 3130 4252 τὰ
3163 4200 3304 4254 κατά
3325 4200 3435 4253 τῶν
3468 4202 3752 4259 Χαλδαίων

2170 4288 2643 4360 προηγορευμένα,
2696 4287 2771 4358 μὴ
2818 4281 2900 4350 οἷς
2945 4288 3187 4358 νομίζεις
3233 4288 3374 4353 θεοῖς
3424 4290 3522 4362 τὴν
3571 4292 3754 4346 αἰτίαν

2170 4376 2445 4448 ἀναθείης.

2248 4484 2267 4517 ι
2307 4465 2387 4518 Τὰ
2416 4466 2659 4537 πρότερα
2686 4464 2764 4518 ἔτι
2798 4466 3113 4537 ἁνήγγειλα,
3142 4468 3235 4521 καὶ
3264 4468 3329 4521 ἐκ
3355 4467 3450 4521 τοῦ
3486 4469 3754 4539 στόματός

2177 4573 2278 4626 μου
2309 4554 2518 4626 ἐξῆλθε,
2550 4555 2643 4607 καὶ
2677 4556 2939 4609 ἀκουστὸν
2971 4556 3205 4624 ἐγένετο·
3242 4558 3468 4623 ἐξάπινα
3496 4558 3751 4631 ἐποίησα.

2174 4650 2268 4702 καὶ
2312 4648 2532 4718 ἐπῆλθε.
2568 4646 2844 4711 Γινώσκω,
2892 4649 2974 4702 ὃτι
3019 4649 3252 4720 σκληρὸς
3296 4645 3366 4715 εἴ,
3421 4650 3515 4705 καὶ
3556 4652 3752 4723 νεῦρον

2175 4740 2425 4811 σιδηροῦν
2452 4743 2480 4794 ὁ
2510 4742 2778 4814 τράχηλός
2808 4761 2922 4806 σου,
2969 4742 3063 4795 καὶ
3093 4742 3154 4794 τὸ
3196 4743 3444 4812 μέτωπόν
3488 4761 3581 4796 σου
3617 4744 3752 4815 χαλέ

2174 4829 2323 4885 κοῦν.
2350 4832 2461 4884 Καὶ
2483 4832 2782 4902 ἀνήγγειλά
2809 4850 2888 4886 σοι
2919 4831 3143 4895 παλαιά,
3180 4831 3307 4903 πρὶν
3338 4832 3508 4885 ἐλθεῖν
3537 4833 3629 4885 ἐπὶ
3657 4836 3717 4888 σέ
3735 4853 3751 4867 ο

2172 4923 2435 4976 ἀκουστόν
2470 4940 2551 4977 σοι
2572 4925 2823 4996 ἐποίησα,
2854 4927 3061 4995 μήποτε
3094 4924 3254 4996 εἴπῃς
3276 4965 3290 4989 ,
3318 4927 3399 4978 ὅτι
3429 4926 3510 4979 Τὰ
3536 4926 3752 4995 γλυπτά

2170 5014 2263 5066 καὶ
2294 5012 2361 5067 τὰ
2389 5015 2630 5085 χωνευτά
2671 5015 2969 5069 ἐνετείλατό
3011 5033 3121 5086 μοι.
3156 5035 3172 5067 ι
3206 5018 3432 5088 Μήποτε
3462 5017 3567 5071 τῶν
3602 5034 3749 5091 πρα-

2168 5106 2393 5175 γμάτων
2425 5106 2777 5171 ἐπελθόντων,
2812 5108 3036 5161 ἀπατῶν
3069 5108 3282 5173 σαυτὸν,
3315 5110 3442 5172 τοὺς
3473 5109 3755 5180 πεπλανη-

2172 5196 2347 5268 μένως
2398 5198 2782 5269 νομιζομένους
2832 5217 2914 5252 σοι
2962 5199 3118 5263 θεοὺς
3166 5200 3563 5272 πεποιημένους
3607 5202 3748 5256 αὐτὰ

2167 5291 2466 5361 νομίσειας.
2520 5291 2665 5363 Πλὴν
2717 5294 2809 5346 καὶ
2859 5292 3017 5345 τοῦτο
3064 5293 3164 5363 τὴν
3206 5292 3344 5362 ἐμὴν
3381 5294 3442 5345 ού
3493 5293 3745 5349 λανθάνει

2168 5379 2496 5457 πρόγνωσιν,
2529 5384 2589 5436 τὸ
2624 5384 2746 5456 μηδ’
2794 5386 2859 5438 ἐκ
2903 5383 3105 5438 τούτων
3151 5383 3602 5457 ὠφεληθήσεσθαι
3635 5386 3747 5440 τῶν

2165 5472 2359 5542 λόγων.
2405 5474 2598 5547 ’Ὀμως
2631 5476 2675 5529 δ’
2708 5472 2802 5530 οὖν
2837 5477 2931 5531 ἐπὶ
2963 5477 3063 5548 μὲν
3101 5479 3165 5548 τῇ
3208 5476 3401 5531 ἑαυτοῦ
3435 5478 3748 5551 φιλανθρω-

2166 5567 2284 5638 πίᾳ,
2318 5565 2398 5620 ἔτι
2442 5568 2536 5621 καὶ
2582 5567 2678 5621 νῦν
2723 5568 3093 5641 μαρτύρομαι,
3137 5570 3232 5623 καὶ
3261 5570 3641 5643 διαστέλλομαί
3682 5587 3745 5625 σε

2162 5657 2231 5711 τὰ
2279 5658 2668 5730 συμϐησόμενα
2714 5663 2780 5731 τῇ
2828 5658 3107 5713 Βαϐυλῶνι
3158 5664 3253 5717 καὶ
3299 5667 3408 5727 τοῖς
3453 5661 3745 5727 Χαλδαίοις

2161 5751 2272 5813 τοῖς
2300 5750 2554 5821 μέλλουσί
2595 5770 2651 5805 σε
2683 5753 3106 5824 καταπολεμεῖν.
