4108 6204
362 216 470 272 415

360 427 612 482 ἀκουστά
646 447 723 483 σοι
746 431 968 502 ἐποίησα
999 435 1066 488 τά
1094 437 1254 490 καινὰ
1283 439 1390 493 ἀπὺ
1418 441 1510 494 τοῦ
1547 443 1661 508 νῦν,
1683 445 1719 499 ἃ.
1752 447 1932 517 μέλλει

361 519 617 589 γίνεσθαι
636 539 648 550 ·
684 523 771 575 καὶ
793 524 891 577 οὐκ
919 523 1099 590 εἶπας,
1131 529 1244 581 Νῦν
1272 530 1497 600 γίνεται.
1524 535 1619 586 καὶ
1650 535 1710 587 οῦ
1745 537 1929 603 πάλαι,

368 614 466 666 καὶ
497 614 558 666 οῦ
591 614 871 686 προτέραις
903 616 1136 688 ἡμέραις
1170 620 1408 691 ἤκουσας
1433 627 1589 680 αὑτά.
1623 629 1713 700 Μὴ
1747 630 1928 701 εἴπῃς,

368 705 482 759 Ναὶ
525 706 762 774 γινώσκω
802 708 960 762 αὐτά.
1003 709 1128 764 Οῦτ’
1179 713 1369 783 ἔγνως,
1413 717 1523 770 οὔτ’
1565 721 1798 790 ἠπίστω,
1837 724 1925 776 ὅτε

372 798 468 850 ἀπ’
493 801 657 868 ἀρχῆς
689 799 877 869 ἤνοιξά
911 819 992 854 σοι
1026 803 1091 856 τὰ
1125 798 1272 858 ὦταο
1316 807 1483 876 ἔγνων
1524 811 1651 884 γὰρ,
1696 815 1774 866 δτι
1808 815 1931 868 ἀθε-

373 890 474 942 τῶν
500 890 794 961 ἀθετήσεις,
827 894 922 945 καὶ
950 894 1148 964 ἄνομος
1178 895 1256 949 ἔτι
1287 899 1351 950 ἐκ
1378 900 1583 966 κοιλίας
1608 904 1872 980 κληθήσῃ.
1905 926 1922 959 ι

368 978 453 1049 Μή
493 979 596 1050 γὰρ
631 979 826 1033 σαυτὸν
868 983 1052 1038 ἀπάτα
1075 1002 1088 1014 ·
1123 987 1198 1058 μὴ
1237 987 1381 1057 λέγε,
1415 991 1496 1045 δτι
1541 996 1634 1046 καὶ
1679 996 1784 1064 πρὸ
1827 978 1927 1068 τῆς

362 1069 494 1139 ἐμῆς
519 1072 855 1141 προφητείας
878 1075 1173 1142 ἐγίνωσκες
1206 1080 1344 1134 αὐτά
1359 1098 1372 1110 ·
1395 1083 1558 1136 πόθεν
1575 1086 1680 1157 γάρ
1699 1104 1777 1139 σοι
1797 1107 1928 1160 παρ-

354 1159 419 1231 ῆν
447 1161 618 1214 ταῦτα
653 1162 981 1231 γινώσκειν;
1023 1167 1168 1237 Πλὴν
1194 1170 1342 1225 οὐδέν
1375 1190 1433 1227 σε
1467 1177 1532 1228 ἐκ
1559 1177 1759 1232 τούτων
1785 1179 1926 1250 ὠφε-

351 1250 682 1325 ληθήσεσθαι
711 1255 818 1309 τῶν
840 1256 1012 1326 λόγων
1042 1260 1364 1334 πέπεισμαι.

425 1472 445 1506 ι
485 1454 712 1509 Ἕνεκεν
747 1457 840 1510 τοῦ
871 1459 1000 1529 ἐμοῦ
1032 1459 1290 1531 ὀνόματος
1318 1463 1475 1531 δείξω
1523 1484 1604 1520 σοι
1633 1466 1722 1522 τὸν
1753 1469 1922 1541 θυμόν

351 1561 474 1614 μου,
504 1547 599 1599 καὶ
630 1547 697 1601 τὰ
729 1547 911 1614 ἐνδοξά
955 1567 1054 1620 μου
1094 1553 1284 1617 ἐπάξω
1323 1555 1415 1608 ἐπὶ
1448 1558 1528 1622 σὲ,
1578 1560 1664 1612 ἵνα
1711 1561 1784 1633 μὴ
1836 1560 1922 1628 ἐξ-

345 1636 655 1711 ολοθρεῦσω
689 1657 767 1691 σε.
800 1660 818 1692 ι
856 1642 1044 1712 Ὅμως
1072 1643 1200 1711 γοῦν
1226 1645 1286 1697 οὑ
1317 1646 1402 1701 διὰ
1439 1650 1516 1714 σέ,
1554 1651 1688 1704 ἀλλά
1714 1653 1800 1706 διὰ
1824 1654 1919 1714 τὴν

346 1730 586 1796 ἐμαυτοῦ
627 1731 1027 1805 φιλανθρωπίαν
1072 1735 1317 1791 ἐντεῦθεν
1364 1740 1464 1812 ήδη
1511 1739 1605 1794 καὶ
1653 1748 1914 1814 προεῖπον

346 1820 442 1874 καὶ
469 1823 715 1887 ἐπέδειξα
742 1841 822 1877 σοι
848 1826 914 1878 τὰ
955 1826 1236 1892 μέλλοντα,
1269 1831 1363 1882 καὶ
1391 1831 1479 1884 τὸν
1511 1833 1651 1886 κατά
1688 1835 1795 1886 τῶν
1822 1853 1917 1890 πο-

343 1906 549 1980 λεμίων
582 1911 840 1982 μέλλοντα
861 1915 1068 1968 ἐπιέναι
1095 1917 1214 1970 ὅλεο
1224 1935 1334 1990 ρον,
1365 1921 1678 1987 σπουδάζων
1701 1923 1788 1978 διὰ
1815 1927 1916 1980 πά-

345 2019 447 2075 σης
481 2004 803 2074 προφάσεως
837 2005 1071 2078 σωθῆναί
1099 2025 1180 2062 σε.

418 2112 436 2144 ι
485 2093 617 2147 Ἰδοὺ
648 2095 905 2166 πέπραχά
933 2113 990 2149 σε
1018 2097 1115 2168 οὐχ
1151 2098 1335 2155 ’ἐνεκεν
1358 2103 1622 2174 ἀργυρίου
1648 2121 1664 2138 ο
1701 2107 1912 2174 ἐξειλά-

347 2185 534 2256 μην-δέ
564 2203 623 2239 σε
651 2188 712 2240 ἐκ
743 2187 971 2258 καμίνου
1001 2193 1299 2262 πτωχείας·
1330 2195 1513 2249 ἕνεκεν
1547 2198 1680 2270 ἐμοῦ
1703 2203 1912 2272 ποιήσω

344 2295 448 2341 σοι,
482 2278 562 2330 ὅτι
607 2276 666 2330 τὸ
707 2277 837 2350 ἐμὸν
879 2278 1048 2352 ὄνομα
1084 2282 1425 2355 βεϐηλοῦται,
1469 2289 1564 2342 καὶ
1611 2290 1708 2362 τὴν
1753 2292 1910 2359 δόξαν

343 2387 444 2440 μου
477 2370 648 2441 ἐτέρῳ
671 2372 730 2424 οὐ
764 2371 936 2430 δώσω,
972 2392 989 2424 ι
1028 2375 1136 2446 Οὐχ
1158 2377 1341 2431 ἕνεκεν
1373 2380 1637 2451 ἀργυρίου
1670 2385 1908 2456 ἐπίπρα-

341 2461 467 2515 σκόν
496 2477 581 2513 σε·
617 2462 701 2514 ἐπ’
732 2462 967 2536 ὠφελείᾳ
1006 2465 1063 2518 δὲ
1096 2470 1161 2538 τῇ
1195 2471 1259 2540 σῇ
1293 2470 1386 2522 καὶ
1419 2471 1591 2524 ταῦτα
1621 2472 1905 2546 ἔπραττον,

337 2550 415 2613 ὡς
445 2550 512 2604 ἂν
556 2550 740 2605 τοῦτον
770 2554 1158 2628 σωφρονισθείη
1189 2558 1279 2612 τὸν
1320 2559 1548 2630 τρόπον·
1582 2563 1665 2615 ὅτι
1699 2563 1772 2635 μὴ
1803 2567 1902 2637 τὴν

335 2640 426 2695 διὰ
462 2641 636 2710 λόγων
669 2644 762 2697 καὶ
792 2646 1160 2716 παραινέσεων
1192 2649 1433 2716 ὑπεδὲξω
1480 2654 1746 2709 παιδείαν.
1783 2658 1905 2720 Τοῖς

332 2732 394 2789 δὲ
438 2735 718 2806 πολεμίοις
763 2737 860 2808 οὐχ
905 2738 1090 2793 ἕνεκεν
1139 2741 1401 2815 ἀργυρίου
1443 2745 1779 2817 ἐπίπρασκόν
1820 2766 1901 2816 σε,

333 2826 470 2881 ille
491 2828 600 2882 τῶν
625 2829 731 2882 σῶν
759 2831 1167 2902 ἁμαρτημάτων
1194 2836 1286 2886 καὶ
1316 2836 1485 2907 ἀσεϐη
1496 2837 1681 2906 μάτων
1705 2839 1864 2910 χάριν
1891 2859 1900 2868 ·

332 2921 454 2984 τοῖς
496 2919 604 2990 γὰρ
632 2921 922 2993 ἁμαρτίαις
957 2921 1108 2993 ὑμῶν
1147 2925 1441 2997 ἐπράθητε.
1475 2928 1581 2980 Kal.
1617 2930 1764 2999 ὅμως
1793 2931 1900 2984 οὐδ’

1257 227 1754 292 COMMENTARIA
1795 239 1860 295 IN
1899 242 2151 302 ISAIAM.
2192 278 2260 288 -—-
2299 249 2448 310 CAP.
2489 253 2720 314 XLVI".

437 351 459 387 ι
501 327 805 391 ⁵Ηκούσατε
848 339 1042 405 πάντα,
1086 345 1177 396 καὶ
1213 345 1369 416 ὑμεῖς
1393 349 1492 403 οὐκ
1522 351 1744 420 ἔγνωτε.
1791 357 1904 409 Ἀλλ

2100 361 2264 417 Vens.
2297 363 2416 420 6-8.
2453 387 2472 419 ι
2518 371 2756 426 Audistis
2792 374 2992 441 onmia,

1877 1697 1991 1754 ⁸’Β

3483 273 3589 330 4913

3049 387 3102 431 et
3136 394 3229 434 VOS
3260 395 3363 436 non
3388 398 3590 457 cogno-

2037 453 2209 510 vistis.
2244 458 2348 511 Sed
2376 461 2557 514 audita
2592 463 2685 518 tibi
2720 463 2820 520 feci
2857 483 2992 521 nova
3039 470 3106 524 ab
3161 472 3263 526 hoc
3310 453 3583 544 tempore,

2033 560 2152 614 qua:
2184 548 2362 602 futura
2393 563 2534 606 sunt.
2570 553 2635 607 Et
2668 571 2772 610 non
2798 558 3006 626 dixisti,
3037 561 3189 617 Nune
3216 565 3367 633 fiunt,
3401 577 3455 623 et
3483 587 3587 630 non

2031 638 2158 690 olim
2186 681 2200 702 ,
2237 650 2291 693 et
2321 657 2425 696 non
2460 645 2513 698 in
2548 647 2792 714 pristinis
2819 651 3005 707 diebus
3038 654 3232 709 audisti
3264 671 3344 710 ea.
3392 659 3474 715 Ne
3509 662 3592 717 di-

2031 745 2145 796 eas,
2177 731 2347 786 Etiam
2390 751 2657 805 cognosco
2687 755 2768 794 ea.
2802 741 2984 812 Neque
3018 747 3208 800 novisti
3237 787 3252 810 ,
3283 765 3455 820 neque
3482 755 3592 809 sci»

2029 822 2149 875 visti
2175 864 2191 888 ,
2217 827 2430 892 quando
2460 844 2489 882 a
2532 831 2798 901 principio
2829 837 3017 902 aperui
3062 838 3155 890 lilii
3188 853 3346 894 aures
3396 859 3410 895 :
3459 845 3585 898 novi

2027 911 2170 965 enim
2207 915 2348 984 quod
2375 921 2734 985 praevaricans
2775 927 3236 994 praavaricaberis,
3279 942 3332 984 et
3366 932 3584 1002 iniquus

2026 1007 2200 1062 adlme
2237 1008 2304 1062 ab
2347 1020 2501 1064 utero
2535 1015 2832 1070 vocaberis.
2872 1036 2890 1069 ι
2926 1017 3003 1073 Ne
3041 1020 3266 1089 teipsum
3299 1023 3534 1095 decipias
3565 1042 3581 1080 :

2027 1112 2094 1151 ne
2123 1098 2269 1154 dicas
2316 1111 2367 1154 te
2398 1103 2560 1156 etiam
2608 1113 2731 1158 ante
2761 1109 3095 1178 prolihetiam
3127 1127 3299 1167 meam
3339 1114 3450 1171 haec
3476 1118 3587 1173 sci-

2026 1188 2168 1243 visse
2197 1208 2210 1244 :
2243 1206 2366 1244 nam
2415 1194 2555 1247 unde
2605 1195 2699 1248 tibi
2751 1198 2862 1253 haec
2895 1201 3132 1256 notitia?
3165 1202 3424 1261 Caeterum
3460 1223 3584 1277 per-

2024 1296 2240 1336 suasum
2275 1283 2448 1340 habeo
2477 1295 2529 1340 te
2560 1303 2627 1342 ex
2661 1289 2808 1345 hisce
2844 1294 3025 1349 verbis
3054 1295 3302 1354 utilitatis
3340 1301 3472 1356 nihil
3497 1317 3585 1358 ao-

2024 1383 2242 1443 cepturu
2253 1391 2323 1429 m.

2094 1466 2257 1522 Vens.
2295 1467 2344 1522 9.
2377 1488 2396 1520 ι
2430 1467 2661 1541 Propter
2699 1489 2896 1530 nomen
2940 1492 3116 1532 meum
3162 1481 3440 1535 ostendam
3485 1481 3581 1539 tibi

2022 1556 2154 1610 iram
2190 1575 2361 1614 meam
2387 1599 2403 1625 ,
2452 1572 2506 1615 et
2551 1564 2786 1632 gloriosa
2822 1583 2940 1622 mea
2989 1569 3236 1624 inducam
3281 1588 3442 1641 super
3481 1583 3535 1631 te
3560 1616 3577 1643 ,

2022 1658 2081 1702 ut
2128 1665 2233 1704 non
2282 1652 2554 1705 destruant
2608 1664 2678 1710 te.
2735 1674 2753 1706 ι
2793 1658 3044 1713 Attamen
3096 1677 3197 1714 non
3253 1675 3470 1733 propter
3503 1675 3577 1730 te,

2019 1743 2115 1794 sed
2181 1743 2249 1796 ob
2293 1743 2630 1799 clementiam
2681 1763 2850 1803 meam
2906 1751 3016 1819 jam
3076 1753 3198 1809 hinc
3251 1758 3469 1825 praedixi
3522 1766 3579 1822 et

2026 1833 2238 1886 ostendi
2263 1833 2353 1887 tibi
2381 1833 2756 1906 futura,atque
2787 1842 3073 1908 perniciem
3106 1843 3336 1900 inimicis
3357 1849 3459 1902 tuis
3483 1849 3578 1904 ob-

2017 1933 2295 1977 ventnram
2330 1942 2343 1978 :
2377 1930 2521 1979 on‘mi
2565 1929 2724 1983 modo
2774 1931 3162 2002 occasioneque
3202 1945 3356 1992 utens
3387 1939 3453 1992 ad
3485 1953 3573 1994 sa-

2013 2011 2180 2066 lutem
2215 2023 2384 2069 tuam.

2087 2100 2246 2158 Vens.
2274 2104 2360 2168 10,
2398 2105 2484 2160 ll.
2523 2125 2542 2158 ι
2581 2108 2716 2163 Ecce
2742 2111 2954 2166 vendidi
2995 2123 3067 2178 te,
3094 2130 3200 2169 non
3238 2128 3454 2186 propter
3481 2136 3573 2174 ar-

2010 2202 2228 2258 gentum
2264 2213 2276 2250 :
2313 2198 2430 2250 erui
2474 2207 2656 2252 autem
2703 2209 2754 2255 te
2794 2202 2860 2256 de
2903 2203 3126 2261 fornace
3155 2211 3519 2266 mendicitatis
3552 2230 3568 2267 :

2009 2295 2226 2354 propter
2257 2303 2340 2343 me
2368 2288 2564 2344 faciam
2603 2293 2718 2358 tibi,
2752 2294 2876 2361 quia
2929 2312 3126 2353 nomen
3171 2315 3345 2355 meum
3389 2305 3572 2374 profa-

2010 2384 2194 2427 natum
2223 2386 2326 2443 est,
2358 2388 2412 2432 ct
2436 2380 2664 2449 gloriam
2688 2397 2860 2436 meam
2893 2384 3048 2439 alteri
3081 2402 3182 2441 non
3211 2388 3368 2444 dabo.
3405 2411 3423 2443 ι
3451 2389 3567 2448 Non

2007 2467 2076 2521 ob
2109 2480 2391 2536 argentum
2449 2474 2666 2527 vendidi
2721 2483 2806 2539 te,
2855 2477 2948 2530 sed
2996 2479 3062 2530 ad
3103 2479 3384 2536 utilitatem
3419 2492 3566 2539 tuam

2007 2555 2059 2610 i'd
2089 2557 2245 2613 elfeci
2275 2599 2291 2623 ,
2340 2570 2398 2614 ut
2430 2562 2532 2616 hoc
2566 2565 2722 2618 modo
2755 2567 2821 2618 ad
2865 2581 3051 2620 sanam
3082 2582 3312 2626 mentem
3347 2576 3570 2634 reduca-

2005 2649 2080 2703 ris
2110 2663 2129 2702 ι
2165 2652 2421 2719 quoniam
2457 2653 2639 2709 verbis
2668 2664 2723 2709 et
2752 2658 2972 2713 monitis
3018 2659 3235 2714 allatam
3266 2663 3565 2723 institutio-

2004 2753 2126 2790 nem
2187 2753 2292 2792 non
2340 2741 2634 2799 admisisti.
2682 2741 2920 2801 Inimicis
2968 2743 3146 2804 autem
3199 2767 3302 2806 non
3347 2757 3564 2825 argenti

2001 2830 2173 2897 gratia
2205 2832 2416 2887 vendidi
2471 2843 2559 2900 te;
2608 2837 2706 2891 sed
2752 2850 3095 2906 peccatorum
3131 2853 3184 2896 et
3227 2844 3558 2910 impietatum

2003 2930 2211 2974 tuarum
2239 2937 2401 2978 causa
2437 2943 2450 2977 :
2485 2941 2606 2980 nam
2636 2931 2871 2997 peccatis
2918 2932 3111 2987 vestris
3153 2935 3356 2991 vend-iti
3405 2944 3562 2995 estis.

329 3012 506 3076 οὓτως
530 3015 673 3067 ἐάσω
706 3014 847 3084 ὑμᾶς
879 3016 990 3078 τοῖς
1025 3014 1237 3086 ἐχθροῖς
1263 3017 1550 3072 δουλεύειν
1584 3020 1716 3072 ἀλλά
1742 3021 1900 3074 πάλιν

2006 3009 2250 3066 Attamen
2301 3028 2367 3067 ne
2419 3014 2493 3070 ita
2542 3018 2756 3086 quidem
2789 3035 2883 3076 vos
2929 3023 3160 3080 inimicis
3204 3029 3408 3083 servire
3441 3045 3564 3100 ρει-ο

329 3104 698 3178 λυτρώσομαι,
741 3108 835 3160 καὶ
874 3105 1058 3181 ὥσπερ
1113 3109 1220 3161 ἀπὸ
1254 3111 1480 3181 καμίνου
1532 3114 1803 3184 πτωχείας
1841 3116 1903 3168 ἐκ

328 3197 430 3266 ⁴ιῆς
473 3198 578 3251 ὑπὸ
611 3200 722 3262 τοῖς
753 3198 1113 3264 Βαϐυλωνίοις
1147 3200 1440 3268 κακώσεως
1487 3201 1642 3270 αὖθις
1685 3206 1900 3261 ἐλευθεο

330 3288 513 3363 ρὼσω.

404 3401 426 3434 ι
476 3382 671 3437 ’Δκουέ
703 3400 824 3460 μου,
873 3381 1088 3448 Ἰακὼϐ,
1123 3385 1218 3439 καὶ
1255 3383 1476 3460 Ἰσραὴλ
1501 3384 1558 3441 ὃν
1593 3385 1701 3458 ἐγὼ
1729 3389 1896 3443 καλῶ.

340 3469 487 3542 Ἐγώ
516 3475 633 3543 εἰμι
675 3452 909 3544 πρῶτος,
926 3474 1021 3527 καὶ
1047 3473 1156 3543 ἐγώ
1179 3477 1290 3547 είμι
1320 3452 1400 3540 είς
1430 3452 1519 3531 τὸν
1544 3452 1733 3545 αίιῦνα,
1757 3482 1896 3552 καὶὴ

326 3565 450 3637 χείρ
483 3584 587 3637 μου
613 3566 934 3637 ἐθεμελίωσε
963 3567 1061 3638 τὴν
1090 3571 1212 3640 γῆν,
1250 3569 1342 3622 καὶ
1371 3570 1404 3639 ή
1432 3569 1580 3634 δεξιά
1616 3589 1717 3642 μου
1748 3573 1900 3626 ἐστε-

329 3655 503 3726 ρέωσε
547 3655 635 3708 τὸν
681 3653 939 3728 οῦρανόν’
983 3656 1196 3711 καλέσω
1231 3658 1446 3723 αὐτοὺς,
1480 3660 1573 3713 καὶ
1613 3663 1896 3733 στήσονται

325 3746 468 3817 ἅμα.
513 3767 532 3799 ι
577 3748 664 3800 Ἐν
700 3747 909 3813 τούτοις
939 3750 1064 3813 τοὺς
1091 3750 1484 3821 κατορθοῦντας
1529 3753 1893 3818 ἀνακαλεῖται,

321 3837 413 3891 διὰ
446 3838 554 3892 τῶν
597 3838 902 3911 ἔμπροσθεν
935 3839 1151 3911 ἐτέρους
1189 3842 1314 3905 τοὺς
1354 3843 1480 3912 παρ’
1509 3841 1691 3908 αὐτοῖς
1719 3844 1896 3898 διαϐε-

325 3929 427 4001 ϐλη
435 3930 626 4000 μένους
650 3930 937 4002 ὀνομάσαςο
972 3931 1086 3984 ἀλλ’
1115 3931 1346 3986 ἐνταῦθα
1367 3935 1477 3996 τοῖς
1497 3934 1766 4004 κρείττοσι
1791 3936 1897 3990 δια-

320 4023 562 4092 λέγεται,
608 4021 703 4087 οὓς
747 4041 768 4075 ι
819 4024 1051 4095 κλητοὺς
1093 4042 1113 4076 ο
1154 4023 1428 4094 ὀνομάζει.
1475 4021 1652 4078 Ἦσαν
1688 4025 1796 4098 γὰρ
1836 4027 1896 4093 ἐξ

320 4115 532 4168 ἐκείνου
567 4114 751 4168 πολλοὶ
788 4114 994 4185 κλητοὶ,
1029 4113 1201 4182 ὀλίγοι
1249 4113 1306 4166 δέ
1347 4112 1622 4167 ἐκλεκτοί·
1668 4115 1807 4187 πλὴν
1845 4119 1893 4170 οἱ

319 4205 662 4277 δηλοῦμενοι,
693 4205 792 4260 οὐκ
817 4202 954 4277 ἦσαν
985 4203 1267 4272 ἐκλεκτοὶ,
1297 4204 1435 4258 ἀλλά
1462 4205 1667 4277 κλητοί.

2006 3101 2243 3168 mittam;
2289 3105 2385 3160 sed
2417 3106 2611 3163 iterum
2645 3112 2905 3167 redimam
2927 3151 2949 3178 ~,
2988 3126 3079 3180 et,
3114 3132 3208 3172 ceu
3239 3134 3305 3173 ex
3337 3119 3559 3177 fornace

2004 3193 2403 3264 mendicitatis,
2450 3213 2515 3254 ex
2551 3199 2640 3255 illa
2674 3201 2978 3262 calamitate
3007 3207 3331 3280 Babylonica
3366 3215 3558 3270 iterum

2000 3288 2248 3356 eripiam.

2069 3379 2236 3436 τινας.
2266 3381 2354 3444 ⁸12,
2398 3383 2484 3438 15.
2520 3401 2542 3435 ι
2579 3385 2715 3440 Audi
2745 3401 2853 3453 me,
2888 3386 3054 3445 Iacob
3074 3430 3089 3455 ,
3124 3401 3175 3446 et
3205 3394 3369 3450 Israel
3399 3411 3557 3465 quem

1996 3483 2096 3539 ego
2125 3485 2278 3526 voco.
2323 3473 2435 3542 Ego
2466 3489 2584 3528 sum
2629 3477 2834 3545 primus
2855 3518 2873 3544 ,
2923 3489 2971 3534 et
3003 3496 3103 3549 ego
3133 3497 3252 3536 sum
3305 3485 3357 3538 in
3385 3501 3560 3543 saecu-

1998 3557 2104 3612 lum
2130 3597 2147 3625 ,
2181 3574 2236 3616 et
2266 3577 2457 3619 manus
2491 3579 2606 3619 mea
2655 3565 2898 3621 fundavit
2945 3577 3148 3624 terram
3179 3611 3194 3635 ,
3245 3583 3299 3627 et
3335 3579 3555 3632 dextera

1998 3666 2116 3706 mea
2165 3653 2398 3707 firmavit
2443 3656 2638 3711 eaalum
2671 3675 2686 3712 :
2724 3661 2930 3713 vocabo
2964 3674 3057 3716 eos
3081 3703 3096 3724 .
3122 3673 3176 3716 et
3204 3667 3424 3718 stabunt
3477 3669 3556 3722 si-

1998 3745 2127 3798 mul.
2173 3765 2191 3799 ι
2227 3743 2282 3800 In
2314 3749 2399 3803 his
2422 3764 2516 3804 eos
2543 3762 2754 3816 evocat,
2785 3752 2874 3820 qui
2907 3753 3042 3808 bene
3067 3770 3126 3810 se
3164 3768 3387 3826 gerunt,
3413 3769 3555 3827 post-

1987 3845 2156 3900 quam
2189 3835 2241 3889 in
2271 3838 2700 3906 prazcedentibus
2727 3841 2863 3896 alios
2885 3883 2901 3908 ,
2947 3845 3037 3912 qui
3067 3848 3206 3913 apud
3241 3848 3386 3917 ipsos
3417 3849 3554 3905 male

1995 3925 2324 3993 audiebant,
2361 3941 2701 3986 evocaverat.
2732 3928 2929 3987 Verum
2960 3936 3047 3989 hic
3088 3941 3554 4003 priestantioribus

1997 4015 2253 4086 loquitur,
2283 4036 2420 4089 quos
2452 4042 2470 4074 ι
2502 4032 2721 4082 vocatos
2759 4043 2778 4076 ›
2815 4027 3069 4095 appellat.
3099 4028 3231 4082 Nam
3269 4042 3394 4088 tunc
3421 4048 3555 4101 quo-

1995 4125 2099 4178 que
2147 4123 2301 4165 erant
2356 4113 2509 4168 inulti
2545 4117 2716 4169 vocati
2746 4155 2761 4181 ,
2797 4119 2956 4184 pauci
3008 4119 3163 4176 electi
3216 4141 3229 4177 :
3286 4119 3553 4180 memora-'-

1997 4199 2032 4252 ti
2086 4215 2247 4268 porro
2296 4201 2540 4258 homines
2586 4220 2692 4258 non
2745 4205 2941 4274 electi,
2990 4210 3082 4264 sed
3134 4217 3338 4266 tantum
3375 4215 3551 4269 vocati

1993 4300 2170 4345 erant.

398 4401 418 4432 α
458 4383 566 4436 Καὶ
588 4384 1008 4454 συναχθήσονται
1039 4383 1262 4450 πάντες,
1296 4384 1390 4438 καὶ
1422 4384 1762 4440 ἀκούσονται.
1793 4385 1889 4450 Τίς

2061 4381 2226 4438 Vens.
2275 4385 2360 4440 Η.
2403 4403 2425 4438 ι
2480 4385 2545 4441 Et
2590 4390 3064 4460 congregabuntur
3092 4408 3323 4459 omnes,
3371 4404 3424 4448 et
3453 4411 3550 4449 an-

318 4473 504 4538 αῦτοίς
528 4474 811 4545 ἀνήγγειλε
832 4475 1002 4530 ταῦτα
1023 4491 1037 4542 ;
1064 4494 1088 4527 ι
1132 4475 1216 4539 Ὠς
1241 4475 1348 4548 γὰρ
1370 4476 1605 4549 δεσπότῃ
1629 4475 1891 4547 προστάτ-

317 4581 466 4617 τοντι
497 4565 860 4619 ὑπακούουσιν
907 4568 961 4618 al
1001 4566 1378 4639 προλεχθείσαι
1420 4567 1709 4638 δυνάμεις·
1752 4567 1888 4621 ἀλλά

320 4657 416 4709 καὶ
457 4657 800 4728 συναχθεῖσαι
851 4658 942 4710 ἐπὶ
983 4659 1047 4710 τὸ
1089 4659 1221 4712 αὐτὸ
1263 4659 1480 4712 ἑστᾶσιν
1527 4660 1886 4730 ἀκουσόμεναι

316 4747 430 4801 τῶν
455 4748 618 4801 αὺτοῦ
650 4748 844 4817 λόγων.
872 4746 1042 4803 Τοῦτό
1067 4768 1148 4803 τοι
1179 4750 1363 4823 ἐδήλου
1403 4752 1495 4803 καὶ
1527 4753 1584 4803 ἐν
1616 4752 1756 4822 ἀρχῇ
1788 4754 1887 4822 τῆς

320 4836 508 4906 βίϐλου
536 4839 758 4906 φάσκων
783 4840 812 4891 ὁ
835 4840 1011 4908 λόγος,
1046 4859 1064 4892 ι
1104 4845 1320 4906 ΙἌκουε,
1349 4841 1562 4914 οὐρανέ,
1587 4843 1678 4896 καὶ
1705 4843 1889 4896 ἐνωτί-

317 4927 440 4991 ζου,
466 4929 499 4997 ή
529 4929 621 4999 γῆ,
655 4930 736 4983 ὅτι
759 4925 960 5002 Κῦριος
986 4931 1260 5004 ἐλάλησεν.
1301 4951 1322 4984 ι

394 5039 414 5070 ε
438 5020 689 5087 Ἀγαπῶν
716 5037 774 5073 σε
795 5023 1022 5094 ἐποίησα
1033 5023 1091 5076 τὸ
1113 5023 1322 5095 θέλημά
1337 5036 1432 5078 σου
1462 5025 1554 5078 ἐπὶ
1572 5024 1884 5090 Βαϐυλῶνα,
1908 5089 1919 5097 ι

314 5110 414 5163 τοῦ
470 5106 600 5180 ἆραι
646 5108 866 5185 σπέρμα
911 5114 1209 5168 Χαλδαίων.
1277 5115 1422 5183 Ἐγὼ
1464 5115 1721 5185 ἐλάλησα,
1775 5115 1884 5184 ἐγὼ

316 5197 576 5253 ἐκάλεσα.
616 5203 857 5270 Ἥγαγον
901 5203 1080 5266 αὑτὸν,
1117 5204 1209 5256 καὶ
1237 5203 1490 5258 eseam
1517 5205 1612 5277 τὴν
1642 5205 1758 5260 ὁδον
1787 5206 1882 5258 αῦ-

311 5291 434 5344 τοῦ.
487 5292 866 5363 Προσαγάγετε
910 5295 1046 5366 πρὸς
1086 5295 1172 5365 μὲ,
1229 5297 1318 5349 καὶ
1365 5296 1630 5351 ἀκούσατε
1673 5298 1878 5352 ταῦτα’

313 5382 434 5433 Οὐκ
465 5383 561 5434 ἀπ’
586 5383 757 5455 ἀρχῆς
797 5385 854 5436 ἐν
881 5388 1059 5456 κρυφῇ
1096 5385 1399 5455 ιλελάληκαο
1446 5389 1603 5461 ήνίκα
1646 5388 1878 5456 ἐγένετο,

311 5475 436 5528 ἐκεῖ
481 5474 648 5545 ήμην.
697 5475 804 5528 Καὶ
831 5477 923 5530 νῦν
966 5477 1167 5550 Κύριος
1212 5477 1413 5550 Κύριος
1449 5479 1752 5552 ἀπέστρεψὲ
1789 5497 1876 5551 με,

383 5680 438 5714 ⁸⁸
465 5680 569 5736 lsa.
598 5696 667 5748 ι,
695 5679 750 5735 1.

645 5774 907 5834 ΡΑτιιοι.
955 5775 1074 5837 Gtt.
1121 5777 1353 5840 XXIV.

1985 4472 2153 4529 dient.
2182 4477 2313 4542 Quis
2340 4477 2472 4547 ipsis
2504 4478 2617 4532 lucc
2643 4480 3022 4537 annuntiavit?
3060 4502 3078 4536 ι
3121 4483 3249 4538 Nam
3280 4486 3548 4554 praedicta:

1985 4565 2210 4621 virtutes
2254 4578 2313 4622 ut
2355 4568 2564 4639 jubenti
2606 4571 2831 4626 Domino
2868 4583 3093 4643 parent;
3122 4577 3250 4643 quin
3280 4576 3441 4629 etiam
3491 4579 3542 4630 in

1987 4673 2151 4712 unum
2182 4671 2542 4732 congregatae,
2567 4673 2714 4717 stant
2743 4675 2800 4718 ut
2823 4664 2942 4734 ejus
2965 4678 3269 4719 sermonem
3299 4668 3540 4721 audiant.

1986 4747 2041 4802 ιιι
2070 4763 2201 4804 sane
2244 4751 2401 4806 initlo
2429 4752 2738 4808 declarabat
2785 4757 2868 4810 his
2915 4755 3127 4821 verbis,
3165 4773 3182 4806 ι
3222 4757 3378 4820 Audi,
3428 4771 3541 4812 cm—

1989 4839 2096 4892 lum
2122 4881 2137 4902 ,
2171 4851 2226 4894 et
2255 4842 2476 4896 auribus
2505 4846 2721 4911 percipe
2742 4885 2757 4909 ,
2788 4856 2930 4900 terra
2958 4885 2972 4911 ,
3001 4846 3129 4914 quia
3162 4845 3418 4901 Dominus
3466 4849 3547 4904 lo-

1989 4940 2143 4984 cutus
2164 4942 2245 4984 est
2267 4933 2332 4988 °'.
2377 4952 2396 4986 ι

2061 5022 2221 5078 Vens.
2255 5025 2440 5080 15-20.
2483 5043 2503 5078 ι
2544 5027 2778 5099 Diligens
2809 5036 2856 5082 to
2900 5027 3003 5082 feci
3036 5028 3366 5082 voluntatem
3395 5037 3546 5084 tuam

1985 5130 2146 5184 super
2174 5117 2518 5190 Babylonem,
2547 5131 2603 5173 ut
2631 5119 2894 5177 auferrem
2935 5137 3114 5176 semen
3144 5119 3541 5177 Chalda‘orum.

1989 5209 2097 5276 Ego
2130 5207 2340 5265 locutus
2372 5227 2487 5266 sum
2516 5252 2530 5276 ,
2563 5222 2617 5268 et
2649 5227 2750 5282 ego
2778 5213 2984 5267 vocavi.
3039 5211 3250 5265 Adduxi
3293 5226 3415 5265 eum
3439 5252 3454 5274 ,
3485 5222 3540 5266 et

1987 5315 2299 5369 prosperam
2322 5303 2421 5357 feci
2445 5305 2582 5356 viam
2611 5304 2746 5374 ejus.
2776 5304 3034 5358 Adducite
3061 5302 3124 5356 ad
3155 5319 3260 5367 me,
3279 5313 3333 5358 et
3361 5304 3546 5358 audito

1986 5390 2098 5444 haec
2129 5430 2143 5454 ,
2180 5389 2292 5444 Non
2330 5392 2399 5447 ab
2457 5394 2610 5447 initio
2659 5395 2710 5447 in
2761 5393 3075 5448 abscondito
3117 5393 3329 5449 locutus
3370 5410 3487 5449 sum
3521 5410 3543 5452 :

1985 5495 2106 5536 cum
2156 5481 2343 5539 ﬁerent
2369 5524 2386 5551 ,
2415 5485 2490 5539 ibi
2529 5499 2701 5540 eram.
2730 5483 2794 5540 Et
2823 5500 2962 5538 nunc
3001 5486 3260 5541 Dominus
3285 5483 3548 5548 Domine:

3156 5789 3229 5853 15
