4108 6204
534 323 636 378 ηἳ

1164 318 1429 377 EUSEBII
1466 315 1937 374 CESARlENSlS
1976 315 2123 372 OPP.
2168 313 2348 369 PARS
2386 314 2470 369 ill.
2511 345 2579 355 —
2618 313 3026 371 EXEGETICA.

3643 312 3747 371 428

535 442 731 497 avertit
762 451 937 504 me,et
968 437 1204 505 Spiritus
1235 437 1368 504 ejus.
1401 436 1490 490 Sic
1522 436 1650 490 dicit
1685 436 1966 501 Dominus,
1996 435 2084 505 qui

2202 434 2283 485 ιιαὶ
2320 432 2380 485 τὸ
2419 431 2638 502 Πνεῦμα
2680 432 2863 485 αὑτοῦ.
2897 431 3051 485 Οῦτω
3083 429 3229 499 λέγει
3271 428 3493 501 Κύριος,
3522 430 3549 483 ό
3589 432 3755 501 ῥυσάι

532 534 673 587 eruit
707 528 1231 594 te,‘Sanctuslsrael
1266 548 1279 584 :
1321 527 1430 597 ligo
1460 544 1576 582 sum
1626 526 1767 582 Deus
1816 537 1937 581 tuus
1961 567 1975 590 ,
2029 542 2091 579 o-

535 622 708 677 stendi
735 623 849 687 tibi,
879 631 935 674 ut
964 621 1230 674 invenires
1257 621 1396 674 viam
1441 621 1493 672 in
1539 635 1643 687 qua
1674 620 1998 672 ambulares.
2030 617 2096 671 Et

534 718 577 768 si
612 715 855 769 audisses
890 713 1137 765 mandata
1169 726 1285 764 mea
1310 751 1325 774 ,
1364 710 1552 764 fuisset
1586 712 1740 780 quasi
1773 710 1965 763 ﬂuvius
1990 725 2094 778 pax

536 819 645 868 tua,
672 815 725 859 et
754 804 959 873 justitia
993 816 1081 855 tua
1106 800 1371 855 utﬂnctus
1407 802 1571 855 maris
1602 819 1616 854 :
1648 812 1702 855 et
1732 802 1921 855 fuisset
1941 799 2091 868 quasi

534 910 695 947 arena
730 907 911 946 semen
938 904 1105 953 tuum,
1151 902 1205 945 et
1242 891 1453 944 fructus
1483 890 1687 943 ventris
1715 890 1788 943 tui
1813 890 1949 943 sicut
1980 890 2097 960 pul-

538 986 611 1035 vis
638 992 795 1037 terra:
830 1002 842 1035 ε
882 998 1057 1050 neque
1086 996 1227 1035 nunc
1254 981 1726 1044 exterminaberis,
1762 996 1934 1049 neque
1977 995 2097 1050 per-

535 1075 632 1126 ibit
685 1089 876 1127 nomen
911 1084 1059 1126 tuum
1113 1073 1166 1126 in
1215 1084 1505 1142 conspectu
1536 1089 1673 1125 meo.
1727 1072 2003 1140 Egredere
2029 1088 2097 1126 ex

535 1166 806 1235 Babylone
832 1206 844 1228 ,
878 1164 1089 1232 fugiens
1114 1181 1141 1217 a
1176 1165 1460 1222 Chaldteis.
1500 1165 1697 1219 Vocem
1742 1165 2097 1229 iucunditatis

536 1258 848 1311 aununtiate
889 1272 1057 1324 usque
1104 1258 1169 1311 ad
1204 1268 1503 1312 extremum
1544 1266 1698 1310 terrae
1731 1274 1744 1309 :
1776 1256 1938 1311 dicite
1963 1296 1977 1320 ,
2013 1257 2098 1311 Li-

534 1350 745 1401 beravit
798 1349 1052 1403 Dominus
1106 1366 1317 1404 servum
1371 1366 1525 1405 suum
1575 1348 1761 1404 Jacob.
1821 1367 1840 1400 ι
1900 1348 2099 1415 Quaru-

534 1440 745 1503 nbrem,
780 1455 899 1494 cum
932 1440 1039 1507 jam
1080 1441 1208 1494 hinc
1238 1440 1494 1511 pollicear
1529 1456 1612 1493 me
1641 1456 1741 1493 non
1775 1440 2100 1494 extermina-

537 1541 714 1585 turum
748 1542 796 1585 te
820 1573 834 1597 ,
868 1547 1043 1600 neque
1074 1547 1271 1585 nomen
1300 1541 1451 1586 tuum
1479 1532 1778 1585 deleturum
1813 1545 1955 1594 esse,
1986 1530 2097 1584 dixi

538 1624 632 1677 tibi
659 1662 675 1688 ,
720 1632 776 1677 ut
807 1625 984 1677 exires
1014 1624 1078 1677 de
1114 1623 1387 1693 Babylone
1410 1662 1427 1690 ,
1484 1623 1736 1676 dimissus
1766 1636 1830 1676 ac
1860 1621 1996 1676 liber
2029 1622 2097 1675 ab

2200 525 2358 595 μενός
2407 542 2486 586 σε,
2540 526 2721 591 ’Ἄγιος
2750 524 2991 596 Ἰσραήλ·
3062 522 3201 591 Ἐγώ
3246 523 3361 593 εἰμι
3403 524 3431 575 ό
3478 521 3607 585 Θεός
3643 540 3757 591 σου,

2194 616 2401 686 δέδειχά
2448 633 2528 668 σοι
2566 617 2624 669 τὸ
2664 617 2839 687 εὑρεῖν
2876 633 2933 668 σε
2978 615 3073 687 τὴν
3107 614 3222 669 ὁδὸν
3267 617 3324 669 ἐν
3431 616 3672 689 πορεύσῃ
3708 618 3764 669 ἐν

2195 708 2351 776 αὐτῇ.
2385 707 2494 757 Καὶ
2532 707 2578 757 εἰ
2610 707 2844 777 ἤκουσας
2876 704 2983 757 τῶν
3024 704 3250 757 ἐντολῶν
3287 719 3410 775 μου,
3449 702 3669 770 ἐγένετο
3701 703 3765 755 ἂν

2195 798 2326 849 ὡσεὶ
2361 798 2605 867 ποταμὸς
2644 800 2675 868 ἡ
2718 799 2904 868 εἰρήνη
2950 815 3062 860 σου,
3099 797 3191 849 καὶ
3236 797 3271 867 ἡ
3310 796 3620 866 δικαιοσύνη
3676 810 3768 846 σου

2194 888 2268 951 ὡς
2298 888 2448 959 κῦμα
2479 888 2753 960 Θαλάσσης
2772 905 2784 918 ·
2818 889 2911 941 καὶ
2938 889 3150 955 ἐγένετο
3186 888 3249 942 ἀν
3273 889 3403 941 ὡσεὶ
3432 889 3464 958 ἡ
3492 888 3677 958 ἄμμος
3708 885 3769 936 τὸ

2197 981 2417 1051 σπέρμα
2463 997 2577 1046 σου,
2631 982 2720 1037 καὶ
2763 981 2831 1034 τὰ
2871 982 3066 1050 ἐγγονα
3106 981 3202 1052 τῆς
3244 980 3446 1043 κοιλίας
3489 997 3582 1047 σου
3626 978 3702 1043 ὡς
3739 978 3768 1031 ό

2197 1071 2324 1142 χοῦς
2359 1071 2457 1142 τῆς
2495 1073 2615 1143 γῆς.
2672 1072 2807 1126 Ούδέ
2849 1072 2943 1126 νῦν
2974 1074 3035 1125 ού
3092 1072 3164 1143 μὴ
3216 1071 3625 1143 ἐξολοθρευθῇς,
3657 1069 3767 1123 οὐδ’

2198 1164 2475 1218 ἀπολεῖται
2508 1164 2569 1216 τὸ
2611 1164 2781 1234 ὄνομά
2827 1182 2920 1217 σου
2965 1163 3191 1217 ἐνώπιον
3234 1164 3385 1233 ἐμοῦ.
3435 1162 3656 1227 Ἔξελθε
3703 1163 3769 1215 ἐκ

2198 1256 2534 1321 Βαϐυλῶνος,
2574 1256 2788 1326 φεύγων
2832 1257 2939 1309 ἀπὸ
2987 1257 3095 1309 τῶν
3127 1256 3423 1309 Χαλδαίων.
3461 1256 3643 1326 Φωνὴν
3675 1256 3769 1310 εὗ-

2201 1348 2473 1419 φροσύνης
2504 1348 2859 1416 ἀναγγείλατε
2888 1347 2991 1410 ἓως
3021 1336 3247 1418 ἐσχάτου
3272 1333 3370 1418 τῆς
3395 1348 3522 1418 γῆς⁹
3559 1347 3767 1416 λέγετε,
3860 1396 3871 1405 ,

2212 1441 2509 1513 Ἐῤῥύσατο
2544 1442 2745 1513 Κύριος
2786 1441 2876 1494 τὸν
2904 1441 3089 1493 δοῦλον
3124 1440 3288 1495 αὑτοῦ
3338 1441 3560 1494 Ἰακὼϐ.’
3599 1459 3616 1492 ι
3651 1441 3769 1495 Διό-

2201 1553 2305 1607 περ
2339 1534 2588 1589 ἐντεῦθεν
2633 1535 2731 1606 ἦδη
2780 1534 3244 1606 ἐπαγγελλόμενος
3286 1534 3360 1605 μὴ
3395 1533 3771 1605 ἐξολοθρεῦσαί

2201 1643 2280 1689 σε,
2334 1626 2456 1696 μηδ’
2498 1625 2771 1695 ἐξαλεῖψαι
2810 1626 2870 1678 τὸ
2915 1626 3083 1697 όνομά
3119 1644 3234 1691 σου,
3281 1624 3411 1679 εἶπά
3453 1642 3533 1677 σοι
3567 1625 3773 1691 ἐξιέναι

534 1714 878 1767 inimicorum
928 1725 1095 1767 metu.
1131 1714 1363 1782 Accepta
1402 1722 1579 1766 autem
1639 1713 1705 1765 ad
1740 1713 1954 1780 propria
2007 1727 2094 1767 re-

2202 1718 2305 1772 ἀπὸ
2334 1718 2669 1781 Βαϐυλῶνος,
2700 1718 2895 1786 ἄφετον
2922 1720 3015 1772 καὶ
3048 1718 3326 1790 ἐλεύθερον
3353 1717 3446 1771 τοῦ
3476 1717 3584 1769 τῶν
3614 1716 3773 1771 πολε-

531 1804 779 1857 γεηιειιάί
817 1814 1081 1872 potestate
1114 1844 1129 1870 ,
1183 1818 1251 1857 ne
1298 1804 1490 1872 supine
1530 1812 1585 1857 et
1632 1805 1927 1859 oscitanter
1958 1804 2096 1857 viam

532 1910 755 1965 capesse
780 1933 794 1958 ,
832 1897 924 1949 sed
975 1910 1094 1948 cum
1140 1894 1286 1949 omni
1322 1895 1622 1962 diligentia.
1677 1893 1810 1948 Nam
1847 1902 2100 1949 occurret

538 1991 633 2042 tibi
672 2004 772 2042 vox
807 1988 1027 2051 Ιίιιιὶιίω,
1055 2002 1215 2056 quam
1244 1988 1327 2041 vel
1366 1985 1477 2054 jam
1513 1986 1641 2039 hinc
1676 1985 1864 2038 audias
1893 2001 1907 2038 :
1939 1984 2100 2052 quin-

535 2080 699 2132 etiam
728 2094 914 2133 omnes
945 2079 1036 2146 qui
1070 2092 1349 2132 sermones
1384 2092 1533 2131 meos
1572 2076 1883 2141 audierint,
1920 2076 1986 2129 de
2015 2091 2101 2129 sa-

534 2170 649 2221 lute
684 2179 772 2221 tua
805 2184 908 2221 una
939 2168 1270 2236 gaudebunt.
1308 2167 1373 2220 Et
1414 2166 1526 2221 hmc
1556 2166 1771 2235 quidem
1806 2168 2099 2219 secundum

536 2259 817 2312 historiam
842 2298 857 2321 ,
908 2273 1012 2311 non
1071 2256 1275 2310 reditus
1322 2270 1387 2309 ex
1420 2254 1735 2323 captivitate
1770 2252 2101 2323 Babylonica

541 2364 781 2420 tempore
808 2360 958 2419 gesta
1005 2358 1167 2413 sunt,
1208 2364 1329 2403 cum
1360 2348 1436 2411 ii,
1480 2346 1568 2414 qui
1603 2360 1631 2399 a
1680 2344 1823 2416 Cyro
1851 2357 1905 2399 et
1940 2347 2101 2400 Dario

537 2442 822 2497 Persarum
857 2442 1071 2511 regibus
1100 2440 1348 2494 libertate
1374 2438 1561 2493 donati
1588 2436 1826 2503 fuerant,
1858 2446 2101 2493 reverte-

542 2544 687 2588 runt.
739 2536 815 2587 Ac
844 2534 1138 2587 secundum
1170 2532 1503 2601 intelligendi
1537 2532 1799 2584 rationem
1828 2568 1842 2593 ,
1895 2542 2015 2584 cum
2049 2530 2101 2583 in

542 2626 768 2683 historia
822 2626 889 2680 ad
949 2626 1177 2680 litteram
1231 2624 1455 2694 reperiri
1519 2633 1751 2691 nequeat
1805 2632 1957 2691 petra
2013 2622 2103 2675 illa

540 2736 711 2792 aquas
739 2720 989 2773 etnittens
1019 2718 1069 2771 in
1099 2718 1269 2772 reditu
1300 2716 1478 2787 populi
1508 2756 1523 2781 ,
1555 2716 1791 2771 dicemus
1831 2714 1883 2768 in
1916 2714 1979 2768 iis
2014 2714 2103 2783 qui

540 2831 571 2868 a
602 2812 870 2884 spirituali
896 2811 1207 2879 captivitate
1256 2810 1308 2863 in
1346 2817 1665 2878 perpetuum
1698 2805 1912 2860 liberati
1939 2814 2101 2869 sunt,

2204 1810 2341 1881 μίων
2374 1809 2537 1879 φόϐου
2572 1809 2882 1879 γενόμενον.
2937 1810 3128 1863 Λαϐὼν
3166 1811 3221 1862 δὲ
3265 1808 3363 1880 τὴν
3394 1808 3638 1874 ἐξουσίαν
3668 1810 3777 1877 τῆς

2199 1902 2279 1962 εἰς
2321 1898 2389 1952 τά
2431 1900 2604 1952 οἰκεῖα
2648 1899 2929 1961 ἐπανόδου,
2978 1900 3051 1971 μὴ
3099 1900 3303 1963 ὑπτίως
3350 1900 3483 1971 μηδὲ
3522 1899 3777 1971 νωχελῶς

2201 1991 2354 2045 ποιοῦ
2389 1990 2485 2062 τὴν
2520 1993 2765 2063 πορείαν,
2795 1994 2890 2045 σὺν
2930 1992 3116 2063 ἁπάσῃ
3147 1990 3201 2044 δέ
3240 1992 3461 2064 σπουδῇ.
3508 1993 3779 2063 Ἀπαντή-

2203 2103 2284 2139 σει
2318 2086 2427 2157 γάρ
2469 2104 2549 2139 σοι
2582 2088 2731 2158 φωνὴ
2777 2086 3133 2158 εὐφροσύνης,
3169 2086 3416 2139 ἐντεῦθεν
3449 2087 3549 2157 ἤδη
3583 2088 3781 2141 ἀκουοη

2205 2180 2390 2250 μένηςο
2421 2177 2555 2231 ἀλλά
2592 2180 2684 2231 καὶ
2713 2179 2910 2243 πάντες
2936 2180 2985 2231 οἱ
3028 2179 3135 2231 τῶν
3170 2178 3316 2250 ἐμῶν
3342 2178 3513 2247 λόγων
3545 2179 3773 2233 ἀκοῦον.

2200 2284 2290 2330 τες
2327 2268 2761 2337 συγχαρήσονταί
2810 2285 2901 2320 σου
2946 2271 3011 2338 τῇ
3064 2269 3323 2339 σωτηρίᾳ.
3365 2270 3474 2323 Καὶ
3504 2270 3671 2323 ταῦτα
3715 2270 3776 2324 δὲ

2202 2360 2337 2431 πρὸς
2383 2360 2480 2428 μὲν
2520 2359 2760 2431 ἱστορίαν
2804 2360 2903 2413 ούκ
2938 2360 3240 2431 ἐπληροῦτο
3281 2361 3418 2414 κατά
3450 2360 3539 2414 τὸν
3582 2362 3775 2432 χρόνον

2200 2450 2301 2519 τῆς
2334 2447 2441 2500 ἀπὸ
2487 2447 2803 2511 Βαϐυλῶνος
2850 2447 3128 2511 ἐπανόδου,
3170 2447 3277 2501 τῶν
3319 2448 3777 2520 ⁴Ιῖλευθερωμένων

2203 2542 2306 2595 ὑπὸ
2338 2540 2519 2612 Κύρου
2551 2541 2643 2594 καὶ
2671 2542 2891 2614 Δαρείου
2930 2540 3037 2595 τῶν
3072 2541 3506 2611 βασιλευσάντων
3536 2546 3593 2595 ἐν
3628 2543 3774 2615 Πέρ-

2204 2647 2342 2693 σαις·
2368 2623 2466 2683 καὶ
2494 2630 2629 2700 πρὸς
2657 2630 2714 2683 δὲ
2754 2631 3011 2697 διάνοιαν,
3046 2631 3166 2683 ἐπεὶ
3202 2631 3275 2703 μὴ
3311 2632 3423 2685 ἐστι
3458 2633 3594 2704 πρὸς
3626 2632 3777 2697 λέξιν

2203 2718 2379 2789 εὑρεῖν
2417 2720 2475 2771 ἐν
2506 2722 2571 2790 τῇ
2605 2720 2814 2791 ἱστορίᾳ
2842 2720 3047 2792 πέτραν
3088 2720 3296 2775 ὑδάτων
3331 2721 3600 2794 ρεύσασαν
3630 2724 3775 2780 κατά

2200 2806 2301 2877 τὴν
2361 2807 2618 2861 ἐπάνοδον
2679 2808 2773 2861 τοῦ
2822 2808 2973 2876 λαοῦ,
3021 2811 3263 2881 φήσομεν
3322 2810 3452 2879 γοῦν
3504 2816 3613 2876 τοῖς
3672 2813 3774 2883 τῆς

542 2908 608 2961 .ie
636 2904 833 2975 quibus
859 2903 1103 2957 Christus
1130 2902 1382 2966 dicebat,
1434 2919 1452 2951 ι
1495 2886 1882 2969 Evangelizare
1908 2911 2099 2967 panpe-

2203 2899 2576 2968 αἰχμαλωσίας
2606 2900 2691 2954 ἀεὶ
2716 2901 3195 2973 ἠλευθερωμένοις,
3239 2904 3365 2975 περὶ
3390 2897 3463 2957 ὧν
3490 2904 3517 2956 ὁ
3542 2903 3775 2975 Χριστός

545 2998 692 3051 ribus
720 2997 866 3049 misit
894 3008 997 3058 me,
1030 2993 1321 3062 praedicare
1348 2991 1574 3059 captivis
1605 2990 1969 3044 dimissionem
1987 2988 2055 3051 ⁸³,
2080 3006 2098 3040 ι

2205 2989 2406 3058 ἔλεγεν,
2438 3010 2454 3041 ι
2478 2991 2941 3060 Εύαγγελίσασθαι
2962 2997 3192 3065 πτωχοῖς
3222 2995 3527 3049 ἀπέσταλκέ
3556 3014 3641 3067 με,
3677 3015 3774 3069 γη-

542 3101 723 3141 veram
772 3083 1102 3153 deprehendi
1137 3082 1571 3152 promissionem.
1619 3078 1713 3133 His
1749 3078 1944 3149 quippe
1973 3079 2099 3147 ipsis

2210 3078 2364 3149 ρῦξαι
2391 3080 2751 3150 αἰχμαλώτοις
2781 3084 2992 3151 ἄφεσιν,
3028 3104 3045 3136 ι
3086 3086 3441 3155 ἐπαληθεύειν
3473 3087 3568 3150 τὴν
3597 3089 3773 3156 ἐπαγ-

542 3177 869 3248 apostolicus
910 3191 974 3229 ex
1019 3188 1145 3228 vera
1180 3183 1331 3241 petra
1380 3183 1535 3242 potus
1575 3170 1907 3225 instillatur:
1947 3189 1964 3222 ι
2002 3172 2099 3224 Pe-

546 3282 625 3324 tra
677 3278 854 3322 autem
888 3276 1007 3320 erat
1058 3264 1306 3320 Christus
1345 3263 1412 3329 ⁸⁸,
1470 3282 1491 3315 ι
1538 3262 1832 3319 secundum
1869 3262 2100 3332 Aposto-

543 3361 672 3413 lum.

616 3448 778 3504 Vatis.
810 3447 900 3502 2|.
948 3466 967 3499 ι
1000 3446 1149 3515 Quod
1183 3445 1226 3499 si
1255 3444 1514 3511 sitierint,
1553 3459 1649 3515 per
1677 3443 1949 3499 desertum
2006 3444 2076 3498 du

544 3552 631 3599 cet
666 3556 796 3597 eos:
845 3556 1041 3611 aquam
1080 3556 1144 3595 ex
1188 3548 1342 3608 petra
1399 3539 1591 3593 educet
1638 3537 1769 3592 illis.
1814 3537 2104 3592 Scindetur

544 3648 717 3706 petra,
758 3645 810 3690 et
848 3635 976 3689 ﬂuet
1024 3649 1183 3703 aqua,
1230 3642 1284 3686 et
1342 3632 1491 3687 bibet
1522 3631 1752 3701 populus
1787 3647 1958 3685 meus.
1986 3629 2102 3684 Non

543 3739 626 3784 est
682 3728 932 3799 gaudium
988 3726 1186 3794 impiis,
1225 3723 1355 3777 dicit
1406 3724 1684 3777 Dominus.
1722 3741 1740 3774 ι
1779 3722 1989 3776 Etenim
2019 3722 2103 3791 pie

545 3821 827 3892 agentibus
884 3818 1061 3872 omnis
1101 3833 1129 3869 a
1186 3815 1293 3870 Deo
1347 3816 1497 3869 adest
1533 3813 1803 3882 voluptas,
1851 3813 2102 3884 gaudium

546 3927 601 3967 et
624 3913 833 3973 latitia,
861 3925 1064 3965 necnon
1101 3908 1201 3961 alia
1229 3907 1431 3968 omnia.
1465 3922 1584 3974 quae
1618 3905 1669 3958 in
1696 3904 1975 3971 promissis
2011 3905 2107 3957 ha-

548 4010 777 4068 bentur,
813 4002 991 4072 impiis
1036 4016 1162 4055 vero
1203 3998 1347 4053 nulla
1397 3997 1787 4068 promissorum
1827 3996 1968 4051 ratio
2010 3997 2107 4051 ha-

544 4100 724 4154 betur.

1100 4186 1324 4242 CAPUT
1366 4185 1553 4243 XLIX.

614 4280 777 4335 Vsus.
812 4280 860 4332 l.
900 4297 921 4330 ι
950 4278 1145 4333 Audite
1188 4295 1295 4344 me,
1321 4280 1507 4334 insula:
1529 4317 1543 4342 ,
1576 4288 1631 4334 et
1660 4276 1941 4343 attendite,
1971 4292 2100 4346 gen-

542 4381 644 4426 tes.
677 4389 697 4423 ι
733 4370 933 4439 Aperte
981 4369 1246 4439 signiﬁcat
1293 4384 1351 4423 se
1383 4386 1485 4423 non
1517 4368 1731 4423 Iudaeos
1764 4369 1815 4423 in
1850 4368 2099 4437 prmsenti

2208 3171 2411 3239 γελίαν.
2447 3172 2667 3236 Τούτοις
2688 3173 2795 3246 γὰρ
2825 3177 3003 3239 αὐτοῖς
3034 3178 3092 3229 τὸ
3143 3178 3493 3232 ἀποστολικὺν
3528 3179 3678 3249 πόμα
3714 3179 3775 3233 τὸ

2205 3264 2269 3315 ἐκ
2294 3264 2394 3333 τῆς
2426 3264 2685 3335 ἀληθινῆς
2712 3266 2912 3336 πέτρας
2938 3268 3195 3340 ἐξομϐρεῖ
3212 3286 3227 3299 ο
3266 3290 3284 3322 ι
3331 3271 3393 3323 Ἡ
3421 3272 3596 3343 πέτρα
3622 3271 3679 3325 δὲ
3702 3265 3774 3343 ἦν

2204 3357 2232 3409 ὁ
2258 3357 2542 3428 Χριστὸς,›
2580 3358 2718 3410 κατὰ
2748 3358 2837 3410 τὸν
2882 3359 3218 3413 ’Δπόστολον.

2280 3469 2297 3500 ι
2330 3451 2440 3502 Καὶ
2464 3451 2555 3503 ἐὰν
2589 3450 2873 3520 διψήσωσι,
2904 3451 2968 3503 δι’
2998 3453 3204 3522 ἐρήμου
3230 3454 3347 3519 ἄξει
3374 3454 3602 3519 αὐτούς·
3630 3456 3775 3529 ὕδωρ

2205 3541 2267 3592 ἐκ
2318 3538 2520 3609 πέτρας
2566 3538 2739 3603 ἐξάξει
2788 3541 2989 3603 αὐτοῖς.
3036 3541 3388 3611 Σχισθήσεται
3434 3546 3628 3613 πέτρα,
3683 3533 3777 3601 κὰι

2207 3631 2462 3701 ρυήσεται
2508 3629 2672 3700 ὕδωρ,
2724 3632 2816 3683 καὶ
2864 3631 3042 3683 πίεται
3089 3633 3117 3683 ὀ
3166 3632 3291 3695 λαός
3340 3651 3458 3704 μου.
3498 3635 3611 3687 Οὐκ
3659 3636 3775 3689 ἔστι

2204 3721 2432 3791 χαίρειν,
2473 3719 2619 3788 λέγει
2666 3719 2888 3792 Κύριος,
2932 3724 3041 3784 τοῖς
3084 3722 3353 3776 ἀσεϐέσιν.
3409 3743 3426 3775 ι
3474 3724 3774 3781 Εὑσεϐοῦσι

2202 3810 2309 3882 γὰρ
2343 3813 2490 3865 πᾶσα
2522 3812 2779 3884 πάρεστιν
2813 3814 2845 3882 ἡ
2882 3814 3030 3885 παρὰ
3062 3815 3154 3867 τοῦ
3185 3814 3321 3868 Θεοῦ
3352 3816 3529 3888 τρυφὴ
3561 3816 3653 3869 καὶ
3683 3818 3773 3869 εύ-

2204 3902 2464 3973 φροσύνη,
2508 3904 2600 3957 καὶ
2647 3905 2745 3957 ὅσα
2783 3905 3112 3975 ἐπήγγελται
3159 3906 3337 3974 ἀγαθά
3367 3908 3519 3961 ἀλλα·
3567 3912 3676 3973 τοῖς
3715 3908 3771 3962 δέ

2203 3994 2453 4048 ἀσεϐέσιν
2483 3995 2657 4061 οὐδεὶς
2688 3994 2846 4065 λόγος
2877 3997 3013 4067 πρὸς
3041 3998 3109 4051 τὰ
3137 3998 3541 4070 ἐπηγγελμένα.

2708 4200 3098 4254 ’(ΕΦΑΛΑΙΟΝ
3136 4197 3267 4253 ΜΘ’.

2280 4312 2297 4344 ι
2360 4292 2649 4346 Ἀκούσατέ
2693 4310 2814 4361 μου,
2862 4293 3033 4362 νῆσοι,
3070 4293 3165 4346 καὶ
3210 4292 3522 4363 προσέχετε,
3558 4291 3701 4361 ἔθνη.
3746 4308 3765 4341 ι

2205 4386 2502 4455 Μονονουχὶ
2539 4384 2723 4453 σαφῶς
2751 4384 3203 4455 διαστελλόμενος,
3235 4385 3336 4449 ὅτι,
3371 4385 3447 4456 μὴ
3468 4384 3599 4455 πρὸς
3642 4384 3773 4436 Ἰου-

542 4465 887 4534 compellare,
924 4477 1095 4532 neque
1125 4463 1189 4516 ad
1223 4464 1447 4531 quasvis
1479 4463 1663 4517 obvias
1699 4462 1899 4517 insulas
1931 4463 2098 4515 verba

2206 4476 2383 4539 δαίους
2428 4476 2493 4529 τὰ
2538 4475 2779 4546 παρόντα
2817 4476 3100 4540 συντείνει,
3141 4476 3262 4545 μηδ’
3316 4476 3389 4539 ὡς
3435 4475 3590 4545 ἔτυχε
3635 4474 3773 4546 πρός

544 4560 740 4621 tacere,
776 4555 866 4608 sed
903 4554 967 4606 ad
993 4563 1181 4621 gentes
1212 4563 1264 4606 et
1296 4554 1361 4605 ad
1411 4553 1503 4607 Dei
1538 4552 1810 4607 Ecclesias
1838 4553 1889 4605 in
1922 4551 2101 4607 medio

542 4648 781 4718 gentium
841 4645 1066 4715 positas.
1119 4643 1461 4713 Quapropter
1511 4644 1807 4698 secundum
1855 4642 2101 4713 Symmae

540 4744 725 4803 chum,
755 4740 835 4794 sic
873 4738 1069 4806 legitur
1100 4755 1112 4790 :
1148 4753 1165 4787 ι
1187 4735 1381 4789 Audite
1414 4750 1518 4801 me,
1559 4735 1767 4798 insulae,
1814 4734 2101 4787 etanscul-

543 4844 672 4895 tate,
702 4844 916 4903 gentes.
950 4852 968 4884 ι
1010 4830 1149 4898 Quid
1185 4828 1346 4899 igitur
1376 4828 1628 4882 Ecclesia:
1676 4844 1785 4883 suae
1822 4828 2101 4882 declarare

537 4935 775 4995 expetat,
829 4925 901 4978 ita
955 4924 1139 4978 subdit
1176 4938 1189 4974 :
1220 4939 1240 4972 ι
1292 4920 1393 4976 Per
1430 4920 1656 4974 multum
1697 4930 1907 4989 tempus
1936 4920 2101 4974 Stabit

544 5016 822 5070 Dominus.
859 5035 877 5067 ι
910 5015 985 5069 Ac
1012 5014 1189 5084 primo
1214 5013 1608 5069 observandum
1632 5023 1736 5075 est,
1770 5015 1883 5066 lucc
1906 5021 1961 5066 et
1983 5025 2101 5081 quae

544 5118 724 5171 postea
748 5109 1175 5177 subsequuntur,
1217 5119 1282 5158 ex
1315 5120 1539 5175 persona
1582 5103 1791 5157 Domini
1842 5102 2098 5173 proferri.

543 5197 643 5250 Ubi
673 5201 784 5267 ipse
811 5200 1092 5262 Dominus,
1124 5197 1214 5265 qui
1248 5210 1554 5250 sermonem
1587 5209 1813 5249 exorsus
1848 5204 1951 5261 est,
1982 5209 2101 5263 quae

543 5290 869 5356 adjiciuntur
887 5291 1043 5360 quasi
1074 5290 1139 5343 de
1165 5288 1269 5343 alio
1298 5288 1437 5343 dicta
1468 5288 1709 5342 declarat
1736 5305 1749 5340 :
1795 5287 1902 5340 imo
1936 5288 2099 5341 etiam

540 5394 662 5433 sese
693 5381 927 5448 genitum
962 5396 1081 5435 esse
1110 5381 1331 5443 fatetur,
1360 5388 1413 5433 et
1451 5394 1664 5433 servum
1704 5388 2000 5448 nuncupat,
2047 5388 2103 5433 et

542 5471 711 5523 multa
746 5470 933 5523 aliain
970 5475 1321 5540 sequentibus
1365 5471 1557 5541 aperit.
1604 5466 1683 5523 Ne
1721 5468 1855 5537 jam,
1902 5470 2099 5538 inquit,

542 5566 667 5615 dum
709 5562 818 5615 brae
840 5562 1096 5632 eloquor,
1128 5567 1412 5620 verborum
1445 5563 1697 5619 ell‘ectum
1744 5578 1839 5619 vos
1888 5565 2102 5619 visuros

613 5741 658 5771 "
688 5740 814 5797 Luc.
860 5756 930 5810 ιν,
974 5746 1054 5799 £8.
1133 5747 1175 5778 "
1214 5745 1374 5801 lCor.
1413 5748 1539 5807 Li.

2203 4585 2353 4630 τινας
2402 4567 2719 4637 προχείρους
2765 4566 3061 4637 νοουμένας
3100 4570 3317 4637 νήσους,
3368 4567 3500 4620 ἀλλά
3535 4566 3669 4636 πρὸς
3705 4566 3775 4620 τὰ

2202 4658 2327 4728 ἔθνη
2373 4659 2465 4710 καλ¹
2510 4657 2608 4721 τὰς
2666 4658 2864 4729 μεταξὺ
2922 4658 3027 4711 τῶν
3081 4658 3247 4711 ἐθνῶν
3300 4659 3774 4730 μεσολαϐουμένας

2203 4749 2295 4803 τοῦ
2324 4750 2457 4802 Θεοῦ
2495 4750 2838 4821 Ἐκκλησίας.
2870 4750 3031 4803 Ὅθεν
3064 4751 3155 4803 κα)⁸
3190 4752 3328 4803 κατά
3356 4751 3444 4803 τὸν
3479 4751 3775 4822 Σύμμαχον

2202 4838 2386 4890 τοῦτον
2419 4839 2631 4910 εἴρηται
2657 4840 2746 4893 τὸν
2779 4840 3005 4912 τρόπον,
3056 4860 3073 4890 ι
3122 4842 3412 4894 Ἀκούσατέ
3444 4859 3565 4912 μου,
3596 4844 3772 4913 νῆσοι,

2206 4929 2298 4981 καὶ
2334 4931 2694 5003 ἁκροάσασθε,
2721 4931 2866 5001 ἔθνη.
2913 4951 2931 4983 ι
2967 4932 3030 4983 Τί
3061 4934 3237 4986 τοίνυν
3268 4932 3510 5003 βούλεται
3542 4932 3774 4998 διδάξειν

2204 5020 2302 5091 την
2340 5023 2661 5094 Ἐκκλησίαν
2682 5024 2869 5086 αὑτοῦ,
2889 5024 3150 5094 ἐπιλέγει,
3183 5046 3200 5076 ι
3235 5026 3333 5079 Διά
3358 5028 3546 5098 χρόνου
3574 5025 3773 5078 πολλοῦ

2208 5113 2459 5181 στήσεται
2499 5114 2721 5185 Κύριος.
2761 5134 2778 5165 ι
2818 5115 2926 5168 Καὶ
2964 5114 3175 5186 πρῶτον
3207 5116 3578 5186 ἐπιτηρητέον,
3607 5114 3682 5178 ὡς
3710 5116 3773 5166 ἐκ

2206 5200 2496 5272 προσώπου
2535 5202 2627 5254 τοῦ
2672 5204 2873 5275 Κυρίου
2922 5204 3093 5260 ταῦτα
3137 5207 3355 5277 φέρεται
3403 5207 3497 5260 καὶ
3539 5205 3607 5259 τὰ
3645 5206 3771 5275 ἑξῆς

2202 5294 2409 5357 τούτοις
2443 5295 2840 5367 ἐπιφερόμεναο
2870 5298 2926 5349 ἐν
2954 5292 3033 5360 οἷς
3057 5298 3216 5360 αὐτὸς
3246 5300 3274 5351 ό
3305 5298 3398 5350 τοῦ
3430 5298 3587 5367 λόγου
3635 5315 3759 5350 κατ-

2204 5384 2375 5455 άρξας
2407 5385 2606 5457 Κύριος
2642 5387 2716 5450 ὡς
2770 5389 2894 5462 περὶ
2943 5389 3125 5460 ἐτέρου
3161 5389 3491 5443 διδάσκειτά
3524 5390 3768 5460 ἐπιλεγό-

2209 5492 2373 5545 μενα’
2413 5477 2547 5529 ἀλλὰ
2588 5478 2681 5531 καὶ
2724 5479 3081 5549 γεγεννῆσθαι
3131 5480 3319 5534 ἐαυτὸν
3356 5482 3626 5553 ὁμολογεῖ,
3672 5484 3770 5537 καὶ

2204 5566 2383 5621 δοῦλον
2417 5569 2604 5637 ἐαυτὸν
2644 5570 2913 5641 ὀνομάζει,
2944 5572 3035 5623 καὶ
3062 5572 3161 5625 ὅσα
3190 5572 3324 5627 ἄλλα
3357 5575 3653 5646 παρίστησι
3679 5573 3775 5634 διὰ
