4108 6204
321 306 414 376 ιίξθ
1053 341 1056 344 .
1192 292 1697 352 COMMENTARIA
1735 294 1802 348 IN
1840 293 2098 350 ISAIAM.
2139 325 2204 334 —
2239 294 2393 349 CAP.
2434 292 2622 348 XLIX.

3423 289 3535 348 450

319 423 422 474 τῶν
452 418 583 488 ὲξῆς
620 413 1041 486 ἐπιφερομένων.
1087 411 1178 483 Μὴ
1217 411 1332 475 νῦν,
1372 411 1555 480 φησιν,
1597 409 1685 462 ὅτε
1713 408 1881 462 ταῦτα

1988 423 2106 464 esse
2142 417 2387 476 sperate:
2421 423 2547 461 nam
2600 406 2913 461 diuturnum
2969 402 3269 459 intercedet
3301 410 3530 473 tempus,

319 513 686 586 διεξέρχομαι,
740 506 1138 578 προσδοκήσητε
1182 503 1289 556 τῶν
1332 502 1504 571 λόγων
1544 500 1768 570 ὄψεσθαι
1814 501 1881 554 τὰ

322 604 763 674 ἀποτελέσματαο
797 599 1006 670 μακρὸς
1034 597 1140 668 γὰρ
1169 596 1319 649 ἔσται
1353 593 1552 666 μεταξὺ
1591 593 1780 666 χρόνος
1821 594 1880 644 ὲν

325 695 368 767 ᾧ
409 700 476 752 δι’
510 698 675 768 ἔργων
719 694 1042 762 συστήσεται
1086 688 1152 742 τὰ
1196 687 1664 760 προφητευόμενα.
1716 705 1733 737 ι
1787 686 1882 739 Ἐκ

329 790 532 852 κοιλίας
563 785 756 857 μητρός
793 798 894 855 μου
934 783 1158 836 ἐκάλεσε
1189 780 1250 833 τὸ
1273 777 1451 850 ’ὄνομά
1494 795 1613 849 μου.
1663 798 1680 830 ι
1713 778 1882 831 Τοῦτο

332 883 438 952 γάρ
471 878 799 948 παιδεύθητε,
833 870 878 928 ὦ
911 874 1057 945 ἔθνη,
1089 873 1183 927 καὶ
1214 873 1390 942 ὑμεῖς.
1429 872 1484 924 αἱ
1518 871 1686 941 νῆσοι.
1724 870 1880 922 Ποῖον

333 971 383 1023 δὲ
405 969 568 1030 τοῦτο,
601 967 632 1037 ἠ
661 969 742 1021 ὅτι
771 964 977 1036 Κύριος
1009 965 1037 1016 6
1069 964 1282 1016 πάντων
1311 961 1595 1031 δεσπότης,
1631 960 1724 1013 καὶ
1755 959 1881 1028 πρὶν

333 1065 404 1126 εἰς
427 1059 738 1133 ἀνθρώπους
779 1058 880 1129 ἐμὲ
904 1056 994 1110 τὸν
1031 1054 1232 1125 Κύριον
1271 1051 1550 1114 είσελθεῖν,
1582 1049 1661 1103 ἔτι
1686 1051 1881 1121 κυόμε-

327 1169 426 1214 νον,
463 1152 554 1204 καὶ
602 1149 743 1204 κατὰ
779 1147 1013 1218 γαστρὸς
1054 1144 1432 1207 ἀνεκαλέσατο,
1482 1142 1640 1206 αὐτὸς
1689 1143 1743 1194 δέ
1791 1157 1879 1213 μοι

321 1243 408 1296 καὶ
431 1242 602 1311 ὄνομα
631 1240 971 1310 ἐδωρήσατο;
1008 1238 1129 1289 Ὅτι
1166 1236 1262 1306 μὲν
1291 1235 1365 1298 ὡς
1392 1233 1537 1304 αὑτῷ
1574 1233 1716 1304 μόνῳ
1742 1231 1879 1301 γνὼ-

1980 511 2266 568 antequam
2311 514 2374 554 ea
2429 514 2548 569 qua:
2597 499 2651 554 in
2690 496 2969 569 pr0phetia
3007 495 3380 561 enuntiantur,
3411 513 3536 560 eve-

1980 593 2150 646 niant.
2219 609 2240 642 ί
2285 590 2364 644 Ex
2419 601 2575 644 utero
2631 590 2821 645 matris
2877 603 3008 643 meae
3066 590 3280 643 vocavit
3340 605 3536 642 nomen

1982 699 2180 737 meum.
2210 702 2227 733 ι
2261 681 2316 736 ld
2359 681 2601 746 ediscite,
2649 692 2859 751 gentes,
2893 691 2950 735 et
2975 697 3090 745 vos,
3131 681 3336 735 insula.
3367 681 3537 748 Quid-

1983 792 2101 829 nam
2135 776 2282 839 illud,
2323 775 2423 828 nisi
2454 773 2595 842 quod
2630 774 2886 827 Dominus
2931 775 3167 827 omnium
3207 773 3534 834 dominatur,

1981 868 2066 923 vel
2098 877 2381 936 antequam
2408 882 2506 936 ego
2542 865 2800 919 Dominus
2832 866 2896 919 ad
2929 865 3173 919 homines
3194 865 3535 927 accederem,

1982 972 2037 1016 et
2065 967 2188 1016 dum
2222 961 2273 1015 in
2311 971 2464 1013 utero
2493 968 2756 1028 gestarer,
2819 973 2901 1012 me
2937 958 3232 1023 vocaverit,
3295 957 3538 1026 mihique

1983 1068 2178 1107 nomen
2232 1051 2528 1106 indiderit?
2580 1049 2714 1117 Quia
2770 1051 3224 1120 quemadmodum
3279 1051 3377 1120 ipsi
3435 1051 3534 1105 soli

1980 1143 2091 1212 jam
2130 1153 2314 1197 notum
2356 1143 2483 1196 illud
2528 1151 2638 1207 est;
2690 1143 2766 1198 sic
2798 1153 2851 1197 et
2903 1145 3052 1197 vobis
3104 1143 3253 1212 ipsis,
3288 1145 3538 1200 omnibus

1988 1249 2177 1302 nempe
2199 1234 2466 1303 gentibus,
2497 1248 2596 1287 suo
2636 1244 2872 1301 tempore
2896 1235 3240 1289 manifestum
3268 1236 3394 1290 erit.

323 1336 473 1410 ριμόν
507 1337 652 1387 ἐστι·
690 1332 833 1386 κατά
861 1331 1048 1403 καιρὸν
1087 1330 1143 1383 δὲ
1182 1330 1276 1383 καὶ
1321 1328 1456 1400 ὑμῖν
1498 1329 1699 1392 αὐτοῖς,
1738 1327 1878 1397 λέγω
1910 1328 2042 1381 πᾶσι
2072 1330 2181 1391 τοῖς
2205 1327 2401 1393 ἔθνεσι,
2429 1327 2657 1399 φανερὸν
2685 1329 2992 1400 γενήσεται.

389 1539 408 1571 ‹
444 1519 556 1572 Καὶ
585 1517 746 1588 ἔθηκε
778 1516 836 1570 τὸ
868 1515 1038 1586 στόμα
1075 1533 1174 1586 μου
1205 1509 1279 1577 ὥς
1314 1513 1584 1584 μάχαιραν
1618 1513 1814 1580 ὀξεῖαν.
1854 1532 1870 1564 ι

331 1607 488 1661 Ἀλλά
521 1607 618 1660 καὶ
658 1605 848 1673 έθηκεν
875 1606 902 1657 ό
931 1604 1087 1664 αὐτὸς
1108 1601 1242 1664 Θεὸς
1271 1603 1365 1653 καὶ
1414 1601 1601 1670 Πατὴρ
1646 1599 1708 1651 τὸ
1750 1599 1879 1669 ἐμὸν

319 1700 408 1754 τοῦ
463 1699 634 1752 ταῦτα
688 1697 932 1765 λέγοντος
987 1695 1189 1764 Κυρίου
1249 1692 1439 1763 στόμα,
1492 1691 1568 1754 ὡς
1613 1691 1880 1762 μάχαιραν

321 1791 518 1857 ὀξεῖαν,
554 1786 823 1859 τμητικὴν
847 1781 1030 1848 οὖσαν,
1057 1786 1135 1847 εἰς
1162 1783 1224 1836 τὸ
1243 1782 1468 1854 διαιρεῖν
1493 1781 1587 1834 καὶ
1607 1780 1882 1850 ἀφορίζειν

319 1884 444 1943 τοὺς
474 1880 657 1943 ἀξίους
679 1877 768 1929 τοῦ
799 1875 932 1928 Θεοῦ
961 1875 1066 1928 ἀπὸ
1089 1874 1195 1927 τῶν
1225 1873 1298 1944 μὴ
1326 1872 1579 1925 τοιούτων
1600 1886 1614 1901 ο
1645 1871 1673 1923 ὃ
1697 1871 1760 1941 δὴ
1790 1869 1882 1923 καὶ

322 1974 378 2027 ὲν
411 1968 755 2040 Εὑαγγελίοις
785 1971 812 2022 6
853 1968 1012 2030 αὐτὸς
1045 1965 1339 2038 ἐμαρτύρει
1378 1964 1550 2032 λέγων
1571 2003 1585 2026 ,
1621 1980 1638 2014 t
1677 1962 1768 2034 Μὴ
1799 1976 1885 2016 νο-

2051 1511 2216 1566 Vens.
2242 1513 2297 1565 9..
2349 1532 2366 1563 ι
2397 1512 2460 1566 Et
2491 1512 2664 1581 posuit
2709 1529 2770 1567 os
2816 1527 2995 1567 meum
3038 1521 3096 1566 ut
3138 1512 3374 1583 gladium
3416 1528 3540 1569 acu--

1987 1613 2119 1659 ιιιιη.
2147 1623 2165 1655 ι
2205 1605 2306 1657 Sed
2334 1605 2491 1656 etiam
2529 1605 2666 1660 idem
2699 1605 2838 1659 Deus
2889 1613 2940 1659 et
2969 1604 3149 1669 Pater,
3179 1607 3280 1659 mei
3321 1607 3418 1661 ista
3451 1607 3538 1662 ‘lo-

1987 1696 2203 1764 quentis
2229 1696 2490 1750 Dominus
2523 1712 2584 1750 os
2624 1697 2802 1765 posuit
2832 1706 2889 1750 ut
2915 1697 3151 1766 gladium
3204 1709 3445 1762 acutum,
3477 1714 3540 1753 ac

1979 1789 2127 1842 tenui
2167 1789 2230 1842 ad
2257 1788 2570 1843 scissionem
2610 1790 2745 1850 acie,
2773 1789 2838 1842 ad
2874 1789 3202 1857 separandos
3243 1799 3298 1843 et
3343 1805 3538 1858 seque~

1983 1881 2234 1936 strandos
2259 1895 2374 1947 eos,
2430 1881 2518 1952 qui
2567 1879 2678 1934 Deo
2723 1881 2870 1950 digni
2905 1890 3051 1949 sunt,
3082 1881 3268 1945 abiis,
3298 1882 3388 1950 qui
3429 1897 3538 1936 non

1983 1971 2100 2042 pari
2134 1971 2292 2024 modo
2328 1986 2385 2026 se
2415 1971 2638 2026 habent.
2676 1972 2829 2038 Quod
2858 1973 3018 2026 etiam
3071 1973 3183 2042 ipse
3213 1973 3265 2026 in
3293 1973 3536 2044 Evange-

325 2067 542 2138 μίσητε,
567 2065 647 2116 ὅτι
673 2058 832 2133 ἦλθον
864 2059 1041 2129 βαλεῖν
1085 2059 1307 2130 εἰρήνην
1332 2056 1424 2107 ἐπὶ
1447 2057 1544 2125 τῆς
1571 2052 1694 2124 γῆς,
1735 2071 1754 2103 ι
1790 2053 1881 2105 καὶ

1985 2065 2070 2118 liis
2096 2063 2488 2118 testiﬁcabatur
2513 2065 2696 2119 dicens
2733 2083 2746 2118 :
2783 2081 2801 2115 ι
2822 2063 2998 2119 Nolite
3028 2074 3251 2134 putare,
3279 2066 3536 2136 quoniam

320 2158 391 2211 τά
438 2153 586 2226 ὲξῆς.
640 2173 657 2205 ι
701 2154 808 2207 Καὶ
858 2150 962 2204 ὑπὸ
1005 2148 1102 2220 τὴν
1138 2149 1342 2218 σκέπην
1395 2146 1488 2217 τῆς
1513 2141 1694 2216 χειρὸς
1719 2143 1880 2197 αὐτοῦ

323 2252 526 2322 ἔκρυψέ
560 2267 628 2321 με
650 2264 665 2278 ·
703 2247 863 2319 ἔθηκέ
894 2261 959 2316 με
998 2244 1072 2306 ὡς
1107 2243 1256 2313 βέλος
1298 2240 1568 2302 ἐκλεκτὸν,
1605 2237 1696 2292 καὶ
1731 2239 1788 2292 ὲν
1815 2239 1880 2308 τῇ

325 2343 568 2416 φαρέτρα
610 2339 772 2395 αὐτοῦ
817 2337 1014 2409 ἔκρυψέ
1054 2353 1139 2407 με.
1184 2353 1202 2386 ι
1248 2333 1358 2403 Τὴν
1398 2330 1625 2404 κρύφιον
1651 2330 1745 2383 καὶ⁸
1773 2333 1884 2392 τοῖς

325 2434 535 2496 πολλοῖς
559 2430 918 2484 λανθάνουσαν
943 2425 1249 2495 οἰκονομίαν
1274 2423 1373 2493 τῆς
1400 2420 1663 2489 ὲνσάρκου
1693 2435 1886 2490 παρου-

324 2527 442 2588 σίας
468 2522 632 2576 αὐτοῦ
657 2516 757 2575 ὧδέ
780 2539 852 2592 πη
887 2518 1269 2587 αἰνιττόμενος.
1301 2514 1508 2582 Ὥσπερ
1532 2511 1585 2563 δὲ
1618 2509 1883 2580 μάχαιραν

323 2616 502 2682 ὀξεῖαν
529 2615 628 2686 τὴν
650 2611 896 2681 γλῶσσαν
921 2606 1082 2662 αὑτοῦ
1110 2605 1414 2676 ὠνόμασεν,
1441 2601 1583 2655 οὕτω
1610 2602 1702 2654 καὶ
1735 2601 1884 2671 βέλος

323 2707 579 2763 ἐκλεκτόν
608 2719 736 2775 φησι
764 2698 1033 2754 τεθεῖσθαι
1063 2697 1249 2750 ἑαυτὸν
1280 2694 1385 2747 ὑπὸ
1425 2692 1517 2746 τοῦ
1547 2691 1783 2764 Πατρός·
1819 2689 1884 2744 ἵν’

322 2803 412 2855 ὅτε
442 2797 702 2869 βούλοιτο,
732 2790 1006 2863 τιτρώσκῃ
1043 2790 1166 2852 τοὺς
1207 2787 1388 2852 ἀξίους
1423 2784 1529 2838 τῶν
1568 2783 1729 2838 αὑτοῦ
1760 2783 1884 2836 κέν-

320 2907 494 2963 τρωνο
526 2888 682 2942 ὁποία
711 2883 778 2959 ἦν
805 2887 838 2956 ἡ
861 2883 1004 2954 ψυχὴ
1030 2884 1063 2952 ἠ
1086 2880 1335 2948 λέγουσα,
1372 2897 1390 2929 ι
1427 2878 1548 2930 Ὅτι
1574 2875 1883 2947 τετρωμένη

324 2983 545 3050 ἀγάπης
576 2979 702 3048 ἐγώ.
747 2997 764 3030 ι
806 2974 950 3045 Πλὴν
978 2972 1110 3026 ἀλλὰ
1135 2972 1228 3024 καὶ
1259 2970 1416 3023 τοῦτο
1453 2967 1512 3020 τὸ
1551 2966 1700 3037 βέλος
1723 2965 1797 3028 ὡς
1829 2967 1885 3016 ὲν

324 3074 570 3145 φαρέτρα
602 3070 692 3122 κα)⁵
727 3069 866 3138 θήκῃ
903 3065 1068 3136 βελῶν
1104 3060 1418 3133 ἀπέκρυψεν
1445 3061 1472 3113 6
1499 3058 1628 3121 Θεὸς
1655 3057 1746 3109 καὶ
1770 3056 1884 3111 Πα-

322 3167 428 3236 τήρ
446 3182 459 3193 ·
483 3165 567 3215 ἵνα
601 3163 672 3232 μὴ
704 3161 899 3222 πάντες
929 3157 1055 3210 αὐτὸ
1081 3154 1342 3225 θεωρῶσι,
1379 3151 1509 3223 μηδὲ
1535 3149 1810 3220 νομιῶσιν,
1837 3150 1885 3203 εἰ

328 3257 404 3327 μὴ
434 3256 581 3326 μόνοι
611 3255 658 3306 οἱ
693 3252 852 3316 ἄξιοι.
893 3247 1253 3317 Καταλλήλως
1276 3245 1330 3297 δὲ
1359 3245 1450 3296 ἐπὶ
1473 3246 1536 3314 τῇ
1575 3241 1668 3294 τοῦ
1703 3241 1886 3311 βέλους

323 3343 596 3415 ὲπηγορίᾳ
620 3341 696 3412 τῷ
725 3341 824 3410 τῆς
850 3341 1122 3410 φαρέτρας
1149 3336 1365 3405 ὀνόματι
1398 3333 1676 3405 κέχρηται.
1715 3331 1884 3402 Φαρέ-

322 3451 457 3508 τραν
503 3434 559 3486 δὲ
599 3433 691 3485 καὶ
729 3431 1018 3501 βελοθήκην
1065 3429 1163 3480 οὐκ
1205 3426 1268 3479 ἂν
1321 3425 1581 3496 ἁμάρτοις
1623 3421 1789 3476 εἰπὼν
1824 3421 1885 3474 τὸ

327 3526 550 3598 σαρκίον
577 3525 605 3577 ὃ
637 3522 918 3592 ἀνείληφεν
945 3524 974 3573 6
1006 3519 1097 3574 τοῦ
1135 3517 1267 3570 Θεοῦ
1295 3517 1463 3584 Λόγος
1491 3513 1766 3584 ἐπιδημῶν
1792 3515 1886 3567 ἀν-

325 3618 584 3690 Θρώποις.
611 3615 860 3668 Τοιοῦτον
884 3614 938 3666 δὲ
966 3608 1464 3679 κατεσίευασμένον
1496 3607 1584 3659 τὸν
1608 3605 1780 3660 ταῦτα
1807 3603 1886 3657 λέ-

321 3725 495 3779 γοντα
523 3707 726 3778 Κύριον
753 3707 780 3758 6
799 3705 931 3776 ἐμὸς
963 3703 1091 3765 Θεὸς
1122 3701 1215 3754 καὶ
1249 3699 1433 3770 Πατὴρ
1464 3694 1581 3752 εἶπέ
1615 3714 1724 3769 μοι·

400 4010 421 4042 ‹
466 3991 661 4056 Δοῦλός
695 4009 794 4062 μου
825 3987 878 4044 εἴ
909 3991 992 4056 σὺ,
1041 3990 1273 4062 Ἰσραὴλ,
1308 3991 1400 4044 καὶ
1430 3992 1485 4043 ὲν
1519 3989 1600 4043 σοὶ
1626 3989 1883 4061 δοξασθή-

322 4101 511 4154 σομαι.
552 4104 572 4136 ι
617 4085 833 4155 Ἐπειδὴ
861 4084 966 4158 γὰρ
1000 4084 1264 4155 προῆλθες
1296 4086 1357 4136 ἐκ
1409 4083 1610 4146 κοιλίας
1656 4083 1880 4161 μητρὸς,

319 4178 417 4228 καὶ
461 4175 671 4243 γένεσιν
706 4177 998 4247 ὑπέμεινας
1035 4175 1131 4246 τὴν
1177 4178 1239 4228 ὲκ
1286 4175 1592 4248 σπέρματος
1647 4173 1880 4245 Ἰσραὴλ,

319 4269 424 4320 οὐκ
458 4270 516 4320 ὲν
559 4269 726 4341 ἑτέρῳ
768 4270 931 4338 γένει,
977 4269 1095 4322 οὐδὲ
1129 4270 1185 4320 ὲν
1217 4267 1528 4337 ἀλλοφύλοις
1571 4267 1744 4320 ἔθνεσι
1787 4266 1882 4338 τὴν

321 4357 738 4430 ὲνανθρὼπησιν
763 4361 1027 4430 ἐποιήσωο
1059 4360 1170 4414 ἀλλ’
1196 4362 1252 4413 ὲν
1280 4360 1357 4430 τῷ
1393 4359 1604 4431 Ἰσραὴλ
1631 4359 1694 4411 ἐκ
1720 4357 1882 4428 σπέρ-

1985 2157 2227 2210 venerim
2257 2171 2442 2226 pacem
2475 2157 2692 2211 mittere
2725 2172 2888 2227 super
2917 2166 3119 2212 terram
3164 2157 3232 2223 5',
3267 2177 3288 2210 ι
3333 2167 3387 2213 οι
3431 2173 3536 2213 ca:-

1985 2258 2122 2304 tera.
2167 2266 2187 2300 ε
2224 2248 2290 2304 Ει
2338 2250 2438 2304 sub
2489 2258 2798 2316 legumento
2854 2264 3046 2304 manus
3098 2264 3208 2305 sua:
3256 2249 3541 2306 abscondit

1985 2357 2101 2396 me:
2136 2341 2314 2411 posuit
2342 2356 2425 2395 me
2450 2341 2604 2411 quasi
2631 2342 2884 2412 sagittam
2918 2341 3170 2404 electam,
3215 2352 3269 2397 et
3314 2345 3365 2396 in
3399 2345 3537 2414 pha-

1985 2442 2126 2486 retra
2161 2447 2256 2486 sua
2295 2433 2582 2487 abscondit
2630 2448 2736 2487 me.
2769 2451 2790 2486 ι
2823 2432 3100 2488 Occultam
3129 2450 3191 2488 ac
3222 2436 3405 2490 multis
3444 2438 3542 2491 bo-

1986 2522 2222 2576 minibus
2245 2521 2503 2576 latentem
2532 2524 2891 2577 meonomiam
2931 2525 3014 2578 sui
3047 2525 3102 2578 in
3145 2541 3309 2580 carne
3339 2528 3540 2582 adven-

1986 2619 2070 2666 tus
2102 2612 2184 2666 his
2211 2612 2536 2668 subindicat.
2566 2612 2720 2668 Sicut
2744 2624 2920 2668 autem
2953 2616 3188 2684 linguam
3238 2633 3392 2672 suam
3419 2620 3538 2690 gla-

1985 2704 2129 2758 dium
2180 2714 2400 2758 acutum
2451 2706 2685 2770 vocavit,
2731 2706 2803 2760 itl
2846 2715 2901 2760 et
2952 2721 3011 2760 se
3043 2723 3072 2760 a
3103 2707 3259 2763 Patre
3287 2711 3535 2781 sagittam

1985 2795 2208 2850 electam
2241 2795 2470 2865 positum
2511 2796 2678 2852 fuisse
2713 2806 2977 2863 testatur;
3017 2807 3074 2851 ut
3111 2800 3318 2868 quoties
3351 2801 3536 2868 vellet,

1982 2885 2172 2940 feriret
2217 2901 2330 2950 eos,
2375 2888 2466 2956 qui
2517 2886 2823 2956 hujusmodi
2866 2889 3072 2959 spiculo
3117 2891 3262 2961 digni
3299 2906 3535 2950 essent:

1985 2979 2156 3048 quatis
2185 2990 2302 3033 erat
2331 2981 2510 3033 anima
2540 2979 2650 3043 illa,
2673 2996 2795 3050 qua:
2833 2981 3066 3046 dicebat,
3119 3001 3136 3035 ι
3175 2983 3310 3050 Quia
3350 2986 3542 3040 vulne-

1987 3082 2100 3126 rata
2127 3086 2309 3125 amore
2333 3086 2432 3142 ego
2466 3071 2532 3126 ⁸⁸.
2567 3090 2585 3122 ι
2613 3071 2878 3127 Cancrum
2908 3072 3049 3129 hanc
3072 3075 3345 3146 sagittam,
3382 3078 3534 3146 quasi

1991 3165 2045 3220 in
2077 3165 2329 3235 pharetra
2359 3173 2414 3218 et
2443 3166 2762 3236 sagittarum
2799 3167 2952 3221 theca
2997 3166 3139 3223 Deus
3175 3167 3335 3224 Pater
3377 3185 3536 3242 repo-

1989 3258 2126 3322 suit;
2162 3273 2229 3311 ne
2250 3257 2394 3311 illam
2422 3271 2611 3312 omnes
2635 3258 2883 3313 viderent
2907 3274 2970 3314 ac
2993 3260 3264 3315 aestimare
3295 3272 3536 3333 possent,

1989 3349 2164 3420 dignis
2197 3359 2408 3403 tantum
2437 3351 2698 3420 exceptis.
2724 3349 3100 3406 Consentanee
3126 3361 3305 3407 autem
3339 3354 3406 3407 ad
3451 3370 3542 3407 sa-

1989 3439 2133 3509 gittae
2167 3439 2516 3502 vocabulum,
2551 3441 2818 3507 pharetrae
2848 3443 3064 3496 nomine
3094 3459 3223 3498 usus
3257 3454 3358 3499 est.
3393 3446 3539 3500 I’ba-

1989 3537 2187 3583 retram
2214 3543 2340 3583 vero
2369 3541 2425 3583 et
2455 3530 2768 3600 sagittarum
2796 3532 3010 3604 thecam
3045 3536 3354 3604 neutiquam
3380 3536 3540 3592 aber-

1989 3633 2098 3686 res,
2125 3621 2167 3676 si
2201 3621 2348 3676 dicas
2372 3635 2493 3677 esse
2515 3637 2760 3688 carnem,
2794 3638 2953 3692 quam
3002 3625 3095 3679 Dei
3131 3627 3362 3682 Verbum
3398 3631 3534 3699 apud

1989 3713 2232 3768 homines
2251 3715 2600 3783 peregrinans
2617 3715 2923 3784 assumpsit.
2952 3715 3047 3771 His
3080 3717 3252 3771 modis
3269 3717 3535 3774 inst-ructo

1981 3805 2139 3874 mihi,
2169 3807 2259 3876 qui
2295 3807 2407 3862 haec
2432 3807 2642 3878 loquor,
2666 3807 2907 3874 Domino,
2930 3807 3070 3864 Deus
3089 3816 3142 3864 et
3159 3808 3320 3864 Pater
3351 3809 3488 3865 dixit
3514 3827 3532 3870 :

2060 3995 2220 4050 Vens.
2253 3993 2305 4049 '5.
2342 4013 2360 4047 ι
2384 3994 2580 4050 Servus
2601 4008 2760 4051 meus
2786 4009 2844 4050 es
2867 4002 2944 4061 tu,
2978 3993 3161 4060 Israel,
3186 4003 3238 4050 et
3261 3994 3314 4049 in
3341 4001 3396 4050 te
3420 3994 3539 4067 glo-

1990 4085 2188 4139 riabor.
2215 4103 2236 4136 ›
2277 4084 2411 4151 Quia
2457 4086 2600 4140 enim
2647 4101 2713 4138 ex
2774 4096 2928 4140 utero
2962 4087 3152 4140 matris
3182 4088 3451 4157 prodiisti,
3479 4099 3536 4144 et

1985 4185 2163 4230 ortum
2197 4190 2263 4229 ex
2292 4177 2496 4231 semine
2531 4176 2694 4230 Israel
2727 4175 2925 4243 tulisti;
2951 4192 3056 4232 non
3090 4178 3197 4233 alio
3230 4179 3280 4232 in
3315 4193 3532 4249 genere,

1988 4283 2161 4337 neque
2193 4268 2243 4321 in
2280 4267 2597 4335 alienigenis
2624 4265 2902 4335 gentibus,
2956 4268 3386 4325 incarnationem
3417 4271 3534 4324 edi-

1988 4358 2146 4423 disti;
2196 4357 2291 4412 sed
2344 4358 2396 4411 in
2430 4357 2593 4412 Israel
2622 4374 2686 4412 ex
2718 4359 2923 4414 semine
2975 4360 3165 4423 David,
3197 4372 3252 4415 et
3281 4375 3346 4415 ex
3393 4361 3533 4414 tribu

325 4467 498 4521 ματος
525 4449 685 4502 Δαυῒδ
713 4450 848 4504 κατὰ
883 4451 1077 4522 σάρκα,
1111 4453 1203 4504 καὶ
1232 4453 1295 4504 ἐκ
1323 4451 1496 4520 φυλῆς
1542 4449 1709 4503 Ἰούδα
1741 4449 1881 4518 γενό-

1985 4446 2119 4501 Juda
2147 4450 2438 4503 secundum
2473 4463 2692 4503 carnem
2725 4463 2900 4515 ortus,
2927 4450 3050 4520 jure
3091 4461 3146 4505 et
3178 4452 3292 4520 ipse
3324 4467 3537 4522 quoque

322 4557 510 4612 μενος,
552 4543 772 4604 ε-Ξκότως
815 4543 908 4595 καὶ
957 4542 1116 4605 αὐτὸς
1175 4542 1383 4614 Ἰσραὴλ
1428 4542 1767 4613 χρηματίσας
1817 4540 1882 4593 ἂν

319 4632 420 4684 καὶ
447 4631 649 4695 δοῦλος,
673 4633 759 4684 διά
781 4633 841 4685 τὸ
872 4631 1081 4704 μορφὴν
1106 4633 1289 4685 δούλου
1317 4632 1678 4702 ἀνειληφέναι,
1707 4631 1881 4684 καίτοι

323 4723 591 4793 μονογενῆ
615 4724 741 4777 ὅντα
761 4723 908 4776 Θεόν’
936 4724 1067 4778 ἀλλά
1097 4724 1202 4795 γὰρ
1223 4724 1420 4794 ὁμοίως
1445 4726 1555 4786 τοῖς
1579 4721 1882 4794 ἔμπροσθεν

318 4817 418 4869 καὶ
469 4817 698 4870 ἐνταῦθα
747 4818 807 4870 τὸ
859 4817 958 4888 μὲν
1011 4817 1102 4871 τοῦ
1148 4817 1264 4871 υίοῦ
1310 4817 1479 4887 ὄνομα
1524 4817 1879 4886 ἀποκρύπτει,

315 4908 510 4961 δοῦλον
532 4907 586 4959 δὲ
620 4908 886 4978 ὀνομάζει,
917 4910 1012 4983 τὴν
1041 4909 1130 4962 τοῦ
1167 4909 1279 4962 υἱοῦ
1313 4908 1677 4979 προσηγορίαν
1701 4909 1766 4978 τῇ
1789 4905 1886 4959 αὐ-

314 4999 414 5052 τοῦ
469 5001 740 5069 παρουσίᾳ
791 5001 883 5054 καὶ
925 5004 988 5072 τῇ
1034 5000 1099 5053 δι’
1143 4999 1305 5053 αὐτοῦ
1361 5001 1522 5052 πᾶσιν
1580 4996 1883 5069 ἀνθρώποις

313 5089 764 5163 ἀνακαλυφθείσῃ
810 5092 987 5160 χάριτι
1017 5091 1421 5160 ταμιευόμενος.
1465 5086 1576 5142 Εἶθ’
1623 5089 1759 5159 ὅπερ
1788 5088 1880 5140 οὺ-

310 5177 430 5229 δενὶ
457 5177 565 5228 τῶν
590 5176 802 5231 πώποτε
821 5178 1017 5231 δούλων
1042 5178 1268 5248 ὑπῆρξε,
1289 5177 1445 5230 τοῦτο
1467 5177 1554 5230 διὰ
1580 5176 1695 5239 σοῦ,
1724 5176 1876 5247 φησὶ,

308 5271 627 5338 γενήσεται·
661 5271 716 5322 ἐν
751 5271 831 5323 σοὶ
867 5272 974 5342 γὰρ
1003 5269 1412 5341 δοξασθήσομαι.
1451 5268 1633 5322 Ταῦτα
1667 5268 1762 5338 μὲν
1790 5263 1881 5321 οὖν

309 5363 336 5415 ὁ
363 5362 506 5424 Θεὸς
540 5363 630 5414 καὶ
664 5362 874 5434 Πατήρ·
915 5362 1024 5430 ἐγὼ
1054 5362 1109 5414 δὲ
1153 5365 1181 5414 ό
1228 5362 1397 5414 ταῦτα
1442 5361 1613 5429 λέγων
1658 5360 1877 5432 Κύριος,

311 5456 526 5507 τούτων
555 5455 790 5518 ἀκούσας
811 5454 916 5507 τῶν
945 5455 1138 5523 λόγων,
1168 5454 1546 5525 ἀπεκρινάμην
1572 5453 1663 5506 καὶ
1695 5449 1844 5506 εἶπον
1863 5469 1876 5482 °

313 5545 422 5601 Καὶ
456 5546 578 5610 πῶς
601 5545 902 5617 ὃοξασθήση
932 5547 988 5599 ὲν
1031 5547 1170 5618 ἐμοὶ,
1205 5539 1249 5598 ὦ
1279 5546 1492 5617 Πάτερί
1524 5545 1682 5600 ὁπότε
1715 5545 1879 5599 πολλά

379 5727 430 5760 ⁸⁸
468 5724 665 5780 Matth.
706 5723 882 5796 x,_3l.
959 5726 1006 5760 ”
1037 5726 1190 5782 Cant.
1217 5741 1276 5787 ll,
1306 5725 1358 5782 5.

1991 4539 2152 4594 Israel
2183 4542 2413 4605 vocaris,
2458 4549 2514 4594 et
2550 4555 2761 4607 servus,
2793 4543 2916 4612 quia
2958 4542 3102 4596 servi
3128 4542 3353 4596 formam
3383 4558 3538 4598 acre-

1986 4631 2134 4699 pisti,
2163 4632 2264 4686 etsi
2297 4633 2602 4701 nnigenitus
2627 4634 2702 4687 sis
2734 4633 2896 4690 Deus.
2919 4635 2988 4687 At
3020 4633 3126 4700 hic,
3162 4635 3299 4688 utin
3335 4649 3538 4703 praece-

1989 4723 2262 4789 dentibus,
2295 4724 2387 4777 lilii
2423 4726 2638 4794 quidem
2665 4740 2860 4781 nomen
2891 4733 3049 4787 tacet,
3081 4738 3408 4794 servumque
3442 4741 3538 4779 vo-

1989 4824 2110 4882 cat,
2140 4815 2233 4869 lilii
2268 4830 2459 4870 nomen
2484 4815 2738 4871 adventui
2770 4831 2868 4870 suo
2915 4824 2969 4869 et
3008 4815 3193 4883 gratiae
3229 4830 3322 4882 per
3361 4816 3534 4883 ipsum

1992 4906 2305 4962 hominibus
2349 4907 2598 4962 cntnibus
2637 4907 2913 4972 revelatae,
2971 4920 3273 4960 reservans.
3309 4907 3536 4970 Deinde,

1988 4999 2131 5067 quod
2171 4999 2372 5052 nemini
2419 5014 2652 5068 unquam
2701 5013 2978 5053 servorum
3011 5013 3325 5054 concessum
3356 5007 3458 5059 est,
3485 4998 3538 5050 id

1986 5104 2084 5157 per
2121 5100 2193 5152 te,
2244 5089 2442 5158 inquit,
2496 5098 2817 5160 peragetur:
2871 5103 2994 5143 nam
3037 5089 3091 5142 in
3143 5097 3195 5143 te
3236 5088 3534 5158 gloriabor.

1986 5180 2113 5235 Haec
2146 5180 2361 5249 quidem
2399 5181 2544 5237 Deus
2593 5191 2646 5235 et
2686 5181 2864 5236 Pater.
2917 5183 3027 5253 Ego
3073 5196 3225 5246 vero,
3275 5181 3366 5248 qui
3422 5179 3538 5234 hau:

1988 5272 2130 5337 dico,
2160 5272 2436 5337 Dominus,
2473 5272 2555 5325 his
2577 5270 2781 5326 auditis
2816 5273 3016 5336 verbis,
3051 5273 3124 5326 ita
3157 5272 3440 5340 respondi:
3473 5273 3538 5326 Et

1985 5363 2253 5431 quomodo
2280 5362 2330 5415 in
2364 5378 2451 5418 me
2475 5363 2817 5433 gloriaberis,
2871 5378 2901 5416 o
2944 5362 3138 5417 Pater!
3191 5378 3312 5417 cum
3356 5365 3539 5419 mutus

1985 5455 2256 5510 laboribus
2287 5455 2666 5523 doloribusque
2690 5469 2786 5525 pro
2813 5454 2984 5510 salute
3015 5455 3288 5511 hominum
3320 5457 3540 5527 perluit.

1985 5557 2121 5612 ctus,
2157 5547 2288 5602 nihil
2316 5546 2674 5617 perl'ecerim?
2700 5545 2849 5602 multi
2887 5561 3122 5620 namque
3147 5563 3210 5605 ex
3241 5547 3347 5605 illis
3374 5548 3426 5604 in
3451 5548 3539 5607 ξιι-
