4108 6204
578 294 677 375 tat

1211 313 1475 371 EUSEBII
1514 313 1982 371 CESARIENSI‘S
2018 317 2173 377 OPP.
2219 320 2401 376 PARS
2439 322 2524 379 III.
2564 307 2632 366 -ξ-
2668 323 3082 381 EXEGETICA.

3694 330 3803 386 432

570 432 889 490 credulitate
943 441 1298 497 manserunt;
1348 440 1509 501 atque
1565 432 1617 485 in
1669 431 1858 502 primis
1924 430 2130 491 Judaei:

2245 439 2460 509 καμὼν,
2514 442 2607 495 καὶ
2661 444 2882 515 μυρίους
2925 444 3124 508 κόπους
3177 443 3471 516 ὑπομείνας
3519 444 3653 517 ὑπὲρ
3700 450 3801 522 τῆς

570 544 739 597 quare
768 528 885 580 dico
908 544 922 581 :

2249 533 2357 586 τῶν
2392 533 2689 604 ἀνθρώπων
2739 538 3031 608 σωτηρίας,
3066 538 3218 592 οὐδὲν
3266 539 3465 610 ἤνυσα·
3499 539 3547 591 οἱ
3589 539 3802 626 πλείους

569 619 677 693 γὰρ
719 617 896 672 αὐτῶν
929 616 1287 688 ὲναπέμειναν
1318 621 1385 688 τῇ
1416 618 1670 691 ἀπιστία·
1704 622 1797 675 καὶ
1826 623 2038 695 πρῶτόν
2070 640 2131 691 γε
2172 634 2229 679 τὸ
2276 626 2540 680 Ἰουδαίων
2571 627 2739 691 ἔθνοςο
2770 628 2849 681 διό
2879 645 3041 700 φημιο

646 734 805 787 Vens.
832 732 951 785 4-5.
989 750 1007 781 ι
1037 730 1163 785 Sine
1188 746 1348 784 causa
1390 730 1653 799 laboravi,
1683 737 1733 789 in
1765 754 1964 792 vanum
2005 750 2060 793 et
2087 740 2137 793 in

575 827 797 882 nihilum
830 824 947 878 dedi
999 823 1364 877 fortitudinem
1402 840 1597 880 meam.
1644 827 1936 898 Propterea
1986 832 2135 900 judi-

576 922 715 974 cium
742 932 916 971 meum
943 932 971 969 a
1006 918 1265 983 Domino,
1303 931 1355 972 et
1386 918 1536 973 labor
1569 934 1717 974 meus
1747 922 1799 974 in
1846 934 2134 991 conspectu

574 1010 668 1063 Dei
700 1008 826 1063 mei.
856 1008 919 1061 Et
950 1023 1091 1061 nunc
1137 1008 1216 1062 sic
1277 1008 1407 1063 dicit
1440 1011 1723 1076 Dominus,
1761 1014 1850 1082 qui
1886 1014 2137 1071 formavit

574 1116 659 1156 me
686 1116 751 1155 ex
789 1110 943 1153 utero
975 1115 1186 1154 servum
1219 1099 1344 1163 sibi,
1376 1110 1433 1155 ut
1468 1117 1852 1172 congregarem
1874 1106 2040 1163 Jacob
2073 1111 2135 1163 ad

572 1211 723 1258 eum,
750 1203 803 1248 et
836 1192 1038 1258 Israel;
1071 1195 1447 1263 congregabor
1473 1208 1527 1250 et
1556 1196 1904 1265 glorificabor
1934 1201 1988 1255 in
2016 1218 2137 1257 con-

536 1300 549 1311 "
571 1298 757 1356 spectu
788 1286 1022 1349 Domini,
1052 1294 1107 1340 et
1132 1285 1273 1341 Deus
1305 1302 1457 1341 meus
1490 1289 1594 1343 erit
1624 1291 1756 1345 mihi
1794 1290 2074 1348 fortitudo.
2109 1315 2128 1349 ο

544 1377 798 1435 'Etiamsi
826 1378 969 1433 enim
1001 1376 1245 1432 homines
1277 1392 1380 1432 non
1404 1389 1548 1434 recte
1588 1391 1769 1452 agant,
1808 1399 1908 1439 nec
1948 1401 2012 1439 ex
2056 1387 2135 1440 Ia-

550 1466 792 1528 “boribus
829 1470 997 1537 meis,
1027 1485 1159 1538 quos
1192 1472 1428 1538 ipsorum
1459 1488 1620 1529 causa
1668 1490 1957 1546 perpessus
1991 1496 2133 1545 sum,

570 1566 783 1633 dignam
816 1562 1107 1616 utilitatem
1136 1564 1444 1632 accipiant;
1484 1574 1538 1617 at
1578 1581 1674 1635 ego
1708 1567 1796 1633 iis,
1826 1584 1945 1638 qua:
1973 1586 2136 1638 penes

568 1672 656 1711 me
689 1664 868 1721 erant,
899 1655 1237 1725 perfunctus,
1272 1656 1323 1709 in
1357 1667 1652 1725 conSpectu
1688 1658 1779 1713 Dei
1815 1661 1917 1714 mei
1955 1672 2133 1731 pater-
2161 1686 2205 1744 Β

568 1765 692 1803 nam
721 1749 927 1819 explevi
970 1748 1301 1803 voluntatem
1337 1765 1351 1803 :
1400 1750 1752 1818 quamobrem
1795 1751 1881 1817 iis,
1928 1754 2017 1822 qui
2065 1769 2131 1808 ex

567 1841 973 1897 circumcisione
1010 1855 1153 1906 sunt,
1180 1842 1411 1910 primum
1446 1842 1734 1898 salutarem
1768 1854 1821 1899 et
1853 1856 2131 1914 paternam

568 1936 793 2006 gratiam
826 1933 1133 2004 przedicavi.
1169 1930 1304 1986 Nam
1352 1933 1443 2002 qui
1474 1934 1725 1987 formavit
1759 1951 1843 1990 me
1885 1938 1952 1989 ab
1983 1950 2133 1993 utero

566 2043 783 2083 servum
814 2026 939 2087 sibi,
975 2035 1029 2079 et
1061 2041 1127 2079 ex
1165 2025 1360 2079 Isracle
1389 2042 1582 2095 corpus
1624 2042 1800 2080 meum
1836 2030 2130 2083 concinna-

548 2121 663 2185 πη,
693 2120 737 2173 is
770 2118 936 2171 voluit
969 2127 1027 2169 ut
1054 2116 1186 2185 ipsis
1217 2116 1487 2185 prioribus
1528 2118 1755 2187 gratiam
1792 2135 1962 2173 meam
1996 2138 2133 2190 prae-

550 2208 825 2273 “dicarem,
856 2218 912 2262 ut
943 2206 1110 2261 Jacob
1140 2216 1192 2260 et
1224 2206 1389 2261 Israel
1441 2210 1505 2260 ad
1558 2224 1679 2263 eum
1720 2224 2126 2281 congregarem.

564 2298 695 2356 Jure
734 2302 913 2368 itaque
952 2298 1064 2353 lucc
1090 2299 1287 2351 monita
1321 2299 1483 2352 tradit
1516 2318 1528 2353 :
1565 2319 1581 2352 ι
1624 2300 1680 2354 In
1718 2302 1856 2355 viam
1893 2305 2128 2372 gentium

565 2408 633 2447 ne
662 2390 923 2457 abieritis,
951 2399 1004 2444 et
1033 2389 1084 2443 in
1121 2389 1390 2445 civitatem
1443 2390 1901 2447 Samaritanorum
1953 2412 2017 2449 ne
2049 2396 2129 2449 in-

567 2484 881 2539 traveritis:
914 2483 986 2537 ite
1019 2484 1196 2553 potius
1231 2484 1295 2536 ad
1337 2498 1485 2544 oves,
1524 2499 1641 2553 quae
1698 2486 1994 2556 perierunt,
2033 2489 2128 2545 do-

565 2593 685 2633 mus
713 2576 879 2632 Israel
906 2576 971 2629 ⁸⁷.
1010 2593 1028 2627 ι
1062 2575 1207 2629 Patri
1247 2589 1375 2645 ergo
1431 2575 1656 2645 placuit,
1695 2586 1749 2629 ut
1802 2578 1867 2630 ad
1908 2592 2129 2650 congre-

563 2670 799 2741 gandum
831 2668 995 2724 Jacob
1027 2677 1082 2722 et
1106 2667 1293 2730 Israel,
1345 2667 1411 2721 ad
1457 2666 1703 2721 homines
1732 2670 2019 2723 transitum
2050 2671 2128 2723 fa-

562 2778 768 2827 cerem,
808 2762 947 2817 unde
976 2761 1072 2825 ait,
1105 2777 1123 2811 ε
1156 2758 1210 2813 In
1249 2768 1300 2813 te
1331 2758 1620 2829 gloriabor.
1671 2776 1689 2811 ι
1753 2758 1863 2828 Ego
1892 2776 2019 2815 vero
2047 2764 2127 2817 in-

566 2854 933 2911 credulitatem
961 2862 1016 2907 et
1042 2852 1293 2907 duritiem
1333 2849 1561 2920 lsraelis,
1599 2853 1965 2921 conspicatus,
2012 2853 2125 2921 jam

566 2950 773 3017 pridem
810 2947 917 3000 dixi
952 2964 965 3001 :
996 2962 1015 2997 ι
1050 2944 1178 2999 Sine
1209 2958 1369 2997 causa
1427 2942 1664 2998 laboravi
1707 2960 1720 2997 :
1758 2943 1809 2997 in
1843 2958 2036 2998 vanum
2072 2954 2125 3000 et

2314 761 2331 791 ε
2368 741 2552 805 Κενῶς
2574 742 2856 804 ἐκοπίασα,
2884 743 2961 805 είς
2992 743 3214 813 μάταιον
3238 745 3330 797 καὶ
3353 746 3431 808 είς
3452 744 3602 798 οὐδὲν
3631 744 3805 798 ἔδωκα

2238 832 2504 903 τὴνίιτλύν
2532 850 2653 903 μου.
2684 834 2780 886 Διᾶ
2797 833 2953 886 τοῦτο
2978 836 3009 904 ἠ
3057 834 3236 905 κρίσις
3271 854 3369 905 μου
3405 838 3551 906 παρὰ
3594 837 3806 906 Κυρίῳ,

2236 930 2328 976 καὶ
2354 926 2381 976 ὀ
2409 926 2566 988 πόνος
2590 943 2689 995 μου
2715 926 2953 978 ἐναντίον
2977 925 3067 978 τοῦ
3091 927 3222 979 Θεοῦ
3254 945 3373 996 μου.
3402 929 3508 980 Καὶ
3541 926 3636 981 νῦν
3668 925 3808 978 οὕτω

2235 1015 2379 1084 λέγει
2410 1017 2631 1087 Κύριος,
2663 1021 2690 1071 ὁ
2724 1018 2934 1079 πλάσας
2962 1034 3027 1088 με
3061 1019 3125 1070 ἐκ
3158 1019 3362 1082 κοιλίας
3390 1017 3572 1071 δοῦλον
3604 1016 3802 1087 ἐαυτῷ,

2235 1107 2327 1159 τοῦ
2354 1111 2671 1176 συναγαγεῖν
2700 1108 2789 1161 τὸν
2805 1107 2997 1161 Ἰακὼϐ
3031 1108 3167 1181 πρὸς
3204 1109 3383 1173 αὑτὸν,
3433 1109 3524 1161 καὶ
3562 1108 3798 1181 Ἰσραήλ”

2237 1198 2638 1270 συναχθήσομαι
2687 1203 2779 1254 καὶ
2827 1201 3229 1273 δοξασθήσομαι
3283 1202 3522 1255 ἐναντίον
3571 1200 3802 1273 Κυρίου,

2236 1292 2329 1344 καὶ
2362 1293 2389 1343 ὁ
2418 1292 2546 1355 Θεὸς
2599 1310 2698 1361 μου
2740 1292 2891 1347 ἔσται
2941 1311 3030 1364 μοι
3076 1292 3245 1363 ἰσχύς.
3282 1311 3300 1343 ›
3336 1294 3397 1347 Εἰ
3432 1292 3537 1365 γὰρ
3582 1293 3675 1345 καὶ
3724 1292 3803 1364 μὴ

2236 1382 2511 1455 ἄνθρωποι
2548 1384 2876 1455 κατορθῶσι,
2914 1385 3035 1455 μηδ’
3084 1385 3249 1451 ἀξίως
3279 1384 3387 1437 τῶν
3422 1384 3566 1454 ὲμῶν
3599 1384 3801 1447 πόνων,

2234 1468 2307 1528 ὧν
2334 1476 2601 1547 ὑπέμεινα
2634 1476 2700 1529 δι’
2728 1477 2942 1540 αὐτοὺς,
2991 1477 3345 1546 ὠφελοῦνται*
3391 1477 3503 1530 ἀλλ’
3554 1475 3684 1545 ἐγὼ,
3730 1476 3801 1529 τὰ

2234 1568 2364 1640 παρ’
2389 1569 2624 1640 ἐμαυτοῦ
2658 1570 2888 1641 πράξας,
2920 1571 3158 1624 ἐναντίον
3185 1570 3277 1622 τοῦ
3311 1570 3443 1622 Θεοῦ
3475 1587 3572 1640 μου
3596 1569 3655 1622 τὸ
3691 1586 3801 1622 πα·-

2232 1661 2416 1731 τρικδν
2449 1662 2733 1715 ὲτελείωσα
2764 1662 2923 1733 βούλη
2935 1679 3040 1733 μα’
3075 1662 3155 1715 διὸ
3190 1661 3426 1733 πρώτοις
3457 1664 3636 1725 αὐτοῖς
3670 1662 3802 1733 ἑκη-

2238 1751 2369 1821 ρυξα
2397 1756 2508 1815 τοῖς
2540 1754 2604 1805 ἐκ
2631 1754 2928 1825 περιτομῆς
2956 1753 3053 1825 τὴν
3087 1754 3359 1823 σωτηρίαν
3396 1755 3488 1806 καὶ
3533 1752 3799 1825 πατρικὴν

2233 1842 2412 1914 χάριν.
2453 1843 2510 1895 '0
2534 1844 2642 1915 γὰρ
2674 1844 2880 1908 πλάσας
2914 1862 2979 1914 με
3014 1846 3078 1897 ἐκ
3122 1844 3327 1906 κοιλίας
3360 1844 3542 1897 δοῦλον
3594 1844 3793 1915 ἐαυτῷ,

2232 1936 2326 1987 καὶ
2351 1937 2414 1987 ἐκ
2440 1935 2535 1988 τοῦ
2572 1935 2784 2007 Ἰσραὴλ
2804 1936 2862 1988 τὸ
2883 1936 3040 2006 σῶμα
3069 1955 3165 2007 μου
3190 1936 3621 1999 κατασκευάσας,
3650 1936 3801 2008 πρώ-

2230 2044 2342 2089 τοις
2370 2027 2553 2090 αὑτοῖς
2586 2027 2817 2099 κηρῦξαι
2855 2028 3171 2098 βεϐούληται
3203 2028 3299 2099 τὴν
3336 2027 3572 2098 ἐμαυτοῦ
3614 2030 3796 2100 χάριν,

2231 2118 2309 2180 είς
2337 2118 2396 2169 τὸ
2443 2122 2764 2187 συναγαγεῖν
2792 2119 2884 2173 τὸν
2929 2119 3117 2174 Ἰακὼῆ
3161 2120 3295 2190 πρὸς
3338 2120 3518 2178 αὑτὸν,
3566 2122 3657 2173 καὶ
3704 2119 3797 2173 τὸν

2243 2208 2475 2279 Ἰσραήλ.
2496 2210 2731 2273 Εἰκότως
2746 2206 2837 2263 οὖν
2857 2214 3112 2282 παραινεῖ
3126 2212 3316 2279 λέγων,
3334 2232 3351 2263 ι
3381 2214 3472 2275 Εἰς
3494 2213 3608 2266 ὁδὸν
3627 2212 3797 2267 ἐθνῶν

2232 2298 2305 2368 μὴ
2342 2297 2631 2368 ἀπέλθητε,
2659 2300 2754 2352 καὶ
2784 2301 2863 2361 είς
2912 2300 3062 2352 πόλιν
3106 2300 3457 2372 Σαμαρειτῶν
3501 2300 3573 2372 μὴ
3617 2300 3797 2354 είσέλ..

2230 2387 2358 2458 θητε
2380 2406 2391 2417 ·
2428 2389 2722 2460 πορεύεσθε
2751 2390 2805 2442 δὲ
2841 2390 3038 2459 μᾶλλον
3072 2393 3150 2454 εἰς
3178 2391 3245 2444 τὰ
3287 2392 3533 2463 προὸατα
3558 2392 3624 2445 τα
3657 2394 3798 2446 ἁπο-

2228 2479 2433 2534 λωλὸτα
2472 2483 2619 2534 οἴκου
2680 2483 2910 2554 Ἰσραήλ.
2954 2503 2971 2535 ι
3017 2483 3073 2535 '0
3108 2484 3205 2555 μὲν
3245 2481 3336 2537 οὖν
3377 2486 3564 2557 Πατὴρ
3611 2486 3688 2549 εἰς
3731 2485 3796 2539 τὸ

2230 2576 2553 2641 συναγαγεῖν
2590 2573 2672 2627 τὸν
2735 2574 2928 2628 Ἰακὼὸ
2977 2576 3071 2629 καὶ
3116 2577 3206 2629 τὸν
3252 2577 3482 2648 Ἰσραὴλ,
3525 2578 3793 2649 ηὑδόκησε

2226 2661 2323 2734 τὴν
2349 2665 2430 2745 είς
2476 2664 2793 2735 ἀνθρώπους
2827 2668 3055 2740 πάροδὸν
3104 2687 3170 2740 με
3202 2670 3550 2741 ποιήσασθαι,
3597 2672 3791 2738 εἰπὼν,

2234 2773 2252 2806 ι
2302 2756 2389 2807 Ἐν
2425 2756 2505 2808 σοὶ
2548 2756 2965 2829 δοξασθήσομαι·
3001 2777 3018 2809 ι
3054 2757 3163 2828 ἐγὼ
3190 2760 3245 2812 δὲ
3276 2760 3373 2831 τὴν
3414 2760 3668 2814 ἀπιστίαν
3698 2761 3791 2814 καὶ

2228 2847 2324 2918 τὴν
2377 2848 2802 2921 σκληροκαρδίαν
2830 2849 3045 2922 θεωρῶν
3071 2851 3163 2904 τοῦ
3203 2851 3442 2924 Ἰσραὴλ,
3490 2847 3642 2905 εἷπον
3686 2853 3787 2924 ἤδη

2230 2940 2514 3012 πρότερον,
2548 2942 2648 3003 δτι,
2683 2962 2699 2993 ι
2736 2942 2921 3005 Κενῶς
2966 2943 3249 2995 ἐκοπίασα·
3281 2946 3358 3006 εἰς
3388 2943 3561 3014 μάτην
3591 2943 3683 2997 καὶ
3710 2944 3788 3006 είς

568 3043 621 3095 in
653 3040 875 3093 nihilum
908 3037 1026 3091 dedi
1059 3034 1427 3089 fortitudinem
1462 3049 1654 3088 meam.
1690 3053 1708 3086 ι
1754 3033 1809 3088 In
1836 3036 1954 3089 aliis
1986 3052 2120 3106 quo-

2232 3030 2375 3084 οὐδὲν
2403 3031 2576 3085 ἔδωκα
2612 3032 2710 3104 τὴν
2746 3033 2896 3102 ἰσχύν
2946 3051 3064 3103 μου.
3102 3054 3118 3085 ι
3172 3035 3277 3087 Καὶ
3312 3036 3367 3086 ὲν
3400 3034 3604 3106 ἑτέροις
3645 3032 3789 3087 τοῦτ’

568 3147 672 3201 que
706 3131 933 3200 idipsum
970 3127 1209 3181 declarat
1249 3126 1333 3179 his
1362 3125 1541 3180 verbis
1581 3144 1595 3181 :
1628 3144 1646 3177 ι
1680 3125 1808 3193 Qua:
1840 3127 2042 3180 utilitas
2074 3129 2125 3181 in

566 3226 824 3294 sanguine
850 3237 990 3287 meo,
1021 3220 1145 3273 dum
1173 3218 1436 3273 descendo
1477 3219 1529 3271 in
1561 3218 1958 3287 corruptionem
1988 3218 2075 3271 “2
2102 3235 2120 3269 ι

568 3317 690 3373 Sola
723 3316 917 3387 quippe
960 3311 1089 3367 mihi
1125 3325 1210 3377 ea,
1250 3325 1369 3380 qua:
1398 3310 1465 3364 ab
1496 3308 1614 3379 ipso
1664 3320 1768 3375 est,
1805 3310 1974 3380 gloria
2006 3324 2124 3365 ser-

567 3422 744 3477 vatur,
765 3420 818 3465 et
843 3412 954 3477 ipse
970 3406 1186 3477 quidem
1216 3413 1299 3458 est
1320 3401 1598 3459 fortitudo.
1626 3402 1953 3457 Admiranda
1984 3403 2125 3457 enim

571 3514 625 3557 et
658 3500 917 3572 stupenda
947 3499 1065 3569 ejus
1094 3510 1279 3568 opera,
1325 3494 1542 3551 virtutis
1586 3494 1702 3565 ejus
1752 3506 2124 3565 argumentum

569 3608 742 3651 crant.

641 3707 801 3762 Vens.
848 3706 900 3760 6.
954 3706 1064 3760 «Et
1095 3704 1229 3758 dixit
1277 3702 1430 3761 mihi.
1486 3702 1735 3772 Magnum
1785 3711 1868 3757 est
1915 3701 2009 3756 tibi
2064 3709 2124 3755 ut

565 3801 777 3854 voceris
828 3813 963 3867 puer
1021 3811 1192 3858 meus,
1239 3805 1297 3847 ut
1344 3802 1552 3847 statuas
1613 3794 1783 3847 tribus
1830 3790 2015 3856 Jacob,
2074 3802 2129 3846 et

569 3886 953 3954 dispersiouem
982 3882 1144 3937 Israel
1177 3891 1484 3935 convertas.
1516 3899 1533 3931 ι
1567 3880 1696 3934 Nam
1732 3897 1917 3935 revera
1954 3882 2126 3935 maxi-

568 3992 714 4032 mum
758 3984 876 4029 erat
925 3971 1222 4027 Salvatoris
1270 3972 1438 4026 noStri
1493 3986 1647 4041 opus,
1707 3972 1847 4041 quod
1900 3972 2124 4026 formam

568 4069 709 4124 servi
752 4066 1044 4136 acceperit,
1084 4074 1138 4118 et
1177 4064 1464 4118 humanam
1499 4063 1898 4133 generationem
1942 4064 2125 4117 subie-

568 4162 660 4216 rit.
700 4160 870 4213 Causa
904 4172 1063 4227 porro
1093 4172 1190 4211 cur
1228 4155 1475 4210 Salvator
1532 4169 1721 4209 servus
1764 4152 1985 4209 etl‘ectus
2032 4156 2123 4220 sit,

570 4253 688 4306 hmo
728 4260 873 4314 erat,
924 4248 1000 4302 uti
1059 4247 1268 4301 scilicet
1317 4247 1487 4301 tribus
1524 4244 1689 4299 Jacob
1719 4254 2023 4306 statueret,
2072 4254 2127 4300 et

570 4336 933 4406 dispersiones
960 4333 1171 4389 Israelis
1202 4344 1562 4390 converteret.
1591 4334 1712 4387 Ideo
1745 4334 1871 4402 ipsis
1894 4336 2122 4403 primum

2230 3120 2359 3175 αὐτὸ
2386 3121 2533 3193 δηλοῖ
2564 3120 2752 3187 εἰπὼν,
2799 3143 2816 3174 ι
2854 3123 2948 3186 Τίς
2979 3121 3212 3192 ὠφέλεια
3248 3125 3304 3175 ὲν
3332 3122 3409 3195 τῷ
3449 3120 3787 3194 αῖματίμου,

2230 3214 2287 3265 ἐν
2313 3212 2389 3284 τῷ
2420 3213 2764 3268 καταὸαίνειν
2794 3230 2859 3283 με
2889 3216 2967 3277 εἰς
2994 3212 3285 3285 διαφθοράν
3310 3229 3324 3279 ;
3366 3232 3385 3265 ι
3440 3214 3589 3283 Μόνη
3615 3213 3721 3287 γὰρ
3754 3216 3789 3285 ή

2230 3307 2359 3377 παρ’
2390 3306 2553 3359 αὐτοῦ
2618 3324 2706 3377 μοι
2769 3306 2893 3369 δόξα
2953 3305 3321 3373 πεφύλακται,
3356 3306 3449 3358 καὶ
3490 3306 3650 3368 αὐτὸς
3690 3303 3789 3376 μέν

2228 3397 2374 3448 ἐστιν
2404 3398 2436 3466 ὴ
2487 3395 2657 3466 ἰσχύς.
2688 3396 2767 3449 Τὰ
2800 3396 2926 3463 γοῦν
2955 3396 3226 3466 θαυμάσια
3272 3396 3363 3447 καὶ
3398 3394 3467 3447 τὰ
3511 3395 3791 3467 παράδοξα

2227 3487 2363 3559 ἔργα
2399 3488 2884 3559 διεμπεπραγμένα
2930 3488 3029 3557 τῆς
3068 3486 3227 3540 αὑτοῦ
3274 3485 3549 3549 δυνάμεως
3580 3484 3647 3558 ἦν
3682 3505 3789 3541 πα-

2230 3582 2549 3639 ραστατικά.

2303 3715 2321 3747 ι
2361 3697 2469 3749 Καὶ
2513 3693 2631 3748 εἷπὲ
2667 3714 2785 3766 μοι,
2828 3697 2985 3766 Μέγα
3025 3698 3105 3751 σοί
3140 3698 3255 3751 ἐστι
3298 3698 3389 3751 τοῦ
3428 3696 3693 3767 κληθῆναι
3730 3712 3790 3752 σε

2228 3787 2388 3841 παῖδά
2423 3806 2541 3857 μου,
2582 3788 2674 3840 τοῦ
2720 3791 2909 3859 στῆσαι
2951 3789 3049 3852 τὰς
3091 3790 3256 3858 φυλὰς
3309 3785 3533 3851 Ἰακὼϐ,
3568 3789 3660 3843 καὶ
3690 3789 3792 3857 τὴν

2224 3878 2515 3950 διασπορὰν
2558 3878 2648 3931 τοῦ
2696 3879 2910 3950 Ἰσραὴλ
2958 3880 3299 3950 ἐπιστρέψαι.
3352 3898 3369 3931 ι
3418 3880 3527 3933 Καὶ
3568 3883 3674 3951 γάρ
3713 3878 3790 3943 ὡς

2226 3969 2437 4041 ἀληθῶς
2467 3970 2718 4040 μέγιστον
2752 3971 2906 4041 ἔργον
2927 3971 3017 4025 τοῦ
3043 3972 3290 4042 Σωτῆρος
3314 3973 3467 4043 ἡμῶν
3490 3973 3550 4025 τὺ
3580 3971 3788 4043 μορφὴν

2224 4060 2408 4113 δούλου
2448 4061 2765 4125 ἀναλαϐεῖν,
2810 4064 2902 4115 καὶ
2946 4063 3044 4133 τὴν
3074 4064 3129 4115 ὲν
3171 4062 3472 4132 ἀνθρώποις
3502 4062 3788 4132 ὑπομένειν

2226 4151 2497 4221 γέννησιν.
2557 4151 2629 4202 Τὸ
2680 4150 2733 4203 δὲ
2787 4151 2954 4204 αἴτιον
3006 4150 3098 4203 τοῦ
3154 4150 3336 4203 δοῦλον
3399 4150 3645 4220 γενέσθαι
3695 4150 3789 4205 τὸν

2228 4242 2475 4313 Σωτῆρα,
2502 4241 2658 4295 τοῦτο
2683 4237 2767 4312 ἦν’
2786 4241 2927 4309 λέγω
2947 4242 3009 4312 δὴ
3037 4242 3225 4311 στῆσαι
3251 4242 3349 4305 τὰς
3374 4242 3543 4311 φυλὰς
3576 4240 3787 4304 Ἰακὼϐ,

2230 4331 2441 4393 καὶτὰς
2464 4332 2759 4402 διασπορὰς
2792 4332 2884 4384 τοῦ
2932 4334 3143 4404 Ἰσραὴλ
3182 4334 3523 4405 ἐπιστρέψαι.
3568 4332 3657 4386 Διὸ
3692 4333 3789 4387 αὑ-

568 4430 915 4500 praedicabat,
950 4428 1040 4497 qui
1076 4428 1269 4481 animis
1298 4427 1491 4496 captivi
1523 4438 1698 4490 erant,
1729 4427 2119 4493 dimissionem,

2232 4426 2341 4485 τοῖς
2366 4422 2598 4493 πρώτοις
2620 4424 2934 4493 ἐκήρυττεν,
2974 4423 3333 4493 αἰχμαλώτοις
3355 4421 3471 4477 οὖσι
3494 4424 3590 4487 τὰς
3614 4424 3789 4495 ψυχας

571 4529 628 4574 et
654 4520 813 4575 cmcis
840 4521 987 4573 visus
1015 4517 1432 4572 restitutionem.
1483 4516 1748 4582 Quoniam
1794 4516 1864 4570 illi
1897 4517 2124 4586 gratiam

571 4626 677 4664 non
726 4616 1120 4676 susceperunt,
1197 4616 1592 4677 consequenter
1642 4607 1841 4661 dicitur
1888 4618 2070 4675 postea
2109 4625 2124 4663 :

526 4714 536 4723 '
577 4723 597 4756 ι
626 4702 762 4757 Ecce
792 4701 942 4772 posui
979 4710 1029 4754 te
1059 4701 1111 4754 in
1145 4708 1525 4754 testamentum
1554 4699 1791 4768 generis,
1844 4700 1897 4752 in
1954 4700 2125 4754 lucem

570 4796 844 4866 gentium;
898 4802 957 4847 ut
1008 4792 1083 4847 sis
1129 4792 1182 4846 in
1227 4790 1454 4846 salutem
1503 4804 1673 4859 usque
1723 4789 1789 4843 ad
1823 4798 2123 4845 extremum

571 4902 748 4947 terra‘.
777 4908 796 4942 ι

643 5004 805 5059 Vens.
831 5002 943 5070 7,8.
981 5020 1000 5054 ι
1029 5000 1121 5055 Sic
1143 5000 1274 5055 dicit
1300 4999 1580 5064 Dominus,
1605 4999 1694 5070 qui
1720 4997 1861 5052 eruit
1886 5006 1955 5062 te,
1989 4995 2128 5051 Deus

570 5098 756 5153 Israel.
788 5116 807 5150 ι
872 5097 987 5165 Ipse
1043 5109 1295 5164 namque.
1352 5094 1442 5163 qui
1489 5095 1615 5148 olim
1667 5094 1823 5147 Israel
1875 5093 2015 5147 eruit
2064 5093 2129 5147 de

573 5205 735 5242 manu
785 5188 1195 5260 Egyptiorum,
1253 5186 1400 5240 vobis
1454 5200 1669 5254 quoque
1705 5185 1953 5255 gentibus
2015 5185 2128 5238 haec

573 5282 876 5341 annuntiat.
908 5291 963 5336 et
988 5280 1229 5350 praecipit
1262 5278 1470 5342 dicens,
1524 5295 1543 5328 ι
1575 5278 1923 5331 Sanctificate
1978 5292 2128 5341 eum,

479 5389 488 5397 ε
570 5374 661 5444 qui
699 5374 924 5441 despicit
966 5376 1203 5429 animam
1254 5387 1439 5438 suam;
1473 5390 1491 5422 ι
1541 5382 1744 5441 quanto
1788 5373 1931 5424 enim
1964 5370 2130 5439 magis

573 5462 662 5518 ille
724 5478 842 5518 sese
891 5463 1189 5519 humiliavit
1248 5476 1416 5532 usque
1463 5462 1530 5516 ad
1575 5474 1825 5526 mortem,
1875 5471 1928 5515 et
1981 5476 2127 5515 mor-

600 5748 641 5782 ⁸⁷
677 5746 864 5805 Matth.
900 5766 953 5813 Χ,
992 5751 1040 5816 5,
1067 5755 1117 5811 6.
1156 5751 1201 5782 ⁸⁸
1233 5749 1369 5803 l‘sal.
1412 5764 1556 5814 xm,
1596 5746 1678 5801 I0.

2233 4508 2329 4579 τὴν
2357 4508 2571 4577 ἄφεσιν,
2593 4508 2682 4560 καὶ
2709 4507 2925 4577 τυφλοῖς
2954 4504 3071 4561 οὖσι
3099 4510 3197 4579 τὴν
3231 4509 3541 4580 ἀνάϐλεψιν.
3571 4503 3787 4582 Ἐπειδὴ

2236 4600 2309 4669 μὴ
2349 4598 2700 4669 παρεδέχοντο
2728 4599 2825 4669 τὴν
2863 4598 3020 4670 χάριν
3055 4601 3268 4664 ἐκεῖνοι,
3302 4600 3604 4664 ἀκολούθως
3640 4601 3789 4671 εἴρη-

2230 4707 2319 4743 ται
2358 4688 2511 4760 ἑξῆς·
2567 4709 2584 4739 ι
2630 4690 2759 4743 Ἰδοὺ
2799 4690 3019 4743 τέθεικά
3061 4708 3117 4743 σε
3162 4694 3240 4754 εἰς
3276 4691 3541 4763 διαθήκην
3575 4690 3788 4759 γένους,

2231 4784 2308 4845 εἰς
2336 4782 2447 4851 φῶς
2485 4781 2651 4836 ἐθνῶν
2673 4822 2686 4847 ,
2722 4780 2812 4835 τοῦ
2844 4778 2976 4835 εἷναί
3004 4799 3060 4835 σε
3089 4785 3167 4846 είς
3194 4784 3462 4855 σωτηρίαν
3487 4784 3588 4847 ἓως
3626 4784 3791 4854 ἐσχά-

2230 4892 2324 4928 του
2350 4892 2471 4947 γης,
2511 4893 2528 4926 ι

2307 5021 2325 5052 ι
2378 5000 2561 5064 υῦτως
2605 5002 2748 5070 λέγει
2786 5002 3009 5073 Κύριος,
3060 5002 3088 5056 ὸ
3134 5004 3432 5075 ῥυσάμενος
3479 5020 3559 5067 σε,
3589 5006 3617 5056 ὁ
3657 5002 3791 5068 Θεὸς

2244 5091 2477 5162 Ἰσραήλ.
2526 5110 2543 5141 ι
2587 5090 2755 5155 Αὐτὸς
2795 5092 2922 5163 γὰρ,
2968 5093 3150 5163 φησὶν,
3187 5095 3404 5157 ἐκεῖνος,
3446 5096 3473 5147 ὁ
3503 5093 3667 5146 παλαι
3697 5095 3791 5146 τὸν

2246 5182 2457 5253 Ἰσραὴλ
2495 5178 2791 5253 ῥυσάμενος
2828 5186 2889 5236 ἐκ
2923 5185 3101 5255 χειρὸς
3134 5186 3438 5251 Αἰγυπτίων
3459 5225 3473 5247 ,
3501 5186 3660 5249 αὐτὸς
3696 5185 3788 5237 καὶ

2234 5278 2360 5347 ὑμῖν
2392 5280 2501 5340 τοῖς
2531 5276 2707 5329 ἔθνεσι
2745 5278 2915 5353 “nium
2957 5281 3281 5349 προσφωνεῖ,
3319 5278 3410 5330 καὶ
3451 5278 3787 5331 διατάττεται

2233 5368 2425 5437 λέγων⁵
2449 5388 2465 5419 ι
2490 5369 2772 5436 Ἀγιάσατε
2798 5368 2885 5422 τὸν
2906 5370 3222 5439 φαυλίζοντα
3250 5368 3346 5439 τὴν
3371 5369 3545 5440 ψυχὴν
3566 5368 3743 5423 αὐτοῦ’
3762 5388 3780 5419 ι

2230 5459 2350 5511 ὅσον
2366 5458 2470 5530 γὰρ
2485 5459 2669 5512 ἑαυτὸν
2684 5460 3007 5513 ἐταπείνωσε
3024 5459 3179 5531 μέχρι
3194 5459 3440 5521 θανάτου.
3457 5462 3547 5514 καὶ
3561 5460 3788 5516 θανάτου
