4108 6204
331 329 429 384 435

1209 310 1719 375 COMMENTARIA
1756 317 1823 372 IN
1865 315 2114 373 ISAIAII.
2153 345 2222 356 -
2256 313 2407 368 CAP.
2449 310 2635 368 XLIX.

3437 313 3542 368 ιδι

330 441 590 514 σταυροῦ,
614 439 825 495 τοσοῦτο
858 438 1014 509 ὑμεῖς
1033 438 1194 492 αὑτὸν
1220 437 1516 505 δοξάζετε.ι
1541 438 1643 492 Τὸν
1672 437 1887 507 βδελυσ-

1990 442 2092 489 tem
2119 431 2328 493 crucis,
2362 436 2510 483 tanto
2539 425 2711 495 magis
2755 440 2850 481 vos
2887 426 3058 496 ipsum
3083 426 3368 481 celebrate.
3401 443 3420 477 ι
3441 426 3544 492 Qui

331 538 556 605 σόμενον
595 533 696 586 ὑπὸ
724 528 1021 584 τὼν’ὲθνῶν
1039 570 1054 594 ,
1085 529 1193 582 τῶν
1223 529 1421 585 δούλων
1452 529 1560 583 τῶν
1595 529 1883 601 ἀρχόντων.

334 627 580 688 Βασιλεῖς
617 624 825 693 ὃψονται
875 621 1070 685 αὑτὸν,
1127 622 1222 675 καὶ
1261 623 1651 693 ἀναστήσονται
1698 621 1888 692 ἄρχον-

336 737 449 783 τες.
489 719 575 772 καὶ
609 703 1078 788 προσκυνήσουσιὸ
1110 713 1277 785 αὐτῷ,
1317 714 1498 767 ἕνεκεν
1531 715 1765 786 Κυρίου·
1805 713 1887 765 ὅτι

341 810 520 872 πιστός
537 811 674 861 ἐστιν
699 809 727 861 ό
745 809 932 876 ’Ἄγιος
977 806 1211 878 Ἰσραὴλ,
1242 806 1334 859 καὶ
1349 803 1674 876 ἐξελεξάμην
1699 821 1756 856 σε
1779 804 1891 857 τῶν

341 901 530 956 δούλων
555 899 657 952 τῶν
684 899 976 970 ἀρχόντων·
1017 917 1035 950 ι
1070 897 1213 966 λέγω
1252 896 1316 968 δὴ
1356 899 1466 959 τοῖς
1496 899 1745 967 πονηροῖς
1776 893 1888 947 δαί-

347 1008 520 1064 μοσιν,
557 992 605 1044 οἱ
660 990 770 1062 γὰρ
810 990 890 1044 ἔτι
950 989 1160 1052 τούτοις
1219 985 1736 1058 καταδεδουλωμένοι
1799 984 1886 1038 τὸν

337 1084 552 1156 Χριστὸν
582 1081 676 1135 τοῦ
707 1081 844 1135 Θεοῦ
895 1080 1354 1152 βλασφημοῦνται.
1404 1078 1784 1131 Βδελύσσονται
1830 1078 1886 1130 δὲ

334 1176 576 1248 σύροντες
624 1176 719 1228 καὶ
767 1174 1152 1245 χλευάζοντες,
1187 1173 1281 1226 καὶ
1323 1170 1668 1240 φαυλίζοντες
1723 1168 1885 1223 αὑτοῦ

329 1267 415 1320 τὸν
463 1265 709 1319 θάνατον.
761 1263 919 1317 Ἀλλὰ
976 1264 1082 1334 γὰρ
1132 1263 1288 1332 ὑμεῖς
1335 1257 1416 1326 οἷς
1470 1263 1669 1331 ὀλὸγος
1723 1278 1888 1332 προσ-

330 1362 518 1428 φωνεῖ,
560 1357 750 1412 τοῦτον
783 1356 945 1410 αὑτὸν
985 1356 1243 1423 ἁγιάσατε
1279 1352 1606 1419 δοξάζοντες.
1645 1355 1764 1407 ἐπεὶ
1795 1353 1887 1407 καὶ

331 1469 350 1502 ι
389 1452 495 1504 πᾶν
521 1450 652 1518 γόνυ
689 1447 895 1520 κάμψει
925 1446 1068 1518 αὐτῷ
1110 1446 1442 1518 ἐπουρανίων
1469 1446 1564 1498 καὶ
1597 1445 1885 1513 ἐπιγείων,

327 1543 417 1597 καὶ
447 1540 835 1613 καταχθονίων,
868 1541 960 1594 καὶ
989 1542 1135 1593 πᾶσα
1175 1539 1393 1608 γλῶσσα
1419 1538 1884 1609 ἐξομολογήσεται,

323 1635 403 1688 δτι
424 1633 630 1704 Κύριος
665 1631 869 1704 Ἰησοῦς
889 1633 1120 1704 Χριστὸς
1147 1634 1225 1693 είς
1248 1631 1402 1698 δόξαν
1432 1630 1565 1684 Θεοῦ
1589 1623 1825 1702 Πατρὸς,
1864 1651 1881 1682 ι

324 1727 448 1780 ὅταν
487 1725 618 1797 ἔλθῃ
662 1727 718 1778 ὲν
752 1728 817 1796 τῇ
863 1725 989 1796 δόξᾳ
1029 1723 1121 1778 τοῦ
1156 1724 1366 1795 Πατρὸς
1394 1723 1555 1778 αὐτοῦ
1609 1723 1744 1792 μετὰ
1779 1723 1887 1776 τῶν

1986 535 2069 580 est
2118 521 2499 580 abominationi
2548 519 2832 590 gentibus,
2889 517 3062 572 servis
3087 518 3407 588 principum.
3442 515 3552 572 Re-

1987 632 2080 687 ges
2141 615 2397 669 videbunt
2447 626 2606 674 eum,
2659 619 2715 664 et
2763 617 3084 679 consurgent
3135 609 3405 678 principes
3440 627 3456 663 :
3493 618 3551 664 et

1986 710 2282 762 adorabunt
2341 720 2460 760 eum
2509 713 2726 772 propter
2776 701 3084 763 Dominum,
3114 701 3234 768 quia
3273 699 3444 754 lidelis
3467 711 3552 755 est

1991 798 2220 853 Sanctus
2262 795 2445 856 Israel.
2473 804 2525 848 et
2558 793 2692 863 elegi
2735 801 2786 847 te
2818 807 2846 843 a
2875 791 3045 846 servis
3072 790 3408 858 principum;
3441 809 3460 841 ι
3496 791 3550 846 id

1985 899 2095 953 est,
2133 886 2485 956 malignorum
2521 883 2819 937 dzemonum
2852 899 2867 936 :
2918 895 3040 933 nam
3065 880 3100 933 ii
3131 879 3221 950 qui
3247 879 3314 932 ab
3339 879 3469 948 ipsis
3494 880 3548 934 in

1986 981 2300 1036 servitutem
2334 975 2532 1031 redacti
2555 982 2703 1038 sunt,
2729 974 2780 1027 in
2806 973 3078 1028 Christum
3112 972 3202 1025 Dei
3239 972 3548 1042 blasphema

1988 1074 2127 1127 dicta
2153 1068 2453 1141 proferunt.
2481 1066 2656 1135 Ipsum
2702 1075 2878 1118 autem
2919 1065 3300 1118 abominationi
3329 1064 3546 1127 habent,

1989 1161 2355 1222 traducentes,
2412 1157 2699 1211 irridentes
2752 1171 2814 1209 at:
2864 1156 3258 1222 vilipendentes
3317 1167 3548 1212 mortem

1987 1254 2120 1320 ejus.
2147 1251 2215 1304 At
2245 1265 2363 1315 vos,
2395 1264 2531 1318 quos
2563 1263 2741 1303 sermo
2773 1247 3075 1316 compellat.
3101 1247 3346 1302 eumdem
3375 1248 3548 1316 ipsum

1988 1343 2322 1399 sanctiﬁcate
2368 1351 2424 1398 et
2457 1342 2624 1412 gloria
2654 1339 2869 1404 allicile,
2914 1341 3162 1408 quoniam
3193 1339 3291 1408 ipsi
3346 1359 3364 1392 ι
3392 1356 3551 1395 omne

1988 1451 2128 1505 genu
2175 1436 2424 1490 ﬂectetur
2463 1432 2761 1489 cmlestium
2785 1472 2800 1497 ,
2845 1433 3184 1487 terrestrium
3223 1442 3275 1487 et
3309 1433 3550 1488 inferno--

1990 1543 2106 1581 rum
2137 1567 2151 1592 ,
2181 1537 2234 1581 et
2258 1525 2433 1581 omnis
2474 1525 2651 1594 lingua
2699 1524 3042 1579 conﬁtebitur
3099 1524 3223 1594 quia
3297 1525 3553 1582 Dominus

1988 1618 2141 1673 Jesus
2172 1619 2416 1673 Christus
2449 1619 2501 1670 in
2539 1617 2707 1687 gloria
2742 1625 2824 1671 est
2854 1618 2944 1671 Dei
2979 1617 3156 1672 Patris
3182 1617 3251 1681 ⁸³,
3285 1636 3306 1670 ι
3339 1621 3555 1689 quando

1989 1711 2236 1764 venietin
2264 1709 2430 1781 gloria
2461 1709 2644 1763 Patris
2660 1709 2740 1764 sui
2765 1723 2887 1764 cum
2915 1708 3120 1778 angelis
3149 1706 3285 1777 ejus,
3316 1720 3369 1763 et
3395 1711 3552 1764 sedc-

327 1816 569 1886 ἀγγέλων
605 1815 788 1881 αὑτοῦ,
821 1817 915 1869 καὶ
949 1817 1145 1888 καθίσῃ
1188 1817 1280 1869 ἐπὶ
1313 1814 1500 1886 θρόνου
1529 1814 1684 1884 δόξης
1720 1815 1884 1868 αὐτοῦ

1990 1805 2067 1856 bit
2087 1803 2138 1856 in
2175 1804 2370 1858 throno
2394 1802 2580 1873 gloriae
2609 1800 2726 1868 ejus
2749 1801 2996 1870 judicans
3019 1802 3169 1855 vivos
3197 1811 3252 1855 et
3287 1812 3546 1856 mortuos.

326 1908 522 1976 κρίνων
545 1906 752 1971 ζῶντας
775 1908 869 1959 καὶ
888 1906 1111 1977 νεκρούς
1127 1923 1140 1936 ⁸
1163 1906 1283 1959 τότε
1306 1907 1411 1980 γάρ
1434 1906 1629 1970 πάντες
1654 1923 1887 1976 προσκυ-

325 1998 576 2068 νήσουσιν
601 1998 748 2068 αὐτῷ
783 1999 966 2051 ἕνεκεν
990 1999 1192 2070 Κυρίου
1222 1997 1316 2054 τοῦ
1349 1999 1560 2070 Πατρὸς
1593 1997 1776 2062 αὑτοῦ,
1807 1999 1887 2051 ὅτι

326 2089 514 2152 πιστός
546 2089 690 2141 ἐστιν
720 2091 750 2142 6
769 2089 958 2157 ’Ἄγιος
983 2089 1211 2162 ’Ἰσραὴλ
1248 2091 1276 2143 ό
1319 2087 1670 2160 ἐκλεξάμενος
1705 2089 1884 2143 αὐτόν.

337 2180 482 2232 ’Λντὶ
509 2179 565 2232 δὲ
598 2179 712 2244 τοῦ,
752 2200 770 2232 ι
817 2181 924 2234 Καὶ
955 2179 1279 2252 ἐξελεξάμην
1315 2197 1464 2246 as")
1503 2182 1532 2235 6
1573 2180 1884 2252 Σύμμαχος,

331 2289 351 2322 ι
398 2271 704 2338 Ἐξελέξατό
731 2289 810 2333 σε,
842 2290 860 2324 ι
888 2273 1093 2343 εἴρηκε.
1123 2272 1307 2327 Ταῦτα
1337 2272 1436 2344 μὲν
1460 2268 1551 2327 οὖν
1574 2275 1686 2336 τοῖς
1713 2271 1889 2326 ἔθνεσι

329 2365 719 2436 παραδέδοταγ
753 2365 822 2417 τὰ
876 2365 934 2418 δὲ
970 2364 1325 2436 ἐπιλεγόμενα
1379 2367 1458 2430 είς
1516 2363 1680 2420 αὑτοῦ
1725 2367 1891 2436 πρόσ-

325 2473 471 2511 ωπον
495 2456 588 2510 τοῦ
616 2456 865 2527 Σωτῆρος
893 2456 1218 2520 θεσπίζεται·
1309 2457 1400 2511 καί
1433 2475 1562 2529 φησι
1591 2457 1651 2511 τὸ
1668 2456 1889 2527 Πνεῦμα

324 2547 386 2600 τὸ
418 2549 751 2619 προφητικὸν
790 2551 854 2602 ὲκ
893 2549 1177 2621 προσώπου
1207 2550 1299 2602 τοῦ
1338 2551 1586 2622 Πατρός·
1630 2570 1649 2602 ι
1697 2549 1890 2622 Καιρῷ

324 2636 500 2708 δεκτῷ
540 2639 818 2710 ἐπήκουσά
861 2656 988 2704 σου,
1022 2641 1115 2693 καὶ
1146 2640 1202 2692 ἐν
1235 2641 1416 2712 ἡμέρα
1457 2643 1729 2714 σωτηρίας
1774 2643 1891 2697 ἐϐο-

324 2728 509 2800 ήθησά
548 2747 647 2783 σοι.
699 2749 717 2782 ι
771 2731 984 2801 Σφόδρα
1038 2731 1096 2785 δὲ
1162 2731 1485 2801 θαυμαστῶς
1538 2732 1752 2804 εἴρηται
1807 2736 1888 2797 τὸ,

330 2841 350 2874 ι
398 2821 590 2893 Καιρῷ
624 2823 795 2894 δεκτῷ
827 2823 1107 2895 ἐπήκουσά
1136 2841 1226 2877 σου
1249 2841 1263 2854 ·
1308 2843 1326 2875 ι
1358 2821 1509 2888 οὗτος
1545 2825 1602 2878 δὲ
1635 2821 1702 2897 ἦν
1731 2827 1759 2879 ὁ
1790 2825 1892 2896 τῆς

324 2913 675 2976 ἀναστάσεως
695 2912 858 2966 αὑτοῦ
889 2915 1095 2986 χρόνος.
1128 2915 1283 2968 Κατὰ
1313 2916 1408 2985 μὲν
1434 2913 1540 2987 γὰρ
1577 2913 1667 2968 τὸν
1703 2917 1891 2990 καιρὸν

324 3002 422 3056 τοῦ
481 3003 684 3068 πάθους
729 3005 1021 3076 ἀνεϐόησεν
1076 3008 1104 3058 6
1151 3006 1340 3078 Σωτὴρ
1389 3006 1589 3060 εἰπών’
1645 3026 1664 3058 ι
1723 3009 1887 3072 Ἠλεὶ,

1988 1892 2137 1949 Tunc
2165 1895 2306 1948 enim
2339 1908 2529 1948 onmes
2571 1893 2746 1962 ipsum
2774 1894 3099 1960 adorabunt,
3125 1901 3346 1964 propter
3369 1893 3554 1948 Domi-

1989 2003 2113 2042 num
2163 1985 2378 2041 Patrem
2407 1985 2522 2054 ejus
2546 2025 2562 2051 ,
2596 1985 2719 2053 quia
2747 1985 2921 2040 ﬁdelis
2941 1997 3022 2041 est
3073 1986 3304 2042 Sanctus
3360 1986 3559 2054 Israel,

1987 2079 2076 2150 qui
2103 2079 2262 2148 elegit
2290 2094 2434 2133 eum.
2470 2077 2574 2132 Pro
2599 2076 2688 2132 illo
2721 2087 2952 2144 autem,c
2986 2079 3051 2133 Ει
3071 2078 3206 2148 elegi
3237 2087 3309 2145 te,
3341 2097 3360 2130 ι
3393 2077 3556 2148 δγηις

1989 2173 2212 2226 maclms
2245 2171 2428 2239 habet,
2469 2189 2488 2223 ι
2515 2170 2690 2240 Elegit
2715 2163 2795 2226 te.‘
2827 2188 2845 2222 ι
2909 2170 3036 2225 llaec
3084 2169 3264 2240 itaque
3302 2169 3552 2241 gentibus

1989 2265 2188 2319 tradita
2237 2274 2402 2332 sunt;
2439 2277 2560 2334 qua:
2616 2276 2746 2318 vero
2792 2259 3174 2329 subjiciuntur,
3219 2261 3284 2316 de
3323 2275 3551 2330 persona

1989 2357 2291 2412 Salvatoris
2346 2355 2782 2427 praenuntiantur
2811 2371 2824 2407 :
2857 2353 2942 2406 cui
2983 2351 3146 2431 etiam
3199 2353 3552 2421 propheticus

1990 2451 2224 2520 Spiritus
2261 2466 2326 2504 ex
2359 2463 2586 2518 persona
2621 2445 2800 2500 Patris
2833 2445 2928 2512 ait,
2992 2463 3010 2496 ι
3034 2443 3298 2511 Tempore
3329 2453 3552 2512 accepto

1989 2543 2236 2598 exaudivi
2264 2552 2334 2603 te.
2395 2550 2450 2594 et
2481 2541 2534 2594 in
2572 2539 2660 2593 die
2708 2537 2900 2592 salutis
2947 2535 3123 2602 adjuvi
3187 2543 3304 2588 te.»
3357 2533 3574 2595 Mirum.

1989 2647 2168 2688 autem
2201 2635 2253 2687 in
2284 2635 2497 2686 modum
2531 2631 2755 2694 dicitur,
2796 2648 2814 2681 ‹
2848 2628 3112 2694 Tempore
3127 2636 3355 2697 accepto
3385 2641 3576 2681 exau--

1990 2727 2094 2780 divi
2138 2736 2224 2789 te;
2257 2743 2274 2777 ι
2327 2723 2455 2778 illud
2495 2736 2658 2791 porro
2709 2730 2828 2776 erat
2880 2730 3090 2788 tempus
3138 2718 3554 2774 resurrectionis

1989 2817 2126 2888 ejus.
2177 2814 2310 2868 Nam
2363 2813 2635 2884 passionis
2692 2821 2936 2882 tempore
2980 2811 3233 2867 clamavit
3292 2809 3550 2866 Servator

1990 2909 2074 2965 his
2117 2910 2293 2965 verbis
2321 2927 2334 2965 :
2368 2927 2387 2960 ι
2412 2909 2512 2974 ΕΙῘ,
2546 2908 2665 2973 Eli,
2710 2909 2835 2964 lima
2871 2907 3263 2963 sabachthaui?
3296 2925 3316 2960 ι
3345 2906 3394 2961 id
3432 2917 3553 2974 eat,

1997 3004 2178 3059 «Deus
2231 3017 2408 3068 meus,
2465 3003 2606 3056 Deus
2672 3015 2854 3064 meus,
2915 3008 2973 3053 ut
3025 2999 3155 3068 quaid
3220 2996 3550 3067 dereliquisti

338 3095 524 3151 Ἠλεὶ·
564 3095 698 3167 λιμὰ
736 3097 1093 3168 σαϐαχθανεί⁹
1154 3118 1172 3150 ι
1217 3101 1482 3164 τουτέστι,
1539 3119 1558 3152 ι
1614 3101 1714 3154 Θεέ
1766 3119 1887 3173 μου,

1993 3111 2080 3151 me
2123 3096 2251 3150 ὀί»
2302 3094 2605 3162 Quinetiam
2641 3103 2891 3162 precatur
2921 3092 3004 3146 his
3047 3089 3223 3144 verbis
3265 3106 3279 3143 :
3325 3107 3344 3140 ι
3371 3088 3550 3153 Pater,

323 3185 426 3240 Θεέ
467 3205 588 3256 μου,
621 3188 707 3241 ἵνα
742 3189 794 3241 τί
827 3207 893 3260 με
926 3191 1309 3258 ἑγκατέλιπεςς
1345 3212 1362 3244 ι
1418 3193 1576 3246 Ἀλλά
1607 3195 1700 3270 ita}
1726 3211 1892 3265 προσ-

325 3277 543 3348 εύχεται
593 3279 796 3348 λέγων’
861 3299 880 3332 ι
942 3283 1142 3355 Πάτερ,
1183 3285 1229 3336 εί
1283 3283 1538 3349 δυνατὸν,
1579 3285 1891 3356 παρελθέτω

324 3369 422 3421 ἀπ’
449 3369 584 3434 ἐμοῦ
627 3370 688 3422 τὸ
726 3372 983 3442 ποτήριον
1021 3373 1208 3425 τοῦτο’
1256 3392 1274 3424 ι
1307 3371 1405 3427 εἶθ’
1443 3376 1518 3438 ὡς
1565 3375 1890 3430 ἀνανεύοντα

322 3456 415 3510 τὸν
460 3459 679 3530 Πατέρα
720 3460 887 3531 ἐώρα,
919 3463 1198 3534 ἐπήγαγε·
1238 3483 1256 3516 ι
1288 3465 1487 3536 Πάτερ,
1528 3467 1576 3519 εί
1618 3467 1690 3539 μὴ
1732 3467 1892 3520 δυνα-

319 3548 414 3602 τὸν
439 3551 728 3621 παρελθεῖν
754 3553 903 3618 αὐτὸ,
930 3555 1211 3625 γενηθήτω
1231 3555 1288 3608 τὸ
1315 3543 1523 3628 θέλημά
1548 3575 1662 3613 σου.
1698 3578 1716 3610 ›
1745 3558 1887 3611 Ταύ-

319 3659 422 3713 την
460 3639 552 3697 οὖν
587 3643 684 3716 τὴν
717 3646 878 3717 εὐχὴν
927 3649 1006 3710 είς
1046 3648 1236 3718 καιρὸν
1287 3649 1571 3720 δεχόμενος
1609 3652 1638 3704 6
1674 3651 1883 3724 Πατὴρ,

321 3735 469 3806 μετὰ
505 3737 564 3788 τὸ
585 3736 754 3801 πάθος
788 3737 878 3790 καὶ
919 3739 1052 3808 μετά
1089 3739 1188 3809 τὴν
1219 3741 1299 3804 είς
1320 3741 1465 3813 ᾆδουο
1481 3743 1725 3808 κάθοδον,
1766 3761 1888 3796 και-

321 3827 417 3900 ρὸν
457 3827 558 3898 τῆς
593 3828 935 3891 ἀναστάσεως
967 3831 1130 3884 αὑτοῦ
1168 3833 1380 3896 δεικνύς
1439 3851 1573 3904 φησι
1611 3834 1746 3904 πρὸς
1792 3836 1888 3888 αὐ-

313 3919 433 3972 τόν’
483 3938 501 3971 ι
539 3920 730 3993 Καιρῷ
774 3921 944 3992 δεκτῷ
974 3923 1251 3995 ἐπήκουσά
1291 3942 1404 3989 σου,
1446 3945 1464 3976 ι
1507 3927 1600 3980 καὶ
1639 3926 1706 3979 τὰ
1738 3926 1883 3996 ἑξῆς.

323 4029 344 4063 ι
369 4013 482 4065 Καὶ
513 4011 721 4067 ἑπλασά
755 4031 834 4077 σε,
871 4016 961 4068 καί⁸
991 4015 1167 4069 ἔδωκά
1201 4033 1258 4069 σε
1293 4019 1372 4081 εἰς
1397 4016 1659 4089 διαθήκην
1691 4017 1880 4082 ἐθνῶν,

313 4103 412 4156 τοῦ
458 4106 794 4176 καταστῆσαι
827 4106 925 4176 τὴν
964 4108 1086 4179 γῆν,
1123 4109 1215 4161 καὶ
1253 4107 1651 4179 κληρονομῆσαι
1687 4109 1886 4179 κληροο·

313 4197 518 4266 τομίας
555 4197 810 4268 ἐρήμους.
862 4219 879 4250 ι
919 4199 1174 4254 Τοιαῦται
1197 4201 1256 4255 δὲ
1288 4195 1426 4272 ἦσαν
1467 4202 1520 4254 αἱ
1563 4201 1670 4252 τῶν
1715 4199 1888 4253 ἀθέων

1991 3188 2034 3242 si
2088 3186 2341 3257 possibile
2388 3195 2491 3251 est,
2555 3193 2799 3241 transeat
2855 3200 2883 3238 a
2935 3199 3019 3239 we
3073 3181 3213 3238 calix
3255 3181 3356 3236 iste
3397 3182 3479 3247 9‘;
3524 3201 3544 3234 ι

1992 3280 2184 3337 deinde
2213 3289 2268 3333 ut
2299 3279 2626 3332 abnuentem
2668 3278 2879 3332 Patrem
2911 3277 3066 3341 vidit,
3102 3277 3175 3330 ait
3203 3293 3217 3328 :
3244 3294 3263 3327 ι
3301 3275 3478 3336 Pater.
3506 3277 3551 3330 si

1992 3388 2097 3427 non
2133 3381 2306 3442 potest
2331 3371 2420 3428 hic
2451 3374 2705 3436 transire,
2740 3373 2838 3426 ﬁat
2865 3375 3112 3426 voluntas
3138 3379 3225 3424 tua
3251 3372 3321 3422 ³⁸.
3347 3387 3368 3422 ι
3404 3369 3553 3424 Ilanu

1991 3465 2170 3532 itaque
2210 3465 2512 3517 orationem
2550 3462 2616 3518 ad
2655 3472 2868 3531 tempus
2921 3463 3193 3532 accipiens
3224 3461 3566 3532 Pater.post-

1989 3556 2312 3626 passionem,
2365 3565 2415 3610 et
2447 3565 2569 3625 post
2591 3554 2909 3609 descensum
2953 3554 3006 3607 in
3042 3552 3311 3606 infernum
3335 3595 3351 3613 ,
3379 3553 3551 3622 ipsum

1990 3649 2415 3705 resurrectionis
2475 3649 2593 3718 ejus
2648 3658 2862 3716 tempus
2913 3645 3263 3716 signiﬁcans,
3317 3643 3391 3698 ait
3438 3643 3551 3708 illi,

1997 3760 2016 3793 ι
2040 3741 2303 3810 Tempore
2327 3751 2546 3811 accepto
2571 3739 2824 3796 exaudivi
2851 3749 2922 3805 te,
2947 3757 2965 3791 ι
2997 3748 3050 3792 et
3068 3746 3282 3794 caetera.
3313 3755 3332 3788 ‹
3356 3736 3420 3790 Ει
3438 3735 3550 3790 for-

1994 3833 2134 3887 mavi
2161 3843 2230 3896 te,
2250 3842 2304 3888 ct
2332 3832 2450 3889 dedi
2472 3833 2586 3887 tein
2610 3841 2986 3887 testamentum
3001 3827 3556 3901 gentium,utconsti-

1995 3932 2175 3978 tueres
2204 3932 2427 3991 terram,
2460 3932 2514 3978 et
2536 3923 2842 3993 possideres
2868 3923 3210 3978 haereditates
3238 3923 3497 3979 desertas.
3528 3941 3567 3981 ι.

1995 4015 2152 4070 Tales
2178 4027 2335 4070 erant
2373 4015 2680 4086 impiorum,
2714 4025 2772 4070 et
2797 4015 2979 4070 multis
3001 4015 3315 4070 numinibus
3343 4017 3555 4071 dedito-

1994 4123 2114 4162 rum
2158 4108 2430 4161 hominum
2492 4108 2705 4171 animze,
2756 4109 2981 4162 desertm
3034 4123 3064 4162 a
3112 4105 3249 4172 Deo,
3316 4124 3380 4163 ac
3430 4122 3567 4168 vere.

2001 4217 2019 4249 ι
2050 4199 2357 4262 destructze,
2383 4217 2403 4248 ι
2439 4199 2732 4253 secundum
2770 4199 3008 4270 reliquos
3036 4200 3358 4270 interpretes

314 4291 414 4344 καὶ
443 4288 720 4342 πολυθέων
758 4291 944 4360 ψυχαὶ,
972 4292 1165 4364 ἔρημοι
1195 4291 1328 4344 Θεοῦ
1367 4291 1460 4345 καὶ
1485 4290 1697 4363 άληθῶς
1728 4310 1745 4341 ι
1779 4289 2138 4361 ἠφανισμέναι
2176 4309 2223 4355 ,ι
2263 4289 2406 4346 κατὰ
2434 4291 2558 4354 τοὺς
2586 4290 2824 4355 λοιπούς.

398 4450 419 4482 σ
451 4431 691 4500 Λέγοντα
710 4435 820 4495 τοῖς
845 4434 899 4484 ἐν
920 4432 1157 4504 δεσμοῖς,
1176 4431 1470 4496 Ἐξέλθετε,
1494 4433 1587 4486 καὶ
1608 4435 1717 4495 τοῖς
1740 4433 1798 4484 ὲν
1817 4429 1887 4501 τῷ

2064 4431 2243 4486 Vsas.-
2271 4429 2326 4486 9.
2386 4447 2404 4481 ι
2432 4430 2710 4486 Dicentem
2758 4431 2827 4486 iis
2870 4435 2965 4504 qui
2995 4435 3162 4490 vincti
3191 4443 3337 4500 sunt,
3372 4435 3552 4499 Exite.

315 4523 530 4580 σκότει,
561 4522 1016 4592 ἀνακαλυφθῆναι.
1044 4543 1062 4574 ι
1087 4555 1154 4564 --
1175 4543 1192 4574 ι
1221 4519 1404 4594 Ἦμεν
1428 4523 1534 4594 γάρ
1571 4541 1698 4578 ποτε
1721 4523 1886 4578 τέκνα

309 4614 512 4686 ὀργῆς,
535 4615 628 4665 καὶ
645 4609 784 4684 ἦμέν
810 4631 935 4667 ποτε
967 4614 1171 4678 σκότος⁸
1203 4614 1296 4668 νῦν
1321 4614 1377 4667 δὲ
1409 4615 1522 4682 φῶς
1545 4619 1601 4669 ὲν
1627 4615 1829 4687 Κυρίῳ.
1862 4635 1879 4666 ι

311 4700 745 4770 Εὑαγγελίζεται
776 4702 898 4765 τοὺς
934 4701 1040 4755 τῶν
1083 4705 1360 4780 προςεέρων
1398 4705 1632 4775 δεσμῶν,
1667 4706 1760 4758 καὶ
1792 4705 1886 4758 τοῦ

313 4793 593 4864 προτέρου
623 4792 842 4856 σκότους
866 4793 1361 4865 ἠλευθερωμένους,
1384 4794 1575 4863 λέγων·
1610 4815 1628 4846 ι
1680 4797 1766 4849 Ἐν
1793 4797 1890 4850 πάν

311 4901 448 4947 σαις
495 4884 616 4948 ταῖς
646 4884 780 4942 ὁδοῖς
823 4883 1267 4955 βοσκηθήσονται,
1309 4887 1402 4938 καί
1440 4888 1496 4940 ἐν
1531 4887 1726 4950 πάσαις
1768 4891 1887 4951 ταῖς

305 4975 530 5049 τρίϐοις
570 4975 772 5046 ήνομὴ
825 4975 1021 5029 αὐτῶν.
1087 4996 1105 5030 ι
1162 4977 1298 5030 Ὀδοὶ
1330 4977 1384 5031 δὲ
1435 4978 1529 5030 καὶ
1571 4979 1766 5051 τρίϐοι,
1821 4979 1886 5042 ἃς

305 5068 614 5123 διώδευσαν
645 5069 694 5121 οι
728 5069 892 5123 πάλαι
923 5069 1016 5124 τοῦ
1049 5071 1180 5124 Θεοῦ
1213 5071 1425 5144 ἄνδρες,
1461 5074 1516 5124 αί
1547 5071 1886 5125 θεόπνευστοί

305 5164 426 5217 εἱσι
470 5160 716 5232 Γραφαὶ,
763 5162 822 5214 ὲν
853 5156 940 5226 αἶς
985 5161 1370 5232 βοσκόμενοιοὶ
1416 5163 1514 5233 τῆς
1558 5163 1885 5232 ἐπαγγελίας

303 5251 600 5325 τυχόντες.
624 5253 722 5322 τῆς
760 5251 940 5305 ὲνθέου
971 5252 1065 5305 καὶ
1095 5252 1314 5322 λογικῆς
1349 5255 1553 5325 τροφῆς
1589 5253 1887 5308 ἀπολαύου-

308 5363 426 5412 σιν,
466 5342 678 5414 ἀγαθὴν
715 5344 884 5416 νομήν
928 5343 1132 5416 ταύτην
1165 5344 1473 5416 εὑράμενοι,
1509 5346 1697 5400 καὶτὰ
1739 5346 1882 5419 ἑξῆς.

385 5544 410 5578 c
461 5525 540 5579 Οὐ
576 5525 939 5588 πεινάσουσιν,
986 5526 1103 5579 οὐδὲ
1144 5524 1481 5597 διψήσουσιν,
1508 5527 1626 5580 οὐδὲ
1662 5528 1888 5594 πατάξει

315 5619 522 5682 αὐτοὺς
551 5619 580 5671 6
611 5617 853 5686 καύσων,
885 5617 989 5671 οὺό⁸
1032 5620 1060 5672 ὁ
1088 5618 1252 5688 ἣλιος.
1291 5619 1426 5671 Ἀλλ’
1451 5622 1480 5673 ὁ
1510 5621 1674 5675 ἐλεῶν
1700 5622 1892 5683 αὐτοὺς

1989 4531 2044 4577 et
2074 4523 2138 4577 iis
2167 4522 2257 4590 qui
2293 4523 2342 4576 in
2365 4523 2636 4590 tenebris,
2677 4533 2734 4578 ut
2775 4526 3082 4581 revelentur
3172 4568 3188 4584 .
3226 4545 3246 4579 ι
3278 4555 3350 4568 -
3376 4544 3396 4580 ι
3424 4526 3555 4582 Era-

1993 4630 2112 4668 nms
2141 4615 2282 4668 enim
2313 4615 2602 4684 aliquando
2637 4616 2728 4670 lilii
2762 4617 2893 4682 irae,
2935 4628 2991 4674 et
3017 4633 3230 4674 eramus
3265 4618 3562 4690 aliquando

1993 4706 2261 4772 tenebrae;
2297 4721 2437 4761 nunc
2481 4718 2662 4761 autem
2710 4709 2802 4764 lux
2853 4709 2906 4764 in
2959 4709 3184 4765 Domino
3235 4712 3304 4765 ’³.
3335 4730 3354 4762 ι
3406 4711 3554 4767 Dona

1993 4800 2180 4853 nuntia
2221 4801 2428 4870 profert
2484 4801 2548 4855 iis
2589 4803 2680 4869 qui
2724 4817 2787 4856 ex
2846 4801 3090 4872 pristinis
3145 4802 3250 4856 illis
3307 4802 3553 4866 vinculis,

1994 4905 2164 4960 exque
2219 4893 2410 4957 priscis
2474 4892 2709 4946 tenebris
2739 4891 2894 4946 liberi
2950 4901 3273 4957 evaserant,
3318 4893 3550 4948 dicens:

1999 4999 2018 5032 ι
2049 4982 2102 5035 lu
2126 4983 2375 5039 oumibus
2396 4985 2499 5039 viis
2526 4993 2836 5052 pascentur,
2887 4992 2943 5039 et
2986 4985 3036 5040 in
3068 4986 3320 5040 omnibus
3351 4986 3556 5040 semitis

1995 5088 2190 5142 pascua
2225 5089 2432 5130 eorum.
2470 5095 2488 5127 ι
2541 5077 2653 5129 νίςε
2683 5076 2994 5145 semitmque
3045 5090 3181 5144 quas
3229 5075 3558 5146 pertransie-

1994 5180 2113 5224 runt
2145 5169 2216 5222 illi
2256 5168 2384 5222 olim
2447 5167 2538 5222 Dei
2596 5167 2722 5231 viri,
2769 5177 2896 5220 sunt
2951 5168 3244 5236 Scriptura}
3291 5168 3556 5221 divinitus

1989 5263 2287 5333 inspiratus,
2371 5261 2458 5316 ubi
2483 5272 2762 5332 pascentes
2815 5261 2873 5324 ii,
2914 5262 3003 5329 qui
3050 5260 3314 5328 promissa
3348 5271 3554 5326 leuent,

1985 5355 2166 5410 divino
2193 5366 2246 5408 et
2275 5353 2580 5408 rationabili
2606 5354 2726 5408 cibo
2752 5353 3020 5418 fruuntur,
3054 5352 3169 5414 hanc
3189 5353 3327 5409 bona
3355 5369 3552 5426 pascua

1985 5447 2152 5513 nacti,
2182 5457 2235 5502 et
2263 5457 2476 5501 cetera.

2058 5539 2221 5594 Vsus.
2257 5539 2340 5592 I0.
2405 5557 2423 5590 ι
2453 5537 2568 5591 Non
2600 5537 2834 5593 esurient
2856 5579 2872 5602 ,
2913 5553 3086 5607 neque
3122 5539 3352 5610 siticnt,
3382 5555 3561 5613 neque

1997 5631 2263 5698 percutiet
2285 5645 2376 5684 eos
2405 5637 2585 5694 iustus,
2614 5645 2787 5700 neque
2816 5631 2920 5686 sol.
2968 5630 3074 5689 Sed
3117 5633 3217 5704 qui
3263 5636 3555 5692 miseretur

381 5841 440 5876 ⁸⁸
471 5841 667 5912 Philip.
707 5857 765 5911 ιι,
797 5841 880 5900 l0.
956 5844 1000 5878 ⁹⁹
1030 5844 1218 5904 Matth;
1257 5863 1424 5914 χχιιι,
1459 5846 1544 5904 46.
1619 5849 1658 5882 ⁹¹
1693 5845 1877 5904 Matth.

1990 5863 2070 5913 vt,
2116 5850 2203 5908 59.
2281 5852 2324 5885 "
2366 5851 2494 5911 ibid.
2538 5851 2628 5910 ιε’..
2706 5854 2750 5888 ”
2779 5853 2982 5928 Ephes.
3039 5875 3098 5928 tt,
3128 5862 3180 5930 3;
3215 5864 3346 5931 v,_8.
