4108 6204
372 294 474 353 «6ῧῖ

1249 292 1757 350 COMMENTARIA
1798 295 1865 349 IN
1904 295 2159 351 ISAIAM.
2216 326 2269 335 —
2309 296 2459 353 CAP.
2503 296 2687 353 XLIX.

3494 301 3597 357 ‘38

377 420 476 483 ρας
508 410 688 481 αὖτὴν
712 406 1073 478 ἁναζητείτω·
1110 407 1353 462 ἀκουέτω
1383 410 1439 462 δὲ
1465 408 1558 462 τοῦ
1587 409 1721 462 Θεοῦ
1762 410 1946 479 λέγον-

2050 412 2377 468 laestinorum
2418 412 2634 481 regione
2681 410 2992 481 perquirat;
3044 410 3137 464 sed
3190 408 3379 464 audiat
3434 410 3598 467 Deum

376 520 469 567 τος
494 504 663 573 αὐτῇ*

460 615 478 646 ι
533 594 660 647 Ἰδοὺ
686 594 772 645 ἐπὶ
812 592 917 644 τῶν
954 592 1150 663 χειρῶν
1200 610 1301 663 μου
1344 593 1711 664 ἐζωγράφησά
1741 611 1831 647 σου
1878 611 1948 646 τα

384 687 563 755 τείχη,
582 695 690 737 .xat
720 682 945 736 ἐνώπιόν
986 700 1086 754 μου
1120 680 1170 736 εί
1197 684 1283 737 διὰ
1314 686 1532 748 παντός.
1572 706 1589 738 ι
1624 688 1813 758 Χεῖρες
1838 685 1945 756 γὰρ

388 780 466 841 ὡς
504 778 709 847 ἀληθῶς
756 776 890 828 Θεοῦ
941 777 1040 848 τὴν
1085 776 1338 849 τοιαύτην
1380 779 1717 850 οἰκοδομοῦσι
1771 779 1943 844 πόλιν,

395 870 585 941 μᾶλλον
623 868 680 921 δὲ
725 867 1072 922 διατυποῦσιν
1105 867 1273 939 αὐτὴν
1321 870 1415 922 καὶ
1460 870 1943 941 διαξωγράφουσιν,

392 963 566 1030 ὥσπερ
589 961 645 1013 ἐν
679 958 903 1022 πίνακος
933 963 1137 1030 γραφῇ,
1174 961 1267 1013 καὶ
1297 960 1710 1032 διαχαράττουσι
1734 962 1831 1032 τὴν
1858 961 1948 1014 θέ-

390 1073 469 1107 σιν
496 1055 586 1107 καὶ
612 1053 738 1115 τοὺς
767 1054 963 1116 τόπους
985 1053 1085 1122 τῆς
1114 1051 1253 1104 κατὰ
1276 1052 1409 1105 Θεοῦ
1439 1053 1710 1117 πολιτείας
1745 1055 1803 1106 ἐν
1830 1057 1946 1117 ταῖς

386 1146 487 1200 τῶν
519 1144 822 1216 ἀνθρώπων
849 1145 1046 1214 ψυχαῖς
1080 1143 1438 1215 συνεστώσης.
1473 1146 1537 1197 Ὃ
1576 1145 1638 1216 δὴ
1670 1146 1760 1197 καὶ
1789 1146 1948 1207 αὐτὸς

383 1238 477 1306 τῆς
527 1236 723 1289 ἐαυτοῦ
767 1236 972 1299 πόλεως
1015 1236 1323 1305 οἰκοδόμος,
1361 1236 1559 1306 δηλαδὴ
1608 1238 1636 1289 ὁ
1675 1237 1769 1289 τοῦ
1812 1236 1945 1289 Θεοῦ

381 1330 569 1395 Λόγος,
612 1328 876 1390 ἐδίδασκε,
907 1327 1099 1396 λέγων,
1136 1346 1155 1379 ι
1210 1328 1332 1380 Ἐπὶ
1361 1328 1459 1398 τὴν
1498 1329 1702 1399 πέτραν
1744 1329 1946 1382 οἰκοδο-

378 1422 540 1491 μήσω
576 1438 677 1491 μου
710 1420 809 1490 τὴν
850 1419 1192 1489 Ἐκκλησίαν,
1226 1420 1319 1473 καί¹
1352 1420 1514 1473 πύλαι
1548 1420 1673 1491 ᾅδου
1703 1421 1763 1473 ού
1815 1437 1947 1473 κατ-

380 1511 697 1582 ισχύσουσιν
723 1511 906 1580 αὐτῆς.
924 1530 942 1562 ι

457 1620 477 1653 ι
518 1603 628 1656 Καὶ
655 1602 790 1671 ταχὺ
818 1601 1215 1673 οἰκοδομηθήσῃ
1256 1603 1345 1673 ὑφ’
1377 1598 1453 1656 ὧν
1495 1603 1824 1676 καθῃρέθης,
1856 1604 1949 1658 καὶ

376 1693 432 1746 ei
476 1690 860 1762 ἐρημώσαντές
907 1708 965 1743 σε
1011 1692 1378 1758 ἐξελεύσονται
1428 1695 1491 1747 ἐκ
1525 1694 1640 1748 σοῦ.
1685 1714 1704 1747 ι
1741 1696 1947 1767 Ὥσπερ

381 1782 491 1853 γὰρ
560 1782 798 1835 Ἰουδαῖοι
854 1783 952 1853 τῆς
1008 1783 1375 1855 καθαιρέσεως
1433 1784 1600 1855 αὐτῆς
1662 1784 1946 1853 γεγόνασιν

382 1873 568 1933 αἴτιοι,
601 1871 739 1924 οὕτω
764 1872 926 1925 πάλιν
950 1872 1010 1938 ἐξ
1043 1873 1208 1943 αὐτῆς
1236 1869 1374 1942 ἦσαν
1403 1873 1450 1924 oi
1479 1872 1579 1941 τῆς
1604 1871 1727 1933 νέας
1749 1872 1949 1924 οἰκοδο-

384 1964 494 2033 μῆς
516 1965 761 2034 ἐργάται·
786 1964 1070 2018 ἀπόστολοι
1091 1965 1329 2036 δηλονότι
1363 1964 1455 2016 τοῦ
1492 1966 1741 2035 Σωτῆρος
1771 1966 1801 2034 ἠ
1811 1964 1944 2034 μῶν,

382 2055 625 2125 μαθηταί
668 2071 728 2107 τε
766 2055 861 2108 καὶ
905 2054 1301 2123 εύαγγελισταὶ,
1340 2053 1405 2107 δι’
1451 2045 1524 2107 ὧν
1568 2056 1601 2125 ἡ
1659 2053 1949 2123 Ἐκκλησία

379 2146 477 2200 τοῦ
505 2145 637 2199 Θεοῦ
662 2148 1044 2218 ἀνεγήγερται.

459 2256 478 2288 r
522 2233 689 2307 τΑρον
724 2237 906 2308 κύκλῳ
939 2238 1063 2300 τοὺς
1091 2237 1401 2311 ὀφθαλμούς
1430 2256 1545 2307 σου,
1573 2241 1665 2294 καὶ
1700 2240 1775 2293 ῐδε
1816 2241 1949 2295 πάν-

380 2346 477 2392 τας
498 2346 511 2358 ⁵
548 2329 655 2381 ἰδοὺ
688 2328 1030 2401 συνήχθησαν
1056 2332 1149 2383 καὶ
1180 2330 1409 2401 ἧλθοσαν
1437 2332 1571 2400 πρὸς
1597 2331 1674 2384 σέ.
1705 2331 1789 2384 Ζῶ
1818 2331 1946 2400 ἐγὼ,

382 2424 529 2490 λέγει
564 2423 786 2494 Κύριος,
822 2425 903 2477 ὅτι
938 2424 1145 2488 πάντας
1179 2425 1373 2488 αὐτοὺς
1399 2425 1473 2488 ὼς
1501 2425 1703 2496 κόσμον
1737 2426 1947 2496 ἐνδύσῃ,

381 2517 477 2568 καὶ.
527 2515 844 2586 περιθήσεις
899 2516 1093 2579 αὐτοὺς
1135 2517 1210 2579 ὡς
1251 2517 1451 2585 κόσμον
1501 2517 1718 2589 νύμφῃ·
1768 2519 1847 2571 ὅτι
1883 2517 1953 2571 τὰ

380 2602 567 2674 ἔρημά
602 2620 726 2668 σου,
763 2605 857 2657 καὶ⁹
888 2605 957 2657 τὰ
1004 2606 1425 2678 κατεφθαρμένα
1464 2607 1557 2660 καὶ
1606 2609 1948 2675 πεπτωκότα,

378 2697 464 2751 ὃτι
507 2695 603 2750 νῦν
648 2701 1038 2770 στενοχωρήσει
1080 2694 1187 2753 ἀπὸ
1233 2699 1341 2752 τῶν
1394 2700 1808 2765 κατοικούντων,
1859 2703 1953 2755 καὶ

385 2789 858 2861 μακρυνθήσονται
916 2792 1024 2844 ἀπὸ
1089 2792 1182 2845 σοῦ
1239 2793 1289 2846 οί
1351 2793 1735 2856 καταπίνοντές
1791 2810 1870 2846 σε.
1928 2813 1945 2845 ι

382 2880 672 2951 Θαυμάσαι
710 2881 767 2935 δὲ
794 2883 960 2946 ἐστιν,
982 2884 1128 2947 ὅπως
1173 2884 1308 2955 πρὸς
1344 2887 1410 2955 τῇ
1438 2883 1643 2955 διανοίᾳ
1683 2885 1773 2937 καὶ
1817 2884 1953 2938 κατά

382 2971 479 3041 τὴν
512 2973 749 3045 ἱστορίαν
771 2975 799 3026 ὁ
830 2976 986 3043 λόγος
1016 2974 1313 3047 ἐπληροῦτο
1342 2975 1432 3029 τοῦ
1458 2976 1656 3039 παντὸς
1688 2976 1952 3030 Ἰουδαίων

383 3063 590 3128 ἔθνους,
618 3065 755 3136 μετὰ
778 3067 877 3138 τὴν
912 3067 1164 3121 σύστασιν
1195 3068 1291 3138 τῆς
1321 3067 1381 3132 ἐξ
1418 3067 1585 3122 ἐθνῶν
1629 3067 1952 3138 Ἐκκλησίας

382 3156 722 3226 ἀποὸλήτους
769 3160 1088 3229 γενομένους
1134 3159 1235 3229 τῆς
1283 3159 1542 3230 αἰσθητῆς
1592 3159 1800 3222 πόλεως
1854 3161 1951 3232 τῆς

383 3247 525 3300 κατὰ
564 3248 927 3320 Παλαιστίνην
956 3250 1231 3321 κειμένης,
1269 3249 1403 3320 πρὸς
1440 3250 1501 3302 τὸ
1532 3251 1623 3304 καὶ
1650 3250 1742 3303 τοῦ
1770 3250 1950 3303 θεοσε-

384 3334 513 3400 ϐοῦς
539 3338 927 3409 πολιτεύματος
953 3342 1219 3393 ἐκπεσεῖν.

460 3447 478 3478 ι
520 3427 735 3499 Ἐροῦσι
766 3429 873 3501 γὰρ
897 3432 976 3493 είς
1001 3429 1069 3482 τὰ
1095 3424 1208 3484 ῶτά
1235 3448 1327 3483 σου
1357 3433 1403 3483 oi
1430 3431 1535 3485 υίοί
1562 3450 1674 3497 σου,
1700 3431 1792 3496 οὓς
1818 3435 1952 3487 ἀπο-

381 3519 658 3584 λώλεκαςο
710 3522 901 3587 Στενός
950 3541 1039 3593 μοι
1085 3525 1112 3575 ό
1151 3523 1346 3586 τόπος·
1385 3524 1605 3595 ποίησόν
1650 3541 1738 3596 μοι
1767 3525 1950 3591 τόπον,

383 3611 475 3664 ἴνα
512 3598 841 3683 κατοικήσω.
893 3614 1000 3666 Καὶ
1049 3614 1193 3686 ἐρεῖς
1232 3616 1288 3667 ἐν
1337 3618 1401 3686 τῇ
1455 3617 1647 3688 καρδίᾳ
1693 3632 1805 3670 σουο
1860 3617 1953 3680 Τίς

383 3701 643 3774 ἑγέννησέ
686 3721 775 3775 μοι
813 3704 1067 3771 τούτουςς
1120 3706 1259 3775 Ἐγὼ
1290 3707 1346 3761 δὲ
1388 3709 1607 3773 ἄτεκνος
1655 3709 1745 3761 καὶ
1787 3710 1949 3780 χήρα·

380 3795 712 3871 τούτουςδὲ
760 3796 843 3860 τίς
876 3796 1129 3869 ἐξέθρεψέ
1180 3816 1297 3869 μοι;
1349 3797 1459 3867 ἐγὼ
1494 3799 1551 3852 δὲ
1595 3800 1953 3871 κατελείφθην

384 3885 548 3955 μόνη,
579 3870 720 3939 οῦτοι
756 3886 813 3939 δέ
857 3903 944 3956 μοι
989 3887 1091 3940 ποῦ
1124 3883 1297 3959 ἦσαν;
1330 3907 1348 3939 ι
1392 3888 1497 3942 Τοῦ
1543 3891 1606 3943 ἐκ
1652 3870 1954 3961 περιτομῆς

380 3976 516 4028 λαοῦ
558 3977 617 4029 τὺ
644 3976 775 4030 πολὺ
809 3977 1007 4048 πλῆθος
1036 3980 1134 4050 τῆς
1189 3979 1512 4049 Ἐκκλησίας
1551 3979 1672 4033 καθ’
1704 3981 1830 4051 ὅλης
1853 3980 1953 4051 τῆς

385 4069 709 4140 οἰκουμένης
772 4069 832 4133 ἐξ
899 4071 1150 4123 ἁπάντων
1221 4070 1700 4143 ἀντεισαχθήσεται
1764 4071 1947 4126 ἐθνῶν.

380 4155 568 4237 illam
598 4160 704 4231 γάρ
740 4179 867 4214 ποτε
900 4164 955 4214 ἐν
982 4162 1224 4233 ἀπωλείᾳ
1248 4163 1297 4215 οἱ
1330 4164 1418 4216 διὰ
1448 4164 1547 4234 τῆς
1570 4164 1836 4234 σωτηρίου
1864 4165 1954 4234 χά-

383 4270 535 4325 ριτος
585 4256 651 4324 τῇ
708 4253 951 4325 πολιτείᾳ
998 4255 1091 4308 τοῦ
1154 4254 1287 4307 Θεοῦ
1339 4256 1801 4327 προσδραμόντες·
1859 4256 1954 4320 οὒς

378 4344 622 4418 ὁρῶσαὴ
680 4346 970 4416 Ἐκκλησία
1007 4346 1098 4399 τοῦ
1132 4346 1267 4400 Θεοῦ
1295 4347 1668 4419 ἀποθαυμάσει
1700 4345 1949 4417 λέγουσα,

2043 508 2125 561 δίο
2158 522 2274 558 cam
2309 505 2667 573 alloquentem
2713 523 2726 557 :

2115 594 2275 646 Vens.
2311 592 2398 645 16.
2431 611 2448 642 ι
2481 592 2617 646 Ecce
2655 607 2814 659 super
2840 605 3027 645 manus
3059 606 3205 646 meas
3241 593 3455 663 depinxi
3486 610 3603 650 mu-

2046 704 2137 742 ros
2173 698 2308 752 tuos,
2358 697 2413 743 et
2462 686 2513 740 in
2568 696 2855 755 conspectu
2906 701 3022 741 meo
3056 701 3114 741 es
3143 701 3375 756 semper.
3407 706 3427 741 ι
3464 686 3599 743 Nam

2047 795 2235 835 manus
2270 779 2361 833 Dei
2389 792 2572 834 revera
2605 777 2904 845 hujusmodi
2940 779 3123 832 urbem
3162 778 3445 840 aedificant,
3494 780 3603 833 imo

2046 872 2221 942 potius
2274 870 2445 939 ipsam
2500 868 2768 923 delineant
2825 878 2880 922 et
2943 869 3273 938 depingunt,
3327 872 3479 938 quasi
3547 872 3600 925 in

2048 962 2239 1016 tabella
2276 976 2395 1030 qme
2427 960 2753 1030 depingitur,
2807 975 2868 1013 ac.
2899 959 3064 1014 divini
3101 960 3328 1014 instituti
3377 961 3429 1015 in
3486 962 3603 1013 ani-

2048 1055 2237 1108 mabus
2263 1052 2541 1106 hominum
2574 1052 2792 1106 stabiliti
2836 1051 3155 1121 positionem
3191 1061 3244 1105 et
3270 1051 3404 1115 loca,
3436 1051 3603 1106 linen-

2049 1144 2246 1199 mentis
2272 1144 2574 1213 designant.
2612 1144 2766 1210 Quod
2797 1145 2959 1197 etiam
2996 1144 3107 1212 ipse
3129 1159 3345 1212 quoque
3370 1145 3602 1199 civitatis

2048 1236 2299 1290 fundator
2334 1246 2390 1289 et
2416 1235 2618 1305 opifex,
2674 1235 2919 1289 videlicet
2970 1235 3061 1289 Dei
3119 1234 3374 1299 Verbum,
3424 1235 3605 1290 docuit

2044 1329 2133 1383 bis
2187 1328 2397 1393 verbis,
2437 1327 2657 1399 (Supra
2711 1337 2917 1397 petram
2971 1327 3246 1382 aedificabo
3309 1326 3601 1382 Ecclesiam

2049 1437 2258 1485 meam,
2295 1430 2348 1477 et
2378 1432 2546 1490 portae
2577 1421 2733 1475 inferi
2789 1435 2894 1475 non
2935 1421 3300 1490 praevalebunt
3349 1418 3605 1475 adversus

2048 1526 2164 1565 eam
2193 1513 2257 1564 ’⁸.
2286 1531 2303 1563 ι

2123 1604 2284 1657 Vens.
2344 1604 2431 1657 i7.
2482 1603 2751 1672 «Citoque
2793 1603 3162 1668 mdificaberis,
3199 1620 3227 1657 a
3273 1604 3466 1673 quibus
3514 1605 3609 1657 do-

2050 1704 2249 1750 structa
2269 1712 2347 1763 es,
2367 1706 2419 1751 et
2437 1697 2525 1765 qui
2548 1706 2597 1751 te
2624 1696 3019 1758 desolaverunt,
3046 1696 3463 1765 egredienturex
3497 1706 3602 1751 te.»

1980 1759 2021 1813 Β
2052 1759 2508 1855 Quemadmodum
2554 1790 2693 1843 enim
2735 1786 2900 1841 Judaei
2947 1759 3105 1855 hujus
3138 1788 3331 1841 excidii
3360 1796 3605 1842 auctores

2050 1879 2199 1933 fuere
2224 1920 2239 1944 ,
2268 1880 2346 1934 sic
2384 1896 2598 1935 rursum
2636 1895 2700 1933 ex
2754 1878 2839 1932 illa
2891 1880 3204 1947 prodierunt
3241 1881 3359 1933 novi
3393 1879 3608 1933 aedificii

2050 1973 2285 2027 artifices
2315 1992 2327 2026 :
2366 1972 2590 2042 apostoli
2617 1972 2862 2026 videlicet
2887 1964 3182 2026 Salvatoris
3212 1971 3415 2034 nostri,
3445 1971 3608 2025 disci-

2049 2064 2157 2133 puli
2211 2073 2265 2117 et
2318 2063 2682 2134 evangelista},
2719 2078 2949 2133 quorum
3002 2076 3165 2131 opera
3218 2062 3458 2117 Ecclesia
3508 2060 3604 2115 Dei

2049 2157 2280 2213 excitata
2310 2156 2428 2209 fuit.

2120 2249 2280 2303 Vens.
2330 2247 2417 2312 18,
2472 2248 2557 2303 l9.
2594 2266 2612 2298 ι
2641 2247 2783 2302 Leva
2819 2247 2870 2302 in
2894 2246 3121 2302 circuitu
3160 2246 3346 2302 oculos
3376 2254 3512 2310 tuos,
3551 2253 3609 2300 et

2048 2339 2169 2393 vide
2198 2353 2387 2392 omnes
2415 2357 2427 2391 :
2455 2353 2582 2392 ecce
2630 2338 2938 2407 congregati
2964 2346 3121 2402 sunt,
3152 2346 3206 2390 et
3244 2344 3504 2392 venerunt
3540 2336 3608 2388 ad

2051 2442 2121 2486 te.
2160 2429 2293 2485 Vivo
2314 2445 2431 2500 ego,
2459 2431 2588 2483 dicit
2610 2429 2885 2495 Dominus,
2916 2429 3162 2498 quoniam
3194 2429 3447 2482 omnibus
3480 2426 3604 2488 illis,

2052 2531 2321 2592 tamquam
2349 2528 2685 2586 ornamento,
2716 2519 2975 2585 indueris,
3007 2530 3062 2573 et
3087 2520 3459 2586 circumpones
3489 2517 3610 2570 illos

2051 2623 2321 2680 tamquam
2354 2622 2603 2665 ornatum
2654 2624 2908 2676 Sponsae:
2943 2608 3195 2676 quoniam
3244 2606 3457 2660 deserta
3515 2615 3606 2660 tua

2049 2709 2105 2754 et
2129 2699 2386 2769 dissipata
2418 2711 2527 2763 tua,
2562 2708 2617 2753 et
2638 2714 2753 2766 qua:
2774 2699 3103 2762 ceciderunt,
3131 2712 3270 2751 nunc
3295 2697 3606 2767 angustiora

2050 2790 2179 2844 fient
2211 2805 2319 2859 [me
2353 2788 2770 2853 habitatoribus,
2826 2797 2879 2842 et
2926 2787 3080 2857 longe
3132 2787 3454 2841 arcebuntur
3485 2802 3513 2839 a
3551 2798 3606 2842 te

2051 2882 2139 2951 qui
2165 2882 2453 2935 absorbent
2486 2891 2558 2934 te.
2584 2899 2603 2932 ι
2638 2880 2820 2933 Mirari
2839 2880 2982 2933 subit
3016 2894 3122 2947 quo
3146 2888 3300 2948 pacto
3325 2878 3465 2943 haec,
3492 2887 3601 2931 tum

2051 2975 2222 3044 quoad
2255 2974 2587 3044 spiritualetn
2623 2957 2952 3042 intelliéendi
2985 2973 3266 3035 rationem,
3296 2980 3404 3023 tum
3432 2976 3607 3040 quoad

2051 3062 2355 3129 historiam,
2388 3061 2653 3130 completa
2684 3061 2823 3126 sint;
2862 3075 3047 3129 nempe
3070 3075 3190 3113 cum
3210 3075 3339 3129 gens
3365 3058 3607 3120 Iudaica,

2054 3166 2174 3227 post
2203 3155 2476 3210 fundatam
2510 3153 2803 3209 Ecclesium
2843 3167 2907 3207 ex
2941 3151 3212 3221 gentibus,
3253 3166 3281 3204 a
3311 3151 3495 3205 sensili
3522 3153 3608 3203 illa

2053 3248 2187 3303 urbe
2215 3248 2513 3303 Palaastinze
2543 3244 2764 3317 expulsa
2808 3254 2925 3311 est,
2966 3244 3109 3314 quod
3140 3258 3169 3295 a
3205 3242 3304 3312 pize
3337 3243 3611 3311 religionis

2053 3342 2197 3397 cultu
2228 3341 2438 3409 delapsa
2480 3350 2644 3393 esset.

2124 3434 2285 3487 Vens.
2328 3432 2415 3496 20,
2463 3430 2552 3484 2|.
2611 3449 2629 3482 ι
2656 3429 2843 3484 Dicent
2873 3427 3014 3483 enim
3064 3428 3130 3481 ad
3180 3441 3338 3481 aures
3367 3436 3482 3480 tuas
3517 3426 3613 3480 filii

2055 3524 2153 3588 tui,
2192 3539 2325 3592 quos
2356 3520 2633 3591 perdidisti
2670 3538 2683 3574 :
2717 3521 2989 3588 Angustus
3030 3520 3155 3573 mihi
3190 3520 3338 3573 locus
3366 3530 3450 3573 est
3479 3534 3495 3571 :
3528 3518 3611 3572 fac

2053 3615 2182 3670 mihi
2213 3615 2409 3680 locum,
2443 3622 2501 3666 ut
2531 3612 2786 3667 habitem.
2808 3611 2874 3665 Et
2896 3612 3043 3665 dices
3069 3610 3120 3663 in
3149 3610 3309 3664 corde
3337 3620 3457 3664 tuo:
3484 3610 3615 3676 Quis

2054 3708 2234 3778 genuit
2280 3706 2409 3761 mihi
2440 3705 2615 3760 istos?
2656 3713 2712 3759 at
2757 3719 2856 3774 ego
2894 3704 3095 3771 absque
3122 3702 3306 3756 liberis
3335 3712 3389 3756 et
3417 3702 3609 3756 vidua:

2055 3801 2151 3855 hos
2179 3810 2356 3854 autem
2395 3798 2517 3868 quis
2562 3796 2822 3853 enutrivit
2857 3795 2983 3849 mihi
3007 3796 3042 3863 ἳι
3073 3795 3184 3866 Ego
3231 3804 3410 3847 autem
3452 3794 3612 3847 dere-

2052 3889 2178 3945 licta
2232 3906 2349 3945 sum
2384 3889 2494 3945 sola
2530 3908 2544 3944 :
2579 3890 2632 3943 hi
2667 3903 2796 3943 vero
2847 3888 2937 3942 ubi
2989 3896 3145 3942 erant
3203 3886 3375 3940 mihi?
3406 3904 3424 3937 ι
3482 3885 3615 3941 Vice

2055 3984 2230 4055 populi
2263 3999 2326 4039 ex
2367 3983 2814 4044 circumcisione,
2852 3980 3141 4035 multitudo
3193 3995 3386 4049 magna
3444 3988 3614 4033 totum

2054 4092 2148 4147 per
2176 4076 2358 4131 orbem
2393 4076 2444 4128 in
2476 4075 2767 4129 Ecclesiant
2797 4088 2871 4127 ex.
2893 4073 3145 4127 omnibus
3186 4072 3434 4141 gentibus
3460 4072 3617 4126 indu-

2054 4179 2228 4223 cetur.
2262 4167 2398 4223 Olim
2445 4167 2641 4236 quippe
2694 4167 2745 4218 in
2798 4165 3037 4234 pernicie
3089 4174 3247 4217 erant
3278 4164 3337 4227 ii,
3372 4163 3465 4232 qui
3521 4178 3618 4230 per

2055 4261 2341 4315 salutarem
2383 4259 2610 4328 gratiam
2645 4256 2710 4308 ad
2746 4255 2941 4310 divinze
2991 4254 3266 4325 religionis
3310 4254 3610 4307 institutum

2054 4354 2405 4399 accurrerunt
2434 4364 2447 4399 :
2478 4344 2671 4414 quibus
2701 4344 3007 4412 conspectis
3053 4344 3291 4399 Ecclesia
3323 4342 3415 4397 Dei
3443 4343 3613 4396 admi-

384 4456 404 4485 ι
444 4436 541 4499 Τίς
566 4436 817 4507 ἐγέννησε
844 4454 931 4507 μοι
957 4436 1173 4500 τούτους
1194 4453 1207 4502 ;
1236 4456 1255 4490 ο
1282 4439 1342 4491 τὸ
1366 4438 1512 4503 ξένον
1533 4441 1631 4509 τῆς
1655 4439 1761 4492 τῶν
1783 4438 1949 4493 ἐθνῶν

2056 4436 2295 4491 rabunda
2335 4436 2496 4500 dicet,
2534 4455 2551 4487 ι
2576 4436 2707 4502 Quis
2738 4436 2868 4489 ιιιὶιιὶ
2910 4436 3071 4489 hosce
3092 4433 3316 4504 genuit?
3345 4452 3363 4482 ι
3398 4433 3466 4487 ad
3517 4449 3613 4486 no-

378 4521 631 4592 κλήσεως
661 4525 1097 4596 ἐκπληττομένη·
1133 4526 1454 4598 ὁμολογήσει
1491 4545 1549 4581 τε
1588 4526 1684 4599 τὴν
1720 4529 1951 4600 ἐπισυμ-

378 4611 563 4669 6ᾶσαν
597 4616 732 4687 αὐτῇ
764 4618 828 4669 ἐκ
859 4616 953 4669 τοῦ
998 4616 1261 4672 Ἰουδαίων
1292 4618 1475 4683 ἔθνους
1501 4620 1771 4675 ἀτεκνίαν.

464 4810 484 4843 r
523 4792 706 4859 Οὕτως
743 4794 889 4863 λέγει
929 4796 1128 4867 Κύριος
1168 4798 1370 4871 Κύριος
1392 4815 1405 4827 '
1454 4799 1581 4853 Ἰδοὺ
1610 4800 1748 4871 αἴρω
1776 4802 1855 4863 είς
1882 4800 1951 4855 τὰ

374 4884 514 4958 ἔθνη
550 4888 647 4957 τὴν
678 4888 836 4959 χεῖρὰ
868 4905 989 4958 μου,
1030 4890 1121 4943 καὶ
1170 4893 1250 4954 εἰς
1294 4890 1391 4954 τὰς
1433 4892 1629 4964 νήσους
1661 4891 1777 4963 ἀρῶ
1820 4892 1948 4945 σύσ-

379 4980 565 5050 σημόν
599 4997 720 5050 μου,
751 4982 843 5033 καὶ
881 4980 1064 5045 ἄξουσι
1087 4985 1213 5046 τοὺς
1235 4983 1385 5047 υίούς
1415 5001 1506 5037 σου
1534 4986 1591 5037 ἐν
1620 4984 1823 5055 κόλπῳ,
1853 4984 1953 5049 τὰς

375 5073 443 5125 δὲ
480 5072 782 5142 θυγατέρας
833 5089 924 5124 σου
981 5074 1064 5126 ἐπ’
1106 5073 1269 5145 ὤμων
1317 5076 1537 5147 ἀροῦσγ
1596 5095 1614 5126 ι
1666 5076 1948 5143 διδάσκων,

378 5166 471 5217 ὅτι
512 5164 659 5227 υἱοὺς
692 5165 861 5236 αὐτῆς
887 5165 976 5217 καὶ
1021 5165 1340 5237 θυγατέρας,
1380 5170 1508 5239 περ)⁵
1548 5164 1621 5221 ὧν
1659 5164 1829 5235 εἶπεν,
1870 5170 1952 5222 ὃτι

380 5279 406 5312 ι
465 5252 627 5313 Οὗτοι
653 5259 710 5312 δέ
757 5276 844 5329 μοι
896 5259 996 5312 ποῦ
1045 5255 1220 5330 ἦσαν;
1266 5280 1285 5312 ι
1334 5262 1398 5313 ἐκ
1445 5260 1545 5330 τῆς
1582 5260 1810 5331 ἐκλογῆς
1846 5260 1952 5313 τῶν

370 5351 558 5419 ἐθνῶν
586 5354 721 5423 πρὸς
744 5352 908 5424 αὐτὴν
933 5352 1166 5418 συνάξει.
1199 5352 1353 5415 Τίνες
1388 5352 1441 5404 δὲ
1466 5351 1623 5405 τοῦτο
1653 5351 1949 5423 πράξωσιν,

370 5447 414 5517 ἣ
461 5445 681 5508 πάντως
718 5463 818 5497 που
843 5447 890 5498 οἱ
916 5446 1040 5509 τοὺς
1076 5443 1461 5514 εἰσαγομένους
1492 5445 1571 5507 είς
1596 5445 1694 5515 τὴν
1730 5444 1955 5515 Ἐκκλη-

376 5537 507 5590 σίαν
530 5535 625 5589 τοῦ
660 5536 793 5590 Θεοῦ
827 5536 1286 5613 χειραγωγοῦντες
1321 5535 1407 5591 διὰ
1430 5535 1524 5608 τὴν
1541 5536 1751 5609 φρενῶν
1775 5536 1958 5607 νηπιό-

372 5644 526 5699 τητα
545 5643 561 5695 ;

456 5725 511 5756 "
543 5722 731 5778 Matth.
764 5737 873 5793 xvt,
903 5726 991 5783 t8.

2055 4545 2173 4583 vam
2198 4538 2249 4583 et
2279 4528 2594 4582 insolentem
2629 4528 2864 4599 gentium
2890 4529 3224 4583 vocationem
3254 4526 3478 4579 attonita
3507 4542 3522 4578 :
3551 4542 3615 4578 ac

2056 4621 2393 4676 sterilitatem
2434 4620 2534 4675 sibi
2588 4637 2617 4674 a
2670 4618 2893 4674 Judaica
2946 4626 3105 4688 gente
3154 4617 3431 4671 inductam
3483 4614 3620 4671 fate—

2055 4715 2220 4770 bitur.

2128 4807 2292 4861 Vens.
2338 4806 2427 4861 22.
2481 4825 2499 4859 ι
2547 4805 2640 4861 Sic
2675 4805 2807 4861 dicit
2844 4803 3102 4859 Dominus
3156 4799 3618 4855 DominuszEcce

2057 4898 2207 4953 elevo
2240 4914 2399 4968 super
2448 4909 2633 4969 gentes
2675 4912 2887 4951 manum
2942 4910 3152 4959 meam,
3210 4903 3265 4948 et
3310 4895 3375 4947 ad
3418 4892 3620 4945 insulas

2060 4990 2250 5045 levabo
2297 4991 2506 5061 signum
2543 5004 2717 5042 meum
2750 5006 2762 5041 :
2796 4994 2849 5039 et
2890 4986 3157 5039 adducent
3201 4983 3337 5036 filios
3388 4988 3509 5034 tuos
3565 4981 3617 5033 in

2059 5082 2200 5146 sinu,
2230 5089 2282 5134 et
2308 5081 2446 5135 filias
2475 5090 2594 5133 tuas
2630 5077 2865 5133 humeris
2895 5074 3182 5143 portabunt
3218 5091 3231 5125 :
3263 5091 3281 5124 ι
3320 5072 3539 5135 docens,
3563 5086 3624 5125 se

2061 5173 2198 5227 filios
2222 5183 2275 5225 et
2303 5173 2440 5225 tilias
2464 5171 2617 5240 ejus,
2669 5170 2734 5221 de
2773 5168 2969 5236 quibus
3005 5163 3158 5227 dixit,
3196 5180 3215 5214 ι
3243 5162 3305 5217 Hi
3366 5177 3493 5215 vero
3533 5162 3621 5214 ubi

2059 5275 2212 5320 erant
2239 5264 2459 5318 mihi?»
2522 5278 2587 5317 ex
2630 5259 2893 5314 electione
2936 5256 3172 5325 gentium
3226 5255 3292 5308 ad
3329 5254 3621 5308 Ecclesium

2062 5358 2417 5412 deducturum
2453 5369 2594 5410 esse.
2626 5352 2854 5419 Quinam
2887 5365 3013 5404 vero
3049 5348 3103 5402 id
3130 5347 3303 5403 acturi
3339 5358 3485 5413 sunt,
3520 5348 3620 5401 nisi

2062 5449 2151 5519 qui
2179 5449 2315 5504 alios
2343 5449 2407 5503 ad
2444 5446 2737 5502 Ecclesiam
2765 5444 2855 5496 Dei
2887 5442 3206 5497 accedentes
3235 5456 3393 5495 manu
3423 5440 3627 5494 ducunt

2065 5542 2132 5599 ob
2159 5555 2343 5598 eorum
2373 5538 2568 5596 mentis
2603 5534 3019 5593 imbecillitatem
3053 5543 3107 5590 et
3151 5531 3481 5590 infantiam!
