4108 6204
513 298 619 356 439

510 518 593 558 me
627 517 809 556 eorum
841 542 854 566 ,
889 502 1128 556 nutrices
1154 513 1273 557 tua}.
1308 522 1327 555 ι
1357 505 1506 568 Quod
1538 505 1601 557 ad
1625 505 1853 560 litteram
1886 509 2071 578 imple-

511 606 620 649 tum
649 595 778 664 ipsis
804 596 973 650 oculis
1012 597 1314 660 cernimus,
1347 597 1474 649 dum
1521 597 1576 659 ii,
1621 598 1712 666 qui
1763 614 2068 668 supremum

508 688 790 754 imperium
856 688 1139 751 nbtineut,
1209 685 1504 741 Ecclesiam
1568 686 1657 742 Dei
1726 690 2067 744 nutritiorum

506 780 682 833 instar
731 788 941 847 gestant
989 788 1041 832 et
1099 779 1322 832 fovent:
1360 793 1423 832 ac
1473 777 1672 844 reginae
1718 779 1975 846 gentium,
2016 780 2067 833 id

504 880 609 936 est,
662 871 994 940 singularum
1039 870 1280 940 gentium
1313 878 1366 923 et
1393 870 1798 940 provinciarum
1826 870 2065 939 pra-fecti

503 971 560 1015 ct
610 963 976 1031 magistratus,
1025 976 1262 1029 superno
1305 976 1470 1031 regno
1508 961 1907 1026 ministrantes,
1945 971 2066 1016 tan-

504 1069 665 1124 quam
723 1054 978 1118 nutrices,
1028 1053 1356 1123 pauperibus
1410 1052 1668 1107 Ecclesiae
1721 1053 2066 1121 imperatorio

501 1155 636 1201 nutu
694 1159 965 1199 annonam
1027 1144 1420 1213 suppeditant:
1451 1159 1620 1212 quare
1665 1146 1904 1198 nutrices
1950 1145 2064 1212 ejus

504 1246 785 1301 vocantur,
813 1235 928 1290 sive
968 1235 1262 1289 secundum
1295 1233 1697 1306 Symmachum,
1756 1254 1777 1287 ι
1803 1236 1884 1290 lac
1925 1251 2064 1306 pra:-

500 1330 689 1384 bentes
718 1345 733 1394 ;
766 1347 785 1382 ι
819 1328 896 1383 sic
937 1328 1078 1382 enim
1123 1328 1308 1395 habet,
1345 1346 1364 1380 (
1396 1328 1462 1382 Et
1497 1331 1694 1399 regina:
1741 1343 1925 1383 eorum
1981 1329 2063 1384 lac

497 1421 880 1490 pmbebuntu
953 1420 1084 1487 Quis
1151 1429 1328 1475 autem
1385 1431 1708 1475 memoratos
1784 1420 2062 1489 praefectos

498 1531 728 1571 cernens
762 1517 814 1570 in
857 1515 1094 1570 Ecclesia
1134 1514 1226 1569 Dei
1257 1529 1393 1585 genu
1429 1513 1678 1580 ﬂectere,
1727 1529 1792 1568 ac
1827 1514 1880 1567 in
1913 1511 2059 1567 fron-

499 1620 604 1662 tem
640 1608 787 1662 humi
822 1606 1175 1677 procumbere
1200 1645 1216 1669 ,
1261 1621 1366 1659 non
1397 1606 1630 1661 fateatur
1661 1605 1800 1659 hanc
1830 1599 2082 1674 [πονηρέ

497 1701 627 1754 tiam
653 1700 720 1753 ad
759 1698 994 1752 litteram
1034 1697 1355 1767 completam
1385 1712 1523 1762 esse,
1549 1710 1667 1766 qua!
1705 1696 1904 1750 diserte
1934 1695 2008 1748 ait
2043 1715 2058 1752 :

1177 292 1444 348 EUSEBII
1481 292 1964 352 CESARIE‘SSIS
1995 293 2146 353 OPP.
2186 298 2367 355 PARS
2404 299 2492 357 lll.
2535 332 2605 343 —
2647 301 3056 360 EXEGETICA.

586 411 746 465 Vens.
795 407 883 462 9.5.
932 427 948 457 ι
983 409 1046 462 Ει
1077 419 1236 463 erunt
1280 425 1433 480 reges
1464 411 1671 466 nutritii
1707 413 1816 477 tui,
1847 425 1900 468 et
1932 415 2070 486 regi-
2099 423 2146 480 Α

3629 309 3735 364 μθ

2247 435 2266 468 ι
2312 418 2422 472 Καὶ
2463 418 2670 475 ἔσονται
2712 421 2942 490 βασιλεῖς,
2977 421 3184 493 τιθηνοί
3218 438 3333 486 σου,
3365 423 3420 476 αί
3457 423 3513 476 δὲ
3545 423 3733 494 ἀρχουι-

2178 526 2265 561 σαι
2299 509 2497 576 αὐτῶν,
2520 512 2703 582 τροφοί
2730 529 2838 565 σου.
2878 533 2898 564 ι
2941 515 3121 582 ’Ὀπερ-
3143 515 3234 568 καὶ
3273 513 3404 568 αύτό
3435 515 3574 568 κατὰ
3596 516 3736 581 λέξιν

2176 601 2544 673 πληρούμενον
2572 606 2751 669 αὐτοῖς
2786 606 2963 676 ἴδομεν
3003 607 3317 678 ὀφθαλμοῖς,
3348 608 3455 661 τῶν
3489 609 3735 679 κρατούν-

2173 708 2280 744 των
2309 695 2407 764 τῆς
2439 695 2696 747 ἀνωτάτω
2731 696 2902 765 ἀρχῆς
2939 695 3166 766 τιθηνῶν
3209 697 3407 765 τρόπον
3445 695 3734 748 διαδαστα-

2174 785 2369 850 ζόντων
2394 785 2491 856 τὴν
2517 785 2610 838 τοῦ
2631 785 2764 839 Θεοῦ
2800 786 3120 856 Ἐκκλησίαν
3139 803 3153 815 ·
3173 788 3228 840 αἱ
3249 787 3304 840 δὲ
3326 787 3529 840 τούτων
3551 785 3740 858 ἀρχουο

2173 893 2282 941 σαι,
2313 877 2506 948 δηλαδὴ
2535 881 2587 932 αἱ
2619 878 2738 932 καθ’
2767 879 2994 932 ἕκαστον
3023 878 3193 943 ἔθνος.
3225 879 3318 933 καὶ
3356 879 3476 934 καθ’
3500 879 3743 950 ἑκάστην.

2171 969 2435 1040 ἐπαρχίαν
2477 969 2643 1040 ἀρχαὶ
2675 970 2768 1023 καὶ
2801 970 3063 1036 ἐξουσίαι,
3096 973 3159 1041 τῇ
3200 971 3455 1024 ἀνωτάτω
3489 969 3741 1040 βασιλείᾳ.

2169 1059 2574 1130 διακονούμεναι
2623 1061 2836 1132 τροφῶν
2875 1062 3028 1132 δίκην
3083 1061 3576 1134 ἐξυπηρετούμεναι
3625 1066 3739 1127 τοῖς

2169 1152 2368 1205 ἐνδεέσι
2392 1155 2490 1224 τῆς
2534 1154 2877 1225 Ἐκκλησίας,
2911 1153 3137 1224 νεύματι
3177 1154 3454 1225 βασιλικῷ,
3487 1154 3553 1208 τά
3586 1172 3742 1226 σιτης

2173 1240 2321 1311 ρέσια
2353 1240 2681 1312 χορηγοῦσαι
2699 1242 2905 1305 αὐτοῖς·
2929 1243 3008 1295 διὸ
3030 1243 3200 1314 τροφὴ
3230 1243 3305 1314 (l)
3341 1244 3745 1316 αύτῆςὼνομά-.

2171 1328 2406 1400 σθησαν,
2439 1330 2473 1400 ἢ
2505 1330 2644 1384 κατά
2673 1331 2764 1384 τὸν
2811 1331 3124 1402 Σύμμαχον,
3180 1351 3198 1383 ι
3239 1331 3511 1402 γαλοῦχοι,
3562 1349 3580 1383 ι
3633 1333 3742 1404 φή-

2170 1436 2356 1482 σαντα,
2395 1438 2413 1471 ι
2466 1422 2574 1475 Καὶ
2615 1423 2878 1492 ἄρχουσαι
2909 1420 3087 1475 αὐτῶν
3125 1420 3539 1493 γαλουχήσουσι.
3590 1440 3609 1474 ι
3641 1421 3736 1484 Τίς

2167 1511 2220 1564 δὲ
2244 1510 2538 1582 ὀφθαλμοῖς
2575 1513 2717 1585 ὁρῶν
2747 1512 2846 1576 τὰς
2886 1512 3181 1584 εἰρημένας
3211 1510 3385 1583 ἀρχὰς
3408 1511 3466 1566 ἐν
3498 1514 3564 1583 τῇ
3610 1513 3742 1566 Ἑκ-

2169 1603 2364 1675 κλησίᾳ
2400 1604 2493 1657 τοῦ
2532 1603 2668 1658 Θεοῦ
2693 1605 2820 1672 γόνυ
2856 1603 3232 1675 καμπτούσας,
3261 1603 3356 1656 καὶ
3386 1603 3447 1656 τὸ
3489 1604 3746 1674 μέτωπον

2165 1693 2472 1765 ὲρειδούσας
2513 1694 2606 1746 ἐπὶ
2651 1693 2744 1746 τοῦ
2779 1693 3034 1764 ἐδάφους,
3066 1695 3162 1763 οὐχ
3207 1693 3553 1765 ὁμολογήσειε
3597 1693 3746 1765 πρδςς

499 1809 517 1840 ι
547 1790 722 1858 Super
772 1787 963 1842 faciem
997 1795 1154 1842 terra;
1193 1787 1498 1841 adorabunt
1545 1800 1632 1852 te,
1673 1796 1727 1840 et
1780 1785 2051 1856 pulverem

2161 1786 2300 1853 λέξιν
2329 1787 2422 1840 καὶ
2457 1787 2591 1859 πρὸς
2623 1787 2860 1858 ἱστορίαν
2900 1785 3052 1850 τέλος
3093 1785 3372 1855 εἰληφέναι
3400 1785 3601 1855 ταύτην
3634 1787 3743 1856 τὴν

491 1882 688 1951 pedum
722 1888 936 1936 tuorum
970 1880 1201 1951 lingent.
1244 1879 1308 1934 Et
1343 1880 1485 1936 scies
1514 1881 1638 1949 quia
1671 1893 1771 1949 ego
1811 1894 1926 1932 sum
1958 1878 2058 1932 Do-

492 1973 698 2038 minus,
730 1981 784 2027 et
807 1988 913 2028 nou
951 1971 1374 2036 confundentur,
1419 1973 1509 2042 qui
1551 1980 1870 2042 exspectant
1915 1973 2006 2026 te?
2035 1991 2054 2024 ι

490 2059 598 2115 Ριιι·
630 2072 713 2116 est
745 2062 886 2116 enim
917 2077 1022 2115 non
1050 2061 1103 2114 in
1133 2061 1417 2128 segnitiem
1451 2060 1664 2127 delabi,
1715 2075 1888 2130 neque
1913 2075 2060 2130 spem

489 2155 882 2222 promissorum
909 2153 1158 2206 amittere
1189 2161 1314 2206 ante
1341 2166 1519 2205 rerum
1550 2162 1822 2206 eventum.

2164 1879 2516 1950 προφητείαν,
2533 1878 2827 1949 διαρρήδην
2854 1880 3120 1950 φήσασαν,
3145 1897 3162 1929 ι
3186 1878 3306 1930 Ἐπὶ
3324 1878 3610 1949 πρόσωπον
3634 1879 3734 1947 τῆς

2163 1973 2266 2042 γῆς
2295 1971 2728 2042 προσκυνήσουσί
2760 1987 2862 2034 σοι,
2893 1971 2984 2023 καὶ
3010 1969 3103 2023 τὸν
3141 1969 3268 2041 χοῦν
3298 1969 3406 2022 τῶν
3435 1968 3608 2022 ποδῶν
3639 1985 3740 2021 σου

2164 2062 2419 2129 λείξουσι.
2449 2063 2558 2117 Καὶ
2578 2061 2784 2134 γνώσῃ,
2809 2064 2891 2116 ὅτι
2913 2061 3021 2132 ἐγὼ
3043 2062 3264 2134 Κύριος,
3290 2063 3383 2115 καὶ
3405 2063 3505 2114 οὐκ
3525 2063 3743 2132 αἰσχυνι

2168 2151 2422 2223 θήσονται
2462 2153 2512 2205 οἱ
2555 2152 2914 2224 ύπομένοντές
2960 2168 3054 2217 σε;
3107 2171 3126 2204 ι
3183 2151 3359 2205 Καλὸν
3399 2152 3506 2223 γάρ
3540 2151 3601 2204 τὸ
3657 2150 3732 2222 μὴ

487 2247 772 2319 ὀλιγωρεῖν
803 2246 935 2318 μηδὲ
963 2245 1360 2314 ἀπογινώσκειν
1399 2245 1498 2317 τὴν
1528 2246 1718 2300 ἐλπίδα
1753 2248 1862 2301 τῶν
1893 2245 2316 2319 ἐπηγγελμένων
2349 2247 2456 2317 πρὸ
2492 2249 2592 2317 τῆς
2619 2247 2728 2300 τῶν
2763 2245 3098 2318 πραγμάτων
3130 2245 3427 2308 ἐκϐάσεως.

561 2336 723 2394 Vens.
753 2339 842 2392 Ἡ.
880 2357 899 2390 ι
930 2337 1066 2392 Νιιιιι
1111 2340 1339 2408 accipiet
1375 2341 1498 2408 quis
1525 2355 1554 2394 a
1579 2341 1792 2411 gigante
1831 2341 1998 2410 spolia
2032 2341 2056 2395 ?

489 2439 546 2486 et
588 2431 631 2483 si
665 2429 788 2500 quis
829 2431 1100 2500 captivum
1145 2430 1358 2485 duxerit
1392 2432 1624 2500 injuste,
1651 2432 1945 2487 salvaliitur
1976 2434 2000 2487 ?
2032 2453 2049 2485 ι

489 2521 770 2591 Gigantem
815 2530 972 2576 vocat
1011 2522 1280 2576 diabolum
1325 2530 1380 2575 et
1411 2522 1773 2575 adversariam
1818 2533 2056 2591 potesta-

488 2618 616 2660 tem.
651 2605 921 2676 Numquid
972 2607 1155 2676 igitur,
1191 2607 1298 2671 ait,
1347 2618 1536 2662 contra
1583 2608 1849 2678 gigantem
1882 2612 2059 2678 quivis

484 2697 762 2767 coligredi,
799 2713 861 2751 ac
885 2698 1015 2751 tanti
1037 2687 1244 2753 roboris
1276 2697 1391 2752 viro
1421 2698 1590 2767 Spolia
1621 2698 1829 2765 eripere
1852 2699 2064 2754 valeat?-

483 2789 636 2858 Quod
660 2791 703 2846 si
727 2791 846 2860 quis
871 2791 1026 2844 talem
1055 2790 1328 2846 hominem
1361 2791 1628 2860 captivum
1658 2791 1924 2844 abducere
1945 2800 2060 2845 teu-

485 2886 702 2948 taverit,
737 2885 836 2938 etsi
871 2882 1018 2951 juste
1060 2891 1201 2952 agat,
1241 2897 1306 2936 au
1342 2898 1438 2951 pro
1471 2883 1681 2936 insonte
1721 2882 2010 2937 habebitur
2033 2883 2062 2936 ἲ

485 2979 676 3031 Annon
716 2991 746 3029 a
792 2979 1032 3046 gigante,
1070 2986 1252 3044 utpote
1292 2991 1320 3026 a
1363 2975 1616 3037 fortiore,
1653 2985 1954 3043 correptus,
1988 2976 2056 3030 de

2235 2355 2253 2388 ι
2289 2337 2378 2409 Μὴ
2405 2337 2633 2408 λήψεταί
2684 2355 2765 2400 τις
2815 2339 2963 2409 παρά
2994 2337 3247 2406 γίγαντος
3278 2337 3481 2402 axitia;
3513 2337 3603 2390 καὶ
3637 2335 3735 2388 ἐὰν

2163 2428 2570 2500 αἱχμαλωτεύσῃ
2593 2446 2676 2492 τις
2714 2429 2913 2492 ἀδίκως
2930 2469 2944 2492 ,
2971 2427 3272 2500 σωθήσεται
3297 2445 3310 2492 ;
3347 2447 3364 2478 ι
3387 2429 3614 2497 γίγαντα
3637 2445 3734 2500 ση-

2167 2520 2370 2591 μαίνων
2415 2521 2506 2573 τὸν
2545 2521 2787 2574 διάϐολον
2835 2522 2928 2574 καὶ
2954 2520 3050 2591 τὴν
3081 2520 3458 2591 ἀντικειμένην
3482 2519 3728 2590 δύναμιν.

2165 2614 2311 2682 Μήτι
2339 2608 2429 2666 οὖν
2455 2611 2532 2682 τῷ
2564 2613 2795 2682 τυχόντι,
2827 2613 2979 2682 φησὶ,
3006 2612 3223 2665 δυνατόν
3248 2613 3363 2665 ἐστι
3395 2613 3604 2681 γίγαντι
3628 2629 3739 2664 παι

2170 2703 2520 2775 ρατάξασθαι,
2560 2704 2653 2756 καὶ
2689 2705 2974 2758 σκυλεῦσαι
3001 2704 3088 2757 τὸν
3110 2703 3281 2768 οὓτως
3307 2705 3555 2774 ίσχυρόνς
3586 2704 3648 2756 Ei
3676 2702 3731 2756 δὲ

2163 2798 2256 2850 καὶ
2300 2800 2662 2870 ἐπιχειρήσειέ
2705 2817 2789 2862 τις
2837 2800 2928 2853 τὸν
2978 2799 3215 2852 τοιοῦτον
3271 2797 3733 2869 αἰχμαλιυτεῦσαι,

2162 2890 2385 2953 δικαίως
2403 2891 2459 2942 δὲ
2486 2892 2672 2955 ποιῶν,
2701 2887 2808 2962 ἆρα
2831 2890 3213 2963 ἀθωωθήσεται
3235 2908 3250 2956 ;
3279 2892 3410 2960 Οὐχὶ
3440 2889 3730 2960 κρατηθεὶς

2163 2981 2268 3033 ὑπὸ
2308 2981 2399 3033 τοῦ
2429 2981 2700 3050 γίγαντος»,
2744 2983 2818 3045 ὡς
2853 2984 2943 3035 ὑπ’
2989 2983 3352 3054 ἰσχυροτέρου,
3404 2980 3733 3036 κινδυνεύσει

485 3069 659 3122 salute
707 3069 1101 3138 periclitabitur
1139 3067 1162 3120 ?
1198 3067 1302 3122 Pro
1343 3067 1432 3120 illo
1458 3077 1660 3133 autem,
1696 3087 1715 3119 ι
1763 3069 1991 3136 injuste,
2032 3087 2050 3118 ι

2161 3073 2286 3146 περὶ
2315 3074 2412 3144 τῆς
2440 3073 2600 3126 αύτοῦ
2624 3074 2928 3145 σωτηρίαςς
2968 3076 3110 3129 Ἀντὶ
3145 3075 3201 3128 δὲ
3239 3053 3352 3139 τοῦ,
3382 3092 3401 3125 ι
3439 3074 3654 3138 ἀδίκως,
3701 3091 3724 3125 ι

487 3160 747 3215 Hebraica
783 3161 964 3225 lectio,
1001 3178 1020 3211 ι
1049 3161 1216 3230 juste,
1248 3178 1266 3211 ι
1302 3159 1481 3213 habet.
1503 3158 1635 3213 Nam
1675 3160 1764 3228 qui
1792 3161 2056 3231 gigantem

485 3253 760 3322 captivum
814 3253 1056 3318 duxerit,
1095 3252 1240 3322 juste
1273 3265 1402 3306 sane
1447 3260 1590 3324 agat,
1627 3253 1933 3322 pariterque
1967 3253 2054 3322 qui

485 3346 602 3414 ejus
633 3345 802 3414 spolia
835 3347 1138 3414 diripuerit.

559 3441 720 3491 Vens.
745 3436 834 3490 25.
857 3456 874 3489 ι
895 3436 1154 3504 Quoniam
1185 3436 1263 3492 sic
1288 3437 1416 3491 dicit
1453 3437 1709 3494 Dominus
1731 3437 1815 3493 :Si
1833 3439 1952 3509 quis
1970 3454 2058 3495 ce-

483 3527 622 3597 perit
655 3527 1185 3598 gigantem,accipiet
1208 3529 1377 3598 spolia
1407 3548 1420 3585 :
1447 3531 1534 3599 qui
1565 3541 1742 3587 autem
1782 3535 2056 3603 acceperit

483 3636 511 3675 a
538 3621 1014 3686 forti,salvabitur.
1045 3622 1156 3693 Ego
1174 3632 1352 3677 autem
1383 3624 1643 3691 judicium
1677 3635 1824 3679 tuum
1845 3625 2056 3694 judica-

483 3713 574 3775 bo,
609 3725 662 3768 et
684 3714 819 3769 filios
849 3730 995 3770 meos
1028 3731 1237 3769 eruam.
1277 3735 1296 3769 ι
1333 3717 1532 3784 Aperte
1559 3717 1843 3772 declarans
1875 3718 2052 3784 nobis,

483 3807 535 3863 itl
573 3809 744 3864 solum
778 3810 892 3863 ﬁeri
921 3825 1100 3879 posse,
1142 3820 1199 3864 ut
1223 3811 1461 3880 praedicti
1506 3811 1739 3866 hominis
1765 3812 1931 3882 spolia
1956 3829 2054 3866 au-

483 3899 768 3968 ferantur;
796 3903 932 3958 ﬁlios
965 3917 1091 3957 suos
1136 3902 1220 3956 his
1259 3902 1605 3972 signiﬁcans;
1635 3919 1802 3974 quare
1841 3905 2052 3969 subdit,

490 4007 512 4044 ι
544 3992 710 4047 Filios
739 4008 922 4047 eruam
949 4011 965 4055 ;
995 4013 1014 4044 ι
1034 3993 1227 4060 quibus
1253 3994 1473 4064 ereptis,
1493 3995 1582 4064 qui
1619 3995 1764 4064 ipsos
1794 3996 2055 4051 violenter

485 4084 850 4148 abstulerant,
878 4100 1002 4140 suas
1032 4085 1131 4156 ipsi
1169 4100 1359 4140 carnes
1395 4088 1694 4140 comedent.
1730 4087 1862 4142 Cum
1909 4090 2050 4144 enim

486 4176 710 4230 aliorum
751 4192 939 4233 carnes
980 4192 1083 4232 non
1124 4177 1264 4232 ultra
1302 4177 1590 4233 comedere
1635 4188 1892 4248 possent,
1927 4195 2053 4234 suas

485 4269 795 4334 comedent,
835 4277 1039 4322 etcum
1085 4269 1385 4323 animarum
1431 4269 1704 4323 hominum
1741 4254 2059 4340 sanguinein

485 4359 701 4415 ebibere
729 4376 831 4415 non
863 4364 1095 4428 valeant,
1128 4361 1444 4432 sanguinem
1466 4376 1620 4416 suum
1645 4362 1853 4429 bibent,
1883 4371 1939 4416 ut
1961 4362 2048 4417 illo

485 4449 833 4507 inebrientur.

557 4544 720 4598 Vens.
745 4544 834 4599 26.
881 4565 898 4598 ι
934 4546 999 4600 Et
1021 4544 1301 4600 comedent
1325 4544 1414 4614 qui
1442 4544 1826 4600 tribulaverunt
1853 4553 1906 4600 te
1925 4560 2048 4600 car-

484 4647 581 4689 nes
609 4650 757 4700 suas,
786 4645 839 4690 et
874 4637 1074 4703 bibent,
1111 4638 1262 4707 quasi
1287 4639 1471 4690 vinum’
1497 4653 1714 4700 novum,
1739 4637 2046 4707 sanguinem

483 4740 661 4792 suum,
688 4735 741 4780 et
771 4727 1198 4784 inebriabuntur.
1237 4748 1253 4781 ι
1287 4727 1409 4783 ΙΙιιξο
1451 4739 1675 4797 possunt
1703 4729 1768 4781 ad
1795 4742 2048 4794 persecu—

485 4827 629 4873 tores
664 4818 914 4874 Ecclesia:
937 4820 1154 4889 Dei,qui
1189 4837 1282 4891 per
1311 4831 1547 4888 tempora
1571 4821 1809 4885 fuerunt,
1831 4820 2042 4886 referri,

480 4909 672 4980 hisque
717 4926 900 4965 corum
942 4911 1062 4966 finis
1109 4923 1164 4965 et
1204 4913 1378 4966 exitus
1407 4911 1750 4976 describitur,
1779 4913 2046 4979 quomodo

481 5002 689 5058 scilicet
730 5003 964 5056 futurum
1011 5003 1103 5065 sit,
1139 5014 1197 5056 ιιι
1233 5018 1427 5058 carnes
1469 5018 1595 5057 suas
1635 5003 1941 5068 comedunt,
1993 5014 2048 5058 et

480 5093 794 5161 sanguinem
837 5108 990 5146 suunt
1034 5093 1237 5146 bibant.

556 5201 575 5234 ι
629 5185 693 5237 Ει
735 5187 928 5240 sentiet
991 5165 1166 5240 omnis
1208 5201 1373 5250 caro,
1434 5187 1556 5254 quia
1595 5202 1694 5256 ego
1754 5186 2047 5250 Dominus,

479 5271 569 5336 qui
617 5273 732 5326 erui
793 5285 868 5338 te,
924 5285 976 5330 et
1018 5275 1196 5346 adjuvi
1245 5276 1612 5332 fortitudinem
1663 5276 1846 5332 Jacob.
1907 5296 1924 5327 ι
1965 5277 2051 5329 ln-

478 5375 799 5429 corporeum
847 5365 1050 5420 Numen
1090 5378 1190 5430 est,
1244 5367 1480 5422 materiae
1529 5382 1756 5436 expers,
1812 5367 2050 5420 intactile

478 5463 528 5504 et
556 5453 803 5523 simplex,
830 5471 929 5510 nec
963 5459 1249 5528 quispiam,
1287 5459 1330 5513 si
1367 5459 1580 5527 quidem
1614 5460 1686 5511 uti
1716 5457 1801 5510 fas
1821 5467 1902 5510 est
1925 5471 2050 5525 ege-

481 5545 569 5608 rit,
593 5547 824 5616 speciem
865 5548 930 5602 de
963 5548 1050 5602 illo
1082 5565 1397 5618 corpoream
1424 5549 1763 5620 imaginetur.
1795 5547 2043 5602 Attamen

480 5651 632 5694 saera
663 5639 936 5708 Scriptura
964 5641 1062 5696 hos
1085 5641 1385 5710 alloquens,
1405 5641 1638 5694 luunauo
1667 5655 1815 5694 mure
1838 5639 1904 5694 de
1930 5638 2044 5710 ipso

551 5729 628 5803 (Ι)
662 5729 824 5786 Forte
865 5731 1142 5802 legendum
1172 5732 1380 5803 τροφοί,
1413 5741 1469 5787 ιιι
1492 5746 1671 5803 supra.
1705 5731 1860 5786 Eutr.

2157 3165 2189 3234 ἡ
2269 3164 2527 3237 Ἑϐραῖκὴ
2574 3165 2738 3232 λέξις,
2791 3185 2809 3217 ι
2846 3167 3087 3232 δικαίως,
3136 3186 3154 3219 ι
3207 3167 3465 3239 περιέχει.
3507 3167 3565 3219 ὐ
3616 3167 3730 3239 γὰρ

2158 3254 2580 3325 αίχμαλωτεύων
2603 3256 2850 3325 γίγαντα,
2874 3257 3094 3321 δικαίως
3134 3257 3291 3311 τοῦτο
3330 3259 3590 3328 ποιήσειε,
3633 3257 3732 3312 καὶ

2155 3345 2183 3397 ὁ
2210 3343 2481 3397 σκυλεύων
2504 3345 2683 3412 αὐτὸν,
2716 3347 2938 3417 ὁμοίως.

2230 3454 2249 3487 ι
2288 3437 2406 3490 Ὅτι
2439 3435 2580 3490 οὕτω
2601 3437 2747 3505 λέγει
2777 3437 2999 3509 Κύριος·
3045 3440 3170 3493 Ἐάν
3192 3457 3276 3504 τις
3306 3439 3733 3515 αίχμαλωτεύσῃ

2155 3528 2402 3597 γίγαντα,
2439 3529 2659 3600 λήψεται
2688 3529 2873 3594 σκῦλα,
2922 3530 3213 3601 λαμϐάνων
3245 3531 3302 3584 δὲ
3340 3532 3469 3603 παρ’
3513 3531 3729 3601 ίσχύον-

2156 3638 2272 3684 τος,
2305 3622 2625 3694 σωθήσεται.
2664 3621 2802 3690 Ἐγὼ
2839 3622 2895 3675 δὲ
2931 3621 3027 3694 τὴν
3057 3623 3235 3694 κρίσιν
3266 3641 3357 3678 σου
3392 3621 3580 3695 κρινῶ,
3633 3624 3728 3676 καὶ

2154 3712 2263 3780 ἐγὼ
2281 3713 2405 3777 τοὺς
2427 3712 2572 3777 υἱούς
2599 3731 2697 3784 μου
2729 3712 2992 3784 ῥύσομαι·
3025 3732 3043 3765 ι
3084 3714 3267 3784 σαφῶς
3301 3715 3515 3778 διδάξας
3554 3716 3728 3785 ἡμᾶς,

2153 3799 2288 3856 εἶναι
2317 3803 2472 3856 τοῦτο
2496 3805 2653 3875 μόνον
2685 3805 2927 3871 δυνατὸν,
2965 3805 3255 3874 ἀφελέσθαι
3277 3805 3371 3859 τοῦ
3396 3805 3725 3877 δηλωθέντος

2152 3895 2219 3948 τὰ
2258 3895 2427 3948 σκῦλα
2448 3913 2462 3926 ·
2506 3898 2632 3961 τοὺς
2656 3899 2803 3962 υἱοὺς
2823 3897 2985 3951 αὐτοῦ
3012 3895 3148 3951 εἶναι
3181 3897 3353 3967 λέγων
3374 3916 3387 3929 ·
3425 3899 3504 3952 διὸ
3537 3899 3730 3968 ἐπιφέ-

2153 4003 2265 4056 ρει·
2298 4003 2318 4036 ι
2355 3986 2493 4049 Τοὺς
2525 3987 2672 4051 υἱούς
2711 4005 2809 4058 μου
2847 3987 3114 4059 ῥύσομαι·
3161 4007 3178 4040 ι
3213 3981 3287 4041 ὧν
3314 3987 3638 4058 ρυσθέντων,
3673 3990 3724 4041 οι

2151 4078 2492 4149 ἀφῃρημένοι
2532 4079 2714 4143 αὐτοῖς
2757 4080 2814 4146 ἐξ
2844 4081 3128 4150 ἐπηρείας,
3178 4081 3332 4134 αὐτοὶ
3374 4081 3473 4144 τάς
3518 4081 3725 4134 ἑαυτῶν

2153 4169 2360 4241 σάρκας
2383 4171 2676 4239 φάγονται·
2711 4171 2890 4223 οὐκέτι
2929 4171 3038 4242 γὰρ
3074 4172 3273 4242 ἐτέρων
3295 4171 3503 4243 σάρκας
3523 4171 3725 4225 ἐσθίειν

2149 4260 2452 4332 δυνάμενοι,
2477 4261 2574 4326 τάς
2601 4262 2805 4315 ἑαυτῶν
2837 4262 3120 4331 φάγονται·
3153 4262 3262 4315 οὐδ’
3289 4263 3530 4316 ἐκπίνειν
3549 4262 3628 4316 ἐτι
3660 4263 3725 4316 τὺ

2151 4347 2288 4424 αἷμα
2315 4353 2422 4405 τῶν
2457 4353 2807 4422 ἀνθρωπίνων
2850 4352 3036 4423 ψυχῶν
3077 4352 3380 4423 δυνάμενοι,
3424 4352 3484 4406 τὸ
3515 4352 3724 4406 ἑαυτῶν

2149 4439 2284 4514 αἷμα
2319 4443 2551 4507 πίονται,
2601 4445 2676 4507 ὡς
2710 4444 2802 4497 καὶ
2839 4442 3166 4514 μεθυσθῆναι
3205 4445 3398 4508 αὐτοὺς
3443 4445 3502 4511 ἐξ
3533 4445 3721 4500 αὑτοῦ.

2159 4561 2174 4584 ο
2224 4555 2243 4587 ι
2277 4536 2384 4588 Καὶ
2407 4535 2670 4604 φάγονται
2697 4538 2745 4588 οἱ
2771 4535 3054 4605 θλίψαντές
3087 4553 3145 4590 σε
3167 4536 3266 4600 τὰς
3293 4538 3499 4610 σάρκας
3520 4539 3724 4603 αὐτῶν,

2149 4627 2239 4680 καὶ
2275 4627 2482 4679 πίονται
2511 4627 2584 4691 ὼς
2609 4624 2748 4681 οἶνον
2763 4629 2879 4682 νέον
2898 4629 2958 4682 τὸ
2977 4623 3112 4698 αἷμα
3127 4629 3320 4692 αὐτῶν,
3344 4632 3436 4685 καὶ
3457 4631 3724 4702 μεθυσθή-

2150 4734 2350 4774 σονται.
2392 4737 2412 4771 ι
2449 4717 2681 4772 Δύναται
2717 4720 2888 4773 ταῦτα
2919 4721 3010 4772 ἐπὶ
3041 4723 3166 4784 τοὺς
3211 4722 3348 4775 κατά
3376 4723 3562 4794 καιρὸν
3589 4722 3716 4775 διώ-

2146 4827 2353 4874 κωντας
2387 4810 2484 4882 τὴν
2517 4810 2610 4864 τοῦ
2656 4811 2789 4865 Θεοῦ
2839 4813 3157 4884 Ἐκκλησίαν
3193 4814 3584 4885 ἀναφέρεσθαι,
3620 4833 3714 4868 του

2150 4901 2306 4968 λόγου
2341 4902 2401 4954 τὸ
2435 4902 2589 4966 τέλος
2622 4903 2799 4956 αὐτῶν
2851 4903 2944 4956 καὶ
2973 4903 3071 4974 τὴν
3103 4905 3476 4976 καταστροφὴν
3505 4906 3724 4974 διαγρα-

2154 5011 2364 5063 φοντος,
2395 4995 2486 5048 καὶ
2517 4995 2592 5056 ὡς
2622 4994 2718 5059 τὰς
2747 4995 2952 5050 ἑαυτῶν
2981 4995 3188 5066 σάρκας
3225 4998 3505 5066 φάγονται,
3538 4997 3629 5050 καὶ
3661 4997 3724 5051 τὸ

2154 5079 2291 5154 αἷμα
2319 5083 2497 5136 αὐτῶν
2526 5083 2754 5138 πίονται.

2230 5194 2248 5225 ι
2285 5176 2393 5228 Καὶ
2421 5175 2833 5245 αἰσθανθήσεται
2859 5178 3006 5230 πᾶσα
3041 5177 3192 5247 σὰρξ,
3217 5178 3296 5230 ὅτι
3327 5175 3435 5245 ἐγὼ
3454 5178 3656 5248 Κύριος
3688 5178 3724 5247 ό

2160 5266 2460 5336 ῥυσάμενος
2487 5285 2565 5329 σε,
2583 5268 2674 5320 καὶ
2696 5267 3220 5340 ἀντιλαμϐανόμενος
3255 5267 3434 5337 ἰσχύος
3457 5268 3667 5322 Ἰακώϐ.
3693 5288 3710 5318 ι

2169 5357 2552 5428 Ἀσὼματοντδ
2579 5359 2752 5422 Θεῖον,
2786 5361 2966 5423 άῦλον,
3000 5361 3201 5430 ἀναφὲς
3229 5361 3321 5413 καὶ
3346 5361 3546 5414 ἁπλοῦν
3567 5379 3580 5393 ·
3624 5361 3718 5414 καὶ

2152 5451 2250 5503 ούκ
2279 5451 2352 5504 ἄν·
2373 5468 2457 5515 τις
2484 5453 2570 5504 ἐπ’
2597 5454 2766 5526 αὐτῷ,
2791 5456 2858 5509 τὰ
2881 5455 3061 5508 εἰκότα
3090 5454 3248 5525 δρῶν,
3277 5455 3574 5521 φαντασίαν
3594 5452 3719 5507 τινὰ

2151 5540 2305 5596 λάϐοι⁸
2331 5547 2664 5616 σωματικήν.
2711 5547 2856 5618 Πλὴν
2886 5547 2946 5600 τὸ
2970 5547 3206 5618 Γράμμα
3241 5545 3301 5598 τὺ
3333 5545 3474 5616 ἱερὸν
3510 5543 3720 5617 ἀνθρω-

2151 5635 2317 5701 πίνως
2347 5636 2475 5709 ἡμῖν
2498 5637 2571 5694 τά
2593 5639 2717 5709 περὶ
2740 5637 2900 5692 αὑτοῦ
2925 5637 3242 5707 διαλέγεται.
3273 5637 3348 5694 ού
3376 5636 3484 5711 γάρ
3507 5632 3574 5709 ἦν
3605 5635 3721 5694 ἑτέ-
