4108 6204
342 278 435 332 ιιι

1257 268 1757 327 COMMENTARIA
1798 268 1863 323 IN
1903 268 2159 328 lSAlAM.
2193 301 2263 313 —-
2299 265 2450 322 CAP.
2491 263 2552 317 L.

3453 255 3560 311 δια

343 413 452 466 ρως
477 392 771 462 δυνηθῆναι
795 391 932 444 νοεῖν
953 390 1077 453 τοὺς
1099 388 1156 441 ἐν
1184 388 1366 452 αὐτοῖς
1393 389 1486 442 καὶ
1507 388 1730 459 παχέσιν
1757 389 1892 442 όνταέ

2018 387 2287 442 edisserit.
2315 384 2500 454 Neque
2518 380 2658 436 enim
2689 375 2819 430 alias
2855 389 2976 429 eum
3023 371 3314 442 Intelligere
3346 383 3560 440 possent

341 486 621 556 σώμασιν,
674 485 719 535 εἰ
753 483 823 554 μὴ
851 481 1102 552 καθάπερ
1155 483 1213 534 ἐν
1259 481 1408 547 τάξει
1453 481 1905 552 παραδειγμάτων

343 574 726 648 παρεκομίσθη
753 573 818 626 τά
845 573 966 626 καθ’
1003 575 1177 644 ἡμᾶς·
1216 574 1282 626 ἵν’
1321 576 1384 627 ὲκ
1425 573 1530 627 τῶν
1566 558 1624 624 ἐν
1658 573 1905 642 αἰσθήσει

346 671 448 723 καὶ
479 667 678 740 ὁρατῶν
705 665 1045 736 πραγμάτων
1075 665 1176 718 κᾶν
1223 665 1420 718 οὑτωσὶ
1448 666 1511 717 ἐκ
1546 663 1742 734 μέρους
1769 667 1904 717 νοεῖν

354 761 654 833 ξσχύσωμεν
681 758 748 812 τά
773 758 900 829 περὶ
924 759 1022 828 τῆς
1045 756 1194 820 Θείας
1218 757 1420 819 οὐσίας.

867 935 1260 989 ΚΕΦΑΛΑΙΟΝ
1294 934 1377 990 N'.

426 1046 446 1081 ι
473 1027 653 1092 Οὕτως
683 1029 833 1097 λέγει
867 1029 1068 1099 Κύριος
1088 1045 1101 1060 °
1136 1030 1292 1082 Ποῖον
1323 1029 1384 1082 τὸ
1417 1028 1615 1099 βιϐλίον
1649 1027 1741 1082 τοῦ
1770 1029 1902 1081 ἀπο-

347 1121 558 1174 στασίου
585 1121 686 1191 τῆς
710 1121 915 1192 μητρὸς
940 1119 1110 1190 ὑμῶν,
1165 1113 1208 1186 ᾧ
1246 1117 1597 1192 ἑξαπέστειλα
1630 1120 1832 1189 αὑτήν;
1868 1117 1901 1187 ἦ

341 1213 442 1265 τίνι
484 1212 736 1283 ύποχρέῳ
771 1211 1030 1283 πέπρακα
1068 1212 1242 1282 apag;
1291 1211 1419 1264 Ἰδοὺ
1468 1213 1584 1274 ταῖς
1612 1209 1902 1281 ἁμαρτίαις

341 1300 489 1370 ὅμῶν
514 1301 868 1368 ὲξαπέστειλα
904 1301 1002 1372 τὴν
1048 1302 1257 1372 μητέρα
1290 1301 1461 1373 ὑμῶν.
1497 1302 1560 1355 Τί
1600 1303 1681 1355 ὅτι
1720 1298 1899 1372 ἦλθον,

335 1395 429 1446 καὶ
475 1394 577 1446 οὐκ
624 1389 694 1463 ἦν
746 1396 775 1447 ὁ
820 1393 1140 1459 ὑπακούωνς
1185 1393 1275 1463 Μὴ
1325 1395 1425 1446 οὐκ
1483 1394 1654 1464 ίσχύει
1701 1395 1733 1462 ἡ
1782 1393 1902 1464 χείρ

335 1502 439 1554 μου
487 1485 583 1538 τοῦ
625 1485 922 1556 ρύσασθαι;
960 1487 1050 1557 Μὴ
1106 1487 1204 1540 οὐκ
1251 1486 1415 1556 ίσχύω
1454 1485 1546 1538 τοῦ
1599 1483 1899 1548 acassam;

345 1575 476 1630 Ἰδοὺ
509 1575 588 1646 τῷ
609 1577 820 1647 ἐλεγμῷ
851 1595 950 1648 μου
988 1577 1319 1650 ἐξερημώσω
1346 1577 1442 1648 τὴν
1468 1576 1736 1631 θάλασσαν
1756 1594 1769 1603 ·
1809 1577 1902 1630 καὶ

333 1662 485 1735 θήσω
517 1669 792 1737 ποταμοὺς
813 1668 1069 1738 ἐρήμους,
1096 1671 1188 1722 καὶ
1214 1667 1633 1741 ξηρανθήσονται
1655 1670 1703 1722 oi
1725 1669 1901 1739 ἰχθύες

331 1758 515 1812 αὐτῶν
544 1759 653 1813 ἀπὸ
686 1759 778 1812 τοῦ
808 1761 880 1830 μὴ
916 1755 1050 1814 εἶναι
1076 1759 1260 1823 ὕδατα,
1301 1761 1393 1813 καὶ
1416 1759 1806 1814 ἀποθανοῦνται
1839 1761 1896 1814 ἐν

331 1848 493 1919 δίψει.
534 1851 766 1904 Ἐνδύσω
807 1851 897 1905 τὸν
942 1851 1163 1922 οὐρανὸν
1201 1851 1407 1915 σκότος,
1451 1853 1544 1905 καὶ
1586 1852 1660 1913 ὡς
1697 1852 1895 1906 σάκκον

329 1941 482 2014 θήσω
535 1942 598 1996 τὸ
638 1943 972 2014 περιϐόλαιον
1000 1943 1184 1997 αὑτοῦ.
1220 1945 1423 2016 Κύριος
1469 1943 1668 2016 Κύριος
1715 1944 1894 1999 δίδωσί

332 2049 424 2104 μοι
465 2032 715 2102 γλῶσσαν
749 2033 1013 2098 παιδείας,
1061 2034 1154 2088 τοῦ
1188 2035 1389 2103 γνῶναι
1426 2035 1588 2104 ἡνίκα
1620 2035 1702 2088 δεῖ
1725 2039 1894 2091 εἰπεῖν

327 2117 506 2190 λόγον.
541 2123 742 2194 Ἐθηκέ
781 2141 870 2192 μοι
899 2123 1062 2196 πρωῒ,
1091 2125 1397 2197 προσέθηκέ
1427 2142 1515 2196 μοι
1541 2125 1698 2180 ὠτίον
1734 2127 1895 2181 ἀκού-

325 2226 430 2278 ειν,
487 2214 581 2266 καὶ
633 2216 661 2285 ἡ
697 2215 908 2269 παιδεία
943 2216 1146 2288 Κυρίου
1187 2218 1389 2288 Κυρίου
1423 2217 1622 2285 ἀνοίγει
1671 2234 1773 2288 μου
1824 2218 1893 2272 τὰ

324 2299 460 2358 ὦτα.
511 2303 651 2374 Ἐγὼ
686 2304 741 2358 δὲ
771 2306 869 2359 οὐκ
898 2306 1125 2371 ἀπειθῶ,
1152 2307 1271 2360 οὐδὲ
1297 2307 1577 2376 ἀντιλέγω.
1605 2305 1705 2360 Τὸν
1728 2307 1892 2361 νῶτόν

331 2414 433 2468 μου
463 2396 636 2450 ἔδωκα
667 2399 746 2460 είς
771 2398 1054 2468 μάστιγας,
1083 2399 1181 2462 τὰς
1207 2399 1264 2452 δὲ
1289 2399 1540 2467 σιαγόνας
1570 2417 1668 2468 μου
1695 2402 1773 2463 εἰς
1797 2403 1892 2471 ῥα-

325 2488 605 2558 πίσματα·
656 2487 716 2540 τὸ
749 2488 805 2540 δὲ
847 2489 1135 2561 πρόσωπόν
1185 2507 1285 2560 μου
1318 2491 1413 2543 οὐκ
1451 2474 1764 2560 ἀπέστρεψα
1796 2491 1889 2544 ἀπ’

324 2578 585 2648 αἰσχύνης
600 2581 1015 2650 ἐμπτυσμάτων·
1038 2581 1130 2633 καὶ
1147 2581 1345 2652 Κύριος
1362 2580 1562 2652 Κύριός
1579 2599 1678 2651 μου
1699 2581 1891 2652 βοηθός

326 2686 420 2740 μοι
451 2670 680 2743 ἐγενηθη
703 2687 716 2700 ·
743 2671 830 2724 διά
857 2671 1013 2724 τοῦτο
1043 2673 1142 2725 οὐκ
1166 2673 1484 2744 ἐνετράπην.
1507 2672 1619 2726 ἀλλ’
1642 2672 1811 2744 ἔθηκα
1829 2674 1890 2727 τὸ

322 2761 615 2831 πρόσωπόν
681 2779 782 2832 μου
836 2763 911 2828 ὡς
971 2763 1192 2834 στερεὰν
1247 2763 1472 2834 πέτραν.
1512 2782 1531 2814 ›
1575 2763 1666 2816 Διὸ
1705 2763 1797 2816 καὶ
1828 2764 1889 2817 τὸ

324 2854 614 2924 πρόσωπόν
648 2873 746 2926 μου
780 2856 854 2920 ὼς
881 2856 1102 2929 στερεὰν
1136 2859 1338 2928 πέτραν
1379 2856 1696 2928 παρέστησα
1725 2874 1886 2910 πεπι-

324 2949 634 3018 στευμένος,
661 2948 735 3012 ὡς
761 2949 820 3001 οὐ
856 2958 1009 3020 φερει
1036 2967 1122 3020 μοι
1143 2950 1400 3021 αἰσχύνην
1427 2951 1459 3020 ἡ
1489 2949 1620 3021 προς
1651 2949 1739 3002 τὸν
1778 2951 1888 3002 Πα-

319 3041 459 3111 τέρα
495 3041 702 3110 ὑπακοή
727 3057 741 3070 ·
779 3041 870 3094 καὶ
900 3041 1124 3111 πλησίον
1166 3058 1264 3112 μου
1309 3041 1517 3095 ἑστῶτα
1570 3042 1660 3094 καὶ
1702 3041 1885 3114 ῶσπερ
1912 3080 1954 3138 C

324 3130 765 3198 ἀγωνοθετοῦντα
803 3134 916 3194 τοῖς
957 3133 1278 3202 γινομένοις,
1337 3132 1431 3186 καὶ
1487 3133 1585 3204 τὴν
1628 3133 1764 3204 ἐμὴν
1805 3132 1884 3186 δι-

323 3221 582 3275 καιοῦντα
609 3221 884 3292 ὑπομονὴν
922 3221 1008 3275 διὰ
1035 3222 1232 3286 παντὸς
1262 3220 1465 3292 ἐώρων.
1491 3223 1553 3275 Ei
1589 3223 1644 3276 δέ
1665 3240 1748 3287 τις
1776 3222 1886 3292 ἔχοι

320 3312 422 3376 τὰς
446 3314 564 3365 κατ’
590 3312 724 3382 ἐμοῦ
754 3313 958 3384 ῦ6ρεις,
981 3315 1072 3375 καί
1095 3314 1184 3366 τὸν
1213 3313 1436 3367 θάνατον
1474 3314 1634 3367 αὑτὸν
1668 3314 1886 3376 ὲνδίκως

321 3400 678 3471 ἐπενηνέχθαι
717 3419 804 3472 μοι
834 3402 994 3472 φάναι
1019 3403 1104 3456 διά
1133 3417 1257 3456 τινα
1289 3403 1753 3474 πλημμελήματα,
1781 3404 1888 3456 δει-

321 3492 500 3546 κνύτω
528 3493 805 3564 παρελθὼν
829 3494 907 3557 εἰς
941 3493 1122 3566 μέσον,
1146 3495 1197 3548 εί
1214 3512 1296 3557 τις
1315 3495 1462 3548 αἰτία
1483 3494 1515 3565 ἢ
1541 3494 1805 3566 πρόφασις
1829 3494 1888 3560 ἐξ

322 3581 458 3652 ἐμοῦ
495 3583 590 3653 τῆς
631 3581 882 3652 τοιαύτης
933 3583 1053 3637 κατ’
1103 3583 1234 3654 ἐμοῦ
1273 3582 1482 3655 ὕϐρεως
1509 3583 1761 3652 γέγονεν·
1807 3586 1887 3646 είς

321 3673 489 3743 μέσον
545 3673 824 3744 παρελθὼν
875 3675 1052 3745 στήτω
1101 3674 1192 3728 καὶ
1231 3673 1512 3744 ἐλεγχέτω.
1567 3674 1789 3738 Οὐδενὸς
1828 3674 1885 3727 δὲ

316 3764 534 3835 ἔχοντος
569 3765 770 3836 μέμψιν
804 3765 1096 3836 μετελθεῖν,
1147 3767 1281 3837 μήτε
1313 3769 1376 3836 τῇ
1409 3766 1722 3837 διδασκαλίᾳ
1752 3768 1884 3837 μήτε

315 3861 440 3921 ταῖς
473 3858 703 3929 πράξεσι
730 3860 849 3922 ταῖς
871 3858 958 3910 ὑπ’
981 3858 1114 3929 ἐμοῦ
1145 3857 1578 3931 πεπραγμέναις,
1607 3859 1827 3921 εἰκότως
1857 3858 1885 3909 ό

316 3945 525 4016 Κύριος
548 3946 738 4016 βοηθός
770 3963 856 4017 μοι
886 3948 1170 4018 παρέσται.

393 4058 414 4091 ι
451 4040 573 4091 Ὀτι
621 4037 824 4106 ἐγγίζει
873 4042 899 4092 ὁ
937 4037 1230 4103 δικαιώσας
1273 4056 1361 4108 με.
1403 4040 1496 4100 Τίς
1524 4039 1886 4111 όκρινόμενός

317 4147 442 4204 μοις
471 4132 768 4202 ἀντιστητω
800 4149 888 4201 μοι
928 4133 1083 4201 ἆμα.,
1103 4133 1210 4184 Καὶ
1238 4131 1319 4194 τίς
1347 4134 1375 4184 ὀ
1413 4130 1725 4202 κρινόμενός
1763 4147 1882 4199 pm;

315 4223 593 4289 ἐγγισάτω
631 4241 737 4293 μοι.
779 4241 798 4274 ι
841 4223 1234 4293 Ἐπαμύνοντος
1271 4223 1398 4295 γὰρ,
1439 4223 1588 4293 φησι,
1635 4221 1725 4274 τοῦ
1751 4220 1885 4275 Θεοῦ

313 4316 412 4367 καὶ
450 4314 678 4385 Πατρδς,
715 4315 809 4368 καὶ
844 4317 1019 4368 πᾶσαν
1045 4315 1197 4385 ὑμῶν
1230 4316 1489 4386 ἐπήρειαν
1513 4314 1881 4382 ἀφανίζοντος,

315 4410 412 4460 καὶ
594 4408 731 4478 ἐμὴν
769 4408 1010 4470 ἱστάντος
1038 4408 1212 4472 δόξαν,
1245 4407 1327 4471 τίς
1366 4407 1515 4461 ἔσται
1551 4408 1799 4465 τοσοῦτος
1827 4411 1884 4460 ὲν

314 4499 468 4571 ὑμῖν,
503 4501 579 4564 ὡς
601 4499 976 4564 ἀντιτάξεσθαι
1003 4503 1066 4571 τῇ
1099 4499 1420 4572 ἀνικήτῳμ)
1451 4499 1631 4572 βουλῇ,
1666 4502 1758 4554 καὶ
1784 4518 1885 4553 κα-

312 4593 868 4648 κῶσαιδύνασθαιτὸν
900 4597 1025 4667 παρ’
1048 4596 1212 4649 αὑτοῦ
1256 4594 1648 4665 βοηθούμενον;
1680 4596 1885 4650 Οὐκοῦν

313 4691 479 4761 εἴπερ
531 4688 670 4751 τινὲς
724 4682 862 4758 ἦσαν
896 4689 1181 4756 νουνεχεῖς,
1235 4687 1284 4738 οἱ
1327 4687 1670 4757 Γραμματεῖς
1701 4704 1757 4739 τε
1791 4688 1884 4740 καὶ

309 4781 619 4849 Φαρισαῖοι,
649 4777 967 4846 ἀπόσχοιντο
993 4775 1057 4829 ἀν
1084 4776 1191 4828 τῶν
1216 4777 1336 4828 κατ’
1370 4775 1530 4828 αὐτοῦ
1556 4776 1883 4847 σκεμμάτων

309 4889 374 4925 τε
401 4871 496 4923 καὶ
529 4869 958 4940 ἐγχειρημάτων,
979 4867 1067 4920 διὰ
1095 4867 1383 4939 προφητῶν
1409 4866 1576 4935 ἁγίων
1616 4885 1887 4937 προεγνωο

314 4963 502 5024 κότες,
570 4961 646 5024 ὡς
699 4961 797 5012 οὐκ
855 4958 920 5012 ἂν
992 4959 1262 5028 ίσχύσειαν
1322 4957 1574 5028 ἀδικῆσαι
1628 4957 1880 5028 Χριστὸν,

310 5053 450 5108 Θεὸν
495 5052 625 5105 ὅντα
667 5051 761 5104 καὶ
798 5049 1020 5121 Κύριον,
1083 5050 1176 5103 καὶ
1215 5049 1340 5103 Υίὸν
1374 5047 1622 5120 ἀληθινὸν
1650 5048 1740 5102 τοῦ
1769 5046 1908 5102 Πα-’

310 5143 447 5215 τρός

396 5254 415 5286 ι
467 5234 597 5289 Ἰδοὺ
621 5234 824 5306 Κύριος
850 5232 1052 5306 Κύριος
1092 5229 1343 5302 βοηθήσει
1367 5248 1454 5302 μοι
1478 5248 1491 5261 ·
1527 5231 1609 5294 τίς
1643 5230 1881 5285 κακώσει

314 5345 425 5400 με;
465 5327 596 5380 Ἰδοὺ
630 5326 826 5388 πάντες
857 5327 1012 5396 ὑμεῖς
1052 5324 1128 5387 ὡς
1172 5324 1381 5394 ἱμάτιον
1420 5322 1880 5394 παλαιωθήσεσθε,

311 5423 413 5475 καὶ
467 5417 566 5489 σὴς
599 5418 972 5488 καταφάγεται
1012 5417 1173 5486 ὑμᾶς.
1207 5435 1226 5467 ι
1268 5415 1342 5468 Δι’
1372 5409 1445 5469 ὧν
1493 5415 1740 5485 σημαίνει
1785 5415 1882 5486 τὴν

317 5516 626 5570 παλαίωσιν
657 5515 751 5586 τῆς
779 5513 897 5568 κατ’
929 5511 1092 5568 αὐτοῦ
1123 5511 1435 5581 σωματικῆς
1459 5510 1710 5582 λατρείας
1733 5527 1744 5539 ·
1784 5509 1887 5563 πά-

315 5625 384 5663 νυ
433 5604 544 5677 γὰρ
593 5605 653 5658 τὸ
685 5601 1072 5674 παλαιούμενον
1116 5603 1206 5653 καὶ
1237 5600 1510 5670 γηράσκον
1551 5601 1713 5670 ἐγγὺς
1748 5601 1885 5668 ἅδεα-

394 5697 482 5773 (Ι)
514 5697 778 5769 ’Δκινητῳ
803 5695 927 5767 legit
955 5697 1234 5766 interpres.
1271 5693 1423 5750 Eutr.

2007 482 2041 535 ii
2076 480 2165 550 qui
2206 481 2254 532 in
2303 489 2546 544 corpore,
2579 473 2797 538 ipsoque
2823 480 3008 520 crasso
3044 473 3099 517 et
3143 463 3427 524 materiali,
3467 463 3560 514 de-

2003 582 2172 641 gunt,
2212 571 2311 624 nisi
2363 584 2423 620 ea
2475 579 2590 634 qum
2627 575 2793 631 penes
2838 573 2936 612 nos
2987 566 3112 611 sunt
3147 557 3213 609 ad
3258 554 3561 622 exemplum

2003 671 2420 732 usurparentur;
2465 668 2523 710 ut
2551 672 2618 711 ex
2659 656 2889 724 iisquae
2932 652 3029 706 sub
3068 663 3281 704 sensum
3313 657 3368 700 et
3409 661 3566 714 aspe-

2003 767 2144 809 ctum
2172 753 2360 807 cadunt
2382 791 2396 815 ,
2416 765 2476 803 ea
2501 763 2618 818 quae
2641 747 2872 801 divinam
2904 739 3254 796 substantiam
3291 744 3566 806 spectant,

2002 847 2190 902 saltem
2227 859 2292 898 ex
2325 840 2745 912 parte,cogitare
2776 847 3071 905 possemus.

2628 925 2854 984 CAPUT
2892 925 2954 984 L.

2073 1028 2236 1082 Vsus.
2271 1026 2380 1080 l-‘i.
2405 1043 2422 1075 ι
2447 1023 2536 1076 Sic
2556 1022 2681 1075 dicit
2711 1017 2963 1073 Dominus
2984 1034 2996 1068 :
3015 1007 3446 1080 Qualisbicliber
3472 1019 3562 1060 re-

2002 1121 2144 1190 pudii
2175 1118 2363 1172 matris
2390 1125 2598 1178 vestrm,
2633 1126 2738 1180 quo
2773 1107 2947 1162 dimisi
2984 1120 3100 1160 eam
3130 1103 3265 1156 ?aut
3296 1100 3380 1155 cui
3412 1097 3563 1152 debi-

2004 1188 2102 1266 lOri
2127 1209 2336 1264 vendidi
2366 1222 2460 1261 vos
2491 1207 2514 1259 ?
2543 1205 2679 1258 Ecce
2735 1198 2972 1270 peccatis
3015 1195 3215 1250 vestris
3254 1188 3556 1246 venumdati

2000 1303 2152 1368 estis,
2187 1311 2242 1353 et
2279 1301 2328 1354 in
2374 1297 2746 1367 iniquitatibus
2781 1290 2974 1345 vestris
3003 1287 3178 1342 dimisi
3216 1293 3444 1338 matrem
3471 1295 3562 1334 ve-

2001 1402 2188 1446 stram.
2226 1389 2362 1456 Quid
2411 1387 2528 1456 quia
2557 1385 2702 1446 veni,
2743 1392 2799 1435 et
2839 1396 2942 1434 non
2989 1385 3107 1432 erat
3148 1374 3240 1445 qui
3275 1368 3561 1426 obediret?

2000 1484 2187 1536 Annon
2229 1485 2405 1547 potest
2438 1489 2629 1529 manus
2671 1485 2786 1525 mea
2821 1465 3095 1523 liberare?
3125 1465 3315 1517 Annon
3345 1473 3558 1529 possum

1999 1571 2240 1628 eruere?
2276 1569 2412 1622 Ecce
2452 1564 2871 1622 comminatione
2911 1573 3029 1613 mea
3065 1557 3332 1611 desertum
3369 1552 3558 1607 iaciam

2001 1677 2168 1725 mare.
2192 1671 2245 1716 et
2277 1673 2467 1728 ponam
2501 1655 2687 1710 ﬂuvios
2721 1654 2994 1717 desertos,
3022 1654 3350 1703 clarescent
3383 1643 3560 1712 pisces

1929 1747 1970 1801 Β
1998 1772 2202 1820 eorum,
2235 1769 2298 1809 eo
2323 1753 2462 1822 quod
2496 1765 2597 1804 non
2625 1748 2696 1802 sit
2730 1761 2890 1815 aqua,
2927 1753 2982 1800 et
3023 1741 3318 1796 morientur
3339 1739 3448 1794 siti.
3476 1736 3560 1792 ln-

1995 1851 2152 1905 duam
2195 1847 2388 1901 cadum
2433 1841 2693 1902 tenebris,
2725 1849 2779 1892 et
2812 1836 2962 1906 quasi
2995 1850 3212 1889 saccum
3248 1846 3442 1901 ponam
3474 1830 3559 1884 in-

1994 1942 2302 1995 dumentum
2362 1934 2498 2005 ejus.
2547 1932 2802 1986 Dominus
2839 1927 3095 1982 Dominus
3144 1925 3234 1977 dat
3275 1921 3402 1975 mibi
3453 1920 3559 1974 lin-

1993 2045 2150 2102 gnam
2185 2027 2516 2096 disciplinae,
2576 2034 2634 2077 ut
2675 2023 2842 2076 sciam
2881 2019 3095 2088 quando
3139 2023 3381 2085 Oporteat
3413 2010 3556 2082 loqui

1991 2123 2232 2178 verbum.
2265 2119 2446 2175 Posuit
2481 2115 2608 2171 mihi
2652 2125 2847 2168 mane:
2883 2110 3085 2164 addidit
3121 2107 3248 2161 mihi
3279 2120 3461 2159 aurem
3490 2105 3558 2160 ad

1992 2214 2339 2277 audiendum,
2360 2220 2413 2266 et
2438 2206 2716 2278 disciplina
2741 2201 2947 2259 Domini
2987 2199 3161 2270 aperit
3199 2211 3358 2253 aures
3387 2211 3557 2251 meas.

1992 2306 2105 2376 Ego
2137 2315 2317 2360 autem
2354 2315 2458 2356 non
2506 2311 2708 2359 renuo,
2739 2309 2914 2364 neque
2959 2290 3295 2347 conti-adice.
3332 2287 3557 2343 Dorsum

1990 2413 2166 2453 meum
2205 2395 2325 2450 dedi
2358 2395 2422 2448 ad
2472 2389 2702 2460 ﬂagella,
2750 2395 2803 2440 et
2832 2399 2997 2456 genas
3045 2397 3192 2437 meas
3221 2383 3286 2436 ad
3329 2381 3554 2450 alapas:

1990 2491 2181 2546 faciem
2209 2501 2384 2543 autem
2415 2499 2588 2540 meam
2619 2497 2720 2536 non
2752 2479 2921 2532 averti
2944 2493 2972 2531 a
3004 2478 3201 2546 probro
3233 2483 3554 2542 sputorum:

1988 2591 2042 2637 et
2077 2580 2334 2634 Dominus
2374 2576 2627 2630 Dominus
2668 2584 2817 2624 meus
2860 2566 3148 2620 auxiliator
3201 2566 3331 2618 mibi
3382 2555 3558 2617 facins

1989 2682 2102 2732 est;
2125 2671 2242 2724 ideo
2267 2683 2370 2722 non
2394 2681 2512 2720 sum
2542 2662 2817 2723 confusus,
2837 2659 2929 2713 sed
2953 2657 3102 2726 posui
3135 2655 3322 2710 faciem
3357 2669 3552 2719 meam,

1987 2765 2126 2818 sicut
2161 2763 2365 2814 ﬁrmam
2391 2765 2614 2825 petram.
2657 2772 2674 2804 ι
2718 2750 2841 2804 ldco
2881 2748 3070 2804 faciem
3099 2761 3270 2800 meam
3304 2757 3554 2814 tanquam

1988 2854 2196 2908 [inuam
2235 2860 2437 2920 petram
2470 2847 2658 2909 obtuli,
2706 2842 2940 2898 conlisus
2983 2856 3154 2894 meam
3186 2854 3308 2907 erga
3340 2836 3554 2892 Patrem

1987 2943 2387 3014 obsequentiam
2427 2954 2533 2994 non
2573 2935 2820 2992 dedecori
2864 2933 2996 2988 mihi
3044 2932 3196 2990 fore:
3229 2945 3386 3000 quem
3417 2944 3446 2984 e
3471 2929 3554 2983 vi-

1987 3037 2108 3094 cino
2143 3036 2268 3090 mihi
2297 3042 2586 3095 astantem,
2613 3027 2943 3085 concertanti
2978 3024 3194 3096 pramia
3217 3024 3554 3092 largientem,

1989 3129 2407 3198 patientiamque
2457 3137 2631 3176 meam
2680 3118 3098 3188 approbantem,
3147 3128 3361 3184 semper
3422 3113 3551 3168 vidi.

1988 3217 2136 3285 Quod
2179 3217 2222 3272 si
2255 3209 2378 3284 quis
2429 3211 2785 3267 contumelias
2820 3209 3096 3277 ipsamque
3149 3215 3374 3260 mortem
3409 3206 3554 3273 juste

1988 3307 2117 3362 mihi
2157 3307 2226 3361 ob
2277 3305 2482 3360 scelera
2514 3301 2758 3370 quaedam
2805 3298 3004 3351 illatam
3049 3311 3169 3352 esse
3203 3296 3555 3366 comprobare

1986 3401 2175 3470 possit,
2212 3399 2263 3451 in
2305 3397 2536 3465 medium
2568 3393 2824 3463 prodiens
2852 3389 3121 3452 ostendat,
3163 3389 3210 3442 si
3237 3405 3397 3458 quam
3425 3403 3556 3443 cau-

1986 3507 2100 3548 sam
2133 3488 2213 3544 vel
2247 3487 2585 3543 occasionem
2619 3482 2783 3536 tantis
2813 3479 3154 3536 contumeliis
3195 3479 3430 3534 dederim
3458 3478 3552 3544 ;in

1987 3583 2240 3649 medium,
2267 3581 2500 3646 inquam,
2531 3575 2800 3646 prodiens,
2819 3581 2946 3637 stet,
2977 3586 3165 3641 meque
3186 3580 3394 3642 arguat.
3416 3570 3551 3628 Cum

1987 3687 2162 3731 autem
2197 3689 2354 3728 nemo
2393 3670 2522 3724 mibi
2555 3667 2757 3724 crimen
2807 3665 3003 3720 oll'erre
3043 3664 3244 3731 possit,
3268 3676 3441 3730 neque
3485 3663 3555 3718 de

1985 3768 2250 3833 doctrina,
2276 3779 2454 3832 neque
2485 3763 2552 3816 de
2573 3759 2826 3829 operibus
2851 3773 2880 3812 a
2909 3771 2992 3810 me
3016 3755 3200 3821 editis,
3223 3753 3344 3824 jure
3367 3752 3552 3808 Domi-

1985 3876 2088 3916 nus
2119 3859 2328 3928 adjutor
2368 3855 2496 3908 mihi
2531 3851 2720 3906 aderit.

2061 3952 2222 4007 Vens.
2252 3949 2305 4004 8.
2343 3967 2361 4000 ι
2401 3947 2532 4014 Quia
2561 3945 2712 4014 juxta
2753 3951 2836 3999 est
2863 3942 2952 4012 qui
2990 3939 3256 4010 justiﬁeat
3291 3953 3395 3993 me.
3423 3936 3554 4004 Quis

1984 4044 2177 4109 estqui
2215 4040 2386 4106 litiget
2409 4035 2657 4090 meeum?
2685 4043 2790 4086 stet
2811 4042 3000 4088 contra
3031 4047 3115 4085 me
3146 4028 3325 4084 simul.
3348 4029 3410 4082 Et
3433 4028 3556 4097 quis

1985 4143 2066 4190 est
2095 4135 2183 4203 qui
2219 4133 2392 4202 litiget
2435 4144 2643 4183 mecum
2668 4129 2692 4180 ’ί
2716 4128 2936 4181 accedat
2964 4127 3029 4178 ad
3063 4139 3168 4180 me.
3199 4141 3220 4176 ι
3255 4121 3387 4174 Nam
3417 4121 3554 4174 ulci-

1985 4237 2186 4287 scente,
2218 4224 2411 4288 inquit,
2435 4224 2540 4275 Deo
2583 4228 2636 4273 et
2669 4221 2852 4282 Patre,
2897 4230 3218 4282 omnemque
3250 4212 3551 4266 molestiam

1985 4330 2014 4368 a
2048 4315 2197 4367 vobis
2225 4313 2424 4365 illatam
2454 4309 2752 4372 auferente,
2784 4319 3067 4374 meamque
3093 4304 3315 4374 gloriam
3345 4301 3547 4356 consti-

1917 4434 1959 4488 D
1991 4414 2193 4468 tuente,
2225 4405 2346 4472 quis
2383 4403 2435 4455 in
2467 4403 2616 4455 vobis
2645 4401 2770 4462 erit,
2812 4399 2899 4467 qui
2938 4394 3252 4450 immutabili
3275 4395 3388 4456 ejus
3419 4407 3550 4445 cou-

1991 4498 2111 4555 silio
2158 4507 2212 4550 et
2262 4495 2521 4548 voluntati
2561 4493 2825 4547 obsistere
2865 4489 3071 4551 valeat,
3108 4498 3161 4540 et
3194 4485 3308 4551 ejus
3353 4485 3555 4538 auxilio

1991 4591 2249 4645 fruentem
2281 4585 2593 4656 opprimat?
2630 4585 2810 4654 Itaque
2841 4582 2885 4635 si
2921 4584 3008 4650 qui
3052 4581 3102 4633 in
3145 4573 3452 4632 Scribarum
3501 4589 3554 4632 et

1992 4680 2379 4735 Pbarisazorum
2413 4691 2572 4746 grege
2613 4676 2898 4745 prudentes
2915 4671 3154 4724 homines
3187 4669 3432 4731 fuissent,
3461 4667 3554 4721 ab-

1988 4774 2248 4829 stitissent
2277 4773 2459 4841 utique
2477 4787 2504 4822 a
2532 4766 2978 4822 machinamentis
2997 4773 3052 4817 et
3072 4761 3558 4829 conspirationibus

1988 4873 2248 4922 adversus
2277 4880 2396 4918 eum
2439 4861 2718 4924 conﬂatis;
2757 4874 2879 4912 cum
2925 4865 3235 4912 sanctorum
3269 4859 3556 4924 prapbeta-

1989 4973 2104 5010 rmn
2163 4955 2468 5010 testimonio
2504 4952 2888 5021 prospicerent,
2929 4961 2988 5001 se
3025 4963 3128 5000 non
3167 4961 3323 5016 posse
3365 4945 3556 4998 hedera

1985 5049 2277 5110 Christum,
2302 5047 2391 5115 qui
2428 5045 2564 5100 Deus
2592 5053 2645 5097 et
2669 5043 2938 5108 Dominus,
2969 5055 3030 5095 ac
3066 5055 3222 5094 verus
3259 5037 3432 5092 Patris
3463 5036 3552 5090 Fi-

1987 5139 2089 5193 lius
2126 5148 2288 5193 esset.
3195 5187 3209 5209 ,

2059 5229 2221 5283 \‘sns.
2253 5229 2308 5284 9.
2353 5248 2372 5281 ι
2417 5229 2554 5284 Ecce
2611 5228 2870 5284 Dominus
2912 5225 3167 5281 Dominus
3210 5220 3556 5276 auxiliabitur

1990 5320 2121 5375 mihi
2157 5338 2170 5374 :
2212 5320 2332 5389 quis
2376 5319 2532 5374 lazdet
2567 5335 2652 5372 me
2695 5318 2718 5370 ?
2751 5317 2889 5373 Ecce
2930 5333 3023 5371 vos
3064 5330 3252 5370 omnes
3299 5324 3551 5382 tanquam

1993 5413 2368 5468 vestimentum
2412 5413 2772 5475 veterascetis,
2819 5421 2871 5464 et
2917 5410 3058 5465 tinea
3103 5409 3349 5464 comedet
3383 5421 3495 5463 vos.
3524 5425 3547 5460 ι

1991 5506 2152 5573 Queis
2182 5506 2445 5575 significat
2494 5503 2874 5574 antiquandam
2922 5503 3034 5559 fore
3083 5517 3393 5572 corporeum
3433 5499 3548 5556 cui-

1993 5606 2101 5654 tum
2146 5617 2160 5654 :
2212 5595 2467 5669 quidquid
2509 5595 2651 5650 enim
2686 5597 2998 5669 antiquatur
3030 5605 3084 5652 et
3133 5593 3400 5660 senescit,
3431 5591 3548 5649 rui-
