4108 6204
523 194 629 250 ειίό

1186 188 1454 246 EUSEBII
1494 190 1978 248 CAESABIENSIS
2027 190 2168 247 DPP.
2209 189 2387 246 PARS
2424 189 2512 245 Ill.
2570 219 2618 232 -
2659 187 3071 245 EXEGETICA.

3631 180 3742 238 444

521 332 604 371 nte
623 314 917 384 proximum
949 321 1053 367 est.
1090 311 1195 369 Per
1231 316 1428 369 tineam
1455 330 1582 370 vero
1616 316 1759 384 ipsos
1793 317 2072 372 comeden-

2194 314 2387 385 napoﬁ.
2423 314 2565 382 Σῆτα
2607 313 2664 366 δὲ
2711 314 2804 366 καλ⁵
2836 312 2928 365 τὸν
2978 306 3492 379 καταϐιϐρώσκοντα
3542 297 3741 367 αὐτοὺς

522 417 651 468 tem,
683 403 1060 460 conscientiam
1099 403 1358 458 scelerum
1386 406 1455 460 ab
1488 407 1617 474 ipsis
1654 416 2081 477 perpetratorum

518 498 804 569 signiﬁcat,
836 510 952 564 qua:
994 495 1162 548 instar
1188 498 1385 551 vermis
1424 497 1657 551 animam
1701 499 1912 552 exedet.
1945 497 2084 552 Gen-

518 590 648 641 timn
673 587 863 655 quippe
879 585 1280 639 conversionem
1300 586 1363 639 ad
1386 584 1572 653 Deum,
1597 601 1657 640 ac
1679 587 1906 651 ruinam,
1926 603 2084 657 quant

519 676 812 744 impietatis
844 690 953 729 suae
977 676 1147 743 {causa
1188 675 1579 743 sustinuerunt,
1607 677 2021 748 conSpicientes,
2055 694 2083 733 a

518 766 847 820 conscientia
871 766 1212 821 stimulantur
1237 778 1289 823 et
1321 769 1658 827 devorantur.

590 857 752 911 Vens.
784 859 869 912 10.
895 878 911 909 ι
935 858 1062 925 Quis
1085 870 1168 913 est
1199 860 1254 914 in
1286 861 1439 915 vobis
1463 861 1550 929 qni
1583 863 1735 916 timet
1769 862 2085 916 Dominum?

520 945 704 1001 audiat
730 962 911 1001 vocem
953 950 1098 1016 pueri
1131 949 1265 1019 ejus.
1321 950 1666 1006 Ambulanles
1718 951 1772 1004 in
1832 950 2083 1017 tenebris,

519 1048 576 1094 et
611 1054 714 1093 non
747 1049 828 1093 est
861 1040 939 1095 eis
970 1040 1080 1104 lux,
1126 1042 1379 1096 confidite
1416 1043 1467 1096 in
1503 1045 1721 1097 nomine
1766 1043 2002 1109 Domini,
2035 1056 2088 1099 et

522 1130 811 1185 innitimini
846 1130 971 1185 Deo.
1003 1152 1021 1183 ι
1048 1132 1229 1203 Neque
1263 1136 1403 1189 enim
1436 1135 1555 1189 volo
1581 1145 1804 1189 mortem
1837 1144 2088 1204 peccato-

522 1225 620 1286 ris,
645 1222 784 1277 sicut
816 1224 1182 1290 paenitentiam
1227 1226 1364 1294 ejus.
1390 1226 1569 1292 Quare
1605 1228 1764 1280 etiam
1812 1242 1952 1281 nunc
1996 1241 2088 1281 vos

517 1322 707 1373 evoco,
736 1310 825 1378 qui
875 1310 928 1363 in
963 1310 1201 1366 tenebris
1249 1314 1564 1381 ignorantia:
1612 1314 1921 1368 versamini.
1956 1313 2088 1368 Cum

522 1410 700 1453 autem
726 1416 946 1468 puerum
975 1401 1065 1455 Dei
1084 1418 1201 1457 sese
1224 1414 1519 1471 nuncupat,
1546 1404 1944 1473 intelligendum
1964 1419 2091 1474 pra:-

522 1490 635 1552 bet,
662 1506 740 1554 se,
769 1491 859 1560 qui
890 1494 1048 1545 homo
1072 1493 1247 1548 factus
1268 1506 1369 1559 est,
1395 1511 1577 1549 verum
1606 1496 1693 1550 Dei
1715 1508 1767 1550 et
1786 1496 1957 1552 Patris
1988 1499 2080 1552 lili-

524 1597 611 1634 um
628 1598 745 1638 esse
762 1602 775 1637 :
794 1585 936 1653 quod
960 1601 1086 1640 vero
1104 1602 1202 1641 vox
1225 1587 1340 1654 ejus
1353 1590 1614 1642 audienda
1643 1590 1800 1652 foret,
1820 1590 1871 1643 id
1891 1606 2089 1661 nequa-

523 1689 682 1740 quam
713 1675 842 1743 legis
872 1679 1228 1747 transgressio
1263 1688 1398 1744 eral,
1442 1680 1536 1733 sed
1569 1679 1911 1735 cenlirmatio
1934 1659 2088 1753 legis,
2121 1659 2161 1713 Β

521 1780 642 1833 quae
666 1782 760 1834 per
795 1768 1016 1835 liguram
1047 1778 1099 1822 et
1128 1771 1394 1833 umbram,
1435 1770 1716 1826 veritatem
1747 1771 2087 1828 delineabat:

523 1871 641 1923 qua:
668 1867 746 1910 est
769 1857 879 1927 ipse
913 1858 1047 1913 Deus
1075 1869 1129 1914 et
1151 1859 1267 1930 ejus
1294 1861 1561 1915 vaticinia.

594 2038 756 2093 Vens.
788 2040 870 2092 ll.
911 2056 928 2089 ι
960 2037 1097 2092 Ecce
1134 2052 1228 2093 vos
1252 2053 1437 2093 omnes
1470 2039 1647 2109 ignem
1683 2039 2001 2105 accenditis,
2037 2046 2091 2094 et

522 2132 882 2186 corroboratis
930 2130 1193 2182 ﬂannnam
1234 2148 1247 2183 :
1285 2129 1552 2185 ambulate
1600 2130 1652 2184 in
1706 2130 1907 2184 lumine
1955 2130 2091 2199 ignis

523 2222 688 2275 vestri
727 2229 781 2275 et
826 2221 878 2274 in
915 2218 1125 2272 ﬂamma
1154 2234 1312 2287 quam
1343 2220 1718 2274 succendistis.
1753 2219 1980 2287 Propter
2006 2233 2091 2272 me

523 2312 665 2367 facta
702 2321 825 2368 sunt
849 2314 961 2368 haec
988 2313 1158 2375 vobis,
1184 2322 1238 2367 et
1274 2312 1323 2365 in
1354 2325 1584 2365 mterore
1615 2312 1914 2367 dormietis.
1941 2331 1959 2363 ι
1988 2309 2089 2365 So-

521 2404 633 2459 lum
658 2405 917 2471 accedite,
957 2416 1011 2460 et
1039 2404 1270 2466 obedite,
1297 2417 1360 2456 ac
1384 2403 1607 2457 salutem
1645 2402 1913 2472 pollicenti
1940 2401 2091 2457 vobis

524 2496 746 2550 credite.
776 2494 899 2559 Sed,
938 2504 996 2548 ut
1032 2494 1207 2556 video,
1227 2507 1321 2546 vos
1351 2492 1418 2546 ab
1454 2494 1599 2545 omni
1632 2492 1770 2546 bona
1800 2506 1893 2559 spe
1921 2490 2092 2545 seclu-

524 2589 701 2653 sistis,
742 2597 976 2642 vestrum
1007 2596 1185 2641 autem
1214 2585 1388 2653 ignem
1424 2584 1631 2655 augetis
1665 2594 1718 2637 et
1748 2585 2011 2638 roboratis
2036 2583 2089 2637 in

524 2681 904 2736 incredulitate
926 2689 1125 2745 vestra,
1157 2687 1211 2733 et
1238 2679 1288 2732 in
1322 2677 1669 2746 blasphemiis
1693 2677 1890 2731 vestris
1914 2692 2094 2746 perse-

525 2764 797 2841 verantes,
844 2772 1101 2841 illumque
1143 2770 1331 2825 aeterni
1368 2768 1609 2839 supplicii
1658 2768 1833 2838 ignem
1877 2770 1965 2836 qui
2000 2783 2093 2822 vos

525 2876 823 2937 eXSpectat,
859 2867 1029 2935 magis
1076 2864 1349 2934 magisque
1399 2861 1714 2925 accenditis,
1748 2860 2091 2930 quamobrem

2183 404 2280 475 τὴν
2312 405 2611 475 συνείδησιν
2647 398 2718 457 ὧν
2753 404 3115 474 τετολμήκασι
3146 399 3313 470 δηλοῖ,
3350 399 3500 469 δίκην
3532 397 3739 468 σκώλη-

2183 512 2278 557 κος
2339 492 2726 563 κατεσθιούσης
2778 493 2877 564 τὴν
2921 493 3117 563 ψυχήν.
3179 489 3443 561 Ὀρῶντες
3490 487 3595 558 γὰρ
3644 488 3742 557 τὴν

2182 584 2289 637 τῶν
2342 583 2508 637 ἐθνῶν
2553 584 2688 655 πρὸς
2726 584 2853 637 Θεὸν
2893 582 3242 655 ἐπιστροφὴν,
3276 581 3369 635 καὶ
3412 578 3511 650 τὴν
3543 577 3745 630 ἑαυτῶν

2185 675 2518 738 ἀπόπτωσιν,
2578 676 2643 745 ἢν
2684 675 2976 744 ὑπέμειναν
3009 672 3094 726 διὰ
3142 672 3237 736 τὰς
3266 670 3517 732 ἀσεϐείας
3543 667 3744 728 αὑτῶν,

2188 766 2403 836 ὑπὸτῆς
2434 766 2787 835 συνειδήσεως
2815 763 3199 834 τιτρώσκονται
3225 765 3317 817 καὶ
3346 760 3742 816 κατεσθίονται.

2259 878 2278 911 ι
2316 858 2408 921 Τίς
2429 858 2485 911 ὲν
2507 860 2632 927 ὑμῖν
2655 859 2682 910 ό
2705 856 3032 926 φοϐούμενος
3058 856 3147 909 τὸν
3177 855 3377 927 Κύριον
3401 873 3416 920 ;
3444 851 3752 907 ὑπακουσά-

2184 966 2261 1001 τω
2307 949 2406 1019 τῆς
2440 947 2622 1017 φωνῆς
2646 945 2739 999 τοῦ
2776 945 2963 1008 παιδὸς
2995 945 3179 1000 αὑτοῦ.
3212 947 3274 999 Ol
3302 944 3655 1015 πορευόμενοι
3692 943 3751 993 ὲν

2189 1040 2387 1105 σκότει,
2414 1040 2506 1092 καὶ
2540 1040 2638 1091 οὐκ
2664 1038 2809 1091 ἔστιν
2841 1037 3022 1100 αὐτοῖς
3050 1038 3190 1106 φῶς,
3220 1036 3512 1099 πεποίθατε
3552 1034 3644 1086 ἐπὶ
3672 1032 3752 1104 τῷ

2187 1132 2405 1202 ὀνόματι
2432 1130 2655 1202 Κυρίου,
2706 1132 2799 1183 καὶ
2839 1127 3285 1200 ἀντιστηρίσασθε
3316 1126 3407 1178 ἐπὶ
3448 1126 3524 1196 τῷ
3552 1123 3687 1194 Θεῷ.
3726 1142 3746 1176 ι

2189 1224 2264 1278 Ού
2289 1221 2396 1292 γὰρ
2428 1220 2681 1291 βούλομαι
2706 1220 2795 1273 τὸν
2818 1219 3044 1274 θάνατον
3069 1216 3159 1270 τοῦ
3189 1212 3533 1287 ἀμαρτωλοῦ,
3552 1214 3626 1277 ὼς
3653 1212 3754 1284 τὴν

2191 1314 2477 1385 μετάνοιαν
2509 1311 2693 1367 αὑτοῦ.
2728 1311 2887 1365 Ὅθεν
2918 1311 2997 1362 ἔτι
3038 1310 3132 1363 καὶ
3164 1307 3258 1361 νῦν
3291 1308 3433 1377 ὑμᾶς
3455 1305 3755 1360 ἀνακαλοῦ-

2192 1420 2307 1472 μαι,
2336 1404 2393 1455 ὲν
2421 1402 2496 1472 τῷ
2524 1402 2623 1471 τῆς
2652 1400 2870 1469 ἀγνοίας
2902 1401 3074 1470 σκότῳ
3102 1398 3481 1468 τυγχάνοντας.
3534 1395 3754 1450 Ἑαυτὸν

2188 1495 2245 1547 δὲ
2295 1495 2458 1547 παῖδα
2501 1493 2634 1546 Θεοῦ
2687 1493 2880 1561 λέγων,
2922 1492 3104 1563 ἐφίησι
3133 1494 3290 1555 νοεῖν,
3325 1490 3427 1552 ὅτι,
3472 1487 3755 1559 ἄνθρωπος

2191 1587 2447 1657 γεγονὼς,
2482 1587 2592 1650 υἱός
2626 1589 2770 1640 ἐστιν
2802 1585 3051 1656 ἀληθινὸς
3089 1584 3181 1637 τοῦ
3218 1582 3348 1637 Θεοῦ
3388 1582 3479 1635 καὶ
3502 1581 3713 1652 Πατρός
3737 1597 3753 1611 ο

2189 1682 2283 1739 καὶ
2307 1680 2367 1733 τὸ
2393 1681 2621 1735 ἀκοῦσαι
2648 1681 2746 1749 τῆς
2767 1678 2927 1730 αὐτοῦ
2953 1678 3134 1747 φωνῆς
3167 1678 3226 1729 ού
3261 1675 3424 1745 νόμου
3448 1672 3758 1744 παράϐασις

2187 1769 2276 1846 ἦν,
2306 1774 2441 1828 ἀλλά
2480 1772 2765 1843 βεϐαίωσις
2794 1771 2979 1841 νόμου,
3012 1769 3098 1823 διὰ
3130 1769 3298 1820 τύπου
3326 1768 3417 1819 καὶ
3443 1768 3601 1828 σκιᾶς
3626 1781 3759 1835 προ-

2190 1869 2589 1939 αναγράφοντος
2611 1868 2708 1937 τὴν
2731 1863 2985 1934 ἀλήθειαν
3005 1903 3019 1929 ,
3044 1862 3162 1932 ἥτις
3188 1861 3332 1914 ἐστὶν
3357 1861 3385 1913 ό
3409 1858 3539 1921 Θεὸς
3567 1858 3661 1912 καὶ
3689 1856 3758 1910 τά

2190 1961 2353 2016 αὑτοῦ
2386 1960 2749 2029 θεσπίσματα.

2265 2071 2284 2104 ι
2331 2052 2459 2106 Ἰδοὺ
2490 2052 2691 2114 πάντες
2719 2052 2874 2122 ὑμεῖς
2914 2049 3024 2123 πῦρ
3051 2066 3252 2113 κα.ετε,
3295 2065 3389 2101 και
3435 2044 3759 2115 κατισχύετε

2191 2142 2391 2212 φλόγα·
2429 2142 2726 2213 πορεύεσθε
2756 2140 2832 2210 τῷ
2869 2141 3007 2209 φωτὶ
3047 2139 3139 2193 τοῦ
3170 2138 3342 2209 πυρὸς
3365 2136 3537 2207 ὑμῶν,
3565 2135 3657 2189 καὶ
3689 2138 3759 2205 τῇ

2191 2233 2348 2302 φλογὶ
2441 2232 2791 2298 ὲξεκαύσατε.
2824 2232 2900 2284 Δι’
2922 2231 3025 2302 ἐμὲ
3057 2230 3269 2299 ἐγένετο
3298 2228 3469 2282 ταῦτα
3496 2229 3639 2297 ὑμῖν,
3662 2226 3761 2278 καὶ

2192 2328 2249 2379 ἐν
2274 2325 2418 2397 λύπῃ
2451 2323 2868 2395 κοιμηθήσεσθε.
2908 2344 2927 2375 ι
2959 2324 3132 2376 Μόνον
3164 2322 3346 2392 ἥκετε,
3386 2320 3479 2374 καὶ
3518 2316 3763 2372 ὑπακού-

2192 2433 2341 2481 σατε,
2382 2407 2830 2485 ἐπαγγελλομένῳ
2858 2432 2915 2467 τε
2952 2413 3077 2484 ὑμῖν
3103 2412 3373 2483 σωτηρίαν
3412 2408 3757 2463 πιστεύσατε.

2204 2508 2338 2563 Ἀλλ’
2366 2508 2441 2571 ὼς
2479 2507 2609 2578 ὁρῶ,
2660 2506 2837 2577 πάσης
2886 2505 2982 2575 μὲν
3024 2503 3233 2573 ἀγαθῆς
3279 2501 3490 2565 ἐλπίδος
3538 2499 3762 2563 ἑαυτοὺς

2191 2600 2524 2665 ἀποκλείετε,
2549 2600 2609 2652 τὸ
2628 2598 2684 2652 δὲ
2707 2598 2885 2651 αὐτῶν
2916 2597 3024 2669 πῦρ
3059 2595 3320 2668 σωρεύετε
3355 2594 3450 2648 καὶ
3486 2593 3762 2663 κατισχύει

2190 2710 2249 2746 τε
2280 2695 2347 2763 τῇ
2381 2690 2586 2744 ἑαυτῶν
2610 2690 2957 2761 ἐπιμένοντες
2986 2688 3210 2758 ἀπιστίᾳ
3233 2687 3324 2740 καὶ
3344 2687 3463 2748 ταῖς
3484 2686 3603 2737 κατ’
3625 2682 3760 2754 ἐμοῦ

2194 2780 2582 2851 βλασφημίαις,
2608 2780 2700 2832 καὶ
2728 2778 2788 2831 τὸ
2815 2776 3103 2848 περιμένον
3132 2776 3274 2845 ὑμᾶς
3302 2773 3400 2843 τῆς
3426 2771 3640 2825 αἰωνίου
3668 2787 3760 2823 κο-

2192 2874 2400 2937 λάσεως
2426 2873 2535 2944 πῦρ
2565 2870 2820 2943 μειζόνως
2844 2869 3194 2934 ἐξάπτοντες·
3219 2868 3298 2921 διὸ
3337 2867 3430 2920 καὶ
3463 2885 3481 2919 t
3532 2867 3587 2918 ὲν
3617 2863 3762 2937 λύπῃ

532 2976 555 3011 ι
588 2958 641 3012 in
674 2972 902 3012 mterore
950 2955 1259 3019 dormietis;
1299 2971 1318 3005 ι
1361 2953 1474 3008 sive
1503 2951 1797 3007 secundum
1850 2950 2094 3021 Symma-

2199 2964 2598 3036 κοιμηθήσεσθε
2620 2980 2633 2993 ·
2678 2982 2697 3016 ι
2732 2962 2765 3033 ἢ
2799 2962 2939 3017 κατά
2982 2961 3072 3015 τὸν
3102 2959 3417 3030 Σύμμαχον,
3457 2976 3475 3010 ι
3510 2959 3569 3011 ὲν
3603 2956 3760 3026 ὀδύνῃ

529 3049 711 3112 chum,
748 3066 767 3100 ι
810 3048 863 3102 in
896 3048 1081 3102 dolore
1113 3045 1411 3101 dormietis.
1448 3063 1467 3096 ι

1114 3156 1342 3211 CAPUT
1384 3156 1468 3211 LI.

602 3274 760 3330 Vens.
786 3273 1092 3337 LtAudite,
1114 3272 1201 3340 qui
1224 3270 1604 3341 persequimini
1626 3269 1978 3338 quodjnstum
1995 3279 2097 3335 est,

527 3376 583 3421 et
611 3369 699 3437 qui
732 3367 973 3436 quaeritis
1024 3364 1327 3420 Dominum.
1366 3381 1383 3416 ι
1429 3363 1563 3430 Quia
1615 3363 1833 3418 immani
1875 3364 2098 3417 stultitia

527 3459 783 3514 obcaecati
811 3456 1113 3511 Judaeorum
1146 3456 1324 3525 populi
1368 3457 1707 3527 unigenitum
1736 3456 1827 3512 Dei
1866 3456 2098 3512 Verbum

530 3551 584 3605 in
620 3550 785 3604 forma
837 3560 1044 3615 nostra,
1080 3549 1131 3603 id
1161 3558 1244 3605 est
1282 3549 1550 3604 hominem
1586 3550 1785 3603 factum
1833 3550 2098 3613 videntes,

528 3643 643 3709 ejus
672 3642 981 3712 mysterium
1011 3656 1113 3696 non
1141 3640 1511 3694 intellexerunt
1543 3641 1671 3697 :sed
1697 3642 1929 3696 amentia
1954 3640 2101 3695 ducti

528 3749 644 3799 sua,
670 3735 980 3803 plerumque
1016 3733 1186 3801 ipsum
1217 3732 1542 3799 blasphemis
1564 3732 1724 3785 dictis
1765 3731 2103 3800 impudenter

529 3826 868 3879 incessebant
902 3842 916 3878 :
950 3839 1095 3887 nam,
1131 3833 1187 3876 ut
1212 3822 1371 3890 paulo
1397 3830 1521 3875 ante
1549 3822 1952 3888 dixi,eximiam
1985 3820 2099 3890 glo-

529 3920 664 3970 riam
715 3927 767 3971 et
820 3917 1072 3971 virtutem
1125 3930 1275 3970 suam
1332 3913 1459 3983 ipsis
1511 3914 1793 3984 perspicue
1842 3913 2099 3977 declarat,

528 4016 687 4077 atque
724 4022 907 4064 eorum
960 4007 1217 4077 quosdam
1255 4024 1322 4062 ne
1361 4023 1418 4061 se
1441 4007 1587 4076 parvi
1620 4006 1972 4069 aestimarent,
2009 4005 2102 4059 de-

528 4106 694 4154 terret
738 4100 822 4155 his
870 4100 1069 4164 verbis,
1107 4118 1125 4151 ι
1163 4099 1425 4154 Conlidite
1474 4099 1525 4153 in
1577 4098 1835 4164 Domino;
1876 4117 1893 4149 ι
1948 4114 2104 4167 aper-

529 4193 735 4247 tissime
772 4193 932 4263 igitur
960 4208 1018 4247 se
1051 4192 1331 4246 Dominum
1363 4202 1416 4247 et
1455 4192 1620 4245 Deum
1654 4206 1773 4245 esse
1806 4191 1955 4256 dicit,
1987 4190 2100 4259 qni,

527 4285 604 4337 uti
630 4285 739 4352 jam
767 4285 909 4350 dixi,
942 4285 1184 4338 homines
1214 4286 1469 4351 deterret,
1508 4300 1575 4339 ne
1615 4285 1679 4339 de
1718 4297 1776 4338 se
1815 4281 2102 4336 humiliore

2201 3056 2620 3129 κοιμηθήσεσθε.
2661 3074 2680 3108 ι

2696 3168 3087 3223 ΚΕΦΑΛΑῙΟΝ
3132 3168 3258 3220 NA'.

2275 3302 2293 3333 ι
2346 3283 2655 3347 Ἀκούσατε,
2690 3284 2738 3335 οἱ
2766 3282 3051 3343 διώκοντες
3074 3280 3131 3331 τὸ
3156 3278 3379 3342 δίκαιον,
3410 3277 3502 3331 καὶ
3540 3274 3769 3349 ζητοῦν·

2198 3392 2288 3437 τες
2306 3374 2396 3426 τὸν
2422 3374 2641 3446 Κύριον.
2675 3393 2691 3425 ι
2732 3372 2948 3441 Ἐπειδὴ
2972 3374 3034 3424 ἐκ
3065 3370 3261 3439 πολλῆς
3285 3369 3421 3437 ἄγαν
3438 3367 3769 3438 ἁϐελτηρίας

2199 3465 2249 3517 οἱ
2276 3464 2382 3516 τῶν
2417 3453 2679 3516 Ἰουδαίων
2707 3463 2863 3534 δῆμοι
2888 3461 2979 3514 τὸν
3008 3463 3265 3531 μονογενῆ
3298 3459 3390 3512 τοῦ
3424 3457 3555 3511 Θεοῦ
3593 3459 3768 3526 Λόγον

2199 3554 2431 3627 ὁρῶντες
2464 3556 2519 3606 ἐν
2554 3553 2678 3606 εῖδει
2722 3553 2797 3623 τῷ
2828 3552 2946 3606 καθ’
2978 3554 3146 3623 ἡμᾶς,
3187 3550 3431 3603 τουτέστι
3476 3550 3769 3620 γενόμενον

2200 3647 2502 3718 ἄνθρωπον,
2536 3646 2595 3698 ού
2629 3645 2875 3699 συνίεσαν
2915 3642 3012 3714 μὲν
3042 3642 3102 3695 τὸ
3134 3643 3217 3695 ἐπ’
3252 3641 3396 3713 αύτῷ
3432 3641 3726 3711 μυστήριον
3750 3656 3764 3670 ·

2200 3738 2581 3802 ἁσυνετοῦντες
2627 3737 2683 3790 δὲ
2729 3735 3051 3806 πλεισταχοῦ
3111 3732 3485 3805 παλιμφήμοις
3538 3730 3768 3783 ἐλύπουν

2203 3832 2405 3898 φωναῖς
2433 3828 2660 3891 ἀναιδῶς
2680 3846 2692 3858 ·
2728 3827 2976 3899 καθάπερ
3011 3826 3117 3898 γὰρ
3152 3826 3287 3896 ἔφην
3318 3823 3536 3895 ἀρτίως,
3565 3821 3766 3894 ἐναργῆ

2204 3923 2519 3992 καθίστησιν
2552 3921 2733 3981 αὐτοῖς
2766 3920 2863 3991 τὴν
2900 3916 3444 3989 σεμνοπρεπεστάτην
3474 3914 3635 3967 αὑτοῦ
3675 3915 3764 3966 δό-

2204 4014 2298 4079 ξαν
2329 4032 2387 4066 τε
2419 4015 2511 4066 καὶ
2540 4013 2785 4083 δύναμιν,
2818 4012 2912 4063 καὶ
2948 4011 3040 4063 τοῦ
3075 4009 3242 4081 μικρὰ
3270 4010 3482 4079 φρονεῖν
3509 4008 3593 4059 ἐπ’
3619 4004 3768 4075 αὐτῷ

2205 4103 2485 4176 βούλεσθαί
2514 4122 2662 4166 τινας
2686 4101 3030 4172 ἀποκομίζει,
3075 4100 3265 4167 λέγων,
3300 4118 3317 4149 ι
3344 4096 3640 4150 Πεποίθατε
3675 4095 3769 4147 ὲπὶ

2203 4197 2281 4267 τῷ
2298 4197 2500 4269 Κυρίῳ.
2547 4216 2565 4247 ι
2609 4195 3006 4266 Ἐναργέστατα
3034 4193 3096 4261 δὴ
3116 4188 3207 4247 οῦν
3232 4190 3434 4262 Κύριον
3458 4188 3646 4243 ἑαυτὸν
3674 4190 3770 4242 καὶ

2205 4289 2335 4343 Θεὸν
2364 4286 2498 4341 εἷναί
2524 4304 2707 4357 φησιν,
2731 4284 3099 4355 ἀποκομίζων,
3139 4283 3212 4346 ὡς
3245 4283 3399 4355 ἔφην,
3427 4283 3519 4336 τοῦ
3563 4300 3769 4353 χαμαι-

527 4377 688 4433 modo
734 4378 964 4431 sentiant
999 4386 1053 4430 et
1081 4377 1384 4445 loquantur.
1424 4391 1442 4425 ι
1488 4374 1761 4444 Respicite
1796 4375 1847 4428 in
1886 4374 2092 4427 firmam

2200 4375 2376 4436 πετῶς
2406 4375 2531 4444 περὶ
2563 4372 2724 4426 αὐτοῦ
2761 4371 3040 4441 βούλεσθαι
3086 4375 3299 4443 φρονεῖν
3330 4389 3389 4424 τε
3436 4373 3529 4425 καὶ
3570 4371 3767 4439 λέγειν.

525 4480 759 4538 petram,
793 4484 950 4538 quam
984 4469 1278 4529 excidistis,
1311 4482 1365 4525 et
1394 4473 1445 4525 in
1476 4471 1681 4525 foveam
1717 4469 1887 4532 lacus,
1930 4483 2089 4537 quam

526 4559 804 4616 eﬂodistis.
841 4579 861 4612 ι
894 4560 1114 4615 Videtur
1137 4562 1219 4616 his
1243 4562 1587 4617 subindicare
1623 4562 1765 4615 illam
1797 4562 1965 4629 ipsam
1996 4574 2092 4627 pe-

526 4658 666 4704 tram
691 4692 704 4715 ,
729 4667 847 4717 quae
879 4650 1173 4708 Salvatoris
1201 4668 1396 4722 corpus
1422 4655 1651 4724 excepit,
1683 4655 1734 4708 in
1759 4669 1860 4723 qua
1894 4651 2090 4722 Joseph

528 4740 839 4809 speluncam
867 4744 1144 4796 excavavit
1178 4741 1229 4795 in
1258 4758 1394 4798 novo
1426 4755 1775 4799 monumento
1804 4757 1922 4796 suo.

2204 4487 2223 4519 ι
2270 4466 2601 4536 Ἐμϐλέψατε
2635 4467 2713 4527 εἰς
2745 4465 2840 4535 τὴν
2878 4463 3101 4534 στερεὰν
3137 4466 3361 4536 πέτραν,
3399 4466 3464 4536 ἦν
3504 4465 3769 4536 ὲλατομή-

2198 4576 2345 4621 σατε,
2380 4559 2471 4611 καὶ
2498 4560 2577 4621 εἰς
2602 4558 2692 4609 τὸν
2724 4558 2942 4628 βόθυνον
2970 4560 3063 4613 τοῦ
3093 4560 3316 4622 λάκκου,
3358 4558 3415 4611 ὃν
3440 4557 3705 4628 ὠρύξατε.
3743 4576 3763 4610 ι

2198 4653 2412 4704 Ἔοικεν
2444 4651 2471 4702 ὁ
2490 4650 2643 4718 λόγος
2673 4650 2760 4703 διά
2781 4652 2985 4705 τούτων
3007 4652 3334 4706 αἰνίττεσθαι
3366 4650 3530 4721 αὐτὴν
3556 4651 3769 4720 ἐκείνην

2193 4742 2290 4812 τὴν
2320 4740 2381 4794 τὸ
2417 4740 2572 4810 σῶμα
2602 4741 2694 4793 τοῦ
2724 4743 2973 4814 Σωτῆρος
3013 4742 3414 4813 ὑποδεξαμένην
3442 4742 3668 4813 πέτραν,
3712 4743 3770 4800 ἐν

527 4827 608 4907 ﬁo
647 4834 842 4905 Ἰωσὴφ
876 4835 934 4887 τὸ
964 4836 1222 4908 σπήλαιον
1254 4836 1461 4910 ὤρυξεν
1504 4840 1562 4891 ὲν
1603 4836 1680 4908 τῷ
1722 4835 1888 4906 καινῷ
1930 4835 2099 4889 αὑτοῦ
2130 4836 2400 4908 μνημείῳ.

607 4948 762 5003 Vens.
797 4949 852 5001 2.
896 4965 914 5000 ι
946 4949 1279 5019 Respicitein
1300 4953 1570 5007 Abraham
1596 4961 1801 5022 patrem
1827 4950 2089 5020 veslrum,

528 5050 582 5095 et
604 5042 658 5095 in
691 5042 880 5097 Saram
913 5058 1031 5111 qua:
1069 5044 1351 5112 parturivit
1380 5059 1474 5098 vos
1508 5066 1520 5099 :
1554 5045 1675 5113 quia
1711 5062 1844 5101 unus
1882 5057 2017 5113 erat,
2049 5058 2102 5102 et

529 5133 711 5186 vocavi
738 5147 883 5198 eum,
915 5142 966 5187 et
1011 5130 1256 5186 benedixi
1288 5133 1368 5197 ei,
1398 5143 1451 5187 et
1476 5132 1633 5188 dilexi
1666 5148 1810 5197 eum,
1836 5144 1890 5189 et
1922 5137 2101 5190 multi-

2204 5032 2205 5035 η
2272 4973 2291 5006 ι
2341 4952 2677 5024 Ἐμϐλὲψατε
2709 4954 2787 5015 εἰς
2826 4951 3075 5023 Ἀϐραὰμ
3104 4949 3194 5005 τὸν
3225 4949 3435 5021 πατέρα
3468 4949 3641 5020 ὑμῶν,
3681 4950 3772 5002 καὶ

2198 5048 2275 5109 είς
2307 5046 2521 5116 Σάρραν
2539 5045 2634 5116 τὴν
2651 5043 2944 5096 ὠδίνουσαν
2981 5044 3124 5113 ὑμᾶς
3142 5060 3153 5071 ’
3187 5043 3267 5095 ὃτι
3300 5037 3378 5103 εἷς
3404 5037 3492 5111 ῆν,
3522 5040 3612 5093 καὶ
3639 5040 3765 5092 ἐκά-

2194 5135 2323 5189 λεσα
2354 5134 2537 5197 αὐτὸν,
2581 5134 2675 5185 καὶ
2716 5132 2988 5202 εὐλόγησα
3023 5132 3210 5194 αὐτὸν,
3248 5131 3340 5183 καὶ
3380 5131 3639 5200 ἠγάπησα
3673 5129 3769 5181 αύ-

530 5221 721 5291 plieavi
771 5239 912 5280 eum.
958 5243 976 5276 ι
1031 5224 1489 5291 Quemadmodum
1532 5225 1694 5295 igitur
1732 5226 1785 5279 in
1813 5227 2094 5295 {Abraham

2194 5227 2302 5290 τὸν,
2350 5227 2442 5279 καὶ
2494 5224 2767 5294 ὲπλήθυνα
2826 5224 3006 5279 αὐτόν.
3061 5243 3080 5276 ι
3132 5224 3337 5292 ’Ὥσπερ
3381 5216 3473 5275 οῦν
3527 5222 3621 5275 ἐπὶ
3677 5219 3765 5273 τὸν

532 5313 670 5383 feci,
698 5314 775 5368 sic
791 5329 859 5369 ne
879 5316 1171 5385 desperetis
1199 5332 1263 5372 ex
1287 5317 1386 5372 hac
1404 5326 1573 5385 petra,
1593 5332 1750 5385 quam
1775 5333 1869 5373 vos
1901 5319 2099 5374 excidi-

533 5404 653 5468 stis,
688 5407 971 5474 quamdam
1006 5408 1193 5464 salutis
1216 5422 1361 5479 spem
1395 5407 1642 5462 omnibus
1681 5409 1983 5464 horninibus
2016 5408 2095 5463 fu-

535 5504 709 5551 turam
734 5512 884 5565 esse;
911 5500 1049 5567 quod
1080 5501 1152 5553 illi
1180 5517 1283 5556 non
1310 5501 1551 5570 privandi
1583 5501 1690 5556 sint
1723 5501 1808 5555 illa
1827 5499 1894 5556 ad
1925 5500 2097 5556 Abra-

526 5591 658 5681 ham
696 5592 857 5659 tacta,
888 5602 940 5648 ct
995 5607 1087 5663 per
1116 5610 1200 5651 me
1242 5595 1489 5653 omnibus
1531 5594 1773 5667 statibus
1819 5610 1914 5665 per
1940 5594 2095 5668 hujus

2207 5316 2454 5388 Ἀϐραὰμ
2475 5316 2772 5387 πεποίηκα,
2804 5315 2975 5377 οὕτως
3006 5314 3080 5386 μὴ
3113 5310 3537 5382 ἀπογινώσκετε,
3572 5312 3646 5373 ὡς
3672 5308 3765 5363 καὶ

2200 5407 2308 5462 ἀπὸ
2330 5408 2429 5477 τῆς
2458 5409 2660 5479 πέτρας
2681 5407 2903 5478 ταύτης,
2934 5408 2999 5478 ῆν
3025 5407 3181 5476 ὑμεῖς
3203 5404 3351 5457 αὐτοὶ
3374 5402 3762 5475 ἐλατομήσατε,

2202 5500 2350 5553 ἔσται
2375 5517 2456 5562 τις
2486 5499 2639 5562 ἐλπὶς
2673 5498 2888 5568 ἀπάσης
2920 5496 3225 5567 ἀνθρώποις
3255 5495 3545 5566 σωτηρίας,
3579 5492 3653 5555 ὡς
3688 5492 3776 5562 μὴ.

2202 5591 2588 5663 ἀπολειφθῆναι
2618 5591 2713 5661 τῆς
2747 5590 2881 5662 πρὸς
2910 5589 3019 5649 τὸν.
3037 5589 3284 5661 Ἀϐραάμ
3307 5586 3634 5657 ἐπαγγελίας
3664 5584 3763 5656 τὴν
