4108 6204
374 242 494 309 ιω

1344 245 1845 303 ΟΟΜΜΕΝΤΑΒΙΑ
1880 248 1946 303 ΙΝ
1984 248 2236 303 ISAIAM.
2279 277 2345 288 —
2382 249 2535 306 CAP.
2575 250 2659 305 ιι.

3494 255 3607 315 “6

382 371 755 449 δοθησομένην
785 369 951 424 ἅπασι
979 371 1090 432 τοῖς
1113 368 1316 423 ἔθνεσιν
1340 371 1395 437 ἐξ
1418 370 1549 441 ἐμοῦ
1570 372 1654 424 διὰ
1685 373 1781 442 τῆς
1807 374 1945 445 εἰρη-

2048 382 2209 441 pctra:
2236 374 2457 442 gratiam
2488 375 2681 439 danda,
2718 374 3085 443 promissione.
3106 373 3259 431 Petra
3294 377 3467 448 itaque
3490 390 3610 438 erat

393 467 569 538 μένης
593 466 790 533 πέτρας
812 462 990 533 χάριν.
1024 457 1131 514 Ἦν
1170 462 1269 532 μὲν
1300 458 1390 515 οὖν
1411 464 1581 533 πέτρα
1612 465 1705 517 καὶ
1724 464 1784 516 τὸ
1808 468 1946 537 στι-ή-

389 558 549 611 λαιον
574 556 943 624 δ’ἐλατόμησεν
981 556 1009 606 ὁ
1046 553 1239 624 Ἰωσὴφ
1268 555 1347 617 είς
1370 558 1629 625 μνημεῖον
1648 572 1661 584 ·
1693 555 1824 608 ἀλλὰ
1857 558 1947 610 καὶ

395 649 488 700 τὸν
513 646 732 717 Χριστὸν
774 644 932 697 αὑτὸν
980 639 1116 697 οἶδεν
1157 647 1185 697 ὁ
1215 644 1355 707 θεῖος
1388 645 1699 709 Ἀπόστολος
1745 646 1945 717 πέτραν

397 740 693 809 ὀνομάζειν,
742 738 945 805 λέγων,
986 757 1004 789 ι
1051 736 1114 789 Ἦ
1166 738 1222 790 δὲ
1274 736 1445 807 πέτρα
1492 733 1558 807 ἦν
1586 738 1885 807 όΧριστός.
1923 757 1941 790 ι

381 830 619 900 ’Ἐπειδὴ
675 832 859 900 χεῖρας
912 827 1257 891 ἐπιϐαλόντες
1290 827 1350 880 τὸ
1398 828 1553 897 σῶμα
1582 826 1675 880 τοῦ
1715 829 1946 899 Χριστοῦ

394 922 725 992 ἐλωϐήσαντο
757 923 897 975 κατὰ
929 921 988 973 τὸ
1016 920 1186 983 πάθος
1217 921 1263 972 οἱ
1296 920 1387 973 τὸν
1416 920 1638 973 θάνατον
1662 920 1823 974 αὐτοῦ
1856 939 1947 974 τυ-

400 1014 698 1085 ρεύσαντες,
749 1014 976 1076 εἰκότως
1014 1013 1148 1084 πρὸς
1176 1012 1370 1075 αὐτοὺς
1400 1014 1607 1083 είρηται
1635 1012 1713 1078 τὸ,
1763 1030 1781 1064 ι
1818 1014 1945 1083 Ἐμ-

394 1106 614 1175 auem
640 1109 718 1168 είς
739 1105 836 1175 τὴν
868 1106 1091 1176 στερεὰν
1114 1105 1334 1176 πέτραν,
1362 1106 1426 1175 ἢν
1451 1104 1832 1175 ἐλατομήσατε,
1857 1105 1949 1158 καὶ

388 1199 465 1259 είς
496 1196 586 1248 τὸν
618 1196 837 1266 βόθυνον
890 1195 983 1249 τοῦ
1028 1196 1249 1261 λάκκου,
1292 1195 1349 1248 δν
1375 1194 1641 1265 ὡρύξατε.
1672 1214 1689 1246 ι
1725 1196 1948 1264 Μήποτε

380 1281 604 1351 βόθυνον
650 1283 853 1336 λάκκου
906 1284 1119 1354 ᾐνίξατο
1165 1285 1261 1355 τὴν
1306 1284 1602 1354 τρωθεῖσαν
1638 1283 1730 1337 τοῦ
1765 1282 1948 1354 σώμα-

382 1390 478 1436 τος
497 1373 662 1428 αὑτοῦ
692 1373 949 1445 πλευρὰν,
982 1375 1038 1441 ἐξ
1063 1371 1129 1446 ἧς
1150 1370 1285 1445 αἷμα
1308 1376 1401 1427 καὶ
1426 1372 1567 1445 ὕδωρ
1591 1373 1874 1445 προῆλθεν.

464 1574 485 1607 ι
518 1556 629 1607 Καὶ
657 1555 716 1607 σὲ
756 1554 848 1608 νῦν
886 1555 1265 1627 παρακαλέσω,
1290 1556 1445 1621 Σιὼν,
1472 1555 1566 1608 καὶ
1603 1555 1949 1625 παρεκάλεσα

386 1647 565 1700 πάντα
606 1646 673 1698 τὰ
706 1646 883 1716 ἔρημα
911 1648 1074 1718 αὐτῆς
1098 1665 1110 1676 ·
1159 1647 1252 1699 καὶ
1285 1646 1433 1718 θήσω
1463 1646 1531 1700 τά
1552 1646 1728 1717 ἔρημα
1780 1647 1949 1717 αύτῆς

2050 465 2158 527 illa,
2194 476 2247 517 et
2279 464 2551 532 Spelunca,
2591 480 2748 534 quam
2776 465 2969 534 Juseph
3006 468 3485 523 in'monumentum
3513 488 3609 525 ει-
3640 474 3641 479 “

2048 554 2273 609 cavavit.
2317 555 2387 607 At
2428 554 2698 608 Christum
2752 558 2910 610 etiam
2951 558 3157 612 divinus
3194 561 3475 627 Apostolus
3517 576 3613 632 pe-

2049 655 2182 699 tram
2224 646 2489 715 appellare
2522 649 2684 713 novit,
2724 648 2905 701 dicens
2930 648 2997 710 9",
3031 666 3049 697 ι
3090 647 3242 702 Petra
3272 663 3446 703 autem
3492 662 3611 709 erat

2049 737 2310 792 Christus.
2336 755 2354 788 ›
2377 736 2505 802 Quia
2532 738 2737 806 injectis
2764 740 3007 794 manibus
3033 756 3223 808 corpus
3246 739 3441 796 Christi
3475 754 3609 797 tem-

2048 842 2176 895 pore
2224 828 2491 894 passionis
2521 828 2905 892 deformarunt,
2946 833 3031 898 qui
3068 843 3290 885 mortem
3331 832 3444 900 ejus
3489 851 3605 889 Ina-

2048 918 2244 972 chinati
2278 927 2421 983 sunt,
2450 920 2640 975 merito
2681 921 2877 975 dicitur
2910 923 3060 992 ipsis,
3084 942 3101 973 ι
3128 923 3395 992 Respicite
3429 929 3478 979 in
3518 928 3637 992 {ir-3

2048 1023 2185 1061 mam
2218 1018 2444 1078 petram,
2477 1024 2633 1078 quam
2686 1012 2981 1076 excidistis,
3011 1022 3063 1066 et
3108 1014 3158 1066 in
3202 1012 3404 1068 foveam
3438 1016 3605 1081 lacus,

2047 1113 2205 1167 quam
2228 1098 2506 1154 eﬂ‘odistis.
2540 1119 2557 1151 ι
2587 1101 2720 1155 Νιιιη
2751 1104 2909 1156 etiam
2937 1120 3029 1173 per
3057 1104 3261 1159 foveam
3292 1108 3440 1161 lacus
3469 1108 3607 1161 latus

2048 1190 2289 1258 corporis
2311 1192 2425 1259 ejus
2447 1190 2779 1247 vulneratum
2812 1195 3137 1261 subindicat,
3170 1212 3233 1251 ex
3264 1213 3368 1267 quo
3393 1201 3610 1270 sanguis

2046 1290 2100 1335 et
2126 1296 2261 1351 aqua
2302 1282 2663 1352 proﬂuxerunt
2697 1283 2718 1345 ξ

2122 1541 2280 1598 Vens.
2308 1545 2359 1599 5.
2385 1563 2404 1596 ‹
2436 1544 2500 1599 Et
2520 1556 2569 1600 te
2593 1563 2729 1602 nunc
2758 1548 3096 1614 consolabor.
3128 1552 3342 1617 Sion,et
3371 1556 3613 1612 consola-

2053 1640 2135 1686 tus
2160 1649 2275 1687 sum
2308 1637 2483 1690 omnia
2531 1640 2737 1693 deserta
2773 1641 2923 1708 ejus:
2953 1654 3004 1697 et
3028 1659 3219 1713 ponam
3259 1648 3464 1702 deserta
3497 1652 3612 1719 ejus

386 1735 463 1797 ὡς
495 1736 837 1805 παράδεισον,
871 1737 963 1789 καὶ
990 1736 1059 1789 τὰ
1091 1736 1226 1808 πρὸς
1252 1736 1458 1807 δυσμὰς
1486 1738 1653 1808 αὐτῆς
1679 1739 1753 1801 ὡς
1776 1740 1945 1809 παρά-

2051 1735 2299 1795 tanquam
2329 1730 2654 1796 paradisum,
2694 1743 2746 1785 et
2791 1749 2910 1802 qua:
2940 1745 3064 1788 sunt
3111 1738 3177 1790 ad
3218 1754 3466 1795 occasum
3495 1742 3611 1809 ejus

387 1824 564 1878 δεισον
598 1828 821 1898 Κυρίου.
863 1828 1207 1899 Εὐφροσύνην
1242 1830 1334 1881 καὶ
1359 1830 1664 1901 ἀγαλλίαμα
1689 1833 1947 1904 εὑρήσου-

390 1932 474 1969 σιν
503 1919 558 1969 ἐν
578 1918 733 1988 αὐτῇ,
757 1918 1134 1991 ἐξομολόγησιν
1158 1920 1251 1973 καὶ
1279 1921 1458 1993 φωνὴν
1481 1923 1754 1985 αἰνέσεως.
1789 1942 1805 1975 ι
1862 1926 1949 1988 Ὧς

392 2010 453 2061 ἐν
492 2008 790 2078 παραθέσει
821 2008 876 2061 δὲ
915 2009 1011 2079 τῆς
1061 2009 1223 2062 πάλαι
1261 2011 1489 2081 ἐχούσης
1520 2011 1609 2064 τὸν
1640 2011 1825 2083 ἄνδρα,
1854 2012 1950 2067 νῦν

388 2101 423 2169 ή
454 2100 514 2165 ἐξ
562 2099 729 2153 ἐθνῶν
798 2100 1086 2171 Ἐκκλησία
1146 2100 1307 2155 πάλιν
1368 2101 1569 2173 ἔρημος
1624 2102 1946 2175 ὠνομάσθη·

389 2189 580 2261 ῶσπερ
612 2186 703 2243 οὖν
741 2192 833 2244 καὶ
872 2193 1028 2257 αὐτὸς
1061 2196 1089 2247 ὁ
1128 2196 1412 2266 προφήτης
1439 2195 1701 2261 θεσπίζει,
1752 2197 1943 2267 λέγων’

392 2299 414 2334 ι
444 2282 788 2353 Εὐφράνθητι
840 2284 1043 2355 στείρα,
1069 2288 1101 2356 ή
1132 2287 1192 2338 ού
1218 2286 1472 2341 τίκτουσα
1504 2304 1517 2317 ·
1539 2288 1699 2358 ῥῆξον
1721 2290 1809 2342 καὶ
1825 2290 1949 2361 βόη-

391 2390 505 2434 σον,
533 2375 567 2442 ή
599 2373 695 2425 οὐκ
716 2373 975 2427 ὠδίνουσα
991 2393 1004 2407 ο
1033 2377 1112 2429 ὅτι
1128 2376 1297 2430 πολλά
1319 2377 1389 2430 τά
1415 2378 1576 2431 τέκνα
1596 2380 1693 2448 τῆς
1716 2380 1943 2450 ἐρήμου,

389 2461 594 2530 μᾶλλον
624 2462 656 2528 ἦ
689 2461 788 2532 τῆς
820 2463 1045 2535 ἐχούσης
1073 2465 1163 2519 τὸν
1202 2466 1390 2537 ἄνδρα.
1428 2485 1447 2518 ι
1486 2467 1581 2530 Τίς
1602 2467 1657 2521 δὲ
1682 2464 1748 2538 ἦν
1785 2472 1817 2539 ή
1858 2469 1947 2523 τὸν

389 2554 571 2625 ἄνδρα·
607 2553 803 2624 ἔχουσα
847 2557 959 2609 ἀλλ’
1010 2557 1043 2627 ἢ
1076 2559 1108 2628 ἡ
1150 2558 1212 2611 τὸ
1250 2558 1449 2629 βιϐλίον
1494 2559 1587 2612 τοῦ
1620 2560 1945 2615 ἀποστασίου

390 2646 731 2717 ποιησαμένη
749 2663 765 2711 ;

467 2754 489 2788 ι
535 2736 825 2790 Ἀκούσατέ
860 2755 979 2809 μου,
1015 2740 1281 2795 ἀκούσατέ
1308 2759 1429 2813 μου,
1458 2741 1583 2806 λαός
1616 2760 1737 2814 μου,
1772 2748 1864 2800 καὶ
1898 2747 1945 2799 οἱ

396 2824 654 2895 βασιλεῖς,
677 2827 812 2897 πρὸς
835 2829 903 2898 μέ
927 2830 1268 2883 ἐνωτίσασθε.
1299 2852 1320 2883 ι
1346 2832 1491 2885 Ἔδει
1514 2833 1620 2904 γὰρ
1636 2835 1804 2907 καινῷ
1835 2836 1947 2907 λαῷ

390 2918 485 2971 καὶ
515 2916 574 2981 ἐξ
600 2917 763 2971 ἐθνῶν
790 2921 1120 2991 στησομένῳ,
1150 2923 1243 2976 καὶ
1289 2923 1451 2995 νόμον
1496 2924 1711 2998 δοθῆναι
1744 2928 1943 3003 καινόν.

402 3010 464 3061 '0
500 3009 610 3079 γὰρ
640 3010 725 3063 διὰ
753 3011 992 3075 Μωσέως
1027 3012 1199 3078 δοθεὶς
1253 3014 1617 3088 ἀκατάλληλος
1651 3013 1718 3089 ἦν
1744 3022 1809 3090 τῇ
1839 3020 1945 3073 τῶν

2050 1823 2297 1885 tanquam
2329 1821 2630 1887 paradisum
2669 1822 2899 1879 Domini.
2928 1825 3186 1881 Laetitiam
3216 1839 3270 1883 et
3298 1832 3612 1888 exsultatio-

2047 1921 2167 1959 nem
2192 1907 2458 1962 invenient
2490 1910 2538 1962 in
2568 1925 2650 1974 ea,
2670 1912 3058 1969 confessionem
3084 1928 3138 1972 et
3168 1935 3352 1973 vocem
3382 1922 3603 1977 laudis.»

2047 1995 2209 2061 Quasi
2252 1998 2317 2049 ad
2356 1998 2641 2054 discrimen
2678 2002 2789 2069 ejus
2819 2020 2936 2073 qua:
2984 2005 3111 2059 olim
3159 2010 3328 2062 virum
3361 2011 3606 2077 habebat,

2047 2103 2187 2143 nunc
2222 2088 2456 2144 Ecclesia
2480 2107 2543 2145 ex
2579 2095 2824 2162 gentibus
2861 2096 3130 2151 desertum
3162 2100 3334 2155 denuo
3367 2114 3608 2168 vocatur,

2046 2182 2489 2249 quemadmodum
2518 2185 2656 2239 idem
2688 2188 2943 2255 propheta
2976 2192 3325 2248 vaticinatur:
3348 2195 3609 2262 «Laetare,

2047 2273 2261 2336 sterilis,
2286 2289 2407 2343 qua:
2430 2290 2532 2328 non
2574 2277 2717 2344 paris
2751 2295 2765 2331 :
2801 2294 3021 2348 erumpe
3051 2292 3103 2336 et
3134 2283 3324 2351 clama,
3361 2303 3477 2357 quae
3505 2304 3609 2343 non

2049 2364 2301 2432 parturis,
2330 2365 2452 2433 quia
2505 2367 2654 2421 multi
2690 2368 2781 2422 filii
2830 2370 3076 2437 desertae,
3114 2377 3282 2446 magis
3315 2392 3471 2445 quam
3498 2380 3613 2445 ejus

2047 2468 2163 2521 quae
2192 2454 2351 2509 habet
2382 2456 2573 2509 virum.
2597 2476 2616 2508 ι
2644 2457 2895 2522 Quaenam
2927 2472 3044 2515 erat
3075 2463 3157 2515 illa
3183 2480 3300 2533 quae
3320 2467 3490 2521 virum
3517 2468 3612 2524 ha-

2048 2541 2225 2607 bebat,
2262 2544 2361 2598 nisi
2394 2560 2511 2613 qua:
2549 2544 2787 2601 libellum
2818 2551 3023 2618 repudii
3048 2552 3263 2606 edidit?

2115 2719 2279 2774 Vsus.
2314 2721 2368 2774 4.
2396 2740 2413 2773 ι
2448 2724 2640 2777 Audite
2668 2740 2773 2789 me,
2817 2728 2995 2781 audite
3040 2744 3144 2793 me,
3187 2732 3375 2800 popule
3415 2733 3513 2800 mi,
3551 2743 3611 2792 et

2047 2824 2220 2880 reges,
2252 2810 2315 2865 ad
2345 2826 2427 2865 me
2449 2815 2728 2870 attendite.
2766 2836 2785 2870 ι
2827 2817 2974 2873 Novo
3013 2822 3151 2875 enim
3202 2824 3415 2893 populo,
3448 2842 3509 2881 ac
3538 2842 3607 2882 ex

2046 2902 2294 2969 gentibus
2325 2906 2701 2963 constituendo
2742 2924 2933 2965 novatn
2969 2913 3094 2967 dare
3121 2914 3291 2985 legem
3319 2906 3452 2985 opus
3470 2929 3606 2975 erat.

2046 2990 2178 3046 Nam
2200 3008 2317 3062 quae
2351 3009 2446 3062 per
2472 2995 2705 3067 Moysem
2734 3000 2853 3054 data
2887 3001 3079 3067 fuerat,
3105 3006 3339 3074 gentium
3369 3008 3610 3066 instituto

390 3070 560 3151 ἐθνῶν
582 3070 845 3172 πολιτείᾳ,
892 3070 1067 3156 πᾶσαν
1100 3070 1451 3177 περιγράφων
1488 3070 1944 3182 τὴν-σῶμαέτικὴν

2047 3083 2402 3154 incongruens
2433 3098 2566 3154 erat,
2603 3100 2783 3159 utpote
2811 3108 2929 3162 qua:
2957 3105 3121 3150 totum
3147 3114 3459 3169 corporeum
3491 3102 3606 3157 cul-

388 3189 687 3261 θρησκείαν
716 3193 791 3254 είς
822 3192 917 3246 ἕνα
954 3197 1113 3249 τόπον
1140 3200 1252 3261 τοῖς
1286 3198 1703 3273 Ἰεροσολύμοιςο
1756 3204 1944 3277 διόπερ

387 3283 699 3349 ἀναγκαίως
719 3285 1081 3355 αἰνιττόμενος
1103 3287 1200 3359 τὴν
1227 3289 1430 3360 Καινὴν
1454 3292 1748 3366 Διαθήκην,
1779 3296 1945 3349 καὶτὸ

387 3373 736 3440 εύαγγελικδν
758 3378 1013 3449 κήρυγμα
1039 3381 1253 3448 φάσκει,
1278 3398 1297 3433 ι
1328 3383 1448 3436 ’Ότι
1478 3386 1635 3457 νόμος
1661 3390 1788 3460 παρ’
1810 3389 1943 3460 ἐμοῦ

386 3463 759 3531 ἐξελεύσεται,
815 3469 905 3521 καὶ
947 3470 979 3541 ή
1026 3471 1204 3541 κρίσις
1248 3489 1344 3543 μου
1387 3475 1467 3538 είς
1513 3476 1627 3547 φῶς
1671 3478 1866 3533 ἐθνῶν·
1920 3500 1940 3533 ι

384 3555 551 3609 πάλιν
594 3557 823 3611 ἐνταῦθα
850 3560 963 3629 φῶς
998 3564 1111 3625 τοῖς
1160 3561 1366 3617 ἔθνεσιν
1402 3565 1841 3640 ὑπισχνούμενος,
1883 3571 1944 3626 ού

386 3647 500 3716 μὴν
526 3648 604 3717 τῷ
639 3649 868 3720 Ἰσραήλ.

466 3756 484 3787 ι
556 3738 787 3805 Ἐγγίζει
837 3740 972 3810 ταχὺ
1031 3743 1063 3813 ἠ
1135 3743 1446 3819 δικαιοσύνη
1500 3766 1639 3818 μου,
1696 3752 1789 3805 καὶ
1856 3754 1945 3820 ἐξ·

382 3827 683 3883 ελεύσεται.
704 3831 777 3894 ὼς
811 3831 923 3901 φῶς
952 3834 1011 3886 τὸ
1044 3835 1192 3907 Σωτή
1204 3838 1313 3908 ριόν
1345 3857 1444 3909 μου
1474 3842 1566 3893 καὶ
1591 3843 1670 3906 είς
1698 3843 1787 3897 τὸν
1817 3844 1949 3917 βρα-

382 3921 544 3991 χίονά
568 3940 667 3991 μου
691 3923 815 3993 ἔθνη
845 3925 1117 3981 ἐλπιοῦσιν
1135 3946 1148 3958 ο
1182 3930 1280 3999 ἐμὲ
1304 3932 1453 4003 νῆσοι
1478 3933 1823 4003 ὑπομενοῦσι,
1854 3937 1948 3989 καὶ

381 4012 469 4072 εἰς
504 4010 593 4063 τὸν
629 4011 883 4082 βραχίονά
918 4031 1015 4084 μου
1043 4014 1304 4071 ὲλπιοῦσι.
1342 4037 1360 4069 ι
1387 4021 1637 4091 Δευτεροῖ
1667 4022 1756 4073 τὸν
1794 4022 1949 4090 λόγον

380 4104 467 4164 είς
503 4101 787 4171 βεὸαίωσιν
822 4104 919 4175 τῆς
950 4106 1306 4175 ἐπαγγελίας*
1342 4108 1682 4181 δικαιοσύνης
1711 4110 1819 4182 γὰρ
1848 4131 1945 4166 πε-

380 4195 639 4266 πλήρωτο
670 4199 696 4268 ή
721 4198 851 4250 πᾶσι
887 4200 995 4261 τοῖς
1022 4199 1226 4252 ἔθνεσιν
1265 4200 1324 4265 ἐξ
1352 4200 1464 4255 ἴσου
1496 4202 1808 4276 δωρουμένη
1854 4206 1949 4275 χάο

384 4303 503 4357 ρις·
538 4286 692 4340 τοῦτο
730 4283 878 4357 δὲῆν
912 4289 940 4340 ὁ
968 4290 1199 4360 Χριστὸς
1225 4291 1317 4344 τοῦ
1353 4292 1508 4356 Θεοῦ,
1551 4294 1609 4347 ὃν
1644 4294 1819 4349 λαϐὼν
1852 4297 1951 4348 Συ-

2045 3185 2152 3231 tum
2170 3192 2273 3232 uno
2296 3178 2433 3242 loco,
2455 3183 2659 3236 scilicet
2680 3184 3079 3258 Hierosolymis,
3102 3191 3605 3252 circumscriberet:

2042 3278 2369 3339 quapropter
2418 3270 2622 3327 Novum
2682 3273 3077 3358 Testamentum
3124 3292 3180 3336 et
3246 3285 3607 3355 evangelicam

2042 3359 2474 3427 pmdicationem
2515 3364 2883 3428 subindicans,
2919 3370 3225 3423 necessario
3277 3373 3374 3438 ait,
3413 3392 3432 3425 ι
3472 3375 3607 3441 Quia

2044 3447 2129 3503 lex
2168 3464 2198 3502 a
2237 3464 2320 3504 me
2374 3454 2694 3521 egredietur,
2736 3467 2788 3511 et
2817 3458 3074 3527 judicium
3121 3476 3295 3515 meum
3342 3464 3394 3517 in
3426 3465 3601 3520 lucem

2044 3540 2311 3609 gentium;
2356 3559 2374 3593 ι
2407 3543 2491 3597 hic
2544 3560 2751 3601 rursum
2802 3548 2973 3603 lucem
3014 3552 3278 3620 gentibus,
3328 3570 3433 3611 non
3480 3573 3607 3615 vero

2044 3630 2222 3686 lsraeli
2258 3636 2597 3703 promittens.

2118 3726 2279 3781 Vens.
2307 3727 2361 3783 5.
2417 3748 2435 3780 ι
2483 3730 2892 3802 Appropinquat
2938 3735 3046 3789 cito
3089 3735 3299 3804 justitia
3347 3755 3460 3795 mea
3489 3780 3504 3805 ,
3552 3751 3607 3798 et

2046 3820 2347 3886 egredietur
2394 3824 2544 3889 quasi
2604 3823 2690 3878 lux
2728 3825 2972 3880 Salutare
3026 3843 3240 3895 meum,
3292 3840 3345 3884 et
3391 3832 3441 3885 in
3475 3833 3603 3887 bra-

2047 3911 2227 3965 chium
2270 3928 2444 3967 meum
2478 3926 2661 3983 gentes
2704 3919 2996 3986 sperabunt
3024 3934 3038 3973 :
3064 3934 3148 3974 me
3191 3923 3377 3978 insula:
3410 3939 3604 3995 exspe-

2046 4003 2304 4067 cmbunt,
2358 4015 2412 4059 et
2463 4006 2514 4059 in
2567 4007 2839 4062 brachium
2897 4025 3071 4063 meum
3122 4014 3432 4082 sperabunt.
3470 4034 3490 4067 ι
3525 4016 3605 4071 Ad

2049 4096 2420 4161 promissionis
2453 4098 2915 4154 confirmationem
2957 4104 3222 4171 promissa
3252 4107 3409 4160 iterat
3437 4126 3449 4161 :
3481 4124 3603 4163 nam

2042 4184 2263 4253 justitize
2291 4188 2441 4257 plena
2481 4200 2597 4243 erat
2631 4192 2804 4259 gratia
2853 4196 3103 4250 omnibus
3138 4198 3383 4266 gentibus
3424 4214 3604 4267 aequa-

2049 4277 2172 4333 liter
2200 4281 2514 4348 distributa;
2565 4298 2626 4337 ea
2659 4294 2777 4338 erat
2801 4285 3045 4342 Christus
3091 4288 3220 4352 Dei,
3267 4306 3423 4358 quem
3457 4294 3599 4346 acci-

383 4376 534 4447 μεὼν
561 4380 617 4431 ἐν
633 4377 895 4445 ἀγκάλαις
920 4380 1325 4451 ἀναγέγραπται
1346 4382 1579 4454 εἰρηκώς
1596 4425 1611 4449 ,
1635 4403 1652 4435 t
1678 4384 1791 4440 Νῦν
1814 4388 1945 4439 ἀπο-

2052 4372 2201 4440 piens
2256 4374 2487 4443 Symeon
2538 4375 2591 4428 in
2652 4376 2805 4430 ulnas
2853 4392 3015 4444 suas,
3073 4380 3273 4435 dixisse
3323 4382 3599 4448 scribitur,

378 4470 533 4533 λύεις
565 4470 657 4523 τὸν
690 4469 871 4523 δοῦλόν
902 4487 1016 4535 σου,
1042 4472 1305 4537 Δέσποτα,
1345 4475 1424 4528 ὃτι
1452 4470 1591 4529 εἶδον
1612 4478 1659 4530 οί
1682 4477 1942 4549 ὀφθαλμοί

380 4578 487 4632 μου
510 4560 572 4613 τὸ
594 4562 864 4632 ἃυτήριόν
890 4580 1003 4627 σου,
1044 4582 1062 4614 ι
1098 4564 1190 4617 καὶ
1214 4564 1281 4618 τὰ
1315 4565 1460 4637 ἑξῆς.

459 4670 477 4702 ι
513 4652 712 4720 ’Δρατε
740 4654 817 4713 είς
840 4652 931 4705 τὸν
965 4653 1190 4725 οὐρανὸν
1240 4656 1365 4718 τοὺς
1417 4654 1722 4726 ὀφθαλμοὺς
1769 4656 1942 4727 ὑμῶν,

373 4744 478 4797 καὶ
511 4743 813 4812 ἐμϐλέψατε
846 4745 924 4807 είς
944 4745 1040 4815 τὴν
1069 4745 1171 4815 γῆν
1201 4746 1380 4799 κάτω·
1416 4747 1493 4799 ὅτι
1531 4749 1558 4800 ὁ
1598 4748 1821 4819 οὐρανὸς
1868 4749 1944 4814 ὡς

376 4836 588 4898 καπνὸς
618 4833 939 4907 ἐστερεώθη,
967 4838 999 4906 ή
1027 4836 1083 4889 δὲ
1110 4838 1179 4908 γῆ
1209 4838 1283 4901 ὡς
1321 4838 1529 4908 ἱμάτιον
1567 4839 1939 4910 παλαιωθήσε-

373 4944 469 4979 ται
490 4944 503 4955 ο
541 4928 588 4978 oi
614 4926 668 4979 δὲ
704 4928 1078 4991 κατοικοῦντες
1102 4930 1287 5001 ῶσπερ
1310 4928 1480 4983 ταῦτα
1520 4930 1939 4983 ἀποθανοῦνται·

376 5014 441 5067 τὸ
471 5014 531 5067 δέ
572 5016 841 5086 Σωτήριόν
887 5035 985 5088 μου
1026 5020 1106 5081 είς
1157 5020 1246 5072 τὸν
1291 5020 1461 5074 αἰῶνα
1495 5020 1677 5075 ἔσται’
1724 5024 1756 5094 ὴ
1792 5023 1845 5077 δὲ
1872 5025 1946 5077 δι-

377 5104 639 5175 καιοσύνη
668 5123 767 5175 μου
793 5107 853 5158 ού
886 5106 957 5177 μὴ
985 5106 1202 5179 ἐκλείψῃ
1224 5125 1237 5138 ·
1281 5128 1300 5161 ι
1342 5110 1451 5179 τὴν
1474 5109 1698 5182 θεότητα
1726 5111 1818 5165 τοῦ
1846 5114 1947 5166 Λό-

377 5213 479 5264 γου
523 5199 889 5269 σημαινούσης
918 5200 1014 5268 τῆς
1054 5201 1415 5270 προφητείας·
1446 5204 1520 5266 ὡς
1560 5204 1667 5276 γὰρ
1706 5206 1804 5275 τὴν
1854 5207 1946 5260 ἀν·-

376 5286 706 5358 θρωπότητα
736 5290 921 5359 ἐδήλου
946 5289 1030 5342 διὰ
1046 5291 1136 5342 τοῦ
1165 5310 1182 5341 ι
1218 5293 1540 5363 Σωτηρίου,ι
1562 5297 1702 5351 οὕτω
1731 5301 1823 5354 καὶ
1847 5301 1944 5372 τὴν

375 5380 613 5450 θεότητα
639 5382 823 5435 τοῦτον
861 5382 1076 5454 ᾐνίξατο
1109 5382 1198 5436 τὸν
1223 5386 1437 5454 τρόπον.

454 5490 476 5523 ι
522 5470 810 5526 ’Λκούσατέ
835 5491 954 5543 μου,
984 5476 1031 5527 οί
1057 5473 1256 5538 εἰδότες
1284 5477 1479 5549 κρίσιν,
1511 5480 1655 5548 λαὸς,
1691 5474 1751 5537 οῦ
1781 5484 1941 5554 νόμος

451 5650 547 5706 "l
591 5650 713 5707 Cor.
756 5667 810 5717 ι,
846 5653 896 5708 ί.
972 5654 1016 5688 ⁸⁸
1044 5655 1173 5712 Luc.
1208 5673 1265 5723 ιι,
1295 5658 1383 5714 29.

2054 4483 2073 4517 ι
2116 4465 2267 4520 Nunc
2297 4466 2520 4521 dimittis
2545 4484 2757 4523 servum
2789 4479 2932 4524 tuum
2958 4511 2974 4533 ,
3008 4472 3230 4527 Domine
3256 4513 3270 4537 ,
3303 4475 3425 4543 quia
3452 4477 3599 4532 vide-

2050 4565 2174 4609 runt
2209 4557 2347 4611 oculi
2382 4560 2483 4613 mei
2514 4559 2758 4616 Salutare
2785 4572 2933 4616 tuum
2958 4566 3024 4631 ⁸⁸,
3061 4584 3080 4616 ›
3118 4575 3172 4620 et
3199 4577 3410 4622 caetera.

2122 4646 2286 4704 Vens.
2317 4648 2369 4704 6.
2428 4668 2447 4703 ι
2504 4652 2724 4709 Elevate
2756 4654 2808 4708 in
2838 4656 3031 4711 cadum
3067 4658 3249 4713 oculos
3274 4670 3485 4714 vestros
3513 4702 3529 4727 ,
3553 4673 3602 4716 et

2052 4742 2304 4811 reSpicite
2331 4743 2381 4797 in
2412 4753 2609 4799 terram
2638 4746 2891 4802 deorsum
2924 4766 2938 4813 ;
2970 4751 3218 4818 quoniam
3250 4753 3444 4806 caelum
3485 4764 3605 4807 tau-

2044 4849 2202 4903 quam
2231 4835 2409 4891 fumus
2437 4836 2702 4892 firmatum
2732 4849 2846 4903 est,
2885 4850 3023 4893 terra
3062 4852 3237 4895 autem
3274 4844 3413 4897 sicut
3445 4845 3603 4897 vesti-

2049 4937 2285 4981 mentum
2316 4938 2653 4985 veterascet:
2687 4931 2775 4999 qui
2806 4943 2981 4985 autem
3029 4933 3328 4987 inhabitant
3350 4950 3464 4987 eam
3497 4936 3599 4987 sie-

2052 5027 2110 5072 ut
2142 5020 2240 5074 ista
2274 5023 2571 5076 morientur
2606 5038 2621 5075 :
2656 5022 2901 5077 Salutare
2946 5039 3072 5079 vero
3117 5041 3291 5078 meum
3334 5027 3385 5078 in
3432 5041 3601 5079 saecu-

2054 5109 2160 5164 lum
2188 5114 2318 5179 erit;
2367 5113 2575 5183 justitia
2611 5126 2787 5169 autem
2819 5131 2935 5170 mea
2980 5132 3081 5169 non
3112 5118 3337 5171 deﬁciet.
3374 5137 3391 5168 ι
3423 5118 3600 5172 Deita-

2055 5212 2160 5259 tem
2208 5204 2367 5261 Verbi
2409 5208 2678 5278 significat
2726 5210 3006 5279 prophetia
3059 5227 3074 5263 :
3129 5212 3270 5263 sicut
3321 5212 3463 5264 enim
3504 5227 3599 5281 per

2048 5295 2215 5361 illud,
2256 5316 2275 5350 ι
2313 5299 2599 5365 Salutare,
2664 5319 2683 5353 ι
2736 5302 3119 5356 humanitatem
3171 5303 3471 5371 iudicabat;
3518 5307 3597 5362 sic

2048 5387 2154 5443 isto
2186 5390 2339 5445 modo
2361 5392 2613 5446 deitatem
2653 5393 2957 5449 adumbrat.

2123 5482 2279 5540 Vens.
2306 5485 2355 5539 7.
2381 5503 2400 5537 ι
2435 5482 2626 5541 Audite
2656 5499 2763 5554 me,
2781 5486 2869 5557 qui
2897 5487 3049 5545 scitis
3070 5486 3346 5561 judicium,
3380 5492 3596 5565 popule,
