4108 6204
549 275 657 332 ΗἹ

1216 268 1482 325 EUSEBII
1517 266 1994 326 CESARlENSlS
2029 264 2176 323 OPP.
2215 261 2394 318 PARS
2430 259 2520 318 lll.
2555 292 2626 303 —
2661 261 3071 319 EXEGETICA.

3647 262 3770 317 4.5.8.

550 396 703 464 cujus
732 393 812 447 lex
843 405 960 446 mea
991 388 1044 442 in
1075 387 1238 444 corde
1267 397 1463 446 vestro.
1497 406 1516 440 ι
1554 385 1776 441 Videbat
1800 385 1942 439 enim
1965 399 2088 448 eos,

2206 395 2305 450 μου
2324 380 2380 431 ὲν
2403 381 2470 449 τῇ
2494 377 2685 449 καρδίᾳ.
2710 378 2880 448 ὑμῶν.
2915 397 2934 430 ι
2972 377 3147 448 Ἐώρα
3179 377 3308 448 γάρ,
3337 375 3418 430 δτι
3441 376 3488 429 oi
3517 375 3766 442 θέλοντες

549 486 640 555 qui
671 485 755 553 pie
801 483 980 536 vivere
1008 479 1275 534 voluerint
1320 480 1370 533 in
1403 481 1618 534 Christo
1643 519 1657 543 ,
1685 480 2099 549 persecutionem

549 593 827 648 passuros,
855 573 1203 630 contumeliis
1237 572 1562 636 alliciendos,
1593 588 1656 627 ac
1688 571 2012 640 contemptui
2035 571 2102 626 ab

549 671 858 724 hominibus
904 666 1182 723 habendos
1210 679 1362 731 esse;
1418 665 1650 730 itemque
1692 664 1866 719 omnis
1891 662 2100 731 generis

550 763 865 816 vexationes
906 758 1332 827 tentationesque
1361 771 1708 826 pcrpcssuros
1739 772 1876 812 esse.
1907 755 2102 821 Quam-

549 857 732 908 obrem
761 891 779 919 ,
834 861 892 906 ut
939 852 1080 920 ipsos
1114 850 1318 903 muniat
1344 858 1398 902 et
1435 849 1626 908 firmet.
1673 848 1783 917 jam
1818 847 1938 902 hinc
1969 861 2103 916 pra:-

546 945 722 1011 cipit,
776 962 794 994 (
854 941 932 996 Ne
991 941 1221 995 timentis
1280 940 1621 1009 approbrium
1678 939 1996 1006 hominum,
2049 949 2102 994 et

549 1047 864 1105 contemptu
911 1050 1100 1090 eorum
1156 1049 1225 1088 ne
1270 1033 1582 1088 vincamini.
1639 1049 1658 1083 ι
1719 1031 1966 1095 Etenim,
2015 1031 2100 1085 in-

549 1130 693 1200 quit,
727 1128 884 1183 linem
923 1141 1018 1183 eos
1066 1135 1409 1196 excepturum
1438 1125 1826 1180 consideratam
1869 1132 2096 1193 Oportet.

621 1315 782 1370 Vens.
809 1315 863 1380 8,
893 1315 948 1368 9.
987 1331 1005 1365 ι
1039 1311 1172 1376 Nam
1209 1312 1352 1367 sicut
1381 1311 1774 1376 vestimentum,
1805 1325 1833 1363 a
1863 1319 2101 1379 tempore

549 1415 920 1469 consumetur,
947 1413 1000 1458 et
1036 1406 1175 1460 sicut
1219 1404 1361 1470 lana,
1404 1404 1710 1459 comedetur
1734 1418 1764 1457 a
1796 1404 1933 1457 tinea
1969 1402 2099 1472 :ju-

549 1499 696 1552 stitia
726 1508 902 1553 autem
947 1512 1064 1552 mea
1099 1498 1149 1550 in
1201 1497 1451 1551 saeculum
1487 1498 1589 1551 erit
1636 1515 1651 1552 :
1699 1497 1946 1550 Salutare
1972 1512 2099 1553 vero

547 1605 724 1644 meum
759 1591 810 1644 in
839 1591 1215 1659 generationes
1249 1590 1672 1659 generationum.
1705 1590 1974 1657 Exsurge,
2001 1606 2098 1645 ex-

545 1699 704 1755 surge
731 1725 745 1749 ,
773 1683 1072 1737 Jerusalem
1101 1723 1114 1743 ,
1146 1693 1201 1737 et
1231 1685 1454 1738 induere
1488 1683 1854 1740 fortitudinem
1888 1686 2094 1740 brachii

546 1776 645 1832 tui.
672 1776 915 1845 Exsurge
960 1775 1102 1830 sicut
1126 1776 1178 1828 in
1212 1777 1476 1846 principio
1501 1778 1628 1843 diei,
1656 1778 1796 1833 sicut
1823 1779 2097 1848 generatio

543 1868 746 1922 smculi.
783 1887 801 1920 ι
838 1868 951 1922 lloc
979 1868 1442 1935 additamentum,
1479 1888 1497 1921 ι
1531 1869 1826 1926 Jerusalem
1854 1913 1868 1936 ,
1909 1891 1928 1925 ι
1961 1874 2096 1926 utin

543 1958 806 2016 Hebraica
846 1959 1078 2016 lectione
1125 1960 1322 2025 fertur,
1370 1963 1424 2018 in
1459 1965 1684 2034 reliquis
1715 1966 2098 2034 interpretibus

543 2067 650 2108 non
691 2063 999 2124 comparet;
1035 2055 1130 2110 sed
1152 2054 1343 2110 omnes
1367 2057 1444 2111 sic
1471 2057 1754 2111 ediderunt
1786 2077 1800 2110 :
1837 2075 1857 2109 ι
1894 2058 2098 2113 Exsur-

543 2160 630 2215 ge,
663 2159 914 2214 exsurge,
939 2146 1163 2201 induere
1195 2146 1579 2211 fortitudinem,
1606 2148 1884 2203 brachium
1917 2149 2096 2203 Domi-

542 2235 622 2290 ni.
657 2253 677 2288 ι
714 2237 1018 2292 Secundum
1050 2252 1238 2292 omnes
1267 2239 1431 2308 igitur
1455 2253 1559 2292 non
1587 2236 1885 2294 Jerusalem
1916 2254 2096 2296 sermo

536 2327 865 2396 compellat,
898 2328 992 2382 sed
1022 2329 1302 2383 brachium
1335 2329 1579 2396 Domini;
1609 2332 1734 2386 hinc
1763 2347 2096 2401 consequen-

534 2425 623 2474 ter
647 2433 744 2488 par
771 2429 853 2474 est
885 2428 943 2474 ut
969 2420 1133 2474 etiam
1165 2435 1262 2475 nos
1292 2421 1357 2476 ad
1394 2421 1673 2476 brachium
1713 2422 1964 2488 Domini,
2016 2423 2095 2488 ip-

539 2510 653 2564 sius
705 2510 915 2566 Domini
971 2511 1442 2580 compellationem
1492 2513 1788 2569 referamus
1817 2557 1833 2577 ,
1872 2514 1938 2568 de
1987 2529 2095 2581 quo

540 2602 790 2672 superius
811 2595 1022 2659 dictum
1059 2612 1183 2671 est,
1219 2623 1238 2656 ι
1273 2604 1334 2659 Et
1365 2605 1416 2660 in
1449 2607 1726 2662 brachium
1760 2622 1939 2662 meum
1965 2621 2095 2676 gen-

543 2702 625 2749 tes
644 2695 952 2764 sperabunt.
994 2714 1012 2748 ι

607 2807 774 2867 Vens.
809 2811 875 2865 l0
899 2854 913 2877 ,
944 2813 1028 2867 ll.
1068 2833 1087 2866 ‹
1128 2815 1314 2869 Nonne
1346 2823 1398 2867 tu
1427 2829 1486 2868 es
1511 2855 1527 2880 ,
1560 2829 1678 2884 quae
1713 2813 1980 2868 desertum
2017 2813 2094 2869 fe-

534 2901 658 2956 cisti
694 2919 864 2968 mare,
897 2921 1063 2973 aquas
1099 2907 1278 2978 abyssi
1308 2907 1546 2962 multas?
1573 2922 1692 2977 qua:
1729 2908 1949 2976 posuisti
1974 2923 2094 2978 pro-

536 2991 756 3050 fundum
793 2998 958 3050 maris
987 2999 1126 3050 viam
1160 3000 1422 3054 transitus
1452 3000 1536 3063 iis,
1560 3001 1648 3069 qui
1684 2999 1890 3054 liberati
1919 3011 1973 3054 et
2002 3015 2087 3054 re-

2201 469 2437 534 εὐσεϐῶς
2465 470 2561 540 ζῇν
2592 472 2648 522 ὲν
2675 470 2892 541 Χριστῷ
2933 469 3314 540 διωχθήσονται
3353 469 3446 522 καὶ
3469 468 3758 541 ὀνειδισθήο.

2201 578 2402 623 σονται,
2426 561 2518 613 καὶ
2535 560 2980 632 φαυλισθήσονται
3001 561 3108 615 ὑπὸ
3137 559 3233 614 ἀνθ
3244 559 3455 632 ρώπων,
3486 559 3755 630 διωγμούς

2198 671 2258 706 τε
2283 653 2566 716 παντοίους
2596 653 2688 706 καὶ
2730 653 3060 723 πειρασμοῦς
3093 651 3436 725 ὑπομενοῦσι.
3471 651 3564 705 Διὸ
3602 669 3756 723 περι-

2203 747 2454 818 φράττων
2515 746 2708 809 αὐτοὺς
2777 746 3020 799 ἐντεῦθεν
3083 747 3181 818 ήδη
3249 745 3615 818 παραγγέλλει
3673 744 3762 798 λέ-

2199 853 2330 906 γων·
2374 855 2392 888 ‹
2436 837 2525 908 Μὴ
2574 836 2829 906 φοϐεῖσθε.
2863 837 3153 907 ὀνειδισμὸν
3199 838 3514 910 ἀνθρώπων,
3555 838 3650 892 καὶ
3680 837 3761 908 τῷ

2199 927 2486 998 φαυλισμῷ
2533 928 2710 981 αὐτῶν
2756 927 2828 999 μὴ
2859 929 3108 998 ἡττᾶσθε.
3151 947 3169 980 ι
3199 929 3317 1000 Χρὴ
3359 929 3468 1001 γὰρ
3525 931 3758 1002 ἁφορᾷν,

2201 1019 2353 1090 φησὶ,
2387 1020 2478 1073 ἐπὶ
2507 1020 2566 1073 τὸ
2586 1020 2952 1091 διαδεξόμενον
2985 1021 3175 1084 αὐτοὺς
3205 1021 3372 1085 τέλος.

2274 1335 2293 1369 ι
2346 1317 2431 1380 Ὠς
2467 1318 2574 1387 γὰρ
2625 1316 2834 1387 ἱμάτιον
2882 1314 3216 1387 βρωθησεται
3254 1313 3358 1367 ὑπὸ
3403 1314 3630 1386 χρόνου,
3662 1316 3758 1370 καὶ

2199 1407 2275 1472 ὡς
2322 1409 2444 1480 ἔρια
2507 1407 2839 1478 βρωθήσεται
2886 1407 2990 1459 ὑπὸ
3035 1406 3212 1476 σητός’
3262 1407 3295 1476 ή
3342 1406 3398 1459 δὲ
3443 1406 3752 1478 δικαιοσύνη

2201 1516 2301 1569 μου
2332 1503 2409 1562 εἰς
2435 1499 2525 1553 τὸν
2585 1499 2754 1552 αἰῶνα
2786 1499 2955 1552 ἔσται·
2995 1497 3054 1550 τὸ
3113 1497 3169 1549 δὲ
3222 1497 3489 1568 Σωτήριόν
3545 1514 3646 1568 μου
3675 1501 3761 1562 είς

2197 1589 2387 1657 γενεὰς
2452 1589 2671 1658 γενεῶν.
2731 1588 3064 1661 Ἐξεγείρου,
3122 1586 3446 1668 ὲξεγείρουη
3491 1590 3756 1659 Ἰερουσα-

2197 1680 2325 1752 λὴμ.
2349 1682 2440 1734 καὶ
2459 1681 2670 1734 ἔνδυσαι
2698 1679 2794 1751 τὴν
2838 1681 2986 1750 ἰσχὺν
3017 1679 3110 1734 τοῦ
3167 1678 3444 1750 βραχίονός
3477 1696 3591 1734 σου.
3641 1680 3756 1745 Ἐξ-

2199 1773 2415 1844 εγείρου
2433 1773 2507 1836 ῶς
2537 1775 2593 1826 ὲν
2634 1773 2773 1844 ἀρχῇ
2815 1771 3046 1843 ἡμέρας,
3081 1770 3155 1833 ὡς
3197 1771 3357 1839 γενεὰ
3394 1770 3603 1834 αἰῶνος.
3631 1790 3648 1823 ι
3689 1772 3754 1825 Ἦ

2200 1863 2506 1934 προσθήκη,
2542 1881 2560 1913 ι
2605 1862 2975 1933 Ἰερουσαλὴμ,
3012 1879 3029 1911 ι
3063 1859 3136 1924 ὡς
3169 1861 3226 1914 ἐν
3254 1864 3318 1932 τῇ
3353 1861 3608 1933 Ἐϐραῖκῇ
3625 1861 3756 1916 ἁνα-

2196 1954 2412 2022 γνώσει,
2445 1953 2568 2008 οῦτε
2618 1955 2676 2008 ἐν
2711 1957 2822 2018 τοῖς
2865 1955 3066 2019 λοιποῖς
3115 1955 3470 2028 ὲρμηνευταῖς
3506 1951 3751 2024 φέρεται,

2197 2045 2330 2100 ἀλλὰ
2361 2045 2557 2110 πάντες
2584 2045 2754 2110 οὕτως
2778 2045 3040 2110 ἐξέδωκαν
3058 2061 3072 2076 ·
3106 2063 3124 2096 ι
3177 2043 3499 2116 Ἐξεγείρου,
3535 2043 3755 2112 ἐξεγεί-

2197 2157 2312 2212 ρου,
2338 2139 2546 2194 ἔνδυσαι
2574 2141 2790 2211 κράτος,
2830 2139 3065 2211 βραχίων
3105 2139 3328 2209 Κυρίου.
3368 2157 3387 2190 ι
3424 2137 3579 2192 Κατὰ
3615 2138 3751 2192 πάν-

2194 2247 2292 2294 τας
2319 2231 2496 2285 τοίνυν
2535 2230 2596 2284 οὑ
2638 2234 2704 2302 τῇ
2759 2231 3110 2303 Ἰερουσαλὴμ
3157 2229 3185 2281 ὁ
3230 2231 3384 2301 λόγος
3421 2232 3749 2303 προσφωνεῖ,

2194 2320 2328 2376 ἀλλὰ
2359 2318 2434 2390 τῷ
2473 2320 2712 2391 βραχίονι
2759 2321 2982 2393 Κυρίου·
3037 2322 3321 2377 ἀκόλουθον
3359 2319 3513 2377 δ’·ἂν
3541 2323 3622 2393 εἴη
3657 2324 3750 2379 καὶ

2193 2413 2338 2484 ἡμᾶς
2387 2413 2467 2475 είς
2511 2412 2601 2466 τὸν
2658 2412 2913 2484 βραχίονα
2979 2415 3182 2486 Κυρίου
3233 2415 3332 2488 τὴν
3382 2415 3473 2469 τοῦ
3543 2418 3747 2488 Κυρίου

2195 2501 2572 2575 προσφώνησιν
2601 2504 2905 2575 ἀναφέρειν,
2947 2505 3072 2576 περὶ
3114 2500 3174 2560 οῦ
3219 2505 3470 2578 ἀνωτέρω
3495 2506 3744 2579 εἴρηται,

2199 2611 2220 2646 ι
2252 2594 2359 2647 Καὶ
2387 2594 2480 2647 ὲπὶ
2505 2594 2594 2649 τὸν
2625 2593 2880 2667 βραχίονά
2911 2600 3010 2667 μου
3032 2595 3156 2666 ἔθνη
3187 2595 3478 2653 ἐλπιοῦσιν.
3511 2617 3531 2651 ι

2267 2833 2287 2865 ι
2323 2815 2396 2868 Οὐ
2428 2816 2491 2869 σὺ
2522 2810 2624 2888 sit;
2657 2816 2935 2888 ὲρημοῦσα
2979 2816 3267 2880 θάλασσαν,
3312 2817 3455 2890 ὕδωρ
3505 2816 3740 2874 ἀϐύςςσου

2192 2905 2421 2976 πλῆθος;
2442 2909 2474 2979 ἡ
2498 2907 2646 2961 θεῖσα
2665 2909 2732 2962 τὰ
2756 2908 2891 2978 βάθη
2911 2909 3008 2980 τῆς
3027 2909 3297 2980 θαλάσσης
3319 2910 3431 2963 ὁδὸν
3447 2910 3743 2974 διαϐάςεως

2193 2998 2473 3068 ρυομένοις
2523 3001 2615 3052 καὶ
2668 2999 3124 3073 λελυτρωμένοιςς
3197 3000 3329 3055 ’Υπδ
3371 3001 3478 3073 γὰρ
3535 3003 3738 3073 Κυρίου

536 3083 732 3156 :lempli
785 3087 1045 3143 fuerunt?
1088 3091 1132 3144 A
1180 3092 1406 3146 Domino
1449 3093 1590 3145 enim
1638 3091 1980 3156 reducentur,
2035 3103 2088 3147 et

2189 3061 2716 3162 αποστραφήσονται,
2750 3061 2844 3146 καί
2864 3061 3084 3162 ἥξουσιν
3108 3061 3186 3156 εἰς
3223 3092 3356 3147 Σιὼν
3385 3061 3510 3164 ’μετ’
3548 3061 3744 3165 εὐφρο-

533 3178 750 3231 venient
779 3179 829 3233 in
868 3180 995 3235 Sion
1025 3197 1146 3235 cum
1179 3182 1360 3236 lmtitia
1389 3192 1443 3237 ct
1483 3183 1846 3238 exsultatione
1889 3184 2088 3252 sempi-

534 3276 708 3325 terna.
741 3271 795 3325 In
821 3274 998 3342 capite
1025 3276 1163 3329 enim
1192 3290 1376 3330 eorum
1414 3275 1531 3330 laus
1556 3315 1571 3339 ,
1607 3286 1659 3330 et
1686 3276 1864 3330 laetitia
1895 3293 2085 3345 appre-

535 3358 736 3417 hendet
767 3377 860 3418 eos
903 3383 919 3420 :
964 3365 1096 3436 fugit
1133 3367 1284 3420 dolor
1312 3377 1365 3421 et
1398 3383 1617 3431 mmror,
1648 3378 1701 3422 et
1740 3369 1969 3438 gemitus
2005 3391 2016 3424 ;
2061 3390 2081 3424 ι

533 3457 752 3524 quando
793 3459 937 3512 omni
979 3461 1170 3514 timore
1200 3460 1431 3528 exempti
1460 3499 1477 3526 ,
1515 3476 1618 3514 non
1656 3459 1794 3515 ultra
1841 3461 2088 3519 inimicos

541 3556 598 3600 et
629 3549 970 3605 adversarios
994 3553 1435 3608 reformidabunt.

601 3661 765 3718 Vsus.
796 3663 880 3718 12.
909 3665 1038 3720 Nam
1078 3685 1096 3718 ι
1135 3683 1198 3722 ex
1234 3667 1436 3722 caelesti
1462 3667 1587 3721 Sion
1622 3668 1880 3724 abscessit
1913 3669 2082 3737 dolor,

528 3766 734 3808 maeror
779 3767 834 3810 et
871 3758 1120 3825 gemitus.
1153 3759 1260 3822 Ego
1295 3775 1434 3826 sum,
1468 3775 1567 3828 ego
1591 3775 1728 3823 sum,
1769 3762 1857 3828 qui
1893 3775 2088 3816 conso-

530 3844 611 3899 lor
670 3856 738 3901 le.
796 3847 944 3902 Scito
992 3864 1110 3917 qua:
1166 3849 1372 3916 fueris,
1418 3861 1472 3904 et
1504 3851 1748 3905 til'nueris
1776 3852 1839 3905 ab
1869 3852 2085 3907 homine

532 3937 768 3996 mortali,
794 3947 846 3990 et
875 3953 904 3990 a
942 3939 1050 3991 lilio
1083 3941 1333 4001 hominis,
1364 3943 1450 4010 qui
1481 3943 1631 4010 quasi
1662 3942 1837 3996 fenum
1863 3946 2082 4012 arefacti

529 4036 678 4083 stmt.
716 4048 733 4078 ι
767 4028 883 4097 ipse
909 4047 1138 4099 namque
1169 4023 1251 4086 est
1278 4035 1584 4101 propitiatio
1615 4043 1820 4100 nostra,
1849 4039 1938 4106 qui
1964 4053 2086 4091 con-

535 4118 743 4174 solatur
789 4123 1031 4178 humiles.
1085 4124 1162 4178 Tu
1195 4127 1338 4179 enim
1388 4126 1453 4178 ad
1510 4127 1797 4194 imaginem
1832 4143 2006 4181 meam
2052 4143 2080 4181 a

533 4227 620 4268 me
645 4215 804 4274 facta,
839 4222 1071 4269 maximo
1103 4220 1296 4271 donata
1329 4234 1386 4271 es
1418 4219 1644 4283 honore,
1676 4220 1813 4277 quod
1847 4234 1930 4272 me
1957 4234 2084 4273 con-

528 4305 818 4361 solatorem
851 4309 1074 4364 haberes
1111 4327 1484 4382 :quapropter
1514 4313 1656 4378 dico,
1715 4333 1734 4365 ι
1786 4313 1897 4381 Ego
1937 4330 2074 4376 smn,

2190 3180 2352 3252 σύνης
2383 3183 2475 3236 καὶ
2501 3183 2899 3253 ἀγαλλιάματος
2927 3185 3162 3238 αἰωνίου.
3218 3183 3336 3237 Ἐπὶ
3370 3184 3608 3255 κεφαλῆς
3633 3184 3743 3256 γὰρ

2187 3271 2363 3325 αὐτῶν
2395 3273 2617 3336 αἵνεσις,
2652 3275 2746 3326 καὶ
2771 3271 3069 3344 εὐφροσύνη
3109 3271 3470 3342 καταλήψεται
3509 3273 3736 3336 αὐτούς·

2187 3363 2396 3435 ἀπέδρα
2437 3363 2593 3433 ὀδύνη
2642 3365 2735 3417 καὶ
2761 3363 2922 3434 λύπη,
2951 3365 3042 3417 καὶ
3082 3364 3440 3432 στεναγμόςοι
3475 3365 3562 3417 ὅτε
3608 3365 3736 3427 καὶ,

2187 3455 2384 3517 παντὸς
2431 3455 2596 3524 φόϐου
2642 3454 2796 3518 ἐκτὸς
2854 3454 3164 3524 γενόμενοι,
3216 3453 3394 3506 οὐκέτι
3447 3454 3741 3525 πολεμίους

2185 3547 2304 3600 οὐδὲ
2333 3546 2553 3619 ἐχθροὺς
2581 3545 2918 3616 φοϐήσονται.

2258 3698 2278 3730 r
2324 3681 2413 3732 Ἐν
2450 3697 2467 3732 ι
2502 3677 2608 3748 γὰρ
2645 3697 2664 3730 ι
2695 3681 2760 3750 τῇ
2806 3679 3106 3750 ἐπουρανίῳ
3149 3677 3282 3733 Σιὼν
3332 3680 3540 3751 ἀπέδρα
3577 3679 3736 3752 ὀδύνη

2185 3772 2278 3824 καὶ
2313 3770 2477 3842 λύπη,
2530 3773 2623 3824 καὶ
2681 3771 2993 3841 στεναγμός.
3052 3771 3190 3841 Ἐγώ
3231 3774 3365 3842 είμι,
3402 3772 3510 3840 ἐγώ
3540 3774 3674 3845 είμι,
3707 3777 3736 3828 6

2183 3860 2512 3933 παρακαλῶν
2550 3879 2630 3915 σε.
2665 3862 2833 3916 Γνῶθι
2881 3864 2965 3927 τίς
3005 3859 3157 3926 οὖσα,
3199 3865 3463 3936 ἐφοϐήθης
3503 3866 3609 3919 ἀπὸ
3641 3868 3738 3919 άν-

2185 3950 2399 4022 θρὼπου
2448 3951 2664 4022 θνητοῦ,
2716 3955 2809 4007 καὶ
2857 3953 2965 4008 ἀπὸ
3009 3955 3123 4007 υἱοῦ
3176 3954 3478 4028 ἀνθρώπου,
3523 3957 3572 4010 οἳ
3603 3958 3735 4011 ὡσεί

2181 4041 2371 4114 χόρτος
2402 4043 2790 4114 ὲξηράνθησαν.
2831 4062 2848 4094 ι
2890 4043 3059 4108 Αὐτὸς
3106 4047 3211 4116 γάρ
3253 4048 3398 4100 ἐστιν
3443 4049 3471 4102 ό
3516 4049 3735 4119 ίλασμὸς

2181 4133 2356 4204 ἡμῶν,
2385 4133 2479 4187 καὶ
2501 4137 2528 4187 ὁ
2555 4135 2882 4206 παρακαλῶν
2906 4139 3030 4200 τοὺς
3053 4138 3349 4212 ταπεινρύς.
3385 4140 3454 4193 Σὺ
3499 4139 3596 4209 μὲν
3626 4141 3734 4212 γὰρ

2181 4226 2299 4280 κατ’
2323 4227 2504 4280 είκόνα
2531 4228 2790 4297 γενομένη
2833 4230 2960 4296 παρ’
2999 4228 3153 4298 ἐμοῦ,
3209 4230 3466 4301 μεγίστης
3503 4231 3732 4300 ἠξίωσαι

2179 4318 2365 4389 τιμῆς,
2389 4319 2463 4382 ὡς
2491 4319 2916 4390 παρακαλεῖσθαι
2951 4320 3040 4372 ὑπ’
3075 4319 3226 4390 ἐμοῦ·
3253 4321 3330 4374 διό
3354 4339 3513 4392 φημι,
3537 4341 3555 4373 ι
3593 4323 3732 4391 Ἐγώ

529 4400 620 4465 qui
646 4401 895 4456 consolor
925 4412 1027 4457 te.»
1059 4402 1250 4472 lgiioro
1283 4416 1459 4458 autem
1491 4420 1597 4475 quo
1631 4415 1816 4473 pacto,
1851 4406 2076 4475 dignita-

2188 4410 2292 4477 είμι
2323 4410 2351 4461 ό
2380 4408 2705 4479 παρακαλῶν
2739 4427 2815 4462 σε.
2861 4428 2879 4460 ι
2924 4411 3035 4463 Οὐκ
3072 4407 3185 4464 οἶδα
3217 4411 3270 4464 δὲ
3309 4413 3455 4476 ὅπως
3485 4413 3731 4467 ἐπιλαθο-

527 4489 600 4543 tis
651 4491 934 4548 immemor
985 4504 1128 4557 tum,
1187 4495 1456 4550 formidini
1511 4508 1564 4551 et
1601 4499 1794 4552 terrori
1841 4500 2076 4568 subjecta

531 4579 717 4638 fueris.
756 4583 879 4639 llaec
911 4602 1072 4654 porro
1096 4588 1225 4640 dicit
1247 4589 1396 4656 quasi
1431 4589 1806 4645 formidolosos
1850 4599 1904 4643 et
1932 4590 2079 4644 inllr-

529 4675 751 4740 miores,
774 4679 863 4747 qui
908 4679 959 4732 in
1003 4680 1239 4734 Ecclesia
1272 4692 1420 4746 sunt,
1452 4682 1728 4751 alloquens
1763 4699 1776 4736 :
1806 4698 1926 4735 nam
1958 4700 2079 4752 per-

525 4764 678 4834 fecti,
725 4781 778 4822 et
809 4771 901 4840 qui
951 4773 1192 4842 martyrii
1222 4787 1418 4826 corona
1468 4773 1712 4828 exornati
1765 4783 1928 4838 sunt,
1961 4776 2076 4844 ejus

525 4870 650 4915 sunt
688 4862 909 4933 gloriam
951 4865 1248 4920 consecuti.
1297 4867 1570 4936 Siquidem
1601 4884 1721 4923 cum
1768 4885 1863 4938 par
1891 4870 2077 4928 fuisset

527 4961 579 5006 te
607 4965 748 5009 metu
783 4963 836 5011 et
862 4958 1220 5011 commotione
1255 4973 1476 5013 vacuum
1507 4974 1744 5026 manere,
1772 4970 1956 5030 utpote
1983 4979 2076 5033 po-

523 5049 708 5114 pulum
733 5065 931 5118 meum,
962 5051 1028 5104 ad
1059 5051 1216 5106 linem
1250 5053 1619 5120 corruptibilis
1649 5053 1923 5108 hominum
1956 5056 2075 5111 \ilee

521 5141 935 5209 respicientem;
989 5153 1151 5213 atque
1202 5144 1417 5198 eosdem
1455 5143 1600 5213 ipsos
1627 5183 1641 5208 ,
1681 5160 1815 5214 quos
1847 5147 2076 5202 extime-

520 5235 710 5290 scebas
735 5275 751 5299 ,
793 5253 822 5292 a
854 5239 1033 5295 futura
1062 5239 1302 5310 pernicie
1333 5241 1600 5306 eximere;
1633 5249 1687 5292 tu
1721 5251 1932 5297 contra.
1956 5240 2074 5296 illos

523 5324 892 5396 reformidans,

591 5481 754 5539 Vens.
780 5484 866 5539 l3.
907 5504 926 5537 ι
981 5487 1193 5546 Oblitus
1227 5505 1285 5545 es
1315 5489 1439 5558 Dei,
1469 5490 1560 5561 qui
1609 5490 1735 5546 fecit
1760 5498 1832 5558 te,
1867 5507 1958 5562 qu.
1987 5492 2066 5547 fe-

520 5569 596 5628 cit
619 5574 828 5640 coelum,
863 5579 954 5647 qui
1005 5579 1248 5635 fundavit
1282 5594 1480 5638 terram
1513 5601 1527 5640 :
1556 5594 1610 5639 et
1643 5583 1869 5640 timuisti
1920 5599 2060 5639 sem-

515 5681 619 5740 per
663 5670 910 5728 omnibus
954 5672 1140 5732 diebus
1187 5673 1379 5734 faciem
1429 5677 1522 5734 iras
1569 5677 1874 5736 tribulantis
1925 5687 1994 5735 te.
2039 5698 2058 5734 ι

2183 4499 2316 4571 μένη
2341 4501 2439 4570 τῆς
2477 4501 2677 4570 σαυτῆς
2709 4501 2882 4566 ἀξίας,
2921 4501 3086 4574 δειλίᾳ
3129 4504 3372 4575 ῦπήχθης
3406 4507 3498 4558 καὶ
3535 4506 3733 4576 ἐφοϐή-

2179 4589 2295 4662 θης.
2325 4592 2484 4658 Λέγει
2507 4591 2562 4644 δὲ
2593 4591 2763 4645 ταῦτα
2806 4591 2881 4654 ὡς
2931 4592 3062 4663 πρὸς
3101 4594 3226 4657 τοὺς
3266 4593 3590 4664 δειλοτέρους
3637 4595 3732 4650 καὶ

2177 4680 2590 4752 ἀσθενεστέρους
2616 4682 2714 4752 τῆς
2775 4681 3124 4753 Ἐκκλησίας·
3178 4685 3224 4736 oi
3267 4683 3374 4755 γὰρ
3415 4684 3729 4738 τελειωθέν-

2174 4793 2284 4838 τες,
2314 4775 2406 4828 καὶ
2441 4777 2550 4838 τοῖς
2578 4777 2634 4827 ὲν
2665 4774 2941 4846 μαρτυρίῳ
2972 4775 3250 4845 στεφάνοις
3291 4776 3732 4846 κατακοσμηθὲν-

2173 4883 2284 4929 τες,
2310 4865 2495 4936 ἔτυχον
2531 4867 2629 4936 τῆς
2663 4865 2789 4938 παρ’
2818 4865 2976 4919 αὐτοῦ
3019 4865 3192 4934 δόξης.
3227 4866 3352 4919 Δέον
3382 4865 3489 4936 γάρ
3529 4867 3727 4936 ἄφοϐόν

2178 4973 2237 5009 σε
2263 4958 2353 5010 καὶ
2378 4958 2643 5028 ἀτάραχον
2661 4957 2746 5010 δια
2756 4957 2953 5027 μένειν,
2976 4956 3050 5019 ὡς
3070 4957 3133 5010 ἂν
3159 4955 3288 5026 ἐμὸν
3317 4956 3442 5009 ὄντα
3473 4955 3619 5020 λαὸν,
3647 4959 3727 5022 είς

2174 5048 2234 5101 τὺ
2258 5048 2406 5112 τέλος
2453 5049 2734 5119 ἀφορῶντα
2754 5049 2850 5117 τῆς
2877 5047 3116 5119 φθαρτῆς
3144 5048 3250 5101 τῶν
3287 5045 3584 5118 ἀνθρώπων
3625 5049 3727 5117 φύ-

2177 5155 2333 5202 σεως,
2363 5140 2455 5192 καὶ
2480 5136 2573 5192 τοῦ
2609 5138 2886 5208 μέλλοντος
2909 5137 3126 5210 ὀλέθρου
3151 5137 3483 5204 διαδέξασθαι
3503 5138 3723 5202 τούτους

2174 5228 2397 5291 αὐτοὺς,
2457 5226 2551 5292 οὓς
2607 5226 2900 5300 ἐφοϐήθης·
2963 5227 3026 5280 σὺ
3083 5227 3138 5280 δὲ
3181 5227 3398 5291 τούτους
3447 5229 3544 5299 μὲν
3594 5229 3722 5298 ἐφο-

2174 5318 2366 5392 δήοης.

2245 5515 2262 5548 ι
2303 5484 2589 5551 Ἔπε).άθου
2621 5495 2678 5550 δὲ
2710 5498 2842 5552 Θεὸν
2873 5497 2960 5552 τὸν
2992 5497 3289 5569 ποιήσαντά
3325 5514 3404 5565 σε,
3439 5497 3530 5552 τὸν
3562 5499 3718 5570 ποιή-

2172 5604 2338 5641 σαντα
2369 5588 2458 5641 τὸν
2487 5588 2708 5660 οὐρανὸν
2749 5591 2840 5642 καὶ
2873 5587 3268 5658 θεμελιώσαντα
3307 5589 3405 5661 τὴν
3448 5587 3579 5660 γῆν·
3626 5588 3719 5643 καὶ
3783 5621 3789 5634 ι

2171 5677 2360 5748 ἐφοϐοῦ
2388 5678 2472 5734 ἀεὶ
2504 5678 2680 5744 πάσας
2709 5678 2804 5743 τὰς
2830 5677 3040 5752 ἡμέρας
3083 5677 3141 5733 re
3178 5677 3460 5750 πρόσωπον
3497 5678 3587 5734 τοῦ
3625 5679 3717 5734 Ou-
