4108 6204
368 289 473 346 ιιι)

1345 278 1846 338 COMMENTABIA
1883 277 1951 338 IN
1989 278 2246 339 ISAIAM.
2287 316 2355 327 —
2387 281 2540 342 CAP.
2580 283 2666 340 Ll.

3484 287 3590 345 450

370 405 476 480 μοῦ
503 403 602 470 τοῦ
631 395 900 465 θλίϐοντός
919 416 1003 454 σε.
1047 417 1066 451 ι
1102 399 1192 452 Διὸ
1229 395 1324 452 καὶ
1361 401 1487 462 τοὺς
1517 398 1658 452 κατὰ
1686 400 1785 470 τῆς
1825 401 1933 453 Ἐκ-

2046 399 2171 455 ideo
2203 401 2270 454 ad
2326 399 2698 470 probationem
2741 398 3064 454 athletarum
3116 413 3359 456 meorum
3410 416 3592 472 perse-

365 497 608 568 κλησίας
639 497 738 567 τῆς
766 494 896 565 ὲμῆς
936 491 1210 562 διωγμοὺς
1259 492 1339 554 εἰς
1379 489 1609 562 δοκιμὴν
1649 490 1758 545 τῶν
1788 492 1935 563 ὲμῶν

368 588 627 661 ἀθλητῶν
655 586 848 655 ὰφέημι
881 584 976 637 καὶ
996 583 1260 654 συγχωρῶ
1289 582 1553 650 γίνεσθαι.

455 701 476 736 ε
523 685 616 736 σον
642 680 832 752 τρόπον
869 678 977 748 γὰρ
1015 676 1368 728 ἐϐουλεύσατο
1413 675 1507 728 τοῦ
1550 672 1680 748 ἆραι
1717 692 1796 740 σε,
1843 677 1938 730 καὶ

377 775 476 828 νῦν
507 773 608 828 ποῦ
636 774 664 824 ό
692 771 860 842 θυμὸς
889 769 981 822 τοῦ
1008 768 1279 833 θλίϐοντός
1322 784 1414 834 σε;
1462 769 1549 820 Ἐν
1580 769 1687 837 γὰρ
1719 767 1794 837 τῷ
1829 768 1935 820 σώ-

381 868 561 934 ζεσθαί
589 883 666 927 σε,
694 866 755 917 οὐ
789 865 1061 934 στήσεται,
1091 862 1209 914 οὐδὲ
1241 865 1462 932 χρονιεῖο
1501 862 1580 914 ὅτι
1621 859 1729 928 ἐγὼ
1755 863 1782 913 ὁ
1805 861 1936 924 Θεός

383 977 495 1022 σου,
523 962 551 1012 ὁ
571 957 852 1028 ταράσσων
875 956 972 1026 τὴν
999 955 1292 1017 Θάλασσαν,
1329 953 1422 1006 καὶ
1453 952 1598 1023 ἠχῶν
1629 953 1698 1006 τὰ
1719 953 1937 1024 κύματα

377 1053 557 1122 αὐτῆς,
579 1049 780 1119 Κύριος
817 1046 1040 1100 Σαϐαὼθ
1067 1047 1236 1118 ὄνομα
1273 1064 1381 1116 μοι.
1410 1047 1570 1118 Θήσω
1593 1048 1718 1110 τοὺς
1749 1046 1936 1114 λόγους

375 1161 474 1214 μου
501 1143 581 1205 εὶς
612 1142 673 1193 τὸ
693 1139 872 1210 στόμα
899 1156 1013 1201 σου,
1047 1139 1139 1191 καὶ
1169 1139 1272 1191 ὑπὸ
1293 1139 1388 1208 τὴν
1425 1138 1582 1190 σκιὰν
1610 1139 1708 1209 τῆς
1755 1137 1935 1208 χειρός

372 1253 470 1307 μου
505 1234 764 1288 σκεπάσω
798 1249 878 1294 σε,
909 1233 964 1284 ἐν
1061 1230 1263 1301 έστησα
1287 1227 1377 1282 τὸν
1414 1229 1637 1301 οὐρανὸν
1679 1227 1772 1282 καὶ
1819 1229 1935 1282 ἐθε-⁸

371 1327 609 1398 μελίωσα
639 1326 740 1397 τὴν
769 1327 892 1394 γῆν.
938 1342 957 1375 ι
1007 1323 1094 1385 Ὠς
1126 1321 1190 1375 ἂν
1223 1323 1294 1393 μή
1327 1339 1380 1374 τι
1414 1322 1602 1383 πάθοις
1641 1321 1748 1374 τῶν
1781 1322 1933 1373 ὲνανο

364 1419 496 1471 τίων
523 1415 630 1470 ὑπὸ
658 1415 769 1467 τῶν
792 1410 1182 1484 πολεμούντων,
1219 1412 1307 1465 ἴνα
1326 1412 1384 1464 δὲ
1414 1412 1492 1464 ἔτι
1515 1411 1708 1482 μᾶλλον
1735 1411 1936 1483 θαρσασε

366 1505 462 1559 λέα
500 1506 635 1577 γένη
667 1505 761 1556 καὶ
777 1503 1034 1573 ἀτρεμὴς,
1067 1502 1160 1554 ml.
1192 1501 1457 1565 ἄπτωτος,
1495 1501 1746 1571 μάνθανε,
1780 1502 1854 1563 ὼς
1877 1502 1935 1552 ὲν

365 1602 433 1668 τῇ
456 1599 562 1667 ἐμῇ
599 1596 762 1667 χειρὶ,
800 1597 857 1648 ὲν
961 1593 1162 1663 ἕστησα
1202 1593 1291 1646 τὸν
1339 1593 1561 1665 οὐρανὸν
1609 1593 1702 1645 καὶ
1741 1594 1932 1662 ἐθεμεα

367 1687 541 1741 λίωσα
568 1688 667 1758 τὴν
699 1686 821 1756 γῆν,
850 1685 942 1738 καὶ
972 1685 1062 1738 τὸν
1089 1683 1377 1756 σύμπαντα
1404 1684 1602 1754 κόσμον
1636 1686 1699 1737 ἐκ
1731 1683 1825 1736 τοῦ
1859 1683 1931 1754 μὴ

365 1779 522 1842 ὄντος
544 1781 626 1840 εἰς
657 1779 716 1830 τὸ
750 1774 886 1831 εἶναι
916 1777 1250 1848 παρήγαγον,
1283 1779 1340 1828 ὲν
1365 1775 1532 1846 ταύτῃ
1561 1775 1851 1828 σκεπὰσειν
1874 1786 1932 1826 σε

367 1870 794 1941 ἐπαγγέλλομαι.
831 1867 1006 1922 Τίοῦν
1039 1868 1142 1939 χρὴ
1181 1869 1417 1938 ἁγωνιᾷν
1457 1868 1489 1938 ἦ
1524 1867 1801 1936 φοϐεῖσθαι
1842 1865 1936 1934 φό-

369 1963 464 2016 ϐον
510 1961 862 2032 ἀνθρώπινον,
913 1961 1028 2014 δέον
1075 1960 1392 2031 ὑποτρέχειν
1429 1958 1524 2030 τὴν
1575 1958 1712 2030 ἐμὴν
1758 1960 1932 2025 σκιὰν,

374 2055 512 2125 μηδὲ
536 2055 836 2125 ἀναχωρεῖν
860 2053 1046 2123 αὐτῆς,
1091 2051 1226 2105 ἀλλὰ
1277 2051 1370 2104 καὶ
1420 2051 1546 2114 τοὺς
1593 2050 1781 2120 λόγους
1813 2068 1934 2125 μου

370 2123 602 2203 πάντοτε
623 2123 806 2218 ιρέρειν
827 2145 914 2198 διὰ
937 2145 1198 2215 στόματος
1221 2161 1236 2210 ἱ
1813 2123 1824 2138 .

448 2259 469 2293 ι
505 2240 614 2293 Καὶ
640 2242 755 2309 ὲρεῖ
782 2237 940 2302 Σιὼν,
969 2237 1109 2300 Λαός
1135 2254 1234 2308 μου
1256 2229 1306 2288 εἶ
1340 2234 1422 2289 σύ.
1468 2233 1770 2307 Ἐξεγείρου
1799 2275 1814 2300 ,
1851 2237 1936 2302 ἐξ·

371 2333 610 2404 εγείρου,
646 2331 928 2403 ἀνάστηθι,
965 2329 1338 2401 Ἰερουσαλὴμ,
1373 2330 1407 2399 ἡ
1433 2328 1629 2382 πιοῦσα
1653 2330 1717 2382 ἐκ
1756 2329 1936 2400 χειρὸς

360 2426 577 2498 Rapio-3
620 2424 680 2477 τὸ
703 2425 958 2496 ποτήριον
999 2422 1091 2476 τοῦ
1131 2421 1302 2493 θυμοῦ
1333 2420 1522 2474 αὑτοῦ*
1571 2420 1631 2474 τὸ
1681 2423 1934 2492 ποτήριον

365 2520 480 2590 ’γὰρ
510 2519 610 2588 τῆς
647 2515 918 2580 πτώσεως,
953 2515 1013 2569 τὸ
1047 2515 1200 2568 κόνδυ
1240 2513 1331 2567 τοῦ
1377 2511 1548 2583 θυμοῦ
1590 2512 1796 2577 ἐξέπιες
1841 2511 1934 2566 καὶ

369 2609 725 2675 ὲξεκένωσας.
756 2629 774 2661 ι
807 2610 988 2662 Ἔοικε
1019 2607 1301 2678 σημαίνειν
1328 2605 1415 2659 διὰ
1440 2604 1639 2658 τούτων
1656 2603 1752 2674 τὴν
1777 2603 1936 2673 ἐσχά-

371 2719 472 2774 την
503 2702 673 2771 αὐτῆς
704 2700 928 2766 πτῶσιν,
959 2702 1024 2771 ἢν
1056 2698 1289 2752 πέπονθε
1325 2696 1461 2770 μετὰ
1501 2696 1569 2749 τὰ
1599 2694 1934 2766 τολμηθέντα

371 2798 430 2848 ἐν
465 2797 599 2865 αὐτῇ
623 2793 762 2848 κατὰ
784 2792 877 2847 τοῦ
905 2793 1152 2864 Σωτῆρος
1184 2791 1338 2862 ἡμῶν
1359 2808 1370 2820 ·
1403 2789 1482 2842 διὸ
1517 2789 1610 2842 καὶ⁵
1642 2789 1739 2858 τῆς
1767 2787 1933 2858 ὀργῆς

371 2887 467 2940 τοῦ
493 2886 627 2940 Θεοῦ
660 2885 942 2956 ἐπειράθη.
967 2883 1211 2956 Χρηστὸς
1243 2883 1297 2935 δὲ
1327 2881 1399 2935 ὢν
1444 2883 1472 2934 ό
1513 2881 1668 2948 λόγος
1693 2879 1784 2932 καὶ
1817 2878 1935 2948 φιλ-

369 2979 690 3051 ἅνθρωπος,
758 2977 850 3030 καὶ
874 2975 888 2990 ⁸
917 2977 990 3048 μὴ
1061 2974 1375 3046 βουλόμενος
1421 2971 1511 3025 τὸν
1564 2971 1788 3025 θάνατον
1837 2971 1930 3024 τοῦ

2039 493 2284 548 cutiones
2345 503 2532 550 contra
2594 492 2892 549 Ecclesiam
2956 507 3131 547 meam
3188 493 3415 549 excitari
3462 502 3590 565 per.

2038 585 2214 639 mitto.
3292 641 3300 651 ,

2107 675 2272 731 Vens.
2307 677 2396 741 Η,
2429 677 2516 733 l6.
2552 696 2569 728 ι
2607 677 2758 732 Sicut
2789 676 2932 730 enim
2966 677 3222 745 cogitavit
3263 678 3452 734 tollere
3504 690 3592 744 tc,

2035 777 2086 822 et
2118 783 2257 824 nunc
2280 770 2363 822 ubi
2392 780 2473 823 est
2500 769 2649 823 furor
2672 768 2978 822 tribulantis
2998 771 3080 824 te?
3103 768 3233 824 Cum
3253 772 3398 824 enim
3417 773 3596 825 salva-

2037 861 2203 924 lu-ris,
2238 877 2342 916 non
2377 862 2580 927 stabit,
2607 876 2778 929 neque
2802 861 2889 914 ditt
2918 864 3248 929 permanebit
3280 880 3294 916 :
3332 867 3455 932 quia
3492 879 3596 931 ego

2037 955 2177 1008 Deus
2213 965 2354 1016 tuus,
2388 955 2476 1022 qui
2523 955 2785 1008 conturho
2819 970 2988 1019 mare,
3013 966 3064 1006 et
3111 970 3302 1009 sonare
3329 955 3468 1010 facio
3496 955 3595 1008 ﬂu-

2035 1055 2152 1099 ctus
2181 1046 2296 1115 ejus
2330 1086 2345 1111 ,
2377 1046 2633 1101 Dominus
2684 1045 2920 1101 Sabaoth
2965 1062 3154 1100 nomen
3190 1048 3340 1100 tuihi.
3393 1047 3590 1102 Ponant

2033 1140 2195 1192 verba
2228 1155 2346 1193 mea
2401 1140 2452 1193 in
2487 1155 2581 1193 ore
2613 1147 2704 1191 tuo
2727 1177 2742 1200 ,
2775 1148 2830 1191 et
2862 1139 2960 1191 sub
2990 1138 3177 1191 umbra
3216 1155 3406 1192 manus
3460 1156 3593 1193 mea:

2033 1242 2306 1299 protegam
2349 1242 2417 1293 te,
2456 1231 2508 1284 in
2541 1247 2642 1298 qua
2675 1231 2836 1284 statui
2866 1231 3058 1285 cmlum
3087 1271 3101 1295 ,
3135 1242 3188 1284 et
3220 1231 3434 1284 fundavi
3488 1242 3593 1286 ter-

2035 1337 2170 1374 ram.
2205 1340 2223 1373 ι
2265 1321 2341 1375 ΝΘ
2373 1323 2502 1390 quid
2535 1324 2743 1376 adversi
2775 1323 2995 1391 patiaris
3025 1324 3092 1376 ab
3121 1326 3546 1392 oppugnantibus
3571 1364 3591 1392 ,

2037 1414 2143 1468 imo
2171 1424 2226 1468 ut
2257 1415 2631 1479 coafideutior,
2657 1417 3016 1484 imperterrita
3047 1426 3099 1470 et
3133 1417 3450 1470 introre-ossa
3476 1433 3595 1484 per-

2035 1517 2177 1570 stes,
2216 1509 2392 1561 discas
2430 1524 2513 1562 me
2547 1523 2706 1561 manu
2744 1524 2858 1561 mea
2887 1548 2903 1573 ,
2937 1523 3038 1574 qua
3089 1507 3251 1558 statui
3293 1509 3486 1560 coelum
3542 1519 3596 1566 rt

2033 1601 2249 1655 fundavi
2285 1614 2483 1655 terram
2517 1639 2532 1666 ,
2582 1612 2635 1656 et
2665 1602 2975 1656 universum
3021 1602 3273 1653 mundum
3309 1616 3374 1655 ex
3423 1603 3592 1658 nihilo

2035 1692 2098 1744 ad
2135 1693 2502 1746 exsistentiam
2534 1695 2783 1761 produxi,
2809 1705 2860 1748 te
2891 1703 3256 1760 protecturum
3284 1709 3403 1748 esse
3439 1697 3593 1763 polli-

2035 1785 2164 1838 ceri.
2201 1785 2335 1849 Quid
2367 1799 2494 1854 ergo
2547 1785 2761 1854 angeris
2790 1823 2805 1848 ,
2843 1794 2934 1837 aut.
2982 1785 3254 1839 htuninum
3286 1788 3594 1846 'formitlino

2034 1878 2332 1945 occuparis,
2361 1894 2483 1932 cum
2525 1879 2590 1933 ad
2622 1880 2864 1931 umbram
2905 1894 3076 1932 meam
3110 1879 3401 1951 confugere
3423 1921 3438 1947 ,
3492 1898 3593 1938 nec

2036 1970 2102 2024 ab
2134 1985 2195 2022 ea
2224 1971 2474 2025 recedere
2499 1981 2765 2040 oporteat,
2785 1983 2946 2041 atque
2973 1985 3251 2026 sermones
3285 1989 3432 2030 meos
3452 1991 3590 2030 sem-

2035 2077 2131 2133 per
2162 2063 2213 2117 in
2248 2078 2341 2117 ore
2368 2064 2510 2117 ferre
2535 2079 2670 2132 opus
2696 2065 2764 2118 sit
2790 2063 2813 2116 ?

2104 2238 2266 2294 Vens.
2313 2240 2396 2293 Π.
2432 2259 2449 2292 ι
2488 2241 2552 2296 Et
2586 2242 2729 2297 dicet
2781 2241 2932 2304 Sion.
2975 2241 3207 2314 Populus
3235 2261 3384 2303 meus
3421 2264 3480 2304 es
3507 2260 3585 2308 tu.

2034 2331 2310 2398 Excitare,
2339 2335 2599 2400 excitare,
2624 2350 2876 2404 exsurge,
2909 2336 3230 2404 Jerusalem,
3257 2354 3377 2409 qua:
3404 2341 3586 2397 bibisti

2033 2424 2099 2478 de
2127 2440 2283 2479 manu
2313 2425 2522 2480 Domini
2556 2428 2776 2481 calicem
2803 2429 3000 2482 furoris
3021 2428 3135 2497 ejus
3167 2452 3178 2484 :
3203 2431 3422 2486 calicem
3443 2434 3588 2488 enim

2034 2516 2203 2569 ruina:
2230 2556 2245 2580 ,
2279 2527 2334 2571 et
2377 2519 2623 2587 poculum
2669 2519 2868 2574 furoris
2899 2519 3014 2587 ejus
3041 2522 3253 2577 ebibisti
3285 2534 3339 2578 et
3363 2539 3592 2579 evacua-

2033 2609 2124 2662 Sli.
2159 2627 2179 2661 ι
2213 2608 2304 2664 llis
2325 2609 2536 2664 videtur
2564 2611 2871 2679 significare
2893 2623 3188 2666 extremam
3217 2614 3332 2680 ejus
3354 2615 3584 2680 ruinam,

2031 2715 2192 2768 quam
2241 2709 2361 2770 post
2409 2710 2712 2770 perpetrata
2760 2701 2958 2756 ibidem
3011 2711 3202 2757 cantra
3251 2703 3585 2759 Salvatorem

2034 2802 2271 2847 nostrum
2304 2792 2541 2847 facinora
2577 2807 2826 2863 perpessa
2855 2803 2940 2847 est
2967 2812 2981 2846 :
3009 2809 3178 2862 quare
3215 2794 3349 2848 iram
3383 2794 3473 2850 Dei
3493 2810 3588 2848 ex.

2034 2892 2179 2954 perta
2204 2891 2303 2938 est.
2326 2883 2457 2939 Cum
2473 2891 2648 2938 autem
2669 2884 2755 2940 hic
2773 2899 2948 2940 sermo
2969 2885 3077 2955 (40)
3100 2888 3503 2942 mansuetudine
3533 2899 3590 2944 et

2033 2975 2368 3031 humanitate
2409 2975 2600 3046 plenus
2643 2976 2752 3042 sit,
2795 2991 2969 3046 neque
3013 2979 3139 3034 velit
3189 2978 3329 3034 Deus
3359 2991 3586 3038 mortem

372 3068 718 3142 ἁμαρτωλοῦ,
761 3068 838 3132 ὼς
858 3069 955 3138 τὴν
993 3066 1276 3139 μετάνοιαν
1316 3067 1500 3131 αὐτοῦ,
1553 3065 1803 3138 παραινεῖ
1838 3063 1933 3116 αύ-

2036 3069 2328 3139 peccatoris
2352 3108 2366 3130 .
2401 3070 2541 3124 sicut
2591 3069 2963 3140 pmnitentiam
2996 3068 3132 3138 ejus,
3165 3071 3410 3126 hortatur
3433 3073 3589 3144 ipsos

371 3166 484 3225 τοῖς
509 3162 754 3215 σπεύδειν
783 3162 862 3224 εἰς
901 3160 1204 3232 μετάνοιαν,
1237 3160 1565 3231 ὑπογράφων
1610 3156 1818 3226 ἀγαθὰς
1848 3156 1934 3210 EA-

372 3252 532 3316 πίδας
555 3256 600 3307 εἰ
629 3253 1024 3324 μετανοήσειεν.
1071 3251 1278 3305 Οὐκοῦν
1326 3251 1676 3322 Ἰερουσαλήμ
1712 3251 1858 3303 ἐστιν
1895 3250 1930 3321 ἡ

373 3345 576 3400 πιοῦσα
600 3346 662 3398 τὸ
695 3345 948 3416 ποτήριον
979 3344 1077 3414 τῆς
1097 3344 1285 3416 ὀργῆς.
1323 3345 1433 3397 Καὶ
1466 3343 1612 3396 ἐστιν
1642 3341 1800 3414 ἑτέρα
1838 3340 1934 3394 Ἰε-

377 3435 677 3507 ρουσαλὴμ,
719 3436 846 3507 περὶ
876 3430 942 3508 ἦς
971 3433 1039 3488 τὰ
1072 3434 1302 3505 μάλιστα
1339 3433 1600 3498 θεσπίζει.
1652 3433 1847 3504 Διόπερ
1871 3431 1932 3485 οὐ

373 3529 480 3600 χρὴ
514 3527 846 3598 συγχεῖσθαι,
893 3527 1012 3579 οὐδὲ
1044 3525 1280 3598 νομίζειν
1326 3527 1453 3598 περὶ
1501 3508 1598 3596 τῆς
1645 3526 1814 3596 αὐτῆς
1849 3523 1934 3577 λέ-

373 3621 586 3690 γεσθαι,
617 3620 735 3674 οὐδὲ
758 3620 990 3673 ἐναντία.
1028 3619 1091 3672 Ἠ
1127 3618 1224 3690 μὲν
1265 3618 1370 3689 γάρ
1413 3619 1557 3671 ἐστιν
1595 3619 1652 3671 ὲν
1696 3616 1931 3689 οὐρανῷ,

372 3710 444 3785 ἧς
472 3713 565 3767 καὶ
595 3711 895 3782 βασιλεύειν
922 3711 1136 3780 λέγεται
1163 3710 1192 3761 ό
1223 3709 1372 3774 Θεὸς,
1403 3706 1469 3781 ἧς
1495 3708 1603 3762 οὔτ’
1642 3695 1777 3779 ὀργὴ
1812 3708 1933 3763 οὔτε

374 3802 549 3874 θυμὸς
593 3803 846 3856 ἅπτεται·
892 3799 1100 3872 ἀπέδρα
1142 3798 1249 3870 γὰρ
1293 3797 1452 3869 ὀδύνη
1498 3798 1593 3851 καὶ¹
1639 3797 1801 3869 λύπη,
1840 3797 1934 3852 καὶ

374 3892 678 3964 στεναγμὸς
709 3893 767 3960 ἐξ
808 3893 1001 3963 αὐτῆς·
1035 3893 1066 3962 ἡ
1097 3889 1152 3943 δέ
1198 3891 1312 3943 ἐστι
1344 3887 1651 3942 συνεστῶσα
1697 3889 1789 3941 ἐπὶ
1832 3888 1935 3960 γῆς

371 3985 469 4038 τοῦ
498 3983 634 4037 Θεοῦ
658 3983 828 4046 πόλις,
860 3983 926 4036 δι’
967 3978 1034 4056 ἦς
1067 3981 1453 4056 ἀπεδείκνυμεν
1487 3979 1842 4050 σημαίνεσθαι
1874 3981 1935 4034 τὸ

373 4075 627 4138 θεοσεϐὲς
662 4076 719 4128 ὲν
752 4074 1058 4145 ἀνθρώποις
1114 4074 1440 4144 πολίτευμα·
1487 4073 1647 4142 ἑτέρα
1677 4071 1734 4123 δὲ
1786 4075 1934 4144 παρὰ

370 4166 582 4229 ταύτας
611 4165 726 4219 ἐστὶ
759 4167 790 4236 ἡ
825 4165 918 4218 τοῦ
952 4164 1122 4236 θυμοῦ
1145 4163 1237 4218 τοῦ
1266 4165 1401 4219 Θεοῦ
1438 4164 1812 4236 πεπειραμένη
1848 4165 1933 4220 διὰ

369 4260 475 4331 τῆς
498 4260 604 4314 τῶν
632 4260 928 4330 οἰκητόρων
961 4258 1319 4330 παρανομίας.

453 4369 472 4402 ι
512 4351 621 4403 Καὶ
653 4353 750 4404 ούκ
792 4347 859 4421 ἦν
896 4351 925 4402 ὁ
958 4351 1288 4422 παρακαλῶν
1322 4369 1379 4404 σε
1420 4350 1528 4405 ἀπὸ
1571 4352 1784 4406 πάντων
1827 4353 1934 4405 τῶν

2035 3170 2095 3216 ιιι
2144 3163 2212 3216 ad
2282 3161 2647 3231 paenitentiam
2712 3161 2974 3233 agendam
3041 3172 3344 3231 maturent,
3394 3165 3588 3222 bonam

2034 3254 2164 3325 ipsis
2190 3269 2360 3325 spem,
2389 3255 2432 3309 si
2463 3254 2808 3324 resipiscam.
2849 3254 3153 3310 ascribens.
3202 3254 3388 3326 Itaque
3436 3253 3590 3312 Jeru-

2033 3347 2196 3402 salem
2227 3355 2330 3410 est,
2356 3361 2475 3415 quae
2506 3346 2729 3400 calicem
2760 3346 2853 3400 ira:
2879 3345 3064 3401 ebibit.
3097 3347 3298 3417 Estque
3323 3364 3454 3404 sane
3479 3349 3585 3405 alia

2032 3437 2354 3504 Jerusalem,
2382 3440 2448 3492 de
2473 3453 2577 3507 qua
2611 3437 2920 3507 frequenter
2953 3439 3299 3494 vaticinatur.
3338 3441 3588 3510 Quapro-

2032 3541 2153 3601 pter
2180 3545 2284 3585 non
2319 3539 2533 3600 Oportet
2581 3543 2674 3583 eas
2725 3529 3080 3584 commiscere
3120 3541 3174 3585 et
3223 3532 3589 3600 confundere,

2034 3637 2203 3693 neque
2227 3636 2418 3692 putare
2441 3621 2508 3676 de
2531 3619 2717 3675 eadem
2751 3619 3026 3674 contraria
3055 3620 3304 3687 proferri.
3331 3619 3463 3675 Nam
3481 3623 3588 3678 alia

2033 3715 2086 3769 in
2115 3715 2252 3770 cmlo
2283 3722 2388 3778 est,
2419 3714 2470 3768 in
2502 3727 2605 3783 qua
2637 3725 2866 3782 regnare
2907 3711 3106 3766 dicitur
3139 3711 3298 3775 Deus,
3323 3721 3377 3766 et
3399 3715 3589 3767 adt-er.

2034 3823 2125 3862 sus
2155 3823 2313 3877 quam
2349 3821 2448 3884 nec
2472 3806 2549 3860 ira
2584 3820 2683 3860 nec
2713 3805 2864 3858 furor
2887 3803 3232 3867 accenditur;
3261 3804 3329 3857 ab
3350 3819 3408 3856 ea
3437 3820 3586 3858 nant-

2034 3915 2136 3969 que
2159 3899 2329 3965 dolor,
2355 3915 2555 3955 urmror
2596 3913 2660 3953 ac
2700 3897 2932 3968 gemitus
2977 3896 3278 3964 abscessit;
3315 3896 3416 3950 alia
3456 3912 3586 3952 veru

2033 3992 2222 4047 civitas
2253 3993 2344 4047 Dei
2379 3992 2430 4046 in
2461 3999 2605 4046 terra
2642 3981 2944 4045 consiStens
2973 3999 3088 4051 est,
3119 4003 3279 4058 quam
3307 3989 3586 4060 signilica-

2035 4099 2092 4140 re
2139 4085 2370 4154 diximus
2397 4084 2705 4154 religiosum
2736 4082 2874 4150 apud
2910 4083 3153 4136 homines
3196 4081 3405 4135 vivendi
3439 4082 3589 4136 iusti.

2037 4187 2205 4230 tutum
2231 4194 2245 4243 ;
2282 4153 2476 4244 praeter
2506 4153 2666 4229 hasce
2691 4187 2817 4226 vero
2839 4172 2941 4225 alia
2971 4182 3074 4239 est,
3094 4173 3226 4226 iram
3249 4173 3338 4227 Dei
3366 4180 3584 4241 experta

2035 4269 2101 4322 ob
2130 4269 2324 4322 civium
2360 4283 2576 4322 suorum
2611 4265 2972 4334 iniquitatem.

2114 4359 2270 4415 \‘ens.
2305 4360 2390 4423 18,
2442 4359 2522 4412 19.
2565 4377 2584 4409 ι
2628 4359 2690 4413 Et
2719 4367 2969 4415 uouerat
2997 4357 3086 4430 qui
3118 4357 3484 4412 consolaretur
3533 4365 3585 4409 te

367 4443 578 4499 τέκνων
613 4461 726 4508 σου,
767 4435 842 4495 ῶν
875 4442 1089 4505 ἔτεκες·
1127 4442 1218 4495 καὶ
1261 4443 1358 4496 οὐκ
1402 4438 1469 4513 ἦν
1493 4445 1521 4495 ό
1549 4441 1933 4512 ἀντιλαμϐανό-

2042 4467 2103 4504 ex
2137 4452 2385 4506 erunibus
2415 4451 2537 4504 filiis
2565 4452 2689 4514 tuis,
2725 4448 3142 4522 quos'peper-isti
3178 4471 3190 4506 :
3220 4462 3271 4507 et
3322 4468 3425 4506 non
3471 4460 3588 4506 erit

373 4554 539 4609 μενος
567 4537 664 4607 τῆς
689 4535 866 4607 χειρός
883 4552 995 4599 σου,
1019 4533 1137 4587 οὐδὲ
1161 4534 1266 4590 ἀπὸ
1282 4535 1496 4590 πάντων
1523 4534 1628 4588 τῶν
1658 4535 1786 4588 υἱῶν
1817 4552 1931 4601 σου,

367 4625 448 4686 ῶν
478 4631 718 4701 ὖψωσας.
759 4628 849 4681 Διὸ
880 4628 1048 4682 ταῦτα
1098 4627 1444 4699 ἀντικείμενα
1483 4643 1595 4681 σοι’
1631 4629 1714 4690 τίς
1746 4627 1936 4680 συλλυ-

371 4721 680 4796 πηθήσεταί
732 4737 847 4787 σοι;
897 4721 1104 4792 Πτῶμα
1137 4722 1230 4774 καὶ
1273 4720 1600 4794 σύντριμμα,
1645 4720 1800 4791 λιμὸς
1841 4721 1934 4773 καὶ

373 4817 652 4888 μάχαιρα’
685 4814 768 4879 τίς
797 4814 1159 4887 παρακαλέσει
1188 4831 1246 4867 σε
1271 4831 1285 4881 ;
1325 4835 1342 4866 ι
1379 4817 1527 4868 Πίνει
1555 4815 1612 4869 δέ
1641 4832 1723 4878 τις
1745 4813 1806 4866 τὸ
1836 4831 1934 4867 πο-

366 4910 563 4980 τήριον
593 4907 764 4978 θυμοῦ
789 4909 880 4960 καὶ
909 4907 1182 4969 πτώσεως,
1209 4908 1302 4960 καὶ
1344 4907 1508 4958 πίνων
1533 4904 1933 4976 ἐκστραγγὶζει,

371 5003 463 5055 ὅτε
490 5002 667 5065 πάσας
697 5001 985 5072 ὑφίσταται
1015 4999 1115 5064 τὰς
1148 4998 1412 5070 τιμωρίας
1446 4996 1658 5060 καὶτὰς
1691 4996 1934 5058 κολάσεις

369 5093 472 5158 τὰς
498 5094 838 5166 ἐπαγομένας
877 5094 1013 5166 ὑπὲρ
1047 5086 1120 5146 ὧν
1155 5092 1388 5165 ἔπραξεν
1422 5090 1800 5161 ἀτοπημάτων.
1847 5087 1934 5151 Ὠς

370 5187 430 5241 δὲ
459 5188 654 5260 ἰατρῶν
683 5188 868 5251 παῖδες
894 5179 1005 5248 τοῖς
1032 5183 1353 5254 καχεκτοῦσι
1403 5182 1601 5254 πικρὰς
1632 5179 1935 5252 προσάγου-

371 5295 462 5335 σιν
483 5281 796 5345 ἀντιδόσεις,
818 5280 958 5351 ὑπὲρ
980 5276 1073 5331 τοῦ
1093 5275 1323 5348 καθᾶραι
1359 5275 1456 5346 τὴν
1504 5275 1561 5328 ὲν
1601 5271 1678 5343 τῷ
1725 5269 1934 5341 σώματι

371 5374 739 5446 προκειμένην
772 5373 1039 5428 κάκωσινθ
1076 5368 1216 5423 οὕτω
1255 5371 1347 5423 καὶ
1387 5370 1514 5440 περὶ
1552 5367 1643 5422 τοῦ
1670 5365 1800 5420 Θεοῦ
1846 5366 1932 5419 λέ-

370 5464 581 5529 λεκται,
609 5483 628 5517 ι
654 5467 913 5538 Ποτήριον
941 5466 999 5519 ὲν
1033 5462 1174 5535 χειρὶ
1201 5463 1424 5534 Κυρίου,
1455 5462 1597 5517 οῐνου
1622 5461 1879 5533 ἀκράτου,
1901 5481 1921 5513 ι

450 5562 499 5594 ”
535 5560 678 5616 Psal.
717 5577 896 5626 Lxstv,
923 5561 978 5617 9.

2040 4545 2128 4612 qui
2181 4543 2604 4613 apprehenderet
2637 4560 2854 4598 manum
2901 4555 3086 4609 tuam,
3124 4560 3189 4598 ne
3220 4559 3284 4598 ex
3339 4545 3588 4601 omnibus

2039 4635 2251 4704 quidem
2289 4635 2410 4689 filiis
2434 4635 2538 4689 tuis
2562 4674 2577 4699 ,
2609 4651 2744 4705 quos
2773 4637 3042 4691 exaltasti.
3084 4635 3262 4701 Quare
3291 4637 3404 4692 haec
3449 4654 3585 4692 con-

2041 4727 2202 4781 traria
2237 4726 2331 4781 tibi
2379 4741 2394 4781 :
2439 4729 2559 4797 quis
2589 4738 2761 4783 tecum
2799 4729 3257 4783 contristabitur?
3311 4729 3483 4784 Ruina
3531 4741 3586 4786 et

2039 4819 2312 4885 contritio,
2347 4819 2514 4873 fames
2539 4827 2592 4874 et
2625 4820 2863 4888 gladius;
2899 4821 3018 4890 quis
3046 4820 3408 4876 consolabitur
3437 4823 3531 4877 te?
3559 4843 3580 4876 ν

2039 4910 2171 4967 Tum
2197 4914 2317 4983 quis
2344 4912 2568 4967 calicem
2623 4912 2714 4967 ira!
2743 4923 2798 4967 et
2831 4913 2996 4966 ruina:
3035 4913 3232 4981 ebibit,
3280 4929 3344 4968 ac
3397 4915 3588 4970 bibens

2039 5006 2287 5075 guttatim
2328 5005 2533 5070 haurit,
2563 5019 2681 5058 cum
2723 5004 2897 5058 omnia
2930 5003 3186 5073 supplicia
3213 5044 3228 5068 ,
3253 5019 3440 5059 omnes
3473 5006 3589 5059 illa-

2041 5097 2404 5152 toscrueiatus
2432 5097 2658 5151 sustinet
2686 5111 2782 5166 pro
2801 5095 3089 5150 sceleribus
3110 5096 3375 5150 admissis.
3392 5095 3590 5161 Quem-

2037 5190 2318 5244 admodum
2351 5205 2476 5245 vero
2505 5190 2696 5244 medici
2749 5189 2888 5245 male
2919 5189 3240 5243 habentibus
3280 5190 3470 5245 acerba
3502 5206 3590 5244 rr-

2039 5281 2208 5334 media
2251 5279 2482 5336 oll'erunt
2508 5321 2523 5346 ,
2571 5291 2629 5334 ut
2674 5279 3054 5349 malignitatem
3085 5279 3136 5333 in
3167 5295 3388 5350 corpore
3439 5282 3588 5335 exsi-

2034 5382 2264 5427 stentem
2293 5384 2608 5444 expurgem,
2637 5373 2706 5428 ita
2730 5384 2784 5427 et
2815 5373 2881 5427 dc
2914 5373 3018 5427 Deo
3037 5372 3254 5438 dicitur,
3300 5391 3318 5427 ι
3342 5373 3488 5429 Calix
3527 5374 3580 5428 in

2035 5484 2192 5524 manu
2225 5470 2454 5536 Domini,
2481 5469 2584 5524 vini
2610 5471 2740 5525 meri
2759 5469 2826 5535 ”,
2862 5486 2882 5521 ι
2907 5477 2957 5523 et
2974 5480 3186 5524 caetera.
3219 5469 3428 5525 Atenim
3465 5468 3585 5523 ani-

445 5656 557 5725 (40)
576 5656 852 5730 Ροτιογγοι
871 5656 1077 5730 Graeca,
1101 5657 1387 5730 λόγοςφτρ
1402 5655 1535 5712 Filio
1559 5657 1650 5713 Dei
1682 5659 1858 5730 aptius
1887 5674 1933 5712 ει

2039 5668 2208 5722 retur,
2248 5657 2509 5730 siquidem
2537 5654 2622 5711 ille
2658 5654 2814 5726 λόγος
2835 5656 3032 5714 dicitur
3057 5657 3132 5730 μὴ
3153 5656 3467 5730 βουλόμενος
3491 5651 3581 5707 τὸν

373 5727 602 5782 θάνατον
613 5727 707 5781 τοῦ
729 5726 1068 5800 ἀμαρτωλοῦ,
1089 5729 1228 5799 quod
1251 5726 1314 5783 de
1339 5727 1467 5794 Deo,
1491 5744 1592 5782 non
1618 5731 1681 5784 de
1707 5726 1933 5798 Scriptut

2035 5731 2112 5784 lici
2141 5731 2294 5785 solet.
2324 5726 2479 5781 Ευιτ.
