4108 6204
530 272 636 329 451

1177 268 1451 325 EUSEBII
1488 268 1967 328 C/ESARIENSIS
2003 270 2154 329 OPP.
2194 272 2374 329 PARS
2411 273 2497 329 Ill.
2536 303 2606 315 -—-
2643 272 3057 331 EXEGETICA.

3611 272 3751 330 ’Διὕὲ

532 385 875 445 marumille
913 385 1196 452 medicus,
1247 382 1450 438 morbis
1496 384 1690 439 animae
1739 386 2073 442 insidentibu:

2198 388 2288 440 καὶ
2327 387 2394 440 τὰ
2440 386 2584 457 ἑξῆς.
2630 388 2929 457 Ἀναλόγως
2967 404 3075 459 γαρ
3114 388 3226 450 τοῖς
3271 382 3643 457 ὑποκειμένοις
3683 392 3749 461 τῇ

529 491 889 550 congruentes
918 477 1323 547 castigationes,
1359 477 1512 545 quasi
1541 478 1833 546 quamdam
1874 480 2085 535 antido-

532 585 647 629 tum
678 574 741 628 ad
778 571 1035 627 medelam
1066 579 1121 625 et
1147 570 1521 639 purgationem
1542 572 1825 639 praesentis
1864 570 2088 626 infirmi-

530 669 680 730 tatis,
710 664 934 736 profert.

606 759 765 813 Vsus.
794 755 880 809 20.
920 773 938 806 ι
988 754 1109 809 Filii
1154 756 1230 808 lui
1266 753 1606 825 indigentes,
1656 755 1983 811 dormientes
2033 756 2085 810 in

529 852 779 921 compitis
825 851 1063 903 omnium
1115 848 1363 913 viarum,
1398 848 1540 903 sicut
1586 848 1709 902 beta
1757 849 2084 915 setnicocta,

527 945 676 1014 pleni
726 943 908 997 furore
960 942 1214 1006 Domini,
1274 940 1590 994 deficientes
1651 954 1747 1009 per
1805 941 2085 995 Dominum

532 1037 719 1091 Deum.
770 1055 788 1087 ›
830 1034 1136 1090 Secundum
1188 1034 1423 1104 reliquos
1456 1035 1780 1105 interpretes
1818 1051 1918 1103 pro
1952 1036 2046 1091 illo
2070 1075 2086 1103 ,

531 1147 553 1181 ι
597 1130 739 1185 sicut
786 1128 910 1182 beta
938 1129 1259 1193 senticocta,
1302 1147 1320 1181 ι
1356 1128 1434 1183 sic
1488 1128 1703 1199 legitur,
1763 1146 1801 1181 ιε
1833 1138 2086 1199 tanquam

526 1238 661 1293 oryx
690 1222 949 1276 irretitus.
990 1240 1007 1271 ι
1050 1221 1195 1290 Oryx
1222 1229 1399 1274 autem
1436 1229 1518 1275 est
1549 1222 1663 1274 avis
1693 1221 1772 1275 sic
1802 1221 2085 1289 appellata,

522 1320 610 1370 cui
650 1316 787 1369 lilios
817 1314 1113 1369 Jerusalem
1145 1322 1442 1382 comparat,
1470 1312 1677 1367 retibus
1709 1312 1908 1367 diaboli
1949 1313 2089 1368 irre-

527 1410 652 1463 titos
680 1426 693 1463 :
723 1408 1070 1478 quamobrem
1107 1408 1200 1461 irae
1232 1405 1412 1460 traditi
1446 1416 1590 1460 sunt.

601 1589 757 1645 Vens.
787 1591 877 1651 2‘1.
902 1590 993 1645 22.
1023 1611 1041 1643 r
1065 1591 1352 1658 Propterea
1380 1589 1524 1652 audi,
1552 1589 1828 1644 liumiliata
1846 1599 1899 1645 et
1919 1589 2085 1657 ebria,

524 1696 633 1736 non
662 1683 786 1736 vino
824 1702 836 1735 :
887 1682 966 1735 sic
998 1682 1127 1735 dicit
1161 1681 1421 1735 Dominus
1458 1679 1617 1744 Deus,
1646 1681 1735 1750 qui
1762 1680 1965 1749 judicat
1989 1698 2084 1752 po-

2185 478 2328 551 ψυχῇ
2377 479 2604 533 πάθεσιν
2654 481 2682 532 ό
2722 482 2828 534 τῶν
2874 481 3063 553 ψυχῶν
3116 481 3297 553 ἰατρὸς
3346 481 3443 544 τὰς
3490 482 3753 551 τιμωρίας

2187 570 2321 640 αὐτῇ
2347 572 2629 641 προσάγει,
2670 572 2856 644 ὥσπερ
2891 573 3041 637 τινὰς
3082 574 3386 637 ἀντιδότους
3436 573 3754 645 θεραπευτι-

2186 661 2288 725 κάς
2314 663 2407 716 ἐπὶ
2439 664 2701 735 καθάρσει
2722 666 2822 736 τῆς
2854 667 3218 739 προκειμένης
3252 667 3469 730 κακίας.

2262 774 2281 807 ‹
2318 758 2380 810 Οί
2418 757 2520 810 υἱοί
2556 776 2649 811 σου
2690 760 2739 811 οἱ
2783 759 3161 829 ἀπορούμενοι,
3198 761 3248 814 οἱ
3283 760 3632 823 καθεύδοντες
3669 760 3757 812 ἐπ’

2186 847 2352 921 ἄκρου
2382 851 2560 922 πάσης
2587 849 2787 916 ἐξόδου,
2827 851 2903 915 ὡς
2938 851 3175 904 σεύτλιον
3219 851 3501 922 ήμίεφθον,
3542 852 3589 903 οί
3630 849 3760 921 πλή-

2188 957 2301 1010 ρεις
2363 941 2534 1012 θυμοῦ
2579 944 2818 1015 Κυρίου,
2880 944 3221 1015 ἐκλελυμένοι
3274 944 3361 999 διὰ
3412 944 3617 1015 Κυρίου
3661 944 3755 997 τοῦ

2186 1034 2339 1088 Θεοῦ.
2389 1054 2407 1087 ι
2452 1036 2608 1090 Κατὰ
2651 1039 2775 1102 τοὺς
2823 1038 3041 1101 λοιποὺς
3085 1037 3423 1109 ὲρμηνευτάς
3472 1037 3590 1090 ἀντὶ
3635 1036 3755 1105 τοῦ,

2193 1147 2211 1179 ι
2253 1129 2328 1192 ὡς
2359 1129 2596 1185 σεύτλιον
2629 1130 2913 1202 ἡμίεφθον,
2956 1150 2975 1183 ι
3005 1161 3077 1171 --
3114 1150 3132 1182 ι
3174 1132 3248 1194 ὡς
3277 1129 3425 1201 ὅρυξ,
3467 1148 3485 1180 ι
3518 1130 3754 1202 εἴρηται,

2192 1239 2212 1271 r
2248 1222 2843 1295 ὴμφιϐληστρευμένος.
2883 1243 2901 1275 ι
2938 1225 3159 1293 Ὄρνεον
3184 1223 3239 1276 δέ
3267 1225 3411 1276 ἐστιν
3435 1222 3585 1295 όρυξ,
3613 1221 3756 1276 οὕτω

2187 1312 2535 1385 καλούμενον,
2628 1317 2961 1388 παραϐάλλει
2996 1317 3122 1379 τοὺς
3153 1317 3301 1379 υἱοὺς
3336 1316 3434 1387 τῆς
3488 1316 3756 1387 Ἰερουσα-

2188 1404 2316 1476 λὴμ,
2346 1408 2741 1481 ἀμφιϐλήστρῳ
2772 1409 2863 1462 τοῦ
2897 1410 3141 1463 διαϐόλου
3180 1408 3635 1480 περιϐληθέντας’
3674 1408 3756 1461 διὸ

2188 1496 2281 1549 καὶ
2312 1496 2388 1568 τῷ
2416 1498 2571 1569 θυμῷ
2602 1501 2992 1572 παρεδόθησαν.

2264 1608 2283 1639 ‹
2324 1591 2421 1644 Διά
2456 1592 2599 1645 τοῦτ’
2646 1593 2829 1657 ἄκουε,
2880 1594 3316 1665 τεταπεινωμένη
3355 1612 3449 1648 και
3480 1594 3755 1665 μεθύουσα

2186 1680 2284 1733 οὐκ
2316 1682 2421 1735 ἀπὸ
2448 1684 2588 1736 οἴνου
2608 1700 2621 1715 ·
2645 1685 2782 1738 οὕτω
2797 1686 2941 1755 λέγει
2958 1687 3156 1759 Κύριος
3176 1691 3204 1741 ὀ
3221 1688 3349 1752 Θεὸς
3377 1691 3404 1741 ὁ
3434 1689 3633 1759 κρίνων
3657 1687 3752 1742 τὸν

526 1771 704 1840 pulum
754 1786 911 1825 suum
947 1788 961 1825 :
995 1771 1132 1825 Ecce
1184 1772 1367 1840 accepi
1404 1771 1469 1826 de
1524 1786 1683 1824 manu
1719 1780 1807 1825 tua
1856 1771 2073 1826 calicem

2180 1772 2303 1826 λαὸν
2340 1776 2522 1829 αὑτοῦ·
2565 1796 2583 1828 r
2627 1779 2754 1831 Ἰδοὺ
2784 1779 2980 1849 εἴληφα
3015 1756 3079 1833 ὲκ
3115 1784 3214 1851 τῆς
3240 1781 3419 1852 χειρός
3453 1756 3545 1833 σου
3575 1779 3637 1833 τὸ
3663 1797 3754 1833 πο-

523 1863 715 1928 ruinre,
743 1862 991 1932 poculum
1036 1866 1127 1916 ira:
1156 1878 1286 1916 meae
1306 1901 1318 1922 ,
1351 1876 1450 1915 nec
1478 1862 1698 1931 adjicies
1732 1862 1869 1917 ultra
1900 1863 2084 1918 bibere

521 1954 674 2009 illud.
736 1972 754 2005 ι
804 1952 1186 2023 Hierosolyma:
1226 1952 1505 2021 pollicetur
1553 1954 1859 2008 ablaturum
1907 1968 1965 2008 se
2014 1957 2082 2010 ab

518 2058 582 2101 ea
639 2059 760 2100 esse
819 2044 1042 2099 calicem
1096 2042 1333 2109 furoris;
1384 2044 1428 2097 si
1479 2053 1656 2099 tamen
1712 2044 2082 2113 penitentiam

519 2149 663 2211 agat.
691 2139 821 2193 lllud
843 2138 983 2193 enim
1010 2178 1025 2203 ,
1052 2154 1071 2187 ‹
1102 2135 1239 2189 Ecce
1273 2135 1391 2199 tuli,
1434 2154 1453 2187 ι
1491 2136 1689 2190 dicitur
1711 2151 1811 2205 pro
1832 2176 1847 2203 ,
1884 2155 1903 2188 ‹
1940 2138 2084 2193 acci-

669 2271 683 2283 .
721 2250 739 2282 ι

519 2248 756 2378 plavnt‘ms.
788 2322 881 2377 9.3.
918 2339 936 2371 ι
963 2320 1030 2374 Et
1053 2320 1191 2373 dabo
1225 2318 1351 2373 illud
1381 2318 1433 2373 in
1459 2333 1649 2373 manus
1676 2332 1885 2384 eorum,
1913 2319 2004 2388 qui
2031 2328 2081 2375 te

518 2416 812 2476 laeserunt,
860 2419 913 2466 et
963 2409 1412 2475 bumiliavcrunt;
1448 2409 1537 2478 qui
1589 2410 1843 2462 dixerunt
1888 2410 2081 2464 animat

522 2518 625 2561 tua:
655 2520 672 2559 :
702 2503 966 2559 lnclinare
990 2543 1005 2569 ,
1030 2508 1088 2556 ut
1111 2510 1491 2571 praztereamus
1520 2519 1533 2554 :
1567 2509 1620 2555 et
1649 2500 1872 2570 posuisti
1896 2516 2081 2570 aequa-

519 2600 588 2653 lia
643 2608 798 2653 terra:
828 2595 999 2649 media
1037 2604 1125 2647 tua
1157 2592 1287 2647 foris
1318 2592 1747 2646 transeuntibus.
1801 2611 1820 2644 ι
1869 2592 2078 2648 Verisi-

521 2690 645 2745 mile
688 2703 849 2759 porro
893 2698 1000 2750 est,
1033 2685 1147 2740 haec
1176 2685 1339 2739 etiam
1364 2685 1428 2740 de
1455 2685 1778 2740 adversariis
1802 2687 2080 2755 potestati-

519 2785 621 2839 bus
649 2780 985 2852 pronuntiari
1016 2819 1030 2841 ,
1061 2777 1254 2848 quibus
1290 2791 1349 2833 se
1406 2776 1621 2845 subjicit
1667 2777 1845 2832 omnis
1876 2780 2073 2845 ;anima

517 2889 639 2943 qua:
668 2888 697 2927 a
731 2874 837 2927 Deo
863 2870 1171 2940 transfugit.
1201 2869 1333 2923 Nam
1359 2885 1478 2938 qua:
1522 2870 1587 2922 ad
1624 2869 1788 2923 Deum
1825 2873 2031 2927 accedit
2061 2913 2076 2938 ,

518 2976 703 3021 erecta
737 2976 820 3020 est
852 2973 906 3018 et
925 2977 1137 3017 sursum
1167 2959 1462 3029 aspicit,ad
1486 2960 1768 3029 ipsumque
1797 2962 2075 3017 elevatur:

2181 1868 2365 1938 τήριον
2398 1870 2496 1941 τῆς
2529 1870 2804 1937 πτώσεως,
2830 1872 2891 1924 τὸ
2920 1873 3075 1926 κόνδυ
3099 1873 3190 1927 τοῦ
3213 1873 3382 1946 θυμοῦ
3414 1891 3535 1945 μου,
3565 1874 3660 1926 καὶ
3687 1872 3749 1925 οὗ

2184 1962 2463 2036 προσθήσῃ
2489 1964 2568 2017 ἔτι
2600 1967 2746 2018 πιεῖν
2774 1965 2923 2019 αὐτό.
2948 1984 2969 2018 ι
3014 1966 3431 2035 Ἐπαγγέλλεται
3450 1966 3507 2019 δὲ
3540 1968 3607 2036 τῇ
3654 1965 3752 2017 Ἰε-

2182 2053 2462 2124 ρουσαλὴμ
2488 2056 2516 2107 ὁ
2544 2054 2699 2124 λόγος
2729 2056 2990 2127 λήψεσθαι
3020 2058 3112 2111 ἀπ’
3147 2059 3314 2131 αὐτῆς
3354 2061 3608 2132 ποτήριον
3651 2057 3751 2114 τοῦ

2182 2142 2372 2215 θυμοῦ,
2416 2148 2463 2198 εί
2500 2150 2865 2221 μετανοήσειε.
2912 2150 2985 2203 Τὸ
3019 2150 3146 2223 γὰρ,
3188 2170 3207 2202 ι
3231 2151 3357 2205 ’ἰδοὺ
3394 2146 3523 2224 ἦρα,
3572 2171 3590 2205 ι
3626 2152 3749 2206 ἀντὶ

2178 2237 2292 2303 τοῦ,
2324 2255 2344 2288 ι
2379 2237 2640 2310 λήψομαι,
2685 2260 2703 2292 ι
2736 2243 2970 2313 εἴρηται.

2254 2349 2272 2382 r
2314 2332 2423 2383 Kal
2445 2331 2597 2385 δώσω
2623 2333 2752 2386 αὐτὸ
2780 2336 2859 2398 εἰς
2892 2334 2990 2400 τὰς
3025 2337 3215 2408 χεῖρας
3240 2339 3346 2393 τῶν
3374 2337 3745 2410 ἀδικησάντων

2179 2438 2238 2474 σε
2279 2424 2369 2477 καὶ
2396 2424 2503 2477 τῶν
2530 2429 2974 2482 ταπεινωσάντων
3004 2447 3083 2491 σε,
3112 2430 3160 2483 οἳ
3189 2426 3347 2485 εἶπαν
3370 2434 3435 2503 τῇ
3455 2432 3597 2503 ψυχῇ
3628 2447 3747 2486 σου·

2177 2514 2381 2586 Κῦψον,
2439 2518 2526 2572 ἵνα
2587 2520 2963 2592 παρέλθωμενο
3019 2521 3111 2576 καὶ
3167 2524 3368 2595 ἔθηκας
3423 2526 3511 2578 ῐσα
3561 2528 3624 2597 τῇ
3671 2528 3743 2598 γῇ

2176 2608 2244 2659 τά
2281 2606 2419 2678 μέσα
2458 2627 2548 2663 σου
2577 2610 2680 2675 ἕξω
2714 2614 2824 2676 τοῖς
2855 2616 3410 2687 παραπορευομένοις.
3444 2636 3461 2667 ι
3498 2618 3658 2683 Είκδς
3687 2620 3745 2673 δὲ

2174 2697 2348 2752 ταῦτα
2393 2699 2643 2768 λέγεσθαι
2700 2702 2793 2755 καὶ
2831 2706 2959 2775 περὶ
3005 2708 3391 2779 ἀντικειμένων
3441 2710 3740 2783 δυνάμεων,

2177 2787 2265 2855 αἶς
2303 2792 2594 2847 ὑποτάσσει
2638 2797 2833 2867 ἑαυτὴν
2888 2800 3038 2854 πᾶσα
3077 2801 3220 2873 ψυχὴ
3255 2804 3286 2873 ἡ
3318 2802 3409 2855 τοῦ
3442 2803 3575 2857 Θεοῦ
3606 2805 3745 2859 ἀπο-

2179 2887 2367 2938 στᾶσα.
2413 2887 2475 2939 Ή
2504 2888 2600 2957 μὲν
2627 2888 2734 2960 γὰρ
2768 2890 2847 2961 τῷ
2891 2891 3010 2963 Θεῷ
3055 2894 3351 2963 προσιοῦσα
3399 2896 3575 2968 ὖρθιός
3622 2898 3739 2952 ἐστι

2177 2978 2270 3030 καὶ
2295 2979 2404 3033 ἄνω
2434 2979 2719 3049 βλέπουσα,
2756 2984 2847 3036 καὶ
2889 2984 3023 3055 πρὸς
3060 2987 3219 3040 αὐτὸν
3259 2989 3574 3060 ἐπηρμένη·
3613 2991 3645 3061 ή
3680 2991 3739 3045 δὲ

518 3075 642 3133 quae
670 3072 796 3113 vero
830 3071 949 3112 sese
994 3054 1241 3124 malignis
1291 3052 1624 3109 daemonibus
1670 3055 1950 3128 adjungit,
2011 3058 2073 3114 iis

2180 3072 2458 3142 συνάψασα
2486 3074 2679 3146 ἑαυτὴν
2704 3052 3224 3148 δαίμοσινπονηροῖς,
3259 3052 3466 3143 τούτοις
3496 3052 3739 3152 δηλονότι

521 3155 706 3224 utique
741 3151 1044 3221 subjicitur.

1110 3240 1340 3298 CAPUT
1374 3242 1479 3297 LII.

587 3338 753 3395 Vnus.
780 3340 830 3392 l.
860 3356 878 3389 ‹
904 3335 1155 3391 Excitare
1181 3375 1195 3399 ,
1226 3335 1486 3401 excitare,
1518 3332 1646 3388 Sion
1680 3350 1692 3386 :
1725 3332 1943 3387 induere
1976 3332 2077 3385 for-

518 3434 748 3491 titudine
777 3442 884 3495 tua,
907 3428 1038 3484 Sion
1072 3445 1085 3481 :
1122 3438 1177 3481 et
1201 3438 1255 3481 tu
1277 3426 1498 3481 induere
1526 3424 1695 3496 gloria
1727 3433 1838 3487 tua,
1866 3421 2076 3477 Jerusa-

519 3528 658 3580 lem:
690 3523 882 3578 civitas
912 3530 1118 3575 sancta.
1151 3518 1265 3573 Non
1303 3519 1440 3572 ultra
1472 3518 1686 3587 adjiciet
1726 3517 1967 3584 transire:
1982 3531 2075 3586 per

518 3631 573 3674 te
596 3615 1005 3673 incircumcisus
1033 3622 1087 3667 et
1123 3612 1464 3666 immundus.‘
1490 3630 1509 3663 ι
1543 3611 1734 3665 Anima
1762 3610 1957 3679 quippe
1987 3625 2073 3662 ra-

516 3709 734 3767 tionalis
768 3709 1054 3761 maximam
1084 3706 1189 3759 vim
1226 3712 1281 3758 et
1332 3703 1698 3757 fortitudinem
1731 3741 1746 3766 ,
1800 3716 2073 3771 magnam-

515 3817 619 3873 que
646 3801 867 3872 gloriam
901 3799 1077 3863 habet,
1114 3804 1298 3865 utpote
1320 3811 1437 3864 quae
1462 3795 1755 3849 secundum
1786 3792 2105 3862 imagiucm'

516 3898 609 3951 Dei
643 3896 778 3947 facta
802 3893 871 3944 sit
896 3910 908 3945 :
933 3906 1092 3959 quant
1125 3902 1419 3952 resumere,
1449 3897 1503 3940 et
1531 3887 1804 3941 civitatem
1828 3895 2066 3939 sanctam

517 3985 656 4050 fieri,
690 3985 923 4052 expetit;
962 3990 1020 4035 ut
1054 3996 1161 4034 non
1192 3979 1331 4034 ultra
1360 3995 1453 4048 per
1487 3994 1604 4034 eam
1636 3988 1872 4032 transeat
1910 3978 2067 4031 incir-

514 4079 782 4133 cumeisus
813 4085 866 4130 et
912 4074 1240 4127 immundus.
1276 4072 1378 4127 Per
1414 4071 1850 4127 incircumcisum
1904 4070 2067 4140 igitur

514 4170 865 4239 alienigenam
896 4174 950 4220 et
973 4174 1287 4220 extraneum
1313 4164 1615 4233 significat;
1654 4179 1749 4236 per
1795 4164 2063 4234 impurum

511 4273 711 4324 autem,
742 4259 1093 4315 idnlolatram.

582 4399 744 4453 Vnus.
771 4396 826 4450 ἓ.
876 4414 896 4445 ι
928 4395 1129 4450 Excute
1172 4394 1443 4464 pulverem
1468 4434 1484 4459 ,
1516 4404 1570 4449 et
1602 4408 1833 4464 exsurge
1864 4411 1879 4447 :
1916 4395 2060 4458 sede,
2094 4440 2137 4495 Β

510 4490 848 4554 Jerusalem,
897 4489 1045 4543 Solve
1092 4488 1303 4543 vincula
1356 4488 1479 4542 colli
1528 4488 1600 4541 tui
1630 4531 1643 4554 ,
1700 4487 1909 4561 captiva
1950 4487 2057 4540 filia

512 4586 661 4641 Sion.
719 4602 739 4636 ι
792 4583 918 4637 Nam
953 4598 1114 4652 penes
1140 4582 1281 4635 illam
1308 4591 1449 4643 erat,
1481 4581 1775 4651 pulverem,
1810 4595 1915 4649 quo
1952 4581 2058 4634 cir-

508 4691 846 4745 cumquaque
878 4690 1119 4742 respersa
1167 4682 1305 4737 erat,
1344 4675 1651 4741 abstergere
1675 4712 1689 4735 ,
1738 4682 1791 4725 ct
1838 4688 1867 4725 a
1904 4673 2057 4725 ruina

505 4787 624 4839 quae
648 4770 747 4823 sibi
796 4769 1093 4835 contigerat
1115 4806 1129 4827 ,
1154 4780 1426 4835 emergere
1448 4805 1464 4829 ,
1500 4766 1877 4832 vinculumque
1920 4764 2056 4818 collo

507 4879 603 4917 Stto
623 4862 927 4932 impositum
960 4860 1199 4923 solvere;
1228 4873 1332 4925 quo
1358 4873 1455 4912 ceu
1487 4858 1678 4926 laqueo
1709 4858 1943 4910 animam
1969 4872 2060 4910 ca-

507 4957 647 5011 tenis
708 4963 1053 5025 peccatorum
1111 4952 1465 5022 alligaverant
1528 4951 1850 5006 adversariae
1908 4959 2058 5020 pote-

506 5059 692 5103 states.

576 5184 735 5240 Vens.
765 5188 818 5248 5,
850 5185 903 5240 4.
937 5203 955 5237 ι
989 5183 1253 5252 Quoniam
1282 5182 1398 5236 haec
1424 5180 1551 5236 dicit
1583 5180 1841 5235 Dominus
1869 5199 1883 5236 :
1917 5179 2055 5237 Gra-

504 5276 573 5330 tis
613 5279 915 5332 venumdati
965 5279 1138 5339 estis.
1188 5285 1241 5329 et
1296 5277 1411 5329 sine
1441 5282 1662 5343 argento
1696 5273 2050 5328 redimemini.

503 5368 595 5421 Sic
622 5370 751 5422 dicit
779 5369 1068 5425 Dominus:
1105 5371 1158 5423 In
1194 5368 1483 5439 Egyptum
1521 5365 1796 5421 descendit
1830 5365 2054 5433 papulas

502 5477 652 5516 meus
678 5463 840 5530 prius,
879 5471 935 5515 ut
964 5465 1231 5519 habitaret
1260 5464 1329 5517 ibi
1355 5503 1371 5527 ,
1401 5471 1453 5515 et
1484 5463 1535 5515 in
1567 5459 1815 5529 Assyrios
1844 5458 2050 5511 violen-

503 5566 584 5608 ter
626 5554 728 5608 acti
775 5563 918 5609 sunt.
956 5574 974 5607 ι
1009 5555 1119 5609 Non
1169 5556 1312 5610 enim
1353 5569 1609 5624 corporea
1645 5551 1925 5623 captivitas
1958 5550 2045 5605 illa

501 5654 635 5709 erat,
665 5655 721 5699 ut
747 5660 1002 5714 corporeo
1022 5648 1190 5714 pretio
1220 5648 1517 5703 libertatem
1543 5647 2047 5713 obtinerent,quan-

498 5739 782 5811 doquidem
813 5738 987 5809 quoad
1013 5740 1219 5796 animas
1246 5742 1443 5797 venditi
1477 5750 1651 5796 crant.
1687 5739 2043 5808 Quamobrem

2176 3163 2269 3216 καὶ
2298 3164 2674 3222 ὑποτέτακται.

2680 3258 3071 3315 ΚΕΦΑΛΑῘΟΝ
3106 3262 3230 3315 NB'.

2247 3360 2267 3395 ι
2312 3344 2633 3418 Ἐξεγείρου,
2662 3346 2954 3419 ὲξεγείρου,
2988 3348 3123 3402 Σιών
3147 3366 3161 3379 ⁸
3205 3350 3417 3407 ἔνδυσαι,
3445 3354 3547 3426 τὴν
3582 3356 3738 3428 ἰσχύν

2175 3451 2287 3503 σου,
2320 3437 2454 3490 Σιών
2474 3454 2488 3468 ο
2516 3442 2609 3504 καὶ
2636 3440 2699 3492 σὺ
2733 3440 2945 3493 ἔνδυσαι
2967 3441 3065 3511 τὴν
3090 3441 3244 3509 δόξαν
3285 3461 3397 3509 σου,
3462 3447 3737 3518 Ἰερουσα-

2170 3525 2300 3597 λὴμ,
2323 3529 2473 3593 πόλις
2498 3532 2530 3600 ὴ
2558 3531 2707 3599 ἁγία.
2728 3531 3370 3605 Οὐκέτιπροστεθήσεται
3393 3537 3618 3593 διελθεῖν
3643 3542 3737 3597 διὰ

2172 3619 2265 3672 σοῦ
2307 3621 2674 3692 ἀπερίτμητος
2712 3623 2805 3676 καὶ
2839 3624 3162 3695 ἀκάθαρτος.
3211 3645 3229 3678 ι
3269 3628 3419 3698 Ἔχει
3460 3630 3568 3701 γάρ
3608 3646 3735 3686 τινα

2173 3712 2431 3782 μεγίστην
2456 3713 2680 3784 δύναμιν
2702 3715 2795 3768 καὶ
2833 3716 2981 3786 ίτχὺν
3014 3719 3045 3789 ή
3079 3719 3266 3790 λογικὴ
3297 3719 3476 3793 ψυχὴ,
3518 3724 3613 3777 καὶ
3642 3725 3731 3778 δός

2169 3803 2264 3869 ξαν
2286 3804 2395 3874 ἔχει
2425 3806 2684 3877 μεγάλην,
2714 3808 2806 3861 ἆτε
2835 3810 2953 3862 κατ’
2984 3811 3167 3865 εἰκόνα
3201 3812 3294 3866 τοῦ
3335 3812 3467 3867 Θεοῦ
3500 3834 3731 3889 πεποιη-

2171 3894 2325 3964 μένη,
2366 3897 2460 3949 καὶ
2489 3897 2846 3953 ἐπαναλαϐεῖν
2875 3901 3042 3973 αὐτὴν
3073 3902 3315 3973 βούλεται
3354 3905 3447 3959 καὶ
3489 3909 3732 3975 γενέσθαι

2167 3983 2320 4037 πόλιν
2352 3986 2511 4054 ἁγίαν
2532 4004 2544 4016 ·
2581 3988 2655 4051 ὼς
2681 3991 2875 4060 μηκέτι
2906 3991 3197 4045 διαϐαίνειν
3234 3994 3298 4046 δι’
3340 3996 3507 4068 αὐτῆς
3538 4000 3729 4071 ἀπερί-

2165 4090 2385 4145 τμητον,
2409 4077 2542 4147 μηδὲ
2562 4079 2885 4153 ἀκάθαρτον.
2925 4083 3021 4136 Διά
3056 4084 3151 4153 μὲν
3183 4081 3273 4139 οὖν
3300 4086 3393 4140 τοῦ
3422 4090 3728 4163 ἀπεριτμή-

2163 4184 2254 4220 του
2288 4169 2376 4221 τόν
2400 4170 2693 4241 ἀλλόφυλον
2720 4176 2810 4228 καὶ
2846 4175 3099 4248 ἀλλογενῆ
3126 4180 3391 4249 σημαίνει,
3422 4181 3509 4236 διὰ
3541 4183 3597 4237 δὲ
3632 4184 3725 4238 τοῦ

2164 4262 2492 4335 ἀκαθάρτου,
2526 4266 2618 4317 τὸν
2651 4267 3057 4340 εἰδωλολάτρην.

2240 4417 2259 4450 r
2309 4400 2611 4464 Ἐκτίναξαι
2664 4401 2754 4455 τὸν
2790 4403 2934 4473 χοῦν,
2984 4406 3077 4458 καί
3142 4407 3434 4478 ἀνάστηθι⁸
3480 4410 3720 4474 κάθισον,

2176 4491 2544 4563 Ἰερουσαλὴμ,
2579 4493 2794 4547 ἔκδυσαι
2824 4496 2912 4548 τὸν
2940 4496 3134 4567 δεσμὸν
3166 4499 3256 4551 τοῦ
3296 4500 3565 4571 τραχήλου
3606 4520 3720 4569 σου,

2162 4584 2193 4653 ἡ
2226 4583 2566 4652 αἰχμάλωτος
2597 4583 2840 4657 θυγάτηρ
2863 4587 3015 4641 Σιών.
3065 4609 3084 4643 ι
3132 4591 3247 4643 Ἐπ’
3274 4593 3405 4664 αὐτῇ
3438 4595 3544 4664 γάρ
3566 4592 3633 4666 ἦν
3661 4597 3724 4649 τὸ

2163 4671 2562 4742 ἀποτρίψασθαι
2609 4676 2697 4729 τὸν
2742 4678 3171 4748 περιπλασθέντα
3225 4682 3358 4754 αὐτῇ
3410 4684 3567 4754 χοῦν,
3623 4688 3721 4742 καὶ

2161 4762 2503 4834 διαναστῆναι
2533 4766 2629 4835 τῆς
2657 4768 3034 4842 ὲπισυμϐἀσης
3058 4772 3192 4843 αὐτῇ
3229 4773 3505 4839 πτώσεως,
3543 4779 3636 4829 καὶ
3659 4778 3721 4832 τὸ

2160 4856 2385 4910 ἐκλῦσαι
2411 4855 2499 4909 τὸν
2526 4859 2843 4913 ἐπιτεθέντα
2883 4862 3017 4934 αὐτῇ
3049 4864 3242 4936 δεσμὸν
3282 4866 3374 4919 τοῦ
3415 4870 3681 4940 τραχήλου
3702 4887 3718 4901 ·

2159 4941 2204 5017 ᾧ
2230 4951 2326 5021 τὴν
2348 4950 2525 5023 ψυχὴν
2550 4951 2737 5025 ὥσπερ
2764 4953 2941 5030 βρόχῳ
2973 4957 3272 5029 κατέδησαν
3302 4965 3504 5033 σειραῖς
3540 4965 3721 5035 ἀμαρ-

2155 5045 2285 5100 τιῶν
2317 5048 2371 5100 αἱ
2397 5049 2759 5120 ἀντικείμεναι
2789 5050 3060 5122 δυνάμεις.

2227 5202 2245 5234 ε
2287 5185 2555 5251 Ὀτισάδε
2584 5186 2728 5255 λέγει
2762 5186 2982 5257 Κύριος*
3020 5189 3234 5258 Δωρεάν
3279 5189 3572 5261 ἐπράθητε,
3621 5190 3716 5245 καὶ

2151 5272 2211 5324 οὐ
2244 5275 2379 5343 μετά
2423 5277 2683 5347 ἀργυρίου
2722 5277 3150 5348 λυτρωθήσεσθε.
3194 5278 3376 5343 Οὕτως
3422 5282 3568 5349 λέγει
3602 5282 3714 5336 Κύ-

2154 5382 2267 5436 ριος
2285 5384 2298 5396 ·
2325 5368 2419 5431 Είς
2454 5370 2721 5437 Αἴγυπτον
2755 5369 2955 5440 κατέϐη
2983 5372 3009 5423 ὁ
3038 5371 3162 5434 λαός
3200 5388 3300 5441 μου
3339 5373 3399 5426 τὸ
3428 5374 3708 5448 πρότερον,

2156 5461 2482 5530 παροικῆσαι
2513 5462 2645 5525 ἐκεῖ,
2679 5463 2769 5515 καὶ
2804 5463 2885 5524 εἰς
2930 5462 3236 5533 Ἀσσυρίους
3270 5463 3359 5535 βίᾳ
3391 5466 3650 5537 ἤχθησαν.
3686 5487 3708 5520 ι

2154 5553 2226 5605 Οὐ
2261 5554 2367 5624 γάρ
2396 5548 2462 5625 ἦν
2506 5555 2784 5625 σωματικὴ
2818 5553 2955 5624 αὓτη
2983 5553 3345 5624 αέχμαλωσία,
3382 5557 3466 5609 ἵνα
3505 5557 3593 5611 διὰ
3620 5557 3712 5612 λύ-

2152 5663 2295 5718 τρων
2329 5648 2650 5722 σωματικῶν
2682 5650 2881 5720 τύχωσι
2911 5648 3010 5718 τῆς
3042 5648 3367 5722 ἐλευθερίας,
3401 5651 3587 5721 ἐπειδὴ
3609 5652 3711 5716 τὰς

2150 5737 2325 5809 ψυχὰς
2349 5734 2486 5811 ἦσαν
2520 5720 2877 5812 πεπραμένοι.
2916 5742 3014 5793 Διά
3047 5742 3202 5797 τοῦτο
3229 5720 3337 5796 οὐκ
3370 5743 3427 5796 ὲν
3463 5720 3709 5813 ἀργυρίῳ
