4108 6204
323 245 418 302 853

1278 237 1771 295 COMMENTARIA
1808 237 1885 294 IN
1919 237 2177 297 ISAIAM.
2213 270 2281 283 -—
2318 239 2470 297 CAP.
2512 241 2617 295 Lll.

3432 239 3540 304 454

315 354 642 429 λυτροῦσθαι
679 353 917 425 ἔμελλον,
953 351 1088 407 ἀλλά
1128 350 1367 421 δηλονότι
1406 350 1501 404 τοῦ
1542 352 1777 423 Χριστοῦ
1809 351 1883 422 τῷ

1985 367 2089 406 non
2129 361 2351 422 argento
2379 350 2677 407 redimendi
2709 358 2901 416 erant,
2946 348 3044 405 sed
3082 347 3278 406 Christi
3307 353 3538 420 pretioso

310 451 486 521 τιμίῳ
518 450 729 517 αἵματι.

395 560 415 591 ι
440 540 554 592 Καὶ
579 538 670 591 νῦν
693 538 741 590 τί
767 539 885 589 ὲστε
923 528 1055 599 ὧδε;
1101 536 1237 590 Τάδε
1280 535 1427 603 λέγει
1485 535 1718 607 Κύριος’
1765 538 1883 590 Ὅτι

318 628 534 700 ἐλήφθη
562 631 590 682 ό
611 629 729 691 λαός
756 645 854 697 μου
882 627 1109 699 δωρεὰν,
1135 626 1440 697 θαυμάζετε
1462 628 1558 679 καὶ
1583 626 1879 691 ὁλολύζετε.

320 722 468 775 Τάδε
502 719 640 789 λέγει
686 720 919 789 Κύριοςο
964 721 1040 772 Δι’
1074 721 1218 790 ὑμᾶς
1255 720 1343 773 διά
1383 720 1580 781 παντὸς
1617 719 1676 771 τὸ
1716 720 1883 789 ὄνομά

330 832 433 885 μου
465 814 849 883 βλασφημεῖται
876 813 933 864 ἐν
969 813 1080 875 τοῖς
1119 812 1315 864 έθνεσι.
1354 831 1371 863 ι
1404 812 1663 881 Σημαίνει
1703 810 1760 863 δὲ
1798 810 1883 863 διά

327 906 524 959 τούτων
547 908 577 973 ἡ
604 906 906 974 προφητεία
944 904 1042 969 τὰς
1071 904 1211 957 κατά
1246 903 1481 975 Χριστοῦ
1517 903 1880 974 βλασφημίας,

325 1000 393 1063 ἃς
424 1000 489 1051 δι’
532 1000 738 1069 ἡμέρας
792 998 1008 1060 ἁπάσας
1051 998 1145 1050 καὶ
1180 996 1270 1050 διὰ
1300 997 1497 1060 παντὸς
1529 995 1805 1050 ποιοῦνται
1834 998 1882 1049 oi

321 1090 572 1161 ἄρχοντες
600 1089 691 1141 τοῦ
740 1089 1004 1142 Ἰουδαίων
1031 1089 1237 1152 ἔθνους.

393 1202 411 1233 ι
456 1182 554 1235 Διά
586 1180 743 1233 τοῦτο
772 1180 1041 1249 γνώσεται
1071 1182 1099 1233 6
1123 1180 1247 1243 λαός
1276 1197 1378 1249 μου
1404 1177 1464 1231 τὺ
1495 1178 1663 1249 ὄνομά
1694 1194 1793 1248 μου
1825 1177 1882 1229 ἐν

313 1278 379 1346 τῇ
410 1275 595 1345 ἡμέρᾳ⁵
622 1274 826 1343 ἐκείνη,
860 1273 939 1325 ὅτι
972 1270 1080 1339 ἐγώ
1112 1273 1255 1341 εἰμι’
1290 1272 1448 1335 αὐτὸς
1476 1272 1504 1323 6
1526 1270 1699 1323 λαλῶν
1736 1270 1879 1341 πάρ·

312 1384 449 1435 ειμι.
500 1385 517 1415 ι
574 1364 711 1435 Ποία
757 1365 813 1416 δὲ
845 1363 1034 1436 ταύτῃ,
1070 1362 1183 1416 ἀλλ’
1222 1365 1346 1416 ὅταν
1384 1361 1512 1431 ἐγὼ,
1563 1362 1746 1431 φησὶν,
1785 1362 1881 1413 αὺ-

310 1462 433 1523 τὸς,
478 1462 507 1513 6
559 1460 653 1512 νῦν
700 1458 789 1511 διὰ
841 1458 948 1510 τῶν
1014 1458 1304 1529 προφητῶν
1355 1456 1525 1510 ταῦτα
1580 1455 1881 1524 φθεγγόμε-

312 1568 422 1613 νος,
464 1551 563 1621 τὴν
608 1548 843 1619 ἐμαυτοῦ
877 1548 1171 1618 ποιήσομαι
1208 1546 1503 1617 παρουσίαν
1549 1546 1627 1608 εἰς
1672 1542 1881 1615 ἀνθρώ·

315 1658 453 1703 πους
473 1656 488 1703 ;

1984 459 2266 515 sanguine.

2054 537 2218 593 Vsns.
2253 538 2305 592 5.
2352 555 2370 589 ‹
2425 537 2491 590 Ει
2538 552 2681 591 nunc
2713 536 2837 605 quid
2888 537 3016 590 estis
3056 536 3189 591 hic?
3245 535 3368 592 Hac
3413 537 3544 593 dicit

1984 632 2281 687 Dominus:
2318 630 2452 696 Quia
2496 630 2706 682 ablatus
2743 637 2825 683 est
2877 628 3105 698 populus
3156 644 3309 683 meus
3332 630 3502 694 gratis
3525 666 3544 693 ,

1983 724 2319 778 admiramini
2346 731 2399 776 et
2428 720 2649 775 ululate.
2680 721 2805 775 Haec
2827 720 2956 774 dicit
2987 720 3284 774 Dominus;
3314 719 3544 788 Propter

1984 831 2075 870 vos
2110 830 2321 884 semper
2378 828 2573 866 nomen
2626 828 2800 866 meum
2854 811 3256 878 blasphematur
3307 811 3357 862 in
3408 826 3543 879 gen—

1986 908 2147 961 tibus.
2204 926 2222 959 ι
2277 905 2370 960 llis
2408 904 2687 975 prophetia
2739 903 2940 957 indicat
2988 903 3297 971 blasphema
3352 913 3542 956 contra

1982 1001 2251 1055 Christum
2284 999 2447 1066 dicta,
2472 1013 2591 1067 quae
2618 996 2889 1066 principes
2930 994 3165 1049 Judaica:
3194 998 3372 1064 gentis
3401 1010 3541 1063 quo-

1984 1092 2112 1146 tidie
2141 1098 2416 1145 evomunt.

2051 1183 2214 1237 Vens.
2264 1182 2315 1237 6.
2377 1200 2395 1233 ι
2457 1181 2742 1250 Propterea
2796 1178 2927 1233 sciet
2974 1178 3197 1248 populus
3243 1194 3394 1233 meus
3444 1193 3541 1232 no-

1982 1290 2101 1329 men
2132 1289 2306 1329 mcum
2336 1274 2385 1326 in
2419 1274 2506 1327 die
2543 1273 2633 1327 illa
2658 1314 2673 1335 ,
2708 1273 2829 1341 quia
2858 1288 2957 1342 ego
2980 1288 3095 1326 sum
3126 1292 3139 1326 :
3173 1273 3284 1340 ipse
3322 1272 3545 1340 loquens

1983 1368 2193 1422 adsum.
2237 1385 2255 1417 ι
2296 1365 2409 1431 Qua
2438 1367 2544 1429 die,
2579 1366 2680 1419 nisi
2717 1381 2837 1419 cum
2873 1380 2974 1433 cgo
3008 1366 3139 1435 ipse,
3167 1366 3260 1425 ait,
3288 1367 3375 1434 qui
3404 1380 3545 1419 nunc

1982 1474 2077 1528 per
2109 1458 2399 1528 prophetas
2427 1472 2574 1513 meos
2614 1457 2729 1512 haec
2770 1457 2983 1527 loquor,
3015 1459 3081 1512 ad
3110 1458 3354 1513 homines
3384 1458 3545 1513 adve-

1983 1549 2127 1603 niam
2163 1549 2186 1602 ?

390 1751 409 1782 ι
452 1731 538 1794 Ὠς
564 1730 680 1802 ῶρα
718 1730 811 1784 ἐπὶ⁴
864 1729 971 1783 τῶν
1011 1728 1201 1800 ὀρέων,
1236 1726 1310 1791 ὼς
1349 1728 1505 1791 πόδες
1546 1723 1883 1795 εὐαγγελιζο-

2052 1705 2216 1763 Vsas.
2254 1707 2306 1762 7.
2341 1726 2360 1759 ‹
2402 1704 2555 1762 Sicut
2584 1707 2713 1763 hora
2749 1722 2908 1775 super
2938 1717 3169 1773 montes,
3202 1708 3340 1762 sicut
3378 1710 3542 1777 pedes

316 1822 478 1893 μένου
506 1822 671 1892 ἀκοὴν
704 1822 945 1892 εἰρήνης,
969 1819 1043 1883 ὡς
1076 1817 1551 1887 εὐαγγελιζόμενος
1576 1815 1773 1883 ἀγαθὰ,
1800 1815 1881 1867 ὅτι

313 1913 586 1983 ἀκουστὴν
615 1913 824 1985 ποιήσω
862 1912 959 1982 τὴν
992 1909 1261 1980 σωτηρίαν
1312 1924 1425 1972 σου,
1466 1906 1666 1973 λέγων·
1720 1905 1879 1970 Σιὼν,

315 2006 623 2076 βασιλεύσει
656 2022 747 2058 σου
785 2007 814 2058 6
844 2004 1005 2067 Θεός·
1044 2023 1061 2054 ι
1097 2002 1222 2065 τοὺς
1270 1999 1653 2071 μακαρισμοὺς
1684 2014 1883 2064 καταγ-

311 2099 611 2167 γέλλοντες,
646 2097 737 2160 οὓς
762 2099 790 2149 6
818 2096 1005 2166 Σωτὴρ
1034 2094 1199 2147 ἐδίδου
1230 2091 1317 2144 διὰ
1366 2091 1465 2161 τῆς
1529 2089 1883 2158 εὐαγγελικῆς

311 2188 680 2250 διδασκαλίας.
724 2186 969 2254 Ἔλέγετο
999 2185 1055 2237 δὲ
1097 2185 1155 2237 τὸ
1201 2186 1460 2255 κήρυγμα
1500 2184 1564 2252 τῇ
1605 2179 1763 2242 Σιὼν,
1793 2180 1884 2251 δη-

312 2280 446 2350 λαδὴ
478 2279 554 2349 τῷ
578 2279 812 2331 θεοσεϐεῖ
842 2277 1214 2347 πολιτεύματι,
1242 2276 1337 2328 καὶ
1368 2274 1445 2345 τῷ
1469 2274 1614 2344 χορῷ
1647 2272 1723 2343 τῷ
1752 2274 1885 2326 ἀποι-

316 2372 567 2442 στολικῷ.
600 2372 690 2424 Διὸ
721 2371 817 2441 τὴν
843 2370 1113 2439 βασιλείαν
1139 2368 1244 2422 τῶν
1276 2368 1517 2440 οὐρανῶν
1551 2367 1717 2420 ἅπασι
1751 2382 1885 2419 κατ-

312 2464 580 2535 ήγγελλον
606 2461 930 2534 ἀνθρώποις.

388 2575 410 2608 ι
447 2557 569 2609 Ὀτι
598 2554 746 2625 φωνὴ
768 2554 875 2606 τῶν
914 2552 1290 2623 φυλασσόντων
1336 2569 1393 2605 σε
1428 2550 1635 2623 ὑψώθη,
1685 2552 1779 2605 καὶ
1817 2553 1881 2622 τῇ

315 2651 469 2718 φωνῇ
534 2646 649 2717 ἅμα
706 2645 1201 2717 είδςδορανθήσονται⁸
1270 2645 1352 2697 ὅτι
1422 2643 1688 2714 ὀφθαλμοὶ
1750 2644 1883 2715 πρὸς

308 2740 627 2809 ὀφθαλμοὺς
645 2739 887 2809 ὄψονται,
901 2740 1063 2809 ἡνίκα
1085 2739 1149 2793 ἂν
1166 2737 1351 2809 ἐλέησε
1370 2736 1570 2808 Κύριος
1582 2736 1677 2808 τήν
1692 2736 1844 2789 Σιών.
1859 2754 1877 2788 ι

313 2829 537 2882 Κατάδὲ
550 2828 639 2881 τὸν
655 2828 1001 2893 Θεοδοτίωνα,
1028 2848 1045 2880 ι
1066 2827 1219 2899 Φωνὴ
1236 2828 1342 2880 τῶν
1377 2827 1591 2881 σκοπῶν
1608 2844 1700 2879 σου
1716 2827 1884 2897 ἐπῆρε

313 2921 496 2989 φωνήν
532 2936 547 2949 ε
594 2920 685 2971 ἐπὶ
718 2918 780 2972 τὸ
826 2920 956 2973 αὐτὸ
994 2919 1428 2989 ἀγαλλιάσονται,
1485 2920 1565 2972 ὃτι
1611 2918 1885 2990 όφθαλμδν

314 3012 374 3063 ἐν
388 3010 709 3096 ,ὀφθαλμοῖς
758 3008 1007 3079 ὄψονταιο
1045 3028 1064 3061 ι
1104 3008 1338 3072 σκοποὺς
1363 3008 1593 3062 ἐνταῦθα
1620 3010 1745 3072 τοὺς
1781 3026 1882 3080 μα·
1909 3042 1949 3097 C

314 3102 481 3170 011:1;
501 3103 593 3154 καὶ
614 3101 942 3165 ἀποστόλους
972 3101 1060 3154 τοῦ
1083 3102 1331 3174 Σωτῆρος
1353 3103 1385 3172 ή
1394 3101 1506 3171 μῶν
1531 3101 1879 3172 ὀνομάζοντος

312 3193 407 3245 τοῦ
433 3193 611 3261 λόγου.
646 3193 854 3262 Ὥσπερ
884 3191 991 3264 γὰρ
1034 3192 1322 3246 ἐκαλοῦντο
1359 3192 1549 3245 σκοποὶ
1574 3191 1668 3245 τοῦ
1699 3192 1762 3245 ἐκ
1785 3208 1881 3244 πε-

312 3284 544 3355 ριτομῆς
602 3282 732 3335 λαοῦ
782 3286 830 3335 οἱ
875 3285 1003 3354 παρ’
1038 3283 1221 3346 αὐτοῖς
1266 3282 1545 3353 γενόμενοι
1584 3281 1877 3353 προφῆται,

313 3375 454 3427 οὓτω
477 3376 572 3428 καὶ
593 3374 687 3428 νῦν
712 3376 811 3446 τῆς
838 3374 962 3437 νέας
988 3373 1081 3426 καὶ
1109 3365 1301 3443 καινῆς
1342 3372 1499 3436 Σιὼν,
1543 3372 1740 3444 δηλαδὴ
1785 3373 1881 3443 τῆς

327 3468 650 3536 Ἐκκλησίας
683 3466 842 3520 αὑτοῦ
874 3465 970 3518 τοῦ
1005 3464 1159 3530 Θεοῦ,
1190 3465 1284 3518 καὶ
1310 3464 1402 3519 τοῦ
1427 3463 1707 3527 θεοσεϐοῦς
1736 3464 1885 3517 πολι-

316 3557 587 3627 τεύματος
627 3572 675 3609 οι
702 3556 793 3609 τοῦ
829 3556 1076 3627 Σωτῆρος
1116 3557 1271 3626 ἡμῶν
1317 3556 1601 3610 ἀπόστολοι
1634 3556 1883 3624 γεγόνασι

316 3650 508 3700 σκοποὶ
559 3647 653 3700 καὶ
700 3647 961 3715 φύλακες·
999 3647 1068 3711 οἳ,
1109 3648 1202 3700 καὶ
1270 3646 1699 3718 όφθαλμοφανῶς
1751 3648 1882 3700 αὐτ-

313 3737 473 3789 όπται
504 3737 600 3789 καὶ
631 3736 886 3808 αὐτήκοοι
940 3735 1032 3788 τοῦ
1066 3737 1312 3807 Σωτῆρος
1332 3737 1629 3807 γενόμενοι,
1662 3735 1883 3805 ὕψωσαν

314 3831 414 3900 τὴν
442 3829 649 3881 ἑαυτῶν
679 3830 883 3899 φωνὴν,
924 3829 999 3892 ὡς
1041 3829 1363 3894 ἐξάκουστον
1413 3829 1581 3897 αὐτὴν
1635 3829 1885 3896 γενέσθαι

314 3924 448 3973 πᾶσι
488 3924 602 3983 τοῖς
636 3921 859 3974 ἔθνεσιν.
902 3922 963 3974 Οἱ
1010 3921 1053 3974 δ’
1087 3921 1239 3973 αὐτοὶ
1290 3921 1468 3989 πάσης
1515 3920 1887 3991 πνευματικῆς

313 4012 652 4083 εὐφροσύνης
683 4012 1029 4084 ἐπληροῦντο,
1064 4011 1368 4082 ὴλεημένης
1396 4012 1497 4063 ὑπὸ
1513 4011 1605 4064 τοῦ
1629 4012 1761 4063 Θεοῦ
1790 4012 1888 4080 τῆς

313 4107 667 4175 ἀποδοθείσης
699 4104 830 4177 ἡμῖν
863 4105 1018 4171 Σιὼν,
1054 4105 1147 4159 καὶ
1194 4104 1300 4157 τῶν
1334 4104 1498 4157 πάλαι
1533 4106 1753 4176 ἐρήμων
1795 4106 1888 4157 αὑ-

313 4201 415 4269 τῆς
452 4200 769 4269 σωζομένων
791 4199 876 4252 διά
904 4200 1000 4270 τῆς
1034 4196 1300 4267 σωτηρίου
1330 4196 1783 4267 ἀπολυτρώσεως’
1808 4194 1888 4248 διό

318 4309 475 4363 φτισιο

1983 1798 2406 1867 evangelizantis
2458 1798 2696 1852 auditum
2753 1800 2939 1867 pacis,
2989 1800 3128 1854 sicut
3166 1801 3544 1867 evangelizans

1984 1891 2118 1944 bona
2145 1930 2160 1956 ,
2190 1891 2313 1959 quia
2352 1890 2587 1943 auditam
2613 1889 2805 1943 faciam
2833 1889 3062 1943 salutem
3100 1898 3243 1942 tuam
3269 1930 3285 1953 ,
3315 1891 3539 1947 dicens:

1986 1984 2112 2037 Sion
2139 2023 2154 2047 ,
2194 1983 2438 2052 regnabit
2483 1982 2622 2037 Deus
2669 1993 2829 2036 tuus:
2863 2002 2881 2034 ι
2923 1981 3282 2035 beatitudines
3333 1996 3543 2035 annun-v

1985 2077 2176 2131 tiantes
2199 2115 2215 2141 ,
2246 2090 2381 2143 quas
2429 2075 2687 2129 Servator
2717 2089 2810 2143 per
2839 2073 3199 2144 evangelicam
3243 2073 3542 2129 doctrinam

1983 2170 2145 2224 dedit.
2194 2168 2513 2223 Praedicatio
2569 2175 2748 2221 autem
2804 2163 2930 2220 Sion
2983 2166 3427 2230 aununtiabatur,
3462 2164 3547 2219 vi-

1984 2262 2176 2317 delicet
2215 2262 2475 2331 religiosa:
2525 2259 2648 2313 vitae
2697 2259 2855 2314 εαξιυί
2903 2267 2957 2313 et
3007 2257 3301 2327 apostolico
3330 2256 3542 2313 choro:

1983 2362 2307 2423 quapropter
2356 2367 2577 2422 regnum
2628 2350 2889 2406 caelorum
2934 2350 3185 2405 omnibus
3235 2349 3546 2405 hominibus

1984 2445 2368 2514 przcdicabant.

2054 2536 2220 2591 Vens.
2253 2538 2309 2591 8.
2353 2554 2373 2587 ι
2426 2535 2559 2602 Quia
2586 2550 2689 2590 vox
2727 2536 3141 2591 custodientium
3196 2544 3250 2590 te
3307 2536 3544 2592 exaltata

1983 2641 2063 2687 est
2091 2669 2105 2695 ,
2135 2640 2189 2685 et
2230 2643 2356 2683 voce
2385 2627 2543 2683 simul
2588 2627 2911 2682 laetabuntur
2945 2645 2957 2678 :
2984 2627 3108 2697 quia
3144 2628 3284 2682 oculi
3315 2630 3381 2681 ad
3413 2643 3545 2683 ocu-

1984 2725 2066 2780 los
2125 2723 2424 2789 videbunt,
2478 2723 2697 2793 quando
2764 2723 3018 2777 misertus
3077 2722 3240 2775 fuerit
3287 2723 3547 2779 Dominus

1986 2817 2136 2871 Sion.
2178 2834 2196 2867 ι
2233 2813 2536 2869 Secundum
2570 2813 2991 2869 Theodotionem
3019 2829 3148 2868 vero
3174 2854 3189 2877 ,
3222 2833 3240 2865 ι
3276 2815 3391 2870 Vox
3420 2831 3546 2886 spe-

1984 2909 2284 2964 culatorum
2343 2917 2553 2961 tuorum
2607 2908 2775 2962 edidit
2815 2922 2998 2961 vocem
3034 2923 3047 2959 :
3082 2906 3134 2959 in
3187 2906 3416 2975 idipsum
3449 2922 3546 2961 ex-

1986 3000 2285 3066 sultabunt,
2317 2999 2441 3067 quia
2474 2999 2686 3054 oculum
2716 3000 2766 3053 in
2796 3001 2968 3055 oculis
2993 2999 3271 3055 videbunt.
3328 3018 3347 3051 ι
3408 3000 3545 3070 Spe-

1982 3091 2251 3148 culatores
2276 3092 2362 3146 hic
2389 3101 2547 3146 vocat
2582 3092 2873 3161 discipulos
2897 3103 2950 3147 et
2981 3092 3253 3161 apostolos
3301 3092 3547 3148 Salvato-

1982 3184 2060 3239 ris
2086 3185 2276 3239 nostri.
2312 3184 2771 3251 Quemadmodum
2798 3186 2939 3240 enim
2967 3186 3337 3256 speculatores
3364 3189 3546 3257 populi

1983 3295 2049 3334 ex
2080 3281 2487 3336 circumcisione
2512 3281 2842 3335 vocabantur
2890 3282 3168 3350 propheta:
3193 3322 3209 3345 ,
3239 3284 3327 3351 qui
3378 3298 3549 3352 penes

1983 3372 2101 3428 illos
2136 3362 2327 3438 erant;
2362 3373 2433 3426 ita
2464 3382 2519 3427 et
2553 3388 2695 3427 nunc
2724 3388 2873 3427 novae
2910 3374 3054 3427 illius
3107 3373 3309 3439 Sionis,
3355 3376 3550 3431 videli-

1984 3474 2069 3519 cet
2092 3463 2344 3518 Ecclesiae
2373 3464 2464 3517 Dei
2504 3463 2845 3533 religiosique
2882 3474 3088 3529 cretus,
3122 3464 3424 3523 Salvatoris
3449 3484 3548 3527 no-

1984 3557 2082 3612 stri
2122 3556 2346 3626 apostoli
2381 3556 2745 3625 speculatores
2774 3554 2946 3609 ell‘ecti
2975 3565 3138 3622 sunt,
3170 3567 3332 3625 atque
3368 3569 3548 3615 custo-

1985 3650 2080 3705 des
2112 3667 2127 3704 :
2161 3650 2251 3719 qui
2282 3649 2524 3718 ejusdem
2554 3648 2855 3703 Salvatoris
2885 3648 3084 3702 oculati
3122 3658 3289 3703 testes
3317 3687 3333 3715 ,
3376 3661 3431 3704 et
3455 3666 3547 3706 au-

1985 3741 2207 3807 ditores,
2234 3743 2337 3794 alta
2371 3754 2504 3795 voce
2537 3740 2699 3795 locuti
2727 3751 2891 3805 sunt;
2938 3742 3007 3794 ita
3054 3750 3113 3794 ut
3136 3742 3296 3795 etiam
3328 3742 3395 3797 ab
3423 3760 3541 3797 om—

1987 3834 2143 3887 nibus
2195 3831 2442 3902 gentibus
2479 3832 2809 3887 audirentur.
2860 3833 3023 3888 Iidem
3057 3849 3187 3887 vero
3239 3834 3339 3903 ipsi
3390 3835 3542 3891 omni

1987 3924 2246 3995 spirituali
2284 3924 2468 3979 latitia
2516 3925 2882 3995 replebanlur,
2926 3927 3048 3995 quia
3087 3926 3303 3981 Sioncm
3340 3928 3486 3984 illam
3518 3968 3536 3995 ,

1987 4017 2052 4071 de
2082 4032 2187 4087 qua
2216 4018 2464 4086 superius
2493 4057 2508 4082 ,
2558 4017 2848 4073 miseratus
2876 4029 2959 4072 est
2990 4019 3129 4074 Deus
3154 4061 3168 4085 ,
3200 4031 3252 4075 et
3278 4023 3399 4090 quia
3452 4021 3541 4080 illa

1986 4106 2112 4161 olim
2159 4108 2369 4163 deserta
2403 4108 2541 4176 ejus,
2592 4124 2689 4177 per
2736 4110 3029 4167 salutarem
3076 4114 3496 4185 redemptionem
3524 4154 3543 4181 ,

1987 4199 2220 4255 salutare
2245 4208 2401 4255 nacta
2434 4208 2560 4254 sunt
2593 4217 2607 4252 :
2638 4215 2805 4270 quare
2834 4203 2935 4256 ait:

388 4403 408 4434 σ
455 4382 698 4453 Ῥηξάτω
731 4384 1066 4457 εὐφροσυνην
1095 4385 1230 4456 ἅμα,
1265 4385 1334 4438 τὰ
1380 4383 1563 4456 ἔρημα
1609 4383 1879 4453 Ἰερουσα-

2062 4376 2215 4431 Vens.
2245 4378 2298 4443 9,
2329 4378 2410 4432 lO.
2458 4378 2799 4451 «Erumpant
2848 4382 2898 4436 in
2956 4384 3191 4438 laetitiam
3240 4385 3397 4439 simul
3447 4385 3545 4440 de-

312 4471 428 4542 λήμ
446 4489 459 4501 ο
498 4472 581 4524 ὅτι
604 4472 799 4542 ἠλέησε
825 4474 1027 4544 Κύριος
1060 4475 1247 4545 αὐτὴν,
1278 4474 1371 4527 καὶ
1395 4472 1661 4544 ἐρρύσατο
1688 4471 1880 4542 Ἰερου-

314 4563 523 4633 σαλήμ.
574 4565 682 4616 Καὶ
724 4563 1063 4633 ἀποκαλύψει
1112 4565 1314 4636 Κύριος
1363 4565 1453 4617 τὸν
1500 4562 1758 4635 βραχίονα
1790 4561 1880 4616 τόν

311 4656 468 4720 ἅγιον
499 4654 663 4706 αὑτοῦ
686 4655 912 4707 ἐνώπιον
946 4657 1159 4708 πάντων
1190 4655 1295 4707 τῶν
1330 4654 1517 4719 ἐθνῶν,
1552 4655 1643 4708 καὶ
1664 4653 1881 4723 ὄψονται

312 4748 495 4798 πάντα
531 4744 599 4796 τὰ
630 4745 774 4817 ἄκρα
802 4745 901 4813 τῆς
922 4746 1024 4815 γῆς
1046 4746 1141 4818 τὴν
1174 4746 1443 4817 σωτηρίαν
1476 4746 1573 4816 τὴν
1602 4745 1751 4817 παρά
1786 4744 1880 4798 τοῦ

308 4834 449 4888 Θεοῦ
494 4833 658 4903 ήμῶν.
694 4852 713 4884 ι
753 4834 912 4905 Ὁρᾷς
940 4835 1085 4897 ὅπως
1104 4835 1194 4887 καὶ
1231 4834 1318 4887 διὰ
1344 4833 1543 4887 τούτων
1572 4838 1680 4898 τοῖς
1703 4835 1879 4888 ἔθνεσι

310 4926 385 4979 τὰ
408 4924 736 4993 εὐαγγελικά
768 4924 1093 4997 κηρύγματα
1112 4926 1574 4995 ἐπαγγελλόμενος
1607 4926 1880 4995 ὑπισχνεῖ-

310 5032 441 5079 ται;
471 5015 573 5067 Τὸν
600 5015 709 5085 γὰρ
734 5013 991 5085 βραχίονα
1032 5016 1118 5069 τὸν
1151 5017 1300 5085 ἀγιον
1334 5016 1519 5081 αὐτοῦ,
1549 5009 1700 5080 οὗτος
1733 5016 1788 5068 δὲ
1811 5012 1877 5087 ἦν

311 5110 344 5160 ὁ
381 5106 476 5159 τοῦ
510 5106 642 5159 Θεοῦ
683 5108 868 5175 Λόγος,
904 5107 1305 5161 ἀποκαλύπτειν
1328 5109 1423 5165 τὸν,
1444 5108 1574 5161 Θεόν
1596 5125 1725 5178 φησι
1748 5109 1879 5161 πᾶσι

313 5202 433 5263 τοῖς
458 5198 684 5253 ἔθνεσιν.
720 5200 946 5263 Οὐκοῦν,
977 5198 1194 5251 ἐπειδὰν
1216 5204 1504 5272 προσφωνῇ
1530 5204 1595 5272 τῇ
1626 5199 1761 5253 Σιὼν
1788 5200 1879 5253 καὶ

324 5290 709 5361 Ἰερουσαλὴμ,
743 5290 809 5344 τά
830 5290 1099 5361 λεγόμενα
1128 5293 1219 5345 ἐπὶ
1248 5292 1343 5344 τὴν
1374 5292 1481 5345 τῶν
1506 5292 1672 5345 ἐθνῶν
1697 5290 1883 5363 κλῆσιν

310 5383 670 5453 ἀναφέρεται.

394 5495 414 5527 ι
448 5474 767 5544 Ἀπόστητε,
796 5476 1084 5549 ἀπόστητε,
1112 5476 1352 5543 ἐξέλθετε
1385 5479 1607 5541 ἐκεῖθεν,
1642 5478 1734 5531 καὶ
1755 5478 1886 5529 ἀκα-

316 5568 522 5635 θάρτου
560 5565 636 5636 μὴ
663 5566 834 5637 ἆψητε
854 5586 865 5595 ·
901 5568 1142 5632 ἐξέλθετε
1170 5571 1232 5621 ἐκ
1258 5569 1423 5639 μέσου
1454 5569 1615 5639 αὐτῆς
1640 5585 1650 5597 ·
1676 5588 1693 5618 ι
1728 5567 1884 5636 δῆλον

315 5656 372 5708 δὲ
403 5659 489 5709 ὅτι
525 5658 587 5708 ἐκ
623 5655 716 5707 τοῦ
747 5656 972 5709 ἀπίστου
1002 5659 1128 5711 λαοῦ
1162 5660 1255 5712 καὶ
1298 5658 1621 5729 ἀκαθάρτου.
1657 5677 1673 5708 ι
1728 5658 1881 5726 Ἀφο-

322 5748 569 5820 ρίσθητε,
628 5750 675 5801 oi.
744 5748 994 5820 gaépows;
1038 5751 1105 5805 τὰ
1156 5751 1321 5823 σκεύη
1378 5753 1601 5823 Κυρίου.
1642 5770 1660 5803 ι
1708 5748 1879 5818 Σκεύη

1986 4478 2126 4523 serta
2159 4468 2454 4523 Jerusalem
2489 4487 2502 4522 :
2542 4472 2669 4538 quia
2706 4472 2956 4528 misertus
2987 4485 3066 4528 est
3097 4473 3357 4530 Dominus
3400 4476 3540 4544 ejus.

1984 4570 2037 4615 et
2072 4562 2209 4615 eruit
2236 4559 2557 4617 Jerusalem.
2587 4563 2655 4617 Et
2686 4565 2942 4621 revelahit
2976 4567 3230 4621 Dominus
3261 4568 3540 4623 brachium

1985 4662 2229 4708 sanctum
2277 4668 2431 4707 suum
2478 4654 2529 4707 in
2574 4667 2863 4724 conspectu
2903 4658 3136 4711 omnium
3174 4660 3434 4728 gentium.
3479 4660 3544 4712 Et

1985 4744 2240 4799 videbunt
2263 4759 2448 4798 omnes
2477 4743 2609 4799 lines
2642 4756 2796 4801 teme
2826 4748 3075 4815 salutem,
3102 4764 3219 4817 quae
3257 4760 3338 4803 est
3370 4766 3397 4802 a
3437 4749 3543 4803 Deo

1986 4844 2193 4888 nostro.
2228 4853 2245 4886 ι
2304 4833 2489 4887 Vidcn'
2519 4849 2626 4903 quo
2670 4848 2825 4905 pacto
2860 4837 2942 4891 his
2975 4839 3137 4891 etiam
3171 4840 3347 4893 verbis
3374 4855 3541 4893 evan-

1985 4928 2209 4997 gelicam
2250 4927 2685 4997 praidicationcn't
2728 4931 2976 4999 gentibus
3015 4916 3376 4998 polliceatur?
3413 4930 3541 4986 Ete-

1987 5018 2095 5070 nim
2128 5017 2400 5071 brachium
2429 5028 2673 5070 sanctum
2704 5033 2882 5083 suum,
2923 5020 3064 5087 quod
3093 5031 3210 5073 erat
3243 5022 3413 5088 ipsum
3446 5020 3540 5075 Dei

1986 5107 2241 5172 Verbum,
2272 5109 2520 5164 omnibus
2549 5107 2794 5178 gentibus
2832 5109 3187 5164 revelaturum
3225 5125 3341 5165 esse
3374 5110 3540 5166 Demn

1988 5201 2246 5256 declarat.
2296 5201 2428 5257 Cum
2461 5203 2642 5270 itaque
2667 5201 2796 5256 Sion
2852 5211 2903 5255 et
2956 5200 3248 5256 Jerusalem
3285 5203 3365 5257 sic
3410 5204 3543 5258 allo-

1986 5303 2200 5363 quatur,
2231 5294 2345 5349 haec
2372 5296 2437 5349 ad
2464 5294 2699 5365 gentium
2726 5290 3054 5345 vocationem
3087 5290 3365 5347 referenda
3392 5305 3537 5348 sunt.

2060 5473 2220 5531 Vens.
2253 5475 2338 5529 ll.
2383 5494 2399 5527 ι
2428 5473 2699 5538 Recetlite,
2750 5470 3001 5535 rccedile,
3047 5471 3358 5542 egredimini
3395 5472 3539 5537 inde,

1987 5575 2041 5619 et
2068 5566 2397 5619 immundum
2430 5564 2592 5617 nolite
2621 5574 2835 5632 tangere
2862 5585 2872 5616 :
2900 5564 3043 5619 exile
3067 5561 3132 5617 de
3158 5562 3334 5617 medio
3356 5562 3534 5630 ejusp

1986 5656 2232 5710 videlicet
2261 5672 2321 5709 ex
2367 5654 2642 5709 incredqu
2674 5664 2726 5709 et
2773 5655 3043 5711 immundo
3081 5655 3295 5726 populo.
3333 5674 3351 5705 ι
3374 5654 3541 5722 Sepa-

1990 5748 2217 5814 ramini,
2276 5748 2365 5816 qui
2416 5747 2638 5814 portatis
2678 5762 2801 5803 vasa
2834 5747 3061 5804 Domini.
3091 5766 3111 5800 ι
3164 5746 3296 5801 Vasa
3328 5742 3538 5800 Domini
