4108 6204
561 265 671 322 4’55

1237 264 1504 324 EUSEBll
1545 266 2017 324 CASSARIENSIS
2053 266 2202 323 OPP.
2244 265 2423 322 PARS
2460 267 2546 321 lll.
2584 296 2653 309 --
2692 266 3098 326 EXEGETICA.

3677 261 3789 319 ιδο

556 398 720 445 erant
735 402 972 461 corpora
1003 388 1265 458 ipsorum,
1294 404 1323 443 a
1354 388 1584 445 Domino
1616 389 1808 457 electa,
1849 389 1901 444 in
1932 391 2121 445 sancti-

2233 390 2436 461 Κυρίου
2482 385 2549 461 ῆν
2590 390 2658 444 τὰ
2700 390 3020 462 ἐκλεχθέντα
3061 386 3165 443 ὑπὸ
3197 385 3290 440 τοῦ
3324 382 3529 457 Κυρίου
3565 378 3788 454 stirpem

556 490 677 536 {ate
711 491 766 537 et
798 484 1001 539 honore
1034 484 1142 537 Deo
1175 492 1454 552 segregata
1483 499 1497 547 ;
1530 482 1642 537 sive
1670 483 1835 537 etiam
1865 499 1992 539 vasa
2021 486 2125 539 Do-

550 572 694 629 m-iini
740 583 900 628 erant
942 572 1075 626 Novi
1126 572 1456 627 Testamenti
1502 575 1832 645 Evangelia:
1868 593 1987 647 qua:
2037 577 2131 647 qui

548 681 642 727 gfes
659 664 864 726 tabent,
912 666 985 719 ab
1021 665 1390 719 incredulitate
1419 665 1727 721 Judteorum
1757 683 2008 724 amovere
2045 685 2124 736 se,

568 758 613 809 .b
649 754 831 823 iisque
852 769 914 809 se
944 771 1263 826 segregare,
1294 755 1574 824 jubentur.

632 942 795 998 Vens.
826 944 913 999 12.
971 965 990 997 ι
1018 947 1151 1011 Quia
1186 963 1295 1002 non
1329 964 1451 1003 cum
1490 950 1716 1004 tmnultu
1749 952 2002 1018 exibitis,
2034 968 2128 1008 ne-

555 1048 663 1101 que
720 1034 983 1105 fugientes
1049 1038 1196 1091 ibitis
1237 1057 1252 1093 :
1289 1041 1556 1109 praecedet
1608 1042 1750 1095 enim
1798 1058 1895 1097 vos
1947 1044 2127 1097 Domi-

561 1142 703 1192 nus,
760 1138 816 1181 et
872 1130 961 1199 qui
1021 1141 1316 1202 congregat
1365 1147 1460 1187 vos
1514 1132 1657 1188 Deus
1709 1132 1895 1189 Israel.
1931 1153 1949 1187 ι
2010 1135 2125 1189 Non

557 1220 700 1273 enim
756 1222 908 1289 quasi
962 1223 1221 1292 compulsi
1273 1224 1338 1279 ad
1392 1226 1899 1281 circumcursandas
1942 1238 2126 1298 gentes

555 1313 888 1368 accedebant
937 1313 1201 1381 apostoli;
1256 1316 1347 1369 sed
1394 1332 1516 1371 cum
1563 1317 1706 1371 omni
1755 1318 2031 1372 alacritate
2072 1329 2126 1373 et

552 1403 850 1459 voluntatis
895 1405 1112 1472 alfectu,
1163 1406 1300 1477 jussi
1351 1407 1546 1463 docere
1596 1422 1783 1463 omnes
1842 1419 2028 1479 gentes
2070 1411 2123 1465 in

556 1496 777 1550 nomine
810 1495 944 1563 ejus.

631 1587 794 1647 Vens.
829 1588 913 1644 13.
954 1611 971 1642 ι
1000 1591 1138 1646 Ecce
1168 1591 1422 1659 intelliget
1451 1607 1585 1661 puer
1612 1607 1781 1657 meus,
1814 1603 1869 1647 et
1910 1604 2121 1649 evada—

552 1678 725 1747 bitur,
778 1689 831 1734 et
862 1680 1251 1751 glorificabitur
1280 1682 1451 1736 valde.
1479 1701 1499 1733 ι
1561 1683 1726 1747 Queis
1765 1686 2121 1740 resnrrectio~

557 1788 677 1826 nem
710 1787 738 1824 a
771 1773 1015 1834 mortuis.
1066 1772 1485 1841 assumptionem
1535 1774 1660 1827 item
1710 1773 1762 1827 in
1805 1775 2021 1840 coelum,
2065 1786 2118 1831 et
2150 1766 2189 1820 Β

553 1862 934 1917 «saltationem
985 1864 1275 1933 significat.
1328 1863 1554 1917 Servum
1594 1881 1777 1934 porro,
1823 1868 2116 1923 secundum

553 1955 825 2022 Aquilam,
882 1970 1004 2010 eum
1048 1956 1168 2024 jure
1218 1965 1512 2023 nuncupat,
1561 1958 1629 2010 ob
1677 1958 1818 2011 servi
1871 1958 2116 2023 formam,

548 2060 715 2112 quam
763 2045 989 2113 accepit.
1049 2042 1179 2097 Nam
1232 2045 1372 2099 Deus
1415 2044 1669 2110 Verbum,
1728 2049 2117 2117 «semetipsum

550 2137 852 2189 cxinanivit
903 2152 1023 2189 cum
1073 2136 1124 2188 in
1178 2134 1347 2189 forma
1395 2137 1487 2191 Dei
1540 2148 1702 2204 esset,
1746 2150 1803 2193 ut
1850 2140 1924 2193 ait
1969 2156 2122 2195 sacer

544 2226 908 2296 Aposmlus’,
946 2226 1171 2279 formam
1206 2229 1344 2281 servi
1388 2228 1691 2295 accipiens,
1727 2239 1780 2283 et
1823 2231 2005 2284 habitu
2040 2233 2121 2285 in-

553 2326 747 2370 ventus
783 2326 840 2368 ut
873 2318 1058 2371 bumo.
1090 2336 1109 2369 ι
1150 2318 1344 2372 Verum
1390 2320 1502 2387 ipse
1534 2338 1666 2391 puer
1693 2334 1746 2374 et
1786 2337 1973 2376 servus
2004 2323 2118 2387 Dei,

541 2405 698 2458 muni
746 2405 1007 2474 sapientia
1046 2416 1102 2460 et
1157 2407 1380 2462 scientia
1417 2410 1729 2479 replebatur
1754 2450 1768 2474 ,
1810 2412 1952 2480 quod
1990 2411 2119 2467 Ver-

555 2497 678 2551 bum
707 2496 797 2550 Dei
832 2497 882 2550 in
914 2511 972 2549 se
999 2498 1322 2555 contineret.

625 2588 789 2643 Vens.
809 2589 896 2650 M,
929 2590 1013 2645 15.
1050 2609 1068 2641 ι
1098 2591 1247 2645 Sicut
1274 2593 1739 2663 stupebuntsuper
1768 2602 1819 2647 te
1845 2593 2015 2661 multi,
2044 2594 2123 2650 sic

546 2680 783 2751 ingloria
817 2681 920 2735 erit
968 2684 1035 2736 ab
1095 2682 1403 2737 hominibus
1441 2685 1649 2752 Species
1697 2695 1805 2751 tua,
1854 2696 1907 2740 et
1957 2687 2120 2757 gloria

556 2778 646 2825 tua
674 2789 701 2825 a
733 2773 856 2827 [iliis
898 2774 1198 2828 hominum.
1246 2774 1321 2828 lta
1353 2778 1692 2830 mirabuntur
1723 2788 1909 2847 gentes
1949 2778 2124 2834 multa:

552 2880 717 2933 super
744 2880 831 2930 eo,
866 2875 919 2919 et
961 2866 1315 2919 continebuut
1344 2882 1496 2936 reges
1523 2882 1583 2921 os
1613 2884 1767 2922 suum
1800 2887 1813 2922 :
1855 2868 1977 2938 quia
2006 2870 2124 2938 qni-

555 2958 657 3010 bus
688 2972 790 3011 non
825 2964 906 3009 est
937 2956 1319 3009 annuntiatum
1359 2958 1421 3011 de
1455 2958 1565 3021 illo,
1597 2959 1876 3023 videbunt,
1928 2970 1982 3014 et
2033 2959 2121 3029 qui

559 3062 665 3103 non
715 3048 1021 3111 audierunt,
1074 3048 1391 3118 intelligent.
1425 3068 1442 3101 ι
1488 3049 1541 3103 ld
1588 3050 1731 3103 enim
1781 3064 1933 3119 reges
1975 3066 2125 3105 com-

557 3138 825 3204 movebat,
848 3153 1040 3208 nempe
1065 3142 1206 3209 quod
1233 3139 1600 3210 evangelicum
1624 3143 1845 3195 verbum
1870 3143 1934 3196 ad
1954 3158 2124 3197 remo-
2150 3118 2191 3174 (ἶ

558 3231 792 3286 tissitnas
834 3241 1019 3301 gentes
1068 3233 1407 3301 pervaderet.
1466 3233 1533 3288 Et
1584 3232 1699 3289 lucc
1744 3233 1961 3303 quidem
1994 3236 2122 3291 olim

557 3324 728 3376 verbo
779 3324 1310 3392 pra-nuntiabantur,
1360 3339 1419 3380 re
1470 3333 1648 3378 autem
1693 3326 1959 3393 completa
2005 3336 2127 3382 sunt

557 3416 609 3469 in
641 3414 936 3470 Salvatoris
967 3418 1032 3470 ad
1062 3432 1156 3470 eos
1190 3416 1423 3471 adventu
1454 3434 1468 3470 :
1504 3432 1663 3486 quem
1692 3417 1863 3471 oculis
1898 3432 2019 3471 cum
2054 3419 2125 3471 vi-

558 3507 748 3559 derent
792 3503 983 3571 Judazi,
1045 3523 1337 3575 vocemque
1391 3507 1508 3578 ejus
1561 3509 1833 3575 audirent,
1891 3526 1989 3565 nec
2040 3511 2121 3565 in-

556 3595 914 3658 tellexerunt,
967 3612 1068 3651 nec
1114 3597 1351 3667 loquenti
1406 3614 1562 3653 aures
1612 3600 1997 3669 praebuerunt;
2050 3601 2119 3655 ita

554 3699 614 3740 ut
649 3690 810 3743 etiam
857 3690 1132 3759 prophetia
1171 3691 1257 3744 illa
1299 3690 1410 3758 jam
1445 3691 1717 3760 praemissa
1748 3692 1801 3744 in
1838 3691 1939 3746 illis
1976 3708 2122 3745 com-

557 3782 795 3851 pieretur
817 3822 832 3848 ,
883 3802 901 3835 ι
935 3783 1130 3836 Auditu
1161 3783 1411 3847 audietis,
1455 3793 1508 3837 et
1552 3798 1655 3836 non
1690 3784 2036 3852 intelligetis;
2068 3793 2121 3838 ct

557 3875 913 3945 respicientes
948 3878 1267 3946 respicietis,
1309 3887 1365 3931 et
1408 3893 1511 3931 non
1546 3876 1818 3931 videbitis.
1852 3896 1871 3928 ι

1114 4056 1341 4114 CAPUT
1395 4057 1523 4114 Llll.

562 4187 569 4195 -
623 4148 787 4204 Vens.
822 4150 871 4204 ί.
911 4148 1200 4217 (Domine,
1235 4153 1356 4221 quis
1388 4153 1616 4206 credidit
1643 4154 1843 4207 auditui
1890 4165 2072 4211 nostro
2094 4162 2119 4210 '.'

554 4248 610 4294 et
660 4241 939 4295 brachium
991 4243 1202 4296 Domini
1255 4244 1336 4297 cui
1374 4244 1667 4298 revelatum
1702 4248 1825 4301 est?
1858 4266 1875 4299 ›
1922 4247 2118 4301 Miran-

556 4332 686 4383 tiutn
722 4347 870 4385 more
900 4333 992 4385 Dei
1030 4335 1341 4403 prophetae,
1387 4335 1623 4390 Judaica:
1665 4338 1838 4407 gentis
1871 4341 2117 4394 incredu—

554 4423 757 4478 litatem
809 4435 1132 4490 cernentes,
1192 4442 1253 4480 ac
1306 4428 1542 4496 gentium
1599 4431 2003 4485 conversionem
2063 4445 2114 4485 et

550 4516 959 4585 obsequentiam
1012 4516 1292 4581 videntes,
1344 4520 1455 4573 lucc
1508 4520 1776 4573 dicebant.
1830 4521 2112 4575 Bracltium

552 4620 714 4675 porro
762 4607 891 4672 Dei,
947 4606 1276 4677 unigenitum
1330 4608 1521 4663 Filium
1571 4612 1747 4665 vocari
1802 4613 2116 4683 plerumque

553 4697 1094 4751 commonstravimus
1140 4715 1154 4753 τ
1194 4699 1283 4766 qui
1334 4714 1725 4770 consequenter
1774 4705 1838 4757 ad
1889 4708 2116 4773 prOpbe-

554 4786 660 4840 tica
690 4787 826 4841 dicta
870 4789 1214 4843 credentibus
1265 4790 1315 4843 in
1357 4791 1526 4859 ipsum
1574 4794 1821 4862 gentibus
1871 4799 2116 4864 Cngttilus

551 4886 656 4932 est.
695 4896 715 4931 ι
740 4879 1189 4935 Annuntiavimus
1220 4898 1233 4935 :
1260 4884 1412 4951 quasi
1451 4886 1706 4952 parvulus
1739 4886 1790 4939 in
1822 4898 2111 4956 conspectu

551 4968 690 5039 ejus,
740 4972 882 5026 sicut
923 4972 1076 5026 radix
1108 4973 1158 5026 in
1195 4983 1337 5027 terra
1365 4974 1587 5029 sitienti.
1637 4976 1750 5031 Non
1791 4990 1876 5033 est
1910 4980 2113 5047 species

550 5064 624 5127 ei,
664 5079 837 5131 neque
865 5062 1033 5134 gloria
1072 5081 1086 5118 :
1125 5072 1180 5117 et
1212 5065 1445 5119 vidimus
1489 5084 1630 5133 eum,
1662 5080 1709 5122 et
1745 5086 1845 5123 non
1885 5071 2115 5125 habebat

549 5156 823 5221 speciem,
880 5170 1055 5227 neque
1112 5156 1381 5212 decorem.
1418 5177 1436 5211 ι
1493 5158 1594 5214 Per
1644 5172 1839 5215 terram
1893 5164 2112 5232 inviam,

554 5240 825 5311 Virginem
845 5247 1164 5312 subindicat,
1184 5263 1342 5315 quam
1370 5265 1526 5303 nemo
1545 5251 1672 5303 adiit
1709 5268 1721 5303 :
1762 5267 1855 5319 per
1882 5255 2111 5309 radicem

551 5345 704 5395 Vero,
730 5336 971 5389 eamdem
996 5338 1164 5405 ipsam
1192 5338 1258 5391 de.
1285 5355 1387 5406 qua
1414 5340 1707 5404 dicebatur,
1748 5360 1765 5392 ι
1792 5342 2115 5412 Egredietur

549 5423 701 5491 virga
729 5425 794 5476 de
823 5427 1002 5481 radice
1032 5428 1219 5492 Jessm.
1253 5439 1304 5482 et
1333 5428 1433 5483 llos
1477 5431 1541 5486 de
1574 5433 1754 5487 radice
1784 5432 1898 5501 ejus
1921 5452 2110 5492 ascen-

546 5516 642 5568 det
662 5517 701 5569 ².
716 5514 875 5568 rNam
895 5518 964 5569 ibi
984 5535 1195 5589 quoque
1214 5537 1536 5577 ascensurus
1560 5538 1676 5578 esse
1694 5525 1993 5592 dicebatur,
2017 5531 2109 5583 sed

548 5602 617 5654 de
638 5602 813 5655 radice
840 5602 1005 5658 Jessae
1024 5621 1038 5669 ;
1060 5609 1145 5661 hic
1162 5620 1338 5663 autem
1359 5626 1421 5665 ex
1445 5625 1733 5670 memorata
1757 5626 1898 5673 terra
1936 5619 2100 5675 invia.

628 5696 643 5725 I
679 5694 875 5765 philip.
908 5712 964 5763 tt,
1004 5700 1058 5752 6.
1135 5701 1153 5730 ²
1189 5700 1256 5757 Is.
1307 5722 1379 5771 st,
1420 5710 1463 5765 Ι.

2227 482 2427 546 αὐτῶν,
2464 483 2520 534 ὲν
2549 481 2822 555 ἁγιωσύνῃ
2850 482 2944 536 καί¹
2965 484 3098 553 τιμῇ
3139 480 3216 551 τῷ
3237 479 3355 549 Θεῷ
3395 476 3746 549 ἀφωρισμένα
3766 491 3782 507 ·

2226 574 2259 644 ἢ
2292 575 2385 626 καὶ
2420 572 2586 643 σκεύη
2632 573 2835 644 Κυρίου
2864 574 3125 644 ἐτύγχανε
3150 572 3217 626 τὰ
3249 573 3345 643 τῆς
3370 569 3580 638 Καινῆς
3606 568 3791 639 Διαθήδ

2227 683 2328 736 κης
2372 665 2707 737 Εὐαγγέλιαο
2760 664 2900 735 ἅπερ
2934 664 3418 735 ἐπικομιζομένους
3459 659 3792 714 ἀπαλλάττει

2227 759 2351 811 σθαι
2385 759 2482 829 τῆς
2524 757 2776 820 ἀπιστίας
2815 757 2909 810 τοῦ
2966 757 3232 811 Ἰουδαίων
3277 754 3427 819 λαοῦ,
3468 753 3563 807 καὶ
3604 751 3796 824 ἀφορία

2226 849 2411 916 ζεσθαι
2439 849 2617 904 αὐτῶν
2646 850 2989 920 προστάττει.

2303 964 2320 996 ι
2353 946 2473 997 Ὅτι
2502 946 2562 996 οὐ
2605 940 2742 1013 μετὰ
2780 942 3025 1013 ταραχῆς
3059 932 3401 1005 ὲξελεύσεσθε
3424 977 3438 1003 ,
3478 938 3601 992 οὐδὲ
3646 940 3790 1008 φυγῇ

2226 1035 2557 1108 πορεύσεσθε
2578 1051 2591 1065 ⁸
2627 1034 3058 1107 προπορεύσεται
3088 1034 3192 1103 γὰρ
3213 1032 3475 1102 πρότερος
3501 1029 3651 1099 ὑμῶν
3682 1029 3794 1083 Κύι-

2230 1146 2361 1201 ριος,
2384 1127 2476 1180 καὶ
2504 1128 2532 1178 ό
2555 1127 2897 1194 ὲπισυνάγων
2925 1126 3066 1196 ὑμᾶς
3092 1124 3221 1187 Θεὸς
3264 1121 3491 1194 Ἰσραήλι
3532 1140 3552 1173 ι
3586 1122 3660 1173 Οὐ
3682 1120 3793 1193 γὰρ

2224 1226 2299 1289 ως
2353 1223 2691 1293 ἐλαυνόμενοι
2744 1220 3045 1292 προσῆλθον
3099 1222 3179 1282 είς
3237 1217 3333 1287 τὴν
3385 1216 3631 1287 περίοδον
3681 1214 3789 1268 τῶν

2226 1316 2392 1371 ἐθνῶν
2416 1317 2464 1367 οἱ
2499 1312 2806 1376 ἀπόστολοι,
2842 1311 2977 1365 ἀλλὰ
3007 1310 3285 1382 προθυμία
3319 1309 3468 1379 πάσῃ
3492 1310 3583 1360 καὶ
3600 1324 3791 1378 προαιι

2227 1412 2371 1482 ρέσει
2416 1411 2764 1481 αὑτεξουσίῳ,
2807 1409 3187 1471 κελευσθέντες
3235 1405 3569 1478 μαθητεῦσαι
3614 1403 3791 1457 πάντα

2222 1502 2290 1555 τὰ
2319 1501 2442 1574 ἔθνη
2472 1505 2528 1556 ὲν
2549 1504 2626 1574 τῷ
2658 1502 2879 1573 ὀνόματι
2902 1500 3065 1554 αὑτοῦ

2283 1609 2301 1643 t
2326 1592 2454 1644 Ἰδοὺ
2477 1594 2733 1663 συνήσειό
2750 1594 2877 1654 παῖς
2903 1608 3025 1661 μου,
3040 1590 3134 1643 καὶ
3151 1588 3513 1658 ὑψωθήσεται,
3528 1586 3621 1640 καὶ
3645 1583 3794 1649 502a.-

2225 1684 2476 1757 σθήσεται
2492 1684 2711 1758 σφόδρα.
2726 1704 2743 1735 ι
2756 1685 2831 1737 Δι’
2849 1678 2920 1739 ὧν
2933 1683 3028 1754 τὴν
3044 1681 3179 1752 μετὰ
3202 1681 3292 1735 τὸν
3316 1680 3540 1732 θάνατον
3561 1678 3794 1733 ἀνάσταο

2221 1794 2321 1841 σιν,
2342 1778 2434 1831 καὶ
2449 1777 2545 1849 τὴν
2561 1779 2638 1841 είς
2654 1777 2912 1847 οὐρανοὺς
2927 1775 3188 1846 ἀνάληψίν
3208 1792 3265 1827 τε
3278 1774 3369 1827 καὶ
3385 1772 3587 1843 ὓψωσιν
3602 1769 3795 1853 σημαί-

2222 1883 2318 1924 νει.
2368 1867 2559 1922 Δοῦλον
2583 1869 2640 1923 δὲ
2661 1868 2842 1932 αὐτὸν,
2876 1866 3015 1921 κατὰ
3044 1866 3133 1919 τὸν
3151 1864 3397 1928 Ἀκύλαν,
3420 1864 3641 1926 εἰκότως
3668 1864 3796 1915 ἀπο⁵

2222 1961 2374 2013 καλεί
2388 1961 2473 2014 διὰ
2483 1962 2578 2032 τὴν
2598 1960 2806 2033 μορφὴν
2816 1959 2908 2013 τοῦ
2924 1959 3126 2022 δούλου,
3140 1959 3206 2029 ἢν
3219 1957 3488 2028 ἀνείληφε.
3502 1976 3519 2008 ι
3538 1955 3758 2009 Ἑαυτὸν
3768 1976 3786 2005 ι

2222 2050 2329 2121 γὰρ
2360 2070 2376 2102 ι
2405 2050 2668 2103 ἐκένωσεν
2689 2052 2746 2102 ὲν
2771 2050 2947 2120 μορφῇ
2971 2043 3104 2100 Θεοῦ
3130 2047 3386 2115 ὑπάρχων
3409 2044 3539 2107 Θεὸς
3556 2043 3783 2110 Λόγος,ι

2222 2133 2363 2193 κατά
2380 2140 2467 2193 τὸν
2489 2141 2531 2193 ίε
2540 2140 2630 2212 ρὺν
2647 2140 2964 2192 Ἀπὸστολον
2979 2179 2993 2203 ,
3019 2157 3037 2190 t
3060 2139 3270 2209 μορφὴν
3285 2136 3468 2190 δούλου
3486 2134 3685 2197 λαϐὼν,
3700 2134 3793 2187 καὶ

2224 2233 2460 2303 σχήματι
2488 2232 2730 2303 εὑρεθεὶς
2752 2232 2827 2295 ὡς
2860 2233 3165 2303 ἄνθρωπος.
3199 2249 3217 2281 ι
3251 2229 3388 2282 Ἀλλ’
3418 2227 3577 2290 αὐτὸς
3611 2228 3637 2279 ὁ
3661 2228 3793 2287 παῖς

2220 2320 2313 2373 τοῦ
2357 2321 2488 2375 Θεοῦ
2533 2320 2628 2374 καὶ
2659 2320 2842 2383 δοῦλος
2887 2320 3067 2391 πάσης
3111 2318 3413 2391 ἐπληροῦτο
3464 2318 3649 2386 σοφίας
3693 2316 3793 2369 καὶ

2222 2410 2547 2481 ἐπιστήμης,
2582 2410 2671 2463 τὸν
2700 2408 2833 2461 Θεοῦ
2862 2410 3026 2477 Λόγον
3049 2410 3129 2472 είς
3155 2408 3317 2461 αὐτὸν
3357 2408 3635 2480 χωρήσας.

2300 2612 2318 2645 ι
2356 2593 2453 2647 Ὃν
2485 2593 2683 2665 τρόπον
2731 2593 3085 2662 ἐκστήσονται
3134 2591 3227 2644 ἐπὶ
3278 2590 3337 2645 σὲ
3380 2589 3583 2654 πολλοὶ,
3617 2589 3789 2653 οὕτως

2224 2685 2472 2756 ἀδοξήσει
2500 2685 2607 2738 ἀπὸ
2633 2685 2741 2737 τῶν
2769 2684 3067 2757 ἀνθρώπων
3089 2684 3149 2737 τὸ
3172 2680 3305 2746 εἶδός
3332 2700 3446 2747 σου,
3479 2682 3570 2736 καὶ
3599 2684 3631 2753 ἡ
3664 2680 3791 2751 δόξα

2226 2792 2317 2828 σου
2368 2775 2473 2828 ἀπὺ
2516 2775 2623 2827 τῶν
2667 2775 2795 2828 υἱῶν
2844 2772 3161 2846 ἀνθρώπων.
3227 2772 3381 2827 Οὕτω
3423 2772 3790 2842 θαυμάσονται

2225 2867 2348 2938 ἔθνη
2371 2868 2537 2920 πολλὰ
2566 2867 2827 2936 ὲπ“αΰτῷ,
2851 2867 2944 2920 καὶ
2976 2866 3251 2931 συνέξουσι
3275 2864 3509 2935 βασιλεῖς
3532 2864 3595 2917 τὸ
3616 2863 3789 2933 στόμα

2224 2961 2405 3013 αὐτῶν
2425 2976 2438 2989 ⁸
2473 2960 2553 3012 ὃτι
2586 2954 2666 3023 οἷς
2710 2960 2808 3012 οὐκ
2853 2958 3123 3029 ἀνηγγέλη
3158 2958 3283 3029 περὶ
3316 2955 3479 3009 αὑτοῦ
3500 2997 3513 3021 ,
3546 2955 3784 3024 θψονται,

2225 3052 2319 3105 καὶ
2358 3051 2406 3103 οἳ
2444 3052 2544 3104 οὐκ
2575 3050 2867 3120 ἀκηκόασι,
2911 3051 3219 3120 συνήσουσι.
3260 3068 3277 3100 ι
3310 3047 3479 3100 Τοῦτο
3506 3047 3612 3116 γὰρ
3637 3042 3787 3123 ﬁt?)

2225 3142 2449 3211 κινῆσαν
2476 3142 2600 3205 τοὺς
2632 3140 2888 3211 βασιλεῖς,
2924 3140 3067 3209 λέγω
3099 3140 3160 3211 δὴ
3191 3139 3251 3192 τὸ
3282 3138 3594 3208 διαδραμεῖν
3623 3137 3787 3191 αὑτοῦ

2224 3234 2313 3289 τὸν
2350 3234 2698 3304 εὐαγγελικδν
2730 3235 2883 3304 λόγον
2915 3236 3008 3288 καὶ
3033 3234 3126 3287 ἐπὶ
3163 3234 3231 3287 τὰ
3261 3232 3595 3305 πορρωτάτω
3628 3230 3775 3302 ἔθνη.

2224 3328 2332 3381 Καὶ
2365 3328 2536 3382 ταῦτα
2577 3329 2673 3399 μὲν
2710 3327 2888 3396 λόγοις
2919 3325 3231 3391 ὲθεσπίζετο
3272 3325 3473 3379 πάλαι·
3508 3324 3691 3397 ἔργοις
3727 3323 3788 3376 δὲ

2223 3418 2544 3492 ἐπληροῦτο,
2600 3420 2692 3472 ἐπὶ
2730 3419 2829 3489 τῆς
2868 3420 2947 3481 εἰς
2992 3418 3187 3481 αὐτοὺς
3217 3417 3308 3470 τοῦ
3347 3417 3593 3488 Σωτῆρος
3629 3415 3790 3488 ἡμῶν

2223 3514 2488 3585 παρόδουο
2537 3512 2595 3565 ὂν
2641 3510 2938 3581 ὀφθαλμοῖς
2991 3509 3188 3572 ἰδόντες
3254 3508 3516 3561 Ἰουδαίων
3575 3508 3784 3572 παῖδες,

2223 3606 2406 3677 φωνῆς
2443 3622 2501 3657 τε
2532 3603 2693 3657 αὐτοῦ
2727 3601 3151 3663 ὑπακούσαντες,
3188 3597 3311 3653 οὔτε
3355 3597 3611 3669 συνῆκαν,
3661 3597 3785 3652 οὔτε

2221 3696 2469 3750 λαλοῦντι
2516 3693 2784 3767 παρέσχον
2813 3694 2909 3764 τὴν
2931 3692 3124 3762 ἁκοὴν³
3161 3690 3300 3743 ὥστε
3331 3690 3423 3743 καὶ
3448 3688 3544 3759 τὴν
3568 3688 3780 3762 ἐμπροι

2222 3788 2347 3840 σθεν
2377 3785 2712 3858 προφητείαν
2746 3787 2823 3848 είς
2840 3784 3034 3845 αὐτοὺς
3050 3780 3461 3853 πεπληρῶσθαι,
3497 3782 3594 3852 τὴν
3620 3783 3786 3852 φήσα-

2222 3898 2317 3933 σαν
2339 3921 2352 3945 ,
2391 3899 2409 3931 t
2459 3881 2618 3950 Ἀκοῇ
2652 3878 2937 3940 ἀκούσετε,
2972 3878 3062 3930 καὶ
3091 3877 3151 3929 οὐ
3182 3877 3257 3948 μὴ
3299 3875 3526 3946 συνῆτε·
3556 3875 3649 3928 καὶ
3668 3864 3785 3945 pli-

2219 3986 2407 4032 ποντες
2440 3968 2685 4039 βλέψετε,
2714 3967 2884 4020 καὶού
2917 3965 2991 4037 μὴ
3016 3966 3181 4035 ἴδητε.
3199 3982 3216 4015 ι

2740 4059 3126 4113 ΚΕΦΑΛΑΙΘΝ
3170 4058 3291 4109 ΝΡ.

2292 4173 2310 4205 t
2340 4153 2531 4226 Κύριε,
2564 4151 2645 4214 τίς
2683 4151 2966 4203 ἐπίστευσε
2996 4151 3060 4220 τῇ
3086 4150 3221 4219 ἀκοῇ
3260 4147 3448 4217 ἡμῶν;
3484 4147 3576 4200 καὶ
3600 4147 3629 4200 ό
3658 4145 3784 4217 ppa-

2218 4248 2346 4318 χίων
2374 4247 2579 4319 Κυρίου
2618 4247 2723 4299 τίνι
2767 4241 3155 4311 ἀπεκαλύφθης
3200 4259 3217 4291 ι
3262 4240 3780 4311 Ἀποθαυμαστικῶς

2216 4341 2263 4392 οἱ
2301 4338 2392 4391 τοῦ
2442 4337 2574 4391 Θεοῦ
2620 4336 2911 4408 προφῆται,
2960 4334 3058 4404 τὴν
3115 4332 3367 4384 ἀπιστίαν
3409 4331 3641 4402 ὁρῶντες
3682 4330 3778 4383 τοῦ

2230 4430 2494 4482 Ἰουδαίων
2527 4428 2729 4489 ἔθνους,
2764 4428 2862 4497 τήν
2885 4442 2945 4477 τε
2984 4424 3090 4476 τῶν
3122 4423 3286 4475 ἐθνῶν
3322 4424 3654 4496 ἐπιστροφὴν
3685 4425 3782 4477 καὶ

2219 4520 2460 4591 ὑπακοὴν
2514 4519 2796 4590 θεώμενοι,
2840 4517 2991 4570 ταῦτ’
3019 4516 3223 4583 ἔλεγον.
3275 4516 3541 4587 Βραχίονα
3581 4516 3634 4569 δὲ
3685 4514 3780 4569 τοῦ

2217 4613 2350 4665 Θεοῦ
2386 4612 2505 4679 λέγε
2517 4611 2637 4663 σθαι
2658 4610 2747 4663 τὸν
2773 4609 3029 4681 μονογενῆ
3050 4607 3198 4669 Υἱὸν,
3232 4608 3485 4669 πολλάκις
3509 4604 3784 4670 ἀπεδείξα-

2218 4720 2346 4774 μεν·
2378 4704 2435 4765 ὃς
2468 4704 2599 4755 πᾶσι
2655 4705 2765 4766 τοῖς
2808 4704 2885 4765 είς
2915 4700 3074 4753 αὑτὸν
3109 4700 3526 4752 πεπιστευκόσιν
3572 4697 3783 4749 ἔθνεσιν

2218 4792 2465 4863 ἐγνώσθη
2508 4795 2618 4856 τοῖς
2653 4794 2958 4863 προφήταις
2995 4788 3322 4852 ἀκολούθως.
3362 4807 3379 4838 ι
3430 4786 3781 4858 ’Δνηγγείλα-

2219 4903 2317 4955 μεν
2338 4902 2349 4913 ·
2387 4883 2706 4947 ὡς’παιδίον
2734 4882 2972 4935 ἐναντίον
3015 4879 3178 4934 αὑτοῦ
3199 4897 3211 4910 ο
3246 4880 3319 4942 ὼς
3362 4878 3485 4950 ῥίζα
3517 4880 3575 4930 ὲν
3610 4880 3678 4947 γῇ
3702 4877 3783 4930 δι·-

2214 4976 2390 5049 ψώςῃ.
2422 4978 2533 5030 Οὐκ
2561 4975 2706 5030 ἔστιν
2734 4974 2873 5037 εἶδος
2906 4973 3074 5045 αὐτῷ,
3112 4972 3231 5025 οὐδὲ
3260 4970 3413 5037 δόξω
3448 4970 3541 5023 καὶ
3567 4969 3782 5039 εἴδομεν

2215 5070 2398 5133 αὑτὸν,
2434 5070 2525 5122 καὶ
2565 5070 2665 5122 οὐκ
2704 5065 2845 5137 εἶχεν
2874 5061 3033 5129 εἶδος,
3070 5064 3194 5118 οὔτε
3230 5063 3440 5126 κάλλος.
3482 5080 3500 5114 ι
3537 5061 3644 5131 Γῆν
3679 5060 3779 5131 μὲν

2216 5163 2411 5217 ἄϐατον
2450 5161 2814 5230 αἰνιττόμενος
2851 5159 2949 5229 τὴν
2969 5156 3262 5229 Παρθένον,
3293 5151 3358 5225 ἧς
3387 5152 3561 5217 οὐδεὶς
3590 5152 3775 5205 ἐπισέ-

2217 5256 2408 5325 6ηκεν·
2438 5252 2590 5323 ῥίζαν
2617 5252 2672 5304 δὲ
2699 5252 2796 5322 τὴν
2826 5252 3059 5322 ἐκείνην,
3092 5248 3218 5318 περὶ
3248 5244 3315 5318 ῆς
3333 5246 3570 5314 ἐλέγετο,
3607 5264 3626 5296 ι
3664 5242 3779 5307 Ἐξ-

2219 5345 2491 5398 ελεύσεται
2524 5345 2716 5416 ῥάϐδος
2745 5346 2812 5397 ὲκ
2840 5346 2937 5413 τῆς
2956 5341 3111 5413 ῥίζης
3147 5338 3360 5401 Ἰεσσαὶ,
3390 5334 3483 5390 καὶ
3515 5336 3673 5398 ἄνθος
3713 5338 3778 5387 ἐκ.

2214 5436 2312 5506 τῆς
2358 5436 2510 5506 ῥίζης
2559 5437 2912 5507 ἀναϐήσεται.
2962 5454 2981 5486 ι
3027 5433 3199 5487 Κάκεῖ
3253 5430 3359 5501 γὰρ
3412 5428 3777 5500 ἀναδήσεσθαι

2210 5528 2479 5598 ἐδηλοῦτο,
2528 5527 2640 5581 ἀλλ’
2675 5530 2791 5580 ἐκεῖ
2837 5528 2934 5597 μὲν
2978 5526 3043 5578 ὲκ
3091 5523 3188 5593 τῆς
3231 5523 3386 5593 ῥίζης
3425 5520 3644 5585 Ἰεσσαὶ,
3692 5520 3781 5576 ἕνα

2210 5620 2382 5674 ταῦοα
2416 5622 2470 5674 δὲ
2506 5619 2612 5675 ἀπὸ
2637 5620 2736 5691 τῆς
2768 5620 2966 5673 ἀϐάτου
2995 5616 3093 5687 γῆς
3129 5615 3223 5685 τῆς
3249 5613 3600 5685 δηλωθείσης.
