4108 6204
370 292 479 350 457

1288 298 1788 357 COMMENTARIA
1827 303 1896 358 IN
1936 301 2192 356 ISMAM.
2237 330 2300 338 —
2343 289 2493 352 CAP.
2540 298 2668 351 Llll.

3499 311 3602 366 458

444 427 466 462 ε
501 409 666 464 Ἀλλά
697 411 757 464 τὸ
783 406 915 475 εἶδος
951 412 1115 466 αὐτοῦ
1145 415 1359 485 ἄτιμον,
1384 417 1478 470 καὶ
1506 419 1754 472 ἐκλεῖπον
1789 421 1916 490 παρέ

2112 417 2274 471 Vens.
2303 419 2356 478 5,
2389 417 2441 470 4.
2482 436 2500 469 ι
2522 416 2632 470 Sed
2663 418 2872 484 species
2899 419 3016 488 ejus
3043 419 3362 475 inhonorata
3387 431 3438 477 et
3471 425 3605 480 dell-

364 504 497 568 τοὺς
533 505 683 566 υἱοὺς
708 503 812 559 τῶν
835 505 1154 578 ἀνθρώπων.
1191 509 1512 580 Ἀνθρωπος
1547 511 1602 563 ἐν
1634 512 1813 582 πληγῇ
1841 509 1936 575 ὢν,

361 593 467 648 καὶ
492 593 649 656 εἰδὼς
667 593 842 666 φέρειν
861 596 1155 665 μαλακίαν,
1173 599 1253 669 ῆτι
1275 601 1653 672 ἀπέστραπται
1687 602 1747 654 τὸ
1767 604 1871 674 πρό
1881 622 1938 656 σ-

367 700 523 736 ωπον
558 683 733 746 αὐτοῦ,
765 686 1063 760 ἠτιμάσθη,
1107 690 1198 742 καὶ
1237 693 1336 744 οὐκ
1363 687 1819 764 ἐλογίσθη.οὖτος
1840 696 1936 759 τάς

372 775 645 846 ἁμαρτίας
669 776 823 846 ήμῶν
853 777 1028 851 φέρει,
1070 781 1166 834 καὶ
1190 782 1319 854 περὶ
1351 785 1507 855 ήμῶν
1533 784 1814 840 ὀδυνᾶται·
1842 790 1935 842 καὶ

371 866 533 936 ἡμεῖς
574 866 934 938 ἐλογισάμεθα
982 869 1144 923 αὑτὸν
1200 867 1339 925 εἶναι
1391 874 1449 924 ἐν
1499 873 1683 944 πόνῳ,
1743 878 1836 929 καὶ
1876 879 1933 929 ἐν

371 956 568 1029 πληγῇ,
597 961 691 1012 καὶ
719 962 776 1012 ἐν
805 960 1069 1015 κακώσει.
1106 982 1123 1013 ι
1168 965 1478 1018 Κοινοποιεῖ
1503 966 1558 1019 δὲ
1589 970 1618 1021 ὁ
1650 971 1932 1041 προφήτης

367 1050 780 1119 συγκαταλέγων
813 1054 908 1106 καὶ
957 1054 1148 1107 ἑαυτὸν
1173 1055 1260 1110 διὰ
1285 1057 1688 1130 φιλανθρωπίαν
1716 1065 1826 1132 τοῖς
1857 1065 1930 1134 μὴ

361 1141 738 1212 λογισαμένοις
775 1144 869 1198 τὸν
901 1146 1163 1218 Σωτῆρα·
1202 1150 1316 1202 Οὐκ
1354 1151 1714 1223 ἐλογισάμεθα
1747 1156 1926 1220 αὐτὸν,

355 1232 474 1285 οὐδὲ
502 1236 1044 1307 προσεποιησάμεθα,
1075 1239 1196 1292 οὐδὲ
1234 1243 1564 1314 ἐννοήσαμεν
1585 1246 1668 1308 τίς
1691 1264 1818 1300 ποτε
1839 1243 1924 1318 ἦν.

365 1325 423 1378 '0
437 1325 494 1378 δέ
511 1322 578 1396 ἦν
604 1327 718 1398 ἄρα
732 1330 760 1381 ὁ
779 1329 888 1382 τῶν
910 1331 1192 1405 ἡμετέρων
1214 1333 1400 1406 ψυχῶν
1424 1338 1633 1410 Σωτὴρ,
1667 1342 1929 1412 ἰατρεύων

351 1412 550 1502 αὐτῶν,
587 1416 684 1467 καὶ
727 1415 1004 1487 καθαίρων
1051 1419 1230 1493 πάσης
1260 1424 1554 1496 ἁμαρτίας.
1600 1429 1736 1482 Ἀλλ’
1768 1433 1927 1502 ἡμεῖς

354 1502 453 1572 μὲν
477 1499 568 1557 οἷα
591 1507 777 1576 νήπιοι
799 1509 1001 1580 ταύτην
1025 1511 1242 1581 εἴχομεν
1275 1518 1403 1588 περὶ
1426 1518 1588 1572 αὐτοῦ
1619 1521 1717 1591 τὴν
1741 1522 1922 1590 δόξανο

349 1595 377 1646 ὀ
407 1593 466 1648 δὲ
491 1595 670 1649 ταῦτα
697 1600 873 1652 πάντα
901 1601 1106 1672 ἔπασχε
1135 1603 1200 1657 δι’
1232 1606 1410 1676 ἡμῶν,
1462 1609 1548 1663 ἵνα
1587 1613 1736 1682 ἡμᾶς
1777 1615 1926 1668 ἐλευ-

349 1683 566 1757 θερώσῃ
596 1687 780 1759 πάσης
808 1688 1100 1760 ἁμαρτίας.

424 1877 444 1908 ι
485 1862 660 1925 Auro;
687 1863 743 1916 δὲ
770 1866 1176 1943 ἐτραυματίσθη
1209 1872 1295 1926 διὰ
1323 1873 1421 1936 τὰς
1451 1875 1720 1948 ἁμαρτίας
1743 1881 1920 1951 ἡμῶν,

349 1951 443 2004 καὶ
493 1953 896 2023 μεμαλάκισται
942 1959 1031 2013 διὰ
1071 1963 1169 2026 τάς
1205 1965 1434 2036 ἀνομίας
1478 1969 1654 2038 ἡμῶν.
1700 1972 1922 2027 Παιδεία

345 2045 574 2117 εἰρήνης
611 2048 766 2118 ἡμῶν
799 2053 886 2105 ἐπ’
915 2055 1104 2110 αὐτόν’
1162 2058 1240 2128 τῷ
1276 2060 1502 2130 μώλωπι
1554 2063 1718 2116 αὐτοῦ
1765 2065 1924 2135 ἡμεῖς

349 2135 603 2207 ίάθημεν.
645 2159 663 2192 ι
697 2141 828 2194 Τότε
864 2143 994 2211 γοῦν
1027 2147 1121 2199 καὶ
1154 2152 1437 2223 συνετρίϐη
1473 2155 1564 2208 καὶ
1589 2154 1920 2226 ἐόεϐηλώθη,

345 2229 491 2283 κατά
516 2230 608 2283 τὸν
646 2232 897 2297 Ἀκύλαν,
934 2238 1028 2291 καὶ
1054 2240 1228 2294 πάντα
1255 2242 1322 2296 τὰ
1355 2245 1605 2316 χείριστα
1638 2249 1919 2320 ὑπέμεινε,

341 2323 406 2412 ού
437 2323 528 2376 διά
553 2341 696 2388 τινος
727 2327 934 2391 οἰκείας
963 2330 1256 2402 ἁμαρτίας,
1301 2334 1388 2388 διά
1416 2337 1472 2390 δὲ
1501 2337 1600 2401 τὰς
1628 2341 1918 2412 ἡμετέρας.

343 2411 456 2465 Καὶ
489 2413 710 2480 γέγονεν
741 2417 772 2486 ἡ
810 2417 1022 2472 παιδεία
1042 2421 1140 2489 τῆς
1165 2424 1386 2496 εἰρήνης
1424 2428 1578 2498 ήμῶν
1608 2431 1692 2482 ἐπ’
1719 2411 1882 2486 αὐτόν
1905 2452 1917 2464 ·

344 2504 491 2574 ἅπερ
523 2506 630 2578 γὰρ
664 2506 830 2578 ἐχρῆν
859 2511 1008 2580 ἡμᾶς
1037 2513 1231 2567 παθεῖν
1255 2517 1676 2589 παιδευομένους
1710 2521 1797 2576 διά
1824 2525 1920 2590 τὶς

342 2595 620 2690 ἁμαρτίας
645 2600 742 2664 τὰς
770 2603 1062 2676 ἡμετέρας,
1097 2606 1249 2662 ταῦτ’
1289 2611 1376 2663 ἐπ’
1412 2611 1572 2666 αὐτὸν
1588 2609 1749 2684 ἦλθεν
1782 2618 1921 2690 ὑπὲρ

342 2687 446 2756 τῆς
471 2690 741 2780 ἡμετέρας
759 2697 981 2769 εἰρήνης
994 2699 1092 2770 τῆς
1122 2701 1255 2771 πρὸς
1271 2702 1419 2758 Θεόν.
1451 2705 1602 2760 Ἐπεὶ
1617 2710 1708 2762 καὶ
1729 2687 1925 2780 μώλωξ

343 2796 456 2843 πας
499 2783 646 2847 εἰκὸς
684 2779 754 2857 ἦν
781 2787 945 2841 αὑτὸν
990 2789 1174 2862 φέρειν
1209 2792 1350 2847 κατά
1390 2796 1485 2850 τοῦ
1535 2779 1785 2869 σώματος
1827 2803 1920 2855 καὶ

339 2870 652 2941 τραύματα,
688 2878 1020 2950 τυπτόμενον
1062 2883 1154 2936 καὶ
1196 2886 1653 2958 μαστιγούμενον,
1696 2891 1919 2956 καὶτὰς

333 2960 492 3030 ὄψεις
517 2965 896 3039 ῥαπιζόμενον,
933 2973 1032 3044 τήν
1069 2991 1127 3027 τε
1159 2977 1400 3050 κεφαλὴν
1426 2979 1656 3052 καλάμῳ
1688 2982 1916 3055 παιόμε-

335 3074 449 3110 νον.
492 3058 636 3128 Πλὴν
669 3061 716 3114 οξ
759 3062 1024 3133 μώλωπες
1065 3059 1209 3121 οὗτοι
1257 3071 1498 3142 σωτῆρες
1550 3067 1689 3144 ἦσαν
1735 3075 1911 3146 ἡμῶν.

340 3168 363 3198 1
404 3148 494 3218 Τῷ
525 3170 542 3199 ι
570 3150 677 3223 γὰρ
715 3172 732 3202 ι
778 3155 1005 3225 μώλωπι
1044 3158 1207 3212 αὐτοῦ
1237 3162 1396 3232 ἡμεῖς
1431 3163 1678 3235 ίάθημεν.
1710 3187 1727 3218 ι
1759 3167 1916 3233 Τίνες

331 3237 394 3290 δὲ
417 3239 578 3309 ἡμεῖς
599 3242 712 3294 ἀλλ’
735 3244 766 3314 ἢ
794 3248 841 3297 οί
869 3245 1035 3302 πάλαι
1063 3248 1440 3320 πλανηθέντες,
1469 3256 1561 3308 καὶ
1596 3256 1669 3328 μὴ
1699 3257 1916 3325 λογισά-

335 3345 489 3398 μενοι
513 3329 694 3398 αὑτὸν,
724 3335 856 3406 μηδὲ
887 3339 1157 3404 συνιέντες
1186 3338 1268 3406 τίς
1302 3361 1429 3398 ποτε
1466 3341 1534 3416 ἦν
1559 3365 1574 3413 ;

415 3567 434 3600 ι
466 3551 676 3618 Πάντες
708 3572 784 3618 ως
813 3557 1064 3627 πρόϐατα
1093 3561 1476 3636 ἐπλανήθημεν
1495 3583 1509 3596 ·
1540 3566 1824 3640 ἄνθρωπος
1845 3572 1911 3639 τῇ

327 3640 440 3711 ὁδῷ
472 3644 636 3698 αὐτοῦ
689 3646 986 3722 ἐπλανήθη.
1023 3653 1132 3706 Καὶ
1161 3653 1364 3727 Κύριος
1399 3658 1714 3729 παρέδωκεν
1752 3661 1913 3715 αὐτὸν

331 3737 457 3799 ταῖς
481 3736 778 3808 ἁμαρτίαις
805 3742 991 3812 ήμῶν·
1023 3747 1116 3800 καὶ
1146 3748 1305 3812 αὐτὸς
1345 3750 1434 3803 διὰ
1479 3751 1540 3804 τὸ
1567 3752 1912 3807 κεκακῶσθαι

329 3826 435 3880 οὐκ
455 3827 660 3897 ἀνοίγει
685 3832 746 3885 τὸ
771 3835 942 3905 στόμα
965 3837 1151 3890 αύτοῦο
1170 3839 1246 3903 ὡς
1277 3839 1553 3910 πρόϐατον
1586 3842 1677 3895 ἐπὶ
1700 3845 1914 3916 σφαγὴν

331 3917 502 3991 ἢχθη,
533 3921 625 3974 καὶ
655 3923 729 3987 ὡς
761 3925 930 3996 ἀμνὸς
963 3928 1204 3983 ἐναντίον
1244 3930 1339 3984 τοῦ
1377 3931 1651 4002 κείροντος
1677 3934 1909 4003 ἄφωνος,

323 4010 510 4074 οὕτως
536 4014 636 4067 οὐκ
660 4015 864 4086 ἀνοίγει
896 4020 956 4073 τὸ
981 4025 1172 4093 στόμα.
1207 4043 1226 4074 ι
1257 4023 1448 4088 Ἀλλος
1479 4026 1587 4097 γὰρ
1607 4026 1769 4098 ἀλλην
1793 4029 1910 4082 ὁδὸν

327 4103 542 4158 ὥδευσε
598 4107 825 4180 πλάνης,
879 4112 1109 4186 διάφορα
1166 4116 1293 4187 περὶ
1337 4117 1503 4170 αὐτοῦ
1552 4119 1646 4172 καὶ
1694 4121 1910 4175 ἐναντία

325 4195 566 4268 δοξάσης
586 4216 600 4229 ·
635 4200 714 4271 τῷ
747 4203 805 4254 δὲ
851 4205 958 4276 ἄρα
991 4207 1091 4260 ούκ
1129 4208 1276 4262 ἀθεεὶ
1302 4208 1511 4278 ἐγίνετο
1531 4211 1600 4264 τά
1628 4211 1906 4281 γινόμενα.

329 4288 508 4352 Αὐτὸς
531 4290 639 4362 γάρ
664 4293 850 4347 ἑαυτὸν
873 4298 1156 4368 παρεδίδου
1179 4299 1206 4350 ὁ
1224 4299 1428 4372 Κύριος
1452 4301 1592 4374 ὑπὲρ
1616 4302 1721 4356 τῶν
1741 4305 1912 4379 ἀμαρ-

326 4380 465 4432 τιῶν
509 4383 686 4452 ήμῶν,
735 4385 821 4439 ἵνα
861 4388 1081 4460 γένηται
1125 4392 1418 4465 ἀντίψυχον
1458 4395 1553 4450 καὶ
1595 4396 1908 4469 ἀντίλυτρον

2048 507 2196 562 ciens
2223 522 2334 576 pne
2359 506 2481 562 [iliis
2512 507 2809 564 hominum.
2839 507 3012 562 Homo
3047 509 3097 562 in
3124 511 3276 581 plaga
3316 512 3604 581 exsistens,

2045 607 2099 654 et
2128 599 2304 652 sciens
2337 598 2480 654 ferre
2511 598 2880 654 inﬁrmitatem
2916 619 2929 654 :
2963 601 3087 669 quia
3131 617 3353 658 aversus
3382 613 3466 660 est
3491 607 3603 661 vul-

2045 699 2131 742 tus
2153 687 2288 754 ejus,
2322 687 2608 756 despectus
2648 698 2702 740 et
2747 703 2849 742 non
2882 699 3179 756 repntatus.
3228 689 3345 761 Ipse
3384 703 3602 763 peccata

2044 789 2222 835 nostra
2256 791 2471 850 portat,
2504 790 2557 833 et
2589 796 2687 848 pro
2715 781 2868 836 nobis
2897 782 3042 836 dolet
3067 801 3081 836 :
3109 791 3164 838 et
3200 800 3298 840 nos
3339 790 3604 856 reputavi-

2041 882 2158 922 mns
2198 882 2316 922 eum
2364 881 2484 921 esse
2523 870 2574 922 in
2628 869 2829 933 dolore,
2879 880 2934 925 et
2981 873 3032 925 in
3071 872 3241 940 plaga,
3287 881 3346 928 et-
3379 873 3431 926 in
3465 873 3601 929 allii-

2040 957 2237 1012 ctione.
2273 976 2291 1008 ι
2327 955 2382 1010 In
2414 959 2684 1012 communi
2715 961 2974 1028 propheta
3022 962 3282 1030 loquitur,
3332 979 3452 1020 sese
3497 982 3601 1034 pne

2041 1047 2393 1102 humanitatis
2436 1047 2629 1102 allec-tu
2667 1051 2730 1104 iis
2759 1065 3185 1116 connumeraus,
3236 1055 3326 1124 qui
3356 1055 3597 1111 Salvato.

2040 1154 2151 1192 rem
2209 1154 2312 1193 non
2369 1127 2754 1207 reputaverunt
2798 1157 2812 1194 :
2865 1141 2979 1196 Non
3037 1145 3402 1212 reputavimus
3453 1161 3598 1214 etnu,

2037 1247 2213 1301 neque
2245 1234 2419 1302 ipsum
2448 1232 2600 1288 nobis
2628 1235 2977 1302 adscivimus,
3023 1251 3200 1307 neque
3243 1238 3598 1308 rcgitavimns

2036 1324 2156 1392 quis
2183 1334 2346 1379 esset.
2383 1323 2504 1393 Ipse
2529 1341 2653 1380 vero
2679 1325 2980 1380 animarum
3015 1338 3316 1380 nostrarum
3341 1326 3593 1382 Servatm

2028 1425 2173 1479 erat,
2203 1432 2233 1469 a
2265 1415 2570 1471 vulneribus
2599 1431 2826 1481 curans,
2860 1427 2913 1472 et
2942 1431 3175 1486 purgans
3205 1417 3272 1470 ab
3304 1419 3448 1471 omni
3481 1433 3601 1487 pecu

2035 1513 2172 1558 cato.
2233 1504 2338 1558 Sed
2393 1519 2490 1560 nos
2545 1506 2783 1574 quidem,
2840 1515 3022 1576 utpote
3070 1505 3318 1571 infantes,
3368 1525 3486 1563 eam
3536 1513 3599 1564 do

2034 1593 2125 1649 illo
2156 1595 2441 1650 habuimus
2487 1597 2943 1651 existimationem
2985 1618 3002 1652 ε
3049 1598 3134 1652 ille
3171 1615 3298 1653 vero
3340 1600 3598 1655 haccont-

2032 1686 2120 1740 nia
2183 1703 2280 1757 per
2344 1702 2443 1742 nos
2501 1703 2692 1756 passus
2759 1698 2877 1751 est,
2930 1700 2987 1744 ut
3054 1705 3151 1745 nos
3211 1690 3467 1745 liberaret
3529 1694 3597 1745 ah

1954 1783 1996 1837 Β
2030 1777 2175 1831 omni
2211 1788 2452 1845 peccato.

2099 1869 2264 1924 Vens.
2291 1870 2343 1924 5.
2382 1889 2398 1919 ‹
2427 1869 2542 1939 Ipse
2567 1880 2746 1924 autem
2777 1870 3087 1925 vulneratus
3118 1881 3198 1925 est
3226 1882 3442 1941 propter
3472 1887 3592 1942 pec—

2025 1967 2144 2013 cata
2189 1969 2393 2019 nostra,
2445 1969 2500 2012 et
2553 1960 2858 2015 inlirmatus
2906 1969 2988 2014 est
3029 1972 3246 2029 propter
3281 1962 3593 2032 iniquitates

2025 2058 2257 2102 nostras.
2321 2049 2609 2117 DISCiplllla
2657 2051 2805 2117 pacis
2850 2061 3043 2106 nostra:
3094 2067 3256 2120 super
3305 2069 3426 2107 eum
3460 2072 3475 2108 :
3509 2057 3591 2109 vi-

2026 2140 2142 2194 bice
2189 2141 2311 2210 ejus
2359 2142 2530 2196 sanati
2576 2157 2789 2198 sumus.
2825 2161 2842 2193 I
2882 2144 3034 2200 Tunc
3061 2145 3223 2214 igitur
3243 2147 3513 2203 ccutn'tns
3538 2157 3592 2204 et

2025 2232 2337 2302 prol‘auatns
2392 2246 2510 2296 est,
2570 2235 2866 2290 secundum
2912 2236 3177 2305 Aquilam,
3233 2253 3297 2293 ac
3353 2240 3587 2308 pessima

2025 2339 2247 2395 quaeque
2275 2340 2564 2395 perpessus
2609 2337 2712 2391 est,
2759 2344 2864 2383 non
2891 2329 2961 2383 ob
3001 2333 3274 2399 proprium
3316 2334 3588 2401 quoddam

2024 2427 2324 2485 peccatum,
2350 2419 2442 2473 sed
2477 2419 2545 2472 ob
2587 2430 2804 2488 peccata
2834 2430 3040 2476 nostra.
3085 2422 3147 2477 Et
3181 2422 3281 2477 fuit
3309 2425 3588 2494 disciplina

2023 2511 2170 2576 pacis
2211 2520 2408 2565 nostra:
2433 2525 2598 2579 super
2625 2526 2790 2579 eum;
2845 2528 2966 2565 cum
2999 2529 3059 2567 ea
3091 2529 3210 2583 qum
3247 2515 3317 2570 ob
3368 2526 3587 2585 peccata

2025 2611 2210 2654 nostra
2245 2616 2341 2655 nos
2384 2603 2587 2670 perpeti
2622 2615 2754 2671 opus
2786 2614 2928 2662 erat.
2959 2605 3070 2658 haec
3113 2604 3211 2673 ipsi
3259 2620 3586 2671 supervene-

2024 2700 2149 2744 runt
2178 2705 2272 2760 pro
2295 2705 2424 2759 pace
2455 2700 2636 2745 nostra
2664 2707 2785 2746 cum
2816 2692 2926 2747 Deo
2951 2693 3290 2748 stabilienda.
3319 2695 3584 2760 Quoniam

2021 2790 2074 2834 et
2107 2782 2370 2834 vibicibus
2420 2791 2474 2835 et
2529 2782 2844 2836 vulneribus
2895 2791 3007 2836 tom
3059 2799 3284 2854 corpore
3333 2797 3582 2840 onustum

2020 2870 2188 2926 fuisse
2221 2871 2510 2926 verisimile
2540 2880 2642 2936 est,
2689 2881 2868 2941 utpote
2912 2873 3003 2944 qui
3045 2888 3351 2942 percussus,
3394 2875 3584 2946 ﬂagel-

2022 2961 2184 3026 latus,
2218 2961 2268 3015 in
2314 2961 2450 3016 facie
2479 2962 2720 3030 colaphis
2753 2978 2946 3024 carsus,
2978 2974 3030 3018 et
3069 2964 3124 3017 in
3172 2965 3347 3033 capite
3376 2969 3584 3022 calamo

2019 3069 2304 3125 percussus
2361 3055 2542 3110 fuerit.
2591 3056 2854 3110 ueterum
2904 3057 3106 3111 vibices
3146 3057 3450 3127 huiusmodi
3499 3074 3584 3113 sa-

2018 3148 2114 3202 luti
2168 3147 2320 3203 nobis
2372 3159 2526 3204 erant
2574 3167 2588 3202 :
2643 3165 2764 3202 nam
2819 3151 3037 3205 «vibice
3087 3151 3203 3222 ejus
3255 3168 3354 3206 nos
3407 3154 3583 3208 sanati

2018 3258 2221 3297 sumus.
2257 3262 2273 3293 ι
2318 3241 2424 3296 Nos
2470 3256 2618 3306 vero,
2672 3243 2913 3312 quinam,
2968 3244 3067 3297 nisi
3113 3245 3202 3312 qui
3253 3245 3382 3299 olim
3431 3260 3584 3300 erra-

2016 3335 2214 3399 vimus,
2246 3350 2342 3387 nec
2398 3333 2759 3402 reputavimus
2808 3349 2956 3398 eum,
3007 3351 3180 3406 neque
3231 3337 3583 3408 cognovimus

2014 3427 2135 3496 quis
2160 3427 2342 3481 esset?

2087 3562 2250 3618 Vens.
2270 3563 2324 3623 6,
2353 3563 2401 3614 7.
2441 3581 2462 3613 ‹
2483 3561 2680 3618 Omnes
2707 3562 2860 3630 quasi
2892 3577 3020 3616 oves
3041 3561 3343 3618 erravimus
3367 3578 3383 3627 ;
3419 3563 3579 3620 homo

2015 3657 2068 3711 in
2096 3657 2180 3711 via
2224 3670 2321 3711 sua
2355 3655 2576 3712 erravit.
2619 3655 2682 3710 Et
2713 3655 2976 3710 Dominus
3018 3654 3240 3708 tradidit
3285 3669 3410 3710 eum
3454 3671 3580 3726 pec-

2014 3748 2150 3804 catis
2178 3750 2380 3804 nostris
2409 3766 2424 3803 :
2458 3758 2514 3804 et
2545 3748 2657 3819 ipse
2688 3758 2912 3818 propter
2943 3746 3280 3801 alllictionem
3322 3761 3427 3801 non
3452 3761 3580 3818 ape-

2015 3826 2087 3895 rit
2143 3855 2206 3895 os
2253 3856 2432 3897 suum.
2461 3839 2618 3897 Sicut
2657 3842 2774 3896 ovis
2799 3840 2866 3894 ad
2898 3840 3224 3894 occisionem
3257 3839 3448 3898 ductus
3471 3851 3576 3907 est,

2013 3942 2069 3987 et
2117 3934 2258 3989 sicut
2305 3949 2475 4003 agnus
2512 3948 2694 3988 coram
2739 3931 2990 3986 tondente
3019 3931 3136 3986 sine
3163 3945 3316 3997 voce,
3362 3931 3440 3988 sic
3470 3948 3577 3988 non

2011 4026 2187 4094 aperit
2213 4041 2294 4081 os.
2325 4045 2345 4078 ι
2375 4026 2531 4082 Alius
2557 4026 2719 4080 aliam
2747 4024 2872 4080 iniit
2899 4025 3041 4079 viam
3075 4027 3300 4092 erroris,
3342 4026 3468 4096 quia
3513 4028 3578 4082 de

2015 4114 2104 4170 illo
2144 4116 2293 4170 varia
2339 4126 2393 4172 et
2432 4117 2702 4172 contraria
2748 4117 3056 4182 sentiebat;
3103 4127 3160 4171 at
3205 4117 3277 4172 illi
3318 4134 3424 4174 non
3455 4120 3577 4175 sine

2010 4221 2175 4276 scopo
2216 4217 2276 4261 et
2309 4207 2414 4262 line
2437 4211 2673 4278 quodam
2716 4209 2832 4263 haec
2859 4219 3170 4264 evenerunt.
3205 4209 3321 4280 Ipse
3343 4227 3576 4281 namque

2012 4299 2268 4354 Dominus
2305 4312 2426 4354 sese
2453 4300 2670 4354 tradidit
2693 4313 2798 4368 pro
2835 4301 3074 4370 peccatis
3115 4302 3332 4364 nostris,
3375 4310 3432 4355 ut
3475 4317 3575 4370 pro

2011 4390 2313 4444 animarum
2357 4399 2668 4446 nostrarum
2716 4391 3082 4460 redemptione
3128 4393 3356 4462 pretium
3407 4405 3571 4451 esset.

324 4473 363 4543 ἡ
373 4472 510 4541 μῶν.
539 4474 696 4528 Οὕτω
711 4477 820 4548 γὰρ
845 4480 936 4532 καὶ
979 4483 1174 4552 ’Ᾱμνὸς
1195 4485 1288 4538 τοῦ
1319 4485 1454 4539 Θεοῦ
1481 4486 1719 4555 γέγονεν,
1737 4490 1908 4562 αἴρων

2021 4481 2102 4538 Sic
2145 4484 2288 4538 enim
2329 4492 2384 4537 et
2421 4485 2607 4554 Agnus
2639 4484 2729 4539 Dei
2761 4483 2936 4540 factus
2964 4494 3068 4549 est,
3117 4485 3206 4553 qui
3242 4484 3377 4538 tollit
3412 4496 3573 4556 atque

324 4565 428 4617 καὶ
464 4568 875 4641 περικαθαίρων
910 4572 1008 4641 τὴν
1041 4575 1312 4646 ἁμαρτίαν
1350 4577 1442 4631 τοῦ
1475 4579 1702 4650 κόσμου.
1753 4582 1810 4635 Ὀ
1852 4583 1908 4636 δὲ

322 4657 649 4730 Σύμμαχος,
699 4680 716 4712 ι
752 4664 1137 4736 Προσηνέχθη,
1185 4669 1340 4737 φησὶ,
1423 4671 1514 4725 καὶ
1559 4673 1719 4737 αὐτὸς
1763 4674 1905 4745 ὑπή-

321 4766 516 4804 κουσε.
548 4772 566 4803 ι
608 4751 721 4807 Τίνι
751 4755 806 4807 δέ
832 4757 1175 4830 προσηνέχθη
1201 4760 1314 4813 ἀλλ’
1353 4762 1384 4832 ἢ
1415 4763 1492 4834 τῷ
1523 4765 1767 4836 Πιλάτῳ;
1798 4768 1906 4821 Καὶ

317 4843 519 4914 ἐπειδὴ
541 4847 1011 4918 κατηγορούμενος
1042 4850 1269 4917 ἐσιώπα,
1306 4856 1396 4907 καὶ
1425 4856 1899 4929 ψευδομαρτυρού-

322 4952 493 5003 μενος
519 4937 667 4991 οὐδὲν
691 4940 1040 5011 ἀπεκρίνατο,

402 5089 422 5122 ι
478 5073 564 5126 Ἔν
592 5077 657 5145 τῇ
691 5075 929 5130 κακώσει
966 5079 997 5148 ἡ
1034 5078 1214 5149 κρίσις
1251 5079 1416 5134 αὐτοῦ
1449 5081 1610 5154 ἤρθη.
1652 5083 1764 5156 ’Τὴν
1804 5103 1895 5154 γε-

320 5162 456 5219 νεὰν
484 5166 647 5220 αὐτοῦ
667 5167 750 5229 τίς
779 5169 1096 5240 διηγήσεται
1122 5187 1136 5234 ;
1165 5171 1282 5225 Ὅτι
1311 5173 1523 5244 αἴρεται
1557 5175 1664 5227 ἀπὸ
1682 5176 1779 5248 τῆς
1797 5179 1898 5248 γῆς

274 5261 304 5338 ’ἱ
319 5256 358 5324 ἡ
377 5251 493 5324 ζωή
517 5256 702 5310 αύτού-
739 5259 843 5312 ἀπὸ
867 5260 972 5312 τῶν
995 5260 1232 5331 ἀνομιῶν
1251 5263 1343 5316 τοῦ
1375 5263 1504 5318 λαοῦ
1541 5283 1641 5336 μου
1664 5268 1800 5340 ήχθη
1820 5273 1898 5342 είς

293 5339 578 5426 ξοάνατον.
620 5365 638 5398 ι
673 5348 899 5402 Διελθὼν
933 5349 1100 5403 αὐτοῦ
1133 5349 1200 5404 τὰ
1236 5352 1404 5423 πάθη,
1449 5356 1760 5427 ἀναπέμπει

291 5429 431 5492 ²τῶν
454 5437 757 5492 ἀκουόντων
790 5441 1029 5494 διάνοιαν
1063 5443 1156 5494 ἐπὶ
1189 5443 1290 5514 τὴν
1312 5444 1412 5514 τῆς
1443 5447 1706 5514 γενέσεως
1737 5449 1900 5503 αύτοῦ

321 5528 651 5595 φαντασίαν,
702 5530 996 5599 ἐπιλέγωνθ
1047 5551 1066 5582 ι
1109 5532 1220 5604 Τὴν
1252 5534 1440 5602 γενεὰν
1484 5537 1644 5591 αὐτοῦ
1689 5537 1774 5602 τίς
1818 5537 1902 5591 δι-

317 5620 636 5690 ηγήσεται;
678 5639 696 5671 ι
749 5622 878 5674 Τότε
935 5622 1043 5692 γὰρ
1092 5624 1326 5694 μάλιστά
1351 5644 1434 5691 τις
1485 5627 1668 5698 μεῖζον
1716 5630 1898 5683 λοιπὸν

324 5715 564 5785 λήψεται
599 5712 784 5782 Θαῦμα
833 5715 930 5783 τῆς
975 5715 1082 5768 τῶν
1119 5716 1390 5769 τοσούτων
1434 5721 1728 5790 ὑπομονῆς,
1773 5724 1895 5774 ὅταν

653 5831 918 5893 ΡΑτιιοι..
946 5831 1309 5896 ῧιιΧΧιν.

2012 4585 2202 4646 purgat
2224 4588 2502 4646 peccatum
2529 4577 2732 4631 mundi.
2759 4577 3116 4648 Symmachus
3140 4589 3342 4638 autem,
3371 4597 3390 4630 ι
3416 4576 3575 4632 Obla-

2012 4677 2098 4722 tus
2141 4677 2243 4730 est,
2291 4669 2388 4734 ait,
2439 4679 2494 4722 et
2535 4669 2648 4737 ipse
2684 4671 2940 4741 obedivit.
2974 4689 2993 4722 ι
3042 4669 3136 4725 Cui
3186 4685 3316 4726 vero
3359 4672 3572 4728 oblatus

2007 4769 2110 4825 est,
2148 4761 2245 4815 nisi
2285 4760 2493 4814 Pilato?
2532 4761 2600 4816 Et
2630 4763 2755 4830 quia
2785 4772 3065 4818 accusatus
3096 4764 3278 4825 tacuit,
3324 4777 3379 4818 et
3416 4764 3571 4828 falsis

2007 4853 2236 4907 testibus
2264 4853 2395 4906 nihil
2429 4855 2724 4924 respondit,

2077 5076 2244 5132 Vens.
2275 5076 2328 5131 8.
2363 5097 2382 5129 ι
2408 5076 2462 5131 In
2494 5077 2796 5133 'aﬂlictione
2832 5079 3088 5148 judicium
3120 5080 3238 5148 ejus
3269 5082 3436 5131 latum
3460 5090 3566 5134 est.

2000 5167 2422 5225 Generationem
2466 5171 2583 5238 ejus
2615 5174 2736 5240 quis
2757 5172 3065 5227 enarrabit?
3110 5171 3242 5238 Quia
3273 5171 3475 5226 tollitur
3497 5177 3570 5227 de

2004 5272 2149 5317 terra
2182 5264 2288 5318 vita
2315 5262 2455 5332 ejus.
2499 5267 2582 5320 Ab
2618 5267 2991 5335 iniquitatibus
3019 5267 3202 5336 populi
3241 5268 3343 5322 rnei
3375 5271 3568 5322 ductus

2003 5364 2086 5408 est
2113 5355 2178 5408 ad
2218 5367 2469 5418 mortem,
2507 5375 2526 5407 ι
2572 5355 2858 5426 Postquam
2899 5359 3172 5413 cruciatus
3218 5358 3336 5428 eius
3385 5373 3571 5415 recen-

2001 5447 2132 5512 suit,
2163 5449 2469 5503 auditorum
2504 5459 2734 5506 mentem
2763 5451 2837 5522 ad
2875 5451 3240 5519 generationis
3277 5453 3395 5519 ejus
3417 5453 3567 5520 cogi-

2003 5541 2259 5593 tationem
2312 5539 2646 5601 trausmittit,
2703 5540 2817 5595 haec
2854 5541 3113 5608 adjicicns
3153 5561 3165 5596 :
3207 5542 3568 5598 «Generatio-

2004 5644 2123 5684 nem
2152 5629 2268 5697 cjus
2299 5631 2420 5698 quis
2447 5632 2723 5685 enarrabit
2745 5632 2768 5686 ?
2793 5653 2813 5685 ι
2867 5632 2995 5688 Nam
3033 5643 3142 5688 tum
3182 5635 3414 5690 maxime
3441 5636 3566 5702 qui-

2004 5724 2083 5778 vis
2113 5721 2303 5790 majori
2332 5722 2399 5775 oh
2425 5723 2736 5792 patientiam
2773 5727 2887 5796 ejus
2920 5727 3278 5783 admiratione
3303 5728 3563 5798 capictar.

3170 5843 3245 5902 l5
