4074 6202
534 340 639 398 459

1199 338 1465 395 EUSEBII
1502 340 1976 399 CIESARIENSIS
2015 343 2163 398 OPP.
2209 342 2386 398 PARS
2427 344 2509 399 Ill.
2550 376 2619 386 —
2659 345 3073 403 EXEGETICA.

3671 353 3774 408 460

533 475 656 515 cum
707 472 886 513 secum
944 458 1451 526 reputaveritquis
1512 466 1568 511 et
1619 458 1797 526 qualis
1869 460 1958 514 ille
2009 463 2081 514 sit

2209 463 2289 522 είς
2320 461 2526 514 ἔννοιαν
2564 461 2691 534 ἔλθῃ
2720 463 2802 527 τίς
2832 462 2908 516 ὢν
2942 466 3032 516 καὶ
3062 464 3262 526 ὁποῖος,
3307 464 3399 517 καὶ
3430 465 3492 517 ὲκ
3518 462 3652 529 Θεοῦ
3677 480 3744 535 γε
3765 487 3777 496 ·

533 561 587 605 et
620 551 760 621 quod
806 565 871 604 ex
924 548 1033 601 Deo
1070 559 1235 602 natus
1292 549 1705 618 unigenitusqne
1754 551 1876 605 talia
1925 552 2104 607 susti-

534 660 566 698 lt
573 659 638 699 ue
646 643 685 695 ri
695 652 731 699 ι.

605 780 767 835 Vens.
792 777 846 834 9.
890 796 909 831 ι
941 777 1009 833 Et
1047 777 1184 833 dabo
1216 779 1488 848 improbos
1528 794 1626 849 pro
1657 781 1929 850 sepultura
1964 781 2101 852 ejus,

528 881 581 926 et
622 872 813 925 divites
858 885 955 941 pro
1002 884 1177 926 morte
1209 870 1325 939 ejus
1375 893 1385 926 :
1439 873 1564 940 quia
1615 873 1957 942 iniquitatem
1996 891 2099 929 non

529 964 676 1025 fecit,
724 977 900 1032 neque
943 962 1121 1015 dolum
1168 962 1220 1015 in
1270 976 1365 1016 ore
1417 979 1533 1019 suo.
1564 982 1581 1014 ι
1625 965 1756 1030 Quis
1788 965 1966 1029 dabit,
1996 967 2099 1021 nisi

527 1056 900 1108 universormn
948 1052 1158 1121 judex?
1205 1064 1260 1108 et
1301 1069 1436 1123 quos
1472 1055 1641 1119 dabit,
1698 1056 1801 1110 nisi
1847 1069 1961 1120 eos,
2009 1059 2096 1127 qui

496 1140 675 1214 prius
720 1152 1007 1199 memorata
1054 1153 1452 1213 perpetrarunt,
1488 1158 1622 1211 quos
1656 1147 1858 1212 statim,
1889 1164 1985 1202 nec
2009 1148 2097 1202 ditt

527 1252 710 1306 posuea
733 1276 750 1301 ,
788 1235 1024 1291 inimicis
1058 1244 1111 1290 et
1146 1235 1389 1290 hostibus
1437 1235 1807 1291 obsidentibus
1845 1238 2097 1292 tradidit?

523 1329 599 1382 Ac
632 1328 793 1383 etiam
827 1326 1108 1382 confestim
1160 1326 1374 1389 accidit,
1419 1335 1475 1378 ut
1521 1328 1779 1381 memoria
1815 1342 1999 1381 eorum
2029 1344 2095 1384 ex

526 1419 834 1474 hominibus
874 1418 1203 1483 auferretur,
1245 1418 1333 1486 qui
1369 1417 1494 1471 olim
1543 1421 1678 1488 apud
1708 1417 1924 1475 Judazos
1957 1422 2093 1475 mul-

526 1521 635 1566 tum
693 1512 1017 1567 auctoritate
1067 1511 1360 1573 valebant,
1414 1510 1809 1566 Pharisaeorum
1862 1511 2092 1574 scilicet.

524 1597 836 1657 Scribarum
876 1613 929 1658 et
966 1601 1426 1667 Sadduczeorum;
1470 1601 1537 1656 ad
1586 1603 1697 1657 lucc
1735 1617 1883 1665 vero,
1918 1618 2096 1658 sacer-

522 1690 705 1746 dotum
753 1704 804 1748 et
855 1699 1191 1747 summorum
1243 1692 1591 1761 pontiiicum,
1642 1710 1853 1748 necnon
1884 1710 2090 1756 eorum,

522 1783 613 1853 qui
664 1783 809 1852 regia
857 1800 1021 1853 penes
1067 1784 1211 1854 ipsos
1240 1783 1500 1849 dignitate
1543 1782 1835 1855 fulgebant.
1867 1783 2001 1840 Nam
2039 1787 2091 1839 bi
2126 1814 2166 1866 Β

522 1884 667 1941 sunt,
718 1875 807 1945 qui
855 1876 956 1930 boc
1003 1875 1119 1935 loco
1157 1875 1350 1929 divites
1392 1874 1774 1945 appellantur:
1810 1894 1945 1947 quos
1988 1894 2089 1933 non

520 1967 611 2021 ditt
645 1978 827 2038 postea
858 1969 937 2022 ira
970 1966 1063 2021 Dei
1092 1968 1307 2034 invasit,
1342 1971 1469 2040 quia
1505 1970 1908 2041 impeccabilem
1934 1968 2093 2025 Cbri-

520 2066 702 2125 stum,
758 2062 848 2114 tali
905 2060 1168 2129 supplicio
1221 2062 1559 2116 dediderant.
1601 2081 1618 2113 ι
1661 2062 1791 2127 Quia
1834 2063 2087 2132 iniquita-

523 2162 626 2204 tem
661 2162 765 2205 nOn
799 2150 943 2215 fecit,
993 2166 1166 2220 neque
1211 2151 1390 2205 dolum
1424 2151 1476 2203 in
1520 2166 1614 2205 ore
1663 2166 1779 2204 suo.
1811 2170 1828 2200 ι
1875 2150 1949 2203 De
1978 2149 2091 2217 ejus

520 2258 616 2298 seu
654 2242 818 2295 verbo
865 2257 956 2295 seu
989 2256 1151 2309 opere
1201 2240 1652 2309 impeccabilitate
1684 2243 1893 2310 loquor,
1931 2257 2088 2308 quam

522 2335 572 2386 in
602 2333 747 2387 omni
787 2333 894 2386 vita
929 2350 1023 2386 sua
1054 2332 1311 2388 obtinuit.
1353 2349 1372 2382 ο
1408 2331 1575 2385 Nemo
1606 2333 1767 2403 igitur
1799 2349 1964 2402 purus
1991 2331 2085 2386 fuit

515 2441 547 2478 ει
599 2424 781 2488 sorde,
834 2423 1049 2477 etiamsi
1109 2424 1266 2476 unius
1320 2421 1424 2476 diei
1480 2422 1637 2476 fuerit
1686 2424 1790 2476 vita
1851 2423 1965 2492 ejus
1989 2423 2030 2489 ³,
2066 2443 2082 2474 ι

518 2517 622 2570 nisi
660 2517 791 2584 ipse.

591 2629 753 2684 Vnus.
784 2631 869 2684 10.
908 2647 928 2680 ι
961 2630 1023 2682 Et
1066 2625 1324 2681 Dominus
1375 2628 1488 2682 vult
1543 2628 1802 2681 mundare
1839 2630 2012 2697 ipsum
2058 2645 2087 2682 a

518 2722 695 2791 plaga.
724 2739 744 2773 ι
781 2721 886 2775 Pro
917 2719 1167 2775 omnibus
1187 2734 1317 2789 ergo
1342 2718 1430 2773 ille
1459 2728 1701 2773 mortuus
1729 2731 1832 2781 est,
1872 2729 1928 2772 ut
1964 2736 2089 2788 pur-

516 2821 670 2884 garet
697 2822 752 2867 et
784 2812 995 2866 tolleret
1024 2821 1305 2881 peccatum
1337 2811 1555 2876 mundi;
1587 2811 1940 2880 quamobrem
1978 2827 2008 2865 e
2032 2827 2089 2866 re

535 2906 632 2957 bre
659 2902 950 2956 aestimavit
981 2901 1118 2955 Deus
1157 2912 1210 2954 et
1242 2900 1419 2964 Pater,
1455 2903 1497 2953 si
1534 2917 1655 2954 enm
1697 2918 1726 2953 a
1760 2902 1944 2971 plaga.
1975 2904 2087 2957 sive

516 2997 585 3047 ab
615 2994 760 3047 illata
790 2994 1040 3062 passione
1071 3002 1349 3062 purgaret.
1398 3013 1416 3044 ι
1450 2993 1507 3047 Si
1545 2994 1797 3048 dederitis
1831 3011 1925 3063 pro
1957 3011 2083 3063 pec-

524 3094 674 3151 zato,
730 3085 908 3136 anima
969 3094 1145 3135 vestra
1216 3084 1416 3136 videbit
1469 3097 1652 3135 semen
1709 3084 2027 3149 longaevum.
2060 3102 2077 3134 ι

2207 568 2366 620 γεννη
2376 551 2533 620 μένος
2561 554 2854 622 μονογενὴς
2875 552 3044 606 ταῦτα
3080 555 3253 606 πάντα
3281 551 3512 626 ὑπέστη.

2272 791 2295 822 τ
2333 772 2442 825 Καὶ
2470 772 2624 827 δώσω
2651 776 2777 837 τοὺς
2810 776 3079 846 πονηροὺς
3108 777 3228 829 ἀντὶ
3252 777 3347 847 τῆς
3376 778 3552 848 ταφῆς
3582 776 3765 845 αὑτοῦ,

2202 864 2295 916 καὶ
2320 865 2445 928 τοὺς
2480 865 2766 929 πλουσίους
2794 867 2915 920 ἀντὶ
2949 867 3040 920 τοῦ
3075 868 3304 922 θανάτου
3331 870 3523 923 αὑτοῦ·
3550 872 3631 924 ὅτι
3650 873 3762 925 ἀνο-

2204 954 2329 1023 μίαν
2361 954 2461 1007 οὐκ
2495 956 2743 1025 ἐποίησε,
2795 955 2916 1009 οὐδὲ
2936 956 3082 1010 δόλον
3103 958 3258 1029 ὲντῷ
3291 959 3515 1029 στόματι
3548 960 3763 1014 αὑτοῦ.»

2200 1045 2296 1109 Τίς
2328 1045 2383 1098 δὲ
2417 1046 2577 1099 δώσει
2606 1047 2638 1117 ἦ
2669 1048 2697 1099 ό
2725 1047 2834 1099 τῶν
2873 1048 3007 1100 ὅλων
3044 1052 3272 1121 κριτής;
3299 1051 3391 1104 ml.
3419 1052 3620 1123 τίναςῆ
3645 1055 3770 1118 τοὺς

2199 1140 2267 1192 τά
2298 1141 2565 1212 εἰρημένα
2593 1142 2942 1211 δεδρακότας,
2973 1141 3066 1206 οὒς
3103 1144 3197 1196 καὶ
3230 1144 3544 1214 παρέδωκεν
3572 1146 3774 1201 αὐτίκα

2198 1233 2293 1285 καὶ
2314 1234 2412 1285 οὐκ
2449 1234 2527 1296 εἰς
2559 1233 2775 1305 μακράν
2802 1232 3038 1304 ἐχθροῖς,
3070 1236 3163 1287 καὶ
3194 1236 3491 1306 πολεμίοις,
3538 1238 3632 1290 καὶ
3670 1255 3768 1292 1:0-

2197 1326 2544 1396 λιορκηταῖςς
2586 1326 2650 1378 Ὃ
2693 1325 2757 1395 δὴ
2789 1327 2882 1379 καὶ
2912 1327 3043 1379 αὐτὸ
3078 1329 3419 1399 παραχρῆμα
3453 1329 3674 1400 συνέϐη,
3710 1332 3771 1398 ἐξ

2195 1416 2496 1489 ἀνθρώπων
2527 1418 2887 1488 ἀφανισθῆναι
2917 1420 2978 1471 τὸ
3009 1420 3351 1489 μνημόσυνον
3382 1420 3561 1474 αὐτῶν
3600 1422 3770 1475 πάλαι

2196 1510 2347 1581 παρά
2387 1509 2654 1564 Ἰουδαίων
2681 1508 2853 1564 πολλὰ
2889 1509 3291 1581 δεδυνημένων,
3333 1512 3639 1581 Φαρισαίων
3675 1502 3772 1566 καὶ

2194 1601 2587 1673 γραμματέων,
2614 1602 2705 1655 καὶ
2732 1601 3121 1656 Σαδδουκαίων·
3140 1603 3232 1655 καὶ
3258 1602 3337 1654 ἔτι
3360 1604 3495 1670 πρὸς
3522 1604 3732 1667 τούτοις
3752 1644 3768 1670 ,

2197 1695 2385 1764 ἱερέων
2414 1712 2471 1746 τε
2499 1695 2592 1747 καὶ
2622 1693 2941 1765 ἀρχιερέων,
2968 1692 3062 1745 καὶ
3090 1694 3196 1745 τῶν
3222 1697 3352 1763 παρ’
3380 1696 3565 1757 αὐτοῖς
3615 1694 3771 1764 βασι-

2195 1787 2318 1856 λικῇ
2353 1785 2479 1856 ἀξίᾳ
2506 1785 2901 1856 τετιμημένων.
2951 1779 3107 1837 Οὗτοι
3146 1785 3255 1857 γὰρ
3282 1781 3420 1856 ἦσαν
3449 1787 3497 1839 οἱ
3532 1780 3768 1839 ἐνταῦθά

2193 1877 2476 1949 λεγόμενοι
2500 1877 2743 1930 πλούσιοι
2767 1894 2780 1906 ο
2816 1873 2909 1940 οὒς
2947 1876 3210 1947 μετῆλθεν
3243 1877 3341 1930 οὐκ
3367 1879 3446 1940 εἰς
3487 1878 3703 1948 μακρὰν
3731 1879 3767 1949 ἡ

2193 1971 2328 2040 ὀργὴ
2358 1969 2451 2023 τοῦ
2493 1969 2648 2034 Θεοῦ,
2681 1969 2812 2022 διότι
2848 1969 3230 2039 ἀναμάρτητον
3255 1969 3383 2022 ὄντα
3418 1969 3505 2022 τὸν
3534 1968 3768 2041 Χριστὸν

2193 2061 2416 2134 τοιαύτῃ
2444 2061 2661 2114 κολάσει
2689 2059 3141 2130 ὑποὸεὸλήκασιν.
3172 2077 3190 2111 ι
3227 2061 3350 2113 Ὀτι
3396 2061 3623 2131 ἀνομίαν
3663 2062 3767 2114 οὐκ

2194 2154 2466 2224 ἐποίησεν,
2491 2152 2609 2205 οὐδὲ
2652 2152 2798 2206 δόλον
2815 2156 2872 2208 ἐν
2886 2154 2964 2225 τῷ
2982 2155 3208 2225 στόματι
3225 2153 3409 2208 αὑτοῦ.
3422 2172 3438 2205 ι
3452 2154 3609 2221 Λέγω
3625 2153 3688 2225 δὴ
3703 2154 3766 2206 τὸ

2190 2244 2256 2297 δι’
2277 2245 2403 2314 ὅλης
2431 2244 2532 2314 τῆς
2568 2242 2662 2296 τοῦ
2692 2244 2806 2313 βίου
2832 2243 2974 2315 ζωῆς
3002 2246 3385 2316 ἀναμάρτητον
3414 2248 3471 2297 ὲν
3486 2244 3629 2314 λόγῳ
3669 2244 3767 2300 καὶ

2192 2335 2357 2406 ἔργῳ.
2394 2353 2411 2385 ι
2447 2334 2637 2397 Οὐδεὶς
2662 2330 2754 2386 οὖν
2791 2333 3030 2407 καθαρὸς
3052 2336 3277 2403 γέγονεν
3303 2335 3411 2387 ἀπὸ
3433 2334 3627 2404 ῥύπου,
3650 2335 3764 2389 οὐδ’

2192 2430 2238 2480 εί
2266 2427 2363 2498 μία
2390 2427 2571 2498 ἡμέρα
2596 2422 2662 2498 ἦν
2694 2428 2728 2497 ἠ
2758 2426 2869 2497 ζωὴ
2910 2426 3096 2490 αὐτοῦ,
3128 2445 3148 2476 ι
3173 2425 3205 2496 ἦ
3236 2426 3397 2493 μόνος
3426 2425 3605 2488 αὐτός.

2266 2643 2284 2675 ι
2326 2626 2435 2679 Καὶ
2463 2626 2665 2702 Κύριος
2703 2628 2947 2699 βούλεται
2980 2630 3277 2703 καθαρίσαι
3307 2632 3467 2685 αὐτὸν
3502 2632 3601 2701 τῆς
3629 2631 3766 2703 πλη-

2189 2717 2309 2786 γῆς.
2349 2736 2366 2768 ι
2394 2719 2600 2771 Οὐκοῦν
2634 2720 2774 2791 ὑπὲρ
2805 2722 3021 2774 πάντων
3044 2722 3203 2784 αὐτὸς
3232 2722 3521 2784 ἀπέθανεν,
3556 2723 3639 2775 ἵνα
3672 2739 3765 2776 κα-

2189 2807 2327 2879 θάρῃ
2370 2810 2461 2861 καὶ
2503 2810 2728 2883 περιέλῃ
2753 2812 2850 2882 τὴν
2882 2813 3152 2883 ἁμαρτίαν
3174 2813 3265 2866 τοῦ
3298 2813 3503 2882 κόσμου
3523 2832 3535 2841 ·
3571 2814 3648 2867 διὸ
3672 2817 3763 2869 καὶ

2189 2897 2400 2969 ἔκρινεν
2446 2901 2474 2950 ὁ
2506 2898 2637 2962 Θεὸς
2694 2901 2786 2953 καὶ
2836 2902 3021 2973 Πατὴρ
3058 2904 3219 2957 αὑτοῦ
3272 2904 3565 2973 καθαρίσαι
3602 2905 3762 2959 αὑτὸν

2187 2990 2285 3059 τῆς
2317 2990 2549 3061 πληγῆς,
2584 2993 2826 3045 τουτέστι
2847 2994 2938 3047 τοῦ
2966 2996 3346 3065 ἐπενεχθέντος
3368 2995 3516 3065 αὐτῷ
3538 2995 3758 3059 πάθους.

2193 3099 2211 3130 ι
2257 3081 2381 3134 Ἐὰν
2412 3082 2549 3135 δῶτε
2605 3085 2730 3154 περὶ
2787 3084 3141 3156 ἀμαρτίας,ή
3179 3086 3323 3155 ψυχὴ
3371 3086 3525 3155 ὑμῶν
3574 3087 3759 3155 ὖψεται

517 3178 667 3245 Quod
694 3178 767 3229 ait
803 3176 1105 3245 hujusmodi
1131 3186 1213 3229 est
1245 3193 1259 3228 :
1299 3175 1424 3229 Post
1450 3192 1510 3227 ea
1538 3190 1657 3244 quae
1691 3177 1938 3243 superius
1973 3192 2083 3230 nte-

2188 3172 2403 3242 σπέρμα
2432 3153 2742 3246 μακρόϐιον.
2779 3193 2796 3225 ι
2822 3153 2885 3227 ³0
2909 3153 2973 3228 δὲ
3016 3153 3162 3243 λέγει
3182 3153 3421 3228 τοιούτόν
3446 3178 3582 3230 ἐστι.
3608 3153 3760 3229 Μετά

514 3271 865 3330 moravimus.
902 3269 947 3323 si
1003 3269 1129 3337 quis
1162 3284 1225 3322 ex
1260 3268 1327 3322 iis
1355 3268 1444 3337 qui
1479 3280 1670 3323 contra
1703 3270 1876 3337 ipsum
1922 3268 2083 3338 impie

519 3370 759 3435 rgerunt,
794 3360 1022 3417 voluerit
1056 3361 1284 3415 hostiam
1324 3360 1559 3422 oderre;
1607 3362 1658 3415 id
1706 3371 1830 3425 est,
1868 3361 2081 3415 confes-

515 3461 723 3510 sionem
753 3464 808 3509 et
853 3453 1225 3523 pcenitentiam
1260 3463 1607 3521 peccatorum
1644 3454 1928 3515 exhibere,
1963 3454 2007 3506 is
2051 3469 2079 3505 a

513 3563 610 3618 ape
648 3551 788 3603 bona
837 3548 889 3601 in
941 3562 1061 3601 eum
1107 3549 1344 3615 reposita
1392 3561 1725 3615 nequaquam
1783 3546 2077 3600 delabetnr.

474 3644 481 3645 “
515 3640 737 3697 Etiamsi
763 3642 905 3696 enim
938 3639 1141 3693 dictum
1183 3637 1367 3700 fuerit,
1423 3657 1440 3689 ι
1466 3638 1612 3691 Dabo
1647 3638 1835 3707 impios
1870 3652 1965 3705 pro
1997 3654 2083 3690 sc-

512 3734 726 3803 pultura
760 3731 899 3798 ejus,
945 3738 999 3783 et
1029 3730 1221 3783 divites
1264 3745 1362 3797 pro
1411 3739 1581 3782 morte
1608 3726 1761 3795 ejus;
1789 3748 1807 3779 ι
1845 3734 2078 3783 attamen

512 3829 555 3880 si
590 3841 705 3885 vos,
737 3825 827 3894 qui
862 3822 987 3876 talia
1028 3821 1145 3876 ausi
1190 3823 1339 3887 esus,
1376 3821 1571 3877 donum
1604 3837 1702 3890 pro
1735 3831 1952 3889 peccato
1984 3822 2078 3873 ob-

514 3917 768 3977 tuleritis,
800 3914 1014 3968 veniant
1050 3913 1481 3983 consequemini,
1512 3914 1691 3967 anima
1727 3923 1902 3967 vestra
1931 3915 2077 3966 salu-

513 4021 618 4064 tem
643 4008 942 4071 obtiuebit;
975 4006 1270 4076 quinetiam
1298 4020 1482 4060 semen
1518 4005 1815 4075 longtevum
1846 4007 2076 4059 videbit:

510 4102 613 4159 hoc
660 4102 834 4172 ipsum
872 4096 1142 4161 videlicet,
1194 4100 1335 4170 quod
1376 4100 1441 4152 ab
1491 4099 1605 4169 ipso
1661 4099 1711 4152 in
1770 4098 2079 4152 homiuilun

509 4210 759 4266 sparsura
795 4194 992 4259 fuerat,
1033 4193 1096 4247 de
1141 4208 1248 4262 quo
1294 4192 1346 4245 in
1390 4189 1663 4261 parabolis
1715 4191 1935 4253 docens,
1972 4191 2081 4243 aie-

512 4289 603 4344 bat
629 4308 642 4345 :
673 4308 690 4339 ι
721 4288 864 4342 Exiit
895 4290 985 4356 qui
1024 4287 1256 4341 seminat
1303 4284 1571 4338 seminare
1595 4285 1650 4348 ις
1686 4301 1703 4335 ι
1752 4292 1807 4337 et
1839 4298 2078 4343 rursum.

515 4404 533 4433 ι
571 4383 756 4437 Simile
810 4393 893 4434 est
953 4394 1173 4448 regnum
1227 4377 1490 4432 cwlorum
1537 4375 1739 4429 homini
1793 4375 2075 4429 seminauti

508 4476 707 4533 bonum
739 4491 920 4530 semen
958 4476 1009 4526 in
1044 4487 1173 4543 agro
1204 4487 1301 4525 suo
1330 4471 1374 4523 ⁸.
1403 4490 1420 4521 ι

581 4677 743 4733 Vens.
778 4679 864 4731 tl.
911 4695 927 4725 ι
954 4675 1020 4728 Ει
1062 4671 1178 4727 vult
1217 4670 1475 4725 Dominus
1520 4669 1736 4724 auferre
1782 4669 1847 4721 de
1890 4668 2075 4720 labore

506 4772 741 4826 animam
784 4768 917 4834 ejus,
967 4764 1253 4821 ostendere
1296 4763 1344 4815 ei
1390 4762 1584 4827 lucem,
1629 4770 1682 4815 et
1714 4755 1947 4812 formare
1990 4758 2070 4810 iu~

510 4861 826 4929 telligentia,
849 4857 1147 4927 jusuﬂcare
1172 4855 1374 4921 jusunn
1413 4856 1547 4909 bene
1586 4852 1906 4907 servientem
1938 4850 2069 4902 mul-

506 4956 596 5012 tis.
624 4974 642 5006 ι
684 4953 736 5006 Id
768 4954 831 5005 de
860 4966 967 5005 uno
995 4949 1275 5005 Salvatore
1308 4956 1493 5000 nostro
1522 4944 1626 4997 dici
1670 4959 1763 5012 par
1794 4951 1875 4995 est
1899 4943 2071 4995 :o'nam

504 5062 719 5119 semper
762 5048 815 5100 in
858 5060 1021 5099 manu
1054 5042 1171 5112 ejus
1203 5040 1376 5095 Patris
1415 5037 1665 5092 voluntas
1710 5029 1863 5095 recte”
1891 5046 2074 5103 proce-

506 5141 685 5195 debat.
722 5137 876 5193 Dedit
916 5149 1095 5192 autetn
1126 5135 1227 5205 ipsi
1259 5133 1454 5195 lucem,
1483 5140 1540 5184 ut
1573 5144 1669 5183 eos
1689 5129 1780 5197 qui
1809 5127 2070 5198 justitiam

507 5245 604 5299 per
648 5231 822 5298 ipsum
858 5236 1295 5299 assequerentur,
1338 5225 1667 5278 illuminaret
1704 5238 1721 5277 :
1772 5219 2074 5290 intelligen-

509 5321 636 5373 tiam
666 5321 791 5373 item
833 5320 931 5388 ipsi
978 5319 1242 5384 contulit;
1286 5331 1407 5371 nam
1448 5314 1709 5383 requievit
1753 5328 1915 5382 super
1950 5326 2072 5366 eum

505 5410 729 5480 Spiritus
784 5412 1063 5481 sapientia
1114 5420 1166 5465 et
1222 5408 1623 5484 intelligentia,
1676 5416 1733 5460 ut
1787 5406 2075 5475 prudentes

503 5501 785 5575 junosqne
852 5504 1101 5558 redderet
1150 5517 1283 5569 eos,
1342 5501 1431 5572 qui
1489 5498 1873 5569 iustiﬁcatioue
1930 5499 2073 5569 digni

464 5616 467 5619 λ
504 5609 682 5651 erant.

578 5778 599 5810 ³
627 5780 726 5835 Job
756 5793 867 5843 xiv,
899 5777 951 5830 ll.
1026 5776 1047 5807 ‘
1075 5774 1205 5829 Luc.
1238 5788 1353 5837 vin,
1386 5775 1438 5830 5.
1516 5774 1537 5806 ⁸
1568 5773 1750 5827 Matth.
1785 5787 1902 5839 xm,
1938 5771 2028 5825 57.

2184 3261 2251 3313 τά
2281 3262 2645 3333 προλεχθέντα
2677 3265 2875 3330 πάντα,
2919 3265 3077 3327 εἴτις
3103 3266 3209 3317 τῶν
3244 3269 3322 3330 είς
3358 3268 3518 3319 αὑτὸν
3552 3267 3758 3336 ἠσεϐη-

2184 3353 2355 3405 κᾶτων
2392 3353 2677 3426 βουληθείη
2711 3355 2899 3410 θυσίαν
2930 3358 3237 3427 ἀνενεγκεῖν
3269 3361 3405 3429 ὑπὲρ
3432 3360 3531 3429 τῆς
3563 3362 3758 3415 ἑαυτοῦ

2183 3446 2475 3516 ἁμαρτίας,
2500 3447 2773 3501 τουτέστιν
2801 3449 3185 3522 ἐξομολόγησιν
3219 3454 3311 3505 καὶ
3343 3454 3626 3522 μετάνοιαν
3648 3455 3759 3507 τῶν

2184 3537 2580 3607 ἡμαρτημένων
2609 3540 2977 3607 ἐνδείξασθαι,
3022 3541 3122 3595 οὐκ
3157 3543 3505 3608 ἀποτεύξεται
3545 3545 3644 3614 τῆς
3675 3548 3759 3610 είς

2182 3628 2343 3680 αὑτὸν
2370 3630 2579 3700 ἀγαθῆς
2614 3630 2847 3695 ἐλπίδος.
2881 3634 2945 3685 Εί
2974 3633 3081 3705 γάρ
3117 3636 3210 3687 καὶ
3236 3636 3303 3688 τά
3342 3635 3575 3705 μάλιστα
3607 3637 3762 3709 εῐρη-

2183 3736 2289 3784 ται,
2320 3722 2401 3773 ὅτι
2429 3740 2445 3771 ι
2480 3720 2647 3774 Δώσω
2673 3724 2798 3786 τοὺς
2831 3727 3100 3797 πονηροὺς
3147 3726 3267 3778 ἀντὶ
3314 3726 3412 3795 τῆς
3442 3728 3619 3798 ταφῆς
3662 3729 3761 3781 αὐ-

2183 3810 2297 3875 τοῦ,
2329 3811 2420 3865 καὶ
2452 3814 2577 3876 τοὺς
2605 3813 2890 3878 πλουσίους
2939 3817 3059 3869 ἀντὶ
3095 3815 3189 3870 τοῦ
3225 3817 3455 3872 θανάτου
3489 3819 3654 3873 αὐτοῦ
3674 3837 3689 3851 ·
3732 3839 3752 3871 ι

2182 3903 2296 3956 ἀλλ’
2325 3904 2474 3974 ὅμως
2520 3904 2615 3958 ἐὰν
2650 3905 2783 3958 δῶτε
2828 3907 2984 3977 ὑμεῖς
3025 3906 3093 3961 τὰ
3132 3908 3357 3964 τοιαῦτα
3390 3911 3756 3982 τολμήσαντες

2180 3994 2240 4046 τὸ
2264 3994 2403 4066 ὑπὲρ
2432 3997 2702 4068 ἁμαρτίας
2729 3995 2920 4069 δῶρον,
2955 3995 3211 4063 τεύξεσθε
3243 4002 3512 4069 ἀφέσεως,
3542 4005 3574 4073 ἠ
3609 4004 3754 4076 ψυκὲο

2183 4086 2334 4157 ὑμῶν
2354 4088 2675 4158 σωθήσεται’
2700 4088 2835 4142 ἀλλά
2858 4092 2950 4143 καὶ
2973 4090 3159 4159 ὄψεται
3186 4092 3485 4164 μακρόϐιον
3509 4096 3752 4166 σπέρμα⁶

2181 4178 2336 4231 τοῦτο
2360 4179 2414 4231 δὲ
2435 4174 2501 4250 ἦν
2534 4179 2594 4233 τδ
2620 4181 2710 4233 ὑπ’
2740 4181 2903 4234 αὑτοῦ
2939 4182 3275 4255 καταϐληθὲν
3309 4186 3387 4249 εἰς
3416 4185 3752 4257 ἀνθρώπους,

2183 4274 2309 4345 περὶ
2343 4265 2402 4325 οὗ
2440 4274 2494 4325 ὲν
2523 4274 2859 4345 παραϐολαῖς
2895 4274 3160 4329 διδάσκων
3187 4276 3372 4345 ἔλεγεν
3392 4295 3405 4307 ⁸
3437 4297 3460 4329 ο
3503 4278 3754 4347 Ἐξῆλθεν

2180 4361 2208 4412 ό
2230 4361 2466 4431 σπείρων
2497 4362 2590 4415 τοῦ
2626 4367 2877 4433 σπεῖραι·
2922 4385 2938 4413 ι
2969 4366 3061 4417 καὶ
3087 4365 3248 4419 πάλιν
3270 4384 3281 4395 ’
3320 4386 3336 4417 ι
3385 4367 3577 4436 Ὁμοία
3606 4370 3753 4422 ἐστὶν

2183 4454 2215 4523 ἡ
2247 4452 2489 4523 βασιλεία
2526 4454 2634 4507 τῶν
2679 4456 2921 4526 οὐρανῶν
2958 4456 3229 4531 ἀνθρώπῳ
3263 4461 3541 4531 σπείροντι
3590 4462 3755 4516 καλὸν

2185 4546 2402 4615 σπέρμα
2424 4547 2482 4597 ὲν
2505 4546 2581 4615 τῷ
2607 4546 2719 4616 ἰδίῳ
2751 4546 2927 4620 ἀγρῷ.
2961 4566 2980 4598 ι

2258 4677 2274 4709 ι
2313 4659 2423 4712 Καὶ
2456 4658 2701 4729 βούλεται
2731 4660 2934 4731 Κύριος
2966 4659 3186 4730 ἀφελεῖν
3212 4662 3318 4716 ἀπὸ
3344 4663 3437 4717 τοῦ
3467 4665 3629 4717 πόνου
3653 4663 3751 4734 τῆς

2179 4751 2354 4822 ψυχῆς
2387 4752 2572 4814 αὑτοῦ,
2607 4752 2774 4817 δεῖξαι
2805 4753 2953 4823 αὐτῷ
2982 4754 3116 4821 φῶς,
3146 4756 3239 4809 καὶ¹
3273 4756 3473 4810 πλάσαι
3498 4759 3565 4827 τῇ
3593 4756 3753 4810 συνέ-

2181 4859 2282 4904 σει,
2314 4843 2597 4897 δικαιῶσαι
2619 4844 2825 4897 δίκαιον
2858 4841 2917 4898 εὖ
2944 4845 3258 4900 δουλεύοντα
3286 4848 3516 4911 πολλοῖς.
3546 4869 3563 4899 ι
3582 4847 3755 4901 Τοῦτο

2180 4933 2234 4985 δὲ
2260 4933 2352 4986 ἐπὶ
2384 4934 2544 5003 μόνου
2581 4935 2671 4987 τοῦ
2704 4938 2952 5009 Σωτῆρος
2997 4939 3155 5009 ἡμῶν
3184 4939 3434 5007 λέγεσθαι
3480 4940 3710 5011 ἁρμόζει
3736 4959 3751 4971 ο

2180 5024 2268 5076 διὰ
2309 5026 2509 5087 παντὸς
2544 5026 2651 5097 γὰρ
2692 5028 2753 5079 τὸ
2788 5027 2882 5081 τοῦ
2919 5030 3131 5102 Πατρὸς
3164 5030 3373 5101 θέλημα
3402 5033 3460 5085 ὲν
3492 5034 3557 5102 τῇ
3606 5034 3752 5103 χειρὶ

2181 5116 2344 5168 αὑτοῦ
2367 5117 2753 5170 κατευιυδοῦτο.
2792 5120 2999 5173 Ἔδωκε
3034 5121 3087 5173 δὲ
3130 5121 3277 5191 αὐτῷ
3303 5122 3397 5174 καὶ
3431 5121 3544 5191 φῶς
3584 5124 3664 5186 είς
3690 5122 3750 5173 τὸ

2182 5207 2507 5277 φωτίζεσθαι
2532 5210 2656 5272 τοὺς
2677 5208 2741 5269 δι’
2764 5210 2927 5264 αὑτοῦ
2959 5211 3370 5283 δικαιουμένους
3390 5231 3402 5242 ·
3443 5213 3656 5266 σύνεσιν
3693 5211 3744 5264 δὲ

2180 5300 2338 5370 αὐτῷ’
2354 5300 2659 5371 ἐδωρήσατο
2678 5319 2689 5330 ’
2718 5304 3133 5357 ὲπανεπαύσατο
3159 5304 3266 5376 γὰρ
3292 5307 3376 5357 ἐπ’
3405 5304 3567 5359 αὑτὸν
3591 5302 3747 5359 m5-

2187 5408 2259 5445 μα
2298 5390 2484 5459 σοφίας
2517 5391 2609 5444 καὶ
2646 5392 2908 5457 συνέσεως
2955 5396 3034 5456 εἰς
3060 5395 3121 5447 τὸ
3151 5396 3405 5459 συνετοὺς
3445 5394 3748 5469 ἀπεργάζε-

2184 5482 2330 5548 σθαι,
2375 5483 2466 5535 καὶ
2500 5482 2742 5537 δικαιοῦν
2762 5486 2889 5549 τοὺς
2914 5485 3094 5551 ἀξίους
3119 5486 3212 5540 τοῦ
3233 5487 3590 5543 δικαιοῦσθαι.
