4108 6204
384 246 488 301 461

1306 241 1805 298 (ΞΟΜΜΕΝΤΑΠῘΑ
1843 241 1909 295 IN
1950 240 2202 295 ISAIAM.
2243 273 2310 282 -—
2348 242 2497 300 CAP.
2534 242 2666 298 LW.

3517 248 3623 305 εις

462 382 482 414 ι
506 360 621 417 Καὶ
639 362 739 424 τὰς
754 360 1023 433 ἁμαρτίας
1046 361 1223 415 αὐτῶν
1255 362 1415 426 αὐτὸς
1432 364 1651 416 ἀνοίσει.
1682 363 1784 416 Διά
1801 363 1958 416 τοῦτο

2134 365 2298 418 Vens.
2330 363 2412 417 19..
2451 381 2467 413 ι
2494 364 2558 417 ῐΞι
2590 373 2804 430 peccata
2845 379 3028 419 eorum
3062 379 3173 433 ipse
3207 367 3455 434 portabit.
3504 370 3624 425 Ideo

382 454 553 519 αὐτὸς
600 454 991 524 κληρονομήσει
1027 453 1274 516 πολλοὺς,
1318 457 1411 507 καὶ
1450 455 1558 507 τῶν
1599 456 1832 526 ἰσχυρῶν
1866 474 1963 527 με·

391 549 502 617 ριεῖ
557 544 757 599 σκῦλα·
793 544 906 597 ἀνθ’
943 540 1018 597 ὧν
1050 546 1322 617 παρεδόθη
1366 549 1444 609 εἰς
1477 547 1701 601 θάνατον
1744 549 1778 618 ή
1820 548 1965 619 ψυχὴ

389 637 582 701 αὐτοῦ,
613 637 704 689 καὶ
725 638 782 688 ὲν
801 639 912 699 τοῖς
933 636 1156 706 ἀνόμοις
1186 637 1457 707 ἐλογίσθη·
1487 640 1579 692 καὶ
1596 639 1759 701 αὐτὸς
1784 640 1965 709 ἀμαρ-

392 728 515 792 τίας
542 728 743 781 πολλῶν
787 729 1054 797 ἀνήνεγκε
1075 769 1089 789 ,
1142 730 1237 781 καὶ
1274 729 1365 782 διά
1392 733 1492 793 τὰς
1524 731 1753 800 ἀνομίας
1786 730 1965 784 αὐτῶν

400 816 679 888 παρεδόθη.
722 836 740 868 ι
787 818 1207 888 Ἀναλαμϐάνων
1231 819 1337 889 γὰρ
1361 819 1420 872 τὸ
1450 821 1645 891 μέτρον
1668 821 1775 873 τῶν
1800 821 1963 875 πάλαι

397 907 749 979 ἁμαρτωλῶν,
778 910 871 961 καὶ
893 908 1106 962 ἀσεϐῶν
1130 911 1210 973 είς
1237 912 1431 964 ἑαυτὸν
1457 912 1554 975 τὰς
1579 913 1851 977 ἀσεϐείας,
1871 916 1963 967 καὶ

393 999 765 1054 άπώιδύσκων
799 1003 998 1065 αὐτοὺς
1026 1002 1115 1054 τὸν
1144 1003 1242 1074 τῆς
1291 1005 1567 1075 ἁμαρτίας
1616 1007 1837 1075 χιτῶνα,
1886 1007 1963 1059 δι-

389 1093 580 1155 καίους
604 1093 805 1156 αὐτοὺς
849 1092 1242 1165 ἀπεργάζεται.
1300 1095 1398 1149 Διά
1444 1096 1600 1149 τοῦτο
1624 1097 1734 1169 γάρ
1778 1098 1961 1168 ἐπειδὴ

390 1184 470 1244 εἰς
507 1182 698 1235 ἑαυτὸν
731 1184 830 1247 τάς
860 1185 967 1235 τῶν
992 1185 1201 1239 πολλῶν
1224 1187 1484 1240 ἀνέλαϐεν
1521 1189 1812 1259 ἁμαρτίας,
1843 1188 1963 1241 τού-

382 1288 477 1323 του
522 1272 683 1342 χάριν
719 1274 814 1325 καὶ
842 1272 1125 1344 δεδύνηται
1172 1273 1370 1345 κλῆρον
1414 1274 1588 1344 ἑαυτῷ
1640 1276 1963 1346 ποιήσασθαι

384 1365 511 1427 τοὺς
532 1366 759 1427 πάντας.
793 1366 855 1418 Ei
874 1363 982 1436 γάρ
1001 1365 1075 1437 μὴ
1102 1364 1213 1428 οἷός
1238 1383 1295 1419 τε
1327 1362 1394 1437 ἦν
1422 1367 1637 1435 ἀφιέναι
1669 1368 1961 1439 ἁμαρτίας,

380 1456 665 1526 διέμειναν
695 1457 753 1508 ὲν
783 1460 895 1521 τοῖς
923 1458 1127 1510 ἑαυτῶν
1160 1457 1451 1529 πλημμελή
1462 1476 1613 1528 μασι,
1641 1459 1734 1511 καὶ
1764 1460 1862 1511 οὐκ
1897 1459 1963 1513 ἂν

386 1551 582 1620 ετυχον
611 1549 907 1620 σωτηρίας.
938 1548 1051 1602 Νῦν
1086 1549 1140 1601 δὲ
1194 1549 1379 1619 ἐπειδὴ
1413 1548 1511 1613 τὰς
1542 1550 1812 1620 ἁμαρτίας
1866 1551 1962 1603 αὐ-

384 1644 499 1696 τῶν
536 1643 698 1705 αὐτὸς
730 1642 975 1705 ἀνέλαϐε,
1011 1642 1099 1695 διὰ
1130 1642 1286 1694 τοῦτο
1329 1642 1422 1693 καὶ
1454 1641 1823 1713 κληρονόμους
1865 1644 1959 1694 αὐ-

384 1735 516 1796 τοὺς
556 1732 746 1803 εἴληφε
788 1732 935 1801 παρά
989 1733 1082 1785 τοῦ
1125 1731 1367 1803 Πατρός·
1406 1731 1513 1784 τῶν
1567 1732 1953 1801 ἀντικειμένων

382 1822 591 1893 δηλαδὴ
617 1823 903 1892 δυνάμεων
936 1821 1041 1875 τῶν
1066 1841 1123 1875 τε
1165 1821 1417 1892 πονηρῶν
1466 1823 1754 1893 δαιμονίων
1792 1822 1953 1893 ἐξαρ-

387 1914 572 1977 πάσας
631 1915 727 1977 τὰς
781 1913 1155 1984 αἰχμαλώτους
1213 1913 1303 1967 ὐπ’
1353 1914 1530 1966 αὐτῶν
1583 1914 1955 1984 γεγενημένας

386 2003 586 2074 ψυχὰς,
623 2004 792 2057 σκῦλα
820 2003 996 2074 ἑαυτῷ
1021 2006 1328 2075 ἐποιήσατο·
1362 2005 1503 2074 άπερ
1526 2004 1693 2057 σκῦλα
1719 2009 1827 2068 τοῖς
1842 2006 1956 2058 ἑαυ-

382 2096 485 2149 τοῦ
521 2089 784 2167 μαθηταῖς
811 2094 1067 2166 διένειμε,
1114 2096 1406 2166 διαφόρους
1447 2095 1503 2159 ἐξ
1542 2096 1722 2148 αὐτῶν
1758 2114 1955 2168 συστη-

393 2185 626 2254 σάμενος
654 2183 1009 2255 Ἐκκλησίας·
1041 2186 1227 2257 ὥσπερ
1280 2186 1399 2238 τινὰ
1446 2187 1632 2256 μισθὸν
1674 2187 1823 2258 παρὰ
1862 2187 1957 2240 τοῦ

390 2274 603 2346 Πατρὸς
632 2274 775 2327 τοῦτ’
804 2274 1057 2344 εἰληφὼς,
1088 2275 1227 2342 λέγω
1260 2275 1323 2344 δὴ
1351 2274 1414 2326 τὸ
1440 2276 1659 2344 ἀφιέναι
1690 2274 1959 2346 ἁμαρτίας

391 2368 504 2428 τοῖς
542 2367 1014 2437 προημαρτηκόσι,
1076 2368 1170 2419 καὶ
1225 2366 1331 2419 ὐπὸ
1381 2367 1470 2418 τὸν
1527 2365 1691 2419 αὐτοῦ
1758 2366 1956 2437 κλῆρον

392 2457 621 2526 ὑπάγειν
648 2457 860 2522 αὐτούς.
876 2458 997 2521 Πῶς
1016 2458 1074 2511 δὲ
1099 2460 1156 2511 ὲν
1178 2459 1395 2529 ἀνόμοις
1422 2458 1693 2528 ἐλογίσθη,
1720 2458 1959 2511 διδάσκει

390 2550 455 2600 το
483 2549 807 2616 Εὐαγγέλιον
825 2566 840 2579 ·
878 2532 998 2601 καθ’
1022 2549 1079 2600 ὃν
1112 2549 1299 2618 καιρὸν
1352 2549 1787 2619 συνεσταύρωντο
1814 2548 1961 2618 αὐτῷ

392 2641 524 2710 παρ’
554 2640 787 2709 ἑκάτερα
816 2640 863 2691 οἱ
897 2638 1117 2711 λῃσταὶ,
1146 2638 1694 2711 πεπληριῦσθαιλέγω
1722 2638 1819 2707 τὴν
1836 2655 1964 2708 προ⁴

391 2728 639 2798 φητεῐαν.

905 2819 1291 2872 ΚΕΦΛΛΑΙΟΝ
1336 2822 1455 2874 NA’.

471 2928 489 2959 ι
546 2908 909 2977 Εὐφράνθητι,
966 2910 1148 2979 στείρα
1187 2911 1219 2979 η
1254 2911 1313 2962 οὐ
1348 2912 1628 2965 τίκτουσα·
1664 2912 1822 2983 ῥῆξον
1874 2914 1963 2966 καὶ

389 2998 609 3069 βόησον,
662 3000 694 3069 ὴ
741 3000 838 3051 οὐκ
880 2998 1167 3052 ὠδίνουσα·
1213 3002 1292 3053 ὅτι
1338 3002 1505 3055 πολλά
1548 3003 1615 3055 τά
1656 3005 1820 3057 τέκνα
1862 3004 1962 3075 τῆς

387 3090 622 3161 ἐρήμου,
658 3090 855 3160 μᾶλλον
886 3091 918 3160 ἢ
954 3091 1053 3161 τῆς
1080 3094 1308 3165 ἐχούσης
1347 3094 1437 3148 τὸν
1462 3095 1650 3167 ἄνδρα.
1682 3116 1698 3147 ›
1726 3096 1823 3150 Διά
1848 3099 1955 3151 τῶν

390 3183 767 3252 προκειμένων
816 3187 844 3237 ό
888 3183 1039 3251 λόγος
1081 3185 1481 3253 εὐαγγελίζεται
1530 3189 1629 3259 τὴν
1681 3191 1748 3242 δι’
1792 3192 1952 3244 αὐτοῦ

392 3272 517 3327 καθ’
550 3273 676 3343 ὅλης
720 3273 820 3343 τῆς
861 3275 1180 3344 οἰκουμένης
1220 3276 1553 3347 ἱδρυνθεῐσαν
1611 3281 1952 3351 Ἐκκλησίαν,

393 3364 563 3417 πάλαι
598 3359 762 3416 οὖσαν
813 3364 1041 3435 ἔρημον,
1090 3367 1183 3418 καὶ
1216 3367 1404 3434 ἄγονον
1452 3371 1543 3423 καὶ
1574 3371 1841 3442 ἄκαρπον,
1876 3375 1955 3427 διὸ

389 3452 736 3523 καίὀτείραν
766 3455 935 3525 αὐτὴν
962 3454 1233 3526 ὀνομάζει.
1292 3458 1504 3529 Ἐπειδὴ
1543 3461 1784 3515 τοιαῦταί
1814 3481 1955 3526 τινες

384 3542 531 3616 ἦσαν
558 3545 723 3599 πάλαι
748 3549 803 3599 αἱ
830 3547 938 3600 τῶν
963 3548 1205 3602 ἀπίστων
1225 3550 1410 3620 ψυχαί.
1433 3552 1541 3605 Καὶ
1562 3552 1669 3624 γὰρ
1695 3550 1763 3624 ἦν
1791 3556 1955 3610 πάλαι

392 3638 429 3707 ἠ
455 3638 514 3701 ἐξ
554 3636 719 3690 ἐθνῶν
764 3639 1053 3709 Ἐκκλησία
1096 3641 1433 3713 ὴφανισμένη
1480 3644 1574 3696 καὶ
1604 3644 1825 3717 ἔρημος,
1862 3648 1955 3702 ἆτε

390 3728 624 3799 μηδέπω
672 3728 760 3781 τὺν
808 3732 1123 3802 ἐπουράνιον
1174 3735 1480 3806 κεκτημένη
1528 3738 1775 3807 νυμφίον.
1810 3741 1955 3810 Πλὴν

393 3818 772 3889 πολυκαρπίαν
821 3820 955 3891 αὐτῇ
1013 3823 1105 3875 καὶ
1164 3823 1515 3879 πολυπαιδίαν
1566 3828 1954 3896 ἐπαγγέλλεται

393 3909 619 3962 πλείονα
641 3910 739 3979 τῆς
770 3910 997 3983 ἐχούσης
1020 3914 1109 3966 τὸν
1138 3914 1323 3986 ἄνδρα.
1360 3910 1455 3979 Τίς
1482 3918 1538 3970 δὲ
1566 3913 1633 3989 ἦν
1665 3918 1800 3988 αὐτη
1831 3921 1862 3990 ἦ
1897 3922 1956 3972 τὸ

405 4000 675 4054 Ἰουδαίων
707 4001 876 4066 ἔθνος,
929 4004 1019 4056 καὶ
1059 4008 1091 4075 ἡ
1129 4009 1257 4077 παρ’
1291 4008 1471 4071 αὐτοῖς
1500 4009 1666 4063 πάλαι
1702 4012 1954 4083 τετιμένη

386 4092 472 4156 ὡς
515 4089 647 4145 Θεοῦ
680 4094 833 4157 πόλις
873 4095 1257 4168 Ἱερουσαλήμ;
1302 4099 1458 4162 Ἦτις
1505 4099 1701 4170 ἔχουσα
1731 4103 1821 4156 τὸν
1863 4104 1955 4158 ἇν-

392 4182 517 4253 δρα,
552 4183 643 4236 τὸν
680 4186 995 4256 ἐπουράνιον
1021 4187 1196 4254 λόγον,
1227 4188 1484 4257 ἠλέγχετο
1511 4190 1845 4246 ἀποστασίου
1879 4194 1959 4264 βι-

393 4271 543 4324 ϐλίον
565 4274 711 4343 αὐτῷ
735 4274 1012 4330 δεδωκυῖα.
1044 4278 1129 4329 Ἐν
1153 4278 1448 4350 παραθέσει
1482 4281 1655 4334 τοίνυν
1676 4285 1772 4355 τῆς
1793 4286 1957 4341 πάλαι

2065 457 2177 526 ipse
2217 457 2506 526 possidebit
2552 457 2764 519 multos,
2813 468 2865 513 et
2908 457 3129 512 fortium
3172 452 3375 514 dividet
3412 463 3621 528 spolia:

2064 564 2163 618 pro
2194 566 2258 604 eo
2289 548 2429 617 quod
2472 548 2667 602 tradita
2702 558 2786 604 est
2809 551 2860 603 in
2908 559 3132 604 mortem
3166 551 3343 605 anima
3384 551 3533 622 ejus.
3570 565 3627 609 et

2066 642 2205 695 inter
2248 643 2460 711 iniquos
2500 651 2775 710 reputatus
2815 650 2933 695 est:
2969 652 3022 694 et
3064 642 3179 711 ipse
3228 656 3449 712 peccata
3490 646 3627 699 mul-

2068 741 2240 786 torum
2289 734 2438 799 tulit,
2472 744 2526 787 et
2565 741 2784 803 propter
2820 732 3126 804 iniquitates
3170 750 3359 789 eorum
3397 739 3625 793 traditus

2065 835 2165 879 est.
2192 844 2209 876 ι
2246 825 2523 893 Siquidem
2560 826 2772 881 illorum
2808 824 2932 880 olim
2957 833 3327 892 peccatorum,
3354 837 3408 881 et
3436 844 3622 884 eorum

2066 917 2152 981 qui
2184 917 2343 981 impie
2377 928 2620 987 egerant,
2654 934 2981 982 mensuram,
3014 918 3263 973 videlicet
3290 921 3620 990 iniquitates,

2065 1009 2116 1061 in
2158 1025 2215 1063 se
2253 1010 2536 1075 recipiens,
2564 1026 2765 1078 eosque
2808 1010 3011 1078 peccati
3050 1011 3226 1063 tunica
3269 1026 3507 1075 exuens.
3536 1016 3623 1083 jn-

2065 1108 2176 1154 stos
2204 1099 2385 1155 efficit.
2418 1101 2570 1166 Quod
2601 1104 2742 1158 enim
2786 1104 3075 1156 multorum
3109 1104 3160 1157 in
3200 1119 3259 1157 se
3285 1118 3507 1173 peccata
3543 1121 3623 1163 re-

2064 1194 2286 1261 ceperit,
2338 1195 2456 1248 ideo
2521 1195 2694 1264 potuit
2766 1196 2928 1250 etiam
2976 1210 3165 1250 omnes
3218 1209 3416 1252 sortem
3461 1206 3619 1255 suam

2063 1294 2117 1338 et
2145 1285 2509 1341 baereditatem
2544 1287 2776 1343 efficere.
2826 1287 2937 1341 Nisi
2980 1289 3121 1342 enim
3166 1298 3380 1356 peccata
3427 1293 3624 1347 condo-

2062 1391 2194 1431 nare
2229 1381 2509 1447 potuissct,
2558 1380 2610 1433 in
2656 1381 2767 1434 suis
2810 1380 2881 1433 illi
2917 1381 3213 1435 sceleribus
3256 1385 3621 1451 permansuri,

2066 1483 2162 1523 nec
2193 1472 2416 1524 salutem
2442 1473 2785 1526 consecuturi
2817 1480 2989 1525 erant.
3023 1473 3172 1527 Nunc
3203 1488 3327 1527 vero
3354 1476 3479 1545 quia
3502 1491 3625 1545 pec-

2065 1568 2185 1614 cata
2209 1574 2396 1614 eorum
2428 1563 2540 1630 ipse
2565 1565 2818 1634 suscepit,
2850 1565 2969 1619 ideo
3001 1566 3145 1634 ipsos
3181 1581 3207 1618 a
3244 1567 3405 1622 Patre
3432 1569 3483 1622 in
3508 1574 3621 1624 hae-

2069 1654 2345 1707 reditatcm
2379 1655 2623 1722 accepit;
2665 1657 2864 1724 ereptis
2902 1658 3147 1710 videlicet
3184 1674 3213 1709 e
3254 1675 3410 1712 manu
3437 1662 3623 1714 adver-

2059 1745 2327 1799 sariarum
2362 1757 2692 1814 poteSIatum
2718 1758 2770 1802 et
2799 1748 3154 1817 malignorum
3184 1752 3485 1807 daemonum
3522 1754 3625 1809 illis

2056 1836 2181 1891 olim
2223 1840 2446 1907 captivis
2491 1841 2793 1905 animabus,
2840 1856 2933 1895 eas
2978 1842 3029 1893 in
3062 1844 3229 1910 spolia
3276 1859 3369 1897 sua
3417 1846 3623 1909 vertit;

2056 1947 2175 1999 qua:
2206 1932 2374 2000 spolia
2423 1932 2700 2002 discipulis
2749 1934 2861 1987 suis
2903 1934 3197 2001 distribuit,
3246 1946 3304 1990 ut
3346 1938 3526 1992 varias
3556 1948 3623 1992 ex

2056 2023 2136 2077 eis
2178 2025 2533 2080 constitueret
2555 2025 2846 2081 Ecclesias.
2876 2027 3008 2081 Nam
3037 2044 3134 2083 ceu
3164 2033 3452 2099 quamdam
3478 2048 3624 2092 mer-

2057 2118 2242 2174 cedem
2292 2119 2343 2174 id
2377 2135 2406 2174 a
2443 2120 2602 2175 Patre
2634 2132 2952 2192 acceperat;
2996 2124 3244 2181 videlicet
3271 2139 3491 2197 peccata
3529 2130 3624 2184 de-

2058 2211 2420 2281 linquentibus
2448 2214 2749 2269 dimittendi
2779 2225 2940 2284 atque
2974 2218 3118 2286 ipsos
3160 2220 3211 2272 in
3245 2230 3445 2274 sortem
3471 2237 3623 2277 suam

2061 2306 2345 2359 reducendi
2386 2305 2720 2361 facultatem.
2766 2307 2882 2375 Quo
2924 2321 3081 2379 pacto
3129 2322 3306 2368 autem
3352 2315 3494 2368 inter
3525 2317 3627 2369 iui-

2059 2414 2195 2467 quos
2239 2409 2517 2467 reputatus
2564 2400 2657 2464 sit,
2708 2401 2862 2455 docet
2903 2401 3284 2474 Evangelium;
3324 2421 3389 2461 eo
3430 2407 3627 2477 quippe

2063 2501 2298 2560 tempore
2327 2507 2436 2562 quo
2464 2508 2527 2546 ex
2564 2503 2790 2560 utroque
2818 2492 2933 2560 ejus
2968 2495 3138 2548 latere
3176 2497 3422 2551 cruciﬁxi
3462 2499 3626 2553 latro-

2062 2597 2156 2637 nes
2191 2592 2335 2647 sunt,
2378 2585 2568 2638 eodem
2607 2585 2880 2655 impletam
2915 2588 3038 2641 dico
3068 2591 3434 2658 prophetiam.

2647 2812 2874 2868 CAPUT
2906 2813 3039 2868 LIV.

2136 2902 2296 2957 Vens.
2322 2906 2373 2958 l.
2405 2923 2425 2955 ‹
2453 2904 2676 2979 Lartare.
2698 2908 3047 2977 sterilis,qu:e
3072 2923 3172 2961 non
3193 2909 3373 2977 paris:
3396 2925 3628 2981 erumpe

2067 3005 2120 3050 et
2151 2996 2345 3060 clama,
2382 3012 2501 3065 qum
2534 3012 2636 3050 non
2690 2999 2963 3065 parturis:
3008 2997 3131 3067 quia
3184 2999 3365 3069 plures
3404 3002 3497 3057 filii
3542 3004 3628 3057 de-

2065 3099 2243 3151 serta},
2279 3104 2440 3158 quam
2473 3089 2591 3159 eius
2617 3106 2735 3158 qua:
2773 3091 2930 3144 habet
2959 3091 3152 3146 virum.
3192 3111 3210 3145 ι
3244 3093 3335 3148 llis
3370 3093 3625 3150 Ecclesia:

2064 3181 2131 3233 ab
2164 3195 2223 3235 se
2250 3197 2347 3250 per
2376 3192 2541 3235 totum
2584 3184 2768 3237 orbem
2798 3184 3104 3239 constituta:
3131 3185 3332 3240 bonum
3376 3189 3621 3243 nuntium

2064 3270 2250 3327 affert:
2288 3289 2405 3340 quae
2430 3274 2647 3344 quidem
2673 3274 2801 3327 olim
2830 3277 3041 3329 deserta
3063 3317 3077 3341 ,
3115 3276 3403 3331 infecunda
3445 3288 3499 3334 et
3531 3280 3617 3334 in-

2065 3363 2337 3419 fructuosa
2379 3376 2529 3428 erat,
2580 3366 2805 3434 ideoque
2861 3370 3028 3435 ipsam
3080 3372 3317 3425 sterilem
3364 3373 3625 3442 appellat.

2065 3455 2196 3509 Nam
2228 3456 2531 3521 huiusmodi
2565 3459 2832 3525 quondam
2868 3470 3023 3513 erant
3066 3460 3356 3517 infidelium
3385 3465 3623 3532 gentium

2066 3547 2275 3601 animm.
2312 3548 2585 3616 Siquidem
2621 3549 2853 3603 Ecclesia
2894 3565 2955 3604 ex
3003 3551 3250 3620 gentibus
3297 3552 3456 3616 olim,
3504 3571 3625 3611 cum

2063 3636 2334 3691 cmlcstem
2368 3653 2620 3708 sponsum
2652 3641 2882 3693 nondum
2940 3642 3240 3706 obtineret,
3286 3645 3524 3701 desolata
3574 3660 3629 3704 et

2065 3730 2276 3783 deserta
2303 3740 2438 3785 erat.
2464 3731 2661 3785 Verum
2708 3730 3090 3789 fecunditatem
3128 3735 3224 3804 ipsi
3254 3745 3307 3791 et
3337 3737 3626 3794 liberorum

2066 3821 2420 3889 frequentiam
2456 3823 2711 3890 majorem
2749 3826 3056 3891 pollicetur,
3092 3844 3250 3896 quam
3284 3830 3363 3896 ei,
3394 3845 3513 3899 qua:
3545 3834 3630 3886 vi-

2068 3931 2182 3968 rum
2212 3916 2464 3970 habebat.
2491 3916 2748 3983 Quaenam
2778 3918 2865 3972 illa
2895 3931 3041 3985 erat,
3084 3922 3184 3976 nisi
3218 3939 3350 3993 gens
3378 3921 3628 3988 Iudaica,

2065 4016 2121 4061 et
2146 4022 2229 4069 ea,
2262 4023 2379 4077 qua:
2407 4009 2533 4062 olim
2587 4025 2748 4078 penes
2794 4011 2937 4081 ipsos
2970 4022 3026 4066 ut
3069 4015 3261 4071 civitas
3301 4015 3391 4071 Dei
3440 4018 3490 4071 in
3534 4019 3631 4072 ho-

2068 4114 2197 4151 nore
2227 4100 2542 4162 habebatur,
2574 4099 2910 4157 Jerusalem?
2940 4105 3068 4171 Qua:
3092 4122 3219 4161 cum
3257 4109 3427 4162 virum
3466 4110 3629 4165 babe-

2067 4200 2169 4252 ret,
2200 4191 2418 4244 cmleste
2442 4192 2690 4247 videlicet
2718 4193 2977 4257 verbum,
3016 4198 3113 4266 ipsi
3158 4199 3390 4253 libellum
3424 4202 3625 4268 repudii

2068 4283 2277 4336 dedisse
2303 4284 2699 4353 comprobatur.
2747 4286 2825 4339 Ad
2860 4291 3318 4358 comparationem
3372 4293 3532 4362 lgitur
3560 4294 3625 4348 il~

390 4364 486 4417 τὸν
509 4364 676 4435 ἄνδρα
705 4367 1063 4438 κεκτημένης,
1088 4371 1120 4439 ή
1144 4373 1199 4423 ὲν
1226 4374 1337 4433 τοῖς
1364 4370 1570 4425 ἔθνεσιν
1596 4372 1796 4445 ἔρημος
1828 4372 1958 4430 οὖσα

2068 4374 2189 4433 lius,
2227 4388 2346 4442 quae
2370 4374 2495 4427 olim
2531 4376 2701 4429 virum
2734 4377 2983 4442 habebat.
3015 4383 3189 4436 anima
3232 4383 3317 4436 illa
3350 4400 3469 4455 qua:
3497 4386 3624 4441 olim

388 4454 456 4508 τὺ
508 4456 640 4527 πρὶν
670 4457 801 4510 Θεοῦ
846 4458 989 4530 ψυχὴ
1029 4462 1357 4530 ἐπαγγελίας
1399 4463 1640 4528 ἀξιοῦται
1687 4468 1963 4539 χρηστῆς,

392 4545 749 4600 πολυπαιδίαν
790 4551 880 4603 καὶ
914 4552 1263 4607 πολυτεκνίαν
1300 4555 1435 4624 αὐτῇ
1479 4556 1962 4628 εὐαγγελιζομένου

391 4638 491 4691 τοῦ
524 4638 708 4708 λόγου·
742 4642 818 4705 ὼς
855 4644 912 4696 ὲν
948 4644 1245 4716 παραθέσει
1278 4646 1369 4699 τοῦ
1408 4650 1469 4700 ὲκ
1504 4650 1803 4721 περιτομῆς
1835 4651 1962 4705 λαοῦ

386 4732 463 4782 τὰ
490 4732 652 4784 τέκνα
682 4733 883 4807 ταύτης
911 4736 1455 4801 πολυπλασιάζεσθαι.

474 4924 491 4952 ι
520 4902 653 4961 Eine
686 4910 793 4981 γάρ
820 4914 1021 4986 Κύριος
1046 4934 1058 4945 ·
1100 4917 1371 4972 Πλάτυνον
1403 4921 1491 4972 τὸν
1516 4921 1678 4975 τόπον
1704 4924 1800 4993 τῆς
1829 4941 1960 4993 σκη-

384 4998 491 5068 -νῆς
534 5016 649 5064 σου,
685 5004 775 5055 καὶ
819 5004 917 5070 τάς
964 5007 1175 5079 δέρρεις
1206 5011 1315 5064 τῶν
1350 5011 1585 5064 αὐλαιῶν
1619 5029 1710 5066 σου
1758 5015 1955 5085 πῆξον·

397 5088 475 5158 μὴ
520 5089 714 5164 φείδῃ·
758 5093 1031 5166 μάκρυνον
1068 5097 1135 5151 τὰ
1180 5101 1534 5171 σχοινίσματά
1570 5118 1681 5162 σου,
1711 5104 1959 5168 καὶτοὺς

392 5180 705 5246 πασσάλους
738 5200 832 5237 σου
865 5187 1207 5257 κατίσχυσον.
1239 5210 1257 5242 ι
1307 5190 1567 5247 Λέλεκται
1599 5194 1652 5246 δὲ
1684 5194 1852 5248 ταῦτα
1883 5196 1959 5258 ὡς

387 5266 464 5323 ἂν
492 5272 583 5324 καὶ
608 5275 699 5326 ἐπὶ
727 5276 823 5347 τῆς
855 5279 1057 5349 σκηνῆς
1074 5281 1171 5352 τῆς
1188 5283 1291 5335 ὐπὸ
1310 5284 1587 5367 Μωύσέως
1620 5303 1961 5341 κατασκευα-

391 5358 649 5432 σθείσης·
714 5367 897 5442 ἐκείνῃ
947 5371 1055 5442 γάρ
1116 5374 1456 5444 χρησάμενος
1496 5358 1716 5446 όλόγος
1770 5380 1956 5443 είκόνι,

388 5453 461 5522 τῇ
500 5452 559 5518 ἐξ
606 5454 1077 5533 ὲθνῶνἘκκλησίᾳ
1108 5469 1430 5537 προσφωνεί
1478 5469 1551 5539 μὴ
1593 5469 1712 5521 κατ’
1747 5471 1961 5541 ἐκείνην

396 5544 691 5621 σμικρύναι
723 5548 817 5618 τὴν
846 5552 1039 5622 ἑαυτῆς
1068 5555 1372 5627 οἰκοδομὴν,
1412 5558 1546 5611 ἀλλά
1578 5560 1839 5614 πλατύναι
1864 5562 1960 5615 τὴν

396 5640 771 5711 σκηνοπηγίαν
812 5645 1031 5716 ἑαυτῆς,
1075 5649 1391 5705 ἐκτείνασαν
1432 5654 1512 5715 είς
1554 5653 1755 5723 ἄφατον
1786 5655 1959 5725 μῆκός

2066 4465 2117 4518 in
2145 4468 2392 4533 gentibus
2426 4467 2637 4521 deserta
2666 4484 2693 4520 a
2726 4469 2833 4523 Deo
2861 4482 3004 4538 erat,
3037 4475 3394 4541 promissione
3426 4478 3624 4548 optima

2066 4558 2315 4619 donatur,
2358 4557 2480 4612 dmn
2515 4560 2613 4627 ipsi
2664 4560 2967 4617 fectmditas
3008 4575 3062 4618 et
3101 4565 3394 4621 liberorum
3449 4569 3627 4624 multi-

2067 4650 2191 4703 tudo
2225 4651 2612 4719 annuntiatur;
2653 4654 2721 4708 ita
2772 4663 2830 4706 nt
2860 4655 3089 4710 filiorum
3120 4672 3341 4713 numero
3370 4659 3625 4730 populum

2061 4756 2126 4795 ex
2176 4743 2629 4810 circumcisione,
2686 4748 2770 4800 cui
2823 4760 3206 4819 comparatur,
3265 4751 3422 4824 longe
3475 4766 3627 4810 ante-

2061 4834 2234 4888 cedat.

2131 4924 2293 4979 Veas.
2328 4927 2382 4979 Ξ.
2422 4946 2447 4977 ‹
2504 4926 2647 4982 Dixit
2683 4930 2826 4982 enim
2879 4928 3135 4985 Dominus
3161 4951 3183 4987 τ
3223 4931 3392 4987 Diiata
3440 4934 3623 4989 locum

2060 5012 2389 5069 tabernaculi
2422 5016 2519 5078 tui.
2550 5026 2602 5071 et
2629 5016 2794 5083 pello-s
2821 5017 3110 5074 animorum
3139 5030 3352 5075 tuorum
3380 5022 3518 5092 fige:
3559 5040 3626 5079 ne

2064 5119 2291 5173 parcas;
2321 5110 2578 5176 protende
2596 5107 2865 5162 funiculos
2885 5120 3027 5174 tuos,
3056 5121 3108 5166 et
3133 5113 3314 5167 clavos
3342 5123 3461 5167 tuos
3494 5130 3623 5170 con-

2064 5196 2251 5250 solida.
2284 5217 2303 5250 ι
2331 5197 2450 5253 Haec
2470 5202 2722 5255 dicuntur
2742 5204 2898 5271 quasi
2922 5205 2988 5257 de
3014 5205 3358 5260 tabernaculo
3381 5222 3408 5259 a
3439 5206 3624 5278 Moyse

2065 5299 2414 5345 contructo:
2464 5308 2589 5347 nam
2635 5294 2736 5348 hoc
2767 5296 3014 5366 exemplo
3051 5312 3181 5353 usus
3228 5301 3487 5369 propheta
3524 5301 3623 5358 Ec-

2066 5381 2243 5436 clesia:
2289 5398 2351 5437 ex
2388 5387 2635 5452 gentibus
2679 5388 2861 5451 edicit,
2917 5400 2972 5443 ut
3016 5405 3082 5444 ne
3113 5391 3176 5444 ad
3230 5395 3442 5449 modum
3484 5394 3625 5449 illius

2069 5485 2349 5544 angustam
2382 5487 2707 5533 structuram
2741 5494 2891 5534 suam
2925 5480 3107 5546 faciat,
3143 5486 3236 5539 sed
3269 5486 3494 5542 tentoria
3527 5501 3621 5542 sua

2066 5569 2317 5621 extendat
2356 5568 2406 5621 in
2460 5566 2846 5638 longitudinem
2894 5572 3343 5648 latitudinemque
3397 5578 3623 5634 immen-

2066 5672 2201 5713 sam.
2251 5659 2393 5714 Nam
2427 5663 2565 5728 quod
2611 5679 2639 5713 a
2687 5663 2867 5734 Moyse
2904 5678 3166 5723 structum
3219 5672 3616 5727 tabernaculum
