4108 6204
527 331 629 385 4υὸ

1181 325 1443 384 EUSEBII
1482 322 1950 380 C/ESARIENSIS
1988 323 2134 378 Ol’P.
2180 324 2353 379 PARS
2393 324 2476 381 111.
2513 355 2580 364 -
2619 323 3028 380 EXEGETICA.

3641 323 3748 377 464

527 455 627 510 est,
660 453 872 499 centum
907 443 1241 510 longitudine
1271 444 1574 496 cubitormn
1611 449 1762 507 eral,
1813 442 2082 494 latitudine

2190 461 2247 497 τε
2297 445 2387 496 καὶ
2427 443 2646 506 πλάτος.
2693 443 2755 495 ’11
2793 443 2890 512 μὲν
2938 442 3045 514 γὰρ
3103 441 3207 494 ὑπὸ
3245 441 3518 504 Μωῦσέως
3576 457 3741 495 κατα-

529 554 658 593 vcro
696 537 1103 606 quinquaginta.
1149 533 1245 588 l-lic
1287 549 1412 587 vero
1463 534 1572 597 ait,
1618 531 1693 584 Ne
1723 547 1884 600 parce
1925 549 2085 600 agas,

529 631 702 702 neque
733 641 783 683 te
811 630 860 682 in
886 637 1164 696 angustam
1199 642 1505 680 mensuram
1538 626 1778 694 redigas,
1813 624 1906 678 sed
1936 625 2090 693 longe

529 726 744 792 lateque
785 731 834 773 te
865 721 1122 774 extendas
1175 734 1238 774 ac
1297 730 1602 781 construas,
1635 728 1690 772 et
1710 727 1926 774 czetera.
1957 717 2089 770 Novi

528 832 685 886 porro
721 816 940 884 hujusce
977 812 1344 878 tabernaculi,
1386 812 1527 880 quod
1583 811 1699 864 ﬁxit
1750 810 2007 864 Dominus
2037 819 2090 862 et

529 922 632 961 non
668 907 853 968 homo,
898 904 1282 973 longitudinem
1306 943 1321 967 ,
1376 903 1711 956 latitudinem
1755 911 1808 955 et
1838 902 2091 972 amplitu-

527 998 704 1050 dinem
763 996 1048 1064 intelligas,
1094 996 1136 1048 si
1190 996 1517 1064 perpendas,
1557 1005 1818 1062 quantum
1852 1004 1996 1049 esset
2026 995 2089 1048 il-

528 1090 614 1144 lud
655 1090 752 1144 sub
782 1087 967 1158 Moyse
1001 1099 1370 1141 constructum
1416 1088 1851 1153 tabernaculum;
1886 1097 2086 1154 quanta

525 1191 668 1238 esset
707 1181 1004 1235 Jerusalem
1056 1179 1308 1247 templmu
1356 1180 1559 1233 habens
1600 1180 1935 1250 longitudine
1963 1181 2086 1248 qui-

527 1277 646 1329 dem
670 1273 1025 1344 quadraginta
1048 1273 1378 1338 cubitormn,
1405 1271 1687 1326 latitudine
1707 1271 1912 1340 viginti.
1938 1271 2088 1337 Quod

527 1369 569 1422 si
602 1365 858 1435 templum
888 1365 1013 1417 illml
1049 1365 1099 1416 in
1124 1378 1228 1416 una
1257 1363 1556 1418 Palaestinae
1584 1364 1714 1417 urbe
1729 1364 2087 1418 admiratione

527 1461 742 1530 dignum
773 1466 928 1521 erat,
964 1465 1162 1526 quanto
1195 1457 1365 1525 magis
1411 1455 1677 1510 mirabilis
1708 1456 1794 1509 illa
1839 1457 2086 1525 frequen-

525 1554 618 1614 tia,
651 1549 960 1620 magnitudo
1009 1561 1061 1601 et
1115 1548 1452 1618 pulchritudo
1515 1547 1864 1602 ecclesiarum
1907 1549 1996 1601 Dei
2033 1548 2084 1601 in

524 1642 673 1698 omni
729 1642 844 1696 loco
883 1640 1281 1695 excitatarum!
1348 1655 1470 1693 nam
1521 1649 1664 1695 totus
1710 1641 1858 1695 orbis
1900 1640 2085 1709 plenus

523 1733 765 1789 ecclesiis
794 1743 898 1787 est.

593 1823 756 1878 Vsus.
790 1825 843 1878 3.
878 1841 895 1874 ι
930 1823 1116 1877 Adhuc
1151 1839 1179 1878 a
1213 1824 1418 1878 dextris
1455 1833 1509 1880 et
1548 1841 1577 1878 a
1621 1825 1857 1880 sinistris
1884 1824 2082 1890 dilata,

523 1923 578 1967 et
605 1929 786 1968 semen
831 1923 976 1967 tuum
1007 1913 1301 1983 possidebit
1339 1926 1544 1984 gentes,
1574 1926 1627 1970 et
1655 1918 1816 1971 urbes
1843 1917 2085 1972 desertas

525 2006 814 2060 habitabis.
847 2023 865 2056 ι
902 2006 1096 2059 Semen
1123 2017 1302 2060 autem
1342 2007 1592 2061 Ecclesia:
1626 2009 1718 2062 Dei
1744 2007 1908 2062 fuerit
1930 2025 2086 2063 eran-

523 2101 725 2169 gelicus
758 2114 968 2161 sermo,
1002 2100 1068 2152 de
1113 2114 1218 2167 quo
1269 2100 1486 2162 dicitur,
1526 2118 1544 2150 ι
1589 2100 1732 2153 Exiit
1779 2101 1868 2168 qui
1923 2103 2085 2156 semi-

525 2189 949 2251 natseminare‘,
985 2208 1003 2240 ι
1029 2198 1101 2249 et,
1139 2208 1155 2239 ι
1193 2190 1379 2246 Nonne
1411 2193 1609 2245 bonmn
1637 2207 1820 2247 semen
1851 2196 2086 2248 semina-

523 2282 591 2334 sti
643 2282 692 2333 in
731 2296 858 2349 agro
885 2280 948 2333 7?
988 2299 1006 2332 ι
1042 2280 1225 2335 Potest
1271 2283 1395 2336 item
1447 2299 1630 2337 semen
1680 2284 1928 2339 Ecclesiae
1964 2301 2084 2340 esse

523 2374 887 2445 apostolorum
933 2383 988 2428 et
1047 2373 1431 2442 discipulorum
1495 2375 1707 2428 Domini
1769 2377 1937 2431 nostri
1989 2379 2084 2431 do-

523 2469 733 2531 ctrina,
777 2481 1008 2535 quormn
1039 2481 1201 2534 opera
1250 2467 1333 2533 pia
1382 2468 1569 2538 religio
1603 2472 1654 2522 in
1691 2469 1793 2524 illis
1823 2469 1948 2523 olim
1987 2473 2079 2525 de-

540 2560 747 2614 uastatis
780 2557 993 2626 Deoque
1023 2559 1204 2611 vacuis
1232 2557 1618 2614 solitudinibus
1646 2562 1944 2616 constituta
1975 2572 2079 2616 est.

596 2735 755 2792 Vens.
781 2737 835 2791 4.
877 2756 895 2788 ι
933 2736 1048 2791 Noli
1096 2737 1306 2800 timere,
1339 2737 1461 2806 quia
1509 2738 1730 2792 confusa
1780 2753 1878 2794 es:
1913 2754 2084 2808 neque

531 2832 831 2893 erubescas,
859 2830 983 2898 quia
1029 2831 1410 2899 exprobratum
1439 2831 1532 2885 tibi
1572 2842 1654 2886 est
1683 2848 1696 2884 :
1737 2833 1859 2902 quia
1889 2833 2085 2886 confu-

525 2925 690 2978 sionis
717 2933 984 2992 perpetua}
1023 2922 1398 2987 Oblivisceris,
1441 2931 1498 2977 et
1541 2926 1813 2992 Opprobrii
1851 2925 2082 2978 viduita-

527 3017 595 3070 tis
624 3027 726 3069 tuae
761 3031 865 3069 non
899 3013 1270 3068 recordaberis
1301 3014 1551 3082 amplius.
1588 3034 1608 3066 ι
1649 3014 1780 3068 Nam
1821 3031 1941 3071 cum
1975 3027 2085 3070 ste-

2193 535 2569 601 σκευασθείσα,
2594 535 2806 604 πηχέων
2825 531 2890 605 ἦν
2912 541 2956 605 ρ’
2990 534 3189 605 μῆκος·
3231 533 3430 595 πλάτος
3458 531 3515 584 δὲ
3549 536 3610 584 ν’.
3637 533 3748 584 Ἐν-

2188 629 2360 682 ταῦθα
2385 629 2439 682 δέ
2465 647 2617 699 φησι,
2646 631 2734 699 Μὴ
2762 629 2922 700 φείσῃ
2946 627 3156 690 τούτου,
3188 625 3321 696 μηδὲ
3347 626 3752 698 στενοχωρήσῃς

2191 721 2419 791 σεαυτὴν
2465 724 2574 782 τοῖς
2620 719 3000 790 μέτροιςοάλλ’
3027 719 3318 791 έκτείνασα
3367 715 3608 788 μακρὰν,
3662 717 3754 769 καὶ

2189 809 2438 870 κτίσασα,
2474 809 2664 861 καὶτὰ
2711 809 2853 878 ἑξῆς.
2900 809 3127 879 Νοήσεις
3157 807 3212 859 δὲ
3252 807 3312 860 τὸ
3359 807 3531 878 μῆκος
3573 807 3667 858 καὶ
3695 806 3755 858 τὸ

2191 899 2406 960 πλάτος,
2445 900 2536 952 καὶ
2564 899 2625 950 τὸ
2655 899 2883 968 μέγεθος
2914 898 3011 967 τῆς
3047 898 3172 960 νέας
3201 896 3400 967 ταύτης
3432 896 3655 967 σκηνῆς,
3690 895 3756 966 ἥν

2187 990 2385 1060 ἔπηξεν
2417 991 2445 1040 6
2472 988 2674 1058 Κύριος
2703 989 2795 1041 καί⁹
2821 989 2918 1040 οὐκ
2951 987 3252 1059 ἄνθρωπος,
3283 989 3373 1040 ἐπὶ
3401 986 3524 1040 νοῦν
3551 986 3752 1050 λαϐὼν,

2187 1084 2284 1154 ὅση
2318 1083 2414 1152 μὲν
2448 1083 2658 1153 ὑπῆρχε
2702 1084 2812 1144 τοῖς
2843 1081 3061 1152 μέτροις
3099 1083 3132 1150 ή
3164 1081 3256 1132 ἐπὶ
3287 1081 3562 1144 Μωῦσέως
3591 1098 3758 1134 κατα-

2188 1174 2565 1238 σκευασθεῖσα,
2606 1175 2704 1246 ὅση
2745 1169 2812 1244 ἦν
2863 1173 3211 1246 Ἰερουσαλὴμ
3245 1173 3334 1224 τὸν
3368 1171 3502 1225 νεὼν
3538 1172 3753 1242 ἔχουσα,

2190 1271 2393 1340 μήκους
2409 1263 2474 1337 ἦν
2492 1266 2678 1337 πηχῶν
2695 1265 2810 1336 (sic)
2835 1272 2905 1336 μ’,
2925 1265 3154 1328 πλάτους
3173 1271 3239 1318 κ’.
3270 1265 3355 1328 Ὧς
3373 1265 3489 1316 εἷπε
3498 1281 3526 1334 ρ
3541 1260 3606 1335 ἦν
3624 1263 3755 1318 05.6-

2189 1377 2357 1430 ματος
2390 1359 2537 1423 ἄξιος
2569 1360 2596 1412 ὅ
2619 1375 2676 1410 τε
2703 1356 2838 1420 νεὼς
2869 1359 2925 1410 ὲν
2957 1359 3056 1427 μιᾷ
3083 1356 3234 1411 πόλει
3261 1358 3357 1428 τῆς
3392 1357 3754 1428 Παλαιστίνης

2188 1451 2484 1522 ἱδρυμένος,
2539 1451 2689 1520 πόσῳ
2730 1449 2926 1520 μᾶλλον
2959 1447 3018 1501 τὸ
3061 1449 3262 1519 πλῆθος
3294 1449 3385 1501 καὶ
3416 1448 3485 1502 τὰ
3525 1449 3750 1519 μεγέθη,

2185 1543 2277 1596 καὶ
2304 1543 2370 1595 τὰ
2403 1543 2568 1614 κάλλη
2593 1542 2702 1595 τῶν
2731 1541 2868 1595 κατὰ
2899 1542 3075 1594 πάντα
3103 1541 3264 1594 τόπον
3301 1541 3754 1613 ἁνεγηγερμένων

2184 1635 2484 1706 ἐκκλησιῶν
2519 1635 2612 1688 τοῦ
2659 1634 2826 1688 Θεοῦ⁶
2879 1634 3048 1705 μεστὴ
3086 1633 3194 1705 γὰρ
3235 1633 3538 1687 ὲκκλτπσιῶν
3583 1635 3616 1705 ή
3660 1633 3752 1687 ὑπ’

2182 1728 2427 1798 οὐρανόν.

2262 1841 2279 1871 ι
2305 1821 2425 1872 Ἔτι
2466 1820 2545 1882 εἰς
2590 1819 2656 1872 τὰ
2699 1818 2844 1882 δεξιὰ
2876 1819 2969 1871 καὶ
2998 1818 3066 1872 τὰ
3099 1818 3359 1889 ἀριστερά
3393 1835 3484 1871 σου
3516 1818 3752 1872 ἐκπέτα-

2191 1930 2300 1977 σον,
2335 1913 2429 1966 καί
2461 1911 2522 1966 τὸ
2555 1911 2771 1982 σπέρμα
2806 1928 2897 1963 σου
2924 1910 3048 1982 ἔθνη
3083 1911 3496 1982 κληρονομήσει,
3532 1910 3625 1962 καὶ
3655 1910 3756 1963 πόο

2187 2009 2298 2071 λεις
2313 2006 2674 2078 ήρεμωμένας
2696 2005 3005 2066 κατοικιείς.
3031 2022 3049 2054 ι
3075 2002 3299 2074 Σπέρμα
3317 2002 3371 2053 δὲ
3392 2002 3490 2071 τῆς
3523 2001 3752 2072 Ἐκκλη-

2189 2102 2306 2165 σίας
2339 2100 2430 2154 τοῦ
2463 2101 2598 2153 Θεοῦ
2632 2101 2714 2172 εἴη
2750 2100 2815 2153 ἂν
2857 2098 2950 2152 καὶ
2978 2099 3006 2150 ὁ
3046 2096 3394 2166 εὐαγγελικὸς
3419 2097 3594 2164 λόγος,
3624 2097 3754 2167 περὶ

2185 2188 2246 2246 οὗ
2278 2193 2520 2262 λέγεται·
2546 2213 2563 2244 ι
2597 2192 2848 2262 Ἐξῆλθεν
2869 2193 2896 2244 6
2918 2191 3152 2264 σπείρων
3179 2191 3270 2244 τοῦ
3297 2193 3543 2259 σπεῖραι,
3577 2209 3596 2240 ι
3635 2190 3750 2254 καὶ,

2192 2304 2209 2334 ι
2235 2286 2365 2354 Οὐχὶ
2398 2285 2559 2338 καλὸν
2599 2285 2818 2356 σπέρμα
2853 2284 3111 2356 ἔσπειρας
3146 2286 3203 2337 ὲν
3237 2284 3315 2354 τῷ
3347 2284 3539 2355 ἀγρῷς
3577 2304 3594 2336 ι
3638 2285 3752 2338 Καὶ

2186 2377 2346 2430 πάλιν
2379 2377 2597 2429 δύναται
2621 2376 2677 2428 δὲ
2711 2375 2927 2446 σπέρμα
2953 2371 3090 2428 εἶναι
3113 2376 3211 2444 τῆς
3249 2375 3570 2445 Ἐκκλησίας
3597 2376 3690 2429 καὶ
3715 2377 3751 2446 ἡ

2184 2468 2292 2520 τῶν
2322 2468 2629 2521 ἀποστόλων
2649 2467 2742 2519 καὶ
2768 2465 3023 2536 μαθητῶν
3039 2465 3132 2518 τοῦ
3151 2467 3352 2538 Κυρίου
3371 2467 3524 2537 ἡμῶν
3539 2466 3748 2536 διδαχήο

2183 2561 2251 2613 δι’
2278 2554 2352 2612 ὧν
2389 2562 2423 2631 ή
2457 2558 2707 2630 θεοσεϐὴς
2737 2558 2978 2612 πολιτεία
3020 2560 3076 2612 ὲν
3113 2561 3231 2621 ταῖς
3257 2558 3424 2611 πάλαι
3452 2558 3754 2630 ἠφανισμέ-

2185 2670 2302 2715 ναις
2329 2653 2424 2705 καὶ
2452 2651 2585 2704 Θεοῦ
2623 2651 2848 2722 ἐρήμοις
2876 2651 3190 2722 ἐκκλησίαις
3221 2653 3470 2722 συνέστη.

2261 2764 2277 2794 ι
2307 2745 2397 2814 Μὴ
2431 2743 2616 2813 φοϐοῦ,
2647 2745 2727 2796 ὅτι
2761 2743 3157 2816 κατῃσχύνθης,
3193 2745 3324 2816 μηδὲ
3353 2746 3644 2816 ὲντραπῇς,
3670 2747 3752 2799 ὅτι

2183 2835 2522 2906 ὠνειδίσθης·
2557 2836 2639 2887 ὅτι
2671 2834 2929 2904 αἰσχύνην
2957 2834 3172 2890 αἰώνιον
3211 2837 3463 2909 ἐπιλήσῃ,
3488 2840 3581 2891 καὶ
3607 2839 3751 2892 ὄνει-

2184 2930 2272 2992 δος
2291 2930 2388 2999 τῆς
2419 2927 2644 3000 χηρείας
2677 2945 2768 2980 σου
2799 2929 2858 2980 οὺ
2896 2928 2970 2998 μὴ
2999 2929 3281 3002 μνησθήσῃ
3310 2930 3409 2984 ἔτι.
3440 2951 3459 2982 ›
3498 2933 3624 2984 Ὅτε
3651 2931 3752 3002 μὲν

2185 3023 2292 3093 γὰρ
2318 3018 2385 3092 ἦν
2417 3020 2622 3092 στείρα,
2655 3021 2746 3072 καὶ
2771 3021 2830 3072 οὺ
2858 3019 3134 3084 τίκτουσα,
3159 3021 3278 3074 οὐδὲ
3303 3021 3584 3088 ὠδίνουσα,
3618 3023 3752 3092 μηδὲ

528 3109 644 3163 rilis
668 3118 829 3169 esset,
862 3120 1030 3174 neque
1064 3114 1299 3172 pareret,
1332 3119 1508 3174 neque
1549 3107 1866 3174 parturiret,
1911 3123 2082 3177 neque

2187 3115 2273 3166 τὸν
2317 3115 2486 3185 ἄνδρα
2537 3112 2754 3183 ἔχουσα,
2809 3112 3172 3176 ἐπονείδιστος
3225 3107 3292 3183 ἦν
3349 3115 3441 3167 καὶ
3492 3113 3754 3184 αἰσχύνης

525 3202 699 3255 virum
752 3199 988 3262 haberet,
1031 3197 1368 3251 contumeliis
1417 3198 1648 3251 obnoxia
1681 3208 1736 3252 et
1767 3197 2084 3254 confusione

524 3293 680 3366 plena
720 3301 875 3355 erat;
919 3300 973 3343 at
1014 3303 1153 3342 nunc
1225 3289 1302 3342 sic
1346 3303 1463 3341 eam
1505 3287 1829 3356 compellat:
1860 3288 2083 3342 Etiamsi

524 3387 652 3442 oiim
684 3384 998 3438 confusione
1032 3391 1087 3435 et
1119 3380 1410 3450 opprobrio
1438 3379 1599 3450 digna
1630 3391 1780 3450 gesta
1809 3381 2077 3447 edideris;

523 3478 754 3544 confide,
793 3495 812 3529 ‹
853 3477 986 3542 Quia
1045 3473 1380 3528 confusionis
1409 3481 1678 3542 perpetuae
1721 3473 2080 3539 Oblivisceris,

523 3581 578 3628 et
605 3571 874 3642 opprobrii
912 3567 1190 3622 viduitatis
1222 3575 1325 3620 tua:
1368 3581 1471 3619 non
1507 3565 1896 3620 recordaberis.
1937 3585 1955 3617 ι
1994 3567 2085 3620 Vi-

525 3666 783 3721 duitatem
831 3671 1006 3717 autem
1063 3661 1151 3714 hic
1195 3670 1352 3717 vocat
1394 3659 1555 3714 Verbi
1607 3661 1784 3728 sponsi
1824 3661 2080 3729 privatio-

527 3775 648 3813 nem
677 3774 690 3810 :
736 3755 911 3822 cujus,
949 3753 1143 3822 inquit,
1176 3767 1278 3805 non
1314 3751 1708 3818 recordaberis,

599 3850 763 3904 Vsus.
793 3849 846 3902 5.
882 3867 900 3900 ι
942 3848 1076 3913 Quia
1108 3845 1371 3899 Dominus
1404 3847 1661 3897 virtutum
1693 3854 1799 3908 est,
1839 3845 1926 3914 qui
1957 3845 2082 3902 fecit

528 3953 598 4010 te,
642 3941 899 3995 Dominus
928 3954 1119 3993 nomen
1152 3937 1247 4002 illi,
1292 3945 1345 3989 et
1370 3937 1458 4006 qui
1484 3939 1625 3990 eruit
1669 3947 1747 4003 te;
1794 3939 1908 4005 ipse
1940 3938 2081 3993 Deus

526 4035 687 4089 Israel
724 4043 832 4087 tota
868 4042 1014 4085 terra
1051 4030 1352 4085 vocabitur.
1407 4049 1426 4081 ι
1473 4029 1588 4084 Non
1621 4031 1764 4084 enim
1806 4046 1872 4086 ex
1909 4032 2083 4085 homi-

525 4128 705 4189 nibus,
753 4139 927 4194 neque
975 4139 1072 4193 per
1109 4122 1392 4176 hominem
1436 4122 1547 4176 haec
1589 4123 1879 4176 consﬁtuta
1917 4135 2076 4189 sunt,

524 4220 616 4276 sed
647 4233 742 4288 per
768 4217 940 4286 ipsum
975 4216 1280 4269 Dominum.

597 4335 760 4388 Vens.
793 4331 945 4386 6-l0.
983 4348 1002 4382 ι
1035 4329 1148 4384 Νοη
1177 4329 1331 4399 quasi
1363 4329 1644 4385 mulierem
1685 4331 1996 4386 derelictam
2027 4342 2074 4388 et

523 4426 917 4500 pusillanimem
946 4423 1155 4476 vocavit
1189 4431 1241 4476 te
1279 4422 1557 4488 Dominus,
1589 4439 1760 4492 neque
1800 4435 1856 4477 ut
1895 4425 2080 4478 mulie-

521 4533 638 4575 rem
674 4534 739 4572 ex
775 4515 1208 4586 juventute-odio
1247 4514 1510 4569 habitam.
1553 4516 1695 4568 Dixit
1749 4516 1887 4568 Deus
1933 4525 2076 4579 luus,

523 4609 789 4680 Tempore
838 4609 1048 4662 modico
1090 4607 1274 4674 reliqui
1332 4616 1411 4672 te,
1456 4615 1511 4660 et
1542 4621 1662 4659 cum
1713 4609 2077 4662 misericordia

525 4717 714 4772 magna
746 4701 1045 4755 miserebor
1077 4699 1174 4763 tui,
1223 4699 1358 4752 dixit
1392 4700 1481 4766 qui
1529 4700 1668 4753 eruit
1703 4710 1752 4752 tc
1797 4700 2077 4754 Dominus.

522 4795 607 4850 Ab
635 4810 770 4864 aqua
806 4809 923 4862 qum
952 4795 1053 4846 sub
1081 4789 1192 4844 Noe
1232 4789 1351 4857 fuit,
1382 4791 1483 4844 hoc
1513 4791 1643 4845 mihi
1690 4800 1793 4854 est,
1825 4794 2082 4860 quemad-

526 4890 741 4945 modum
783 4886 960 4956 juravi
1004 4885 1053 4939 ei
1105 4884 1158 4937 in
1207 4891 1444 4951 tempore
1485 4882 1597 4947 illo,
1647 4894 1805 4938 terrae
1851 4898 1932 4939 me
1977 4900 2080 4939 non

521 4995 906 5040 succensurum
956 4993 1119 5047 super
1156 4987 1206 5030 te
1249 4977 1500 5045 amplius,
1551 4991 1724 5045 neque
1767 4977 1818 5030 in
1865 4978 2083 5047 commi-

436 5056 441 5061 i
524 5078 740 5132 natione
777 5085 864 5127 tua
903 5081 1113 5126 montes
1145 5070 1552 5131 transferendos
1592 5085 1730 5134 esse,
1764 5085 1936 5139 neque
1969 5070 2081 5124 col-

523 5168 598 5223 les
627 5183 793 5227 ,mcos
840 5165 1323 5218 transmovendos:
1365 5163 1444 5216 sic
1496 5177 1668 5232 neque
1712 5164 2079 5217 misericordia

523 5276 641 5316 mea
689 5262 782 5315 tibi
823 5262 1076 5325 deficiet,
1127 5273 1300 5328 neque
1350 5266 1724 5313 testamentmn
1758 5258 1904 5328 pacis
1949 5272 2081 5313 mea:

524 5352 985 5408 aufereturzdixit
1010 5355 1155 5408 enim
1184 5371 1200 5408 :
1227 5351 1492 5422 Propitius
1508 5361 1590 5404 est
1618 5350 1708 5404 tibi
1744 5351 2020 5404 Dominus.
2056 5370 2073 5401 ι

521 5445 642 5500 Cito
678 5445 821 5498 enim
871 5459 1080 5501 montes
1116 5463 1145 5500 a
1198 5445 1428 5515 propriis
1480 5445 1611 5498 locis
1648 5443 2079 5507 transferentur,

442 5602 446 5604 ,
521 5547 577 5594 et
611 5537 776 5593 colles
834 5539 1192 5594 turbabuntur
1229 5538 1440 5608 potius,
1499 5551 1662 5607 quam
1708 5535 2078 5592 misericordia

582 5739 603 5767 ‘
661 5735 848 5793 Matth.
884 5755 1002 5804 xttt,
1026 5741 1077 5797 ’5.
1155 5741 1173 5771 ⁷
1203 5735 1334 5792 ibid.
1367 5727 1456 5784 27.

2185 3205 2441 3276 Εμπλεος·
2479 3205 2613 3258 ἀλλὰ
2653 3204 2746 3257 νῦν
2781 3220 2912 3273 φησι
2960 3204 3093 3275 πρὸς
3126 3206 3318 3276 αὐτήν⁸
3349 3205 3411 3258 Εἰ
3450 3209 3542 3259 καὶ
3584 3208 3752 3260 πάλαι

2185 3295 2312 3348 ποτὲ
2343 3294 2602 3367 αἰσχύνης
2639 3295 2732 3347 καὶ
2767 3295 2998 3357 ὀνείδους
3032 3294 3296 3365 ἔπραττες
3343 3295 3491 3361 ἄξια,
3526 3295 3748 3366 θάρσειο

2191 3405 2209 3436 ι
2247 3387 2366 3440 Ὅτι
2406 3387 2664 3456 αἰσχύνην
2713 3383 2926 3440 αἰώνιον
2970 3383 3222 3457 ἐπιλήσῃ,
3271 3386 3363 3438 καὶ
3411 3388 3608 3451 ὄνειδος
3655 3389 3755 3458 τῆς

2184 3481 2407 3550 χηρείας
2441 3497 2534 3532 σου
2561 3480 2618 3531 οὐ
2656 3479 2729 3550 μὴ
2767 3478 3070 3550 μνησθήση.
3098 3496 3116 3529 ι
3158 3478 3396 3549 Χηρείαν
3438 3478 3493 3532 δὲ
3538 3480 3754 3533 ἀποκα-

2182 3573 2264 3624 λεῖ
2295 3573 2388 3624 καὶ
2431 3572 2662 3626 ἐνταῦθα
2693 3572 2788 3643 τὴν
2835 3570 3086 3643 στέρησιν
3128 3570 3219 3624 τοῦ
3265 3571 3493 3642 νυμφίου
3535 3573 3751 3644 Λόγους

2180 3664 2250 3739 ἧς
2272 3667 2332 3720 οὐ
2368 3664 2672 3736 μνησθήσῃ,
2705 3662 2885 3733 φησὶν,

2258 3865 2275 3897 ι
2316 3847 2436 3899 Ὀτι
2482 3846 2684 3916 Κύριος
2729 3845 2838 3896 τῶν
2885 3842 3166 3915 δυνάμεών
3219 3847 3364 3898 ἐστιν
3394 3847 3422 3898 6
3460 3843 3628 3911 ποιῶν
3664 3862 3747 3910 σε,

2184 3939 2382 4009 Κύριος
2417 3938 2587 4008 ὄνομα
2623 3936 2791 4006 αὐτῷ,
2833 3937 2926 3990 καὶ
2971 3936 3270 4008 ῥυσάμενός
3308 3954 3396 3990 σε·
3427 3938 3586 4001 αὐτὸς
3617 3937 3752 4003 Θεὸς

2195 4030 2405 4101 Ἰσραήλ
2435 4032 2581 4102 πασῃ
2605 4032 2669 4100 τῇ
2703 4032 2772 4100 γῇ
2804 4029 3182 4099 κληθήσεται.»
3219 4030 3292 4083 υὺ
3325 4030 3432 4102 γὰρ
3461 4031 3518 4096 ἐξ
3543 4029 3753 4102 ἀνθρὼ-

2183 4144 2318 4196 πῳν,
2349 4126 2466 4178 οὐδὲ
2504 4125 2569 4178 δι’
2599 4124 2886 4195 ἀνθρώπου
2929 4123 2994 4176 τὰ
3027 4124 3123 4194 τῆς
3173 4123 3482 4185 συστάσεως
3505 4124 3747 4191 γέγονεν,

2181 4219 2315 4274 ἀλλὰ
2337 4220 2402 4271 δι’
2434 4218 2595 4271 αὑτοῦ
2628 4218 2721 4272 τοῦ
2753 4219 2976 4289 Κυρίου.

2257 4355 2273 4384 ι
2307 4335 2417 4406 Οὐχ
2445 4334 2517 4397 ὡς
2543 4337 2774 4403 γυναῖκα
2796 4333 3294 4405 καταλελειμμένην
3319 4337 3410 4389 καὶ
3431 4335 3747 4405 ὀλιγόψυχον

2185 4423 2416 4493 κέκληκε
2459 4440 2518 4476 σε
2561 4426 2588 4476 6
2616 4424 2837 4495 Κύριος,
2873 4423 2980 4475 οὐδ’
3015 4424 3087 4487 ὡς
3130 4428 3362 4493 γυναῖκα
3397 4427 3459 4476 ἐκ
3499 4425 3749 4494 νεότητος

2188 4533 2250 4584 με
2261 4516 2581 4588 μισημένην.
2615 4511 2778 4567 Εἶπεν
2811 4518 2838 4567 6
2859 4515 2990 4578 Θεός
3021 4533 3134 4568 σουο
3160 4517 3362 4588 Χρόνον
3395 4516 3588 4588 μικρὸν
3617 4535 3750 4569 κατ-

2183 4607 2365 4660 ἐλιπόν
2393 4623 2473 4668 σε,
2513 4606 2607 4659 καὶ
2635 4608 2748 4677 μετ’
2785 4607 2962 4673 ἐλέους
2991 4609 3225 4678 μεγάλου
3254 4610 3459 4681 ὲλεήσω
3490 4628 3567 4674 σε,
3597 4607 3749 4664 εἶπεν

2183 4703 2210 4753 ὁ
2247 4701 2545 4771 ῥυσάμενός
2593 4711 2651 4753 σε
2700 4701 2921 4771 Κύριος.
2980 4703 3110 4755 Ἀπὸ
3155 4702 3250 4756 τοῦ
3294 4705 3482 4767 ὓδατος
3518 4704 3608 4756 τοῦ
3656 4707 3750 4757 ἐπὶ

2187 4794 2305 4846 Νῶε
2339 4793 2494 4846 τοῦτὸ
2525 4796 2612 4864 μοί
2646 4796 2780 4858 ἐστι,
2812 4793 2998 4847 καθότι
3019 4793 3206 4865 ὤμοσα
3226 4794 3372 4865 αὐτῷ
3394 4798 3449 4849 ὲν
3468 4796 3546 4866 τῷ
3573 4797 3751 4866 χρόνῳ

2186 4886 2376 4956 ἐκείνῳ
2412 4889 2476 4958 τῇ
2509 4889 2577 4957 γῇ
2631 4887 2705 4958 μὴ
2758 4887 3174 4959 θυμωθήσεσθαι
3219 4890 3308 4941 ἐπὶ
3343 4889 3423 4943 σοὶ
3473 4889 3572 4953 ἔτι,
3617 4889 3751 4960 μηδὲ

2187 4983 2244 5034 ὲν
2277 4982 2471 5053 ἀπειλῇ
2507 4999 2599 5034 σου
2631 4983 2698 5036 τὰ
2727 4982 2826 5053 ὅρη
2875 4983 3322 5053 μεταστήσεσθαι,
3355 4985 3462 5037 οὐδ’
3493 4985 3539 5037 οἱ
3573 4984 3751 5054 βουνοί

2191 5093 2292 5145 μου
2325 5075 2860 5146 μετακινηθήσονται.
2905 5074 3089 5138 Οὕτως
3114 5076 3233 5129 οὐδὲ
3267 5077 3327 5129 τὸ
3353 5077 3482 5149 παρ’
3508 5076 3640 5147 ἐμοῦ
3669 5094 3750 5130 σοι

2189 5166 2333 5229 ἕλεος
2362 5167 2619 5236 ἐκλείψει,
2648 5167 2767 5220 οὐδὲ
2801 5169 2832 5237 ἡ
2863 5167 3093 5240 διαθήκη
3141 5169 3239 5238 τῆς
3285 5170 3505 5240 εἰρήνης
3552 5185 3643 5222 σου
3686 5167 3746 5222 οὐ

2192 5259 2265 5329 μὴ
2302 5262 2570 5329 μεταστῇο
2605 5255 2724 5312 εἷπε
2761 5259 2889 5330 γάρ·
2923 5259 3106 5323 Ἵλεώς
3136 5277 3213 5312 σοι
3247 5259 3463 5330 Κύριος.
3494 5281 3510 5311 ι
3548 5261 3748 5314 Θᾶττον

2187 5350 2294 5422 γὰρ
2320 5350 2387 5402 τὰ
2425 5351 2526 5422 ὅρη
2577 5353 2999 5422 μεταστήσονται
3033 5351 3138 5403 τῶν
3181 5352 3394 5404 οἰκείων
3427 5354 3624 5417 τόπων,
3654 5352 3749 5406 καὶ

2187 5443 2235 5492 οἱ
2267 5440 2440 5508 βουνοὶ
2481 5442 2933 5513 ταραχθήσονται,
2982 5442 3013 5512 ἦ
3046 5441 3105 5494 τὸ
3148 5443 3276 5513 ἐμὸν
3308 5436 3461 5510 ’ἔλεος
3505 5446 3613 5500 ἀπὸ
3656 5443 3750 5500 σοῦ

2189 5535 2556 5605 κινηθήσεται.
2592 5537 2696 5590 Καὶ
2726 5533 2894 5590 ταῦτα
2927 5537 2979 5589 δὲ
3004 5531 3087 5607 ’τῷ
3116 5536 3354 5591 θεοσεϐεῖ
3399 5540 3753 5605 πολιτεύματι
