4108 6204
337 325 443 382 465

1248 320 1752 379 COMMENTARIA
1793 319 1859 374 IN
1901 316 2150 378 ISAIAM.
2187 349 2256 357 —
2293 313 2446 369 CAP.
2485 310 2617 368 LIV.

3457 304 3562 360 466

333 445 734 514 ἐπαγγέλλεται
767 448 794 500 ὁ
834 445 1009 514 λόγος.
1039 447 1131 501 καὶ
1163 447 1327 511 πάλαι
1359 447 1453 516 μὲν
1483 441 1549 516 ἦν
1595 445 1743 516 παρὰ
1780 447 1893 498 Ἰου-

2011 451 2130 492 mea
2177 454 2206 490 a
2250 445 2301 491 te
2346 442 2703 490 removeatur.
2737 431 2798 485 Et
2837 431 2950 485 hzrc
2978 428 3078 498 pia:
3115 424 3352 495 religioni
3383 438 3564 478 sermo

334 538 532 602 δαίοις,
588 538 832 591 διαπεσὸν
888 537 944 590 δὲ
1003 539 1129 609 παρ’
1167 539 1366 602 αὐτοῖς,
1402 537 1492 590 ἐπὶ
1521 537 1620 608 τὴν
1653 536 1710 604 ἐξ
1736 537 1903 591 ἐθνῶν

349 628 680 700 Ἐκκλησίαν
710 628 1094 701 μεταϐέϐηκεν.

424 828 443 860 ι
471 806 699 879 Ταπεινὴ
746 807 836 861 καὶ
869 807 1260 874 ἀκατάστατος,
1283 808 1344 862 οὐ
1369 809 1730 881 παρεκλήθης.
1773 809 1901 863 Ἰδοὺ

345 897 458 968 ἐγὼ
483 897 743 969 ἐτοιμάζω
775 916 855 952 σοι
898 899 1143 972 ἄνθρακα
1163 899 1254 952 τὸν
1284 899 1426 953 λίθον
1461 917 1572 965 σου,
1598 901 1690 953 καὶ
1718 902 1784 955 τά
1818 902 1904 955 θε-

347 989 507 1060 μέλιά
533 1006 622 1042 σου
656 989 1014 1062 σάπφειρον.»
1045 986 1152 1044 Ἦν
1201 991 1308 1063 γάρ
1341 992 1488 1062 παρὰ
1533 993 1800 1056 Ἰουδαίοις
1826 993 1901 1064 τῷ

339 1080 452 1134 ὄντι
479 1083 756 1154 ήταπεινὴ
788 1084 1073 1155 σωματικὴ
1103 1083 1388 1154 θρησκεία,
1417 1087 1450 1155 ἡ
1479 1085 1536 1136 ἐν
1565 1084 1777 1156 σώματι
1805 1103 1900 1138 πε-

349 1172 552 1243 ριτομὴ,
581 1174 674 1225 καὶ
700 1173 760 1226 ἐν
787 1173 991 1235 οὐσίαις
1015 1172 1166 1237 ζώων
1189 1175 1282 1226 καὶ
1307 1176 1426 1236 ταῖς
1448 1173 1647 1226 τούτων
1671 1173 1895 1238 θυσίαις,

341 1266 426 1316 καὶ
447 1266 559 1328 τοῖς
581 1263 760 1328 ἄλλοις
785 1265 1183 1336 παραπλησίοις
1207 1265 1561 1337 ἐξεταζομένη
1583 1285 1595 1296 ο
1618 1267 1697 1319 διὸ
1717 1285 1902 1321 ταπει-

339 1354 427 1427 νὴν
455 1355 549 1408 καὶ
575 1355 952 1409 ἀκατάστατον
985 1355 1153 1425 αὐτὴν
1180 1356 1476 1426 ὠνόμασεν.
1496 1352 1606 1410 Εἶτ’
1637 1358 1896 1426 ἐπιλέγει,

335 1465 352 1497 ι
387 1446 464 1498 Οὐ
515 1446 895 1518 παρεκλήθης·
920 1466 937 1498 ι
990 1448 1161 1511 οὐδεὶς
1198 1448 1304 1519 γὰρ
1332 1445 1398 1519 ἦν
1432 1448 1544 1502 τῶν
1585 1449 1896 1520 προφητῶν,

333 1536 449 1588 οὐδὲ
489 1535 598 1590 τῶν
647 1536 907 1605 θεοφιλῶν
954 1537 1161 1609 ἀνδρῶν
1205 1539 1472 1605 τοσοῦτος,
1509 1541 1581 1604 ὡς
1612 1540 1899 1594 ἀναλαϐεῖν

330 1629 500 1701 αὐτὴν
529 1631 621 1683 καὶ
644 1630 1061 1702 ἀνακτήσασθαι.

346 1779 352 1790 ⁸
413 1809 545 1864 Ἰδοὺ
578 1809 689 1880 ἐγὼ
721 1813 990 1884 ἐτοιμάζω
1025 1831 1105 1866 σοι
1149 1813 1394 1886 ἄνθρακα
1460 1817 1548 1869 τὸν
1588 1817 1730 1871 λίθον
1781 1835 1895 1883 σου,
1929 1822 1971 1876 Β

325 1903 423 1956 καὶ
449 1904 518 1957 τὰ
562 1903 786 1975 θεμέλιά
830 1926 922 1961 σου
956 1910 1273 1981 σάπφειρον.
1303 1930 1321 1962 ι
1363 1912 1501 1964 Ἀνθ’
1526 1904 1586 1965 οὗ
1612 1914 1640 1964 ὁ
1668 1913 1892 1984 Σύμμα-

324 2011 456 2062 χος,
522 2013 542 2045 ‹
576 1995 717 2063 ¹Ἰδοὺ
757 1996 889 2066 ἐγὼ,
941 2002 1092 2071 φησὶ,
1146 2002 1429 2072 συντίθημι
1482 2003 1715 2076 στιμμίᾳ
1769 2006 1894 2068 τοὺς

322 2083 508 2147 λίθους
526 2102 617 2138 σου
636 2086 748 2154 (40)
776 2107 793 2137 ι
814 2088 1162 2154 ὁΘεοδοτίων,
1188 2111 1204 2141 ι
1233 2091 1356 2146 Ἰδοὺ
1375 2091 1484 2161 ἐγώ
1508 2094 1621 2163 εἰμι
1645 2093 1894 2164 ἐμϐαλὼν

324 2178 537 2245 στιμμῇ
569 2177 693 2240 τοὺς
719 2177 898 2242 λίθους
937 2196 1049 2232 σου.
1080 2199 1098 2232 ι
1163 2183 1248 2245 Ὠς
1280 2183 1387 2255 γάρ
1421 2184 1485 2237 ἂν
1515 2185 1650 2255 γυνὴ
1684 2184 1892 2238 καλλω-

325 2269 591 2340 πιζομένη
634 2270 970 2341 στιμμίζοιτο
1000 2275 1125 2338 τοὺς
1153 2275 1460 2346 ὀφθαλμούς
1483 2294 1495 2306 ·
1534 2277 1706 2341 οὕτως
1735 2279 1892 2344 αὐτὸς

322 2359 458 2426 ἐγὼ,
493 2362 674 2431 φησὶν,
704 2363 843 2434 ὑπὲρ
871 2364 1047 2419 πάντα
1078 2367 1355 2438 ὡραϊσμὸν
1387 2370 1483 2422 καὶ
1512 2369 1894 2440 καλλωπισμὸν

321 2451 452 2512 τοὺς
478 2451 579 2521 τῆς
613 2453 710 2524 σῆς
734 2455 1018 2528 οἰκοδομῆς
1055 2457 1234 2521 λίθους
1258 2458 1513 2530 διαθήσω.

400 2563 418 2594 ι
453 2546 561 2598 Καὶ
587 2545 734 2616 θήσω
760 2547 859 2611 τὰς
890 2549 1138 2614 ἐπάλξεις
1164 2567 1257 2602 σου
1285 2550 1490 2614 ἴασπιν,
1539 2553 1630 2606 καὶ
1665 2552 1759 2615 τὰς
1793 2553 1894 2606 πύ-

319 2634 424 2698 λας
467 2653 561 2689 σου
614 2636 793 2702 λίθους
836 2640 1189 2710 κρυστάλλου,
1233 2643 1323 2694 καὶ
1360 2642 1450 2695 τὸν
1483 2643 1764 2714 περίϐολόν
1799 2662 1892 2697 σου

321 2726 504 2789 λίθους
533 2728 837 2794 ἐκλεκτούς.
861 2751 879 2781 ι
932 2732 1172 2786 Τοιοῦτοι
1195 2733 1237 2786 δ’
1265 2733 1331 2787 ἂν
1360 2730 1466 2786 εἷεν
1487 2735 1544 2787 ἐν
1568 2738 1632 2805 τῇ
1663 2737 1891 2808 Ἐκκλη-

327 2817 420 2888 σία
450 2817 582 2870 Θεοῦ
608 2819 655 2871 οἱ
687 2819 875 2893 λογικῇ
909 2827 1224 2896 παρασκευῇ
1257 2825 1354 2896 τὴν
1389 2825 1568 2877 πίστιν
1591 2825 1891 2898 ὠχυρωμέ-

323 2925 428 2972 νοι,
454 2909 594 2963 ὥστε
626 2913 982 2984 προμαχῶνες
1023 2916 1172 2980 ὄντες
1207 2917 1301 2969 τοῦ
1330 2915 1612 2979 θεοσεϐοῦς
1648 2918 1894 2972 πολιτεύο

328 3016 518 3069 ματος,
541 3000 627 3054 διὰ
653 3002 712 3055 τὸ
731 3003 987 3056 δύνασθαι
1013 3007 1118 3059 πᾶν
1148 3005 1346 3078 ὕψωμα
1377 3008 1731 3079 ἐπαιρόμενον
1753 3010 1892 3062 κατὰ

323 3088 425 3159 τῆς
448 3088 696 3158 γνώσεως
717 3092 808 3145 τοῦ
825 3092 959 3146 Θεοῦ
978 3097 1276 3167 καθαιρεῖν,
1293 3098 1383 3150 καὶ
1407 3097 1696 3169 διελέγχειν
1720 3101 1892 3154 πάντα

324 3179 478 3248 λόγον
500 3181 671 3253 ψευδῆ
694 3183 786 3236 τὸν
814 3185 912 3255 τῆς
937 3186 1186 3256 ἀληθείας
1235 3189 1508 3259 πολέμιον.
1544 3191 1752 3262 Ὥσπερ
1788 3193 1892 3263 γάρ

323 3271 416 3323 ἐπὶ
445 3272 557 3325 τῶν
598 3275 794 3345 τειχῶν
826 3278 880 3330 αἱ
931 3277 1182 3343 ἐπάλξεις
1232 3279 1590 3350 προμαχῶνες
1630 3281 1765 3333 εἰσιν
1803 3283 1894 3334 ἐπὶ

321 3369 642 3438 παρασκευῇ
689 3367 788 3437 τῆς
840 3369 976 3441 πρὸς
1027 3372 1153 3434 τοὺς
1201 3371 1489 3441 πολεμίους
1542 3373 1894 3445 παρατάξεως

324 3458 860 3526 παρεσκευασμένου
893 3458 1034 3513 οὕτω
1083 3461 1174 3513 καὶ
1216 3461 1312 3532 τῆς
1371 3461 1692 3533 Ἐκκλησίας
1735 3465 1783 3516 oi
1836 3467 1893 3516 ἐν

321 3545 464 3618 λόγῳ
522 3549 616 3601 καὶ
662 3553 719 3602 ἐν
766 3552 946 3623 σοφία,
979 3551 1225 3618 δυνατοὶ,
1270 3552 1508 3623 λεχθεῖεν
1557 3553 1623 3607 ἂν
1669 3556 1893 3619 εἰκότως

317 3639 594 3706 ἐπάλξεις.
633 3659 651 3693 ι
675 3642 784 3696 Καὶ
826 3643 925 3707 τὰς
965 3643 1136 3709 πύλας
1164 3662 1255 3698 σου
1282 3645 1461 3710 λίθους
1491 3647 1820 3719 κρυστάλλου
1839 3665 1886 3698 ⁸)

314 3729 384 3782 δι’
417 3725 492 3784 ὦν
517 3732 615 3796 τάς
643 3733 816 3791 πύλας
845 3734 943 3805 τῆς
989 3734 1194 3799 πόλεως
1243 3739 1533 3808 συστήσας,
1561 3737 1805 3802 θεσπίζει
1832 3739 1892 3791 τὸ

311 3823 536 3890 διαυγὲς
567 3824 659 3876 καὶ
693 3825 930 3897 καθαρὸν
959 3826 1061 3896 τῆς
1102 3827 1285 3896 ὑγιοῦς
1321 3829 1576 3894 πίστεως,
1623 3830 1892 3900 παριστὰς

311 3913 428 3966 τῶν
456 3917 896 3986 πεπιστευμένων
918 3917 1014 3989 τὴν
1053 3917 1274 3990 πρώτην
1305 3921 1396 3973 καὶ
1431 3921 1764 3992 στοιχειώδη,
1798 3924 1891 3976 καὶ

313 4005 635 4077 εἰσακτικὴν
671 4007 1032 4062 διδασκαλίαν.
1067 4030 1083 4062 ι
1109 4010 1219 4062 Καὶ
1244 4011 1333 4064 τὸν
1372 4011 1654 4083 περίϐολόν
1690 4031 1781 4065 σου
1811 4013 1891 4065 λί-

311 4095 443 4160 θους
484 4096 831 4163 ἐκλεκτούς.»
876 4099 1116 4154 Τοιοῦτοι
1160 4102 1204 4154 δ’
1246 4101 1312 4156 ἂν
1358 4096 1466 4155 εἶεν
1499 4104 1547 4155 oi
1593 4104 1891 4174 περιφράτ-

306 4205 520 4252 τοντες,
561 4190 657 4244 καὶ
699 4192 819 4244 ἀντὶ
868 4192 1069 4255 παντὸς
1111 4193 1307 4263 ἕρκους
1343 4193 1761 4265 άσφαλιζόμενοι
1805 4195 1892 4249 διὰ

307 4281 423 4340 τῶν
459 4282 597 4352 πρὸς
636 4283 727 4336 τὸν
758 4285 888 4337 Θεὸν
927 4285 1099 4356 εὐχῶν
1141 4286 1236 4357 τὴν
1268 4287 1444 4339 πᾶσαν
1481 4288 1765 4358 οἰκοδομὴν
1794 4289 1890 4359 τῆς

310 4373 546 4438 πόλεως,
581 4375 792 4445 μεγάλα
815 4377 909 4430 καὶ
944 4377 1229 4448 πολυτελῆ,
1256 4378 1349 4432 καὶ
1385 4377 1576 4449 ἔντιμα
1606 4380 1888 4452 οἰκοδομή-

311 4481 486 4534 ματα.

389 4574 407 4606 ι
434 4557 546 4609 Καὶ
577 4559 784 4622 πάντας
815 4561 940 4623 τοὺς
983 4560 1129 4624 υἱούς
1159 4578 1252 4614 σου
1285 4562 1564 4627 διδακτοὺς
1603 4563 1756 4624 Θεοῦ.
1792 4567 1883 4618 καὶ

306 4651 371 4701 ἐν
428 4647 597 4719 πολλῇ
652 4651 841 4722 εἰρήνῃ
889 4652 957 4705 τά
1003 4653 1166 4706 τέκνα
1220 4671 1373 4708 σου.»
1423 4656 1711 4720 Διδακτοὺς
1748 4657 1882 4712 Θεοῦ

304 4741 580 4794 ἀποκαλεῖ
601 4744 723 4806 τοὺς
754 4746 900 4808 υἱοὺς
921 4745 1021 4816 τῆς
1049 4747 1214 4800 πάλαι
1257 4747 1500 4818 στείρας·
1535 4747 1669 4801 ἀλλὰ
1699 4751 1792 4802 καί
1825 4751 1882 4802 ἐν

306 4831 484 4902 πολλῇ
516 4835 703 4906 εἰρήνῃ
738 4835 952 4889 ἔσεσθαι
999 4837 1168 4907 αὐτῆς
1218 4837 1288 4890 τά
1335 4839 1501 4892 τέκνα
1526 4856 1538 4869 ·
1574 4840 1726 4892 τοῦτο
1774 4841 1882 4912 γάρ

307 4925 499 4986 αὐτοῖς
526 4926 883 4996 ἐπηγγείλατο
924 4928 1123 4982 εἰπών’
1165 4948 1183 4980 ι
1229 4930 1465 5001 Εἰρήνην
1492 4931 1590 5002 τὴν
1633 4930 1770 5001 ἐμὴν
1801 4932 1880 4984 δί-

303 5018 456 5087 δωμι
480 5018 627 5087 ὑμῖν,
654 5019 875 5091 εἰρήνην
900 5019 998 5090 τὴν
1028 5020 1166 5092 ἐμὴν
1197 5021 1399 5092 ἀφίημι
1433 5023 1614 5092 ὑμῖν.»

391 5127 410 5157 ι
457 5109 569 5174 Ιςαὶ
612 5111 671 5162 ἐν
722 5110 1030 5182 δικαιοσύνῃ
1067 5112 1482 5186 οἰκοδομηθήσῃ.
1520 5113 1750 5184 Ἀπέχου
1797 5116 1890 5169 ἀπ’

302 5199 525 5260 ἀδικου,
573 5203 666 5254 καὶ
715 5203 777 5255 οὐ
837 5203 1139 5276 φοϐηθήσῃ,
1183 5204 1278 5258 καὶ
1329 5205 1530 5275 τρόμος
1567 5206 1665 5260 οὑκ
1720 5208 1895 5276 ἐγγιεί

304 5309 418 5346 σοι.
448 5310 464 5343 t
509 5293 590 5345 Τὰ
628 5295 725 5364 μὲν
761 5294 870 5367 γάρ
924 5275 1240 5366 ἀνθρώπινα
1286 5275 1769 5370 ἐπισκευάσματα,
1801 5275 1894 5355 καὶ

304 5383 371 5450 ἐξ
414 5383 760 5458 ἀνθρωπίνης
801 5386 1031 5458 σπουδῆς
1091 5389 1470 5459 συνιστάμενα,
1513 5389 1734 5443 τοιαῦτά
1769 5408 1888 5444 τινα

303 5475 589 5546 τυγχάνει·
646 5475 727 5529 διὸ
779 5477 872 5530 καὶ
918 5478 997 5541 εἰς
1034 5476 1239 5548 φθοράν
1276 5481 1444 5550 χωρεί
1482 5479 1575 5533 καὶ
1619 5481 1697 5542 εἰς
1736 5479 1884 5533 ἀπώ-

306 5585 332 5618 ⁸
361 5584 521 5640 Joan.
562 5601 673 5654 xw,
703 5586 795 5641 27.

379 5679 498 5749 (ιο)
541 5677 598 5733 In
632 5679 740 5737 alio
770 5681 951 5752 codice
987 5679 1180 5752 legitur
1207 5687 1319 5748 τοῖς
1348 5683 1514 5749 λίθοις
1542 5704 1659 5739 σου.
1689 5686 1883 5740 Hiero-

310 5762 509 5819 nymus
557 5765 722 5821 vero,
772 5749 910 5819 Ἐγώ
955 5749 1068 5824 εἰμὶ
1111 5753 1361 5826 ἐμϐαλὼν
1402 5758 1460 5809 ἐν
1515 5758 1710 5830 στίμμι
1765 5759 1885 5820 τοὺς

2009 531 2307 601 pollicetur,
2347 531 2453 583 imo
2481 529 2642 582 etiam
2676 525 2802 581 olim
2845 538 3007 595 penes
3045 521 3258 576 Judaaos
3301 518 3388 573 illa
3424 525 3563 583 erat,

2005 624 2097 678 sed
2147 624 2212 678 ab
2255 623 2383 693 ipsis
2413 621 2637 682 decidit,
2676 629 2728 674 et
2764 619 2828 671 ad
2864 615 3160 671 Ecclesium
3205 627 3269 667 ex
3314 609 3564 682 gentibus

2005 726 2250 773 coactam
2294 713 2550 770 translata
2581 721 2684 765 est.
3208 725 3210 727 ν

2076 808 2238 863 Vens.
2269 809 2357 862 ll.
2400 825 2418 858 ι
2455 804 2681 860 llumilis
2709 811 2762 858 et
2805 799 3105 865 instabilis,
3139 796 3561 854 consolationem

2005 919 2108 957 non
2146 903 2333 971 adepta
2389 916 2467 956 es.
2514 899 2653 953 Ecce
2687 911 2784 965 ego
2829 908 3073 963 praepara
3113 891 3206 945 tibi
3257 888 3561 944 carbuncu-

2003 995 2112 1048 lum
2137 994 2366 1063 lapidem
2394 1001 2564 1057 tuum,
2602 1000 2656 1045 et
2683 987 3030 1043 fundamenta
3059 993 3146 1039 tua
3173 983 3505 1051 sapphirum.
3535 1000 3556 1034 ι

2006 1085 2131 1138 Erat
2172 1085 2313 1139 enim
2353 1099 2536 1137 revera
2583 1095 2746 1151 penes
2774 1078 2988 1134 Judmos
3032 1077 3272 1144 abjectus
3314 1075 3402 1129 ille
3437 1089 3531 1129 cor

2004 1190 2196 1244 porcus
2223 1176 2430 1241 cultus;
2461 1175 2515 1228 in
2551 1173 2794 1242 corporis
2841 1170 3290 1234 circumcisione,
3341 1169 3392 1222 in
3433 1169 3527 1223 sub

2002 1267 2219 1321 stantiis
2250 1267 2598 1333 animalium,
2645 1276 2698 1321 et
2743 1264 3026 1320 sacriﬁciis
3081 1279 3304 1327 eormn,
3355 1276 3561 1318 necnon

2004 1359 2054 1412 in
2109 1360 2229 1414 aliis
2282 1359 2581 1423 similibus,
2638 1360 2884 1430 positus:
2933 1365 3256 1428 quapropter
3306 1354 3560 1410 humilem

2002 1459 2056 1502 et
2105 1450 2411 1504 instabilem
2448 1459 2604 1505 vocat
2650 1451 2816 1505 illam.
2866 1449 3064 1503 Deinde
3109 1448 3334 1518 adjicit,
3376 1466 3393 1498 ι
3447 1444 3562 1501 Νοη

2003 1542 2426 1597 consolationem
2463 1543 2652 1613 adepta
2697 1557 2787 1598 es:
2827 1562 2846 1595 ι
2893 1557 3050 1597 nemo
3090 1542 3234 1594 enim
3271 1541 3563 1610 prOpheta-

2003 1650 2140 1699 rum,
2189 1649 2362 1703 neque
2413 1635 2784 1704 religiosorum
2821 1635 3057 1690 virorum
3091 1643 3237 1691 erat.
3289 1633 3379 1687 aui
3415 1631 3560 1685 illam

2001 1725 2276 1794 suscipere
2303 1733 2356 1780 et
2381 1735 2684 1780 restaurare
2714 1735 2910 1795 posset.

2077 1834 2097 1867 ι
2140 1816 2280 1871 Ecce
2319 1829 2418 1887 ego
2463 1832 2707 1886 prcharo
2752 1817 2844 1871 tibi
2888 1816 3270 1870 carbunculum
3328 1815 3557 1885 lapidem

1999 1916 2170 1974 tuum,
2197 1918 2253 1964 et
2281 1907 2622 1962 fundamenta
2642 1915 2728 1960 tua
2746 1908 3113 1977 sapphiruan
3135 1906 3237 1960 Pro
3261 1922 3367 1975 quo
3403 1906 3561 1977 Sym-

1998 1999 2239 2064 machus,
2279 2017 2298 2051 r
2333 1999 2467 2057 Ecce
2492 2014 2590 2069 ego
2623 2015 2885 2069 compono
2915 1999 3072 2054 stibio
3113 1999 3316 2067 lapides
3349 2011 3468 2052 tuos
3493 2016 3508 2064 ;
3536 2015 3554 2048 ι

1998 2089 2293 2146 Theodotio
2315 2100 2515 2155 autem,
2553 2110 2570 2142 ι
2590 2091 2741 2146 Ecce
2759 2106 2858 2160 ego
2881 2091 3162 2144 immittam
3191 2088 3405 2144 stibiqu
3424 2089 3559 2157 lapi-

1997 2182 2152 2238 dibus
2196 2184 2322 2238 tuis.
2352 2201 2370 2234 ι
2403 2182 2856 2249 Quemadmodum
2890 2183 3035 2235 enim
3076 2197 3197 2236 cum
3233 2181 3425 2236 mulier
3447 2223 3463 2246 ,
3503 2190 3562 2234 ut

1995 2274 2180 2330 formae
2224 2277 2472 2330 decorem
2512 2275 2710 2339 addat,
2741 2275 2902 2329 stibio
2951 2273 3070 2327 linit
3114 2275 3329 2339 oculos,
3381 2274 3450 2327 ita
3507 2282 3563 2328 et

1995 2382 2128 2437 ego,
2169 2368 2356 2437 inquit,
2381 2367 2527 2422 omni
2562 2368 2741 2436 specie
2795 2383 2858 2422 ac
2878 2367 3070 2422 decore
3101 2367 3444 2421 l'ormosiores
3467 2380 3562 2436 po-

1997 2473 2119 2514 nam
2168 2469 2455 2514 structurae
2483 2469 2584 2512 tuae
2615 2458 2838 2527 lapides.

2069 2548 2229 2604 Vens.
2264 2551 2350 2605 l2.
2386 2571 2404 2602 ‹
2448 2548 2514 2603 Et
2560 2566 2753 2619 ponam
2801 2549 3196 2619 propugnacula
3245 2560 3331 2603 tua
3358 2549 3556 2618 jaspin,

1997 2649 2050 2695 et
2085 2650 2270 2709 portas
2301 2651 2420 2695 tuas
2459 2641 2670 2708 lapides
2730 2639 2993 2710 crystalli,
3025 2651 3078 2694 et
3108 2655 3289 2694 muros
3325 2650 3443 2693 tuos
3491 2639 3562 2691 la-

1995 2731 2144 2799 pides
2178 2731 2403 2786 electos.
2451 2732 2610 2785 Tales
2638 2733 2687 2785 in
2717 2731 2963 2806 Ecclesia
2993 2732 3086 2786 Dei
3148 2732 3351 2786 fuerint
3381 2731 3438 2796 ii,
3466 2731 3556 2800 qui

1996 2821 2306 2877 rationabili
2336 2831 2624 2877 structurae
2674 2833 2934 2892 apparatu
2977 2822 3082 2877 lide
3127 2823 3361 2877 roborati
3409 2833 3555 2885 sunt,

1997 2921 2180 2980 utpote
2211 2913 2302 2982 qui
2352 2914 2456 2984 pia:
2488 2913 2768 2985 religionis
2798 2913 3198 2985 propugnacula
3238 2916 3366 2978 sint,
3417 2913 3557 2982 quod

1997 3006 2207 3074 possint
2235 3020 2450 3061 omnem
2495 3007 2906 3072 sublimitatem,
2951 3016 3137 3062 contra
3171 3005 3263 3061 Dei
3298 3005 3558 3074 cognitio-

1996 3110 2116 3148 nem
2141 3111 2260 3151 sese
2290 3108 2663 3164 exserentem,
2701 3099 2766 3153 de
2809 3098 2983 3152 medio
3019 3097 3223 3162 tollere,
3260 3104 3312 3151 et
3343 3110 3556 3149 omnem

1919 3171 1964 3234 C
1998 3184 2188 3241 falsum
2233 3203 2536 3243 sermonem
2570 3189 2816 3244 veritatis
2864 3190 3136 3245 inimicum
3187 3188 3468 3243 eliminare
3504 3197 3559 3242 et

1996 3277 2297 3336 confutare.
2345 3278 2499 3334 Sicut
2529 3281 2672 3334 enim
2723 3281 3002 3335 adornatae
3052 3280 3104 3334 in
3150 3281 3320 3334 muris
3358 3280 3554 3348 pinnae,

1996 3371 2392 3440 propugnacula
2427 3380 2574 3434 sunt,
2606 3371 2673 3425 ad
2731 3370 3105 3425 instruendum
3137 3382 3324 3426 contra
3374 3371 3563 3425 hostes

1997 3461 2194 3516 bellum
2229 3461 2593 3526 concinnata;
2638 3461 2717 3516 sic
2754 3470 2811 3515 et
2851 3463 2908 3524 ii,
2949 3461 3040 3530 qui
3077 3463 3128 3516 in
3169 3461 3405 3516 Ecclesia
3442 3475 3558 3517 ser-

1996 3567 2152 3606 mone
2182 3562 2239 3606 et
2288 3551 2555 3620 sapientia
2607 3562 2854 3620 potentes
2907 3559 3053 3615 sunt,
3093 3552 3215 3620 jure
3250 3567 3555 3621 propugna-

1994 3643 2114 3699 cula
2157 3643 2424 3698 dicantur.
2461 3662 2478 3694 ι
2519 3643 2585 3697 Et
2617 3651 2800 3712 portas
2830 3651 2951 3698 tuas
2996 3641 3200 3712 lapides
3237 3642 3496 3713 crystalli,
3531 3662 3551 3695 ι

1992 3735 2190 3804 quibus
2244 3723 2517 3805 lapidibus
2572 3736 2640 3789 ad
2695 3743 2882 3805 portas
2946 3733 3097 3789 urbis
3148 3733 3557 3788 constituendas

1994 3845 2145 3895 usus,
2176 3843 2320 3883 sanae
2350 3827 2473 3883 fidei
2504 3828 2844 3898 splendorem
2883 3837 2939 3882 ct
2977 3825 3261 3897 puritatem
3293 3823 3557 3880 vaticina-

1996 3931 2103 3980 tur.
2137 3921 2485 3992 declaratque
2530 3923 2760 3992 primam
2792 3921 3199 3983 elemeutarem,
3243 3927 3407 3987 atque
3456 3917 3558 3972 ini-

1995 4010 2176 4063 tialem
2212 4026 2414 4076 rerum,
2444 4025 2562 4079 qua:
2599 4012 2665 4065 ad
2699 4010 2856 4065 ﬁdem
2897 4009 3190 4079 pertinent,
3235 4007 3554 4062 doctrinam.

1999 4119 2017 4151 ί
2058 4102 2122 4154 Et
2155 4117 2337 4157 muros
2379 4112 2499 4157 tuos
2533 4102 2737 4172 lapides
2780 4102 3006 4156 electos.
3041 4118 3060 4154 ι
3103 4098 3412 4166 Hujusmodi
3446 4098 3558 4152 fue-

1996 4193 2103 4245 rint
2138 4193 2195 4257 ii,
2231 4195 2321 4262 qui
2359 4195 2782 4262 circumquaque
2813 4191 3134 4246 munimenti
3171 4190 3287 4244 loco
3328 4200 3472 4252 sunt,
3504 4199 3559 4244 ct

1992 4283 2148 4354 quasi
2196 4285 2418 4348 vallum,
2462 4293 2629 4338 totam
2667 4283 2815 4338 urbis
2845 4293 3172 4338 structuram
3225 4297 3319 4350 per
3360 4282 3558 4335 oratio-

1993 4392 2090 4429 nes
2142 4377 2206 4429 ad
2270 4375 2435 4431 Deum
2493 4375 2723 4430 emissas
2780 4386 3064 4430 tutantur:
3134 4389 3324 4444 magna
3381 4387 3554 4439 sane,

1920 4507 1960 4561 Π
1994 4469 2224 4538 pretiosa
2269 4479 2324 4522 et
2378 4467 2716 4522 honorabilia
2765 4468 3010 4522 :rdilicia.

2072 4559 2230 4615 Vsus.
2267 4561 2356 4615 15.
2392 4579 2410 4612 ι
2450 4560 2515 4614 Ει
2545 4577 2736 4615 omnes
2769 4563 2906 4616 lilios
2947 4573 3083 4623 tuos.
3117 4559 3409 4628 discipulos
3442 4558 3554 4620 Dei,

1992 4663 2044 4706 et
2096 4654 2146 4706 in
2191 4653 2357 4707 multa
2405 4669 2540 4723 pace
2577 4655 2668 4708 lilii
2727 4655 2826 4708 tui.
2865 4673 2884 4705 ι
2929 4653 3227 4721 Discipulos
3265 4651 3354 4704 Dei
3405 4659 3557 4704 vocat

1990 4745 2132 4799 illius
2165 4746 2291 4799 olim
2343 4746 2544 4800 sterilis
2596 4745 2776 4800 lilios:
2825 4762 2888 4799 ac
2945 4747 2997 4798 in
3049 4744 3215 4797 multa
3263 4758 3395 4813 paco
3436 4757 3556 4797 ver-

1992 4847 2206 4892 Satnros
2257 4837 2334 4891 ait
2385 4836 2522 4892 lilios
2554 4837 2712 4905 ejus:
2749 4837 2798 4890 id
2829 4837 2973 4890 enim
3009 4837 3136 4904 ipsis
3168 4835 3436 4904 pollicitus
3472 4835 3556 4890 his

1996 4930 2174 4985 verbis
2205 4939 2288 4984 est
2315 4948 2330 4985 :
2373 4948 2392 4982 ι
2432 4930 2628 4985 Pacem
2659 4946 2832 4984 meam
2871 4930 2940 4982 do
2965 4929 3139 4993 vobis,
3167 4943 3351 4997 pacem
3381 4941 3553 4982 meam

1992 5021 2235 5090 relinquo
2267 5023 2421 5077 vobis
2450 5023 2491 5076 ⁸.
2529 5041 2549 5074 ι

2064 5115 2230 5169 Vsus.
2259 5115 2346 5169 14.
2373 5132 2392 5166 ι
2425 5115 2490 5169 Et
2519 5115 2572 5168 in
2595 5114 2803 5185 iustitia
2831 5113 3205 5168 mdilicaberis.
3235 5110 3456 5166 Abstine
3483 5110 3553 5166 ab

1990 5206 2197 5275 iniquo,
2227 5217 2276 5262 et
2324 5223 2429 5263 non
2472 5208 2689 5262 timebis
2715 5247 2730 5271 ,
2782 5217 2835 5261 et
2883 5214 3088 5259 tremor
3119 5221 3222 5256 non
3269 5202 3554 5273 appropin-

1989 5299 2180 5365 quabit
2223 5299 2341 5354 tibi.
2396 5319 2416 5351 ι
2477 5298 2755 5368 Siquidem
2813 5296 3032 5352 humani
3098 5295 3172 5347 illi
3223 5305 3549 5363 apparatus,

1999 5391 2229 5444 humana
2261 5407 2390 5446 cura
2420 5392 2574 5457 editi,
2608 5388 2914 5458 hujusmodi
2943 5396 3110 5441 sunt:
3155 5399 3322 5455 quare
3351 5385 3403 5440 iu
3431 5400 3553 5440 cor-

1995 5487 2301 5553 ruptionem
2325 5495 2379 5540 et
2399 5484 2622 5539 exitium
2650 5482 2960 5537 deveniunt.
2991 5479 3139 5548 Opus
3164 5489 3343 5535 autem
3375 5492 3552 5536 meum

1993 5686 2174 5750 λίθους
2205 5702 2318 5738 σου.
2341 5683 2655 5754 Procopius,
2685 5680 2936 5754 ἐμϐάλλω
2973 5683 3032 5735 ἐν
3071 5681 3270 5754 στίμει.
3297 5681 3552 5751 Quanam

1999 5749 2162 5812 lectio
2187 5763 2426 5827 pixstct,
2459 5749 2558 5810 suo
2589 5749 3130 5822 l'oco'indagabimus.
