4108 6204
526 321 628 376 ιϐῚ

1195 321 1457 378 EUSEBII
1497 319 1966 377 CASSABIENSIS
2002 321 2151 377 OPP.
2193 321 2370 376 PARS
2407 323 2498 377 lll.
2545 351 2613 362 --
2653 320 3061 376 EXEGETICA.

3653 320 3762 375 468

523 437 872 508 corruptione
911 453 1137 492 vacuum
1187 449 1309 493 est:
1349 411 1527 510 neque
1563 441 1668 495 tale
1699 441 1975 510 quidpiam
2027 445 2072 496 in

2182 441 2333 493 λειαν
2353 458 2367 470 ·
2398 440 2460 492 τὸ
2483 439 2539 492 δὲ
2568 441 2699 510 ἐμὸν
2728 440 2887 511 ἔργον
2912 440 3236 512 ἀδιάφθορον
3267 442 3500 509 πέφυκε·
3531 438 3622 491 καὶ
3641 430 3760 490 uti?)

523 541 688 596 Opere
719 543 837 582 meo
868 527 1170 596 reperiatur
1196 530 1338 598 quod
1369 541 1682 600 corrumpat
1726 543 1781 586 et
1810 533 2082 603 disperdat

522 617 675 672 illud.

603 731 758 786 Vens.
793 731 978 788 15-17.
1013 751 1031 784 ι
1073 733 1210 789 Ecce
1241 734 1497 804 proselyti
1529 737 1785 791 accedent
1813 737 1878 790 ad
1911 749 1963 790 te
1991 753 2085 804 per

520 839 631 887 me,
673 834 726 876 et
753 823 942 880 incola:
984 824 1058 880 tui
1091 835 1273 893 erunt,
1306 837 1359 881 et
1390 827 1458 882 ad
1489 837 1538 883 te
1568 813 1898 900 confugient.
1947 830 2082 884 Ecce

521 929 619 984 ego
650 915 832 970 creavi
883 926 958 984 te,
1007 932 1114 971 non
1163 906 1304 972 sicut
1342 920 1567 974 aerarius
1609 919 1830 976 sumans
1862 939 2077 992 prunas,

519 1016 574 1058 et
602 1007 840 1061 educens
874 1022 968 1061 vas
999 1008 1051 1061 in
1083 1023 1216 1076 opus
1245 1027 1260 1061 :
1306 1026 1407 1078 ego
1440 1020 1618 1065 autem
1655 1014 1831 1066 creari
1872 1024 1943 1078 te,
1977 1032 2081 1068 non

520 1105 578 1148 nt
609 1096 829 1150 interitu
861 1096 1166 1166 perderem.
1203 1098 1373 1162 Onme
1407 1117 1521 1164 vas,
1562 1106 1703 1173 quod
1761 1103 1958 1160 factum
1999 1119 2082 1160 est

519 1194 704 1238 contra
746 1195 796 1237 te
829 1225 846 1248 ,
893 1201 998 1242 non
1047 1203 1371 1257 prosperare
1402 1188 1628 1245 faciam:
1669 1205 1726 1248 et
1769 1197 1946 1249 omnis
1981 1213 2080 1250 vox

520 1277 758 1346 insurget
809 1294 971 1348 super
1013 1289 1064 1333 te
1103 1281 1157 1334 in
1200 1281 1485 1348 judicium.
1520 1282 1720 1341 Omnes
1750 1301 1844 1342 eos
1874 1289 2078 1351 vinces,

517 1379 572 1422 et
606 1380 766 1425 erunt
796 1373 1013 1426 obnoxii
1058 1374 1137 1427 tui
1177 1374 1226 1428 in
1274 1391 1361 1430 co.
1406 1395 1423 1427 ι
1472 1377 1600 1431 Post
1634 1381 1943 1448 prtemissos
1981 1381 2082 1436 Ec-

518 1460 695 1516 clesia}
721 1456 962 1530 ordines,
991 1467 1292 1536 proselytos
1323 1482 1418 1522 eos
1447 1484 1574 1523 esse
1600 1470 1819 1532 dixeris,
1849 1473 1938 1542 qni
1967 1489 2083 1542 ger—

517 1553 664 1607 mani
698 1563 750 1606 et
779 1552 979 1608 sinceri
1025 1571 1127 1609 nou
1176 1567 1322 1622 sunt,
1369 1575 1541 1628 neque
1581 1577 1711 1631 pure
1757 1564 1809 1617 in
1843 1566 2081 1620 multitu—

515 1642 641 1696 dine
687 1652 1019 1712 procedunt:
1063 1664 1200 1717 quos
1251 1652 1708 1720 peregrinaturos.
1763 1670 1871 1710 non
1903 1669 2077 1712 autem

513 1733 857 1790 habitatnros
888 1751 1008 1791 esse
1047 1740 1121 1792 ait
1154 1741 1206 1804 in
1243 1755 1304 1796 ea
1328 1781 1342 1805 ,
1377 1744 1502 1812 quia
1549 1746 1704 1814 quasi
1753 1747 1804 1801 in
1851 1753 2076 1804 transitu

511 1837 632 1878 eam
671 1827 914 1881 adibunt.
951 1847 969 1879 ι
1003 1829 1093 1884 Est
1123 1833 1409 1889 lncreditas
1441 1838 1801 1894 servientibus
1831 1839 2076 1908 Domino,

513 1924 570 1969 et
599 1928 695 1970 vos
727 1918 884 1972 eritis
909 1920 1038 1973 mibi
1063 1921 1221 1990 justi,
1257 1925 1389 1979 dicit
1423 1925 1705 1983 Dominus.
1743 1948 1764 1982 ι
1796 1931 1955 2000 quue
1984 1937 2078 1988 ad-

517 2008 734 2062 modum
777 2025 1178 2082 congruenter:
1223 2034 1344 2070 nam
1393 2031 1515 2087 post
1552 2024 1828 2090 praemissa
1862 2027 2076 2090 omnia,

517 2098 660 2152 illam
700 2100 753 2153 in
797 2102 975 2158 futuro
1021 2107 1218 2160 sacculo
1249 2112 1538 2178 repositam
1573 2115 1939 2171 hereditatem
1968 2136 2080 2173 me-

514 2205 727 2246 morare
758 2210 892 2261 opus
925 2207 1062 2250 erat.
1091 2197 1347 2262 Quzenam
1386 2202 1472 2255 illa
1511 2203 1693 2270 fuerit,
1719 2208 1820 2259 nisi
1843 2222 2074 2278 regnum

511 2283 794 2346 calorum,
824 2299 878 2339 et
920 2289 1024 2341 vita
1068 2293 1307 2345 interna?

1116 2449 1340 2505 CAPUT
1391 2454 1493 2507 LV.

580 2579 742 2638 Vens.
778 2584 889 2637 1-5.
933 2603 952 2636 ι
990 2586 1270 2654 Sitientes,
1319 2590 1389 2645 ite
1417 2593 1482 2644 ad
1513 2607 1731 2660 aquam,
1768 2606 1822 2650 et
1849 2598 1939 2665 qui
1973 2615 2074 2651 non

509 2671 726 2729 habetis
755 2686 1066 2746 argentum,
1097 2693 1288 2735 euntes
1317 2684 1502 2745 emite,
1538 2695 1594 2739 et
1637 2689 1902 2744 comedite
1942 2693 2076 2745 abs-

509 2780 616 2834 que
673 2777 897 2837 argento
949 2769 1131 2825 vinum
1176 2782 1229 2826 et
1271 2774 1505 2843 adipem.
1553 2776 1734 2842 Quare
1774 2783 2076 2850 expenditis

510 2869 812 2925 argentum,
865 2870 918 2914 et
960 2861 1195 2916 laborem
1249 2874 1517 2932 vestrum,
1565 2885 1670 2924 non
1719 2872 1770 2926 in
1820 2873 2075 2930 saturita-

510 2947 659 3002 tem?
693 2950 886 3004 Audite
923 2966 1025 3015 me,
1073 2963 1129 3006 et
1163 2953 1307 3009 vivet
1345 2957 1395 3008 in
1444 2957 1596 3013 bouis
1652 2961 1826 3016 anima
1873 2978 2073 3031 vestra,

508 3047 566 3092 et
619 3043 949 3097 constituam
1003 3047 1154 3101 vobis
1213 3058 1594 3106 testamentum
1644 3056 2072 3124 sempiternum,

2187 530 2424 584 τοιοῦτον
2451 531 2798 601 εὑρεθήσεται
2847 532 2939 584 ἐπὶ
2973 530 3066 584 τοῦ
3114 529 3249 600 ἐμοῦ
3297 530 3479 602 ἔργου,
3521 528 3596 592 ὠς
3641 528 3758 582 δια-

2195 620 2415 691 φθεῖραι
2441 622 2534 674 καὶ
2562 620 2822 674 ἀπολέσαι
2854 621 2984 673 αὐτό

2265 755 2282 784 ι
2329 734 2456 787 Ἰδοὺ
2506 734 2831 805 προσήλυτοι
2884 734 3329 806 προσελεύσονταί
3365 751 3447 788 σοι
3489 734 3557 786 δι’
3603 731 3761 804 ἐμοῦ,

2190 825 2280 877 καὶ
2307 825 2698 896 παροικήσουσί
2755 841 2856 888 σοι,
2911 825 3004 876 καὶ
3045 825 3135 876 ἐπὶ
3194 825 3252 878 σὲ
3307 822 3758 894 καταφεύξονται.

2201 916 2330 970 Ἰδοὺ
2372 915 2481 985 ἐγὼ
2545 916 2734 970 ἔκτισά
2783 933 2862 981 σε,
2910 916 3006 986 οὐχ
3041 916 3116 980 ῶς
3157 917 3390 986 χαλκεὺς
3427 915 3610 985 φυσῶν
3665 913 3760 970 ἄν-

2190 1007 2414 1078 θρακας,
2439 1007 2530 1060 καὶ
2551 1007 2796 1079 ἐκφέρων
2824 1005 3013 1069 σκεῦος
3041 1008 3119 1069 εἰς
3147 1006 3330 1078 ἔργονο
3357 1005 3466 1076 ἐγὼ
3486 1003 3530 1060 δ’
3569 1005 3764 1061 ἔκτισᾶ

2190 1115 2267 1161 σε,
2308 1100 2408 1151 οὐκ
2437 1100 2515 1160 εἰς
2545 1097 2816 1150 ἀπώλειαν
2848 1097 3082 1168 φθεῖραι.
3109 1097 3221 1149 Πᾶν
3247 1096 3439 1161 σκεῦος
3463 1094 3760 1151 σκευαστὸν

2187 1184 2281 1236 ἐπὶ
2315 1184 2394 1247 σὲ,
2426 1185 2524 1237 οὐκ
2566 1183 2840 1237 εὐοδώσω·
2895 1185 2987 1238 καὶ
3017 1187 3164 1238 πᾶσα
3201 1186 3351 1256 φωνή
3396 1187 3760 1258 ἀναστήσεται

2187 1275 2278 1328 ἐπὶ
2321 1276 2379 1328 σε
2425 1279 2501 1339 εἰς
2551 1276 2746 1346 κρίσιν.
2787 1277 2999 1341 Πάντας
3049 1277 3244 1338 αὐτοὺς
3276 1277 3652 1348 ήττήσειςοιοί
3699 1277 3765 1330 δὲ

2188 1370 2358 1438 ἔνοχοί
2396 1387 2486 1421 σου
2529 1369 2738 1423 ἔσονται
2779 1370 2835 1422 ἐν
2865 1371 3023 1441 αὐτῇ.
3056 1390 3073 1422 ι
3105 1371 3290 1433 Εἵποις
3317 1369 3360 1422 δ’
3386 1368 3452 1422 ἂν
3490 1367 3760 1442 προσηλύ-

2176 1477 2309 1524 -τους
2336 1461 2470 1531 μετά
2491 1459 2560 1513 τὰ
2583 1461 2945 1533 προλεχθὲντα
2968 1463 3067 1531 τῆς
3095 1461 3413 1532 Ἐκκλησίας
3435 1461 3755 1532 πράγματα,

2187 1552 2311 1615 τοὺς
2331 1553 2391 1604 ού
2412 1552 2684 1621 γνησίους,
2715 1551 2832 1604 οὐδὲ
2859 1551 3115 1623 καθαρῶς
3137 1545 3536 1625 προὸόάλοντας
3558 1554 3615 1606 ὲν
3643 1556 3757 1616 τοῖς

2187 1643 2478 1715 πλήθεσιν·
2511 1643 2604 1706 οὒς
2643 1645 2736 1696 καὶ
2777 1646 3152 1715 παροικήσειν,
3192 1643 3305 1698 ἀλλ’
3330 1644 3388 1696 οὐ
3414 1646 3763 1716 κατοικήσειν

2188 1739 2351 1808 φησὶν
2365 1737 2551 1807 αὐτὴν,
2564 1736 2650 1789 διὰ
2675 1736 2735 1788 τὸ
2764 1737 2837 1799 ὼς
2853 1737 2910 1788 ὲν
2925 1737 3139 1807 παρόδῳ
3156 1736 3423 1804 ποιεῖσθαι
3439 1737 3634 1801 αὐτοὺς
3655 1737 3755 1808 τὴν

2115 1817 2153 1870 Β
2180 1827 2402 1882 εἴσοδον.
2433 1848 2451 1879 1
2485 1829 2636 1882 Ἔστι
2666 1827 2996 1899 κληρονομία
3015 1831 3129 1891 τοῖς
3142 1827 3501 1900 θεραπεύουσι
3527 1828 3754 1900 Κύριον,

2182 1921 2275 1974 καὶ
2304 1923 2458 1988 ὑμεῖς
2483 1919 2670 1973 ἔσεσθέ
2698 1937 2784 1990 μοι
2818 1919 3030 1986 δίκαιοι,
3068 1919 3211 1988 λέγει
3251 1919 3450 1991 Κύριος
3469 1937 3483 1949 ·
3509 1939 3528 1971 ›
3549 1920 3754 1990 σφόδρα

2179 2012 2512 2075 ἀκολούθως-⁸
2551 2011 2686 2082 μετά
2724 2011 2833 2082 γὰρ
2862 2011 2928 2064 τά
2960 2011 3322 2082 προλεχθέντα
3353 2011 3549 2074 πάντα,
3585 2010 3754 2080 ἐχρῆν

2179 2104 2484 2174 ὑπομνῆσαι
2527 2104 2622 2155 καὶ
2650 2102 2748 2171 τῆς
2780 2102 3101 2172 ἐγκειμένης
3130 2103 3186 2156 ὲν
3215 2101 3294 2174 τῷ
3324 2101 3568 2173 μέλλοντι
3596 2101 3752 2154 αίῶνι

2179 2193 2555 2264 κληρονομίας.
2597 2193 2693 2255 Τίς
2721 2193 2763 2245 δ’
2794 2191 2858 2245 ἂν
2897 2192 3104 2260 γένοιτο
3136 2193 3414 2264 αύτηοάλλ’
3442 2196 3476 2264 ή
3508 2191 3758 2263 βασιλεία

2176 2284 2282 2336 τῶν
2307 2284 2550 2354 οὐρανῶν
2577 2283 2671 2337 καὶ
2700 2282 2815 2353 ζωὴ
2843 2284 3086 2350 αίώνιος;

2683 2443 3076 2496 ΚΕΦΑΛΑΙΟΝ
3104 2443 3228 2494 NE'.

2255 2594 2272 2624 ι
2314 2576 2377 2627 Οἱ
2416 2574 2696 2643 διψῶντες,
2747 2573 3040 2648 πορεύεσθε
3070 2574 3152 2644 ἔφ’
3195 2573 3358 2646 ὕδωρ,
3391 2574 3484 2628 καὶ
3533 2577 3646 2628 ὅσοι
3674 2576 3757 2648 μή

2178 2665 2327 2735 ἔχετε
2357 2665 2640 2738 ἀργύριον,
2688 2665 3002 2737 βαδίσαντες
3040 2667 3366 2738 ἀγοράσατε,
3418 2669 3510 2720 καὶ
3547 2667 3756 2736 φάγετε.

2176 2758 2302 2812 ἀνευ
2329 2759 2590 2831 ἀργυρίου
2629 2753 2769 2811 οἶνον
2810 2757 2904 2811 καὶ
2948 2757 3133 2829 στέαρ.
3166 2758 3282 2810 Ἵνα
3309 2757 3362 2810 τί
3395 2757 3622 2828 τιμᾶσθε
3650 2758 3752 2830 ἀρ-

2175 2850 2386 2923 γυρίου,
2415 2851 2508 2903 καὶ
2553 2851 2646 2903 τὸν
2676 2849 2874 2920 μόχθον
2920 2848 3074 2920 ὑμῶν
3124 2848 3224 2902 ούκ
3285 2850 3366 2910 είς
3394 2848 3753 2919 πλησμονήν;

2189 2943 2477 2997 Ἀκούσατέ
2513 2962 2637 3015 μου,
2663 2943 2756 2997 καὶ
2778 2940 3004 3014 ζήσεται
3025 2944 3080 2994 ὲν
3101 2940 3324 3010 ἀγαθοῖς
3346 2944 3380 3013 ἡ
3399 2941 3547 3013 ψυχὴ
3570 2941 3752 3012 ὑμῶν,

2178 3035 2270 3088 καί
2288 3035 2612 3106 διαθήσομαι
2644 3036 2770 3106 ὑμῖν
2797 3034 3061 3106 διαθήκην
3088 3032 3326 3101 αἰώνιον,
3350 3030 3419 3086 τὰ
3443 3035 3563 3086 ὅσια
3584 3031 3756 3086 Δαυῖδ

507 3139 698 3184 sancta
750 3132 916 3189 David
963 3136 1164 3192 ﬁdelia.
1209 3159 1229 3190 ι
1266 3139 1323 3196 In
1375 3143 1477 3197 alia
1528 3119 1777 3199 stmlium-
1815 3119 2072 3205 confertis

2176 3126 2243 3180 τά
2274 3128 2459 3182 πιστά.
2487 3148 2506 3179 ο
2540 3128 2674 3199 Περὶ
2703 3127 2868 3198 ἔτερα
2896 3125 3305 3198 ἀσχολούμενοι,
3329 3125 3387 3194 ἐξ
3414 3119 3488 3180 ὧν
3507 3127 3607 3179 ούκ
3629 3125 3750 3178 ἔστι

509 3230 774 3288 vestrum,
806 3237 875 3277 ex
899 3226 1097 3294 quibus
1137 3245 1242 3284 non
1278 3243 1451 3300 potest
1492 3234 1672 3288 anima
1702 3239 1953 3303 enutriri,
1990 3259 2076 3296 ne-

508 3325 614 3402 que
648 3313 770 3402 cibo
799 3317 865 3370 ad
913 3319 1251 3377 saturitatem
1301 3324 1426 3380 frui.
1482 3327 1684 3385 Praeter
1727 3331 1872 3386 enim
1913 3349 2073 3402 snpe—

515 3399 628 3454 rius
654 3401 820 3469 dicta,
857 3407 1121 3463 bonorum
1155 3427 1379 3482 operum
1407 3430 1576 3484 spem,
1617 3399 2078 3486 divinumque-ci-

508 3491 682 3559 bum,
717 3496 1132 3567 obsequentium
1176 3505 1372 3560 animis
1419 3511 1712 3577 repositum
1763 3513 1915 3568 dicit.
1955 3515 2070 3569 Non

504 3585 651 3640 ornitn
678 3590 1025 3659 corporibus,
1068 3596 1192 3660 sed,
1232 3608 1290 3650 ut
1336 3602 1684 3671 perspicuum
1713 3616 1818 3670 est,
1868 3607 2073 3661 anima-

507 3677 632 3742 bus,
661 3678 966 3737 futurorum
1011 3686 1271 3742 bonorum
1316 3706 1512 3748 umnus
1543 3696 1792 3764 porrigit.

577 3785 741 3863 Vens.
777 3791 831 3854 4,
858 3793 910 3848 5.
955 3813 978 3844 ι
1018 3795 1160 3852 Ecce
1188 3801 1554 3857 testimoniqu
1592 3807 1641 3858 in
1671 3805 1921 3877 gentibus
1952 3810 2073 3864 dedi

506 3893 676 3946 cuin,
709 3884 1008 3954 principem
1035 3899 1090 3943 et
1132 3894 1538 3960 prarcipieutem
1567 3900 1836 3968 gentibus.
1871 3900 2074 3957 Gentes

505 3986 626 4038 qua:
671 3977 986 4033 nesciebant
1021 3991 1096 4046 te,
1143 3983 1472 4042 invocabant
1522 4000 1610 4057 te;
1649 4001 1704 4044 et
1753 3993 1934 4062 populi
1981 3998 2068 4065 qui

506 4063 762 4131 ignorant
801 4079 872 4137 te,
933 4074 999 4128 ad
1049 4085 1100 4130 te
1137 4078 1452 4150 confugient
1504 4091 1726 4152 propter
1787 4063 2069 4141 Dominum

510 4153 682 4211 Deum
717 4169 890 4225 tuum,
933 4176 1183 4221 sanctum
1215 4167 1403 4235 lsrael,
1435 4172 1563 4241 quia
1593 4172 1914 4242 gloriﬁcavit
1937 4186 2009 4230 te.
2039 4195 2065 4230 ›

504 4247 703 4318 Ecquis
757 4267 864 4307 non
916 4263 1132 4325 stupeat
1179 4261 1448 4317 sermonis
1493 4275 1773 4329 eVentnm,
1819 4267 2004 4322 videns
2038 4284 2068 4321 a

503 4339 723 4397 Christo
762 4343 853 4400 Dei
899 4362 996 4417 per
1025 4359 1194 4404 totum
1242 4356 1427 4409 orbem
1476 4355 1814 4414 Christianos
1863 4376 2069 4414 nuncu-

505 4435 666 4504 pari?
693 4436 760 4492 Et
794 4439 895 4493 hoc
926 4440 1029 4495 erit
1058 4441 1164 4498 illis
1200 4455 1459 4502 asternum
1491 4449 1707 4514 salutis,
1749 4466 1868 4520 qua:
1897 4467 1927 4505 a
1963 4453 2069 4508 Deo

501 4539 615 4594 est,
647 4530 886 4600 signum.
930 4535 1073 4602 quod
1111 4552 1307 4591 nomen
1339 4538 1553 4595 Domini
1602 4543 1704 4597 sibi
1733 4545 2068 4612 adscribent,

501 4620 556 4673 iu
587 4631 847 4675 aeternum
882 4640 1396 4696 perseveraturum,
1449 4649 1548 4688 nec
1592 4651 1828 4704 unquam
1859 4638 2067 4692 desitu-

505 4729 628 4769 rum
657 4733 672 4770 :
710 4731 839 4773 nam
865 4720 1003 4774 dona
1040 4721 1129 4778 Dei
1162 4723 1282 4778 sine
1321 4727 1640 4794 pomitentia
1669 4738 1818 4783 sunt.

572 4876 739 4934 VEIS.
772 4879 926 4936 6-12.
963 4899 980 4932 ι
1006 4881 1240 4948 Quaerite
1273 4883 1580 4952 Dominum,
1604 4895 1658 4941 et
1679 4903 1812 4959 .cum
1852 4889 2068 4943 invene-

502 4969 624 5024 ritis
664 4985 810 5034 eum,
844 4971 1114 5027 invocate.
1162 4975 1390 5040 Quando
1442 4989 1620 5032 autem
1663 4980 2065 5050 appropinqua-

501 5061 642 5115 verit
673 5062 740 5115 ad
767 5078 886 5126 vos,
925 5064 1262 5133 derelinquat
1308 5067 1506 5138 impius
1553 5071 1669 5123 vias
1710 5086 1860 5138 suas,
1899 5081 1952 5126 et
1985 5076 2066 5128 vir

499 5151 721 5221 iniquus
745 5154 975 5209 consilia
1022 5170 1119 5209 sua
1146 5173 1165 5222 ;¹
1192 5166 1247 5210 et
1273 5169 1623 5215 convertatur
1655 5163 1721 5216 ad
1753 5161 2060 5227 Domimnn,

501 5253 557 5297 et
587 5245 1018 5302 misericordiam
1049 5262 1415 5320 consequetur
1440 5271 1456 5307 :
1496 5255 1854 5324 quia-multus
1879 5257 1981 5312 erit
2008 5259 2061 5310 iu

500 5335 839 5391 dimittendis
871 5341 1112 5408 peccatis
1134 5343 1346 5397 vestris.
1385 5343 1570 5414 Neque
1601 5346 1746 5400 enim
1779 5355 1904 5400 sunt
1933 5362 2062 5400 oeti-

498 5428 626 5486 silia
651 5441 797 5493 mea.
821 5434 964 5488 sicut
992 5435 1222 5492 consilia
1252 5446 1452 5502 vestra,
1484 5453 1587 5494 nec
1611 5439 1712 5493 viae
1740 5453 1893 5505 meae,
1923 5439 2066 5494 sicut

501 5526 602 5578 via:
638 5539 860 5594 vesme,
919 5529 1052 5584 dicit
1109 5530 1390 5586 Dominus.
1439 5531 1545 5587 Sed
1588 5541 1846 5602 quantum
1901 5532 2068 5587 distat

497 5614 694 5674 calum
724 5633 752 5671 a
785 5626 955 5684 terra,
1002 5631 1210 5676 tantum
1247 5622 1332 5676 via
1365 5638 1482 5678 mea
1530 5639 1560 5678 a
1609 5622 1714 5678 viis
1756 5626 1972 5691 vestris,
2013 5635 2067 5680 et

502 5709 862 5777 cogitationes
907 5722 1098 5766 vestra
1127 5729 1156 5766 a
1183 5715 1509 5783 cogitatione
1539 5731 1676 5771 mea.
1710 5715 1780 5772 Ut
1824 5719 1970 5771 enim
2020 5717 2064 5772 si

509 5800 794 5859 descendat
821 5803 1000 5873 pluvia
1025 5803 1091 5858 de
1120 5806 1283 5873 cwlo,
1317 5816 1372 5861 et
1413 5822 1520 5862 non
1565 5819 1862 5864 revertatur
1896 5812 2065 5866 donec

2172 3218 2346 3289 ψυχὴν
2371 3219 2664 3290 τραφῆναι,
2691 3218 2812 3270 οὐδὲ
2848 3220 2927 3282 είς
2954 3218 3270 3289 πλησμονὴν
3297 3218 3598 3272 ἀπολαῦσαι
3622 3234 3748 3290 τρο-

2173 3308 2299 3378 ιεῆς.
2338 3308 2478 3380 Πρὸς
2521 3309 2628 3379 γάρ
2668 3312 2780 3371 τοῖς
2812 3309 3096 3381 προτέροις
3139 3309 3232 3363 καὶ
3275 3307 3385 3361 τῶν
3414 3307 3587 3380 ἔργων
3612 3309 3749 3378 ἀγα-

2173 3399 2281 3452 θῶν
2299 3400 2508 3462 ἐλπίδα,
2535 3401 2626 3453 καὶ
2648 3399 2850 3471 τροφὴν
2867 3399 3046 3453 ἔνθεον
3068 3397 3453 3470 τεταμιεῦσθαί
3474 3399 3605 3469 φησι
3625 3403 3750 3464 ταῖς

2171 3489 2278 3542 τῶν
2302 3489 2557 3560 ὑπηκόων
2582 3489 2803 3559 ψυχαῖς.
2827 3489 2900 3541 Ob
2929 3489 3036 3559 γὰρ
3055 3491 3166 3551 τοῖς
3189 3483 3422 3559 σώμασι,
3448 3487 3755 3559 διαρρήδην

2171 3581 2226 3633 δὲ
2273 3583 2390 3644 ταῖς
2442 3580 2639 3650 ψυχαῖς
2683 3580 2779 3651 τὴν
2823 3578 2930 3631 τῶν
2977 3577 3278 3649 μελλόντων
3327 3577 3550 3646 ἀγαθῶν
3595 3579 3752 3632 δόσιν

2173 3673 2554 3746 προόἀλλεται.

2245 3804 2262 3836 ι
2303 3784 2433 3837 Ἰδοὺ
2463 3784 2760 3854 μαρτύριον
2786 3785 2844 3836 ἐν
2867 3763 3074 3835 ἔθνεσιν
3099 3781 3275 3835 ἔδωκα
3297 3781 3481 3845 αὑτὸν,
3509 3781 3747 3852 ἄρχοντα

2172 3875 2264 3926 καί¹
2306 3873 2713 3943 προστάσσοντα
2759 3871 2988 3927 ἔθνεσιν.
3040 3871 3211 3942 Ἐθνη
3253 3870 3288 3924 ἃ.
3320 3871 3417 3924 οὐκ
3457 3870 3629 3925 οἴδασί
3660 3889 3751 3937 σε,

2170 3966 2577 4021 ὲπικαλὲσονταί
2606 3983 2685 4030 σε,
2733 3966 2826 4019 καὶ
2849 3965 2968 4020 λαοὶ
2991 3965 3040 4019 οἳ
3066 3966 3171 4018 οὑκ
3194 3965 3512 4018 ἐπίστανταί
3539 3981 3620 4029 σε,
3649 3967 3745 4018 ἐπὶ

2173 4059 2231 4111 σὲ
2263 4057 2710 4128 καταφεύξονται,
2743 4057 2928 4111 ἕνεκεν
2957 4056 3161 4128 Κυρίου
3193 4054 3286 4107 τοῦ
3314 4054 3447 4108 Θεοῦ
3489 4072 3603 4119 σου,
3645 4057 3742 4109 τοῦ

2171 4148 2324 4216 ἁγίου
2357 4147 2606 4220 Ἰσραήλ,
2655 4149 2735 4200 ὅτι
2792 4146 3008 4213 ἐδόξασέ
3055 4162 3132 4199 σε.
3175 4165 3194 4195 ι
3243 4145 3354 4198 Καὶ
3406 4146 3489 4209 τίς
3530 4146 3628 4198 οὐκ
3675 4147 3753 4199 ἂν

2169 4240 2468 4311 ἐκπλαγείη
2501 4239 2596 4292 τοῦ
2629 4239 2788 4308 λόγου
2817 4238 2878 4291 τὸ
2903 4238 3270 4308 ἀποτέλεσμα,
3293 4237 3434 4309 ὁρῶν
3472 4237 3590 4292 καθ’
3615 4237 3744 4309 ὅλης

2169 4333 2266 4404 τῆς
2301 4333 2621 4402 οἰκουμένης
2660 4329 2772 4383 ἀπὸ
2814 4329 3048 4399 Χριστοῦ
3089 4329 3183 4382 τοῦ
3213 4329 3348 4383 Θεοῦ
3385 4331 3747 4402 Χριστιανοὺς

2170 4420 2764 4492 προσαγορευομένους;
2808 4417 2917 4472 Καὶ
2961 4417 3115 4470 τοῦτο
3146 4419 3330 4481 αὐτοῖς
3376 4417 3594 4471 ἔσεσθαι
3640 4434 3749 4488 ση-

2104 4503 2146 4558 ι)
2177 4514 2324 4583 μεῖον
2353 4511 2565 4565 αἰώνιον
2591 4509 2690 4579 τῆς
2716 4509 2868 4579 παρὰ
2895 4506 3012 4578 Θεῷ
3040 4509 3315 4579 σωτηρίας
3346 4509 3407 4562 τὸ
3439 4509 3743 4582 ἐπιγράφε-

2175 4601 2293 4654 σθαι
2345 4601 2406 4653 τὸ
2436 4600 2530 4653 τοῦ
2562 4600 2764 4670 Κυρίου
2810 4599 3000 4670 ὄνομα,
3044 4600 3182 4672 ὅπερ
3229 4601 3413 4664 αὐτοῖς
3461 4604 3538 4664 εἰς
3569 4601 3747 4655 αἰῶνα

2172 4693 2494 4764 παραμένει,
2527 4694 2622 4746 καί
2660 4693 2760 4747 οὐκ
2792 4691 3031 4762 ἐκλείψει
3062 4691 3312 4745 πώποτεο
3351 4693 3746 4764 ἀμεταμέλητα

2170 4784 2278 4856 γὰρ
2304 4783 2372 4837 τὰ
2409 4785 2726 4855 χαρίσματα
2753 4783 2845 4837 τοῦ
2876 4783 3013 4835 Θεοῦ
3044 4785 3321 4853 τυγχάνει.

2245 4913 2263 4943 ι
2292 4895 2570 4964 Ζητήσατε
2594 4893 2928 4968 τὸνΚύριον,
2953 4893 3045 4947 καὶ
3075 4894 3133 4946 ἐν
3160 4895 3237 4966 τῷ
3258 4884 3532 4967 εὑρίσκειν
3557 4897 3745 4965 αὐτὸν,

2169 4987 2583 5042 ὲπικαλέσασθε.
2628 4983 2820 5037 Ὶίνίκα
2841 4985 2885 5038 δ’
2913 4984 2977 5037 ἂν
3008 4985 3201 5059 ὲγγίζῃ
3223 4986 3369 5055 ὑμῖν,
3399 4987 3748 5042 ἀπολειπέτω

2169 5078 2198 5130 ὁ
2233 5075 2432 5148 ἀσεϐὴς
2461 5075 2558 5138 τὰς
2584 5075 2737 5136 ὁδοὺς
2763 5073 2948 5139 αὐτοῦ,
2974 5076 3068 5129 καὶ
3097 5075 3235 5147 ἀνὴρ
3273 5076 3469 5147 ἄνομος
3497 5076 3596 5142 τάς
3620 5077 3744 5148 βου-

2169 5165 2267 5230 λὰς
2298 5165 2483 5230 αὐτοῦ,
2535 5166 2628 5218 καὶ
2663 5165 3050 5236 ἐπιστραφήτω
3075 5166 3167 5218 ἐπὶ
3197 5166 3418 5237 Κύριον,
3453 5169 3544 5222 καὶ
3584 5168 3737 5239 ἐλεη-

2169 5258 2418 5330 θήσεταιο
2470 5259 2552 5311 ὃτι
2589 5259 2683 5312 ἐπὶ
2722 5259 2856 5313 πολὺ
2888 5260 3086 5330 ἀφήσει
3116 5259 3214 5322 τὰς
3256 5261 3530 5332 ἁμαρτίας
3562 5261 3735 5332 ὑμῶν.

2169 5350 2246 5402 Ού
2280 5350 2388 5420 γάρ
2414 5351 2551 5404 εἰσιν
2579 5351 2639 5404 αἱ
2663 5351 2848 5422 βουλαί
2876 5367 3001 5422 μου,
3031 5349 3217 5422 ὥσπερ
3246 5352 3304 5402 αί
3336 5352 3524 5422 βουλαὶ
3562 5352 3736 5424 ὑμῶν,

2168 5441 2275 5494 οὐδ’
2305 5440 2491 5514 ὥσπερ
2523 5444 2577 5496 αἱ
2611 5442 2720 5496 ὁδοὶ
2758 5443 2933 5514 ὑμῶν,
2966 5443 3023 5496 αἱ
3051 5441 3155 5511 ὁδοί
3187 5459 3308 5513 μου,
3336 5444 3484 5514 λέγει
3515 5445 3738 5518 Κύριος.

2179 5531 2316 5586 Ἀλλ’
2344 5532 2419 5597 ὡς
2449 5534 2645 5604 ἀπέχει
2662 5535 2702 5587 ’ὁ
2731 5533 2956 5604 οὐρανὸς
2986 5533 3094 5586 ἀπὸ
3119 5533 3218 5603 τῆς
3252 5533 3378 5605 γῆς,
3405 5535 3578 5616 οὕτως
3605 5535 3742 5588 ἀπέ-

2164 5643 2249 5698 χει
2283 5629 2315 5698 ή
2346 5627 2461 5690 ὁδός
2496 5645 2597 5697 μου
2627 5627 2735 5694 ἀπὸ
2771 5627 2876 5680 τῶν
2912 5625 3051 5680 ὁδῶν
3087 5627 3262 5698 ὑμῶν,
3297 5630 3389 5683 καὶ
3420 5631 3491 5683 τά
3525 5630 3742 5701 διανοή-

2167 5737 2309 5790 ματα
2337 5719 2489 5790 ὑμῶν
2518 5721 2624 5773 ἀπὸ
2647 5723 2743 5790 τῆς
2767 5719 3002 5782 διανοίας
3029 5737 3150 5790 μου.
3189 5721 3274 5796 Ὡς
3300 5722 3406 5797 γὰρ
3430 5723 3498 5778 ἀν
3521 5725 3734 5795 καταϐῇ

2163 5815 2190 5865 6
2216 5813 2364 5874 ὑετὸς
2403 5814 2462 5866 ἐκ
2513 5812 2603 5865 τοῦ
2636 5811 2886 5884 οὐρανοῦ,
2940 5813 3031 5865 καὶ
3063 5813 3123 5865 οὐ
3161 5813 3242 5885 μὴ
3273 5815 3595 5889 ἀποστραφῇ
3627 5816 3734 5883 ἕως
3771 5803 3800 5862 ἃ
