4108 6204
388 241 496 298 469

1308 229 1806 288 (ΖΟΜΜΕΝΤΑΒΙΑ
1847 229 1912 284 lN
1953 230 2204 287 lSAlAM.
2247 266 2316 275 -—
2348 234 2500 288 CAP.
2540 227 2676 288 LVI.

3524 231 3627 285 £70

378 357 445 412 ἂν
484 356 699 429 μεθύση
719 356 817 426 τὴν
842 355 965 425 γῆν,
983 353 1074 406 καὶ
1105 353 1326 423 ὲκτέκῃ,
1353 352 1446 404 καὶ
1473 348 1839 420 ὲκϐλαστήσῃ,
1865 352 1958 402 καὶ

2080 351 2288 406 nebriet
2335 360 2558 415 terram,
2587 360 2641 404 et
2695 348 2889 420 pariat,
2921 354 2976 402 et
3006 346 3300 416 germinet,
3327 355 3382 399 et
3417 344 3506 400 det
3540 362 3628 399 se-

341 449 456 535 ιὸᾦ
496 448 720 519 σπέρμα
746 444 820 518 τῷ
850 445 1145 516 σπείροντι,
1176 444 1271 497 καὶ
1299 444 1461 513 άρτον
1493 443 1573 503 εις
1608 439 1834 512 βρῶσιν·
1870 439 1958 493 οδ-

344 530 495 604 ἷτως
547 539 696 592 ἔσται
740 538 799 590 τὸ
847 536 999 608 ῥῆμά
1031 553 1155 606 μου,
1190 533 1218 586 ὅ
1252 533 1344 587 ὲάν
1378 531 1583 604 ἐξέλθῃ,
1611 532 1676 584 ὲκ
1711 530 1803 583 τοῦ
1836 531 1958 584 στό-

392 629 564 701 ματός
600 646 719 698 μου,
748 627 808 679 ού
838 625 913 697 μὴ
958 625 1306 695 ἀποστραφῇ,
1340 623 1444 683 ἓως
1482 620 1547 673 ἂν
1593 620 1817 693 τελεσθῇ
1860 623 1960 674 ὅσα

393 722 463 776 ἂν
487 720 735 791 ἠθέλησα.
768 719 877 770 Καὶ
904 715 1151 769 εύοδώσω
1189 714 1288 778 τὰς
1317 712 1469 776 ὁδούς
1499 729 1615 778 σου,
1647 714 1741 767 καὶ
1772 714 1840 766 τά
1879 714 1963 766 ὲν-

392 811 636 883 τάλματά
680 827 800 880 μου.
860 810 950 861 Ἐν
984 808 1092 879 γάρ
1123 806 1432 878 εὐφροσύνῃ
1472 803 1836 870 ὲξελεύσεσθε,
1871 804 1962 857 καὶ

394 905 452 958 ἐν
473 903 612 974 χαρᾷ
634 898 1041 971 διδαχθήσεσθε.
1074 896 1156 951 Τά
1182 897 1289 968 γάρ
1315 896 1413 968 ὅρη
1443 896 1536 949 καὶ
1574 896 1624 947 οἱ
1658 894 1835 965 βουνοί
1869 894 1960 959 ὲξο

391 993 636 1048 ἀλοῦνται
662 991 1084 1063 προσδεχόμενοι
1116 990 1258 1061 ὑμᾶς
1287 990 1345 1041 ὲν
1378 989 1539 1060 χαρᾷ.
1568 1008 1585 1040 ι
1609 989 1685 1041 Δι’
1713 981 1786 1042 ὧν
1813 983 1963 1057 οἶμαι

385 1085 639 1155 δυνάμεις
678 1082 1082 1154 συγχαιρούσας
1112 1085 1224 1145 τοῖς
1257 1082 1347 1134 ἐπὶ
1368 1081 1470 1152 γῆς
1520 1078 1835 1151 μετανοοῧσι
1866 1079 1950 1148 δη-

383 1176 628 1232 λοῦσθαι.
675 1197 693 1228 ι
718 1177 830 1231 Καὶ
859 1177 1036 1230 πάντα
1057 1180 1124 1228 τά
1148 1174 1277 1241 ξύλα
1301 1174 1394 1227 τοῦ
1420 1171 1591 1244 ἀγροῦ
1615 1173 1963 1243 ὲπικροτήσει

378 1272 495 1332 τοῖς
524 1267 759 1331 κλάδοις.
791 1287 809 1320 ι
834 1267 976 1320 Ξύλα
1003 1266 1058 1318 δὲ
1081 1264 1174 1317 τού
1202 1263 1373 1335 ἀγροῦ
1405 1260 1795 1334 ὲπικροτοῦντα
1828 1258 1960 1313 κλά-

380 1361 493 1423 δοις
523 1358 666 1430 τάχα
698 1376 800 1411 που
827 1360 882 1411 ai
914 1356 1248 1428 καρποφόροι
1279 1350 1388 1407 εἷεν
1416 1353 1479 1407 ἂν
1509 1354 1701 1424 ψυχαὶ,
1738 1352 1961 1422 συγχαί-

386 1469 577 1525 ρουσαι
608 1453 730 1514 ταῖς
756 1450 862 1504 τῶν
892 1450 1106 1520 ἀνόμων
1131 1448 1329 1518 ψυχαῖς
1352 1445 1803 1517 ὲπιστρεφούσαις
1833 1443 1967 1515 πρὸς

384 1544 615 1617 Κύριον.

463 1655 483 1688 ί
521 1636 629 1688 Καὶ
671 1634 790 1689 ἀντὶ
836 1635 931 1705 τῆς
986 1633 1200 1703 στοιϐἦς
1232 1632 1560 1702 ἀναϐήσεται
1606 1630 1961 1701 κυπάρισσος,

2061 459 2183 499 men
2227 443 2534 508 seminanti,
2563 453 2619 498 et
2659 456 2849 508 panem
2899 440 2966 495 ad
3008 439 3370 503 vescendum;
3416 439 3493 491 sic
3526 439 3631 491 erit

2061 536 2279 589 verbum
2309 550 2511 598 meum,
2536 534 2892 605 quodcunque
2919 531 3113 586 exierit
3138 532 3204 584 de
3228 544 3323 584 ore
3346 543 3489 593 meo,
3518 544 3626 583 non

2061 638 2385 693 revertetur,
2412 629 2581 684 donec
2608 626 2955 696 perlici-antur
2984 636 3319 692 quaecunque
3341 620 3625 676 voluerim.

2063 719 2129 774 Et
2158 734 2442 788 prosperas
2470 719 2664 775 faciam
2699 720 2814 773 vias
2844 726 2962 771 tuas
3004 725 3055 769 et
3087 722 3350 784 praecepta
3390 728 3529 767 mea.
3566 716 3625 767 lu

2062 810 2242 867 laetitia
2266 812 2408 867 enim
2445 811 2795 882 egrediemini
2817 852 2832 874 ,
2874 820 2928 864 et
2961 810 3013 863 in
3049 807 3243 878 gaudio
3284 805 3627 861 docebimini.

2065 906 2273 961 Montes
2298 905 2437 958 enim
2464 914 2519 960 et
2552 903 2723 959 colles
2753 903 3003 957 exsilient
3027 899 3354 968 excipientes
3386 912 3478 950 vos
3503 912 3624 950 cum

2064 999 2277 1069 gaudio.
2321 1017 2340 1050 ι
2380 996 2544 1063 Queis
2599 996 2852 1051 existimo
2888 991 3179 1064 significari
3220 991 3472 1053 virtutes,
3509 1003 3628 1058 qua:

2064 1094 2131 1148 de
2162 1091 2548 1161 paenitentibus
2598 1090 2649 1144 in
2696 1099 2837 1143 terra
2887 1087 3155 1140 laetantur.
3187 1102 3207 1136 ι
3260 1083 3325 1137 Et
3356 1083 3531 1136 omnia
3565 1082 3628 1136 Ii-

2065 1200 2167 1254 gna
2197 1183 2311 1254 agri
2345 1181 2671 1253 applaudent
2705 1181 2890 1235 ramis.
2934 1198 2953 1231 D
2990 1178 3155 1247 Ligna
3192 1176 3304 1246 agri
3352 1173 3515 1229 ramis
3541 1189 3635 1242 ap-

2065 1275 2391 1345 plaudentia,
2424 1273 2652 1328 fortasse
2708 1272 2909 1327 fuerint
2940 1272 3135 1325 anima:
3161 1267 3473 1332 fructiferm,
3518 1282 3635 1333 qua:

2065 1365 2132 1421 de
2162 1367 2447 1421 animabus
2473 1366 2762 1435 impiorum
2798 1365 2865 1418 ad
2901 1363 3184 1425 Dominum
3222 1360 3632 1423 revertentibus,
3714 1428 3717 1436 ι

2069 1462 2250 1516 laetitia
2283 1462 2578 1529 replentur.

2139 1620 2300 1673 Vsus.
2333 1618 2421 1672 l5.
2454 1636 2471 1670 ι
2507 1617 2568 1672 Et
2601 1632 2697 1688 pro
2720 1618 2891 1673 stteba
2919 1618 3172 1672 ascendet
3203 1615 3534 1687 Cyparissus,
3582 1622 3639 1667 et

384 1729 510 1784 ἀντὶ
535 1729 593 1781 δὲ
620 1727 720 1798 τῆς
739 1727 966 1798 κονύζης
992 1725 1322 1796 ἀναϐήσεται
1379 1722 1633 1794 μυρσίνη.
1671 1721 1778 1772 Καὶ
1815 1719 1965 1771 ἔσται

2076 1726 2163 1778 pro
2195 1724 2394 1780 conyza
2431 1708 2683 1763 ascendet
2714 1716 2938 1779 myrtus.
2962 1707 3028 1763 Et
3051 1708 3154 1763 erit
3185 1705 3439 1761 Dominus
3466 1705 3518 1759 in
3544 1720 3641 1759 no-

386 1822 591 1894 Κύριος
623 1823 703 1887 είς
724 1822 914 1891 ὄνομα,
952 1820 1046 1873 καὶ
1076 1820 1154 1882 είς
1178 1820 1398 1888 σημεῖον
1441 1812 1655 1868 αἰώνιον
1675 1855 1691 1878 ,
1725 1814 1818 1867 καὶ
1867 1812 1965 1865 ούκ

387 1913 651 1983 ἔκλείψει.
688 1933 706 1964 ι
741 1910 1140 1982 Ἀλληγορικῶς
1158 1910 1214 1963 δὲ
1244 1909 1333 1962 διά
1355 1906 1559 1960 τούτων
1589 1906 1830 1977 ᾐνίττετο
1869 1903 1965 1973 τὴν

386 2005 497 2059 ἀπὸ
525 2002 635 2055 τῶν
655 2002 911 2073 χειρόνων
938 2001 1029 2054 ἐπὶ
1053 1999 1122 2053 τά
1143 1998 1375 2070 κρείττω
1408 1995 1515 2049 τῶν
1547 1994 1734 2066 ψυχῶν
1759 2008 1965 2064 καρπο-

389 2094 619 2165 σρορίαν⁸
656 2094 712 2147 αἳ
746 2094 916 2146 πᾶσαι
953 2091 1050 2162 μὲν
1081 2085 1219 2162 ἦσαν
1252 2090 1310 2142 ὲν
1354 2087 1626 2158 ἀθεότητι,
1681 2086 1831 2139 οὐδὲν
1878 2084 1969 2153 γό-

388 2203 547 2255 νιμον
575 2184 694 2238 οὐδὲ
719 2184 988 2256 τρόφιμον
1019 2181 1242 2253 ἔφερον
1275 2181 1349 2244 ὡς
1407 2182 1464 2233 ὲν
1526 2180 1719 2250 ἐρήμῳ
1762 2177 1818 2231 δὲ
1874 2177 1969 2230 καὶ

387 2277 590 2349 χέρσῳ,
609 2277 702 2329 καὶ
731 2276 1066 2347 ἀγεωργήτῳ
1084 2272 1256 2345 χώρᾳ,
1307 2271 1524 2342 στοιϐὴν
1550 2271 1680 2342 ὕλης
1697 2270 1968 2341 ἀχρήστου

390 2370 487 2423 καὶ
518 2368 746 2433 κόνυζαν
777 2369 873 2439 τὴν
907 2366 1359 2436 δυσσεϐεστάτην,
1396 2366 1488 2418 καὶ
1515 2364 1786 2435 ἄχρηστον
1838 2378 1971 2413 παν-

388 2460 563 2523 τελῶς
598 2460 828 2531 βοτάνην
856 2458 1041 2528 ἔφυον.
1066 2458 1178 2511 Νῦν
1204 2459 1247 2511 δ’
1276 2459 1361 2511 ὅτε
1394 2458 1493 2527 τῆς
1527 2455 1675 2517 θείας
1712 2453 1970 2525 μετέσχον

390 2554 634 2624 χάριτος,
672 2550 934 2624 μυρσίνην
971 2549 1361 2621 εὐωδεστάτην,
1386 2549 1480 2601 καὶ
1512 2548 1609 2619 μὲν
1634 2544 1972 2616 ὑψηλοτάτην

393 2647 488 2703 καὶ
527 2646 685 2699 πάλιν
726 2644 896 2716 εὐώδη
930 2644 1267 2714 κυπάρισσον
1324 2638 1733 2711 ὲκαρποφόρουν
1761 2653 1774 2666 ·
1832 2633 1972 2688 κατά

392 2737 452 2792 δὲ
512 2738 604 2790 τὸν
658 2736 951 2809 Σύμμαχον
976 2776 990 2801 ,
1046 2753 1063 2786 ι
1118 2733 1261 2786 Ἀντί
1284 2730 1519 2801 στοιϐῆς,
1580 2730 1761 2799 φησὶν,
1846 2728 1974 2779 ἁνα-

394 2828 621 2901 ϐήσεται
652 2826 979 2899 βράθυ,ἀντὶ
1009 2824 1066 2878 δὲ
1101 2823 1278 2886 κνιδὸς
1311 2821 1641 2891 ἀναϐήσεται
1680 2816 1966 2889 μυρσίνη·›

394 2917 471 2981 ὠς
504 2919 551 2971 εί
586 2916 912 2988 σαφέστερον
944 2914 1189 2983 ἐλέγετο,
1239 2911 1381 2965 ’Δντὶ
1412 2909 1605 2972 κακίας
1646 2907 1974 2977 ἀναϐήσεται

395 3008 731 3078 δικαιοσύνη,
764 3008 855 3060 καὶ
882 3006 1001 3059 ἀντὶ
1028 3004 1322 3065 ἀκολασίας
1358 2999 1698 3073 σωφροσύνη,
1728 2999 1822 3051 καὶ
1855 2998 1974 3050 ἀντὶ

396 3100 631 3171 Θράσους
656 3100 895 3171 ἀνδρεία,
929 3098 1023 3150 καὶ
1042 3097 1163 3151 ἀντὶ⁸
1217 3094 1527 3166 ἀφροσύνης
1572 3092 1851 3163 φρόνησις,
1883 3090 1975 3142 καὶ
2002 3103 2045 3160 ρ

398 3188 730 3255 ἁπαξαπλῶς
758 3188 877 3241 ἀντὶ
912 3187 1177 3259 πονηρίας
1205 3188 1393 3259 ἀρετή.

906 3300 1299 3353 κεφΑΑΑιοΝ
1334 3300 1475 3367 Νςῖι.
1922 3354 1929 3361 ,

477 3395 668 3460 «Τάδε
722 3394 870 3462 λέγει
920 3391 1159 3462 Κύριος⁸
1222 3388 1563 3443 Φυλάσσεσθε
1630 3389 1830 3461 κρίσιν,
1882 3387 1976 3439 καὶ

358 3522 361 3523 ν
400 3488 658 3558 ποιήσατε
689 3480 1029 3552 δικαιοσύνην
1052 3497 1065 3510 ’
1099 3479 1293 3549 ἧγγικε
1339 3478 1444 3550 γάρ
1482 3477 1540 3529 τδ
1576 3476 1840 3547 σωτήριόν
1875 3491 1975 3544 μου

402 3575 820 3648 παραγίνεσθαι,
870 3573 962 3627 καὶ
1027 3575 1088 3627 τὸ
1149 3573 1292 3635 ἔλεός
1356 3588 1457 3642 μου
1509 3566 1974 3638 ἀποκαλυφθῆναι.

401 3669 687 3740 Μακάριος
745 3666 881 3740 ἀνὴρ
944 3668 972 3718 ό
1023 3664 1192 3719 ποιῶν
1245 3663 1435 3718 ταῦτα.
1492 3682 1509 3714 ι
1558 3660 1681 3724 Πῶς
1740 3661 1801 3713 ού
1874 3676 1975 3729 μα-

401 3761 596 3832 κάριος
651 3758 904 3821 τοιαύτας
956 3756 1189 3827 εἰληφὼς
1235 3755 1336 3818 τὰς
1392 3751 1755 3821 ὲπαγγελίας;
1808 3770 1824 3800 ι
1868 3750 1977 3803 Καὶ

400 3850 682 3924 ἄνθρωπος
740 3851 769 3902 ό
821 3848 1175 3919 ἀντεχόμενος
1231 3844 1429 3908 αὐτῶν,
1472 3845 1565 3897 καὶ
1598 3842 1883 3913 φυλάσσων
1911 3841 1981 3893 τά

400 3944 656 4001 Σάϐϐατα
705 3944 781 4014 μὴ
830 3939 1088 4011 βεϐηλοῦν
1115 3978 1130 4001 ,
1183 3937 1274 3991 καὶ
1304 3935 1617 4015 ,διατηρῶν
1686 3933 1784 3996 τὰς
1872 3936 1979 4003 χεῖ-

402 4052 506 4110 ρας
555 4032 720 4087 αύτοῦ
774 4033 847 4103 μὴ
880 4034 1046 4086 ποιεῖν
1089 4029 1270 4084 ἄδικα.
1326 4046 1344 4079 ι
1395 4028 1454 4079 '0
1480 4025 1589 4098 γὰρ
1611 4025 1784 4077 ταῦτα
1814 4022 1981 4077 ποιῶν

399 4128 501 4181 τοῦ
530 4128 681 4199 παρά
728 4125 860 4179 Θεοῦ
898 4121 1248 4196 μακαρισμοῦ
1301 4118 1496 4187 γένοιτ’
1556 4116 1622 4170 ἂν
1655 4116 1820 4182 ἄξιος.
1876 4115 1980 4166 Σὺν

400 4218 613 4283 τούτοις
643 4220 735 4271 καὶ
754 4217 822 4271 τά
850 4216 1101 4271 Σάϐϐατα
1125 4214 1199 4285 μὴ
1224 4208 1482 4283 βεϐηλοῦν
1504 4209 1796 4275 ἀναγκαῖον
1818 4224 1829 4236 ·
1848 4207 1983 4276 ὅπερ

2073 1816 2190 1853 men
2216 1808 2269 1851 et
2314 1799 2366 1851 in
2406 1798 2618 1866 signum
2670 1797 3081 1866 sempiternum,
3126 1808 3299 1867 neque
3333 1796 3563 1852 deficiet.
3613 1812 3632 1847 ι

2069 1889 2165 1944 His
2202 1888 2487 1959 allegorice
2513 1885 2819 1941 subindicat
2870 1886 3173 1940 animarum
3223 1902 3253 1939 a
3287 1886 3534 1955 pessimis
3571 1885 3638 1939 ad

2070 1974 2290 2028 meliora
2349 1973 2733 2027 revertentium
2792 1971 3216 2027 fecunditatem:
3252 1988 3372 2043 qum
3422 1973 3638 2043 quidem

2068 2064 2197 2118 olim
2236 2079 2424 2119 omnes
2470 2065 2522 2119 in
2578 2064 2854 2132 impietate
2889 2063 3265 2133 versabantur,
3307 2080 3369 2119 ac
3416 2065 3641 2119 nihilad

2070 2156 2495 2227 productionem,
2554 2157 2796 2225 nihilque
2826 2160 2893 2210 ad
2939 2171 3119 2211 escam
3174 2155 3304 2210 utile
3360 2154 3640 2221 ferebant;

2070 2246 2164 2300 sed
2194 2244 2347 2315 quasi
2389 2244 2439 2297 in
2481 2244 2692 2300 deserta
2726 2254 2780 2299 et
2824 2246 2974 2300 arida
3021 2260 3192 2315 neque
3219 2244 3359 2300 culta
3403 2243 3641 2313 regione,

2071 2340 2294 2395 stmbam
2327 2338 2528 2393 inutilis
2572 2340 2808 2394 materia:
2859 2348 2913 2394 et
2961 2354 3219 2409 conyzam
3271 2336 3641 2407 impiissimam

2071 2447 2397 2501 prorsusque
2430 2430 2635 2486 futilem
2660 2432 2880 2486 herbam
2906 2431 3297 2500 gern‘tinabant.
3334 2428 3487 2484 Nunc
3520 2445 3645 2485 vero

2073 2522 2567 2594 postquamdivina:
2603 2522 2788 2592 gratia:
2820 2533 3100 2578 consortes
3137 2522 3377 2587 fuerunt,
3409 2531 3643 2591 myrtum

2073 2615 2495 2676 suaveoleutem,
2537 2629 2742 2669 necnon
2798 2615 3151 2668 celsissimam
3199 2622 3253 2666 et
3328 2612 3495 2666 odore
3538 2611 3645 2663 fra-

2075 2719 2316 2778 grantem
2363 2707 2694 2777 cyparissum
2741 2706 3099 2770 emittebant;
3137 2704 3428 2759 secundum
3477 2703 3642 2773 Synt-

2077 2800 2326 2854 machum
2358 2787 2533 2853 autem
2570 2799 2786 2862 dicitur,
2828 2816 2846 2850 ι
2882 2797 2988 2851 Pro
3019 2796 3191 2851 stceba
3224 2794 3479 2849 ascendet
3523 2794 3646 2847 bra-

2077 2895 2194 2964 thy,
2225 2902 2279 2947 et
2327 2907 2423 2962 pro
2449 2892 2619 2946 urtica
2651 2892 2906 2947 ascendet
2937 2896 3171 2960 myrtus;
3210 2906 3229 2939 ι
3272 2900 3336 2940 ac
3371 2885 3415 2941 si
3447 2885 3647 2940 clarius

2079 2987 2302 3052 diceret,
2334 2983 2438 3038 Pro
2468 2983 2669 3039 malitia
2709 2983 2963 3037 ascendet
2998 2980 3228 3049 iustitia,
3263 2988 3318 3034 et
3361 2994 3458 3049 pro
3487 2978 3648 3036 lasci-

2078 3079 2163 3133 via
2193 3079 2565 3148 temperantia,
2619 3093 2716 3148 pro
2763 3074 2986 3130 audacia
3032 3074 3224 3137 virtus,
3282 3087 3380 3142 pro
3412 3071 3647 3126 amentia

2078 3171 2391 3241 prudentia;
2427 3178 2588 3240 atque
2620 3170 2673 3223 in
2715 3184 2945 3233 summa,
2976 3182 3073 3238 pro
3097 3164 3297 3220 malitia
3329 3164 3518 3219 virtus.

2670 3279 2895 3336 CAPUT
2935 3277 3069 3334 LVI.

2148 3378 2308 3432 Vens.
2325 3374 2469 3440 1,24
2494 3373 2616 3429 Haac
2631 3374 2761 3427 dicit
2780 3371 3035 3425 Dominus
3054 3389 3069 3425 :
3086 3367 3650 3436 Custoditejudictum,

2078 3479 2132 3524 et
2167 3468 2325 3523 facite
2372 3467 2636 3536 justitiam
2689 3463 3182 3533 :appropinquavit
3232 3461 3375 3516 enim
3419 3460 3653 3515 salutare

2078 3577 2277 3625 meum,
2308 3571 2366 3614 ut
2395 3560 2593 3621 veniat,
2623 3566 2676 3611 et
2696 3554 3065 3610 misericordia
3092 3567 3234 3618 mea,
3266 3560 3325 3606 ut
3356 3550 3647 3606 reveletur.

2079 3656 2277 3711 Beatus
2308 3654 2389 3707 vir
2422 3651 2515 3722 qui
2547 3650 2680 3705 facit
2726 3649 2863 3706 haec.
2899 3666 2919 3698 ›
2964 3646 3068 3711 Qui
3094 3660 3198 3699 non
3243 3644 3432 3698 beatus
3460 3643 3651 3705 fuerit,

2079 3749 2171 3820 qui
2230 3746 2364 3801 tales
2416 3742 2798 3814 promissiones
2847 3738 3153 3806 acceperit?
3196 3755 3215 3788 ι
3250 3735 3316 3791 Et
3369 3734 3530 3792 homo
3552 3734 3652 3800 qui

2081 3842 2321 3898 adhaeret
2359 3838 2463 3901 eis,
2490 3846 2542 3890 et
2578 3835 2666 3906 qui
2693 3835 2946 3888 observat
2978 3828 3236 3893 Sabbata,
3288 3835 3348 3881 ut
3392 3840 3496 3880 non
3532 3838 3655 3892 pro-

2085 3939 2232 3989 fanet
2282 3946 2368 3994 ea,
2409 3937 2463 3984 et
2489 3936 2670 3983 servat
2697 3938 2887 3980 manus
2916 3937 3061 3986 suas,
3094 3936 3161 3975 ne
3202 3919 3363 3974 faciat
3396 3917 3596 3986 iniqua.
3630 3933 3650 3965 ι

2081 4027 2214 4083 Nam
2254 4026 2343 4095 qui
2374 4025 2489 4077 haec
2521 4020 2732 4082 fecerit,
2757 4016 2844 4070 illa
2870 4030 2987 4085 quae
3025 4030 3055 4067 a
3081 4013 3187 4070 Deo
3218 4021 3302 4068 est
3330 4008 3658 4065 beatitudine

2084 4121 2276 4191 dignus
2305 4131 2434 4171 sane
2473 4113 2652 4167 fuerit.
2702 4110 2784 4164 Ad
2836 4110 2949 4163 haec
2998 4108 3124 4161 item
3175 4102 3536 4160 necessarium
3576 4109 3657 4153 est

2088 4211 2325 4268 Sabbata
2368 4223 2470 4261 non
2526 4203 2728 4258 violare
2770 4199 2957 4269 :quod
2984 4199 3170 4268 utique
3214 4197 3341 4260 erit,
3372 4192 3416 4248 si
3467 4206 3657 4243 manus

404 4312 560 4365 ἔσται
593 4280 640 4364 εί
672 4310 769 4373 τὰς
800 4308 1008 4362 ἑαυτῶν
1029 4280 1495 4377 χεῖραςκαθαράς
1547 4299 1725 4365 πάσης
1777 4297 1975 4350 ἀτόπου

2088 4314 2292 4359 vestras
2314 4300 2380 4354 ab
2409 4298 2555 4352 omni
2596 4294 2811 4363 indigna
2841 4292 3054 4346 actione
3098 4304 3257 4358 puras
3284 4280 3657 4346 servaveritis;

405 4400 662 4473 πράξεως
685 4374 1080 4469 διατηρήσητεν·
1118 4374 1165 4473 εί
1197 4394 1253 4447 δὲ
1283 4391 1457 4446 ταῦτα
1490 4388 1564 4462 μὴ
1598 4385 1975 4457 ποιήσητε,ὲπ1

2088 4396 2132 4449 si
2164 4409 2294 4448 vero
2323 4393 2435 4445 haec
2463 4404 2563 4443 non
2594 4386 2835 4456 egeritis,
2879 4394 3042 4452 atque
3070 4383 3121 4436 in
3154 4381 3263 4435 otio
3296 4388 3350 4431 et
3384 4374 3660 4430 vacatione

408 4452 605 4563 σχολᾷ
633 4452 724 4543 καὶ
756 4452 954 4561 ἀργίάς
974 4452 1261 4555 ’διάγοντες
1291 4484 1390 4555 τὴν
1422 4452 1513 4536 τού
1546 4452 1819 4533 ὲαϐϐάτου
1859 4478 1891 4548 ἡ
1901 4475 1975 4547 μέ·

2093 4484 2311 4541 Sabbati
2349 4482 2490 4539 diem
2518 4478 2911 4549 transegeritis,
2944 4491 3039 4531 vos
3068 4474 3199 4529 nihil
3230 4471 3409 4531 facere
3449 4479 3659 4523 certum

410 4600 534 4656 ραν,
562 4583 672 4635 ῐστε
709 4581 770 4634 τὺ
802 4580 970 4650 μηθὲν
1003 4576 1296 4638 ποιοῦντες.

491 4692 511 4724 ι
538 4673 631 4741 Μὴ
676 4670 878 4738 λεγέτω
924 4670 954 4721 ό
1003 4664 1292 4735 ἀλλογενὴς
1328 4667 1358 4716 ὁ
1418 4661 1807 4734 προσκείμενος
1855 4655 1989 4727 πρὸς

408 4764 642 4835 Κύριονο
683 4763 922 4832 Ἀφοριεί
973 4776 1039 4828 με
1101 4757 1211 4830 ἄρα
1240 4755 1441 4826 Κύριος
1474 4754 1584 4807 άπὸ
1619 4751 1712 4805 τοῦ
1738 4748 1865 4803 λαοῦ
1895 4748 1991 4800 αύ-

407 4855 547 4921 τοῦ;
580 4876 599 4908 ι
632 4855 893 4908 διδάσκων
928 4854 1003 4923 μὴ
1041 4851 1184 4922 μέγα
1216 4850 1432 4920 φρονεῖν
1483 4845 1750 4899 Ἰουδαίων
1794 4839 1988 4901 παῖδας

409 4951 507 5005 ἀπὶ
532 4948 610 5020 τῷ
633 4949 815 5017 γένει,
852 4946 985 5018 μηδὲ
1030 4945 1123 4996 ἐπὶ
1180 4947 1291 5006 τοῖς
1343 4939 1681 5012 προπάτορσι
1730 4933 1987 5004 σεμνύνε-

412 5043 563 5098 σθαι.
605 5061 624 5094 ι
658 5043 767 5096 Καὶ
826 5040 901 5111 μὴ
943 5038 1148 5107 λεγέτω
1174 5038 1203 5088 ὁ
1226 5034 1481 5105 εὐνοῦχος
1502 5073 1517 5097 ,
1547 5032 1628 5085 ὅτι
1667 5027 1834 5081 Ξύλον
1878 5024 1989 5095 ἐγώ

418 5137 540 5205 ειμι
581 5133 762 5205 ξηρόν.
812 5152 829 5184 ι

496 5246 515 5277 ι
555 5226 695 5281 Τάδε
744 5224 892 5293 λέγει
951 5220 1157 5291 Κύριος
1195 5222 1309 5283 τοῖς
1364 5215 1675 5286 εὐνούχοις’
1729 5211 1882 5264 Ὀσοι
1925 5206 1993 5260 ἂν

417 5314 757 5387 φυλάξωνται
791 5315 858 5367 τά
885 5310 1139 5366 Σάϐϐατά
1174 5327 1271 5381 μου
1313 5309 1406 5362 καὶ
1450 5304 1773 5371 ὲκλέξωνται
1810 5299 1846 5354 ά
1887 5296 1995 5367 ἐγὼ

419 5410 579 5473 θελω,
612 5408 706 5461 καὶ
729 5407 1057 5476 άντέχωνται
1082 5403 1181 5473 τῆς
1223 5400 1494 5472 Διαθήκης
1530 5415 1631 5469 μου
1656 5436 1670 5461 ,
1704 5394 1857 5447 δώσω
1896 5392 1994 5443 αύ-

418 5504 534 5564 τοῖς
556 5503 614 5553 ὲν
632 5499 711 5570 τῷ
732 5500 864 5569 οἴκῳ
894 5516 1017 5566 μου,
1049 5496 1143 5549 καὶ
1166 5496 1223 5547 ἐν
1253 5492 1328 5564 τῷ
1348 5492 1513 5563 τείχει
1547 5507 1645 5561 μου
1679 5485 1843 5539 τόπον
1885 5483 1997 5535 ὀνο-

428 5592 652 5662 μαστὸν,
686 5590 915 5662 κρείττω
936 5589 1066 5642 υἱῶν
1087 5586 1180 5640 καὶ
1204 5583 1519 5655 θυγατέρων
1542 5599 1554 5611 ο
1582 5581 1751 5649 ὄνομα
1782 5573 1996 5629 αἰώνιον

425 5682 583 5740 δώσω
610 5684 790 5748 αὐτοῖς
808 5699 819 5712 ·
861 5682 951 5736 καὶ
983 5682 1081 5735 ούκ
1110 5678 1366 5748 δκλείψει.
1402 5696 1419 5727 ι
1461 5672 1674 5743 Ἐπειδὴ
1697 5670 1753 5723 δὲ
1778 5668 1870 5721 καὶ
1901 5665 1997 5737 τὴν

2092 4579 2301 4634 habete.

2165 4669 2328 4725 Vns.
2356 4667 2408 4722 5.
2444 4684 2463 4718 ι
2499 4666 2576 4721 Ne
2614 4666 2757 4720 dicat
2810 4662 3127 4732 alienigena,
3156 4656 3245 4727 qui
3276 4654 3553 4723 appositus
3585 4663 3667 4703 est

2094 4763 2317 4819 Domino
2354 4778 2368 4815 :
2395 4758 2531 4815 Num
2550 4756 2823 4825 separabit
2840 4771 2922 4810 me
2946 4753 3204 4810 Dominus
3223 4766 3252 4803 a
3272 4747 3467 4817 prmulo
3486 4759 3583 4800 suo
3600 4744 3623 4796 2
3641 4762 3660 4793 ι

2093 4857 2292 4911 docens
2319 4850 2531 4907 Iudaeos
2567 4865 2635 4904 ne
2664 4850 2731 4905 de
2755 4862 2951 4919 genere
2976 4861 3074 4903 suo
3101 4844 3266 4897 altum
3300 4840 3537 4910 sapiant,
3566 4850 3661 4891 ne-

2092 4962 2199 5014 que
2224 4948 2289 5000 de
2316 4944 2528 5012 proavis
2550 4942 2661 4997 suis
2690 4940 3007 5008 glorientur.
3049 4956 3068 4988 ι
3099 4936 3166 4990 Et
3217 4951 3283 4988 nu
3316 4933 3457 4991 dicat
3491 4944 3665 4985 eunu-

2094 5040 2231 5095 cbus
2266 5057 2279 5092 :
2314 5035 2538 5107 Lignum
2573 5034 2783 5088 aridum
2814 5047 2912 5101 ego
2943 5047 3080 5085 sum.
3113 5048 3133 5080 ι

2170 5195 2333 5249 Vsus.
2370 5194 2423 5258 4,
2457 5193 2510 5247 5.
2544 5210 2562 5242 ι
2603 5189 2729 5244 llam
2758 5189 2886 5242 dicit
2924 5184 3180 5238 Dominus
3205 5179 3501 5235 eunuchis:
3534 5177 3676 5245 Qui--

2101 5304 2311 5359 cunque
2344 5283 2699 5340 custodierint
2743 5280 2979 5335 Sabbata
3016 5290 3155 5338 mea,
3179 5283 3233 5327 et
3263 5271 3523 5338 elegerint
3545 5283 3664 5340 qua:

2099 5399 2200 5453 ego
2239 5381 2378 5445 volo,
2408 5388 2463 5433 et
2506 5374 2828 5429 adhazserint
2864 5370 3209 5424 Testamento
3241 5380 3379 5430 meo,
3419 5364 3557 5417 dabo
3585 5365 3665 5416 eis

2100 5476 2152 5530 in
2178 5476 2339 5529 domo
2384 5486 2497 5525 mea
2542 5478 2597 5523 et
2627 5468 2765 5521 intra
2798 5478 3009 5518 murum
3062 5474 3263 5525 meum,
3294 5458 3468 5513 locum
3493 5456 3666 5510 nomi-

2102 5578 2309 5630 natum,
2342 5565 2616 5620 meliorem
2651 5558 2775 5613 filiis
2808 5568 2861 5613 et
2912 5554 3155 5619 filiabus;
3217 5564 3411 5605 nomen
3471 5544 3666 5614 sempi-

2106 5673 2314 5717 ternum
2341 5658 2477 5713 dabo
2504 5655 2602 5721 cis,
2630 5663 2799 5709 etnon
2824 5649 3053 5705 deficiet.
3078 5666 3096 5699 ›
3117 5644 3378 5713 Quoniam
3400 5637 3570 5696 Judmi
3600 5635 3665 5688 li-
