4108 6204
462 242 559 298 J7!

1165 246 1437 317 EUSEBIL
1469 252 1943 313 CAESARIENSIS
1981 260 2039 317 01

2178 265 2351 321 PARS
2383 268 2467 321 ΙΙΙ.
2507 298 2575 308 -
2620 264 3030 322 EXEGETICA.

3588 273 3694 327 47?.

464 358 713 410 berorum
739 357 1133 414 nmltitudinem
1196 364 1619 420 benedictionem
1656 368 1744 422 Dei
1779 386 1896 422 ess»
1928 388 2025 438 ρει·

2143 374 2487 428 πολυπαιδίαν
2542 378 2787 446 εὐλογίαν
2837 378 2972 432 Θεοῦ
3001 378 3229 449 ἡγοῦντο
3259 376 3395 434 εἶναι
3438 382 3695 449 Ἰουδαῖοι,

460 447 531 499 tal
554 456 664 511 λιιι,
681 450 1091 519 mercedemque
1109 466 1171 506 ac
1195 453 1423 509 fructum
1445 458 1657 526 pietatis
1684 477 2024 516 numerosam

458 543 657 606 putem
690 555 810 595 esse
859 542 1260 613 existimabant,
1292 549 1450 603 talem
1483 564 1668 605 eorum
1708 557 2026 609 sententiam

457 632 776 709 reprimens,
808 648 872 688 ac
928 634 1118 690 falsam
1159 653 1280 695 esse
1328 643 1708 708 comprobans,
1760 647 2031 702 sterilibus

455 735 510 777 et
545 725 610 778 iis
639 725 752 794 qui,
780 728 922 794 quod
945 729 1147 783 eXsecti
1175 730 1391 796 fuerint,
1434 731 1574 788 ﬁlios
1605 750 1893 804 procreare
1925 754 2029 791 non

456 815 654 881 valent,
717 833 900 886 parem
960 823 1374 890 promissionem
1440 826 1615 893 atlert,
1658 843 1721 881 ac
1770 830 2031 883 eunuchis

454 908 586 963 nihil
633 911 1019 979 impedimento
1052 914 1167 969 fore
1222 918 1318 982 ait,
1350 918 1639 983 quominus
1694 922 1831 973 bona
1860 936 1889 974 a
1926 920 2031 976 Deo

452 1015 873 1074 consequantur,
930 1009 1054 1061 dum
1084 1014 1380 1065 secundum
1416 1015 1581 1068 Deum
1609 1012 1790 1068 vivere
1821 1014 1871 1067 in
1908 1028 2033 1083 pro-

454 1097 626 1161 posito
657 1096 909 1153 habeant.
937 1098 1069 1153 Nam
1115 1103 1158 1156 si
1195 1103 1374 1158 multa:
1402 1106 1711 1161 mansiones
1732 1116 1859 1160 sunt
1890 1108 2030 1176 apud

454 1185 692 1252 Putrem,
738 1200 792 1244 et
837 1193 884 1245 si
920 1204 1001 1246 cst
1047 1194 1238 1249 civitas
1276 1196 1369 1251 Dei
1423 1196 1719 1253 Jerusalem
1773 1199 2030 1263 cmlestis,

453 1278 602 1333 heus
626 1279 729 1333 illis
760 1280 899 1335 intra
925 1284 1140 1338 domum
1176 1287 1269 1340 Dei
1312 1288 1364 1341 in
1391 1289 1573 1344 multis
1611 1290 1715 1345 illis
1743 1293 2034 1346 mansioni-

455 1373 577 1435 bus,
610 1387 673 1426 ac
707 1372 872 1426 etiam
925 1375 1057 1445 ipsis
1100 1381 1406 1435 mansiones
1459 1382 1752 1447 dabuntur,
1799 1393 1852 1438 et
1910 1399 2032 1453 por-

455 1464 651 1519 tionem
672 1466 950 1520 habebunt
977 1468 1117 1523 intra
1151 1487 1363 1525 murqu
1389 1473 1627 1529 cmlestis
1654 1476 1744 1529 Dei
1777 1476 2030 1530 civitatis.

521 1554 687 1612 Vens.
707 1558 757 1624 6,
777 1558 831 1613 7.
853 1578 871 1611 ι
898 1559 962 1614 Ει
978 1562 1320 1631 alienigenis,
1338 1567 1427 1635 qui
1447 1567 1644 1621 addicti
1660 1577 1787 1622 sunt
1809 1568 2033 1623 Domino

454 1661 510 1703 ut
539 1642 777 1704 serviant
808 1653 954 1717 ei,.et
985 1654 1205 1733 diligant
1238 1673 1429 1711 nomen
1463 1659 1696 1723 Domini,
1733 1670 1788 1712 ut
1824 1660 1932 1713 sint
1982 1659 2031 1713 ei

2133 465 2323 535 μισθόν
2371 485 2432 519 τε
2465 469 2558 521 καὶ
2589 471 2798 540 καρπὸν
2841 471 3149 535 θεοσεὸείας
3191 474 3289 544 τὴν
3348 473 3698 529 πολυτεκνίαν

2132 557 2625 630 ὑπολαμϐάνοντες,
2664 564 2999 617 ἀναστέλλων
3028 566 3205 619 αὐτῶν
3243 568 3336 619 καὶ
3364 567 3566 635 ταύτην
3605 569 3702 639 τήν

2130 649 2307 717 δόξαν,
2340 653 2682 726 ὲσφαλμένην
2716 672 2776 707 τε
2818 652 2981 709 οὖσαν
3032 657 3288 730 ἐλέγχων,
3331 663 3442 723 τοῖς
3490 660 3705 728 ἀγόνοις

2131 743 2332 816 καὶμὴ
2377 744 2620 809 δυνατοῖς
2675 746 3026 813 παιδοποιεῖν,
3060 749 3149 803 διὰ
3200 751 3258 803 τὸ
3311 750 3702 822 ἐκτετμῆσθαι,

2130 834 2230 905 τὴν
2263 834 2382 904 ἴσην
2446 837 2784 908 ὑπισχνεῖται
2843 840 3189 909 ἐπαγγελίαν,
3245 843 3407 912 μηδὲν
3454 842 3704 913 ἐμποδὼν

2132 926 2480 994 ἔσεσθαιτοῖς
2516 932 2791 1002 εὐνούχοις
2816 934 3037 1001 φάσκων
3090 935 3224 1006 πρὸς
3251 935 3311 988 τὸ
3371 938 3550 1006 τυχεῖν
3595 935 3704 992 τῶν

2136 1021 2284 1091 παρά
2306 1021 2439 1074 Θεοῦ
2467 1024 2704 1091 ἀγαθῶν,
2741 1026 2790 1077 εί
2825 1023 2922 1095 ζῇν
2951 1025 3093 1079 κατά
3118 1026 3248 1079 Θεὸν
3278 1027 3602 1098 προέλοιντο.
3638 1028 3703 1081 Η

2137 1114 2245 1185 γὰρ
2302 1114 2492 1169 πολλαὶ
2546 1120 2703 1186 μοναὶ
2744 1102 2891 1191 παρὰ
2924 1119 3001 1190 τῷ
3033 1121 3228 1192 Πατρὶ,
3260 1120 3355 1173 καὶ
3398 1120 3509 1174 ἐστι
3550 1121 3703 1186 πόλις

2133 1205 2266 1257 Θεοῦ
2321 1206 2737 1280 Ἱερουσαλὴμή
2795 1211 3134 1281 ἐπουράνιος,
3168 1213 3260 1263 καὶ
3319 1211 3477 1275 τόπος
3522 1212 3704 1277 αὑτοῖς

2133 1296 2264 1351 εἵσω
2296 1298 2389 1351 τοῦ
2423 1300 2571 1353 οἴκου
2597 1300 2690 1354 τοῦ
2724 1302 2857 1355 Θεοῦ
2888 1305 2944 1357 ὲν
2975 1307 3097 1368 ταῖς
3123 1303 3342 1366 πολλαῖς
3374 1307 3579 1375 μοναῖς,
3613 1305 3705 1365 καὶ

2137 1389 2291 1457 μοναὶ
2324 1388 2657 1459 δοθήσονται,
2684 1393 2777 1445 καὶ
2810 1395 2968 1464 μερὶς
2994 1396 3051 1449 ὲν
3088 1395 3165 1466 τῷ
3194 1395 3360 1466 τείχει
3412 1396 3512 1466 τῆς
3546 1399 3708 1449 ἐπου-

2142 1480 2321 1549 ρανίου
2352 1480 2447 1533 τοῦ
2470 1481 2601 1536 Θεοῦ
2623 1483 2846 1547 πόλεως.

2199 1592 2216 1622 ι
2254 1574 2363 1626 Καὶ
2414 1577 2526 1638 τοῖς
2583 1575 2889 1646 ἀλλογενέσι
2928 1581 3039 1641 τοῖς
3083 1579 3461 1651 προκειμένοις
3517 1581 3710 1653 Κυρίῳ

2138 1667 2405 1721 δουλεύειν
2434 1669 2600 1740 αὑτῷ,
2626 1672 2718 1724 καὶ
2752 1672 2969 1743 ἀγαπᾷν
3012 1673 3073 1726 τὸ
3127 1674 3297 1745 ὄνομα
3333 1676 3558 1747 Κυρίου,
3610 1668 3710 1729 τοῦ

455 1748 504 1796 in
541 1758 727 1798 servos
770 1755 825 1799 et
874 1746 1105 1800 ancillas
1131 1764 1145 1799 :
1171 1758 1224 1801 et
1251 1749 1502 1804 onmibus
1530 1752 1620 1819 qui
1650 1757 1868 1805 servant
1898 1752 2033 1804 Sab-

2143 1755 2273 1812 εἶναι
2310 1760 2456 1833 αύτῴ
2490 1762 2570 1824 είς
2605 1762 2822 1825 δούλους
2842 1764 2936 1815 καὶ
2964 1763 3185 1827 δούλας·
3224 1765 3317 1818 καὶ
3349 1766 3555 1830 πάντας
3584 1768 3713 1830 τοὺς

453 1836 574 1891 bata
618 1853 758 1903 mea,
801 1853 869 1893 ne
899 1838 1178 1907 profanent
1208 1856 1293 1907 ea,
1326 1853 1379 1895 et
1400 1841 1489 1910 qui
1525 1844 1819 1897 observant
1848 1840 2035 1895 Testa-

456 1939 692 1984 mentum
731 1946 947 1995 meum,
986 1932 1231 1987 inducam
1264 1950 1358 1988 eos
1387 1933 1440 1987 in
1490 1944 1730 1988 montem
1791 1945 2034 1988 sanctum

455 2037 653 2079 meum.
695 2043 713 2075 ι
749 2024 838 2077 Ait
866 2025 1064 2093 quippe
1092 2025 1310 2079 domum
1364 2041 1515 2079 suam
1568 2040 1671 2079 non
1706 2024 1864 2078 talem
1893 2038 2034 2089 esse,

452 2130 571 2180 ιιιιω
606 2115 710 2168 bos
732 2115 949 2183 quidem
995 2125 1225 2184 spectet,
1272 2116 1407 2170 alios
1455 2132 1583 2170 vero
1638 2117 1899 2181 minime;
1943 2118 2035 2169 sed

453 2220 518 2257 ex
560 2205 909 2259 humanitatis
939 2207 987 2261 vi
1034 2208 1284 2262 omnibus
1315 2210 1568 2277 gentibus
1609 2221 1847 2279 apertam
1883 2226 2035 2275 esse,

454 2308 511 2349 ut
537 2297 702 2350 etiam
743 2299 977 2353 eunuchi
1006 2309 1059 2355 et
1094 2301 1375 2372 paralytici
1415 2303 1484 2357 ibi
1524 2304 1875 2373 recipiantur.
1922 2323 1940 2355 ι
1975 2305 2037 2359 Et

455 2388 740 2445 laetiﬁcabo
766 2406 861 2446 eos
903 2392 953 2444 in
985 2393 1144 2448 domo
1193 2394 1458 2448 orationis
1508 2409 1661 2449 meae.
1717 2393 2037 2450 llolocausta

460 2498 641 2536 eorum
674 2494 726 2537 et
756 2484 1025 2539 sacriﬁcia
1076 2501 1270 2540 eorum
1302 2497 1462 2541 erunt
1502 2498 1725 2558 accepta
1770 2504 1932 2557 super
1962 2488 2040 2541 al—

457 2587 572 2631 tare
600 2593 799 2633 meum.
848 2578 984 2632 Nam
1017 2579 1209 2634 domus
1241 2596 1382 2645 mea,
1413 2583 1603 2636 domus
1647 2583 1910 2638 orationis
1951 2598 2040 2637 vo-

455 2672 674 2726 cabitur
707 2673 920 2728 cunctis
945 2674 1213 2742 gentibus.
1252 2694 1271 2727 ι
1323 2674 1417 2730 His
1441 2676 1678 2731 arbitror
1707 2676 1775 2730 ad
1806 2676 2037 2729 litteram

456 2765 587 2831 dici,
641 2767 805 2820 Deum
854 2782 952 2835 per
995 2768 1362 2822 reversionem
1424 2768 1604 2838 populi
1644 2784 1709 2823 ex
1751 2768 2038 2838 Babylone,

463 2872 577 2926 qua:
626 2858 727 2911 sub
760 2858 918 2927 Cyro,
964 2858 1120 2914 Dario
1150 2871 1202 2914 et
1238 2862 1539 2916 Artaxerxe
1583 2862 1832 2931 contigit,
1866 2863 2039 2931 ipsum

461 2953 741 3016 reducere,
778 2968 948 3023 quare
982 2954 1164 3008 subdit
1196 2974 1208 3008 :

534 3133 695 3187 Vens.
730 3132 794 3187 8.Δ
828 3153 844 3184 ι
883 3134 1026 3188 Dixit
1058 3133 1336 3199 Dominus,
1376 3137 1466 3206 qui
1501 3148 1793 3207 congregat
1827 3138 2035 3207 disper-

463 3241 553 3282 sos
585 3226 771 3291 Israel,
802 3226 1155 3297 Congregabo
1185 3229 1251 3282 ad
1304 3244 1424 3284 eum
1480 3231 1975 3299 congregationem.
2013 3249 2032 3281 ι

460 3321 577 3386 Quo
626 3331 871 3390 tempore
919 3320 1212 3374 verisimile
1258 3330 1341 3375 est
1382 3322 1582 3376 multos
1618 3321 1685 3375 ad
1730 3336 1854 3374 eum
1904 3335 2036 3376 con-

462 3410 683 3467 ﬂuxisse
717 3428 783 3466 ex
822 3412 1140 3483 alienigenis
1166 3414 1438 3484 gentibus,
1473 3429 1606 3482 quos
1632 3414 1700 3469 ob
1749 3413 2035 3482 pristinum

462 3514 686 3569 statum,
719 3514 774 3559 ct
811 3506 881 3559 ob
917 3488 1126 3561 alienos
1171 3516 1566 3577 extraneosque
1612 3520 1808 3572 mores,
1839 3506 2039 3561 bestias

463 3600 575 3668 agri
611 3606 788 3653 vocat.

534 3689 697 3744 Vens.
730 3691 782 3744 9.
820 3709 838 3742 ι
877 3690 1076 3747 Omnes
1104 3691 1231 3746 ferte
1260 3693 1463 3759 bestiaz,
1490 3694 1691 3757 adeste,
1744 3693 2033 3765 comedite,

462 3797 649 3837 omnes
688 3783 871 3838 bestiae
896 3785 1085 3839 saltus.
1127 3804 1144 3836 ι
1176 3784 1367 3839 Bestia:
1394 3786 1515 3849 illae,
1546 3802 1664 3855 quae
1694 3801 1815 3840 cum
1847 3784 2039 3840 lsraele

467 3886 886 3945 congregantur,
919 3878 953 3929 ii
999 3893 1068 3932 ex
1104 3877 1357 3947 gentibus
1411 3877 1636 3945 fuerint,
1682 3878 1773 3947 qui
1814 3880 1877 3930 ad
1917 3892 2038 3930 ver-

467 3967 591 4020 bun'.
622 3976 993 4035 accesserunt,
1018 3983 1154 4037 quos
1199 3979 1391 4023 evocat
1423 3971 1507 4025 his
1529 3971 1727 4035 verbis,
1767 3988 1785 4021 ι
1818 3971 2037 4031 Adeste,

465 4059 753 4124 «arinedite,
781 4076 971 4115 onmes
1014 4062 1201 4116 bestiae
1247 4061 1437 4116 saltus.
1493 4083 1511 4115 ι
1561 4064 1882 4132 Plerumque
1913 4075 2040 4115 vero

466 4151 808 4207 observatum
857 4154 1013 4211 nobis
1042 4165 1145 4222 est,
1194 4158 1390 4212 saltum
1436 4159 1563 4223 dici,
1617 4159 2037 4227 alienigenarum

467 4246 709 4313 gentium
742 4247 1168 4303 multitudinem.
1199 4249 1305 4305 llas
1330 4267 1489 4321 porro
1517 4254 1717 4308 bestias
1752 4251 1845 4305 Dei
1884 4264 2042 4304 voca-

468 4337 613 4393 tione
646 4339 900 4401 dignatur
926 4351 979 4396 et
1019 4340 1083 4394 ad
1119 4343 1424 4398 convivium
1462 4356 1671 4400 evocat.

540 4473 706 4533 Vens.
738 4475 824 4529 10.
849 4496 868 4529 ι
898 4478 1083 4533 Videte
1103 4480 1357 4549 quoniam
1386 4483 1640 4537 est-caecati
1667 4492 1796 4536 sunt
1818 4492 2042 4535 omnes:
2078 4472 2125 4531 ι)

469 4581 572 4622 non
605 4580 871 4625 noverunt
910 4588 922 4625 :
952 4586 1113 4627 canes
1147 4574 1279 4626 muti
1314 4583 1460 4639 sunt,
1510 4591 1617 4629 non
1667 4574 1921 4629 valebunt
1968 4571 2045 4625 la-

470 4670 635 4726 trare,
689 4663 1030 4719 somniantes
1068 4664 1268 4729 cubile,
1314 4675 1373 4720 et
1414 4677 1659 4722 amantes
1707 4664 2044 4721 dormitatio-

469 4765 613 4807 nem.
643 4769 663 4803 ι
685 4752 754 4808 Et
786 4752 1094 4822 huiusmodi
1134 4757 1352 4826 quidem
1375 4769 1533 4813 erant
1563 4758 1867 4815 Iudaeorum
1901 4758 2047 4828 prin-

465 4845 635 4915 cipes,
663 4859 790 4915 erga
816 4855 1134 4915 extraneos,
1170 4849 1327 4919 queis
1356 4851 1654 4922 advigilare
1686 4866 1822 4920 opus
1851 4858 1971 4904 erat
1992 4858 2048 4903 et

467 4942 759 5005 excubare,
793 4950 957 5010 atque
988 4952 1179 4996 contra
1224 4942 1477 4998 inimicos
1512 4944 1711 4998 latrare
1741 4961 1755 4997 :
1788 4958 1915 5011 erga
1946 4942 2044 4996 do-

468 5035 722 5089 mesticos
761 5048 889 5090 vero
919 5034 1258 5105 impudentes
1288 5045 1464 5102 erant,
1499 5037 1819 5091 devorantes
1852 5047 2049 5104 pecora

469 5124 566 5178 sub
596 5139 786 5180 eorum
814 5125 1078 5197 regimine
1102 5127 1298 5196 posita.

538 5256 705 5315 Vens.
762 5262 850 5316 ll.
901 5282 920 5314 ε
970 5264 1035 5318 Et
1076 5278 1241 5318 canes
1300 5264 1651 5333 impudentes
1699 5264 1908 5328 animo,
1950 5277 2017 5317 ne

472 5351 706 5406 saientes
742 5354 1107 5411 saturitatem.
1166 5355 1231 5410 Et
1277 5365 1408 5410 sunt
1448 5356 1593 5420 mali,
1629 5355 1933 5410 nescientes
1966 5340 2065 5406 in:

472 5441 822 5509 telligentiam
861 5464 874 5499 :
908 5449 1144 5503 universi
1181 5450 1295 5504 vias
1324 5464 1452 5505 suas
1485 5449 1655 5504 secuti
1684 5456 1809 5502 sunt
1838 5463 1851 5499 :
1880 5461 2048 5500 mms-

475 5534 707 5603 quisque
759 5538 1053 5591 secundum
1114 5541 1187 5605 id,
1236 5543 1379 5612 quod
1425 5558 1578 5595 suum
1616 5548 1752 5594 erat.
1795 5560 1813 5589 ι
1849 5537 1964 5593 Νοιι
1999 5538 2051 5591 in

477 5626 578 5683 viis
607 5626 722 5695 Dei,
752 5630 851 5686 sed
888 5630 945 5684 in
975 5632 1108 5699 suis,
1141 5634 1283 5703 quod
1314 5635 1782 5705 concupiscentias
1817 5649 1940 5689 suas
1957 5647 2053 5687 ex-

469 5722 705 5791 plcrcnt.

2066 3103 2110 3160 (Ξ

2150 1850 2593 1921 φυλασσομένους
2630 1852 2697 1906 τὰ
2723 1853 2975 1908 Σάϐὅατά
3012 1872 3111 1925 μου
3160 1856 3234 1927 μὴ
3282 1854 3561 1926 βεϐηλοῦν,
3616 1858 3713 1911 καὶ⁵

2138 1944 2527 2014 ἀντεχομένους
2558 1944 2663 2015 τῆς
2694 1946 2965 2017 Διαθήκης
3004 1964 3127 2018 μου,
3186 1947 3384 2013 εἰσάξω
3410 1949 3603 2014 αὑτοὺς
3633 1950 3714 2013 είς

2137 2037 2197 2091 τὸ
2250 2037 2373 2109 ὅρος
2422 2038 2483 2090 τὸ
2539 2038 2691 2107 ἅγιόν
2754 2057 2874 2111 μου.
2919 2060 2936 2090 ι
2970 2040 3073 2093 Τὸν
3115 2040 3222 2112 γὰρ
3253 2036 3398 2093 οἷκον
3444 2041 3607 2094 αὑτοῦ
3638 2041 3717 2113 μὴ

2136 2129 2303 2183 τῶνδε
2341 2132 2437 2201 μὲν
2484 2131 2768 2203 ὑπάρχειν,
2803 2132 2910 2184 τῶν
2939 2132 2995 2185 δὲ
3034 2132 3143 2204 μὴν,
3178 2130 3444 2202 ἀνεῷχθαι
3490 2133 3546 2185 δὲ
3580 2134 3714 2186 πᾶσι

2138 2226 2247 2286 τοῖς
2273 2222 2480 2277 ἔθνεσιν
2508 2224 2779 2295 ὑπερϐολῇ
2818 2223 3225 2296 φιλανθρωπίας
3244 2240 3260 2255 ο
3288 2224 3363 2287 ὡς
3402 2224 3494 2277 καὶ
3523 2222 3714 2276 εὑνού-

2138 2332 2265 2386 χους
2302 2315 2701 2386 παραδέχεσθαι
2730 2317 2823 2371 καὶ
2854 2316 3217 2389 παραλὺτους.
3255 2334 3273 2367 ι
3319 2318 3427 2370 Καὶ
3461 2316 3718 2388 εὐφρανῶ

2140 2406 2336 2469 αὑτοὺς
2368 2407 2425 2459 ἐν
2456 2406 2531 2476 τῷ
2563 2406 2698 2478 οἴκῳ
2731 2408 2829 2478 τῆς
2856 2408 3162 2479 προσευχῆς
3193 2425 3314 2479 μου.
3377 2406 3459 2460 Τὰ
3488 2409 3716 2462 ὁλοκαυ-

2138 2497 2362 2567 τώματα
2394 2497 2591 2563 αὑτῶν,
2618 2499 2709 2551 καὶ
2747 2500 2800 2551 αἱ
2846 2498 3027 2552 θυσίαι
3054 2498 3232 2551 αὑτῶν
3263 2498 3473 2552 ἔσονται
3529 2498 3721 2552 δεκταὶ

2141 2589 2233 2641 ἐπὶ
2274 2589 2336 2641 τὸ
2366 2587 2745 2662 θυσιαστήριόν
2791 2607 2915 2661 μου.
2963 2590 3021 2643 '0
3054 2590 3162 2661 γὰρ
3219 2586 3366 2653 οἶκός
3419 2608 3518 2661 μου
3571 2586 3721 2655 οἶκος

2141 2682 2445 2752 προσευχῆς
2478 2681 2803 2753 κληθήσεται
2840 2684 2975 2736 πᾶσι
3008 2685 3119 2744 τοῖς
3150 2682 3377 2735 ἔθνεσιν.
3418 2703 3435 2735 ι
3471 2681 3635 2754 Οἶμαι
3659 2684 3719 2738 δὲ

2140 2771 2230 2824 διὰ
2262 2772 2465 2825 τούτων
2496 2773 2571 2837 ὡς
2601 2773 2737 2844 πρὸς
2769 2773 2866 2845 τὴν
2900 2773 3043 2841 λέξιν
3079 2773 3167 2827 διὰ
3199 2773 3295 2844 τὴν
3334 2774 3440 2827 ἀπὸ
3465 2774 3720 2827 Βαϐυλῶ-

2144 2879 2233 2924 νος
2257 2863 2589 2934 ἐπιστροφὴν
2604 2861 2697 2915 τοῦ
2716 2861 2843 2915 λαοῦ
2866 2862 2963 2934 τὴν
3010 2863 3102 2916 ἐπὶ
3133 2862 3315 2934 Κύρου
3364 2864 3459 2917 καὶ
3493 2864 3723 2935 Δαρείου

2143 2954 2235 3005 καὶ
2274 2953 2626 3025 Ἀρταξέρξου
2677 2956 2970 3026 γενομένην
3025 2955 3115 3010 τὸν
3170 2954 3303 3008 Θεὸν
3350 2956 3416 3009 ἂν
3468 2954 3719 3026 εἰρῆσθαι

2147 3047 2398 3115 συνάγειν
2419 3064 2431 3076 ·
2475 3047 2553 3099 διὸ
2582 3048 2822 3117 ἐπιλέγει
2847 3065 2862 3078 ο

2221 3158 2238 3188 ι
2282 3133 2415 3191 Εἶπε
2456 3139 2659 3210 Κύριος
2707 3142 2735 3192 ό
2790 3139 3036 3209 συνάγων
3101 3142 3227 3205 τοὺς
3294 3140 3723 3211 διεσπαρμένους

2161 3227 2398 3299 Ἰσραὴλ,
2421 3229 2501 3281 ὅτι
2540 3226 2759 3293 Συνάξω
2788 3229 2874 3281 ἐπ’
2910 3230 3071 3283 αὑτὸν
3115 3231 3453 3300 συναγωγήν.
3497 3249 3515 3281 ι
3579 3229 3721 3283 Καθ’

2144 3318 2236 3381 οὓς
2266 3319 2321 3371 δὲ
2348 3320 2572 3391 χρόνους
2602 3321 2747 3385 εἰκὸς
2790 3316 2857 3393 ἦν
2913 3322 3006 3375 καὶ
3067 3321 3269 3392 πλῆθος
3320 3322 3502 3386 αὑτοῖς
3563 3322 3724 3376 ἀλλο-

2146 3408 2327 3477 φύλων
2349 3411 2517 3465 εθνῶν
2548 3412 2981 3483 προσηλυτεῦσαι
3004 3429 3017 3442 ο
3054 3411 3147 3475 οὒς
3188 3412 3275 3465 διὰ
3301 3413 3397 3485 τὴν
3449 3414 3724 3485 προτέραν

2145 3502 2496 3568 κατάστασιν,
2530 3505 2624 3558 καὶ
2657 3505 2744 3559 διὰ
2767 3505 2825 3558 τὸ
2855 3505 3138 3574 ἀλλογενὲς
3174 3506 3268 3559 καὶ
3300 3505 3576 3576 ἀλλότριον
3625 3506 3727 3563 τοῦ

2145 3594 2367 3666 τρόπου,
2394 3596 2564 3668 ἀγροῦ
2600 3596 2762 3667 θηρία
2790 3598 3068 3669 ὠνόμασεν
3101 3600 3129 3651 ὁ
3158 3598 3331 3667 λόγος.
3624 3672 3627 3675 _

2222 3708 2240 3738 ‹
2275 3687 2457 3741 Πάντα
2486 3688 2554 3743 τὰ
2578 3689 2742 3761 θηρία
2762 3692 2829 3744 τὰ
2857 3692 3039 3762 ἄγρια,
3061 3691 3231 3759 δεῦτε,
3269 3692 3488 3762 φάγετε,
3544 3692 3728 3747 πάντα

2145 3779 2214 3832 τὰ
2267 3780 2429 3854 θηρία
2485 3781 2579 3834 τοῦ
2623 3783 2851 3854 δρυμοῦ.
2895 3804 2912 3836 ι
2960 3784 3041 3837 Τὰ
3072 3785 3128 3838 δὲ
3160 3785 3322 3857 θηρία
3355 3785 3423 3839 τὰ
3454 3786 3590 3856 μετὰ
3626 3787 3723 3839 τοῦ

2161 3872 2375 3943 Ἰσραὴλ
2404 3874 2744 3944 συναγόμενα
2784 3876 2832 3926 οἱ
2867 3874 2927 3939 ἐξ
2956 3876 3124 3928 ἐθνῶν
3165 3877 3478 3947 προσιόντες
3512 3876 3588 3946 τῷ
3635 3876 3723 3928 λό-

2147 3978 2228 4033 γῳ
2270 3959 2376 4017 εἷεν
2424 3964 2510 4029 ἂν,
2564 3964 2657 4028 οὓς
2694 3964 3040 4020 ἀνακαλεῖται
3072 3968 3244 4036 λέγων
3271 3985 3284 3998 ’
3348 3986 3365 4019 ι
3404 3968 3587 4031 Δεῦτε,
3617 3968 3721 4036 φά-

2147 4070 2302 4121 γετε,
2353 4056 2528 4109 πάντα
2574 4056 2642 4110 τὰ
2697 4057 2859 4129 θηρία
2913 4059 3006 4111 τοῦ
3061 4059 3285 4129 δρυμοῦ.
3330 4077 3348 4110 ›
3404 4059 3614 4130 Δρυμὸν
3663 4058 3722 4112 δὲ

2152 4147 2409 4211 πολλάκις
2464 4150 2843 4221 τετηρήκαμεν
2885 4150 2945 4201 τὸ
2998 4149 3198 4219 πλῆθος
3245 4149 3353 4201 τῶν
3410 4148 3721 4217 ἀλλοφύλων

2148 4237 2317 4290 ἐθνῶν
2337 4237 2602 4307 λελέχθαι.
2634 4236 2794 4289 Ταῦτ’
2830 4233 2921 4289 οὖν
2963 4237 3030 4289 τὰ
3084 4236 3246 4306 θηρία
3290 4235 3390 4304 τῆς
3437 4235 3530 4288 τοῦ
3584 4234 3727 4287 Θεοῦ

2149 4328 2395 4398 κλήσεως
2424 4327 2689 4393 καταξιοῖ,
2724 4329 2816 4379 καὶ
2848 4328 2925 4390 εἰς
2946 4326 3184 4380 ἑστίασιν
3215 4326 3585 4380 ἀνακαλεῖται.

2228 4487 2245 4518 ι
2279 4466 2466 4527 Ἴδετε,
2496 4464 2576 4517 ὅτι
2607 4460 3040 4531 ὲκτετύφλωνται
3065 4462 3264 4523 πάντες
3285 4478 3296 4491 ·
3334 4461 3432 4513 οὑκ
3457 4460 3723 4526 ἔγνωσαν·

2152 4558 2309 4621 κύνες
2340 4559 2478 4611 ὲνεοὶ
2498 4558 2558 4610 οὑ
2590 4558 2903 4628 δυνήσονται
2959 4554 3225 4614 ὑλακτεῖν,
3283 4552 3727 4623 ἐνυπνιαζόμενοι

2150 4652 2356 4724 κοίτην,
2390 4649 2667 4719 φιλοῦντες
2699 4648 2976 4712 νυστάξαι.
3010 4666 3027 4699 ι
3063 4648 3172 4701 Καὶ
3211 4648 3441 4701 τοιοῦτοι
3467 4648 3564 4718 μὲν
3586 4644 3727 4718 ἦσαν

2150 4745 2199 4796 οἱ
2230 4744 2337 4796 τῶν
2374 4742 2642 4797 Ἰουδαίων
2672 4744 2928 4813 ἄρχοντες
2959 4741 3094 4813 πρὸς
3122 4741 3245 4803 τοὺς
3269 4741 3443 4803 ἐκτὸς,
3471 4741 3606 4811 πρὸς
3634 4740 3726 4803 οὓς

2153 4836 2259 4890 ἔδει
2294 4836 2651 4907 ἐγρηγορέναι
2681 4836 2775 4888 καὶ
2808 4836 3025 4906 νήφειν,
3066 4833 3159 4885 καὶ
3190 4832 3328 4886 κατά
3367 4833 3475 4885 τῶν
3517 4832 3729 4903 ἐχθρῶν

2156 4931 2403 4984 ὑλακτεῖν
2429 4947 2440 4959 ⁸
2483 4932 2618 5002 πρὸς
2636 4930 2693 4983 δὲ
2718 4931 2842 4993 τοὺς
2869 4929 3104 4992 οἰκείους
3123 4928 3356 4992 ἀναιδεῖς
3377 4945 3519 4992 τινες
3552 4928 3734 4999 ὑπῆρ-

2154 5041 2268 5094 χον,
2296 5022 2669 5087 κατεσθίοντες
2691 5022 2760 5076 τά
2783 5022 2875 5075 ὑπ’
2895 5023 3081 5088 αὑτοῖς
3118 5020 3512 5093 ποιμαινόμενα
3566 5021 3735 5093 θρέμ-

2156 5135 2318 5189 ματα.

2231 5276 2248 5307 ι
2288 5258 2396 5309 Καὶ
2449 5258 2498 5308 οἱ
2548 5256 2706 5319 κύνες
2757 5256 2997 5318 ἀναιδεῖς
3059 5257 3124 5324 τῇ
3173 5252 3338 5322 ψυχῇ,
3380 5250 3480 5303 οὐκ
3532 5248 3730 5311 εἰδότες

2164 5353 2493 5423 πλησμονήν.
2529 5351 2636 5403 Καί
2664 5352 2771 5403 εἱσι
2808 5349 3031 5423 πονηροὶ⁸
3063 5348 3163 5398 οὑκ
3216 5345 3413 5407 εἰδότες
3470 5344 3684 5396 σύνεσιν
3712 5356 3725 5373 ⁸

2159 5442 2359 5506 πάντες
2399 5446 2519 5506 ταῖς
2573 5442 2711 5505 όδοῖς
2769 5440 2949 5495 αὑτῶν
2998 5437 3447 5508 ὲξηκολούθησαν,
3508 5436 3722 5499 ἕκαστος

2161 5537 2300 5591 κατά
2330 5535 2389 5589 τὸ
2410 5534 2602 5588 ἑαυτοῦ
2630 5552 2642 5564 ε
2691 5553 2708 5585 ι
2733 5535 2791 5587 οὑ
2836 5537 2952 5596 ταῖς
2977 5531 3113 5593 ὁδοῖς
3141 5530 3232 5583 τοῦ
3268 5529 3422 5594 Θεοῦ,
3448 5529 3580 5583 ἀλλά
3617 5528 3738 5593 ταῖς

2163 5625 2367 5681 ἑαυτῶν
2397 5624 2481 5679 διὰ
2519 5625 2608 5679 τοῦ
2636 5624 2699 5678 τὰ
2732 5622 3038 5697 καταθύμια
3060 5622 3240 5685 αὐτοῖς
3268 5622 3551 5692 πράττειν.
