4108 6204
379 284 488 342 475

899 396 1298 449 ΚΕΦΛΛΑῙΟΝ
1338 396 1461 448 ΝΖ’.

450 504 477 539 ι
515 485 707 551 Ἴδετε,
739 486 810 549 ὡς
833 485 1038 551 δίκαιος
1070 487 1336 551 ἀπώλετο,
1367 488 1461 541 καὶ
1493 488 1669 552 οὐδεὶς
1694 489 1959 559 ἐνδέχεται

378 582 452 650 τῇ
481 577 707 649 καρδίᾳ·
745 579 833 630 καὶ
878 579 1070 650 ἄνδρες
1093 580 1291 633 δίκαιοι
1340 582 1605 651 αῐρονται,
1661 582 1755 635 καὶ
1792 582 1961 645 οὐδεὶς

384 669 655 721 κατανοεῖ.
676 667 803 720 Ἀπὸ
818 667 927 738 γὰρ
942 668 1231 739 προσώπου
1250 670 1464 734 ἀδικίας
1475 666 1635 743 ἦρται
1656 674 1683 724 ὁ
1700 671 1920 736 δίκαιος.
1938 692 1955 723 ι

387 759 498 811 Καὶ
527 759 640 821 πῶς
664 757 885 829 ἔμελλον
920 765 1201 815 κατανοεῖν
1231 764 1279 815 οἰ
1325 763 1424 826 τὰς
1456 763 1632 834 ψυχάς
1656 764 1880 834 τυφλοί;
1912 766 1959 817 εἰ

388 849 497 920 γὰρ
529 849 599 920 μὴ
634 848 806 913 οὕτως
867 847 1034 921 εἷχον,
1093 853 1197 907 κᾶν
1245 852 1429 925 ἑώρων
1474 856 1564 909 τὸν
1598 855 1823 921 δίκαιον,
1868 858 1960 911 καὶ

390 941 635 993 συνίεσαν
654 936 764 1011 τὴν¹
784 942 994 996 ἑαυτῶν
1022 945 1334 1014 οἰκονομίαν
1362 963 1374 974 ο
1413 945 1526 999 ἀλλ’
1547 948 1594 1000 οἰ
1646 948 1744 1018 μὲν
1771 948 1959 1017 τυφλοὶ

384 1030 530 1093 ὄντες
555 1030 647 1084 καὶ
674 1032 835 1097 κύνες
862 1035 1098 1099 ἀναιδεῖς
1136 1053 1357 1089 τοιαυτα
1402 1041 1539 1091 κατὰ
1572 1039 1679 1092 τῶν
1737 1041 1958 1094 δικαίων

378 1119 617 1190 ἐτόλμων
640 1138 653 1152 °
679 1123 728 1175 οἰ
760 1121 818 1176 δὲ
842 1126 900 1178 ὲν
926 1126 1116 1197 εἰρήνῃ
1138 1126 1243 1179 ὑπὸ
1297 1126 1392 1180 τοῦ
1428 1127 1562 1184 Θεοῦ
1606 1131 1959 1202 παρελαμϐά-

379 1226 549 1266 νοντο.

447 1320 466 1353 ι
503 1303 699 1357 Ἔσται
732 1306 791 1357 ὲν
832 1308 1023 1380 εἰρήνῃ
1056 1309 1087 1377 ή
1122 1309 1264 1379 ταφὴ
1293 1309 1477 1373 αὐτοῦ,
1537 1307 1698 1382 ἦρται
1746 1314 1809 1366 ἐκ
1862 1315 1954 1367 τοῦ

306 1448 311 1451 λ
375 1392 569 1464 μέσου.
602 1414 622 1447 ι
656 1396 816 1449 Εἴποι
841 1397 885 1450 δ’
919 1397 984 1451 ἄν
1012 1415 1096 1461 τις
1141 1399 1398 1453 δύνασθαι
1457 1400 1629 1455 ταῦτα
1671 1404 1955 1473 ἁρμόττειν

371 1481 469 1536 καὶ
504 1482 585 1552 τῷ
623 1485 837 1556 Σωτῆρι
872 1487 965 1538 καὶ
1003 1489 1114 1549 τοῖς
1139 1487 1408 1558 μαθηταῖς
1455 1490 1617 1544 αὐτοῦ
1668 1496 1780 1556 τοῖς
1852 1494 1956 1545 ὑπὸ

368 1573 469 1626 τοῦ
514 1574 784 1628 Ἰουδαίων
820 1575 1021 1645 Δἔθνους
1066 1577 1636 1652 ἐπιϐεϐουλευμένοις·
1691 1585 1823 1638 ἀλλὰ
1865 1588 1955 1639 καὶ

369 1664 474 1734 τὴν
503 1664 798 1719 ἀνάστασιν
823 1667 915 1721 τοῦ
941 1668 1192 1741 Σωτῆρος
1216 1673 1248 1743 ἡ
1259 1672 1375 1742 μῶν
1403 1676 1736 1730 αἰνίττεσθαι
1776 1678 1835 1730 τὸ
1869 1678 1955 1731 λό-

1301 280 1807 337 COMMENTARIA
1846 282 1913 336 ΙΝ
1950 281 2292 338 lSAlAM.—
2333 282 2485 337 CAP.
2525 278 2679 335 LVII.
2721 296 2726 299 '

3524 269 3628 325 ΠΙ

2636 391 2863 450 CAPUT
2904 390 3055 444 LV'll.

2132 492 2293 546 Vens.
2317 492 2367 542 1.
2408 508 2426 539 ι
2464 487 2654 543 Videte
2683 484 2949 555 quomodo
2974 482 3153 551 justus
3182 477 3357 549 periit,
3390 485 3444 530 et
3473 489 3632 528 nemo

2061 582 2282 651 suscipit
2309 582 2470 636 corde
2501 595 2516 632 :
2547 586 2599 630 et
2631 578 2730 631 viri
2781 575 2911 643 justi
2952 573 3231 635 tolluntur,
3262 580 3316 623 et
3346 568 3521 622 nullus
3547 574 3626 620 est

2060 675 2148 744 qui
2177 674 2494 728 consideret.
2532 669 2666 723 Nam
2713 683 2741 721 a
2772 667 2905 720 facie
2937 662 3236 731 iniquitatis
3281 659 3525 714 sublatus
3546 666 3629 711 est

2053 765 2250 834 justus.
2279 781 2297 813 ι
2329 761 2680 830 thuomodo
2718 754 3144 815 considerarent,
3169 750 3258 819 qui
3282 747 3475 801 animis
3502 744 3629 799 caeci

2058 862 2217 908 erant
2250 868 2262 903 :
2295 865 2419 905 nam
2456 851 2497 905 si
2527 866 2631 904 non
2659 849 2731 902 ita
2764 861 2821 900 se
2847 843 3178 905 habuissent,
3208 839 3398 893 saltem
3420 837 3625 903 justum

2057 945 2317 999 vidissent
2353 952 2407 996 et
2446 956 2601 995 suam
2644 938 2742 1006 ipsi
2797 934 3149 990 (Bconomiam
3191 931 3501 984 novissent:
3531 926 3666 1011 sed.it

2057 1053 2177 1092 cum
2204 1037 2352 1100 caeci,
2372 1045 2429 1089 et
2457 1048 2623 1089 canes
2666 1030 3003 1099 impudentes
3028 1033 3227 1087 essent,
3285 1020 3407 1074 talia
3437 1028 3625 1073 contra

2051 1129 2224 1197 justus
2262 1124 2477 1197 aggredi
2522 1122 2804 1179 audebant
2837 1118 3006 1190 :justi
3061 1130 3190 1171 vero
3231 1129 3263 1167 a
3287 1112 3391 1167 Deo
3418 1112 3468 1164 in
3496 1124 3629 1178 pace

2055 1220 2506 1289 suscipiebantur.

2131 1314 2294 1371 Vens.
2324 1316 2377 1368 2.
2423 1332 2441 1366 ι
2478 1312 2597 1367 Erit
2619 1311 2671 1365 in
2697 1324 2827 1380 pace
2856 1306 3125 1377 sepultura
3155 1302 3290 1371 ejus,
3315 1298 3519 1354 sublata
3539 1306 3624 1353 est

2054 1411 2119 1463 de
2157 1410 2356 1464 medio.
2401 1424 2417 1458 ι
2463 1404 2673 1461 Dixerit
2718 1402 2983 1473 quispiam
3018 1401 3130 1453 hace
3179 1406 3232 1451 et
3280 1393 3541 1449 Salvatori
3569 1400 3626 1447 et

2054 1500 2330 1570 discipulis
2362 1498 2478 1567 ejus
2524 1506 2864 1565 competere,
2922 1492 3010 1561 qui
3047 1507 3075 1545 a
3105 1489 3323 1544 Judaica
3357 1497 3514 1557 gente
3546 1485 3627 1538 in-

2053 1591 2207 1645 sidiis
2229 1591 2621 1659 appetebantur
2655 1603 2667 1640 :
2704 1586 2796 1641 sed
2822 1584 2982 1638 etiam
3030 1581 3120 1636 hic
3161 1579 3459 1634 Salvatoris
3489 1591 3626 1647 quos

2055 1694 2157 1748 que
2186 1679 2355 1734 nostri
2395 1676 2863 1732 resurrectionem
2908 1670 3218 1727 adumbrari
3246 1669 3627 1739 pronuntiave-

370 1756 494 1824 γιόν
519 1774 685 1828 φησιο
720 1758 815 1812 τοῦ
874 1761 972 1830 μὲν
1015 1760 1245 1817 θανάτου
1290 1764 1377 1818 διὰ
1421 1767 1519 1837 τῆς
1548 1769 1725 1837 ταφῆς
1786 1771 1949 1824 αὑτοῦ

2056 1773 2126 1826 rit
2162 1786 2177 1823 :
2212 1771 2284 1825 ita
2314 1780 2374 1823 ut
2407 1784 2553 1824 mors
2581 1768 2697 1838 ejus
2739 1776 2835 1835 per
2888 1764 3244 1833 sepulturam,
3299 1760 3625 1817 resurrectio

366 1847 716 1919 δηλουμένου,
743 1853 843 1923 τῆς
875 1854 920 1907 δ’
950 1855 1297 1921 ἀναστάσεως
1320 1857 1407 1911 διὰ
1433 1858 1551 1923 τοῦ,
1618 1878 1637 1912 ι
1676 1860 1855 1933 Ἤρθη
1889 1865 1952 1918 ὲκ

369 1939 468 1992 τοῦ
502 1941 670 2012 μέσου
704 1946 900 2018 ὴταφὴ
931 1948 1117 2001 αὑτοῦ.
1163 1968 1182 2001 ι
1232 1949 1467 2021 Ἀφανὴς
1512 1952 1700 2021 γέγονε
1751 1954 1838 2008 διά
1893 1956 1952 2009 τὸ

373 2029 451 2102 μὴ
483 2034 770 2104 άπομείναι
806 2036 968 2090 αύτὸν
996 2040 1053 2092 ὲν
1075 2039 1152 2111 τῷ
1183 2041 1284 2111 τῆς
1324 2044 1501 2113 ταφῆς
1526 2044 1674 2116 τόπῳ
1702 2063 1716 2075 θ
1771 2046 1890 2101 ὅθεν
1922 2048 1951 2099 ὁ

369 2120 602 2189 ἄγγελος
646 2124 871 2189 ἐπιστὰς
903 2130 1019 2191 ταῖς
1079 2128 1319 2197 γυναιξὶν
1374 2131 1525 2201 ἔλεγε
1550 2150 1562 2162 ·
1622 2153 1640 2185 ι
1677 2134 1809 2189 Τίνα
1859 2136 1955 2208 ζη-

367 2215 552 2279 τεῖτε;
610 2216 855 2287 Ἰησοῦν;
902 2219 1015 2273 Οὐκ
1068 2218 1214 2274 ἔστιν
1264 2219 1394 2276 ὦδε·
1434 2224 1607 2290 δεῦτε,
1667 2226 1802 2281 ἴδετε
1861 2229 1950 2282 τὸν

370 2303 539 2358 τόπον
564 2306 750 2362 αὐτοῦ.
793 2328 813 2363 ι

451 2415 469 2449 ι
508 2398 696 2469 Ὑμεῖς
724 2401 781 2454 δὲ
806 2404 1184 2473 προσαγάγετε
1221 2398 1343 2471 ὦδε,
1392 2408 1496 2460 υίοί
1545 2409 1754 2480 ἄνομοι,
1785 2408 1950 2480 σπέρ-

373 2506 452 2560 μα
478 2491 678 2561 μοιχῶν
707 2495 800 2547 καὶ
830 2497 1055 2569 πόρνης.
1097 2499 1184 2551 Ἐν
1234 2498 1337 2553 τίνι
1378 2502 1813 2573 ὲνετρυφήσατε;
1857 2503 1949 2555 καὶ

370 2584 465 2635 ἐπὶ
512 2584 634 2637 τίνα
679 2587 926 2656 ἠνοίξατε
968 2591 1030 2643 τὸ
1085 2592 1258 2662 στόμα
1313 2592 1503 2661 ὑμῶν;
1557 2594 1650 2648 καὶ
1697 2595 1787 2647 ἐπὶ
1833 2595 1949 2649 τίνα

370 2674 672 2743 ὲχαλάσατε
691 2678 790 2750 τὴν
810 2678 1059 2747 γλῶσσαν
1092 2682 1279 2754 ὑμῶν;
1303 2684 1413 2754 uox
1454 2685 1612 2755 ὑμεῖς
1631 2687 1753 2738 ἐστε
1782 2687 1948 2741 τέκνα

368 2765 663 2835 ἀπωλείας,
714 2772 934 2844 σπέρμα
980 2775 1240 2847 ἀνόμων;
1293 2796 1312 2828 ι
1370 2778 1444 2830 Οὐ
1496 2780 1603 2848 γὰρ
1656 2778 1802 2842 ἄξιον
1854 2779 1947 2832 τοῦ

381 2857 633 2930 Ἀϐραάμ
661 2862 754 2915 καὶ
785 2864 887 2934 τῆς
913 2866 1130 2937 Σάρρας
1160 2870 1326 2922 τέκνα
1348 2870 1491 2940 ὑμᾶς
1520 2870 1701 2924 καλεῖν
1726 2888 1740 2901 ·
1762 2872 1809 2924 εἰ
1838 2871 1947 2943 γάρ

368 2951 537 3005 τέκνα
592 2952 686 3005 τοῦ
727 2954 976 3027 Ἀϐραὰμ
1024 2953 1154 3029 ἦτε,
1211 2960 1280 3013 τὰ
1339 2959 1476 3032 ἔργα
1533 2960 1627 3013 τοῦ
1701 2962 1948 3033 Ἀϐραὰμ

368 3042 623 3095 ἐποιεῖτε.
653 3044 888 3115 Μοιχοὺς
912 3048 956 3100 δ’
988 3045 1125 3100 οἶδεν
1160 3050 1188 3101 ὁ
1216 3048 1373 3118 λόγος
1404 3050 1588 3104 καλεῖν
1618 3053 1743 3115 τοὺς
1777 3052 1945 3106 πάλαι

366 3131 904 3205 εἰδωλολατροῦντας,
930 3140 1058 3209 περὶ
1096 3133 1171 3193 ὧν
1216 3140 1427 3213 εἴρηται
1450 3159 1463 3171 ·
1505 3161 1522 3193 ι
1558 3141 1669 3195 Καὶ
1695 3144 1944 3213 ἐμοίχευ-

368 3246 469 3282 σαν
498 3231 560 3285 τὺ
593 3231 745 3296 ξύλον
778 3235 871 3286 καί
906 3235 998 3287 τὸν
1030 3234 1174 3291 λίθον
1198 3252 1211 3265 ·
1246 3255 1264 3287 ι
1303 3237 1507 3308 πόρνην
1527 3237 1583 3289 δὲ
1625 3238 1722 3309 τὴν
1751 3239 1947 3311 Ἰερου-

369 3318 549 3390 σαλὴμ
575 3320 763 3393 ἐδήλου
794 3322 882 3377 διὰ.
920 3324 1028 3377 τῶν
1063 3323 1369 3399 ἔμπροσθεν
1407 3327 1435 3378 ό
1488 3324 1674 3394 παρὼν
1738 3326 1947 3397 προφή-

364 3426 481 3479 της.
518 3411 767 3466 Μάλιστα
790 3412 899 3485 γὰρ
920 3414 1095 3467 αὐτῶν
1125 3414 1223 3485 τὴν
1256 3414 1504 3481 γλῶσσαν
1539 3416 1716 3468 καὶτὸ
1773 3416 1947 3487 στόμα

367 3505 711 3557 καταιτιᾶται
734 3504 823 3559 διὰ
850 3504 949 3567 τὰς
982 3505 1122 3558 κατά
1142 3505 1235 3559 τοῦ
1262 3506 1516 3577 Σωτῆρος
1541 3507 1744 3577 φωνὰς,
1764 3509 1856 3561 καὶ
1880 3507 1947 3572 εις

366 3596 534 3649 είσέτι
563 3597 657 3650 καὶ
683 3597 778 3651 νῦν
805 3598 927 3651 κατ’
956 3598 1122 3651 αὑτοῦ
1154 3598 1432 3653 ποιοῦνται
1459 3600 1823 3671 βλασφημίας.
1856 3599 1946 3652 Διό

366 3704 566 3759 φησιν·
634 3708 654 3741 ι
697 3690 819 3742 Ἐπὶ
880 3690 1002 3743 τίνα
1040 3689 1286 3759 ὴνοίξατε
1329 3691 1391 3744 τὸ
1423 3692 1599 3763 στόμα
1630 3691 1819 3761 ὑμῶν;
1852 3693 1946 3743 καὶ

364 3779 459 3833 ἐπὶ
483 3779 605 3833 τίνα
651 3781 951 3851 ἐχαλάσατε
980 3782 1077 3853 τὴν
1122 3781 1372 3850 γλῶσσαν
1404 3784 1586 3854 ὑμῶνς
1628 3784 1738 3853 Ούχ
1790 3784 1945 3854 ὑμεῖς

365 3872 492 3924 ἐστε
514 3870 676 3924 τέκνα
709 3871 1017 3937 ἁπωλείας;
1050 3892 1068 3924 ι

439 3977 460 4011 ι
496 3962 558 4013 Οἱ
601 3961 1047 4032 παρακαλοῦντες
1095 3962 1288 4015 εἴδωλα
1349 3964 1455 4016 ὑπὸ
1506 3963 1698 4033 δένδρα
1758 3963 1942 4029 δασέα,

366 4050 669 4121 σφάζοντες
726 4052 795 4106 τὰ
828 4053 994 4106 τέκνα
1045 4054 1224 4107 αὐτῶν
1274 4056 1329 4106 ὲν
1359 4056 1479 4117 ταῖς
1512 4054 1781 4124 φάραγξιν
1842 4056 1947 4110 ἁνὰ

368 4141 534 4208 μέσον
562 4143 671 4195 τῶν
700 4143 935 4214 πετρῶν.
991 4144 1202 4215 Ἐκείνη
1238 4161 1330 4197 σου
1358 4147 1390 4215 ἡ
1444 4146 1620 4217 μερὶς,
1655 4140 1806 4207 οὗτός
1851 4163 1944 4200 σου

362 4231 645 4303 ὁκλῆροςθ
702 4233 975 4297 κάκείνοις
1010 4233 1230 4305 ἐξέχεας
1291 4236 1542 4300 σπονδὰς,
1594 4237 1686 4289 καὶ
1737 4234 1945 4301 τούτοις

364 4324 670 4394 ἀνήνεγκας
689 4324 896 4389 θυσίας.
944 4326 1067 4379 Ἐπὶ
1108 4326 1318 4391 τούτοις
1351 4323 1444 4380 οὖν
1496 4327 1594 4380 οὐκ
1628 4327 1946 4399 ὀργισθήσο-

2050 1872 2251 1930 autem,
2283 1861 2369 1916 his
2392 1859 2593 1926 verbis,
2636 1876 2654 1911 ι
2686 1857 2908 1912 Sublata
2936 1865 3018 1910 est
3054 1855 3120 1909 de
3157 1854 3331 1910 medio
3352 1852 3625 1922 sepultura

2050 1956 2187 2025 ejus,
2223 1974 2242 2007 ι
2281 1954 2572 2009 indicetur.
2630 1951 2706 2007 De
2759 1950 2935 2005 medio
2982 1948 3223 2005 sublatus
3259 1958 3361 2009 est,
3398 1944 3519 2015 quia
3565 1944 3619 1999 in

2051 2047 2167 2103 loco
2211 2047 2501 2117 sepultura:
2539 2060 2644 2101 non
2687 2043 2885 2099 mansit
2927 2057 2942 2096 :
2980 2054 3146 2112 quare
3183 2038 3404 2106 angelus
3435 2035 3621 2090 muliec

2052 2140 2199 2195 ribus
2216 2148 2402 2193 astans
2428 2136 2678 2192 dicebat:
2709 2155 2726 2188 ‹
2761 2135 2928 2202 Quem
2958 2131 3234 2203 quagritis?
3257 2129 3439 2185 Jesum
3463 2128 3485 2182 ?
3506 2126 3623 2182 Non

2048 2240 2131 2286 est
2178 2230 2283 2287 hic.
2321 2228 2524 2295 venite,
2550 2228 2727 2286 videte
2755 2227 2928 2283 locum
2952 2224 3067 2293 ejus
3094 2225 3137 2277 θ.
3179 2242 3197 2274 ›

2129 2406 2288 2463 Vens.
2325 2406 2380 2471 3,
2403 2406 2459 2463 4.
2484 2424 2502 2457 ι
2532 2405 2640 2461 Vos
2669 2413 2848 2458 autem
2876 2400 3123 2458 accedite
3151 2400 3275 2465 huc,
3303 2396 3397 2451 ﬁlii
3426 2395 3621 2466 iniqui,

2049 2512 2231 2552 semen
2249 2495 2616 2552 adulterorum
2631 2493 3022 2549 etmeretricis.
3042 2491 3094 2543 ln
3117 2504 3273 2560 quem
3292 2485 3625 2542 insultastist

2050 2600 2104 2644 et
2139 2590 2193 2644 in
2223 2604 2381 2659 quem
2406 2586 2697 2658 aperuistis
2729 2599 2791 2639 os
2813 2583 3089 2639 vestrum?
3110 2591 3166 2636 et
3202 2581 3255 2634 in
3282 2594 3440 2647 quem
3476 2580 3625 2631 laxa-

2049 2683 2146 2737 stis
2183 2682 2418 2752 linguam
2451 2687 2684 2734 vestram
2707 2677 2733 2729 ?
2781 2676 2969 2731 Nonne
2999 2687 3096 2727 vos
3142 2673 3273 2727 estis
3307 2671 3400 2725 lilii
3438 2669 3621 2739 perdi-

2054 2774 2232 2839 tionis,
2259 2786 2441 2827 semen
2474 2770 2805 2842 impiorum?
2831 2786 2851 2820 ι
2893 2766 3076 2835 Neque
3122 2764 3266 2818 enim
3307 2763 3451 2833 digni
3492 2762 3625 2816 estis

2049 2865 2139 2934 qui
2191 2865 2426 2919 Abrahze
2476 2872 2529 2919 et
2580 2861 2726 2917 Sara:
2775 2858 2869 2913 lilii
2917 2855 3227 2913 vocemini:
3265 2869 3385 2908 nam
3438 2852 3482 2907 si
3527 2851 3621 2905 ﬁlii

2050 2956 2279 3010 Abrahae
2317 2954 2533 3019 essetis,
2560 2967 2721 3023 opera
2746 2950 2978 3009 Abrahae
3006 2947 3279 3002 faceretis.
3334 2944 3624 3000 Adulteros

2048 3058 2226 3102 autem
2256 3045 2393 3103 solet
2411 3044 2688 3116 Scriptura
2706 3057 2901 3101 vocare
2920 3056 3036 3107 eos,
3053 3040 3143 3110 qui
3158 3038 3286 3095 olim
3306 3036 3623 3093 idololatria:

2047 3140 2215 3196 dediti
2266 3148 2442 3205 erant,
2473 3140 2543 3194 de
2581 3137 2777 3208 quibus
2802 3137 3021 3199 dicitur,
3078 3152 3098 3187 ι
3145 3133 3212 3187 Et
3252 3131 3625 3186 adulterarunt

2047 3234 2245 3302 lignum
2276 3242 2330 3286 et
2346 3231 2571 3301 lapidem
2596 3248 2610 3283 :
2652 3247 2670 3280 ›
2699 3227 3035 3283 meretricem
3053 3239 3179 3280 vero
3199 3221 3623 3291 Hierosolymam

2047 3327 2134 3380 hic
2176 3324 2435 3393 propheta
2481 3320 2730 3391 superius
2782 3317 3133 3385 nuncupavit.
3182 3313 3383 3367 Eorum
3425 3311 3624 3380 quippe

2047 3414 2283 3483 linguam
2316 3422 2371 3466 et
2410 3425 2474 3465 os
2514 3410 2567 3463 in
2618 3410 2824 3464 crimen
2883 3407 3119 3461 maxime
3165 3412 3344 3470 vocat,
3401 3410 3624 3471 propter

2047 3504 2166 3558 illas
2204 3512 2392 3558 contra
2416 3500 2752 3555 Salvatorem
2784 3500 3012 3552 emissas
3051 3509 3234 3559 voces,
3274 3502 3329 3547 et
3370 3493 3438 3547 ob
3468 3490 3625 3559 ,blas-

2047 3594 2240 3664 phema
2288 3591 2477 3656 verba,
2505 3604 2623 3659 qua:
2659 3588 2927 3655 hodieque
2963 3584 3218 3638 adversus
3265 3581 3413 3636 illum
3441 3579 3621 3650 profe-

2049 3697 2195 3744 runt.
2266 3684 2601 3754 Quapropter
2659 3680 2758 3744 ait,
2816 3695 2836 3730 ι
2888 3678 2946 3730 In
3002 3690 3160 3746 quem
3227 3672 3512 3742 aperuistis
3555 3686 3620 3726 os

2046 3789 2309 3843 vestrum,
2358 3786 2413 3832 et
2464 3776 2519 3830 in
2565 3787 2724 3843 quem
2782 3768 3006 3825 laxastis
3058 3767 3297 3836 linguam
3344 3761 3623 3819 vestram?

2046 3870 2235 3928 Nonne
2263 3885 2360 3924 vos
2392 3868 2523 3923 estis
2554 3866 2646 3922 ﬁlii
2668 3846 2999 3935 perditionis
3022 3859 3045 3913 ?
3068 3878 3086 3911 ι

2118 3960 2282 4016 Vsus.
2330 3960 2384 4026 5,
2415 3959 2472 4014 6.
2515 3976 2531 4009 ι
2564 3956 2667 4024 Qui
2712 3951 2990 4009 advocatis
3041 3948 3181 4005 idola
3208 3949 3306 4003 sub
3338 3944 3624 4001 arboribus

2045 4053 2249 4122 opacis,
2281 4050 2371 4119 qui
2424 4046 2687 4120 jugulatis
2745 4044 2885 4098 ﬁlios
2931 4048 3142 4095 vestros
3194 4038 3248 4091 in
3281 4036 3535 4101 vallibus,
3566 4033 3623 4089 in

2047 4141 2223 4197 medio
2277 4150 2576 4209 petrarum.
2625 4134 2749 4189 Haec
2790 4132 2965 4203 portio
3013 4137 3126 4195 tua,
3156 4128 3271 4182 haec
3307 4140 3425 4181 sors
3478 4133 3617 4177 tua:

2045 4244 2101 4288 et
2126 4233 2232 4287 illis
2255 4229 2488 4285 eﬁ‘udisti
2521 4226 2802 4289 libamina,
2835 4232 2888 4279 et
2927 4223 3035 4278 illis
3064 4218 3305 4276 obtulisti
3328 4214 3617 4271 sacriﬁcia.

2049 4324 2220 4394 Super
2238 4323 2324 4377 his
2352 4335 2482 4388 ergo
2513 4335 2617 4373 non
2650 4314 2900 4371 irascar?
2931 4334 2949 4367 ι
3006 4313 3100 4369 His
3145 4310 3293 4367 clare
3320 4305 3620 4364 ostenditur

370 4430 505 4484 μαι;
543 4432 561 4464 ι
595 4413 787 4482 Σαφῶς
821 4414 877 4467 δὲ
909 4413 997 4468 διὰ
1031 4415 1235 4468 τούτων
1288 4415 1559 4470 δείκνυται
1609 4420 1642 4488 ή
1697 4418 1944 4488 παροῦσα

2050 4418 2186 4471 hanc
2204 4412 2535 4485 prophetiam
2581 4408 2882 4464 idololatris
2908 4407 2999 4476 qui
3028 4416 3266 4473 tempore
3297 4400 3445 4455 Isaiae
3467 4406 3621 4453 erant

365 4506 672 4579 προφητεία
692 4508 803 4568 τοῖς
836 4504 977 4558 κατὰ
1002 4506 1128 4568 τοὺς
1153 4506 1379 4576 χρόνους
1412 4507 1633 4560 Ἡσαΐου
1682 4506 1776 4560 τοῦ
1811 4526 1943 4579 προ⁸

363 4600 539 4669 φήτου
570 4598 982 4669 εἰδωλολάτραις
1013 4599 1376 4671 ἁρμόττουσα.

436 4710 456 4742 ‹
492 4691 608 4743 Ἐπ’
636 4691 761 4761 ὅρος
788 4689 989 4759 ὑψηλὸν
1013 4691 1107 4743 καὶ
1133 4691 1429 4762 μετέωρον,
1450 4693 1564 4744 ὲκεί
1590 4708 1682 4743 σου
1711 4694 1743 4761 ή
1768 4692 1943 4764 κοίτη,

363 4783 463 4835 καὶ
513 4783 629 4835 ἐκεῖ
684 4781 1013 4845 ἁνεϐίϐασας
1071 4781 1261 4846 θυσίας
1322 4798 1435 4836 σου.
1468 4800 1486 4833 ι
1534 4780 1689 4834 Κατὰ
1739 4780 1942 4845 ταῦτα,

364 4872 553 4941 φησὶν,
588 4870 889 4940 ἔπραττες,
920 4872 1041 4925 οὐδὲ
1074 4873 1471 4945 κεκρυμμένως
1533 4871 1766 4937 ἀσεϐῶν,
1812 4872 1947 4926 ἀλλὰ

361 4962 969 5033 πεπαρρησιασμένως·
1020 4962 1191 5027 οὕτως
1217 4964 1291 5027 ὡς
1324 4965 1418 5017 καὶ
1473 4964 1559 5016 ἐπ’
1604 4962 1783 5017 αὐτῶν
1837 4964 1945 5017 τῶν

361 5048 745 5119 ὑψηλοτάτων,
768 5050 910 5121 ὀρῶν
967 5052 1231 5106 ἐπιτελεῖν
1303 5052 1404 5118 τὰς
1473 5053 1788 5124 δαιμονικέας
1854 5054 1947 5107 θυ-

364 5139 511 5203 σίας.

440 5250 458 5281 ι
500 5231 609 5285 Καὶ
633 5233 808 5288 ὀπίσω
836 5234 945 5288 τῶν
974 5235 1227 5307 σταθμῶν
1258 5238 1355 5308 τῆς
1399 5238 1569 5308 θύρας
1602 5255 1693 5291 σου
1743 5236 1946 5309 ἔθηκας

364 5320 693 5391 μνημόσυνά
748 5342 860 5379 σου.
896 5328 1046 5396 ’ᾨου,
1091 5327 1193 5391 ὅτι,
1232 5328 1326 5382 ἐὰν
1369 5331 1462 5383 ἀπ’
1495 5328 1628 5401 ἐμοῦ
1679 5331 1941 5401 ἀποστῇς,

363 5414 552 5467 πλεῖόν
584 5433 635 5468 τι
661 5416 822 5482 ἕξεις.
860 5420 1181 5490 Ἠγάπησας
1225 5421 1350 5484 τοὺς
1384 5421 1757 5493 κοιμωμένους
1809 5422 1946 5493 μετὰ

279 5531 291 5539 -
365 5507 486 5573 τοῦ,
530 5509 624 5563 καὶ
684 5510 988 5585 ὲπλήθυνας
1018 5512 1117 5586 τὴν
1171 5513 1423 5585 πορνείαν
1456 5532 1549 5569 σου
1599 5516 1719 5586 μετ’
1747 5513 1945 5574 αὐτῶν.

440 5686 462 5719 ⁹
482 5684 647 5739 Marc.
669 5701 784 5751 xw,
808 5684 861 5742 6.

2048 4508 2356 4565 convenire.

2120 4688 2286 4746 Vsus.
2321 4692 2373 4744 7.
2409 4707 2429 4740 ι
2466 4687 2638 4760 Super
2661 4694 2898 4742 montem
2932 4680 3201 4739 excelsum
3233 4686 3289 4733 et
3327 4676 3518 4739 altum,
3548 4674 3621 4728 ibi

2051 4783 2227 4840 cubile
2251 4793 2424 4846 tuum,
2461 4790 2516 4835 et
2548 4780 2675 4835 illnc
2718 4775 2988 4834 adduxisti
3044 4772 3311 4829 sacriﬁcia
3351 4778 3462 4825 tua.
3502 4787 3520 4820 ›
3554 4766 3623 4820 Et

2051 4877 2187 4943 haec,
2227 4875 2421 4945 inquit,
2476 4872 2633 4943 egisti
2667 4885 2773 4925 non
2814 4868 2956 4924 clam
2984 4865 3150 4935 impie
3179 4879 3365 4933 agens,
3409 4861 3500 4917 sed
3527 4873 3623 4928 pa-

2053 4969 2156 5022 lam
2187 4976 2242 5023 et
2273 4964 2630 5028 conﬁdenter,
2669 4963 2740 5016 ita
2766 4969 2825 5013 ut
2861 4958 3024 5014 etiam
3054 4957 3107 5010 in
3135 4952 3445 5011 celsissimis
3470 4965 3622 5005 mon-

2054 5060 2185 5114 tium
2214 5057 2589 5113 cacuminibus
2617 5052 2878 5111 diabolica
2905 5046 3172 5106 sacriﬁcia
3210 5044 3453 5101 offerres.

2122 5236 2289 5292 Vens.
2324 5236 2378 5301 8,
2420 5235 2473 5291 9.
2536 5253 2555 5286 ι
2593 5235 2659 5289 Ει
2686 5242 2833 5289 retro
2868 5240 3049 5303 postes
3096 5229 3219 5285 ostii
3277 5227 3353 5283 tui
3394 5225 3619 5297 posuisti

2052 5328 2385 5383 memorialia
2416 5335 2528 5381 tua.
2558 5324 2813 5386 Putabas,
2843 5322 2887 5376 si
2920 5336 2949 5374 a
2982 5335 3067 5374 me
3092 5317 3391 5382 recederes,
3435 5325 3485 5370 te
3506 5330 3621 5370 am-

2052 5419 2190 5491 plius
2236 5420 2363 5487 quid
2406 5417 2736 5472 habituram.
2783 5411 3027 5468 Dilexisti
3059 5409 3388 5466 dormientes
3418 5420 3618 5472 tecum,

2052 5522 2107 5570 ct
2138 5509 2503 5581 multiplicasti
2553 5506 2935 5565 fornicationes
2967 5514 3083 5561 tuas
3111 5518 3233 5560 cum
3259 5503 3359 5566 eis.
3396 5502 3618 5558 multos—
3680 5534 3693 5549 ο
