4108 6204
515 321 619 379 om

1188 309 1452 367 EUSEBII
1488 304 1963 364 C£SARIENSIS
1997 300 2149 357 OPP.
2195 298 2372 353 PARS
2408 299 2493 351 lll.
2534 328 2603 340 —-
2641 290 3051 349 EXEGETICA.

3657 281 3766 339 476

516 442 802 515 queionge
827 456 857 493 a
898 450 949 492 te
980 436 1154 490 fecisti
1179 434 1313 501 (41).
1353 451 1372 484 ι
1418 432 1569 487 Multi
1602 430 1803 499 quippe
1828 429 1928 483 viri
1980 430 2088 483 Deo

2220 423 2286 475 ιαί
2321 419 2548 480 πολλοὺς
2575 414 2833 486 ἐποίησας
2861 413 2988 474 τοὺς
3012 410 3227 481 μακράν
3254 404 3365 458 ἀπὺ
3397 402 3510 471 σοῦ.
3551 421 3569 453 ι
3594 400 3760 515 [not-

518 493 1146 596 tidcvlicvtifﬂierosolymis
1167 493 1227 578 se
1251 493 1634 592 proripiebant,
1664 493 1913 589 ob-impia
1944 531 2092 590 gesta

2220 515 2275 567 ,οὶ
2290 513 2399 583 γὰρ
2415 511 2610 579 ἔφυγον
2620 506 2716 579 τὴν
2744 501 3095 576 Ἰερουσαλὴμ
3120 502 3168 554 oi
3188 497 3265 569 τῷ
3288 494 3405 565 Θεῷ
3425 493 3766 596 ἀνακείμενοι

519 642 641 695 qur:
688 624 759 679 ibi
812 620 1287 690 perpetrabantur.
1321 635 1339 667 ι
1378 616 1446 669 Et
1477 613 1671 669 misisti
1725 615 1924 683 legatos
1956 613 2093 666 ultra

2220 610 2387 679 ἰνδρες
2407 604 2495 657 διὰ
2520 602 2617 662 τὰς
2638 600 2694 651 ἐν
2716 598 2852 668 αὐτῇ
2877 592 3297 663 συντελουμένας
3313 587 3506 649 ἀθέους
3521 583 3766 656 πράξεις.

524 718 784 771 terminos
822 725 967 777 tuos,
988 724 1039 766 et
1064 710 1340 767 humiliata
1378 722 1437 761 es
1463 721 1633 775 usque
1667 709 1733 761 ad
1759 707 2089 761 infernum.»

522 809 647 864 llaec
683 809 865 861 omnia
907 804 1065 874 quasi
1120 805 1184 859 de
1230 802 1518 856 meretrice
1566 800 1820 868 loquitur,
1841 815 1960 869 qua:
1982 799 2097 867 pul-

2202 726 2219 756 ι
2257 704 2365 757 Καὶ
2392 697 2717 758 ἀπέστειλας
2747 692 3005 764 πρέσϐεις
3036 691 3175 760 ὑπὲρ
3236 686 3304 741 τὰ
3354 684 3480 755 ὅρια
3525 697 3641 746 σου,
3677 680 3772 733 καὶΙ

2197 792 2569 862 ὲταπεινώθης
2595 790 2699 851 ἕως
2734 785 2879 857 ᾅδου.
2923 804 2941 836 ι
3006 780 3187 834 Ταῦτα
3249 777 3425 831 πάντα
3488 787 3777 844 προσωποσ

521 901 819 957 claritudini
845 908 898 952 et
927 900 1110 953 decori
1138 899 1406 964 studebat,
1428 912 1489 953 ac
1518 896 1650 950 nihil
1668 910 1775 949 non
1803 895 1999 964 agebat
2030 893 2096 947 ad

2220 891 2343 942 τοιεῖ
2379 888 2456 949 ὼς
2484 883 2620 955 πρὸς
2652 881 2877 950 ἑταίραν
2905 871 3413 942 καλλωπιζομένην,
3449 868 3544 922 καὶ
3598 865 3776 919 πάντα

522 994 851 1061 voluptatem
877 1005 1063 1044 eorum
1092 991 1181 1057 qui
1207 1004 1392 1044 secum
1424 989 1709 1057 degebant.

596 1083 759 1137 Vens.
785 1083 869 1136 l0.
909 1102 926 1132 ι
952 1076 1133 1136 Multis
1162 1082 1446 1135 itineribus
1470 1082 1575 1134 tuis
1604 1080 1883 1143 laborasti,
1912 1089 1966 1133 et
1992 1094 2095 1131 non

524 1176 732 1238 dixisti,
770 1175 1043 1228 Desinant.
1076 1193 1094 1226 ι
1128 1172 1244 1228 Νοη
1267 1173 1410 1228 enim
1457 1172 1511 1226 in
1547 1188 1650 1225 una
1688 1171 1833 1239 regia
1884 1172 1967 1225 via
2016 1171 2096 1224 in—

2201 980 2547 1054 πράττουσαν
2574 975 2658 1044 ἐφ’
2688 972 2846 1043 ἡδονῇ
2875 969 2983 1021 τῶν
3006 965 3312 1037 προσόντων
3334 962 3494 1031 αὐτῇ.

2274 1091 2293 1124 ι
2325 1072 2435 1133 Τὰς
2465 1066 2752 1127 πολυοδίας
2790 1079 2885 1116 σου
2940 1057 3270 1119 ὲκοπίασας,
3314 1052 3408 1107 καὶ
3459 1050 3558 1103 οὐκ
3598 1044 3775 1113 εἶπας,

2203 1165 2509 1234 Παύσομαι.
2554 1180 2570 1211 ι
2616 1159 2690 1212 Οὐ
2744 1157 2854 1227 γὰρ
2900 1153 3025 1225 μίαν
3064 1148 3260 1210 ὦδευες
3286 1145 3385 1217 τὴν
3411 1142 3694 1234 βασιλικὴν
3720 1142 3777 1193 ὁ-

524 1266 791 1332 cedebas,
839 1266 933 1320 sed
979 1266 1030 1319 in
1058 1265 1241 1319 multis
1271 1275 1326 1318 et
1355 1263 1548 1318 deviis.
1596 1283 1613 1313 ι
1642 1261 1943 1327 lnvaluisti,
1974 1264 2097 1331 quia

2220 1263 2309 1321 ἰὸν,
2344 1233 2478 1310 ἀλλὰ
2503 1251 2702 1314 πολλὰς
2758 1249 2850 1301 καὶ
2905 1238 3343 1311 πεπλανημένας.
3372 1255 3390 1287 ι
3440 1233 3780 1303 Ἐνίσχυσας,

526 1361 641 1414 haec
676 1359 869 1426 egisti;
900 1358 1022 1411 ideo
1072 1372 1157 1411 me
1186 1372 1290 1410 non
1324 1355 1523 1423 rogasti
1559 1373 1571 1408 :
1614 1373 1631 1406 ι
1691 1355 1782 1410 sed
1810 1356 1963 1423 quasi
2010 1369 2097 1408 ro-

526 1452 654 1505 bore
684 1461 739 1504 et
772 1451 1053 1517 iuventute
1088 1449 1293 1510 valens,
1325 1434 1408 1502 his
1450 1448 1630 1518 pejora
1664 1447 1951 1512 admisisti,
1987 1457 2100 1501 tur-

526 1540 685 1612 pibtts
722 1542 890 1611 gestis
912 1540 1017 1593 tuis
1048 1541 1329 1595 insistens.

596 1715 761 1772 Vens.
820 1716 1005 1772 11-15.
1067 1718 1289 1802 (Quen).
1337 1718 1534 1770 timens
1591 1715 1881 1785 perterrita
1924 1723 2102 1768 eszet

2200 1358 2276 1409 ὅτι
2321 1351 2563 1423 ἔπραξας
2620 1345 2822 1399 ταῦτα·
2859 1336 3162 1420 διὰντοῦτο
3207 1334 3266 1386 οὐ
3302 1329 3633 1401 κατεδεήθης
3680 1345 3782 1399 μου

2204 1450 2295 1502 σύυ
2338 1467 2355 1497 ι
2396 1420 2528 1497 αλλ’
2587 1440 2773 1509 ὥσπερ
2804 1435 3064 1505 ἰσχύουσα
3104 1434 3200 1484 καὶ
3238 1423 3638 1494 νεανιευομένη,
3670 1420 3784 1492 χεί-

2207 1555 2333 1611 ρονα
2363 1535 2565 1589 τούτων
2600 1528 2843 1602 ἔπραξας
2895 1524 3226 1596 ἐπιμένουσα
3256 1523 3378 1583 ταῖς
3402 1516 3630 1580 οἰκείαις
3661 1517 3787 1570 άτο-

2204 1632 2373 1693 πίαις.

2279 1742 2297 1773 ι
2341 1721 2475 1774 Τίνα
2500 1717 2857 1789 εύλαϐηθεῖσα
2888 1712 3179 1783 ἐφοϐήθης,
3200 1711 3294 1763 καὶ
3342 1708 3553 1777 ἐψεύσω
3582 1722 3669 1776 με,
3694 1704 3791 1756 καὶ

531 1811 754 1865 mentita
805 1825 864 1865 es
897 1810 1050 1873 mihi,
1080 1826 1182 1864 nec
1216 1788 1506 1865 meministi
1544 1810 1685 1873 mei,
1735 1822 1833 1862 nec
1884 1807 2103 1876 posuisti

2220 1819 2312 1871 οὐκ
2342 1815 2620 1888 ἐμνήσθης
2658 1788 2780 1883 μου,
2809 1810 2915 1863 οὐδ’
2944 1807 3133 1871 έλαϐές
3166 1824 3232 1877 με
3286 1806 3366 1866 εἰς
3401 1802 3500 1873 τὴν
3529 1799 3789 1861 διάνοιαν,

532 1920 615 1958 me
646 1905 696 1959 in
735 1912 915 1958 mente
954 1913 1038 1956 tua
1061 1943 1086 1975 ,ψ
1122 1918 1221 1957 nec
1270 1902 1325 1956 in
1377 1904 1538 1957 corde
1592 1903 1729 1955 tuo?
1791 1898 1859 1953 Et
1902 1914 2003 1969 ego
2056 1909 2106 1952 te

531 1994 738 2057 videns,
768 1993 1027 2063 despicio,
1054 2002 1107 2047 et
1132 2002 1217 2048 m‘e
1247 2008 1351 2047 non
1391 1994 1635 2047 timuisti.
1684 1992 1751 2047 Et
1786 2007 1886 2061 ego
1909 2007 2108 2045 annun-

534 2086 682 2140 tiabo
708 2084 976 2152 justitiam
1012 2095 1259 2142 meamet
1295 2085 1432 2139 mala
1468 2095 1578 2151 tua,
1606 2095 1658 2138 et
1686 2101 1790 2138 non
1816 2086 2107 2153 proderunt

534 2177 650 2230 tibi.
686 2175 817 2231 Cum
849 2176 1204 2239 clamaveris,
1231 2187 1424 2230 eruant
1456 2177 1581 2230 tein
1630 2176 1971 2231 tribulatione
1995 2186 2105 2230 tua.

536 2268 643 2322 llos
669 2269 867 2336 quippe
899 2274 1089 2322 omnes
1114 2277 1306 2321 ventus
1346 2265 1575 2332 auferet,
1606 2277 1659 2322 et
1701 2277 1986 2337 tempestas
2010 2269 2109 2323 tol-

536 2360 628 2414 let.
654 2358 753 2424 Qui
791 2368 967 2412 autem
1000 2359 1275 2412 adlnerent
1300 2357 1432 2411 mihi
1458 2397 1474 2422 ,
1511 2360 1855 2427 possidebunt
1911 2369 2106 2415 terram

534 2462 588 2505 et
610 2449 923 2506 hzereditate
950 2450 1215 2517 accipient
1259 2462 1493 2504 montem
1543 2460 1786 2505 sanctum
1838 2466 2037 2507 meum.
2086 2470 2105 2503 ι

537 2541 738 2597 Omnes
786 2543 966 2610 itaque
1010 2556 1104 2596 eos
1128 2541 1218 2611 qui
1256 2542 1589 2605 incusantur,
1636 2551 1826 2597 ventus
1874 2542 2020 2597 tollet
2058 2552 2111 2597 et

538 2643 828 2703 tempestas
849 2633 1081 2689 auferet.
1124 2633 1187 2687 Et
1219 2633 1525 2701 huiusmodi
1577 2630 1701 2688 linis
1750 2635 1967 2689 invadet
2018 2651 2112 2689 eos

541 2724 630 2793 qui
665 2723 735 2779 ob
773 2725 1027 2792 praedicta
1070 2725 1121 2778 in
1150 2726 1357 2780 crimen
1386 2735 1648 2779 vocantur
1688 2741 1823 2782 :cos
1860 2740 1990 2781 vero
2022 2728 2111 2795 qui

540 2810 739 2865 bonam
765 2811 973 2881 elegere
997 2818 1220 2877 sortem,
1254 2827 1337 2866 me
1367 2812 1573 2868 scilicet
1623 2814 1816 2879 Deum,
1855 2830 1918 2870 ac
1941 2816 2115 2870 since-

543 2901 775 2956 roSillos
804 2902 1049 2958 homines
1083 2906 1172 2973 qui
1209 2920 1343 2974 pure
1383 2906 1513 2960 mihi
1551 2907 1935 2973 adhaerebant,
1977 2924 2115 2963 mer-

540 3010 632 3049 ces
661 3009 780 3048 mea
807 2995 1059 3064 excipiet.

619 3085 775 3139 Vstts.
829 3084 917 3140 14.
960 3105 977 3137 ι
1004 3086 1065 3139 Et
1094 3087 1274 3142 dicent
1308 3106 1321 3141 :
1352 3087 1583 3159 Purgate
1609 3092 1723 3147 vias
1757 3110 1785 3147 ει
1815 3095 1950 3151 facie
1979 3099 2111 3168 ejus,

545 3186 598 3231 et
623 3177 793 3230 tullite
818 3174 1135 3231 offendicula
1185 3179 1251 3231 de
1293 3180 1378 3232 via
1426 3157 1607 3249 populi
1645 3184 1770 3239 mei.
1798 3204 1816 3236 ι
1856 3186 1989 3242 Nam
2007 3157 2115 3258 'qui
2144 3157 2185 3214 Ο

549 3277 693 3322 recte
719 3266 858 3335 apud
908 3266 1077 3322 Deum
1128 3286 1186 3325 se
1230 3273 1389 3339 gerit,
1426 3286 1532 3327 non
1579 3275 1768 3332 salutis
1820 3280 1977 3334 modo
2011 3297 2119 3337 sua:

546 3356 995 3420 cmrmltabehit.
1049 3363 1140 3417 sed
1170 3366 1331 3418 etiam
1372 3367 1569 3437 populo
1606 3368 1699 3424 Dei
1758 3386 1880 3426 sese
1933 3374 2117 3428 utilem

550 3454 860 3522 praestabit,
912 3456 1233 3525 praecipiens
1287 3458 1361 3514 illi
1420 3468 1477 3513 ut
1532 3461 1673 3514 viam
1713 3463 1931 3534 pietatis
1968 3481 2119 3521 com-

549 3538 774 3614 planet,
828 3552 882 3602 ει
937 3546 1297 3617 oll‘endicula,
1348 3553 1395 3606 si
1453 3568 1558 3624 qua
1611 3554 1919 3625 videantur,
1968 3573 2114 3614 amo-

550 3647 694 3692 veat.

621 3730 809 3787 Vens."
848 3733 933 3787 15.
973 3752 991 3784 ι
1023 3732 1147 3788 llmc
1175 3736 1305 3789 dieit
1337 3733 1669 3803 Altissimus,
1698 3740 1787 3808 qui
1814 3742 1865 3793 in
1894 3741 2123 3797 excelsis

550 3823 762 3879 habitat
791 3825 843 3877 in
875 3826 1151 3887 saeculum,
1186 3825 1415 3881 Sanctus
1448 3826 1500 3880 in
1543 3831 1743 3883 sanctis
1787 3846 1981 3885 nomen
2025 3833 2072 3887 ei
2104 3851 2119 3887 :

550 3915 892 3982 Altissimus,
926 3916 1017 3985 qui
1055 3918 1107 3971 in
1145 3918 1351 3973 sanctis
1402 3920 1712 3989 requiescit,
1760 3931 1813 3976 et
1845 3923 2121 3992 pusillani-

555 4008 660 4062 mis
692 4008 785 4063 dat
811 4009 1146 4078 patientiam,
1191 4020 1245 4065 et
1270 4012 1365 4064 dat
1390 4010 1555 4065 vitam
1587 4012 1838 4067 contritis
1863 4017 2046 4071 corde.
2098 4034 2118 4067 ι

553 4095 622 4155 lis
647 4099 700 4153 in
730 4099 924 4168 popqu
960 4102 1049 4169 qui
1078 4101 1276 4171 pietate
1299 4113 1355 4157 et
1386 4103 1578 4158 timore
1600 4105 1691 4159 Dei
1710 4107 1916 4175 prazditi
1945 4121 2120 4174 erant,

556 4190 757 4260 quique
783 4204 1128 4259 peccatorum
1162 4196 1538 4263 paenitentiam
1573 4207 1817 4266 egerant,
1849 4215 1984 4269 quos
2010 4200 2125 4254 hac

559 4283 837 4353 Scriptura
867 4286 1133 4340 contritos
1181 4288 1348 4343 corde
1397 4296 1451 4343 et
1500 4289 1872 4359 pusillanimes
1926 4302 2121 4355 vocat,

557 4376 981 4432 consolationem
1016 4377 1192 4433 all'ert.
1220 4378 1494 4448 Siquidem
1516 4421 1530 4445 ,
1561 4383 1661 4436 etsi
1691 4385 1844 4452 pauci
1879 4400 2120 4450 numero,

2215 1908 2327 1964 οὐδ’
2363 1911 2440 1971 εἰς
2473 1907 2572 1978 τὴν
2606 1904 2831 1976 καρδίαν
2867 1918 2994 1964 σου;
3027 1900 3135 1953 Καὶ
3165 1896 3275 1965 ὲγώ
3300 1910 3356 1947 σε
3388 1891 3510 1945 ἰδὼν
3544 1889 3790 1960 παρορῶ,

2215 2005 2307 2057 καὶ
2327 2002 2425 2073 ἐμὲ
2457 2000 2558 2054 οὐκ
2591 1996 2886 2069 ἐφοϐήθης.
2962 1993 3073 2047 Καὶ
3115 1989 3224 2059 ἐγὼ
3257 1985 3552 2054 ἀπαγγελῶ
3585 1982 3682 2051 τὴν
3715 1981 3795 2034 διο

2215 2094 2504 2163 καιοσύνην
2556 2109 2656 2163 μου
2700 2090 2793 2143 καὶ
2824 2087 2891 2141 τά
2922 2084 3068 2139 κακά
3089 2102 3201 2143 σου.
3237 2082 3331 2135 καὶ
3373 2080 3473 2133 οὐκ
3524 2076 3796 2147 ὠφελήσει

2218 2206 2295 2241 σε.
2333 2188 2499 2239 Ὅταν
2534 2182 2863 2253 ἁναϐοήσῃς,
2897 2175 3263 2243 έξελέσθωσάν
3308 2190 3369 2226 σε
3402 2174 3460 2224 ὲν
3499 2172 3566 2241 τῇ
3618 2167 3798 2237 θλίψει

2220 2299 2312 2334 σου
2333 2297 2345 2310 ο
2376 2278 2594 2339 τούτους
2624 2274 2730 2345 γάρ
2758 2272 2962 2333 πάντας
2990 2269 3187 2338 ἄνεμος
3228 2265 3491 2336 λήψεται,
3521 2262 3613 2314 καὶ
3636 2259 3799 2313 ἀποί-

2222 2389 2301 2424 σει
2334 2368 2605 2437 καταιγίς.
2642 2367 2703 2419 Oi
2736 2365 2789 2417 δὲ
2816 2361 3165 2433 ἀντεχόμενοί
3201 2375 3300 2428 μου
3354 2358 3641 2425 κτήσονται
3667 2353 3796 2422 γῆν,

2220 2465 2313 2518 καὶ
2345 2462 2808 2533 κληρονομήσουσι
2836 2456 2897 2508 τὸ
2923 2454 3048 2525 ὅρος
3094 2452 3155 2504 τὸ
3186 2450 3337 2519 ἆγιόν
3361 2464 3485 2519 μου.
3525 2466 3541 2497 ι
3580 2444 3799 2505 Πάντας

2222 2559 2320 2629 μὲν
2344 2552 2434 2609 οὖν
2463 2555 2588 2617 τοὺς
2633 2546 3105 2621 κατηγορηθέντας
3153 2545 3381 2615 λήψεται
3425 2541 3643 2609 ἄνεμος,
3705 2537 3801 2589 καὶ

2221 2653 2435 2706 ἀποίσει
2460 2644 2732 2716 καταιγίς.
2765 2644 2875 2699 Καὶ
2905 2641 3116 2696 τοιοῦτο
3149 2640 3298 2703 τέλος
3328 2636 3648 2707 διαλήψεται
3674 2633 3800 2694 τοὺς

2222 2744 2313 2796 ἐπὶ
2336 2744 2447 2805 τοῖς
2475 2740 2785 2812 εἰρημένοις
2811 2735 3197 2804 διαϐληθέντας
3222 2751 3233 2763 ·
3263 2733 3387 2796 τοὺς
3408 2731 3463 2783 δὲ
3503 2729 3601 2798 τὴν
3630 2725 3801 2795 καλὴν

2220 2834 2614 2906 ἐκλεξαμένους
2662 2831 2875 2903 μερίδα,
2904 2829 3005 2899 ἐμὲ
3037 2827 3236 2899 δηλαδὴ
3262 2826 3353 2878 τὸν
3373 2823 3506 2876 Θεὸν
3542 2821 3634 2873 καλ⁵
3674 2818 3803 2879 τοὺς

2220 2930 2475 3000 γνησίους
2526 2927 2620 2980 καὶ
2653 2922 2907 2994 καθαρῶς
2938 2920 3327 2991 ἀντεχομένους
3351 2958 3365 2981 ,
3399 2920 3434 2987 ή
3487 2916 3616 2986 παρ’
3666 2910 3803 2983 ἐμοῦ

2222 3022 2427 3095 ἀμοιϐὴ
2452 3016 2777 3085 διαδέξεται.

2294 3130 2313 3163 ‹
2357 3110 2466 3163 Καὶ
2500 3108 2687 3179 ἐροῦσι
2718 3126 2729 3138 ⁸
2788 3106 3139 3178 Καθαρίσατε
3167 3102 3276 3157 άπὸ
3310 3099 3603 3174 προσώπου
3635 3095 3807 3150 αὑτοῦ

2219 3204 2391 3267 ὀδοὺς,
2420 3202 2510 3255 καὶ
2532 3201 2700 3272 ἄρατε
2733 3198 2917 3253 σκῶλα
2948 3197 3057 3252 ἀπὸ
3084 3197 3182 3269 τῆς
3205 3194 3324 3249 ὁδοῦ
3364 3192 3456 3247 τοῦ
3479 3190 3609 3245 λαοῦ
3644 3207 3801 3262 μου.»

2221 3298 2295 3351 υύ
2325 3295 2431 3367 γὰρ
2472 3295 2637 3365 μόνης
2668 3293 2766 3363 τῆς
2823 3289 3094 3362 σωτηρίας
3131 3288 3387 3358 πρόνοιαν
3436 3273 3725 3355 ’ποιήσεται
3775 3281 3808 3332 ὁ

2223 3387 2372 3459 παρὰ
2405 3386 2481 3457 τῷ
2514 3384 2632 3456 Θεῷ
2663 3382 3052 3455 κατορθώσας,
3101 3379 3215 3433 ἀλλ’
3260 3378 3360 3450 ήδη
3414 3376 3510 3430 καὶ
3565 3374 3643 3445 τῷ
3693 3372 3809 3443 λαῷ

2221 3478 2356 3533 Θεοῦ
2383 3480 2653 3549 χρήσιμον
2687 3475 2877 3530 ἑαυτὸν
2906 3472 3131 3545 παρέξει
3170 3470 3523 3542 προστάττων
3554 3466 3809 3539 ἐξομαλί-

2223 3573 2336 3637 ζειν
2356 3570 2507 3641 αὐτῷ
2537 3570 2635 3642 τὴν
2664 3571 2781 3625 ὁδὸν
2813 3570 2909 3640 τῆς
2936 3567 3265 3632 θεοσεϐείας,
3296 3566 3388 3619 καὶ
3430 3564 3498 3617 τά
3543 3561 3808 3616 δοκοῦντα

2226 3665 2648 3737 προσκόμματα.
2862 3728 2865 3731 _

2300 3775 2318 3808 ι
2356 3756 2494 3810 Τάδε
2524 3756 2670 3825 λέγει
2710 3758 2738 3808 ὁ
2766 3755 3046 3824 Ὕψιστος,
3099 3755 3127 3805 ὁ
3176 3753 3233 3804 ὲν
3283 3750 3513 3821 ὑψηλοῖς
3541 3745 3811 3801 κατοικῶν

2229 3852 2308 3914 εἰς
2340 3850 2431 3902 τὸν
2447 3848 2639 3912 αἰῶνα,
2664 3848 2852 3915 Ἀγιος
2882 3848 2938 3899 έν
2954 3844 3125 3913 ἁγίοις
3146 3844 3314 3913 δνομα
3340 3840 3488 3912 αύτῷ
3509 3858 3521 3869 ·
3548 3838 3812 3909 ’Ύψιστσς

2224 3948 2281 3998 ὲν
2308 3942 2482 4012 ἁγίοις
2513 3940 2947 4010 ἀναπαυόμενος,
2977 3937 3073 3991 ita).
3112 3934 3453 4005 όλιγοψύχοις
3492 3932 3667 3994 διδοὺς
3701 3947 3810 4001 μα-

2226 4036 2549 4109 κροθυμίαν,
2576 4036 2670 4088 καὶ
2686 4033 2860 4095 διδοὺς
2888 4031 3031 4102 ζωὴν
3059 4033 3168 4094 τοῖς
3204 4026 3681 4099 συντετριμμένοις
3708 4024 3812 4093 τὴν

2226 4130 2471 4201 καρδίαν.
2495 4147 2512 4180 ι
2551 4127 2694 4199 Πρὸς
2718 4127 2843 4188 τοὺς
2875 4126 2934 4177 ὲν
2963 4123 3041 4194 τῷ
3083 4122 3198 4193 λαῷ
3240 4120 3485 4183 εὐλαϐεῖς
3526 4118 3618 4171 καὶ
3645 4114 3813 4186 φόϐον

2228 4218 2362 4273 Θεοῦ
2397 4217 2788 4287 κεκτημένους,
2824 4214 2917 4267 καὶ
2949 4211 3345 4284 μετανοοῦντας
3377 4208 3461 4277 ἐφ’
3497 4201 3578 4271 οἷς
3620 4207 3811 4276 ἦμαρ-

2226 4329 2336 4376 τον,
2367 4310 2515 4379 οὒςή
2549 4305 2797 4378 παροῦσα
2828 4304 2973 4370 λέξις
3023 4298 3516 4372 συντετριμμένους
3546 4297 3644 4367 τὴν
3669 4312 3810 4366 καρ-

2226 4402 2343 4456 δίαν
2370 4403 2463 4455 καὶ
2494 4397 2845 4467 ὀλιγοψύχους
2876 4394 3151 4467 ὀνομάζει,
3186 4391 3532 4463 παράκλησιν
3575 4388 3670 4443 καὶ
3704 4405 3811 4440 πα-

559 4468 866 4538 hujusmodi
926 4480 1102 4526 tamen
1151 4472 1392 4525 nonnulli
1440 4474 1686 4528 aderant.
1722 4473 1970 4529 Attamen
2024 4478 2116 4530 viri

2229 4491 2501 4565 ραμυθίαν
2550 4489 2837 4561 προσάγει.
2872 4483 3052 4540 Ἦσαν
3095 4485 3203 4555 γὰρ
3255 4487 3312 4536 ἐν
3358 4483 3562 4544 αὐτοῖς.
3619 4481 3667 4533 εἰ
3713 4478 3812 4532 καὶ

561 4560 670 4617 Deo
692 4562 895 4617 addicti
922 4575 1116 4631 erant;
1166 4580 1271 4618 non
1315 4572 1521 4619 tantum
1555 4568 1850 4635 prophetae,
1910 4569 2003 4624 sed
2034 4572 2116 4624 alii

2228 4560 2445 4655 βραχεῖς
2478 4582 2573 4634 καὶ
2597 4560 2818 4651 γὰριθμῷ
2837 4577 3050 4649 ληπτοί.
3083 4576 3231 4646 Πλὴν
3256 4577 3404 4647 ὅμως
3435 4569 3576 4645 ἦσαν
3619 4571 3811 4643 ἄνδρες

560 4666 747 4709 corum
782 4654 1126 4721 imitatores,
1175 4658 1267 4727 qui
1316 4672 1345 4711 a
1405 4659 1685 4729 prophetis
1736 4661 2119 4727 edocebantur,

560 4761 855 4818 eorumque
880 4749 1175 4820 disciplinae
1206 4753 1443 4805 animum
1468 4753 1817 4808 adhibebant.

636 5032 797 5090 Vens.
874 5032 959 5087 16.
1045 5031 1209 5087 «Non
1263 5033 1318 5083 in
1365 5041 1681 5101 perpetuum
1726 5046 1821 5086 vos
1876 5030 2125 5096 ulciscar,

560 5142 733 5196 neque
777 5142 990 5195 semper
1042 5126 1247 5179 irascar
1297 5125 1468 5178 vobis.
1515 5124 1752 5191 Spiritus
1786 5123 1930 5179 enim
1977 5138 2008 5177 a
2042 5139 2126 5175 me

559 5217 882 5284 egredietur,
910 5227 965 5272 et
995 5215 1179 5270 ﬂatum
1208 5231 1421 5272 omnem
1448 5229 1546 5285 ego
1578 5216 1701 5269 feci.
1734 5234 1755 5268 ι
1800 5214 1937 5269 Nam
1983 5229 2126 5268 cura:

563 5305 692 5359 mihi
718 5320 800 5363 est
828 5311 1051 5378 spiritus
1081 5308 1189 5376 ille,
1229 5310 1319 5379 qui
1345 5324 1374 5362 a
1410 5323 1496 5363 me
1526 5306 1802 5377 profectus
1822 5348 1837 5374 ,
1890 5308 1942 5361 in
1975 5307 2126 5361 vobis

516 5416 525 5474 γ
562 5398 824 5455 habitavit
854 5418 868 5455 :
900 5403 1339 5474 quandoquidem
1366 5401 1542 5457 omnis
1580 5400 1841 5470 spiritus,
1882 5400 1973 5471 qui
2013 5400 2130 5454 lau-

520 5486 695 5546 'dare
755 5508 841 5547 me
906 5496 1117 5561 valeat,
1169 5505 1358 5551 auctor
1406 5510 1561 5563 sum,
1610 5493 1906 5549 secundum
1960 5494 2130 5560 illud,

636 5678 751 5749 (41)
786 5680 874 5732 δίι-
927 5681 1205 5746 vertimus,
1247 5680 1368 5747 quin
1421 5681 1485 5733 ad
1528 5681 1667 5734 hunc
1710 5679 1930 5733 modum
1967 5677 2134 5729 inter-

564 5760 806 5816 pretatur
841 5751 1119 5805 Eusebius.
1173 5753 1338 5804 Verus
1384 5759 1559 5805 tamen
1608 5751 1765 5822 hujus
1809 5753 1905 5803 lUCl
1946 5766 2136 5805 sensus

2224 4671 2571 4741 ἀνακείμενοι
2606 4669 2684 4741 τῷ
2716 4670 2868 4740 Θεῷο
2898 4668 2998 4737 οὐχ
3038 4668 3088 4719 οἰ
3136 4667 3410 4738 προφῆται
3444 4664 3624 4735 μόνον,
3670 4659 3812 4713 ἀλλὰ

2226 4764 2318 4817 καὶ
2347 4763 2521 4835 ἕτεροι
2551 4763 2753 4815 τούτων
2787 4761 3045 4831 ζηλωταὶ,
3067 4756 3501 4832 μαθητευόμενοι
3530 4758 3641 4817 τοῖς
3676 4768 3812 4825 προ-

2227 4856 2447 4924 φήταις,
2488 4854 2583 4906 καὶ
2622 4855 2744 4916 ταῖς
2802 4851 3171 4915 διδασκαλίαις
3208 4848 3386 4904 αὐτῶν
3441 4845 3809 4919 προσανέχονο

2227 4962 2337 5009 τες.

2304 5057 2322 5089 ι
2355 5038 2468 5091 Ούκ
2522 5039 2601 5099 εἰς
2649 5037 2743 5090 τὸν
2800 5035 2971 5091 αἰῶνα
3028 5035 3302 5106 ἐκδικήσω
3348 5035 3511 5104 ὑμᾶς,
3545 5030 3666 5085 ούδὲ
3716 5028 3808 5084 διὰ

2231 5131 2427 5193 παντὸς
2453 5129 2849 5201 ὀργισθήσομαι
2903 5131 3052 5199 ὑμῖν.
3112 5128 3335 5198 Πνεῦμα
3359 5126 3467 5197 γὰρ
3496 5127 3622 5198 παρ’
3670 5121 3805 5194 ἐμοῦ

2229 5220 2592 5287 ἐξελεύσεται,
2618 5223 2709 5274 καὶ
2735 5221 2904 5292 πνοὴν
2932 5222 3114 5273 πᾶσαν
3151 5217 3260 5286 ἐγὼ
3283 5217 3535 5287 ἐποίησα.
3583 5235 3602 5266 ›
3637 5212 3805 5269 Μέλει

3856 4932 3864 4993 ἵ

2228 5313 2338 5385 γάρ
2365 5331 2453 5385 μοι
2484 5313 2577 5366 τοῦ
2613 5313 2942 5383 πνεύματος,
2968 5314 3102 5383 ὅπερ
3154 5310 3211 5376 ἐξ
3252 5306 3387 5379 ἐμοῦ
3414 5306 3693 5379 προελθὸν,
3723 5305 3805 5367 είς
3864 5359 3868 5369 ,

2233 5409 2375 5477 ὑμᾶς
2426 5404 2777 5476 κατῴκησεν’
2842 5404 3029 5474 ἐπειδὴ
3077 5402 3172 5455 καὶ
3229 5400 3458 5472 ποιητὴς
3524 5397 3807 5468 τυγχάνων

2237 5498 2418 5567 πάσης
2463 5499 2631 5567 πνοῆς
2684 5497 2780 5566 τῆς
2827 5494 3130 5564 δυναμένης
3180 5509 3245 5563 με
3291 5492 3483 5559 αἰνεῖν,
3537 5491 3677 5543 κατὰ
3723 5486 3808 5552 τὸ,

2242 5676 2331 5731 hic
2360 5690 2481 5730 esse
2517 5683 2725 5748 vntetnr
2764 5692 2778 5748 ς
2820 5673 3165 5748 ιΜυΙιοδίιιιο
3211 5675 3300 5745 qui
3344 5682 3518 5729 tecum
3570 5668 3819 5727 fornica-

2244 5758 2431 5802 t'entur
2453 5746 2639 5816 procul
2665 5745 2931 5801 accivisti.
2956 5764 2977 5796 ι
