4108 6204
355 284 459 338 όΊἸ

1278 282 1777 340 COMMENTARIA
1818 285 1883 339 IN
1922 284 2436 342 lSAIAM.——CAP.
2479 286 2653 340 LVIII.

3492 292 3601 344 £78

358 423 378 456 ι
410 404 576 457 Πᾶσα
607 402 746 471 πνοὴ
780 399 1047 454 αίνεσάτω
1072 401 1163 452 τὸν
1210 399 1435 470 Κύριον,
1478 421 1499 455 ι
1534 403 1626 455 καὶ
1665 404 1723 455 ὲν
1744 405 1811 473 τῇ
1844 419 1935 455 κο-

2052 422 2062 456 ι
2087 403 2275 460 Omnis
2303 404 2527 473 Spiritus
2556 401 3122 469 laudetDominum“;
3160 393 3307 451 retin
3323 407 3597 462 creatione

354 495 627 569 σμοποιίᾳ
656 494 713 548 δὲ
744 493 1153 564 ἐμφυσήσαντος
1179 490 1275 545 τοῦ
1293 493 1431 547 Θεοῦ
1480 494 1696 563 ἐγένετο
1728 494 1938 567 ἄνθρω-

354 603 464 649 πος
497 588 578 649 εἰς
609 584 784 655 ψυχὴν
812 582 1013 647 ζῶσαν.

439 694 461 729 ι
490 678 569 729 Δι’
600 674 866 745 ἁμαρτίαν
897 673 1071 745 βραχύ
1100 691 1151 727 τι
1180 674 1425 747 ἐλύπησα
1448 675 1631 740 αὑτὸν,
1667 676 1759 729 καί¹
1806 675 1940 728 ἐπά-

359 770 501 835 ταξα
548 768 722 831 αὑτὸν,
772 766 867 818 καὶ
920 766 1240 837 ἀπέστρεψα
1281 768 1343 820 τὸ
1387 768 1676 839 πρόσωπόν
1712 786 1813 839 μου
1843 769 1938 822 ἀπ’

360 859 547 923 αὑτοῦ,
574 858 663 911 καὶ
711 858 976 930 ἐλυπήθη,
1020 860 1113 912 καὶ
1153 859 1422 931 ἐπορεύθη
1477 860 1701 927 στυγνὸς
1732 863 1789 913 ὲν
1821 864 1940 925 ταῖς

364 953 502 1015 ὁδοῖς
532 949 719 1005 αὐτοῦ.
747 951 863 1012 Τάς
907 950 1060 1013 ὁδοὺς
1102 949 1267 1003 αὑτοῦ
1303 950 1543 1022 ἑώρακα,
1581 951 1674 1003 καὶ
1699 952 1938 1023 ἰασάμην

360 1042 540 1111 αὑτὸν,
570 1043 666 1098 καὶ
708 1043 1058 1113 παρεκάλεσα
1086 1042 1264 1108 αὐτὸν,
1292 1043 1386 1097 καί
1441 1042 1614 1096 ἔδωκα
1646 1043 1795 1114 αὐτῷ
1832 1060 1939 1096 πα-

310 1124 330 1179 ἶ
360 1136 622 1209 ράκλησιν
649 1135 930 1208 ἀληθινὴν,
957 1136 1179 1208 εἰρήνην
1208 1136 1293 1189 ἐπ’
1327 1136 1519 1208 εἰρήνῃ
1562 1138 1676 1199 τοῖς
1724 1135 1939 1207 μακρὰν

354 1231 451 1286 καὶ
472 1233 588 1293 τοῖς
616 1231 786 1299 ἐγγὺς
814 1225 953 1283 οὖσι.
985 1230 1095 1283 Καὶ
1137 1224 1255 1281 εἷπε
1285 1228 1491 1300 Κύριος
1512 1245 1525 1257 ·
1568 1230 1811 1299 ’ἰάσομαι
1838 1230 1938 1282 αὑ-

352 1320 503 1383 τούς.
533 1322 597 1395 Οἱ
625 1320 682 1373 δὲ
725 1321 900 1375 ἄδικοι
926 1319 1469 1390 κλυδωνισθήσονται,
1502 1321 1595 1374 καὶ
1624 1320 1939 1374 ἀναπαύσα-

356 1412 483 1467 σθαι
503 1414 565 1466 ού
602 1412 941 1485 δυνήσονται.
982 1412 1096 1467 Οὐκ
1126 1411 1238 1464 ἔστι
1274 1411 1480 1482 χαίρειν
1511 1414 1622 1474 τοῖς
1663 1411 1936 1475 άσεϐέσιν,

355 1502 515 1560 εἶπεν
546 1504 764 1577 ό-Θεός.
804 1524 823 1557 ι
859 1505 920 1556 Εἰ
953 1505 1047 1557 καί.
1079 1504 1216 1575 πρὸς
1250 1503 1456 1575 βραχύν
1490 1522 1608 1557 τινα
1638 1504 1829 1574 καιρὸν
1849 1505 1940 1558 διά

353 1616 511 1661 τινας
560 1597 619 1663 ἐξ
649 1596 995 1667 ἀνθρωπίνης
1026 1594 1308 1656 ἀσθενείας
1335 1594 1722 1663 ἐπιγενομένας
1760 1594 1936 1665 ἁμαρ-

354 1692 482 1755 τίας
528 1687 775 1760 ἐλύπησα
823 1689 950 1750 τοὺς
981 1685 1369 1758 ἡμαρτηκότας
1409 1687 1503 1739 καὶ
1555 1685 1820 1749 ἐπάταξα,
1850 1678 1939 1741 οἶα

2037 496 2243 560 mundi,
2269 495 2579 552 iusuﬂlante
2607 499 2735 563 Deo,
2764 495 2937 552 factus
2954 506 3039 551 est
3078 498 3239 551 homo
3271 498 3326 552 in
3355 500 3590 554 animam

2035 588 2322 644 viventem.

2110 683 2272 739 Vsus.
2371 683 2553 736 17ο21.
2632 702 2650 735 ι
2689 684 2915 746 Propter
2978 694 3257 751 peccatum
3326 684 3600 755 paululum

2037 778 2354 832 contristavi
2385 794 2531 839 eum,
2559 788 2609 831 et
2635 779 2875 847 percussi
2909 792 3063 841 eum,
3114 787 3167 832 et
3207 779 3378 831 averti
3408 777 3602 831 faciem

2040 884 2213 923 meam
2265 872 2332 925 ab
2382 886 2470 938 eo,
2525 881 2579 925 et
2632 874 2983 929 contristatns
3033 880 3135 938 est,
3194 882 3250 926 et
3310 870 3605 925 ambulavit

2042 965 2212 1020 tristis
2249 966 2299 1019 in
2330 965 2434 1019 viis
2467 965 2600 1019 suis.
2630 964 2759 1021 Vias
2788 964 2908 1036 ejus
2932 966 3060 1031 vidi,
3113 975 3168 1020 et
3214 964 3397 1021 sanavl
3454 978 3601 1028 eum,

2038 1066 2093 1112 et
2119 1059 2422 1114 consolatus
2450 1074 2566 1114 sum
2610 1073 2730 1112 cum
2759 1099 2774 1123 ,
2830 1070 2884 1113 et
2920 1059 3041 1113 dedi
3080 1059 3129 1113 ei
3180 1057 3602 1112 consolationem

2039 1167 2246 1217 veram,
2283 1167 2470 1221 pacem
2522 1167 2686 1221 super
2726 1164 2909 1219 pacem
2958 1153 3023 1208 iis
3067 1150 3157 1220 qui
3194 1150 3347 1221 longe
3411 1158 3467 1205 et
3510 1147 3604 1217 qui

2040 1257 2207 1313 prope
2230 1254 2375 1298 sunt.
2438 1244 2503 1297 Et
2556 1246 2695 1298 dixit
2728 1244 2985 1299 Dominus
3017 1263 3031 1300 :
3070 1243 3288 1299 Sanabo
3340 1256 3434 1298 eos
3464 1257 3477 1295 :
3508 1241 3601 1310 qui

2041 1347 2220 1391 autem
2270 1339 2435 1406 iniqui
2488 1348 2615 1392 sunt
2672 1338 3028 1401 fluctuabuut,
3084 1346 3139 1392 et
3192 1353 3298 1392 non
3352 1343 3609 1405 poterunt

2040 1430 2340 1496 quiescere.
2374 1430 2488 1485 Non
2535 1439 2620 1486 est
2671 1432 2921 1502 gaudium
2965 1431 3162 1501 impiis,
3199 1429 3334 1483 dixit
3382 1428 3543 1483 Deus.
3579 1445 3602 1479 ι

2039 1518 2263 1576 Etiamsi
2296 1522 2362 1577 ad
2391 1524 2555 1579 breve
2587 1526 2851 1593 quoddam
2890 1534 3121 1593 tempus,
3156 1523 3226 1577 ob
3262 1522 3509 1592 quaedam
3540 1528 3609 1574 ex

2040 1612 2277 1669 humana
2341 1617 2657 1673 infirmitate
2714 1619 2954 1689 profecta
3008 1626 3272 1686 peccata,
3320 1622 3607 1685 peccantes

2040 1708 2258 1763 tristitia
2304 1709 2577 1765 aﬂ‘ecerim
2601 1721 2654 1766 et
2683 1712 3037 1780 percusserim
3061 1750 3076 1771 ,
3109 1710 3261 1777 quasi
3294 1718 3445 1776 pater
3471 1704 3611 1759 filios

357 1783 545 1855 πατὴρ
568 1783 715 1845 υἱοὺς
746 1779 1034 1835 παιδεύωνο
1075 1799 1094 1831 ι
1137 1774 1232 1831 Ὃν
1256 1798 1275 1831 ι
1308 1778 1416 1850 γὰρ
1450 1796 1469 1829 ι
1503 1780 1691 1849 ἀγαπᾷ
1726 1778 1947 1849 Κύριος,

2052 1803 2350 1872 corripiens
2379 1821 2395 1858 :
2420 1818 2567 1868 nam,
2605 1822 2624 1855 ι
2648 1774 2815 1869 Quem
2845 1802 3016 1870 diligit
3050 1774 3328 1863 Dominus,
3358 1799 3606 1867 castigat;

357 1873 644 1930 παιδεύει·
678 1875 933 1945 μαστιγοί
960 1872 1016 1924 δὲ
1041 1870 1220 1925 πάντα
1251 1871 1364 1924 υίὸν
1397 1870 1457 1923 ὃν
1485 1870 1851 1942 παραδέχεται
1870 1886 1882 1899 ·
1919 1889 1937 1920 ι

356 1968 479 2023 ἀλλ’
514 1966 721 2041 ἐπειδὴ,
752 1962 1108 2037 συναίσθησιν
1131 1962 1385 2027 λαϐόντες
1405 1962 1501 2035 τῆς
1522 1963 1661 2033 ἐμῆς
1678 1961 1943 2026 παιδείας,

359 2058 669 2130 ὲλυπήθητε
698 2059 798 2130 τὴν
836 2057 974 2111 κατὰ
1030 2056 1162 2109 Θεὸν
1210 2055 1407 2125 λύπην,
1462 2055 1556 2108 καί⁵
1615 2054 1945 2127 ὲπορεύθητε

362 2153 587 2220 στυγνοὶ
617 2148 1083 2222 μεταμεληθέντες
1109 2167 1119 2176 ·
1152 2146 1340 2201 τούτου
1366 2148 1547 2218 χάριν,
1579 2147 1675 2218 τὴν
1700 2150 1948 2217 ἐπιστρο-

362 2245 469 2316 φὴν
496 2238 591 2298 καὶ
618 2242 718 2314 τὴν
748 2244 1033 2314 μετάνοιαν
1050 2238 1203 2313 ὑμῶν
1234 2240 1567 2311 θεασάμενος
1596 2241 1687 2293 καὶ
1715 2239 1813 2303 τὰς
1849 2256 1947 2309 με⁴

359 2333 434 2386 τὰ
461 2333 639 2387 ταῦτα
690 2330 939 2404 πράξεις,
975 2331 1069 2383 καὶ
1094 2328 1188 2383 τοῦ
1226 2329 1342 2399 βίου
1371 2330 1470 2392 τὰς
1499 2328 1674 2394 ὁδοὺς,
1710 2328 1948 2399 ἰασάμην

365 2424 515 2496 ὑμᾶς
566 2424 659 2477 καὶ
698 2422 1049 2495 παρεκάλεσα
1099 2422 1221 2485 δοὺς
1258 2420 1605 2493 παράκλησιν
1647 2421 1945 2493 ἀληθινήνο

369 2517 552 2570 πάντα
582 2515 690 2587 γάρ
724 2515 854 2587 παρ’
886 2513 1021 2585 ἐμοῦ
1052 2515 1133 2578 εἰς
1164 2515 1291 2577 τοὺς
1320 2514 1487 2584 ἐμοὺς
1515 2513 1749 2576 οἰκείους
1784 2528 1951 2584 χορη-

364 2606 611 2678 γούμενα
631 2606 862 2677 ἀληθινὰ
894 2605 1169 2676 τυγχάνει.
1218 2606 1416 2677 Διόπερ
1443 2608 1555 2668 τοῖς
1590 2606 1651 2656 ὲκ
1685 2605 1782 2675 τῆς
1810 2604 1948 2675 ἐμῆς

369 2698 614 2762 παιδείας
640 2697 1051 2769 σωφρονισθεῖσι
1084 2695 1428 2768 παράκλησιν
1455 2694 1711 2765 ἀληθινὴν
1744 2694 1949 2747 δέδωκα

370 2790 465 2843 καὶ
493 2788 795 2860 εἰρηνικὴν,
827 2788 926 2858 οὐχ
948 2786 1125 2857 άπλῆν
1157 2803 1276 2839 τινα
1305 2787 1398 2840 καί
1430 2785 1783 2857 πρόσκαιρον,
1815 2783 1951 2838 ἀλλὰ

370 2878 977 2949 ⁴ιιιολυπλασιαξομένην⁸
1029 2868 1102 2939 ὡς
1142 2876 1236 2929 καὶ
1273 2875 1381 2929 ἀπὸ
1428 2874 1536 2927 τῶν
1588 2875 1753 2943 ἐγγὺς
1806 2873 1949 2944 ἔχειν

370 2962 563 3041 αὑτὴν,
600 2969 691 3022 καὶ
742 2968 849 3021 ἀπὸ
882 2968 991 3021 τῶν
1033 2968 1225 3039 πόρρω
1254 2968 1347 3021 καὶ
1381 2963 1596 3037 μακρὰν
1629 2965 1949 3036 ἀπῳκισμέ-

372 3075 508 3121 νοις.

1969 3130 2013 3188 C

874 3212 1168 3268 ΚΕΦᾹΛΑΙ
1176 3213 1267 3267 ΟΝ
1303 3212 1349 3267 Ν
1359 3211 1437 3268 H’.

448 3323 468 3356 ι
513 3305 839 3377 Ἀναϐὁησον
867 3305 1107 3376 ὲνίσχύῖ,
1139 3306 1234 3359 καὶ
1271 3305 1344 3374 μὴ
1379 3303 1560 3375 φείσῃ,
1587 3304 1663 3368 ὡς
1688 3302 1944 3370 σάλπιγγι

370 3396 591 3467 ὖψωσον
616 3396 714 3467 τὴν
748 3396 932 3466 φωνήν
974 3414 1090 3461 σου,
1120 3395 1215 3450 καὶ
1234 3394 1555 3464 ἀνάγγειλον
1587 3394 1665 3466 τῷ
1691 3393 1806 3465 λαῷ
1845 3401 1945 3465 μου

373 3489 442 3544 τά
473 3490 849 3561 ἁμαρτήματα
868 3488 1069 3553 αὐτῶν,
1101 3485 1293 3557 καὶτῷ
1324 3486 1458 3557 οίκῳ
1489 3485 1683 3539 Ἰακὼϐ
1711 3484 1808 3548 τὰς
1836 3484 1951 3537 ἀνο-

377 3581 510 3653 μίας
535 3580 733 3635 αὐτῶν.
768 3600 788 3633 ι
822 3581 949 3645 Τοῖς
974 3580 1072 3651 μὲν
1102 3576 1197 3635 οὖν
1226 3578 1634 3649 εύαγγελισταῖς
1659 3577 1752 3631 τοῦ
1779 3592 1952 3646 σωτη-

378 3676 499 3747 ρίου
526 3673 684 3743 λόγου
711 3672 799 3727 διά
823 3672 932 3727 τῶν
982 3673 1290 3745 ἔμπροσθεν
1334 3672 1579 3740 ἐλέγετο·
1618 3689 1636 3723 ι
1680 3672 1797 3723 Ἐπ’
1829 3669 1954 3739 ὅρος

376 3768 583 3839 fni/nlo»;
629 3762 886 3838 ἀνάϐηθι,
939 3768 968 3820 ὁ
1023 3766 1507 3836 εὐαγγελιζόμενος
1568 3763 1951 3836 Ἰερουσαλήμ

378 3858 657 3930 ὗψὼσατε.
696 3856 772 3929 μὴ
811 3854 1061 3926 φοϐεῖσθε
1084 3874 1097 3886 ·
1140 3878 1159 3909 ι
1193 3854 1425 3909 ἐνταῦθα
1459 3854 1515 3908 δὲ
1570 3854 1669 3908 οὐκ
1718 3854 1805 3907 ἐπ’
1831 3852 1958 3917 ὅρος

377 3950 586 4023 ὑψηλὸν
612 3948 920 4005 ἀναϐαίνειν
950 3951 980 4003 ὁ
1000 3949 1285 4021 προφήτης
1315 3946 1598 4001 κελεύεται
1617 3963 1633 3979 ·
1681 3944 1802 3999 οὐδὲ
1851 3943 1962 4014 γὰρ

376 4037 524 4112 ἦσαν
578 4041 636 4093 ὲν
681 4039 824 4109 ὕψει,
854 4034 935 4101 οἷς
964 4036 1136 4092 ταῦτα
1189 4038 1520 4107 προεφιῖηει·
1566 4034 1628 4087 τὸ
1672 4031 1959 4103 διαϐοῆσαι

383 4134 548 4207 μόνον
575 4135 632 4186 ἐν
662 4132 807 4202 ἰσχύϊ
839 4132 935 4185 καὶ
970 4128 1045 4202 μὴ
1077 4121 1490 4199 φείσασθαι,οἷα
1516 4128 1595 4189 εἰς
1621 4119 1736 4178 ὦτα
1766 4123 1963 4192 κωφῶν

382 4225 650 4281 λαλοῦντα
674 4224 1090 4297 προστάττεται,
1114 4222 1209 4275 καὶ
1238 4220 1394 4287 δίκην
1425 4217 1721 4286 σάλπιγγος
1750 4215 1963 4286 ὑψῶσαι

381 4320 491 4391 τὴν
524 4319 733 4388 φωνήν.
780 4313 1025 4383 Σάλπιγξ
1059 4313 1117 4367 δὲ
1158 4312 1393 4384 πολέμου
1447 4313 1671 4381 σημεῖον
1697 4325 1711 4339 °
1760 4308 1841 4361 διὸ
1890 4308 1964 4370 ὡς

385 4410 527 4482 πρὸς
558 4408 812 4479 πολέμιον
842 4406 930 4459 τὸν
954 4403 1125 4474 ἀσεϐῆ
1148 4403 1242 4458 καὶ
1271 4400 1592 4473 ἁμαρτωλὸν
1614 4400 1681 4470 τῇ
1710 4398 1804 4469 βοῇ
1835 4397 1968 4468 χρή-

384 4500 584 4555 σασθαι
623 4488 853 4560 κελεύει,
886 4496 965 4560 ὼς
1017 4495 1084 4549 ἂν
1132 4494 1429 4565 καθάψοιτο
1459 4493 1559 4562 τῆς
1609 4489 1718 4545 τῶν
1754 4488 1967 4543 άκουόν·

384 4609 498 4645 των
522 4591 777 4655 διανοίας,
812 4590 905 4643 καὶ
933 4586 1169 4660 τρώσειν
1218 4582 1387 4657 αὐτὴν
1418 4584 1496 4655 τῷ
1528 4580 1964 4652 πληκτικωτάτῳ

381 4684 550 4753 λόγῳ.

464 4816 483 4847 ‹
524 4795 659 4866 Ἐμὲ
700 4794 910 4866 ἡμέραν
963 4790 1022 4858 ἐξ
1072 4789 1284 4861 ἡμέρας
1331 4784 1573 4858 ζητοῦσι,
1620 4785 1715 4839 καὶ
1759 4779 1963 4852 γνῶναί

391 4906 499 4960 μου
526 4888 627 4951 τὰς
653 4887 805 4950 ὁδοὺς
838 4881 1182 4954 ἐπιθυμοῦσι,
1228 4879 1302 4943 ὡς
1333 4877 1459 4941 λαὸς
1489 4874 1832 4943 δικαιοσύνην
1879 4889 1968 4924 πε-

390 4979 657 5052 ποιηκὼς,
685 4978 780 5032 καὶ
811 4978 991 5049 κρίσιν
1018 4972 1152 5027 Θεοῦ
1175 4970 1342 5026 αὑτοῦ
1377 4970 1451 5043 μὴ
1480 4964 1965 5036 ὲγκαταλελοιπώς.

391 5069 614 5124 ιὶίτοῦσί
663 5085 730 5139 με
777 5065 872 5119 νῦν
926 5064 1104 5136 κρίσιν
1153 5060 1391 5124 δικαίαν,
1428 5059 1523 5113 καὶ
1574 5054 1810 5126 ἐγγίζειν
1853 5054 1972 5124 Θεῷ

391 5160 745 5231 ἐπιθυμοῦσι.
790 5178 811 5210 ›
838 5158 933 5220 Εἰς
962 5154 1284 5225 κατάκρισιν
1332 5152 1461 5205 λαὸν
1502 5148 1667 5203 αὑτοῦ
1688 5145 1972 5218 ὀνομάζων

391 5254 490 5307 τὸν
526 5249 867 5322 ἁμαρτωλὸν,
901 5247 961 5301 ὃν
990 5242 1100 5315 ἐγὼ
1137 5244 1257 5316 μὲν,
1305 5243 1488 5315 φησιν,
1524 5237 1971 5308 εἰσεποιησάμην,

396 5336 496 5399 καὶ
521 5343 579 5398 ὃν
604 5341 916 5413 κατηξίωσα
945 5339 1072 5392 λαὸν
1100 5336 1230 5407 ὲμδν
1259 5332 1616 5406 χρηματίζειν
1634 5348 1649 5362 ο
1679 5331 1729 5383 οἰ
1751 5326 1807 5382 δὲ
1839 5327 1974 5399 ἐμά-

396 5452 599 5508 κρυνον
640 5434 865 5496 ἑαυτοὺς
894 5431 1052 5500 ἐμοῦ,
1084 5430 1205 5492 ταῖς
1231 5426 1437 5480 ἑαυτῶν
1472 5425 1680 5479 ἔκδοτοι
1705 5421 1983 5494 δεδομένοι

398 5527 644 5589 κακίαις.

483 5728 523 5757 ⁸⁸
558 5726 752 5780 I‘salnt.
786 5740 869 5787 CL,
895 5727 950 5780 6.
1032 5723 1071 5755 ¹¹
1119 5721 1279 5777 IIobr.
1331 5734 1429 5788 ιιι,
1459 5720 1513 5778 6.

2046 1895 2279 1971 ﬂagellat
2304 1906 2483 1951 autem
2513 1910 2729 1951 omnem
2765 1894 2932 1949 filium
2957 1904 3153 1970 ,quc‘m
3176 1890 3406 1965 suscipit
3430 1890 3489 1958 “;
3516 1909 3534 1941 ι
3555 1896 3612 1941 at

2046 1989 2171 2058 quia
2201 1990 2252 2044 in
2300 1987 2673 2059 casﬁgationis
2720 2002 2854 2041 meae
2905 2000 3122 2041 sensum
3158 1982 3456 2045 venientes,
3509 1979 3609 2044 illi,

2047 2096 2166 2149 quae
2196 2082 2490 2137 secundum
2529 2081 2695 2134 Deum
2732 2088 2815 2133 est
2839 2118 2854 2143 ,
2892 2078 3124 2131 tristitiae
3171 2091 3267 2129 vos
3304 2072 3610 2135 dedidistis,

2048 2190 2111 2229 ac
2140 2175 2453 2242 poenitentia
2486 2172 2629 2226 ducti
2667 2186 2789 2225 cum
2818 2183 3051 2223 mcerorc
3090 2164 3449 2229 ambulastis;
3484 2163 3607 2216 ideo

2048 2269 2456 2323 conwrsionem
2484 2276 2533 2321 et
2557 2267 2934 2335 paenitentiam
2967 2269 3199 2314 vestram
3249 2256 3612 2326 conspicatus,

2048 2377 2259 2417 necnon
2288 2359 2583 2431 posteriora
2615 2364 2765 2428 gesta
2817 2364 2994 2408 vestra
3029 2391 3045 2416 ,
3082 2360 3137 2405 et
3169 2348 3283 2402 vias
3311 2348 3434 2401 vita:
3478 2359 3615 2414 quas

2050 2456 2271 2517 iniistis,
2323 2470 2415 2507 vos
2453 2450 2637 2505 sanavi
2667 2458 2720 2503 et
2750 2445 3061 2503 consolatus
3108 2456 3224 2495 sum
3262 2453 3388 2492 vera
3432 2437 3617 2504 utique

2051 2546 2469 2602 consolatione:
2509 2541 2711 2596 etenim
2794 2535 2975 2592 omnia
3031 2550 3060 2594 a
3128 2546 3213 2585 me
3267 2527 3619 2583 familiaribus

2047 2652 2302 2694 concessa
2338 2634 2474 2688 meis
2496 2646 2622 2686 vera
2644 2638 2791 2685 sunt.
2819 2626 3187 2692 Quamobrem
3238 2621 3337 2684 iis,
3385 2618 3479 2687 qui
3522 2630 3623 2685 per

2049 2729 2457 2798 castigationem
2524 2731 2698 2777 meam
2754 2720 3139 2788 resipuerunt,
3192 2711 3619 2768 consolationem

2050 2820 2169 2876 dedi
2200 2832 2383 2872 veram
2402 2825 2456 2870 et
2481 2822 2728 2885 pacatam
2755 2852 2770 2878 ,
2798 2825 2905 2866 non
2935 2819 3113 2864 autem
3130 2805 3401 2876 vulgarem
3429 2816 3629 2873 quani-

2050 2912 2173 2966 dam
2213 2918 2267 2963 et
2296 2907 2705 2976 temporariam,
2747 2904 2840 2959 sed
2876 2898 3395 2956 abundantissimam
3422 2914 3438 2964 ;
3462 2896 3534 2948 ita
3564 2904 3623 2948 ut

2050 3016 2105 3062 et
2130 3022 2252 3063 cum
2282 3005 2526 3075 proxime
2556 3001 2768 3074 positis,
2801 3008 2856 3055 et
2885 3005 3007 3054 cuin
3048 2992 3241 3066 procul
3273 2991 3500 3050 remotis
3531 2989 3623 3044 illa

2050 3100 2322 3157 fruantur.

2618 3187 2847 3245 CAPUT
2888 3187 3068 3247 LVIII.

2122 3286 2282 3343 Vsus.
2328 3286 2379 3341 I.
2420 3303 2438 3337 ι
2466 3281 2650 3339 Clama
2680 3296 2803 3337 cum
2832 3278 3170 3343 fortitudine,
3201 3288 3377 3344 neque
3407 3284 3625 3342 parcas,

2050 3380 2203 3449 quasi
2241 3379 2366 3432 tuba
2398 3374 2584 3431 attolle
2611 3388 2798 3428 vocem
2823 3380 2995 3436 tuam,
3022 3380 3077 3425 et
3109 3367 3378 3422 annuntia
3424 3360 3638 3433 populo

2050 3486 2170 3528 meo
2210 3478 2431 3541 peccata
2479 3480 2691 3531 eorum,
2736 3473 2793 3519 et
2847 3462 3031 3517 domui
3089 3459 3257 3514 Iacob
3312 3457 3627 3526 iniquitates

2051 3578 2297 3620 eorum.»
2329 3560 2587 3631 Superius
2618 3557 2833 3627 quidem
2883 3552 3137 3607 salutaris
3172 3550 3322 3605 verbi
3364 3547 3625 3618 pradica—

2054 3658 2263 3713 toribus
2285 3654 2598 3710 dicebatur:
2627 3668 2645 3702 ι
2674 3647 2850 3718 Super
2873 3652 3110 3701 montem
3138 3642 3409 3696 excelsum
3434 3652 3626 3692 ascen-

2056 3752 2124 3808 de
2174 3750 2264 3821 qui
2310 3746 2649 3817 evangelizas
2687 3738 2990 3796 Jerusalem
3021 3755 3035 3791 :
3072 3732 3309 3790 exaltate
3354 3740 3408 3785 et
3459 3728 3629 3784 nolite

2060 3844 2253 3899 timere
2285 3860 2300 3896 :
2335 3858 2355 3893 ι
2397 3839 2487 3894 hic
2528 3851 2667 3892 vero
2704 3848 2814 3889 non
2862 3844 3025 3901 supra
3082 3839 3318 3882 montem
3353 3821 3631 3879 excelsum

2060 3937 2357 3994 ascendere
2376 3932 2595 4001 iubetur
2626 3927 2889 3999 propheta
2921 3942 2937 3979 ε
2972 3933 3149 3992 neque
3187 3918 3333 3975 enim
3365 3916 3420 3971 in
3462 3927 3627 3969 cacu-

2063 4031 2209 4087 mine
2229 4027 2390 4100 positi
2413 4033 2570 4080 erant
2591 4024 2649 4087 ii,
2679 4018 2877 4091 quibus
2916 4016 3033 4072 haec
3071 4009 3502 4083 praenuntiabat:
3532 4004 3635 4061 seti

2062 4133 2271 4180 tantum
2299 4130 2357 4174 ut
2396 4131 2520 4173 cum
2548 4112 2870 4170 fortitudine
2899 4109 3130 4173 clamet,
3156 4111 3222 4162 ἐι
3271 4118 3339 4159 ne
3394 4107 3635 4172 parcat,

2064 4223 2249 4284 utpote
2279 4211 2370 4281 qui
2404 4209 2472 4264 ad
2497 4221 2657 4261 aures
2684 4204 2969 4260 surdorum
2995 4200 3265 4270 loquatur,
3297 4193 3629 4265 praecipitur,

2065 4316 2119 4363 et
2143 4316 2200 4361 ut
2230 4304 2404 4358 instar
2440 4300 2579 4354 tubae
2597 4297 2820 4352 extollat
2845 4308 3050 4349 vocem.
3078 4290 3227 4345 Tuba
3250 4289 3377 4343 vero
3397 4284 3643 4339 militare.

2068 4400 2275 4467 signum
2331 4404 2416 4450 est
2447 4406 2651 4461 :quare
2704 4389 2964 4443 adversus
3000 4384 3223 4453 impium
3271 4388 3327 4434 et
3376 4385 3629 4448 peccato—

2001 4470 2042 4524 ί)
2072 4465 2205 4551 rem,
2238 4495 2298 4542 ut
2320 4493 2509 4541 contra
2538 4482 2837 4546 inimicum,
2868 4478 3108 4533 clamore
3135 4472 3211 4527 uti
3240 4469 3412 4539 jubet,
3440 4466 3530 4536 qui
3563 4465 3641 4519 ad.

2073 4579 2380 4634 auditorum
2424 4584 2659 4631 mentem
2702 4573 2995 4645 pertingat,
3049 4566 3330 4637 ipsamque
3387 4560 3438 4614 vi
3484 4560 3644 4614 vocis

2068 4674 2227 4728 feriat
2252 4680 2305 4726 et
2332 4670 2595 4724 vulneret.

2142 4766 2305 4823 Vsus.
2351 4764 2407 4818 2.
2465 4781 2485 4815 ι
2514 4762 2598 4818 Me
2629 4764 2698 4817 de
2719 4761 2805 4816 die
2832 4760 2888 4815 in
2913 4757 3052 4812 diem
3096 4758 3378 4822 quarunt,
3410 4756 3465 4802 et
3493 4745 3635 4801 scire

2070 4859 2186 4915 vias
2211 4872 2364 4914 meas
2388 4855 2632 4926 cupiunt,
2673 4864 2927 4922 tanquam
2966 4846 3215 4916 populus,
3247 4842 3339 4911 qui
3365 4838 3631 4911 justitiam

2073 4950 2284 5015 fecerit,
2312 4956 2369 5004 et
2390 4947 2650 5016 judicium
2679 4946 2771 4999 Dei
2797 4944 2878 4999 sui
2907 4956 3011 4995 non
3050 4933 3420 5005 dereliquerit.
3442 4932 3635 4984 Petunt

2074 5060 2103 5098 a
2134 5059 2221 5099 me
2250 5058 2393 5097 nunc
2418 5041 2675 5111 iudicium
2699 5038 2928 5106 justum,
2974 5042 3027 5087 et
3060 5029 3492 5101 apprOpinquare
3529 5022 3640 5077 Dos

2072 5135 2317 5206 cupiunt.
2352 5154 2372 5187 ο
2428 5132 2690 5204 Populum
2730 5144 2887 5186 suum
2932 5128 2998 5181 ad
3036 5124 3205 5194 ipsius
3231 5118 3637 5176 condemnatio-

2074 5240 2194 5283 n‘em
2266 5237 2604 5299 peccatorem
2660 5229 3169 5289 nuncupat:quem
3219 5227 3363 5284 ego,
3421 5210 3635 5280 inquit,

2073 5336 2249 5377 meum
2274 5320 2519 5391 ascripsi,
2548 5327 2601 5374 et
2636 5331 2798 5386 quem
2839 5312 3091 5384 populum
3113 5323 3306 5364 vocare
3331 5318 3507 5359 meum
3530 5318 3634 5355 non

2076 5415 2394 5484 dedignatus
2422 5426 2545 5468 sum
2578 5426 2593 5465 :
2625 5408 2702 5464 illi
2732 5421 2866 5463 vero
2894 5404 3112 5461 malitiae
3137 5416 3249 5459 suae
3283 5399 3448 5456 dediti
3470 5437 3487 5465 ,
3520 5410 3640 5454 sese

2075 5524 2108 5564 a
2137 5520 2222 5566 me
2242 5506 2433 5580 procul
2471 5508 2836 5561 removerunt.
