4108 6204
486 286 589 342 Πθ

1162 276 1433 334 EUSEBll
1471 277 1949 335 CAESARIENSIS
1986 279 2133 336 OPP.
2178 279 2354 336 PARS
2392 278 2476 334 Ill.
2518 312 2584 320 —
2621 277 3032 336 EXEGETlCA.

3627 283 3728 337 480

559 402 721 459 Vens.
753 401 806 453 3.
849 420 867 453 ι
899 400 1180 453 Dicentes:
1214 400 1392 466 Quare
1416 401 1820 470 jejunavimus,
1868 412 1922 457 et
1952 419 2055 457 non

2238 421 2256 452 ι
2293 402 2571 471 Λέγοντεςο
2608 403 2672 454 Τί
2713 403 2794 456 ὅτι
2840 400 3262 471 ὲνηστεύσαμεν,
3306 400 3399 453 καὶ
3431 400 3529 453 οὐκ
3564 397 3729 468 εἷδες;

488 495 706 549 vidisti?
732 492 1132 547 humiliavimus
1163 494 1370 546 animas
1393 502 1626 560 nostras,
1651 504 1704 548 et
1734 512 1838 550 non
1863 511 2063 564 cogno-

487 588 650 642 visti?
682 606 700 637 ι
737 584 872 650 Quia
916 582 1040 637 talia
1076 584 1417 653 impudenter
1444 586 1592 640 eﬂ‘ari
1629 589 1850 652 audent,
1872 604 2061 658 magna

491 690 567 744 tu,
595 678 663 732 mi
690 677 971 746 propheta,
1000 690 1132 730 voce
1162 686 1336 741 utens,
1365 679 1633 744 responde
1660 679 1788 743 illis,
1824 691 1879 735 et
1904 696 2062 735 coar-

488 788 590 841 gue
644 784 758 833 eos,
794 771 937 838 quod
987 768 1249 837 judicium
1306 787 1483 826 meum
1541 772 1956 843 dereliquerint,
2008 784 2063 827 et

486 862 633 931 quod
664 862 844 916 omnia
898 878 1019 931 quae
1062 862 1367 932 proferunt,
1420 879 1528 918 non
1590 865 1804 921 sincere
1855 867 2058 921 dicant.

495 974 512 1006 ι
545 955 596 1007 In
642 954 831 1009 diebus
858 957 1005 1009 enim
1042 955 1374 1026 jejuniorum
1435 965 1740 1011 vestrorum
1804 959 2063 1013 invenitis

488 1048 798 1103 voluntates
832 1060 1063 1114 vestras,
1111 1060 1166 1103 et
1200 1066 1391 1105 omnes
1416 1050 1657 1105 subditos
1689 1061 1903 1107 vestros
1929 1050 2064 1105 ami-

490 1140 680 1208 gitis.»
728 1141 785 1195 Si
828 1157 958 1212 ergo
1010 1142 1077 1197 de
1128 1142 1217 1198 tali
1266 1144 1473 1213 jejunio
1521 1142 1845 1213 gloriantur,
1908 1143 2064 1212 longe

488 1234 851 1301 praestabilius
885 1236 1016 1304 ipsis
1050 1246 1187 1301 erat,
1221 1248 1280 1291 ut
1306 1236 1480 1306 epulis
1523 1246 1827 1301 vacarent,
1873 1246 1928 1291 et
1976 1250 2063 1289 res

490 1326 798 1394 hnjusmodi
858 1344 963 1381 non
1013 1330 1452 1397 aggrederentur.
1508 1328 1845 1397 Quapropter
1909 1326 2062 1380 initio

488 1420 783 1487 prophetiae
806 1421 1009 1475 dictum
1035 1430 1120 1475 est
1151 1421 1255 1476 illis
1285 1440 1299 1475 :
1326 1439 1348 1474 ι
1381 1421 1653 1491 Jejunium
1706 1428 1761 1473 et
1802 1418 2063 1472 cessatio-

490 1525 611 1563 nem
640 1521 695 1564 et
715 1510 1087 1567 solemnitates
1122 1522 1332 1567 vestras
1360 1515 1473 1567 odit
1494 1513 1671 1565 anima
1710 1528 1849 1566 mea.
1877 1531 1895 1562 ι
1928 1509 2061 1563 Nam

484 1600 669 1669 jejunii
703 1601 892 1667 otium,
924 1618 1030 1657 non
1058 1605 1110 1656 in
1144 1604 1479 1671 pcenitentize
1518 1603 1862 1659 occasionem
1895 1603 2061 1657 verti-

494 1693 561 1747 tis
586 1733 601 1757 ,
634 1694 727 1748 sed
763 1694 855 1748 illo
887 1695 956 1751 ad
983 1697 1163 1752 debita
1192 1699 1458 1769 exigenda
1506 1707 1563 1753 et
1616 1697 1908 1767 repetenda
1956 1696 2063 1750 uti-

491 1801 645 1842 mm.

560 1879 721 1935 Vens.
783 1882 836 1936 4.
886 1883 988 1937 «Si
1029 1884 1107 1938 ad
1143 1884 1265 1959 lites
1316 1894 1372 1939 et
1410 1900 1617 1955 pugnas
1662 1884 1955 1955 jejunatis,
2009 1890 2063 1937 et

487 1974 679 2041 pugnis
711 1976 995 2044 percutitis
1022 1977 1299 2042 humilem,
1323 1980 1387 2031 ad
1420 1979 1546 2047 quid
1581 1978 1712 2032 mihi
1734 1976 2056 2045 jejunatis?»

493 2063 715 2121 Videtur
742 2068 858 2134 ipso
885 2083 1100 2138 quoque
1139 2071 1438 2138 prophetiae
1490 2081 1729 2139 tempore
1773 2070 1875 2122 tale
1907 2068 2063 2137 quid-

490 2159 635 2225 piam
700 2159 901 2214 l'actum
948 2176 1115 2216 esse:
1149 2164 1202 2215 id
1254 2163 1454 2232 quippe
1495 2178 1674 2218 sermo
1722 2163 2061 2217 subindicat:

497 2266 517 2299 σ
549 2248 616 2303 Ut
644 2250 805 2306 hodie
845 2252 1098 2307 audiatur
1126 2253 1177 2307 in
1208 2254 1446 2309 clamore
1481 2270 1582 2310 vox
1610 2268 1812 2309 vestra.
1848 2274 1866 2307 ο

564 2341 724 2397 Vens.
783 2344 835 2397 5.
891 2344 1049 2399 «Non
1106 2361 1207 2417 ego
1262 2347 1529 2416 jejunium
1598 2350 1741 2403 istud
1793 2350 1954 2420 elegi,
2013 2360 2066 2406 et

486 2432 650 2497 diem,
690 2442 747 2486 ut
802 2434 1050 2491 humiliet
1094 2439 1255 2492 homo
1302 2442 1540 2494 animam
1606 2457 1785 2497 suam.
1845 2442 1960 2497 Non
2020 2444 2063 2499 si

486 2522 859 2581 incurvaveris
895 2530 1049 2598 quasi
1085 2531 1350 2586 circulum
1383 2534 1580 2588 collum
1631 2545 1806 2602 tuum,
1856 2546 1912 2590 et
1958 2535 2068 2590 cili-

482 2616 630 2669 cium
666 2626 719 2672 et
758 2618 998 2675 cinerem
1026 2622 1390 2680 substraveris
1421 2643 1434 2677 :
1469 2641 1644 2695 neque
1688 2628 1769 2682 sic
1801 2628 2068 2683 vocabitis

480 2706 746 2778 jejunium
799 2714 1153 2783 acceptabile.
1189 2735 1209 2768 ›
1257 2717 1410 2782 Quod
1451 2719 1495 2772 si
1519 2713 1643 2788 quis
1671 2717 1801 2773 velit
1836 2719 2052 2773 modum

484 2802 601 2855 veri
635 2803 874 2873 mihique
907 2808 1121 2874 probati
1171 2809 1364 2877 jeju‘nii
1414 2811 1681 2877 ediscere,
1729 2812 1845 2867 hzec
1905 2822 2063 2881 agat:

484 2894 567 2948 Ad
595 2895 833 2950 laetitiam
863 2899 1069 2953 vultum
1105 2912 1418 2971 componat,
1452 2914 1506 2957 et
1536 2905 1656 2958 oleo
1699 2915 1861 2973 caput
1908 2905 2067 2958 inun-

486 3000 620 3054 gens
643 2988 942 3041 secundum
979 2990 1219 3046 salutare
1252 3004 1604 3064 praeceptum,
1630 2995 1894 3063 jejunium
1927 2995 2062 3051 clam

486 3077 759 3143 observet,
790 3088 844 3133 et
871 3080 969 3135 soli
998 3080 1142 3137 Patri
1187 3085 1400 3140 occulta
1446 3087 1650 3142 videnti
1706 3088 2063 3143 humilitatem

2168 494 2614 565 έταπεινώσαμεν
2664 496 2762 558 τὰς
2801 495 2976 565 ψυχὰς
3009 495 3184 565 ἡμῶν,
3213 494 3307 547 καὶ
3345 494 3443 546 οὐκ
3478 490 3674 562 ἔγνως
3710 512 3730 546 ι

2179 589 2399 660 Ἐπειδὴ
2447 589 2669 640 τοιαῦτα
2721 588 2897 657 λέγειν
2940 589 3168 650 ἀναιδῶς
3220 588 3479 658 τολμῶσι,
3530 587 3739 659 μεγάλῃ

2168 680 2264 751 βοῇ
2288 681 2629 751 χρησάμενος
2647 681 2710 732 σὺ
2729 679 2898 749 όὲμὸς
2910 682 3212 750 προφήτης,
3229 681 3518 750 ἀπόκριναι
3535 679 3739 745 αὐτοῖς,

2165 773 2259 825 καί
2285 773 2576 842 ἀπέλεγχε,
2609 773 2755 834 ὅπως
2784 771 2921 843 ἐμὴν
2962 772 3140 842 κρίσιν
3171 770 3611 834 καταλελοίπασι,
3648 771 3743 823 καὶ

2165 865 2324 918 πάνθ’
2373 866 2473 918 ὅσα
2526 867 2846 934 φάσκουσιν,
2893 865 2991 917 ούκ
3040 864 3253 935 ἀληθῶς
3285 862 3738 917 διαϐεϐαιοῦνται.

2171 973 2190 1006 ι
2232 957 2319 1008 Ἐν
2358 955 2467 1027 γάρ
2508 959 2624 1020 ταῖς
2658 956 2893 1026 ἡμέραις
2942 954 3049 1007 τῶν
3091 954 3349 1025 νηστειῶν
3391 954 3544 1025 ὑμῶν
3596 936 3742 1026 εὑρί-

2171 1065 2329 1101 σκετε
2358 1048 2427 1101 τὰ
2464 1048 2744 1118 θελήματα
2778 1046 2953 1117 ὑμῶν,
2985 1048 3078 1099 καὶ
3109 1048 3314 1110 πάντας
3358 1047 3483 1109 τοὺς
3519 1048 3739 1116 ὑποχει-

2172 1139 2317 1210 ρίους
2345 1138 2497 1208 ὑμῶν
2522 1138 2872 1191 ύπονύσσετε.
2902 1158 2920 1189 ι
2950 1138 3012 1191 Ei
3031 1139 3209 1191 τοίνυν
3239 1138 3330 1190 ἐπὶ
3374 1136 3597 1208 τοιαύτῃ
3651 1153 3741 1189 σε-

2172 1232 2459 1301 μνύνονται
2492 1232 2737 1303 νηστείᾳ,
2778 1232 2911 1284 πολὺ
2947 1234 3192 1302 κρεῖττον
3225 1226 3293 1301 ῆν
3338 1231 3519 1293 αὐτοῖς
3566 1233 3739 1300 τροφῇ

2172 1322 2471 1393 σχολάζειν,
2508 1324 2601 1375 καὶ
2635 1324 2709 1395 μὴ
2736 1322 2957 1376 τοιαῦτα
3008 1323 3227 1393 τολμᾷν.
3274 1323 3372 1375 Διά
3406 1321 3579 1375 ταῦτα
3610 1321 3741 1390 γοῦν

2166 1418 2286 1469 κατ’
2321 1416 2497 1487 ἀρχῆς
2543 1416 2642 1486 τῆς
2696 1416 3034 1487 προφητείας
3072 1416 3207 1485 πρὸς
3267 1416 3462 1478 αὐτοὺς
3494 1414 3738 1483 ἐλέγετο·

2171 1529 2189 1560 ι
2226 1509 2498 1578 Νηστείαν
2532 1508 2626 1562 καὶ
2665 1508 2883 1577 ἀργίαν,
2924 1509 3144 1571 καὶτὰς
3178 1507 3370 1579 ἑορτὰς
3400 1507 3553 1576 ὑμῶν
3600 1508 3747 1576 μισεῖ

2165 1602 2198 1670 ἡ
2226 1600 2373 1671 ψυχή
2409 1617 2533 1670 μου.
2578 1620 2596 1651 ι
2645 1600 2756 1671 Τὴν
2804 1599 2913 1670 γὰρ
2956 1599 3057 1668 τῆς
3106 1598 3357 1667 νηστείας
3406 1596 3598 1666 σχολὴν
3645 1597 3746 1649 οὐκ

2171 1691 2424 1762 ἀφορμὴν
2459 1690 2699 1743 ποιεῖσθε
2739 1689 3096 1761 μεταμελείας
3117 1706 3129 1719 ⁸
3163 1686 3300 1741 ἀλλὰ
3314 1687 3516 1759 ταύτην
3543 1691 3623 1751 είς
3648 1687 3749 1759 τὴν

2174 1784 2283 1836 τῶν
2320 1784 2643 1853 ὀφειλόντων
2678 1782 2961 1854 εἴσπραξιν
2988 1781 3328 1836 ἀναλίσκετε.

2250 1895 2267 1927 ι
2299 1876 2359 1928 Ei
2389 1876 2468 1938 εἰς
2501 1876 2711 1945 κρίσεις
2742 1875 2834 1927 καὶ
2857 1874 3034 1945 μάχας
3062 1873 3369 1945 νηστεύετε,
3397 1873 3490 1926 καλ¹
3518 1874 3749 1928 τύπτετε

2167 1971 2412 2037 πυγμαῖς
2455 1967 2731 2029 ταπεινὸν,
2787 1967 2873 2019 ἵνα
2908 1966 2962 2019 τί
3013 1985 3101 2038 μοι
3138 1968 3461 2038 νηστεύετε;
3506 1988 3523 2020 ι
3561 1970 3747 2024 Ἐοικε

2167 2055 2260 2117 καὶ
2289 2065 2410 2115 κατ’
2452 2062 2616 2115 αὑτὸν
2654 2062 2744 2115 τὸν
2789 2061 2890 2130 τῆς
2926 2062 3258 2132 προφητείας
3298 2061 3491 2131 καιρὸν
3540 2060 3751 2116 τοιοῦτό

2166 2174 2216 2208 τι
2251 2154 2574 2223 γεγενῆσθαι
2598 2171 2612 2184 °
2652 2153 2812 2206 τοῦτο
2842 2153 2950 2225 γάρ
2980 2154 3272 2207 αἰνίττεται
3299 2156 3327 2207 ὁ
3363 2153 3520 2221 λόγος
3543 2172 3556 2184 ο
3598 2173 3616 2204 ι
3659 2154 3752 2218 Ὦς

2170 2246 2406 2315 σήμερον
2446 2243 2779 2313 ἀκουσθῆναι
2800 2245 2856 2295 ὲν
2885 2247 3100 2314 κραυγῇ
3131 2244 3227 2314 τὴν
3264 2243 3446 2314 φωνὴν
3469 2244 3639 2315 ὑμῶν.

2245 2356 2261 2388 ι
2292 2337 2365 2389 Οὐ
2397 2335 2602 2407 ταύτην
2624 2337 2722 2406 τὴν
2745 2337 2997 2406 νηστείαν
3031 2335 3380 2406 ἐξελεξάμην,
3413 2336 3507 2389 καὶ
3536 2335 3751 2407 ἡμέραν

2166 2428 2453 2483 ταπεινοῦν
2487 2429 2774 2499 ἄνθρωπον
2805 2428 2903 2498 τὴν
2931 2428 3107 2499 ψυχὴν
3137 2429 3323 2481 αὑτοῦ.
3357 2429 3477 2482 Οὐδ’
3513 2429 3578 2482 ἂν
3602 2428 3749 2499 κάμ-

2166 2521 2273 2593 ψῃς
2323 2520 2397 2583 ὡς
2429 2519 2617 2591 κρίκον
2648 2520 2741 2573 τὸν
2774 2520 3043 2591 τράχηλὸν
3085 2538 3199 2584 σου,
3258 2521 3352 2574 καὶ
3394 2522 3593 2576 σάκκον
3655 2524 3751 2576 καὶ

2169 2616 2361 2667 σπόδον
2420 2614 2768 2685 ὑποστρώσῃ,
2825 2614 2933 2667 οὐδ’
2981 2613 3125 2668 οὕτω
3172 2614 3432 2668 καλέσετε
3494 2615 3749 2685 νηστείαν

2166 2710 2379 2779 δεκτήν.
2424 2727 2442 2759 ι
2496 2707 2558 2759 Ei
2608 2706 2664 2759 δὲ
2706 2707 2770 2778 δὴ
2803 2706 2975 2761 ἐθέλοι
3029 2725 3114 2770 τις
3151 2708 3349 2779 τρόπον
3388 2707 3621 2779 ἀληθοῦς
3653 2708 3749 2761 καὶ

2168 2799 2290 2868 ἐμοὶ
2328 2797 2405 2869 τῷ
2450 2798 2568 2868 Θεῷ
2615 2798 2855 2868 ἀρεστῆς
2885 2800 3138 2869 νηστείας
3161 2798 3525 2863 διδάσκεσθαι,
3576 2799 3751 2853 ταῦτα

2168 2893 2486 2963 πραττέτω·
2526 2891 2753 2963 Φαιδρὸν
2806 2892 2867 2944 τὸ
2921 2891 3211 2962 πρόσωπον
3250 2893 3620 2961 καταστήσας,
3653 2894 3750 2945 καὶ⁵

2166 2987 2263 3059 τὴν
2295 2986 2533 3057 κεφαλὴν
2586 2985 2811 3055 ἀλείψας
2845 2983 3007 3055 ἐλαίῳ
3034 2984 3175 3037 κατά
3217 2982 3315 3054 τὴν
3349 2987 3611 3056 σωτήριον
3648 3002 3751 3037 πα-

2172 3081 2508 3155 ρακέλευσιν,
2540 3080 2638 3149 τὴν
2670 3079 2768 3149 μὲν
2794 3077 3046 3149 νηστείαν
3081 3080 3138 3131 ὲν
3169 3076 3248 3147 τῷ
3277 3077 3504 3148 κρυπτῴ
3545 3075 3747 3144 φυλατ-

487 3169 679 3223 anima:
702 3172 949 3226 ostendat
982 3191 997 3227 :
1027 3175 1080 3228 in
1119 3175 1335 3245 publico
1366 3186 1550 3233 autem
1583 3181 1860 3248 operibus,
1894 3182 2061 3251 pieta-

2170 3171 2327 3235 τέτω,
2360 3171 2453 3223 καὶ
2480 3169 2557 3241 τῷ
2606 3169 2782 3240 Πατρὶ
2812 3168 2890 3238 τῷ
2944 3167 3193 3238 βλέποντι
3225 3167 3294 3221 τὰ
3340 3168 3557 3240 κρυπτὰ
3604 3167 3749 3239 μόνῳ

491 3263 557 3315 tis
615 3262 825 3318 fructus
873 3267 1181 3323 videntibus
1228 3271 1486 3327 omnibus
1550 3273 1849 3341 exhibeat,
1902 3288 2063 3330 omne

487 3357 764 3411 vinculum
795 3358 1098 3430 iniquitatis
1122 3362 1401 3421 solvendo.
1426 3364 1608 3432 Quare
1635 3367 1712 3421 ait
1744 3383 1759 3419 :

2168 3263 2266 3335 τὴν
2292 3262 2619 3316 ταπείνωσιν
2651 3262 2750 3331 τῆς
2772 3260 2951 3331 ψυχῆς
2986 3260 3247 3314 δεικνύτω
3272 3278 3285 3290 ·
3325 3263 3406 3324 εἰς
3451 3262 3507 3315 δὲ
3547 3261 3607 3313 τὸ
3644 3276 3749 3328 φα-

2171 3358 2327 3430 νερὸν
2354 3356 2421 3409 δι’
2447 3355 2623 3426 ἔργων
2650 3354 2777 3417 τοὺς
2806 3354 3052 3422 καρποὺς
3076 3352 3175 3423 τῆς
3207 3351 3347 3405 κατά
3387 3352 3561 3421 ψυχὴν
3591 3350 3752 3403 εὐλα-

489 3446 645 3512 ϐείας
671 3454 782 3515 τοῖς
808 3455 975 3506 πᾶσιν
1008 3454 1175 3525 ὁρῶσι
1201 3457 1503 3529 παρεχέτω,
1543 3458 1630 3512 διὰ
1649 3460 1743 3513 τοῦ
1775 3460 1922 3514 λύειν
1951 3460 2130 3515 πάντα
2156 3453 2450 3520 σύνδεσμον
2474 3448 2708 3510 ἀδικίας.
2739 3446 2832 3499 Διό
2858 3462 3020 3516 φησιν
3039 3461 3052 3474 ’

560 3539 721 3595 Vens.
758 3540 811 3596 6.
849 3560 867 3593 ι
897 3542 1012 3597 Νοιι
1059 3544 1164 3599 tale
1203 3544 1468 3613 judicium
1499 3547 1660 3618 elegi,
1697 3550 1827 3605 dicit
1876 3551 2059 3605 Domi-

486 3648 590 3688 nus
627 3651 641 3688 :
677 3634 769 3687 sed
795 3634 943 3689 solve
970 3650 1184 3691 omnem
1213 3652 1409 3693 nexum
1444 3640 1782 3709 iniquitatis;
1828 3642 2063 3699 dissolve

485 3724 843 3794 obligationes
870 3728 1231 3785 violentarum
1255 3732 1601 3797 cautionum;
1628 3733 1838 3789 dimitte
1862 3734 2062 3792 fractos

485 3816 542 3871 in
590 3819 991 3885 remissionem;
1039 3830 1095 3875 et
1135 3837 1350 3877 omnem
1407 3826 1773 3894 syngrapham
1820 3826 2058 3897 iniquam

486 3913 687 3975 lacera,
713 3929 731 3962 ι
778 3912 979 3965 dictum
1008 3912 1139 3967 illud
1168 3913 1476 3972 Servatoris
1522 3932 1687 3987 opere
1714 3919 2054 3989 pperliciens:

492 4022 511 4054 σ
544 4003 599 4057 Si
631 4002 793 4057 oﬂ'ers
823 4019 1016 4060 munus
1047 4013 1191 4059 tuum
1218 4007 1285 4061 ad
1307 4007 1506 4073 altare,
1561 4020 1615 4064 et
1644 4010 1717 4065 ibi
1744 4011 2060 4068 recordatus

486 4094 677 4161 fueris,
711 4098 834 4167 quia
864 4097 1034 4153 frater
1064 4108 1187 4155 tuus
1222 4100 1387 4156 habet
1428 4101 1630 4173 aliquid
1656 4104 1943 4158 adversum
1976 4113 2055 4171 te;

487 4191 733 4259 relinque
757 4190 826 4244 ibi
857 4206 1052 4246 munus
1092 4200 1277 4259 tuum,
1323 4204 1378 4249 et
1416 4198 1552 4249 vade
1587 4195 1761 4264 prius,
1812 4196 2051 4252 reconci-

486 4282 621 4339 liare
685 4282 838 4338 fratri
892 4294 983 4340 tuo
1026 4303 1041 4339 :
1094 4295 1148 4340 et
1214 4295 1343 4342 tunc
1394 4287 1624 4343 veniens
1678 4287 1813 4343 oﬂ‘er
1866 4303 2063 4344 munus

484 4385 635 4429 tuum
668 4378 733 4432 ".
764 4396 783 4430 ι

556 4466 723 4523 Vens.
776 4470 829 4525 7.
892 4470 1154 4542 «Frange
1202 4474 1467 4527 esurienti
1519 4488 1713 4542 panem
1774 4483 1956 4539 tuum,
2007 4483 2062 4530 et

482 4575 750 4631 pauperes
782 4571 929 4617 tecto
961 4574 1209 4619 carentes
1244 4565 1406 4619 induc
1437 4566 1488 4619 in
1532 4566 1748 4619 domum
1778 4574 1946 4621 tuam.
1974 4610 1979 4616 .
2005 4565 2060 4621 Si

484 4654 685 4708 videris
717 4656 938 4721 nudum,
975 4667 1114 4726 tege,
1145 4666 1199 4713 et
1236 4658 1567 4713 domesticos
1594 4658 1819 4713 seminis
1864 4658 1938 4711 tui
1996 4674 2062 4711 ne

480 4745 817 4815 despexeris.
851 4767 869 4801 ι
908 4748 1025 4804 Non
1067 4750 1210 4804 enim
1234 4751 1431 4805 desunt
1485 4751 1627 4818 apud
1671 4750 1919 4804 homines
1968 4750 2059 4818 qui

480 4836 600 4891 cibo
634 4847 831 4905 egeant
867 4862 878 4894 :
913 4848 1076 4909 atque
1123 4840 1202 4895 sic
1230 4840 1326 4895 tibi
1383 4841 1710 4895 abstinentia
1754 4855 1859 4895 non
1909 4840 2060 4895 lucro

479 4930 586 4984 erit
620 4949 633 4984 :
666 4930 762 4986 sed
802 4931 907 4987 alio
943 4933 1102 4987 modo
1126 4934 1361 4987 animam
1407 4943 1550 4987 tuam
1579 4934 1722 5000 ales,
1759 4948 1880 4988 cum
1920 4947 2060 5002 pane

486 5028 572 5075 tuo
604 5023 843 5092 indigum
885 5032 939 5079 et
986 5023 1093 5078 cibi
1131 5024 1357 5092 penuria
1390 5023 1724 5078 laborantem
1765 5024 2059 5079 recreabis.

556 5204 719 5260 Vens.
753 5208 806 5271 8,
850 5206 902 5262 9.
958 5224 976 5259 ‹
1005 5204 1157 5261 Τυηο
1215 5212 1465 5274 erumpet
1506 5202 1832 5257 matutinum
1881 5202 2061 5256 lumen

484 5304 664 5362 tuum,
692 5307 748 5351 et
776 5300 1093 5355 sanationes
1136 5307 1239 5353 tua:
1286 5298 1396 5353 cito
1435 5296 1682 5352 orientur
1720 5309 1735 5348 :
1771 5304 1826 5351 et
1855 5292 2065 5365 praeibit

483 5397 613 5438 ante
657 5395 707 5440 te
737 5386 951 5455 justitia
982 5400 1094 5457 tua,
1143 5398 1199 5445 ct
1231 5388 1403 5460 gloria
1456 5386 1554 5442 Dei
1586 5385 1946 5443 circumdabit
1991 5394 2058 5439 te.

485 5474 637 5531 Tunc
692 5478 970 5546 clamabis,
1015 5489 1071 5536 et
1123 5480 1265 5537 Deus
1311 5482 1567 5539 exaudiet
1625 5489 1680 5537 te
1722 5498 1735 5534 :
1773 5478 1949 5535 adhuc
2013 5485 2065 5532 te

488 5566 747 5640 loquente
781 5570 945 5635 dicet,
980 5570 1121 5629 Ecce
1157 5575 1366 5632 adsum.
1395 5594 1413 5627 ι

569 5708 611 5739 ¹¹
644 5706 840 5763 Matth.
881 5723 935 5776 v,
966 5708 1037 5763 93

2258 3561 2276 3594 ι
2305 3540 2442 3609 Ούχι
2482 3538 2737 3607 τοιαύτην
2775 3535 3029 3607 νηστείαν
3059 3532 3407 3604 ἐξελεξάμην,
3454 3531 3599 3600 λέγει
3633 3533 3720 3584 Κύ

2175 3651 2324 3708 ριοςο
2360 3631 2495 3686 ἀλλὰ
2546 3630 2639 3682 λύε
2689 3628 2867 3682 πάντα
2935 3626 3229 3697 σύνδεσμον
3280 3624 3521 3686 ἀδικίας’
3563 3624 3749 3677 διάλυε

2172 3723 2537 3797 στραγγάλας
2563 3721 2748 3794 βιαίων
2798 3718 3256 3787 συναλλαγμάτων
3280 3733 3293 3745 ο
3331 3713 3629 3767 ἀπόστελλε
3654 3731 3744 3767 τε-

2170 3813 2537 3887 θραυσμένους
2572 3815 2630 3867 ὲν
2656 3810 2879 3881 ἀφέσειο
2928 3810 3021 3862 καὶ
3067 3810 3247 3861 πᾶσαν
3281 3807 3599 3878 συγγραφὴν
3637 3804 3750 3859 ἀδι-

2169 3927 2261 3962 κον
2283 3908 2522 3961 διάσπα·-
2549 3926 2568 3958 ι
2596 3905 2727 3959 αὐτὸ
2750 3905 2815 3975 δὴ
2845 3903 2907 3956 τὸ
2927 3901 3248 3972 λελεγμένον
3291 3900 3395 3953 ὑπὸ
3425 3898 3519 3952 τοῦ
3570 3899 3749 3967 Σωτῆ-

2173 4018 2263 4071 ρος
2316 4000 2463 4070 ἔργῳ
2496 3998 2739 4070 πληρῶν,
2781 3997 2866 4049 τό·
2908 4016 2925 4046 ι
2960 3996 3083 4049 Ἐὰν
3127 3993 3443 4066 προσφέρῃς
3472 3993 3532 4045 τὸ
3573 3990 3747 4061 δῶρόν

2170 4111 2286 4157 σου,
2316 4094 2474 4146 κάκεῖ
2500 4090 2762 4163 μνησθῇς,
2797 4090 2880 4142 ὅτι
2921 4087 3032 4159 εχει
3061 4090 3089 4141 ό
3123 4087 3345 4155 ἀδελφός
3376 4085 3469 4138 σού
3518 4102 3569 4136 τι
3605 4083 3751 4138 κατὰ

2173 4186 2268 4238 σοῦ
2291 4202 2305 4217 ο
2343 4186 2477 4254 ἄφες
2526 4186 2641 4237 ἐκεῖ
2669 4184 2730 4236 τὸ
2762 4182 2932 4252 δῶρόν
2964 4198 3078 4247 σου,
3130 4181 3224 4234 καὶ
3281 4179 3458 4247 ὕπαγε
3510 4176 3745 4249 πρῶτον,

2167 4277 2481 4348 διαλλάγηθι
2506 4276 2585 4347 τῷ
2609 4275 2821 4345 ἀδελφῷ
2843 4291 2934 4327 σου
2956 4291 2969 4304 ·
3002 4275 3095 4327 καὶ
3121 4273 3240 4325 τότε
3272 4271 3441 4325 ἐλθὼν
3472 4272 3751 4342 πρόσφερε

2170 4370 2232 4421 τὸ
2265 4370 2437 4440 δῶρόν
2465 4386 2579 4421 σου.
2611 4388 2630 4421 ι

2248 4480 2265 4511 ι
2297 4460 2603 4530 Διάθρυπτε
2638 4457 2894 4512 πεινῶντι
2919 4457 3011 4510 τὸν
3040 4457 3203 4529 ἄρτον
3234 4474 3347 4520 σου,
3373 4456 3465 4509 καὶ
3498 4456 3749 4525 πτωχοὺς

2172 4552 2433 4620 άστέγους
2473 4551 2659 4619 εἴσαγε
2682 4552 2761 4614 εἰς
2782 4549 2872 4604 τὸν
2892 4545 3040 4603 οἶκόν
3071 4566 3185 4601 σου.
3222 4548 3345 4601 Ἐὰν
3376 4548 3491 4619 ἴδῃς
3523 4547 3748 4617 γυμνὸν,

2175 4643 2453 4713 περίϐαλε,
2487 4644 2581 4695 καὶ
2605 4643 2712 4696 ἀπὸ
2745 4643 2853 4696 τῶν
2893 4642 3108 4695 οἰκείων
3147 4640 3241 4694 τοῦ
3292 4638 3605 4712 σπέρματός
3653 4653 3747 4689 σου

2173 4738 2270 4806 οὐχ
2293 4738 2573 4809 ύπερόψει.
2613 4757 2631 4790 ι
2670 4738 2744 4791 Ού
2770 4736 2878 4808 γάρ
2926 4735 3205 4788 λείπουσιν
3237 4735 3294 4784 ὲν
3344 4730 3650 4801 ἀνθρώποις
3696 4729 3747 4781 οἱ

2171 4832 2376 4902 τροφῆς
2400 4831 2595 4893 ἐνδεεῖς
2620 4848 2633 4861 υ
2671 4832 2763 4884 καὶ
2794 4829 2935 4883 οὓτω
2981 4827 3091 4899 γάρ
3134 4845 3215 4879 σοι
3257 4826 3479 4896 γένηται
3513 4825 3572 4876 οὐ
3610 4821 3747 4894 πρὸς

2172 4923 2395 4994 κέρδους
2440 4925 2473 4994 ὴ
2520 4923 2723 4986 ἀσιτία,
2755 4922 2867 4976 ἀλλ’
2926 4921 3096 4991 έτέρῳ
3138 4920 3322 4990 τρόπῳ
3351 4918 3604 4988 τραφὴσῃ
3648 4913 3749 4985 τὴν

2169 5015 2345 5086 ψυχὴν
2372 5015 2452 5086 τῷ
2477 5014 2671 5068 σαυτοῦ
2715 5016 2864 5087 ἄρτῳ
2888 5013 2976 5067 τὸν
3010 5011 3163 5082 ἐνδεῆ
3195 5011 3285 5064 καὶ
3311 5008 3517 5079 τροφῆς
3558 5005 3746 5076 δεόμε-

2173 5126 2260 5165 νον
2287 5106 2689 5179 ἀνακτώμενος.

2246 5220 2264 5251 ι
2300 5200 2433 5253 Τότε
2465 5202 2761 5272 ῥαγήσεται
2781 5197 3030 5271 πρώῖμον
3061 5197 3121 5249 τὸ
3144 5194 3257 5264 φῶς
3288 5209 3401 5255 σου,
3439 5188 3626 5244 καὶτὰ
3666 5186 3745 5240 ἰά-

2176 5296 2322 5367 ματά
2357 5313 2451 5348 σου
2478 5297 2612 5365 ταχὺ
2644 5295 2892 5349 ἀνατελεῖ
2915 5311 2929 5324 ·
2959 5292 3053 5347 καὶ
3090 5286 3526 5361 προπορεύσεται
3548 5285 3745 5355 ἐμπρο-

2175 5387 2300 5441 σθέν
2343 5405 2438 5441 σου
2494 5390 2527 5459 ὴ
2573 5388 2887 5459 δικαιοσύνη
2938 5403 3050 5449 σου,
3099 5384 3192 5436 καὶ
3241 5383 3273 5451 ἡ
3320 5380 3449 5447 δόξα
3478 5378 3571 5433 τοῦ
3606 5377 3740 5435 Θεοῦ

2175 5485 2483 5555 περιστελεῖ
2518 5500 2595 5536 σε.
2628 5483 2761 5536 Τότε
2797 5482 2989 5553 βοήσῃ,
3014 5478 3107 5531 καὶ
3142 5479 3170 5530 ό
3216 5476 3347 5539 Θεὸς
3367 5474 3743 5530 εἰσακούσεταί

2178 5591 2293 5629 σοῦ’
2322 5576 2402 5630 ἔτι
2431 5574 2715 5638 λαλοῦντός
2750 5592 2840 5628 σου
2875 5574 3015 5644 ἐρεῖ·
3066 5570 3194 5624 Ἰδοὺ
3218 5569 3471 5640 πάρειμι.
3507 5587 3525 5620 ι
