4108 6204
335 197 422 257 ιει
1242 199 1738 257 COMMENTARIA
1776 203 1845 258 IN
1882 202 2136 260 ISAlAM.
2176 237 2245 246 —
2281 204 2432 262 CAP.
2473 203 2659 262 LVIII.

407 336 427 370 ι
467 317 599 372 Ἑάν
617 319 822 390 ἀφέλῃς
849 318 955 372 ἀπὸ
986 317 1080 372 σοῦ
1107 319 1422 392 σύνδεσμον,
1440 323 1535 377 καὶ
1548 326 1897 396 χειροτονίαν,
1929 331 1974 385 Α

327 409 426 464 καὶ
455 411 612 481 ῥῆμα
662 410 990 480 γογγυσμοῦ.
1027 431 1047 462 ι
1086 412 1143 464 '0
1186 413 1296 485 γὰρ
1315 415 1426 467 τῶν
1447 415 1582 470 ὅλων
1613 417 1745 482 Θεὸς
1777 421 1902 482 τοὺς

329 501 434 572 μὲν
456 502 711 572 εὐπορεῖν
739 502 939 571 τροφῆς
972 503 1065 555 καὶ
1109 503 1427 574 χρημάτων,
1457 505 1585 569 τοὺς
1614 507 1670 559 δὲ
1705 508 1902 572 ἐνδεεῖς

328 591 431 644 καὶ
461 592 697 662 πένητας
721 592 1056 662 ὑπεστήσατο
1091 595 1171 656 είς
1219 594 1448 666 δοκιμὴν
1472 595 1777 670 ἑκατέρων·
1835 599 1900 653 ἵν’

330 682 385 734 οἱ
414 683 516 753 μὲν
545 682 707 751 ἔχοιεν
740 683 947 752 καρπὸν
979 683 1076 752 τῆς
1110 684 1314 737 ἑαυτῶν
1363 686 1621 755 εὐπορίας
1674 686 1763 740 διὰ
1803 689 1901 758 τῆς

333 775 419 836 εἰς
449 775 572 836 τοὺς
597 775 788 835 ἐνδεεῖς
822 775 1102 844 παροχῆς·
1156 776 1202 828 oi
1237 777 1293 829 δὲ
1338 776 1798 852 ὲγγυμναζόμενοι
1832 783 1896 850 τῇ

337 865 496 934 πενία
519 865 638 928 ⁴ἀντὶ
666 865 1021 934 πολυκάρπου
1049 865 1230 938 χώρας
1251 866 1348 938 τὴν
1382 867 1490 920 ἀπὸ
1514 868 1621 922 τῶν
1655 870 1898 940 εὐπόρων

329 956 409 1010 διε
419 956 654 1009 ποιοῦντο
693 959 977 1028 χορηγίαν.

398 1157 418 1189 ι
458 1140 565 1191 Καὶ
586 1139 694 1208 δῷς
722 1140 976 1192 πεινῶντι
1014 1140 1101 1194 τὸν
1144 1142 1307 1214 ἄρτον
1343 1142 1409 1194 ὲκ
1438 1140 1616 1210 ψυχῆς
1663 1159 1774 1203 σου,
1804 1142 1896 1194 καὶ

321 1229 497 1298 ψυχὴν
533 1231 1012 1301 τεταπεινωμένην
1060 1231 1369 1304 ὲμπλήσῃς·
1403 1232 1523 1284 τότε
1555 1232 1800 1285 ἀνατελεῖ
1839 1234 1896 1284 ἐν

319 1321 398 1390 τῷ
433 1323 616 1374 σκότει
647 1322 709 1374 τὸ
731 1322 845 1391 φῶς
871 1340 985 1382 σου.
1011 1323 1104 1375 καὶ
1133 1322 1193 1375 τὸ
1231 1324 1420 1386 σκότος
1454 1341 1545 1376 σου
1575 1324 1649 1386 ὡς
1684 1341 1896 1394 μεσημ-

319 1413 453 1484 ϐρία
511 1433 529 1464 ι
564 1415 820 1468 Μάλιστα
855 1415 952 1484 μὲν
970 1415 1075 1485 γὰρ
1098 1414 1165 1468 τὰ
1195 1415 1387 1486 πρῶτα
1412 1419 1524 1479 τοῖς
1563 1418 1694 1468 πᾶσι
1717 1416 1894 1487 δεήσει

319 1507 599 1556 κοινωνεῖν
633 1504 908 1573 ἀφθόνως·
947 1506 1012 1559 τὰ
1036 1506 1093 1558 δὲ
1129 1504 1381 1576 ἐξαίρετα
1412 1508 1523 1568 τοῖς
1551 1507 1768 1568 οἰκείοις
1800 1507 1897 1576 τῆς

319 1597 561 1661 πίστεως
586 1598 898 1667 ἀπονέμειν.
919 1598 1086 1650 Τοῦτο
1120 1598 1226 1670 γάρ
1257 1599 1348 1651 καὶ
1372 1600 1404 1669 ἡ
1432 1598 1759 1670 άποστολικὴ
1783 1599 1896 1652 διά-

3463 210 3563 270 489

2079 344 2097 378 ι
2126 325 2184 381 Si
2214 326 2500 382 abstuleris
2530 341 2560 381 a
2586 337 2638 382 te
2667 341 2885 392 nexum,
2913 335 2968 381 et
3004 340 3260 383 manuum
3293 330 3568 386 extensio-

2004 431 2152 481 nem,
2181 425 2234 472 et
2276 416 2501 471 verbum
2534 418 2999 474 murmuratiouis.
3029 437 3048 470 ι
3103 416 3239 473 Nam
3289 422 3568 476 universo-

2004 520 2120 558 rum
2149 507 2311 571 Deus,
2341 505 2475 561 alios
2504 507 2720 577 quidem
2747 508 2882 563 cibis
2915 517 2970 563 et
2993 509 3240 578 pecuniis
3263 511 3569 580 opulentos,

2001 597 2135 651 alios
2175 612 2300 651 vero
2326 612 2521 667 egenos
2553 607 2607 652 et
2655 614 2919 669 pauperes
2972 600 3285 666 constituit,
3315 603 3382 656 ad
3420 612 3572 658 utro-

2003 702 2229 756 rumque
2271 690 2678 757 probationem;
2737 700 2796 742 ut
2826 690 2880 743 hi
2914 689 3130 758 quidem
3165 705 3231 745 ex
3284 691 3568 762 largitic'ue

2001 777 2184 844 egenis
2211 779 2452 844 prtehita,
2483 777 2768 846 opulentia:
2802 794 2913 831 sua:
2945 780 3175 832 fructum
3202 780 3564 848 perciperent,

2001 866 2093 920 alii
2137 882 2265 920 vero
2325 868 2579 936 pauperie
2635 867 2879 922 afllictaIi
2930 878 2986 922 et
3047 871 3370 934 exercitati,
3425 871 3568 924 divi-

1999 966 2110 1012 tum
2184 959 2513 1028 largitione,
2587 960 2739 1030 quasi
2821 959 3158 1016 feracissimo
3219 977 3351 1032 agro
3420 963 3566 1016 frue-

2001 1059 2204 1103 rentur.

2069 1140 2235 1194 Vens.
2274 1140 2361 1194 10.
2405 1159 2423 1192 ι
2444 1141 2509 1194 Ει
2541 1141 2756 1196 dederis
2783 1142 3042 1196 esurienti
3082 1157 3271 1211 panem
3293 1157 3356 1196 ex
3387 1142 3566 1196 animo

1998 1239 2111 1291 tuo.
2146 1243 2201 1284 et
2231 1234 2466 1286 animam
2511 1233 2853 1287 humiliatam
2885 1234 3196 1304 impleveris
3223 1274 3237 1299 ,
3272 1243 3396 1290 tunc
3421 1235 3566 1289 orie-

2000 1333 2088 1377 tur
2114 1324 2166 1376 in
2196 1325 2435 1379 tenebris
2460 1325 2640 1379 lumen
2675 1335 2848 1391 tuum,
2893 1336 2948 1378 et
2995 1327 3227 1380 teu'ehra:
3275 1336 3378 1380 tua:
3407 1334 3570 1381 erunt

1997 1417 2144 1469 velut
2179 1417 2450 1471 meridies.
2483 1435 2500 1468 ι
2538 1415 2714 1470 Prima
2752 1432 2883 1471 sane
2911 1419 3159 1471 omnibus
3197 1428 3322 1471 sunt
3347 1418 3572 1487 largiter

1997 1508 2366 1561 distrihuenda
2385 1525 2397 1572 ;
2419 1511 2688 1577 praecipua
2721 1523 2845 1562 vero
2867 1507 3178 1564 domesticis
3202 1509 3322 1564 ﬁdei
3347 1511 3565 1578 dispen-

1997 1600 2182 1653 sanda.
2220 1599 2452 1666 Idipsum
2504 1599 2646 1652 enim
2698 1599 2994 1667 apostolico
3035 1609 3301 1668 praecepto
3324 1598 3562 1668 iubetur,
3619 1631 3621 1633 ι

321 1689 478 1755 ταξις
535 1689 996 1760 παρεκελεύσατο,
1036 1690 1256 1759 φήσασα
1306 1687 1513 1754 δεξιοὺς
1570 1687 1707 1742 εἶναι
1761 1689 1895 1757 πρὸς

2004 1693 2202 1749 scilicet
2230 1690 2498 1746 ofliciosos
2528 1706 2646 1745 esse
2677 1707 2804 1761 erga
2825 1706 3034 1746 omnes.

320 1797 553 1844 πάντας.

400 1891 419 1922 ‹
458 1870 569 1924 Καὶ
595 1870 744 1924 ἔσται
765 1873 793 1923 6
818 1871 948 1934 Θεός
985 1889 1076 1924 σου
1115 1870 1252 1942 μετὰ
1278 1869 1371 1923 σοῦ
1392 1868 1480 1922 διὰ
1513 1869 1712 1933 παντός
1733 1887 1747 1899 ·
1802 1870 1896 1922 καὶ

320 1963 688 2036 ὲμπλησθήσῃ
717 1963 964 2034 καθάπερ
1004 1963 1257 2033 ἐπιθυμεῖ
1293 1964 1326 2033 ή
1368 1963 1512 2035 ψυχή
1546 1980 1660 2024 σου,
1701 1961 1793 2015 καὶ
1824 1962 1896 2014 τὰ

318 2056 460 2107 ὀστᾶ
489 2070 582 2105 σου
614 2052 998 2123 πιανθήσεται·
1039 2053 1132 2104 καὶ
1175 2051 1326 2105 ἔσται
1353 2051 1428 2115 ὼς
1458 2053 1630 2122 κῆπος
1661 2050 1892 2122 μεθύων,

320 2148 421 2201 καὶ
472 2147 550 2209 ὼς
597 2146 744 2218 πηγὴ
775 2145 840 2217 ἣν
886 2145 960 2216 μὴ
999 2145 1241 2209 ἐξέλιπεν
1291 2144 1453 2214 ὕδωρ.
1496 2165 1513 2195 ι
1553 2144 1760 2215 Δηλαδὴ
1799 2143 1897 2214 τῆς

321 2240 500 2310 ψυχῆς
539 2240 703 2310 αὐτῆς
758 2239 815 2290 αί
871 2237 1129 2308 δυνάμεις
1197 2236 1580 2306 πιανθήσονται
1637 2236 1741 2290 ὑπὸ
1799 2238 1896 2306 τῆς

326 2331 707 2400 πνευματικῆς
752 2331 845 2382 καὶ
879 2329 1061 2382 ἐνθέου
1103 2331 1328 2400 τροφῆς.
1365 2328 1475 2382 Καὶ
1517 2329 1689 2400 κῆπος
1715 2327 1897 2382 ἀειθα-

323 2421 421 2492 λὴς
452 2423 550 2485 τάς
582 2422 640 2488 ἐξ
685 2421 840 2489 ἁγίου
895 2419 1206 2491 Πνειὶματος
1248 2419 1608 2490 καρποφορῶν
1654 2419 1893 2487 φυτείας,

325 2513 421 2566 καὶ
455 2513 520 2565 τᾶ
549 2511 714 2566 πάλαι
757 2511 814 2564 δὲ
842 2512 942 2580 τῆς
969 2509 1145 2580 ψυχῆς
1187 2508 1368 2581 έρημα
1409 2508 1894 2580 οἰκοδομηθήσεται

327 2610 386 2660 ἐν
422 2607 525 2670 σοὶ,
576 2605 670 2659 καὶ
697 2601 1219 2674 ἀναπληρωθήσεται
1274 2600 1362 2654 διὰ
1425 2599 1763 2671 μαθημάτων
1802 2601 1896 2653 καὶ.

324 2700 497 2768 λόγων
528 2697 715 2751 θείων·
745 2697 821 2760 ὡς
846 2697 942 2748 καὶ
975 2694 1251 2765 οἰκοδόμον
1287 2710 1346 2746 σε
1386 2693 1639 2762 γενέσθαι
1681 2692 1893 2754 ἑαυτοῦ,

321 2789 692 2852 διδασκαλίαις
725 2789 926 2851 ἐνθέοις
954 2784 1333 2856 οἰκοδομοῦντα
1374 2785 1498 2848 τοὺς
1543 2785 1600 2837 ἐν
1630 2787 1695 2855 τῇ
1731 2784 1894 2837 αὑτοῦ

323 2884 534 2954 διανοίᾳ
556 2881 865 2953 λογισμούς.
909 2879 1045 2950 Ἤδη
1069 2879 1124 2932 δὲ
1150 2879 1244 2932 καὶ
1289 2877 1541 2949 φραγμὸν
1586 2875 1894 2947 περιδαλεῖς

2068 1866 2233 1921 Vsus.
2271 1868 2358 1925 ll.
2414 1869 2518 1923 «Et
2549 1869 2655 1924 erit
2683 1868 2825 1926 Deus
2863 1880 2986 1926 tuus
3027 1880 3200 1925 tecum
3233 1886 3466 1941 semper,
3509 1882 3564 1926 et

1999 1957 2307 2028 impleberis
2331 1961 2467 2015 sicut
2493 1961 2776 2028 desiderat
2826 1963 3001 2017 anima
3039 1973 3125 2017 tua
3154 2003 3169 2027 ,
3209 1972 3265 2017 et
3311 1969 3442 2018 ossa'
3475 1974 3563 2017 tua

1999 2052 2353 2120 pingueseent
2385 2071 2396 2105 :
2424 2061 2479 2105 et
2508 2053 2615 2107 erit
2639 2054 2791 2121 quasi
2829 2052 3018 2110 hortus
3064 2055 3283 2121 ebrius,
3322 2064 3376 2110 et
3425 2057 3566 2110 sicut

2000 2141 2138 2205 fons,
2169 2143 2254 2196 cui
2277 2157 2382 2196 non
2419 2144 2603 2198 deticit
2631 2160 2794 2214 aqua.
2824 2165 2844 2198 ι
2885 2146 3145 2222 Videlicet
3169 2148 3336 2216 ipsius
3373 2147 3566 2202 anima

2000 2235 2231 2289 virtutes
2261 2235 2616 2307 pinguescent
2644 2252 2674 2291 a
2709 2237 2974 2307 spirituali
3007 2249 3059 2293 et
3093 2239 3272 2293 divina
3297 2254 3441 2295 esca.
3499 2237 3568 2294 Et

2000 2326 2189 2380 hortus
2214 2342 2430 2396 semper
2473 2330 2659 2384 virens
2684 2329 2814 2395 erit,
2848 2330 3099 2385 arborum
3135 2332 3306 2386 sancti
3333 2331 3568 2401 Spiritus

2001 2410 2266 2473 fructibus
2293 2429 2612 2486 exornatus,
2639 2430 2802 2490 atque
2835 2422 2920 2476 illa
2950 2423 3077 2477 olim
3117 2426 3311 2478 animae
3355 2417 3564 2478 deserta

2001 2507 2052 2560 in
2084 2517 2136 2562 te
2168 2509 2596 2576 zedificabuntur,
2629 2524 2693 2563 ac
2713 2503 3001 2579 disciplina
3032 2511 3336 2579 divinisque
3358 2527 3567 2566 sermo-

2000 2597 2159 2651 nibus
2213 2598 2602 2668 replebuntur;
2655 2601 2728 2654 ila
2795 2598 2853 2654 ιιί
2918 2601 3032 2668 ipse
3093 2603 3168 2654 tui
3221 2610 3566 2655 constructor

1999 2690 2252 2749 cxsistas,
2301 2689 2661 2759 cogitationes
2716 2689 2911 2744 mentis
2961 2690 3275 2744 tuae'divina
3310 2691 3556 2744 doctrina

1999 2779 2362 2833 exaedificatis.
2417 2779 2495 2832 Ad
2527 2781 2638 2834 hac
2669 2789 2848 2834 autem
2901 2781 3132 2834 animum
3181 2789 3327 2834 tuam
3359 2796 3557 2849 prapu-

1999 2871 2230 2939 gnaculo
2276 2871 2717 2936 circuummnies,
2752 2873 3031 2941 ipsamque
3072 2880 3260 2925 contra
3309 2882 3566 2925 externos

323 2980 391 3047 τῇ
427 2976 624 3029 σαυτοῦ
651 2976 818 3047 ψυχῇ,
835 2973 1216 3046 περιφράττων
1231 2973 1400 3043 αὐτὴν
1421 2969 1776 3040 πανταχόθεν,
1801 2969 1894 3022 καὶ

2004 2963 2258 3018 tumultus
2306 2964 2544 3032 undique
2588 2965 2764 3032 sepies
2803 2972 2857 3018 et
2913 2962 3202 3017 custodies.
3252 2961 3384 3018 Ossa
3434 2977 3565 3016 vero

327 3065 754 3138 ἀσφαλιζόμενος
788 3066 894 3120 ἀπὸ
932 3066 1039 3117 τῶν
1085 3063 1280 3128 ἔξωθεν
1325 3061 1590 3134 ὀχληρῶν.
1628 3062 1790 3114 Ὀστᾶ
1841 3061 1897 3114 δὲ

325 3161 422 3214 τοῦ
454 3161 583 3213 λαοῦ
613 3157 722 3212 εἷεν
750 3159 815 3213 ἂν
846 3159 896 3211 oi
922 3158 980 3210 ὲν
1018 3157 1166 3228 αὐτῷ
1197 3156 1430 3221 δυνατοὶ,
1482 3154 1543 3208 τὸ
1579 3155 1686 3208 πᾶν
1739 3152 1897 3224 σῶμα

329 3252 814 3313 ύποδαστάζοντες.

405 3363 423 3394 ι
455 3345 564 3397 Καὶ
591 3341 1102 3414 οίκοδομηθήσονταί
1128 3357 1219 3393 σου
1242 3339 1298 3393 ai
1321 3339 1516 3412 ἔρημοι
1540 3337 1770 3402 αίώνιοι,
1801 3338 1898 3391 καὶ

327 3439 481 3490 ἔσται
509 3438 579 3490 τά
609 3437 832 3508 θεμέλιά
885 3453 978 3488 σου
1034 3435 1225 3489 αίὼνια
1261 3434 1462 3504 γενεῶν
1503 3435 1739 3504 γενεαῖς.
1787 3431 1898 3485 Καὶ

327 3530 578 3603 κληθήσῃ
603 3530 882 3600 οἰκοδόμος
935 3527 1221 3600 φραγμῶν,
1269 3525 1366 3580 καὶ
1413 3525 1514 3590 τὰς
1556 3525 1775 3597 τρίϐους
1803 3539 1896 3575 σου

322 3622 431 3675 ἀνά
463 3623 624 3693 μέσον
654 3621 899 3684 παύσεις.
939 3639 955 3672 ι
986 3621 1276 3691 Φραγμοὺς
1302 3619 1359 3672 δὲ
1385 3618 1656 3688 οἰκοδομεῖ
1691 3619 1719 3670 6
1745 3634 1899 3690 περι-

324 3714 582 3786 φράττων
625 3713 718 3767 καί⁸
769 3712 1145 3784 περιτειχίζων
1191 3709 1553 3772 διαλεκτικαῖς
1594 3709 1900 3776 ἀποδείξεσι

320 3804 396 3856 τά
423 3802 850 3873 ἐκκλησιαστικά
877 3802 1150 3871 δόγματα·
1192 3801 1220 3853 6
1248 3800 1304 3854 δὲ
1336 3799 1406 3852 τὰ
1435 3799 1694 3853 δοκοῦντα
1725 3817 1900 3870 προσ-

325 3894 594 3966 κόμματα
647 3895 710 3946 ἐκ
757 3892 863 3945 τῶν
912 3890 1070 3944 θείων
1099 3887 1544 3958 ἀναγνωσμάτων
1598 3885 1900 3958 περιαιρῶν

325 3987 420 4041 διὰ
442 3985 538 4039 τοῦ
575 3985 887 4056 σαφηνίζειν
917 3984 985 4038 τά
1011 3983 1299 4054 λεγόμενα,
1338 3972 1491 4043 οὗτός
1531 3980 1678 4031 ἐστιν
1717 3981 1746 4031 6
1777 3979 1903 4040 τοὺς

327 4077 436 4132 ἀνὰ
459 4077 623 4148 μέσον
651 4077 758 4130 τῶν
791 4075 991 4146 τρίϐων
1054 4074 1234 4136 λίθους
1283 4069 1602 4143 περιαιρῶν.
1655 4069 1765 4140 Τῆς
1793 4067 1905 4140 γάρ

327 4170 538 4239 πλάνης
572 4167 668 4232 τάς
696 4169 970 4239 ἀτραποὺς
996 4166 1374 4238 ἀποφράττων,
1405 4165 1496 4217 καὶ
1529 4165 1625 4228 τὰς
1652 4161 1903 4224 τοιαύτας

328 4262 690 4332 ἀποτειχίζων
705 4261 987 4325 διακοπὰς,
1024 4260 1120 4313 καὶ
1143 4258 1404 4314 πάντοθεν
1434 4257 1623 4311 ἑαυτὸν
1654 4253 1902 4325 τειχίζων

2001 3056 2178 3123 populi
2204 3055 2407 3109 fuerint
2434 3056 2495 3122 ii,
2519 3056 2610 3126 qui
2633 3056 2771 3123 apud
2799 3055 2944 3110 illum
2974 3055 3245 3124 praevalidi
3275 3070 3336 3109 ac
3358 3055 3562 3109 robusti

1996 3160 2141 3212 sunt,
2179 3148 2252 3202 ita
2283 3157 2341 3202 ut
2369 3157 2538 3202 totum
2573 3163 2770 3217 corpus
2799 3157 3124 3203 sustentem.

2069 3327 2232 3383 Vsus.
2266 3328 2355 3382 12.
2393 3345 2414 3379 t
2443 3328 2512 3382 Et
2549 3327 2958 3382 :edifimbuntur
2994 3328 3204 3380 deserta
3234 3335 3321 3379 tua
3367 3336 3561 3393 perpe-

2001 3428 2111 3483 tua,
2139 3428 2193 3474 et
2214 3429 2376 3474 erunt
2406 3419 2752 3474 fundamenta
2782 3428 2874 3472 tua
2903 3419 3226 3488 sempiterna
3263 3417 3315 3469 in
3337 3429 3567 3486 genera--

1998 3513 2175 3568 tiones
2199 3513 2633 3581 generationum.
2666 3513 2732 3566 Et
2755 3511 3032 3566 vocaberis
3063 3509 3359 3564 aediﬁcator
3391 3521 3568 3563 mace-

2001 3603 2222 3668 riarum,
2251 3611 2307 3656 et
2338 3602 2559 3657 semitas
2588 3610 2726 3667 tuas,
2761 3614 2881 3669 quae
2923 3606 3050 3653 sunt
3095 3597 3148 3651 in
3187 3597 3382 3656 medio.
3417 3597 3568 3664 quie-

2000 3707 2153 3749 scere
2197 3691 2384 3748 facies.
2410 3711 2430 3745 ι
2473 3691 2640 3761 Sepes
2670 3700 2847 3745 autem
2883 3689 3168 3752 construit,
3200 3688 3294 3757 qui
3321 3686 3572 3742 ecclesia-

2001 3786 2136 3840 Stica
2155 3786 2406 3855 dogmata
2436 3783 2732 3837 dialecticis
2753 3780 3304 3839 demonstrationihus
3337 3781 3568 3832 circum-

2001 3891 2215 3946 quaque
2247 3877 2420 3930 munit
2468 3883 2522 3928 et
2556 3871 2831 3937 defendit;
2891 3871 2980 3940 qu’i
3031 3885 3161 3925 vero
3201 3884 3288 3933 ea,
3343 3883 3460 3937 quae
3515 3867 3569 3921 in

2001 3969 2198 4023 divinis
2236 3967 2556 4022 lectionibus
2599 3963 2920 4019 offendicula
2951 3977 3072 4017 esse
3107 3961 3378 4024 videntur,
3429 3959 3568 4013 dicta

2003 4059 2324 4128 explicando
2360 4069 2624 4122 removet,
2676 4057 2722 4109 is
2779 4063 2864 4108 est
2913 4055 3002 4123 qui
3053 4055 3255 4123 lapides
3297 4053 3350 4106 in
3396 4049 3572 4103 medio

2004 4150 2317 4205 semitarum
2352 4150 2558 4219 positos
2583 4149 2858 4204 amolitur.
2909 4147 3046 4201 Nam
3077 4145 3202 4214 quia
3226 4141 3426 4196 erroris
3456 4139 3571 4193 vias

2005 4245 2266 4310 obstruit,
2293 4255 2347 4298 et
2376 4244 2642 4312 ejusmodi
2677 4243 2948 4299 clausulas
2979 4252 3183 4297 tutatur
3217 4255 3278 4293 ac
3307 4236 3568 4300 defendit,

331 4356 429 4410 καὶ
461 4355 857 4426 περιφράττων,
890 4353 1110 4416 εἰκότως
1153 4351 1431 4422 οἰκοδόμος
1472 4347 1741 4421 φραγμῶν
1797 4347 1901 4400 ὀνο-

2007 4353 2236 4406 seseque
2279 4338 2512 4406 undique
2547 4337 2720 4391 munit
2749 4346 2804 4391 et
2837 4336 2997 4406 sepit,
3049 4333 3345 4389 aedificator
3385 4341 3568 4382 mace-

335 4448 588 4518 μάζεται.

412 4560 431 4590 ι
490 4540 613 4593 Ἐὰν
641 4536 985 4608 ἀποστρέψῃς
1014 4535 1104 4588 τὸν
1137 4535 1272 4588 πόδα
1311 4549 1404 4586 σου
1437 4531 1544 4587 ἀπὸ
1566 4531 1672 4583 τῶν
1696 4528 1903 4583 Σαϐϐά-

332 4651 466 4695 των,
490 4633 581 4685 τοῦ
615 4632 688 4703 μὴ
718 4632 888 4684 ποιεῖν
919 4629 987 4683 τὰ
1010 4627 1287 4698 θελήματά
1315 4643 1406 4679 σου
1438 4627 1495 4680 ἐν
1522 4625 1587 4694 τῇ
1617 4622 1803 4694 ἡμέρᾳ
1833 4624 1898 4693 τῇ

337 4726 500 4795 ἁγίᾳ·
538 4724 631 4776 καὶ
679 4723 928 4785 καλέσεις
951 4721 1018 4773 τὰ
1045 4720 1294 4773 Σάὸὅατα
1339 4715 1606 4788 τρυφερὰ,
1655 4715 1786 4783 ἅγια
1825 4713 1904 4783 τῷ

336 4816 484 4886 Θεῷ·
519 4815 617 4868 οὐκ
639 4816 791 4884 ἀρεῖς
821 4813 912 4865 τὸν
935 4811 1065 4864 πόδα
1089 4829 1181 4864 σου
1209 4811 1294 4862 ἐπ’
1323 4809 1486 4880 ἔργῳ,
1504 4807 1622 4860 οὐδὲ
1655 4805 1906 4876 λαλήσεις

335 4907 496 4976 λόγον
519 4909 574 4959 ὲν
607 4908 742 4977 ὀργῇ
777 4906 840 4958 ὲκ
867 4905 959 4957 τοῦ
992 4903 1256 4974 στόματός
1290 4919 1404 4954 σου.
1442 4899 1550 4952 Καὶ
1589 4897 1684 4969 ἔσῃ
1715 4914 1907 4950 πεποι-

299 4997 449 5072 ξθὼς
494 4999 586 5050 ἐπὶ
630 4997 863 5070 Κύριον·
907 4995 1002 5048 καὶ
1031 4994 1346 5047 ἀναδιδάσει
1373 5009 1432 5045 σε
1471 4991 1564 5042 ἐπὶ
1609 4990 1679 5041 τά
1729 4987 1908 5056 ἀγαθά

336 5091 442 5158 τῆς
473 5087 597 5156 γῆς,
633 5088 725 5140 καὶ
747 5086 949 5157 ψωμιεῖ
977 5101 1036 5137 σε
1067 5084 1164 5155 τὴν
1187 5083 1547 5154 κληρονομίαν
1575 5078 1769 5134 Ἰακὼὸ
1813 5078 1907 5131 τοῦ

340 5181 549 5253 πατρός
579 5197 692 5233 σου.
728 5180 800 5232 Τὸ
821 5178 929 5248 γάρ
959 5176 1130 5245 στόμα
1160 5176 1361 5246 Κυρίου
1393 5173 1618 5243 ὲλάλησε
1663 5170 1851 5224 ταῦτα.
1885 5188 1904 5219 ι

350 5272 677 5326 ’Υποϐάλλει
703 5273 746 5325 δ’
781 5273 810 5323 6
859 5272 1016 5338 λόγος
1058 5267 1132 5338 μὴ
1189 5264 1466 5338 θελήματα
1523 5265 1799 5335 πράττειν,
1833 5262 1909 5324 ὡς

339 5365 567 5428 ἑαυτοὺς
615 5363 802 5434 μέθαις
868 5363 962 5416 καὶ
1014 5359 1344 5432 κραιπάλαις
1401 5355 1786 5427 σχολάζοντας·
1852 5355 1910 5406 ὲν

343 5455 601 5526 ἁγιασμῷ
627 5457 683 5508 δὲ
704 5457 796 5508 καὶ
819 5455 1147 5527 καθαρότητι
1179 5451 1480 5519 διάγοντας,
1506 5447 1646 5501 οὕτω
1693 5446 1786 5499 καὶ
1813 5443 1910 5514 τὴν

343 5551 558 5620 ἡμέραν
591 5548 854 5614 άγιάζειν.
873 5546 1145 5618 τρυφεράν
1173 5561 1231 5597 τε
1271 5541 1442 5613 αὐτὴν
1472 5540 1566 5593 καὶ
1593 5538 1798 5592 ἄλυπον
1825 5535 1914 5588 διὰ

344 5644 442 5712 τῆς
472 5644 528 5694 ἐν
560 5641 698 5710 αὐτῇ
718 5640 852 5692 κατά
879 5639 1008 5692 Θεὸν
1033 5635 1454 5708 ἐπιτελουμένης
1483 5630 1681 5704 σχολῆς
1713 5627 1912 5698 φυλάτ-

2013 4433 2214 4486 riarum
2249 4432 2374 4498 jure
2398 4439 2643 4485 vocatur.

2085 4523 2248 4577 Vsus.
2289 4525 2383 4588 15,
2426 4523 2516 4576 M.
2563 4540 2582 4573 ι
2607 4521 2664 4575 Si
2716 4521 2978 4576 averteris
3023 4533 3052 4572 a
3094 4513 3344 4572 Sabbatis
3383 4508 3571 4580 pedem

2013 4628 2186 4681 tuum,
2245 4627 2302 4671 ut
2328 4633 2432 4671 nou
2461 4618 2624 4672 facias
2652 4618 2953 4672 voluutates
2984 4622 3104 4667 tuas
3129 4611 3180 4663 in
3221 4607 3310 4662 die
3338 4611 3523 4659 sancta
3555 4615 3571 4653 :

2009 4720 2065 4766 et
2098 4709 2320 4765 vocabis
2347 4708 2585 4765 Sabbata
2613 4709 2866 4775 delicata,
2901 4713 3084 4762 sancta
3113 4704 3219 4756 Deo
3244 4717 3258 4765 ;
3293 4711 3397 4751 non
3425 4694 3572 4748 leva-

2013 4801 2096 4856 bis
2125 4803 2312 4870 Pedem
2343 4812 2489 4856 tuum
2513 4803 2578 4856 ad
2600 4819 2755 4872 opus,
2789 4813 2960 4869 neque
3005 4793 3240 4864 loqueris
3267 4790 3488 4844 verbum
3519 4784 3574 4838 iu

2014 4892 2095 4947 ira
2125 4894 2192 4951 de
2219 4908 2314 4948 ore
2345 4903 2454 4948 tuo.
2490 4893 2552 4946 Et
2579 4896 2687 4946 eris
2717 4891 2960 4944 fiduciam
2991 4887 3192 4940 habens
3215 4881 3267 4935 in
3301 4877 3526 4934 Domino
3556 4889 3572 4926 :

2015 4996 2070 5040 et
2090 4986 2282 5040 evehet
2310 4997 2361 5039 te
2391 4985 2455 5038 ad
2487 4985 2625 5039 bona
2657 4993 2834 5042 teme,
2864 4991 2918 5035 et
2942 4977 3142 5033 cibabit
3176 4986 3224 5028 te
3262 4968 3577 5026 haereditate

2010 5077 2176 5133 Jacob
2202 5079 2372 5147 patris
2407 5079 2502 5131 tui.
2533 5077 2606 5132 Os
2625 5078 2766 5131 enim
2800 5073 3008 5129 Domini
3043 5071 3277 5123 locutum
3300 5063 3567 5127 esthazeq

2014 5168 2109 5223 His
2168 5169 2541 5222 suhindicatur
2599 5181 2701 5220 non
2755 5179 2852 5235 pro
2905 5163 3071 5215 lubito
3113 5156 3351 5226 singulos
3413 5164 3576 5220 agere

2017 5261 2212 5314 debere
2234 5299 2250 5324 ,
2283 5259 2356 5312 ita
2391 5269 2450 5312 ut
2479 5256 2727 5312 ebrietati
2763 5266 2813 5309 et
2841 5252 3074 5322 crapulae
3101 5248 3416 5316 indulgeant
3441 5262 3455 5310 ;
3482 5247 3576 5296 sed

2017 5355 2071 5408 in
2095 5354 2386 5409 sanctitate
2407 5361 2458 5406 et
2481 5349 2716 5420 puritate
2759 5347 3055 5415 degendam
3092 5357 3214 5396 esse
3241 5379 3257 5403 ,
3302 5347 3459 5405 atque
3505 5334 3574 5385 ita

2021 5449 2162 5503 diem
2189 5455 2377 5501 sancte
2413 5443 2787 5498 celebrandam
2833 5447 3082 5508 oportere
3115 5452 3129 5489 :
3168 5437 3446 5505 ipsamque
3479 5431 3574 5486 lse-

2023 5544 2128 5591 tam
2168 5552 2230 5592 ac
2263 5537 2381 5591 sine
2415 5533 2627 5586 tristitia
2648 5573 2670 5597 ,
2703 5532 2772 5586 ob
2801 5531 2970 5584 otium
2997 5529 3121 5583 illud
3153 5529 3260 5582 Deo
3298 5539 3579 5583 consecra-

2023 5637 2146 5688 tum,
2187 5626 2482 5688 custodire,
2535 5638 2710 5692 neque
2733 5623 2814 5678 vel
2846 5621 3104 5676 tantillum
3139 5625 3330 5690 pedem
3364 5630 3579 5672 movere
