4108 6204
497 280 602 335 ό83

1171 281 1434 337 EUSEBII
1471 280 1950 336 CESARIENSIS
1987 280 2137 335 OPP.
2180 280 2358 336 PARS
2398 282 2485 337 Ill.
2526 314 2595 325 -
2633 282 3042 339 EXEGETICA.

3619 288 3723 343 484

498 404 561 455 ad
592 402 694 456 alia
727 416 910 469 opera,
944 417 1117 472 neque
1152 403 1235 457 vel
1282 404 1605 457 verbotenns
1646 404 1780 456 labia
1826 405 2058 470 rtedare;

2165 420 2297 464 τειν,
2332 403 2463 474 μηδὲ
2495 406 2652 475 μέχρι
2684 405 2775 459 τοῦ
2799 407 3053 477 τυχόντος
3079 405 3329 460 κινοῦντα
3357 406 3448 460 τὸν
3481 406 3613 461 πόδα
3639 410 3731 463 ἐπὶ

496 492 590 545 sed
620 493 717 546 soli
745 495 1044 547 divinarum
1078 508 1252 549 rerum
1280 496 1393 549 otio
1421 504 1529 547 tota
1558 494 1646 547 die
1674 509 1890 548 vacare.

2164 495 2427 565 πράξεσιν
2476 496 2712 567 ἑτέραις,
2766 498 2899 568 μηδὲ
2955 500 3117 569 μέχρι
3145 499 3305 566 λόγου
3364 499 3609 569 μολύνειν
3665 499 3735 553 τά

496 604 557 658 χε
571 584 645 656 λη
669 605 682 616 ·
718 587 854 660 μόνῃ
881 584 936 637 δὲ
975 587 1038 655 τῇ
1066 586 1227 656 σχολῇ
1260 585 1367 639 τῶν
1390 587 1546 638 θείων
1571 586 1659 639 διὰ
1685 586 1865 655 πάσης
1894 588 2249 657 προσανέχειν
2275 586 2373 655 τῆς
2401 587 2630 657 ἡμέρας.

1071 719 1297 775 CAPUT
1326 720 1460 774 LIX.

563 816 727 870 Vsus.
764 816 815 870 1.
848 832 867 865 ι
908 814 1094 867 Annon
1126 821 1303 880 potest
1328 829 1521 868 manus
1550 812 1762 868 Domini
1792 814 2003 869 salvare
2039 814 2062 868 ?

495 906 576 958 An
606 912 895 973 aggravata
930 910 1013 956 est
1044 903 1190 955 auris
1224 902 1339 971 ejus
1362 942 1377 967 ,
1430 913 1487 957 ut
1524 918 1629 956 non
1663 904 1917 957 exaudiat
1950 905 1974 957 ?
2037 914 2055 955 κ

498 997 786 1065 Postquam
818 996 869 1049 in
900 995 1327 1064 praecedentibus
1370 1010 1489 1062 qua-
1533 1010 1561 1047 a
1610 994 1837 1048 Judaico
1867 995 2061 1065 p0pulo

498 1088 701 1159 agenda
733 1096 928 1149 erant,
969 1087 1341 1154 praescripsit,
1376 1096 1537 1154 atque
1587 1086 1654 1140 iis
1706 1089 1797 1156 qui
1855 1087 2058 1156 agenda

494 1180 823 1248 perfecerint
852 1221 866 1245 ,
900 1190 1258 1249 congruentes
1289 1180 1703 1246 pollicitationes
1734 1178 1962 1244 obtulit,
1997 1193 2061 1233 ac

492 1275 767 1328 contraria
804 1271 1163 1339 deligentibus
1194 1270 1487 1338 promerita
1518 1270 1782 1339 supplicia
1834 1272 2059 1325 commi-

497 1376 656 1418 natus
683 1372 799 1427 est;
828 1363 940 1431 jam
966 1363 1050 1416 bis
1085 1361 1264 1416 verbis
1294 1362 1438 1431 ipsos
1468 1363 1729 1431 coarguit,
1758 1371 1945 1433 utpote
1966 1364 2056 1433 qui

492 1452 669 1523 aliqua
708 1452 799 1506 Dei
846 1452 1108 1507 voluntati
1144 1451 1416 1506 contraria
1462 1450 1760 1523 delegerint
1792 1470 1806 1506 :
1850 1470 1953 1522 qua
1988 1454 2054 1507 de

494 1560 656 1597 causa
702 1545 754 1598 in
800 1544 1139 1598 calamitates
1184 1542 1386 1610 delapsi
1437 1553 1582 1598 sunt.
1634 1543 1723 1597 Ait
1752 1559 1880 1614 ergo
1914 1544 2055 1599 illis:

2671 721 3066 775 ΚΕΦΑΛΑΙΟΝ
3094 722 3218 779 NG'.

2239 829 2257 861 ι
2292 810 2382 882 Μὴ
2434 812 2535 864 οὐκ
2589 811 2825 882 ίσχύειή
2875 813 2994 883 χεὶρ
3048 812 3250 882 Κυρίου
3288 811 3381 864 τοῦ
3425 811 3630 874 σῶσαι;
3669 808 3738 863 Ἦ

2163 899 2391 971 ἐϐάρυνε
2417 901 2477 953 τὸ
2503 896 2593 965 οὖς
2618 900 2782 955 αὐτοῦ
2808 902 2900 954 τοῦ
2928 903 3000 973 μὴ
3032 901 3380 967 είσακοῦσαι;
3425 921 3442 953 ι
3486 903 3574 964 Ὠς
3602 901 3739 972 πρὸς

2162 992 2253 1045 τὸν
2292 994 2399 1045 τῶν
2445 993 2712 1046 Ἰουδαίων
2758 994 2884 1046 λαὸν
2933 995 3364 1065 διαστειλάμενος
3408 996 3437 1047 ό
3484 994 3639 1062 λόγος
3680 994 3740 1045 ἑν

2164 1086 2275 1145 τοῖς
2306 1085 2411 1155 πρὸ
2432 1085 2621 1137 τούτου
2656 1085 2726 1138 τά
2767 1086 3036 1156 πρακτέα,
3067 1087 3161 1140 καὶ
3189 1090 3301 1149 τοῖς
3336 1087 3433 1156 μὲν
3482 1085 3551 1138 τὰ
3594 1103 3737 1157 πρα-

2168 1174 2297 1227 κτέα
2325 1174 2391 1226 δι’
2422 1174 2598 1246 ἔργων
2642 1177 2983 1233 ἑπιτελέσασι
3017 1176 3115 1240 τάς
3147 1176 3459 1247 πρεπούσας
3498 1178 3737 1245 ἑπαγγε-

2164 1263 2284 1329 λίας
2316 1268 2601 1337 παραθεὶς,
2631 1270 2743 1330 τοῖς
2764 1268 2819 1320 δὲ
2842 1268 3097 1322 τάναντία
3121 1268 3392 1338 ἑλομένοις
3414 1267 3512 1330 τὰς
3542 1269 3740 1321 καταλ-

2165 1354 2357 1425 λήλους
2391 1357 2693 1427 ἀπειλήσας
2739 1356 3037 1429 τιμωρίας’
3075 1356 3163 1409 διὰ
3209 1355 3317 1408 τῶν
3360 1356 3741 1426 προκειμένων

2166 1446 2381 1517 ἔλεγχον
2407 1448 2589 1509 αὐτοῖς
2622 1447 2941 1518 προσφέρει,
2977 1446 3052 1509 ῶς
3074 1463 3192 1499 τινα
3226 1445 3440 1500 ἐναντία
3465 1445 3739 1515 ἑλομένοις

2164 1539 2232 1607 τῇ
2261 1535 2354 1589 τοῦ
2392 1535 2526 1589 Θεοῦ
2581 1536 2744 1607 βουλῇ
2765 1552 2779 1563 ’
2818 1529 2878 1587 οὗ
2912 1535 3069 1606 χάριν
3096 1536 3189 1587 καὶ
3223 1538 3334 1598 τοῖς
3360 1536 3548 1598 κακοῖς
3585 1551 3739 1607 περι-

494 1634 846 1705 Nequaquam
897 1635 1027 1688 mihi
1075 1634 1181 1690 Deo
1234 1633 1565 1701 impossibile
1608 1644 1721 1689 erat
1756 1650 1851 1688 vos
1894 1636 2058 1689 etiam

2167 1629 2508 1683 πεπτώκασι.
2538 1629 2702 1700 Φησὶν
2750 1622 2841 1681 οῦν
2881 1627 3015 1697 πρὸς
3049 1624 3270 1689 αὐτούς·
3308 1626 3420 1678 Οὐκ
3444 1620 3511 1696 ἦν
3542 1625 3736 1679 ἀδύνα-

492 1727 731 1795 perditos
760 1735 1069 1779 restaurare
1094 1765 1108 1789 ,
1136 1740 1312 1793 neque
1344 1724 1556 1779 infirma
1586 1735 1670 1779 est
1704 1740 1895 1779 manus
1924 1742 2058 1787 mea,

2165 1740 2255 1774 τον
2285 1722 2406 1793 ἐμοὶ
2438 1721 2515 1792 τῷ
2555 1720 2695 1791 Θεῷ,
2726 1722 2821 1774 καὶ
2865 1718 3269 1789 ἀπολλυμένους
3307 1719 3450 1789 ὑμᾶς
3500 1718 3739 1788 ἀνακτή-

494 1829 551 1872 ιιι
582 1833 695 1881 vos,
727 1818 971 1887 indignos
1002 1818 1146 1883 licet,
1181 1833 1397 1873 servare
1432 1833 1728 1887 nequeam;
1765 1818 1910 1871 auris
1937 1832 2058 1872 vero

2165 1813 2383 1877 σασθαι,
2411 1811 2531 1864 οὐδὲ
2564 1810 2836 1881 ἀσθενεῖὴ
2871 1811 2978 1881 ἑμὴ
3008 1811 3125 1880 χεὶρ
3176 1810 3268 1862 καὶ
3300 1807 3551 1872 ἀναξίους
3578 1809 3738 1873 όντας

495 1925 633 1972 mea,
659 1925 778 1979 qua:
804 1909 982 1964 omnia
1011 1908 1157 1962 audit
1183 1948 1199 1973 ,
1230 1924 1335 1962 non
1368 1909 1441 1963 ita
1484 1917 1776 1979 aggravata
1812 1918 1966 1973 erat,
2004 1918 2063 1963 ut

494 2013 597 2051 non
632 2014 844 2068 possem
878 2013 971 2051 vos
999 1997 1299 2052 clamantes
1325 1998 1607 2052 exaudire.

560 2196 724 2252 Vsus.
760 2197 815 2250 2.
859 2215 878 2248 ι
925 2198 1031 2251 Sed
1068 2205 1289 2265 peccata
1328 2208 1505 2252 vestra
1539 2198 1819 2253 dissidium
1850 2198 2060 2254 faciunt

492 2286 631 2342 inter
657 2302 750 2341 vos
781 2296 834 2341 et
864 2288 1030 2341 Deum
1069 2306 1081 2341 :
1110 2297 1164 2341 et
1192 2298 1414 2357 propter
1445 2297 1668 2357 peccata
1704 2299 1883 2344 vestra
1904 2305 2059 2345 aver-

492 2379 556 2433 tit
588 2378 780 2432 faciem
815 2392 847 2431 a
878 2377 1032 2432 vobis
1057 2416 1073 2440 ,
1127 2387 1185 2432 ut
1215 2394 1318 2433 non
1367 2379 1713 2435 misereatur.
1757 2399 1776 2433 ι
1811 2380 2056 2450 lmproba

490 2470 598 2523 vita
632 2470 808 2522 vestra
846 2484 953 2521 non
1001 2468 1131 2521 sinit
1158 2482 1252 2522 vos
1296 2468 1475 2521 divina
1525 2467 1625 2521 frui
1676 2471 2013 2538 providentia
2039 2512 2055 2535 ,
2098 2482 2104 2489 ’

489 2560 617 2629 quia
651 2557 792 2613 Deus
827 2567 1107 2627 peccatum
1134 2598 1149 2622 ,
1184 2568 1243 2610 ut
1291 2572 1403 2610 rem
1450 2558 1689 2625 putidam
1716 2600 1731 2624 ,
1768 2569 1976 2629 turpem
2006 2571 2058 2615 et

491 2648 747 2701 infamem
778 2646 1141 2701 abominatur.
1181 2644 1385 2715 POpulo
1416 2645 1595 2715 itaque
1645 2648 1817 2703 ruina“;
1863 2664 1926 2703 ac
1968 2665 2056 2705 te-

492 2737 743 2791 motionis
769 2751 796 2788 a
829 2736 939 2790 Deo
970 2736 1169 2789 nullam
1213 2735 1375 2789 aliam
1406 2735 1571 2790 fuisse
1611 2752 1827 2791 causam
1857 2739 2014 2795 docet
2040 2780 2056 2805 ,

487 2845 648 2897 quam
689 2838 907 2898 peccata
942 2842 1130 2882 eorum
1178 2844 1193 2881 :
1244 2827 1436 2883 horum
1484 2843 1613 2883 vero
1653 2830 1861 2897 species
1902 2832 2056 2885 dein-

490 2937 617 2990 ceps
641 2929 944 2976 enumerat.

564 3124 723 3177 Vsus.
760 3120 813 3176 δ.
856 3139 875 3172 ι
914 3120 1104 3175 Manus
1135 3120 1278 3174 enim
1314 3128 1505 3172 vestrae
1543 3117 1759 3187 polluta:
1790 3124 1915 3171 sunt
1938 3132 2056 3171 san-

486 3214 648 3284 guine
671 3253 688 3279 ,
716 3221 770 3265 et
799 3210 949 3276 digiti
989 3211 1153 3263 vestri
1184 3210 1236 3262 in
1279 3208 1513 3277 peccatis
1546 3226 1559 3261 :
1590 3206 1730 3260 labia
1760 3216 1938 3261 vestra
1975 3210 2056 3263 ιο.

489 3314 613 3359 euta
646 3312 770 3358 sunt
804 3303 1141 3372 iniquitatem
1168 3341 1183 3366 ,
1216 3311 1269 3353 et
1296 3300 1477 3369 lingua
1514 3311 1691 3353 vestra
1736 3299 2054 3367 iniustitiam

490 3396 800 3448 meditatur.
862 3412 880 3444 ι
936 3392 1002 3445 Et
1033 3391 1338 3461 perpendas
1386 3390 1541 3443 velim
1589 3404 1682 3444 eos
1726 3390 1815 3445 hic
1849 3390 2069 3458 nonde

492 3484 793 3539 idololatria
814 3523 828 3546 ,
862 3492 954 3537 aut
979 3484 1045 3538 de
1076 3482 1181 3535 alio
1209 3482 1456 3551 improbo
1497 3482 1738 3537 facinore
1770 3486 2018 3538 accusari
2040 3522 2054 3546 ,

488 3579 583 3631 sed
631 3580 695 3631 de
744 3578 891 3631 caule
925 3577 1082 3631 labiis
1121 3585 1431 3645 perpetrata
1459 3616 1473 3638 ,
1512 3586 1566 3630 et
1595 3576 1661 3630 de
1691 3576 1801 3631 oris
1830 3578 1912 3630 sui
1947 3577 2056 3631 ini-

490 3671 716 3738 quitate.
756 3667 921 3734 Queis
950 3667 1257 3721 subindicat
1284 3680 1469 3721 eorum
1498 3675 1682 3719 contra
1715 3665 2054 3721 Servatorem

486 3760 956 3830 conspirationes,
998 3767 1159 3827 atque
1186 3757 1409 3811 insidias
1437 3758 1503 3811 ab
1533 3757 1613 3810 eis
1637 3766 1829 3812 contra
1861 3757 2057 3826 probos

488 3854 636 3909 viros
661 3864 916 3909 structas.
943 3853 1168 3907 Etiamsi
1193 3866 1321 3906 vero
1341 3850 1681 3905 Servatorem
1704 3864 1809 3904 non
1841 3849 2056 3918 propria

490 3961 651 4001 manu
674 3945 1021 4008 trucidarint;
1048 3959 1170 3998 cum
1200 3952 1376 3996 tamen
1408 3942 1723 4011 sanguinem
1756 3940 1871 4011 ejus
1896 3956 2058 4010 super

484 4051 549 4091 se
578 4046 627 4091 et
684 4050 846 4104 super
900 4034 1035 4089 filios
1063 4049 1189 4089 suos
1224 4035 1583 4103 expetierint,
1633 4048 1696 4088 ac
1741 4032 1922 4101 impiis
1975 4032 2055 4086 usi

486 4128 599 4181 sint
631 4127 979 4193 clamoribus,
1010 4139 1198 4194 reapse
1228 4126 1573 4180 declararunt
1600 4141 1658 4180 se
1709 4139 1900 4178 manus
1928 4139 2056 4178 san-

488 4222 650 4289 guine
684 4221 911 4274 fmdatas
943 4219 1141 4274 habere
1166 4261 1182 4284 ,
1213 4219 1351 4274 labia
1397 4234 1582 4274 eorum
1615 4218 1951 4287 iniquitatem
1981 4217 2057 4272 lo-

488 4321 613 4366 ruta
648 4325 811 4374 esse,
860 4319 915 4365 et
966 4310 1201 4382 linguam
1235 4326 1425 4365 eorum
1480 4312 1814 4379 impietatem
1869 4318 2055 4379 protu-

2163 1906 2306 1974 ὑμᾶς
2346 1903 2638 1956 διασῶσαι·
2696 1902 2879 1956 καὶτὸ
2908 1898 2999 1965 οὖς
3045 1902 3101 1954 δὲ
3149 1900 3211 1953 τὸ
3241 1901 3370 1971 ἑμὸν
3414 1902 3474 1954 τὺ
3516 1901 3737 1955 πάντων

2161 1994 2482 2047 ἀκουστικὸν
2515 1995 2610 2063 οὐχ
2630 1992 2802 2057 οὓτως
2832 1988 2900 2063 ἦν
2924 1992 3247 2064 βαρυήκοον,
3274 1990 3349 2055 ὡς
3376 1992 3449 2063 μὴ
3475 1991 3736 2047 δύνασθαι

2163 2084 2316 2154 ὑμῶν
2349 2084 2667 2137 εἰσακοῦσαι
2702 2083 2969 2154 βοώντων.

2236 2216 2253 2245 ι
2287 2194 2443 2247 Ἀλλά
2467 2194 2535 2247 τὰ
2558 2196 2932 2266 ἁμαρτήματα
2961 2192 3114 2263 ὑμῶν
3144 2192 3416 2246 διιστῶσιν
3443 2192 3544 2245 ἀνά
3570 2194 3736 2264 μέσον

2160 2286 2312 2356 ὑμῶν
2338 2286 2431 2339 καί
2458 2285 2562 2338 ἀνά
2601 2286 2766 2356 μέσον
2795 2285 2889 2339 τοῦ
2921 2284 3076 2337 Θεοῦ·
3108 2285 3200 2337 καὶ
3230 2284 3319 2338 διά
3344 2284 3443 2347 τάς
3464 2285 3737 2356 ἁμαρτίας

2161 2379 2311 2448 ὑμῶν
2337 2377 2642 2447 ἀπέστρεψε
2665 2376 2726 2429 τὸ
2755 2376 3044 2446 πρόσωπον
3069 2377 3162 2445 ἀφ’
3199 2376 3373 2447 ὑμῶν,
3408 2376 3498 2429 τοῦ
3526 2376 3597 2447 μὴ
3623 2377 3739 2430 ἑλε-

2157 2472 2307 2539 ῆσαι.
2369 2488 2387 2521 ι
2424 2469 2481 2521 '0
2523 2468 2836 2541 παράνομος
2888 2467 3040 2537 ὑμῶν
3082 2467 3196 2537 βίος
3236 2468 3335 2520 οὐκ
3372 2469 3436 2537 ἑᾷ
3456 2470 3555 2538 τῆς
3586 2467 3737 2532 θείας

2159 2563 2301 2632 ὑμᾶς
2334 2563 2635 2617 ἀπολαῦσαι
2684 2560 2960 2631 προνοίας,
2988 2560 3076 2613 διὰ
3118 2560 3179 2613 τὸ
3228 2560 3602 2631 βδελύττεσθαι
3631 2560 3737 2614 ῶσ-

2160 2672 2264 2725 περ
2295 2654 2503 2725 δυσώδη
2548 2656 2641 2707 καὶ
2681 2652 2914 2725 αἱσχράν
2944 2654 3037 2705 καὶ
3070 2654 3260 2723 ἄτιμον
3302 2654 3400 2725 τὴν
3439 2653 3730 2724 ἁμαρτίαν.

2158 2746 2231 2798 Τὸ
2265 2746 2361 2815 μὲν
2393 2742 2484 2798 οὖν
2516 2746 2686 2798 αίτιον
2716 2745 2813 2813 τῆς
2846 2742 3215 2808 ἀποπτώσεως
3235 2743 3324 2796 τοῦ
3349 2744 3478 2797 λαοῦ
3509 2746 3601 2797 καὶ
3634 2745 3734 2817 τῆς

2160 2836 2494 2909 πορρωτάτω
2525 2835 2618 2888 τοῦ
2654 2834 2787 2887 Θεοῦ
2820 2833 3088 2904 ἀποϐολῆς
3132 2833 3296 2887 αὑτοῦ
3346 2835 3498 2887 οὐδὲν
3544 2835 3732 2906 ἕτερον

2158 2926 2294 2982 εἶναι
2344 2927 2580 2990 ἐδίδαξεν
2620 2926 2653 2996 ἢ
2703 2927 2801 2989 τὰς
2830 2925 3128 2997 ἁμαρτίας·
3164 2926 3224 2979 τὸ
3261 2925 3317 2978 δὲ
3346 2926 3548 2979 τούτων
3596 2922 3732 2991 εἶδος

2160 3018 2287 3088 ἑξῆς
2316 3017 2748 3087 καταριθμεῖται.

2240 3152 2255 3182 ι
2298 3134 2359 3184 Αἱ
2401 3130 2509 3202 γάρ
2548 3133 2726 3202 χεῖρες
2755 3128 2909 3199 ὑμῶν
2957 3129 3363 3201 μεμολυσμέναι
3396 3131 3606 3201 αἵματι,
3636 3147 3731 3185 και

2162 3229 2209 3279 οί
2236 3226 2487 3279 δάκτυλοι
2518 3222 2669 3293 ὑμῶν
2700 3224 2756 3275 ἑν
2782 3221 3075 3293 ἁμαρτίαις
3097 3239 3109 3251 ’
3152 3222 3217 3275 τά
3248 3222 3397 3293 χείλη
3432 3222 3585 3294 ὑμῶν
3611 3223 3735 3277 ἑλά-

2162 3318 2329 3388 λησαν
2363 3317 2611 3386 ἀνομίαν,
2639 3314 2733 3368 καὶ
2760 3315 2793 3384 ἠ
2816 3314 3033 3382 γλῶσσα
3063 3313 3214 3385 ὑμῶν
3240 3314 3451 3367 ἀδικίαν
3480 3315 3729 3388 μελετᾷ.»

2164 3409 2272 3461 Καὶ
2330 3408 2446 3473 θέα,
2477 3408 2552 3470 ὡς
2585 3408 2683 3460 οὐκ
2717 3406 3087 3477 ἐπιμέμφεται
3117 3406 3296 3467 αὐτοῖς
3327 3406 3383 3456 ἑν
3417 3407 3623 3469 τούτοις
3653 3409 3735 3460 εί-

2162 3498 2578 3570 ὃωλολατρείαν,
2608 3498 2715 3550 οὐδ’
2778 3498 2969 3567 ἑτέραν
2996 3495 3116 3550 τινά
3151 3496 3462 3567 παράνομον
3492 3499 3693 3568 πρᾶξιν
3719 3516 3732 3528 ·

2163 3589 2299 3642 ἀλλά
2328 3589 2424 3659 τὴν
2450 3588 2540 3641 διά
2572 3588 2794 3659 χειλέων
2842 3589 3170 3659 μιαιφονίαν,
3222 3589 3313 3642 καὶ
3346 3588 3442 3659 τὴν
3470 3589 3559 3643 διὰ
3606 3591 3739 3647 στό-Δ

2167 3695 2331 3747 ματος
2365 3679 2728 3749 παρανομίαν.
2760 3678 2836 3729 At‘
2865 3670 2938 3733 ὧν
2959 3677 3174 3749 ᾐνίξατο
3200 3680 3295 3749 τὴν
3327 3679 3467 3733 κατά
3498 3680 3589 3733 τοῦ
3617 3683 3736 3734 Σω-

2161 3769 2323 3839 τῆρος
2353 3769 2716 3822 ἐπανάστασιν
2740 3768 2936 3833 αὐτῶν,
2963 3772 3056 3823 καὶ
3082 3770 3177 3840 τὴν
3211 3771 3348 3823 κατά
3377 3770 3484 3824 τῶν
3510 3771 3734 3825 δικαίων

2161 3858 2367 3930 ἀνδρῶν
2392 3858 2708 3929 ἑπιϐουλήν.
2740 3861 2803 3912 Ei
2828 3859 2883 3912 δὲ
2912 3861 3004 3912 καὶ
3030 3860 3101 3932 μὴ
3131 3861 3443 3932 αὐτόχειρες
3476 3862 3730 3930 γεγόνασι

2162 3948 2256 4002 τοῦ
2284 3950 2557 4021 Σωτῆρος,
2589 3949 2724 4002 ἀλλά
2744 3949 2801 4002 τὸ
2826 3944 2963 4021 αἷμα
2996 3950 3155 4003 αὑτοῦ
3184 3952 3254 4003 ἑπ
3294 3952 3490 4014 αὐτοὺς
3522 3958 3609 4004 καὶ
3640 3952 3735 4006 ἐπὶ

2162 4042 2230 4095 τά
2255 4041 2420 4095 τέκνα
2471 4041 2649 4095 αὐτῶν
2693 4043 3065 4113 αἰτησάμενοι,
3095 4044 3187 4096 καὶ
3221 4044 3368 4113 βοαῖς
3392 4044 3571 4107 ἀθέοις
3599 4062 3735 4117 χρη-

2165 4133 2405 4203 σάμενοι,
2456 4133 2601 4204 ἔργῳ
2645 4133 2994 4205 παρέστησαν
3022 4135 3121 4198 τάς
3158 4139 3343 4206 χεῖρας
3379 4135 3520 4205 ἔχειν
3566 4152 3735 4206 μεμο-

2163 4225 2433 4296 λυσμένας
2458 4226 2668 4296 αἵματι,
2686 4226 2755 4279 τά
2772 4244 2830 4279 τε
2854 4228 3007 4297 χείλη
3030 4227 3208 4279 αὐτῶν
3230 4227 3578 4297 λελαληκέναι
3607 4229 3731 4280 ἀνο-

2166 4318 2314 4386 μίαν,
2350 4319 2444 4369 καὶ
2470 4316 2567 4387 τὴν
2612 4317 2861 4384 γλῶσσαν
2907 4317 3085 4370 αὐτῶν
3132 4317 3578 4389 μεμελετηκέναι.
3619 4318 3733 4385 Ἐξ-

490 4404 635 4459 lisse.
681 4403 812 4457 Nam
837 4418 956 4458 sese
983 4404 1316 4471 decipientes
1347 4403 1508 4457 alium
1540 4403 1816 4458 Christum
1856 4416 2054 4470 exspe-

2162 4408 2478 4471 απατῶντες
2510 4408 2620 4479 γὰρ
2649 4408 2873 4471 ἑαυτοὺς
2897 4408 3081 4479 ἕτερον
3116 4410 3452 4495 προσδοκῶσι
3479 4412 3731 4483 Χριστὸν,

486 4505 677 4559 «stant,
715 4495 947 4548 humana
997 4497 1241 4563 quaedam
1276 4505 1331 4548 et
1367 4495 1608 4549 fabulosa
1659 4494 1726 4549 de
1780 4494 1896 4563 ipso
1928 4505 2054 4546 nar-

490 4599 696 4641 rantes.

567 4701 728 4755 Vens.
755 4699 808 4760 4,
840 4700 892 4753 5.
930 4718 947 4749 ι
993 4698 1159 4753 Nemo
1191 4709 1427 4768 .nqnitnr
1465 4700 1635 4769 justa,
1670 4715 1769 4754 nec
1802 4701 2056 4771 estjudi-

486 4792 632 4844 cium
664 4807 875 4857 νυι-ιιιιι,
922 4790 1209 4845 Confidunt
1264 4794 1425 4843 rebus
1470 4793 1645 4853 vanis,
1682 4801 1735 4844 et
1762 4792 2057 4860 loquuntur

495 4881 693 4941 inania,
724 4884 845 4950 quia
881 4882 1193 4951 concipiunt
1226 4880 1487 4945 dolorem,
1517 4895 1564 4936 et
1603 4886 1821 4951 pariunt
1855 4884 2057 4953 iniqui-

496 4983 677 5028 tatem.
711 4974 819 5029 Ova
864 4975 1105 5043 aspidum
1159 4975 1476 5043 fregerunt,
1525 4985 1579 5030 et
1628 4977 1789 5031 telam
1845 4992 2059 5032 araneas

489 5076 683 5121 texunt
712 5084 727 5121 :
762 5078 815 5121 et
840 5069 927 5137 qui
962 5071 1075 5119 vult
1104 5066 1172 5121 de
1206 5068 1322 5121 ovis
1353 5081 1541 5121 eorum
1573 5070 1881 5131 comedere,
1911 5068 2061 5123 fran-

490 5171 625 5229 gens
652 5159 863 5213 urinum
896 5158 1098 5213 invenit
1121 5198 1136 5224 ,
1168 5167 1222 5213 et
1252 5158 1306 5211 in
1342 5158 1459 5227 ipso
1492 5160 1751 5228 regulum.
1797 5179 1815 5211 ι
1852 5161 2059 5214 Adver-

495 5249 760 5321 sariarum
786 5260 1110 5321 potestatum
1139 5251 1342 5304 semina
1374 5250 1427 5303 in
1459 5265 1517 5304 se
1542 5250 1853 5319 parturiunt
1890 5267 1905 5303 :
1933 5264 2061 5319 qua.

496 5353 558 5393 re
592 5318 805 5391 malitia;
831 5340 1256 5408 etimprobitatis
1285 5355 1395 5395 sum
1421 5318 1551 5393 mns'
1570 5339 1906 5405 dicebamus
1934 5318 2061 5392 Ser-

498 5437 721 5498 pantes,
769 5429 1033 5497 genimina
1086 5432 1410 5499 viperarum.
1470 5449 1487 5480 ι
1521 5429 1874 5497 Proportione
1926 5443 2059 5482 vero

498 5518 725 5587 quadam
760 5519 825 5571 ad
858 5518 1096 5573 divinum
1130 5536 1312 5575 semen
1364 5519 1541 5573 habita
1569 5560 1585 5581 ,
1620 5518 2057 5574 adversariarum

499 5620 824 5679 potestatum
852 5626 1033 5665 semen
1065 5652 1079 5673 ,
1109 5628 1206 5666 ova
1236 5613 1565 5683 appellavit,
1602 5610 1813 5680 reptilis
1841 5608 2057 5676 generis

498 5704 742 5772 esctnplo
767 5703 1021 5758 insistens
1059 5722 1072 5757 :
1110 5721 1233 5759 naut
1280 5707 1496 5774 aspidcs
1520 5746 1534 5770 ,
1560 5715 1843 5775 serpentes
1870 5716 1924 5758 et
1948 5704 2052 5759 alia

2152 4497 2468 4567 ἀνθρώπινά
2500 4515 2619 4550 τινα
2642 4498 2771 4568 περὶ
2804 4498 2967 4551 αὑτοῦ
2998 4499 3436 4569 μυθολογοῦντες.

2231 4722 2246 4753 ι
2275 4702 2465 4765 Ούθεὶς
2520 4702 2669 4755 λαλεῖ
2704 4702 2908 4763 δίκαια,
2944 4701 3063 4755 οὐδέ
3094 4703 3208 4754 ἑστι
3253 4702 3431 4771 κρίσις
3482 4699 3731 4771 ἀληθινή.

2154 4794 2479 4848 Πεποίθασιν
2536 4795 2628 4847 ἐπὶ
2685 4794 2952 4865 ματαίοις,
3019 4794 3112 4847 καὶ
3166 4793 3382 4847 λαλοῦσι
3446 4792 3599 4852 κενά,
3651 4793 3734 4845 ὅτι

2165 4883 2353 4936 κύουσι
2397 4884 2575 4949 πόνον,
2626 4885 2719 4937 καὶ
2754 4885 3026 4936 τίκτουσιν
3070 4883 3317 4954 ἀνομίαν.
3359 4882 3449 4935 Ὠά
3492 4882 3735 4935 ἀσπίδων

2166 4973 2419 5045 ἔρρηξαν,
2452 4974 2544 5027 καὶ
2563 4974 2707 5027 ἱστὸν
2736 4975 2976 5045 ἀράχνης
3001 4974 3282 5043 ὑφαίνουσι
3300 4991 3313 5004 ·
3354 4974 3450 5027 καὶ
3478 4976 3506 5025 ὁ
3526 4973 3736 5043 μέλλων

2164 5064 2273 5117 τῶν
2302 5064 2425 5116 ώῶν
2460 5066 2640 5118 αὐτῶν
2690 5069 2905 5134 φαγεῖν,
2926 5065 3219 5134 συντρίψας
3247 5065 3426 5134 οῦριον
3457 5058 3604 5134 εὗρε,
3640 5066 3739 5117 καὶ

2165 5156 2222 5205 ὲν
2247 5155 2395 5225 αὐτῷ
2430 5154 2757 5225 βασιλίσκον.
2808 5175 2825 5209 ι
2869 5156 2990 5209 Τῶν
3032 5157 3415 5228 ἀντικειμένων
3456 5157 3737 5226 δυνάμεων

2164 5247 2232 5299 τὰ
2270 5248 2558 5319 σπέρματα
2605 5250 2660 5302 ἑν
2692 5251 2875 5313 αὐτοῖς
2900 5253 3200 5323 κυήσαντες
3220 5267 3232 5280 ο
3257 5250 3337 5302 διὸ
3365 5253 3478 5314 τοῖς
3502 5251 3600 5322 τῆς
3630 5267 3731 5304 καρ

2168 5338 2289 5401 κίας
2336 5340 2429 5391 καὶ
2470 5340 2731 5410 πονηρίας
2778 5341 2956 5394 αὐτῶν
2989 5344 3123 5405 υίοῖς
3170 5341 3418 5408 ἐλέγετοο
3463 5360 3482 5393 ι
3525 5345 3731 5413 Ὀφεις,

2164 5430 2476 5500 γεννήματα
2509 5432 2749 5501 ἐχιδνῶν.
2791 5451 2808 5483 ι
2845 5432 3141 5500 Ἀναλόγως
3170 5431 3225 5484 δὲ
3256 5431 3334 5502 τῷ
3364 5433 3635 5504 σπέρματι
3658 5432 3734 5503 τῷ

2167 5517 2295 5589 θείῳ
2324 5521 2414 5573 τὸν
2434 5522 2539 5574 τῶν
2558 5524 2943 5594 ἀντικειμένων
2964 5523 3244 5592 δυνάμεων
3267 5524 3465 5594 σπόρον
3491 5524 3572 5577 ea
3600 5524 3735 5577 ώνόο

2170 5628 2307 5679 μασε
2346 5613 2434 5667 διὰ
2480 5616 2540 5668 τὸ
2589 5617 2935 5687 παράδειγμα
2981 5615 3071 5667 τοῦ
3126 5616 3454 5686 ἑρπυστικοῦ
3504 5616 3723 5685 γένους’

2161 5705 2384 5768 ἀσπίδες
2414 5709 2506 5759 καὶ
2527 5707 2702 5775 θφεις,
2730 5708 2821 5760 καὶ
2836 5708 2901 5760 τὰ
2922 5706 3144 5759 τοιαῦτα
3163 5705 3269 5758 τῶν
3284 5706 3532 5760 ᾠοτόκων
3548 5706 3712 5761 ἑστιν.
