4108 6204
324 270 419 327 λεδ

1236 254 1739 315 COMMENTARIA
1777 252 1847 308 IN
1885 251 2140 308 ISAIAM.
2182 281 2251 291 --
2289 250 2441 308 CAP.
2485 250 2623 308 LIX.

3466 257 3570 311 £86

332 384 554 458 Ἐπειδὴ
587 384 728 456 μετά
752 381 1020 451 τοσαύτην
1072 378 1274 432 κακίαν
1327 374 1754 445 ἐπαγγέλλονται
1806 374 1904 445 μὲν

2017 357 2347 440 Ιιιιιιιεηιοάἶ,
2379 386 2477 423 ova
2512 369 2749 440 pariunt.
2784 368 3051 434 Quoniam
3092 377 3214 439 post
3242 376 3443 422 tantam
3478 385 3543 424 ex

314 478 414 540 τᾶς
447 475 562 529 ἀπὸ
590 473 752 527 θείων
796 468 1025 542 Γραφῶν
1058 465 1427 530 διδασκαλίας,
1471 466 1797 518 ἐκπίπτουσι
1847 464 1901 542 δὲ

315 538 693 640 εἱς-γραώδεις
728 538 946 635 μύθους,
972 561 1067 614 καὶ
1103 562 1184 623 εἰς
1217 559 1542 630 παραδόσεις
1581 538 1903 624 ἀνθρώπων,

319 662 479 715 οὐδὲν
539 659 686 728 ὑγιὲς
739 655 871 729 μηδὲ
922 653 1196 723 ὠφέλιμον
1254 649 1637 723 περιεχούσας
1685 648 1905 711 εἰκότως

325 754 572 821 ὲπιλέγει
596 770 608 781 ι
645 770 664 801 ι
710 748 819 802 Καὶ
853 748 999 800 ἰστὸν
1037 745 1281 815 ἀράχνης
1311 742 1616 810 ὑφαίνουσι,
1671 759 1688 790 ι
1721 739 1779 792 τὸ
1818 757 1907 792 σα-

330 844 461 915 θρὸν
493 842 585 896 καὶ
609 842 799 910 ἄτιμον
830 839 932 908 τῆς
957 837 1213 906 τοιαύτης
1245 833 1423 889 αὑτῶν
1454 833 1686 903 σπουδῆς
1707 830 1784 901 τῷ
1809 832 1907 901 τῆς

298 923 569 1006 Ὶὰράχνης
597 930 877 999 ὑφάσματι
909 926 1292 999 παραϐάλλων.
1322 925 1498 977 Ποίων
1530 925 1586 977 δὲ
1614 923 1738 977 ὠῶν
1770 940 1905 993 μνη-

332 1024 563 1096 μονεύει,
588 1022 620 1092 ἢ
646 1022 775 1093 περί
798 1013 873 1072 ὧν
899 1019 1138 1091 εἴρηται·
1179 1037 1196 1069 ι
1233 1017 1312 1069 Τά
1345 1016 1427 1070 ὠά
1470 1016 1711 1070 ἀσπίδων
1745 1014 1907 1085 ἔρρη-

327 1116 454 1180 ξαν;
493 1132 510 1163 ι
547 1114 610 1165 Οἰ
648 1112 746 1181 μὲν
799 1108 893 1163 οὖν
937 1111 994 1162 ὲν
1049 1107 1216 1177 κακίᾳ
1255 1106 1472 1168 τέλειοι,
1521 1102 1906 1175 διαρρήξαντες

321 1206 525 1261 τούτων
551 1204 662 1257 τῶν
685 1204 829 1269 ὠῶν,
848 1202 918 1256 τά
946 1199 1408 1270 τελεσφορηθέντα
1436 1200 1514 1261 εἰς
1537 1197 1760 1259 ἑαυτοὺς
1808 1196 1908 1248 ὑπ·-

325 1300 596 1365 εδὲξαντο’
634 1300 682 1351 οἰ
724 1296 781 1350 δὲ
833 1296 1194 1366 ἀτελέστεροι,
1227 1293 1355 1363 πρὶν
1413 1290 1776 1362 διαρραγῆναι
1813 1288 1908 1340 καὶ

321 1389 793 1461 τελεσφορηθῆναι
825 1388 1158 1460 ἐμφαγόντες
1187 1385 1384 1448 αὑτῶν,
1438 1383 1787 1436 ἀπόλλυνται.
1819 1380 1908 1432 Διὸ

324 1487 465 1540 κατά
492 1486 623 1547 τοὺς
649 1483 872 1546 λοιποὺς
896 1479 1236 1552 ὲρμηνευτὰς
1262 1478 1509 1548 εἴρηται·
1554 1496 1569 1527 ι
1615 1476 1671 1528 Ὀ
1715 1473 1908 1527 ἐσθίων

326 1581 391 1631 ἐκ
415 1576 525 1630 τῶν
547 1574 671 1629 ὠῶν
706 1575 885 1628 αὑτῶν
912 1572 1282 1626 ἀποθανεῖται.
1325 1589 1344 1620 ι
1375 1571 1437 1622 Εἰ
1470 1568 1525 1621 δέ
1556 1584 1638 1630 τις
1660 1564 1905 1637 εὑρεθείη

326 1667 549 1730 συνετὸς
606 1666 744 1737 ἀνὴρ
774 1667 802 1718 ό
835 1663 1143 1733 συντρίϐειν
1171 1660 1308 1715 αὑτά
1344 1660 1638 1730 δυνάμενος
1681 1659 1909 1727 ἀνατρε-

326 1758 508 1830 πτικῷ
567 1759 662 1811 καὶ
712 1754 1011 1826 ὲλεγκτικῷ
1065 1754 1228 1825 λόγῳ,
1274 1747 1426 1815 οὗτος
1467 1751 1615 1822 εὖροι
1650 1749 1714 1803 ἂν
1753 1749 1811 1801 τὸ
1850 1751 1907 1800 ὲν

325 1853 512 1913 αὐτοῖς
567 1852 851 1921 ἀνεμιαῖον
902 1849 995 1901 καὶ
1027 1846 1229 1918 οὔριον.
1264 1847 1360 1899 καὶ
1395 1843 1627 1905 δυσῶδες
1658 1841 1752 1894 καὶ
1777 1839 1907 1910 φθο-

330 1948 571 2018 ριμαῖον,
635 1944 728 1998 καὶ
781 1944 838 1997 ὲν
891 1940 1101 2004 τούτοις
1156 1940 1322 1994 πᾶσιν
1390 1935 1763 2005 ἰλυσπώμενον
1816 1932 1908 1986 καὶ

327 2034 793 2107 ἑγκρυπτόμενον,
820 2031 910 2084 τὸν
950 2030 1166 2084 πάντων
1212 2027 1459 2101 ἑρπετῶν
1501 2028 1594 2079 καὶ
1643 2022 1701 2088 ἐξ
1745 2020 1907 2077 αὑτοῦ

327 2127 422 2182 τοῦ
454 2126 764 2196 βλέμματος
797 2122 1175 2184 θανατοποιὸν,
1220 2122 1311 2173 τὸν
1345 2118 1654 2190 βασιλίσκον
1676 2116 1839 2185 λέγω.

402 2236 421 2269 ι
461 2218 519 2271 ’0
560 2216 703 2280 ἰστδς
734 2214 912 2269 αὑτῶν
956 2215 1054 2267 οὑκ
1083 2213 1239 2265 ἔσται
1282 2212 1360 2273 εἰς
1403 2211 1635 2280 ἱμάτιον,
1669 2207 1788 2260 οὑδὲ
1836 2205 1909 2276 μὴ

330 2309 731 2381 περιϐάλωνται
787 2307 895 2360 ἀπὸ
934 2307 1039 2360 τῶν
1069 2306 1243 2377 ἔργων
1278 2302 1489 2357 αὑτῶν·
1535 2300 1602 2353 τὰ
1635 2300 1770 2371 ἔργα
1816 2297 1912 2351 αύ-

330 2403 437 2454 τῶν
462 2400 601 2471 ἔργα
628 2398 891 2469 ἀνομίαςο
926 2398 974 2449 οἰ
1004 2396 1061 2448 δὲ
1102 2395 1257 2457 πόδες
1301 2390 1479 2445 αὑτῶν
1512 2389 1603 2442 ἐπὶ
1647 2386 1912 2457 πονηρίαν

338 2496 610 2567 τρέχουσι,
667 2491 874 2563 ταχινοὶ
916 2491 1102 2559 ἐκχέαι
1148 2485 1311 2558 αἷμα,
1355 2486 1447 2537 καὶ
1474 2484 1523 2536 οἰ
1575 2476 1913 2548 διαλογισμοὶ

332 2587 534 2648 αὐτῶν,
564 2584 906 2655 διαλογισμοὶ
938 2581 1047 2635 ἀπὸ
1099 2581 1293 2649 φόνων.
1329 2576 1650 2645 Σύντριμμα
1688 2570 1783 2624 καὶ
1815 2586 1911 2620 τα-

333 2678 609 2748 λαιπωρία
636 2678 694 2731 ὲν
718 2678 839 2738 ταῖς
865 2674 1004 2737 ὁδοῖς
1037 2672 1238 2735 αὑτῶν,
1272 2669 1368 2722 καὶ
1411 2667 1528 2720 ὁδὸν
1567 2665 1785 2735 εἰρήνης
1814 2661 1915 2714 οὑκ

332 2769 559 2823 οἴδασιν.
604 2786 623 2820 ι
660 2767 736 2821 Οὐ
764 2765 873 2838 γὰρ
901 2764 1261 2835 παρεδέξαντο
1284 2761 1374 2813 τὸν
1408 2760 1504 2829 τῆς
1530 2757 1747 2826 εἰρήνης
1778 2753 1915 2825 πρύ-

332 2878 507 2925 τανιν,
542 2862 672 2930 περὶ
704 2853 764 2912 οὗ
799 2844 1049 2929 εἴρηται·
1084 2873 1101 2905 ι
1133 2852 1303 2917 Αὐτὸς
1329 2851 1437 2921 γάρ
1484 2851 1630 2901 ἐστιν
1658 2848 1690 2917 ἡ
1722 2846 1912 2915 εἰρήνη

336 2954 524 3025 ἡμῶν·
576 2972 594 3003 ι
626 2951 709 3005 διὸ
756 2952 869 3012 τοῖς
913 2947 1077 3003 αὑτοῦ
1123 2944 1391 3017 μαθηταῖς
1435 2939 1638 3009 ταύτην
1665 2936 1915 3009 προξενεῖ

334 3046 537 3113 λέγων’
561 3062 579 3093 ι
605 3042 842 3114 Εἰρήνην
856 3040 956 3111 τὴν
984 3038 1121 3110 ἐμὴν
1152 3036 1342 3106 δίδωμι
1380 3034 1529 3105 ὑμῖν,
1555 3031 1778 3101 εἰρήνην
1815 3028 1914 3099 τὴν

334 3138 471 3207 ιμήν
509 3135 708 3205 ἀφίημι
736 3134 884 3203 ὑμῖν.
909 3151 929 3184 ι
957 3162 1024 3172 -
1044 3150 1061 3181 ι
1088 3131 1195 3184 Καὶ
1222 3130 1320 3182 οὑκ
1353 3127 1469 3181 ἔστι
1504 3126 1684 3196 κρίσις
1711 3125 1769 3176 ἐν
1800 3126 1917 3185 ταῖς

331 3229 475 3291 ὁδοῖς
501 3227 699 3280 αὑτῶν.
724 3227 789 3278 Δί
817 3223 926 3295 γὰρ
957 3222 1134 3294 τρίὸοι
1166 3220 1344 3275 αὑτῶν
1370 3216 1819 3289 διεστραμμέναι,
1850 3214 1917 3277 ἃς

332 3318 656 3374 διοδεύουσι·
687 3316 784 3370 καὶ
821 3316 920 3368 οὑκ
960 3314 1164 3367 οἴδασιν
1212 3312 1456 3383 εἰρήνην.
1492 3329 1511 3359 ι
1549 3305 1919 3378 Ψηλαφῶντες

334 3401 445 3481 γὰρ
471 3410 568 3473 τὰς
596 3409 746 3471 θείας
773 3405 1020 3479 Γραφάς,
1070 3408 1132 3459 οὑ
1179 3404 1390 3458 συνίασι
1416 3403 1507 3457 τὸν
1554 3404 1612 3455 ὲν
1643 3400 1792 3471 βάθει
1811 3399 1920 3452 τῶν

336 3501 534 3567 λέξεων
564 3496 1057 3570 ἀποκεκρυμμένον
1092 3494 1217 3548 νοῦν
1241 3511 1254 3524 ·
1286 3493 1414 3565 περ)⁵
1442 3492 1498 3545 δὲ
1525 3489 1589 3560 δή
1629 3489 1794 3560 μόνην
1822 3489 1920 3559 τὴν

335 3591 485 3658 λέξιν
507 3591 926 3663 ἀσχολούμενοι,
952 3587 1144 3660 ῶσπερ
1165 3586 1288 3640 τινὰ
1310 3588 1485 3658 τοῖχον
1505 3583 1715 3637 ἐοίκασι
1742 3581 1908 3653 ψηλα-

337 3686 470 3756 κᾷν.

467 3755 567 3829 Διά
592 3775 747 3830 τοῦτο
769 3776 978 3847 ἀπέστη
1004 3776 1036 3845 ἡ
1076 3770 1256 3844 κρίσις
1285 3768 1379 3823 ἀπ’
1408 3768 1605 3834 αὑτῶν,
1636 3770 1729 3821 καὶ
1755 3769 1815 3821 οὑ
1847 3768 1920 3839 μὴ

338 3867 624 3941 καταλάϐῃ
664 3869 859 3931 αὐτοὺς
911 3865 1223 3934 δικαιοσύνη
1246 3880 1257 3892 ·
1296 3860 1705 3925 ὑπομεινάντων
1745 3858 1921 3911 αὐτῶν

337 3960 483 4029 φῶς,
519 3960 733 4027 ἐγένετο
772 3959 957 4021 αὐτοῖς
1005 3956 1228 4019 σκότος·
1282 3954 1566 4025 μείναντες
1611 3952 1809 4023 αὐγὴν,
1862 3954 1920 4004 ὲν

333 4051 519 4122 ἀωρίᾳ
540 4068 604 4104 πε
616 4053 971 4124 ριεπάτησαν.
1017 4048 1442 4120 Ψηλαφήσουσιν
1470 4046 1546 4107 ὡς
1591 4044 1783 4112 τυφλοὶ
1809 4045 1921 4095 τοῖ-

336 4162 455 4215 χον,
492 4144 585 4197 καὶ
612 4145 685 4207 ὡς
711 4144 808 4214 οὑχ
839 4142 1190 4213 ὑπαρχόντων
1207 4136 1500 4207 ὀφθαλμῶν
1520 4135 1918 4206 ψηλαφήσουσι.

336 4236 453 4290 Καὶ
487 4235 775 4290 πεσοῦνται
808 4236 864 4287 ὲν
913 4231 1228 4305 μεσημϐρίᾳ
1253 4231 1329 4293 ὼς
1369 4232 1427 4283 ἐν
1459 4228 1811 4299 μεσονυκτίῳ,
1845 4227 1922 4291 ὡς

339 4327 779 4399 ἀποθνήσκοντες
836 4325 1168 4391 στενάξουσι.
1211 4343 1229 4376 ι
1281 4321 1439 4375 Κατά
1491 4314 1686 4373 δὲ’τὸν
1732 4318 1922 4389 καιρὸν

2006 464 2231 517 hibitam
2262 462 2663 530 improbitatem
2690 500 2705 525 ,
2737 460 3045 515 divinarum
3082 459 3301 529 quidem
3335 458 3581 526 Scriptu-

2008 571 2187 611 rarum
2211 540 2512 611 doctrinam
2541 554 2867 624 profitentur
2888 594 2903 620 ,
2954 553 3007 608 in
3050 553 3223 608 aniles
3251 569 3380 611 vero
3427 552 3577 609 fabu-

2007 648 2085 703 ias
2112 658 2169 704 et
2199 649 2251 703 in
2288 648 2602 703 traditiones
2638 647 2917 701 hominum
2968 645 3315 709 delabuntur,
3345 662 3465 717 qua:
3497 647 3580 702 ui-

2005 741 2078 795 hil
2119 756 2343 805 sanum,
2376 740 2507 794 utile
2538 739 2673 793 nihil
2726 738 2967 805 habent;
3001 740 3194 793 merito
3224 738 3425 805 infert,
3461 758 3481 791 ι
3515 737 3581 793 Ει

2008 832 2167 886 telam
2198 843 2415 888 aranew
2462 841 2669 897 texunt,
2714 850 2733 882 ι
2768 831 3017 901 putidum
3051 830 3179 884 illud
3206 845 3393 886 eorum
3428 832 3578 887 inde-

2005 939 2301 993 corumque
2360 924 2595 978 Studium
2631 920 2749 976 telae
2779 935 2993 975 aranea:
3020 936 3365 991 comparans.
3389 921 3580 988 Qualia

2009 1031 2167 1085 porro
2188 1030 2287 1069 ova
2314 1022 2595 1077 memorat,
2632 1014 2734 1067 nisi
2766 1029 2828 1067 ea
2855 1014 2920 1067 de
2951 1014 3145 1082 quibus
3178 1015 3406 1069 dicitur:
3431 1034 3448 1065 ι
3468 1015 3581 1070 Ova

2009 1107 2253 1176 aspidum
2286 1106 2632 1174 eruperunt?
2681 1125 2698 1157 ι
2742 1104 2841 1170 Qui
2875 1105 3037 1174 igitur
3060 1106 3110 1159 in
3142 1106 3361 1159 malitia:
3393 1122 3581 1160 cumu-

2010 1200 2115 1253 lum
2151 1200 2499 1258 devenerunt,
2537 1198 2619 1250 llis
2650 1197 2878 1263 diruptis
2916 1197 3054 1260 ovis,
3090 1196 3256 1249 fetum
3287 1198 3337 1250 in
3374 1212 3431 1251 se
3460 1212 3581 1249 sus-

2008 1299 2307 1357 ceperunt:
2344 1288 2702 1356 simpliciores
2746 1303 2873 1342 vero
2917 1296 3208 1356 antequam
3272 1289 3584 1355 dirumpan-

2011 1391 2098 1434 tur
2128 1390 2181 1434 et
2213 1378 2379 1432 fetum
2408 1378 2592 1443 edant,
2629 1378 2742 1446 ipsa
2775 1380 3144 1442 comedentes,
3177 1377 3586 1446 pereunLQua-

2009 1480 2230 1542 prepter
2258 1471 2553 1524 secundum
2586 1470 2826 1538 reliquos
2857 1470 3184 1538 interpretes
3216 1469 3420 1524 dictmn
3453 1482 3535 1525 est
3561 1489 3574 1525 :

2015 1584 2033 1615 ι
2070 1563 2168 1630 Qui
2201 1563 2494 1617 comederit
2524 1578 2593 1616 ex
2626 1563 2744 1616 ovis
2776 1577 2963 1616 eorum
2990 1600 3004 1623 ,
3046 1562 3329 1616 morietur.
3371 1581 3388 1614 ι
3430 1562 3585 1632 Quod

2012 1657 2055 1712 si
2089 1656 2208 1726 quis
2246 1656 2551 1725 reperiatur
2588 1654 2672 1707 vir
2709 1654 2943 1722 prudens
2970 1693 2984 1717 ,
3022 1654 3111 1722 qui
3143 1654 3315 1721 possit
3344 1654 3433 1709 illa
3459 1664 3589 1709 nor-

2017 1748 2179 1803 tando
2209 1756 2265 1803 et
2300 1745 2575 1815 arguendo
2622 1753 2909 1800 conterere
2932 1784 2947 1809 ,
2986 1744 3031 1796 is
3084 1745 3321 1799 inveniet
3357 1746 3406 1797 in
3446 1745 3547 1798 illis
3573 1788 3587 1809 ,

2015 1841 2164 1896 venti
2199 1850 2253 1896 et
2286 1839 2399 1893 lotii
2430 1838 2650 1892 odorem
2688 1838 2930 1905 putidum
2959 1845 3122 1904 atque
3160 1847 3503 1904 corruptum,
3536 1846 3589 1890 et

2017 1936 2069 1989 in
2104 1936 2187 1990 his
2225 1932 2480 1988 omnibus
2528 1930 2671 1985 {inde
2717 1928 3013 1985 volutatum
3042 1939 3095 1981 et
3122 1927 3298 1982 latens
3346 1928 3586 1981 omnium

2017 2024 2290 2093 reptilium
2324 2019 2688 2083 teterrimum,
2729 2016 2815 2071 vel
2846 2016 2962 2070 visu
2989 2014 3105 2069 solo
3135 2013 3469 2069 lethil‘erum.
3504 2028 3590 2065 rc—

2017 2118 2199 2188 gulum
2230 2114 2374 2169 dico.

2092 2208 2255 2261 Vens.
2280 2205 2314 2259 6
2340 2236 2360 2245 -
2395 2205 2447 2259 8.
2487 2221 2506 2255 ι
2543 2202 2669 2257 Tela
2703 2215 2889 2256 eorum
2922 2214 3027 2253 non
3075 2198 3177 2251 erit
3217 2198 3269 2250 in
3298 2194 3593 2249 vestimen-

2017 2309 2155 2365 tum,
2198 2312 2374 2367 ueque
2401 2296 2716 2365 operientur
2740 2292 2996 2363 operibus
3022 2290 3136 2345 suis
3170 2306 3184 2343 :
3212 2303 3374 2359 opera
3406 2301 3591 2340 eorum

2018 2406 2182 2461 opera
2213 2387 2518 2459 iniquitatis
2555 2405 2569 2441 :
2604 2387 2767 2454 pedes
2801 2393 2981 2447 autem
3009 2397 3197 2435 eorum
3228 2381 3295 2432 ad
3332 2376 3591 2431 malitiam

2019 2470 2508 2545 curruntpveloces
2535 2478 2602 2532 ad
2635 2476 3018 2530 effundendum
3059 2471 3397 2540 sanguinem,
3423 2478 3477 2523 et
3501 2483 3595 2523 co-

2018 2574 2309 2644 gitationes
2342 2584 2552 2634 eorum,
2583 2566 2943 2636 cogitationes
2974 2577 3003 2615 a
3032 2562 3287 2615 caedibus.
3322 2558 3594 2612 Contritio

2019 2673 2073 2717 et
2101 2662 2316 2715 miseria
2340 2661 2392 2713 in
2425 2658 2527 2712 viis
2554 2671 2762 2719 eorum,
2798 2664 2852 2707 et
2893 2653 3033 2706 viam
3064 2652 3214 2719 pacis
3242 2665 3347 2701 non
3381 2662 3588 2715 cogno-

2020 2762 2233 2809 verunt.
2274 2770 2293 2804 ι
2324 2749 2506 2819 Neque
2532 2746 2675 2801 enim
2708 2745 2858 2813 pacis
2887 2743 3185 2812 principem
3230 2747 3549 2808 receperunt
3577 2778 3592 2801 ,

2021 2848 2087 2899 de
2109 2859 2215 2914 quo
2247 2843 2448 2897 dictum
2483 2850 2599 2893 est:
2627 2856 2644 2887 ‹
2688 2836 2807 2906 Ipse
2828 2836 2971 2888 enim
3003 2844 3085 2888 est
3114 2848 3217 2897 pax
3242 2842 3427 2885 nostra
3449 2830 3527 2882 ¹³ι
3570 2849 3589 2880 ι

2021 2947 2349 3007 quapmpter
2400 2948 2517 2989 eam
2575 2928 2855 2997 discipulis
2902 2932 3160 2997 procurat
3205 2925 3319 2977 suis
3368 2923 3591 2981 dicens,

2026 3052 2045 3084 ι
2083 3032 2277 3086 Pacem
2333 3043 2509 3083 meam
2543 3027 2609 3083 do
2641 3024 2794 3081 vobis
2819 3062 2835 3087 ,
2874 3036 3062 3091 pacem
3118 3036 3291 3076 meam
3347 3019 3595 3086 τιιιὶιιιιιιη

2021 3122 2171 3177 vobis
2189 3120 2249 3172 ’³.
2267 3139 2387 3171 ι-ί
2418 3118 2485 3172 Ει
2504 3131 2605 3170 non
2624 3112 2978 3183 estjudicium
3004 3111 3055 3164 in
3079 3110 3403 3163 viiseormn.
3421 3106 3596 3159 Semi-

2022 3223 2087 3266 ue
2114 3212 2257 3266 enim
2283 3224 2466 3262 eorum
2498 3216 2936 3277 perversm,quas
2967 3211 3374 3271 pertranseunt,
3406 3211 3460 3252 et
3489 3215 3595 3254 nan

2023 3310 2286 3357 noverunt
2316 3313 2525 3369 pacem.
2569 3315 2587 3347 ι
2624 3296 2757 3350 Nam
2783 3310 2905 3349 cum
2930 3293 3141 3347 divinas
3172 3291 3484 3358 Scripturas
3516 3300 3597 3342 at-

2022 3396 2267 3463 tingunt,
2296 3392 2347 3445 in
2380 3387 2748 3459 profunditate
2780 3386 3070 3439 verborum
3095 3387 3352 3439 latentem
3381 3391 3598 3435 senten-

2022 3486 2150 3539 tiam
2189 3499 2293 3538 non
2321 3480 2631 3549 intelligunt
2666 3494 2679 3530 :
2713 3476 2808 3532 sed
2842 3475 2932 3528 uni
2967 3475 3193 3528 dictioni
3220 3481 3498 3538 vacantes,
3525 3476 3598 3525 vl-

2020 3578 2214 3633 dentur
2237 3574 2391 3645 quasi
2423 3585 2637 3626 murum
2673 3575 3039 3624 contrectare.

2095 3757 2259 3812 Vens.
2301 3756 2357 3821 9,
2402 3755 2490 3811 10.
2534 3772 2552 3806 ι
2608 3752 2901 3821 Propterea
2939 3747 3166 3803 recessit
3209 3746 3476 3817 judicium
3530 3746 3599 3798 ab

2022 3853 2133 3916 cis,
2164 3866 2262 3905 nec
2311 3846 2679 3919 appreltendet
2729 3858 2823 3898 eos
2865 3840 3111 3912 jnstitia;
3142 3854 3264 3893 cum
3306 3848 3591 3907 exspecta-

2022 3954 2142 4000 rent
2177 3944 2370 4005 lucem,
2406 3940 2564 3995 facta:
2593 3936 2820 3993 sunteis
2857 3934 3133 3998 tenebrm;
3165 3947 3285 3985 cum
3314 3939 3596 3998 exspecta-

2022 4046 2144 4093 rent
2170 4035 2451 4104 fulgorem,
2479 4032 2532 4086 in
2562 4029 2794 4100 caligine
2822 4025 3256 4081 ambulaverunt.
3296 4021 3598 4092 Palpabunt

2026 4141 2273 4197 tanquam
2304 4125 2429 4179 caeci
2458 4137 2667 4176 murum
2687 4138 2701 4173 :
2721 4130 2775 4174 et
2803 4118 2954 4187 quasi
2985 4117 3172 4172 oculos
3208 4130 3312 4169 non
3342 4114 3597 4177 habeant,

2021 4221 2407 4276 attrectabunt.
2443 4216 2508 4269 Et
2531 4215 2729 4269 cadent
2765 4214 2818 4266 in
2860 4211 3088 4266 meridie
3119 4218 3372 4277 tanquam
3406 4207 3457 4258 in
3488 4219 3596 4257 mo-

2022 4316 2109 4369 dia
2138 4323 2317 4377 nocte,
2347 4309 2498 4374 quasi
2532 4306 2825 4362 morientes
2855 4304 3229 4373 ingemiscent.
3278 4318 3296 4351 ι
3334 4297 3599 4365 Tempore

338 4416 436 4469 τοῦ
469 4389 575 4470 τῶν
605 4389 771 4469 ἐθνῶν
818 4389 1190 4487 μεσημθρινοῦ
1221 4414 1418 4480 φωτὸς,
1465 4416 1586 4475 ταῖς
1633 4411 1913 4483 σωτηρίοις

2027 4406 2337 4462 meridiatum
2364 4402 2601 4472 gentium
2630 4399 2767 4453 lucis
2790 4438 2804 4460 ,
2832 4395 3161 4452 salutaribus
3188 4403 3242 4448 et
3263 4389 3596 4459 evangelicis

339 4508 435 4562 καί
481 4507 862 4576 εὑαγγελικαῖς
906 4507 1101 4574 αὑγαῖς
1133 4506 1233 4576 τῆς
1273 4504 1594 4575 Ἐκκλησίας
1636 4502 1731 4555 τοῦ
1783 4500 1916 4555 Θεοῦ

340 4600 865 4670 καταλαμπομένης,
899 4598 1046 4668 μόνοι
1081 4596 1255 4659 αὑτοὶ,
1287 4596 1360 4656 ὡς
1386 4596 1451 4647 ἂν
1480 4594 1549 4647 τὰ
1584 4593 1719 4664 πρὸς
1759 4591 1921 4646 θάνα-

339 4709 436 4746 τον
465 4691 866 4764 ἡμαρτηκότες,
918 4688 1259 4749 πεπτώκασι,
1320 4688 1413 4741 καὶ
1456 4685 1643 4756 ὥσπερ
1673 4687 1728 4737 ἐν
1758 4702 1920 4756 μεσο-

343 4785 549 4854 νυκτίῳ
567 4783 864 4850 διάγουσιν.

421 4894 442 4928 ι
491 4876 579 4940 Ὠς
613 4876 812 4945 ἄρκτος
855 4874 887 4943 ἢ
934 4872 1009 4934 ὼς
1047 4869 1344 4942 περιστερὰ
1390 4868 1504 4938 ἅμα
1544 4866 1915 4938 πορεύσονται.

350 4968 747 5038 ’Δνεμεῖναμεν
772 4966 974 5038 κρίσιν,
1002 4964 1095 5017 καὶ
1122 4963 1223 5015 οὑκ
1254 4962 1368 5014 ἐστι
1395 4958 1637 5031 σωτηρία
1654 4975 1667 4988 ·
1706 4957 1921 5028 μακρὰν

344 5061 657 5131 ἀφέστηκεν
715 5058 807 5127 ἀφ’
859 5056 1036 5128 ἡμῶν.
1093 5054 1269 5124 Πολλὴ
1322 5053 1431 5124 γὰρ
1460 5052 1616 5124 ἡμῶν
1652 5053 1684 5121 ή
1726 5051 1921 5121 ἀνομία

342 5153 590 5207 ἐναντίον
635 5168 749 5213 σου,
809 5150 903 5203 καὶ
957 5150 1013 5200 αἰ
1066 5145 1330 5216 ἁμαρτίαι
1381 5141 1537 5213 ἡμῶν
1590 5140 1922 5209 ἀντέστησαν

342 5247 509 5316 ἡμῖν·
540 5244 598 5295 αἱ
627 5242 735 5313 γὰρ
765 5240 983 5311 ἀνομίαι
1017 5236 1173 5307 ήμῶν
1195 5238 1253 5291 ἐν
1291 5236 1443 5305 ἡμῖν,
1480 5234 1573 5286 καὶ
1620 5230 1689 5284 τὰ
1731 5230 1921 5300 ἀδική-

346 5352 497 5409 ματα
528 5334 686 5405 ἡμῶν
713 5334 975 5403 ἔγνωμεν.
1016 5349 1035 5381 ι
1066 5329 1129 5381 Ol
1155 5327 1262 5399 γὰρ
1309 5324 1601 5395 στεναγμοὶ
1642 5323 1837 5383 αὐτῶν,
1874 5325 1923 5374 εἰ

346 5430 449 5500 μὲν
477 5426 623 5479 κατὰ
646 5426 803 5494 λόγον
833 5424 1070 5494 ἐγίνοντο
1092 5419 1233 5488 ὑπὲρ
1269 5411 1342 5469 ὧν
1376 5416 1738 5486 τετολμήκασι
1782 5413 1923 5465 κατὰ

349 5520 441 5574 τοῦ
473 5520 745 5589 Σωτῆρος,
770 5515 1065 5585 ὲπιιιφελεῖς
1094 5511 1338 5580 ἐγένοντο
1368 5509 1452 5564 ἄν.
1498 5508 1618 5578 Χρὴ
1670 5506 1776 5575 γὰρ
1823 5504 1919 5556 αὑ-

418 5721 467 5754 “
509 5722 706 5790 Epltes.
744 5735 799 5783 ιι,
838 5718 919 5772 Η.
1000 5720 1040 5749 ⁸⁸
1070 5717 1223 5771 Jnau.
1255 5714 1477 5778 κηλεῖ.

2030 4497 2191 4551 radiis
2222 4494 2487 4548 illustrata
2529 4489 2771 4544 Ecclesia
2803 4487 2899 4541 Dei
2926 4527 2940 4552 ,
2982 4486 3079 4555 ipsi
3102 4484 3209 4537 soli
3239 4522 3254 4547 ,
3286 4490 3474 4549 utpote
3500 4480 3593 4549 qui

2023 4587 2087 4641 ad
2116 4595 2345 4640 mortem
2382 4579 2729 4651 pet-caverint
2754 4616 2770 4645 ,
2821 4574 3030 4646 delapsi
3061 4581 3186 4628 sunt
3210 4610 3226 4635 ,
3269 4581 3323 4625 et
3347 4568 3499 4637 quasi
3543 4568 3596 4620 in

2024 4678 2198 4733 media
2235 4685 2392 4731 nocte
2418 4685 2605 4744 agunt.

2099 4861 2259 4915 Vens.
2294 4858 2381 4917 11.
2414 4857 2500 4911 19..
2538 4874 2556 4907 ι
2587 4854 2867 4922 Tanquam
2902 4862 3085 4910 ursus,
3106 4853 3197 4898 aut
3229 4852 3479 4911 lauquam
3504 4853 3597 4893 co-

2024 4958 2204 5010 lumba
2237 4952 2399 5007 simul
2438 4949 2711 5005 incedent.
2753 4939 3200 5011 Exspcctavimus
3233 4933 3597 5005 judicium,et

2025 5064 2128 5103 non
2168 5057 2252 5101 est
2278 5045 2423 5100 salus
2456 5060 2471 5096 :
2506 5041 2667 5110 longe
2700 5036 2927 5091 recessit
2956 5048 2984 5085 a
3024 5030 3201 5085 nobis.
3244 5026 3408 5081 Multa
3448 5021 3594 5077 enim

2025 5140 2284 5209 iniquitas
2315 5144 2496 5190 nostra
2540 5132 2593 5186 in
2640 5136 2930 5195 conspectu
2984 5133 3077 5176 tuo
3102 5162 3116 5185 ,
3153 5129 3205 5172 et
3235 5128 3455 5189 peccata
3496 5128 3594 5168 no-

2024 5202 2135 5285 sua
2172 5228 2499 5282 obstiterunt
2546 5220 2724 5275 nobis.
2768 5216 3086 5284 Iuiquitates
3119 5210 3264 5265 enim
3312 5216 3513 5261 nostra:
3541 5202 3593 5255 iu

2026 5320 2184 5374 nobis
2232 5327 2361 5374 sum
2391 5355 2407 5381 ,
2446 5323 2504 5368 et
2554 5308 2847 5378 injustitias
2892 5313 3117 5373 nostras.
3150 5299 3526 5370 cognovimus.
3567 5314 3589 5355 ι

2027 5410 2156 5464 Nam
2198 5407 2431 5478 gemitus
2495 5402 2733 5471 ipsorum
2764 5436 2779 5463 ,
2840 5394 3105 5463 siquidem
3145 5392 3354 5445 ratione
3404 5400 3489 5441 eo:
3515 5400 3592 5439 1m

2023 5518 2143 5572 qua:
2176 5509 2365 5557 contra
2399 5494 2738 5553 Salvatorem
2769 5488 2886 5542 ausi
2926 5496 3074 5550 sunt,
3113 5483 3297 5540 emissi
3341 5480 3589 5543 fuissent,
