4108 6204
480 279 580 335 48⁵1

1153 274 1422 331 EUSEBII
1458 273 1937 369 ΟΕΞΑΠΙΕῌΞΙΞ
2010 274 2050 330 0

2153 317 2162 332 .
2206 274 2387 330 PARS
2425 274 2511 331 Ill.
2550 304 2621 319 -—-
2658 274 3071 334 EXEGETICA.

3629 281 3735 337 488

479 400 610 469 ipsis
647 413 777 455 sane
810 398 1071 453 fruetuosi
1122 396 1286 452 futuri
1327 408 1503 453 erant.
1545 397 1754 452 Etenim
1789 413 1924 467 opus
1962 407 2043 453 est

2153 399 2274 461 τοὺς
2300 401 2392 452 καὶ
2412 399 2626 451 πενθεῖν
2654 401 2745 451 καὶ
2774 400 3071 463 στενάζειν,
3104 400 3197 452 καὶ
3223 398 3606 471 ἀποδύρεσθαι,
3632 402 3726 453 καὶ

478 494 623 562 ipsos
660 492 863 560 lugere,
909 490 1298 559 ingemiscere,
1342 491 1629 545 lamentari
1696 500 1749 545 et
1774 491 2050 561 plangere,

477 584 776 654 sanguinis,
812 597 970 653 quem
1009 582 1334 645 effuderunt,
1371 598 1553 637 causa.
1592 583 1784 639 Verum
1833 584 1957 652 quia
1994 584 2047 637 id

478 690 638 743 agere
692 690 797 727 non
834 674 1120 735 videnlur,
1167 673 1260 726 sed
1317 673 1501 726 urbem
1563 673 1709 727 illam
1759 675 2049 741 sensilem,

476 764 902 833 Hierosolymam
935 764 1080 827 dico,
1103 763 1408 834 deplorant,
1429 775 1480 819 et
1496 766 1704 819 ruinam
1724 765 1839 831 ejus
1862 766 2053 821 stolide

476 855 697 922 lugent,
723 853 847 921 jure
882 854 1065 907 bestia:
1091 853 1219 908 ferae
1258 865 1660 923 comparantur.
1691 854 2051 921 Quamobrem

475 945 711 1000 dicitur:
754 966 772 998 ι
814 945 879 998 Et
904 946 1257 1015 ingemiscant
1290 956 1542 1016 tanquam
1575 963 1772 1012 ursus;
1803 966 1821 999 ι
1853 948 1905 1001 in
1932 948 2052 1003 aliis

474 1052 605 1090 vero
658 1038 876 1102 dicitur,
921 1055 939 1087 ι
1005 1034 1160 1089 Sicut
1198 1050 1322 1089 ursa
1374 1037 1528 1103 prole
1560 1038 1774 1091 orbata.
1815 1058 1832 1087 ι
1878 1036 2052 1093 Ursus

476 1131 656 1198 itaque
704 1137 990 1191 vocantur,
1043 1128 1167 1196 quia
1207 1128 1322 1181 hmc
1372 1128 1485 1182 fera
1527 1128 1777 1183 homines
1808 1130 2048 1185 devorat.

474 1221 917 1288 Quandoquidem
974 1227 1028 1272 et
1076 1218 1177 1288 ipsi
1219 1219 1464 1274 homines
1506 1219 1858 1285 devorabaut,
1891 1221 2052 1274 caedi-

462 1314 576 1366 bus
612 1322 865 1366 vacantes
894 1351 909 1375 ,
958 1319 1013 1365 et
1041 1311 1332 1380 prophetas
1358 1311 1673 1367 occidentes
1701 1329 1715 1377 ;
1750 1327 1889 1366 ursae
1924 1313 2052 1367 item

475 1404 629 1473 prole
658 1405 867 1458 orbata:
894 1403 1097 1459 similes
1128 1413 1276 1469 sunt,
1318 1405 1388 1458 ob
1417 1404 1644 1459 filiorum
1683 1420 1902 1460 suorum
1940 1406 2057 1461 exi-

481 1498 614 1548 tium

550 1588 711 1644 Vens.
742 1588 823 1642 l3.
864 1606 882 1639 ι
918 1587 1083 1657 lmpie
1128 1587 1357 1659 egimus,
1398 1598 1453 1643 et
1493 1589 1701 1643 mentiti
1750 1604 1969 1653 sumus,
1999 1597 2054 1643 et

472 1684 883 1739 retrocessimus
922 1698 950 1735 a
992 1683 1098 1736 Deo
1138 1691 1341 1737 nostro.
1378 1680 1561 1735 Locuti
1613 1696 1797 1735 sumus
1844 1681 2051 1749 iniqua,

2159 490 2433 562 δακρύειν,
2463 484 2537 542 ὧν
2570 490 2779 561 ἐξέχεον
2821 492 3067 561 αἱμάτων
3092 492 3273 544 ἕνεκα.
3308 492 3461 544 Ἐπεὶ
3490 491 3547 544 δὲ
3576 491 3733 545 τοῦτο

2163 582 2260 652 μὲν
2284 582 2343 634 οὑ
2380 581 2822 652 προσποιοῦνται,
2858 581 2955 652 τὴν
2998 582 3055 635 δὲ
3102 582 3255 635 πόλιν
3304 582 3403 653 τὴν
3447 580 3733 653 αἰσθητὴν,

2158 675 2301 743 λέγω
2358 674 2422 745 δὴ
2472 675 2571 745 τὴν
2613 674 2985 745 Ἰερουσαλὴμ,
3033 675 3441 739 ἀποκλαίονται,
3492 674 3589 728 καὶ
3637 675 3737 744 τὴν

2162 770 2368 823 πτῶσιν
2416 769 2587 839 αὐτῆς
2625 766 2968 831 στενάζουσιν
3007 767 3245 835 ἀλόγωςο
3289 767 3514 829 εἰκότως
3557 765 3736 836 ἀγρίῳ

2159 861 2333 932 θηρίῳ
2349 860 2789 931 παρεόλήθησαν.
2811 859 2900 910 Διὸ
2916 858 3182 912 λέλεκται·
3211 879 3227 910 ι
3250 860 3361 912 Kal
3388 857 3736 924 στενάξουσιν

2156 956 2231 1018 ὡς
2253 955 2481 1026 ἄρκτοςο
2514 973 2531 1004 ι
2567 954 2662 1007 καὶ
2705 955 2763 1006 ἐν
2804 952 2983 1016 ἀλλοις
3008 953 3061 1005 δέ
3090 953 3337 1024 εἴρηται·
3371 971 3389 1003 ι
3428 954 3515 1015 Ὠς
3532 953 3732 1023 ἄρκτος

2157 1046 2549 1117 ἀτεκνουμένη.
2584 1066 2601 1097 ι
2630 1047 2862 1118 ’Ἄρκτος
2904 1047 3004 1117 μὲν
3034 1043 3125 1099 οῦν
3163 1045 3251 1099 διὰ
3286 1046 3347 1098 τὸ
3394 1044 3739 1117 ἀνθρωποδό-

2159 1156 2250 1209 ρον
2273 1138 2368 1191 τοῦ
2407 1138 2569 1208 θηρὸς
2591 1138 3005 1210 ὠνομάσθησαν.
3047 1139 3198 1192 Ἐπεὶ
3224 1140 3317 1192 καὶ
3348 1139 3503 1191 αὐτοὶ
3528 1138 3737 1210 ἀνθρώ-

2160 1250 2293 1295 πους
2316 1231 2513 1300 ἔφαγον
2540 1232 2966 1303 μιαιφονοῦντες,
3000 1234 3095 1285 καὶ
3119 1233 3245 1297 τοὺς
3279 1233 3557 1304 προφήτας
3585 1232 3739 1285 ἀναι-

2164 1325 2383 1395 ροῦντες
2403 1343 2415 1355 υ
2448 1326 2820 1397 ἀτεκνουμένῃ
2848 1326 2903 1379 δὲ
2932 1326 3120 1397 ἄρκτῳ
3147 1324 3618 1397 παρωμοιώθησαν
3649 1324 3739 1379 διὰ.

2156 1423 2253 1493 τὴν
2274 1420 2547 1475 ἀπώλειαν
2565 1420 2670 1473 τῶν
2699 1419 2902 1473 τέκνων
2931 1418 3131 1473 αὐτῶν.

2213 1620 2251 1650 .«
2274 1600 2672 1672 Ἦσεϐήσαμεν,
2691 1602 2783 1655 καὶ
2797 1598 3162 1669 ἐψευσάμεθα,
3178 1600 3272 1653 καὶ
3288 1599 3493 1669 ἀπέστη
3504 1616 3602 1669 μεν
3618 1613 3740 1653 οπι-

2160 1690 2285 1743 σθεν
2313 1690 2407 1743 τοῦ
2454 1690 2588 1743 Θεοῦ
2624 1690 2798 1762 ήμῶν.
2843 1690 3211 1761 Ἐλαλήσαμεν
3239 1690 3419 1748 ἄδικα,
3454 1690 3544 1741 καὶ
3582 1690 3740 1757 ἠπει-

472 1786 530 1830 et
577 1776 992 1844 inobsequentes
1047 1772 1266 1827 fuimus.
1318 1772 1672 1842 Concepimus
1712 1782 1767 1826 et
1814 1769 2050 1827 meditati

2158 1782 2421 1852 θήσαμεν.
2467 1780 2748 1851 Ἐκύομεν,
2801 1782 2895 1834 καὶ
2923 1779 3329 1853 ἐμελετήσαμεν
3377 1779 3485 1832 ἀπὸ
3512 1779 3739 1849 καρδίας

474 1882 662 1921 sumus
707 1867 773 1920 de
806 1865 967 1919 corde
999 1873 1188 1918 nostro
1217 1864 1379 1919 verba
1432 1864 1632 1934 iniqua.
1667 1883 1685 1915 ι
1723 1863 1847 1917 Haec
1877 1873 2053 1918 autem

472 1960 731 2028 prepheta
776 1957 907 2010 dicit
951 1970 1016 2011 ex
1067 1969 1296 2024 persona
1338 1954 1551 2022 populi,
1603 1954 1800 2008 docens
1841 1969 1968 2019 eos,
1999 1963 2056 2008 ut

473 2049 829 2104 conﬁteantur
861 2046 972 2100 Deo
1014 2057 1262 2115 peccata,
1291 2054 1346 2099 et
1378 2060 1497 2099 sese
1537 2054 1793 2099 accusent
1822 2060 1835 2109 ;
1868 2054 1924 2097 ut
1972 2044 2057 2100 vel

474 2142 546 2194 ita
589 2140 777 2194 saltem
828 2138 1006 2191 animo
1055 2134 1399 2204 compuncti,
1441 2135 1668 2203 gradum
1718 2144 1972 2189 revocent
2000 2144 2056 2191 et

472 2237 854 2284 convertantur
884 2226 1255 2295 pmnitentiam
1292 2226 1500 2279 edocti.

548 2320 706 2374 Vens.
739 2319 922 2371 ιιι-20.
957 2336 976 2369 ‹
1016 2317 1082 2371 Ει
1130 2317 1453 2371 abduximus
1504 2324 1650 2371 retro
1689 2316 1970 2384 judicium,
2001 2327 2054 2371 et

466 2414 676 2485 justitia
708 2412 863 2482 longe
891 2410 1137 2465 discessit
1164 2424 1177 2460 :
1209 2407 1464 2477 quoniam
1514 2418 1835 2478 consumpta
1885 2418 1967 2464 est
1998 2410 2050 2463 in

471 2505 575 2560 viis
600 2519 785 2558 eorum
811 2501 1032 2564 veritas,
1064 2509 1118 2555 et
1163 2514 1258 2568 per
1306 2508 1514 2553 rectum
1546 2500 1649 2553 iter
1688 2502 1921 2555 transire
1948 2516 2049 2555 non

470 2604 784 2666 potuerunt.
814 2594 881 2647 Et
914 2593 1118 2647 veritas
1163 2590 1372 2646 sublata
1422 2603 1540 2655 est,
1573 2599 1627 2645 et
1659 2592 2054 2648 transtulerunt

472 2694 730 2747 mentem,
766 2694 826 2737 ut
868 2696 976 2736 non
1003 2679 1384 2749 intelligerent.
1424 2678 1490 2733 Et
1528 2680 1663 2735 vidit
1694 2680 1975 2746 Dominus,
2001 2692 2054 2736 et

468 2791 581 2829 non
614 2772 811 2841 placuit
845 2772 971 2842 ipsi,
1004 2771 1130 2840 quia
1170 2785 1275 2825 non
1317 2780 1433 2826 erat
1458 2770 1744 2839 judicium.
1783 2773 1850 2826 Et
1899 2774 2050 2837 vidit,

473 2876 528 2918 et
563 2880 667 2918 nou
698 2873 816 2919 erat
850 2864 969 2917 vir:
997 2872 1049 2918 et
1081 2863 1471 2926 consideravit,
1497 2872 1677 2917 etnon
1698 2874 1817 2918 erat
1845 2866 1933 2934 qui
1957 2866 2051 2920 de-

474 2955 755 3007 fenderet:
785 2962 840 3006 et
866 2952 1009 3007 ultus
1038 2960 1121 3006 est
1146 2967 1239 3008 eos
1264 2952 1491 3007 brachio
1520 2967 1637 3016 suo,
1662 2962 1717 3008 et
1745 2955 2050 3011 misericor-

473 3044 559 3098 dia
600 3042 960 3098 conﬁrmavit.
1000 3041 1068 3096 Et
1114 3041 1289 3096 induit
1315 3040 1581 3110 justitiam
1621 3044 1779 3112 quasi
1804 3043 2048 3113 loricam,

473 3146 528 3190 et
566 3133 950 3204 circumposuit
990 3132 1194 3203 galeam
1238 3132 1490 3188 salutaris
1530 3133 1581 3187 in
1614 3134 1819 3203 capite,
1850 3144 1901 3189 et
1947 3136 2055 3190 cir-

472 3227 747 3283 cumdedit
789 3239 847 3280 se
883 3224 1207 3279 veStimento
1238 3223 1458 3279 ultionis
1499 3240 1513 3275 :
1547 3234 1601 3280 et
1650 3225 1884 3280 amictus
1919 3226 2054 3293 ejus,

474 3315 725 3387 tanquam
755 3315 1118 3371 retributurus
1141 3314 1211 3369 sit
1241 3312 1676 3377 retributionem,
1703 3315 2055 3384 opprobrium

472 3408 821 3463 adversariis.
868 3406 935 3461 Et
980 3406 1249 3461 timebunt
1287 3403 1664 3461 Occidentales
1717 3420 1910 3461 nomen
1952 3408 2055 3461 Do-

473 3504 627 3568 mini,
658 3511 713 3557 et
742 3500 830 3571 qui
860 3507 986 3555 sunt
1035 3499 1101 3554 ab
1135 3507 1257 3554 ortu
1299 3498 1465 3565 solis,
1506 3513 1702 3554 nomen
1738 3499 2053 3569 gloriosum.

477 3595 666 3650 Veniet
688 3595 856 3657 enim,
892 3592 1049 3661 quasi
1077 3590 1273 3646 ﬂuvius
1306 3590 1573 3646 violentus
1603 3591 1681 3645 ira
1714 3606 1744 3644 a
1780 3592 2005 3647 Domino
2037 3620 2052 3655 ε

471 3689 651 3742 veniet
682 3702 802 3742 cum
852 3685 1054 3751 lurore,
1090 3693 1143 3738 et
1177 3683 1356 3738 veniet
1389 3693 1608 3753 propter
1638 3682 1767 3737 Sion
1798 3684 1888 3751 qui
1924 3682 2056 3738 libe—

472 3791 577 3843 rat,
608 3790 661 3834 et
691 3786 897 3833 avertet
949 3777 1254 3845 impietates
1290 3791 1318 3829 a
1366 3772 1552 3829 Jacob.
1590 3794 1608 3824 ›
1649 3773 1747 3829 Hic
1783 3774 1911 3830 item
1959 3791 2055 3843 per

473 3874 603 3927 Sion
638 3873 721 3939 pia
771 3869 959 3940 religio
998 3867 1356 3938 signiﬁcatur,
1400 3882 1561 3935 quam
1604 3866 1834 3920 diversis
1880 3868 2053 3922 modis

468 3964 768 4020 Ecclesiam
808 3961 901 4016 Dei
956 3975 1079 4016 esse
1125 3960 1530 4029 comprobatum
1579 3970 1683 4013 est.
1738 3958 1903 4027 llujus
1950 3960 2052 4014 ita-

470 4074 574 4127 que
609 4057 702 4111 Dei
729 4054 965 4111 civitatis
995 4067 1159 4107 causa
1193 4061 1450 4107 venturus
1486 4050 1746 4106 liberator
1766 4067 1885 4107 esse
1914 4053 2049 4108 dici-

470 4161 578 4213 tur,
625 4149 713 4219 qui
752 4149 862 4220 jam
908 4161 1073 4217 prope
1108 4154 1211 4200 est.
1257 4143 1324 4199 Et
1367 4143 1497 4213 quid
1548 4142 1711 4198 faciet
1749 4143 2049 4200 ?Dimittet

468 4253 688 4316 peccata
722 4239 1108 4297 accedentibus
1133 4238 1201 4293 ad
1230 4253 1309 4293 se.

545 4420 707 4475 Vens.
736 4420 825 4474 21.
857 4438 875 4473 ι
915 4419 981 4474 Ει
1028 4420 1130 4475 hoc
1152 4420 1282 4491 ipsis
1318 4418 1716 4475 Testamentum
1745 4435 1774 4474 a
1806 4435 1891 4473 me
1943 4430 2041 4485 est,
2078 4451 2121 4505 ι)

468 4514 607 4566 dixit
644 4513 921 4567 Dominus.
945 4510 1178 4581 Spiritus
1219 4527 1391 4579 meus,
1421 4513 1509 4582 qui
1536 4522 1618 4567 est
1646 4513 1697 4567 in
1743 4522 1794 4566 te
1815 4530 1827 4567 :
1848 4524 1899 4566 et
1931 4527 2047 4565 ver-

472 4604 562 4669 ba,
592 4618 711 4671 qua:
745 4602 867 4657 dedi
898 4602 952 4656 in
990 4617 1050 4656 os
1081 4611 1229 4656 tuum
1262 4619 1275 4656 :
1308 4612 1363 4657 et
1415 4618 1517 4656 non
1559 4602 1809 4657 deficient
1843 4617 1909 4655 ex
1952 4617 2047 4657 ore

470 4705 583 4761 tuo,
611 4710 784 4764 neque
806 4710 871 4749 ex
920 4710 1016 4749 ore
1063 4693 1289 4749 seminis
1310 4696 1408 4748 tui.
1438 4694 1588 4747 Dixit
1617 4696 1759 4748 enim
1791 4695 2047 4747 Dominus

474 4786 665 4840 amodo
702 4794 757 4839 et
806 4799 978 4853 usque
1009 4786 1061 4839 in
1092 4785 1367 4839 szeculum.
1398 4805 1417 4836 ι
1453 4784 1551 4839 Hic
1601 4786 1779 4854 itaque
1813 4785 2046 4853 Spiritus

468 4878 870 4934 Testamentum
899 4886 1017 4931 erat
1039 4893 1052 4929 :
1073 4877 1427 4946 quamobrem
1448 4876 1696 4931 Salvator
1715 4887 1765 4932 et
1784 4877 2043 4932 Dominus

471 4980 653 5025 noster
679 4968 833 5025 Jcsus
858 4968 1106 5023 Christus
1148 4966 1427 5037 discipulis
1457 4970 1570 5023 suis
1602 4968 1857 5037 Spiritum
1898 4968 2044 5023 dedit

465 5063 689 5117 dicens:
724 5081 742 5114 ι
770 5061 1009 5131 Accipite
1052 5058 1310 5127 Spiritum
1340 5070 1586 5114 sanctum
1621 5077 1636 5124 ;
1668 5061 1714 5114 si
1742 5060 2037 5129 cujuspiam

469 5154 785 5208 remiseritis
819 5160 1062 5224 peccata,
1108 5154 1453 5206 remittuntur
1488 5152 1535 5205 ei
1570 5153 1635 5200 η.
1673 5172 1690 5202 ›
1729 5151 1838 5205 lloc
1881 5152 2044 5219 igitur

470 5243 674 5298 Novum
724 5244 1129 5299 Testamentum
1164 5254 1267 5308 est,
1296 5254 1349 5297 et
1381 5254 1541 5313 caput
1577 5244 1837 5313 mysterii,
1865 5242 2037 5312 Spiri-

470 5346 555 5389 tus
586 5345 827 5389 sanctus.
852 5336 917 5390 Et
942 5336 1122 5397 verba,
1153 5352 1271 5406 quae
1308 5336 1427 5389 dedi
1462 5336 1512 5388 in
1538 5351 1599 5389 os
1638 5345 1881 5398 tuum,et
1928 5351 2032 5389 non

466 5427 736 5482 deﬁcient.
779 5446 796 5479 ι
830 5428 1044 5485 Manent
1070 5432 1211 5485 enim
1242 5439 1297 5485 et
1326 5430 1377 5483 in
1414 5429 1662 5498 praesenti
1694 5428 1822 5483 etin
1857 5428 2035 5483 futuro

463 5516 658 5573 smculo
684 5519 797 5573 haec
823 5521 1339 5586 omnia,secundum
1378 5520 1680 5577 Servatoris
1721 5521 1887 5576 nostri
1918 5534 2036 5575 ver-

533 5691 573 5722 "
603 5689 760 5747 Joan.
795 5710 885 5762 xx,
916 5695 1005 5764 9.2,
1037 5700 1125 5754 25.

2159 1875 2314 1945 ήμῶν
2352 1875 2544 1943 λόγους
2577 1874 2813 1936 ἀδίκους.
2836 1891 2855 1923 υ
2901 1873 3062 1942 Λέγει
3094 1873 3149 1925 δὲ
3178 1872 3350 1925 ταῦτα
3382 1873 3410 1924 6
3453 1871 3739 1941 προφήτης

2157 1968 2221 2019 ἐκ
2246 1966 2537 2037 προσώπου
2572 1965 2663 2018 τοῦ
2696 1964 2847 2031 λαοῦ,
2883 1964 3150 2019 διδάσκων
3177 1965 3372 2028 αὐτοὺς
3404 1962 3740 2033 ἐξομολογεῖ-

2158 2058 2278 2112 σθαι
2296 2058 2371 2129 τῷ
2394 2059 2511 2129 Θεῷ
2534 2059 2633 2122 τὰς
2653 2058 2923 2130 ἁμαρτίας
2940 2059 3032 2111 καὶ
3048 2060 3369 2129 κατηγορεῖν
3397 2057 3593 2119 αὐτοὺς
3613 2057 3739 2109 ἐαυ-

2154 2148 2284 2212 τῶν,
2304 2149 2389 2201 ἵνα
2404 2149 2504 2202 κᾶν
2526 2149 2718 2213 οὕτως,
2738 2148 3034 2221 πληγέντες
3055 2149 3150 2221 τὴν
3178 2148 3373 2220 ψυχὴν,
3402 2148 3737 2202 ἀνανεύσωσι

2154 2242 2246 2294 καὶ
2278 2242 2668 2312 ἐπιστρέψωσι,
2705 2245 2981 2313 μετανοεῖν
3000 2241 3355 2312 διδαχθέντες.

2231 2352 2248 2384 ι
2275 2334 2385 2386 Kal
2430 2334 2815 2405 ἀπεστήσαμεν
2862 2333 3036 2386 ὀπίσω
3078 2334 3173 2405 τὴν
3224 2335 3422 2407 κρίσιν,
3467 2336 3559 2390 καὶ
3588 2336 3622 2406 ἡ
3649 2334 3733 2388 δι-

2153 2421 2408 2492 καιοσύνη
2431 2422 2645 2493 μακρὰν
2678 2422 2983 2492 ἀφέστηκεν
3000 2440 3012 2451 ·
3040 2423 3120 2477 ὅτι
3147 2422 3497 2494 κατηναλώθη
3528 2426 3585 2476 ἐν
3612 2426 3734 2485 ταῖς

2152 2512 2290 2574 ὁδοῖς
2318 2513 2495 2565 αὐτῶν
2536 2514 2568 2582 ἡ
2610 2511 2854 2581 ἀλήθεια,
2880 2513 2973 2563 καὶ
3011 2512 3076 2564 δι’
3104 2511 3319 2573 εὐθείας
3356 2514 3453 2565 οὐκ
3486 2512 3736 2567 ἐδύναντο

2149 2605 2397 2658 διελθεῖν.
2447 2606 2556 2659 Kal
2588 2607 2621 2676 ἠ
2650 2606 2873 2677 ἀλήθεια
2903 2602 3088 2679 ἦρται,
3125 2607 3217 2659 καὶ
3263 2606 3595 2677 μετέστησαν
3636 2606 3735 2677 τὴν

2151 2692 2389 2747 διάνοιαν
2420 2693 2512 2746 τοῦ
2544 2694 2801 2749 συνιέναι.
2834 2697 2944 2749 Kal
2970 2693 3075 2748 είδε
3108 2696 3327 2766 Κύριος,
3357 2697 3451 2748 καὶ
3485 2696 3583 2749 οὐκ
3608 2697 3737 2767 ἦρε-

2154 2799 2245 2837 σεν
2278 2782 2446 2853 αὐτῷ,
2504 2785 2585 2836 ὅτι
2617 2785 2716 2837 οὐκ
2741 2780 2808 2856 ἦν
2835 2785 3034 2855 κρίσις.
3070 2786 3177 2838 Kal
3223 2780 3351 2849 εἶδε,
3398 2785 3493 2839 καὶ
3538 2786 3638 2839 οὐκ
3663 2781 3735 2857 ἦν

2154 2876 2294 2948 ἀνήρ
2318 2894 2330 2905 ·
2363 2878 2453 2930 καὶ
2476 2878 2789 2949 κατενόησε,
2820 2879 2913 2931 καὶ
2938 2879 3037 2930 οὐκ
3062 2874 3127 2948 ἦν
3160 2878 3578 2949 ἀντιληψόμενος
3596 2896 3609 2909 ·
3641 2880 3735 2933 καὶ

2153 2967 2398 3036 ἠμύνατο
2442 2969 2638 3032 αὐτοὺς
2677 2969 2754 3040 τῷ
2796 2969 3036 3041 βραχίονι
3070 2970 3254 3034 αὑτοῦ,
3290 2971 3384 3023 καὶ
3421 2973 3486 3040 τῇ
3514 2971 3736 3041 ἐλεημο-

2162 3056 2292 3127 σύνη
2321 3057 2657 3128 ἐστηρίσατο.
2710 3060 2818 3112 Kal
2851 3059 3132 3113 ἐνεδύσατο
3162 3058 3505 3131 δικαιοσύνην
3527 3061 3600 3125 ὡς
3630 3060 3731 3113 θὼ-

2163 3165 2326 3218 ρακα,
2350 3150 2441 3201 καὶ
2461 3149 2740 3221 περιέθετο
2768 3150 3193 3221 περικεφαλαίαν
3216 3152 3483 3221 σωτηρίου
3514 3151 3605 3204 ἐπὶ
3633 3152 3734 3221 τῆς

2162 3240 2423 3309 κεφαλῆς,
2458 3244 2550 3295 καὶ
2604 3242 2953 3314 περιεϐάλετο
2985 3243 3195 3314 ἱμάτιον
3229 3244 3561 3314 ἐκδικήσεως
3584 3261 3597 3273 ·
3637 3245 3733 3298 καὶ

2159 3330 2218 3382 τὸ
2251 3329 2591 3401 περιϐόλαιον
2616 3332 2800 3395 αὑτοῦ,
2834 3333 2911 3396 ὡς
2935 3330 3323 3385 ἀνταποδώσων
3351 3330 3729 3392 ἀνταπόδοσιν,

2157 3419 2354 3485 ὄνειδος
2384 3424 2493 3484 τοῖς
2514 3422 2863 3486 ὑπεναντίοις.
2881 3423 2990 3475 Kal
3016 3420 3408 3491 φοϐηθήσονται
3436 3419 3483 3472 οἱ
3506 3419 3731 3473 ἁπὸλδυο

2159 3512 2308 3581 σμῶν
2330 3512 2389 3565 τὸ
2411 3512 2580 3584 ὄνομα
2607 3515 2833 3583 Κυρίου,
2868 3514 2960 3567 καὶ
2992 3513 3039 3565 οἱ
3068 3513 3161 3565 ἀπ’
3191 3510 3460 3564 ἀνατολῶν
3492 3510 3641 3581 ἡλίου
3670 3510 3733 3564 τδ

2155 3602 2321 3673 ὄνομα
2348 3604 2409 3657 τὸ
2440 3604 2665 3669 ἔνδοξον,
2691 3604 2845 3669 Ἥξει
2870 3604 2977 3677 γὰρ
3008 3604 3082 3669 ὡς
3108 3602 3347 3673 ποταμὸς
3383 3602 3552 3673 βιαῖος
3581 3605 3616 3671 ἡ
3645 3603 3734 3672 ὀρ-

2154 3693 2225 3764 γῆ
2258 3694 2405 3767 παρά
2448 3695 2683 3764 Κυρίουο
2710 3694 2827 3765 ἥξει
2856 3695 2995 3766 μετὰ
3022 3695 3217 3767 θυμοῦ,
3248 3694 3342 3749 καὶ
3381 3693 3499 3765 ἥξει
3542 3694 3730 3747 ἕνεκεν

2156 3784 2292 3839 Σιὼν
2314 3788 2342 3839 6
2374 3787 2653 3857 ῥυόμενος,
2700 3788 2793 3840 καὶ
2826 3789 3161 3859 ἀποστρέψει
3195 3786 3447 3850 ἀσεϐείας
3475 3786 3583 3839 ἀπὸ
3621 3786 3725 3838 Ἰα-

2154 3876 2287 3930 κώϐ.
2317 3899 2333 3928 ι
2373 3878 2539 3931 Πάλιν
2567 3878 2623 3931 δὲ
2657 3881 2751 3931 καὶ
2791 3879 3022 3933 ἐνταῦθα
3052 3880 3114 3931 τὸ
3156 3878 3400 3941 Θεοσεϐὲς
3429 3877 3727 3947 πολίτευμα

2155 3967 2476 4037 σημαίνεται
2499 3968 2587 4022 διά
2625 3970 2721 4039 τῆς
2748 3968 2905 4032 Σιὼν,
2936 3970 3056 4040 ἥτις
3080 3969 3344 4041 διαφόρως
3377 3968 3726 4021 ἀπεδείκνυτο

2150 4053 2336 4129 οὗσαή
2377 4059 2667 4130 Ἐκκλησία
2706 4061 2799 4113 τοῦ
2835 4060 2989 4113 Θεοῦ.
3044 4059 3259 4129 Ταύτης
3290 4054 3382 4112 οὖν
3412 4058 3597 4111 ἐνεκεν
3627 4058 3726 4128 τῆς

2150 4149 2244 4202 τοῦ
2278 4150 2413 4203 Θεοῦ
2446 4152 2651 4215 πόλεως
2684 4152 2830 4223 ἥξειν
2877 4152 3094 4220 λέγεται
3145 4155 3173 4205 6
3203 4151 3461 4223 ῥυόμενος
3492 4153 3521 4203 6
3572 4152 3727 4221 ἀγχι-

2152 4242 2373 4296 στεύων.
2424 4243 2533 4295 Kal
2570 4244 2623 4296 τί
2674 4245 2920 4314 ποιήσεις
2970 4242 3318 4313 Συγχωρήσει
3368 4241 3465 4305 τὰς
3514 4240 3726 4304 ἀδικίας

2148 4336 2261 4397 τοῖς
2290 4334 2605 4405 προσιοῦσιν
2634 4335 2797 4405 αὐτῷ.

2226 4444 2244 4473 ε
2272 4426 2380 4478 Kal
2414 4424 2552 4495 αῦτη
2584 4428 2764 4489 αὐτοῖς
2800 4428 2833 4496 ή
2868 4427 2996 4497 παρ’
3018 4424 3150 4495 ἐμοῦ
3178 4425 3439 4497 Διαθήκη,
3466 4422 3587 4478 εἷπε
3615 4424 3725 4477 Κύ-

2152 4532 2283 4585 ριος.
2320 4517 2392 4568 Τὸ
2424 4516 2646 4585 Πνεῦμα
2667 4517 2727 4568 τὸ
2753 4516 2902 4587 ἐμὸν,
2932 4517 2960 4568 ὅ
2986 4517 3130 4568 ἐστιν
3158 4516 3248 4568 ἐπὶ
3279 4517 3379 4577 σοὶ,
3415 4515 3508 4568 καὶ
3535 4514 3601 4567 τὰ
3633 4518 3728 4585 ρή-

2151 4624 2293 4677 ματα
2326 4608 2361 4660 ἃ.
2400 4607 2572 4660 ἔδωκα
2621 4610 2699 4670 είς
2730 4607 2791 4659 τὸ
2822 4607 2992 4677 στόμα
3027 4624 3119 4659 σου
3140 4624 3154 4638 ο
3202 4606 3295 4660 καὶ
3322 4607 3382 4659 ού
3419 4606 3492 4676 μὴ
3527 4605 3728 4677 ἐκλίπῃ

2146 4698 2209 4749 ἐκ
2232 4698 2326 4750 τοῦ
2360 4699 2624 4768 στόματός
2653 4715 2767 4761 σου,
2804 4701 2895 4752 καὶ
2933 4702 2996 4752 ἐκ
3024 4698 3115 4752 τοῦ
3142 4698 3407 4769 στόματος
3433 4697 3523 4750 τοῦ
3558 4696 3727 4764 σπέρν

2150 4788 2317 4855 ματός
2344 4804 2458 4839 σου.
2497 4784 2628 4840 Elite
2666 4789 2775 4859 γάρ
2808 4789 3009 4860 Κύριος
3033 4789 3139 4841 ἀπὸ
3161 4788 3253 4841 τοῦ
3279 4788 3371 4841 νῦν
3405 4787 3497 4840 καὶ
3530 4788 3609 4849 είς
3632 4786 3725 4838 τὸν

2145 4878 2335 4933 αἰῶνα.
2363 4899 2380 4931 υ
2414 4880 2583 4933 Τοῦτο
2608 4880 2736 4949 γοῦν
2764 4882 2823 4934 τὸ
2856 4882 3078 4953 Πνεῦμα
3097 4884 3130 4952 ή
3164 4881 3401 4952 Διαθήκη
3428 4878 3690 4949 ἐτύγχανε

2141 4970 2327 5042 διόπερ
2348 4971 2375 5023 6
2404 4972 2591 5043 Σωτὴρ
2636 4974 2731 5025 καὶ
2762 4973 2965 5045 Κύριος
2988 4974 3147 5043 ἡμῶν
3192 4973 3397 5044 Ἰησοῦς
3433 4973 3461 5023 6
3486 4970 3723 5042 Χριστὸς

2142 5064 2251 5133 τοῖς
2280 5060 2471 5114 ἑαυτοῦ
2500 5063 2768 5133 μαθηταῖς
2798 5064 2963 5117 ἐδίδου
2989 5065 3049 5118 τὸ
3076 5064 3298 5134 Πνεῦμα
3328 5062 3527 5130 λέγων’
3568 5079 3588 5111 ι
3610 5061 3707 5117 Δάν

2140 5152 2262 5205 ϐετε
2314 5153 2537 5224 Πνεῦμα
2568 5155 2739 5222 ἅγιον,
2774 5156 2868 5209 ἐὰν
2897 5173 3040 5220 τινος
3068 5156 3240 5225 ἀφῆτε
3274 5153 3373 5215 τὰς
3418 5150 3716 5224 ἁμαρτίας,

2140 5244 2386 5313 ἀφίενται
2417 5246 2583 5316 αὐτῷ.
2612 5266 2628 5298 ι
2664 5246 2812 5319 Αὕτη
2832 5249 3024 5301 τοίνυν
3062 5249 3094 5317 ή
3128 5244 3303 5312 Καινὴ
3332 5242 3597 5313 Διαθήκη,
3623 5242 3717 5295 καὶ

2140 5337 2199 5389 τὸ
2254 5339 2547 5407 κεφάλαιον
2579 5340 2679 5392 τοῦ
2705 5340 3024 5412 μυστηρίου,
3060 5339 3119 5391 τὸ
3167 5336 3391 5405 Πνεῦμα
3439 5334 3501 5387 τὸ
3539 5334 3711 5402 ἅγιον.

2147 5446 2164 5478 ι
2192 5429 2301 5481 Kal
2327 5430 2393 5482 τά
2428 5432 2649 5502 ῥήματα
2678 5431 2713 5485 ἀ
2746 5432 2919 5485 ἔδωκα
2959 5433 3040 5493 είς
3071 5429 3132 5481 τὸ
3160 5424 3253 5491 οῦς
3289 5444 3404 5494 σου,
3431 5429 3526 5481 καὶ
3549 5427 3609 5481 οὐ
3639 5424 3712 5497 μὴ

2140 5520 2355 5593 ἐκλίπῃ.
2385 5543 2402 5573 ι
2453 5523 2621 5577 Μένει
2650 5523 2757 5594 γὰρ
2784 5524 2875 5575 καὶ
2906 5524 2985 5583 είς
3013 5520 3102 5572 τὸν
3136 5521 3379 5592 παρόντα
3412 5521 3587 5574 αἰῶνα
3619 5516 3714 5572 καὶ
