4108 6204
326 341 422 395 ιιι)

1297 328 1801 385 (ΙΟΜΜΕΝΤΑΒΙΑ
1845 331 1907 384 IN
1950 332 2200 387 ISAIAM.
2245 365 2311 373 —-
2350 335 2501 390 CAP.
2545 335 2656 390 LX.

3469 336 3573 393 ιθο

320 462 398 522 εἰς
424 456 520 510 τὸν
553 455 809 527 μέλλοντα
852 453 1024 506 ταῦτα
1060 451 1253 515 πάντα,
1299 450 1437 503 κατά
1482 451 1547 504 τά
1572 452 1822 522 ῥήματα,
1864 449 1898 503 ἀ

2014 469 2066 505 δα
2104 456 2154 505 in
2182 454 2482 524 Evangeliis
2524 456 2715 510 tradita
2772 455 2841 509 ab
2884 454 3003 523 ipso
3028 453 3308 508 Salvatore
3342 451 3574 517 dicente,

319 546 567 613 ἐδίδαξεν
594 547 754 610 αὐτὸς
795 548 821 599 ό
853 543 1045 615 Σωτὴρ
1089 546 1146 595 ἐν
1170 542 1520 610 Εὑαγγελίοις
1564 542 1733 595 εἰπών
1754 558 1766 572 °
1805 560 1823 592 ι
1846 544 1902 593 Ὀ

320 640 557 709 οὐρανὸς
602 640 693 691 καὶ
727 639 758 708 ή
800 636 872 707 γῆ
905 634 1317 707 παρελεύσεται,
1358 635 1406 685 οἱ
1434 632 1489 685 δὲ
1524 631 1668 700 λόγοι
1706 649 1812 703 μου
1841 633 1902 685 ού

331 730 412 803 μὴ
434 729 784 801 παρέλθωσιν.
816 746 835 780 ι

858 857 1254 913 ΚΕΦΑΛΑῙΟΝ
1291 856 1363 909 Ξθ.

409 972 427 1004 ι
446 949 695 1015 Φωτίζου,
726 948 984 1019 φωτίζον,
1023 946 1405 1017 Ἰερουσαλήμ·
1445 947 1567 1017 ἥκει
1590 948 1697 1017 γάρ
1721 964 1812 999 σου
1844 947 1903 999 τὸ

332 1044 463 1113 φῶς,
490 1043 581 1096 καὶ
605 1045 637 1111 ἡ
660 1042 788 1107 δόξα
820 1042 1025 1114 Κυρίου
1056 1042 1148 1093 ἐπὶ
1177 1040 1236 1093 σὲ
1281 1039 1661 1093 ἀνατέταλκεν.
1689 1059 1706 1090 ι
1754 1040 1903 1092 Ἐπεὶ

329 1136 498 1188 τοίνυν
526 1137 556 1191 ὁ
587 1134 822 1205 Χριστὸς
856 1133 1017 1196 αὐτὸς
1041 1129 1108 1202 ἦν
1140 1133 1200 1185 τὸ
1232 1131 1348 1201 φῶς
1372 1132 1465 1184 καὶ
1499 1133 1531 1202 ἡ
1557 1130 1782 1200 ἀλήθεια
1814 1131 1904 1183 καὶ

329 1227 518 1299 ἠ.ζωὴ,
549 1228 640 1281 καὶ
668 1227 785 1296 φῶς
804 1228 913 1290 τοῖς
944 1226 1021 1288 εἰς
1041 1224 1129 1277 τὸν
1158 1223 1358 1293 κόσμον
1380 1240 1392 1252 ·
1425 1222 1645 1284 εἰκότως
1660 1222 1758 1291 τῆς
1786 1221 1904 1274 τού-

327 1337 416 1371 του
471 1319 772 1391 παρουσίας
829 1318 1121 1371 ἀπολαύειν
1178 1318 1206 1369 ό
1242 1316 1395 1384 λόγος
1440 1318 1507 1386 τῇ
1555 1314 1904 1385 Ἰερουσαλὴμ

328 1411 665 1484 προσεφώνει
721 1410 933 1479 λέγων·
986 1428 1003 1459 ι
1032 1408 1291 1473 Φωτίζου,
1340 1406 1594 1476 φωτίζον,
1630 1406 1897 1477 Ἰερουσα-

324 1504 468 1575 λήμο
500 1505 627 1573 ἥκει
656 1501 764 1573 γάρ
790 1519 880 1554 σου
906 1502 964 1554 τὸ
1001 1500 1131 1571 φῶς.
1162 1519 1180 1552 ι
1241 1500 1421 1569 Αύτῆς
1450 1498 1506 1552 δὲ
1531 1495 1668 1552 εἶναι
1702 1499 1899 1568 φάσκει

324 1598 385 1649 τὸ
406 1598 545 1666 φῶς.
571 1597 658 1650 διὰ
678 1596 738 1649 τὸ
762 1597 894 1666 αὐτῇ
919 1595 1016 1657 τὰς
1043 1594 1168 1665 περὶ
1191 1592 1282 1646 τοῦ
1313 1592 1549 1665 Χριστοῦ
1577 1593 1905 1662 ἐπαγγελίας

326 1687 435 1738 ὑπὸ
463 1686 570 1739 τῶν
601 1685 893 1757 προφητῶν
915 1684 1265 1755 κεκηρῦχθαι.
1303 1684 1365 1737 Εἰ
1392 1683 1489 1754 μὲν
1510 1681 1602 1737 οὖν
1626 1684 1905 1738 πεισθεῖσα

327 1779 406 1851 τῷ
438 1779 874 1850 παραγγέλματι,
918 1776 1009 1831 τοῦ
1052 1776 1228 1846 φωτὸς
1277 1776 1608 1848 μετειλήφει,
1643 1778 1732 1830 τὸν
1769 1779 1904 1847 Χρι-
1936 1818 1977 1872 Β

330 1873 454 1925 στὸν
475 1869 569 1923 τοῦ
604 1869 735 1923 Θεοῦ
772 1868 1209 1942 παραδεξαμένη,
1244 1867 1508 1938 διέμεινεν
1536 1868 1600 1921 ἀν
1627 1870 1683 1920 ἐν
1715 1870 1906 1941 εἰρήνῃ

331 1965 494 2038 μέχρι
526 1964 730 2027 τέλους.
785 1962 857 2015 Ίῖδ
890 1962 998 2033 γὰρ
1040 1961 1208 2015 πάλαι
1248 1978 1328 2014 σοι
1362 1960 1450 2014 διὰ
1481 1960 1588 2013 τῶν
1612 1962 1906 2032 προφητῶν

327 2055 767 2125 κατηγγελμένον
791 2053 905 2124 φῶς
939 2053 1046 2106 ἰδοὺ
1081 2052 1176 2106 νῦν
1208 2052 1450 2125 ἐλήλυθε.
1487 2052 1577 2106 Διὸ
1610 2052 1687 2124 μὴ
1726 2052 1906 2122 μέλλε,

328 2149 564 2219 φωτίζου
595 2148 672 2213 δὲ,
706 2145 961 2216 φωτίζον,
1000 2146 1093 2199 καὶ
1123 2145 1222 2216 τῆς
1243 2146 1464 2218 χάριτος
1496 2145 1904 2216 μεταλάμϐανε·

331 2240 443 2293 ἔστι
485 2240 595 2309 γάρ
620 2255 702 2291 σοι
733 2235 1064 2307 φωτισθείσῃ
1094 2236 1217 2289 τάδε
1252 2237 1344 2289 καὶ
1371 2234 1516 2289 τάδε.

407 2350 424 2383 ι
460 2331 589 2384 Ἰδοὺ
608 2330 813 2392 ’σκότος
858 2326 1085 2396 καλύψει
1139 2328 1241 2399 γῆν
1276 2328 1368 2382 καὶ
1404 2329 1595 2397 γνόφος
1643 2330 1728 2382 ἐπ’
1758 2327 1906 2400 ἔθνη.

343 2424 465 2476 Ἐπὶ
496 2422 553 2474 δὲ
590 2422 647 2474 σὲ
680 2422 977 2492 φανήσεται
1016 2419 1237 2491 Κύριος,
1272 2420 1367 2474 καὶ⁹
1403 2424 1436 2492 ἡ
1468 2421 1591 2488 δόξα
1625 2420 1789 2474 αὐτοῦ
1820 2422 1912 2472 ἐπὶ

332 2514 390 2566 σὲ
418 2512 735 2582 ὀφθήσεται.
770 2532 788 2563 ι
832 2514 919 2578 Ὠς
953 2512 1095 2567 κατά
1117 2513 1216 2583 τὴν
1248 2512 1467 2583 πρώτην
1496 2514 1792 2584 παρουσίαν
1818 2513 1910 2568 τοῦ

332 2605 583 2677 Σωτῆρος
616 2602 771 2675 ἡμῶν
801 2604 1058 2658 δύνασθαι
1090 2603 1263 2657 ταῦτα
1292 2603 1627 2674 πληροῦσθαι
1659 2623 1671 2635 ’
1707 2605 1767 2658 ού
1805 2607 1912 2678 μὴν

333 2697 469 2750 ἀλλά
518 2698 611 2752 καὶ
646 2697 786 2750 κατά
817 2698 916 2769 τὴν
944 2697 1198 2766 δευτέραν
1242 2697 1335 2751 καί¹
1358 2696 1564 2764 ἔνδοξον
1590 2698 1753 2751 αὐτοῦ
1792 2698 1911 2752 θεο-

332 2789 558 2862 φάνειαν
584 2790 769 2854 τέλους
794 2789 933 2843 αύτά
960 2789 1261 2854 τεύξεσθαι.

409 2882 559 2936 «Καὶ
594 2881 948 2955 πορεύσονται
988 2880 1223 2951 βασιλεῖς
1265 2883 1321 2933 ἐν
1363 2880 1439 2951 τῷ
1481 2882 1618 2949 φωτί
1666 2898 1779 2946 σου,
1820 2883 1913 2935 καὶ

333 2975 464 3044 ἔθνη
487 2977 549 3044 τῇ
581 2973 923 3045 λαμπρότητι
958 2991 1074 3028 σου.
1098 2992 1116 3021 ι
1155 2974 1228 3026 Ού
1250 2972 1358 3044 γὰρ
1381 2974 1469 3026 ἐπὶ
1496 2973 1699 3037 πάντας
1730 2975 1915 3026 ἀνατε-

332 3066 466 3130 λεῖς,
503 3066 615 3119 ἀλλ’
654 3065 747 3117 ἐπὶ
782 3064 973 3135 μόνους
1000 3064 1126 3127 τοὺς
1165 3064 1366 3129 ἀξίους.
1391 3064 1535 3141 Τοὺς
1564 3064 1672 3138 γάρ
1699 3064 1775 3136 μὴ
1805 3082 1914 3118 τοι·

2010 564 2027 595 ι
2051 544 2254 600 Caelum
2296 555 2350 599 et
2389 557 2531 600 terra
2567 547 2888 610 transibunt,
2926 544 3085 600 verba
3118 555 3298 599 autem
3326 558 3441 597 mea
3470 559 3576 599 non

2014 638 2313 692 transibunt
2341 638 2402 691 ίθ.
2428 658 2447 689 ι

2599 859 2824 915 CAPUT
2868 857 2977 912 LX.

2074 952 2235 1007 Vens.
2256 956 2304 1007 l.
2344 973 2360 1004 ι
2383 953 2711 1021 llluminare,
2735 952 3060 1015 illuminare,
3081 949 3401 1015 Jerusalem,
3431 950 3582 1005 venit

2003 1050 2143 1101 enim
2191 1049 2365 1101 lumen
2416 1057 2583 1113 tuum,
2615 1057 2668 1100 et
2707 1047 2877 1114 gloria
2914 1044 3126 1098 Domini
3170 1058 3331 1111 super
3380 1052 3431 1096 te
3462 1052 3579 1096 orta

2002 1150 2108 1193 est.
2140 1159 2157 1190 ι
2198 1139 2461 1206 Quoniam
2489 1154 2618 1210 ergo
2648 1139 2760 1209 ipse
2791 1139 3043 1194 Christus
3075 1146 3192 1192 erat
3234 1137 3320 1189 lux
3347 1146 3402 1191 et
3440 1133 3584 1189 veri-

2008 1242 2086 1289 tas
2114 1244 2168 1287 et
2201 1234 2329 1298 vita,
2379 1216 2469 1286 lux
2498 1233 2705 1286 scilicet
2743 1234 2810 1285 iis
2830 1232 2922 1301 qui
2962 1232 3010 1283 in
3046 1231 3243 1284 mundo
3276 1240 3419 1289 sunt.
3464 1227 3583 1297 ejus

2004 1325 2285 1394 prazsentia
2317 1324 2597 1377 fruiturum
2626 1323 2924 1379 Jerusalem
2961 1324 3155 1377 merito
3186 1321 3585 1391 pws-nuntiabat

2008 1419 2090 1473 his
2122 1418 2318 1479 verbis,
2351 1436 2370 1467 ι
2404 1416 2708 1471 Illuminare
2729 1456 2744 1481 ,
2782 1418 3108 1478 illuminare,
3135 1414 3459 1479 Jerusalem,
3491 1430 3582 1469 ve-

2004 1511 2083 1562 nit
2114 1510 2261 1563 enim
2296 1509 2383 1562 lux
2412 1521 2520 1562 tua.
2562 1528 2579 1560 ι
2614 1508 2742 1578 Ejus
2773 1521 2952 1564 autem
2981 1524 3099 1564 esse
3126 1508 3298 1564 lucem
3334 1509 3429 1572 ait,
3457 1508 3584 1577 quia

2010 1602 2111 1669 ipsi
2158 1601 2362 1654 venturi
2390 1600 2588 1655 Christi
2621 1602 3041 1671 pollicitationes
3079 1618 3106 1655 a
3143 1603 3421 1670 prephelis
3451 1617 3583 1672 pras-

2006 1692 2196 1745 dicatm
2222 1700 2363 1743 sunt.
2394 1689 2449 1743 Si
2482 1689 2641 1760 igitur
2672 1702 2939 1758 prrecepto
2975 1693 3262 1762 morigera,
3298 1692 3431 1745 lucis
3455 1706 3583 1745 con-

2008 1799 2124 1837 sors
2157 1783 2361 1848 fuisset,
2399 1781 2667 1835 Christum
2697 1782 2789 1836 Dei
2820 1784 3183 1852 suscipiendo,
3222 1800 3392 1854 usque
3434 1784 3486 1837 in
3516 1784 3581 1836 ﬁ—

2013 1895 2130 1933 nem
2154 1878 2339 1944 utique
2363 1877 2413 1929 in
2437 1891 2567 1947 pace
2594 1877 2901 1931 mansisset.
2925 1875 3134 1930 Etenim
3158 1890 3283 1931 ecce
3300 1875 3413 1943 jam
3438 1876 3586 1929 venit

2008 1970 2099 2025 lux
2149 1970 2259 2034 illa,
2284 1969 2415 2023 olim
2457 1968 2550 2023 tibi
2593 1985 2688 2039 per
2719 1969 3012 2038 prophetas
3037 1968 3370 2021 annuntiata.
3407 1966 3584 2033 Quare

2009 2079 2075 2118 ne
2103 2062 2394 2126 cunctcris,
2439 2063 2535 2118 sed
2579 2062 2904 2127 illuminare,
2937 2060 3279 2127 illuminare,
3312 2068 3365 2114 et
3396 2059 3585 2129 gratia:

2011 2158 2279 2225 particeps
2304 2163 2455 2223 esto;
2483 2155 2573 2209 tibi
2605 2156 2749 2210 enim
2789 2153 3105 2210 illuminatae
3138 2154 3254 2208 hare
3281 2162 3335 2208 et
3372 2152 3461 2207 illa
3489 2151 3583 2207 ad—

2009 2254 2190 2299 erunt.

2082 2335 2247 2392 Vens.
2278 2336 2334 2389 9..
2372 2355 2390 2387 ι
2424 2336 2562 2391 Ecce
2600 2337 2832 2391 tenebrae
2875 2334 3122 2404 operient
3154 2320 3376 2400 terram,
3407 2342 3460 2389 et
3495 2349 3585 2388 ca-

2012 2430 2120 2498 ligo
2156 2443 2317 2498 super
2351 2436 2561 2498 gentes.
2598 2426 2771 2498 Super
2796 2436 2849 2481 te
2882 2436 3059 2479 autem
3090 2427 3371 2495 apparebit
3404 2424 3584 2479 Domi-

2013 2534 2134 2582 nus,
2169 2527 2224 2570 et
2270 2518 2437 2587 gloria
2469 2516 2586 2582 eius
2626 2517 2676 2569 in
2712 2526 2763 2569 te
2810 2515 3098 2569 videbitur.
3136 2533 3153 2566 ι
3195 2516 3324 2581 Quze
3367 2529 3498 2568 sane
3531 2514 3583 2566 in

2012 2610 2186 2679 primo
2218 2608 2510 2663 Salvatoris
2528 2608 2757 2661 adventu
2783 2606 3041 2661 accidisse
3063 2614 3315 2673 possunt;
3335 2620 3399 2658 ac
3421 2604 3583 2659 etiam

2014 2704 2065 2755 in
2097 2701 2332 2756 secunda
2374 2709 2430 2753 et
2461 2699 2692 2769 gloriosa
2729 2698 3014 2767 divinaque
3042 2698 3157 2768 ejus
3197 2700 3480 2765 pratsentia
3524 2696 3586 2749 li-

2014 2808 2136 2845 nem
2171 2791 2430 2860 conscqui
2462 2787 2737 2845 valebunt.

2084 2882 2248 2937 Vsus.
2281 2882 2331 2937 5.
2358 2900 2377 2933 ι
2400 2882 2464 2936 Ει
2487 2879 2835 2936 ambulabunt
2872 2894 3023 2949 reges
3054 2879 3105 2932 in
3133 2878 3336 2933 lumine
3378 2887 3489 2939 tuo,
3531 2888 3586 2931 et

2013 2984 2198 3043 gentes
2215 2976 2264 3027 in
2280 2973 2567 3041 splendore
2583 2981 2691 3026 tuo.
2708 2970 2847 3025 »Νοιι
2864 2970 3115 3025 omnibus
3129 2972 3293 3033 enim,
3306 2970 3397 3026 sed
3411 2970 3585 3040 dignis

2015 3074 2219 3119 tantum
2269 3064 2482 3120 orieris.
2519 3060 2771 3133 lndignos
2802 3064 2998 3134 quippe
3034 3066 3264 3119 tenebrae
3289 3064 3587 3119 exteriores

333 3157 525 3220 ούτους
551 3155 870 3227 διαλήψεται
895 3156 955 3208 τὸ
989 3154 1249 3227 ἐξώτερον
1284 3157 1471 3220 σκότος
1498 3156 1594 3210 καὶ
1632 3157 1694 3209 τὸ
1722 3157 1832 3229 πῦρ
1853 3156 1912 3211 τδ

2016 3170 2069 3213 et
2095 3159 2232 3227 ignis
2262 3169 2499 3213 aeternus
2548 3156 2837 3226 excipient,
2872 3172 3080 3212 necnon
3109 3157 3213 3211 alia
3250 3158 3429 3211 omnia
3469 3171 3586 3227 quae

334 3249 570 3315 αἰώνιον,
599 3249 693 3303 καὶ
710 3250 810 3302 ὅσα
833 3248 965 3303 ἀλλα
989 3251 1098 3312 τοῖς
1130 3248 1378 3302 ἀσεϐέσιν
1408 3249 1716 3322 ἠπείληται.
1744 3252 1831 3305 Δεῖ
1855 3250 1913 3304 δὲ

333 3342 598 3414 πρότερον
637 3341 813 3410 φωτὸς
851 3341 944 3394 καὶ
993 3340 1255 3411 ἀνατολῆς
1283 3344 1396 3405 τοῖς
1440 3342 1720 3412 μέλλουσιν
1749 3344 1911 3397 αὐτοῦ

333 3435 558 3503 δψεσθαι
591 3436 689 3506 τὴν
717 3434 870 3499 δόξαν
892 3452 903 3464 ·
940 3434 1111 3496 ὅπως,
1140 3434 1196 3484 ὲν
1219 3433 1400 3505 ἡμέρᾳ
1426 3434 1605 3488 θεῖκοῦ
1634 3436 1808 3505 φωτὸς
1831 3454 1916 3505 γει-

335 3528 571 3598 νόμενοι,
627 3526 821 3599 θεωροὶ
847 3527 944 3597 τῆς
986 3524 1142 3596 δόξης
1164 3523 1257 3579 τοῦ
1293 3526 1615 3597 μονογενοῦς
1657 3526 1785 3581 Υἰοῦ
1819 3526 1912 3581 τοῦ

334 3619 472 3671 Θεοῦ
507 3618 869 3672 καταστῶσιν.

414 3705 611 3780 «Ἀρον
635 3709 817 3780 κύκλῳ
845 3711 970 3774 τοὺς
997 3709 1307 3781 ὀφθαλμούς
1340 3727 1455 3774 σου,
1488 3711 1581 3765 καὶ
1614 3710 1689 3764 ίδε
1719 3729 1916 3784 συνηγ-

337 3801 477 3872 μένα
504 3801 571 3853 τά
596 3802 758 3855 τέκνα
788 3818 900 3855 σου.
934 3821 953 3853 ι
990 3802 1079 3855 Διὸ
1108 3801 1306 3865 πάντες
1343 3803 1392 3855 οί
1420 3801 1480 3866 ἐξ
1512 3801 1680 3855 ἐθνῶν
1711 3805 1790 3867 εἰς
1821 3804 1915 3856 τὸν

332 3892 470 3946 Θεὸν
499 3891 588 3945 διὰ
623 3892 718 3945 ’τοῦ
752 3892 991 3963 Χριστοῦ
1030 3892 1455 3956 πεπιστευκότες
1495 3892 1820 3962 ἐπαγγελίαν
1842 3896 1917 3947 εἰ-

331 3984 573 4053 λήφασιν
619 3984 991 4038 ἀναπαύεσθαι
1027 3986 1106 4047 εἰς
1144 3985 1376 4047 κόλπους
1421 3984 1667 4055 Ἀϐραὰμ
1718 3987 1812 4038 καὶ
1846 3987 1915 4038 Ἰ-

333 4073 484 4127 σαάκ
512 4074 605 4127 xci.
642 4073 853 4139 Ἰακὼϐ,
888 4074 1043 4127 τοῦτο
1068 4073 1163 4127 τοῦ
1197 4074 1447 4145 Σωτῆρος
1480 4073 1644 4126 αὑτοῦ
1678 4073 1917 4139 διδάξαν-

332 4183 447 4229 τος.
482 4166 591 4218 Καὶ
612 4166 671 4218 ἐν
691 4165 897 4236 ἑτέροις
924 4165 980 4218 δὲ
1013 4165 1250 4218 πλείοσιν
1277 4166 1310 4235 ἡ
1337 4163 1396 4230 ἐξ
1418 4162 1587 4217 ἐθνῶν
1624 4164 1917 4236 Ἐκκλησία

333 4257 585 4327 θυγάτηρ
634 4257 993 4327 ἀνηγόρευται
1033 4256 1170 4311 Σιὼν
1216 4257 1309 4311 κα)⁵
1356 4256 1600 4328 θυγάτηρ
1651 4257 1918 4327 Ἰερουσα-

334 4348 471 4419 λήμ.
496 4350 732 4402 «Ἥκασι
763 4348 960 4413 πάντες
983 4351 1031 4402 οἱ
1062 4349 1166 4402 υίοί
1193 4366 1286 4403 σου
1321 4348 1611 4419 μακρόθεν,
1628 4349 1723 4402 καὶ
1740 4349 1794 4401 αἰ
1821 4348 1915 4401 θυι

337 4440 570 4510 γατὲρες
594 4455 686 4492 σου
716 4442 803 4493 ἐπ’
838 4439 1002 4511 ὤμων
1030 4440 1374 4511 ἀρθήσονται.
1404 4460 1422 4492 ι
1447 4436 1521 4492 Ἦ
1530 4457 1627 4510 μεν
1654 4440 1760 4511 γὰρ
1787 4440 1917 4511 πόρ-

2016 3251 2195 3319 impiis
2229 3251 2585 3304 comminatus
2611 3248 2867 3304 Dominus
2900 3257 3000 3303 est.
3046 3247 3176 3302 Nam
3222 3250 3313 3317 qui
3360 3249 3586 3318 gloriam

2014 3342 2130 3410 ejus
2162 3343 2325 3397 visuri
2356 3352 2503 3409 sunt,
2542 3342 2657 3396 luce
2683 3342 2913 3412 primum
2943 3350 3006 3395 et
3020 3349 3138 3394 ortu
3167 3340 3281 3407 ejus
3319 3356 3456 3410 Opus
3486 3341 3588 3395 ha-

2014 3436 2174 3501 bent,
2204 3444 2261 3489 ut
2309 3434 2363 3489 in
2396 3435 2483 3488 die
2534 3433 2727 3488 divinae
2771 3431 2927 3497 lucis,
2954 3432 3136 3502 gloriae
3169 3433 3429 3502 unigeniti
3463 3432 3586 3489 Filii

2015 3528 2107 3585 Dei
2134 3527 2498 3597 speculatores
2526 3538 2648 3580 esse
2681 3523 2914 3578 valeant.

2087 3710 2249 3765 Vens.
2283 3708 2336 3763 4.
2377 3726 2396 3760 ι
2447 3707 2586 3761 Leva
2627 3706 2679 3759 in
2716 3694 2947 3761 circuitu
2975 3702 3162 3758 oculos
3189 3712 3329 3767 tuos,
3364 3711 3417 3757 et
3466 3703 3587 3758 vide

2016 3813 2371 3874 congregatos
2410 3801 2548 3856 filios
2586 3809 2727 3854 tuos.
2767 3817 2786 3850 ι
2830 3796 3190 3865 Quamobrem
3226 3805 3490 3865 quotquot
3520 3811 3586 3850 ex

2016 3897 2263 3968 gentibus
2289 3893 2491 3951 Christi
2511 3906 2674 3963 opera
2702 3892 2755 3946 in
2783 3891 2948 3945 Deum
2971 3889 3336 3952 crediderunt,
3361 3889 3588 3958 promis-

2016 3989 2223 4043 sionem
2276 4000 2554 4057 accepere,
2594 3984 2735 4055 quod
2770 3984 2821 4038 in
2870 3984 2990 4038 sinu
3037 3982 3290 4049 Abrahae,
3325 3982 3489 4038 lsaaci
3534 3992 3589 4037 et

2014 4079 2200 4135 Jacobi
2223 4080 2462 4148 requiem
2505 4077 2741 4133 habituri
2778 4075 2884 4130 sint
2917 4076 3010 4129 :id
3033 4076 3150 4145 ipso
3175 4076 3464 4131 Servatore
3493 4073 3591 4129 do-

2017 4182 2191 4226 cente.
2222 4171 2355 4225 Aliis
2385 4160 2513 4225 item
2563 4170 2614 4223 in
2646 4169 2779 4224 locis
2821 4168 3063 4224 Ecclesia
3107 4184 3171 4223 ex
3206 4170 3451 4239 gentibus
3479 4167 3587 4220 filia

2019 4263 2147 4319 Sion
2177 4273 2231 4319 et
2263 4263 2369 4317 ﬁlia
2420 4260 2714 4318 Jerusalem
2763 4270 3005 4316 vocatur.
3040 4280 3060 4312 ‹
3095 4261 3367 4316 Venerunt
3395 4274 3587 4314 omnes

2020 4357 2110 4411 filii
2160 4357 2232 4411 tui
2270 4357 2336 4411 de
2374 4356 2530 4423 longe
2553 4395 2568 4419 ,
2608 4365 2663 4408 et
2701 4352 2821 4406 filia:
2860 4362 2964 4407 ture
3001 4353 3243 4408 humeris
3299 4350 3588 4422 gestahun-

2019 4457 2125 4502 tur.
2169 4466 2188 4499 ι
2230 4447 2455 4501 Eramns
2478 4447 2675 4517 quippe
2699 4444 2869 4516 longe.
2892 4455 2945 4500 et
2972 4426 3157 4514 procul
3187 4442 3344 4512 positi
3378 4457 3407 4495 a
3431 4456 3586 4512 repu-

338 4534 422 4602 ρω
458 4548 561 4584 που
600 4532 691 4584 καὶ
740 4530 953 4603 μακρὰν
991 4531 1091 4601 τῆς
1128 4530 1400 4596 πολιτείας
1444 4531 1537 4585 τοῦ
1581 4531 1795 4604 Ἰσραὴλ
1825 4534 1912 4585 καί

2025 4540 2161 4595 blica
2182 4539 2411 4602 lsraelis,
2449 4552 2514 4594 ac
2534 4538 2698 4606 iustis
2729 4536 2999 4602 extranei,
3028 4551 3178 4607 spem
3218 4534 3592 4605 promissionis

340 4625 482 4688 ξένοι
503 4624 611 4677 τῶν
640 4624 884 4688 δικαίων,
928 4627 1028 4695 τῆς
1071 4626 1399 4693 ἐπαγγελίας
1428 4624 1619 4677 ἐλπίδα
1666 4625 1739 4697 μὴ
1768 4624 1916 4695 ἕχον-

336 4734 454 4780 τες,
486 4718 581 4770 καὶ
612 4716 759 4770 ἄθεοι
787 4718 844 4769 ἐν
880 4716 955 4787 τῷ
984 4717 1192 4788 κόσμῳ.
1229 4717 1298 4769 Αἵ
1312 4734 1372 4770 τε
1400 4716 1511 4788 γὰρ
1538 4716 1739 4770 ἀπαλαί
1763 4713 1917 4770 οὖσαι

338 4808 512 4878 ψυχαὶ
546 4810 641 4861 καὶ
685 4808 763 4861 ἔτι
794 4810 1004 4881 νήπιαι,
1040 4808 1116 4872 ὼς
1149 4808 1479 4880 ἀρτιγένητα
1522 4805 1716 4879 βρέφη,
1742 4808 1805 4860 τὸ
1832 4808 1919 4860 λο-

341 4900 497 4969 γικδν
517 4902 611 4954 καὶ
632 4901 813 4954 ἄδολον
835 4900 976 4969 γάλα
1008 4899 1323 4953 ἐπιποθοῦσι
1340 4916 1354 4929 ο
1383 4899 1473 4953 διά
1493 4917 1551 4952 τε
1577 4899 1675 4970 τῆς
1704 4901 1761 4951 ἐν
1787 4898 1919 4970 Χρι-

344 4991 457 5063 στῷ
495 4992 905 5062 ἀναγεννήσεως
934 4991 1223 5061 γενόμεναι
1274 4989 1438 5045 τέκνα
1491 4988 1586 5041 τοῦ
1650 4987 1916 5058 Ἀϐραὰμ,

341 5082 810 5147 ὑποὸαστάζονται
850 5085 934 5135 ἐπ’
967 5081 1154 5152 ῶμων,
1179 5082 1460 5151 αἰρόμεναι
1494 5080 1588 5133 καὶ
1625 5080 1921 5147 ύποκουφι-

339 5179 570 5246 ξάμεναι
601 5175 705 5229 ὑπὸ
720 5174 825 5228 τῶν
858 5173 1335 5245 χειραγωγούντων
1358 5172 1525 5234 αύτάς
1557 5169 1919 5223 διδασκάλων·

338 5266 454 5335 οἷος
487 5266 558 5340 ἦν
588 5271 619 5323 ὁ
646 5268 853 5332 Παῦλος
884 5268 1058 5335 λέγων
1080 5282 1096 5296 ο
1135 5284 1153 5315 ι
1175 5265 1262 5328 Ὠς
1292 5264 1357 5318 ἂν
1396 5264 1594 5336 τροφὸς
1640 5262 1820 5334 θάλπῃ
1857 5262 1925 5317 τά

340 5363 553 5431 ἑαυτῆς
569 5362 755 5427 τέκνα,
772 5359 944 5424 οὕτως
962 5357 1293 5429 ἰμειρόμενοι
1314 5357 1486 5426 ὑμῶν,
1511 5375 1530 5407 ι
1551 5353 1732 5409 καὶτὰ
1747 5353 1893 5425 ἑξῆς.

422 5475 442 5506 ι
470 5455 607 5507 Τότε
647 5454 774 5525 ὄψῃ,
810 5453 903 5506 καὶ
939 5450 1244 5523 φοϐηθήσῃ,
1276 5451 1369 5503 καὶ
1398 5451 1637 5523 ἐκστήσῃ
1676 5452 1741 5520 τῇ
1792 5466 1925 5521 καρ-

346 5548 459 5620 δία,
507 5548 590 5601 ὃτι
632 5545 922 5617 μεταϐαλεῖ
954 5548 1033 5608 είς
1090 5545 1151 5595 σέ
1199 5542 1425 5606 πλοῦτος
1476 5542 1769 5613 θαλάσσης,
1832 5542 1926 5597 καὶ

430 5775 475 5806 ⁸⁸
501 5774 689 5829 Matth.
715 5785 863 5835 xxrv,
900 5770 987 5825 55.
1085 5772 1124 5801 ⁸⁷
1152 5770 1168 5824 l
1210 5770 1400 5824 Thess.
1444 5783 1507 5831 tt,
1536 5768 1593 5824 7.

764 5866 1028 5923 PATROL.
1080 5864 1195 5923 Gn.
1245 5862 1448 5922 XXIV

2022 4644 2125 4683 non
2172 4628 2455 4691 habentes,
2486 4637 2649 4698 atque
2696 4629 2844 4699 impii
2877 4630 2928 4683 in
2974 4628 3175 4684 mundo
3213 4625 3591 4679 versabamur.

2020 4720 2154 4774 Nam
2185 4728 2383 4774 tenera:
2413 4729 2467 4774 et
2494 4720 2669 4774 adhuc
2704 4720 2940 4774 infantes
2960 4718 3173 4782 animae,
3199 4716 3354 4786 quasi
3379 4713 3594 4783 pueruli

2024 4811 2183 4865 modo
2208 4810 2396 4881 geniti,
2447 4811 2773 4881 rationabile
2801 4822 2856 4866 et
2888 4812 3006 4865 sine
3044 4812 3170 4864 dolo
3203 4809 3285 4863 lac
3330 4805 3595 4874 concupi-

2024 4908 2181 4952 scunt
2206 4914 2220 4951 :
2244 4903 2306 4951 ac
2322 4912 2415 4968 per
2428 4900 2886 4969 regenerationem
2906 4900 2957 4955 in
2981 4898 3217 4961 Christo,
3247 4897 3340 4952 lilii
3363 4894 3596 4951 Abrahae

2022 4989 2260 5054 effectae,
2297 4990 2539 5046 humeris
2598 5000 2881 5060 gestantur.
2917 5006 2947 5045 a
2989 4990 3259 5060 magistris
3304 4988 3450 5051 suis,
3492 4987 3595 5039 vias

2029 5082 2276 5145 ducibus,
2306 5081 2529 5136 sublatae
2556 5093 2717 5153 atque
2742 5090 3077 5149 sustentata,
3096 5081 3271 5152 qualis
3298 5088 3418 5134 erat
3450 5076 3591 5131 Pau-

2030 5173 2132 5237 lus,
2157 5171 2247 5242 qui
2274 5172 2368 5237 ait,
2401 5190 2419 5224 ι
2444 5172 2718 5243 Tanquam
2752 5173 2796 5227 si
2832 5173 3013 5228 nutrix
3052 5172 3229 5226 foveat
3259 5169 3398 5225 filios
3429 5182 3589 5234 suos,

2032 5263 2107 5318 ita
2134 5261 2588 5332 desiderantes”,
2620 5282 2639 5315 ι
2681 5274 2788 5319 etc.

2100 5446 2267 5505 Vens.
2296 5448 2350 5505 5.
2397 5468 2415 5501 ι
2457 5449 2609 5505 Tunc
2654 5448 2880 5513 videbis,
2925 5456 2979 5503 et
3032 5446 3269 5513 timebis,
3309 5456 3364 5502 et
3408 5448 3596 5501 obstu-

2032 5555 2221 5611 pesces
2249 5542 2431 5609 corde,
2485 5542 2611 5612 quia
2638 5539 3036 5598 transferentur
3063 5543 3114 5598 in
3157 5552 3208 5599 te
3239 5540 3442 5598 divitiae
3476 5556 3599 5597 ma-

3205 5864 3278 5923 18
