4088 6198
525 346 628 403 £91

1194 335 1459 395 EUSEBII
1490 333 1974 394 CESARlENSlS
2010 331 2162 387 OPP.
2202 329 2380 401 PARS
2412 327 2504 385 ιιι.
2544 357 2611 371 α·-
2650 323 3058 382 EREGETICA.

3653 316 3758 373 492
3768 348 3773 351 »

530 467 627 530 ris,
653 469 706 517 et
726 459 962 531 gentium
985 464 1039 513 et
1068 431 1409 526 populorum.
1431 475 1450 507 ι
1474 454 1570 509 Hic
1598 466 1812 523 quoque
1839 452 2095 507 observes

2214 447 2366 502 εθνῶν
2392 448 2485 499 καὶ
2512 431 2676 497 λαῶν.
2703 464 2721 497 ι
2777 443 2885 496 Kal
2925 439 3155 495 ἐνταῦθα
3197 438 3253 492 δὲ
3295 437 3448 508 τήρει
3480 434 3624 497 ὅπως
3649 432 3759 504 τὴν

526 557 712 618 velim,
752 568 859 622 quo
882 558 1048 621 pacto
1078 546 1477 601 multitudinem
1520 545 1791 613 ingentem
1826 541 1969 595 illam
2003 554 2095 595 eo-

530 662 674 712 rum,
721 643 811 714 qui
870 640 1095 695 salutem
1150 645 1572 707 consequuntur,
1627 633 1795 688 maris
1847 631 2095 686 ﬂuctibus

530 743 825 808 comparet.
862 731 1141 787 Fortitudo
1174 740 1352 785 autem
1383 728 1620 798 gentium
1655 726 1688 780 ii
1744 725 1964 789 fuerint,
2002 723 2094 793 qui

532 832 687 886 bonis
712 826 969 898 operibus
1013 824 1201 890 dediti,
1251 840 1281 876 ιι
1333 819 1629 893 spiritualis
1661 819 1785 873 vita;
1832 832 1996 872 cursu
2043 823 2100 871 et

534 934 719 977 tenore
750 935 853 975 non
888 918 1165 973 deﬁciunt.

574 1004 763 1060 ’Vens.
795 1002 927 1071 6,7.
962 1023 981 1056 ι
1027 1002 1093 1057 Ει
1118 1002 1342 1057 venient
1385 999 1481 1055 tibi
1516 1010 1706 1068 greges
1745 993 2097 1056 camelorum,

530 1108 586 1154 et
610 1098 861 1169 operient
884 1106 935 1152 te
980 1095 1169 1151 cameli
1192 1094 1433 1149 Madiam
1459 1102 1514 1149 et
1541 1092 1779 1161 Gephar.
1805 1088 2003 1145 Omnes
2034 1087 2100 1141 de

532 1190 673 1245 Saba
715 1191 955 1253 venient,
999 1187 1234 1241 ferentes
1290 1199 1503 1251 aurum,
1544 1190 1599 1237 et
1638 1183 1762 1236 thus
1817 1180 2011 1241 ferent,
2044 1184 2099 1231 et

530 1281 782 1337 Salutare
818 1277 1028 1333 Domini
1062 1275 1472 1331 annuntiabunt.
1507 1274 1573 1330 Et
1617 1285 1807 1328 omnes
1840 1285 1969 1325 oves
1998 1266 2100 1323 Ce-

440 1374 443 1377 ’
533 1372 635 1427 dar
658 1369 1149 1440 congregabuntur,
1173 1374 1228 1421 et
1264 1363 1755 1420 arietes'Nahaioth
1778 1361 2016 1423 venient,
2047 1365 2101 1412 et

533 1463 830 1519 oﬁ‘erentur
850 1458 1199 1530 acccptabilia
1218 1472 1379 1528 super
1399 1455 1569 1510 altare
1592 1470 1794 1510 meum.
1818 1473 1836 1505 ι
1856 1451 1950 1507 His
1973 1450 2101 1507 sub-

533 1554 762 1610 indicari
797 1560 927 1622 puto
963 1564 1056 1606 eos
1083 1548 1174 1617 qui
1207 1547 1260 1602 in
1289 1546 1540 1601 Ecclesia
1586 1544 1780 1614 Opibus
1810 1551 1863 1597 et
1900 1539 2101 1595 divitiis

534 1646 755 1701 aﬂluunt
786 1663 799 1699 :
833 1645 910 1700 sic
932 1645 1075 1700 enim
1110 1641 1363 1697 Salvator
1394 1638 1615 1695 divitem
1655 1636 1861 1691 camelo
1884 1646 2101 1703 compa-

528 1754 659 1794 rans
688 1739 919 1804 dicebat,
954 1734 1043 1790 «LF
1048 1735 1238 1791 acilius
1290 1741 1375 1787 est
1410 1733 1674 1786 camelum
1724 1742 1822 1799 per
1857 1727 2099 1780 foramen

2196 536 2394 608 πολλὴν
2432 534 2797 606 πολυπληθίαν
2840 532 2947 586 τῶν
2983 529 3305 601 σωζομένων
3340 524 3531 598 πλήθει
3568 521 3763 576 θαλάσ-

2199 647 2297 702 σης
2323 627 2612 682 ἀπείκασε.
2661 624 2897 695 Δύναμις
2923 623 2979 676 δὲ
3016 621 3119 675 τῶν
3146 620 3315 674 ἐθνῶν
3340 620 3389 672 οί
3437 614 3763 689 κατορθοῦν-

2196 741 2288 787 τες
2317 720 2424 775 εἶεν
2459 720 2523 775 ἂν
2554 719 2676 792 μηδ’
2706 716 3156 789 ἐξασθενήσαντες
3191 713 3325 785 πρὸς
3362 712 3454 764 τὸν
3488 710 3642 767 τόνον
3671 707 3765 761 τοῦ

2203 814 2398 887 νοητοῦ
2435 814 2572 886 βίου.

2274 1009 2293 1042 ι
2316 988 2428 1043 Kal
2453 986 2642 1057 ἥξουσί
2670 1002 2750 1038 σοι
2790 982 2980 1052 ἀγέλαι
3017 978 3296 1052 καμήλων,
3340 976 3432 1031 καὶ
3473 973 3770 1057 καλύψουσί

2201 1094 2260 1134 σε
2298 1043 2531 1151 κάμηλοι
2570 1076 2795 1147 Μαδιὰμ
2837 1043 2929 1128 καὶ
2954 1043 3167 1144 Γεφὸίρξ
3186 1071 3393 1133 Πάντες
3436 1070 3500 1121 ἐκ
3529 1043 3675 1122 Σάϐα
3703 1043 3771 1137 ῆι·
3817 1100 3821 1103 λ

2200 1173 2370 1240 ξουσι,
2394 1171 2649 1243 φέροντες
2677 1166 2917 1240 χρυσίον,
2955 1166 3049 1219 καὶ
3090 1162 3304 1216 λίϐανον
3332 1160 3553 1226 οἴσουσι,
3590 1160 3681 1212 καὶ
3712 1159 3774 1211 τὸ

2201 1264 2478 1333 Σωτήριον
2501 1260 2707 1331 Κυρίου
2736 1255 3192 1326 εὐαγγελιοῦνται.
3210 1253 3321 1306 Kal
3344 1254 3518 1307 πάντα
3547 1250 3617 1304 τὰ
3642 1244 3777 1322 πρό-

2200 1353 2340 1407 ϐατα
2362 1348 2551 1423 Κηδὰρ
2581 1347 3021 1419 συναχθήσονται,
3050 1343 3143 1397 καὶ
3170 1343 3313 1414 κριοὶ
3336 1339 3591 1395 Ναϐαιῶθ
3611 1339 3775 1409 ἥξου-

2202 1459 2276 1505 σι,
2326 1440 2419 1494 καὶ
2467 1438 2885 1508 ἀνενεχθῆσεται
2930 1432 3095 1487 δεκτὰ
3144 1432 3237 1485 ἐπὶ
3282 1431 3343 1484 τὸ
3395 1427 3778 1499 θυσιαστήριόν

2205 1549 2325 1604 μου.
2353 1552 2370 1584 ι
2417 1529 2753 1584 Αίνίττεσθαι
2797 1528 2854 1580 δὲ
2903 1521 3054 1596 οἴμαι
3083 1521 3171 1576 διὰ
3207 1521 3411 1575 τούτων
3457 1520 3581 1603 τοὺς
3629 1519 3777 1589 ἐν’·εῇ

2214 1596 2510 1694 Ἐκκλησία
2569 1619 2833 1691 εὐπόρους
2877 1617 2971 1670 καὶ
3010 1614 3238 1669 πλοῦτον
3284 1596 3777 1683 ’τιεεριρρεῖομένους⁹

2203 1714 2344 1767 οὕτω
2368 1712 2496 1783 γοῦν
2527 1712 2620 1765 καὶ
2649 1712 2677 1764 ὁ
2705 1709 2894 1780 Σωτὴρ
2945 1707 3036 1760 τὸν
3060 1704 3314 1759 πλούσιον
3341 1702 3572 1774 καμήλῳ
3597 1713 3779 1771 παρα-

534 1844 667 1886 acus
690 1828 920 1900 ingredi,
936 1842 1097 1898 quam
1140 1825 1358 1881 divitem
1386 1823 1437 1877 in
1469 1836 1692 1893 regnum
1716 1818 1976 1873 cmlorum
1993 1815 2056 1870 τ’.
2078 1833 2098 1868 ι

2214 1804 2414 1858 ϐάλλων
2441 1803 2644 1871 ἔλεγεν,
2678 1818 2695 1851 ι
2727 1796 3113 1870 Εὐκοπώτερόν
3140 1798 3254 1849 ἐστι
3276 1794 3518 1866 κάμηλον
3532 1793 3619 1847 διὰ
3647 1809 3781 1864 τρυ-

528 1910 805 1978 Caeterum
839 1917 1158 1975 admirabile
1188 1916 1320 1972 illud
1349 1921 1488 1977 erat,
1506 1912 1640 1982 quia
1669 1909 1813 1981 quod
1850 1906 2103 1979 impossi-

532 2016 642 2071 bile
679 2014 1011 2078 homiuibus,
1049 2012 1281 2080 idipsum
1337 2008 1446 2062 Deo
1503 2001 1760 2074 possibile
1812 2010 1915 2056 est.
1962 1998 2105 2065 Qua-

534 2100 1109 2176 pr0pter‘Jerusalem,
1159 2096 1518 2153 admiratione
1561 2106 1739 2162 capta,
1777 2091 1972 2162 gaudio
2016 2104 2106 2144 re—

537 2199 733 2267 pletur,
789 2196 917 2249 dum
968 2191 1176 2248 scilicet
1223 2189 1433 2242 animas
1472 2184 1696 2240 camelis
1742 2190 2103 2253 comparatas,

537 2292 869 2353 immutatas,
910 2294 965 2340 et
996 2282 1151 2354 quasi
1213 2296 1308 2351 per
1358 2278 1599 2343 foramen
1631 2290 1782 2341 acus,
1849 2288 1949 2344 per
2005 2287 2106 2327 an-

538 2388 837 2454 gustam'et
880 2384 1085 2433 arctam
1130 2373 1271 2429 viam
1309 2372 1362 2427 in
1414 2364 1599 2426 vitam'
1630 2377 1888 2424 aeternam
1923 2366 2106 2438 ingre-

538 2474 751 2530 dientes
782 2468 1079 2539 conspicit.
1101 2464 1302 2521 Cameli
1341 2477 1470 2519 vero
1514 2475 1631 2516 non
1689 2458 1845 2514 vacui
1888 2465 1942 2514 et
1988 2458 2108 2513 sine

539 2561 756 2619 sarcina
810 2563 1096 2620 venerunt,
1144 2554 1238 2610 sed
1271 2553 1413 2608 doua
1446 2552 1578 2613 Deo.
1620 2558 1681 2605 ut
1714 2564 1812 2618 par
1840 2558 1943 2614 est,
1976 2540 2110 2602 Olfe-

541 2662 728 2709 rentes
756 2650 824 2705 ad
858 2648 1051 2703 anima:
1080 2660 1193 2702 suae
1224 2642 1674 2713 redemptionem.
1702 2640 1889 2709 Itaque
1913 2637 2110 2695 cameli

540 2741 792 2798 Salutare
812 2736 1022 2793 Domini
1047 2733 1464 2798 aununtiabunt,
1488 2738 1778 2800 postquam
1808 2735 2110 2782 memorata

543 2836 681 2889 dona
713 2829 1039 2894 obtulerint;
1085 2827 1233 2892 thus,
1263 2823 1469 2880 scilicet
1503 2820 1835 2892 spiritualem
1865 2831 2114 2875 suavem-

542 2938 652 2996 que
683 2918 965 2990 theologia
993 2917 1249 2982 odorem;
1297 2928 1489 2968 aurum
1520 2927 1672 2976 vero,
1709 2924 1997 2981 corporeas
2030 2908 2115 2964 ni-

543 3018 746 3074 mirum
784 3028 935 3085 opes.
988 3009 1218 3065 Madiam
1272 3021 1433 3078 porro
1478 3012 1532 3060 et
1576 3004 1814 3074 Gephar,
1864 3003 2115 3073 regiones

2208 1894 2406 1967 μαλιᾶς
2443 1892 2661 1967 ῥαφίδος
2706 1888 2967 1943 εἰσελθεῖν
3004 1888 3037 1960 ἢ
3083 1886 3334 1941 πλούσιον
3384 1888 3463 1949 εἰς
3490 1884 3588 1956 τὴν
3629 1883 3787 1954 βασιρ-

2203 1986 2353 2041 λείαν
2392 1984 2501 2039 τῶν
2532 1982 2796 2057 οὐρανῶν.
2825 2001 2845 2035 ι
2877 1981 3024 2051 Πλὴν
3049 1979 3183 2034 ἀλλὰ
3218 1978 3281 2032 τὸ
3309 1977 3495 2048 θαῦμα
3519 1975 3666 2030 τοῦτ’
3688 1972 3785 2048 ἦν,

2203 2080 2285 2134 ὅτι
2309 2079 2369 2133 τὸ
2398 2078 2551 2151 παρὰ
2570 2074 2875 2150 ἀνθρώποις
2901 2074 3179 2137 ἀδύνατον,
3207 2072 3363 2126 τοῦτο
3388 2071 3611 2125 δυνατὸν
3635 2071 3786 2139 γίνε-

2203 2190 2291 2226 ται
2323 2170 2403 2242 τῷ
2424 2168 2562 2240 Θεῷ.
2598 2169 2688 2222 Διὸ
2716 2169 2811 2222 καὶ
2841 2167 3120 2232 ἐξίσταται
3164 2163 3516 2235 Ἰερουσαλὴμ
3559 2163 3645 2217 διὰ
3685 2161 3788 2217 τοῦ

2204 2264 2381 2335 χαρᾶς
2431 2259 2802 2333 πληροῦσθαι·
2860 2258 3129 2329 καμήλοις
3183 2256 3246 2327 δὴ
3295 2255 3792 2335 παραϐεϐλημένας

2202 2334 2381 2423 ψυχὰς
2424 2350 2673 2420 Θεωμένη
2721 2347 3149 2420 μεταϐαλούσας,
3192 2347 3287 2400 καὶ
3318 2334 3620 2417 ῶσπερ’διὰ
3653 2361 3792 2415 τρυ-

2209 2439 2403 2511 μαλιᾶς
2439 2437 2661 2510 ῥαφίδος
2689 2436 2775 2490 διὰ
2797 2437 2899 2507 τῆς
2933 2435 3126 2506 στενῆς
3159 2436 3252 2489 καὶ
3280 2434 3640 2506 τεθλιμμένηζ
3666 2431 3789 2487 ὁδοῦ

2205 2533 2286 2596 ε-ίς
2318 2530 2417 2603 τὴν
2448 2529 2665 2584 αἰώνιον
2713 2528 2857 2599 ζωὴν
2887 2527 3179 2592 εἰσιούσας.
3215 2526 3289 2581 Οὐ
3328 2527 3450 2598 δίχα
3478 2526 3537 2580 δὲ
3568 2525 3790 2597 φορτίου

2207 2621 2503 2696 προσίεσαν
2529 2612 2711 2687 αὗται,
2744 2620 2891 2692 δῶρα
2925 2620 2982 2672 δὲ
3008 2617 3085 2690 τῷ
3122 2617 3240 2689 Θεῷ
3274 2618 3677 2690 προσφέρουσαι
3707 2618 3792 2670 εί-

2207 2716 2381 2779 κότως
2405 2712 2476 2799 τὰ
2499 2711 2671 2785 λύτρα
2699 2712 2799 2783 τῆς
2826 2710 3002 2765 αὐτῶν
3034 2710 3230 2782 ψυχῆς.
3276 2708 3484 2763 Οὐκοῦν
3528 2710 3584 2763 αί
3608 2708 3796 2781 κάμη-

2207 2807 2289 2861 λοι
2335 2806 2398 2859 τὸ
2442 2804 2716 2876 Σωτήρων
2766 2802 2971 2874 Κυρίου
3022 2800 3462 2869 εὐαγγελιοῦνται
3519 2800 3657 2871 μετὰ
3694 2799 3793 2855 τοῦ

2208 2896 2360 2970 δῶρα
2401 2895 2732 2970 προσφέρειν
2778 2893 2848 2947 τὰ
2902 2893 3295 2964 προλεχθέντα·
3345 2892 3562 2947 λίϐανον
3597 2891 3797 2963 δὲτὴν

2209 2988 2309 3059 τῆς
2350 2986 2626 3054 θεολογίας
2655 2982 3031 3055 πνευματικὴν
3065 2982 3311 3047 εὐωδίαν,
3351 2982 3553 3054 χρυσὸν
3591 2981 3648 3035 δέ
3686 2982 3800 3052 τὴν

545 3107 898 3165 barbarorum
930 3110 1071 3166 sunt,
1116 3098 1451 3155 camelorum
1483 3095 1715 3161 feraces,
1762 3093 2112 3164 quemadmo-

2215 3074 2531 3147 σωματικὴν
2565 3072 2847 3145 εὐπορίαν.
2897 3071 2965 3123 Ἦ
2995 3071 3053 3124 δὲ
3096 3070 3322 3141 Μαδιὰμ
3346 3072 3456 3123 fatal
3482 3070 3663 3143 Γεφὰρ
3703 3071 3804 3139 γό-

2383 3163 2645 3195 ..-ηωωι
2676 3161 2776 3195 em
2803 3159 2971 3195 κάτω...
3008 3159 3295 3195 amaras...“
3343 3160 3420 3195 ,τυ-
3439 3160 3527 3195 υηι
3552 3162 3596 3195 ηδ.
3626 3160 3771 3195 φηςι

548 3159 966 3258 Saba,
1016 3159 1456 3262 supra'Arabiam
1489 3189 1615 3253 sita,
1650 3159 1817 3257 penes
1850 3199 1987 3256 quos
2013 3199 2112 3255 po-

2218 3180 2363 3235 νιμοι
2383 3163 2645 3236 καμήλων
2674 3161 2781 3215 εἰσὶ
2803 3159 2977 3233 χῶραι
3007 3159 3316 3233 βαρϐάρων,
3343 3160 3420 3224 ὡς
3439 3160 3532 3213 καὶ
3552 3162 3596 3232 ή
3625 3160 3797 3228 Σαϐὰ,

546 3289 703 3360 pulos
722 3286 1050 3343 camelorum
1079 3298 1250 3355 genus
1287 3281 1490 3351 ingenti
1529 3293 1755 3334 numero
1793 3288 1876 3334 est
1902 3292 1919 3331 :
1945 3290 2114 3347 quare

548 3384 745 3440 horum
772 3378 1015 3448 exemplo
1060 3390 1239 3433 sermo
1268 3374 1459 3429 utitur.
1488 3372 1553 3427 Et
1586 3371 1717 3426 mihi
1749 3385 1882 3427 sane
1905 3371 2118 3426 videtur

549 3474 637 3530 his
653 3472 833 3529 verbis
853 3464 1537 3540 Scripturam,juvenculas
1553 3474 1610 3540 et
1625 3462 2118 3533 infantilescorpo-

551 3579 767 3622 reorum
810 3560 1120 3618 Judaaorum
1150 3573 1309 3615 aures
1363 3538 1585 3612 allicere
1614 3563 1669 3611 et
1707 3553 2030 3619 demulcere,
2060 3560 2120 3608 ut

551 3672 645 3712 eas
676 3653 959 3727 pertrahat
981 3660 1037 3708 et
1069 3651 1317 3706 hortetur
1342 3649 1409 3703 ad
1447 3646 1611 3701 vitam
1638 3644 1784 3700 illam
1815 3653 1872 3700 et
1903 3643 2121 3712 religio—

551 3763 701 3815 nem,
730 3760 847 3818 quae
881 3742 1177 3802 secundum
1203 3740 1373 3796 Deum
1410 3746 1515 3804 est,
1544 3744 1756 3791 mature
1805 3733 2117 3791 iucundam.

629 3932 648 3966 ι
674 3912 741 3967 Ει
763 3903 953 3967 omnes
976 3921 1107 3964 oves
1132 3905 1324 3962 Cedar.
1349 3922 1368 3956 ι
1405 3902 1724 3973 Huiusmodi
1748 3901 1962 3959 animas
1988 3901 2122 3958 alie-

555 4004 780 4072 nigenas
804 4009 860 4055 et
886 4010 1173 4054 extraneas
1198 4010 1318 4051 esse
1341 3994 1693 4050 subindicans
1709 4009 1723 4046 :
1742 3993 2004 4064 siquidem
2026 4008 2126 4064 per

556 4089 1063 4162 camelos,opuleuti
1087 4096 1144 4145 et
1171 4088 1366 4143 divites
1382 4086 1628 4141 homines
1656 4086 1961 4141 iudicantur
1983 4099 2124 4156 ;-per

556 4192 931 4249 oves-autem,
990 4180 1390 4237 mansuetiores
1452 4194 1518 4234 ac
1574 4177 1976 4248 simpliciores;
2028 4190 2126 4246 per

560 4279 782 4343 arietes,
812 4275 862 4330 ii
901 4273 1136 4330 maxime
1170 4288 1237 4328 ex
1271 4270 1520 4342 gentibus
1546 4269 1640 4339 qui
1674 4270 1977 4340 principatu
2015 4283 2126 4323 va-

560 4370 736 4427 lentes
774 4363 1227 4423 convertebautur
1259 4376 1435 4432 :quos
1458 4361 1525 4415 ad
1569 4360 1741 4414 altare
1774 4360 1866 4414 Dei
1901 4373 2126 4414 munera

2218 3255 2356 3326 ὑπὲρ
2391 3254 2487 3327 τὴν
2530 3252 2788 3325 Ἀραϐίαν
2817 3250 3063 3323 κειμένη,
3096 3253 3225 3323 παρ’
3254 3246 3335 3315 οἷς
3368 3252 3697 3324 πολυπληθεῐ
3734 3253 3802 3306 τὸ

2215 3346 2322 3400 τῶν
2355 3346 2615 3418 καμήλων
2635 3345 2807 3414 γένος⁹
2837 3343 2917 3397 διὸ
2945 3346 3012 3415 τῇ
3044 3342 3246 3397 τούτων
3272 3346 3535 3416 κέχρηται
3575 3345 3608 3397 ό
3638 3343 3802 3412 λόγος

2216 3437 2405 3491 είκόνι.
2432 3436 2542 3491 Καί
2578 3453 2667 3508 μοι
2693 3435 2839 3489 δοκεῖ
2870 3434 2958 3489 διὰ
2987 3432 3190 3488 τούτων
3217 3436 3246 3488 ό
3276 3434 3429 3503 λόγος
3468 3432 3674 3502 θέλγειν
3696 3436 3802 3488 καὶ

2217 3526 2598 3598 ἐγγλυκαίνειν
2638 3525 2739 3590 τὰς
2765 3524 2936 3589 ἀκοὰς
2978 3524 3078 3589 τὰς
3103 3524 3395 3597 νηπιώδεις
3421 3523 3527 3578 τῶν
3557 3541 3805 3595 σωματι-

2218 3620 2329 3675 κῶν
2370 3617 2631 3672 Ἰουδαίων
2673 3617 2753 3681 είς
2789 3616 2850 3670 τὸ
2888 3614 3502 3686 ἐφελκύσασθαιαύτὰς,
3535 3615 3631 3668 καὶ
3655 3631 3807 3687 προσ

2219 3711 2414 3782 τρέψαι
2458 3709 2707 3764 σπεύδειν
2749 3709 2831 3773 είς
2868 3708 2960 3763 τὸν
3005 3707 3148 3762 κατὰ
3182 3707 3317 3761 Θεὸν
3364 3706 3476 3779 βίον
3522 3705 3619 3759 xal
3654 3706 3806 3761 πολι-

2221 3821 2278 3857 τε
2287 3804 2391 3857 ίαν.

2296 3913 2315 3947 ι
2343 3894 2453 3948 Καὶ
2488 3892 2665 3948 πάντα
2694 3891 2765 3947 τὰ
2818 3892 3067 3966 πρόϐατα
3093 3891 3323 3963 Κηδάρτ
3351 3910 3371 3943 ι
3421 3890 3482 3944 τὺ
3519 3888 3807 3959 ἀλλογενὲς

2223 3987 2316 4041 καὶ
2344 3986 2639 4056 ἀλλόφυλον
2665 3986 2773 4040 τῶν
2801 3984 3056 4039 τοιούτων
3087 3984 3151 4055 δὴ
3180 3983 3369 4054 ψυχῶν
3411 3983 3800 4053 αίνιττόμενος.

2223 4080 2322 4134 Διὰ
2368 4078 2466 4151 μέν
2500 4072 2593 4132 οῦν
2622 4078 2729 4132 τῶν
2773 4076 3033 4148 καμήλων
3064 4077 3115 4129 οἱ
3160 4075 3381 4147 εὔποροι
3419 4077 3514 4129 καὶ
3558 4075 3806 4129 πλούσιοι

2222 4169 2329 4223 τῶν
2363 4171 2420 4239 ἐν
2450 4168 2756 4240 ἀνθρώποις
2792 4164 3105 4239 ἐδηλοῦντο·
3151 4166 3238 4221 διὰ
3272 4167 3328 4221 δὲ
3368 4168 3477 4221 τῶν
3512 4168 3805 4240 προϐάτων

2224 4262 2274 4313 οἱ
2304 4259 2645 4332 ήμερὼτατοι
2673 4261 2767 4314 καὶ
2791 4258 3156 4313 ἁπλούστατοι
3174 4275 3187 4289 ·
3222 4258 3308 4312 διὰ
3328 4258 3384 4311 δὲ
3403 4259 3512 4313 τῶν
3537 4259 3726 4331 κριῶν,
3747 4260 3808 4313 οἱ

2225 4350 2587 4422 ἀρχικώτατοι
2630 4351 2738 4404 τῶν
2773 4349 2841 4417 ἐξ
2870 4350 3039 4404 ἐθνῶν
3085 4350 3546 4423 ἐπιστρεφόντωνδ
3583 4350 3675 4413 οὒς
3704 4352 3812 4404 ἀν·-

560 4462 821 4517 allaturos
862 4471 982 4513 esse
1018 4469 1199 4511 sermo
1230 4452 1488 4508 declarat.
1529 4452 1593 4506 Et
1625 4465 1754 4506 vero
1786 4449 1896 4520 jam
1935 4449 2112 4519 imple-

2227 4440 2613 4513 ενεχθήσεσθαι
2640 4440 2786 4511 δῶρα
2812 4438 2903 4491 ἐπὶ
2923 4438 2984 4492 τὸ
3003 4437 3382 4510 θυσιαστήριον
3408 4437 3502 4490 τοῦ
3527 4436 3659 4490 Θεοῦ
3694 4454 3810 4509 φη-

562 4566 675 4611 tum
713 4551 991 4611 oraculum
1037 4548 1221 4603 videre
1265 4554 1344 4600 est
1386 4562 1402 4600 :
1462 4559 1583 4599 cum
1640 4557 1708 4598 ex
1767 4541 2112 4597 conversione

2226 4546 2310 4584 σιν
2339 4530 2559 4599 (γλάγος.
2609 4530 2719 4583 Kal
2759 4528 2872 4583 ἐστι
2900 4529 2961 4581 τὸ
2999 4528 3173 4598 λόγιον
3203 4528 3571 4601 πληρούμενον
3605 4529 3813 4585 θεάσα-

561 4648 826 4721 gentium,
851 4640 1150 4715 huiusmodi
1178 4638 1370 4693 animae
1392 4650 1510 4692 sese
1542 4635 1653 4705 pia!
1670 4633 1943 4704 religionis
1959 4633 2112 4688 verbc

2229 4620 2351 4674 σθαι
2370 4614 2393 4651 ·’
2420 4620 2636 4674 ἐπειδὰν
2662 4621 2723 4673 ἐκ
2757 4620 2856 4691 τῆς
2879 4619 2986 4673 τῶν
3026 4619 3194 4673 ἐθνῶν
3226 4621 3557 4691 ἐπιστροφῆς
3594 4620 3813 4675 τοιάσδε

560 4713 843 4800 dedentes,
888 4713 945 4789 et
983 4731 1169 4787 altaris
1220 4728 1312 4783 Dei
1344 4725 1650 4781 ministerio
1676 4724 2014 4781 'assistentes
2043 4723 2112 4777 vi-

2227 4715 2402 4788 ψυχὰς
2447 4716 2545 4770 ῐδοι
2572 4734 2657 4780 τις
2695 4716 2984 4780 ἀναθείσας
3026 4716 3221 4779 ἑαυτὰς
3250 4714 3327 4786 τῷ
3354 4716 3453 4786 τῆς
3493 4713 3815 4778 θεοσεϐείας

563 4833 812 4885 deantur.
846 4824 980 4880 Nam
1032 4832 1164 4879 tunc
1197 4819 1432 4877 maxime
1463 4833 1558 4888 per
1596 4818 1786 4874 horum
1827 4815 2112 4871 conversio

2228 4808 2371 4878 λόγῳ
2402 4807 2498 4861 καλ⁵
2523 4806 2620 4878 τῆς
2649 4806 2987 4878 λειτουργίας
3012 4806 3105 4859 τοῦ
3128 4805 3515 4876 θυσιαστηρίου
3544 4803 3637 4858 τοῦ
3668 4804 3812 4858 Θεοῦ

564 4936 686 4977 nem
711 4926 769 4975 et
794 4917 1045 4981 salutem,
1070 4913 1315 4971 Ecclesia
1364 4910 1463 4966 Dei
1491 4910 1740 4965 laudibus
1780 4906 2083 4963 celebratur
2109 4922 2123 4959 :

564 5028 734 5084 quare
764 5010 1018 5077 deinceps
1045 5006 1243 5063 dicitur
1273 5024 1288 5061 :
1325 5021 1345 5057 ι
1377 5002 1447 5058 Ει
1475 5002 1669 5059 domus
1699 4998 1965 5057 orationis
1996 5011 2132 5053 mea:

568 5101 977 5177 gloriﬂoabitur.
999 5120 1032 5154 ι»

641 5260 809 5316 Vnus.
835 5260 888 5315 8.
923 5277 945 5310 ι
974 5257 1207 5325 Quinam
1253 5257 1307 5313 bi
1339 5255 1498 5311 sunt?
1529 5261 1589 5309 ut
1638 5252 1810 5308 nubes
1846 5249 2053 5317 volant,
2078 5260 2137 5305 et

565 5354 712 5412 sicut
742 5353 1002 5409 columbae
1034 5366 1156 5406 cum
1200 5348 1365 5417 pullis
1394 5363 1555 5418 super
1584 5359 1688 5401 me.
1713 5364 1733 5399 ι
1776 5344 1833 5399 ld
1860 5358 2026 5414 porro
2056 5343 2139 5397 in—

572 5446 878 5517 telligemus
918 5444 965 5499 si
1016 5442 1168 5498 Pauli
1222 5456 1409 5498 vocem
1457 5438 1876 5510 perpendamus,
1905 5451 2028 5506 quae
2058 5435 2138 5490 sic

575 5539 775 5595 habet:
804 5556 824 5590 ι
856 5536 967 5592 Nos
989 5537 1080 5607 qui
1116 5536 1367 5599 vivimus,
1392 5533 1484 5604 qui
1516 5530 1714 5588 residui
1736 5543 1924 5586 sumus
1945 5529 2009 5583 in
2039 5529 2138 5584 ad-

576 5640 796 5687 ventum
834 5627 1061 5695 Christi,
1105 5629 1378 5699 rapiemur
1425 5628 1478 5683 in
1510 5621 1740 5682 nubibus
1787 5620 2002 5695 obviam
2032 5621 2132 5680 Do-

653 5842 698 5875 “
725 5840 913 5897 Matth.
941 5854 1055 5907 ιιι,
1084 5838 1176 5893 ει.

2236 4896 2725 4968 προσεδρευσάσας.
2759 4896 2891 4951 Τότε
2916 4897 3024 4969 γὰρ
3060 4896 3291 4967 μάλιστα
3316 4895 3404 4950 διὰ
3431 4895 3532 4966 τῆς
3566 4894 3675 4949 τῶν
3698 4912 3817 4948 τοι-

2242 4987 2410 5043 ούτων
2455 4986 2786 5059 ἐπιστροφῆς
2834 4986 2927 5042 καὶ
2968 4988 3240 5060 σωτηρίας
3287 4989 3319 5059 ἠ
3370 4985 3662 5057 Ἐκκλησία
3709 4986 3815 5040 τοῦ

2242 5078 2377 5132 Θεοῦ
2411 5076 2720 5144 δοξάζεται·
2745 5078 2824 5133 διὸ
2854 5078 3100 5133 λέλεκται
3128 5078 3221 5133 καὶ
3249 5077 3374 5148 ἑξῆς
3394 5091 3409 5108 ⁸
3441 5096 3459 5130 ι
3481 5078 3588 5130 Kal
3608 5078 3637 5130 ὁ
3661 5072 3817 5141 οἶκος

2241 5170 2337 5240 τῆς
2365 5169 2670 5241 προσευχῆς
2703 5186 2802 5240 μου
2829 5168 3234 5241 δοξασθήσεται.
3256 5188 3276 5222 ι

2320 5277 2339 5309 ι
2368 5257 2520 5322 Τίνες
2549 5257 2654 5311 οἶδε
2674 5274 2689 5322 ;
2710 5257 2785 5322 ὡς
2817 5256 3036 5326 νεφέλαι
3071 5256 3348 5323 πέτανται,
3381 5255 3476 5310 καὶ
3500 5254 3631 5308 ὡσεὶ
3654 5266 3812 5323 περι-

2246 5350 2433 5420 στεραὶ
2462 5348 2557 5402 σὺν
2597 5350 2835 5411 νεοσσοῖς
2873 5346 2958 5401 ἐπ’
2983 5347 3104 5418 ἐμέ.
3133 5366 3153 5403 r
3204 5346 3313 5400 Kal
3352 5345 3510 5400 τοῦτο
3536 5346 3593 5399 δὲ
3622 5345 3811 5415 νοήσο-

2248 5455 2346 5510 μεν
2387 5440 2776 5511 ἐπιστήσαντες
2819 5440 2885 5510 τῇ
2916 5437 3127 5490 Παύλου
3172 5438 3321 5509 φωνῇ
3356 5435 3699 5509 διδασκούσῃ.
3729 5433 3810 5498 ὡς

2245 5533 2373 5604 ἄρα,
2418 5552 2436 5585 ι
2461 5533 2648 5605 Ἡμεῖς
2680 5535 2728 5587 οί
2770 5530 2987 5597 ζῶντες,
3029 5531 3077 5583 οί
3114 5530 3550 5602 περιλειπόμενοι
3596 5530 3675 5595 είς
3709 5525 3813 5600 τὴν

2247 5623 2545 5697 παρουσίαν
2586 5622 2680 5678 τοῦ
2708 5620 2961 5697 Χριστοῦ,
3002 5621 3431 5695 ἁρπαγησόμεθα
3466 5622 3525 5675 ἐν
3560 5618 3813 5690 νεφέλαις
