4108 6204
338 360 439 417 493

1305 350 1799 411 (ΣΟΜΜΕΝΤΑΒΙΛ
1831 349 1895 405 ΙΝ
1936 348 2195 405 lSAIAM.
2236 377 2304 388 --
2341 346 2491 403 CAP.
2532 345 2642 400 LX.

3475 345 3574 399 494

334 479 418 540 είς
442 480 753 547 άπαντησιν
783 472 870 527 τοῦ
896 473 1099 544 Κυρίου
1137 474 1215 536 είς
1256 474 1409 545 ἀέρα.
1457 475 1550 527 καὶ
1580 473 1751 538 οὕτως
1784 472 1915 526 πάν-

2034 470 2161 523 nino
2186 471 2239 523 in
2260 478 2487 523 aera:et
2515 468 2594 522 sic
2617 479 2829 535 semper
2857 479 2978 519 cum
3001 464 3227 518 Domino
3245 461 3446 516 erimus
3462 463 3526 523 ";
3555 481 3574 513 ι

334 585 466 623 τοτε
514 568 610 621 σὺν
639 567 821 637 Κυρίῳ
860 565 1096 636 ἐσόμεθα
1114 581 1130 597 ο
1152 585 1170 617 ι
1206 565 1567 635 συναφθέντες
1594 565 1792 637 δηλαδὴ
1819 565 1912 620 καὶ

344 659 839 729 συγκαταλεγέντες
874 656 951 727 τῷ
988 656 1135 729 χορῷ
1165 657 1274 710 τῶν
1303 658 1360 709 ἐν
1403 655 1479 727 τῷ
1515 656 1763 727 προτέρῳ
1801 654 1914 727 λαῷ

346 753 802 825 κατωρθωκότων.
849 749 939 802 Διὸ
964 748 1441 820 ἀποθαυμάζοντες
1468 748 1563 820 τὴν
1602 750 1680 813 είς
1708 747 1916 820 ἀνθρώ-

349 865 487 911 πους
517 844 760 916 χυθεῖσαν
800 844 893 896 τοῦ
934 842 1170 913 Χριστοῦ
1199 843 1356 914 χάριν
1389 842 1482 896 καὶ
1511 842 1618 895 τῶν
1659 842 1718 907 ἐξ
1749 841 1916 894 ἐθνῶν

352 936 665 1008 σωζομένων
703 936 763 989 τὸ
800 935 1025 1004 πλῆθος,
1082 935 1181 1004 τήν
1224 951 1283 987 τε
1330 935 1408 997 είς
1445 934 1706 1005 οὐρανοὺς
1742 934 1917 986 αὐτῶν

346 1028 661 1099 ἀνάπτησιν,
695 1025 793 1097 τὴν
823 1025 961 1096 μετά
988 1024 1083 1095 τὴν
1107 1024 1282 1089 ἔξοδον
1303 1023 1396 1076 τοῦ
1425 1022 1536 1093 βίου
1565 1024 1726 1094 φασί·
1764 1024 1918 1088 Τίνες

343 1118 478 1182 οῖδες
531 1117 606 1180 ὡς
645 1117 865 1186 νεφέλαι
908 1115 1191 1181 πέτανται,
1227 1114 1321 1167 καὶ
1360 1113 1436 1177 ὠς
1465 1116 1784 1188 περιστεραὶ
1823 1116 1919 1167 σὺν

342 1212 578 1272 νεοσσοῖς
608 1210 694 1261 ἐπ’
728 1209 850 1279 ἐμέ.
874 1227 895 1261 ι

414 1321 433 1354 ι
457 1302 588 1372 Ἐμὲ
604 1302 659 1355 αί
673 1301 827 1371 νῆσοι
843 1300 1157 1371 ὑπέμειναν,
1174 1300 1266 1353 καὶ
1290 1297 1445 1351 πλοῖα
1460 1296 1692 1369 Θαρσεῖς
1708 1298 1763 1349 ἐν
1781 1295 1920 1368 πρώ-

338 1408 470 1456 τοις,
492 1393 722 1459 ἀγαγεῖν
741 1390 811 1443 τὰ
830 1389 993 1443 τέκνα
1020 1407 1111 1442 σου
1142 1386 1432 1460 μακρόθεν,
1461 1388 1554 1440 καὶ
1573 1386 1661 1439 τὸν
1684 1386 1921 1458 ἄργυρον

338 1481 432 1533 καὶ
448 1482 540 1534 τὸν
557 1482 757 1552 χρυσὸν
781 1480 958 1534 αὐτῶν
979 1480 1093 1551 μετ’
1115 1479 1314 1543 αὐτῶν,
1337 1478 1432 1532 καὶ
1450 1478 1536 1532 διὰ
1557 1470 1619 1531 τὸ
1642 1478 1809 1548 ὄνομα
1822 1479 1923 1531 Κυ-

343 1571 459 1642 ρίου
484 1570 545 1623 τὸ
578 1572 752 1639 ἅγιον,
775 1571 865 1623 καὶ
890 1571 976 1624 διὰ
992 1570 1054 1623 τὸ
1082 1570 1171 1623 τὸν
1188 1570 1252 1638 ἂγ
1264 1587 1339 1623 ιον
1358 1569 1452 1623 τοῦ
1482 1568 1693 1641 Ἰσραὴλ
1715 1569 1921 1636 ἔνδοξον

339 1660 504 1716 εἶναι.
531 1681 549 1713 ι
583 1662 695 1726 Τὰς
724 1661 1013 1733 ἐκκλησίας
1034 1662 1091 1715 δέ
1119 1662 1312 1731 νήσους
1344 1662 1439 1715 καὶ
1465 1661 1553 1716 διὰ
1582 1661 1689 1713 τῶν
1715 1660 1920 1731 ἔμπρο-

341 1754 472 1809 σθεν
493 1757 521 1807 ό
542 1754 698 1822 λόγος
736 1756 974 1827 ᾐνίττετο
998 1755 1295 1825 σημαίνων.
1328 1756 1479 1809 Ἐπεὶ
1500 1754 1678 1807 τοίνυν
1703 1754 1801 1816 τάς
1822 1755 1923 1805 ἐπ-

2014 559 2251 628 adiuncti
2295 558 2503 614 scilicet
2552 571 2606 613 et
2654 556 2990 611 annumerati
3036 556 3203 609 choro
3244 568 3455 617 eorum,
3489 557 3580 622 qui

2014 652 2066 705 in
2110 650 2287 721 prisco
2317 650 2407 705 illo
2445 650 2640 719 populo
2677 651 2843 719 probe
2872 663 2930 703 se
2963 655 3269 718 gesserunt.
3293 646 3581 711 Quocirca,

2014 738 2237 794 eﬂ'usam
2274 738 2474 794 Christi
2536 741 2587 795 in
2648 741 2891 795 homines
2946 740 3174 809 gratiam
3228 739 3583 803 admirantes,

2016 846 2225 885 necnon
2270 832 2531 899 gentium,
2564 847 2684 900 qua:
2715 831 2938 886 salutem
2973 830 3239 895 obtinent,
3277 830 3586 885 multitudi-

2017 937 2163 987 nem,
2196 938 2491 992 eorumque
2542 933 2663 992 post
2697 934 2924 979 mortem
2980 923 3047 977 ad
3095 923 3290 978 coelum
3318 923 3581 994 volatum,

2019 1013 2222 1074 dicunt,
2252 1032 2270 1065 ‹
2300 1013 2527 1079 Quinam
2560 1015 2609 1067 hi
2639 1015 2806 1069 sunt?
2847 1024 2904 1067 ut
2927 1014 3095 1069 nubes
3118 1012 3321 1082 volant,
3348 1024 3403 1071 et
3444 1016 3582 1071 sicut

2018 1106 2277 1160 columba:
2309 1120 2432 1161 cum
2458 1107 2617 1176 pullis
2641 1122 2799 1178 super
2832 1121 2934 1163 me.
2964 1125 2984 1159 ι

2088 1285 2254 1341 Vens.
2301 1284 2353 1340 9.
2402 1304 2421 1337 ι
2473 1285 2553 1341 Me
2611 1286 2797 1341 insula
2858 1298 3262 1357 exspectarunt,
3323 1300 3378 1346 et
3424 1307 3586 1348 naves

2021 1375 2244 1432 Tharsis
2273 1378 2327 1431 in
2359 1379 2645 1447 primis,ur
2677 1379 2945 1432 adducant
2983 1379 3122 1434 ﬁlios
3162 1391 3278 1435 tuos
3307 1382 3373 1436 de
3406 1381 3587 1452 longe,

2022 1479 2076 1525 et
2099 1481 2377 1540 argentum
2412 1480 2466 1525 et
2504 1487 2693 1525 aurum
2725 1486 2909 1526 eorum
2941 1487 3061 1526 cum
3103 1472 3205 1538 eis,
3240 1482 3458 1543 pr0pter
3497 1490 3588 1531 no-

2022 1577 2142 1615 men
2172 1562 2382 1615 Domini
2411 1573 2676 1631 sanctum,
2708 1573 2762 1618 et
2791 1574 2848 1617 ut
2877 1575 3099 1619 sanctus
3131 1563 3294 1619 lsrael
3327 1565 3589 1635 gloriosus

2023 1653 2113 1707 sit.
2151 1671 2176 1704 ο
2220 1653 2489 1708 Ecclesias
2517 1668 2644 1708 vero
2698 1656 2750 1707 in
2804 1655 3232 1722 pratcedentihus
3266 1672 3359 1724 per
3387 1656 3590 1710 insulas

2026 1741 2333 1796 adumbrari
2365 1744 2721 1811 signiﬁcabat.
2763 1745 2895 1811 Quia
2926 1747 3092 1814 igitur
3126 1749 3387 1816 promissa
3418 1749 3590 1816 patri-

339 1847 686 1918 ηγγελμένας
724 1846 860 1918 πρὸς
897 1847 1021 1911 τοὺς
1057 1846 1298 1918 πατέρας
1338 1846 1666 1915 ἐπαγγελίας
1706 1845 1764 1896 αἱ
1822 1844 1910 1897 ἐκ·

2034 1848 2109 1888 tus
2142 1832 2279 1887 facta
2324 1833 2575 1890 Ecclesia:
2614 1836 2727 1900 Dei,
2783 1837 3092 1905 prophetias
3129 1837 3459 1905 evolventes,
3491 1855 3589 1893 ex-

340 1937 566 2009 κλησίαι
595 1935 689 1989 τοῦ
716 1935 849 1989 Θεοῦ
885 1936 985 1999 τὰς
1015 1937 1348 2009 προφητείας
1386 1936 1726 2007 διερχόμεναι
1755 1952 1920 2007 προσ-

342 2028 566 2092 εδόκων,
591 2027 814 2092 εἰκότως
833 2028 1056 2099 φησίν·ςι
1079 2028 1208 2098 Ἑμέ
1233 2029 1382 2099 νῆσοι
1412 2027 1728 2099 ὑπέμειναν.
1756 2028 1921 2081 Ηλοῖα

343 2118 605 2187 Θαρσεῖς·
628 2116 973 2173 ιαίνίττεται
1002 2115 1072 2170 τά
1104 2117 1329 2188 σώματα
1350 2111 1429 2181 οἷς
1458 2116 1785 2188 ἐπενήξαντο
1822 2134 1921 2171 κα-

344 2210 417 2262 τά
446 2210 538 2263 τὸν
573 2210 760 2282 θνητὸν
794 2209 909 2281 βίον
950 2212 1005 2264 αἱ
1028 2210 1213 2282 ψυχαί.
1259 2210 1489 2280 Θαρσεῖς
1532 2211 1588 2264 δὲ
1613 2210 1921 2280 ἀλλοφύλων

346 2302 512 2355 πάλιν
542 2302 800 2373 ἐτύγχανε
839 2301 989 2375 χώρα
1009 2319 1022 2332 ·
1058 2302 1137 2357 διὸ
1176 2303 1307 2373 περὶ
1341 2302 1647 2373 ἀλλοφύλων
1681 2303 1922 2357 ἀπίστων

348 2395 563 2467 εἴρηταί
592 2412 692 2448 που
711 2412 724 2425 ·
765 2413 784 2447 ι
809 2395 895 2448 Ἐν
926 2395 1192 2465 πνεύματι
1242 2394 1398 2468 βιαίῳ
1434 2395 1742 2468 συντρίψεις
1768 2396 1923 2451 πλοῖα

348 2487 603 2558 Θαρσεῖς.
630 2505 649 2538 ι
696 2486 831 2539 Ἀλλ’
854 2489 1031 2540 ἐκεῖνο
1069 2487 1166 2559 μὲν
1198 2487 1537 2559 συνετρίϐετο
1558 2504 1573 2519 °
1603 2487 1837 2541 ἐνταῦθα
1868 2488 1925 2541 δέ

348 2577 421 2630 τὰ
450 2577 616 2630 τέκνα
644 2577 745 2647 τῆς
783 2576 1017 2641 παλαιᾶς
1060 2578 1411 2649 Ἰερουσαλὴμ
1434 2578 1502 2631 τὰ
1538 2578 1597 2644 ἐξ
1632 2579 1797 2632 ἐθνῶν
1829 2580 1925 2633 αύ-

348 2670 419 2740 τῇ
457 2668 861 2740 προσγενόμενα
888 2669 1071 2732 αὐτοῖς
1113 2668 1316 2732 πλοίοις
1354 2670 1624 2742 μακρόθεν
1663 2671 1798 2741 πρὸς
1838 2671 1927 2725 αὐ-

348 2758 451 2830 τὴν
481 2758 601 2830 ἥξει
619 2776 632 2789 ⁸
664 2761 961 2824 τουτέστιν,
986 2762 1166 2823 αὐτοῖς
1194 2760 1440 2831 σώμασιν
1468 2763 1560 2815 ἐπὶ
1588 2762 1648 2814 τὸ
1681 2765 1926 2833 κρεῖττον

356 2850 757 2923 μεταϐληθεῖσι.
787 2850 1011 2917 Ἥξουσι
1053 2853 1231 2907 τοίνυν
1270 2854 1449 2918 αὐτοῖς
1477 2857 1587 2918 τοῖς
1611 2854 1853 2926 σώμασιν
1878 2857 1927 2907 οἱ

353 2944 741 3014 προλεχθέντες
775 2945 874 3009 τὰς
915 2948 1033 3000 κατ’
1067 2946 1266 3019 ἀρετὴν
1310 2945 1534 3019 πράξεις
1563 2948 1799 3019 ἄργυρον
1838 2948 1929 3000 καὶ

354 3032 554 3103 χρυσὸν
580 3034 980 3108 ὀνομαζομένας
1002 3038 1349 3110 ἐπαγόμενοι.
1384 3038 1616 3110 Πράξεις
1634 3038 1690 3091 δὲ
1712 3033 1817 3091 οἶδε
1840 3036 1929 3090 τὸν

355 3123 554 3198 χρυσὸν
579 3128 671 3181 καὶ
701 3127 792 3180 τὸν
819 3126 1057 3200 ἄργυρον
1083 3129 1112 3180 ὁ
1150 3129 1486 3194 Ἀπόστολος.

2025 1924 2375 1992 spectabant,
2422 1923 2546 1993 jure
2596 1925 2693 1990 ait,
2744 1943 2762 1976 ι
2803 1926 2886 1980 Me
2940 1928 3128 1982 insulae
3182 1939 3589 1996 exspectarunt.

2026 2013 2198 2068 Naves
2218 2012 2483 2078 Tharsis;
2519 2034 2537 2066 ι
2573 2014 2656 2069 his
2687 2017 2993 2070 subindicat
3039 2032 3288 2086 corpora,
3311 2018 3365 2071 in
3393 2008 3592 2087 quibus

2026 2106 2321 2160 enatabant
2375 2108 2570 2161 animae
2620 2109 2673 2162 in
2724 2109 2823 2162 hac
2861 2109 3071 2163 mortali
3117 2111 3230 2164 vita
3264 2112 3593 2166 constitutae.

2027 2196 2248 2253 Tharsis
2289 2198 2417 2252 item
2477 2199 2899 2270 alienigenarum
2946 2202 3190 2272 gentium
3237 2202 3383 2272 regio
3432 2212 3594 2258 erat:

2032 2301 2202 2355 quare
2228 2288 2293 2342 de
2328 2287 2620 2342 incredulis
2651 2288 2966 2360 alienigenis
2999 2288 3193 2345 alicubi
3226 2292 3443 2356 dicitur,
3490 2308 3510 2342 ‹
3538 2291 3593 2345 lu

2028 2379 2217 2449 spiritu
2251 2380 2555 2435 vehementi
2587 2394 2835 2435 conteres
2864 2396 3028 2436 naves
3065 2380 3289 2437 Tharsis
3314 2384 3382 2436 ³ο.
3427 2400 3446 2433 ι
3487 2381 3596 2437 Sed

2030 2470 2158 2537 illud
2202 2471 2419 2541 quidem
2466 2472 2889 2527 conterebatur:
2922 2472 3012 2527 hic
3058 2488 3186 2529 vero
3232 2475 3327 2529 lilii
3365 2478 3598 2547 antiqua:

2031 2561 2175 2616 illius
2205 2560 2523 2629 Jerusalem,
2555 2562 2647 2632 qui
2682 2579 2749 2617 ex
2797 2564 3047 2630 gentibus
3076 2567 3142 2617 ad
3173 2581 3292 2619 eam
3339 2570 3598 2622 accedent

2031 2653 2217 2724 procul
2258 2662 2307 2705 et
2338 2653 2404 2707 ad
2435 2653 2608 2722 ipsam
2640 2652 2908 2721 appellent
2931 2655 3068 2708 vecti
3106 2655 3354 2722 navibus,
3404 2658 3455 2711 id
3491 2670 3596 2727 esr,

2032 2745 2351 2815 corporibus
2398 2746 2451 2799 in
2484 2747 2676 2802 melius
2709 2748 3073 2801 commutatis.
3135 2747 3268 2803 Cum
3306 2750 3436 2817 ipsis
3467 2765 3598 2822 ergo

2032 2837 2348 2906 corporibus
2374 2838 2610 2905 μναιαίοιί
2643 2838 2880 2904 venient,
2923 2853 3085 2908 opera
3113 2854 3233 2893 cum
3256 2841 3457 2897 virtute
3484 2842 3600 2897 edi-

2034 2939 2108 2996 ta,
2140 2944 2331 2983 aurum
2368 2937 2423 2983 et
2474 2940 2759 3000 argentum
2812 2930 2972 2995 dicta,
3025 2932 3369 2989 advehentes.
3421 2934 3597 3006 Opera

2034 3035 2162 3076 vero
2187 3036 2284 3091 pro
2308 3035 2442 3075 auro
2464 3028 2520 3076 et
2549 3029 2771 3091 argento
2793 3022 2991 3092 accipit
3012 3023 3318 3094 Apostolus.

434 3239 453 3272 ι
474 3220 583 3274 Καὶ
619 3195 1055 3292 οίκοδομησουνσιν
1079 3220 1382 3291 ἀλλογενεῖς
1409 3221 1478 3276 τὰ
1516 3223 1668 3295 τείχη
1694 3239 1809 3287 σου,
1840 3222 1931 3275 καὶ

2105 3225 2269 3282 Vens.
2305 3226 2389 3292 10,
2422 3225 2508 3280 ll.
2547 3244 2565 3277 ι
2600 3224 2668 3280 Et
2692 3225 3037 3282 aediﬁcabant
3071 3226 3385 3297 alienigena:
3417 3243 3601 3284 muros

355 3312 409 3365 οι
440 3312 678 3383 βασιλεῖς
708 3311 887 3366 αὐτῶν
907 3312 1347 3384 παραστήσονται
1385 3331 1486 3368 σοι.
1516 3314 1612 3368 Διὰ
1638 3314 1745 3387 γὰρ
1765 3315 1933 3386 ὀργήν

360 3422 463 3476 μου
504 3402 749 3469 ἐπάταξα
771 3422 851 3468 σε,
897 3406 990 3459 καὶ
1018 3406 1104 3461 διὰ
1124 3406 1269 3459 ἔλεον
1296 3406 1562 3478 ἠγάπησά
1592 3423 1669 3460 σε.
1703 3407 1811 3459 Καὶ
1838 3407 1934 3459 ἀνα

356 3498 699 3569 οιχθήσονται
725 3497 781 3548 αἱ
803 3495 967 3550 πύλαι
992 3514 1083 3549 σου
1110 3496 1197 3551 διὰ
1225 3496 1442 3561 παντὸς,
1468 3495 1678 3568 ἡμέρας
1716 3497 1810 3550 καὶ
1851 3515 1937 3551 νυ·

358 3590 488 3653 κτδς
519 3588 580 3642 ού
615 3588 1040 3660 κλεισθήσονται,
1080 3591 1395 3659 εἰσαγαγεῖν
1444 3589 1580 3661 πρὸς
1612 3588 1671 3641 σέ
1710 3588 1937 3659 δύναμιν

359 3680 552 3742 ἐθνῶν,
580 3680 673 3733 καὶ
711 3679 950 3749 βασιλεῖς
975 3680 1151 3734 αὐτῶν
1177 3681 1495 3751 ἀγομένους.
1528 3700 1547 3733 ι
1580 3681 1690 3734 Καὶ
1717 3680 1847 3735 αὐτὸ
1871 3680 1937 3734 δι’

359 3772 540 3844 ἔργων
576 3772 990 3844 ἐπιτελεύμενον
1018 3773 1137 3844 ὄψει
1166 3774 1465 3845 ἐπιστήσας
1489 3773 1579 3828 τὸν
1609 3774 1753 3837 νοῦν,
1778 3774 1852 3838 ὡς
1880 3773 1940 3839 ἐξ

362 3863 666 3932 ἀλλογενῶν
695 3865 789 3918 καὶ
817 3863 1127 3934 ἀλλοφύλων
1155 3864 1324 3918 ἐθνῶν
1361 3865 1461 3935 τῆς
1496 3866 1819 3937 Ἐκκλησίας
1842 3865 1937 3918 τοῦ

362 3954 506 4020 Θεοῦ,
548 3955 887 4024 προεστῶτες
920 3956 1113 4026 ἄνδρες
1148 3955 1517 4020 διδασκαλίαις
1544 3958 1940 4028 περιφράττου-

366 4061 474 4110 σιν,
502 4044 689 4115 ῶσπερ
718 4044 826 4099 τισὶ
853 4045 1157 4118 περιϐόλοις
1186 4046 1279 4099 καὶ
1303 4045 1540 4115 τείχεσιν
1577 4045 1939 4116 ἀσφαλιζόμε-

363 4153 450 4193 tm
484 4136 575 4188 τὸν
601 4136 700 4206 τῆς
740 4136 1048 4200 θεοσεϐείας
1080 4137 1258 4206 λόγον,
1295 4138 1375 4200 εἰς
1408 4137 1467 4189 τὸ
1512 4136 1585 4207 μὴ
1622 4137 1942 4209 παρεισδύε-

368 4228 493 4283 σθαι
524 4230 653 4292 τοὺς
682 4227 991 4300 ἀλλοτρίους
1019 4229 1118 4300 τῆς
1146 4228 1401 4292 πίστεως,
1433 4228 1567 4299 μηδέ
1596 4226 1779 4299 χώραν
1800 4227 1942 4299 ἔχειν

367 4320 661 4391 ἐπιϐουλῆς
688 4321 826 4374 κατά
846 4320 952 4373 τῶν
984 4321 1083 4391 τῆς
1107 4320 1362 4390 ἀληθείας
1383 4319 1688 4391 δογμάτων.
1723 4321 1787 4373 Ol.
1811 4319 1943 4389 γοῦν

368 4413 480 4466 τῶν
515 4414 835 4483 Ῥωμαϊκῶν
874 4414 1169 4484 ταγμάτων
1202 4412 1479 4483 ἄρχοντες,
1520 4412 1614 4465 καὶ
1661 4411 1769 4465 τῶν
1816 4429 1945 4483 κρα-

2033 3330 2177 3385 tuos,
2211 3329 2265 3375 et
2303 3335 2456 3391 reges
2484 3335 2670 3375 eorum
2716 3319 2970 3376 astabunt
3025 3321 3142 3376 tibi.
3205 3320 3432 3390 Propter
3464 3322 3601 3376 iram

2035 3412 2177 3467 enim
2223 3426 2397 3466 meam
2442 3411 2679 3480 percussi
2715 3421 2789 3476 te,
2828 3419 2882 3465 et
2929 3421 3149 3481 propter
3176 3412 3602 3467 misericordiam

2036 3504 2196 3559 dilexi
2237 3511 2309 3557 te.
2344 3503 2410 3556 Et
2438 3503 2749 3572 aperientur
2799 3512 2966 3571 porta:
3001 3513 3104 3557 tute
3147 3518 3379 3572 semper,
3406 3505 3492 3559 die
3540 3518 3606 3559 ac

2038 3605 2194 3650 nocte
2222 3609 2325 3650 non
2353 3594 2694 3658 claudentur,
2731 3603 2791 3647 ut
2821 3594 3081 3647 inducant
3122 3594 3189 3646 ad
3230 3603 3279 3647 te
3308 3596 3602 3664 potentiam

2037 3687 2298 3759 gentium,
2334 3695 2387 3740 et
2426 3699 2579 3755 reges
2617 3699 2802 3738 earum
2845 3684 3032 3739 duces.
3069 3702 3088 3736 ι
3151 3684 3214 3738 Et
3246 3684 3349 3739 hoc
3388 3700 3447 3739 re
3480 3702 3606 3754 per-

2040 3787 2219 3831 actum
2259 3777 2461 3843 videas,
2491 3777 2535 3831 si
2561 3777 2744 3831 animo
2777 3777 3049 3839 attendas,
3094 3791 3159 3830 ex
3202 3776 3521 3846 alienigenis
3551 3788 3607 3832 et

2038 3869 2307 3924 extraneis
2355 3870 2606 3938 gentibus
2650 3873 2800 3924 viros
2865 3865 3123 3923 Ecclesiae
3176 3868 3268 3923 Dei
3326 3868 3608 3938 praefectos

2040 3962 2210 4031 ipsam
2227 3961 2467 4016 doctrina
2498 3960 2945 4024 circummunire,
2965 3963 3065 4031 pia:
3085 3961 3357 4030 religionis
3384 3965 3606 4017 verbum

2042 4054 2194 4124 quasi
2219 4064 2370 4124 septo
2407 4063 2461 4108 et
2493 4070 2651 4110 muro
2684 4063 2944 4117 tutantes,
2981 4068 3047 4108 ne
3094 4054 3256 4109 alieni
3294 4069 3321 4106 a
3354 4054 3458 4108 ﬁde
3491 4056 3609 4109 sub-

2042 4152 2251 4212 repant,
2272 4157 2406 4196 neve
2427 4142 2602 4196 locum
2629 4143 2864 4196 habeant
2899 4142 3123 4197 insidias
3149 4152 3337 4197 contra
3364 4142 3611 4197 veritatis

2042 4236 2293 4303 dogmata
2327 4233 2573 4303 parandi.
2638 4232 3002 4288 Romanorum
3042 4236 3241 4303 quippe
3274 4234 3609 4287 exercituum

2043 4325 2333 4396 principes,
2384 4338 2447 4379 ac
2490 4323 2871 4393 imperantium
2925 4339 3111 4394 regum
3158 4334 3332 4378 metus
3378 4324 3613 4376 maxime

2044 4419 2328 4474 conferunt
2378 4415 2444 4470 ad
2477 4415 2850 4485 depellendum
2892 4428 3008 4477 eos,
3068 4415 3159 4483 qui
3216 4414 3468 4469 Ecclesiae
3521 4416 3613 4472 Del

364 4506 609 4559 τούντων
642 4506 903 4577 βασιλέων
948 4508 976 4558 ὁ
1004 4504 1165 4575 φόϐος
1207 4505 1275 4558 τὰ
1316 4505 1525 4576 μεγάλα
1575 4505 1931 4575 συμϐάλλεται

2048 4509 2273 4564 insidias
2301 4515 2534 4562 struunt.
2582 4506 2757 4561 Portze
2813 4515 2996 4561 autem
3034 4508 3269 4561 civitatis
3316 4507 3431 4571 Dei,
3464 4522 3613 4576 qua:-

371 4598 511 4668 πρὸς
552 4596 858 4668 ἀνατροπὴν
884 4595 991 4649 τῶν
1026 4595 1393 4649 ἐπιϐουλεύειν
1418 4599 1483 4667 τῇ
1525 4597 1817 4669 Ἐκκλησία
1848 4596 1940 4650 τοῦ

370 4689 509 4744 Θεοῦ
538 4690 910 4761 πειρωμένων.
936 4688 1106 4742 Πύλαι
1137 4688 1193 4741 δὲ
1220 4687 1321 4758 τῆς
1352 4688 1445 4742 τοῦ
1468 4689 1603 4742 Θεοῦ
1634 4688 1841 4753 πόλεως
1865 4687 1947 4742 τί-

370 4799 465 4843 νες
495 4780 560 4835 ἂν
586 4776 692 4834 εἷεν
716 4781 749 4852 ἢ
781 4783 835 4834 αἱ
870 4780 1223 4852 στοιχειώδεις
1247 4782 1340 4836 καὶ
1371 4782 1676 4835 εἰσακτικαὶ
1702 4780 1948 4835 διδασκα-

370 4874 517 4937 λίαις
546 4873 643 4927 Διὰ
668 4873 859 4938 νυκτὸς
889 4874 980 4927 καὶ
1005 4874 1241 4946 ἡμέρας,
1271 4875 1456 4945 φησὶν,
1489 4873 1757 4944 ὴνεῷχθαι
1780 4875 1947 4927 πᾶσιν

369 4962 684 5034 ἀνθρώποις
708 4966 841 5036 πρὸς
866 4966 925 5019 τὸ
953 4968 1159 5030 πάντας
1189 4965 1523 5036 εἰσδέχεσθαι
1546 4967 1671 5029 τοὺς
1699 4963 1758 5029 ἐξ
1784 4966 1947 5018 ἀπάν-

368 5074 483 5109 των
528 5055 634 5109 τῶν
677 5055 845 5111 ἐθνῶν
891 5056 1159 5110 θεοσεϐεῖν
1206 5056 1639 5129 προῃρημένους.
1681 5056 1947 5126 Δυνάμεις

372 5147 477 5217 μὲν
509 5142 601 5200 οὖν
627 5147 732 5201 τῶν
756 5148 923 5202 ἐθνῶν
951 5149 1086 5201 εἰσιν
1122 5150 1169 5201 οί
1208 5150 1493 5221 δυνάμενοι
1523 5149 1698 5218 λέγειν
1720 5166 1731 5177 ·
1768 5166 1785 5197 ι
1807 5148 1947 5201 Πάν-

365 5257 441 5292 τα
478 5240 645 5309 ἰσχύω
678 5243 735 5294 ἐν
766 5240 843 5313 τῷ
878 5238 1257 5312 ἐνδυναμοῦντί
1295 5259 1361 5312 με
1384 5258 1396 5271 ·
1429 5261 1447 5293 ι
1498 5239 1733 5311 βασιλεῖς
1761 5239 1819 5291 δὲ
1850 5239 1946 5292 αύ-

367 5334 488 5385 τῶν
520 5333 568 5384 οξ
597 5331 858 5405 ἐξαίρετοι
893 5333 990 5387 καὶ
1015 5333 1112 5403 τῆς
1137 5332 1458 5404 ἐπουρανίου
1486 5331 1758 5404 βασιλείας
1782 5330 1940 5394 ἄξιοι.

374 5424 525 5494 Ἤδη
551 5423 605 5476 δὲ
633 5427 723 5478 καί
744 5426 1084 5497 σωματικοὺς
1121 5425 1401 5496 Ῥωμαίων
1429 5425 1829 5497 αὐτοκράτορας
1852 5424 1945 5477 καὶ

378 5512 622 5585 βασιλεῖς
649 5515 790 5586 όρῶν
818 5533 899 5579 τις
944 5512 1337 5586 ὑποτρέχοντας
1365 5515 1463 5584 τῆς
1501 5508 1820 5584 Ἐκκλησίας
1852 5510 1945 5565 τοῦ

378 5606 518 5661 Θεοῦ
546 5606 644 5669 τὰς
659 5606 853 5669 πύλας,
877 5606 1097 5663 καὶτῶν
1115 5606 1244 5659 εἵσω
1269 5606 1449 5660 πυλῶν
1482 5606 1790 5679 μυστηρίων
1818 5622 1949 5658 κατ-

2046 4615 2170 4655 nam
2201 4598 2542 4662 fuerint,nisi
2567 4594 2921 4654 elementar’és
2945 4599 3048 4654 illm
3067 4608 3119 4654 et
3151 4597 3386 4653 initiales
3410 4598 3582 4653 doctri

2046 4691 2162 4747 nte?
2189 4690 2354 4746 Nocte
2372 4698 2426 4745 et
2450 4690 2557 4753 die,
2583 4691 2779 4760 inquit,
2808 4692 3056 4747 omnibus
3087 4691 3396 4745 hominibus
3415 4700 3614 4760 aperta;

2046 4791 2194 4848 sunt,
2224 4792 2284 4838 ut
2335 4783 2608 4851 excipiant
2637 4796 2731 4837 eos
2785 4798 2852 4838 ex
2891 4783 3143 4837 omnibus
3193 4781 3464 4852 gentibus,
3521 4781 3613 4850 qui

2048 4876 2217 4931 Deum
2250 4875 2429 4932 colere
2459 4875 2513 4930 in
2548 4878 2821 4945 proposito
2849 4875 3069 4930 habent.
3098 4874 3341 4930 Potentia
3376 4875 3614 4945 gentium

2049 4975 2177 5019 sunt
2211 4965 2245 5018 ii
2274 4966 2361 5033 qui
2392 4966 2571 5020 dicere
2598 4966 2803 5027 valent,
2832 4984 2851 5020 ι
2872 4965 3061 5021 Omnia
3092 4980 3307 5034 possum
3339 4965 3391 5019 in
3421 4979 3486 5018 eo
3524 4965 3613 5033 qui

2054 5070 2140 5109 me
2195 5055 2463 5108 confortat
2491 5054 2575 5109 “:
2612 5073 2631 5107 ι
2676 5069 2829 5124 reges
2872 5069 3056 5109 earum
3095 5055 3129 5109 ii
3182 5064 3309 5109 sunt
3348 5056 3438 5124 qui
3487 5069 3615 5123 prmo

2052 5144 2339 5199 stantiores
2391 5154 2446 5200 et
2487 5144 2695 5218 cmlesti
2742 5160 2908 5215 regno
2961 5145 3107 5216 digni
3159 5146 3445 5200 habentur.
3496 5144 3615 5203 Jam

2051 5254 2213 5307 vero,
2270 5254 2392 5294 cum
2454 5254 2711 5310 corporeo
2755 5254 2906 5294 more
2955 5247 3205 5308 acceptos
3250 5237 3615 5292 Romanorum

2050 5329 2401 5399 imperatores
2430 5330 2659 5384 vidimus
2687 5331 2753 5383 ad
2789 5328 3047 5384 ecclesias
3085 5328 3177 5382 Dei
3209 5336 3616 5392 concurrentes,

2051 5428 2104 5473 et
2142 5421 2517 5491 mysteriorum
2547 5434 2667 5489 quae
2706 5419 2844 5472 intra
2867 5417 3061 5487 ianuas
3089 5428 3419 5489 peraguntur
3447 5418 3620 5487 parti-

2053 5511 2218 5578 cipes,
2257 5512 2525 5581 quomodo
2583 5509 2821 5564 vaticinii
2861 5508 3143 5565 veritatem
3199 5525 3303 5567 non
3357 5508 3618 5567 conﬁtea-

2056 5604 2212 5657 mur?

383 5699 754 5771 ἀξιουμένους,
792 5694 908 5760 πῶς
942 5697 1041 5750 οὐκ
1070 5696 1321 5768 ἀλήθειαν
1362 5698 1699 5768 μαρτυρήσει
1735 5695 1811 5766 τῷ
1841 5693 2203 5764 θεσπίσματι;

363 5828 378 5857 κ
463 5793 543 5847 ¹⁹1
590 5792 776 5855 Thess.
803 5807 873 5859 tv,
909 5790 991 5845 {6.
1065 5792 1111 5824 ¹⁹
1132 5792 1442 5859 Psal.xr.t'tt,
1474 5790 1527 5847 8.

1619 5794 1660 5825 ιι
1694 5790 1921 5859 Philipp.
1955 5805 2025 5854 tv,
2058 5790 2135 5843 l5.
