4108 6204
526 299 632 357 495

1194 296 1477 353 ΔἘυΒΕΒΙΙ
1517 294 1994 352 (ῖιΕΞΑΒΙΕΝΞΙΞ
2033 293 2067 351 Ο

2170 336 2181 347 .
2224 294 2403 348 PARS
2442 293 2528 348 lll.
2571 326 2637 334 ——
2677 294 3089 351 EXEGETICA.

3655 303 3763 360 496

596 417 757 473 Vens.
808 418 900 481 12,
932 417 1016 471 15.
1055 436 1072 467 ι
1102 417 1301 472 Gentes
1353 418 1496 473 enim
1551 428 1607 472 et
1661 433 1835 487 reges,
1870 418 1960 488 qui
1994 418 2067 473 tib

2269 436 2287 469 ι
2311 417 2392 470 Τὰ
2407 417 2515 488 γάρ
2537 417 2663 489 ἔθνη
2678 418 2770 471 καὶ
2790 421 2837 471 οἱ
2857 419 3113 490 βασιλεῖς,
3130 418 3322 483 οἵτινες
3342 418 3403 471 οὐ
3429 416 3764 477 δουλεύσουσι

528 526 632 565 non
670 510 932 572 servient,
972 509 1245 577 peribunt,
1306 519 1359 561 et
1397 520 1584 579 gemes
1624 508 1874 563 vastitate
1913 517 2090 564 vasta-

2197 525 2299 573 σοι,
2327 507 2675 572 ἀπολοῦνται,
2712 510 2805 561 καὶ
2844 511 2911 564 τά
2933 510 3060 581 ἔθνη
3089 512 3294 583 ἐρημίᾳ
3328 512 3763 585 ἐρημωθήσεται.

522 604 743 657 buntur.
771 601 835 655 Et
862 600 1033 668 gloria
1073 599 1268 653 Libani
1316 601 1381 655 ad
1424 611 1478 656 te
1509 601 1709 667 veniet,
1738 602 1790 655 in
1817 603 2067 672 cypariss¢

2194 600 2302 653 Kal
2324 602 2357 671 ή
2383 599 2507 665 δόξα
2531 600 2626 653 τοῦ
2656 601 2885 655 Λιϐάνου
2916 604 3050 674 πρὸς
3084 604 3143 656 σὲ
3173 602 3291 675 ἥξει
3333 604 3391 682 ἐν
3423 606 3767 679 κυπαρίσσῳ,

519 702 573 747 et
598 694 724 762 pinu
752 701 808 747 et
833 691 994 749 cedro
1019 691 1199 754 simul,
1228 692 1293 745 ad
1328 693 1733 761 glorificandum
1762 694 1937 750 locum
1965 709 2090 749 san-

519 796 662 840 ctum
690 800 888 839 meum.
933 804 950 835 ι
987 783 1120 838 Nam
1176 784 1402 839 salutari
1436 794 1490 840 et
1524 786 1883 854 pulcherrima
1914 785 2088 841 servi-

521 885 633 930 tute
665 876 867 930 civitati
905 875 997 930 Dei
1032 876 1371 931 serviendutn
1401 886 1508 943 est,
1529 877 1777 932 videlicet
1811 878 2086 943 Ecclesia},

514 976 571 1021 et
602 968 702 1035 pia:
735 966 999 1037 religioni,
1031 982 1149 1035 quae
1180 967 1232 1020 in
1259 981 1320 1021 ea
1353 969 1571 1031 colitur,
1604 968 1980 1037 pulcherrima:
2033 978 2087 1025 et

519 1058 834 1112 celsissimae
860 1056 1051 1112 Libani
1081 1056 1301 1113 arbores
1349 1058 1681 1124 deferentur,
1717 1070 1774 1114 ut
1799 1061 1905 1115 illis
1934 1062 2084 1119 locus

512 1163 734 1208 sanctus
769 1167 920 1207 meus
951 1151 1125 1221 gloria
1161 1151 1446 1207 afﬁciatur.
1467 1152 1624 1206 Tales
1646 1163 1825 1206 autem
1866 1153 2084 1221 fuerint,

515 1242 711 1298 eruditi
742 1243 840 1295 viri
874 1256 941 1295 ex
972 1242 1244 1309 gentibus,
1276 1243 1540 1312 sapientia
1580 1244 1759 1299 saeculi
1790 1244 1946 1313 hujus
1982 1236 2086 1300 im-

508 1335 649 1400 buti,
688 1349 824 1403 quos
875 1334 927 1387 in
984 1332 1224 1388 Ecclesia
1261 1332 1355 1388 Dei
1387 1333 1663 1403 ﬂorentes,
1695 1352 1759 1392 ac
1816 1338 2085 1392 sermonis

512 1436 771 1496 apparatu
805 1427 972 1495 ipsam
1004 1434 1260 1481 ornantes
1293 1427 1659 1495 conspicatus,
1708 1429 2023 1499 neutiquam
2053 1444 2084 1483 a

512 1533 640 1574 vero
674 1520 916 1583 aberres,
968 1518 1013 1573 si
1053 1518 1198 1572 dicas
1242 1534 1335 1573 eos
1388 1519 1673 1590 allegorico
1731 1535 1900 1586 more,
1942 1521 2084 1592 ligna

506 1612 725 1675 Libani,
782 1614 1107 1681 cyparissos,
1140 1613 1297 1678 pinus
1339 1622 1395 1666 et
1430 1614 1622 1668 cedros
1663 1615 1844 1668 vocari
1882 1630 1896 1666 :
1933 1615 2084 1685 queis

509 1705 661 1759 locus
698 1715 919 1758 sanctus
950 1705 1045 1759 Dei
1091 1721 1297 1760 necnon
1339 1706 1570 1776 vestigia
1610 1708 1803 1775 pedum
1834 1708 1967 1775 ejus,
2000 1708 2080 1761 vi-

502 1797 699 1851 delicet
725 1796 991 1863 Ecclesia,
1016 1797 1366 1868 glorificatur.

578 2062 740 2117 Vens.
778 2062 867 2116 M.
901 2080 920 2113 (
962 2061 1026 2115 Et
1060 2061 1213 2115 ibunt
1257 2059 1323 2113 ad
1360 2069 1411 2115 te
1445 2060 1693 2115 timentes
1732 2059 1825 2113 lilii
1865 2075 2074 2127 eorum,

506 2156 597 2225 qui
642 2165 694 2209 te
726 2154 1168 2214 humiliaverunt,
1208 2161 1263 2205 et
1295 2152 1643 2205 irritaverunt
1671 2170 1682 2205 :
1711 2161 1764 2207 et
1796 2153 2078 2207 vocaberis

502 2247 703 2301 civitas
739 2244 894 2307 Sion,
937 2244 1110 2297 sancti
1148 2240 1337 2297 Israel.
1371 2262 1389 2294 ι
1435 2242 1501 2296 Et
1541 2258 1670 2298 sane
1700 2242 1895 2298 multos
1928 2245 2077 2298 novi-

505 2352 626 2392 mus
661 2351 728 2391 ex
761 2336 850 2399 iis,
879 2334 970 2403 qni
1004 2334 1130 2389 olim
1167 2335 1218 2387 in
1248 2334 1544 2389 Ecclesiam
1577 2335 1890 2406 blaspliema
1914 2334 2074 2389 verba

505 2426 865 2497 protulerunt,
900 2429 1177 2495 ipsamque
1208 2428 1573 2494 irritaverunt,
1602 2428 1691 2497 qui
1722 2428 1833 2497 jam
1870 2435 2073 2480 mutata

503 2520 790 2585 sententia,
826 2518 992 2574 Deum
1031 2520 1083 2573 in
1117 2533 1180 2574 ea
1229 2520 1509 2574 adoratum
1541 2529 1824 2574 venerunt.

571 2704 735 2760 Vens.
776 2704 959 2759 15-17.
1009 2722 1029 2754 ι
1068 2704 1203 2770 Quia
1234 2700 1382 2755 fuisti
1431 2699 1707 2761 derelicta,
1740 2707 1794 2752 et
1825 2696 1949 2752 odio
1978 2696 2074 2750 ba-

494 2778 634 2863 bita,
667 2807 723 2851 et
752 2813 856 2852 non
895 2806 1013 2852 erat
1042 2797 1134 2865 qui
1183 2794 1562 2849 auxiliaretur.
1604 2791 1671 2845 Et
1702 2804 1896 2860 ponam
1939 2800 1990 2843 te
2019 2788 2072 2842 in

495 2889 919 2943 exsultationem
973 2887 1380 2956 sempiternam,
1415 2885 1469 2938 in
1508 2883 1745 2937 laetitiam
1776 2880 2073 2952 generatio-

500 2984 660 3036 nibus
686 2980 1123 3051 generationum,
1151 2988 1206 3033 et
1242 2991 1404 3047 suges
1443 2976 1525 3031 lac
1554 2975 1818 3045 gentium,
1854 2982 1909 3027 et
1945 2972 2073 3027 divi-

2192 693 2287 746 καὶ
2317 691 2518 765 πεύκη,
2572 691 2669 746 καὶ
2721 690 2894 764 κέδρῳ
2945 695 3079 764 ἅμα,
3115 694 3329 759 δοξάσαι
3371 696 3462 748 τὸν
3486 695 3650 750 τόπον
3682 699 3770 753 τὸν

2192 784 2349 852 ἅγιόν
2380 802 2501 855 μου.
2547 802 2566 836 ι
2604 782 2895 837 Δουλεῦσαι
2928 786 3033 857 γὰρ
3089 786 3169 839 δεῖ
3213 786 3309 858 τήν
3356 789 3622 860 σωτήριον
3679 790 3771 843 καὶ

2191 873 2482 944 καλλίστην
2536 874 2779 927 δουλείαν
2819 877 2883 945 τῇ
2916 873 3010 927 τοῦ
3048 875 3180 928 Θεοῦ
3223 877 3393 943 πόλει,
3428 877 3574 944 λέγω
3609 878 3667 931 δὲ
3703 882 3768 950 τῇ

2202 965 2518 1037 Ἐκκλησία,
2550 966 2645 1018 καὶ
2686 965 2764 1036 τῷ
2804 969 2860 1019 ὲν
2885 967 3020 1038 αὐτῇ
3048 966 3286 1021 θεοσεϐεῖ
3313 968 3667 1041 πολιτεύματι
3701 971 3769 1024 τὰ

2188 1057 2450 1111 κάλλιστα
2476 1057 2568 1109 καὶ
2600 1055 2907 1127 ὑψηλότατα
2930 1056 3036 1110 τῶν
3068 1058 3124 1109 ὲν
3150 1057 3226 1127 τῷ
3251 1058 3466 1129 Λιϐάνῳ
3497 1060 3636 1128 φυτά
3676 1079 3766 1114 κο-

2191 1148 2529 1221 μισθήσεται,
2583 1149 2663 1211 είς
2711 1148 2771 1201 τὸ
2801 1148 2868 1200 δι’
2897 1148 3076 1202 αὐτῶν
3120 1148 3442 1219 δοξασθῆναι
3477 1151 3567 1203 τὸν
3600 1152 3766 1205 τόπον

2186 1243 2275 1295 τὸν
2299 1242 2452 1309 ἆγιόν
2477 1258 2597 1312 μου.
2630 1241 2869 1294 Τοιοῦτοι
2899 1240 2943 1293 δ’
2974 1240 3039 1294 ἂν
3062 1236 3168 1293 εἶεν
3193 1241 3241 1293 οἱ
3274 1241 3331 1307 ἐξ
3360 1241 3527 1295 ἐθνῶν
3554 1242 3764 1312 ἐλλόγι-

2188 1349 2277 1402 μοι
2313 1332 2502 1403 άνδρες
2532 1332 2626 1385 καὶ
2648 1332 2836 1400 σοφίας
2862 1331 2955 1385 τοῦ
2980 1331 3175 1395 αἰῶνος
3207 1332 3396 1385 τούτου
3427 1335 3762 1405 μετεσχηκό-

2184 1440 2275 1486 τες
2298 1441 2310 1453 ο
2344 1423 2437 1487 οὓς
2457 1425 2514 1478 ὲν
2548 1427 2612 1495 τῇ
2648 1423 2939 1495 Ἐκκλησία
2962 1423 3054 1477 τοῦ
3083 1422 3217 1477 Θεοῦ
3241 1424 3636 1497 διαπρέποντας
3668 1426 3765 1481 καὶ

2186 1515 2524 1586 κοσμοῦντας
2556 1516 2725 1588 αὐτὴν
2759 1519 2824 1588 τῇ
2858 1516 2949 1569 τοῦ
2972 1516 3130 1585 λόγου
3155 1520 3477 1590 παρασκευῇ
3501 1518 3763 1590 θεασάμε-

2184 1625 2273 1671 νος
2308 1608 2406 1660 οὐκ
2431 1606 2496 1661 ἂν
2526 1608 2792 1679 ἁμάρτοις
2815 1608 3011 1672 αὐτοὺς
3036 1602 3176 1663 εἶναι
3208 1610 3277 1663 τά
3310 1608 3439 1674 ξύλα
3472 1609 3565 1664 τοῦ
3602 1612 3764 1667 Λιϐά-

2186 1718 2276 1753 νου
2303 1739 2317 1763 ,
2350 1700 2687 1770 κυπάρισσον
2730 1700 2823 1752 καὶ
2852 1700 3061 1765 πεύκας
3095 1701 3189 1754 καὶ
3223 1702 3466 1774 κέδρους,
3510 1705 3651 1759 κατά
3682 1705 3759 1759 νό-

2108 1791 2149 1845 Β
2182 1810 2279 1863 μον
2320 1792 2647 1864 ἀλληγορίας
2681 1792 2879 1847 εἰπών·
2918 1792 2983 1845 δι’
3032 1786 3105 1848 ὧν
3153 1792 3431 1860 δοξάζεται
3475 1798 3502 1849 6
3533 1796 3695 1861 τόπος
3730 1798 3760 1850 6

2182 1883 2335 1952 άγιος
2361 1883 2455 1936 τοῦ
2472 1883 2627 1949 Θεοῦ,
2659 1884 2754 1937 καὶ
2779 1886 2808 1937 6
2827 1884 2988 1949 τόπος
3014 1884 3121 1938 τῶν
3148 1886 3324 1941 ποδῶν
3347 1888 3532 1953 αὐτοῦ,
3559 1888 3759 1963 δηλαδὴ

2180 1980 2213 2048 ἠ
2247 1978 2561 2049 Ἐκκλησία.

2254 2087 2271 2119 ι
2310 2070 2419 2122 Kal
2454 2068 2809 2141 πορεύσονται
2841 2068 2977 2141 πρὸς
3018 2068 3079 2122 σὲ
3107 2067 3401 2133 δεδοικότες
3432 2070 3538 2124 ulol.
3569 2087 3758 2125 ταπει-

2178 2161 2466 2216 νωσάντων
2517 2179 2597 2226 σε,
2639 2162 2733 2216 καὶ
2788 2162 3205 2232 παροξυνάντων
3252 2180 3332 2227 σε,
3382 2165 3476 2217 καὶ
3510 2163 3759 2239 κληθήσῃ

2178 2252 2330 2314 πόλις
2350 2252 2508 2319 Σιὼν,
2554 2252 2710 2321 ἁγίου
2752 2252 2989 2323 Ἰσραήλ.
3027 2270 3045 2303 ι
3076 2251 3187 2305 Kal
3224 2250 3396 2315 ἄλλως
3424 2252 3479 2305 δὲ
3513 2252 3618 2305 τῶν
3650 2252 3757 2306 πά-

2175 2341 2265 2395 λαι
2293 2341 2798 2415 βλασφημησάντων
2844 2340 2939 2413 τὴν
2991 2341 3337 2414 Ἐκκλησίαν,
3386 2343 3480 2396 καὶ
3518 2342 3755 2414 παροξυ-

2175 2433 2380 2488 νάντων
2423 2434 2613 2504 αὐτὴν,
2655 2432 2751 2486 καὶ
2789 2428 3113 2497 διωξάντων,
3150 2431 3378 2497 πολλοὺς
3414 2433 3569 2504 ἴσμεν
3597 2451 3755 2505 μεταο

2179 2524 2460 2588 ϐαλόντας,
2501 2525 2595 2578 καὶ
2629 2524 2720 2577 ἐπὶ
2757 2522 2816 2577 τὸ
2856 2526 3178 2596 προσκυνεῖν
3224 2524 3314 2578 τὸν
3355 2526 3411 2579 ὲν
3445 2526 3581 2599 αὑτῇ
3619 2525 3754 2582 Θεὸν

2178 2617 2523 2689 ἐληλυθότας.

2253 2725 2271 2759 ι
2301 2707 2399 2759 Διά
2420 2708 2479 2760 τὸ
2501 2706 2823 2779 γεγενῆσθαί
2851 2726 2909 2761 σε
2931 2708 3519 2779 ὲγκαταλελειμμένην,
3544 2709 3637 2762 καὶ
3662 2725 3755 2780 με·

2178 2799 2503 2871 μισημένην,
2526 2800 2621 2853 καὶ
2656 2801 2754 2853 οὐκ
2770 2796 2838 2872 ῆν
2863 2803 2891 2854 6
2923 2800 3149 2872 βοηθῶν.
3178 2802 3286 2854 Kal
3318 2801 3467 2873 θήσω
3495 2817 3554 2854 σε
3584 2800 3753 2869 ἀγαλ-

2174 2885 2343 2956 λίαμα
2384 2885 2619 2952 αἰώνιον,
2658 2887 2993 2960 εὐφροσύνην
3024 2889 3223 2957 γενεῶν
3255 2892 3488 2958 γενεαῖς,
3526 2891 3620 2958 καὶ
3654 2890 3751 2961 θη-

2174 2975 2358 3041 λάσεις
2385 2978 2525 3046 γάλα
2565 2978 2753 3043 ἐθνῶν,
2796 2980 2889 3032 καὶ
2933 2978 3160 3033 πλοῦτον
3193 2980 3455 3051 βασιλέων
3489 2981 3743 3050 φάγεσαι.

500 3077 601 3129 tias
625 3088 808 3144 regum
842 3073 1111 3128 comedes.
1159 3070 1226 3124 Et
1275 3081 1595 3138 cognosces,
1641 3067 1765 3137 quia
1809 3080 1909 3134 ego
1950 3078 2067 3118 sum

2175 3066 2286 3118 Kal
2318 3066 2522 3139 γνώσῃ,
2561 3068 2643 3120 ὅτι
2687 3065 2795 3135 ἐγὼ
2830 3066 3033 3139 Κύριος
3073 3070 3100 3122 ὁ
3136 3067 3321 3133 σώζων
3350 3085 3431 3131 σε,
3474 3070 3567 3122 καὶ
3600 3068 3745 3133 ἐξαι-

488 3141 781 3230 Dontinus,
805 3166 895 3235 qui
927 3164 1131 3219 salvum
1179 3172 1231 3217 te
1264 3161 1427 3224 facio,
1460 3169 1515 3215 et
1553 3159 1642 3227 qui
1684 3171 1816 3213 eruo
1848 3167 1897 3211 te
1928 3156 2067 3210 Deus

2174 3157 2428 3229 ρούμενός
2452 3175 2509 3210 σε
2540 3158 2672 3222 Θεὸς
2718 3158 2953 3229 Ἰσραήλ.
2982 3160 3091 3212 Καὶ
3118 3160 3237 3212 ἀντὶ
3268 3159 3466 3229 χαλκοῦ
3508 3161 3637 3214 οἴσω
3663 3176 3746 3212 σοι

492 3259 683 3316 Israel.
714 3260 781 3313 Et
808 3272 906 3326 pro
934 3271 1040 3311 tere
1071 3253 1291 3308 all‘eram
1355 3251 1448 3305 tibi
1509 3266 1695 3305 aurum
1734 3267 1748 3306 :
1781 3263 1878 3317 pro
1922 3247 2066 3302 ferro

496 3360 675 3405 autem
701 3348 919 3402 atl‘eram
955 3348 1046 3401 tibi
1084 3354 1387 3418 argentum,
1414 3358 1509 3412 pro
1542 3341 1699 3411 lignis
1721 3339 1943 3394 afferam
1968 3338 2064 3393 tibi

482 3458 589 3507 aes,
617 3452 672 3497 et
705 3457 803 3509 pro
825 3438 1091 3508 lapidibus
1130 3437 1355 3492 ferrum.
1379 3435 1445 3489 Et
1472 3434 1609 3489 dabo
1640 3432 1912 3503 principes
1945 3440 2065 3485 tuos

492 3536 549 3588 in
594 3548 744 3602 pace,
784 3540 839 3587 et
876 3532 1158 3600 episcopos
1205 3538 1325 3583 tuos
1368 3528 1419 3581 in
1458 3525 1689 3596 iustitia.
1725 3544 1744 3577 ι
1778 3524 1892 3579 Hoc
1932 3538 2063 3579 vero

492 3627 621 3695 quid
656 3625 843 3687 fuerit,
875 3624 976 3679 nisi
1011 3638 1205 3678 novum
1253 3623 1564 3693 mysterium
1611 3618 1940 3689 evangelicae
1969 3618 2073 3681 doc,

492 3720 700 3783 ctrinw,
724 3727 777 3772 et
798 3716 1145 3772 elementaris
1167 3714 1257 3768 illa
1285 3714 1417 3767 Novi
1438 3712 1766 3767 Testatnenti
1792 3711 2058 3777 doctrina,

490 3810 645 3879 cujus
673 3818 952 3864 consortes
981 3816 1106 3860 sunt
1134 3806 1166 3859 ii
1196 3807 1286 3875 qui
1319 3805 1371 3858 in
1402 3804 1616 3859 Christo
1651 3812 2057 3873 regenerantur,

478 3899 582 3967 qui
617 3896 808 3965 seipsis
846 3896 1096 3949 meliores
1140 3893 1307 3948 futuri
1355 3905 1499 3962 sunt,
1551 3908 1616 3948 ac
1660 3893 1749 3947 Dei
1778 3900 2061 3946 structura:

487 3988 754 4048 utiliores,
794 3986 1248 4055 quemadmodum
1288 3996 1342 4041 et
1397 3985 1579 4055 primi,
1620 3987 1709 4055 qui
1741 4000 1838 4055 pro
1871 4000 1976 4039 tere
2004 3993 2058 4038 et

488 4077 634 4131 ferro
670 4092 859 4130 aurum
892 4085 946 4131 et
977 4084 1256 4145 argentum
1305 4076 1357 4130 in
1409 4075 1880 4131 commutationem
1919 4072 2057 4127 obti-

481 4169 761 4224 :nnerunt?

562 4308 720 4363 Vens.
754 4307 841 4362 18.
876 4326 898 4359 ι
945 4307 1010 4362 Ει
1044 4323 1149 4362 non
1190 4307 1440 4361 audietur
1479 4306 1652 4362 adhuc
1685 4305 1945 4373 iniustitia
2001 4303 2053 4359 in

478 4412 632 4455 terra
672 4410 973 4468 tua,neque
1000 4398 1275 4461 contritio,
1318 4413 1494 4469 neque
1526 4397 1741 4452 miseria
1778 4398 1829 4451 in
1858 4397 2053 4452 finibus

2168 3250 2409 3319 χρυσίον,
2436 3250 2529 3303 καὶ
2552 3250 2671 3303 ἀντὶ
2698 3250 2911 3322 σιδήρου
2941 3250 3073 3303 οἴσω
3098 3268 3178 3304 σοι
3203 3251 3464 3323 ἀργύριον
3486 3268 3500 3282 ·
3537 3251 3658 3305 ἀντὶ
3689 3252 3747 3304 δὲ

2167 3338 2336 3405 ξύλων
2381 3342 2512 3395 οἴσω
2546 3359 2626 3395 σοι
2654 3343 2869 3413 χαλκὸν,
2905 3344 3025 3397 ἀντὶ¹
3066 3344 3121 3397 δὲ
3148 3343 3330 3411 λίθων,
3363 3345 3601 3416 σίδηρον.
3632 3344 3745 3397 Kal.

2162 3431 2318 3485 δώσω
2350 3435 2475 3497 τοὺς
2506 3434 2772 3506 ἄρχοντάς
2804 3453 2895 3490 σου
2916 3438 2974 3489 ὲν
3000 3438 3216 3511 εἰρήνῃ,
3246 3438 3339 3491 καὶ
3364 3438 3488 3501 τοὺς
3519 3436 3745 3489 ἐπισκόε

2164 3540 2299 3587 πους
2333 3540 2426 3577 σου
2459 3526 2517 3577 ὲν
2546 3525 2878 3598 δικαιοσύνῃ.
2915 3547 2933 3580 ›
2977 3528 3145 3581 Τοῦτο
3174 3529 3230 3581 δὲ
3258 3530 3310 3581 τί
3334 3528 3449 3581 ποτ’
3480 3528 3545 3581 ἂν
3578 3526 3667 3600 εἴη
3694 3530 3743 3582 εί

2165 3614 2240 3687 μὴ
2295 3616 2354 3669 τὸ
2386 3618 2572 3671 καινὸν
2605 3619 2897 3690 μυστήριον
2940 3620 3040 3690 τῆς
3082 3620 3439 3691 εὐαγγελικῆς
3481 3620 3741 3675 διδασκα-

2161 3705 2300 3768 λίας,
2335 3706 2431 3759 καὶ
2470 3707 2504 3778 ή
2551 3707 2895 3781 στοιχειώδης
2923 3709 3240 3763 διδασκαλία
3268 3711 3366 3780 τῆς
3387 3711 3596 3781 Καινῆς
3620 3714 3741 3765 Δια-

2162 3801 2351 3874 θήκης,
2379 3798 2447 3875 ἧς
2483 3802 2796 3873 μετέχουσιν
2830 3806 2878 3857 οἱ
2918 3805 2978 3859 ἐν
3023 3806 3242 3877 Χριστῷ
3283 3804 3736 3876 ἀναγεννὼμενοι,

2162 3892 2399 3963 βελτίους
2438 3895 2534 3965 μὲν
2577 3894 2786 3950 ἑαυτῶν
2827 3899 3177 3970 γενησόμενοι
3211 3899 3304 3952 καὶ
3332 3897 3738 3970 χρησιμώτερα

2157 3989 2222 4057 τῇ
2269 3986 2363 4039 τοῦ
2407 3985 2542 4040 Θεοῦ
2588 3988 2843 4060 οἰκοδομῇ
2879 3988 3020 4042 κατὰ
3046 3990 3171 4053 τοὺς
3209 3988 3478 4059 πρώτους,
3523 3990 3572 4041 οἳ
3613 3988 3737 4042 ἀντὶ

2158 4079 2357 4149 χαλκοῦ
2387 4081 2479 4135 καὶ
2503 4081 2724 4153 σιδήρου
2752 4081 2953 4153 χρυσοῦ
2979 4100 3036 4136 τε
3064 4082 3157 4135 καὶ
3179 4082 3419 4154 ἀργύρου
3449 4082 3611 4153 τιμὴν
3640 4081 3734 4136 ἀν·

2155 4172 2615 4245 τικατηλλάξαντο
2634 4189 2649 4240 ;

2232 4328 2251 4359 ‹
2287 4310 2398 4363 Kal.
2438 4311 2539 4364 οὐκ
2563 4309 2957 4381 ἀκουσθήσεται
2992 4306 3074 4361 ἔτι
3100 4307 3285 4361 ἀδικία
3324 4308 3381 4360 ὲν
3413 4310 3478 4379 τῇ
3511 4308 3580 4377 γῇ
3610 4322 3731 4369 σου,

2154 4399 2275 4453 οὐδὲ
2299 4400 2630 4471 σύντριμμα,
2650 4399 2769 4453 οὐδὲ
2797 4398 3137 4470 ταλαιπωρία
3166 4399 3226 4451 ὲν
3256 4400 3369 4461 τοῖς
3400 4397 3568 4469 ὁρίοις
3599 4412 3691 4449 σου
3712 4411 3728 4427 ο

478 4493 631 4546 τιιίεε
663 4492 755 4547 scd
798 4491 1133 4546 vocabuntur
1167 4490 1419 4545 Saltttare
1470 4490 1610 4544 muri
1649 4490 1745 4554 tui,
1781 4498 1835 4543 et
1876 4498 2048 4557 porta:

2166 4493 2287 4547 Ξιλλά
2319 4493 2649 4563 κληθήσεται
2678 4492 2948 4563 Σωτήρων
2978 4490 3050 4544 τὰ
3069 4491 3220 4562 τείχη
3249 4508 3367 4557 σου,
3401 4491 3495 4544 καὶ
3538 4490 3595 4541 αἱ
3628 4488 3733 4541 πύ-

486 4594 609 4647 tuae,
647 4583 938 4652 sculptura.
974 4601 994 4635 ι
1043 4583 1147 4638 Pro
1188 4578 1299 4645 illo,
1344 4600 1363 4633 ε
1411 4582 1683 4648 Salutare,
1728 4601 1748 4634 ι
1786 4581 2047 4637 Hebraica

477 4674 774 4743 scriptura,
815 4691 833 4724 ‹
858 4672 1041 4728 Jesum
1088 4691 1105 4724 ι
1143 4673 1380 4742 praefert,
1444 4672 1731 4742 ipsissimis
1764 4671 2048 4727 elementis

482 4776 538 4821 et
574 4764 999 4826 characteribus,
1028 4763 1184 4834 queis
1224 4763 1338 4833 ipse
1370 4761 1623 4817 Salvator
1649 4761 1939 4824 scribitur;
1972 4763 2045 4816 ita

479 4868 541 4914 ut
571 4857 687 4928 ipsa
720 4858 887 4912 virtus
920 4855 1220 4911 Salvatoris
1253 4855 1423 4909 nostri
1476 4853 1635 4921 Iesu,
1683 4869 1782 4925 pro
1814 4865 1967 4925 septo
1994 4864 2048 4911 et

479 4968 633 5011 muro
659 4954 819 5010 ﬁrmo
851 4952 917 5007 iis
951 4952 1040 5023 qui
1080 4950 1190 5006 Deo
1216 4950 1361 5019 digni
1396 4951 1614 5019 fuerint,
1640 4952 1817 5007 futura
1849 4953 1941 5007 sit.

552 5181 717 5237 Vens.
751 5181 839 5237 l9.
873 5199 893 5233 ι
926 5179 992 5235 Et
1026 5194 1130 5234 non
1160 5176 1266 5240 erit
1294 5173 1387 5229 tibi
1408 5173 1640 5246 amplius
1672 5174 1752 5228 sol
1781 5173 1833 5227 in
1870 5171 2045 5225 lucem

477 5270 607 5335 diei,
639 5286 815 5341 neque
856 5281 1007 5328 ortus
1036 5271 1174 5326 luna:
1223 5267 1546 5322 illuminabit
1590 5274 1801 5322 noctem
1857 5268 2041 5319 tuam":

476 5361 570 5415 sed
619 5363 723 5417 erit
754 5362 846 5416 tibi
883 5363 1137 5418 Dominus
1167 5362 1257 5417 lux
1288 5360 1635 5429 sempiterna,
1660 5367 1715 5412 et
1746 5358 1906 5425 Deus,
1944 5357 2050 5426 glo-

476 5452 557 5507 ria
587 5461 701 5508 tua.
742 5472 761 5506 ι
797 5454 903 5509 Sed
942 5456 1193 5510 columna
1233 5452 1477 5522 quaedam
1528 5449 1725 5504 divinae
1780 5448 1916 5504 lucis
1946 5450 2051 5503 erit

482 5546 855 5616 resplendens,
879 5546 1085 5603 scilicet
1109 5561 1305 5617 corpus
1332 5558 1638 5613 resurgens,
1671 5542 1813 5613 quod
1852 5542 2050 5598 dicitur

481 5640 859 5698 vestimentum
882 5637 1165 5695 Salutaris.
1196 5636 1313 5693 Non
1343 5637 1487 5692 enim
1513 5635 1649 5691 ultra
1681 5648 1879 5705 corpus
1901 5648 2049 5688 mor-

485 5735 554 5790 tis
586 5732 710 5805 erit,
740 5732 897 5805 quale
931 5729 1131 5790 Paulus
1164 5731 1471 5790 declarabat
1515 5727 1599 5786 bis
1626 5727 1829 5793 verbis,
1871 5746 1887 5780 ι
1916 5725 2046 5794 Quis

2152 4583 2260 4647 λαι,
2288 4584 2533 4655 γλύμμα.
2567 4603 2585 4636 ι
2625 4584 2769 4638 Ἀντὶ
2793 4583 2849 4636 δὲ
2875 4582 2990 4648 τοῦ,
3021 4602 3039 4635 ι
3068 4584 3367 4655 Σωτηρίου,
3395 4602 3415 4636 ι
3440 4583 3475 4654 ἡ
3511 4583 3723 4655 Ἐὅραῖο

2150 4676 2221 4747 κὴ
2244 4677 2548 4744 ἀνάγνωσις
2574 4675 2663 4729 τὸν
2683 4694 2703 4728 ‹
2728 4676 2934 4748 Ἰησοῦν
2956 4696 2973 4728 ι
2993 4676 3155 4730 αὐτόν
3178 4694 3237 4730 τε
3268 4677 3510 4747 περιέχει
3532 4676 3722 4740 αὐτοῖς

2151 4768 2434 4838 στοιχείοις
2452 4769 2546 4821 καὶ
2568 4768 2961 4840 χαρακτῆρσιν,
2984 4768 3118 4831 οἵοις
3150 4770 3178 4821 6
3202 4768 3388 4839 Σωτὴρ
3416 4768 3574 4839 ήμῶν
3597 4768 3729 4822 ἀνα-

2148 4860 2447 4932 γράφεται³
2492 4859 2568 4923 ὡς
2594 4859 2693 4931 τὴν
2723 4858 2887 4913 αὑτοῦ
2910 4859 3135 4930 δύναμιν
3164 4860 3258 4914 τοῦ
3288 4859 3539 4930 Σωτῆρος
3568 4860 3730 4931 ἡμῶν

2034 4957 2057 4991 ε’
2164 4950 2338 5024 Ἰησοῦ
2364 4953 2484 5005 ἀντὶ⁸
2503 4951 2786 5022 περιϐόλου
2813 4952 2907 5004 καὶ
2932 4952 3143 5022 τείχους
3173 4952 3397 5024 στερροῦ
3422 4952 3534 5015 τοῖς
3552 4951 3729 5019 ἀξίοις

2151 5044 2245 5098 τοῦ
2275 5042 2411 5097 Θεοῦ
2433 5042 2704 5111 γενέσθαι.

2226 5197 2246 5231 ‹
2283 5180 2394 5234 Kal
2423 5181 2521 5233 οὐκ
2548 5179 2699 5233 ἔσται
2738 5179 2817 5233 ἔτι
2859 5196 2941 5233 σοι
2970 5181 2999 5234 6
3039 5180 3188 5251 ἥλιος
3221 5180 3300 5242 είς
3333 5178 3448 5247 φῶς
3485 5178 3723 5250 ἡμέρας,

2152 5272 2271 5325 οὐδὲ
2303 5272 2531 5344 ἀνατολὴ
2588 5272 2815 5345 σελήνης
2867 5275 3059 5343 φωτιεῖ
3109 5288 3199 5324 σου
3238 5270 3337 5342 τὴν
3363 5270 3566 5323 νύκταο
3609 5269 3723 5322 ἀλλ’

2153 5362 2301 5416 ἔσται
2328 5381 2410 5417 σοι
2432 5364 2632 5435 Κύριος
2656 5364 2771 5433 φῶς
2800 5363 3035 5430 αἰώνιον,
3061 5362 3197 5416 καὶὸ
3220 5360 3371 5425 Θεὸς,
3390 5361 3516 5426 δόξα
3550 5378 3663 5415 σου.
3695 5377 3718 5412 ι

2146 5454 2322 5526 Στήλη
2345 5455 2401 5508 δέ
2431 5473 2513 5515 τις
2542 5456 2694 5510 ἔσται
2720 5457 2835 5527 φῶς
2858 5454 3319 5528 ἀπαστράπτουσα
3344 5454 3508 5519 θεῖον,
3532 5453 3593 5507 τὸ
3626 5452 3723 5505 σῶ-

2150 5564 2226 5617 μα
2251 5548 2350 5619 τῆς
2377 5549 2742 5616 ἀναστάσεως,
2770 5551 2829 5603 τὸ
2858 5550 3143 5621 λεγόμενον
3175 5549 3387 5619 ἱμάτιον
3419 5547 3717 5619 Σωτηρίου.

2146 5640 2341 5695 Οὐκέτι
2367 5641 2474 5712 γὰρ
2505 5640 2732 5696 θανάτου
2766 5641 2943 5712 σῶμα,
2970 5638 3080 5694 οἷον
3120 5640 3148 5691 6
3182 5639 3391 5702 Παῦλος
3417 5639 3604 5709 ἐδήλου
3632 5637 3722 5690 λέ-

2147 5749 2257 5801 γων
2278 5750 2289 5764 ·
2328 5752 2346 5785 ι
2380 5731 2474 5797 Τίς
2504 5749 2569 5803 με
2602 5732 2824 5804 ῥύσεται
2859 5732 2923 5786 ὲκ
2955 5730 3048 5787 τοῦ
3081 5730 3326 5803 σώματος
3364 5728 3455 5782 τοῦ
3487 5726 3720 5783 θανάτου
