4108 6204
370 325 469 381 I97

1331 319 1825 377 COMMENTABIA
1864 319 1931 374 IN
1968 317 2224 373 ISAIAM.
2262 347 2329 356 —
2368 316 2521 372 CAP.
2561 314 2730 371 LXII.

3514 316 3614 370 ἄθὸ

376 444 597 509 reticeo;
636 462 654 494 ι
685 443 834 497 ἔσται
877 443 1097 496 κάκεῖνο
1134 444 1416 514 σωτήριον.
1450 442 1720 513 Σωτήριον
1747 444 1802 497 δὲ
1831 443 1940 515 ἱμά-

2059 457 2141 496 me
2170 441 2419 497 liberabit
2450 441 2516 495 de
2542 452 2772 508 corpore
2804 437 2994 493 mortis
3034 436 3192 504 hujus
3215 436 3296 489 "?
3331 455 3367 487 ιν
3393 435 3619 490 sederit

372 555 489 590 τιον
528 537 601 606 τῇ
637 535 777 606 ψυχῇ
807 534 1178 606 περιθήσεται,
1219 534 1312 588 καὶ
1338 534 1540 605 χιτῶνα
1575 535 1942 606 εὐφροσύνηςο

374 631 608 693 ἕκαστος
662 627 764 699 γὰρ
819 630 935 690 ταῖς
993 626 1188 681 ἑαυτοῦ
1249 627 1479 700 πράξεσι
1522 629 1639 691 ταῖς
1679 628 1820 681 κατά
1867 630 1947 682 δι-

377 720 671 790 καιοσύνην
700 720 1115 791 πεπραγμέναις
1163 720 1254 774 τὸν
1312 718 1505 772 ἑαυτοῦ
1550 718 1751 790 κόσμον
1799 717 1947 771 ὲνδύ-

382 830 556 866 σεται.

460 924 478 955 ι
516 906 585 958 Οὐ
609 904 713 977 γὰρ
745 903 963 957 δύσεταί
986 921 1067 956 σοι
1086 904 1114 956 6
1137 903 1287 974 ἥλιός
1315 922 1416 969 σοι,
1446 905 1540 959 καὶ
1571 906 1604 976 ἡ
1640 904 1836 977 σελήνη
1866 920 1947 956 σοι

382 992 480 1044 οὐκ
512 990 779 1061 ἐκλείψει·
843 991 997 1045 ἔσται
1045 992 1152 1063 γάρ
1200 1010 1279 1046 σοι
1324 993 1528 1066 Κύριος
1563 994 1676 1065 φῶς
1711 993 1945 1060 αἰώνιον,

381 1082 473 1134 καὶ
505 1082 1057 1155 ἀναπληρωθήσονται
1105 1084 1160 1137 αἱ
1207 1085 1411 1157 ἡμέραι
1451 1086 1544 1139 τοῦ
1573 1086 1798 1149 πένθους
1831 1103 1945 1139 σου.

376 1172 484 1225 Καὶ
523 1172 551 1224 ὁ
591 1171 717 1235 λαός
755 1190 848 1226 σου
874 1174 981 1235 πᾶς
1008 1172 1234 1239 δίκαιος,
1274 1173 1342 1228 δι’
1378 1174 1570 1239 αἰῶνος
1614 1174 1950 1247 κληρονομή-

376 1279 527 1315 σουσι
559 1263 657 1334 τὴν
687 1264 811 1335 γῆν,
862 1264 1149 1334 φυλάσσων
1193 1264 1254 1317 τὸ
1295 1266 1544 1337 φύτευμα
1588 1265 1724 1339 ἔργα
1753 1265 1949 1337 χειρῶν

369 1353 537 1407 αὐτοῦ
570 1357 649 1418 εἰς
673 1355 853 1422 δόξαν.
894 1356 951 1409 Ὁ
979 1354 1253 1424 ὀλιγοστὸς
1283 1355 1437 1410 ἔσται
1463 1358 1543 1420 είς
1562 1357 1823 1427 χιλιάδας,
1855 1358 1949 1411 καὶ

367 1449 398 1500 6
428 1447 732 1517 ἐλάχιστος,
770 1448 850 1511 εἷς
878 1446 1029 1510 ἔθνος
1064 1448 1224 1518 μέγα.
1269 1447 1409 1517 Ἐγὼ
1435 1449 1636 1520 Κύριος
1667 1450 1805 1505 κατά
1833 1468 1951 1504 και-

372 1538 467 1609 ρδν
491 1538 704 1603 συνάξω
738 1538 952 1603 αὐτούς.

478 1634 481 1637 ⁷
882 1632 1276 1687 ΚΕΦΑΛΑΙΟΝ
1338 1631 1457 1685 ΞΝ.

452 1738 471 1770 ι
514 1719 737 1790 Πνεῦμα
786 1720 990 1791 Κυρίου
1021 1721 1106 1774 ἐπ’
1144 1723 1266 1794 ἐμὲ,
1312 1715 1373 1776 οὗ
1413 1722 1618 1776 εἵνεκεν
1649 1721 1830 1794 ἕχρισέ
1855 1740 1942 1795 με,

370 1808 824 1878 εὐαγγελίσασθαι
857 1815 1088 1882 πτωχοῖς
1110 1812 1417 1867 ἀπέσταλκέ
1668 1832 1687 1866 ι

894 1904 1290 1958 ΚΕΦΑΛΑΙΟΝ
1320 1904 1437 1958 ΞΒ’.

449 2008 470 2042 ε
512 1991 611 2046 Διά
644 1993 780 2048 Σιὼν
826 1995 885 2048 οὐ
921 1997 1287 2067 σιωπήσομαι,
1339 1998 1432 2051 καὶ
1464 1996 1552 2051 διὰ
1594 1997 1944 2070 Ἰερουσαλὴμ

370 2084 476 2137 οὐκ
506 2085 711 2155 ἀνήσω,
740 2087 843 2151 ἓως
868 2087 933 2142 ἂν
963 2088 1153 2163 ἐξέλθῃ
1180 2089 1255 2153 ὠς
1283 2089 1397 2159 φῶς
1431 2091 1463 2161 ἡ
1500 2090 1809 2162 δικαιοσύνη
1848 2093 1939 2145 αὐ-

370 2176 474 2245 τῆς
498 2192 512 2206 ·
570 2177 630 2231 τὸ
661 2178 717 2232 δὲ
762 2181 1034 2254 Σωτήριόν
1087 2200 1188 2253 μου
1222 2182 1296 2247 ὠς
1338 2182 1555 2254 λαμπὰς
1590 2185 1940 2257 καυθήσεται.

374 2268 489 2321 Καὶ
522 2268 739 2338 ὄψονται
766 2270 835 2325 τὰ
866 2272 991 2345 ἔθνη
1020 2272 1115 2344 τὴν
1141 2273 1483 2347 δικαιοσύνην
1520 2294 1633 2344 σου,
1665 2278 1759 2331 καὶ
1790 2277 1942 2349 βασι-

370 2358 506 2425 λεῖς,
540 2362 636 2432 τὴν
672 2362 828 2427 δόξαν
867 2381 978 2418 σου.
1010 2365 1119 2418 Καὶ
1140 2365 1354 2420 καλέσει
1386 2384 1441 2421 σε
1464 2368 1523 2420 τὸ
1545 2368 1712 2439 ὄνομα
1737 2370 1795 2423 τὺ
1820 2387 1943 2423 και-

371 2454 485 2517 νὸν,
542 2453 571 2506 ὃ
602 2457 630 2507 6
660 2455 862 2526 Κύριος
908 2457 1159 2527 ὀνομάσει
1199 2458 1347 2512 αὐτό.
1390 2461 1501 2513 Καὶ
1543 2460 1639 2533 ἔσῃ
1688 2462 1943 2531 στέφανος

372 2548 601 2611 κάλλους
630 2550 688 2601 ὲν
724 2549 866 2620 χειρὶ
901 2549 1130 2621 Κυρίου,
1178 2550 1272 2603 καὶ
1308 2550 1543 2622 διάδημα
1582 2551 1856 2622 βασιλείας
1886 2556 1943 2607 ὲν

370 2642 517 2713 χειρὶ
574 2640 708 2693 Θεοῦ
758 2658 871 2695 σου.
914 2660 933 2694 ι
979 2644 1073 2696 Ὃν
1124 2642 1456 2714 ἀπολήψεται
1502 2645 1620 2697 τότε
1670 2646 1901 2715 λέγουσα
1925 2666 1938 2678 ·

377 2751 399 2783 ι
436 2732 539 2786 Τὸν
574 2733 735 2786 καλὸν
756 2733 1066 2806 ἠγώνισμαι
1095 2735 1302 2805 ἀγῶνα,
1328 2735 1418 2789 τὸν
1438 2736 1636 2807 δρόμον
1664 2739 1931 2797 τετέλεκα,

372 2825 472 2895 τὴν
502 2825 681 2878 πίστιν
709 2828 987 2897 τετήρηκα
1009 2844 1022 2857 ·
1052 2827 1234 2883 λοιπὸν
1260 2820 1543 2884 ἀπόκειταί
1584 2848 1672 2903 μοι
1693 2834 1720 2886 6
1749 2832 1847 2903 τῆς
1867 2833 1943 2886 δι-

372 2917 664 2988 καιοσύνης
690 2919 967 2988 στέφανος.
1009 2938 1027 2972 ›
1073 2921 1135 2974 Ἠ
1173 2922 1229 2975 δὲ
1265 2922 1421 2994 αὐτὴ,
1459 2922 1643 2996 νύμφη
1692 2942 1776 2989 τις
1808 2921 1940 2981 οὖσα

371 3008 467 3062 τοῦ
499 3010 726 3080 νυμφίου
748 3010 921 3080 Λόγου
951 3013 1043 3065 καὶ
1066 3012 1133 3066 τὰ
1156 3017 1283 3086 παρ’
1316 3014 1479 3069 αὐτοῦ
1503 3009 1790 3088 σπέρματα
1814 3019 1942 3074 ὐπο-

369 3101 659 3173 δεξαμένη,
697 3106 939 3175 καρποὺς
967 3104 1197 3176 ὡραίους
1233 3108 1325 3161 καὶ
1362 3108 1605 3173 εὐανθεῖς
1630 3110 1935 3169 ἀποδίδωσι.

374 3192 543 3245 Πάλιν
570 3192 625 3245 δὲ
659 3193 935 3247 κάνταῦθα
976 3196 1035 3249 τὸ
1072 3196 1318 3262 θεοσεϐὲς
1342 3199 1639 3271 πολίτευμα
1679 3202 1741 3255 τὸ
1772 3203 1938 3257 πάλαι

372 3285 627 3347 συνεστὸς
670 3285 819 3356 παρά
864 3286 1135 3352 Ἰουδαίοις
1181 3289 1351 3360 δηλοῖ.
1404 3293 1674 3362 Στέφανος
1716 3294 1824 3367 γὰρ
1864 3296 1939 3362 ὡς

370 3374 590 3444 ἀληθῶς
634 3375 867 3446 Χριστοῦ
924 3379 1122 3458 πάντες
1156 3381 1205 3432 οί
1242 3381 1308 3433 δι’
1345 3381 1507 3435 αὐτοῦ
1553 3384 1940 3457 κατορθοῦντες

372 3466 717 3533 τυγχάνουσι,
762 3466 855 3519 καὶ
878 3467 1111 3540 διάδημα
1135 3469 1406 3541 βασιλείας
1435 3472 1541 3526 εἶσὶ
1568 3475 1666 3546 τῆς
1696 3476 1862 3530 αὐτοῦ
1892 3481 1939 3532 οἱ

371 3559 486 3619 τοῖς
510 3557 652 3628 ὑπὲρ
687 3557 851 3611 αὐτοῦ
886 3559 1241 3633 ἐνηθληκότες
1284 3563 1508 3633 ἀγῶσιν,
1545 3566 1594 3619 οἱ
1621 3566 1767 3636 ἅγιοι
1799 3570 1940 3640 μάρ-

370 3665 556 3719 τυρες,
590 3648 682 3713 οὓς
708 3652 772 3721 τῇ
807 3651 998 3715 ἑαυτοῦ
1028 3654 1169 3725 χειρὶ
1202 3656 1230 3708 6
1262 3656 1451 3729 Πατὴρ
1484 3658 1838 3731 ἐκλεξάμενος
1864 3662 1941 3733 τῷ

372 3738 491 3809 Υἱῷ
516 3741 842 3811 περιτίθησι,
879 3744 1157 3812 στεφανῶν
1192 3745 1353 3799 αὐτὸν
1385 3746 1478 3800 καὶ
1514 3748 1803 3821 διαδήματι
1847 3751 1942 3821 βα·-

372 3836 565 3907 σιλικῷ
595 3838 765 3908 τιμῶν
792 3837 854 3890 τὸ
888 3837 1088 3910 πλῆθος
1118 3840 1225 3894 τῶν
1256 3841 1321 3894 δι’
1350 3841 1514 3895 αὐτοῦ
1546 3845 1638 3897 καὶ
1663 3846 1753 3899 ὑπ’
1777 3845 1939 3900 αὐτοῦ

372 3932 749 4003 σεσωσμένων.

449 4044 469 4077 ‹
512 4027 619 4105 Καξι
650 4027 863 4082 καλέσει
898 4046 956 4082 σε
981 4029 1149 4100 ὄνομα
1180 4028 1383 4094 καινὸν,
1410 4029 1438 4083 ὃ
1460 4031 1489 4083 6
1517 4031 1718 4103 Κύριος
1746 4035 1940 4106 ὀνομά-

369 4134 452 4169 σει
483 4116 615 4169 αὐτό
634 4134 647 4147 ο
684 4137 701 4168 ι
738 4119 998 4187 τουτέστι,
1030 4119 1171 4173 κατά
1196 4118 1256 4172 τὸ
1280 4118 1487 4191 θέλημα
1516 4121 1577 4174 τὸ
1599 4123 1728 4193 ἐμὸν
1748 4124 1941 4197 ὀνομα-

372 4207 475 4279 σθή
484 4226 654 4261 σεται.
1706 4276 1714 4285 ι

446 4319 464 4349 ι
502 4302 613 4353 Καὶ
650 4301 831 4354 οὐκέτι
876 4302 1121 4377 κληθήσῃ
1147 4303 1633 4378 καταλελειμμένη,
1662 4307 1754 4360 καὶ
1790 4308 1822 4378 ἢ
1867 4308 1939 4379 γῆ

372 4408 471 4444 σου
502 4391 560 4443 οὐ
591 4391 917 4463 κληθήσεται
959 4394 1036 4448 ἔτι
1065 4394 1299 4468 ἕρημος*
1337 4398 1419 4450 σοὶ
1451 4397 1558 4469 γὰρ
1588 4397 1936 4470 κληθήσεται,

2048 546 2103 591 et
2123 535 2247 589 illud
2278 534 2529 589 salutare.
2564 531 2808 586 Salutare
2831 546 2990 600 porro
3016 529 3398 585 vestimentum
3431 528 3619 582 anima:

2050 629 2502 697 circumponctur,
2539 633 2592 679 et
2626 623 2805 678 tunica
2831 620 3278 692 Izetitize:singuli
3313 620 3455 674 enim
3492 633 3620 688 ope-

2051 722 2201 776 ribus
2221 722 2335 776 suis
2373 735 2493 774 cum
2530 716 2740 786 justitia
2764 715 2922 771 editis
2948 724 3143 772 ornatu
3171 728 3269 769 suo
3304 711 3615 768 induantur.

2120 900 2285 957 Vens.
2308 898 2498 954 20-22.
2526 917 2545 950 ι
2572 895 2687 954 Non
2720 896 2861 951 enim
2889 896 3100 951 occidet
3128 895 3208 950 sol
3247 894 3375 961 tibi,
3401 904 3458 949 et
3491 893 3613 947 Iuna

2048 993 2147 1049 tibi
2205 1008 2311 1047 non
2371 990 2583 1046 deﬁciet
2614 1006 2627 1042 :
2658 990 2763 1043 erit
2819 989 3013 1058 quippe
3063 986 3156 1040 tibi
3210 986 3471 1040 Dominus
3521 983 3611 1038 lux

2050 1085 2394 1156 sempiterna,
2430 1091 2483 1137 et
2536 1081 2901 1151 implebuntur
2944 1079 3059 1133 dies
3089 1061 3264 1133 luctus
3290 1076 3388 1131 tui.
3418 1076 3483 1130 Et
3515 1091 3612 1144 po-

2048 1179 2204 1249 pulus
2237 1186 2358 1232 tuus
2394 1175 2571 1233 omnis
2614 1174 2813 1244 justus,
2854 1173 2905 1226 in
2930 1170 3183 1226 saeculum
3215 1169 3614 1225 haeredilabunt

2048 1276 2248 1321 terram
2290 1282 2306 1320 :
2345 1266 2651 1321 custodiens
2694 1263 3078 1334 plantationem
3132 1276 3294 1330 opera
3354 1274 3611 1314 manuum

2048 1358 2165 1427 ejus
2197 1358 2250 1411 in
2285 1356 2530 1427 gloriam.
2568 1355 2669 1422 Qui
2700 1368 2865 1424 parvo
2906 1367 3156 1417 numero,
3184 1351 3287 1406 erit
3325 1349 3380 1404 in
3408 1349 3607 1414 millia;

2048 1459 2101 1503 et
2121 1449 2211 1519 qui
2243 1449 2519 1513 minimus,
2557 1449 2608 1501 in
2640 1454 2852 1517 gentem
2887 1459 3151 1515 magnam.
3215 1441 3327 1512 Ego
3356 1441 3614 1497 Dominus

2048 1539 2103 1594 in
2136 1548 2377 1607 tempore
2412 1537 2749 1607 congregabo
2781 1551 2891 1590 eos.
2928 1555 2947 1589 ι

2624 1627 2851 1683 CAPUT
2885 1628 3019 1685 LXI.

2118 1723 2285 1778 Vens.
2322 1723 2372 1777 I.
2409 1742 2425 1774 ι
2468 1721 2700 1792 Spiritus
2738 1721 2951 1776 Domini
3003 1736 3163 1791 super
3220 1735 3327 1787 me,
3376 1736 3440 1776 eo
3471 1718 3631 1791 quod»

1976 1798 2017 1853 Β
2050 1813 2267 1868 unxerit
2299 1829 2421 1869 me:
2445 1814 2813 1885 evangelizare
2836 1813 3160 1881 pauperibus
3184 1813 3327 1868 misit
3351 1827 3548 1870 me.....
3585 1830 3605 1865 ι

2623 1906 2849 1963 CAPUT
2888 1906 3044 1963 LXII.

2120 2000 2282 2055 Vsas.
2319 2000 2431 2055 l-5.
2474 2019 2492 2052 ι
2521 1998 2748 2071 Propter
2772 1999 2899 2056 Sion
2934 2016 3037 2054 non
3071 1999 3277 2065 tacebo,
3305 2007 3358 2054 et
3393 2004 3611 2067 propter

2046 2091 2343 2148 Ierusalem
2387 2108 2496 2148 non
2531 2094 2827 2163 quiescam,
2859 2093 3027 2147 donec
3061 2091 3370 2161 egrediatur
3405 2100 3465 2144 ut
3515 2088 3606 2142 lux
3667 2151 3683 2164 .

2042 2184 2252 2255 justitia
2311 2184 2760 2255 ejus:Salutare
2818 2195 2997 2240 autem
3065 2199 3245 2238 meum
3302 2191 3360 2237 ut
3409 2180 3657 2251 lampas‘

2049 2280 2396 2335 accendetur.
2423 2278 2490 2335 Et
2518 2278 2780 2336 videbunt
2814 2287 3001 2349 gentes
3045 2275 3312 2345 justitiam
3362 2284 3529 2338 luant,
3556 2282 3612 2327 et

2050 2386 2201 2442 reges
2247 2372 2471 2442 gloriam
2509 2380 2675 2427 tuam.
2721 2372 2788 2427 Et
2832 2369 3046 2426 vocabit
3099 2378 3152 2424 te
3202 2367 3418 2423 nomine
3449 2380 3615 2431 novo,-

2048 2465 2188 2532 quod
2220 2461 2482 2518 Dominus
2529 2464 2854 2519 nominabit.
2885 2463 2954 2517 Et
2982 2463 3093 2518 eris
3127 2475 3327 2516 corona
3375 2458 3613 2528 pulchri-

2050 2556 2251 2611 tudinis
2287 2556 2340 2613 in
2370 2571 2530 2610 manu
2564 2555 2799 2620 Domini,
2822 2564 2876 2609 et
2899 2555 3150 2609 diadema
3182 2551 3332 2620 regni
3360 2550 3410 2602 in
3448 2565 3611 2602 manu

2047 2645 2145 2700 Dei
2208 2647 2304 2700 tui.
2330 2665 2353 2698 ι
2392 2646 2564 2713 Quam
2615 2656 2741 2701 tunc
2805 2646 3026 2715 recipiet
3093 2647 3276 2701 dicens
3315 2661 3327 2696 :
3360 2663 3377 2695 ι
3403 2643 3609 2698 Bonum

2031 2749 2327 2792 certamen
2356 2739 2583 2805 certavi,
2614 2754 2831 2793 cursum
2865 2736 3259 2803 consummavi,
3302 2735 3460 2789 [idem
3489 2749 3607 2789 ser-

2046 2829 2212 2883 vavi:
2248 2828 2299 2882 in
2352 2828 2558 2899 reliquo
2608 2832 2845 2898 reposita
2892 2836 2974 2883 est
3026 2827 3157 2882 mihi
3205 2842 3408 2881 corona
3450 2824 3612 2893 justi-

2049 2919 2132 2974 tizc
2154 2919 2221 2973 ⁸³.
2249 2939 2268 2972 ι
2305 2920 2507 2975 Eadem
2542 2936 2692 2986 vero,
2718 2935 2837 2975 cum
2872 2920 3053 2990 sponsi
3081 2918 3241 2975 Verbi
3278 2932 3473 2988 sponsa
3518 2916 3610 2983 sit,

2045 3022 2101 3067 et
2130 3012 2249 3083 ejus
2286 3015 2494 3068 semina
2525 3013 2848 3083 susceperit.
2881 3013 3158 3083 speciosos
3187 3021 3242 3067 et
3266 3011 3391 3066 boni
3430 3009 3621 3065 odoris

2047 3104 2256 3161 fructus
2288 3105 2505 3161 emittit.
2542 3104 2641 3162 Hic
2676 3115 2855 3161 autem
2886 3119 3074 3161 rursus
3112 3104 3256 3175 piam
3289 3102 3603 3173 religionem

2043 3197 2171 3254 olim
2222 3201 2361 3271 apud
2405 3198 2622 3257 Judaaos
2654 3201 2926 3272 vigentem
2973 3199 3263 3269 signiﬁcat.
3313 3196 3449 3254 Nam
3479 3212 3609 3253 vere

2040 3287 2247 3345 Christi
2289 3303 2489 3346 corona
2521 3300 2649 3346 sunt
2678 3298 2945 3360 quotquot
2988 3305 3086 3361 per
3121 3304 3244 3344 eum
3273 3289 3413 3343 bona
3445 3303 3610 3359 opera

2042 3382 2228 3447 edunt,
2260 3390 2314 3436 et
2358 3381 2609 3437 diadema
2654 3385 2807 3454 regni
2855 3384 2971 3454 ejus
3004 3391 3150 3446 sunt,
3179 3382 3272 3452 qui
3302 3383 3609 3436 certamina

2042 3469 2155 3538 ejus
2181 3485 2343 3526 causa
2365 3482 2743 3541 susceperunt,
2766 3472 2938 3527 sancti
2963 3481 3250 3541 martyres,
3276 3487 3414 3541 quos
3446 3487 3611 3526 manu

2042 3574 2138 3615 sua
2173 3560 2333 3615 Pater
2365 3562 2629 3633 deligens,
2661 3571 2719 3617 ut
2741 3578 2994 3618 coronam
3017 3562 3155 3616 Filio
3182 3577 3278 3617 suo
3302 3562 3613 3632 circumpo-

2042 3651 2138 3718 nit,
2167 3662 2221 3708 et
2270 3653 2419 3724 regio
2462 3654 2771 3710 diademate
2809 3653 3209 3709 multitudinem
3250 3665 3481 3709 exornat
3509 3669 3607 3708 eo-

2042 3763 2182 3815 rum,
2217 3748 2308 3819 qui
2345 3763 2444 3819 per
2481 3749 2653 3822 ipsum
2695 3757 2752 3804 et
2789 3748 2858 3803 ab
2905 3748 3027 3819 ipso
3055 3745 3283 3802 salutem
3320 3756 3449 3801 sunt
3474 3760 3608 3801 con-

2040 3842 2207 3899 secuti

2121 4026 2224 4080 «Et
2248 4025 2464 4082 vocabit
2494 4033 2545 4080 te
2578 4040 2799 4081 nomine
2832 4040 2994 4091 novo,
3028 4027 3173 4097 quod
3219 4029 3480 4083 Dominus
3507 4043 3606 4084 no-

2043 4114 2297 4181 minabit;
2326 4135 2344 4169 ›
2379 4117 2431 4171 id
2460 4126 2561 4191 est,
2595 4118 2892 4174 secundum
2933 4116 3266 4174 voluntatem
3302 4134 3477 4174 meam
3512 4136 3609 4175 no~

2040 4208 2351 4265 minabitur.

2110 4298 2272 4356 Vens.
2306 4302 2358 4368 4,
2389 4300 2441 4355 5.
2484 4317 2503 4352 ι
2528 4300 2594 4355 Et
2616 4314 2724 4356 non
2751 4301 3033 4359 vocaberis
3063 4302 3207 4358 ultra
3239 4300 3526 4366 derelicta,
3550 4311 3608 4358 et

2047 4400 2193 4450 terra
2237 4404 2325 4448 tua
2369 4411 2473 4450 non
2510 4395 2796 4450 vocabitur
2829 4394 2969 4450 ultra
3016 4397 3235 4453 deserta
3269 4414 3283 4451 :
3322 4396 3608 4452 vocaberis

371 4481 583 4553 θέλημα
612 4484 742 4554 ὲμὸν
761 4501 775 4515 ο
804 4485 897 4537 καὶ
924 4486 959 4554 ἡ
984 4486 1053 4556 γῆ
1082 4504 1195 4554 σου,
1227 4489 1535 4560 οἰκουμένη·
1576 4489 1657 4542 ὅτι
1685 4490 1939 4563 εὐδόκησε

2043 4484 2181 4539 enim
2228 4483 2475 4539 voluntas
2515 4497 2670 4550 mea;
2708 4494 2762 4538 et
2814 4493 3129 4554 terra,tua,
3177 4486 3445 4550 habitata,
3477 4485 3607 4553 quia

370 4574 577 4646 Κύριος
605 4577 663 4629 ὲν
684 4578 784 4640 σοὶ,
811 4578 904 4631 καὶ
931 4580 964 4649 ἡ
988 4578 1059 4650 γῆ
1093 4596 1187 4632 σου
1222 4582 1709 4654 συνοικισθήσεται.
1732 4584 1842 4637 Καὶ
1865 4584 1940 4648 ὡς

370 4667 632 4721 συνοικῶν
662 4670 939 4734 νεανίσκος
964 4671 1233 4744 παρθένῳ.
1272 4673 1412 4727 οὕτω
1449 4676 1860 4748 κατοικήσουσιν
1889 4677 1939 4728 οἱ

370 4756 480 4808 υἱοί
504 4774 614 4810 σου.
651 4760 760 4812 Καὶ
782 4759 930 4813 ἕσται
948 4761 1005 4814 ὃν
1029 4763 1227 4832 τρόπον
1260 4764 1687 4836 εὐφρανθήσεται
1709 4766 1940 4837 νυμφίος

369 4849 466 4901 ἐπὶ
493 4849 697 4921 νύμφῃ,
734 4850 905 4915 οὕτως
950 4853 1375 4925 εὐφρανθήσεται
1408 4855 1609 4926 Κύριος
1643 4857 1735 4909 ἐπὶ
1773 4859 1873 4911 σοί.
1915 4877 1934 4910 ι

381 4939 474 4991 Ἐν
499 4939 577 5010 τῷ
608 4940 777 5011 καινῷ
810 4941 963 4995 αἰῶνι
996 4945 1091 5015 τῆς
1113 4946 1347 5015 Χριστοῦ
1372 4946 1647 5017 βασιλείας
1675 4951 1938 5021 συστήσε-

368 5046 483 5089 ται.
516 5030 711 5101 μόνους
739 5034 935 5099 ἕξουσα
967 5036 1253 5109 οἰκήτορας
1291 5038 1415 5103 τούς
1453 5039 1562 5093 τῶν
1601 5040 1941 5110 ἐπαγγελιῶν

369 5121 465 5174 τοῦ
496 5121 629 5175 Θεοῦ
662 5125 1252 5197 καταξιωθησομένους,
1292 5130 1341 5185 οἳ
1366 5132 1458 5185 καὶ
1488 5134 1545 5186 ἐν
1578 5132 1815 5205 τοσαύτῃ
1846 5134 1940 5187 θυ-

366 5211 540 5283 μηδία
584 5214 678 5267 καὶ⁵
710 5214 1016 5288 εὐφροσύνῃ
1046 5216 1333 5282 διάξουσιν,
1380 5220 1456 5283 ὼς
1496 5221 1637 5274 ἔοικε
1675 5222 1939 5293 νεανίσκῳ

366 5301 514 5371 ἁγίῳ
555 5303 707 5375 ἀνδρὶ
746 5306 951 5360 συνόντι
993 5307 1243 5380 παρθένῳ
1290 5312 1519 5384 καθαρᾷ,
1563 5313 1809 5384 οὐδαμῶς
1838 5313 1939 5385 μὲν

367 5396 544 5467 αὐτῆς
593 5397 691 5468 τήν
745 5400 1039 5472 παρθενίαν
1094 5401 1396 5456 σπιλοῦντι·
1442 5409 1505 5477 τῇ
1543 5406 1599 5460 δὲ
1640 5406 1830 5478 ἁγνεία
1867 5412 1934 5482 τῇ

368 5489 672 5561 παρθενικῇ
708 5494 802 5544 καὶ
834 5495 897 5564 τῇ
933 5494 1146 5565 καθαρᾷ
1176 5495 1539 5571 συνδιατριϐῇ,
1578 5500 1671 5554 καὶ
1703 5503 1937 5555 συνοικεὶ

372 5582 632 5653 χαίροντι.
660 5582 767 5636 Καὶ
794 5584 841 5635 οἱ
873 5585 967 5655 μὲν
990 5585 1094 5638 υἱοί
1124 5604 1215 5639 σου
1244 5586 1414 5653 οὓτως
1443 5590 1931 5663 εὐφρανθήσονται·

441 5765 488 5799 ⁸³
513 5767 669 5824 Rom.
710 5784 803 5837 vn,
831 5767 919 5823 2|.
1058 5770 1102 5803 ²³
1131 5771 1170 5827 Il
1205 5771 1340 5827 Tini.
1378 5789 1451 5837 Iv,
1488 5774 1538 5828 7.

2044 4575 2369 4645 complacuit
2401 4575 2505 4630 sibi
2548 4574 2809 4630 Dominus
2829 4573 2886 4629 in
2917 4584 2988 4642 te,
3008 4586 3062 4632 et
3092 4586 3233 4631 terra
3263 4586 3354 4629 tua
3390 4575 3609 4630 inhabi-

2044 4669 2263 4724 labitur.
2307 4667 2373 4722 Et
2420 4668 2562 4723 sicut
2600 4669 2808 4724 habitat
2837 4668 3051 4738 juvenis
3096 4683 3218 4724 cum
3267 4667 3502 4738 virgine,
3531 4667 3610 4722 sic

2045 4760 2475 4817 habitabontﬁlii
2510 4760 2609 4815 tui.
2644 4760 2709 4815 Et
2746 4762 2872 4827 erit,
2911 4760 3366 4830 quemadmodum
3397 4758 3610 4814 laetabi-

2043 4862 2130 4909 tur
2174 4868 2406 4924 sponsus
2452 4868 2615 4923 super
2668 4867 2886 4922 sponsa,
2916 4853 2995 4907 sic
3042 4851 3316 4906 laetabitur
3347 4850 3617 4905 Dominus

2044 4944 2097 5000 in
2136 4956 2205 5001 te.
2233 4964 2253 4998 ι
2293 4945 2372 4999 Ea
2404 4945 2455 4998 in
2491 4958 2629 4999 novo
2659 4945 2856 5000 sazculo
2892 4944 3045 5013 regni
3080 4943 3282 4997 Christi
3311 4943 3607 4998 constitue-

2046 5044 2150 5103 tur,
2183 5050 2383 5104 eosque
2411 5044 2618 5090 tantum
2654 5034 2861 5090 incolas
2893 5034 3133 5104 habebit,
3162 5036 3251 5104 qui
3294 5034 3607 5104 promissio.

2045 5143 2170 5183 num
2221 5128 2314 5183 Dei
2354 5129 2556 5200 dignati
2597 5128 2838 5195 fuerint;
2879 5128 2971 5200 qui
3016 5130 3071 5183 in
3121 5139 3269 5185 tanto
3320 5129 3514 5200 gaudio
3554 5138 3609 5184 et

2045 5220 2229 5276 [anilia
2286 5221 2670 5286 versabuntur,
2712 5230 2772 5273 nt
2808 5219 3112 5289 comparari
3162 5221 3377 5291 possint
3420 5218 3608 5288 juveni

2044 5322 2099 5368 et
2126 5323 2312 5368 sancto
2340 5314 2457 5369 viro
2487 5328 2606 5367 cum
2639 5328 2768 5381 pura
2800 5313 3009 5383 virgine
3036 5314 3271 5383 degenti,
3309 5329 3407 5369 nec
3428 5323 3608 5368 tamen

2043 5404 2158 5476 ejus
2198 5421 2429 5476 unquam
2460 5408 2819 5479 virginitatem
2873 5407 3182 5473 temeranti,
3224 5406 3317 5462 scd
3353 5407 3407 5462 in
3444 5405 3613 5461 casti-

2047 5508 2152 5557 tate
2202 5501 2474 5571 virginali,
2508 5511 2562 5556 et
2593 5517 2721 5570 pura
2755 5502 3196 5569 conversatione,
3218 5518 3340 5559 cum
3376 5510 3488 5557 tota
3520 5501 3609 5558 do-

2045 5611 2132 5651 mo
2178 5594 2451 5664 gaudenti.
2496 5592 2561 5648 Et
2600 5593 2693 5649 lilii
2735 5593 2951 5666 quidem
2985 5594 3060 5650 tui
3110 5595 3181 5651 ita
3237 5595 3605 5660 laetabuntur;
