4088 6198
516 299 622 358 499

1183 288 1273 348 EU
1282 289 1455 345 SEBﬂ
1492 287 1965 345 CESARIENSIS
2001 287 2075 344 0f

2196 285 2375 341 mas
2410 283 2498 340 ιιι.
2538 315 2607 325 -
2644 262 3054 341 exsomnes;

3638 272 3757 338 mo.

516 418 634 485 ipse
680 424 811 466 vero
861 406 1120 463 Dominus
1146 412 1251 469 est.
1282 404 1374 474 qui
1401 414 1452 459 te
1490 412 1730 459 sanctam
1756 401 2075 469 Ecclesiam,

2186 398 2347 463 αὐτὸς
2371 397 2428 451 δέ
2454 398 2482 449 ὁ
2509 395 2712 466 Κύριος
2739 396 2837 469 τὴν
2870 392 3065 449 ἑαυτοῦ
3097 392 3313 465 νύμφην
3352 388 3657 456 ἀπολαϐὼν,
3684 393 3748 446 σὲ

514 482 773 575 perfectis
833 495 1090 552 membris
1150 504 1616 561 constantem,“
1667 496 1849 565 prisco
1892 507 2075 564 nempe

2183 490 2283 561 τὴν
2311 489 2473 557 ἁγίαν
2506 487 2846 558 Ἐκκλησίαν,
2902 490 2966 541 ἐκ
2997 486 3217 541 τελείων
3270 484 3445 556 μελῶν
3477 482 3747 537 συνεστῶ-

519 594 719 667 populo
748 590 941 647 et'hoc
981 601 1127 667 novo_
1158 601 1226 642 ex
1266 588 1516 656 gentibus
1554 585 1794 651 coeunti,
1832 586 1883 640 in
1917 601 2083 655 spon-

515 664 630 746 sam
668 686 895 755 accepit.
938 664 1142 739 Deinde
1189 681 1488 737 Ecclesiam
1537 681 1708 751 ipsam
1740 680 2072 751 alloquitur:

515 780 685 848 llujus
733 776 826 830 lilii
880 775 1176 830 secundum
1214 787 1432 827 carnem
1476 770 1694 827 fuerunt
1721 771 1885 826 divini
1914 771 2080 826 disci-

512 872 646 943 puli,
677 870 768 941 qui
813 881 1079 923 summam
1128 879 1261 934 erga
1307 866 1480 935 ipsam
1530 864 1857 919 charitatem
1892 876 2079 917 serva-

513 973 673 1030 runt;
726 962 802 1017 ita
857 968 919 1014 ut
973 958 1061 1013 illa
1112 958 1332 1013 dilectio
1374 956 1570 1012 similis
1614 956 1863 1011 videatur
1899 954 2081 1025 eiqua

511 1054 736 1110 allectus
767 1060 850 1106 est
876 1050 1093 1121 juvenis
1115 1063 1237 1103 cum
1270 1047 1477 1116 virgine
1502 1046 1776 1102 habitans.
1807 1043 1900 1100 Sic
1933 1044 2083 1099 laeta-

512 1145 662 1201 bitur
720 1142 983 1198 Dominus
1032 1154 1199 1209 super
1238 1148 1314 1204 te,
1365 1136 1819 1207 quemadmodum
1853 1149 2081 1206 sponsus

511 1250 676 1306 super
712 1246 931 1303 sponsa.
969 1229 1182 1285 Etenim
1210 1228 1277 1284 de
1326 1228 1468 1284 caelo
1497 1227 1780 1284 descendit
1832 1227 2080 1297 unigeni-

515 1338 627 1383 tum
670 1325 764 1380 Dei
794 1323 1052 1388 Verbum,
1084 1331 1144 1376 ut
1174 1320 1511 1377 fructiferam
1544 1321 1857 1377 ostenderet
1891 1320 2080 1377 Eccle-

511 1421 670 1486 siam,
718 1431 878 1487 quam
930 1415 1044 1485 ipse
1090 1414 1194 1469 sibi
1245 1413 1509 1483 virginem
1569 1422 1774 1482 castam
1816 1414 2078 1477 admovit,

512 1527 618 1567 non
649 1511 939 1566 habentem
968 1507 1236 1562 maculam
1280 1521 1455 1576 neque
1491 1505 1738 1573 sordem,
1765 1505 1873 1560 imo
1904 1506 2079 1575 potius

515 1609 758 1656 sanctam
785 1608 841 1654 et
875 1597 1298 1653 immaculatam.
1347 1595 1430 1650 Ab
1464 1595 1555 1650 illo
1591 1594 1758 1665 igitur
1782 1594 2077 1665 evangelici

514 1691 751 1749 instituti
790 1690 997 1746 semina
1034 1688 1331 1757 accipiens,
1366 1687 1739 1755 spiritualibus
1789 1688 2076 1743 sacrificiis

511 1794 567 1841 et
604 1785 810 1841 sanctis
840 1783 1095 1854 operibus
1117 1781 1409 1852 fulgentem
1437 1795 1689 1851 sponsam
1716 1780 1979 1836 exhibuit.

580 1962 744 2018 Vens.
779 1961 897 2018 6-8.
938 1960 1048 2016 «Et
1094 1976 1257 2031 super
1303 1973 1488 2016 muros
1546 1968 1691 2026 tuos,
1750 1958 2075 2027 Jerusalem,

508 2050 764 2107 constitui
794 2050 1044 2106 custodes
1074 2059 1183 2104 tota
1217 2049 1306 2104 die
1354 2062 1409 2103 et
1444 2059 1553 2105 tota
1586 2057 1774 2119 nocte,
1812 2052 1904 2121 qui
1940 2066 2077 2105 nun-

505 2158 671 2213 quam
713 2142 990 2208 tacebunt,
1032 2154 1300 2196 memores
1346 2139 1578 2197 Domini.
1641 2138 1758 2197 Non
1805 2149 1889 2195 est
1931 2139 2076 2196 enim

506 2233 667 2290 vobis
702 2232 917 2298 similis,
951 2231 998 2286 si
1033 2232 1295 2302 corrigat,
1331 2240 1387 2285 et
1410 2229 1576 2286 faciat
1605 2229 1911 2287 Jerusalem
1945 2246 2077 2302 gau-

503 2324 655 2381 dium
682 2323 735 2378 in
768 2332 927 2377 terra.
961 2320 1172 2376 Juravit
1210 2321 1472 2376 Dominus
1504 2335 1602 2391 per
1642 2320 1869 2391 gloriam
1898 2308 2075 2387 suam,

506 2419 563 2466 et
593 2424 689 2481 per
716 2406 1088 2464 fortitudinem
1119 2408 1329 2463 brachii
1356 2409 1458 2463 sui.
1481 2427 1501 2461 ι
1530 2406 1668 2465 Olim
1702 2411 1900 2481 quippe
1926 2421 2075 2481 gesta

507 2511 637 2557 sunt
668 2499 796 2567 ista,
823 2513 945 2553 cum
993 2496 1229 2553 fructum
1261 2513 1417 2553 suum
1451 2498 1509 2552 in.
1532 2499 1716 2554 cibum
1746 2498 1941 2567 darent
1974 2502 2076 2555 ini-

507 2591 667 2646 micis
718 2590 834 2658 Dei,
880 2591 934 2645 id
976 2599 1217 2662 agentes,
1257 2590 1315 2647 id
1361 2598 1637 2661 curantes,
1672 2601 1731 2647 ut
1778 2603 1929 2665 gesta
1978 2609 2076 2650 sua

507 2682 851 2739 dzemonibus
895 2698 1019 2738 esca
1077 2691 1281 2739 essent.
1332 2681 1451 2739 Jam
1496 2698 1627 2738 vero
1668 2683 1753 2749 iis,
1788 2686 1879 2757 qui
1939 2701 2076 2742 novo

508 2774 707 2830 saeculo
757 2774 997 2831 donandi
1032 2783 1087 2829 et
1113 2774 1380 2846 promissa
1415 2778 1693 2848 accepturi
1748 2787 1894 2846 sunt,
1924 2778 2074 2834 iura-

504 2875 691 2922 mento
713 2866 972 2922 Dominus
988 2866 1240 2934 afﬁrmat,
1259 2882 1319 2923 se
1345 2883 1448 2923 non
1468 2870 1698 2939 amplius
1729 2871 1963 2926 inimicis
1984 2872 2078 2927 da-

506 2967 687 3012 turum
719 2972 839 3013 esse
876 2958 1087 3014 fructus
1117 2973 1324 3023 eorum,
1368 2961 1464 3015 sed
1514 2961 1668 3029 ipsos
1706 2962 1773 3016 iis
1818 2961 2078 3019 fruituros

507 3061 654 3102 esse.
688 3045 824 3101 Nam
870 3062 994 3102 eum
1037 3048 1261 3118 probam
1300 3050 1462 3104 vitam
1511 3060 1668 3122 agant
1720 3066 1784 3106 ac
1825 3051 2076 3123 religiose

507 3148 823 3203 versentur,
862 3117 1075 3210 aequum
1114 3155 1245 3196 sane
1285 3151 1368 3197 est
1414 3152 1476 3197 ut
1516 3117 1753 3213 propriis
1806 3117 2075 3215 gaudeant
2102 3117 2145 3176 ε

507 3230 796 3287 fructibus.
834 3250 855 3284 ι
885 3232 945 3287 Si
970 3233 1111 3287 ultra
1146 3233 1347 3289 dedero
1378 3234 1620 3290 triticum
1664 3244 1837 3303 tuum,
1867 3245 1923 3290 et
1968 3236 2073 3290 ali-

510 3332 692 3380 menta
717 3333 807 3379 tua
835 3324 1070 3380 inimicis
1096 3325 1223 3392 tuis,
1246 3335 1301 3382 et
1327 3326 1373 3381 si
1404 3326 1546 3382 ultra
1569 3328 1760 3384 bibant
1786 3328 1885 3384 lilii
1909 3329 2073 3385 alieni

508 3418 693 3473 vinum
724 3425 900 3485 tuum,
930 3417 984 3473 in
1012 3432 1121 3489 quo
1149 3417 1406 3475 laborasti
1433 3434 1452 3475 :

580 3596 744 3653 Vsus.
782 3597 835 3654 9.
884 3616 905 3651 ι
930 3597 1037 3655 Sed
1076 3599 1170 3670 qui
1215 3599 1556 3671 collegerint,
1584 3603 1869 3657 comedent
1896 3618 1985 3669 ea,
2019 3612 2075 3658 et

503 3685 803 3744 laudabunt
834 3686 1147 3755 Dominum,
1172 3699 1227 3746 et
1255 3692 1349 3761 qui
1380 3694 1856 3763 congregaverint,
1887 3694 2073 3750 bibent

510 3794 573 3834 ea
599 3780 652 3834 in
686 3780 843 3835 atriis
874 3782 1081 3837 sanctis
1123 3783 1277 3837 meis.
1302 3800 1321 3835 ι
1359 3782 1486 3838 Haec
1508 3798 1638 3838 vero
1664 3785 1864 3840 fuerint
1890 3786 2071 3843 multa:

515 3871 627 3925 illa
647 3872 959 3928 mansiones
989 3874 1131 3941 apud
1168 3874 1406 3930 Patrem.

581 3962 742 4019 Vsns.
783 3963 871 4017 10.
912 3982 931 4016 ι
961 3965 1039 4020 lte
1070 3980 1166 4034 per
1187 3977 1377 4035 portas
1404 3982 1570 4024 meas.
1597 3987 1616 4021 ι
1647 3968 1745 4026 His
1774 3986 1936 4041 porro
1968 3988 2066 4029 no-

503 4052 591 4111 bis
619 4054 1067 4111 considerandam
1098 4055 1259 4113 olfert
1307 4058 1588 4114 cmlestem
1627 4059 1722 4115 Dei
1767 4062 2067 4130 civitatem,

502 4142 726 4212 eiusque
762 4151 947 4213 portas
978 4159 997 4195 :
1023 4159 1145 4215 quae
1190 4146 1372 4200 omnia
1419 4146 1474 4201 in
1531 4145 1642 4212 illo,
1681 4148 1823 4218 quod
1855 4149 2072 4219 pollice-

503 4246 615 4303 tur,
646 4234 845 4290 scculo
883 4237 1064 4307 dignis
1089 4238 1416 4307 pandentur.
1451 4254 1515 4295 ac
1546 4240 1794 4297 dicetur:
1836 4241 1949 4297 tlte
1973 4257 2071 4312 per

501 4334 691 4395 portas
724 4341 895 4393 meas,
918 4336 972 4383 et
1002 4329 1143 4384 viam
1175 4328 1336 4385 facite
1370 4330 1565 4402 papulo
1589 4347 1730 4398 meo,
1760 4332 2070 4403 lapidesque

499 4419 570 4474 de
594 4420 678 4474 via
702 4418 967 4490 projicite.
998 4421 1215 4477 Elevate
1239 4424 1451 4494 signum
1487 4425 1539 4479 in
1575 4434 1780 4495 gentes.
1807 4444 1826 4477 ι
1852 4424 2066 4481 Nullum

500 4510 665 4571 enim.
693 4510 891 4580 inquit,
924 4511 1388 4581 impedimentum,
1421 4513 1597 4569 nullus
1624 4515 1763 4569 obex
1791 4515 1919 4581 erit,
1962 4530 2070 4570 non

474 4599 728 4668 ’invidia,
749 4617 855 4656 non
882 4603 1042 4669 livor,
1072 4619 1175 4659 non
1192 4614 1485 4674 praetextas
1511 4608 1803 4678 quispiam,
1831 4625 1936 4663 non
1962 4607 2072 4664 daa-

507 4707 653 4759 mon,
683 4709 789 4749 non
825 4694 1049 4764 spiritus
1096 4696 1385 4766 malignus.
1420 4714 1526 4755 non
1561 4700 1872 4756 adversaria
1919 4711 2073 4772 pote-

497 4796 611 4841 stas
647 4786 822 4841 oberit
874 4788 1067 4859 populo
1103 4804 1246 4857 meo,
1288 4792 1575 4860 quominus
1612 4792 1664 4848 in
1699 4808 1924 4863 regnum
1955 4809 2069 4850 cce-

500 4878 677 4933 lorum
722 4880 1079 4950 ingrediatur.
1114 4881 1239 4939 Haec
1270 4894 1451 4940 autem
1489 4884 1816 4955 quibusdam
1867 4886 2073 4957 angeli-

498 4969 582 5025 cis
616 4970 904 5026 virtutibus
938 4973 1207 5029 dicentur.

574 5149 738 5205 Vens.
764 5152 853 5219 fl,
880 5151 968 5210 12.
1002 5173 1020 5205 ι
1044 5152 1183 5209 Ecce
1205 5154 1347 5209 enim
1373 5154 1630 5212 Dominus
1657 5157 1897 5212 auditum
1939 5156 2069 5213 fecit

502 5251 676 5305 usque
715 5242 782 5295 ad
821 5254 1125 5297 extremum
1160 5253 1337 5309 terrm,
1373 5245 1548 5301 Dicite
1581 5247 1703 5302 ﬁliae
1745 5245 1898 5311 Sion,
1932 5248 2070 5303 Ecce

502 5325 754 5383 Salvator
783 5332 875 5386 tibi
907 5334 1052 5388 venit
1076 5335 1279 5391 habens
1312 5338 1613 5393 mercedem
1653 5353 1830 5401 suam,
1854 5349 1908 5392 et
1934 5353 2069 5406 Opus

498 5427 823 5476 suum‘ante
857 5423 1047 5480 faciem
1093 5442 1268 5484 suam.
1308 5430 1369 5485 Et
1412 5431 1629 5485 vocabit
1658 5446 1779 5485 eum
1812 5432 2065 5501 populum

500 5522 777 5577 sanctum,
812 5516 1150 5587 redemptum
1206 5537 1235 5575 a
1289 5522 1538 5578 Domino.
1574 5522 1653 5578 Tu
1686 5532 1865 5577 autem
1902 5538 2065 5579 voca-

503 5597 652 5653 beris
684 5601 942 5670 requisita
971 5605 1188 5674 civitas,
1216 5621 1270 5664 et
1318 5627 1421 5666 non
1486 5612 1696 5667 relicta.
1726 5632 1743 5665 ι
1774 5610 1851 5667 Ne
1880 5613 2070 5667 existi-

502 5699 617 5747 met
668 5692 958 5760 quispiam,
996 5695 1089 5762 ait,
1139 5700 1253 5758 ha'c
1295 5704 1359 5758 de
1408 5704 1634 5764 Iudaico
1687 5705 1884 5777 populo
1918 5705 2065 5763 dici:

2185 598 2306 644 σαν,
2360 580 2424 634 ἐκ
2451 596 2512 632 τε
2560 577 2653 632 τοῦ
2694 578 2957 649 προτέρου
2998 577 3126 631 λαοῦ
3171 578 3267 632 καὶ
3297 575 3391 630 τοῦ
3415 575 3535 629 νέου
3574 575 3668 628 τοῦ
3691 572 3754 641 ἐξ

2181 672 2370 728 ἐθνῶν.
2398 666 2532 726 Εἶτα
2581 669 2675 725 καὶ
2712 669 2847 742 πρὸς
2879 670 2978 741 τὴν
3013 667 3334 740 Ἐκκλησίαν
3365 668 3600 720 ποιεῖται
3623 666 3753 731 τοὺς

2180 762 2403 832 λόγουςσ
2423 759 2625 831 ταύτης
2653 759 2938 829 γεγόνασιν
2970 758 3075 811 υἱοὶ
3110 756 3248 810 κατά
3271 756 3448 827 σάρκα
3476 756 3526 807 οἱ
3555 751 3755 808 θεσπέ-

2184 870 2285 906 σιοι
2317 851 2577 923 μαθηταὶ,
2594 850 2692 922 τὴν
2712 850 2995 919 εἰς.ἀκραν
3016 849 3186 919 αὐτῆς
3210 846 3472 912 σώζοντες
3494 844 3715 915 ἀγάπην
3732 861 3750 876 ’

2181 942 2320 997 ὥστε
2378 944 2551 997 δοκεῖν
2606 939 2705 1011 τὴν
2756 938 3052 1010 γενομένην
3082 936 3479 1008 φιλοστοργίαν,
3508 931 3599 989 οἷά
3647 953 3756 1008 περ

2180 1035 2445 1107 νεανίσκῳ
2486 1032 2823 1105 συνῳκηκότι
2854 1030 3124 1101 παρθένῳ.
3160 1028 3343 1092 Οὕτως
3380 1028 3754 1107 εὐφρανθήσεσ

2178 1144 2267 1180 ται
2301 1103 2505 1197 Κύριος
2528 1103 2622 1178 ἐπὶ
2649 1103 2753 1187 σοὶ,
2782 1119 3033 1193 καθάπερ
3058 1118 3247 1191 ἀμέλει
3285 1118 3377 1171 καὶ
3404 1103 3633 1188 νυμφίος
3660 1116 3754 1172 ἐπὶ

2180 1218 2387 1290 νύμφῃ.
2419 1215 2705 1285 Καθήκετο
2740 1214 2848 1287 γὰρ
2899 1212 2957 1279 ἐξ
2988 1210 3233 1281 οὐρανῶν
3273 1209 3301 1261 ὁ
3333 1208 3621 1280 μονογενὴς
3658 1205 3757 1262 τοῦ

2179 1308 2311 1363 Θεοῦ
2345 1309 2535 1377 Λόγος,
2569 1305 2636 1360 ἵν’
2665 1305 2939 1377 ἔγκαρπον
2985 1302 3241 1373 ἀποφήνῃ
3267 1298 3364 1371 τὴν
3405 1298 3752 1369 Ἐκκλησίαν,

2181 1401 2245 1472 ἦν
2268 1400 2428 1464 αὐτὸς
2453 1398 2629 1470 ἐαυτῷ
2660 1397 2972 1469 παρέστησε
2996 1393 3262 1466 παρθένον
3289 1393 3479 1465 ἀγνὴν,
3507 1392 3580 1464 μὴ
3600 1391 3756 1462 ἐχου-

2181 1510 2279 1547 σαν
2316 1492 2500 1546 σπίλον
2537 1490 2571 1562 ἢ
2608 1490 2821 1562 ῥυτίδαο
2867 1487 3029 1556 ἀγίαν
3056 1486 3113 1539 δὲ
3146 1484 3344 1556 μᾶλλον
3378 1487 3471 1539 καὶ
3496 1485 3749 1556 ἄμωμον.

2177 1583 2453 1654 Δεξαμένη
2490 1580 2668 1634 τοίνυν
2700 1580 2832 1651 παρ’
2869 1576 3031 1632 αὑτοῦ
3074 1576 3173 1646 τῆς
3210 1573 3570 1643 εὑαγγελικῆς
3594 1573 3755 1628 πολιν

2177 1675 2325 1738 τείας
2367 1673 2439 1726 τά
2477 1670 2785 1742 σπέρματα,
2817 1668 3210 1738 πνευματικαῖς
3236 1664 3447 1728 θυσίαις
3479 1666 3575 1718 καὶ
3600 1665 3756 1733 ἅγιο-

2104 1770 2149 1826 Β
2183 1766 2417 1838 πρεπέσι
2444 1760 2830 1834 κατορθώμασι
2855 1759 2953 1831 τὴν
2998 1757 3215 1829 νύμφην
3239 1755 3625 1811 ἐκλάμπουσαν
3653 1757 3753 1811 ἀπρ

2175 1855 2392 1921 ἐδειξεν.

2253 1965 2273 2000 ι
2312 1947 2424 2001 Καὶ
2458 1946 2552 2000 ἐπὶ
2582 1944 2691 1999 τῶν
2715 1941 2909 2013 τειχῶν
2936 1958 3052 2006 σου,
3084 1937 3455 2012 Ἰερουσαλὴμ,
3486 1938 3757 2011 κατέστη-

2178 2058 2246 2095 σα
2271 2039 2517 2110 φύλακας
2552 2036 2679 2107 ὅλην
2716 2035 2814 2107 τὴν
2840 2033 3053 2105 ἡμέραν
3088 2032 3183 2087 καὶ
3206 2031 3333 2102 ὅλην
3358 2031 3456 2103 τὴν
3480 2030 3672 2096 νύκτα,
3699 2032 3752 2085 οἶ

2174 2134 2263 2189 διὰ
2286 2134 2473 2197 τέλους
2493 2130 2554 2185 οὐ
2587 2128 3041 2200 σιωπηθήσονται,
3070 2123 3496 2196 μιμνησκόμενοι
3519 2122 3750 2195 Κυρίου.

2178 2227 2293 2281 υὺκ
2320 2225 2435 2279 ἐστι
2462 2224 2569 2294 γὰρ
2597 2222 2723 2292 ὑμῖν
2750 2220 2952 2291 ὅμοιος,
2987 2217 3081 2271 ἐὰν
3104 2215 3392 2289 διορθώσῃ,
3426 2214 3518 2269 καὶ
3549 2215 3753 2285 ποιήσῃ

2186 2315 2541 2389 Ἰερουσαλὴμ
2572 2311 2857 2383 γαυρίαμα
2889 2308 2983 2363 ἐπὶ
3030 2310 3129 2379 τῆς
3170 2310 3293 2380 γῆς.
3322 2308 3521 2379 Ὠμοσε
3544 2305 3755 2378 Κύριος

2175 2409 2317 2465 κατά
2334 2408 2433 2480 τῆς
2459 2406 2616 2477 δόξης
2650 2401 2837 2467 αὐτοῦ,
2864 2403 2956 2456 καὶ
2983 2401 3123 2456 κατὰ
3153 2402 3252 2473 τῆς
3277 2401 3458 2472 ἰσχύος
3487 2399 3581 2454 τοῦ
3612 2400 3755 2472 βρα-

2176 2501 2352 2572 χίονος
2381 2495 2567 2551 αὐτοῦ.
2602 2513 2622 2548 ι
2662 2492 2837 2547 Πάλαι
2879 2494 2976 2566 μὲν
3005 2493 3114 2565 γὰρ
3144 2492 3315 2546 ταῦτα
3345 2491 3582 2561 ἐγένετο,
3611 2494 3753 2563 ὁπηέ

2176 2594 2302 2647 νίκα
2327 2591 2419 2646 τὸν
2436 2589 2642 2646 ἑαυτῶν
2670 2591 2879 2665 καρπὸν
2902 2588 3099 2662 βρῶμα
3120 2590 3379 2659 παρεῖχον
3397 2590 3510 2650 τοῖς
3537 2587 3754 2659 ἐχθροῖς

2174 2682 2267 2737 τοῦ
2306 2681 2463 2747 Θεοῦ,
2501 2679 2725 2734 τοιαῦτα
2770 2678 3095 2752 πράττοντες
3142 2678 3235 2730 καὶ
3271 2676 3623 2749 ἐνεργοῦντες
3673 2676 3758 2742 ὡς

2175 2773 2464 2846 δαιμονίων
2488 2771 2735 2842 γίνεσθαι
2752 2770 2958 2844 τροφὴν
2986 2768 3083 2833 τάς
3108 2767 3313 2822 ἑαυτῶν
3342 2768 3569 2840 πράξεις
3589 2785 3603 2799 ·
3632 2769 3752 2823 νυνὶ

2174 2866 2233 2920 δὲ
2265 2866 2376 2929 τοῖς
2402 2864 2496 2918 τοῦ
2526 2863 2648 2917 νέου
2682 2862 2875 2925 αἰῶνος
2904 2858 3488 2930 καταξιωθήσομένοις,
3520 2859 3614 2913 καὶ
3642 2858 3751 2912 τῶν

2177 2956 2601 3029 ἐπηγγελμένων
2641 2954 3002 3024 τευξομένοις,
3036 2952 3184 3025 ὅρκῳ
3219 2951 3445 3023 ὄμνυσιν
3485 2953 3514 3006 ὁ
3548 2951 3752 3025 Κύριος

2181 3052 2376 3124 μηκέτι
2404 3049 2593 3103 δώσειν
2622 3048 2836 3119 ἐχθροῖς
2860 3045 2988 3108 τοὺς
3014 3042 3258 3114 καρποὺς
3280 3042 3479 3107 αὐτῶν,
3514 3042 3628 3096 ἀλλ’
3654 3043 3752 3095 αύ-

2178 3140 2305 3204 τοὺς
2335 3138 2514 3194 αὐτῶν
2545 3137 2854 3192 ἀπολαύειν.
2901 3132 3313 3206 Κατορθοῦντας
3361 3133 3472 3207 γὰρ
3509 3134 3605 3187 τὸν
3628 3137 3749 3187 κατ’

2180 3231 2377 3305 ἀρετὴν
2406 3230 2517 3301 βίον
2538 3231 2632 3284 καὶ
2660 3226 2923 3291 θεοσεϐῶς
2941 3225 3242 3295 διάγοντας,
3272 3224 3478 3281 δίκαιον
3514 3225 3621 3279 τῶν
3656 3226 3754 3279 ol-

2179 3323 2343 3377 κείων
2368 3321 2663 3377 ἀπολαύειν
2684 3318 2931 3392 καρπῶν.
2970 3338 2988 3371 t
3016 3319 3078 3372 Εί
3101 3316 3345 3371 ἐτιδώσω
3361 3318 3451 3372 τὸν
3466 3318 3608 3371 σῖτόν
3627 3334 3748 3386 σου,

2178 3416 2271 3470 καὶ
2304 3414 2370 3469 τὰ
2401 3413 2663 3487 βρώματά
2691 3430 2784 3466 σου
2803 3414 2915 3476 τοῖς
2938 3410 3152 3483 ἐχθροῖς
3177 3427 3293 3477 σου,
3311 3410 3404 3464 καὶ
3425 3410 3503 3463 ἔτι
3530 3410 3749 3466 πίονται

2179 3508 2286 3562 υιολ⁸
2305 3508 2574 3579 ἀλλότριοι
2630 3506 2723 3560 τὸν
2766 3501 2908 3559 οἶνόν
2950 3522 3069 3571 σου,
3116 3498 3267 3574 ἐφίἶ)
3297 3502 3631 3574 ἐμόχθησας

2255 3599 2390 3655 Ἀλλ’
2434 3599 2486 3653 οἱ
2523 3597 2917 3667 συναγαγόντες
2956 3595 3219 3665 φάγονται
3252 3593 3408 3660 αὐτὰ,
3454 3593 3548 3647 κα)⁵
3598 3593 3751 3646 alve-

2178 3711 2329 3748 σουσι
2355 3691 2579 3765 Κύριον,
2624 3690 2720 3745 καὶ
2753 3690 2801 3743 οἱ
2846 3688 3241 3758 συναγαγόντες
3274 3688 3485 3741 πίονται
3510 3686 3651 3741 αὐτὰ
3685 3687 3749 3739 ἐν

2174 3786 2292 3848 ταῖς
2344 3782 2605 3837 ἐπαύλεσι
2642 3770 2760 3845 ταῖς
2803 3780 2985 3849 ἁγίαις
3028 3796 3161 3850 μου.
3196 3796 3215 3831 ι
3257 3774 3382 3833 Εἶεν
3412 3777 3457 3830 δ’
3485 3775 3552 3831 ἂν
3586 3769 3748 3830 αὗται

2174 3877 2232 3929 ai
2257 3875 2445 3931 πολλαὶ
2472 3873 2631 3946 μοναὶ
2654 3873 2711 3928 al.
2740 3871 2891 3944 παρά
2910 3870 2985 3942 τῷ
3011 3870 3204 3943 Πατρί.

2255 3986 2274 4020 t
2307 3966 2609 4039 Πορεύεσθε
2643 3964 2731 4019 διὰ
2755 3964 2863 4020 τῶν
2893 3963 3075 4017 πυλῶν
3107 3978 3229 4033 μου.
3270 3981 3291 4016 ι
3323 3963 3482 4017 Νοεῖν
3520 3961 3578 4017 δὲ
3616 3962 3753 4032 ἡμῖν

2174 4059 2404 4131 παρέχει
2436 4058 2525 4113 διὰ
2551 4056 2757 4111 τούτων
2793 4055 2890 4129 τὴν
2920 4053 3238 4125 ἐπουράνιον
3274 4054 3368 4108 τοῦ
3403 4054 3538 4109 Θεοῦ
3571 4053 3749 4118 πόλιν,

2176 4151 2272 4206 καὶ
2292 4152 2391 4215 τάς
2421 4151 2588 4222 αὐτῆς
2620 4149 2793 4212 πύλας
2810 4165 2823 4177 ⁸
2854 4146 2890 4201 ἀ
2914 4146 2977 4217 δὴ
3000 4146 3175 4201 πάντα
3200 4146 3340 4200 κατά
3363 4145 3454 4199 τὸν
3474 4143 3740 4215 ἐπηγγελ·

2178 4243 2335 4315 μένον
2383 4243 2553 4297 αἰῶνα
2602 4242 3103 4312 ἀναπετασθήσεται
3145 4242 3258 4304 τοῖς
3291 4237 3463 4303 ἀξίοις
3517 4236 3608 4289 καὶ
3660 4235 3753 4287 λε·

2174 4334 2452 4407 χθήσεται·
2500 4353 2519 4387 ι
2548 4333 2845 4406 Πορεύεσθε
2876 4333 2961 4387 διὰ
2985 4333 3092 4386 τῶν
3123 4331 3306 4385 πυλῶν
3338 4348 3461 4402 μου,
3505 4330 3597 4383 καὶ
3626 4329 3747 4383 ὁδο-

2175 4428 2438 4501 ποιήσατε
2479 4426 2557 4499 τῷ
2596 4425 2711 4497 λαῷ
2745 4443 2868 4498 μου,
2908 4426 3001 4480 καὶ
3037 4426 3163 4489 τοὺς
3190 4424 3369 4488 λίθους
3402 4423 3469 4476 ἐκ
3494 4423 3592 4495 τῆς
3621 4421 3744 4476 ὁδοῦ

2172 4519 2509 4593 διαρῤίψατε.
2549 4517 2808 4590 Ἐξάρατε
2840 4516 3118 4589 σύσσημον
3141 4518 3221 4580 εἰς
3245 4515 3313 4569 τά
3334 4514 3482 4585 ἔθνη.
3514 4534 3533 4568 ι
3563 4513 3746 4586 Μηδὲν

2173 4612 2304 4683 γὰρ,
2334 4611 2517 4683 φησὶν,
2552 4608 2703 4663 ἔσται
2731 4608 2979 4681 κώλυμα,
3015 4609 3149 4681 μηδέ
3178 4607 3453 4680 ἐμπόδιον,
3493 4605 3628 4678 μηδέ
3660 4622 3745 4669 τις

2176 4702 2388 4773 φθόνος,
2424 4700 2557 4773 μηδὲ
2584 4700 2868 4772 βάσκανος,
2902 4700 2977 4772 μὴ
3015 4699 3289 4771 πρόφασίς
3325 4716 3405 4764 τε,
3464 4697 3595 4770 μηδὲ
3628 4696 3747 4750 δαί-

2177 4805 2315 4868 μων,
2357 4794 2431 4866 μὴ
2466 4793 2681 4865 πνεῦμα
2728 4793 2981 4865 πονηρὸν,
3021 4793 3096 4864 μὴ
3133 4789 3745 4863 δύναμιςλάντικὲιμένη

2174 4886 2517 4941 διακωλυέτω
2542 4886 2631 4940 τὸν
2661 4885 2787 4940 λαὸν
2810 4884 2899 4938 τὸν
2930 4883 3061 4955 ἐμὸν
3095 4886 3174 4949 είς
3201 4884 3298 4956 τὴν
3328 4881 3602 4954 βασιλείαν
3634 4880 3747 4934 τῶν

2174 4978 2416 5051 οὐρανῶν
2466 4977 2709 5032 εἰσιέναι.
2755 4973 2940 5030 Ταῦτα
2967 4976 3025 5029 δὲ
3070 4974 3206 5048 πρός
3250 4993 3401 5040 τινας
3447 4972 3747 5044 ἀγγελικάς

2173 5070 2489 5143 λεχθήσεται
2518 5068 2792 5139 δυνάμεις.

2252 5180 2272 5215 t
2311 5161 2439 5216 Ἰδοὺ
2464 5160 2575 5233 γάρ
2605 5158 2809 5231 Κύριος
2840 5159 3095 5232 ἐποίησεν
3122 5156 3387 5215 ἀκουστὸν
3426 5157 3532 5222 ἕως
3580 5156 3745 5227 ἐσχάο

2174 5272 2267 5309 του
2296 5254 2396 5325 τῆς
2415 5253 2541 5322 γῆς·
2567 5252 2771 5307 Εἴπατε
2819 5254 2889 5324 τῇ
2930 5252 3157 5325 θυγατρὶ
3187 5251 3323 5305 Σιών
3342 5268 3356 5282 ο
3412 5250 3540 5306 Ἰδοὺ
3569 5251 3599 5303 ὁ
3632 5250 3745 5302 Σω-

2172 5346 2277 5418 τήρ
2307 5361 2389 5398 σοι
2419 5343 2793 5415 παραγέγονεν
2824 5343 2963 5414 ἔχων
2990 5343 3079 5397 τδν
3103 5342 3296 5397 ἐαυτοῦ
3325 5341 3537 5414 μισθὸν,
3561 5341 3655 5396 καὶ
3678 5339 3747 5394 τὸ

2174 5433 2334 5505 ἔργον
2367 5432 2529 5487 αὐτοῦ
2566 5432 2672 5505 πρὸ
2700 5432 2987 5505 προσώπου
3021 5429 3208 5485 αὐτοῦ.
3243 5432 3355 5485 Καὶ
3386 5430 3602 5486 καλέσει
3637 5429 3738 5482 αὐ-

2172 5528 2264 5581 τὸν
2319 5526 2445 5580 λαὸν
2489 5528 2663 5596 ἀγιον,
2709 5523 3110 5598 λελυτρωμένον
3154 5524 3259 5578 ὑπὸ
3300 5525 3529 5597 Κυρίου.
3580 5525 3653 5579 Σὺ
3681 5522 3745 5578 δὲ

2176 5614 2421 5689 κληθήσῃ
2445 5613 2844 5685 ἐπιζητουμένη
2870 5612 3025 5677 πόλις
3066 5614 3160 5668 καὶ
3201 5614 3301 5669 οὐκ
3328 5614 3745 5686 ἐγκαταλελειμ-

2179 5706 2332 5778 μένη.
2372 5725 2388 5759 ι
2420 5704 2511 5777 Μὴ
2538 5703 2643 5777 γὰρ
2667 5701 2928 5777 νομιζέτω
2953 5720 3053 5771 τις,
3095 5707 3278 5778 φησιν,
3321 5706 3449 5778 περὶ
3478 5705 3569 5761 τοῦ
3609 5707 3743 5761 Ἰου-
