4108 6204
386 235 491 295 601

1352 242 1854 329 COMMENTABIA
1892 247 1961 304 IN
1999 250 2250 312 lSAlAM.
2288 288 2360 297 —
2392 257 2541 315 CAP.
2584 260 2764 318 LXIII.

3536 278 3656 334 502‘

387 352 560 407 δαίων
585 352 719 409 λαοὸ
744 352 911 408 ταῦτα
933 356 1213 428 εἰρῆσθαι·
1240 362 1540 438 ἐπειδήπερ
1564 367 1741 421 πάντα
1762 369 1828 424 τὰ
1847 370 1951 425 ἐθνι

2077 377 2329 445 quoniam
2360 378 2549 438 omnes
2578 392 2768 454 gentes
2791 383 3003 455 signum
3032 385 3213 444 levare
3234 389 3409 457 jubet,
3447 403 3498 448 et
3520 411 3639 449 om-

386 443 452 499 τὸ
514 448 745 518 σημεῖον
779 449 1027 521 αίρεσθαι
1065 454 1411 523 προστάττει,
1474 459 1569 511 καὶ
1614 460 1823 526 πάντας
1870 463 1974 527 ἕως

388 531 641 603 ἐσχάτου
692 534 791 606 τῆς
839 537 942 608 γῆς
1008 539 1417 610 εὐαγγελίζεται
1473 547 1542 602 τὰ
1588 550 1969 621 προλεχθέντα.

392 623 580 679 Πάλαι
612 626 707 696 μὲν
734 623 825 682 οὖν
865 630 1006 683 κατὰ
1034 632 1132 703 τὴν
1158 634 1379 708 πρώτην
1406 639 1570 694 αύτοῦ
1616 644 1915 715 παρουσίαν
1944 646 1973 698 ὁ

396 714 565 780 αὐτὸς
609 713 675 789 ἦν
710 720 901 793 Σωτὴρ
941 722 1009 774 δι’
1059 719 1134 777 ὧν
1182 725 1385 799 ἔπραξε
1424 732 1516 784 καὶ
1541 713 1805 788 πέπονθεν
1832 736 1973 808 ὑπὲρ

394 807 492 861 τοῦ
555 809 658 864 τῶν
716 811 1020 885 ἀνθρώπων
1078 817 1268 885 γένους
1319 822 1419 894 τὴν
1478 826 1628 896 παρά
1676 827 1771 881 τοῦ
1835 826 1969 883 Θεοῦ

401 901 665 973 σωτηρίαν
688 906 803 968 τοῖς
825 908 908 969 είς
929 906 1091 961 αὑτὸν
1122 912 1434 968 πιστεύουσι
1458 918 1752 988 προξενῶν,
1777 921 1906 993 παρ’
1928 915 1973 989 ᾧ

397 992 499 1084 καὶ
522 994 722 1066 Ἰησοῦς
742 995 1060 1071 ὠνομάσθη,
1098 1002 1239 1056 κατά
1258 1004 1359 1077 τὴν
1379 1008 1472 1062 τοῦ
1502 1009 1730 1080 ἀγγέλου
1767 992 1971 1084 μαρτυ-

394 1083 532 1155 ρίαν.

897 1185 1293 1244 ΚΕΦᾹΛΑΙΟΝ
1338 1189 1455 1248 ΞΡ.

458 1311 481 1345 ι
516 1293 615 1357 Τίς
648 1289 804 1362 οὗτος
847 1300 877 1353 ὁ
911 1304 1347 1376 παραγενόμενος
1372 1306 1433 1373 ἐξ
1474 1306 1686 1381 Ἐδὼμ,
1718 1292 1969 1384 ἐρύθημα

382 1384 619 1456 ἱματίων
660 1390 727 1443 ἐκ
779 1392 981 1464 Βοσόρ;
1018 1395 1188 1460 οὕτως
1230 1399 1429 1470 ὡραῖος
1475 1403 1533 1455 ἐν
1569 1404 1726 1477 στολῇ
1764 1406 1926 1461 αὐτοῦ
1950 1426 1965 1440 ’

382 1476 478 1547 βία
512 1479 653 1550 μετά
696 1482 899 1553 ἰσχύος.
944 1484 1084 1555 Ἐγὼ
1128 1489 1448 1563 διαλέγομαι
1485 1476 1830 1567 δικαιοσύνην
1874 1500 1969 1552 καὶ

379 1568 566 1659 κρίσιν
593 1571 886 1644 Σωτηρίου.
921 1594 940 1627 ι
973 1576 1389 1648 Προσωποποιεῖ
1425 1584 1453 1635 ό
1484 1583 1640 1653 λόγος
1669 1588 1966 1659 ἐρωτήσεις

378 1657 546 1711 τινῶν
580 1659 829 1731 ὁρώντων
854 1663 945 1717 τὸν
972 1664 1205 1737 Χριστὸν
1236 1671 1517 1744 πολεμικῷ
1552 1657 1790 1746 σχήματι
1834 1657 1967 1731 θεω-

681 1754 773 1806 καὶ
795 1753 893 1825 τὴν
926 1758 1216 1830 περιϐολὴν
1246 1764 1563 1835 ᾑμαγμένον
1587 1783 1600 1796 ·
1625 1768 1675 1821 οἳ
1703 1769 1796 1822 καὶ
1826 1770 1961 1842 πρὸς

376 1837 640 1927 ἀλλήλους
665 1845 795 1912 φασὶ
817 1844 879 1897 τὸ
908 1844 1055 1910 ξένον
1073 1848 1166 1901 τοῦ
1194 1854 1473 1923 σχήματος
1498 1837 1924 1927 ἐκπληττόμενοι
1942 1876 1955 1890 ο

384 1945 405 1979 ι
447 1928 545 1991 Τίς
582 1924 735 1995 οὗτος
775 1934 805 1986 ό
851 1937 1294 2008 παραγενόμενος
1334 1938 1395 2005 ἐξ
1457 1924 1671 2014 Ἐδὼμξ
1706 1924 1959 2017 ἐρύθημα

377 2018 619 2109 ἐματίων
646 2024 710 2076 ἐκ
740 2024 944 2098 Βοσόρ;
994 2046 1013 2079 ι
1070 2029 1285 2102 Ἐπειδὴ
1330 2032 1441 2105 γάρ
1476 2036 1511 2106 η
1569 2032 1747 2107 Ἐδὼμ
1792 2038 1885 2091 καὶ
1925 2039 1958 2109 ἠ

373 2108 557 2183 Βοσὸρ
579 2112 679 2182 τῆς
716 2114 823 2170 τῶν
851 2118 1161 2189 ἀλλοφύλων
1188 2121 1374 2194 χώρας
1403 2125 1497 2179 καὶ
1530 2126 1616 2179 ἀεὶ
1652 2126 1762 2181 τῶν
1802 2127 1959 2181 πολε-

379 2200 520 2274 μίων
558 2204 654 2258 τοῦ
704 2206 919 2281 Ἰσραὴλ
945 2214 1322 2284 τυγχάνουσιν,
1361 2217 1584 2284 εἰκότως
1627 2220 1716 2274 διὰ
1756 2220 1959 2276 τούτων

372 2292 487 2347 τῶν
515 2294 794 2367 ὀνομάτων
817 2300 917 2364 τὰς
947 2302 1329 2376 ἀντικειμένας
1356 2307 1617 2380 δυνάμεις
1639 2312 1955 2377 αἰνίττεται,

373 2385 473 2477 καὶ
509 2385 625 2441 τῶν
661 2389 1046 2463 ἀνῃρημένων,
1095 2398 1188 2451 καὶ
1220 2398 1462 2471 ὡσπερεὶ
1492 2405 1957 2477 κατεσφαγμένων

372 2474 464 2530 τὸν
507 2477 802 2552 ἱματισμὸν
846 2485 1011 2539 αὐτοῦ
1060 2506 1192 2560 φησι
1241 2493 1607 2561 πεφοινίσθαι.
1654 2474 1868 2571 Σφόδρα
1899 2498 1956 2552 δὲ

373 2568 537 2624 αὐτὸν
568 2571 1037 2649 ἀλλοῖον-ὁρῶντες
1070 2582 1134 2635 ἐκ
1175 2584 1274 2655 τῆς
1304 2585 1444 2639 κατά
1476 2586 1585 2642 τῶν
1617 2568 1829 2644 ἀσεϐῶν
1873 2610 1956 2645 τι-

375 2662 610 2734 μωρίας,
638 2666 757 2721 ούδέ
791 2671 1078 2742 γνωρίζειν
1109 2674 1345 2731 ἐοίκασιν
1384 2678 1568 2747 αὐτὸν,
1606 2682 1828 2757 φαιδρὸν
1860 2684 1954 2738 καὶ

370 2755 606 2827 γαληνὸν
643 2760 738 2814 καὶ
777 2763 985 2835 ἥμερον
1021 2766 1185 2821 αὐτὸν
1218 2769 1589 2840 ἐπιστάμενοι·
1626 2774 1706 2828 διὸ
1741 2755 1952 2830 πυνθά-

370 2864 555 2901 νονται
607 2849 891 2921 λέγοντες;
933 2874 952 2907 ι
988 2857 1085 2921 Τίς
1116 2849 1270 2924 οὗτος
1335 2862 1362 2913 ὁ
1405 2865 1847 2937 παραγενόμενος
1874 2850 1951 2937 ’ἐξ

383 2938 581 3010 Ἐδὼμ,
602 2941 853 3015 ἐρύθημα
871 2947 1096 3016 ἱματίων
1112 2950 1385 3022 ἐκΒοσόρ;
1411 2971 1533 3005 ι--ι
1555 2955 1947 3029 Ὑπερμαχῶν»

368 3028 501 3100 γάρ,
531 3030 673 3084 κατὰ
705 3033 795 3086 τὸν
822 3034 1139 3110 Σύμμαχον,
1173 3040 1281 3094 τῶν
1310 3043 1509 3110 ἀδίκως
1535 3046 1637 3099 ὑπὸ
1668 3047 1776 3101 τῶν
1806 3028 1953 3105 ἀντι-

369 3121 640 3192 κειμένων
673 3125 955 3198 δυνάμεων
1002 3135 1524 3208 καταπονουμένων,
1559 3140 1685 3203 τοὺς
1731 3140 1830 3211 μὲν
1876 3143 1953 3209 ὡς

367 3214 600 3285 ἐχθροὺς
635 3220 967 3292 μετήρχετο,
1000 3225 1128 3288 τοὺς
1158 3226 1214 3279 δέ
1265 3228 1466 3294 ἔσωζεν
1509 3232 1809 3305 ἐλευθερῶν
1854 3237 1954 3309 τῆς

371 3305 478 3359 ὑπὸ
504 3310 614 3372 τοῖς
638 3311 851 3383 ἐχθροῖς
874 3313 1212 3382 δυναστείας.

354 3418 355 3421 η
442 3415 463 3448 ι
496 3398 595 3453 Διά
625 3400 679 3453 τί
714 3419 805 3455 σου
848 3406 1055 3479 ἐρυθρά
1081 3408 1149 3462 τὰ
1192 3410 1401 3482 ἱμάτια,
1437 3415 1532 3468 καὶ
1572 3415 1642 3470 τά
1680 3416 1953 3490 ἐνδύματά

367 3508 466 3583 σου
494 3492 571 3556 ὡς
598 3494 705 3547 ἀπὸ
734 3498 972 3568 πατητοῦ
998 3500 1189 3572 ληνοῦ;
1225 3507 1443 3581 Πλήρης
1477 3509 1884 3583 πεπατημένης.
1924 3534 1945 3567 ι

367 3581 512 3653 Ὅρα
546 3583 602 3637 δέ
634 3584 752 3650 πῶς
781 3589 993 3661 εἴρηται
1025 3592 1185 3665 ληνὸν
1214 3600 1589 3669 πεπατηκέναι
1623 3581 1946 3673 μονώτατος.

363 3673 531 3745 Μόνῳ
561 3676 670 3749 γὰρ
696 3680 846 3751 αὐτῷ
871 3681 970 3753 τὴν
998 3684 1181 3750 κρίσιν
1202 3686 1433 3743 δέδωκεν
1458 3692 1487 3744 ὁ
1520 3693 1730 3765 Πατὴρ,
1765 3695 1864 3765 τὴν
1891 3694 1949 3747 δὲ

363 3766 475 3821 τῶν
511 3769 924 3844 ἁμαρτημάτων
953 3776 1218 3848 ἔκπραξιν
1244 3777 1403 3850 ληνὸν
1432 3781 1590 3835 εἴωθε
1625 3785 1839 3838 καλεῖν·
1865 3783 1949 3839 διδ

362 3860 582 3949 ἐντοῖς
619 3862 847 3935 Θρήνοις
914 3866 1182 3939 Ἱερεμίας
1225 3871 1396 3942 φησί’
1434 3890 1469 3929 ι.
1496 3874 1669 3944 Ληνὸν
1708 3876 1947 3949 ἐπάτησε

360 3948 571 4020 Κύριος
610 3954 863 4026 παρθένῳ
907 3956 1138 4029 Θυγατρὶ
1191 3959 1397 4013 Ἰούδα·
1454 3962 1547 4015 ἐπὶ
1585 3963 1794 4029 τούτοις
1837 3965 1948 4034 ἐγὼ

359 4042 556 4096 κλαίω.
589 4063 609 4096 ι
643 4046 854 4118 Ὠσπερ
871 4047 987 4118 an;
1026 4050 1119 4102 snt
1149 4050 1210 4103 τὸ
1240 4052 1372 4105 αὐτὸ
1393 4052 1503 4107 τῶν
1531 4054 1947 4127 ἁμαρτημάτων

360 4134 585 4205 εύθύνη,
620 4138 715 4191 καὶ
745 4140 773 4192 ό
802 4139 1020 4210 ἐλεγχος
1051 4142 1139 4195 ἐπ’
1167 4143 1369 4208 αὐτοῖς,
1403 4144 1438 4214 ἥ
1473 4161 1532 4197 τε
1567 4144 1828 4218 ἐκπραξις
1853 4148 1946 4203 καὶ

361 4226 397 4297 ἡ
426 4228 668 4299 τιμωρία
694 4228 853 4301 ληνὸς
880 4232 1228 4303 ὠνόμασται*
1262 4234 1403 4288 οὕτω
1441 4237 1534 4289 καὶ
1573 4236 1684 4291 τῶν
1725 4239 1943 4307 ἀγαθῶν

359 4319 592 4389 καρπῶν
632 4322 695 4373 ἐκ
726 4321 827 4391 τῆς
866 4323 1077 4394 ἀγαθῆς
1119 4325 1367 4395 ἀμπέλου
1396 4329 1761 4400 τρυγωμένων
1794 4330 1945 4403 ληνοὶ

2075 472 2234 527 nibus
2268 489 2442 544 usque
2478 476 2545 530 ad
2596 485 2897 534 extremum
2932 489 3090 535 terra:
3124 483 3379 551 praedicta
3433 499 3621 555 annun

2077 562 2192 617 tiat.
2231 564 2371 620 Olim
2404 566 2619 636 quidem
2666 569 2725 623 in
2768 570 2941 639 primo
2969 587 3066 626 suo
3106 574 3343 628 adventu
3378 574 3491 643 ipse
3524 576 3645 631 Sal-

2074 664 2249 722 vator,
2276 673 2373 727 per
2416 675 2476 715 ea
2505 676 2625 730 quaa
2653 677 2751 732 pro
2782 663 3018 720 humano
3043 680 3246 734 genere
3279 665 3408 722 fecit
3440 678 3495 723 et
3518 683 3643 738 per-

2072 764 2258 820 pessus
2288 761 2388 818 est,
2424 767 2541 807 eam
2579 770 2696 824 quae
2722 771 2753 809 a
2783 756 2895 812 Deo
2927 767 3016 813 est
3063 759 3294 814 salutem
3320 760 3384 815 .in
3421 775 3481 816 se
3518 776 3641 817 cre-

2072 840 2322 898 dentibus
2352 844 2693 911 conciliabat,
2718 848 2860 901 unde
2889 847 3045 907 Jesus
3066 850 3385 922 appellatus
3417 861 3523 921 est,
3561 868 3643 909 se-

2073 933 2308 987 cundum
2354 934 2529 1006 angeli
2564 936 2973 993 testimonium-

2630 1201 2857 1259 CAPUT
2892 1202 3071 1259 LXIII;

2141 1287 2307 1345 Vens.
2336 1291 2388 1347 ι.
2425 1310 2444 1345 ι
2476 1292 2606 1360 Quis
2633 1303 2715 1350 est
2741 1298 2843 1352 iste
2869 1298 2960 1368 qui
2988 1297 3137 1354 venit
3166 1299 3230 1355 de
3258 1300 3641 1365 Edom,.rubor

2069 1384 2516 1442 vestimentorum
2551 1388 2620 1444 de
2644 1389 2844 1445 Bosor?
2869 1390 2948 1445 sic
2977 1390 3245 1449 formosus
3269 1393 3322 1448 in
3344 1394 3478 1450 stola
3507 1410 3625 1462 sua,

2069 1477 2328 1532 violentia
2379 1494 2500 1535 cum
2528 1481 2876 1539 fortitudine.
2905 1484 3020 1557 Ego
3046 1485 3239 1557 loquor
3273 1486 3543 1555 justitiam
3587 1499 3642 1545 et

2064 1568 2330 1638 judicium
2381 1571 2711 1629 Salutaris.»
2762 1574 3171 1648 Interrogantes
3214 1579 3420 1636 inducit
3452 1596 3642 1651 perso-

2070 1676 2166 1716 nas
2199 1662 2458 1732 quasdam
2499 1663 2780 1720 Christum
2834 1667 3030 1723 bellico
3076 1669 3264 1724 habitu
3317 1678 3373 1725 et
3407 1681 3641 1727 cruento

2070 1755 2269 1809 amictu
2314 1755 2557 1827 videntes
2588 1772 2599 1807 :
2627 1772 2749 1827 quae
2796 1761 3061 1830 stupendo
3116 1763 3311 1817 vestitu
3348 1766 3636 1834 perculsae,

2068 1848 2143 1904 ita
2171 1859 2355 1903 mutuo
2383 1849 2771 1921 colloquuntur
2806 1869 2818 1905 :
2859 1871 2877 1903 ι
2908 1852 3038 1919 Quis
3084 1863 3168 1910 est
3209 1855 3332 1924 iste,
3361 1859 3452 1927 qui
3487 1858 3638 1914 venit

2067 1938 2133 1993 de
2169 1939 2360 2004 Edom,
2410 1940 2577 1997 rubor
2614 1943 3056 1999 vestimentorum
3098 1962 3165 2002 ex
3214 1947 3424 2003 Bosor?
3452 1969 3470 2002 ι
3499 1949 3635 2006 Nam

2067 2031 2192 2101 quia
2222 2030 2390 2087 Edom
2434 2042 2491 2088 et
2528 2033 2699 2090 Bosor
2723 2036 3150 2109 alienigenarum
3176 2041 3425 2112 regiones
3456 2054 3633 2112 erant,

2068 2124 2251 2180 lsraeli
2290 2139 2505 2198 semper
2546 2127 2782 2197 infestae;
2820 2129 2907 2186 his
2950 2132 3263 2188 nominibus
3291 2134 3635 2191 adversaria:

2066 2225 2363 2285 potestates
2415 2228 2779 2290 congruenter
2832 2221 3078 2289 indicat,
3131 2240 3196 2280 ac
3250 2224 3635 2281 vestimentum

2066 2322 2224 2363 suum
2248 2323 2511 2364 caesorum
2543 2326 2607 2367 ac
2636 2312 3007 2383 jugulatorum
3040 2330 3233 2372 cruore
3262 2317 3413 2387 quasi
3441 2333 3633 2388 purpu-

2064 2410 2242 2454 ratum
2272 2414 2393 2456 esse
2423 2402 2576 2458 dicit.
2611 2403 2743 2460 Cum
2787 2416 2967 2462 autem
3010 2407 3184 2478 ipsum
3230 2424 3259 2464 a
3301 2420 3518 2482 sumpto
3569 2413 3636 2467 de
3672 2445 3677 2450 ε

2063 2492 2244 2564 impiis
2277 2495 2541 2566 supplicio
2567 2496 2721 2552 valde
2759 2499 3098 2554 immutatum
3132 2510 3378 2567 cernant,
3414 2517 3482 2557 ne
3508 2504 3635 2572 qul-t

2063 2585 2183 2640 dem
2201 2600 2360 2642 nosse
2385 2587 2655 2655 videntur,
2682 2602 2842 2658 quem
2870 2590 3070 2655 laetum,
3106 2591 3452 2661 tranquillum
3485 2609 3636 2652 many

2062 2687 2382 2748 suetamque
2417 2693 2538 2735 esse
2574 2679 2823 2736 sciebant
2854 2697 2869 2733 :
2902 2683 3254 2753 quamobrem
3282 2683 3631 2742 sciscitantur

2060 2770 2146 2826 his
2174 2770 2351 2827 verbis
2377 2787 2391 2824 :
2418 2789 2437 2824 ι
2467 2771 2597 2839 Quis
2633 2780 2716 2829 est
2737 2773 2838 2830 iste
2865 2774 2956 2845 qui
2989 2775 3136 2831 venit
3164 2776 3229 2831 de
3252 2775 3443 2845 Edom,
3464 2777 3638 2833 rubor.

2059 2862 2503 2920 vestimentorum
2529 2866 2595 2921 de
2631 2865 2844 2923 Bosor?
2876 2886 2998 2920 ›-‹
3024 2863 3375 2940 Propugnans
3404 2887 3424 2922 ι
3457 2869 3629 2935 enim,

2059 2956 2356 3011 secundum
2395 2958 2801 3029 Symmachum,
2828 2975 2924 3031 pro
2954 2960 3045 3026 iis,
3076 2960 3165 3031 qui
3200 2960 3269 3015 ab
3300 2959 3663 3016 adversariis.

2058 3051 2414 3119 potestatibus
2460 3050 2860 3124 amigebantur,
2918 3053 3037 3110 illos
3080 3054 3297 3125 quidem
3350 3064 3410 3109 ut
3441 3054 3658 3110 hostes.

2056 3138 2366 3207 invadebat,
2401 3140 2502 3198 hos
2534 3152 2716 3199 autem
2758 3145 2931 3203 salute
2964 3144 3223 3214 donabat,
3260 3145 3329 3201 ab
3376 3145 3633 3202 inimicos

2054 3246 2172 3288 rum
2202 3235 2442 3305 potentia
2480 3243 2717 3311 ereptos.

2126 3390 2290 3449 Vens.
2322 3393 2377 3448 2.
2421 3412 2441 3446 ι
2463 3394 2641 3462 Quare
2673 3396 2841 3452 rubra
2875 3398 3201 3453 vestimenta
3227 3405 3336 3464 tua,
3376 3408 3432 3453 et
3465 3399 3627 3455 indu-

2052 3493 2234 3540 menta
2271 3495 2359 3540 tua
2409 3492 2565 3557 quasi
2612 3505 2641 3543 a
2690 3489 2895 3546 calcato
2934 3492 3235 3547 torculari?
3266 3491 3468 3548 Plenus
3494 3509 3624 3548 con-

2048 3569 2283 3647 culcata.
2313 3599 2333 3632 ι
2358 3580 2494 3637 Vide
2534 3584 2801 3653 quomodo
2833 3584 2978 3639 solus
3009 3582 3250 3638 torcular
3273 3584 3628 3641 conculcasso

2050 3675 2278 3732 dicatur.
2323 3674 2432 3748 Ipsi
2486 3689 2725 3746 namque
2770 3676 2871 3731 soli
2917 3675 3179 3747 judicium
3228 3682 3378 3738 dedit
3413 3683 3620 3737 Pater:

2047 3779 2395 3838 peccatorum
2426 3784 2555 3825 vero
2584 3768 2843 3826 ultionem
2872 3772 3107 3827 torcular
3129 3775 3402 3845 appellare
3432 3777 3571 3833 solet
3603 3795 3620 3835 :

2048 3877 2220 3932 quare
2252 3862 2307 3917 in
2344 3862 2578 3919 Threnis
2609 3862 2684 3917 ait
2707 3861 3011 3921 Jeremias:
3046 3884 3066 3918 ι
3093 3865 3355 3923 Torcular
3391 3868 3622 3924 calcavit

2050 3954 2307 4011 Dominus
2330 3956 2524 4027 virgini
2559 3957 2683 4013 ﬁlia:
2705 3957 2843 4014 Juda
2872 3977 2886 4013 :
2912 3976 3077 4031 super
3110 3960 3196 4017 his
3217 3977 3316 4033 ego
3335 3962 3488 4033 ploro
3512 3962 3579 4021 ”.
3595 3976 3619 4015 ι

2047 4048 2514 4115 Quemadmodum
2568 4059 2747 4105 autem
2800 4052 3084 4107 confertim
3136 4053 3336 4110 habitae
3368 4065 3619 4125 peccato-

2046 4157 2163 4196 rum
2199 4157 2393 4213 paenae,
2433 4144 2759 4212 redargutio,
2784 4144 2916 4200 ultio
2967 4156 3022 4200 et
3053 4147 3373 4217 supplicium
3438 4158 3619 4203 torcu-

2045 4229 2127 4285 lar
2153 4244 2460 4299 vocantur;
2492 4232 2568 4286 ita
2598 4241 2654 4287 et
2684 4233 2947 4288 bonorum
2976 4234 3246 4290 fructuum
3275 4253 3340 4292 ex
3365 4239 3503 4293 bona
3535 4240 3618 4293 vi-

2046 4336 2144 4376 nea
2170 4321 2568 4392 decerptorum,
2600 4322 2708 4377 Deo
2736 4324 2988 4378 amabilia
3014 4334 3067 4379 et
3096 4326 3288 4395 placita
3320 4328 3615 4383 toreularia

359 4409 624 4479 θεοφιλεῖς
673 4414 765 4466 καὶ
817 4414 936 4485 Θεῷ
978 4416 1207 4488 ἀρεσταὶ
1262 4418 1534 4487 γίνονται·
1581 4421 1668 4491 ἐφ’
1714 4417 1803 4487 αἷς
1847 4425 1943 4478 καὶ

2055 4422 2306 4482 parantur
2333 4430 2346 4466 :
2373 4429 2475 4483 qua
2505 4414 2570 4469 de
2595 4428 2757 4470 causa
2790 4414 2972 4483 hymni
3003 4432 3021 4466 ι
3062 4417 3169 4471 Pro
3200 4417 3562 4475 torcularibus
3589 4440 3615 4473 ι

363 4521 385 4555 σ
408 4500 708 4575 Ἐπιλήνιοι
750 4524 768 4557 ι
806 4506 970 4576 ὕμνοι
997 4508 1237 4580 εἴρηνται
1264 4510 1321 4564 ἐν
1351 4513 1463 4575 τοῖς
1486 4511 1755 4584 Ψαλμοῖς.
1786 4534 1805 4565 ι
1840 4515 1938 4569 Διά

2055 4506 2296 4559 dicuntur
2341 4504 2395 4559 in
2446 4505 2697 4561 Psalmis.
2728 4524 2745 4558 ι
2776 4508 2955 4572 Quare
2986 4507 3147 4562 rubra
3190 4509 3530 4577 vestimenta,
3561 4520 3633 4571 ει,

352 4591 411 4645 τί
450 4610 544 4646 σου
588 4594 795 4667 ἐρυθρὰ
838 4595 906 4649 τά
941 4596 1150 4668 ἱμάτια,
1187 4599 1282 4653 καὶ
1324 4599 1395 4653 τὰ
1425 4600 1700 4675 ἐνδύματά
1734 4622 1828 4659 σου
1860 4605 1937 4669 ὡς

353 4683 466 4738 ἀπὸ
500 4686 740 4757 πατητοῦ
774 4687 970 4759 ληνοῦ;
1003 4689 1223 4763 Πλήρης
1256 4695 1661 4768 πεπατημένης.
1708 4716 1727 4748 ι
1759 4696 1937 4752 Μολύ-

352 4793 439 4833 νει
471 4776 530 4830 δέ
564 4777 635 4831 τά
678 4778 947 4850 ἐνδύματα
985 4781 1148 4835 αὑτοῦ
1170 4823 1184 4847 ,
1222 4783 1409 4857 ὥσπερ
1443 4787 1648 4859 ἐρυθρά
1680 4790 1934 4858 γενέσθαι

351 4867 497 4921 αὐτὰ
522 4868 734 4937 λέγεται
759 4873 1170 4946 προσωποποιία
1199 4875 1473 4947 ἐμφατικῇ
1493 4892 1506 4907 ·
1534 4876 1683 4933 ὥσπε
1693 4897 1723 4952 ρ
1755 4880 1846 4934 καὶ
1870 4881 1933 4935 τὸ

351 4954 497 5028 αἷμα
528 4958 636 5012 τῶν
669 4960 897 5033 ἐχθρῶν,
934 4964 1061 5033 περὶ
1090 4953 1150 5015 ob
1197 4981 1329 5035 φησι
1349 4981 1363 4995 ο
1416 4984 1435 5017 ι
1480 4968 1590 5022 Καὶ
1621 4971 1930 5041 κατήγαγον

348 5047 417 5099 τὸ
455 5041 595 5119 αἷμα
634 5049 814 5103 αὐτῶν
847 5052 926 5113 είς
945 5052 1068 5121 γῆν.
1108 5068 1128 5103 ι
1156 5052 1228 5105 Οὐ
1257 5052 1364 5124 γὰρ
1394 5054 1457 5126 δὴ
1506 5057 1759 5128 αἰσθητὸν
1792 5054 1930 5132 αἷμα

347 5140 576 5213 νοητέον
614 5136 754 5195 εἶναι
789 5143 919 5215 περ)⁸
946 5141 1046 5206 τάς
1074 5144 1454 5217 ἀντικειμένας
1479 5147 1757 5220 δυνάμεις.

430 5250 452 5284 ι
502 5233 611 5287 Καὶ
647 5235 756 5288 τῶν
786 5234 956 5289 ἐθνῶν
980 5236 1080 5289 οὐκ
1114 5234 1258 5289 ἐστιν
1289 5237 1429 5310 ἀνὴρ
1466 5241 1583 5310 μετ’
1620 5242 1776 5313 ἐμοῦ.
1820 5247 1930 5300 Καὶ

343 5326 711 5399 κατεπάτησα
738 5327 934 5391 αὐτοὺς
961 5328 1017 5380 ἐν
1045 5324 1200 5397 θυμῷ
1233 5344 1355 5397 μου,
1381 5331 1477 5384 καὶ
1502 5333 1804 5389 κατέθλασα
1833 5339 1931 5390 αύ-

342 5418 481 5483 τοὺς
504 5418 581 5483 ὡς
597 5420 720 5491 γῆν,
746 5420 841 5473 καὶ
866 5422 1176 5492 κατήγαγον
1203 5420 1265 5474 τὸ
1297 5416 1435 5493 αἷμα
1450 5426 1628 5480 αὐτῶν
1646 5429 1726 5493 είς
1746 5430 1868 5501 γῆν.
1897 5451 1915 5482 ι

358 5509 585 5582 Ἐπειδὴ
617 5510 726 5583 γὰρ
755 5512 970 5567 ἐδόκουν
1002 5512 1062 5567 τὸ
1092 5512 1354 5586 πρότερον
1384 5515 1747 5585 ἀνυπότακτοι
1780 5539 1921 5589 τινες

313 5673 318 5677 ’
424 5688 473 5721 ³⁵
504 5688 774 5755 'l’bren.t,
815 5693 887 5753 15,
927 5691 998 5743 16.

2040 4597 2356 4655 indumenta
2410 4610 2498 4655 tua
2551 4602 2705 4672 quasi
2751 4618 2779 4656 a
2827 4602 3037 4659 calcato
3088 4601 3384 4658 torculari?
3416 4603 3617 4659 Plenus

2039 4691 2373 4747 conculcata.
2404 4712 2422 4746 ι
2468 4694 2810 4751 Vestimenta
2838 4711 3002 4766 porro
3026 4695 3290 4763 inquinat,
3328 4697 3399 4750 ita
3428 4706 3485 4750 ut
3511 4712 3607 4749 rn-

2037 4785 2169 4839 bore
2220 4786 2518 4858 tingantur,
2576 4804 2934 4861 prosopopma
2984 4806 3116 4846 usus
3171 4791 3490 4858 aptissima;
3550 4800 3608 4844 ut

2036 4877 2202 4932 etiam
2260 4889 2378 4933 cum
2415 4879 2482 4934 de
2534 4881 2799 4952 sanguine
2838 4882 3183 4940 inimicorum
3216 4886 3289 4940 ita
3322 4885 3601 4955 loquitur:

2040 4983 2061 5019 ι
2091 4967 2156 5021 Ει
2186 4967 2385 5023 deduxi
2424 4975 2742 5041 sanguinem
2785 4989 2978 5031 eorum
3012 4978 3064 5032 in
3112 4987 3332 5033 terram.
3364 4995 3382 5029 ›
3420 4976 3605 5045 Neque

2033 5060 2176 5113 enim
2222 5061 2274 5115 in
2322 5062 2649 5120 adversariis
2705 5068 3065 5135 potestatibus
3117 5069 3433 5139 sanguinem
3486 5082 3608 5122 esse

2032 5155 2377 5224 cogitandum
2403 5167 2505 5212 est.

2103 5247 2266 5303 Vens.
2297 5248 2350 5303 3.
2394 5269 2412 5302 ι
2442 5251 2508 5306 Et
2538 5251 2601 5306 de
2634 5251 2881 5317 gentibus
2915 5268 3021 5309 non
3056 5263 3137 5309 est
3173 5254 3255 5309 vir
3278 5268 3508 5310 mecum.
3540 5255 3613 5309 Et

2030 5339 2341 5396 conculcavi
2387 5357 2481 5397 eos
2535 5343 2585 5397 in
2641 5343 2824 5399 furore
2866 5361 3003 5408 meo,
3034 5356 3088 5401 et
3127 5346 3363 5418 confregi
3412 5362 3507 5403 eos
3547 5348 3601 5401 in

2032 5441 2255 5497 terram,
2285 5442 2339 5489 et
2387 5434 2586 5489 deduxi
2625 5437 2943 5505 sanguinem
2998 5453 3183 5494 eorum
3223 5439 3274 5494 in
3320 5449 3538 5495 terram.
3575 5457 3599 5491 ι
3670 5467 3677 5471 -

2032 5525 2165 5582 Nam
2210 5527 2333 5597 quia
2390 5527 2536 5597 prius
2597 5542 2699 5582 non
2750 5528 2939 5589 domiti
2989 5546 3129 5601 esse,
3166 5546 3264 5587 nec
3310 5531 3599 5589 victoriam
