4108 6204
454 172 552 229 5θὸ

1114 164 1385 223 EUSEBll
1414 165 1899 222 CAESARIENSIS
1937 165 2088 222 OPP.
2128 163 2312 222 PARS
2361 165 2449 221 ΙΙΙ.
2486 194 2555 206 -
2582 165 2991 223 EXEGETICA.

3574 170 3688 225 50"

454 294 748 351 concedere
780 291 1125 352 videbantur,
1163 286 1284 355 jure
1315 285 1557 341 devictos
1588 284 1709 338 illos
1751 298 1815 339 ac
1857 282 2001 368 deje-

2128 279 2247 337 ιῐναι
2274 283 2367 337 καὶ
2406 284 2568 355 μηδὲν
2605 283 3061 356 παραχωροῦντες
3089 282 3188 351 τῆς
3223 281 3396 354 νίκης,
3435 283 3677 350 εἰκότως,

453 398 568 443 etos
601 382 969 443 subindicans,
1004 379 1082 432 ait
1112 377 1164 431 in
1193 385 1395 431 terram
1430 376 1696 445 dejectam
1731 374 1899 431 fuisse
1932 377 2013 430 vi-

2128 378 2212 449 ιὴν
2249 372 2417 449 ἧτταν
2451 377 2542 429 καὶ
2570 376 2667 446 τὴν
2698 377 3023 430 ταπείνωσιν
3058 374 3238 429 αὐτῶν
3264 376 3681 446 αἰνιτττὸμενσς,

452 479 675 533 ctoriam
706 488 911 528 eorum.
952 486 970 520 ι
997 468 1065 522 Ει
1100 467 1343 537 confregi
1373 482 1469 522 eos
1494 467 1553 521 in
1576 476 1802 532 terram,
1830 476 1882 521 et
1914 467 2009 523 de-

451 570 577 622 duxi
610 565 925 634 sanguinem
960 574 1147 617 eorum
1180 560 1232 614 in
1263 569 1484 617 terram.
1514 577 1537 611 ι

520 746 684 799 Vens.
724 743 779 796 4.
820 761 837 793 ι
863 741 987 796 Dies
1019 740 1161 795 enim
1203 737 1576 793 retributionis
1630 737 1779 791 venit
1829 736 1926 799 eis,
1961 747 2016 791 et

450 834 623 891 annus
660 833 1047 904 redemptionis
1088 832 1260 885 adest.
1297 850 1315 882 ι
1358 830 1631 898 Siquidem
1663 845 1767 884 uno
1805 829 2017 883 eodem-

450 939 553 994 que
603 934 843 992 tempore
901 936 1028 977 suos
1072 920 1488 985 redimet;aliis
1532 933 1672 974 vero
1730 920 2011 981 retribuet,

451 1022 613 1083 prout
651 1013 791 1083 apud
835 1011 1057 1082 Moysen
1111 1010 1375 1079 scriptum
1427 1018 1553 1065 est:
1593 1009 1704 1063 «Et
1756 1010 2019 1063 retribuet

449 1111 741 1165 vindictam
793 1108 1048 1173 inimicis,
1106 1116 1160 1162 et
1200 1107 1510 1162 odientihus
1564 1121 1624 1162 se
1657 1106 1958 1160 retribuet:
1992 1125 2013 1158 ι

451 1201 901 1271 quemadmodum
938 1199 1005 1253 iis
1026 1239 1040 1264 ,
1066 1198 1154 1267 qui
1191 1199 1449 1267 pietatem
1477 1198 1777 1263 coluerunt,
1814 1196 2014 1251 Serva-

451 1305 541 1349 tor
571 1308 693 1348 cum
744 1291 989 1345 mercede
1042 1305 1137 1345 sua
1171 1291 1389 1345 venisse
1440 1290 1661 1354 dicitur,
1696 1300 1752 1342 ut
1796 1289 2016 1359 praamia

452 1386 734 1450 tribueret,
763 1392 816 1439 et
841 1382 1024 1438 bravia
1055 1397 1301 1450 supernae
1331 1381 1625 1437 vocationis
1670 1380 1737 1436 iis
1784 1382 1873 1449 qui
1920 1397 2018 1451 pro

451 1477 649 1548 pietate
704 1475 1067 1541 certaverint;
1106 1475 1179 1529 ita
1232 1483 1286 1528 et
1344 1474 1522 1543 impiis
1588 1481 1642 1528 et
1685 1473 2017 1527 contrariam

449 1573 595 1625 viam
646 1568 881 1623 emensis
923 1568 1036 1638 ipse
1068 1568 1228 1622 timor
1284 1566 1516 1630 accedit,
1552 1575 1607 1619 et
1635 1574 1857 1619 ventura
1885 1564 2019 1619 ultio

2114 469 2312 539 φάσκει
2344 469 2423 531 είς
2449 468 2552 537 γῆν
2578 467 2992 538 κατενήνοχέναι
3026 466 3087 519 τὸ
3115 468 3263 530 νῖκος
3290 466 3489 520 αὐτῶν.
3522 486 3541 519 ι
3574 470 3682 521 Καὶ

2113 560 2468 630 κατεπάτησα
2496 559 2690 622 αὐτοὺς
2719 558 2946 629 ώςλγῆν,
2978 559 3077 612 καὶ·
3105 559 3417 631 κατήγαγον
3444 559 3506 612 τὸ
3544 554 3683 631 αἷμα

2114 652 2295 707 αὐτῶν
2331 654 2410 715 εἰς
2443 650 2565 722 γῆν.
2610 671 2630 704 ι

2189 762 2209 795 ι
2263 744 2472 815 Ἡμέρα
2503 742 2611 813 γὰρ
2658 742 3066 806 ἀνταποδόσεως
3104 742 3337 816 ἐπῆλθεν
3374 743 3559 807 αὐτοῖς
3596 744 3689 799 καὶ

2116 838 2359 902 ἐνιαυτὸς
2393 837 2711 909 λυτρώσεως
2745 836 2997 907 πάρεστι.
3037 856 3055 889 ι
3101 837 3187 890 Ἐν
3218 837 3398 908 ταυτῷ
3427 836 3538 910 γὰρ
3561 839 3689 901 τοὺς

2121 930 2219 1001 μὲν
2243 929 2476 993 οἰκείους
2523 928 2875 1001 λυτρώσεται,
2912 932 3022 992 τοῖς
3054 928 3108 982 δέ
3131 929 3518 993 ἁνταποδώσει,
3547 928 3697 982 κατὰ

2116 1021 2177 1074 τὸ
2203 1021 2488 1093 εἰρημένον
2515 1021 2665 1093 παρά
2695 1021 2921 1092 Μωῦσῆο
2954 1040 2971 1072 ι
2995 1021 3103 1074 Καὶ
3144 1019 3506 1073 ἀνταποδὼσει
3532 1020 3690 1091 δίκην

2117 1116 2229 1178 τοῖς
2288 1114 2529 1187 ἐχθροῖς,
2586 1115 2680 1168 καὶ
2726 1118 2841 1177 τοῖς
2899 1112 3148 1185 μισοῦσιν
3217 1111 3605 1167 ἀνταποδώσει.
3662 1132 3683 1166 ι

2123 1209 2331 1280 ’Ὠσπερ
2371 1212 2481 1272 τοῖς
2514 1207 2893 1281 κατορθώσασι
2938 1209 3039 1280 τὴν
3085 1206 3390 1261 θεοσέϐειαν
3434 1208 3464 1259 6
3499 1207 3697 1279 Σωτήρ

2120 1300 2334 1369 ἐλέγετο
2371 1300 2702 1371 ἐληλυθέναι,
2737 1300 2876 1371 ἔχων
2902 1300 2992 1354 τὸν
3023 1297 3217 1352 ἐαυτοῦ
3253 1299 3461 1369 μισθὸν,
3499 1298 3575 1362 ὡς
3623 1299 3697 1353 ἂν

2121 1390 2219 1455 τάς
2244 1391 2473 1461 ἀμοιϐὰς
2500 1392 2681 1463 ἀποδῷ
2711 1394 2805 1446 καὶ
2827 1391 2897 1444 τὰ
2925 1391 3153 1463 βραϐεῖα
3191 1393 3287 1461 τῆς
3312 1391 3422 1445 ἄνω
3446 1390 3691 1462 κλήσεως

2121 1485 2232 1547 τοῖς
2274 1484 2411 1556 ὑπὲρ
2448 1483 2726 1548 εὐσεϐείας
2761 1483 3185 1554 ἠγωνισμένοις·
3221 1482 3362 1535 οὔτω
3400 1485 3513 1545 τοῖς
3560 1483 3692 1536 ἀσε-

2124 1575 2242 1629 ϐέσι
2272 1575 2365 1629 καὶ
2395 1576 2493 1647 τὴν
2522 1576 2766 1629 ἐναντίαν
2787 1575 2902 1628 ὁδὸν
2929 1574 3311 1646 πορευομένοις
3334 1576 3362 1627 6
3392 1573 3550 1636 αύτός
3578 1574 3693 1652 ἐστι

450 1660 779 1732 praedicitur.
838 1659 953 1712 «Et
1001 1657 1270 1712 retribuet
1329 1656 1621 1711 vindictam
1681 1655 1937 1720 inimicis,
1968 1666 2021 1711 et

2128 1664 2286 1735 ιρόϐος
2326 1666 2420 1719 καὶ
2458 1665 2519 1717 τὸ
2554 1665 2925 1736 τιμωρητικὸν
2961 1664 3111 1734 ἥξειν
3144 1662 3473 1727 θεσπίζεται.
3525 1682 3543 1716 ι
3582 1663 3696 1715 Καὶ

450 1755 765 1810 odieutibus
787 1768 845 1808 se
876 1751 1158 1807 retribuet.

521 1935 688 1989 Vens.
716 1933 771 1998 5,
804 1931 858 1986 ϐ.
890 1950 909 1981 α
934 1930 1001 1985 Ει
1048 1932 1258 2001 aspexi,
1290 1938 1345 1986 et
1395 1944 1501 1985 non
1530 1939 1649 2003 erat
1685 1931 2015 1986 auxiliator:

450 2034 505 2081 et
553 2023 915 2089 consideravi,
975 2034 1031 2079 et
1088 2023 1264 2078 nullus
1315 2032 1454 2086 erat,
1482 2022 1574 2092 qui
1624 2023 1926 2091 adjuvarel.
1954 2024 2018 2077 Et

449 2116 593 2172 eruit
630 2130 724 2170 eos
761 2116 1045 2169 brachium
1082 2129 1292 2181 meum,
1336 2124 1389 2168 et
1439 2112 1588 2170 furor
1638 2130 1788 2168 meus
1823 2116 2015 2169 adfuit.

448 2206 517 2262 Et
548 2205 861 2263 conculcavi
885 2220 979 2261 eos
1019 2206 1072 2259 in
1106 2209 1185 2261 ira
1210 2223 1349 2274 mea,
1383 2220 1439 2262 et
1478 2206 1673 2261 deduxi
1699 2212 2017 2275 sanguinem

452 2313 641 2355 eorum
674 2298 729 2351 in
761 2305 981 2351 terram.
1016 2316 1037 2349 ›
1074 2295 1183 2353 Cur
1210 2300 1325 2353 hmo
1352 2299 1607 2353 dicantur
1633 2299 2015 2369 intelligemus,

451 2392 496 2445 si
523 2390 942 2460 perpendamus,
984 2391 1251 2459 quomodo
1294 2392 1409 2462 ipse
1451 2390 1599 2447 solus
1630 2407 1749 2447 sese
1789 2408 2019 2446 evacua-

450 2485 611 2548 verit,
662 2484 835 2538 forma
880 2482 1021 2541 servi
1069 2494 1311 2553 accepta,
1375 2497 1437 2538 ac
1486 2499 1607 2540 sese
1654 2484 2022 2539 humiliaverit

450 2576 633 2631 factus
676 2574 938 2630 obediens
979 2588 1153 2644 usque
1191 2574 1257 2629 ad
1300 2585 1552 2641 mortem,
1584 2586 1812 2630 mortem
1840 2586 2018 2630 autem

452 2666 652 2723 crucis.
703 2666 836 2721 Nam
892 2682 1011 2736 qua:
1045 2667 1223 2721 nullus
1277 2683 1513 2737 unquam
1569 2669 1871 2733 hominum,
1922 2684 2021 2724 nec

455 2761 793 2831 angelorum,
830 2776 930 2815 nec
964 2761 1267 2817 divinarum
1310 2764 1569 2816 virtutum
1595 2763 1873 2826 sustinuit,
1909 2762 2022 2831 ipse

451 2854 603 2910 solus
640 2868 738 2924 pro
791 2853 969 2908 salute
994 2863 1175 2907 nostra
1200 2854 1423 2909 exhibet
1452 2872 1467 2911 ι
1504 2870 1568 2910 ac
1600 2855 1699 2925 ipsi
1728 2854 1826 2910 soli
1859 2854 2021 2910 Pater

454 2962 649 3003 nomen
677 2948 846 3009 dedit,
875 2948 1018 3015 quod
1050 2956 1133 3003 est
1178 2963 1343 3017 super
1376 2964 1536 3004 omne
1565 2964 1782 3012 nomen,
1817 2965 1880 3003 ac
1906 2966 2022 3003 om-

2125 1754 2490 1809 ἀνταποδώσει
2534 1755 2686 1827 δίκην
2724 1758 2835 1819 τοῖς
2883 1754 3113 1825 ἐχθροῖς,
3160 1755 3254 1808 καὶ
3293 1756 3405 1817 τοῖς
3449 1752 3701 1825 μισοῦσιν

2124 1846 2510 1902 ἀνταποδώσει.
2551 1867 2569 1898 ι

2201 1958 2219 1991 ι
2261 1940 2372 1992 Καὶ
2422 1938 2713 2008 ἐπέϐλεψα,
2752 1940 2845 1992 καὶ
2888 1940 2988 1992 οὐκ
3028 1934 3095 2007 ἦν
3143 1936 3358 2009 βοηθός·
3400 1939 3495 1992 καὶ
3533 1955 3705 2008 προσ-

2126 2024 2342 2095 ενόησα,
2370 2026 2463 2078 καὶ
2490 2024 2663 2089 οὐδεὶς
2679 2027 3128 2098 ἀντελαμϐάνετο.
3167 2028 3275 2081 Kal.
3302 2027 3570 2098 ἐρρύσατο
3600 2028 3700 2080 αύ-

2125 2117 2249 2180 τοὺς
2278 2119 2306 2169 6
2340 2116 2579 2189 βραχίων
2616 2135 2740 2188 μου,
2779 2121 2871 2174 καὶ
2915 2121 2943 2172 6
2977 2120 3147 2191 θυμός
3179 2137 3278 2189 μου
3320 2119 3541 2190 ἐπέστη.
3587 2120 3703 2172 Καὶ

2126 2206 2481 2277 κατεπάτήσα
2514 2207 2710 2271 αὐτοὺς
2733 2212 2800 2280 τῇ
2832 2208 2968 2280 ὀργῇ
3009 2226 3132 2278 μου,
3168 2209 3263 2261 καὶ
3294 2209 3601 2279 κατήγαγον
3631 2207 3701 2261 τὸ

2126 2295 2266 2368 αἷμα
2290 2299 2467 2353 αὐτῶν
2495 2300 2574 2364 εἰς
2610 2303 2731 2372 γῆν.
2776 2319 2795 2351 ι
2832 2301 3115 2371 Νοήσομεν
3141 2298 3196 2351 δέ
3242 2299 3357 2363 πῶς
3388 2302 3416 2354 6
3438 2299 3589 2369 λόγος
3617 2298 3699 2351 εἴ·

2128 2406 2309 2461 ρηται,
2344 2394 2734 2462 ἐπιστήσαντες
2764 2391 2881 2454 πῶς
2915 2393 3073 2462 μόνος
3102 2393 3263 2456 αὐτὸς
3286 2392 3546 2446 ἐκένωσεν
3571 2392 3705 2443 ἐαυ-

2125 2483 2215 2535 τδν
2252 2483 2464 2553 μορφὴν
2510 2480 2695 2535 δούλου
2739 2481 2917 2534 λαϐὼν
2938 2522 2953 2547 ,
2989 2482 3087 2535 καὶ
3115 2481 3477 2535 ἐταπείνωσεν
3510 2478 3704 2533 ἐαυτὸν

2128 2574 2365 2644 ὑπήκοος
2394 2572 2682 2644 γενόμενος
2714 2572 2875 2644 μέχρι
2912 2573 3163 2637 θανάτου,
3187 2571 3415 2626 θανάτου
3448 2570 3504 2623 δὲ
3536 2586 3703 2629 σταυ-

2130 2669 2243 2741 ροῦ,
2281 2670 2347 2720 *Α
2372 2666 2481 2739 γὰρ
2506 2667 2678 2730 οὐδεὶς
2700 2664 2919 2719 πώποτε
2947 2666 3270 2738 ἀνθρώπων,
3286 2663 3407 2717 ούδέ
3432 2662 3700 2731 ἀγγέλων,

2126 2760 2248 2815 ούδέ
2274 2760 2382 2814 τῶν
2413 2760 2570 2813 θείων
2598 2760 2878 2829 δυνάμεων
2911 2758 3140 2828 ὑπέστη,
3182 2757 3339 2828 μόνος
3371 2756 3534 2818 αὐτὸς
3560 2753 3708 2825 ὑπὲρ

2128 2853 2227 2923 τῆς
2252 2852 2524 2923 ἡμετέρας
2547 2851 2922 2905 ἀναδείκνυται
2946 2850 3236 2920 σωτηρίας,
3267 2848 3360 2903 καὶ
3384 2848 3528 2919 μόνῳ
3553 2846 3705 2917 αὐτῷ

2127 2951 2155 3001 6
2188 2946 2375 3018 Πατὴρ
2407 2946 2696 3017 ἐχαρίσατο
2732 2946 2793 2997 τὸ
2819 2945 2990 3015 ὄνομα
3018 2944 3077 2997 τὸ
3106 2942 3246 3014 ὑπὲρ
3278 2943 3385 2995 πᾶν
3411 2941 3580 3011 ὄνομα
3610 2941 3707 2993 καί⁵

454 3040 603 3094 nium
663 3038 765 3107 ipsi
816 3038 1078 3107 judicium
1139 3040 1375 3093 tradidit.
1419 3040 1516 3095 Ille
1559 3056 1709 3105 vero,
1741 3050 2020 3111 acceptaa

2128 3039 2223 3110 τὴν
2249 3040 2387 3092 κατὰ
2423 3040 2640 3092 πάντων
2672 3037 2851 3108 κρίσιν
2879 3037 3225 3108 ἐνεχείρισεν
3254 3036 3282 3087 6
3306 3034 3384 3100 δὲ,
3417 3034 3514 3105 τὴν
3551 3032 3707 3106 παρὰ

454 3126 617 3188 Patre
664 3140 963 3201 potestate,
1016 3131 1153 3186 alios
1190 3132 1408 3201 quidem
1458 3133 1624 3199 eruit,
1656 3148 1795 3203 quos
1847 3132 2029 3186 salute

455 3221 708 3289 donavit;
746 3223 993 3279 inimicos
1043 3232 1226 3278 autem
1261 3232 1315 3277 et
1363 3225 1704 3282 adversarios
1738 3226 1790 3279 in
1842 3225 2021 3296 fugam

456 3316 641 3372 vertit.

525 3412 693 3467 Vens.
711 3412 764 3474 7,
783 3411 836 3465 8.
867 3408 1278 3466 «Miseri-cordia:
1307 3408 1517 3465 Domini
1543 3410 1859 3468 recordatus
1885 3427 2023 3475 sum,

456 3506 717 3560 virtutum
764 3503 974 3559 Domini
1016 3502 1073 3557 in
1112 3503 1524 3571 omnibus,quze
1563 3503 1815 3558 retribuit
1848 3502 2023 3558 nobis.

463 3596 727 3651 Dominus
755 3593 923 3663 jndex
956 3593 1134 3647 bonus
1174 3592 1358 3647 domui
1392 3590 1579 3658 Israel,
1617 3593 1838 3646 adducit
1873 3594 2025 3647 nobis

458 3686 757 3744 secundum
792 3683 1226 3739 misericordiam
1261 3697 1435 3747 suam,
1463 3691 1518 3735 et
1547 3681 1842 3736 secundum
1888 3683 2026 3735 mul-

458 3779 743 3838 titudinem
786 3776 1013 3844 justitiae
1054 3789 1182 3829 suae.
1211 3774 1278 3827 Et
1308 3774 1445 3827 dixit
1478 3771 1633 3828 :Non
1668 3775 1900 3843 populus
1931 3791 2027 3845 po-

455 3871 614 3942 pulus
671 3883 824 3923 meus
878 3866 1022 3921 :lilii
1075 3879 1414 3935 nequaquam
1475 3866 1895 3935 repudiaverim.
1962 3867 2029 3920 Et

459 3962 634 4016 factus
662 3970 746 4014 est
778 3958 909 4028 ipsis
966 3959 1018 4011 in
1073 3958 1325 4013 salutem.
1350 3975 1367 4007 ι
1414 3955 1560 4020 Haec,
1617 3957 1815 4027 inquit,
1846 3958 2025 4033 omnia

458 4052 809 4115 recordabor,
834 4049 1258 4120 magnitudinem
1280 4047 1535 4102 bonitatis
1562 4062 1673 4102 suae
1697 4063 1984 4105 recensens
2010 4067 2023 4121 ς

459 4147 600 4201 bane
638 4161 767 4200 vero
802 4144 1034 4198 maxime
1077 4141 1306 4212 gratiam
1340 4140 1601 4211 elargitus
1628 4151 1733 4207 est,
1770 4152 1829 4195 ut
1857 4158 2026 4212 popue

461 4238 571 4291 lum
604 4235 743 4291 ﬁlios
774 4244 995 4290 vocaret
1029 4249 1179 4300 suos,
1208 4234 1255 4288 si
1287 4244 1462 4287 tamen
1515 4233 1587 4286 illi
1616 4234 1844 4304 gratiam
1873 4250 2025 4291 suam

464 4347 570 4387 non
602 4329 1027 4400 repudiaveriut.

532 4421 693 4476 Vsus.
730 4421 884 4475 9-16.
928 4418 1045 4476 «Ex
1096 4418 1242 4474 omni
1292 4416 1631 4471 tribulatione
1691 4434 1876 4473 eorum
1923 4437 2028 4477 non

462 4514 704 4584 legatus,
751 4527 855 4566 non
904 4509 1125 4578 angelus
1149 4549 1163 4572 ,
1207 4508 1299 4563 sed
1352 4507 1467 4576 ipse
1497 4508 1722 4562 salvavit
1757 4524 1869 4573 eos,
1906 4511 2029 4578 quia

464 4603 720 4675 diligebat
760 4617 874 4665 eos,
899 4611 953 4656 et
980 4604 1240 4669 parcebat
1286 4600 1383 4653 eis.
1418 4602 1533 4668 lpse
1571 4601 1799 4653 redemit
1833 4616 1947 4665 eos,
1979 4612 2034 4657 et

465 4698 724 4766 suscepit,
758 4705 814 4750 et
843 4694 1103 4747 exultavit
1148 4708 1243 4745 eos
1293 4692 1546 4744 omnibus
1601 4691 1787 4746 diebus
1824 4693 2028 4761 surculi.

464 4787 567 4857 Ipsi
599 4798 773 4841 autem
812 4802 916 4841 non
942 4785 1306 4847 crediderunt,
1345 4792 1399 4837 et
1427 4783 1892 4839 exacierbaveruut
1918 4788 2032 4855 spi-

465 4884 628 4935 ritum
666 4890 911 4936 sanctum
934 4877 1050 4945 ejus
1085 4892 1099 4927 :
1137 4886 1191 4930 et
1237 4890 1531 4929 conversus
1565 4888 1645 4928 est
1677 4877 1807 4944 ipsis
1839 4878 1892 4931 in
1935 4880 2034 4932 ini-

465 4977 724 5031 micitiam
752 4992 765 5028 :
789 4975 902 5043 ipse
925 4971 1246 5041 oppugnavit
1272 4970 1459 5024 cos.Et
1477 4972 1789 5027 recordatus
1815 4984 1897 5027 est
1924 4975 2039 5029 die-

468 5086 587 5122 rum
622 5080 969 5123 azternorum.
1008 5064 1105 5119 Ubi
1134 5075 1215 5117 est
1238 5064 1327 5130 qui
1374 5063 1561 5116 eduxit
1590 5063 1655 5117 de
1687 5066 1818 5118 inuri
1866 5076 2040 5133 pasto-

466 5177 580 5217 rem
629 5161 849 5216 ovium?
882 5159 987 5215 Ubi
1028 5168 1108 5211 est
1148 5157 1236 5225 qui
1284 5156 1461 5225 posuit
1507 5171 1556 5208 in
1615 5156 1744 5224 ipsis
1776 5157 2037 5225 Spiritum

468 5252 755 5305 sanctum?
788 5254 876 5319 qui
942 5251 1127 5304 eduxit
1182 5250 1404 5302 dextera
1456 5248 1697 5315 Moysen,
1759 5252 2037 5305 brachium

470 5346 651 5416 gloria:
677 5344 836 5409 ejus?
863 5343 1149 5397 Praevaluit
1170 5359 1307 5412 aqua
1338 5359 1367 5396 a
1402 5342 1543 5397 facie
1566 5344 1703 5409 ejus,
1742 5354 1792 5395 ut
1840 5342 2045 5396 faceret

470 5436 568 5489 sibi
607 5450 800 5489 nomen
837 5436 1249 5502 sempiternum.
1300 5436 1464 5489 Duxit
1497 5452 1589 5491 eos
1625 5453 1720 5505 per
1763 5439 2038 5505 abyssum,

473 5538 727 5595 tauquam
785 5542 979 5595 equum
1036 5542 1132 5595 per
1179 5528 1548 5593 solitudinem,
1592 5546 1767 5597 neque
1827 5530 2040 5583 labora-

476 5632 625 5686 runt,
655 5631 705 5677 et
747 5632 997 5688 tanquam
1052 5619 1291 5689 jumenta
1332 5640 1425 5692 per
1476 5638 1706 5692 .ampum
1764 5622 2043 5680 descendit

2126 3132 2339 3202 Πατρὸς
2380 3130 2559 3184 λαϐὼν
2586 3130 2855 3197 ἐξουσίαν,
2896 3132 3023 3194 τοὺς
3061 3131 3157 3201 μὲν
3193 3129 3437 3202 ἐρρύετο,
3464 3127 3556 3193 οὓς
3596 3145 3675 3181 σω

2126 3222 2319 3294 τήρίας
2363 3222 2534 3291 ἠξίου,
2573 3224 2699 3286 τοὺς
2732 3222 2789 3275 δὲ
2835 3221 3125 3294 πολεμίους
3168 3222 3262 3274 καὶ
3299 3222 3425 3285 τοὺς
3477 3219 3706 3291 ἐχθροὺς

2127 3319 2185 3370 ἐτ
2195 3316 2445 3388 ροποῦτο.

2202 3428 2220 3460 ι
2268 3407 2370 3462 Τὸν
2401 3408 2545 3461 ἔλεον
2574 3408 2778 3479 Κυρίου
2813 3409 3110 3481 ἐμνήσθην,
3141 3407 3239 3471 τὰς
3270 3408 3468 3480 ἀρετὰς
3496 3404 3709 3477 Κυρίου

2128 3502 2184 3554 ἐν
2211 3501 2397 3564 πᾶσιν,
2425 3493 2505 3563 οἷς
2528 3501 2657 3576 ἡμῖν
2684 3500 3090 3555 ἀνταποδίδωσι.
3128 3501 3329 3573 Κύριος
3357 3499 3543 3571 κριτής
3568 3498 3709 3565 ἀγα-

2130 3595 2220 3657 θὸς
2249 3593 2325 3664 τῷ
2350 3593 2484 3664 οἴκῳ
2525 3593 2762 3664 Ἰσραὴλ,
2791 3592 2985 3661 ἐπάγει
3010 3594 3143 3664 ἡμῖν
3175 3593 3317 3647 κατὰ
3345 3593 3404 3645 τὸ
3437 3590 3583 3653 ἐλεος
3607 3591 3709 3643 αὐ-

2127 3686 2243 3750 τοῦ,
2272 3685 2365 3739 καὶ
2397 3684 2538 3739 κατὰ
2564 3684 2627 3737 τὸ
2657 3684 2860 3755 πλῆθος
2887 3685 2986 3754 τῆς
3011 3684 3355 3755 δικαιοσύνης
3382 3683 3567 3737 αὑτοῦ.
3596 3682 3710 3735 Καὶ

2128 3773 2307 3831 εἴπεν·
2345 3777 2456 3847 Ούχ
2482 3778 2510 3829 6
2543 3775 2670 3841 λαὸς
2696 3775 2823 3839 λαός
2851 3793 2971 3847 μου·
2996 3776 3162 3830 τέκνα
3185 3776 3247 3828 οὺ
3276 3775 3349 3845 μὴ
3378 3774 3706 3845 ἀθετήσωσι.

2129 3869 2238 3924 Kal.
2278 3868 2493 3938 ἐγένετο
2538 3868 2721 3931 αύτὸἶς
2759 3870 2838 3931 είς
2872 3868 3164 3940 σωτηρίαν.
3214 3887 3233 3920 ι
3271 3866 3455 3919 Ταῦτα
3503 3866 3707 3929 τοίνυν,

2130 3961 2282 4035 φησὶ,
2320 3961 2496 4014 πάντα
2528 3961 2825 4031 ἀναμνήσω
2869 3959 2938 4014 τὰ
2985 3961 3165 4032 πλήθη
3204 3958 3709 4029 καταριθμούμενος

2129 4060 2245 4127 τῆς⁴
2268 4056 2625 4126 ἀγαθωσύνης
2659 4056 2823 4110 αὐτοῦ
2846 4098 2861 4122 ,
2900 4058 2958 4111 ἐν
3008 4052 3090 4119 οἷς
3126 4057 3222 4110 καὶ
3257 4055 3415 4109 τοῦτο
3452 4055 3710 4126 μέγιστον

2130 4152 2442 4223 ἐδωρήσατο
2475 4152 2754 4223 χάρισμα,
2790 4148 3133 4215 καταξιώσας
3166 4150 3332 4204 τέκνα
3378 4149 3542 4203 αὑτοῦ
3585 4151 3706 4203 ὀνο-

2135 4246 2305 4316 μάσαι
2332 4246 2423 4298 τὸν
2450 4244 2598 4311 λαὸν,
2635 4247 2682 4297 εἰ
2716 4245 2790 4316 μὴ
2821 4244 3063 4297 ἀθετοῖεν
3090 4243 3187 4313 τὴν
3216 4243 3381 4296 αὑτοῦ
3419 4243 3597 4315 χάριν.

2214 4452 2233 4485 ι
2286 4432 2379 4485 Ἐκ
2407 4430 2586 4500 πάσης
2613 4429 2841 4499 θλίψεως
2869 4428 3046 4482 αὐτῶν
3075 4428 3135 4481 ού
3170 4428 3430 4499 πρέσϐυς,
3463 4426 3585 4480 ούδέ
3611 4426 3715 4495 ἄγ-

2135 4523 2310 4592 γελος,
2344 4521 2455 4585 ἀλλ’
2490 4520 2649 4582 αὐτὸς
2685 4520 2889 4573 ἔσωσεν
2916 4520 3130 4583 αὐτοὺς,
3159 4519 3249 4572 διὰ
3275 4520 3334 4572 τὸ
3371 4520 3587 4588 ἀγαπᾷν
3616 4519 3715 4571 αύ-

2134 4615 2260 4677 τοὺς
2283 4614 2375 4665 καὶ
2397 4610 2672 4680 φείδεσθαι
2698 4609 2896 4664 αὐτῶν.
2930 4610 3103 4673 Αὐτὸς
3126 4608 3465 4682 ἐλυτρώσατο
3486 4610 3716 4676 αὐτοὺς,

2136 4707 2230 4759 καὶ
2258 4704 2515 4757 ἀνέλαϐεν
2542 4704 2761 4768 αὐτοὺς,
2798 4704 2892 4757 καὶ
2937 4702 3151 4773 ὕψωσεν
3178 4702 3374 4766 αὐτοὺς
3403 4702 3584 4765 πάσας
3614 4703 3714 4766 τὰς

2138 4795 2349 4866 ἡμέρας
2378 4793 2471 4847 τοῦ
2506 4794 2717 4857 αίῶνος.
2766 4793 2927 4847 Αύτοί
2958 4793 3015 4847 δὲ
3057 4792 3378 4864 ἠπείθησαν,
3425 4792 3518 4846 καὶ⁵
3566 4808 3713 4864 παρ-

2139 4885 2347 4952 ώξυναν
2370 4886 2431 4938 τὸ
2456 4884 2680 4956 Πνεῦμα
2693 4885 2754 4937 τὸ
2772 4884 2924 4953 ἅγιον
2949 4884 3133 4937 αὐτοῦ⁹
3158 4885 3252 4939 καὶ
3274 4883 3513 4955 ἐστράφη
3531 4882 3717 4946 αὐτοῖς

2141 4979 2220 5040 εἰς
2246 4976 2443 5049 ἔχθραν
2468 4994 2482 5006 ο
2514 4978 2672 5040 αὐτὸς
2702 4976 3039 5047 ἐπολέμησεν
3073 4977 3287 5041 αὐτούς.
3318 4977 3427 5030 Καὶ
3468 4974 3715 5046 ἐμνήσθη

2144 5070 2249 5138 ὴμε
2260 5069 2364 5138 ρῶν
2390 5069 2641 5122 αἰωνίων.
2673 5067 2782 5121 Ποῦ
2815 5069 2843 5121 6
2869 5069 3204 5132 ἀναϐιϐάσας
3237 5071 3298 5121 ἐκ
3320 5068 3419 5138 τῆς
3440 5066 3717 5136 θαλάσσης

2142 5163 2234 5215 τὸν
2260 5162 2488 5233 ποιμένα
2516 5162 2625 5215 τῶν
2666 5161 2987 5233 προϐάτων;
3021 5161 3130 5215 Ποῦ
3164 5164 3307 5215 ἐστιν
3330 5163 3360 5212 ό
3390 5159 3501 5222 θεὶς
3528 5160 3588 5211 ἐν
3620 5157 3718 5212 αὐ-

2142 5256 2252 5316 τοῖς
2277 5255 2335 5307 τὸ
2356 5254 2578 5325 Πνεῦμα
2599 5254 2835 5323 τὺ.ἆγιον
2856 5271 2871 5319 ;
2895 5257 2922 5307 6
2942 5252 3163 5323 ἀγαγὼν
3184 5254 3248 5323 τῇ
3277 5251 3425 5323 δεξιᾷ
3450 5251 3719 5320 Μωῦσῆν,

2141 5350 2169 5401 6
2209 5346 2445 5418 βραχίων
2487 5347 2588 5417 τῆς
2619 5346 2773 5418 δόξης
2818 5346 3013 5412 αὐτοῦ;
3050 5345 3391 5414 Κατίσχυσεν
3429 5343 3574 5415 ὕδωρ
3608 5342 3717 5397 ἀπὸ

2141 5437 2429 5509 προσώπου
2482 5439 2681 5503 αὐτοῦ,
2745 5440 2966 5509 ποιῆσαι
3021 5437 3199 5507 ἐαυτῷ
3250 5437 3421 5508 ὄνομα
3472 5435 3713 5489 αἰώνιον.

2145 5531 2385 5598 Ἥγαγεν
2433 5531 2629 5593 αὐτοὺς
2668 5530 2733 5583 δι’
2766 5530 3024 5592 ἀϐύσσου,
3054 5528 3127 5592 ώς
3166 5529 3331 5582 ἵππον
3378 5529 3448 5581 δι’
3480 5527 3712 5597 ἐρήμουν

2142 5622 2232 5674 καὶ
2261 5620 2359 5673 οὐκ
2392 5621 2705 5695 ἐκοπίασαν,
2745 5621 2833 5673 καὶ
2864 5618 2938 5681 ὡς
2970 5619 3137 5690 κτήνη
3171 5618 3256 5673 διὰ
3288 5618 3467 5672 πεδίου
3508 5615 3721 5685 κατέϐη
