4108 6204
424 162 518 219 505

1333 162 1833 224 COMMENTARIA
1871 172 1939 227 IN
1977 172 2233 232 ISAIAM.
2271 207 2345 219 -ο
2374 178 2523 235 CAP.
2561 177 2746 236 LXIII.

3562 194 3666 252 506

419 281 644 351 Πνεῦμα
684 277 838 350 παρὰ
863 277 1089 350 Κυρίου,
1121 280 1214 349 καὶ
1253 279 1535 352 ὡδήγησεν
1564 284 1779 350 αὐτοὺς.
1815 289 1986 354 Οὕτως

2103 292 2338 365 Spiritus
2380 312 2409 352 a
2450 297 2698 367 Domino,
2738 306 2792 355 et
2821 299 3046 357 deduxit
3068 298 3305 359 eos.'Sic
3334 306 3532 364 duxisti
3564 328 3662 380 po-

417 377 629 445 ήγαγες
671 373 762 425 τὸν
796 372 919 425 λαόν
960 386 1073 434 σου,
1107 372 1330 443 ποιῆσαι
1364 374 1574 445 σεαυτῷ
1614 377 1784 449 ὄνομα
1815 380 1989 453 δόξης.

429 465 795 536 Ἐπίστρεψον
830 466 891 517 ἐκ
933 462 1026 516 τοῦ
1065 463 1318 535 οὐρανοῦ,
1368 467 1462 520 καὶ
1500 468 1575 521 ῖδε
1613 469 1678 522 ὲκ
1718 471 1812 524 τοῦ
1844 472 1992 526 οἴκου

420 559 519 612 τοῦ
557 560 710 627 ἁγίου
744 576 853 614 σου.
886 557 997 610 Ποῦ
1044 558 1190 611 ἐστιν
1227 561 1256 612 ὁ
1298 558 1458 630 ζῆλος
1493 579 1585 615 σου
1628 564 1722 616 καὶ
1759 567 1792 635 ή
1843 566 1994 636 ἰσχύς

424 668 523 704 σου
546 669 560 717 ;
590 650 694 704 Ποῦ
730 652 841 703 ἐστι
868 648 929 702 τὸ
954 649 1157 720 πλῆθος
1183 650 1275 704 τοῦ
1320 652 1503 717 ἐλέους
1528 670 1644 721 σου,
1678 656 1772 708 καὶ
1792 657 1995 730 οἰκτιρ-

426 740 548 811 μῶν
601 754 710 803 σου,
754 739 835 791 ὅτι
891 738 1119 806 ἀνέσχον
1170 739 1360 811 ήμῶν;
1414 742 1487 795 Σὺ
1548 742 1657 815 γάρ
1711 742 1763 799 εἴ
1804 747 1994 819 Πατὴρ

423 832 601 901 ήμῶν,
630 832 708 883 ὅτι
752 829 1003 901 Ἀϐραὰμ
1031 832 1130 884 οὐκ
1154 830 1294 899 ἔγνω
1329 834 1495 903 ἡμᾶς,
1526 835 1620 893 καλ⁵
1650 837 1867 910 Ἰσραὴλ
1896 840 1994 895 οὐκ

421 920 631 989 ἐπέγνω
658 922 821 991 ήμᾶς.
861 920 1022 975 Ἀλλά
1049 923 1135 987 σὺ,
1166 920 1356 994 Κύριε,
1391 924 1582 996 Πατὴρ
1619 925 1797 996 ήμῶν,
1834 928 1994 999 ρῦσαι

421 1014 582 1082 ήμΞις,
615 1012 709 1064 ἀπ’
739 1012 914 1083 ἀρχῆς
942 1013 1001 1065 τὸ
1026 1013 1197 1085 ὄνομά
1228 1031 1321 1068 σου
1349 1016 1433 1085 ἐφ’
1461 1018 1610 1088 ἡμᾶς
1633 1019 1770 1072 ἐστι.
1803 1040 1821 1072 ι
1854 1022 1990 1093 Ἤδη

417 1104 525 1175 γὰρ
561 1105 656 1157 καὶ
683 1104 871 1158 ἁλλοτε
916 1106 1173 1170 πολλάκις
1222 1107 1653 1179 ἁμαρτησάντων
1698 1113 1856 1185 ήμῶν
1899 1115 1991 1167 ἀν-

413 1195 596 1266 ἐσχου·
622 1197 718 1249 καὶ
748 1196 903 1250 οὐδὲν
930 1197 1257 1269 θαυμαστὸν,
1278 1201 1461 1273 ἐπειδὴ
1484 1202 1626 1270 ἅπαξ
1653 1204 1992 1277 κατηξίωσας

406 1288 589 1339 εἰπεῖν
612 1305 626 1318 ·
674 1305 693 1338 ι
754 1288 812 1341 'U
848 1286 975 1353 λαός
1009 1308 1109 1360 μου
1146 1290 1330 1357 τέκνα,
1373 1294 1466 1348 καὶ
1505 1297 1533 1348 ὁ
1566 1295 1691 1359 λαός
1738 1316 1839 1368 μου
1890 1298 1993 1352 υἱοί

411 1377 570 1429 εἰσιν.
607 1395 627 1428 ›
669 1377 757 1440 Ὠς
788 1374 883 1431 οῦν
914 1379 1092 1451 πατὴρ
1110 1380 1314 1437 τέκνων
1341 1383 1719 1457 καὶπρότερον
1742 1386 1989 1457 ἀνέσχου,

412 1468 510 1522 καὶ
553 1467 651 1521 νῦν
684 1468 847 1522 πάλιν
879 1471 1104 1542 ἀνέσχον
1124 1490 1139 1504 ο
1174 1474 1235 1527 οὐ
1278 1474 1387 1547 γὰρ
1433 1476 1682 1549 Ἀϐραὰμ
1713 1474 1781 1549 ἦν
1810 1480 1991 1551 πατὴρ

410 1559 608 1629 ήμῶν,
644 1561 692 1613 εί
743 1562 835 1614 καὶ
878 1562 1240 1619 διακονεῖσθαι
1287 1570 1353 1638 τῇ
1407 1567 1549 1621 κατά
1604 1568 1781 1642 σάρκα
1834 1571 1991 1642 ήμῶν

414 1650 563 1717 εδοξε
590 1652 819 1720 γενέσει.
863 1655 1075 1727 Ἀληθεῖ
1105 1657 1161 1709 δὲ
1196 1658 1338 1729 λόγῳ
1372 1662 1436 1714 σὺ
1466 1661 1655 1733 Πατὴρ
1694 1662 1874 1733 ἡμῶν,
1906 1660 1992 1717 οἷα
2022 1662 2064 1717 Β

414 1745 602 1815 πατὴρ
649 1745 864 1800 πάντων
899 1750 1223 1819 πνευμάτων
1265 1750 1557 1823 ὑπάρχων,
1590 1754 1687 1807 καὶ
1731 1755 1837 1808 τῶν
1870 1757 1989 1810 κατ’

413 1828 600 1889 είκὸνα
626 1840 1008 1909 πεποιημένων
1034 1840 1239 1910 ψυχῶν.
1269 1842 1359 1894 Διὸ
1382 1842 1646 1913 ῥύσασθαι
1673 1846 1820 1915 ήμᾶς
1841 1847 1989 1899 ἀντι-

413 1927 696 2000 δολοῦμενο
738 1950 756 1981 ι
781 1932 898 1984 Ἀπ’
924 1932 1096 2003 ἀρχῆς
1121 1932 1181 1985 τὸ
1205 1933 1375 2004 ὄνομά
1399 1951 1490 1987 σου
1517 1938 1600 2005 ἐφ’
1628 1938 1774 2008 ήμᾶς
1794 1938 1928 1991 ἐστι.
1964 1956 1982 1989 ι

491 2039 510 2071 ι
553 2022 618 2075 Τί
645 2022 955 2093 ὲπλάνησας
983 2027 1129 2096 ἡμᾶς
1148 2066 1162 2090 ,
1199 2025 1371 2098 Κύριε
1392 2067 1408 2092 ,
1440 2028 1547 2081 ἀπὸ
1580 2029 1678 2101 τῆς
1703 2030 1824 2084 ὀδοῦ
1860 2047 1986 2096 σου;

415 2115 753 2187 ἑσκλήρυνας
798 2118 897 2181 τὰς
936 2119 1161 2190 καρδίας
1202 2120 1392 2191 ήμῶν,
1433 2120 1528 2174 τοῦ
1708 2124 1988 2192 φοϐεῖσθαι

416 2224 513 2273 σε;
561 2208 920 2281 Ἐπίστρεψον
951 2210 1038 2264 διὰ
1070 2211 1197 2275 τοὺς
1226 2212 1444 2276 δούλους
1477 2231 1591 2278 σου,
1622 2215 1711 2268 διὰ
1750 2216 1849 2280 τὰς
1889 2236 1989 2287 φυ-

410 2298 512 2364 λὰς
536 2300 634 2371 τῆς
665 2300 1029 2374 κληρονομίας
1059 2321 1171 2357 σου.
1215 2324 1234 2355 ι
1282 2306 1339 2358 Ὀ
1372 2308 1659 2378 προφήτης
1692 2309 1866 2363 πάντα
1896 2311 1987 2363 ἐπὶ

409 2390 661 2446 τὸν”Θεόν
690 2394 990 2466 ἀναφέρει·
1021 2396 1117 2467 οὐχ
1149 2396 1224 2461 ὡς
1250 2396 1341 2450 τοῦ
1372 2398 1507 2451 Θεοῦ
1539 2399 1715 2453 αίτίου
1746 2402 1877 2472 ήμῖν
1904 2418 1987 2471 γι-

408 2483 637 2553 νομένου
664 2483 756 2537 τοῦ
791 2486 1125 2557 ἁμαρτάνειν
1146 2526 1161 2550 ,
1190 2487 1304 2541 ἀλλ’
1328 2489 1621 2554 ἐνδιδόντος
1646 2492 1740 2545 καὶ
1772 2509 1985 2563 συγχω-

417 2574 635 2645 ροῦντος
669 2577 853 2631 ἐκεῖνα
894 2578 1153 2649 πράττειν
1182 2579 1217 2634 ἃ
1250 2580 1316 2632 ἄν
1360 2597 1444 2643 τις
1492 2582 1744 2653 αἱρῆται·
1776 2584 1852 2647 ὡς
1886 2584 1986 2655 τὴν

416 2668 514 2736 μὲν
544 2667 723 2722 αἰτίαν
754 2669 897 2739 ἔχειν
926 2670 985 2736 ἐξ
1012 2671 1191 2742 ήμῶν,
1226 2672 1325 2743 τὴν
1364 2671 1420 2724 δὲ
1466 2673 1743 2744 ἀναφορὰν
1775 2676 1865 2729 ἐπὶ
1894 2676 1985 2729 τὸν

411 2756 565 2810 Θεόν.
601 2777 619 2810 ‹
665 2760 780 2814 ἰνα
811 2762 1004 2833 μικρὸν
1037 2762 1533 2835 κληρονομήσωμεν
1565 2764 1659 2817 τοῦ
1699 2766 1859 2837 ὅρους
1891 2764 1983 2819 τοῦ

412 2849 566 2916 ἁγίου
611 2867 705 2904 σου
728 2868 741 2881 ο
792 2872 809 2903 ι
842 2852 974 2905 ὡσεὶ
1019 2854 1490 2923 καταλειφθέντων
1520 2855 1723 2918 αὐτῶν,
1770 2856 1863 2909 καὶ
1909 2858 1983 2929 μὴ

2104 386 2290 456 pulum
2326 397 2494 457 tuum,
2528 398 2586 444 ut
2619 391 2831 447 faceres
2866 392 2963 447 tibi
2986 408 3180 448 nomen
3213 396 3414 466 gloriaa.
3439 400 3666 460 Conver-

2103 489 2218 536 tere
2244 483 2311 538 de
2340 486 2500 549 caelo,
2529 494 2583 538 et
2608 485 2733 541 vide
2772 484 2841 541 de
2869 488 3031 541 domo
3059 500 3243 543 sancta
3295 499 3404 547 tua.
3444 493 3543 550 Ubi
3585 510 3669 554 est

2101 572 2249 629 zelus
2297 585 2421 629 tuus
2457 585 2511 629 et
2540 574 2801 631 fortitudo
2849 577 2977 629 tua?
3013 575 3112 633 Ubi
3139 589 3223 634 est
3253 581 3539 640 multitudo
3569 588 3670 642 mi-

2101 664 2410 741 sericordiae
2442 675 2565 730 tum,
2599 677 2654 721 et
2689 668 3096 723 miserationum
3136 679 3371 736 tuarum,
3407 678 3666 744 quoniam

2101 756 2405 811 sustinuisti
2431 758 2565 812 nos?
2587 757 2665 812 Tu
2714 759 2860 813 enim
2884 774 2945 814 es
2968 759 3133 816 Pater
3167 772 3375 828 noster,
3411 765 3667 833 quoniam

2102 850 2374 906 Abraham
2408 864 2513 905 non
2552 851 2702 905 novit
2733 866 2851 919 nos,
2882 861 2934 906 et
2959 852 3126 908 lsrael
3160 869 3255 909 nos
3269 854 3567 926 ignoravit.
3596 856 3669 910 At

2102 952 2180 1009 tu,
2206 944 2451 1007 Domine,
2479 942 2638 999 Pater
2668 954 2873 1009 noster,
2904 945 3076 1001 libera
3122 962 3243 1011 nos,
3273 950 3340 1002 ab
3386 948 3537 1004 initio
3568 965 3666 1004 no-

2098 1051 2222 1091 men
2261 1045 2410 1091 tuum
2448 1052 2612 1105 super
2672 1052 2773 1093 nos
2828 1049 2932 1093 est.
2966 1058 2987 1090 ι
3020 1038 3140 1093 1am
3179 1041 3323 1095 enim
3374 1056 3512 1109 saepe
3562 1058 3662 1097 nos

2097 1141 2389 1197 peccantes
2428 1128 2693 1196 tolerasti,
2741 1130 2984 1200 nihilque
3011 1132 3229 1196 mirum,
3260 1135 3472 1202 quando
3499 1134 3663 1189 semel

2098 1220 2278 1275 dicere
2306 1220 2560 1291 dignatus
2593 1234 2651 1275 es
2679 1238 2693 1273 :
2724 1238 2743 1273 ι
2772 1220 3007 1292 Populus
3058 1238 3210 1278 meus
3248 1224 3449 1293 proles,
3491 1235 3545 1279 et
3572 1242 3666 1296 po-

2096 1314 2255 1382 pulus
2280 1329 2432 1369 meus
2464 1314 2577 1368 filii.
2607 1333 2626 1367 ι
2660 1313 2729 1369 Ut
2761 1323 2918 1385 pater
2941 1316 3122 1387 itaque
3182 1316 3319 1372 filios
3347 1317 3473 1372 olim
3504 1321 3663 1373 susti-

2099 1407 2287 1473 nuisti,
2334 1416 2387 1463 et
2416 1408 2528 1478 jam
2564 1410 2802 1466 sustines
2826 1425 2840 1464 :
2867 1426 2974 1465 non
3008 1412 3151 1466 enim
3200 1411 3474 1466 Abraham
3513 1421 3665 1482 pater

2098 1510 2282 1554 noster
2328 1510 2467 1566 erat,
2503 1502 2606 1556 etsi
2666 1512 2853 1558 nostro
2900 1504 3192 1557 secundum
3240 1518 3459 1558 carnem
3520 1505 3664 1559 ortui

2097 1589 2408 1644 ministrare
2433 1591 2584 1646 visus
2608 1592 2698 1646 sit.
2728 1592 2833 1647 Sed
2869 1608 3056 1649 revera
3093 1604 3146 1648 tu
3182 1595 3339 1651 Pater
3371 1608 3552 1651 noster
3580 1612 3662 1665 es,

2094 1681 2265 1749 utqui
2302 1683 2541 1736 omnium
2578 1684 2864 1751 spirituum
2928 1694 2982 1738 et
3016 1686 3321 1740 animarum
3365 1686 3431 1739 ad
3465 1687 3539 1740 tui
3583 1688 3661 1742 si-

2093 1771 2449 1828 militudinem
2496 1774 2758 1829 factarum
2793 1782 2944 1844 pater
2978 1776 3076 1829 sis.
3105 1774 3281 1843 Quare
3306 1792 3557 1847 rogamus
3585 1788 3659 1843 te,

2092 1878 2191 1919 nos
2224 1879 2384 1920 eruas
2417 1883 2431 1919 :
2468 1865 2579 1919 «Ab
2612 1866 2765 1920 initio
2793 1881 2983 1919 nomen
3024 1877 3169 1920 tuum
3194 1881 3355 1931 super
3388 1882 3487 1923 nos
3519 1877 3656 1923 est.»

2159 2046 2323 2102 Vens.
2358 2048 2443 2115 l7,
2472 2047 2559 2103 18.
2596 2067 2614 2100 ε
2645 2049 2755 2104 Cur
2782 2062 2967 2104 errare
2998 2065 3096 2105 nos
3126 2049 3324 2117 fecisti,
3359 2048 3605 2117 Domine,
3627 2068 3657 2107 a

2090 2141 2172 2195 via
2210 2141 2345 2195 tua?
2380 2140 2645 2196 lndurasti
2689 2146 2853 2197 corda
2885 2152 3092 2206 nostra,
3121 2153 3179 2197 ut
3208 2159 3312 2197 non
3347 2145 3665 2202 timeremus

2092 2240 2160 2286 te.
2197 2232 2525 2288 Convertere
2574 2242 2795 2303 propter
2824 2248 3011 2290 servos
3042 2243 3191 2299 tuos,
3221 2244 3277 2289 et
3306 2244 3524 2303 propter
3560 2237 3660 2291 tri-

2088 2322 2188 2377 bus
2230 2323 2563 2380 hmreditatis
2618 2335 2739 2380 tuae.
2779 2346 2798 2379 ι
2846 2325 3038 2382 Omnia
3085 2328 3152 2383 ad
3192 2326 3359 2382 Deum
3400 2329 3661 2398 propheta

2087 2415 2253 2472 refert
2279 2434 2294 2473 :
2328 2432 2433 2471 uon
2460 2418 2601 2487 quod
2627 2418 2768 2472 Deus
2796 2418 2951 2473 nobis
2982 2419 3239 2487 peccandi
3277 2433 3440 2474 causa
3478 2420 3659 2486 fuerit,

2088 2508 2182 2564 sed
2212 2510 2354 2578 quod
2386 2508 2694 2578 permiserit
2741 2517 2795 2563 et
2841 2511 3170 2564 concesserit
3200 2511 3288 2564 illa
3323 2526 3503 2581 agere,
3537 2527 3664 2583 quae

2087 2600 2262 2669 quivis
2288 2599 2547 2669 elegerit;
2585 2600 2659 2655 ita
2694 2609 2750 2654 ut
2780 2602 2990 2670 peccati
3022 2614 3187 2654 causa
3220 2616 3385 2669 penes
3424 2618 3520 2657 nos
3549 2606 3655 2658 sit:

2087 2691 2178 2745 sed
2214 2699 2392 2746 tamen
2426 2692 2492 2745 ad
2539 2691 2707 2745 Deum
2740 2692 3026 2747 referatur.
3060 2710 3078 2743 ι
3123 2692 3193 2748 Ut
3236 2694 3503 2747 modicum
3538 2711 3661 2763 pos-

2086 2783 2357 2837 sideamus
2383 2783 2579 2838 montis
2610 2784 2781 2838 sancti
2831 2784 2929 2838 tui.
2960 2803 2978 2837 ι
3012 2784 3177 2851 Quasi
3212 2785 3341 2856 ipsis
3366 2787 3657 2854 derelictis,

2089 2886 2188 2926 nec
2223 2886 2507 2942 resurgere
2535 2872 2840 2928 valentibus
2876 2874 2945 2928 ob
2992 2872 3224 2931 inflictas
3274 2875 3457 2948 plagas
3479 2916 3497 2943 ,
3538 2893 3659 2948 qua:

411 2942 846 3013 ἁνατελλομὲνων
878 2943 967 2997 διὰ
996 2945 1217 3015 πληγῶν
1240 2946 1349 2999 τῶν
1376 2946 1701 3000 κωλυουσῶν
1733 2948 1983 3018 ἁμαρτά-

2090 2964 2237 3035 ipsos
2266 2978 2296 3019 a
2327 2964 2598 3035 peccando
2624 2966 2905 3022 arcebant.

410 3053 542 3089 νειν.

486 3145 507 3179 ι
584 3127 913 3199 Ἐγενόμεθα
953 3129 1029 3193 ὡς
1072 3130 1133 3183 τὸ
1184 3130 1277 3184 ἀπ’
1312 3131 1484 3202 ἀρχῆς
1530 3131 1619 3185 ὅτε
1665 3131 1764 3186 οὐκ
1808 3126 1981 3205 ἦρξας

408 3217 589 3288 ήμῶν,
633 3219 752 3272 οὐδὲ
780 3220 981 3293 ἐκλήθη
1012 3220 1073 3274 τὸ
1099 3222 1268 3293 ὄνομά
1296 3239 1390 3275 σου
1428 3224 1511 3293 ἐφ’
1537 3225 1701 3295 ἡμᾶς.
1740 3243 1760 3275 ι
1799 3224 1885 3288 Ὠς
1918 3226 1982 3279 ἐκ

411 3307 700 3381 προσώπου
731 3310 826 3364 τοῦ
850 3310 979 3364 λαοῦ
1009 3312 1181 3367 ταῦτά
1202 3329 1385 3384 φησιν.
1420 3314 1632 3386 Ὠσπερ
1651 3314 1760 3386 γὰρ
1790 3314 1983 3385 ἐσκλή-

414 3418 577 3471 ρυνας
602 3403 831 3457 πάντοτε
860 3402 956 3475 τὴν
982 3404 1207 3475 καρδίαν
1228 3404 1322 3458 τοῦ
1343 3404 1560 3475 Φαραὼ,
1587 3404 1727 3459 οὕτω
1752 3406 1844 3459 καὶ
1865 3405 1978 3469 νῦν,

408 3493 597 3561 φησιν,
640 3494 785 3564 ἡμᾶς
817 3493 1189 3565 ὲσκλήρυνας,
1222 3493 1472 3561 ἀναξίους
1506 3488 1645 3547 εἶναι
1671 3494 1861 3566 κρίνας
1887 3493 1981 3546 τοῦ

408 3583 575 3652 φόϐου
606 3601 727 3636 σουο
767 3583 903 3639 ἀλλὰ
935 3585 1029 3639 καὶ
1066 3585 1374 3656 ὲπλάνησας
1414 3587 1560 3656 ἡμᾶς
1595 3586 1659 3638 σὺ
1703 3586 1884 3649 αὐτὸς,
1935 3578 1981 3637 ὧ

405 3675 603 3747 Κύριε,
634 3676 729 3730 τοῦ
762 3676 836 3747 μὴ
864 3677 1129 3749 γνωρίσαι
1162 3676 1260 3747 τὴν
1300 3677 1417 3729 ὀδόν
1448 3694 1559 3730 σου.
1593 3677 1741 3749 Πλὴν
1786 3678 1899 3732 ἀλλ’
1932 3678 1980 3730 εῐ

405 3770 503 3823 καὶ
527 3771 691 3840 ήμεῖς
718 3764 968 3833 τοιοῦτοι,
1000 3770 1064 3822 σὺ
1111 3770 1240 3838 γοῦν
1286 3768 1361 3831 ὠς
1391 3768 1541 3833 Θεὸς,
1577 3769 1663 3822 διὰ
1701 3762 1827 3831 τοὺς
1862 3769 1981 3823 δού-

405 3861 533 3924 λους
563 3877 659 3913 σου
696 3861 862 3930 (εἰκὸς
902 3860 1012 3933 γάρ
1040 3857 1177 3914 εἶναί
1211 3876 1362 3923 τινας
1403 3861 1461 3913 ὲν
1485 3860 1561 3931 τῷ
1592 3861 1785 3933 πλήθει
1808 3860 1983 3915 τοιού-

404 3952 618 4021 τους),
660 3951 1004 4023 ὲπίστρεψον.
1050 3952 1162 4004 Καὶ⁸
1212 3950 1397 4021 ἐπειδὴ
1442 3951 1640 4021 κλῆρός
1679 3970 1770 4006 σου
1812 3971 1980 4024 κατη-

406 4041 683 4114 ξιώθημεν
720 4040 1103 4114 ὀνομάζεσθαι,
1139 4041 1452 4112 ἱκετεύομεν
1472 4062 1489 4093 ι
1514 4042 1865 4111 Ἐπιστρὲψαι
1895 4044 1984 4097 διὰ

404 4136 535 4199 τοὺς
561 4134 776 4198 δούλους
804 4151 918 4199 σου,
946 4134 1040 4186 καὶ
1065 4132 1154 4185 διὰ
1180 4133 1277 4195 τάς
1300 4133 1471 4202 φυλάς
1497 4132 1594 4202 τῆς
1620 4132 1983 4203 κληρονομίας

406 4244 523 4280 σου.
575 4246 595 4279 ι
641 4226 964 4295 Δυνηθῶμεν
994 4225 1087 4278 καὶ
1113 4226 1271 4295 ἡμεῖς
1297 4224 1346 4276 οί
1375 4222 1581 4287 ἀνάξιοι
1615 4226 1813 4294 μικρᾶς
1839 4241 1982 4288 τινος

2152 3122 2317 3177 Vens.
2356 3122 2443 3178 19.
2489 3140 2509 3174 ι
2546 3121 2695 3177 Facti
2753 3137 2938 3179 sumus
2984 3123 3130 3178 velut
3184 3124 3252 3178 ab
3304 3125 3476 3191 initio,
3532 3142 3655 3183 cum

2081 3230 2189 3270 non
2244 3214 2602 3269 dominareris
2658 3215 2869 3280 nostri,
2929 3231 3102 3285 neque
3156 3217 3497 3272 invocaretur
3556 3234 3655 3273 no—

2082 3323 2205 3363 men
2234 3318 2379 3363 tuum
2414 3324 2575 3378 super
2608 3324 2726 3363 nos.
2761 3327 2780 3359 ι
2847 3308 3009 3374 Quasi
3063 3324 3128 3364 ex
3177 3325 3409 3379 persona
3473 3312 3650 3382 populi

2084 3398 2196 3452 haec
2222 3398 2432 3453 effatur.
2480 3400 2636 3453 Sicut
2680 3400 2847 3463 enim,
2889 3402 2986 3466 ait,
3031 3414 3126 3454 cor
3164 3400 3462 3457 Pharaonis
3510 3419 3656 3459 scut-

2081 3506 2178 3562 per
2241 3489 2539 3554 indurasti,
2605 3490 2679 3544 ita
2735 3502 2876 3544 nunc
2929 3504 3142 3559 quoque
3207 3507 3305 3547 nos
3368 3494 3654 3560 iudurasti,

2084 3583 2335 3654 indignos
2366 3582 2617 3651 judicans
2664 3582 2857 3637 timore
2904 3592 3033 3637 tuo:
3064 3583 3364 3652 quinetiam
3412 3598 3466 3641 tu
3518 3576 3654 3656 ipse,

2083 3676 2327 3737 Domine,
2366 3689 2552 3730 errare
2584 3690 2682 3731 nos
2724 3674 2926 3741 fecisti,
2959 3684 3018 3730 ut
3058 3675 3201 3729 viam
3244 3686 3390 3731 tuam
3440 3680 3658 3748 ignora-

2082 3783 2283 3823 remus.
2308 3768 2578 3823 Caaterum
2602 3769 2813 3824 etiamsi
2839 3782 2939 3823 nos
2968 3768 3103 3824 tales
3124 3769 3315 3834 simus,
3358 3779 3412 3823 tu
3448 3780 3652 3837 tamen,

2082 3868 2269 3930 utpote
2302 3860 2463 3924 Deus,
2498 3869 2720 3929 propter
2768 3874 2957 3915 servos
3004 3868 3125 3915 tuos
3164 3860 3311 3930 (nam
3355 3861 3656 3917 veris'tmie

2082 3963 2165 4007 est
2194 3954 2246 4006 in
2279 3952 2431 4007 turba
2481 3954 2737 4020 quosdam
2770 3950 3075 4019 huiusmodi
3130 3952 3270 4023 esse)
3301 3964 3649 4009 convertere.

2084 4044 2150 4098 Et
2177 4046 2303 4113 quia
2337 4044 2483 4114 digni
2520 4044 2688 4099 habiti
2722 4058 2908 4099 sumus
2931 4044 3021 4113 qui
3054 4044 3343 4100 haereditas
3373 4056 3461 4099 tua
3492 4061 3656 4100 voca-

2085 4152 2287 4199 remur,
2315 4138 2433 4191 ideo
2462 4151 2767 4205 precamur,
2807 4151 2827 4186 c
2856 4134 3188 4191 Convertere
3225 4146 3444 4205 prepter
3469 4152 3661 4192 servos

2087 4238 2225 4295 tuos,
2252 4239 2307 4283 et
2360 4239 2579 4299 propter
2630 4228 2801 4282 tribus
2840 4228 3172 4285 haereditatis
3218 4238 3341 4284 tum.
3385 4248 3403 4281 ι
3452 4228 3517 4283 Et
3554 4244 3661 4285 nos

402 4320 620 4385 ἐλπίδος
666 4322 849 4389 τυχεῖν
898 4321 954 4372 ἐν
999 4318 1078 4389 τῷ
1126 4316 1518 4390 ἐπηγγελμένῳ
1566 4316 1671 4369 ὑπὸ
1723 4315 1815 4369 σοῦ
1869 4315 1982 4388 ὄρει

2090 4337 2299 4392 quoque
2326 4321 2600 4376 valeamus
2624 4360 2640 4386 ,
2674 4320 2807 4375 licet
2848 4319 3094 4389 indigni,
3143 4323 3408 4375 modicam
3457 4322 3652 4376 saltem

401 4414 575 4483 ἁγίῳ·
614 4406 675 4466 οῦ
718 4412 993 4475 παντελῶς
1022 4411 1115 4464 νῦν
1163 4408 1633 4479 ἐκπεπτώκαμενο
1670 4409 1898 4480 ἐπείπερ
1934 4410 1982 4463 οἱ

404 4508 717 4560 ὑπεναντίοι
751 4505 907 4577 ήμῶν
947 4505 1331 4574 κατεπάτησαν
1364 4503 1425 4556 τὸ
1454 4502 1697 4573 ἁγίασμά
1728 4518 1849 4555 σουο
1886 4500 1982 4555 καὶ

404 4600 549 4653 τοῦτ’
591 4599 832 4671 ἔπραξαν
867 4598 951 4652 διὰ
983 4598 1043 4651 τὸ
1074 4598 1134 4650 σὲ
1178 4596 1591 4668 ἀποστραφῆναι
1624 4596 1789 4666 ἡμᾶς.
1825 4594 1979 4647 Οῦτω

403 4690 538 4758 γοῦν
592 4690 1041 4759 καταλειφθέντες
1094 4688 1288 4760 ἔρημοι
1343 4689 1443 4758 τῆς
1503 4687 1602 4757 σῆς
1652 4686 1975 4754 ἐπισκοπῆς,

402 4783 635 4836 τοιοῦτοι
663 4782 757 4835 νῦν
798 4784 983 4853 ἐσμεν,
1018 4784 1189 4835 ὁποῖοι
1226 4779 1319 4833 καὶ
1359 4778 1485 4851 πρίν
1515 4795 1572 4831 σε
1608 4778 1761 4848 ήμῶν
1801 4776 1978 4848 ἄρξαι.

411 4878 503 4941 Ὠς
544 4878 649 4949 γὰρ
684 4873 751 4947 ἦν
793 4893 920 4929 ποτε
970 4876 1189 4947 χρόνος,
1225 4876 1314 4927 ὅτε
1352 4873 1477 4925 οὕτε
1516 4872 1821 4942 προφήτας,
1859 4870 1982 4923 οὔτε

405 4970 612 5039 ἱερέας,
653 4968 774 5022 οὕτε
810 4968 1067 5038 βασιλεῖς,
1098 4965 1218 5019 οὔτε
1260 4984 1311 5019 τι
1340 4966 1447 5019 τῶν
1484 4964 1589 5019 σῶν
1634 4968 1984 5035 χαρισμάτων

400 5062 649 5131 εἴχομεν*
686 5062 776 5114 τὸν
816 5060 977 5113 αὐτὸν
1006 5059 1203 5128 τρόπον
1235 5061 1326 5111 καὶ
1358 5059 1450 5111 νῦν
1480 5060 1558 5121 είς
1602 5058 1814 5128 ἐκείνην
1858 5075 1986 5111 κατ-

400 5153 645 5224 έστημν
682 5155 777 5224 τὴν
816 5152 1071 5226 ἐρημίαν.
1116 5152 1299 5204 Ταῦτα
1338 5153 1514 5205 πάντα
1556 5150 1731 5204 ἔοικεν
1780 5151 1981 5221 ἀναφέ-

406 5244 598 5318 ρεσθαι
631 5248 721 5299 ἐπὶ
764 5246 854 5298 τὸν
885 5245 1073 5313 καιρὸν
1109 5243 1198 5296 τὸν
1240 5243 1375 5312 μετά
1414 5243 1513 5315 τὴν
1544 5242 1844 5313 παρουσίαν
1889 5242 1979 5294 τοῦ

400 5338 655 5409 Σωτῆρος
708 5339 893 5408 ἡμῶνο
935 5338 992 5389 ἐν
1031 5328 1075 5403 ᾧ
1109 5334 1385 5398 παντελῶς
1416 5334 1844 5406 κατελείφθησαν
1889 5334 1975 5387 διά

400 5429 469 5482 τὰ
512 5430 651 5481 κατὰ
684 5428 775 5480 τοῦ
804 5429 1053 5499 Σωτῆρος
1079 5426 1235 5498 ήμῶν
1273 5426 1606 5497 τολμηθέντα
1635 5428 1833 5491 αὐτοῖς.
1865 5427 1976 5479 Νῦν

402 5519 513 5589 γὰρ
535 5520 609 5583 ὡς
636 5519 845 5589 άληθῶς
872 5519 1098 5572 τοιοῦτοι
1124 5517 1432 5587 γεγόνασιν,
1467 5518 1541 5581 ὡς
1572 5519 1630 5571 τὸ
1656 5519 1748 5571 ἀπ’
1780 5518 1972 5589 ἀρχῆς.

404 5612 493 5664 ὅτε
532 5614 628 5665 οὐκ
662 5608 827 5683 ἦρχεν
866 5611 1039 5665 αὐτῶν
1078 5615 1104 5665 ὁ
1144 5612 1293 5679 Θεὸς,
1330 5611 1467 5665 ὥστε
1490 5611 1742 5667 δύνασθαι
1777 5612 1971 5679 λέγειν’

2091 4431 2240 4487 spem
2277 4413 2533 4482 consequi
2568 4415 2621 4469 in
2654 4422 2834 4469 monte
2862 4422 3050 4468 sancto
3087 4422 3197 4480 tuo,
3246 4426 3405 4482 quem
3436 4412 3659 4482 pollice-

2089 4509 2164 4563 ris
2191 4527 2205 4562 :
2233 4523 2299 4562 ex
2327 4522 2435 4577 quo
2461 4508 2569 4577 jam
2600 4520 2822 4576 prorsus
2846 4506 3183 4571 excidimus;
3209 4504 3333 4573 quia
3360 4503 3659 4560 adversarii

2087 4600 2259 4656 nostri
2290 4600 2745 4655 conculcaverunt
2775 4598 3143 4653 sanctuarium
3174 4606 3343 4662 tuum,
3369 4596 3528 4667 idque
3574 4595 3654 4651 fe-

2086 4702 2298 4759 cerunt,
2341 4692 2464 4761 quia
2512 4700 2791 4746 aversatus
2821 4707 2919 4747 nos
2951 4705 3030 4744 es.
3092 4687 3182 4743 Sic
3226 4688 3389 4758 igitur
3411 4688 3659 4745 derelicti

2088 4796 2142 4839 et
2168 4784 2477 4840 visitatione
2512 4794 2602 4839 tua
2631 4782 2867 4853 privati,
2904 4782 3037 4836 tales
3064 4779 3174 4849 jam
3211 4795 3396 4835 sumus
3419 4820 3433 4843 ,
3467 4778 3659 4849 quales

2089 4890 2306 4933 eramus
2337 4886 2624 4945 antequam
2656 4879 2954 4944 imperares
2988 4874 3162 4928 nobis.
3192 4872 3655 4939 Quemadmodum

2088 4970 2230 5023 enim
2256 4980 2466 5037 tempus
2488 4968 2614 5021 olim
2646 4968 2764 5030 fuit,
2787 4982 2908 5021 cum
2937 4980 3108 5036 neque
3132 4966 3446 5035 prophetas,
3478 4978 3657 5031 neque

2092 5062 2423 5125 sacerdotes,
2457 5075 2631 5130 neque
2656 5074 2829 5130 reges,
2864 5073 3038 5125 neque
3067 5058 3209 5112 aliud
3240 5056 3510 5127 quidpiam
3535 5072 3563 5109 a
3601 5066 3661 5110 te

2090 5166 2285 5206 munus
2328 5150 2671 5216 haberemus,
2725 5150 2803 5204 sic
2830 5158 2885 5204 et
2921 5164 3061 5203 nunc
3089 5148 3333 5204 eamdem
3378 5148 3429 5201 iu
3458 5148 3650 5203 solitu-

2088 5244 2264 5298 dinem
2290 5253 2343 5297 et
2372 5244 2737 5298 conditionem
2768 5241 3076 5295 recidiinus.
3106 5238 3231 5293 Haec
3257 5240 3433 5293 omnia
3458 5239 3649 5293 referri.

2085 5335 2338 5390 videntur
2366 5337 2431 5388 ad
2465 5344 2693 5404 tempus,
2725 5334 2869 5403 quod
2903 5333 3190 5386 adventmn
3227 5330 3526 5386 Salvatoris
3552 5345 3650 5383 uo-

2083 5428 2182 5482 stri
2210 5425 2555 5481 subsecutum
2584 5434 2666 5479 est
2692 5441 2707 5479 τ
2744 5440 2850 5494 quo
2875 5440 3097 5494 prorsus
3121 5423 3361 5479 derelicti
3390 5430 3513 5476 sunt
3532 5463 3547 5487 ,
3578 5421 3655 5475 ob

2081 5517 2286 5573 scelera
2313 5527 2497 5571 contra
2538 5516 2784 5569 eumdcm
2821 5515 3154 5570 Salvatorem
3186 5516 3253 5570 ab
3283 5516 3413 5584 ipsis
3453 5528 3637 5581 perpe-

2084 5621 2242 5667 trata.
2277 5611 2423 5666 Nunc
2464 5610 2603 5665 enim
2651 5625 2836 5666 revera
2876 5610 3009 5667 tales
3041 5620 3184 5676 sunt,
3215 5609 3400 5681 quales
3431 5614 3587 5665 erant
3613 5620 3652 5657 α
