4108 6204
496 178 599 234 507

1193 168 1461 227 EUSEBII
1500 167 1971 227 C£SARIENSIS
2009 167 2158 225 OPP.
2201 166 2379 225 PARS
2417 164 3007 225 [IL—EXEGETICA.

3593 165 3705 221 608

496 294 780 367 principio,
814 309 933 348 cum
960 290 1191 347 nondum
1220 292 1350 361 ipsis
1378 292 1515 347 Deus
1546 291 1911 345 dominaretur
1936 330 1952 356 ,
1984 300 2043 344 ut

2147 310 2166 343 ι
2212 290 2536 361 Ἐγενόμεθα
2560 292 2636 353 ὡς
2658 288 2719 341 τὸ
2741 286 2837 342 ἀπ’
2862 284 3055 355 ἀρχῆς,
3088 299 3173 335 ..τε
3198 298 3297 335 ουκ
3317 275 3485 353 ἦρξας
3518 280 3697 351 ἡμῶν,

494 390 675 444 dicere
710 386 921 440 valeant
955 402 969 437 ε
1003 401 1021 434 ι
1057 382 1205 437 Facti
1248 398 1430 438 sumus
1455 382 1598 435 velut
1628 382 1696 436 ab
1736 382 1888 436 initio
1921 396 2043 435 cum

496 496 599 535 non
631 468 983 533 deminareris
1026 475 1230 537 nostri,
1262 490 1431 543 neque
1475 474 1811 528 invocaretur
1854 487 2046 527 nomen

491 578 643 627 tuum
673 581 836 636 super
863 579 982 619 nos.
1018 582 1039 616 ι

1049 653 1273 710 CAPUT
1312 652 1491 708 LXIV.

560 748 720 802 Vsus.
754 745 805 799 1.
843 763 862 796 ι
906 744 961 799 Si
1003 744 1216 814 aperias
1248 743 1445 797 coelum
1470 782 1485 808 ,
1522 752 1724 797 tremor
1750 744 2048 813 apprehen-

490 837 580 892 det
608 851 637 889 a
676 844 729 890 te
779 844 1026 898 montes,
1058 842 1111 887 et
1144 833 1456 902 liquescent.
1500 850 1519 884 ι
1574 833 1838 888 Caeterum
1884 833 2048 902 probe

491 928 738 982 novimus
772 935 823 979 et
848 938 1162 993 persuasum
1196 923 1486 985 habemus,
1513 924 1557 979 si
1588 922 1819 978 volueris
1846 924 2045 978 emtum

490 1017 741 1084 aperire,
781 1023 966 1082 utpote
1028 1013 1167 1067 Deus
1217 1013 1588 1081 omnipotens,
1637 1023 1923 1067 tremorem
1974 1012 2046 1066 tui

490 1116 704 1161 montes
758 1105 1213 1175 apprehensurum
1249 1118 1365 1157 esse
1385 1142 1400 1167 ,
1431 1101 1680 1156 videlicet
1711 1102 2049 1157 adversarias

489 1206 805 1268 potestates,
858 1212 974 1263 qua:
1011 1204 1197 1250 contra
1239 1194 1598 1264 cognitionem
1640 1182 1714 1246 tui
1747 1192 2046 1262 eriguntur.

565 1290 719 1342 Vens.
756 1288 809 1350 2,
844 1288 897 1341 5.
932 1306 949 1337 ι
990 1285 1285 1339 Sicutcera
1333 1299 1362 1337 a
1409 1283 1547 1338 facie
1595 1284 1737 1352 ignis
1773 1283 2047 1353 liquescit,

489 1391 545 1437 et
572 1381 849 1436 comburet
885 1378 1022 1448 ignis
1054 1386 1171 1431 tuos
1199 1376 1555 1440 adversarios,
1612 1384 1666 1430 et
1710 1374 2047 1430 manifestum

493 1473 595 1525 erit
629 1485 819 1523 nomen
872 1479 1019 1522 tuum
1066 1467 1435 1521 adversariis:
1475 1481 1504 1520 a
1550 1465 1687 1521 facie
1733 1474 1820 1520 tua
1867 1474 2050 1536 gentes

495 1560 867 1614 turbabuntur.
897 1578 914 1609 ι
941 1559 1082 1613 Sane
1102 1577 1127 1609 ι
1158 1559 1318 1611 Deum
1338 1571 1494 1611 nemo
1517 1555 1648 1610 vidit
1669 1570 1901 1624 unquam
1917 1556 1962 1587 "
1982 1572 1998 1623 ;
2022 1573 2040 1609 ι

2149 382 2268 436 ούδέ
2294 381 2491 453 ἐκλήθη
2521 380 2582 434 τὸ
2604 379 2773 451 ὄνομά
2802 393 2893 431 σου
2916 375 2999 446 ἐφ’
3025 374 3189 445 ἡμᾶς.
3228 391 3247 425 ι

2655 643 2831 697 ΚΕΦΔ
2839 640 3043 695 ΔᾹΙΟΝ
3080 638 3194 693 EA’.

2227 757 2247 789 ι
2298 737 2420 792 Ἐὰν
2441 734 2657 807 ἀνοίξῃς
2685 734 2775 787 τὸν
2813 732 3062 805 οὐρανὸν,
3104 730 3302 802 τρόμος
3319 725 3554 799 ολὴψεται
3600 724 3719 779 ἀπὸ

2151 829 2246 884 σοῦ
2280 829 2402 901 ὅρη,
2432 828 2524 882 καὶ
2567 826 2915 896 τακήσονται.
2956 842 2974 874 ι
3020 822 3165 892 Πλὴν
3205 820 3317 874 ἀλλ’
3353 818 3508 888 ίσμεν
3550 816 3709 887 ἀκρι-

2150 920 2261 983 ϐῶς
2299 920 2388 972 καὶ
2429 914 2787 986 πεπείσμεθα,
2824 914 2925 979 ὅτι,
2966 911 3059 965 ἐὰν
3100 911 3327 981 θελήσῃς
3362 906 3583 979 ,ἀνοῖξαι
3616 908 3709 960 τὸν

2150 1009 2373 1081 ούρανὸν
2398 1009 2529 1071 Θεὸς
2556 1008 2630 1060 ὢν
2672 1005 2766 1059 xal
2806 1005 2981 1059 πάντα
3024 1003 3315 1073 δυνάμενος
3334 1039 3350 1066 ,
3387 1000 3585 1071 τρόμος
3615 998 3711 1069 λή-

2149 1102 2309 1171 ψεται
2335 1099 2441 1153 ἀπὸ
2463 1098 2555 1152 σού
2584 1098 2704 1171 ὅρη,
2727 1097 2823 1160 τὰς
2841 1094 3216 1165 ἀντικειμένας
3237 1091 3431 1163 δηλαδὴ
3454 1090 3710 1162 δυνάμεις

2151 1191 2250 1256 τὰς
2281 1190 2642 1264 ἐπαιρομένας
2671 1189 2810 1243 κατὰ
2842 1188 2940 1259 τῆς
2972 1184 3221 1256 γνώσεώς
3253 1202 3377 1238 σου(

2228 1299 2247 1334 ι
2306 1280 2394 1344 Ὧς
2424 1280 2590 1352 κηρὸς
2627 1279 2733 1333 ἀπὸ
2778 1276 3066 1348 προσώπου
3112 1276 3281 1348 πυρὸς
3326 1276 3572 1346 τήκεται,
3614 1274 3711 1329 xal

2154 1371 2480 1426 κατακαύσει
2510 1370 2620 1443 πῦρ
2639 1371 2764 1433 τοὺς
2789 1368 3156 1433 ὑπεναντίους,
3184 1367 3279 1421 καὶ
3305 1366 3533 1438 φανερὸν
3555 1366 3712 1419 ἔσται

2151 1464 2211 1517 τὸ
2239 1463 2409 1534 ὄνομά
2439 1480 2532 1517 σου
2568 1464 2679 1525 τοῖς
2716 1460 3069 1525 ὑπεναντίοις.
3116 1460 3248 1514 Ἀπὸ
3291 1458 3580 1530 προσώπου
3616 1475 3709 1510 σου

2153 1551 2278 1625 ἔθνη
2298 1553 2749 1626 ταραχθὴσονται.
2783 1571 2801 1604 ι
2824 1554 2934 1606 Kal
2966 1553 3069 1623 μὴν
3095 1571 3113 1604 ι
3139 1552 3271 1605 Θεὸν
3298 1551 3469 1614 οὐδεὶς
3495 1548 3709 1622 ἑώρακε

493 1661 568 1715 et,
610 1670 627 1702 ι
664 1650 830 1705 Nemo
860 1652 1060 1705 videbit
1091 1650 1277 1704 faciem
1310 1663 1502 1715 meam,
1526 1657 1579 1702 et
1614 1648 1756 1701 vivet
1780 1648 1850 1701 ".
1889 1666 1908 1700 ι
1945 1646 2043 1701 Sed

2153 1647 2390 1711 πώποτε,
2431 1665 2449 1699 ι
2487 1648 2601 1712 καὶ,
2639 1664 2658 1698 ι
2703 1648 2888 1710 Οὐδεὶς
2920 1644 3108 1715 ὄψεταί
3148 1662 3249 1715 μου
3292 1643 3353 1696 τὸ
3395 1643 3710 1714 πρόσωπον,

492 1742 577 1797 bis
611 1742 823 1795 videtur
852 1743 1011 1795 Deum
1039 1741 1402 1805 subindicare,
1430 1740 1521 1809 qui
1553 1740 1604 1793 in
1637 1739 1854 1792 deserto
1881 1737 2049 1810 Moysi

491 1835 709 1889 oracula
750 1833 920 1895 dedit,
946 1841 1000 1886 et
1030 1834 1117 1901 qui
1148 1832 1215 1886 ab
1255 1832 1399 1887 omni
1446 1830 1638 1901 populo
1662 1830 1810 1888 visus
1844 1840 1925 1885 est
1957 1846 2052 1900 per

493 1926 718 1995 gloriam
769 1924 1020 1979 omnibus
1055 1931 1422 1993 apparentem,
1458 1924 1523 1976 de
1564 1937 1671 1991 qua
1705 1924 1905 1978 dictum
1934 1930 2047 1976 est:

499 2034 519 2069 ι
550 2017 619 2072 Et
646 2015 775 2071 vidit
799 2014 978 2071 omnis
1010 2014 1239 2086 populus
1267 2014 1492 2086 gloriam
1520 2013 1730 2069 Domini
1761 2015 1830 2068 ".
1864 2031 1885 2066 ι

563 2188 725 2243 Vens.
752 2187 867 2242 4-6,
912 2206 932 2240 ι
964 2187 1095 2243 Cum
1135 2187 1329 2244 feceris
1354 2188 1606 2259 gloriosa,
1638 2197 1840 2244 tremor
1866 2187 1940 2242 tui
1966 2187 2051 2242 in-

492 2279 651 2333 vadet
677 2288 906 2334 montes.
932 2279 975 2332 A
1003 2268 1200 2334 szeculo
1225 2295 1330 2334 non
1352 2280 1676 2344 audiirimus,
1708 2295 1881 2350 neque
1905 2281 2045 2336 ocui

492 2369 662 2424 nostri
689 2368 937 2424 viderunt
961 2368 1147 2436 Deum,
1174 2378 1368 2439 praeter
1405 2378 1477 2433 te,
1503 2378 1558 2424 et
1590 2384 1751 2439 opera
1779 2380 1901 2437 tua,
1931 2387 2049 2443 quae

493 2460 661 2515 facies
686 2460 1121 2529 exspectantibus
1150 2460 1593 2517 misericordiam.
1619 2462 1878 2518 Occurret
1903 2453 2045 2518 enim

493 2551 561 2606 iis
608 2550 698 2620 qui
746 2549 951 2603 faciunt
988 2549 1274 2619 justitiam,
1301 2559 1356 2605 et
1380 2552 1585 2606 viarum
1634 2559 1844 2606 tuarum
1870 2566 2047 2608 recor-

493 2642 785 2697 dabuntur.
816 2642 954 2697 Ecce
1004 2650 1057 2696 tu
1105 2642 1274 2697 iratus
1320 2657 1413 2709 es,
1449 2653 1505 2698 et
1547 2658 1648 2699 nos
1685 2643 2044 2714 peccavimus.

492 2732 698 2789 idcirco
725 2734 1057 2800 erravimus,
1099 2743 1153 2790 et
1183 2733 1311 2789 facti
1363 2748 1547 2790 sumus
1591 2734 1745 2805 quasi
1790 2733 2047 2789 immundi

494 2838 680 2880 omnes
709 2840 845 2880 nos:
878 2834 1136 2895 tanquam
1173 2839 1383 2894 pannus
1426 2825 1663 2881 sedentis
1688 2826 1862 2881 omnis
1888 2825 2049 2895 justi-

494 2914 571 2967 tia
594 2924 800 2970 nostra.
834 2934 855 2967 ι
887 2916 1038 2982 Quod
1063 2916 1106 2970 si
1137 2930 1241 2984 qua
1273 2916 1411 2984 apud
1441 2931 1537 2971 nos
1583 2916 1806 2985 reperiri
1834 2926 2046 2986 putetur

2151 1742 2245 1795 καὶ
2271 1739 2490 1811 ζήσεται
2510 1756 2525 1770 ο
2566 1757 2585 1791 ι
2614 1738 2727 1792 ἀλλ’
2762 1738 2903 1791 ἔοικε
2930 1738 3017 1791 τὸν
3044 1735 3173 1790 Θεὸν
3200 1734 3287 1788 διὰ
3315 1734 3515 1788 τούτων
3543 1734 3712 1787 αἰνίτ-

2149 1832 2335 1887 τεσθαι
2357 1832 2446 1885 τὸν
2472 1830 2567 1885 καὶ
2593 1830 2684 1883 ἐπὶ
2705 1830 2802 1901 τῆς
2824 1830 3025 1901 ἐρήμου
3055 1826 3464 1899 χρηματίσαντα
3482 1825 3713 1894 Μωῦσῆ,

2148 1923 2227 1993 τῷ
2261 1939 2321 1976 τε
2360 1922 2520 1976 παντὶ
2556 1920 2666 1990 λαῷ
2705 1918 3000 1991 ἑωραμένῳ
3038 1917 3129 1971 διὰ
3170 1917 3267 1987 τῆς
3310 1912 3717 1985 ἐμφαινομένης

2147 2017 2261 2078 τοῖς
2304 2016 2438 2067 πᾶσι
2464 2012 2621 2085 δόξης
2655 2012 2781 2085 περὶ
2808 2006 2876 2082 ἦς
2904 2010 3143 2081 εἴρηταιο
3178 2025 3198 2060 ι
3223 2006 3331 2061 Kal
3372 2005 3519 2077 ἐώρα
3554 2007 3661 2068 πᾶς
3685 2007 3715 2058 6

2147 2106 2275 2170 λαὸς
2304 2106 2401 2177 τὴν
2432 2105 2584 2169 δόξαν
2628 2103 2851 2175 Κυρίου.
2886 2120 2905 2154 ι

2225 2216 2245 2250 ι
2279 2197 2445 2251 Ὅταν
2479 2198 2635 2267 ποιῇς
2664 2194 2732 2248 τὰ
2764 2193 2970 2256 ἔνδοξα,
2996 2192 3196 2264 τρόμος
3227 2189 3451 2262 λήψεται
3479 2187 3585 2242 ἀπὸ
3612 2187 3712 2241 σοῦ

2147 2287 2268 2358 ὅρη.
2311 2285 2443 2339 Ἀπὸ
2482 2285 2571 2339 τοῦ
2598 2286 2788 2347 αίῶνος
2809 2284 2909 2337 οὐκ
2936 2282 3267 2352 ἠκούσαμεν,
3301 2280 3422 2334 οὐδὲ
3447 2278 3714 2349 ὀφθαλμοὶ

2145 2380 2179 2450 ἡ
2189 2378 2303 2448 μῶν
2323 2373 2460 2431 εἶδον
2485 2376 2614 2430 Θεὸν
2656 2376 2794 2448 πλήν
2822 2393 2934 2441 σου,
2971 2375 3065 2429 καὶ
3097 2374 3166 2428 τὰ
3196 2373 3331 2445 ἔργα
3372 2389 3486 2438 σου,
3521 2371 3557 2425 ἃ
3594 2388 3717 2424 ποι-

2145 2470 2299 2540 ήσεις
2332 2471 2443 2533 τοῖς
2472 2466 2829 2539 ὑπομένουσιν
2853 2467 3016 2521 ἔλεον.
3044 2466 3435 2537 Συναντήσεται
3466 2462 3574 2534 γὰρ
3600 2464 3715 2526 τοῖς

2145 2559 2355 2614 ποιοῦσι
2379 2559 2440 2613 τὸ
2462 2558 2687 2623 δίκαιον,
2722 2558 2815 2611 καὶ
2846 2558 2951 2611 τῶν
2992 2556 3124 2611 ὁδῶν
3169 2574 3259 2610 σου
3295 2556 3713 2627 μνησθήσονται.

2160 2650 2287 2705 Ἰδοὺ
2323 2652 2386 2705 σὺ
2411 2649 2707 2723 ὡργίσθης,
2744 2649 2836 2702 καὶ
2867 2649 3027 2719 ἡμεῖς
3056 2648 3389 2719 ἡμάρτομεν.
3422 2643 3521 2697 Διὰ
3556 2643 3718 2699 τοῦτα

2146 2742 2525 2815 ἐπλανήθημεν
2555 2743 2649 2797 xal
2697 2741 3029 2814 ἐγενήθημεν
3069 2739 3143 2804 ὡς
3174 2738 3471 2811 ἀκάθαρτοι
3514 2738 3715 2800 πάντες

2147 2832 2333 2903 ήμεῖςσ
2364 2832 2439 2895 ὡς
2481 2832 2646 2901 ῥάκος
2684 2831 3105 2902 ὰποκαθημένης
3141 2828 3290 2881 πᾶσα
3332 2829 3366 2898 ἡ
3402 2826 3713 2895 δικαιοσύνη

2145 2920 2322 2992 ἡμῶν.
2374 2938 2393 2973 ι
2428 2921 2491 2974 Εἰ
2520 2921 2577 2974 δὲ
2607 2920 2698 2973 καί
2724 2937 2806 2984 τις
2830 2922 2888 2973 ὲν
2927 2920 3058 2989 ἡμῖν
3085 2914 3340 2987 ἐνομίσθη
3366 2912 3715 2986 εὑρίσκεσθαι

490 3003 698 3073 iustitia
734 3005 980 3074 actioque
1011 3006 1199 3075 proba,
1234 3020 1297 3061 ea
1345 3007 1592 3063 sordibus
1628 3009 1783 3078 plena
1808 3018 1861 3064 et
1890 3009 2043 3066 inde-

2144 3010 2452 3084 δικαιοσύνη
2486 3013 2579 3065 xal
2604 3011 2801 3085 πρᾶξις
2830 3009 3032 3075 δικαία,
3059 3007 3420 3081 ἐρρυπωμένη
3452 3008 3544 3062 καὶ
3576 3006 3716 3078 αὐτὴ

494 3110 618 3152 cora
654 3111 778 3151 esse
805 3097 1242 3167 deprehenditur.

571 3189 730 3243 Vens.
774 3188 927 3243 7-12.
961 3207 980 3238 ι
1012 3189 1079 3243 Ει
1110 3189 1426 3247 deﬂuximus
1464 3190 1617 3260 quasi
1658 3190 1782 3247 folia
1832 3201 2048 3264 propter

494 3281 806 3354 iniquitates
841 3290 1086 3337 nostras:
1114 3282 1192 3338 sic
1224 3295 1418 3341 ventus
1452 3283 1658 3338 auferet
1690 3298 1835 3357 gnos,
1858 3295 1912 3340 et
1940 3300 2045 3341 non

494 3386 579 3431 est
612 3376 700 3445 qui
741 3372 951 3430 invocet
995 3388 1187 3429 nomen
1237 3383 1420 3442 tuum,
1468 3390 1568 3431 nec
1600 3376 1691 3445 qui
1740 3377 2046 3433 recordatus

493 3466 862 3536 apprehendat
891 3476 981 3523 te:
1017 3465 1270 3537 quoniam
1311 3467 1549 3523 avertisti
1600 3469 1796 3523 faciem
1844 3478 1987 3523 tuam
2014 3485 2044 3524 a

495 3559 672 3623 nobis,
704 3570 758 3612 et
801 3560 1064 3615 tradidisti
1094 3575 1191 3615 nos
1221 3571 1443 3631 prepter
1473 3560 1782 3632 iniquitates
1809 3568 2041 3618 nostras.

492 3648 741 3715 Etnunc,
774 3650 1015 3717 Domine,
1048 3651 1209 3707 Pater
1246 3663 1430 3708 noster
1462 3663 1541 3718 tu,
1569 3669 1666 3710 nos
1689 3669 1815 3711 vero
1849 3655 2042 3719 lutum,

492 3757 628 3811 opus
672 3758 923 3797 manuum
957 3751 1169 3798 tuarum
1217 3758 1425 3809 omnes,
1474 3760 1541 3799 ne
1590 3746 1841 3799 irascaris
1890 3745 2044 3800 nobis

491 3834 670 3898 valde,
722 3848 894 3902 neque
946 3835 998 3887 in
1049 3843 1291 3903 tempore
1346 3834 1655 3890 memineris
1691 3835 2035 3905 iniquitatum

496 3933 823 3978 nostrarum.
855 3924 919 3977 Et
953 3940 1096 3979 nunc
1125 3925 1357 3987 intuere,
1395 3925 1637 3993 Domine,
1667 3927 1918 3994 quoniam
1944 3942 2044 3996 po-

494 4013 651 4083 pulus
679 4024 799 4067 tuus
839 4029 1027 4069 omnes
1059 4030 1174 4069 nos.
1207 4015 1408 4070 Civitas
1451 4016 1623 4071 sancti
1660 4016 1733 4070 tui
1778 4016 1917 4071 facta
1962 4027 2044 4073 est

497 4105 704 4159 deserta
734 4103 860 4158 Sion
897 4122 910 4158 :
947 4115 1005 4160 ut
1037 4106 1307 4160 desertum
1334 4106 1471 4161 facta
1501 4116 1587 4162 est
1610 4106 1931 4170 Jerusalem,
1988 4108 2039 4162 in

495 4196 927 4253 maledictionem
964 4200 1174 4260 domus,
1209 4206 1452 4250 sanctum
1486 4209 1751 4263 nostrum,
1792 4207 1846 4251 et
1874 4196 2039 4266 gloria

493 4287 579 4341 cui
608 4287 997 4342 benedixerunt
1025 4298 1204 4357 patres
1233 4287 1423 4352 nostri,
1450 4289 1572 4358 igne
1597 4288 1894 4353 combusta,
1926 4303 2040 4342 om-

493 4378 691 4445 niaque
721 4378 950 4447 gloriosa
975 4388 1159 4433 nostra
1189 4378 1558 4434 conciderunt.
1588 4381 1761 4450 Atque
1786 4380 1839 4434 in
1872 4379 2039 4433 omni-

492 4468 593 4524 bus
629 4468 746 4523 iStis
776 4469 1101 4538 sustinuisti,
1136 4469 1382 4535 Domine,
1413 4478 1468 4524 et
1517 4471 1748 4537 tacuisti,
1777 4480 1833 4526 et
1864 4470 2043 4525 bumi-

494 4558 640 4612 liasti
672 4574 769 4614 nos
800 4560 975 4613 valde.
1009 4577 1029 4611 ι

734 4700 739 4705 ,
1047 4648 1275 4705 CAPUT
1309 4647 1470 4704 LXV.

562 4736 722 4793 Vens.
764 4740 873 4795 1-5.
914 4758 933 4792 ι
964 4742 1198 4813 Apparui
1230 4757 1332 4797 non
1366 4741 1677 4812 rogantibus
1700 4756 1781 4796 me
1809 4757 1823 4795 :
1851 4742 2038 4797 inven-

489 4836 577 4885 tus
602 4845 719 4885 sum
747 4831 814 4884 ab
840 4831 905 4886 iis
933 4833 1024 4901 qui
1070 4848 1155 4887 me
1204 4849 1307 4888 non
1341 4834 1673 4903 quaerebant.
1709 4832 1825 4886 Dixi
1859 4833 2039 4889 :Ecce

489 4924 701 4987 adsum,
734 4924 878 4992 genti
928 4938 1049 4991 quae
1102 4939 1207 4978 non
1266 4924 1540 4978 invocavit
1587 4937 1781 4978 nomen
1836 4938 2034 4979 meum.

491 5012 731 5081 Expandi
765 5028 955 5066 manus
995 5026 1141 5066 meas
1167 5020 1276 5066 tota
1310 5013 1394 5066 die
1419 5013 1485 5065 ad
1514 5013 1762 5081 populum
1793 5027 1898 5067 non
1936 5012 2036 5067 ob-

490 5109 900 5170 temperantem,
928 5110 977 5157 et
1025 5101 1506 5167 contradicentem,
1544 5101 1645 5167 iis,
1679 5102 1770 5171 qui
1798 5102 2040 5157 ambula-

491 5191 621 5246 bant
647 5192 698 5244 in
724 5193 806 5246 via
841 5209 942 5248 non
971 5194 1129 5259 bona,
1160 5194 1251 5246 sed
1275 5202 1395 5261 post
1414 5202 1633 5263 peccata
1659 5207 1776 5247 sua.
1805 5193 2039 5263 POpulus

494 5278 601 5341 hic,
628 5278 719 5346 qni
746 5283 1033 5336 exacerbat
1065 5296 1172 5348 me,
1218 5281 1272 5336 in
1302 5291 1593 5350 conspectu
1628 5296 1746 5336 meo
1777 5297 1987 5351 semper
2018 5300 2033 5336 :

493 5367 593 5438 ipsi
627 5368 901 5425 immolant
932 5372 986 5426 in
1021 5372 1217 5437 bortis,
1247 5381 1301 5429 et
1329 5372 1544 5428 adolent
1574 5372 1849 5429 incensum
1876 5388 2040 5443 super

572 5548 616 5579 ³³
638 5544 791 5603 Joan.
825 5563 863 5613 ι,
902 5547 986 5605 l8.

2134 3103 2240 3159 ’καὶ
2260 3104 2450 3175 ἄτιμος
2478 3104 2815 3176 ἐλήλεγκται.

2217 3212 2238 3246 ι
2269 3195 2379 3248 Kal
2401 3193 2629 3265 ἐξερρύη
2639 3211 2737 3264 μεν
2757 3193 2832 3258 ὡς
2858 3192 3029 3262 φύλλα
3052 3192 3141 3245 διὰ
3159 3189 3259 3256 τὰς
3282 3191 3510 3263 ἀνομίας
3524 3190 3709 3261 ἡμῶν*

2142 3283 2315 3348 οὕτως
2352 3284 2550 3355 ἄνεμος
2582 3285 2717 3338 οῐσει
2748 3285 2923 3355 ἡμᾶς’
2959 3284 3052 3337 καὶ
3074 3271 3347 3337 οὐκ⁷ἐστιν
3373 3283 3402 3335 6
3426 3280 3716 3335 ἐπικαλούο

2143 3391 2306 3447 μενος
2333 3375 2395 3428 τὸ
2416 3374 2585 3446 ὄνομά
2606 3392 2718 3441 σου,
2740 3375 2835 3429 xal
2856 3377 2884 3429 6
2911 3375 3166 3446 μνησθεὶς
3188 3376 3564 3431 ἀντιλαϐέσθαι
3591 3391 3712 3428 ceu?

2139 3468 2221 3522 ὅτι
2251 3466 2595 3539 ἀπέστρεψας
2616 3466 2675 3520 τὸ
2700 3468 2983 3538 πρόσωπόν
3006 3483 3098 3520 σου
3126 3467 3219 3537 ἀφ’
3243 3466 3416 3539 ἡμῶν,
3452 3466 3543 3519 καὶ
3572 3482 3718 3537 παρ-

2141 3558 2346 3624 έδωκας
2392 3559 2537 3630 ἡμᾶς
2583 3556 2670 3610 διὰ
2724 3558 2822 3621 τὰς
2870 3556 3141 3632 ἁμαρτίας
3197 3557 3373 3629 ἡμῶν.
3430 3557 3539 3610 Kal
3590 3556 3712 3621 νῦν,

2140 3652 2309 3721 Κύριε
2334 3690 2349 3715 ,
2377 3650 2563 3723 Πατὴρ
2603 3648 2758 3722 ἡμῶν
2797 3650 2883 3714 σὺ,
2914 3652 3075 3722 ἡμεῖς
3105 3649 3164 3704 δὲ
3204 3649 3392 3721 πηλὸς,
3431 3648 3569 3721 ἔργα
3599 3647 3711 3701 τῶν

2140 3744 2337 3814 χειρῶν
2369 3761 2461 3797 σου
2498 3744 2716 3808 πάντες,
2759 3744 2833 3815 μὴ
2865 3744 3082 3816 ὀργίζου
3114 3744 3246 3814 ἡμῖν
3281 3743 3506 3815 σφόδρα,
3545 3742 3618 3812 μὴ
3650 3743 3706 3796 ἐν

2140 3832 2316 3905 καιρῷ
2349 3832 2593 3904 μνησθῇς
2626 3832 2906 3904 ἁμαρτιῶν
2936 3832 3112 3903 ἡμῶν.
3140 3832 3250 3886 Kal
3273 3831 3368 3884 νῦν
3401 3831 3709 3899 ἐπίϐλεψον,

2140 3925 2220 3977 ὅτι
2242 3924 2369 3988 λαός
2396 3941 2485 3977 σου
2513 3923 2710 3988 πάντες
2744 3926 2923 3995 ἡμεῖς.
2960 3923 3121 3987 Πόλις
3146 3920 3241 3976 τοῦ
3276 3922 3427 3991 ἁγίου
3461 3938 3554 3974 σου
3590 3923 3710 3990 ἐγε-

2138 4018 2271 4089 νήθη
2299 4018 2503 4089 ἔρημος
2544 4016 2701 4083 Σιὼν,
2743 4018 2817 4081 ὡς
2839 4017 3041 4088 ἕρημος
3067 4016 3297 4087 ἐγενήθη
3336 4014 3708 4088 Ἰερουσαλὴμ,

2138 4110 2217 4172 εἰς
2256 4109 2497 4180 κατάραν
2523 4109 2552 4162 6
2581 4105 2759 4173 οἶκος,
2805 4109 2865 4162 τὸ
2893 4108 3046 4176 ἆγιον
3085 4107 3262 4178 ἡμῶν,
3296 4108 3389 4162 καὶ
3420 4108 3452 4177 ἡ
3481 4107 3605 4171 δόξα
3639 4108 3710 4177 ἢν

2138 4200 2445 4271 ηὑλόγησαν
2487 4201 2535 4253 οί
2580 4201 2809 4271 πατέρες
2853 4199 3031 4270 ἡμῶν,
3060 4198 3288 4270 ἐγενήθη
3321 4199 3709 4271 πυρίκαυστος,

2141 4290 2235 4342 καὶ
2286 4290 2463 4343 πάντα
2500 4289 2682 4353 ἔνδοξα
2721 4289 2875 4359 ἡμῶν
2939 4288 3216 4342 συνέπεσε.
3277 4291 3386 4343 Καὶ
3430 4290 3522 4342 ἐπὶ
3571 4290 3706 4342 πᾶσι

2139 4379 2347 4443 τούτοις
2385 4380 2634 4449 ἀνέσχου,
2684 4378 2875 4449 Κύριε,
2925 4381 3018 4433 καὶ
3048 4380 3383 4451 ἐσιώπησας,
3437 4382 3531 4435 καὶ
3579 4384 3711 4435 ἐτα-

2143 4469 2410 4532 πείνωσας
2448 4469 2595 4539 ἡμᾶς
2623 4466 2847 4538 σφόδρα.
2883 4484 2903 4517 ι

2630 4644 3023 4698 ΚΕΦΑΛΑΙΟΝ
3072 4645 3189 4700 EE’.

2220 4749 2239 4783 ι
2292 4732 2565 4804 Ἐμφανὴς
2597 4735 2860 4807 ἐγενήθην
2889 4739 3001 4799 τοῖς
3022 4736 3119 4806 ἐμὲ
3149 4734 3223 4809 μὴ
3254 4735 3585 4808 ἐπερωτῶσι,
3609 4737 3702 4789 εύ-

2146 4821 2307 4894 ρέθην
2351 4826 2461 4888 τοῖς
2500 4826 2599 4896 ἐμὲ
2637 4824 2711 4897 μὴ
2751 4825 3021 4896 ζητοῦσιν.
3066 4824 3240 4880 Εἷπα*
3299 4827 3429 4881 Ἰδού
3476 4830 3591 4898 εἰμι
3623 4829 3707 4899 τῷ

2143 4912 2305 4978 ἔθνει,
2335 4914 2384 4967 οἳ
2409 4915 2507 4968 οὐκ
2539 4916 2800 4969 ἐκάλεσάν
2829 4934 2929 4987 μου
2952 4918 3010 4971 τὸ
3034 4917 3220 4989 ὄνομα.
3247 4917 3577 4983 Ἑξεπέτασα
3602 4919 3703 4982 τὰς

2143 5006 2330 5077 χεῖράς
2364 5024 2463 5077 μου
2500 5006 2627 5078 ὃλην
2653 5008 2752 5079 τὴν
2784 5008 2995 5079 ἡμέραν
3036 5011 3172 5082 πρὸς
3199 5010 3321 5062 λαὸν
3352 5010 3697 5071 ἀπειθοῦντα,

2140 5099 2234 5152 καὶ
2278 5099 2647 5168 ἀντιλέγοντα,
2688 5100 2814 5164 τοὺς
2848 5102 3243 5173 πορευομένους
3285 5102 3388 5171 ὁδῷ
3433 5104 3493 5155 ού
3536 5101 3698 5173 καλῇ,

2138 5189 2253 5241 ἀλλ’
2280 5189 2452 5244 ὀπίσω
2496 5189 2602 5243 τῶν
2649 5191 2929 5262 ἁμαρτιῶν
2981 5192 3175 5246 αὐτῶν.
3216 5192 3271 5244 Ὀ
3310 5191 3435 5255 λαὸς
3476 5188 3628 5255 οὗτος
3670 5194 3698 5245 6

2141 5282 2454 5353 παροξύνων
2494 5300 2558 5354 με
2589 5284 2827 5337 ἐναντίον
2856 5283 2988 5354 ἐμοῦ
3020 5283 3108 5336 διὰ
3131 5284 3327 5347 παντός
3349 5300 3364 5316 ⁸
3408 5286 3563 5340 αὐτοὶ
3608 5285 3697 5338 θυσ-

2144 5371 2414 5437 σιάζουσιν
2464 5373 2521 5428 ἐν
2555 5375 2664 5436 τοῖς
2706 5374 2933 5443 κήποις,
2982 5372 3074 5429 καὶ
3123 5371 3385 5443 θυμιῶσιν
3437 5373 3539 5427 ἐπὶ.
3579 5376 3701 5437 ταῖς

1098 5550 1143 5583 ’⁸
1172 5550 1340 5608 Exod.
1373 5567 1564 5621 sui",
1599 5549 1689 5609 20.
1766 5552 1807 5583 ”
1841 5549 1995 5609 Num.
2025 5566 2131 5619 xvt,
2172 5551 2254 5608 l9.
