4108 6204
376 226 471 283 599

1324 214 1821 275 COMMENTARIA
1856 212 1924 269 IN
1956 209 2209 277 lSAlAM.
2246 241 2317 253 -—-
2351 208 2504 266 CAP.
2543 206 2703 263 LXV.

3515 206 3625 264 510

369 346 615 410 πλίνθοις
637 346 752 408 τοῖς
778 340 1091 415 δαιμονίοις,
1116 340 1153 395 ἃ
1178 338 1275 395 οὐκ
1300 340 1468 396 ἐστιν.
1508 358 1527 391 ι
1564 338 1633 393 Et
1675 355 1759 402 τις
1808 336 1946 390 θέλει

2055 333 2255 389 lateres
2287 328 2587 395 daemoniis,
2612 341 2731 397 qua:
2758 339 2863 382 non
2896 331 3046 381 sunt.
3072 342 3092 378 ι
3114 320 3172 379 Si
3200 322 3341 393 quis,
3363 323 3609 378 veritatis

368 438 665 511 φιλαλήθει
696 435 936 507 λογισμῷ
958 434 1058 506 τὴν
1086 435 1385 507 ἐμὴν-ὁρᾷν
1412 431 1839 503 φιλανθρωπίαν,
1870 429 1951 483 εῦ-

371 550 462 603 ροι
509 530 578 586 ἂν
608 528 867 600 φθάνοντά
901 544 968 599 με
999 529 1121 590 ταῖς
1169 526 1508 598 εὐεργεσίαις
1550 524 1643 578 xu)
1676 525 1799 587 τοὺς
1849 540 1951 593 μα-

372 627 520 699 κρὰν
549 622 860 694 ἀφεστῶτας
886 620 985 691 τῆς
1008 620 1149 690 ἐμῆς
1194 618 1469 688 γνώσεως.
1516 617 1723 671 Αὐτίκα
1751 615 1814 687 δὴ
1855 610 1949 669 οῦν

375 720 492 782 τοῖς
534 708 685 778 ἐκτὸς
724 713 1081 785 μηδεπώποτε
1109 709 1417 783 ἐρωτήσασί
1460 726 1526 779 με
1558 705 1775 779 ἐμφανῆ
1816 722 1947 759 κατ-

378 809 583 878 έστησα
632 805 866 877 ἐμαυτὸν
917 804 983 857 δι’
1028 799 1467 873 ὑπερϐάλλουσαν
1506 796 1945 869 φιλανθρωπίαν⁶

382 903 521 956 ὥστε
554 901 649 971 ἤδη
704 899 832 963 τοὺς
873 898 1179 967 ἀλλογενεῖς
1213 896 1305 950 xu)
1334 892 1660 962 ἀλλοφύλους
1686 891 1784 961 τὴν
1810 890 1949 961 ἐμὴν

377 994 573 1063 γνῶσιν
601 988 971 1062 ἀνειληφέναι,
1004 990 1205 1060 καίπερ
1230 988 1393 1059 μηδὲν
1417 988 1497 1049 εἰς
1527 984 1683 1037 τοῦτο
1709 981 1951 1052 συμϐαλ-

374 1086 648 1157 λομένους.
702 1083 871 1154 Ἀλλά
922 1082 1015 1137 xu)
1058 1085 1172 1145 τοῖς
1205 1081 1279 1152 μὴ
1332 1078 1600 1150 ζητήσασι
1652 1075 1750 1147 τὴν
1809 1072 1948 1145 ἐμὴν

370 1178 534 1249 χάριν
566 1177 769 1248 ταύτης
799 1174 1101 1247 μετέδωκα,
1140 1173 1349 1243 φθάσας
1375 1187 1436 1224 τε
1474 1169 1571 1233 τὰς
1605 1168 1805 1238 ἐτέρων
1838 1182 1947 1218 πα-

370 1269 699 1342 ρακλήσεις·
736 1268 865 1337 πρὶν
896 1267 990 1321 xu)
1034 1264 1322 1329 εῦξασθαι,
1367 1263 1496 1334 πρὶν
1546 1259 1638 1313 xu).
1675 1256 1946 1311 ἱκετεῦσαι

368 1360 591 1425 αὐτοὺς,
615 1356 769 1413 εἷπον
789 1374 805 1389 ⁶
852 1358 981 1412 Ἰδοὺ
1012 1356 1262 1428 πάρειμι.

448 1469 469 1502 ι
510 1451 601 1503 Ἐν
630 1451 744 1512 τοῖς
776 1449 1020 1520 μνήμασι
1050 1448 1142 1500 xu)
1174 1448 1231 1500 ἐν
1251 1447 1362 1508 τοῖς
1397 1443 1680 1515 σπηλαίοις
1705 1439 1944 1511 κοιμῶν-

366 1559 462 1597 ται
490 1542 585 1595 διὰ
606 1541 830 1594 ἐνύπνια
866 1541 915 1592 0i
944 1538 1190 1601 ἔσθοντες
1223 1537 1393 1610 κρέας
1431 1535 1599 1600 ῦειον,
1631 1536 1724 1588 xu)
1764 1532 1946 1601 ζωμὸν

370 1624 599 1701 θυσιῶὗ,
633 1631 1023 1706 μεμολυμμένα
1067 1631 1242 1685 πάντα
1288 1629 1355 1684 τά
1422 1628 1591 1700 σκεύη
1638 1626 1833 1680 αὐτῶν.
1878 1626 1941 1678 Οί

367 1729 641 1798 λέγοντες,
671 1718 866 1796 Πόρρω
898 1724 993 1777 ἀπ’
1022 1721 1179 1793 ἐμοῦ,
1210 1721 1283 1792 μὴ
1317 1721 1541 1791 ἐγγίσης
1574 1736 1683 1789 μοι,
1717 1718 1798 1770 ὅτι
1836 1733 1940 1769 κα-

370 1821 539 1893 θαρός
566 1815 701 1890 ἒίμι.
717 1812 882 1879 Οὗτος
902 1815 1107 1878 καπνὸς
1130 1814 1224 1887 τοῦ
1257 1811 1427 1883 θυμοῦ
1449 1828 1566 1883 μου.
1584 1810 1701 1879 Πῦρ
1727 1808 1939 1861 καίεται

368 1917 433 1969 ἐν
466 1912 615 1985 αὐτῷ
670 1912 849 1974 πάσας
885 1908 985 1973 τάς
1038 1907 1269 1978 ἡμέρας.
1319 1905 1449 1958 Ἰδοὺ
1499 1904 1803 1974 γέγραπται
1852 1902 1939 1953 ἐν-

366 2001 567 2059 ώπιόν’
589 2018 711 2073 μου·
747 1999 821 2055 Οὐ
871 1999 1132 2069 σιωπήσω
1170 1998 1273 2060 ἐως
1311 1996 1377 2050 ἂν
1415 1993 1676 2048 ἀποδώσω
1723 1994 1801 2055 εἰς
1849 1990 1940 2044 τὸν

368 2095 574 2151 κόλπον
605 2092 780 2148 αὐτῶν
805 2091 901 2156 τὰς
929 2088 1203 2161 ἁμαρτίας
1232 2088 1412 2142 αὐτῶν
1430 2086 1523 2140 xu)
1551 2085 1658 2138 τῶν
1689 2082 1939 2154 πατέρων

369 2189 572 2252 αὐτῶν,
619 2184 765 2255 λέγει
798 2183 1024 2254 Κύριος.
1073 2182 1135 2236 Οἳ
1166 2180 1466 2252 ἐθυμίασαν
1492 2178 1584 2231 ἐπὶ
1614 2176 1722 2231 τῶν
1771 2177 1939 2248 ὀρέων

368 2281 469 2335 xu)
501 2280 592 2333 ἐπὶ
616 2278 723 2332 τῶν
754 2275 954 2348 βουνῶν
989 2274 1270 2328 ὠνείδισάν
1300 2290 1388 2343 με,
1422 2268 1683 2325 ἀποδώσω
1711 2268 1779 2321 τὰ
1802 2267 1938 2340 ἔργα

368 2372 550 2427 αὐτῶν
590 2372 669 2434 εἰς
712 2370 803 2423 τὸν
840 2368 1037 2422 κόλπον
1070 2366 1268 2421 αὐτῶν.
1300 2364 1487 2427 Οὕτως
1528 2363 1675 2431 λέγει
1712 2360 1933 2432 Κύριος⁵

371 2465 476 2519 Ὃν
502 2463 701 2536 τρόπον
734 2460 1086 2533 εὑρεθήσεται
1127 2458 1155 2510 ὁ
1195 2457 1306 2531 ῥὼξ
1359 2458 1416 2509 ἐν
1462 2455 1539 2527 τῷ
1594 2454 1797 2526 βότρυῖ,
1843 2452 1939 2506 xu).

369 2555 589 2627 ἐροῦσι·
616 2555 707 2624 Μὴ
732 2552 945 2626 λυμήνῃ
963 2551 1143 2616 αὑτὸν,
1161 2552 1242 2604 ὅτι
1269 2547 1484 2617 εὐλογία
1505 2547 1652 2600 ἐστὶν
1682 2549 1739 2599 ἐν
1767 2545 1933 2616 αὐτῷ·

370 2650 544 2713 οὕτως
573 2648 783 2717 ποιήσω
806 2647 988 2699 ἐνεκεν
1014 2644 1106 2697 τοῦ
1144 2641 1483 2703 δουλεύοντάς
1512 2656 1619 2710 μοι,
1664 2658 1680 2690 ι
1721 2637 1858 2691 Ἀλλ’
1889 2636 1943 2689 εί

371 2741 477 2798 πού
510 2758 591 2805 τις
638 2739 788 2802 ἐντὸς
830 2738 1008 2792 αὐτῶν
1051 2734 1322 2807 εὑρεθείη,
1368 2733 1442 2796 ὡς
1490 2732 1546 2784 ἐν
1582 2730 1766 2801 βότρυῖ
1801 2726 1938 2800 ξηρᾷ

371 2833 532 2905 ὑγιὴς
578 2832 669 2885 xu)
709 2829 1020 2902 ἐρρωμένος
1061 2827 1190 2898 ῥὼξ,
1215 2827 1276 2879 ού
1300 2826 1634 2878 διαπεσεῖται
1659 2822 1788 2893 παρ’
1817 2822 1937 2892 ἐμοὶ

369 2925 451 2996 τῷ
484 2927 665 2995 κριτῇ,
694 2922 816 2976 ούδέ
845 2919 1222 2974 συναπολεϊται
1264 2920 1375 2980 τοῖς
1410 2914 1816 2986 ἀπολλυμένοις,
1848 2911 1934 2965 διά

371 3014 435 3070 τὸ
470 3013 711 3086 μετέχειν
732 3011 895 3065 αὑτὸν
919 3010 1182 3078 εὐλογίας.
1221 3006 1375 3060 Οῦτω
1397 3006 1454 3059 δὲ

372 3122 464 3168 τος
494 3105 671 3174 τίμιος
710 3102 839 3173 παρ’
872 3100 1022 3172 ἐμοὶ,
1052 3100 1160 3170 ὅσῳ
1198 3099 1291 3152 xu)
1327 3096 1566 3158 σπάνιος.
1603 3094 1761 3149 Κατὰ
1785 3093 1942 3147 τοῦτο

369 3195 431 3250 δὲ
463 3196 523 3249 τὸ
553 3193 901 3266 παράδειγμα
918 3191 1010 3246 καὶ
1040 3192 1132 3244 ἐπὶ
1150 3188 1243 3242 τοῦ
1273 3186 1472 3249 παντὸς
1500 3185 1685 3249 ἔθνους
1713 3185 1942 3255 ποιήσω,

372 3290 532 3360 εἰπερ
578 3303 661 3351 τις
709 3285 956 3358 εὑρεθείη
994 3284 1086 3336 xu)
1130 3283 1186 3334 ἐν
1222 3278 1430 3342 τούτοις
1469 3276 1738 3349 σωτηρίας
1773 3275 1943 3341 ἄξιος.

454 3399 472 3431 ι
503 3378 707 3432 Τούτου
732 3378 916 3431 ἕνεκεν
950 3376 1009 3428 ού
1038 3375 1111 3446 μὴ
1142 3370 1390 3426 ἀπολέσω
1410 3370 1639 3435 πάντας,
1659 3368 1752 3422 xu)
1774 3366 1946 3435 ἐξάξω

371 3471 437 3525 τὸ
464 3468 525 3535 ἐξ
567 3468 760 3523 Ἰακὼϐ
794 3466 1014 3538 σπέρμα
1047 3466 1140 3519 xu)
1159 3464 1217 3531 ἐξ
1262 3463 1457 3516 Ἰούδα·
1494 3461 1589 3515 xu)
1612 3458 1948 3530 κληρονομή-

376 3580 463 3616 σει
496 3561 556 3614 τὸ
600 3562 725 3633 ὅρος
766 3560 827 3613 τὸ
860 3559 1012 3627 ἅγιόν
1045 3572 1178 3628 μου·
1210 3556 1303 3609 xu)
1354 3554 1850 3625 κληρονομήσουσιν
1896 3551 1945 3603 οἱ

374 3653 624 3707 ἐκλεκτοί
669 3670 771 3723 μου
820 3651 913 3703 xu)
950 3650 999 3701 οί
1032 3647 1209 3702 δοῦλοί
1250 3664 1373 3717 μου,
1400 3645 1495 3699 καὶ
1531 3643 1946 3713 κατοικήσουσιν

374 3748 514 3801 ἐκεῖ.
557 3768 574 3799 ι
613 3747 686 3799 Τὸ
723 3744 925 3815 ἀγαθὸν
974 3744 1069 3796 xu)
1116 3741 1339 3795 σπάνιον
1390 3740 1643 3809 σπέρμα,
1679 3734 1876 3806 δηλαδὴ
1919 3736 1948 3787 ό

374 3838 735 3902 ἀποστολικὸς
778 3837 933 3908 χορὸς
985 3834 1079 3888 τοῦ
1133 3832 1369 3905 πλήθους
1414 3830 1521 3884 τῶν
1565 3828 1948 3898 ἀπολλυμένων

373 3930 711 4003 ἀφορισθείς.
744 3930 911 3983 Πάλιν
945 3926 1219 3982 κάνταῦθα
1269 3922 1557 3986 ἐκλεκτοὺς
1592 3922 1684 3975 xu)
1734 3919 1948 3982 δούλους

372 4022 544 4080 αὐτοῦ
580 4024 705 4086 τοὺς
745 4021 1073 4083 ἀποστόλους
1108 4016 1382 4088 σημαίνει,
1432 4015 1626 4077 οἵτινες
1664 4012 1739 4075 ὡς
1777 4010 1950 4082 ῥῶγες

374 4116 667 4188 εῦρηνταιο
710 4113 803 4177 οὓς
828 4114 919 4167 xu)
944 4111 1302 4181 ἐκλεξάμενος
1328 4105 1715 4179 περιφυλάττει
1748 4105 1811 4156 ἐκ
1843 4102 1952 4156 τῶν

374 4209 605 4279 ἐτέρων,
641 4207 735 4261 καὶ
770 4205 991 4277 σπέρμα
1014 4204 1165 4271 ἅγιον
1196 4201 1289 4254 xu)
1320 4197 1570 4253 ἐκλεκτὸν
1594 4196 1894 4267 ὠνόμασεν.

455 4316 476 4349 ι
507 4298 616 4350 Ku)
646 4296 856 4350 ἔσονται
884 4297 941 4348 ἐν
961 4293 1040 4364 τῷ
1065 4291 1253 4364 δρυμῷ
1276 4288 1530 4352 ἐπαύλεις
1553 4286 1836 4358 ποιμνίων,
1857 4286 1951 4340 xu)

375 4388 601 4463 φάραγξ
643 4375 819 4458 Ἀᾑὼρ
847 4388 926 4449 είς
944 4385 1247 4440 ἀνάπαυσιν
1275 4378 1562 4453 βουκολίων

375 4483 432 4536 οἶ
488 4480 759 4553 ἐζήτησάν
795 4496 881 4550 με.
907 4496 926 4530 ι
970 4474 1186 4548 Δρυμὸν
1232 4474 1289 4528 δὲ
1336 4471 1524 4526 εἴωθεν
1573 4472 1607 4542 ἡ
1651 4468 1841 4543 Γραφὴ
1886 4469 1949 4523 τὸ

376 4573 592 4645 πλῆθος
616 4574 721 4626 τῶν
747 4570 1058 4641 ἀλλοφύλων
1079 4569 1264 4623 καλεῖν
1291 4566 1386 4620 xu)
1424 4563 1724 4633 ἀλλογενῶν
1746 4562 1913 4616 ἐθνῶν
1932 4578 1946 4592 ·

378 4669 441 4721 ἐν
466 4662 548 4730 οἷς
583 4665 834 4728 ἐπαύλεις
873 4662 1137 4733 ποιμνίων
1163 4658 1377 4713 ἔσεσθαι
1406 4656 1686 4721 θεσπίζει,
1728 4653 1825 4719 τάς
1858 4656 1951 4708 ἐκ-

378 4758 611 4829 κλησίας
636 4757 744 4811 τῶν
770 4755 864 4809 τοῦ
911 4753 1044 4807 Θεοῦ
1074 4751 1357 4826 προϐάτων
1391 4749 1776 4819 αἰνιττόμενος.
1810 4746 1952 4809 Λαὸς

378 4853 440 4906 δὲ
460 4854 490 4905 ό
521 4850 825 4921 ἐκζητήσας
844 4847 1003 4901 αὐτὸν
1028 4847 1056 4899 ὁ
1088 4845 1197 4918 ρὼξ
1223 4839 1290 4915 ἦν
1321 4842 1416 4896 xu)
1446 4842 1508 4894 τὸ
1522 4840 1777 4911 ἀνωτέρω
1801 4840 1953 4911 εἰρηο⁶

387 4943 549 5015 μένον
585 4940 805 5012 σπέρμα
843 4939 892 4991 οἱ
943 4937 1187 4991 ἐκλεκτοὶ
1226 4934 1434 4989 δοῦλοι·
1479 4932 1545 4985 δι’
1576 4924 1650 4985 ὧν
1701 4930 1956 5000 βουκόλια

386 5032 526 5104 βοῶν
569 5032 664 5087 xu)
714 5030 937 5100 ποίμνια
978 5025 1344 5099 συστήσασθαι
1377 5025 1476 5078 οὐκ
1506 5025 1561 5076 ἐν
1604 5019 1682 5092 τῷ
1722 5018 1956 5091 Ἰσραὴλ,

385 5126 507 5180 οὐδὲ
528 5128 586 5178 ἐν
615 5127 680 5196 τῇ
722 5121 989 5177 Ἰουδαίων
1013 5119 1185 5191 χώρᾳ,
1212 5117 1346 5172 ἀλλὰ
1378 5119 1434 5171 ἐν
1462 5115 1540 5185 τῷ
1567 5113 1756 5187 δρυμῷ
1782 5114 1875 5167 xu)
1896 5113 1955 5166 ἐν

336 5282 340 5286 ι
385 5221 455 5290 τῇ
487 5216 736 5291 λεχθείσῃ
770 5216 1013 5286 φάραγγι
1057 5210 1233 5283 Ἀχὼρ
1256 5207 1604 5282 προφητεύει.

338 5314 347 5371 l
468 5328 487 5361 ι
532 5308 717 5380 Ὑμεῖς
763 5306 819 5359 δὲ
855 5307 905 5358 οἱ
938 5302 1391 5373 ἐγκαταλιπόντες
1428 5318 1516 5373 με,
1547 5300 1641 5353 καὶ
1673 5295 1958 5352 ἐπιλανθα-

387 5403 603 5473 νόμενοι
635 5402 695 5453 τὸ
729 5400 851 5471 ὅρος
883 5398 942 5452 τὸ
980 5396 1132 5466 ἅγιόν
1168 5412 1298 5466 μου,
1346 5392 1438 5447 καὶ
1474 5391 1848 5463 ἐτοιμάζοντες
1880 5388 1957 5459 τῷ

388 5494 652 5567 δαιμονίῳ
703 5491 1019 5565 τράπεζαν,
1072 5489 1168 5544 xu)
1220 5485 1547 5557 πληροῦντες
1588 5486 1653 5556 τῇ
1693 5483 1831 5554 τύχῃ
1869 5481 1959 5535 κέ-

2053 425 2231 481 studio
2255 432 2453 489 motus,
2490 435 2665 474 meam
2695 433 2821 490 erga
2846 416 3092 472 homines
3121 414 3459 470 clementiam
3495 428 3623 483 per-

2052 516 2285 586 pendere
2325 513 2474 581 velit,
2503 515 2548 568 is
2577 510 2816 567 inveniet
2844 526 2929 565 me
2963 524 3173 580 semper
3208 509 3290 564 vel
3318 523 3434 575 eos,
3459 508 3548 577 qui
3585 522 3617 561 a

2050 607 2354 675 cognitione
2383 620 2502 659 mea
2532 602 2719 686 procul
2748 603 2936 658 remoti
2965 610 3145 666 erant,
3170 599 3446 655 beneficiis
3474 613 3620 666 pra:-

2050 698 2283 753 venisse.
2335 697 2403 751 Et
2449 711 2577 751 vero
2608 696 2902 761 extraneis,
2956 694 3048 761 qui
3084 709 3169 748 me
3222 705 3493 761 nunquam
3536 689 3621 743 in-

2052 796 2464 856 terrogaveram
2500 827 2517 851 ,
2574 786 2642 840 ob
2696 784 2803 838 vim
2865 783 3091 839 affectus
3148 781 3275 847 mei,
3330 778 3621 834 manifeste

2049 879 2293 946 appariti,
2332 879 2403 931 ita
2430 886 2486 931 ut
2521 877 2635 945 jam
2681 877 2998 946 alienigenae
3050 884 3105 929 et
3136 872 3405 944 peregrini
3440 873 3619 938 cogni-

2050 971 2248 1025 tionem
2286 969 2387 1024 mei
2439 968 2676 1023 assecuti
2718 968 2867 1036 sint;
2906 968 3004 1023 etsi
3036 966 3111 1021 illi
3141 964 3338 1019 nullam
3393 977 3617 1032 operam

2048 1079 2110 1118 ea
2140 1063 2192 1116 in
2227 1077 2284 1116 re
2312 1061 2577 1116 dederint.
2608 1060 2720 1115 lmo
2748 1060 2908 1114 etiam
2948 1060 3037 1124 iis,
3062 1059 3150 1127 qui
3184 1057 3409 1127 gratiam
3438 1069 3615 1110 meam

2049 1169 2157 1209 non
2214 1153 2551 1221 quaerebant,
2588 1167 2778 1221 preces
2813 1165 3005 1205 eorum
3058 1156 3386 1218 praevertens
3441 1146 3611 1216 ipsam

2050 1242 2247 1298 tradidi
2282 1260 2295 1296 :
2333 1242 2646 1312 priusquam
2681 1248 2954 1311 rogarent,
2996 1239 3312 1310 priusquam
3343 1235 3612 1307 supplicao

2048 1343 2190 1397 rent,
2219 1334 2353 1397 dixi,
2377 1333 2517 1387 Ecce
2551 1334 2761 1385 adsum.

2120 1426 2279 1480 Vens.
2311 1425 2427 1479 4-8.
2450 1444 2468 1475 ‹
2495 1425 2550 1478 In
2587 1425 2849 1495 sepulcris
2870 1433 2924 1479 et
2956 1424 3008 1479 in
3043 1423 3317 1495 speluncis
3340 1420 3616 1477 dormiunt

2047 1525 2265 1585 propter
2289 1516 2524 1579 somnia,
2566 1516 2653 1584 qui
2704 1515 2993 1570 comedunt
3030 1530 3246 1569 carnem
3295 1513 3527 1577 suillam,
3560 1520 3616 1567 et

2042 1609 2131 1677 jus
2174 1607 2493 1670 hosriarum,
2531 1605 2756 1675 profana
2799 1621 2924 1659 vasa
2953 1605 3134 1660 omnia
3179 1620 3385 1660 eorum.
3416 1603 3616 1671 Quidi-

1977 1676 2019 1730 Β
2047 1676 2192 1764 cunt,
2229 1700 2411 1768 Longe
2445 1714 2473 1751 a
2507 1713 2610 1761 me,
2640 1712 2708 1750 ne
2734 1696 3135 1766 appropinques
3170 1695 3328 1762 mihi,
3356 1694 3612 1764 quoniam

2044 1793 2271 1846 mundus
2294 1806 2435 1845 sum.
2460 1789 2565 1844 Iste
2595 1798 2678 1843 est
2707 1788 2881 1842 fumus
2917 1788 3115 1842 furoris
3142 1787 3267 1842 mei.
3295 1786 3438 1857 Ignis
3461 1787 3615 1840 ardet

2043 1882 2096 1936 in
2128 1895 2191 1936 eo
2218 1881 2432 1935 cunctis
2452 1879 2659 1933 diebus.
2689 1878 2827 1932 Ecce
2844 1878 3100 1946 scriptum
3131 1887 3211 1931 est
3245 1878 3295 1930 in
3320 1887 3613 1946 conspectu

2042 1989 2203 2029 meo:
2241 1970 2353 2028 Non
2397 1973 2583 2027 tacebo
2646 1972 2819 2026 donec
2849 1970 3068 2025 reddam
3123 1969 3176 2023 in
3203 1970 3375 2023 sinum
3421 1984 3610 2023 eorum

2040 2075 2262 2136 peccata
2296 2065 2532 2135 ipsorum
2564 2072 2620 2118 et
2662 2070 2874 2133 patrum
2903 2076 3149 2125 suorum,
3177 2061 3305 2115 dicit
3330 2060 3609 2115 Dominus.

2040 2156 2141 2224 Qui
2170 2155 2521 2211 adoleverunt
2546 2154 2825 2209 incensum
2876 2166 3034 2222 supra
3083 2162 3295 2206 montes
3352 2161 3406 2205 et
3449 2166 3611 2222 supra

2039 2248 2204 2304 colles
2222 2236 2846 2317 exprobraverun'tmihi,
2868 2243 3158 2297 retribuam
3178 2257 3336 2312 opera
3356 2258 3540 2296 eorum
3556 2243 3612 2299 in

2039 2340 2212 2395 sinum
2226 2353 2432 2395 eorum.
2450 2338 2541 2392 Sic
2553 2336 2979 2392 dicitDominus:
2997 2334 3449 2400 Quemadmodum
3464 2334 3618 2389 inve-

2040 2433 2216 2487 nietur
2233 2431 2416 2485 acinus
2432 2429 2483 2485 in
2515 2430 2689 2492 botro,
2707 2428 2951 2482 etdicent
2969 2444 2983 2480 :
3004 2424 3081 2480 Ne
3091 2425 3282 2492 perdas
3298 2425 3465 2489 illum,
3487 2426 3612 2493 quia

2038 2523 2343 2580 benedictio
2368 2530 2450 2577 est
2478 2522 2532 2575 in
2555 2520 2646 2575 illo
2682 2537 2700 2583 ς
2728 2519 2805 2573 sic
2828 2517 3017 2572 faciam
3044 2529 3261 2586 propter
3283 2517 3609 2571 servientem

2040 2613 2193 2667 milii.
2227 2631 2245 2663 ι
2285 2611 2390 2666 Sed
2433 2610 2477 2664 si
2510 2609 2631 2678 quis
2691 2608 2831 2660 inter
2876 2622 2971 2661 eos
3010 2606 3335 2675 reperiatur,
3373 2606 3512 2659 sicut
3556 2605 3609 2658 in

2036 2707 2197 2760 botro
2222 2703 2393 2765 arida,
2413 2716 2579 2757 sanus
2606 2697 2927 2766 vividusque
2945 2697 3154 2761 acinus,
3180 2710 3282 2750 non
3301 2696 3456 2749 cadet
3471 2694 3610 2763 apud

2038 2812 2124 2853 me
2155 2795 2410 2867 iudicem,
2463 2808 2641 2863 neque
2676 2807 2797 2847 cum
2840 2789 3194 2861 pereuntibus
3231 2787 3447 2857 peribit,
3483 2785 3611 2854 quia

2042 2888 2437 2946 benedictionis
2473 2885 2751 2956 particeps
2774 2892 2877 2938 est.
2903 2880 3076 2935 Tanto
3103 2887 3280 2933 autem
3323 2876 3612 2948 pretiosior

1486 2969 1635 3059 έσταί
1658 3005 1686 3057 ό
1850 2996 1940 3057 οῦ-

2046 2984 2187 3055 apud
2221 2996 2308 3039 me
2333 2980 2439 3037 erit
2473 2980 2561 3034 hic
2601 2978 2811 3042 acinus,
2857 2984 3061 3046 quanto
3108 2973 3306 3027 rarior.
3346 2972 3427 3025 Ad
3466 2969 3615 3024 hunc

2043 3077 2201 3148 plane
2215 3073 2430 3131 modum
2461 3082 2516 3128 et
2541 3072 2770 3127 formam
2801 3083 2920 3123 cum
2949 3075 3104 3135 gente
3133 3073 3245 3120 tota
3276 3077 3389 3119 rem
3428 3075 3607 3131 agam,

2044 3169 2093 3224 si
2125 3168 2247 3240 quis
2267 3181 2435 3238 penes
2461 3164 2584 3220 illos
2605 3161 2906 3233 reperiatur
2931 3159 3105 3214 salute
3126 3156 3333 3226 dignus.

2114 3348 2278 3404 Vens.
2304 3347 2357 3401 9.
2382 3364 2403 3398 ι
2432 3343 2555 3399 Ideo
2585 3357 2690 3397 non
2730 3338 2952 3409 perdam
2988 3350 3196 3401 omnes,
3222 3342 3278 3387 et
3298 3332 3522 3387 educam
3542 3327 3612 3383 de

2043 3441 2209 3496 Jacob
2231 3453 2434 3500 semen,
2456 3444 2509 3490 et
2534 3435 2598 3487 de
2618 3433 2751 3488 Juda
2775 3449 2789 3485 ε
2809 3440 2863 3486 et
2898 3428 3195 3499 possidebit
3218 3434 3452 3479 montem
3478 3436 3611 3475 san-

2045 3543 2190 3588 ctum
2213 3544 2388 3584 meum
2413 3544 2427 3580 :
2456 3536 2508 3582 et
2530 3524 2923 3581 haereditabunt
2942 3520 3096 3577 electi
3119 3518 3223 3573 mei
3244 3525 3298 3570 et
3319 3514 3460 3570 servi
3483 3511 3612 3575 mei,

2046 3634 2099 3678 et
2125 3618 2443 3678 habitabunt
2474 3617 2568 3671 ibi.
2600 3633 2618 3667 ι
2639 3614 2842 3668 Bonum
2868 3622 2922 3665 et
2955 3622 3133 3663 rarum
3169 3620 3376 3666 semen,
3416 3602 3610 3655 videli-

2047 3726 2132 3771 cet
2173 3712 2501 3784 apostolicus
2530 3696 2764 3772 chorus,
2811 3719 2841 3758 a
2885 3700 3231 3773 pereuntium
3270 3693 3615 3752 multitudine

2049 3814 2441 3879 sequestratus.
2458 3802 2555 3856 llic
2579 3817 2638 3855 ru
2649 3814 2790 3854 rsum
2817 3797 3018 3853 electos
3041 3802 3094 3849 et
3112 3804 3298 3848 servos
3324 3802 3451 3843 suos
3474 3799 3605 3855 apo-

2050 3878 2216 3959 stolos
2238 3907 2419 3965 vocat,
2452 3895 2542 3966 qui
2570 3893 2716 3948 velut
2738 3890 2878 3946 acini
2904 3886 3104 3956 reperti
3134 3891 3285 3947 sunt,
3316 3894 3453 3951 quos
3480 3878 3609 3932 item

2049 3997 2118 4051 ab
2139 4009 2197 4049 se
2219 3992 2419 4048 electos
2436 4005 2502 4044 ex
2531 3987 2652 4042 aliis
2674 3982 2930 4049 servavit,
2962 3988 3020 4036 et
3056 3991 3242 4034 semen
3280 3982 3524 4029 sanctum
3556 3976 3614 4024 et

2050 4089 2279 4145 electum
2321 4082 2553 4139 vocavit.

2120 4266 2287 4322 Vens.
2325 4264 2406 4318 ll).
2441 4279 2461 4313 ι
2503 4261 2571 4316 Et
2612 4265 2769 4329 erunt
2804 4256 2854 4310 in
2884 4252 3021 4308 saltu
3067 4248 3235 4307 caulae
3274 4255 3519 4315 gregum,
3556 4244 3613 4291 et

1583 4336 1946 4448 suis;

2057 4361 2212 4416 vallis
2244 4357 2423 4413 Achor
2461 4356 2511 4408 in
2556 4349 2795 4420 requiem
2835 4338 3205 4401 armentorum
3245 4336 3442 4408 pOpulo
3470 4345 3619 4395 meo,

2056 4456 2146 4528 qui
2172 4451 2497 4525 quaesierunt
2522 4460 2626 4500 me.
2659 4463 2676 4495 ι
2698 4442 2850 4497 Solet
2878 4439 3159 4507 Scriptura
3196 4430 3617 4498 alienigenarum

2057 4523 2113 4604 et
2141 4523 2520 4603 extranearum
2544 4536 2779 4610 gentium
2810 4530 3209 4589 multitudinem
3233 4523 3429 4580 saltum
3455 4531 3618 4572 voca-

2058 4656 2137 4705 re,
2174 4641 2225 4695 in
2258 4636 2452 4708 quibus
2492 4632 2676 4687 caulas
2710 4643 2930 4701 gregum
2980 4624 3094 4677 fore
3142 4617 3490 4675 vaticinatur,
3523 4606 3621 4662 Dei

2046 4734 2229 4796 ovium
2271 4705 2527 4786 ecclesias
2575 4723 2942 4779 subindicans.
2983 4713 3218 4783 Populus
3251 4724 3379 4764 vero
3407 4705 3498 4776 qui
3527 4716 3623 4756 cx-

2052 4827 2273 4903 quisivit
2294 4837 2441 4885 eum,
2468 4819 2657 4874 acinus
2676 4822 2816 4879 erat,
2856 4821 2910 4867 et
2935 4823 3116 4865 semen
3150 4802 3397 4874 superius
3419 4810 3626 4853 memo—

2057 4892 2231 4978 ratum
2257 4957 2271 4982 ,
2306 4913 2463 4969 electi
2516 4911 2633 4981 ejus
2671 4907 2899 4962 famuli:
2933 4917 3163 4974 quorum
3214 4914 3376 4970 opera
3438 4892 3624 4950 caulas

2054 5015 2216 5069 boum
2255 5017 2307 5061 et
2347 5005 2506 5059 ovilia
2542 5001 2728 5056 nonin
2765 4995 2985 5061 lsraele,
3015 4993 3258 5064 nequein
3291 4989 3495 5051 Judma,
3530 4986 3625 5040 sed

2060 5106 2113 5160 in
2139 5103 2276 5159 saltu
2320 5108 2375 5154 et
2420 5099 2471 5151 in
2518 5102 2813 5149 memorata
2850 5089 2989 5145 valle
3030 5086 3211 5141 Achor
3249 5079 3625 5137 constituenda

2060 5212 2180 5253 esse
2210 5191 2557 5263 prainuntiat.

2130 5289 2296 5344 Vens.
2335 5286 2422 5351 ll,
2459 5282 2547 5338 12.
2577 5299 2595 5333 ‹
2626 5276 2734 5334 Vos
2761 5286 2965 5340 autem,
2994 5272 3086 5343 qui
3114 5267 3480 5340 dereliquistis
3520 5279 3624 5329 me,

2061 5393 2115 5439 et
2140 5380 2291 5437 obliti
2320 5378 2450 5433 estis
2466 5374 2661 5430 montis
2684 5370 2851 5426 sancti
2878 5368 3005 5431 mei,
3029 5365 3117 5436 qni
3144 5363 3345 5435 paratis
3367 5358 3629 5415 daemonio

2066 5491 2328 5541 mensam,
2364 5484 2417 5528 et
2446 5472 2535 5539 qui
2570 5466 2806 5538 impletis
2839 5466 3065 5520 fortuna;
3096 5460 3346 5515 libamen.
3369 5457 3480 5530 Ego
3521 5464 3630 5510 tra-

394 5551 600 5661 ρασμα.
623 5551 781 5654 ’Ἐγώ
808 5551 1112 5654 παραδώσω
1142 5581 1287 5653 ὑμᾶς
1315 5551 1396 5644 είς
1422 5551 1723 5651 μάχαιραν·
1762 5551 1946 5637 πάντες

2069 5574 2190 5628 dam
2234 5584 2329 5623 vos
2376 5566 2429 5619 in
2468 5561 2701 5633 gladium
2748 5578 2760 5614 :
2802 5571 2990 5614 omnes
3033 5555 3084 5609 in
3133 5553 3277 5609 cmde
3320 5551 3626 5606 corruetis:

391 5682 451 5735 ἐν
482 5680 664 5750 σφαγῇ
685 5675 932 5730 πεσεῖαθε
954 5692 968 5705 ’
1003 5676 1084 5729 ὅτι
1120 5674 1351 5729 ἐκάλεσα
1382 5674 1545 5744 ὑμᾶς,
1590 5673 1682 5727 xu)
1702 5670 1798 5741 οὐχ
1831 5669 1961 5737 ὑπη-

2069 5662 2321 5734 qnoniam
2345 5656 2527 5713 vocavi
2556 5668 2669 5722 vos,
2699 5662 2751 5709 et
2775 5669 2878 5710 non
2912 5648 3235 5714 audivistis;
3268 5648 3474 5701 locutus
3490 5654 3629 5706 sum,
