4108 6204
509 213 601 268 5H

1173 208 1443 267 EUSEBII
1482 210 1956 268 CAESARIENSIS
1992 210 2142 268 OPP.
2182 204 2361 264 PARS
2398 206 2485 265 Ill.
2524 238 2594 249 —
2626 205 3036 264 EXEGETICA.

3631 198 3742 261 512

507 341 559 386 et
590 328 1011 401 t’ofitempsistis,
1030 335 1082 382 et
1104 327 1309 384 fecistis
1339 330 1531 384 malum
1550 332 1601 385 in
1616 342 1904 402 conspectu
1929 347 2066 396 meo,

2174 328 2267 383 κού
2276 346 2401 383 σατε
2415 328 2545 400 (42)·
2564 329 2797 400 ἐλάλησα
2812 305 2906 382 κάι
2926 325 3332 400 παρηκούσατε,
3346 322 3709 395 καὶέποιήσατ
3731 346 3738 379 τ

505 435 558 480 et
583 440 702 494 quae
746 424 991 479 nolebam
1025 420 1287 491 elegistis.
1327 441 1345 473 ›
1383 422 1646 489 Quoniam
1690 440 1787 493 ego
1826 426 1939 493 ipse
1976 426 2065 493 qui

505 532 597 573 vos
634 515 919 586 prmsentia
960 528 1077 567 mea
1122 514 1313 583 dignos
1359 514 1557 581 habui,
1609 531 1706 569 vos
1739 515 1947 584 priores
1976 530 2069 584 per

480 610 881 677 ,utemetipsutn
926 606 1134 671 vocavi,
1186 622 1283 661 vos
1325 618 1529 661 autem-
1554 623 1659 662 non
1700 609 2015 664 obedivistis
2052 624 2066 660 :

494 720 663 773 quam
697 702 826 754 item
852 698 1291 754 criminationem
1329 701 1479 769 prius
1510 697 1799 754 ell’erebam
1839 699 1921 754 bis
1952 714 2072 752 ver«

502 797 604 859 bis,
638 814 655 845 ι
700 794 835 860 Quia
866 794 1011 858 veni,
1041 803 1097 848 et
1136 809 1242 848 non
1265 802 1383 849 erat
1414 793 1605 859 homo;
1631 794 1841 860 vocavi,
1883 803 1937 848 et
1966 809 2068 847 non

500 895 618 942 erat
649 888 739 957 qui
784 886 1018 941 audiret.
1052 905 1068 937 ι
1102 885 1337 941 Rursum
1369 886 1422 940 in
1456 886 1707 957 populum
1747 886 1881 940 tales
1905 899 2069 939 accu-

501 977 739 1031 sationes
785 977 1038 1043 instituit,
1075 976 1273 1029 docens
1309 990 1367 1030 se
1389 1013 1405 1039 ,
1446 985 1627 1045 utpote
1658 973 1850 1037 Deum,
1882 975 1974 1042 qui
2005 973 2071 1028 ad

494 1069 720 1136 justitiaa
746 1068 996 1123 trutinam
1024 1068 1202 1122 omnia
1251 1066 1437 1132 faciat,
1475 1081 1748 1136 nunquam
1799 1065 2073 1134 neglectu-

502 1178 622 1216 rum
655 1177 749 1216 cos
787 1175 929 1225 esse,
969 1162 1059 1230 qui
1093 1160 1195 1214 sibi
1227 1160 1420 1230 quovis
1449 1159 1503 1213 in
1546 1158 1667 1213 loco
1715 1157 1976 1222 serviant,
2006 1173 2071 1211 ex

501 1271 829 1327 quacunque
871 1266 1030 1326 gente
1080 1254 1301 1309 fuerint.
1343 1253 1543 1309 Omnes
1579 1254 1811 1323 quippe,
1843 1253 1934 1322 qui
1970 1251 2071 1306 sibi

503 1348 714 1403 servire
754 1355 1084 1417 proponunt,
1121 1344 1293 1400 salute
1323 1345 1506 1399 donat.
1542 1344 1690 1413 Ipsos
1718 1344 1884 1415 igitur
1921 1344 2073 1398 exci-

504 1442 642 1511 piet,
674 1457 738 1495 ae
773 1442 839 1496 iis
878 1440 1153 1496 coelestem
1196 1440 1373 1494 cibum
1409 1437 1798 1509 suppeditabit,
1836 1438 2076 1495 salutare

504 1548 699 1600 nempe
730 1532 989 1596 Verbum,
1026 1530 1168 1601 quod
1192 1530 1288 1596 ait,
1320 1547 1339 1580 ι
1383 1529 1494 1596 Ego
1524 1544 1641 1603 sum
1674 1528 1851 1599 panis,
1884 1527 1973 1598 qui
2008 1528 2075 1583 de

504 1624 643 1680 coelo
674 1625 926 1679 descendi
953 1623 1018 1677 ’⁸.
1052 1642 1069 1675 ι
1107 1622 1173 1676 Ει
1226 1622 1281 1676 bi
1337 1622 1552 1691 quidem
1607 1631 1908 1676 memorato
1939 1636 2076 1689 pane

503 1718 815 1771 nutrientur
842 1725 897 1771 et
921 1716 1344 1779 saturabuntur;
1378 1729 1476 1769 vos
1510 1724 1713 1779 autem,
1761 1714 1956 1782 inquit,
1986 1714 2076 1782 qui

503 1809 735 1880 gratiam
762 1826 933 1864 meam
964 1824 1072 1864 non
1100 1808 1439 1877 suscepistis,
1481 1805 1820 1861 rationabilis
1846 1805 1951 1860 cibi
1981 1819 2076 1875 pe-

503 1902 661 1957 nuria
687 1902 941 1957 esurietis
968 1919 982 1956 :
1013 1901 1250 1970 itemque
1279 1900 1369 1970 qui
1397 1900 1527 1954 mihi
1569 1898 1811 1954 serviunt
1852 1886 2076 1953 intmor-

504 1994 630 2049 talis
688 1995 814 2048 vita:
866 2004 993 2063 potu
1043 1993 1419 2064 replebuntur,
1471 1991 1539 2046 de
1580 2006 1688 2060 quo
1733 1990 1937 2046 dictum
1968 1999 2073 2055 est,

508 2105 528 2138 ι
571 2086 891 2155 Quicunque
928 2086 1127 2140 biberit
1162 2101 1230 2139 ex
1269 2100 1408 2152 aqua
1451 2099 1614 2154 quam
1655 2098 1755 2149 ego
1798 2084 1934 2138 dabo
1983 2084 2031 2137 ei
2057 2123 2072 2147 ,

503 2176 599 2233 ﬁet
633 2179 686 2232 in
713 2193 777 2234 eo
804 2178 922 2232 l‘ons
950 2193 1101 2248 aquae
1127 2178 1375 2233 salientis
1402 2178 1457 2235 in
1482 2176 1646 2230 vitam
1674 2177 2017 2231 :eternam".
2051 2196 2069 2229 ι

489 2335 497 2380 ί
572 2357 737 2412 Vens.
774 2358 999 2414 1545.:
1033 2358 1323 2430 Propterea
1343 2359 1458 2413 haec
1483 2358 1615 2414 dicit
1640 2358 1919 2424 Dominus,
1941 2358 2078 2412 Ecce

503 2448 594 2518 qui
625 2450 866 2504 serviunt
894 2451 1027 2505 mihi
1073 2452 1393 2518 comedent;
1423 2466 1520 2506 vos
1564 2460 1744 2506 autem
1771 2453 2025 2507 esurietis
2058 2467 2072 2503 :

502 2559 629 2600 ecce
646 2546 736 2615 qui
755 2546 997 2600 serviunt
1016 2547 1148 2601 mibi
1164 2545 1374 2611 bibent,
1389 2560 1485 2601 vos
1503 2556 1680 2601 autem
1702 2545 1901 2601 sitietis
1920 2558 2077 2601 :ecce

502 2639 594 2708 qui
637 2638 886 2693 serviunt
917 2639 1047 2693 mihi
1084 2638 1430 2704 lzetabuntur,
1454 2653 1549 2692 vos
1565 2647 1744 2693 autem
1781 2637 2077 2694 confunde-

504 2731 638 2785 tnini
671 2747 686 2783 :
726 2746 853 2786 ecce
876 2732 968 2805 qui
998 2731 1240 2787 serviunt
1261 2731 1392 2786 mihi
1418 2731 1768 2787 exsultabunt
1791 2732 1844 2786 in
1872 2730 2074 2796 laetitia,

502 2836 600 2876 vos
623 2829 803 2876 autem
828 2822 1133 2877 clamabitis
1159 2833 1380 2893 propter
1411 2822 1651 2877 dolorem
1681 2810 1863 2878 cordis
1888 2822 2073 2890 vestri,

504 2923 601 2967 eta
625 2915 951 2969 contritione
977 2915 1201 2984 Spiritus
1221 2915 1391 2970 vestri
1423 2915 1716 2972 ululabilis.
1739 2916 2075 2987 Relinquetis

505 3005 649 3071 enim
687 3020 881 3060 nomen
914 3015 1154 3060 vestrum
1184 3007 1235 3060 in
1281 3007 1625 3062 saturitatem
1671 3008 1859 3063 electis
1896 3010 2070 3077 meis;
2102 3037 2142 3096 ο

503 3108 600 3147 vos
631 3103 812 3148 autem
868 3095 1159 3151 interﬁciet
1206 3095 1514 3153 Dominus:
1563 3099 1927 3154 servientibus
1974 3114 2071 3153 au-

503 3192 614 3238 tem
657 3185 787 3238 mihi
825 3186 1108 3240 vocabitur
1143 3201 1337 3242 nomen
1380 3203 1600 3243 novum.
1642 3208 1660 3242 ι
1701 3189 1857 3257 Quod
1895 3190 1940 3245 si
1971 3206 2071 3246 cu-

503 3272 649 3327 riose
691 3282 911 3343 agentes
939 3274 1183 3330 ediscere
1213 3276 1444 3346 cupiatis
1483 3279 1704 3348 quinam
1739 3279 1870 3333 mibi
1902 3279 2075 3334 servi-

504 3365 609 3418 turi
640 3366 769 3429 sint,
799 3374 854 3421 et
879 3368 1018 3437 quod
1046 3368 1149 3423 illis
1170 3371 1243 3424 sit
1270 3384 1487 3435 nomen.
1520 3373 1714 3428 scitote
1741 3374 1907 3429 Deum
1942 3390 2076 3430 non-

505 3458 632 3511 dum
660 3458 897 3529 ipsorum
925 3475 1119 3516 nomen
1147 3460 1327 3531 palam
1367 3460 1561 3519 eﬂerre
1593 3464 1753 3532 velle,
1786 3467 1879 3521 sed
1909 3465 1961 3519 id
1992 3481 2075 3522 so-

504 3548 779 3606 lummodo
827 3551 1160 3621 signiﬁcare,
1207 3554 1349 3623 quod
1401 3569 1582 3624 neque
1629 3556 1798 3611 Israel
1846 3558 2073 3613 vocandi

504 3642 632 3705 sint,
714 3658 889 3713 neque
955 3643 1166 3711 Jacob,
1222 3660 1396 3713 neque
1455 3645 1667 3712 Judtei,
1714 3664 1889 3719 neque
1970 3650 2075 3705 alio

501 3727 754 3797 quopiam
791 3730 1126 3798 {hominibus
1190 3743 1317 3787 noto
1363 3734 1643 3789 vocabulo.
1675 3735 1881 3792 Novum
1929 3740 2074 3793 enim

502 3821 771 3887 quoddam
793 3836 856 3874 ac
879 3823 1312 3877 recentissimum
1334 3840 1528 3880 nomen
1560 3827 1901 3897 imponetur;
1930 3830 2079 3886 illud-

502 3922 609 3975 que
634 3907 891 3973 insolens,
924 3924 988 3963 ac
1027 3926 1299 3981 nunquam
1342 3911 1476 3966 alias
1507 3914 1775 3980 auditum,
1808 3916 1952 3985 quod
1982 3917 2078 3972 be-

502 3996 783 4052 nedicetur
819 3999 871 4053 in
907 4011 1072 4066 terra,
1094 4012 1368 4059 accrescet
1394 4005 1542 4073 item,
1565 4016 1620 4062 et
1640 4006 2078 4078 multiplicabitur

500 4102 610 4157 pra:
637 4090 782 4144 omni
822 4093 1089 4161 corporali
1137 4093 1528 4152 benedictione.
1572 4098 1705 4153 Nam
1740 4100 1783 4155 si
1832 4117 1935 4171 qua
1974 4102 2076 4155 alia

2167 419 2228 473 τὸ
2278 421 2510 492 πονηρὸν
2540 424 2777 475 ἐναντίον
2808 421 2965 492 ἐμοῦ,
3005 421 3099 474 καὶ
3129 420 3165 475 ἃ
3193 420 3292 473 οὐκ
3334 418 3630 489 ἐϐουλόμην
3654 420 3728 486 es.

2169 511 2442 576 ελέξασθε.
2473 532 2490 565 ι
2512 513 2724 586 Ἐπειδὴ
2742 514 2899 577 αὐτὸς
2922 512 3030 583 ἐγὼ
3057 514 3155 583 τῆς
3186 509 3422 581 ἐμαυτοῦ
3446 511 3735 581 παρουσίας

2170 604 2516 671 καταξιώσας
2550 606 2694 668 ὑμᾶς
2732 606 2926 669 αὐτοὺς
2948 604 3192 677 πρώτους
3223 605 3366 675 ὑμᾶς
3406 603 3472 656 δι’
3507 601 3737 672 ἐμαυτο”

2170 696 2434 768 κέκληκα·
2473 698 2629 768 ὑμεῖς
2662 697 2717 751 δὲ
2743 698 2841 768 οὐχ
2864 696 3205 757 ὑπηκούσατε
3225 713 3237 726 ⁸
3268 697 3349 748 ὅτι
3375 695 3469 748 καὶ
3501 695 3608 765 πρὸ
3629 695 3721 747 τού

2170 807 2265 843 του
2292 790 2540 863 ᾐτιώμην
2574 792 2767 860 λέγων’
2802 810 2819 842 t
2846 791 2987 843 Διότι
3017 785 3197 861 ἦλθον,
3228 790 3319 843 καὶ
3344 789 3442 841 οὐκ
3456 784 3526 859 ἦν
3546 786 3739 858 ἄνθρω

2172 901 2296 948 ποςο
2331 884 2587 950 ἐκάλεσα,
2619 884 2713 937 καὶ
2736 884 2833 936 οὑκ
2856 878 2922 954 ἦν
2954 885 2981 935 ὁ
3010 883 3317 937 ὑπακούων.
3359 902 3377 934 ι
3416 880 3585 935 Πάλιν
3615 881 3745 952 πρὸς

2170 973 2262 1026 τὸν
2302 974 2429 1027 λαὸν
2470 973 2568 1038 τὰς
2604 973 2974 1045 προκειμένας
3006 974 3238 1025 ποιεῖται
3277 970 3631 1042 κατηγορίας,
3668 969 3729 1022 6t-

2170 1064 2407 1129 δάσκων,
2461 1065 2536 1129 ὡς
2579 1064 2925 1137 δικαιοσύνης
2970 1063 3118 1134 ζυγῷ
3147 1064 3324 1118 πάντα
3354 1062 3627 1133 πράττων,
3672 1061 3748 1126 ώς

2172 1153 2326 1217 Θεὸς,
2345 1154 2592 1225 οὐδαμῶς
2623 1154 2721 1224 μὲν
2744 1153 3052 1225 παρόψεται
3077 1155 3203 1216 τοὺς
3224 1154 3345 1206 ὅποι
3369 1152 3567 1222 δήποτε
3598 1151 3746 1221 αὐτῷ

2172 1246 2545 1310 δουλεύοντας,
2590 1244 2649 1311 ἐξ
2687 1246 2800 1299 οἴου
2834 1247 2878 1299 δ’
2908 1245 2975 1300 ἂν
3008 1245 3194 1309 ἐθνους
3226 1240 3353 1298 εἶεν.
3388 1246 3601 1307 Πάντας
3638 1244 3747 1317 γὰρ

2176 1338 2360 1402 ἁπλῶς
2388 1337 2638 1403 διασώζει
2662 1341 2788 1403 τοὺς
2830 1337 3097 1391 δουλεύειν
3135 1338 3282 1409 αὐτῷ
3312 1337 3745 1411 προῃρημένους.

2174 1430 2544 1502 Παραδέξεται
2575 1427 2687 1495 οῦν,
2726 1433 2821 1486 καὶ
2865 1431 3075 1496 τούτοις
3106 1430 3332 1503 παρέξει
3376 1432 3474 1503 τὴν
3514 1432 3747 1504 ἐπουράν

2175 1542 2286 1580 νιον
2318 1525 2545 1596 τροφὴν,
2580 1524 2671 1578 τὸν
2695 1525 2869 1594 Λόγον
2902 1525 2999 1579 τὸν
3039 1518 3305 1597 σωτήριον
3334 1525 3425 1578 τὸν
3458 1527 3745 1601 εἰρηκότα’

2182 1640 2201 1673 t
2244 1620 2385 1691 Ἐγώ
2425 1624 2540 1691 είμι
2583 1621 2611 1673 ὁ
2653 1621 2817 1692 ἄρτος
2862 1622 2889 1675 ὁ
2933 1623 2997 1674 ἐκ
3034 1620 3126 1675 τοῦ
3156 1620 3383 1693 οὐρανοῦ
3414 1621 3678 1685 καταϐάς.
3723 1641 3743 1674 ι

2177 1702 2335 1764 Οὗτοι
2382 1710 2479 1782 μὲν
2525 1705 2617 1764 οῦν
2661 1710 2737 1781 τῷ
2782 1710 3024 1782 λεχθέντι
3057 1713 3205 1784 ἄρτῳ
3247 1712 3614 1785 τραφήσονται
3654 1712 3749 1765 καὶ

2177 1803 2667 1876 ἐμπλησθήσονται’
2687 1804 2843 1874 ὑμεῖς
2862 1803 2939 1867 δὲ,
2958 1805 3109 1873 φησὶ,
3127 1805 3176 1856 οἱ
3200 1803 3274 1874 μὴ
3290 1804 3386 1876 τὴν
3403 1804 3541 1875 ἐμὴν
3560 1804 3749 1857 ὑποδε-

2177 1895 2402 1968 ξάμενοι
2428 1898 2610 1970 χάριν,
2639 1897 2816 1969 ἐνδείᾳ
2847 1897 3071 1967 λογικῆς
3093 1897 3298 1968 τροφῆς
3320 1896 3583 1968 λιμώξετε
3602 1912 3617 1927 ³
3654 1897 3750 1951 καὶ

2176 1990 2342 2043 πάλιν
2366 1993 2413 2043 οί
2448 1990 2547 2060 μὲν
2582 1990 2705 2061 ἐμοὶ
2733 1989 3072 2053 δουλεύοντες
3106 1989 3267 2043 πότου
3300 1990 3444 2060 ζωῆς
3477 1988 3745 2043 ἀθανάτου

2177 2082 2612 2154 πλησθήσονται,
2654 2084 2781 2154 περὶ
2823 2074 2883 2136 οὐ
2921 2082 3203 2136 λέλεκταιο
3244 2100 3263 2134 t
3303 2081 3494 2146 Ὀςᾶν
3544 2081 3641 2153 πίῃ
3686 2082 3752 2135 ἐκ

2174 2176 2269 2230 τοῦ
2301 2176 2510 2240 ὓδατος,
2541 2168 2602 2229 οὐ
2649 2175 2759 2244 ἐγὼ
2791 2175 2947 2230 δώσω
2976 2175 3143 2247 αὐτῷ,
3173 2177 3458 2248 γενήσεται
3496 2178 3573 2229 ἐφ
3598 2175 3753 2247 αὐτῷ

2176 2268 2324 2341 πηγὴ
2356 2268 2544 2331 ῦδατος
2573 2267 2862 2338 ἁλλομένου
2885 2270 2964 2329 είς
2996 2267 3137 2340 ζωὴν
3158 2268 3394 2322 αἰώνιον.
3418 2286 3436 2318 ι
3748 2306 3758 2312 .

2250 2379 2268 2410 ι
2324 2360 2422 2413 Διὰ
2465 2359 2621 2413 τοῦτο
2658 2360 2784 2414 τάδε
2831 2359 2978 2436 λέγει
3011 2360 3244 2432 Κύριος’
3285 2361 3417 2414 Ἰδού
3446 2362 3493 2414 οί
3525 2357 3747 2414 δουλεύ-

2173 2453 2322 2517 οντές
2359 2471 2449 2524 μοι
2490 2452 2784 2523 φάγονται,
2817 2454 2972 2524 ὑμεῖς
2996 2454 3051 2507 δὲ
3080 2453 3385 2508 πεινάσετε·
3425 2453 3531 2509 ἰδοὺ
3554 2454 3604 2507 οἱ
3627 2454 3750 2507 δου-

2172 2544 2418 2609 λεύοντές
2446 2563 2535 2617 μοι
2566 2546 2801 2609 πίονται,
2836 2547 2992 2616 ὑμεῖς
3029 2546 3086 2600 δὲ
3108 2546 3392 2617 διψήσετεο
3424 2547 3531 2600 ἰδοὺ
3558 2547 3607 2599 οἱ
3628 2546 3751 2600 δου-

2174 2634 2419 2700 λεύοντές
2442 2654 2529 2707 μοι
2549 2637 3201 2709 εὐφρανθήσονται,ὑμεῖς
3227 2639 3281 2691 δὲ
3301 2638 3744 2711 αἰσχυνθήσεσθεο

2177 2726 2287 2779 ίδού
2325 2728 2372 2779 οἱ
2400 2726 2738 2793 δουλεύοντες
2773 2746 2861 2800 μοι
2891 2729 3303 2797 ἀγαλλιάσονται
3337 2733 3393 2784 ἐν
3416 2732 3748 2805 εὐφροσύνῃ,

2176 2820 2333 2890 ὑμεῖς
2364 2818 2419 2873 δὲ
2444 2819 2771 2893 κεκράξεσθε
2794 2822 2881 2875 διὰ
2906 2835 2997 2875 τον
3026 2823 3187 2876 πόνον
3200 2825 3300 2894 τῆς
3318 2825 3544 2896 καρδίας
3570 2825 3745 2897 ὑμῶν,

2175 2911 2268 2964 καὶ
2299 2911 2406 2964 ἀπὸ
2448 2913 2738 2985 συντριϐῆς
2772 2913 3077 2984 πνεύματος
3107 2914 3259 2985 ὑμῶν
3296 2914 3593 2982 ὀλολύξετε.
3627 2918 3747 2971 Κα-

2174 3001 2458 3072 ταλείψετε
2492 3002 2600 3075 γὰρ
2645 3004 2705 3055 τὸ
2747 3002 2917 3076 ὄνομα
2962 3004 3114 3076 ὑμῶν
3157 3006 3237 3067 είς
3292 3004 3609 3076 πλησμονὴν
3636 3004 3750 3070 τοῖς

2176 3092 2452 3158 ἐκλεκτοῖς
2491 3112 2592 3165 μου
2611 3112 2623 3123 ·
2662 3094 2805 3165 ὑμᾶς
2833 3096 2889 3148 δὲ
2930 3095 3111 3149 ἀνελεῖ
3137 3093 3339 3168 Κύριος
3357 3111 3369 3124 ·
3402 3097 3514 3159 τοῖς
3544 3094 3600 3147 δὲ
3630 3094 3752 3147 δου-

2172 3184 2388 3237 λεύουσί
2412 3203 2500 3256 μοι
2514 3185 2842 3259 κληθήσεται
2858 3188 3028 3259 ὄνομα
3042 3187 3244 3242 καινόν.
3261 3207 3279 3239 ι
3302 3188 3364 3240 El
3387 3187 3443 3240 δέ
3462 3188 3750 3258 περιεργό-

2173 3295 2328 3349 τερον
2352 3277 2586 3332 ἐθέλοιτε
2612 3280 2801 3351 μαθεῖν
2818 3281 2961 3344 τίνες
2981 3276 3089 3334 εἶεν
3102 3282 3149 3334 οί
3167 3280 3446 3352 μέλλοντες
3457 3279 3749 3343 δουλεύειν,

2175 3371 2269 3425 καὶ
2312 3371 2366 3424 τί
2400 3372 2583 3436 αὐτοῖς
2621 3372 2822 3443 ὄνομα,
2866 3371 3163 3441 γινώσκετε
3185 3413 3199 3437 ,
3237 3373 3319 3426 ὅτι
3355 3371 3506 3426 οὑπω
3537 3372 3637 3443 μὲν
3669 3376 3752 3437 εἰς

2177 3464 2406 3534 φανερὸν
2432 3462 2666 3535 τοῦνομα
2686 3464 2861 3518 αὐτῶν
2882 3467 2909 3518 ὁ
2942 3465 3071 3527 Θεὸς
3095 3464 3344 3535 βούλεται
3366 3466 3589 3534 ἀγαγεῖν
3616 3482 3627 3495 ⁸
3662 3484 3755 3519 το-

2180 3555 2367 3609 σοῦτον
2397 3556 2453 3609 δὲ
2478 3556 2635 3627 μόνον
2668 3556 2940 3628 σημαίνει,
2974 3557 3049 3622 ὡς
3075 3555 3196 3612 οὑτε
3232 3557 3445 3629 Ἰσραὴλ
3460 3556 3755 3628 κληθήσον-

2178 3666 2301 3712 ται,
2341 3647 2465 3701 οὑτε
2503 3648 2715 3715 Ἰακὼϐ,
2767 3648 2891 3703 οὔτε
2933 3649 3194 3713 Ἰουδαῖοι,
3244 3650 3367 3703 οὐτε
3394 3649 3530 3712 ὅλως
3556 3666 3609 3701 τι
3639 3648 3754 3702 τῶν

2178 3740 2485 3814 ἀνθρώποις
2512 3742 2984 3813 συνεγνωσμένων.
3016 3743 3215 3797 Καινὸν
3244 3744 3418 3816 γάρτι
3435 3743 3529 3796 καὶ
3550 3742 3753 3797 νεώτα-

2175 3851 2266 3885 τον
2298 3834 2481 3898 αὐτοῖς
2509 3834 2885 3905 ἐπιτεθήσεται
2929 3835 3119 3907 ὄνομα,
3153 3834 3320 3901 ξένον,
3371 3836 3465 3890 καὶ
3493 3835 3749 3907 μηδεπώ-

2178 3944 2305 3980 ποτε
2336 3928 2618 3993 ἀκουσθέν,
2645 3928 2674 3982 ὃ
2693 3929 3112 4001 εὐλογηθήσεται
3149 3929 3240 3982 ἐπὶ
3270 3929 3365 4000 τῆς
3397 3929 3500 4000 γῆς
3527 3927 3751 3992 αὐξανό-

2181 4033 2360 4085 μενον,
2390 4018 2484 4071 καὶ
2504 4018 2905 4090 πληθυνόμενον
2931 4019 3069 4090 ὑπὲρ
3103 4020 3282 4073 πᾶσαν
3319 4018 3634 4090 σωματικὴν
3659 4020 3750 4072 εὑ-

2178 4107 2382 4178 λογίαν.
2412 4111 2473 4163 Εί
2498 4112 2605 4183 γάρ
2632 4129 2714 4175 τις
2734 4112 2826 4165 καὶ
2845 4111 2979 4180 άλλη
3009 4111 3242 4183 πλήθους
3263 4112 3516 4182 ποιητικὴ
3547 4112 3749 4181 τυγχά-

502 4180 761 4249 augendae
788 4184 1116 4239 multitudini
1138 4194 1264 4256 apta
1288 4187 1381 4242 Dei
1409 4188 1715 4245 benedictio
1744 4194 2075 4259 l‘uerit,hanc

2178 4217 2256 4252 νει
2296 4201 2361 4254 ἐκ
2389 4201 2522 4255 Θεοῦ
2574 4180 2811 4271 εὐλογία,
2860 4201 3065 4273 ταύτης
3102 4180 3347 4269 τεύξεται
3378 4180 3439 4257 τὸ
3475 4180 3750 4275 ὄνοματὸ

502 4269 631 4325 item
672 4285 1031 4345 consequetur
1073 4292 1265 4333 nomen
1298 4278 1468 4334 servis
1506 4282 1639 4336 meis
1676 4283 2075 4352 imponendum.

578 4365 742 4422 Vens.
774 4368 860 4433 16,
909 4367 995 4423 17.
1036 4388 1053 4420 t
1084 4368 1407 4426 Benedicent
1450 4374 1593 4428 enim
1646 4374 1758 4431 Deo
1803 4391 1934 4431 vero
1974 4386 2072 4432 :et
2101 4377 2146 4433 ι)

498 4460 591 4528 qui
643 4457 830 4527 jurant
881 4460 936 4513 in
987 4470 1150 4527 terra,
1196 4461 1459 4529 jurabunt
1506 4480 1602 4535 per
1639 4466 1805 4521 Deum
1860 4482 2069 4524 verum.

498 4548 897 4604 ()bliviscentur
944 4551 1087 4607 enim
1146 4555 1507 4610 tribulationis
1574 4557 1793 4626 primae,
1858 4570 1912 4612 et
1963 4574 2071 4614 non

498 4641 751 4706 ascendet
782 4641 834 4695 in
870 4659 967 4698 cor
999 4660 1207 4700 eorum.
1237 4646 1351 4700 Erit
1388 4649 1530 4702 enim
1564 4649 1760 4716 ccelum
1789 4664 1984 4704 novum
2018 4660 2072 4705 et

499 4742 641 4789 terra
677 4749 838 4802 nova,
867 4752 965 4791 nec
999 4739 1428 4793 recordabuntur
1461 4742 1722 4810 priorum,
1755 4756 1855 4796 nec
1890 4743 2071 4798 veniet

496 4829 549 4882 in
582 4844 675 4882 cor
714 4844 919 4884 eorum.
947 4848 967 4882 ι
1020 4828 1154 4884 Nam
1183 4831 1316 4886 alias
1342 4847 1462 4887 cum
1511 4842 1637 4888 tunc
1666 4833 1860 4889 ctelum
1897 4836 2071 4905 suspi-

494 4929 717 4987 cerent,
770 4937 884 4976 rem
934 4934 1172 4977 creatam
1224 4924 1472 4980 colebant
1523 4941 1634 4995 pra:
1681 4925 1969 4993 Creatore,
2018 4938 2074 4983 et

497 5019 698 5068 terram
740 5013 992 5069 similiter
1016 5014 1179 5069 veluti
1210 5015 1377 5070 Deum
1407 5018 1825 5084 venerabantur,
1859 5034 2070 5075 necnon

495 5116 713 5161 exortes
752 5122 816 5161 ex
860 5107 945 5161 illa
978 5106 1188 5162 fruetus
1237 5126 1250 5161 :
1302 5123 1445 5162 nunc
1476 5123 1603 5163 Vero
1635 5110 1832 5163 etelum
1875 5126 2068 5167 novum

496 5204 546 5246 et
582 5205 779 5251 terram
812 5216 1004 5255 novatn
1037 5200 1301 5266 videntes,
1340 5216 1503 5271 Opera
1536 5216 1789 5257 manuum
1818 5202 1912 5259 Dei
1943 5218 2065 5261 esse

498 5283 757 5351 fatentur,
785 5304 891 5345 non
920 5303 1101 5349 autem
1129 5292 1260 5349 deos
1280 5306 1400 5348 esse
1429 5301 1620 5363 putant

604 5489 650 5519 ‘“
679 5490 839 5546 Joan.
876 5508 952 5559 v1,
984 5496 1072 5552 61.
1150 5499 1194 5530 ’θ
1216 5497 1374 5555 Joan.
1405 5513 1480 5561 IV.
1514 5498 1602 5554 14.

589 5585 679 5655 4?.)
722 5586 818 5663 Hic
840 5598 891 5641 et
924 5591 973 5643 itt
1002 5595 1349 5661 sequentibus
1378 5594 1508 5648 locis
1549 5608 1732 5648 vocem
1769 5594 2063 5649 ὑπακούειν

500 5672 606 5712 non
638 5660 776 5712 male
800 5660 803 5663 ⁷
828 5671 1008 5717 vertas
1045 5660 1352 5720 résncmlerc
1399 5663 1531 5719 Nam
1567 5664 1668 5720 ltoc
1703 5682 1799 5723 usu
1832 5668 2063 5737 plerum-

2178 4288 2629 4361 ἐπιτεθησόμενον
2654 4294 2765 4354 τοῖς
2786 4290 3093 4344 δουλεύουσί
3130 4308 3219 4363 μοι

2250 4393 2269 4426 ‹
2320 4376 2682 4449 Εὐλογήσουσι
2713 4380 2821 4450 γὰρ
2852 4378 2942 4433 τὸν
2972 4379 3105 4434 Θεὸν
3132 4381 3224 4435 τὸν
3253 4381 3534 4452 ἀληθινόν
3571 4383 3666 4435 καὶ
3694 4384 3746 4435 οἱ

2174 4468 2462 4541 ὀμνύοντες
2478 4470 2570 4522 ἐπὶ
2585 4471 2684 4539 τῆς
2703 4471 2807 4540 γῆς
2825 4471 3081 4542 ὀμοῦνται
3094 4472 3184 4527 τὸν
3207 4473 3337 4527 Θεὸν
3357 4474 3445 4527 τὸν
3471 4473 3745 4545 ἀληθινόν.

2187 4561 2561 4632 Ἐπιλήσονται
2592 4562 2701 4634 γὰρ
2735 4562 2831 4633 τὴν
2867 4563 3043 4634 θλίψιν
3088 4565 3186 4637 τὴν
3229 4564 3471 4638 πρώτην,
3507 4566 3601 4619 καὶ
3648 4567 3748 4619 οὐκ

2174 4652 2501 4725 ἀναϐήσεται
2547 4654 2727 4708 αὐτῶν
2780 4656 2873 4709 ἐπὶ
2923 4656 3019 4729 τὴν
3066 4657 3309 4729 καρδίαν.
3344 4659 3537 4711 Ἔσται
3581 4658 3689 4729 γὰρ
3719 4660 3751 4711 ὁ

2175 4744 2401 4814 οὐρανὸς
2430 4744 2615 4809 καινὸς
2648 4747 2795 4818 καὶὴ
2833 4748 2906 4819 γῆ
2929 4748 3109 4820 καινὴ,
3142 4750 3235 4803 καὶ
3264 4751 3324 4804 οὑ
3359 4752 3432 4822 μὴ
3470 4750 3747 4821 μνησθῶσι

2174 4836 2282 4889 τῶν
2326 4836 2626 4909 προτέρων,
2669 4839 2777 4892 οὐδ’
2809 4841 2869 4893 οὑ
2919 4840 2993 4913 μὴ
3041 4840 3240 4913 ἐπέλθῃ
3291 4843 3469 4898 αὐτῶν
3511 4843 3603 4895 ἐπὶ
3645 4842 3749 4915 τὴν

2173 4930 2419 5001 καρδίαν.
2459 4949 2477 4982 ι
2520 4931 2730 4995 Ἀλλως
2767 4930 2865 5002 μὲν
2900 4932 3006 5004 γὰρ
3036 4933 3157 4987 τότε
3197 4933 3430 5004 ὁρῶντες
3460 4933 3550 4986 τὸν
3580 4934 3747 5005 οὐρα-

2173 5020 2280 5085 νὸν,
2313 5020 2560 5075 ἐσέϐοντο
2584 5025 2649 5093 τῇ
2683 5023 2855 5077 κτίσει
2892 5024 3044 5095 παρὰ
3082 5026 3171 5078 τὸν
3200 5025 3477 5092 κτίσαντα,
3514 5026 3608 5079 καὶ
3648 5025 3749 5097 τὴν

2173 5111 2276 5181 γῆν
2299 5111 2498 5182 ὁμοίως
2532 5111 2859 5179 ἐθεοποίουν,
2888 5115 3127 5179 καὶτοὺς
3160 5119 3222 5169 ἐκ
3245 5116 3445 5188 ταύτης
3478 5118 3747 5190 βλαστῶνο

2173 5220 2272 5266 τας
2294 5203 2539 5274 καρπούς
2563 5220 2577 5234 ο
2624 5203 2718 5258 νῦν
2748 5198 2795 5258 δ⁴
2819 5206 2907 5259 ὅτε
2938 5207 3121 5271 καινὸν
3165 5206 3383 5275 ὅψοντες
3406 5206 3497 5261 τὸν
3520 5208 3744 5279 οὐρανὸν

2174 5295 2268 5348 καὶ
2318 5297 2414 5367 τὴν
2459 5296 2581 5367 γῆν,
2612 5295 2749 5368 ἔργα
2772 5297 2969 5369 χειρῶν
3022 5297 3156 5352 Θεοῦ
3198 5296 3333 5355 εἶναι
3370 5300 3742 5371 ὁμολογοῦσιν,

2175 5388 2355 5442 οὐκέτι
2383 5388 2438 5441 δὲ
2471 5388 2625 5454 θεοὺς
2651 5385 2790 5445 εἶναι
2820 5391 3148 5463 νομίζουσιν.

2171 5612 2276 5664 que
2303 5596 2417 5673 haec
2457 5612 2557 5651 vox
2600 5599 2832 5673 occurrit
2863 5608 2970 5655 tum
3016 5601 3067 5656 in
3101 5600 3378 5673 Scriptura
3416 5614 3591 5669 sacra,
3631 5611 3744 5659 tum

2173 5669 2314 5739 apud
2350 5668 2481 5724 alios
2517 5670 2829 5741 scriptores.
