4108 6204
327 285 418 339 515

1246 281 1750 337 COMMENTARIA
1787 282 1854 339 ΙΝ
1893 283 2150 342 ISAIAM.
2189 321 2258 329 —
2295 288 2444 344 CAP.
2488 287 2644 343 LXV.

3456 298 3559 353 ΒΗ

386 420 406 453 ι
454 402 600 456 Ἀλλ’
631 400 963 472 εὐφροσύνην
991 401 1086 455 καὶ
1115 402 1430 470 ἀγαλλίασιν
1467 404 1789 476 εὑρήσουσιν
1834 408 1882 460 ὲν

2067 408 2227 463 Vens.
2258 410 2447 466 18-20.
2489 428 2506 461 ι
2539 410 2641 465 Sed
2676 410 2912 465 lmtitiam
2944 420 2998 467 et
3033 412 3445 471 exsultationem
3477 420 3560 472 in-

312 496 478 565 αὐτῇ.
514 495 637 549 Ὅτι
670 494 775 547 ἰδοὺ
818 493 927 561 ἐγὼ
969 493 1107 546 ποιῶ
1148 493 1458 566 ἀγαλλίαμα
1496 497 1888 569 Ἰερουσαλὴμ,

315 587 415 640 καὶ
438 586 534 639 τὸν
569 585 693 638 λαόν
726 602 823 656 μου
850 584 1191 656 εὐφροσύνην
1210 602 1223 614 ⁸
1253 587 1344 639 καὶ
1376 586 1775 659 ἀγαλλιάσομαι
1799 590 1891 642 ἐπὶ

329 677 703 749 Ἰερουσαλὴμ,
727 677 820 731 καὶ
834 679 1282 750 εύφρανθήσομαι
1300 679 1393 733 ἐπὶ
1408 679 1485 751 τῷ
1502 680 1618 752 λαῷ
1642 698 1763 752 μου*
1798 684 1890 737 καὶ

327 769 514 822 οὐκέτι
538 771 607 839 μή
626 769 857 840 ἀκουσθῇ
888 770 946 821 ὲν
964 771 1099 840 αὐτῇ
1125 770 1275 841 φωνὴ
1304 770 1579 843 κλαυθμοῦ
1596 774 1715 826 οὐδὲ
1741 776 1889 847 φωνὴ

332 861 592 931 κραυγῆς,
618 859 721 913 οὐδ’
741 860 801 913 ού
836 860 911 931 μή
928 860 1150 932 γένηται
1176 861 1256 915 ἔτι
1282 863 1400 917 ἐκεῖ
1420 863 1597 935 ἄωρος
1626 866 1719 918 καὶ
1758 883 1891 936 πρε-

326 952 542 1021 σϐύτης,
571 951 627 1014 ὃς
647 952 746 1004 ούκ
786 951 1055 1023 ἐμπλήσει
1078 952 1167 1005 τὸν
1197 952 1384 1025 χρόνον
1410 953 1596 1009 αὐτοῦ.
1631 974 1649 1007 ι
1684 956 1891 1020 Πάντες

321 1043 429 1116 γάρ
469 1044 562 1114 τῆς
600 1046 727 1116 παρ’
761 1046 885 1115 ἐμοὶ
935 1045 1283 1109 ἀναστάσεως
1312 1047 1563 1116 τυχόντες
1608 1049 1750 1103 κατά
1797 1048 1889 1103 τὸν

318 1137 504 1207 καιρὸν
533 1136 640 1189 τῶν
672 1136 1014 1205 ἐπαγγελιῶν
1043 1138 1123 1199 εἰς
1143 1136 1309 1208 ἄνδρα
1338 1137 1561 1203 τέλειον,
1580 1140 1659 1203 εἰς
1695 1139 1888 1211 μέτρον

315 1228 529 1299 ήλικίας
575 1226 798 1298 ἧξουσι’
850 1228 946 1281 καί⁹
1004 1229 1205 1291 πάντες
1256 1228 1467 1282 ἔσονται
1528 1230 1749 1301 ἀκμαῖοι
1791 1230 1889 1294 τὰς

312 1320 595 1391 ψυχάςνὼς
629 1322 767 1392 μήτε
796 1321 973 1393 ἄωρον
1000 1323 1191 1392 νήπιον
1226 1321 1319 1374 καὶ
1335 1321 1524 1391 ἀτελῆ,
1561 1324 1695 1393 μήτε
1723 1324 1889 1395 ὑπερ-

310 1411 587 1483 ϐεϐηκότα
630 1414 726 1466 καὶ
772 1413 1118 1483 γεγηρακότα
1166 1415 1222 1465 ὲν
1270 1414 1451 1477 αὐτοῖς
1502 1414 1883 1485 εὑρίσκεσθαι·

312 1505 516 1568 πάντες
548 1505 605 1558 δὲ
636 1504 917 1575 ὁμήλικες,
954 1506 1028 1567 ὡς
1059 1505 1124 1559 ἂν
1160 1505 1247 1573 ὑφ’
1278 1504 1373 1558 ἕνα
1408 1506 1596 1575 καιρὸν
1629 1506 1727 1576 τῆς
1756 1508 1885 1560 ἀνα-

310 1596 558 1659 στάσεως
578 1596 907 1665 τευξόμενοι,
926 1597 1019 1650 καὶ
1052 1598 1180 1666 μιᾶς
1196 1596 1611 1666 παλιγγενεσίας
1638 1597 1890 1669 μεθέξον-

310 1702 423 1748 τες.

390 1796 410 1827 ι
456 1777 648 1829 Ἔσται
679 1776 786 1847 γὰρ
811 1778 839 1829 ὁ
859 1775 978 1838 νέος
1003 1774 1192 1828 ἑκατὸν
1215 1774 1369 1838 ἐτῶν,
1396 1776 1423 1827 ὁ
1446 1775 1501 1827 δὲ
1534 1774 1887 1844 ἀποθνήσκων
1917 1768 1961 1822 Β

310 1868 637 1940 ἁμαρτωλὸς
665 1868 861 1922 ἑκατὸν
885 1867 1044 1932 ἐτῶν,
1080 1867 1172 1919 καὶ
1213 1864 1614 1937 ὲπικατάρατος
1643 1864 1817 1918 ἔσται.
1858 1885 1875 1916 ι

309 1962 386 2015 Τὸ
413 1962 526 2014 ἴσον
552 1960 646 2013 τοῦ
679 1961 869 2032 χρόνου
903 1960 1004 2030 τῆς
1030 1962 1093 2013 ἐκ
1121 1960 1328 2031 νεκρῶν
1356 1959 1700 2021 ἀναστάσεως
1738 1976 1882 2028 παρ-

306 2056 561 2127 έστησεν.
602 2054 790 2107 Ἔσται
837 2048 930 2106 οὖν
966 2054 997 2105 ὁ
1031 2050 1351 2123 ἁμαρτωλὸς
1381 2050 1475 2103 καὶ
1501 2049 1663 2111 αὐτὸς
1692 2049 1882 2103 ἑκατὸν

308 2146 469 2209 ἐτῶν,
518 2146 610 2198 καί
643 2144 1045 2216 ὲπικατάρατος
1094 2143 1246 2196 ἔσται
1279 2142 1537 2211 ἀκμαῖος,
1581 2142 1677 2194 καὶ
1706 2140 1781 2205 ὼς
1824 2142 1881 2194 ὲν

307 2236 481 2307 κακίᾳ
514 2236 735 2298 τέλειος,
769 2235 1129 2305 ἀποθνήσκων
1145 2236 1210 2303 τῇ
1241 2230 1435 2285 ἑαυτοῦ
1460 2230 1703 2303 ἁμαρτία
1727 2248 1740 2261 ·
1765 2233 1794 2285 ὅ
1822 2250 1879 2285 τε

311 2328 429 2391 νέος
458 2327 618 2380 πάλιν
643 2326 835 2379 ἑκατὸν
860 2326 1014 2390 ἐτῶν,
1039 2325 1132 2378 καὶ
1152 2323 1313 2387 αὐτὸς
1326 2322 1529 2388 τέλειος
1551 2326 1608 2377 ὲν
1635 2325 1879 2390 τελείοις,

306 2421 389 2482 εἰς
424 2420 696 2490 σωτηρίαν
733 2417 1307 2490 παραλαμϐανόμενος.

384 2532 402 2564 ι
432 2515 545 2568 Καὶ
570 2513 1009 2584 οἰκοδομήσουσιν
1033 2512 1228 2576 οἰκίας,
1263 2512 1358 2565 καὶ
1387 2512 1540 2565 αὐτοὶ
1568 2511 1881 2582 ἐνοικήσου-

304 2620 395 2656 σι·
435 2603 527 2655 καὶ
566 2601 1065 2670 καταφυτεύσουσιν
1100 2602 1450 2672 ἀμπελῶνας,
1488 2603 1582 2655 καί
1610 2601 1767 2654 αὐτοὶ
1789 2601 1884 2670 φά-

305 2712 493 2763 γονται
531 2694 601 2747 τὰ
653 2694 971 2764 γεννήματα
1030 2693 1229 2748 αὐτῶν.
1280 2713 1298 2746 ι
1339 2695 1465 2757 Τοῖς
1513 2694 1620 2765 γὰρ
1674 2693 1881 2747 ἑαυτῶν

302 2787 487 2859 ἔργοις
519 2786 614 2839 καὶ
637 2788 757 2849 ταῖς
782 2786 1007 2848 οἰκείαις
1030 2785 1293 2858 πράξεσιν
1324 2785 1638 2858 ποριοῦνται
1671 2788 1882 2850 ἑαυτοῖς

302 2879 405 2943 τὰς
443 2878 607 2949 μονὰς
640 2878 738 2940 τάς
766 2876 918 2947 παρά
949 2877 1026 2948 τῷ
1066 2877 1239 2948 Πατρί
1260 2894 1272 2907 ο
1300 2877 1433 2931 ἀλλά
1471 2878 1598 2941 τοὺς
1635 2878 1881 2947 καρποὺς

302 2969 413 3023 τῶν
445 2969 621 3021 πόνων
648 2968 827 3022 αὐτῶν
860 2970 1151 3037 φάγονται·
1189 2967 1374 3039 διόπερ
1403 2968 1439 3023 ἃ
1465 2968 1881 3039 γεωργήσαντες

302 3063 632 3132 συνήγαγον,
669 3061 841 3114 ταῦτα
872 3062 1183 3132 εὑρήσουσι,
1230 3061 1325 3114 καὶ
1361 3059 1420 3124 ἐξ
1460 3060 1637 3115 αὐτῶν
1667 3061 1879 3132 τραφήο

302 3169 509 3207 σονται.

380 3263 400 3296 ‹
441 3246 513 3297 Οὐ
566 3244 640 3316 μή
686 3243 1133 3315 οἰκοδομήσουσι,
1177 3246 1273 3299 καὶ
1313 3245 1461 3300 ἄλλοι
1508 3246 1875 3317 ὲνοικήσουσι,

301 3337 400 3394 καὶ
418 3338 477 3390 οὗ
515 3337 588 3408 μὴ
621 3336 965 3405 φυτεύσουσι,
993 3337 1085 3390 καὶ
1107 3338 1253 3392 ἄλλοι
1278 3338 1561 3407 φάγονται.
1592 3337 1747 3391 Κατά
1769 3334 1878 3407 γὰρ

299 3432 402 3495 τὰς
434 3430 647 3501 ἡμέρας
689 3428 783 3482 τοῦ
813 3427 966 3494 ξύλου
1016 3430 1115 3501 τῆς
1144 3428 1289 3500 ζωῆς
1334 3430 1547 3485 ἔσονται
1577 3432 1634 3483 αἰ
1674 3429 1877 3501 ήμέραι

300 3523 399 3577 τοῦ
432 3522 564 3577 λαοῦ
607 3539 707 3593 μου
731 3539 744 3552 ·
782 3522 851 3574 τὰ
891 3521 999 3593 γὰρ
1040 3520 1177 3592 ἔργα
1219 3520 1327 3575 τῶν
1359 3522 1536 3575 πόνων
1564 3520 1744 3575 αὐτῶν
1770 3538 1876 3573 πα-

302 3615 648 3670 λαιὼσουσιν.
695 3634 714 3666 ι
761 3614 898 3667 Ἀλλ’
932 3613 1011 3676 εἰς
1052 3612 1276 3685 ἄπειρον
1318 3613 1492 3668 αἰῶνα
1530 3616 1588 3668 ὲν
1626 3612 1878 3682 ἀθανάτῳ

301 3709 508 3779 εὐζωῐᾳ.
537 3706 776 3770 διάξουσι
798 3721 813 3737 ’
845 3705 923 3759 διὸ
948 3704 1225 3757 λέλεκται·
1271 3723 1289 3755 ι
1323 3705 1476 3758 Κατὰ
1498 3706 1604 3776 γὰρ
1626 3704 1723 3768 τὰς
1744 3704 1878 3775 ήμέ-

305 3817 409 3872 ρας
443 3797 537 3851 τοῦ
575 3796 730 3861 ξύλου
762 3796 862 3866 τῆς
902 3793 1049 3864 ζωῆς
1084 3796 1141 3847 αἰ
1183 3793 1389 3865 ἡμέραι
1416 3793 1509 3846 τοῦ
1536 3793 1665 3846 λαοῦ
1694 3810 1814 3864 μου.
1850 3812 1869 3844 ι

302 3893 379 3945 Τὸ
413 3890 570 3957 ξύλον
601 3890 657 3943 δὲ
688 3890 902 3961 εἴρηται
943 3890 1001 3941 ὲν
1037 3888 1114 3959 τῷ
1138 3886 1465 3958 κπαραδείσῳ
1488 3885 1581 3939 τοῦ
1611 3884 1746 3939 Θεοῦ
1781 3902 1877 3937 πε-

305 3980 636 4051 φυτεῦσθαι·
683 3979 957 4033 δείκνυται
1010 3976 1319 4049 τοιγαροῦν,
1362 3977 1451 4039 ,ὅτι
1495 3976 1595 4028 οὐκ
1646 3975 1750 4041 ἔξω
1781 3975 1873 4029 τοῦ

302 4074 441 4128 Θεοῦ
465 4074 521 4126 αί
543 4071 865 4140 ἐπαγγελίαι
899 4070 1245 4141 τυγχάνουσι.
1277 4069 1355 4121 Δι’
1382 4061 1749 4123 ὧνλάπάντων
1784 4086 1877 4121 σα-

304 4167 422 4237 φῶς
458 4166 645 4237 ἕτερον
672 4164 796 4217 λαὸν
832 4164 1041 4230 εἰσάγει
1080 4159 1257 4230 ἑαυτῴ
1293 4159 1447 4231 παρὰ
1477 4159 1571 4212 τοῦ
1610 4160 1874 4213 Ἰουδαίων

303 4260 513 4323 ἔθνους.
548 4252 707 4312 Οὗτοι
735 4260 844 4327 γὰρ
872 4254 1359 4326 παλαιωθήσονται,
1393 4252 1512 4306 οὐδὲ
1545 4252 1751 4323 ἑτέροις
1780 4270 1876 4307 κα-

301 4353 651 4423 ταλείψουσι,
691 4350 977 4422 μέλλοντες
1018 4345 1172 4411 αὖθις
1221 4344 1574 4417 μεθίστασθαι
1601 4343 1695 4397 τοῦ
1736 4344 1873 4415 βίου,

1992 501 2206 555 venient
2249 504 2301 555 in
2350 516 2433 557 ea.
2466 501 2727 568 Quoniam
2758 518 2885 558 ecce
2925 519 3022 575 ego
3065 505 3209 561 facio
3242 508 3560 565 exsultatio-

1993 606 2113 646 nem
2139 591 2456 659 Jerusalem,
2484 605 2537 648 et
2568 594 2818 664 p0pulum
2852 610 3028 650 meum
3066 597 3304 652 laetitiam
3334 617 3349 654 :
3384 609 3441 655 et
3472 616 3562 655 cx-

1990 685 2199 740 sultabo
2230 700 2388 755 super
2433 685 2751 750 Jerusalem,
2798 696 2852 741 et
2886 687 3111 743 laetabor
3152 706 3315 761 super
3363 694 3563 763 populo

1990 788 2146 827 meo:
2180 782 2232 828 et
2282 790 2386 828 non
2434 775 2575 829 ultra
2611 776 2856 830 audietur
2892 779 2944 831 in
2998 782 3112 847 ipsa
3148 796 3251 835 vox
3300 780 3477 847 ﬂetus,
3506 794 3563 839 et

1992 880 2091 918 vox
2138 864 2421 930 clamoris,
2463 881 2634 934 neque
2680 867 2817 920 ultra
2877 869 2980 923 erit
3028 870 3098 924 ibi
3136 871 3455 928 humaturus
3504 883 3560 930 et

1990 968 2176 1016 senex.
2222 956 2308 1023 qui
2363 971 2465 1009 non
2501 956 2724 1024 impleat
2766 967 2974 1027 tempus
3009 974 3229 1016 suum.»
3285 962 3560 1036 Quotquot

1989 1044 2130 1097 enim
2180 1046 2625 1100 resurrectionem
2675 1063 2704 1101 a
2756 1065 2841 1104 me
2901 1049 3085 1105 datam
3137 1068 3555 1124 consequentur,

1990 1140 2233 1202 tempore
2264 1135 2700 1204 promissionum,
2750 1139 2805 1192 in
2852 1138 3024 1194 virum
3060 1143 3359 1210 perfectum
3403 1157 3457 1200 et
3503 1147 3554 1200 in

1990 1238 2293 1277 mensuram
2325 1226 2495 1279 {elatis
2527 1228 2782 1282 venient:
2823 1238 2985 1299 atque
3027 1246 3218 1288 omnes
3253 1235 3431 1289 anima
3467 1253 3558 1291 ve-

1988 1316 2095 1386 geli
2141 1326 2315 1381 erunt,
2346 1319 2418 1373 ita
2451 1328 2506 1373 ut
2542 1336 2714 1390 neque
2752 1321 3072 1377 immaturus
3104 1334 3158 1380 et
3196 1341 3301 1381 non
3340 1330 3558 1385 adultus

1983 1406 2216 1474 juvenis,
2266 1423 2438 1477 neque
2470 1418 2635 1464 astate
2666 1423 2953 1480 provecms
2984 1424 3076 1466 aut
3104 1429 3267 1469 senex
3300 1417 3371 1471 ibi
3409 1434 3560 1487 repe-

1989 1498 2188 1561 riatur,
2239 1500 2336 1553 sed
2391 1503 2539 1569 paris
2591 1502 2767 1557 relatis
2812 1518 3023 1569 omnes,
3071 1516 3254 1575 utpote
3303 1509 3393 1578 qui
3449 1524 3558 1563 uno

1988 1588 2283 1657 eodemque
2318 1600 2556 1659 tempore
2596 1602 2913 1662 resurgant,
2960 1605 3013 1649 et
3054 1582 3559 1670 ejusdemgregene-

1988 1679 2217 1732 rationis
2250 1691 2531 1734 consortes
2559 1683 2690 1735 sint.

2067 1790 2085 1822 ‹
2116 1770 2232 1824 Erit
2278 1771 2419 1825 enim
2470 1772 2684 1840 juvenis
2719 1784 2931 1830 centum
2979 1793 3264 1844 annorum,
3295 1781 3386 1850 qui
3426 1797 3553 1838 vero

1985 1860 2233 1923 moritur,
2269 1871 2517 1931 peccator
2555 1874 2769 1918 centum
2819 1882 3083 1923 annorum
3130 1881 3183 1925 et
3227 1872 3550 1929 maledictus

1984 1954 2105 2008 erit.
2134 1971 2153 2005 ι
2198 1951 2396 2009 IEtatis
2438 1964 2492 2010 et
2527 1958 2785 2026 temporis
2816 1958 2867 2013 in
2901 1963 3299 2018 resurrectione
3328 1968 3555 2035 aequali-

1985 2054 2150 2103 tatem
2205 2048 2317 2103 fore
2363 2048 2619 2106 declarat.
2663 2051 2779 2108 Erit
2832 2054 2996 2125 igitur
3051 2066 3309 2125 peccator
3343 2072 3397 2119 et
3443 2065 3556 2135 ipse

1984 2149 2197 2194 centum
2245 2157 2545 2209 annorum,
2589 2151 2644 2198 et
2686 2145 3001 2203 maledictus
3046 2150 3186 2214 erit,
3234 2165 3454 2225 vegetus
3499 2166 3555 2210 et

1984 2232 2138 2300 quasi
2172 2232 2225 2285 in
2258 2233 2458 2288 malitia
2494 2235 2763 2304 perfectus
2798 2241 3035 2295 moriens
3084 2242 3135 2296 in
3173 2255 3393 2313 peccato
3430 2263 3549 2317 suo.

1982 2321 2203 2379 Juvenis
2243 2326 2368 2380 item
2422 2337 2634 2383 centum
2684 2346 2977 2395 annorum,
3018 2342 3073 2387 et
3122 2334 3235 2403 ipse
3278 2337 3556 2406 perfectus

1982 2415 2125 2471 inter
2150 2416 2441 2487 perfectos,
2466 2430 2521 2474 et
2545 2420 2600 2475 in
2630 2422 2859 2476 salutem
2890 2434 3212 2480 assumetur.

2050 2510 2216 2567 Vsus.
2241 2511 2331 2566 21.
2370 2530 2388 2564 ι
2415 2512 2483 2567 Ει
2515 2515 2861 2570 εεᾶὶῆοεὺυηι
2891 2518 3102 2583 domos,
3147 2529 3201 2574 et
3246 2522 3347 2591 ipsi
3395 2524 3550 2578 inha-

1980 2601 2230 2657 bitabunt
2264 2621 2278 2657 :
2311 2613 2365 2658 et
2408 2604 2725 2674 plantabuut
2771 2608 2980 2674 vineas,
3026 2619 3082 2663 et
3122 2610 3221 2677 ipsi
3270 2614 3553 2667 comedent

1982 2692 2187 2747 fructus
2214 2708 2419 2748 earum.
2444 2713 2464 2746 ι
2496 2692 2630 2748 Nam
2674 2696 2788 2751 suis
2828 2698 2924 2766 ipsi
2973 2700 3229 2766 operibus
3270 2712 3323 2777 et
3358 2703 3550 2770 gestis,

1983 2785 2285 2839 mansiones
2316 2784 2436 2839 illas
2458 2801 2575 2856 quae
2602 2788 2740 2855 apud
2772 2786 2985 2842 Patrem
3016 2799 3162 2855 sunt,
3208 2791 3309 2844 sibi
3349 2806 3546 2861 procu-

1982 2876 2179 2930 rabunt
2209 2894 2222 2930 :
2253 2876 2343 2932 sed
2377 2877 2540 2931 etiam
2588 2878 2800 2933 fructus
2830 2879 3074 2934 laborum
3121 2896 3338 2937 suorum
3369 2898 3551 2939 come»

1982 2967 2110 3022 dent
2136 2986 2150 3021 :
2179 2966 2432 3037 quoniam
2461 2982 2524 3023 ea
2552 2984 2668 3037 qua:
2702 2978 2896 3024 terram
2932 2970 3172 3026 colentes
3197 2987 3349 3028 suam
3382 2976 3550 3030 colle-

1981 3066 2195 3129 gerunt,
2220 3072 2285 3113 ea
2318 3059 2610 3129 reperient.
2638 3058 2706 3115 iis
2736 3060 2970 3116 alentur.

2047 3238 2212 3294 Vsus.
2237 3240 2329 3294 22.
2361 3258 2380 3292 ι
2407 3238 2756 3309 Nequaquam
2788 3239 3155 3305 mdilieabunt,
3178 3248 3233 3294 et
3265 3238 3355 3293 alii
3394 3239 3548 3293 inha-

1979 3334 2258 3401 bitabunt;
2293 3348 2631 3403 nequaquam
2663 3332 3005 3402 plantabunt,
3038 3342 3093 3387 et
3122 3332 3209 3386 alii
3245 3334 3544 3387 comedent.

1978 3425 2112 3481 Nam
2156 3426 2449 3481 secundum
2494 3425 2612 3479 dies
2654 3424 2784 3495 ligni
2836 3425 2960 3479 vita
3002 3434 3163 3479 erunt
3211 3424 3325 3478 dies
3365 3426 3547 3493 populi

1978 3520 2125 3574 mei:
2159 3519 2510 3588 operaenim
2556 3518 2798 3572 laborum
2849 3516 3089 3585 ipsorum
3134 3524 3495 3570 veteraseent.
3520 3535 3541 3569 ι

1979 3611 2085 3666 Sed
2128 3626 2222 3681 per
2257 3610 2466 3665 infinita
2502 3608 2699 3665 saecula
2743 3608 2798 3663 in
2838 3605 3127 3679 immortali
3175 3605 3263 3659 illa
3298 3613 3351 3660 et
3403 3606 3551 3663 felici

1977 3704 2087 3757 vita
2127 3704 2318 3772 degeut
2349 3720 2365 3761 :
2394 3715 2562 3772 quare
2610 3702 2814 3757 dictum
2865 3709 2978 3764 est,
3034 3696 3208 3752 «Nam
3252 3698 3549 3753 secundum

1978 3795 2092 3850 dies
2138 3794 2265 3867 ligni
2320 3795 2445 3851 vita:
2497 3807 2655 3851 erunt
2698 3793 2815 3849 dies
2862 3791 3044 3864 pepuli
3100 3792 3267 3846 mei.)
3319 3790 3547 3862 Liguum

1978 3896 2155 3941 autem
2194 3887 2322 3942 illud
2372 3889 2423 3943 in
2457 3888 2705 3958 paradiso
2740 3885 2833 3939 Dei
2867 3885 3161 3955 plantatum
3200 3883 3365 3939 fuisse
3411 3884 3545 3938 dici-

1981 3988 2098 4045 tur;
2132 3979 2314 4048 itaque
2351 3996 2455 4034 non
2502 3987 2656 4035 extra
2686 3977 2989 4047 paradisum
3021 3975 3111 4030 Dei
3163 3975 3372 4045 impleri
3422 3990 3547 4043 pro-

1978 4070 2143 4125 missa
2174 4073 2494 4127 declaratur.
2523 4070 2727 4138 Quibus
2755 4071 3005 4125 omnibus
3045 4068 3210 4124 alium
3251 4070 3354 4124 sibi
3390 4086 3416 4122 a
3447 4069 3543 4124 Ju-

1978 4160 2133 4213 daico
2166 4158 2417 4227 populum
2464 4159 2708 4213 asciscit.
2739 4158 2819 4212 llli
2848 4173 3080 4228 namque
3124 4158 3541 4222 inveterascent.

1977 4267 2079 4305 nec
2130 4251 2292 4319 aliis,
2336 4268 2402 4306 ex
2436 4252 2538 4306 hac
2582 4252 2693 4305 vita
2735 4250 3114 4317 transferendi,
3159 4250 3372 4307 labores
3420 4266 3544 4305 suos

1978 4343 2312 4412 relinquent;
2347 4342 2401 4396 lii
2448 4356 2579 4397 vero
2611 4342 2854 4397 laborum
2904 4357 3121 4398 suorum
3168 4353 3315 4412 gesta
3360 4356 3548 4397 secum

302 4449 433 4509 τοὺς
458 4444 665 4499 ἑαυτῶν
702 4443 896 4507 πόνους
917 4461 930 4473 ’
964 4442 1079 4497 ἀλλ’
1109 4434 1255 4495 οὗτοι
1283 4438 1353 4493 τὰ
1384 4438 1521 4510 ἔργα
1563 4438 1670 4492 τῶν
1700 4438 1875 4493 πόνων

1982 4441 2274 4498 assument,
2306 4432 2649 4504 propriisque
2680 4432 2947 4489 fructibus
2981 4432 3310 4503 gaudebunt.

302 4538 485 4593 αὐτῶν
526 4539 605 4600 εἰς
652 4536 878 4598 ἑαυτοὺς
921 4532 1304 4605 ἀναλήψονται,
1361 4530 1457 4583 καὶ
1496 4532 1610 4593 τοῖς
1657 4528 1876 4593 οἰκείοις

303 4634 541 4705 καρποῖς
572 4632 661 4683 ὲντ
670 4630 1017 4702 ρυφήσουσιν.

383 4743 405 4776 ‹
446 4724 511 4776 Οἰ
535 4720 777 4775 ἐκλεκτοί
806 4736 908 4791 μου
938 4718 997 4773 οὐ
1044 4715 1396 4771 κοπιάσουσιν
1434 4714 1514 4777 εἰς
1553 4712 1729 4777 κενὸν,
1758 4710 1878 4765 οὐδὲ

302 4816 783 4887 τεκνοποιήσουσιν
809 4813 889 4875 εἰς
918 4811 1189 4881 κατάρὺιν⁸
1220 4809 1300 4861 ὅτι
1326 4806 1546 4878 σπέρμα
1579 4805 1877 4875 εὐλογημέ-

302 4928 395 4963 νον
414 4908 520 4962 ὑπὸ
548 4905 685 4961 Θεοῦ
705 4908 838 4969 ἐστι,
871 4905 966 4958 καὶ
988 4902 1057 4956 τά
1076 4901 1271 4969 ἔκγονα
1293 4898 1472 4952 αὐτῶν
1499 4898 1615 4969 μετ’
1641 4897 1839 4952 αὐτῶν.
1853 4914 1874 4947 ι

302 5004 367 5056 Εἰ
391 5001 503 5072 γὰρ
526 5000 619 5055 καί
633 5016 776 5062 τινες
792 4998 1000 5051 ἔσονται
1024 4994 1167 5050 κατά
1194 4994 1284 5047 τὸν
1307 4992 1500 5062 καιρὸν
1518 4989 1625 5043 τῶν
1642 4990 1880 5057 ἐπαγγε-

302 5093 437 5145 λιῶν
467 5092 625 5145 κόποι
660 5091 919 5161 σωτήριοι
953 5088 1046 5141 καὶ
1092 5085 1288 5153 ἀγαθοὶ
1337 5084 1432 5138 καὶ
1464 5083 1632 5153 ήδεῖς,
1662 5080 1879 5145 ὁποίους

302 5181 529 5243 πάντως
566 5197 671 5233 που
711 5179 807 5232 καὶ
848 5180 882 5249 ή
930 5173 1191 5245 ἀγγελικὴ
1237 5173 1391 5238 τάξις
1429 5172 1723 5241 ὑπομένει⁶
1762 5168 1876 5223 ἀλλ’

300 5277 406 5329 οὐκ
437 5271 705 5335 ὲπικενῶς
734 5271 887 5324 ἔσται
923 5268 992 5323 τὰ
1021 5268 1121 5337 τῆς
1153 5266 1415 5338 ἐργασίας
1437 5265 1619 5328 αὐτοῖς
1639 5280 1652 5294 ο
1685 5263 1879 5335 μισθὸς

300 5367 415 5438 γὰρ
452 5366 637 5429 αὐτοῖς
688 5362 909 5428 ὲπάξιος
946 5357 1389 5431 τεθησαύρισται.
1437 5356 1790 5410 Τεκνοποιὲαν
1820 5354 1878 5408 δὲ

301 5460 588 5528 νοήσωμεν
617 5452 725 5506 τῶν
765 5450 950 5521 ψυχῶν
980 5450 1107 5512 τοὺς
1148 5446 1440 5518 λογισμοὺς
1480 5445 1574 5500 καὶ
1620 5445 1719 5515 τῆς
1758 5443 1875 5496 δια-

302 5550 455 5612 νοίας
469 5547 598 5608 τοὺς
615 5543 881 5615 καρποὺς,
915 5541 1005 5605 οὓς
1027 5541 1267 5611 κατάρας
1303 5538 1517 5592 ἔσεσθαι
1540 5536 1873 5607 ἀλλοτρίους,

311 5640 559 5708 εὐλογίας
591 5638 649 5691 δὲ
681 5634 863 5700 ἀξίους
886 5633 1147 5699 θεσπίζει.
1181 5630 1366 5685 Ταῦτα
1394 5631 1487 5683 καὶ
1519 5631 1596 5692 εἰς
1611 5628 1700 5681 τὸν
1734 5644 1877 5696 παρ-

308 5733 437 5787 όντα
499 5730 612 5802 βίον
656 5725 1089 5796 ἐκλαμδάνεσθαι
1143 5721 1315 5796 οἶμαι,
1362 5722 1454 5777 τοῦ
1505 5721 1664 5789 λόγου
1715 5716 1875 5771 πάλιν

2048 4705 2213 4760 Vens.
2248 4703 2339 4758 9.3.
2390 4720 2409 4754 ι
2452 4700 2619 4756 Eleeti
2671 4701 2773 4755 mei
2825 4716 2931 4755 non
2984 4697 3301 4753 laborabunt
3345 4698 3395 4752 in
3446 4713 3546 4752 va-

1980 4812 2127 4863 num,
2160 4809 2331 4866 neque
2380 4794 2518 4848 ﬁlios
2566 4790 2898 4863 generabuut
2945 4791 2998 4845 in
3052 4789 3489 4844 maledictiouem
3518 4806 3536 4842 :

1978 4888 2101 4958 quia
2132 4902 2315 4943 semen
2360 4883 2699 4940 benedictum
2730 4896 2759 4935 a
2807 4883 2913 4937 Deo
2953 4889 3064 4946 est,
3094 4889 3148 4934 et
3184 4888 3405 4950 nepotes
3451 4895 3541 4933 eo-

1980 4994 2098 5034 rum
2141 4992 2261 5032 cum
2292 4977 2432 5031 eis.»
2476 4975 2699 5029 Etiamsi
2740 4972 2885 5028 enim
2931 4972 3355 5043 promissionum
3403 4979 3543 5023 tem-

1979 5086 2131 5142 pore,
2179 5070 2395 5139 quidam
2447 5067 2748 5132 salutares,
2798 5065 2922 5120 boui
2989 5077 3287 5133 suavesque
3335 5062 3545 5116 labores

1978 5168 2106 5227 sint,
2132 5176 2265 5232 quos
2308 5160 2583 5231 augelicus
2611 5158 2745 5213 ordo
2789 5156 3041 5219 sustinet,
3073 5154 3165 5209 sed
3199 5168 3305 5208 non
3340 5153 3544 5206 frustra

1978 5256 2170 5311 cedent
2206 5253 2308 5308 illis
2352 5266 2556 5324 opera:
2590 5264 2711 5303 nam
2747 5248 3008 5318 condigna
3048 5244 3180 5314 ipsis
3210 5258 3424 5300 merces
3460 5258 3541 5296 re-

1979 5348 2150 5419 posita
2196 5356 2299 5401 est.
2343 5344 2658 5399 Liberorum
2694 5354 2821 5394 vero
2861 5336 3290 5408 procreationem
3335 5333 3541 5389 intelli-

1982 5456 2167 5512 gamus
2193 5453 2311 5494 esse
2348 5437 2539 5491 animze
2569 5431 2941 5503 cogitationes,
2974 5428 3277 5498 mentisque
3306 5425 3540 5490 fructus,

1981 5548 2116 5604 quos
2167 5548 2194 5585 a
2249 5528 2622 5584 maledictioue
2692 5523 2932 5587 alienos,
2983 5520 3359 5575 benedictione
3408 5531 3540 5571 vero

1982 5626 2174 5694 dignos
2223 5621 2338 5675 fore
2386 5616 2729 5672 vaticinatur.
2774 5611 2903 5665 Hmc
2950 5623 3010 5665 ~‘e
3052 5610 3297 5679 praesenti
3329 5620 3540 5677 quoque

1984 5716 2093 5769 vita
2140 5710 2309 5779 accipi
2350 5722 2508 5778 posse
2554 5704 2828 5767 existimo,
2878 5700 2949 5757 ita
2984 5711 3041 5757 ut
3084 5703 3167 5757 bis
3215 5699 3541 5772 apostolicus
