4108 6204
477 321 580 377 515

1141 318 1412 377 EUSEBII
1453 318 1932 376 CESARIENSIS
1968 317 2120 375 OPP.
2163 317 2339 375 PARS
2377 316 2465 375 111.
2504 350 2574 360 ——
2610 317 3027 375 EXEGETICA.

3604 306 3708 375 5t6

477 443 673 497 chorus
711 437 1094 494 subindicetur.
1135 453 1154 488 ι
1184 436 1308 491 Ideo
1349 437 1505 492 electi
1542 438 1647 493 mei
1692 453 1795 492 non
1826 436 2041 493 labora-

2146 434 2234 486 τὸν
2263 432 2421 505 χορὸν
2452 433 2542 487 τὸν
2574 431 2924 488 ἀποστολικον
2952 422 3339 501 αἰνιττομένου.
3366 446 3389 480 ‹
3422 430 3521 485 Διὰ
3553 432 3707 486 τοῦτο

477 534 607 587 bunt
635 533 687 586 in
720 530 932 595 vanum,
964 543 1137 597 neque
1179 527 1317 583 ﬁlios
1364 531 1726 598 procreabant
1774 531 1828 584 in
1868 530 2037 584 male-

476 624 826 679 dictionem.»
874 620 1250 690 Apostolorum
1320 621 1518 690 quippe
1569 621 1800 687 labores,
1846 630 1905 674 ut
1954 619 2041 676 vel

476 716 606 785 ipsis
633 713 801 768 oculis
841 713 1067 781 patebit,
1099 728 1207 766 non
1256 712 1307 766 in
1340 729 1535 767 vanum
1586 713 1821 783 suscepti
1870 712 2040 779 fuere,

474 808 613 876 quod
643 816 898 876 arguetur
923 820 987 857 ex
1016 805 1249 860 Ecclesia
1279 807 1346 859 ab
1374 804 1507 874 ipsis
1531 820 1628 874 per
1654 815 1823 860 totum
1853 804 2038 859 orbem

474 898 724 962 fundata;
759 906 814 951 et
843 896 935 950 lilii
968 913 1153 951 eorum
1186 912 1282 966 per
1315 897 1589 952 lavacrum
1617 897 2043 967 regenerationis

472 991 526 1045 in
556 987 769 1044 Christo
798 988 908 1043 nati
934 989 1270 1044 videbuntur.

547 1162 708 1219 Vens.
735 1163 825 1219 24.
864 1183 882 1217 ι
911 1164 976 1218 Ει
1008 1164 1114 1219 erit
1148 1174 1435 1233 antequam
1487 1164 1754 1230 clament,
1802 1179 1913 1235 ego
1945 1179 2043 1219 ex-

426 1278 431 1283 ·
474 1256 687 1309 audiam
724 1271 856 1310 eos:
890 1256 1064 1312 adhuc
1106 1256 1208 1311 illis
1258 1258 1600 1328 loquentibus
1647 1257 1858 1324 dicam,
1905 1256 2042 1324 Quid

475 1347 631 1403 est?»
684 1346 741 1401 ld
782 1362 941 1417 porro
985 1348 1040 1401 in
1084 1349 1306 1403 Actibus
1352 1347 1716 1417 apostolorum
1762 1347 2042 1417 impletum

476 1440 875 1508 deprehendas;
913 1456 1034 1494 nam
1074 1440 1183 1494 Deo
1215 1442 1345 1510 ipsis
1391 1450 1625 1506 astante,
1676 1439 1842 1493 multa
1891 1439 2043 1508 signa

476 1541 529 1583 et
578 1530 815 1600 prodigia
864 1531 1180 1585 edebantur.
1229 1530 1500 1599 Apostolis
1547 1546 1677 1585 vero
1721 1530 1835 1583 hac
1881 1543 2042 1598 agen-

477 1621 644 1684 tibus,
687 1622 814 1675 hinc
851 1621 1276 1693 alienigenarum
1310 1623 1553 1692 gentium
1590 1622 1871 1677 conversio
1913 1621 2043 1677 sub-
2078 1622 2081 1623 ⁷

469 1713 829 1781 sequebatur.

2143 527 2191 578 οἱ
2242 524 2483 578 ἐκλεκτοί
2520 541 2619 594 μου
2652 525 2713 575 οὺ
2760 523 3110 577 κοπιάσουσιν
3155 522 3236 583 εἰς
3279 520 3431 574 κενὸν
3474 522 3594 575 ούδέ
3623 539 3713 576 τε-

2144 616 2558 686 κνοποιησουσιν
2580 616 2658 677 εἰς
2691 613 2953 684 κατάραν.
2993 630 3011 664 ι
3056 612 3246 665 Ἔσται
3285 609 3393 681 γὰρ
3416 610 3713 682 ὀφθαλμοῖς

2144 704 2478 778 παραλαϐεῖν
2527 704 2637 757 τῶν
2690 704 3000 758 ἀποστόλων
3045 704 3173 766 τοὺς
3226 702 3445 767 κόπους,
3501 703 3602 755 οὑκ
3634 704 3717 769 είς

2142 800 2298 853 κενὸν
2338 796 2733 869 γεγενημένους
2774 797 2880 850 ἀπὸ
2920 796 3021 866 τῆς
3057 796 3147 848 ὑπ’
3175 794 3351 849 αὐτῶν
3380 794 3719 869 ἱδρυνθεισης

2142 892 2265 946 καθ’
2294 892 2421 963 ὅλης
2445 891 2546 961 τῆς
2568 890 2891 961 οἰκουμένης
2927 887 3249 958 Ἐκκλησίας
3269 904 3284 918 ⁸
3314 890 3409 941 καὶ
3441 888 3509 941 τὰ
3549 889 3718 943 τέκνα

2144 982 2323 1038 αὐτῶν
2347 986 2402 1036 ἐν
2428 981 2650 1054 Χριστῷ
2675 980 3003 1053 γεννηθέντα
3023 978 3108 1032 διὰ
3124 979 3221 1051 τῆς
3247 978 3341 1032 τοῦ
3355 978 3579 1052 λουτροῦ
3611 998 3720 1037 πα·-

2144 1074 2497 1146 λιγγενεσίας.

2216 1187 2237 1219 ι
2262 1168 2371 1222 Καὶ
2396 1166 2545 1219 ἐσται
2576 1164 2704 1237 πρὶν
2729 1163 2762 1235 ἢ
2794 1164 3055 1236 κεκράξαι
3094 1164 3310 1227 αὐτοὺς,
3341 1162 3451 1233 ἐγὼ
3479 1164 3721 1220 ὑπακού-

2146 1277 2309 1332 σομαι
2334 1259 2511 1314 αὐτῶν
2530 1276 2545 1288 ο
2572 1258 2650 1311 ἐτι
2682 1256 2982 1311 λαλούντων
3008 1257 3185 1311 αὐτῶν
3218 1257 3346 1328 ἐρῶ*
3381 1257 3446 1311 Τί
3472 1261 3656 1325 ἐστιν;
3693 1279 3714 1314 ι

2149 1354 2217 1405 "A
2245 1353 2308 1424 δὴ
2345 1353 2437 1405 καὶ
2471 1350 2771 1422 ἐπληροῦτο
2810 1350 2902 1402 ἐπὶ
2929 1349 3037 1402 τῶν
3068 1349 3325 1421 Πράξεων
3346 1350 3453 1404 τῶν
3484 1351 3719 1405 ἀποστό-

2144 1444 2272 1497 λων⁴
2312 1442 2483 1497 πολλά
2522 1443 2629 1513 γὰρ
2671 1444 2871 1512 σημεῖα
2906 1442 3007 1495 καὶ
3049 1442 3251 1513 τέρατα
3280 1444 3578 1514 ἐνηργεῖτο,
3622 1442 3717 1496 τοῦ

2144 1535 2277 1590 Θεοῦ
2323 1536 2505 1598 αὐτοῖς
2547 1532 2913 1605 παρεστῶτος.
2948 1526 3047 1587 Ὧν
3080 1534 3304 1588 τοιαῦτα
3334 1534 3718 1605 ἐνεργούντων,

2145 1625 2450 1689 ἀκολούθως
2502 1628 2534 1697 ή
2585 1625 2692 1678 τῶν
2754 1623 3066 1694 ἀλλοφύλων
3122 1625 3289 1679 ἐθνῶν
3348 1626 3558 1695 ἐγίνετο
3596 1629 3722 1680 ἐπι-

2149 1717 2374 1788 στροφῆς

544 1800 708 1858 Vens.
733 1803 822 1861 25.
863 1823 881 1856 ‹
912 1804 1060 1860 Tunc
1108 1807 1215 1877 lupi
1259 1816 1315 1862 et
1350 1807 1472 1877 agni
1522 1814 1813 1877 pascentur
1856 1805 2039 1871 simul,

2224 1827 2243 1859 ι
2285 1808 2418 1861 Τότε
2458 1805 2610 1859 λύκοι
2659 1806 2753 1860 καὶ
2792 1805 2954 1875 ἄρνες
2990 1805 3414 1877 βοσκηθήσονται
3461 1806 3596 1876 ἅμα,
3623 1806 3721 1860 καὶ

467 1903 528 1947 et
561 1895 643 1950 leo
673 1906 728 1950 ut
772 1897 867 1951 bos
912 1900 1156 1953 comedet
1196 1899 1399 1968 paleas,
1440 1914 1664 1968 serpens
1710 1909 1890 1953 autem
1935 1907 2045 1952 ter-

476 2003 591 2040 ram
624 1988 776 2057 quasi
812 2004 1025 2058 panem.
1078 1990 1193 2044 Non
1246 1993 1539 2056 nocebunt,
1574 2008 1747 2062 neque
1790 1993 2042 2047 devasta-

475 2076 608 2131 bunt
656 2080 708 2133 in
745 2091 928 2134 monte
975 2091 1162 2135 sancto
1199 2096 1340 2146 meo,
1375 2081 1507 2136 dicit
1540 2082 1819 2137 Dominus.
1845 2101 1863 2134 ι
1910 2080 2041 2135 Nam

470 2173 565 2239 qui
597 2169 745 2238 prius
776 2185 998 2239 rapaces
1023 2179 1076 2226 et
1104 2171 1312 2226 feroces
1340 2182 1514 2236 erant,
1546 2173 1616 2226 ita
1647 2182 1704 2227 ut
1732 2172 1877 2242 lupis
1903 2188 2047 2227 com-

472 2262 651 2330 parari
683 2272 935 2331 possent,
973 2263 1025 2316 in
1069 2272 1407 2317 mansuetum
1449 2278 1653 2319 morem
1697 2265 2041 2340 commutati,

470 2367 601 2408 cum
652 2354 805 2423 agnis
848 2363 903 2409 et
950 2354 1124 2409 bobus
1167 2355 1427 2425 gregatim
1472 2356 1790 2426 agebantur,
1831 2366 1889 2410 ut
1937 2372 2043 2412 uno

472 2444 776 2513 eodemque
820 2460 887 2499 ex
944 2444 1142 2499 divinis
1198 2445 1522 2502 lectionibus
1562 2456 1818 2516 excerpto
1875 2448 2044 2503 ratio-

477 2536 643 2593 nabili
679 2538 800 2593 cibo
844 2547 1143 2593 uterentur.
1184 2539 1285 2606 Qui
1326 2548 1503 2593 autem
1541 2540 1781 2594 moribus
1832 2539 1967 2594 nihil
2012 2555 2044 2595 a

475 2630 723 2684 leonibus
762 2630 1163 2699 discrepabant,
1200 2630 1314 2698 jam
1352 2645 1458 2685 non
1492 2630 1630 2685 ultra
1660 2630 1961 2686 carnivoris
1991 2639 2046 2685 et

468 2722 839 2791 sanguinariis
912 2722 1039 2778 feris
1091 2723 1329 2787 similes,
1390 2724 1552 2777 boum
1608 2723 1777 2777 instar
1822 2733 1878 2778 et
1942 2723 2043 2793 ipsi

469 2813 669 2869 divina:
710 2813 967 2869 doctrina:
1010 2815 1229 2869 herbam
1281 2814 1653 2870 comedebant.
1690 2813 1759 2869 Et
1798 2816 1889 2885 qui
1913 2815 2044 2871 olim

471 2912 780 2975 serpentem
835 2903 1131 2970 referebat,
1176 2913 1404 2972 atroque
1444 2920 1652 2959 veneno
1705 2905 1896 2974 plenus
1937 2905 2041 2973 vir,

476 2997 751 3065 repudiata
787 2994 1008 3059 malitia,
1043 3010 1233 3065 panem
1257 2997 1542 3051 comedet:
1575 3011 1672 3066 pro
1699 3006 1844 3051 terra
1869 3012 2036 3068 quam

475 3087 625 3154 prius
648 3087 864 3151 edebat,
890 3086 1197 3141 rationabili
1222 3096 1275 3142 et
1307 3088 1541 3142 humano
1572 3097 1733 3143 utens
1758 3087 2041 3144 alimento.

474 3178 659 3247 Usque
691 3177 825 3256 adeo
867 3187 1044 3233 autem
1092 3178 1397 3247 huiusmodi
1454 3178 1583 3235 fera:
1627 3190 2043 3247 mansuescent,

476 3282 535 3326 ut
571 3270 839 3327 neminem
885 3270 1081 3327 ltedant
1107 3271 1189 3326 vel
1231 3272 1573 3343 pessumdent
1610 3271 1665 3327 in
1702 3285 1884 3329 monte
1930 3272 2046 3329 Dei.

1036 3432 1266 3489 CAPUT
1299 3431 1483 3489 LXVI.

546 3548 709 3604 Vens.
737 3548 852 3602 l—‘5.
890 3566 908 3600 ι
937 3545 1030 3603 Sic
1079 3548 1205 3602 dicit
1254 3549 1536 3616 Dominus,
1571 3549 1777 3606 Caelum
1825 3553 2049 3607 thronus

474 3655 650 3706 meus,
683 3648 739 3694 et
780 3648 926 3693 terra
970 3638 1262 3693 scabellum
1298 3644 1490 3709 pedum
1525 3657 1792 3699 meorum.
1824 3644 2047 3709 Qualem

477 3734 694 3788 domum
744 3730 1085 3786 mdiﬁcabitis
1135 3730 1310 3784 mihi?
1355 3741 1410 3785 et
1455 3732 1578 3800 quis
1629 3732 1784 3787 locus
1832 3732 2041 3801 requie-

479 3823 638 3877 tionis
679 3822 844 3876 meae?
872 3822 993 3876 llzec
1023 3820 1165 3875 enim
1195 3822 1375 3876 omnia
1412 3822 1539 3878 fecit
1584 3838 1779 3877 manus
1829 3839 1967 3890 mea,
1996 3834 2050 3879 et

474 3916 589 3969 haec
631 3915 810 3967 omnia
841 3930 957 3967 mea
1002 3924 1159 3979 sunt,
1208 3914 1339 3970 dicit
1381 3916 1658 3970 Dominus.
1701 3914 1870 3981 Quem
1918 3931 2049 3971 vero

476 4007 787 4075 respiciam,
818 4007 920 4060 nisi
950 4008 1227 4071 humilem,
1264 4017 1317 4063 et
1353 4007 1614 4076 quietum,
1641 4016 1692 4061 et
1724 4016 2044 4061 trementem

472 4113 755 4154 sermones
783 4100 969 4154 meos?
1000 4098 1222 4169 Iniquus
1267 4109 1469 4161 autem,
1502 4099 1595 4167 qui
1642 4096 1884 4169 immolat
1914 4097 2042 4151 mihi

475 4189 722 4254 vitulum,
764 4190 916 4259 quasi
964 4191 1175 4246 occidat
1220 4205 1449 4245 canem:
1483 4191 1574 4261 qui
1618 4204 1749 4244 vero
1777 4187 1936 4243 oil’ert
1970 4189 2045 4243 si-

474 4282 681 4349 milam,
707 4283 859 4350 quasi
886 4281 1101 4337 suillum
1133 4283 1445 4351 sanguinem
1474 4299 1489 4336 :
1523 4281 1611 4351 qui
1643 4283 1735 4335 dat
1766 4282 2041 4336 incensum

474 4375 531 4428 in
563 4375 897 4437 memoriam,
942 4376 1094 4444 quasi
1127 4374 1499 4444 blasphemus.
1530 4373 1597 4427 Et
1630 4373 1732 4444 ipsi
1764 4374 2044 4444 elegerunt

2073 3141 2115 3198 C

2146 1900 2281 1953 λέων
2316 1899 2390 1961 ὼς
2421 1897 2545 1967 βοῦς
2582 1898 2812 1967 φάγεται
2835 1896 3031 1968 ἄχυρα,
3065 1896 3187 1966 ὄφις
3214 1897 3273 1950 δὲ
3305 1896 3408 1966 γῆν
3432 1896 3505 1959 ὡς
3536 1897 3721 1967 ἄρτον.

2146 1993 2260 2044 Οὒκ
2293 1990 2656 2061 ἀδικήσουσιν,
2701 1988 2821 2042 οὐδὲ
2851 1987 3212 2059 λυμανοῦνται
3256 1988 3351 2040 ἐπὶ
3391 1987 3471 2059 τῷ
3499 1987 3617 2059 ὄρει
3643 1987 3723 2059 τῷ

2145 2082 2286 2151 ἁγίῳ
2318 2098 2439 2151 μου,
2485 2079 2632 2148 λέγει
2665 2081 2887 2151 Κύριος.
2928 2098 2947 2131 ›
2983 2081 3044 2133 Οί
3092 2078 3199 2151 γὰρ
3253 2079 3513 2150 πρότερον
3540 2080 3713 2151 ἁρπα·

2146 2174 2322 2226 κτικοὶ
2346 2174 2441 2226 καὶ
2453 2170 2756 2244 θηριώδεις,
2770 2172 2849 2235 ὡς
2871 2170 3055 2235 λύκοις
3071 2170 3529 2242 παραϐάλλεσθαι,
3551 2188 3722 2243 μετα-

2147 2263 2460 2334 ϐαλλόμενοι
2509 2264 2601 2317 ἐπὶ
2650 2263 2710 2316 τὸ
2753 2264 2979 2337 ἥμερον,
3014 2265 3229 2334 ἀρνίοις
3253 2264 3347 2316 καὶ
3381 2264 3561 2333 βουσὶν
3596 2280 3725 2317 συν.

2145 2354 2485 2429 ηγελάζοντο,
2517 2354 2592 2418 ὡς
2617 2356 2744 2426 μιᾶς
2758 2355 2851 2407 καὶ
2862 2358 2961 2426 τῆς
2979 2355 3147 2426 αὐτῆς
3163 2355 3593 2427 μεταλαμϐάνειν
3619 2340 3725 2425 τῆς

2145 2448 2253 2503 ἀπὸ
2284 2447 2390 2500 τῶν
2439 2446 2596 2499 θείων
2641 2446 3085 2517 ἀναγνωσμάτων
3128 2446 3350 2517 λογικῆς
3392 2447 3616 2517 τροφῆς.
3653 2446 3721 2500 Οἱ

2144 2541 2201 2594 δὲ
2246 2542 2357 2603 τοῖς
2400 2538 2620 2611 τρόποις
2667 2538 2895 2592 λεόντων
2935 2538 3085 2593 οὐδὲν
3126 2540 3503 2610 διαφέροντες,
3538 2538 3725 2592 οὐκέτι

2147 2630 2534 2703 σαρκοφάγοις,
2564 2628 2690 2683 οὐδὲ
2726 2626 3032 2699 ὠμοϐόροις
3058 2627 3251 2699 θηρσὶν
3280 2628 3534 2692 ἐοικότες,
3565 2626 3705 2697 δίκηο

2148 2723 2286 2793 βοῶν
2316 2723 2409 2775 καὶ⁸
2428 2723 2581 2775 αὐτοὶ
2605 2720 2703 2793 τὴν
2732 2720 2839 2774 ἀπὸ
2864 2720 2964 2791 τῆς
2992 2719 3176 2773 ἐνθέου
3202 2718 3546 2783 διδασκαλίας
3583 2718 3725 2774 πόαν

2146 2814 2353 2886 ῆσθιον.
2411 2814 2519 2867 Καὶ⁹
2551 2814 2579 2865 ὁ
2618 2811 2784 2866 πάλαι
2811 2810 2876 2883 δὴ
2913 2811 3175 2881 πρότερον
3205 2810 3461 2881 όφιώδης,
3491 2810 3584 2864 καὶ
3638 2808 3724 2864 los

2150 2908 2344 2980 μεστὸς
2393 2908 2553 2978 ἀνὴρ,
2585 2905 2899 2968 ἀποπτύσας
2941 2904 3040 2975 τὴν
3083 2907 3141 2957 ἐν
3190 2902 3338 2973 αὑτῷ
3367 2902 3586 2967 κακίαν,
3628 2901 3725 2957 τὸν

2148 2999 2310 3072 ἄρτον
2331 2999 2581 3069 φάγεται,
2612 2999 2784 3069 τροφῇ
2808 2996 3000 3066 λογικῇ
3034 2995 3128 3049 καὶ
3165 2994 3482 3067 ἀνθρωπίνῃ
3507 2993 3725 3066 χρώμεο

2147 3108 2255 3155 νος,
2287 3090 2403 3145 ἀνθ’
2427 3086 2497 3164 ἦς
2521 3089 2675 3161 ῆσθιε
2719 3088 2982 3161 πρότερον
3018 3090 3142 3159 γῆς.
3181 3085 3337 3140 Οὕτω
3374 3086 3432 3139 δὲ
3473 3087 3522 3139 οἱ
3558 3084 3725 3156 θῆρες

2149 3178 2294 3238 οῦτοι
2353 3182 2880 3255 ἐξημερωθήσονται,
2931 3180 3007 3244 ὡς
3059 3179 3262 3251 μηδένα
3313 3180 3539 3248 ἀδικεῖν,
3585 3178 3723 3251 μηδὲ

2149 3274 2496 3349 λυμαίνεσθαι
2522 3290 2676 3338 τινας
2695 3276 2751 3327 ἐν
2783 3271 2861 3345 τῷ
2891 3272 3007 3344 ὄρει
3044 3272 3138 3325 τοῦ
3161 3271 3318 3325 Θεοῦ.

2654 3431 3048 3487 ΚΕΦΑΛΔΙΟΝ
3107 3427 3244 3498 squ

2223 3564 2243 3597 ι
2277 3544 2460 3608 Οῦτως
2485 3544 2629 3614 λέγει
2655 3544 2878 3616 Κύριος
2920 3546 2976 3599 ’0
3002 3544 3229 3616 οὐρανός
3259 3561 3368 3614 μου.
3390 3542 3598 3615 θρόνος,
3624 3544 3725 3597 καὶ

2148 3638 2182 3708 ἠ
2215 3636 2286 3706 γῆ
2320 3636 2605 3692 ὑποπόδιον
2638 3635 2746 3689 τῶν
2774 3636 2953 3690 ποδῶν
2990 3654 3112 3706 μου.
3148 3637 3306 3689 Ποῖον
3335 3629 3483 3691 οἷκον
3515 3635 3725 3689 οἰκοδο-

2153 3729 2352 3801 μήσετέ
2385 3747 2473 3801 μοι
2498 3746 2512 3794 ;
2544 3730 2636 3782 καὶ
2663 3731 2813 3792 ποῖος
2834 3728 2997 3793 τόπος
3021 3728 3122 3799 τῆς
3152 3726 3549 3790 καταπαύσεώς
3580 3744 3722 3796 μου;

2149 3821 2333 3873 Πάντα
2373 3819 2481 3890 γὰρ
2526 3817 2699 3871 ταῦτα
2747 3817 3001 3888 ἐποίησεν
3042 3819 3075 3887 ἡ
3119 3818 3241 3888 χείρ
3277 3833 3399 3887 μου,
3446 3814 3538 3869 καὶ⁵
3576 3815 3725 3868 ἐστιν

2148 3913 2255 3984 ἐμὰ
2290 3912 2468 3966 πάντα
2507 3911 2702 3976 ταῦτα,
2738 3911 2885 3980 λέγει
2923 3910 3144 3981 Κύριος.
3179 3911 3285 3962 Καὶ
3322 3908 3415 3961 ἐπὶ
3446 3908 3566 3961 τίνα
3597 3908 3724 3961 ἐπιπ-

2148 4003 2347 4074 ϐλέψω,
2379 4002 2492 4057 ἀλλ’
2516 4004 2549 4073 ἢ
2572 4002 2665 4055 ἐπὶ
2689 4002 2777 4055 τὸν
2803 4000 3057 4055 ταπεινὸν
3087 4000 3181 4053 καὶ
3211 3998 3453 4069 ἡσύχιον,
3479 3997 3574 4051 καὶ
3592 3997 3723 4068 τρέ-

2150 4114 2315 4168 μοντα
2347 4097 2475 4161 τοὺς
2505 4096 2696 4165 λόγους
2742 4112 2875 4168 μου;
2934 4096 2991 4148 '0
3021 4094 3079 4147 δὲ
3120 4093 3322 4163 ἄνομος
3362 4093 3391 4144 6
3440 4090 3582 4144 θύων
3629 4107 3723 4161 μοι

2150 4190 2366 4261 μόσχον,
2394 4189 2469 4254 ὡς
2499 4191 2831 4245 ἀποκτείνων
2856 4189 2993 4244 κύνα
3012 4207 3027 4220 ·
3051 4190 3079 4241 ὁ
3105 4188 3161 4242 δὲ
3185 4188 3473 4259 ἀναφέρων
3504 4186 3723 4258 σεμίδα-

2144 4281 2247 4347 λιν,
2281 4281 2356 4344 ὡς
2388 4276 2522 4352 αἷμα
2544 4281 2712 4335 ὕειον·
2746 4284 2773 4335 ό
2800 4282 2974 4345 διδοὺς
3002 4280 3217 4335 λίϐανον
3244 4281 3323 4342 εἰς
3356 4279 3719 4350 μνημόσυνον,

2144 4373 2220 4433 ὡς
2248 4373 2583 4445 βλάσφημος.
2634 4374 2743 4427 Καὶ
2775 4374 2929 4426 αὐτοὶ
2962 4372 3272 4440 ἐξελέξαντο
3302 4373 3401 4436 τὰς
3428 4372 3582 4435 ὁδοὺς
3626 4372 3723 4426 αὐ-

474 4465 592 4521 vias
624 4480 769 4530 suas,
803 4474 858 4519 et
886 4465 1314 4520 abominationes
1353 4467 1589 4537 ipsorum
1632 4467 1810 4520 anima
1855 4480 2040 4521 eorum

2147 4463 2274 4528 τῶν,
2305 4465 2399 4518 καί⁸
2428 4464 2496 4517 τὰ
2530 4463 2869 4534 βδελύγματα
2907 4462 3085 4517 αὐτῶν
3120 4465 3153 4534 ἠ
3191 4462 3338 4533 ψυχὴ
3379 4460 3557 4516 αὐτῶν
3595 4460 3721 4531 ἠθέ-

477 4557 707 4613 voluit.»
745 4555 859 4611 Non
888 4557 1033 4611 enim
1072 4557 1207 4621 haec,
1248 4557 1446 4627 inquit,
1488 4557 1740 4613 voluntas
1778 4573 1919 4624 mea,
1953 4575 2046 4613 ne-

475 4664 581 4717 que
615 4663 744 4703 mea:
792 4648 1094 4716 huiusmodi
1130 4650 1250 4715 vias,
1282 4650 1376 4705 sed
1419 4649 1488 4703 ad
1533 4648 1761 4705 lubitum
1795 4659 1849 4706 et
1879 4650 2046 4721 placi-

438 4812 441 4815 ἰ
479 4751 589 4793 tum
617 4755 801 4795 eorum
830 4749 972 4795 sum.

443 4830 450 4885 ἶ
552 4830 791 4887 νεΒε.4.
833 4849 853 4882 ‹
885 4830 951 4885 Ει
995 4846 1094 4900 ego
1137 4831 1367 4901 deligam
1412 4832 1695 4888 illusiones
1739 4849 1948 4900 eorum,
1994 4842 2050 4890 et

476 4936 696 4995 peccata
741 4925 1037 4979 retribuam
1082 4926 1161 4979 eis
1196 4944 1212 4979 :
1259 4926 1383 4994 quia
1424 4927 1612 4980 vocavi
1676 4940 1807 4991 eos,
1840 4936 1893 4980 et
1934 4940 2041 4980 non

475 5019 830 5072 exaudierunt
856 5032 968 5085 me;
1002 5017 1213 5073 locutus
1242 5032 1384 5085 sum,
1410 5028 1465 5073 et
1492 5033 1599 5072 non
1630 5018 1917 5073 audierunt
1944 5036 1957 5072 :
1989 5027 2045 5073 et

475 5112 719 5166 fecerunt
756 5109 954 5164 malum
986 5109 1038 5163 in
1062 5120 1352 5181 conspectu
1379 5125 1518 5174 meo,
1543 5120 1599 5163 et
1630 5125 1748 5179 qua:
1792 5110 2039 5164 nolebam

474 5204 813 5269 elegerunt.»
859 5200 1207 5267 Quandonatn
1255 5210 1431 5254 autem
1481 5210 1760 5254 voeantem
1808 5215 1910 5254 non
1956 5200 2040 5253 in-

477 5293 834 5359 tellexerunt,
881 5295 981 5349 nisi
1027 5292 1241 5363 quando
1271 5306 1507 5360 praesens
1550 5290 1684 5361 ipsis
1730 5289 2037 5355 clamabat,

481 5405 499 5437 ι
527 5384 713 5439 Venite
736 5388 802 5438 ad
831 5402 913 5441 me
937 5402 1149 5462 omnes,
1170 5385 1261 5455 qui
1288 5383 1546 5440 laboratis
1569 5392 1622 5439 et
1649 5382 1861 5438 onerati
1882 5382 2037 5450 estis,

472 5488 527 5534 et
551 5491 654 5547 ego
685 5479 921 5534 reliciam
953 5495 1048 5537 vos
1069 5479 1147 5533 ὀἳ
1178 5497 1197 5532 ι

548 5569 710 5627 Vens.
735 5571 790 5629 5.
830 5590 850 5625 ι
879 5572 1072 5629 Audite
1102 5574 1267 5629 verba
1312 5569 1545 5637 Domini,
1581 5567 1672 5641 qui
1711 5565 1943 5624 tremitis
1973 5567 2039 5622 ad

545 5755 590 5788 ”
630 5756 814 5813 Matth.
844 5772 919 5812 XI.
946 5755 1035 5809 ‘38.

543 5830 572 5851 Α

2144 4556 2293 4627 λησε.
2332 4575 2351 4607 ι
2404 4556 2478 4609 υὺ
2516 4554 2623 4627 γὰρ
2669 4555 2778 4626 ἐμὰ
2813 4555 3008 4620 ταῦτα,
3059 4562 3213 4626 φησι,
3261 4555 3561 4625 θελήματα,
3596 4553 3720 4607 οὐδὲ

2143 4649 2267 4718 ἐμοὶ
2302 4647 2358 4700 αἱ
2390 4646 2499 4700 όδοὶ
2526 4640 2711 4713 αὕτως
2734 4647 2870 4703 ἀλλά
2893 4648 2991 4720 τῆς
3017 4646 3196 4702 αὐτῶν
3223 4646 3593 4719 προαιρέσεως
3624 4662 3721 4700 κα-

2144 4738 2405 4809 ταθύμια.
2954 4730 2959 4733 Δ

2224 4850 2242 4883 ι
2278 4831 2388 4885 Καὶ
2439 4830 2548 4901 ἐγὼ
2584 4832 2871 4904 ἐκλέξομαι
2902 4832 2971 4887 τὰ
3004 4832 3365 4904 ἐμπαίγματα
3394 4832 3595 4897 αὐτῶν,
3625 4831 3719 4885 καὶ

2142 4919 2243 4984 τὰς
2283 4920 2557 4992 ἁμαρτίας
2599 4920 2965 4975 ἀνταποδώσω
2999 4923 3183 4985 αὐτοῖς
3229 4924 3310 4975 ὅτι
3349 4920 3580 4975 ἐκάλεσα
3624 4920 3718 4973 αύ-

2143 5014 2288 5076 τοὺς,
2345 5012 2438 5065 καὶ
2482 5013 2580 5084 οὐχ
2618 5014 2933 5084 ὑπήκουσάν
2988 5030 3125 5087 μου·
3181 5014 3437 5084 ἐλάλησα,
3483 5014 3578 5066 καὶ
3619 5013 3717 5065 οὐκ

2144 5106 2401 5177 ἥκουσανο
2450 5107 2542 5159 καὶ
2591 5106 2850 5177 ἐποίησαν
2897 5107 2962 5161 τὸ
3010 5108 3242 5181 πονηρὸν
3274 5108 3516 5162 ἐναντίον
3561 5105 3713 5176 ἐμοῦ,

2144 5200 2236 5253 καὶ
2257 5198 2292 5253 ὃ.
2323 5202 2422 5251 οὐκ
2450 5198 2745 5269 ἐϐουλόμην
2769 5200 3100 5267 ἐξελέξαντο.
3132 5221 3151 5253 ι
3184 5202 3320 5254 Πότε
3346 5201 3403 5253 δὲ
3430 5199 3713 5254 καλοῦντος

2147 5291 2344 5355 αὐτοὺς
2397 5290 2457 5344 ού
2492 5291 2755 5362 συνῆκαν,
2803 5292 2837 5364 ἢ
2872 5294 2961 5347 ὅτε
3010 5295 3192 5357 αὐτοῖς
3225 5292 3526 5363 συντρίϐων
3564 5290 3709 5343 ἐϐόα·

2154 5402 2172 5435 ι
2208 5382 2370 5437 Δεῦτε
2404 5383 2541 5455 πρὸς
2575 5382 2664 5455 μὲ,
2696 5384 2897 5448 πάντες
2928 5386 2974 5437 οἱ
3008 5384 3302 5449 κοπιῶντες
3337 5385 3431 5439 καὶ
3467 5397 3711 5453 πεφορτι-

2148 5476 2356 5546 σμένοι,
2388 5473 2541 5545 κάγὼ
2572 5476 2871 5530 ἀναπαύσω
2897 5476 3075 5545 ύμᾶς;
3114 5494 3133 5528 ι

2223 5588 2242 5621 ι
2288 5569 2577 5623 Ἀκούσατε
2604 5571 2822 5643 ῥήματα
2854 5567 3059 5640 Κυρίου
3119 5570 3168 5623 οἱ
3188 5568 3482 5641 τρέμοντες
3514 5566 3608 5621 τὸν
3631 5562 3713 5619 λό-
