4108 6204
347 314 448 370 512
1264 322 1768 383 COMMENTAR‘IA
1806 328 1874 384 IN

1978 318 2275 389 At.tu.'—
2311 337 2462 395 CAP.
2506 339 2690 397 m1.
3477 353 3579 409 513

340 456 439 507 γον
469 439 663 493 αὐτοῦ.
687 441 905 507 Εἴπατε,
931 441 1149 512 ἀδελφοὶ
1172 445 1203 515 ἠ
1211 444 1348 516 μῶν,
1372 451 1484 511 τοῖς
1510 450 1755 519 μισοῦσιν
1779 454 1876 525 ὑμέ

1976 467 1996 522 ι
2024 473 2329 515 sermonem
2356 459 2493 529 ejus.
2526 462 2716 526 Dicite,
2742 461 2938 520 fratres
2967 465 3161 533 nostri,
3186 466 3488 525 odientibus
3526 481 3581 526 et

339 530 440 583 καὶ
486 530 943 602 βδελυσσομένοις,
980 534 1066 586 ἵνα
1101 536 1163 589 τὸ
1200 537 1369 609 ὖνομα
1421 542 1627 611 Κυρίου
1659 543 1876 617 δοξασθῇ

2014 550 2454 607 abominantibus
2501 568 2613 617 vos,
2655 564 2713 608 ut
2742 571 2936 611 nomen
2971 557 3181 613 Domini
3226 559 3577 629 gloriﬁcetur,

338 624 438 676 καὶ
468 624 608 695 ὀφθῇ
632 626 687 678 ἐν
711 628 771 696 τῇ
794 626 1097 701 εὐφροσύνῃ
1125 630 1323 699 αὐτῶν,
1359 634 1450 687 καὶ
1478 636 1672 689 ἐκεῖνοι
1692 638 1876 709 αίσχυν

2011 649 2065 695 et
2106 641 2350 695 videatur
2374 642 2428 695 in
2464 644 2644 698 laetitia
2672 659 2881 709 corum,
2910 656 2966 701 et
2999 648 3070 701 illi
3102 624 3523 705 confundeutur.

322 710 624 782 θήσονται.
671 733 690 765 ι
727 715 1094 784 Εύαγγελικὸν
1124 720 1304 784 αὐτοῖς
1338 723 1665 795 παραδίδωσι
1700 729 1876 800 παράγ

2010 730 2381 802 Evangelicum
2416 733 2545 802 ipsis
2580 746 2901 805 praeceptum
2950 739 3139 800 tradit.
3185 741 3320 794 nihil
3366 742 3576 797 discre-

341 805 527 876 γελμα
555 806 699 859 ούδὲν
722 807 974 879 διαφέρον
1008 811 1124 877 τοῦ,
1162 830 1181 866 ι
1238 814 1508 883 Ἀγαπᾶτε
1531 819 1657 882 τοὺς
1684 821 1875 891 ὲχθροὺ

2007 837 2140 891 pans
2166 823 2232 877 ab
2265 836 2351 887 eo,
2390 841 2408 874 ι
2441 822 2655 894 Diligite
2693 826 2941 882 inimicos
2979 841 3223 898 vestros,
3270 832 3575 889 benefacite

326 895 517 966 ὑμῶν,
551 897 725 960 καλῶς
751 902 957 953 ποιεῖτε
988 902 1113 965 τοὺς
1136 902 1449 974 μισοῦντας
1482 908 1646 979 ὑμᾶς,
1680 912 1876 982 προσεύ

2005 914 2094 979 iis,
2125 915 2217 985 qui
2250 907 2479 971 oderunt
2508 932 2620 981 vos,
2651 929 2802 973 orate
2841 936 2938 987 pro
2982 919 3337 990 aﬂligentibus
3373 936 3427 981 et
3455 942 3575 995 per-

343 988 512 1083 ἕεσθεᾲ
530 989 665 1061 ὑπὲρ
692 991 800 1045 τῶν
834 995 1252 1067 ἐπηρεαζόντων
1278 1000 1423 1070 ὑμᾶς
1460 1002 1557 1055 καί⁸
1583 1003 1876 1058 διωκόντων

2005 1005 2351 1073 sequentibus
2386 1021 2516 1072 vos;
2560 1020 2617 1060 ut
2659 1009 2777 1062 sitis
2814 1009 2904 1062 lilii
2940 988 3116 1064 Patris
3152 1010 3337 1078 vestri,
3369 988 3469 1083 qui
3490 1023 3574 1067 est

341 1081 425 1175 ἵνα
452 1081 677 1152 γένησθε
706 1085 814 1138 υἱοὶ
840 1087 932 1139 τοῦ
957 1087 1171 1161 Πατρὸς
1201 1090 1352 1161 ὑμῶν
1372 1092 1463 1146 τοῦ
1492 1097 1548 1147 ὲν
1579 1097 1845 1165 οὐρανοῖς.

2004 1100 2058 1151 in
2089 1098 2238 1153 cmlis
2262 1099 2327 1152 ³¹.
2357 1117 2376 1150 ι
2417 1099 2614 1155 Eadem
2646 1100 2868 1169 prursus
2900 1106 3220 1175 praecipitet
3254 1081 3409 1161 docet
3441 1122 3569 1175 pro-

322 1170 491 1224 Ὀὕτω
519 1174 613 1226 καὶ
646 1175 679 1245 ἡ
712 1178 1019 1248 προφητεία
1052 1180 1483 1251 παρακελεύεται
1517 1186 1612 1239 καὶ
1641 1186 1898 1248 διδάσκει.
2001 1187 2206 1256 phetia.

406 1282 426 1313 Ι
466 1265 622 1343 Φωνὴ
663 1268 911 1338 κραυγῆς
944 1270 1007 1323 ὲκ
1036 1270 1260 1336 πόλεως,
1291 1276 1441 1347 φωνὴ
1474 1276 1539 1329 ὲκ
1567 1277 1716 1341 ναοῦ,
1752 1280 1876 1346 φωνέ

2074 1277 2234 1334 Vens.
2261 1279 2312 1334 6.
2351 1298 2370 1331 ι
2402 1278 2515 1336 Vox
2558 1280 2809 1337 clamoris
2848 1296 2913 1336 ex
2958 1284 3194 1348 civitate,
3236 1300 3338 1339 vox
3371 1300 3401 1340 e
3434 1295 3569 1340 tem-

326 1354 535 1425 Κυρίου
582 1357 1023 1424 ἀνταποδιδόντος
1053 1362 1405 1418 ἀνταπόδοσιν
1438 1370 1549 1431 τοῖς
1597 1369 1876 1440 ἀντικειμέη

2001 1367 2106 1439 plo.
2135 1384 2233 1423 vox
2268 1369 2475 1424 Domini
2510 1372 2854 1427 retribuentis
2884 1374 3289 1427 retributionem
3321 1376 3570 1428 adversa-

326 1462 459 1509 νοις.
502 1466 519 1498 ι
553 1448 615 1500 Εἰ
659 1448 768 1521 γὰρ
799 1451 967 1506 ταῦτα
999 1454 1307 1525 πράττοιτο,
1352 1458 1503 1528 ὑμῶν
1540 1459 1637 1530 μὲν
1668 1461 1809 1515 κατὰ
1840 1463 1876 1514 τέ

2005 1461 2153 1516 riis.»
2188 1460 2318 1514 Nam
2345 1462 2387 1516 si
2428 1462 2539 1516 tunc
2570 1473 2816 1531 agantur,
2848 1464 3025 1518 lzetitia
3057 1476 3253 1530 vestra,
3280 1466 3569 1520 accedente

322 1538 477 1601 τέλος
503 1539 611 1593 τῶν
636 1542 879 1611 ἀμοι6ῶν
903 1545 1203 1618 εὐφροσύνη
1230 1547 1451 1618 ἔκδηλος
1480 1549 1627 1605 ἔσται
1658 1555 1771 1617 τοῖς
1797 1556 1876 1608 πᾶ

1997 1550 2339 1617 praemiorum
2378 1560 2637 1619 tempore,
2680 1554 2932 1608 omnibus
2984 1555 3267 1609 manifesta
3307 1556 3450 1611 erit:
3489 1556 3564 1611 illi

324 1647 428 1683 σιν·
469 1634 667 1685 ἐκεῖνοι
698 1633 754 1686 δὲ
801 1638 1347 1709 καταισχυνθήσονται
1376 1641 1436 1693 τὸ
1470 1643 1731 1717 ὑμέτερον
1769 1644 1876 1698 θεα·

1996 1652 2125 1691 vero
2194 1637 2352 1691 ﬁnem
2418 1650 2654 1693 vestrum
2715 1644 3008 1712 conspicati
3066 1644 3457 1700 confundentur
3509 1658 3566 1703 et

323 1723 553 1794 σάμενοι
597 1724 766 1789 τέλος,
804 1728 897 1780 καὶ⁵
942 1725 1039 1798 τὴν
1087 1729 1292 1783 ἑαυτῶν
1322 1731 1594 1787 ἀπώλειαν
1635 1734 1773 1788 κατὰ
1804 1737 1876 1789 τὸη

1998 1744 2149 1783 suam
2194 1728 2381 1798 judicii
2438 1731 2602 1785 divini
2663 1741 2904 1802 tempore
2963 1738 3253 1804 perniciem
3309 1740 3567 1809 Operibus

318 1816 422 1888 τῆς
452 1813 845 1889 δααιόκρισίας
878 1820 1065 1891 καιρὸν
1090 1821 1181 1874 τοῦ
1212 1822 1346 1876 Θεοῦ
1375 1822 1557 1895 ἔργοις
1587 1826 1876 1899 μαθησόμε·

1998 1821 2253 1875 ediscent.
2284 1839 2303 1871 ι
2330 1819 2457 1877 ,Vox
2511 1822 2761 1877 clamoris
2820 1838 2884 1878 ex
2919 1827 3154 1890 civitate,
3215 1842 3315 1881 vox
3356 1843 3387 1883 e
3418 1838 3560 1883 tem-

320 1928 422 1965 νοι.
479 1929 499 1962 ι
538 1912 692 1983 Φωνὴ
726 1914 974 1984 κραυγῆς
1015 1915 1079 1968 ὲκ
1112 1916 1338 1981 πόλεως,
1390 1919 1541 1989 φωνὴ
1588 1921 1651 1973 ὲκ
1682 1920 1831 1985 ναοῦ,
1867 1939 1876 1972 ι

1992 1912 2097 1980 plo.
2126 1930 2144 1962 ι
2189 1910 2356 1966 Voces
2400 1912 2610 1981 quidem
2643 1912 2760 1967 alia:
2797 1915 2991 1969 civium
3031 1918 3444 1972 exclamantium
3490 1934 3559 1974 ex

320 2004 380 2055 αἱ
428 2003 527 2073 μὲν
556 2000 615 2067 ἐξ
641 2004 806 2074 αὐτῆς
834 2008 932 2075 τῆς
960 2005 1166 2070 πόλεως
1198 2007 1305 2062 τῶν
1336 2009 1632 2079 οἰκητόρων
1664 2010 1876 2065 ἐκϐοῶν

1992 2004 2242 2085 civitate,
2314 2003 2431 2058 alia:
2502 2018 2565 2057 ex
2628 2006 2826 2073 templo
2903 2007 3147 2072 emissae,
3218 2012 3555 2064 sacerdotum

317 2114 453 2159 των,
484 2096 633 2149 αἰδὲ
676 2096 735 2160 ἐξ
769 2096 935 2151 αὐτοῦ
962 2096 1055 2151 τοῦ
1088 2100 1237 2167 ναοῦ,
1277 2101 1385 2154 τῶν
1432 2102 1619 2174 ἱερέων
1648 2105 1741 2158 καὶ
1784 2104 1891 2159 τῶν

315 2188 523 2241 λοιπῶν
551 2188 874 2261 λειτουργῶν
902 2191 1366 2262 άποκλαιομένων.

396 2298 416 2332 ι
450 2281 587 2351 Πρὶν
618 2280 715 2352 τὴν
754 2281 1049 2336 ὠδίνουσαν
1072 2285 1273 2351 τεκεῖν,
1300 2284 1433 2355 πρὶν
1462 2285 1634 2340 ἐλθεῖν
1662 2287 1753 2341 τὸν
1786 2287 1888 2342 πό-

318 2390 409 2426 νον
460 2374 570 2428 τῶν
615 2374 839 2439 ὠδίνων,
890 2375 1141 2446 ἐξέφυγε,
1188 2378 1280 2431 καὶ
1324 2378 1508 2433 ἔτεκεν
1556 2380 1740 2452 ἄρσεν.
1793 2381 1889 2445 Τίς

318 2465 518 2534 ἤκουσε
566 2465 807 2531 τοιοῦτο;
842 2466 937 2520 καί⁸
987 2468 1067 2532 τίς
1104 2466 1343 2539 ἑώρακεν
1388 2469 1594 2536 οὓτως;
1636 2471 1698 2523 El
1732 2469 1887 2525 ῶδινε

317 2556 388 2624 γῆ
420 2555 481 2605 ὲν
520 2555 702 2627 ἡμέρᾳ
737 2558 854 2626 μιᾷ,
888 2556 921 2627 ἦ
974 2557 1067 2610 καὶ
1098 2557 1288 2630 ἐτέχθη
1323 2558 1473 2623 ἔθνος
1512 2561 1765 2628 εἰσάπαξ,
1802 2561 1885 2616 ὅτι

312 2645 475 2699 ὧδινε
504 2647 598 2700 καὶ
629 2647 781 2700 ἔτεκε
814 2647 952 2702 Σιὼν
980 2648 1048 2702 τὰ
1076 2650 1263 2704 παιδία
1295 2652 1502 2721 αύτῆς;
1547 2671 1565 2703 ι
1603 2653 1676 2705 Τὸ
1706 2652 1886 2706 θεοσε-

316 2740 411 2803 6ὲς
453 2739 771 2810 πολίτευμα,
807 2742 897 2794 καὶ
925 2744 957 2812 ἠ
992 2743 1149 2815 καινὴ
1180 2744 1271 2796 καὶ
1299 2742 1393 2797 νέα
1428 2742 1584 2809 Σιὼν,
1623 2743 1820 2816 δηλαδὴ
1848 2746 1882 2815 ὴ

330 2829 622 2901 Ἐκκλησία
663 2829 755 2884 τοῦ
801 2830 958 2895 Θεοῦ,
992 2834 1024 2901 ἡ
1063 2831 1129 2884 δι’
1172 2832 1325 2904 ὑμῶν
1358 2832 1754 2904 συστησομένη,
1795 2850 1883 2885 το-

318 2919 508 2981 σοῦτον
539 2920 748 2991 ἀθρόως
779 2922 1027 2992 γεννήσει
1059 2921 1262 2993 πλῆθος
1290 2921 1458 2977 ὲθνῶν
1496 2922 1589 2976 καὶ
1613 2922 1775 2988 λαῶν,
1806 2924 1882 2988 ὡς

315 3013 654 3084 ἐκπλαγῆναι
679 3013 768 3066 τὸν
794 3012 1079 3067 ἀκούοντα.
1108 3008 1209 3067 Οἷα
1231 3014 1339 3087 γάρ
1359 3032 1442 3077 τις
1468 3015 1723 3087 ἐγκύμων
1744 3014 1881 3088 γυνὴ

313 3105 455 3159 κατὰ
504 3104 739 3175 γαστρὸς
787 3105 1003 3177 ἔχουσα,
1043 3106 1311 3177 μηδεμιᾶς
1352 3106 1537 3171 ὠδῖνος
1587 3124 1879 3180 προσγενο-
1906 3147 1948 3205 c

314 3198 503 3268 μένης,
553 3197 811 3265 αἰφνίδιον
852 3199 1160 3269 γεννήσειε,
1208 3198 1302 3253 καὶ
1344 3198 1502 3254 τοῦτο
1555 3201 1738 3272 ἄρσεν·
1787 3201 1876 3256 τὸν

309 3289 474 3342 αὑτὸν
501 3290 700 3360 τρόπον
734 3290 827 3342 καὶ
854 3291 887 3361 ἡ
920 3288 1017 3344 νέα
1054 3289 1191 3344 Σιὼν
1236 3289 1363 3346 λαὸν
1408 3291 1592 3344 καινὸν
1626 3292 1718 3345 καὶ
1759 3292 1877 3347 ὅλον

312 3382 463 3445 ἔθνος
489 3382 721 3448 εἰσάπαξ
751 3380 959 3454 ἀθρόως
986 3381 1229 3447 τέξεται·
1262 3382 1338 3445 ὡς
1364 3377 1501 3435 εἷναι
1529 3380 1593 3436 τδ
1631 3385 1739 3436 πᾶν
1768 3402 1873 3439 πα-

315 3473 685 3543 ραδοξότατον,
716 3467 827 3525 οἷον
855 3471 1196 3527 οὐδεπώποτε
1226 3472 1490 3544 ἠκούσθη.
1531 3474 1603 3527 Τὸ
1639 3475 1737 3545 μὲν
1768 3475 1877 3547 γὰρ

320 3562 588 3616 Ἰουδαίων
628 3562 797 3628 ἔθνος,
838 3562 932 3616 καὶ¹
965 3562 1125 3625 αὐτὸς
1161 3564 1190 3616 0
1252 3563 1487 3635 Ἰσραὴλ,
1537 3565 1635 3618 ούκ
1667 3565 1877 3637 ἀθρόως

307 3656 591 3727 παρέστη·
622 3654 756 3708 ἀλλά
793 3654 1005 3725 πρῶτος
1039 3655 1136 3724 μὲν
1170 3649 1238 3725 ἦν
1264 3655 1442 3709 αὐτῶν
1479 3659 1507 3710 0
1555 3658 1870 3729 προπάτωρ·

305 3746 499 3800 τούτου
534 3746 591 3799 δὲ
634 3747 888 3815 γεγόνασι
923 3748 1108 3811 παῖδες
1143 3746 1227 3819 ιβ’·
1262 3744 1358 3801 εἴτ’
1388 3748 1447 3815 ἐξ
1483 3749 1601 3813 ἐνὸς
1646 3750 1873 3804 ἑκάστου

302 3840 413 3893 υἱοί
452 3856 513 3893 τε
547 3840 642 3892 καὶ
671 3838 985 3910 θυγατέρες·
1030 3832 1106 3894 ὧν
1149 3839 1255 3893 υίοί
1298 3856 1357 3892 τε
1400 3840 1494 3894 xui.
1540 3839 1749 3908 ἔκγονοι
1780 3839 1875 3893 καὶ

299 3933 564 4000 ἀπόγονοι
595 3931 923 4001 ὑπέστησαν·
960 3931 1099 3985 οὕτω
1128 3948 1188 3984 τε
1221 3930 1361 3985 κατὰ
1389 3931 1487 4001 τὴν
1531 3930 1637 3983 τῶν
1674 3930 1873 3999 γονέων

303 4022 556 4093 διαδοχὴν
583 4023 639 4074 ὲν
670 4021 874 4074 πλείοσι
898 4021 1109 4091 χρόνοις
1138 4020 1232 4073 καὶ
1279 4021 1336 4072 ἐν
1365 4018 1636 4090 διαφόροις
1664 4022 1873 4088 γενεαῖς

304 4115 539 4184 συνέστη
562 4114 624 4166 τὸ
656 4115 761 4167 πᾶν
787 4112 963 4166 αὐτῶν
990 4111 1157 4175 ἔθνος.
1872 4176 1879 4179 1

380 4225 402 4260 ι
451 4204 595 4273 Ἐγὼ
621 4205 677 4259 δὲ
710 4204 882 4258 ἔδωκα
912 4204 1010 4275 τὴν
1048 4200 1369 4274 προσδοκίαν
1397 4202 1620 4274 ταύτην,
1655 4200 1748 4255 καὶ
1775 4201 1873 4255 ούκ

300 4298 582 4370 ἐμνήσθης
614 4314 734 4367 μου,
770 4293 888 4349 εἷπε
919 4297 1139 4367 Κύριος.
1174 4293 1288 4347 Οὐκ
1319 4293 1426 4347 ίδοὺ
1459 4291 1569 4362 ἐγὼ
1601 4293 1872 4364 γεννῶσαν

301 4393 400 4444 καὶ
428 4391 653 4461 στείραν
684 4388 932 4460 ἐποίησα,
964 4383 1114 4441 εἶπεν
1139 4388 1167 4440 0
1202 4385 1334 4450 Θεός
1367 4402 1495 4452 σου;
1533 4405 1551 4438 ι
1595 4386 1750 4440 Κατὰ
1779 4386 1867 4442 τὸν

1991 2104 2422 2164 ceterorumque
2510 2095 2880 2150 ministrorum
2957 2097 3282 2168 lugentium,
3361 2100 3558 2156 futura:

1990 2196 2136 2241 sunt.

2062 2279 2222 2332 Vens.
2249 2277 2304 2344 7,
2331 2276 2385 2334 8.
2423 2295 2443 2329 ι
2474 2278 2777 2349 Antequam
2819 2282 3126 2352 parturiens
3162 2283 3370 2354 pariat,
3406 2294 3557 2341 ante-

1987 2387 2147 2441 quam
2194 2372 2411 2427 veniant
2457 2372 2670 2429 dolores
2717 2387 2933 2445 partus,
2978 2375 3202 2447 effugit,
3250 2388 3304 2433 et
3347 2379 3556 2448 peperit

1988 2463 2304 2519 masculum.
2333 2461 2466 2528 Quis
2510 2465 2713 2519 audivit
2754 2466 2895 2521 tale?
2935 2476 2988 2522 et
3019 2470 3141 2538 quis
3175 2471 3307 2524 vidit
3347 2471 3557 2526 simile?

1984 2552 2122 2609 Num
2162 2557 2451 2626 parturivit
2498 2566 2641 2613 terra
2684 2559 2771 2613 die
2802 2574 2928 2624 una,
2971 2575 3096 2613 num
3142 2569 3265 2614 nata
3307 2572 3389 2615 cst
3423 2577 3554 2631 gens

1984 2646 2171 2711 simul,
2228 2648 2353 2717 quia
2414 2649 2699 2716 parturivit
2743 2662 2798 2703 et
2852 2650 3060 2718 peperit
3113 2650 3245 2705 Sion
3297 2654 3552 2721 parvulos

1983 2738 2142 2792 suos?
2161 2758 2178 2789 ι
2215 2738 2311 2792 Pia
2343 2738 2551 2809 religio,
2578 2752 2632 2793 et
2660 2752 2798 2792 nova
2826 2752 3121 2807 recensque
3149 2738 3301 2803 Sion,
3333 2742 3550 2797 scilicet

1982 2828 2221 2887 Ecclesia
2267 2828 2388 2895 Dei,
2435 2844 2531 2901 per
2575 2844 2669 2884 vos
2716 2830 3114 2897 constituenda,
3163 2840 3365 2885 tantam
3416 2847 3548 2887 con-

1982 2922 2159 2977 lertim
2190 2924 2430 2992 gentium
2460 2932 2514 2977 et
2552 2920 2866 2993 populorum
2909 2919 3310 2976 multitudinem
3346 2924 3544 2993 pariet,

1982 3026 2041 3073 ut
2070 3017 2162 3088 qui
2193 3016 2425 3072 audierit
2451 3016 2817 3088 Obstupescat.
2847 3017 3062 3072 Atenim
3090 3018 3546 3088 quemadmodum

1980 3110 2025 3165 si
2064 3109 2258 3165 mulier
2300 3111 2541 3178 quaedam
2581 3118 2795 3165 uterum
2848 3119 3067 3180 gestans
3118 3125 3180 3166 ac
3234 3125 3539 3182 praegnans,

1980 3202 2098 3257 siue
2128 3201 2236 3257 ullo
2269 3201 2452 3257 dolore
2506 3211 2730 3272 repente
2781 3200 3077 3256 masculum
3132 3203 3344 3271 pariat;
3380 3206 3457 3258 sic
3491 3214 3548 3259 et

1980 3306 2116 3347 nova
2151 3291 2279 3348 Sion
2314 3293 2569 3362 populum
2618 3308 2851 3356 novum,
2896 3300 2953 3347 et
2990 3294 3297 3349 universam
3331 3307 3547 3366 gentem

1976 3382 2139 3439 semel
2164 3392 2219 3438 et
2248 3382 2528 3439 confertim
2565 3384 2772 3453 pariet;
2812 3383 2885 3437 ita
2917 3392 2977 3438 ut
3007 3387 3272 3453 stupenda
3309 3402 3393 3441 res
3428 3395 3543 3442 tota

1976 3472 2067 3535 sit,
2106 3470 2280 3541 qualis
2319 3472 2499 3526 audita
2539 3486 2811 3541 nunquam
2842 3471 2965 3525 fuit.
3008 3470 3316 3527 Iudaeorum
3346 3478 3545 3545 quippe

1978 3562 2122 3617 natio
2146 3570 2202 3617 et
2240 3562 2352 3630 ipse
2388 3559 2552 3616 Israel
2598 3576 2704 3616 non
2752 3560 3039 3615 confertim
3092 3564 3385 3631 productus
3413 3576 3539 3621 est:

1976 3669 2099 3709 nam
2146 3654 2295 3723 prior
2332 3654 2546 3724 quidem
2600 3653 2699 3708 fuit
2746 3667 2933 3708 eorum
2985 3656 3339 3724 progenitor:
3380 3656 3542 3724 hujus

1975 3759 2102 3799 vero
2133 3745 2415 3801 duodecim
2460 3742 2615 3799 fuere
2644 3743 2739 3799 lilii
2778 3762 2793 3800 :
2839 3744 2963 3799 hinc
2997 3759 3064 3799 ex
3104 3745 3330 3815 singulis
3361 3746 3453 3799 lilii
3488 3756 3543 3801 et

1975 3835 2119 3903 ﬁliae,
2145 3836 2341 3906 quibus
2372 3836 2499 3891 item
2532 3836 2626 3891 filii
2666 3844 2720 3890 et
2764 3843 2990 3906 nepotes
3022 3844 3074 3890 et
3107 3836 3398 3906 abnepotes
3434 3839 3540 3893 orti

1974 3939 2118 3993 surt,
2160 3939 2321 3999 atque
2357 3928 2429 3983 ita
2463 3944 2558 3999 per
2588 3938 2867 3998 parentum
2898 3927 3319 3993 successionem,
3350 3928 3537 3985 multis

1974 4033 2233 4074 annorum
2282 4021 2591 4085 curriculis,
2634 4028 2689 4074 et
2723 4019 2888 4073 variis
2935 4018 3369 4089 generationibus
3418 4021 3540 4075 uni-

1972 4122 2184 4164 versum
2212 4125 2377 4181 genus
2406 4125 2591 4166 eorum
2622 4109 2883 4164 constitit.

2044 4201 2208 4257 Vsus.
2237 4202 2291 4257 9.
2336 4220 2355 4252 ι
2384 4201 2498 4271 Ego
2534 4214 2662 4254 vero
2698 4200 2819 4253 dedi
2868 4202 3326 4270 exspectationem
3372 4200 3533 4265 hanc,

1972 4305 2025 4353 et
2062 4310 2167 4351 non
2205 4292 2518 4349 recordatus
2559 4306 2617 4346 es
2657 4290 2795 4357 mei,
2830 4291 2980 4359 dixit
3024 4293 3300 4348 Dominus.
3350 4292 3538 4348 Nonne

1971 4404 2069 4460 ego
2098 4388 2403 4457 gignentem
2443 4393 2497 4437 et
2530 4382 2767 4438 sterilem
2799 4384 2934 4448 feci,
2965 4385 3098 4439 dixit
3142 4387 3279 4439 Deus
3327 4385 3488 4438 tuus?
3511 4404 3531 4438 ι

300 4483 463 4535 αὑτὸν
486 4482 545 4535 δὲ
572 4482 771 4553 τρόπον
802 4478 948 4551 εὖροι
984 4479 1047 4533 ἄν
1073 4497 1157 4544 τις
1188 4480 1280 4533 καὶ
1306 4478 1373 4532 τὰ
1395 4478 1556 4532 λοιπὰ
1588 4478 1711 4550 ἔθνη
1747 4478 1869 4549 χρό-

1976 4481 2169 4536 Eodem
2206 4490 2427 4548 prorsus
2467 4475 2623 4531 modo
2653 4474 2787 4530 alias
2818 4492 3033 4547 quoque
3076 4486 3264 4546 gentes
3310 4491 3536 4532 numero

298 4591 415 4637 νοις
447 4574 528 4636 εἰς
576 4572 774 4643 πλῆθος
810 4570 1194 4625 ὲπιδεδωκότα·
1243 4573 1272 4624 0
1316 4571 1373 4625 δὲ
1409 4572 1507 4642 τῆς
1524 4572 1870 4642 χἘκκλησίας

297 4665 399 4719 τοῦ
425 4664 561 4718 Θεοῦ
592 4664 719 4728 λαὸς
751 4663 958 4735 ἁθρόως
981 4664 1069 4732 ὑφ’
1099 4663 1194 4717 ἕνα
1221 4665 1409 4736 καιρὸν
1437 4666 1531 4717 καί
1557 4664 1743 4738 ῶσπερ
1768 4665 1871 4719 ὑπὸ

305 4758 435 4828 μίαν
476 4756 688 4827 ἡμέραν
724 4756 959 4826 ἐπλήρου
1001 4755 1071 4808 τὰ
1115 4756 1340 4808 πλεῖστα
1386 4756 1525 4828 μέρη
1552 4757 1654 4829 τῆς
1688 4759 1869 4811 οίκου-

304 4848 505 4918 μένης·
541 4847 570 4900 0
613 4847 675 4917 δὴ
709 4846 912 4914 ξενίζον
956 4848 1182 4918 πρᾶγμα
1214 4849 1309 4901 καὶ
1347 4847 1621 4919 θαύματος
1668 4849 1868 4912 παντὸς

299 4940 561 4992 ἐπέκεινα
610 4939 851 5010 ὑπάρχον
889 4938 1011 4992 οὔτε
1057 4939 1330 5011 ὀφθαλμὸς
1371 4939 1582 5013 ἑώρακε
1626 4939 1866 5007 πώποτε,

297 5030 425 5084 οὔτε
458 5026 549 5093 οὖς
579 5032 795 5100 ἤκουσε.

381 5142 400 5173 ι
434 5122 798 5193 Εὐφράνθητι,
845 5122 1214 5194 Ἰερουσαλὴμ,
1249 5124 1342 5178 καὶ
1372 5124 1778 5196 πανηγυρίσατε
1810 5125 1867 5179 ὲν

296 5216 467 5283 αὐτῇ,
498 5214 695 5278 πάντες
715 5216 761 5267 οἱ
783 5212 1100 5281 ἀγαπῶντες
1130 5215 1314 5285 αὑτήν.
1347 5214 1563 5286 Χάρητε
1586 5214 1700 5284 ἅμα
1729 5215 1863 5287 αὐτῇ

296 5308 451 5379 χαρᾷ
479 5305 675 5369 πάντες
715 5306 829 5358 ὅσοι
859 5304 1099 5358 πενθεῖτε
1135 5305 1220 5356 ἐπ’
1248 5306 1404 5377 αὐτῇ,
1440 5307 1526 5359 ἵνα
1570 5306 1863 5377 θηλάσητε,

297 5399 397 5452 καὶ
444 5395 789 5467 ὲμπλησθῆτε
831 5397 939 5451 ἀπὸ
981 5395 1183 5467 μαστοῦ
1232 5398 1625 5469 παρακλήσεως
1673 5399 1860 5469 αὐτῆς,

301 5491 390 5543 ἵνα
423 5486 818 5557 ἑκθηλάσαντες
860 5491 1173 5561 τρυφήσητε
1207 5488 1315 5543 άπὸ
1353 5490 1556 5543 εἰσόδου
1580 5490 1736 5562 δόξης
1761 5491 1859 5544 αύ-

299 5580 421 5651 τῆς.
462 5599 481 5632 ι
515 5577 745 5648 Χαίρετε
778 5582 871 5635 καὶ
901 5580 1247 5651 ἀγαλλιᾶσθε,
1278 5581 1353 5647 ὡς
1389 5582 1668 5653 μέλλοντες
1700 5581 1861 5652 ἐμπί-

375 5765 420 5800 “
458 5764 645 5821 Matth.
677 5779 730 5827 v,
754 5761 840 5818 M.

1976 4587 2038 4627 ac
2076 4569 2419 4626 multitudine
2447 4582 2569 4622 cum
2613 4575 2852 4636 tempore
2897 4578 3084 4623 auctas
3125 4568 3395 4637 reperias;
3438 4566 3532 4623 Dei

1974 4674 2153 4718 autem
2203 4659 2458 4715 Ecclesiae
2504 4659 2759 4730 populus,
2808 4659 3089 4715 confertim
3134 4674 3348 4727 unoque
3392 4668 3533 4713 tem-

1973 4773 2131 4829 pore,
2176 4766 2229 4811 et
2282 4754 2433 4824 quasi
2482 4770 2585 4808 una
2639 4754 2761 4819 die,
2798 4754 3084 4806 maximam
3129 4750 3277 4806 orbis
3323 4762 3532 4821 partem

1973 4849 2230 4920 implevit.
2267 4846 2440 4915 Quam
2482 4861 2595 4901 rem
2639 4860 2770 4901 sane
2811 4835 3126 4914 stupendatn
3185 4845 3533 4915 omniumque

1971 4939 2459 5003 mirabilissimam,
2514 4951 2612 4992 nec
2642 4934 2829 4991 oculus
2870 4948 3106 5005 unquam
3145 4933 3387 5000 viderat,
3431 4948 3532 4990 nec

1968 5033 2111 5086 auris
2139 5031 2402 5086 audierat.

2037 5121 2201 5177 Vsus.
2227 5120 2316 5187 10,
2352 5120 2437 5178 ii.
2477 5139 2496 5173 ι
2526 5119 2747 5186 Laetare,
2775 5116 3092 5186 Jerusalem,
3124 5125 3178 5171 et
3206 5124 3527 5170 conventum

1965 5211 2125 5267 facite
2164 5212 2217 5265 in
2245 5225 2333 5278 ea,
2377 5224 2567 5265 omnes
2592 5210 2681 5278 qui
2713 5207 2931 5276 diligitis
2959 5220 3100 5262 eam.
3139 5204 3379 5259 Gaudete
3406 5217 3526 5258 cum

1966 5319 2027 5359 ea
2056 5303 2250 5373 gaudio
2278 5316 2466 5357 omnes
2494 5309 2756 5371 quotquot
2788 5298 2984 5368 lugetis
3026 5311 3188 5364 super
3222 5310 3310 5361 ea,
3341 5304 3399 5349 ut
3435 5310 3528 5350 su-

1967 5396 2126 5466 gatis,
2157 5404 2211 5449 et
2249 5392 2577 5464 impleamini
2626 5392 2693 5446 ab
2745 5388 2909 5443 ubere
2953 5387 3335 5443 consolationis
3374 5388 3525 5455 ejus;

1967 5498 2026 5542 ut
2063 5498 2344 5558 postquam
2382 5484 2659 5548 snxeritis,
2690 5480 3028 5537 delectemini
3060 5480 3127 5535 ab
3162 5481 3380 5536 introitu
3413 5478 3526 5548 glo-

1964 5581 2061 5637 riae
2088 5581 2219 5653 ejus.
2248 5599 2266 5635 ι
2305 5578 2547 5635 Gaudete
2582 5584 2637 5630 et
2672 5572 2955 5642 exsultate,
2985 5583 3166 5644 utpote
3192 5588 3259 5631 eo
3284 5570 3525 5639 fruituri,
