4108 6204
532 333 635 390 519

1197 330 1464 386 EUSEBII
1500 327 1967 387 CESARIENSiS
2005 327 2091 385 ΟΡ

2195 325 2371 382 PARS
2411 326 2502 381 111.
2540 355 2611 366 --
2648 320 3060 379 EXEGE'HCA.

3664 318 3770 371 520
3790 362 3791 365 η

529 447 618 516 qui
658 447 839 501 statim
870 458 1080 515 unoque
1121 454 1365 516 tempore
1394 446 1690 502 masculum
1735 446 1997 517 populum
2027 446 2092 501 ibi

2205 444 2438 498 πλασθαι
2467 440 2561 495 τοῦ
2602 445 2658 495 ὲν
2690 442 2824 512 αὐτῇ
2863 440 3075 512 ἀθρόως
3123 438 3481 509 γεννήσαντος
3524 434 3651 488 λαὸν
3692 435 3769 505 τῷ

531 540 639 592 Deo
664 541 876 609 genuit,
916 553 979 592 ac
1020 548 1205 607 utpote
1239 540 1477 608 replendi
1520 539 1680 601 lacte,
1708 539 1774 593 ad
1808 538 2089 592 infantium

529 630 696 700 ipsius
725 629 1035 683 alimentum
1065 639 1271 698 parato,
1300 630 1441 699 quod
1486 644 1616 685 sane
1640 630 1726 684 lac
1753 631 2088 699 rationabile,

528 731 759 790 utroque
800 735 867 773 ex
917 721 1081 774 ubere
1120 719 1446 788 etiundetur,
1476 739 1542 778 ex
1585 723 1766 779 Veteri
1806 738 1999 794 nempe
2038 733 2093 778 et

529 812 678 865 Novo
730 812 1097 867 Testamento.
1150 813 1227 866 Ex
1278 816 1540 871 ambobus
1583 817 1729 873 enim
1787 816 2091 887 hujusmodi

528 901 800 963 uberibus,
828 901 893 955 de
918 901 1114 971 quibus
1143 903 1341 957 dicitur
1367 906 1421 959 in
1465 906 1687 961 Cantico
1719 906 1784 971 ³³,
1826 926 1845 958 (
1876 906 2093 961 Meliora

520 1000 646 1045 sunt
676 994 839 1044 ubera
868 999 957 1043 tua
996 992 1139 1055 vino,
1192 1009 1210 1042 ι
1245 994 1555 1059 rationabili
1578 1003 1633 1051 et
1656 995 1774 1051 sine
1800 996 1926 1051 dolo
1952 997 2093 1053 lacte

524 1081 776 1152 puerulos
828 1082 1110 1161 irrigabit,
1157 1085 1341 1156 sicque
1393 1087 1665 1157 perfectos
1713 1088 1971 1157 producet
2008 1090 2092 1144 vi—

527 1188 639 1229 I'OS.

596 1267 760 1323 Vens.
789 1266 873 1320 12.
918 1266 1096 1334 «Quia
1137 1267 1253 1323 hzec
1298 1268 1429 1322 dicit
1477 1269 1768 1337 Dominus,
1814 1272 1950 1327 Ecce
1995 1288 2095 1342 ego

516 1359 737 1414 decliuo
771 1359 837 1412 ad
866 1373 957 1412 eos
986 1361 1137 1427 quasi
1179 1360 1366 1414 ﬂuvios
1416 1362 1584 1431 pacis,
1616 1372 1668 1416 et
1701 1366 1852 1432 quasi
1888 1376 2097 1419 torren-

527 1461 626 1518 tes,
661 1451 925 1504 inundans
957 1452 1178 1519 gloriam
1224 1455 1481 1521 gentium.
1512 1453 1726 1508 Parvuli
1776 1470 1961 1510 eorum
2002 1458 2095 1511 hu-

525 1546 687 1600 meris
726 1548 1108 1615 portabuntur,
1136 1554 1190 1598 et
1218 1561 1379 1614 super
1414 1562 1583 1614 genua
1617 1547 2088 1607 consolabuntur.»

523 1636 881 1693 Consolatorii
941 1639 1125 1706 itaque
1173 1646 1229 1690 et
1283 1638 1347 1691 ad
1401 1638 1680 1693 leuiendos
1738 1641 2094 1709 simpliciores

523 1732 729 1786 animos
777 1732 1084 1786 concinnati
1120 1746 1416 1794 sermones,
1444 1730 1526 1786 lac
1555 1743 1854 1802 opportune
1897 1749 2095 1788 vocan-

2198 535 2317 605 Θεῷ
2332 535 2555 606 ἄρρενα,
2579 532 2672 585 καὶ
2692 532 2957 600 γάλακτος
2983 531 3155 602 ὲκπλη
3166 527 3381 601 ροῦσθαι
3408 528 3485 590 είς
3504 527 3771 596 ἐκτροφὴν

2197 628 2303 682 τῶν
2331 627 2499 697 αὐτῆς
2525 626 2750 696 νηπίων.
2800 627 2864 678 Ὃ
2895 624 2958 694 δὴ
2991 622 3204 692 λογικὸν
3235 620 3373 691 γάλα
3407 620 3515 674 ἀπὸ
3545 618 3652 671 τῶν
3678 618 3771 672 δύο

2199 720 2375 793 θηλῶν
2418 719 2585 789 αὐτῆς
2612 716 2816 788 ῥεύσει,
2864 717 3101 779 Παλαιᾶς
3129 714 3325 785 δηλαδὴ
3365 715 3458 768 καὶ
3482 711 3627 775 Νέας
3648 713 3774 765 Δια-

2200 812 2391 884 θήκης.
2432 811 2522 876 Ἐξ
2559 810 2883 882 ἀμφοτέρων
2916 808 3025 880 γὰρ
3055 808 3258 862 τούτων
3302 807 3409 861 τῶν
3442 805 3642 875 ἑαυτῆς
3673 822 3774 874 μα-

2200 907 2328 972 ζῶν,
2359 907 2486 977 περὶ
2514 899 2588 958 ὧν
2620 906 2832 975 εἴρηται
2858 904 2952 956 καὶ
2990 905 3047 955 ἐν
3073 902 3151 973 τῷ
3181 902 3437 974 ᾊσματι,
3461 901 3541 953 ὅτι
3573 918 3591 949 ι
3616 900 3776 965 Ἀγασ-

2202 997 2285 1050 θοὶ
2311 998 2359 1049 oi
2394 996 2587 1068 μαστοί
2617 1013 2708 1049 σου
2744 995 2882 1065 ὑπὲρ
2919 993 3080 1057 οἶνον,
3118 1011 3135 1043 ι
3172 996 3285 1056 τοῖς
3320 990 3522 1059 ἑαυτῆς
3563 987 3774 1059 νηπίοις

2200 1088 2509 1160 ὲπάρδουσα
2548 1108 2565 1140 ι
2601 1088 2662 1141 τὸ
2701 1087 2917 1157 λογικὸν
2955 1086 3051 1140 καὶ
3094 1084 3278 1146 ἀδολον
3323 1083 3484 1153 γάλα,
3520 1101 3539 1134 ι
3577 1082 3774 1153 ἄνδρας

2201 1181 2460 1253 προσάξει
2494 1180 2751 1243 τελείους.

2276 1290 2295 1322 r
2328 1273 2446 1325 Ὅτι
2478 1272 2601 1325 τάδε
2646 1271 2793 1340 λέγει
2833 1271 3069 1343 Κῦριος’
3125 1269 3255 1323 Ἰδοὺ
3294 1268 3403 1337 ἐγὼ
3431 1268 3659 1321 ὲκκλίνω
3686 1268 3767 1332 είς

2200 1364 2396 1426 αὐτοὺς
2434 1365 2509 1427 ῶς
2550 1365 2826 1434 ποταμοὺς
2867 1365 3112 1434 εἰρήνης,
3162 1363 3254 1415 καὶ
3304 1362 3378 1424 ὼς
3416 1362 3772 1433 χειμάρρους,

2201 1453 2506 1519 ἐπικλύζων
2535 1454 2692 1520 δόξαν
2730 1455 2920 1509 ὲθνῶν.
2959 1454 3039 1507 Τὰ
3065 1454 3252 1508 παιδία
3290 1453 3467 1507 αὐτῶν
3493 1453 3579 1506 ἐπ’
3605 1454 3771 1524 ὤμων

2200 1549 2544 1620 ἀρθήσονται,
2578 1548 2671 1602 καὶ
2700 1548 2792 1600 ἐπὶ
2815 1547 3054 1617 γονάτων
3081 1545 3611 1618 παρακληθήσονται.
3653 1564 3674 1598 ο
3706 1548 3774 1599 Οἱ

2200 1638 2329 1708 γοῦν
2356 1640 2502 1708 λόγοι
2532 1640 2579 1692 οἱ
2624 1639 3021 1711 παρακλητικώ
3062 1641 3156 1692 καὶ
3190 1637 3636 1709 παραμυθητικοὶ
3664 1636 3780 1725 τῶν

2200 1730 2559 1802 ἀτελεστέρων
2583 1730 2769 1801 ψυχῶν
2795 1730 2935 1798 γάλα
2978 1730 3181 1801 κυρίως
3208 1727 3623 1799 ὠνομάσθησαν,
3653 1716 3755 1780 στὶ

525 1834 611 1877 tur
639 1838 655 1878 :
686 1839 807 1877 nam
841 1824 1043 1878 solidus
1079 1823 1231 1877 cibus
1273 1822 1325 1875 in
1364 1823 1609 1892 mysticis
1638 1824 1989 1893 dogmatibus
2019 1825 2092 1877 in-

2201 1824 2326 1895 ρεᾶς
2354 1823 2560 1894 τροφῆς
2586 1826 2643 1876 ὲν
2675 1823 2904 1893 δόγμασι
2936 1824 3217 1892 μυστικοῖς
3241 1821 3556 1891 νοουμένης,
3586 1820 3681 1873 καὶ
3710 1821 3769 1873 ἐν

512 1912 803 1984 κιθιιὶεῑιυτ,
848 1924 902 1966 et
954 1915 1005 1966 iu
1057 1910 1556 1981 speculationibus,
1608 1928 1727 1981 quae
1792 1913 1844 1967 in
1901 1914 2096 1969 divinis

512 2006 820 2075 Scripturis
854 2004 1107 2074 repositae
1136 2012 1281 2059 sunt.

597 2095 757 2152 Vens.
786 2096 871 2149 15.
911 2114 929 2146 ί
958 2095 1233 2160 Quomodo
1262 2096 1306 2150 si
1345 2110 1505 2165 quem
1537 2104 1713 2149 mater
1755 2094 2088 2161 consoletur,

520 2188 598 2242 ita
624 2198 678 2242 et
708 2204 808 2258 ego
837 2188 1156 2242 consolabor
1182 2204 1303 2253 vos,
1334 2199 1387 2242 et
1409 2191 1461 2242 in
1484 2188 1817 2243 Hierusalem
1846 2188 2095 2243 consola-

521 2280 735 2335 bimiui.
764 2299 784 2334 ι
827 2279 923 2333 Hic
974 2295 1188 2333 rursum
1234 2281 1458 2350 gloriam
1512 2280 1774 2350 gentium,
1826 2281 2096 2349 praedictae

524 2384 677 2423 nova:
718 2368 866 2423 Sioui
902 2369 1391 2440 llierosolymreque
1429 2371 1725 2432 ascribens,
1758 2384 1941 2437 pacem
1973 2385 2097 2439 gen-

526 2463 668 2517 tibus
702 2463 1042 2517 tribuendam
1088 2462 1370 2517 inundanti
1409 2462 1615 2516 ﬂumini
1661 2473 1964 2531 comparat.
1999 2460 2094 2517 His

523 2564 703 2608 autem
735 2553 1216 2623 poﬂicitationibus
1248 2554 1503 2622 superius
1548 2568 1764 2623 quoque
1810 2564 1895 2608 est
1943 2568 2092 2619 usus,

523 2649 835 2717 signiﬁcans
861 2661 974 2711 eos,
1005 2648 1094 2715 qui
1124 2647 1300 2701 adhuc
1328 2647 1378 2701 in
1410 2632 1649 2700 Ecclesia
1681 2644 1918 2701 infantes
1945 2656 2089 2712 sunt,

523 2746 707 2808 utpote
738 2741 829 2807 qui
869 2738 1006 2790 lacte
1054 2736 1381 2799 nutriantur,
1422 2734 1726 2789 nutricibus
1773 2736 2093 2805 quibusdam

518 2830 812 2900 geStaudos
860 2843 1010 2892 esse;
1068 2829 1183 2881 sive
1230 2842 1261 2881 a
1309 2826 1541 2880 sinceris
1593 2825 1852 2881 Ecclesia:
1907 2827 2094 2881 docto-

524 2923 672 2975 ribus
701 2931 756 2973 et
789 2920 1075 2987 praefectis,
1124 2919 1360 2986 itemque
1402 2932 1430 2971 a
1468 2917 1663 2971 divinis
1693 2928 1747 2970 et
1780 2917 2093 2973 caelestibus

521 3012 749 3081 angelis.
774 3010 873 3075 Qui
908 3011 1070 3080 igitur
1100 3010 1432 3063 valentiores
1458 3018 1603 3071 sunt,
1635 3009 1965 3064 inﬁrmiores
1999 3011 2094 3063 bu—

510 3100 691 3154 vlneris
730 3100 1038 3169 gestabuut,
1071 3108 1125 3152 et
1154 3098 1218 3151 ad
1249 3112 1426 3167 genua
1458 3097 1919 3151 consolabuntur:
1952 3112 2015 3151 ac
2047 3098 2089 3151 si

525 3202 704 3247 mater
730 3190 853 3244 [iliis
883 3189 1212 3254 blandiatur,
1239 3197 1292 3241 et
1323 3202 1423 3258 ego
1459 3189 1571 3258 ipse
1598 3188 1876 3253 Dominus,
1912 3198 2095 3257 utpote

524 3299 713 3339 eorum
755 3281 995 3337 omnium
1044 3279 1229 3347 Pater,
1278 3281 1689 3335 imbecilliorum
1726 3281 2096 3337 consolatores

512 3374 867 3431 consolabor.

621 3555 787 3612 Vens.
826 3556 912 3611 14.
968 3571 988 3606 ι
1026 3555 1094 3609 Et
1140 3553 1413 3619 videbitis,
1466 3564 1521 3611 et
1569 3555 1821 3627 gaudebit
1875 3571 1968 3611 cor
2000 3572 2096 3613 ve-

524 3660 721 3716 strum,
753 3659 808 3705 et
847 3662 972 3705 ossa
1018 3658 1198 3702 vestra
1246 3647 1401 3718 quasi
1432 3646 1597 3701 herba
1632 3647 2031 3717 germinabunt.
2068 3666 2087 3699 ι

526 3746 628 3801 Βία
652 3744 1066 3816 promissionum
1093 3743 1215 3798 linis
1239 3744 1360 3806 erit,
1389 3757 1597 3811 nempe,
1620 3741 1883 3797 Videbitis
1905 3744 2090 3797 Deum.

522 3838 887 3905 Quamobrem
929 3833 1178 3888 Salvator
1243 3834 1342 3888 hos
1390 3832 1578 3888 beatos
1626 3835 1953 3903 praedicabat
2011 3836 2094 3891 bis

516 3929 726 3993 «verbis,
766 3946 784 3979 ι
820 3927 977 3982 Beati
1018 3927 1217 3981 mundo
1249 3926 1430 3992 corde,
1467 3927 1725 3995 quoniam
1777 3926 1877 3997 ipsi
1926 3928 2091 3982 Deum

518 4022 781 4077 -videbunt
814 4020 881 4073 ³³.
920 4038 939 4072 ι
976 4049 1046 4060 -
1074 4036 1099 4070 η(
1134 4018 1203 4074 Et
1256 4029 1613 4089 cognoscetur
1650 4033 1842 4073 manus
1883 4019 2092 4074 Domini

514 4113 844 4170 «timentibus
886 4126 1032 4178 eum,
1059 4120 1115 4166 et
1151 4111 1444 4165 minabitur
1473 4110 1787 4166 incredulis.
1822 4129 1842 4164 ι

599 4207 761 4263 Vens.
809 4205 898 4260 15.
935 4222 954 4256 ι
984 4205 1121 4260 Ecce
1163 4204 1304 4259 enim
1333 4202 1595 4259 Dominus
1628 4204 1776 4273 quasi
1817 4203 1956 4274 ignis
2003 4218 2095 4258 ve-

516 4301 661 4365 niet,
693 4307 748 4354 et
779 4297 933 4368 quasi
970 4305 1263 4367 tempestas
1298 4311 1493 4351 currus
1535 4295 1672 4365 ejus,
1709 4304 1767 4350 ut
1802 4297 1993 4351 reddat
2039 4296 2092 4350 in

520 4394 713 4449 furore
743 4391 1023 4456 ultionem,
1052 4400 1108 4445 et
1134 4390 1559 4458 iucrepationem
1590 4403 1742 4441 suam
1789 4388 1842 4443 in
1877 4387 2092 4442 ﬂamma

2198 1915 2512 1987 θεωρήμασι
2557 1917 2670 1978 τοῖς
2706 1914 2765 1968 ὲν
2808 1916 2928 1977 ταῖς
2974 1913 3143 1978 θείαις
3182 1914 3427 1983 Γραφαίς
3469 1912 3771 1982 ἀποκειμέυ

2196 2022 2328 2068 νοις.

2273 2116 2291 2148 ε
2346 2098 2431 2162 Ὠς
2475 2099 2527 2151 εί
2570 2116 2692 2152 τινα
2748 2098 2928 2169 μήτηρ
2975 2095 3369 2168 παρακαλέσει,
3417 2094 3559 2148 οὕτω
3612 2095 3772 2164 κάγὼ

2196 2190 2563 2261 παρακαλέσω
2611 2190 2774 2260 ὑμᾶς,
2812 2189 2903 2242 καὶ
2932 2190 2989 2242 ὲν
3034 2187 3389 2260 Ἰερουσαλὴμ
3418 2187 3775 2259 παρακληθή-

2198 2279 2376 2331 σεσοε.
2417 2299 2435 2330 ι
2472 2280 2639 2333 Πάλιν
2665 2278 2954 2333 -κάνταῦθα
2983 2280 3088 2332 τῶν
3111 2279 3280 2332 ἐθνῶν
3305 2279 3463 2343 δόξαν
3493 2279 3773 2332 συνάπτων

2193 2373 2260 2441 τῇ
2301 2370 2658 2444 προλεχθείσῃ
2702 2372 2797 2442 νέᾳ
2825 2370 2963 2424 Σιὼν
3006 2372 3099 2425 καὶ
3144 2374 3210 2442 τῇ
3271 2369 3638 2441 Ἰερουσαλὴμ,
3666 2370 3771 2440 τὴν

2193 2463 2559 2534 δοθησομένην
2596 2467 2707 2527 τοῖς
2751 2464 2957 2517 ἔθνεσιν
2997 2465 3220 2536 είρήνην
3252 2462 3481 2533 ποταμῷ
3507 2461 3777 2516 κατακλύυ

2196 2555 2340 2619 ζοντι
2383 2556 2737 2628 παραϐάλλει.
2768 2558 2880 2609 Καὶ
2910 2556 3165 2626 ἀνωτέρω
3193 2556 3248 2608 δὲ
3292 2558 3413 2618 ταῖς
3436 2555 3625 2624 αὐταῖς
3652 2554 3774 2608 ἐκέ-

2194 2665 2363 2719 χρητο
2393 2649 2767 2717 ἐπαγγελίαις,
2813 2648 3091 2723 σημαίνων
3129 2647 3205 2712 ὡς
3253 2648 3377 2709 τοὺς
3415 2646 3494 2699 ἔτι
3541 2646 3769 2715 νηπίσυς

2193 2740 2290 2811 τῆς
2322 2740 2666 2810 Ἐκκλησίας,
2698 2740 2791 2795 ἅτε
2824 2739 2888 2811 δὴ
2912 2739 3143 2808 γάλακτι
3180 2738 3567 2810 τρεφομένους,
3616 2736 3769 2806 τιθη-

2196 2831 2275 2885 νοί
2304 2849 2449 2895 τινες
2488 2832 2979 2898 ὑποϐαστάξουσιν,
3011 2833 3129 2902 ήτοι
3171 2830 3477 2885 διδάσκαλοι
3506 2829 3598 2882 καὶ
3637 2845 3773 2899 προ-

2192 2926 2426 2990 εστῶτες
2452 2928 2660 2999 γνήσιοι
2680 2928 2778 2997 τῆς
2811 2926 3133 2997 Ἐκκλησίας
3154 2923 3247 2977 τοῦ
3270 2922 3527 2995 Χριστοῦ,
3562 2923 3611 2974 οἱ
3638 2921 3772 2976 θεῖοί

2192 3034 2251 3071 τε
2298 3019 2393 3071 καὶ
2441 3018 2680 3090 οὐράνιοι
2730 3018 2970 3087 ἄγγελοι.
3022 3019 3084 3070 Οἰ
3138 3017 3234 3087 μὲν
3284 3011 3376 3068 οὖν
3409 3014 3769 3085 δυνατώτεροι

2120 3144 2163 3202 C
2195 3111 2321 3174 τοὺς
2367 3110 2786 3183 ἀσθενεστέρους
2824 3110 2910 3162 ἐπ’
2955 3108 3120 3179 ὤμων
3149 3107 3498 3179 βαστάξουσ.,
3537 3104 3633 3162 γ..τί
3676 3106 3772 3159 ἐπὶ

2196 3202 2437 3271 γονάτων
2483 3202 2974 3273 παρακαλέσουσιν,
3024 3200 3212 3271 ῶσπερ
3258 3198 3311 3251 εἴ
3350 3216 3433 3262 τις
3482 3198 3664 3269 μήτηρ
3700 3198 3770 3253 τὰ

2196 3293 2395 3363 ἑαυτῆς
2438 3292 2792 3365 παρακαλέσῃ
2842 3291 3028 3354 τέκνα,
3081 3289 3237 3359 κάγὼ
3269 3288 3429 3353 αὐτὸς
3466 3290 3494 3341 ό
3543 3286 3771 3358 Κύριος,

2194 3384 2289 3439 ἅτε
2315 3385 2378 3457 δὴ
2408 3386 2623 3439 πάντων
2652 3384 2829 3437 αὐτῶν
2858 3382 3115 3453 ὑπάρχων
3146 3381 3357 3452 Πατὴρ,
3406 3378 3773 3449 παρακαλέσει)

2193 3479 2317 3541 τοὺς
2341 3477 2448 3529 τῶν
2476 3477 2874 3548 ὑποδεεστέρων
2902 3475 3343 3548 παρακλήτορας,

2270 3588 2288 3621 ι
2322 3572 2429 3624 Καὶ
2455 3570 2670 3639 δψεσθε,
2709 3568 2809 3623 καὶ
2839 3570 3141 3640 χαρήσεται
3175 3572 3208 3639 ή
3239 3571 3433 3641 καρδία
3463 3570 3635 3642 ὑμῶν,
3673 3567 3767 3621 καὶ

2191 3662 2325 3715 ὀστᾶ
2371 3660 2522 3731 ὑμῶν
2550 3660 2625 3723 ῶς
2658 3660 2853 3730 βοτάνη
2894 3660 3161 3714 ἀνατελεῖ.
3212 3679 3231 3712 ι
3280 3662 3390 3714 Καὶ
3433 3661 3592 3714 τοῦτο
3617 3659 3771 3721 τέλος

2194 3754 2345 3807 ἔσται
2368 3751 2479 3805 τῶν
2504 3750 2867 3820 ἐπαγγελιῶν,
2898 3751 2981 3816 τὸ,
3018 3751 3249 3821 Ὀψεσθε
3270 3751 3360 3805 τὸν
3390 3751 3542 3805 Θεόν.
3575 3751 3664 3802 Διὸ
3677 3749 3770 3802 καὶ

2189 3848 2220 3900 ὁ
2244 3846 2394 3915 Σωτὴ
2402 3863 2432 3916 ρ
2446 3844 2668 3908 τούτους
2684 3844 2985 3917 ἐμακάριζε
3002 3844 3176 3912 λέγων
3193 3862 3205 3875 ο
3228 3863 3245 3895 ι
3271 3844 3548 3915 Μακάριοι
3564 3845 3611 3896 oi
3636 3842 3766 3895 καθο

2190 3938 2314 4008 αροὶ
2346 3940 2411 4007 τῇ
2436 3937 2654 4009 καρδίᾳ,
2691 3938 2767 3991 ὅτι
2800 3937 2950 3989 αὐτοὶ
2976 3937 3065 3990 τὸν
3095 3936 3226 3989 Θεὸν
3253 3935 3493 4005 ὄψονται.
3511 3953 3631 3988 ι-ι
3656 3935 3765 3987 Καὶ

2190 4027 2564 4100 γνωσθήσεται
2591 4029 2624 4098 ή
2657 4028 2774 4101 χεὶρ
2803 4027 3004 4099 Κυρίου
3036 4029 3148 4090 τοῖς
3181 4026 3534 4098 φοϐουμένοις
3575 4025 3757 4089 αὑτὸν,

2189 4122 2287 4175 καὶ
2313 4120 2597 4192 ἀπειλήσει
2638 4124 2750 4185 τοῖς
2781 4119 3118 4174 ἀπειθοῦσιν.
3154 4139 3174 4170 ι

2268 4231 2287 4264 r
2326 4213 2455 4266 Ἰδοὺ
2491 4212 2597 4285 γὰρ
2624 4212 2827 4286 Κύριος
2857 4213 2932 4275 ῶς
2960 4212 3069 4281 πῦρ
3108 4210 3247 4282 ἥξει,
3287 4211 3381 4265 καὶ
3409 4209 3485 4274 ῶς
3513 4208 3765 4276 καταιγὶς

2190 4304 2261 4359 τὰ
2322 4305 2543 4377 ἅρματα
2591 4303 2793 4368 αὐτοῦ,
2842 4302 3129 4357 ἀποδοῦναι
3175 4303 3233 4355 ὲν
3286 4301 3442 4373 θυμῷ
3486 4301 3765 4370 ἐκδίκησιν

2192 4394 2379 4459 αὐτοῦ,
2415 4396 2509 4448 καὶ
2541 4393 3018 4465 ἀποσκορακισμὸν
3047 4392 3210 4445 αὐτοῦ
3241 4394 3299 4445 ὲν
3331 4392 3491 4461 φλογὶ
3524 4391 3715 4462 πυρός.
3739 4410 3759 4443 ι

515 4486 691 4555 ιὶεηίε.
731 4504 751 4537 ι
789 4483 905 4539 Jam
948 4483 1258 4539 memoratis
1312 4482 1620 4538 hominibus
1665 4497 1785 4553 quae
1838 4486 2086 4554 Superius

2193 4490 2314 4551 Τοῖς
2347 4487 2445 4557 μὲν
2481 4485 2794 4555 δηλωθεϊσιν
2826 4484 3217 4553 ἐπαγγέλλεται
3244 4484 3312 4537 τὰ
3332 4483 3755 4555 προλελεγμένα·

527 4580 670 4634 dicta
700 4588 827 4633 sunt
853 4576 1179 4648 pollicetur;
1216 4576 1282 4630 iis
1309 4590 1459 4640 vero,
1493 4576 1584 4645 qui
1627 4576 1958 4630 contrariam
2006 4578 2090 4631 in-

518 4673 640 4728 iere
672 4672 845 4735 viam,
882 4670 1277 4725 comminatur:
1322 4683 1388 4723 ac
1436 4677 1829 4737 consequenter
1863 4670 2091 4723 commi-

529 4762 766 4818 nationis
792 4762 1056 4816 rationem
1086 4761 1305 4825 edocet,
1356 4762 1655 4815 secundum
1692 4767 1747 4813 et
1796 4758 2089 4830 gloriosum

517 4854 834 4912 Servatoris
857 4854 1146 4908 adventum
1177 4851 1486 4917 declarans,
1518 4851 1734 4921 quando
1764 4850 1943 4906 veniet
1966 4866 2089 4906 cum

516 4950 699 5018 gloria
728 4946 928 5013 Patris,
956 4955 1011 4999 et
1058 4960 1181 5000 cum
1227 4944 1431 5015 angelis
1463 4944 1597 5011 suis,
1638 4942 1897 5014 judicare
1940 4943 2090 4999 vivos

528 5051 583 5094 et
613 5048 877 5094 IllOl‘lllOS.

600 5129 767 5185 Vsus.
813 5129 899 5185 16.
949 5146 970 5180 ι
1016 5125 1074 5181 lu
1116 5127 1240 5198 igne
1276 5127 1420 5182 enim
1487 5126 1702 5182 Domini
1756 5127 2097 5200 iudicabitur

520 5223 708 5276 omnis
739 5232 914 5287 terra,
948 5229 1004 5276 et
1043 5220 1095 5274 in
1132 5220 1310 5289 gladio
1353 5218 1470 5289 ejus
1510 5220 1687 5274 omnis
1726 5235 1902 5275 caro:
1942 5218 2093 5274 multi

528 5313 801 5369 vulnerati
825 5323 985 5369 erunt
1014 5312 1318 5369 aDomino.
1349 5331 1378 5365 ι
1414 5312 1681 5366 Furorem
1712 5311 1831 5380 ejus
1862 5324 1985 5365 esse
2014 5308 2095 5363 ul-

520 5406 699 5461 trices
730 5415 1023 5475 petestates
1060 5406 1287 5476 intelligi
1334 5404 1521 5471 solet;
1570 5411 1624 5459 et
1667 5402 2089 5481 increpation’em

522 5512 688 5555 suam
725 5499 778 5553 in
810 5496 1022 5571 ﬂamma
1054 5499 1194 5569 ignis
1229 5508 1417 5553 contra
1457 5496 1676 5551 eosdem
1729 5494 1927 5549 mittet.
1966 5490 2092 5547 Gla-

524 5597 680 5652 «dium
702 5609 833 5649 vero
863 5609 1125 5666 corporeo
1171 5609 1321 5650 more
1370 5592 1634 5660 nominat,
1680 5600 1735 5648 et
1778 5586 2089 5644 vulneratos

600 5776 650 5806 ³¹
691 5774 849 5830 Cant.
883 5788 917 5838 ι,
952 5772 1000 5825 1.
1052 5770 1119 5845 η³³
1144 5769 1327 5824 Matth.
1362 5783 1412 5835 v,
1446 5768 1499 5822 8.

2194 4582 2307 4643 τοῖς
2334 4579 2390 4631 δὲ
2424 4578 2522 4649 τὴν
2556 4576 2801 4630 ἐναντίαν
2840 4575 3264 4648 πεπορευμένοις
3299 4576 3415 4629 ὁδὸν
3468 4575 3762 4646 ἠπείλησεν

2193 4670 2454 4741 ἀπειλήν⁸
2503 4668 2598 4721 καὶ
2647 4667 2949 4731 ἀκολούθως
2992 4668 3227 4721 διδάσκει
3257 4667 3348 4720 τὸν
3389 4668 3487 4739 τῆς
3536 4667 3763 4737 ἀπειλῆς

2194 4760 2414 4832 τρόπον,
2483 4760 2752 4830 παριστὰς
2810 4760 2909 4831 τὴν
2958 4758 3212 4829 δευτέραν
3273 4758 3368 4811 καὶ
3416 4756 3624 4821 ἔνδοξον
3667 4757 3761 4810 τοῦ

2194 4853 2446 4924 Σωτῆρος
2497 4853 2821 4922 παρουσίαν,
2866 4852 2953 4904 ὅτε
2981 4851 3101 4922 ἥξει
3160 4850 3298 4923 μετὰ
3334 4851 3433 4921 τῆς
3463 4850 3624 4921 δόξης
3666 4850 3762 4903 τοῦ

2196 4944 2410 5017 Πατρδς
2435 4943 2529 4997 καὶ
2562 4942 2699 5015 μετά
2721 4943 2828 4997 τῶν
2852 4942 3094 5012 ἀγγέλων
3126 4941 3309 5005 αὐτοῦ,
3340 4943 3522 5013 κρῖναι
3556 4940 3764 5006 ζῶντας

2192 5038 2288 5093 καὶ
2315 5036 2559 5108 νεκρούς.

2268 5148 2288 5182 ‹
2342 5130 2431 5181 Ἐν
2460 5127 2569 5199 γὰρ
2596 5125 2674 5198 τῷ
2697 5126 2828 5199 πυρὶ
2853 5127 3058 5199 Κυρίου
3084 5125 3401 5198 κριθήσεται
3427 5123 3577 5177 πᾶσα
3598 5125 3631 5194 ή
3652 5122 3757 5191 γῆ,

2192 5221 2288 5275 καὶ
2318 5222 2376 5273 ὲν
2416 5223 2484 5290 τῇ
2512 5219 2755 5292 ῥομφαίᾳ
2788 5219 2954 5275 αὑτοῦ
2984 5222 3130 5273 πᾶσα
3163 5218 3327 5289 σάρξ*
3377 5216 3559 5270 πολλοὶ
3600 5232 3757 5286 τραυ-

2196 5313 2387 5384 ματίαι
2428 5311 2639 5365 ἔσονται
2668 5312 2774 5364 ὑπὸ
2821 5312 3047 5386 Κυρίου.
3108 5329 3126 5362 ›
3176 5308 3357 5379 Θυμὸς
3395 5308 3453 5360 δὲ
3496 5306 3658 5361 αὑτοῦ
3700 5305 3757 5356 αἱ

2193 5404 2513 5458 κολαστικαὶ
2544 5403 2638 5456 καὶ
2672 5403 3034 5475 τιμωρητικαὶ
3079 5400 3333 5471 δυνάμεις
3359 5398 3580 5453 εἰώθασι
3607 5395 3758 5467 νομί-

2193 5494 2400 5561 ζεσθαι,
2435 5496 2528 5549 καὶ
2564 5494 2653 5548 τὸν
2685 5493 3161 5565 ἀποσκορακισμὸν
3186 5491 3350 5546 αὑτοῦ
3381 5494 3438 5545 ὲν
3473 5492 3609 5563 πυρὶ
3631 5487 3761 5558 φλο-

2191 5586 2287 5657 γὸς
2315 5587 2455 5643 κατά
2486 5586 2592 5640 τῶν
2622 5586 2799 5641 αὐτῶν
2832 5587 3048 5658 ἀφήσει.
3091 5585 3390 5657 Ῥομφαίαν
3421 5584 3477 5637 δὲ
3504 5582 3760 5655 ὀνομάζει
