4108 6204
367 325 463 381 εει

1181 340 1206 364 ⁸
1259 329 1759 386 ΕΟΜΜΕΝΤΑΠΙᾹ
1797 333 1865 389 IN
1912 333 2164 391 lS.\lA.\l.
2207 368 2272 376 —
2311 335 2462 392 CAP.
2503 331 2683 393 LXVI.

3494 352 3595 404 5‘29.

369 439 844 510 σωματικώτερον,
871 441 963 494 καὶ
991 443 1332 512 τραυματίας
1370 445 1646 510 ὡσαύτως.
1685 449 1834 501 Ἐπεὶ
1863 450 1912 519 μῆ

2041 449 2312 504 similiter.
2349 449 2484 516 Quia
2535 448 2634 514 illi,
2687 457 2870 516 utpote
2914 450 3104 518 Judaei,
3151 470 3255 510 non
3302 456 3405 512 alio
3437 465 3595 515 modo

367 530 547 594 ἄλλως
589 526 656 602 ἦν
685 531 914 595 ἀκούειν,
953 533 1236 596 Ἰουδαίους
1266 535 1420 599 ὄντας
1454 537 1546 589 καὶ
1596 538 1669 609 μὴ
1701 538 1843 601 οἵους
1875 556 1933 591 τε

370 622 796 691 παρακολουθεῖν
835 625 899 692 τῇ
942 623 1050 675 τῶν
1093 623 1264 691 λόγων
1297 625 1522 697 διανοίᾳ.
1581 628 1644 679 '0
1695 628 1790 698 μὲν
1843 624 1934 683 οὖν

382 710 701 772 Ἀπὸστολος
737 711 825 763 τὸν
850 711 959 764 τῶν
1002 716 1377 785 προκειμένων
1411 716 1532 770 νοῦν
1572 717 1823 788 διασαφεῖ
1846 720 1932 773 λέ-

370 818 516 868 γων·
549 821 565 852 ι
593 802 741 855 Κατά
766 803 822 856 δὲ
848 803 947 875 τὴν
982 804 1321 877 σκληρότητὰ
1340 825 1431 860 σου
1449 809 1540 861 καὶ
1568 811 1932 883 ἀμετανόητον

373 893 593 963 καρδίαν
627 893 971 965 θησαυρίζεις
1000 897 1208 967 σεαυτῷ
1258 898 1422 970 ὀργὴν
1462 901 1520 952 ἐν
1552 901 1731 973 ἡμέρᾳ
1763 904 1932 974 ὀργῆς

373 981 464 1032 καὶ
492 981 901 1050 ἀποκαλύψεως,
941 987 1034 1038 καὶ
1064 986 1459 1059 δικαιοκρισίας
1504 990 1660 1055 Θεοῦ,
1697 994 1756 1058 ὃς
1797 996 1931 1048 ἀπο-

365 1067 520 1122 δώσει
554 1071 766 1143 ἑκάστῳ
805 1073 945 1127 κατά
979 1075 1047 1128 τὰ
1072 1076 1206 1147 ἔργα
1239 1078 1423 1132 αὑτοῦ.
1464 1100 1482 1132 ι

437 1180 458 1213 ι
490 1163 550 1216 Οἱ
593 1164 937 1237 ἁγνιζόμενοι
975 1168 1067 1221 καὶ
1097 1168 1514 1242 καθαριζόμενοι
1556 1176 1635 1238 εἰς
1666 1178 1788 1240 τοὺς
1824 1180 1924 1248 κή-

361 1271 512 1316 πους,
549 1257 644 1308 καὶ
687 1257 745 1308 ὲν
784 1261 896 1322 τοῖς
932 1259 1222 1331 προθύροις
1265 1262 1512 1328 ἔσθοντες
1548 1266 1714 1337 κρέας
1761 1267 1923 1335 ὕειον,

357 1349 450 1402 καὶ
476 1348 542 1401 τὰ
571 1349 915 1420 βδελύγματα
948 1353 1040 1406 καὶ
1071 1354 1161 1406 τὸν
1191 1353 1317 1425 μῦν,
1349 1357 1442 1408 ἐπὶ
1475 1358 1533 1410 τὸ
1563 1360 1691 1412 αὐτὸ
1721 1361 1928 1415 ἀναλω-

355 1439 636 1511 θήσονται.
680 1463 698 1493 ι
736 1445 830 1506 Ὦς
860 1445 1052 1516 μηκέτι
1086 1446 1226 1499 κατά
1251 1448 1339 1500 τὸν
1367 1449 1528 1519 νόμον
1554 1450 1614 1504 ὂν
1643 1454 1923 1524 παρέδωκε

353 1533 596 1602 Μωῦσῆς
619 1534 1079 1607 καθαριξομένους
1109 1539 1286 1610 σποδῷ
1310 1539 1592 1610 δαμάλεως
1622 1545 1714 1598 καὶ
1743 1551 1924 1618 περιρ-

355 1628 669 1698 ραντηρῖοις
698 1629 914 1701 ἡμερῶν
940 1631 1078 1684 ἐτττά
1104 1632 1196 1684 καὶ
1222 1635 1340 1696 ταῖς
1367 1633 1455 1687 διὰ
1501 1635 1699 1690 θυσιῶν
1723 1638 1924 1710 καθάρ-

356 1737 511 1773 σεσιν
531 1739 546 1750 ·
564 1722 684 1774 ἀντὶ
709 1722 767 1775 δὲ
794 1723 1014 1787 τούτων,
1043 1727 1100 1779 ἐν
1127 1727 1307 1790 αὐτοῖς
1327 1731 1829 1801 περινοστήσαντες,
1862 1732 1921 1784 τὺ

2039 539 2336 610 intelligere
2366 551 2638 610 poterant,
2673 551 2732 595 ut
2767 543 2856 608 qui
2901 559 3004 597 non
3038 546 3279 603 valerent
3306 551 3596 606 verborum

2036 644 2266 688 mentem
2313 635 2592 703 subsequi.
2631 635 2918 703 Apostolus
2949 646 3096 692 certe
3131 640 3258 694 dicti
3310 644 3454 710 quod
3487 653 3599 696 tra-

2033 733 2243 780 ciamus
2284 740 2502 780 sensum
2539 727 2712 794 aperit
2748 727 2830 780 his
2855 727 3053 792 verbis,
3091 748 3109 780 ι
3159 730 3466 788 Secundum
3502 749 3598 787 au-

2035 825 2138 868 tem
2191 817 2442 871 duritiem
2490 828 2635 872 tuam
2691 829 2746 873 et
2798 820 3142 889 imparnitens
3191 839 3286 877 cor
3330 825 3596 879 thesauri-

2033 923 2124 962 zas
2151 909 2245 962 tibi
2276 909 2411 963 iram
2445 911 2496 963 in
2525 911 2612 965 die
2651 911 2744 965 irae
2771 922 2824 964 et
2855 911 3222 979 revelatiouis,
3251 926 3306 969 et
3327 916 3458 982 justi
3500 916 3590 984 ju-

2031 999 2155 1053 dicii
2203 1001 2318 1066 Dei,
2369 1003 2460 1070 qui
2515 1002 2703 1057 reddet
2756 1003 3048 1073 unicuique
3092 1006 3385 1061 secundum
3425 1024 3588 1078 opera

2029 1109 2121 1147 sua
2152 1094 2216 1149 “.
2254 1114 2273 1146 ι

2098 1186 2265 1240 Vens.
2300 1188 2386 1242 l7.
2419 1208 2437 1240 ‹
2469 1188 2568 1256 Qui
2599 1192 3016 1249 sanctiﬁcantur
3038 1206 3093 1251 et
3131 1196 3484 1265 puriﬁc‘antur
3531 1196 3583 1250 in

2028 1279 2219 1343 hortis,
2244 1281 2370 1334 etin
2395 1281 2667 1337 liminibus
2687 1287 3026 1342 comedentes
3049 1304 3266 1344 carnem
3289 1289 3584 1357 porcinam,

2025 1380 2077 1424 ct
2111 1370 2538 1429 ahominationes
2584 1385 2638 1429 et
2681 1392 2909 1442 murem,
2947 1381 3104 1433 simul
3132 1391 3537 1434 consumeutur.
3561 1397 3583 1433 ι

2027 1462 2098 1514 Ita
2134 1472 2194 1517 ut
2231 1480 2336 1518 non
2375 1465 2604 1521 alterius
2636 1472 2928 1522 secundum
2961 1471 3152 1540 legem,
3180 1486 3341 1540 quam
3367 1471 3588 1526 tradidit

2026 1551 2267 1624 Moyses,
2293 1558 2476 1611 cinere
2515 1559 2693 1613 vitulae
2719 1568 2772 1613 et
2810 1563 3206 1628 aspcrsinnibus
3249 1564 3454 1617 dierum
3502 1580 3589 1619 se-

2023 1651 2187 1711 ptem,
2221 1647 2680 1703 sacriliciorumve
2703 1651 3109 1718 purgationibus
3151 1655 3581 1709 mundarentur:

2023 1734 2116 1788 sed
2155 1735 2344 1790 horum
2377 1738 2517 1800 vice,
2556 1750 2841 1808 postquam
2891 1742 2943 1794 in
2990 1742 3074 1796 his
3103 1745 3304 1798 versati
3340 1742 3580 1810 fuerant,

348 1811 421 1864 δι’
468 1811 660 1875 ὓδατος
707 1813 998 1884 καθάρσιον
1045 1817 1310 1887 ἀπαρκεῖν
1357 1819 1538 1882 αὐτοῖς
1579 1821 1764 1891 ᾤοντο,
1811 1828 1912 1887 τοῖς

2024 1826 2396 1893 purgationem
2449 1805 2783 1896 per—aquam
2830 1831 3079 1886 sullicere
3129 1833 3230 1887 sibi
3280 1835 3579 1904 putabant,

348 1895 495 1958 ἑατά
521 1923 674 1970 τινας
706 1901 910 1978 κήπους
954 1907 1136 1961 ὕδασιν
1185 1909 1562 1975 ἀπολούεσθαι,
1596 1913 1687 1965 καὶ
1726 1915 1918 1984 μηκέτι

343 1997 583 2066 μηδενὸς
602 1998 805 2052 δεῖσθαι
837 1999 943 2052 τῶν
966 2000 1490 2074 νενομοθετημένων.
1531 2005 1600 2056 Ἦ
1629 2005 1721 2058 καὶ
1747 2006 1918 2070 ἄλλως

347 2089 493 2159 μετά
526 2091 726 2162 μιαρὰς
760 2090 853 2145 καὶ
886 2092 1225 2164 ἀκαθάρτους
1266 2095 1511 2164 πράξεις,
1539 2096 1828 2167 ἀθεμίτους
1857 2116 1917 2152 τε

347 2184 738 2254 αἰσχρουργίας
783 2184 1030 2256 ἐνόμιζον
1073 2185 1246 2256 ψιλοῖς
1296 2186 1450 2240 ὕδασι
1481 2187 1793 2262 καθαρίζειν
1820 2191 1916 2254 τὰς

346 2276 559 2329 ἑαυτῶν
589 2276 782 2346 ψυχάς.

427 2474 448 2505 ς
478 2455 648 2524 Κάγὼ
679 2455 748 2510 τὰ
774 2456 910 2528 ἔργα
940 2459 1143 2523 αὐτῶν,
1177 2462 1270 2514 καὶ
1311 2463 1400 2516 τὸν
1433 2462 1686 2536 λογισμὸν
1716 2464 1909 2516 αὐτῶν.

351 2547 622 2618 Ἔρχομαι
647 2553 964 2618 συναγαγεῖν
986 2553 1160 2606 πάντα
1178 2552 1246 2605 τὰ
1265 2553 1391 2624 ἔθνη
1419 2555 1512 2608 καὶ
1530 2555 1627 2617 τὰς
1642 2555 1912 2622 γλώσσας.

346 2639 442 2691 καὶ
457 2639 644 2709 ἥξουσι
666 2643 756 2693 καὶ
777 2641 995 2710 ὄψονται
1024 2644 1120 2715 τὴν
1137 2644 1289 2709 δόξαν
1321 2663 1440 2716 μου.
1456 2666 1472 2696 ι
1503 2646 1838 2718 Σαφέστερον
1860 2647 1914 2698 δὲ

336 2731 377 2782 ὃ
415 2731 605 2804 Σωτὴρ
637 2734 693 2785 ἐν
723 2736 833 2797 τοῖς
866 2735 1212 2805 Εύαγγελίοις
1251 2737 1487 2791 διδάσκει
1514 2738 1684 2791 ταῦτα
1709 2738 1908 2804 λέγων’

344 2840 374 2874 1
405 2823 572 2877 Ὅταν
600 2825 655 2877 δὲ
682 2824 811 2898 ἔλθῃ
839 2828 867 2879 ὁ
894 2826 1021 2889 Υἱὸς
1044 2826 1138 2880 τοῦ
1169 2827 1452 2900 ἀνθρώπου
1485 2829 1542 2880 ἐν
1571 2832 1635 2899 τῇ
1660 2828 1784 2899 δόξῃ
1820 2829 1910 2881 τοῦ

342 2917 561 2990 Harpe;
586 2918 770 2980 αὐτοῦ,
803 2920 894 2973 καὶ
929 2921 1128 2984 πάντες
1153 2922 1202 2973 οἱ
1247 2921 1391 2989 ἆγιοι
1419 2920 1637 2988 ἄγγελοι
1669 2921 1783 2991 μετ’
1814 2919 1910 2972 αύ-

342 3005 438 3058 τοῧ
456 3024 468 3036 ν
503 3008 595 3059 καὶ
621 3007 902 3072 συνάξουσι
928 3009 1102 3063 πάντα
1133 3009 1201 3063 τὰ
1234 3009 1359 3081 ἔθνη
1385 3009 1689 3081 ἔμπροσθεν
1723 3009 1907 3073 αὑτοῦ,

2022 1917 2376 1985 quorumdam
2422 1920 2698 1974 hortorum
2725 1923 2880 1990 aquis
2915 1938 2972 1978 se
2999 1923 3142 1978 ahlui
3183 1933 3237 1978 et
3265 1925 3579 1991 emaculari,

2022 2021 2120 2061 nec
2155 2007 2292 2061 ultra
2328 2023 2513 2063 eorum
2557 2027 2674 2079 quae
2705 2013 2759 2065 in
2810 2014 2929 2081 lege
2957 2015 3346 2084 praecipiuntur
3378 2015 3486 2070 ullo
3523 2030 3583 2070 se

2020 2112 2154 2166 opus
2185 2097 2406 2158 habere.
2432 2101 2834 2158 existimantes.
2865 2104 2995 2158 Nam
3037 2107 3171 2161 alias
3201 2117 3317 2174 post
3346 2107 3582 2162 admissa.

2023 2189 2195 2258 turpia
2239 2189 2479 2242 facinora
2506 2235 2519 2253 ,
2566 2201 2622 2246 et
2665 2203 2786 2262 post
2839 2195 3054 2249 illicitas
3095 2206 3385 2265 turpesque
3415 2200 3583 2252 actio-

2021 2295 2142 2345 nes,
2177 2280 2411 2350 simplici
2457 2297 2592 2352 aqua
2639 2285 2849 2340 animas
2896 2289 3139 2342 mundari
3182 2303 3309 2342 suas
3352 2289 3582 2342 arbitra-

2016 2369 2233 2425 bantur.

2093 2460 2250 2516 Vens.
2283 2463 2367 2517 18.
2413 2483 2430 2514 ι
2470 2464 2536 2518 Et
2560 2480 2660 2535 ego
2684 2479 2846 2536 opera
2875 2483 3082 2530 corum,
3110 2477 3163 2522 et
3193 2469 3576 2536 cogitationem

2016 2565 2200 2606 eorum
2239 2553 2439 2626 [novi].
2483 2556 2546 2609 Et
2575 2558 2731 2611 venio
2764 2568 2823 2612 ut
2855 2573 3177 2627 congregem
3217 2573 3405 2612 omnes
3448 2576 3578 2628 gen—

2020 2652 2100 2697 tes
2141 2654 2198 2698 et
2243 2645 2492 2713 linguas:
2555 2654 2609 2699 et
2661 2647 2882 2700 venient
2935 2657 2988 2700 et
3044 2647 3303 2699 videbunt
3351 2648 3576 2716 gloriam

2016 2749 2209 2788 meam.
2254 2754 2271 2784 ι
2307 2733 2430 2789 Haec
2464 2736 2662 2791 clarius
2703 2737 2961 2791 Servator
2991 2737 3045 2790 in
3084 2738 3389 2805 Evangeliis
3421 2740 3579 2793 docet

2013 2825 2100 2878 his
2143 2826 2354 2878 verbis:
2387 2845 2405 2876 ι
2435 2825 2566 2880 Cum
2598 2827 2806 2880 venerit
2838 2826 3006 2880 Filius
3040 2829 3273 2883 hominis
3323 2830 3372 2883 in
3407 2829 3574 2899 gloria

2013 2914 2194 2971 Patris
2223 2919 2326 2982 sui,
2358 2927 2413 2972 et
2442 2932 2629 2972 omnes
2652 2918 2829 2973 sancti
2859 2919 3032 2988 angeli
3064 2935 3184 2973 cum
3212 2935 3313 2977 eo:
3350 2930 3404 2974 et
3447 2935 3577 2974 con-

2013 3009 2312 3078 gregabunt
2347 3023 2534 3064 omnes
2565 3017 2750 3079 gentes
2783 3009 2836 3064 in
2879 3020 3170 3082 compecti:
3211 3013 3362 3078 ejus,
3402 3020 3456 3065 et
3491 3027 3578 3064 se-

342 3098 436 3150 καὶ
465 3099 681 3170 ἀφοριεί
713 3101 928 3165 αὐτοὺς,
963 3102 1020 3154 ὃν
1051 3102 1248 3174 τρόπον
1278 3102 1524 3174 ἀφορίζει
1549 3106 1576 3155 ὁ
1603 3101 1803 3174 ποιμὴν
1840 3103 1907 3156 τὰ

2016 3101 2257 3170 gregabit
2283 3115 2396 3165 eos,
2430 3101 2877 3170 quemadmodum
2928 3111 3175 3172 segregat
3212 3112 3396 3172 pastor
3437 3118 3568 3156 oves

341 3189 589 3260 πρόϐατα
618 3191 725 3243 ἀπὸ
749 3191 855 3244 τῶν
890 3193 1112 3262 ἐρίφων,
1156 3213 1172 3243 ι
1212 3193 1306 3246 καὶ
1337 3193 1404 3246 τὰ
1434 3193 1578 3263 ἑξῆς.
1612 3195 1721 3247 Καὶ
1752 3193 1907 3246 τοῦτο

338 3280 398 3333 δὲ
426 3280 586 3334 πάλιν
610 3285 720 3350 τοῖς
747 3282 951 3338 ἔθνεσιν
977 3285 1388 3353 ἐπαγγέλλεται,
1423 3284 1484 3337 τὸ
1512 3284 1906 3357 καταξιωθῆναι

339 3369 638 3423 θεάσασθαι
669 3371 766 3442 τὴν
790 3372 948 3438 δόξαν
979 3375 1159 3427 αὑτοῦ.

418 3481 436 3512 ι
475 3465 582 3516 Καὶ
608 3465 916 3535 καταλείψω
943 3467 1028 3519 ἐπ’
1071 3468 1250 3521 αὐτῶν
1297 3471 1539 3541 σημεῖον,
1580 3468 1675 3522 καὶ
1710 3469 1907 3535 ἐξαπο-

340 3554 514 3607 στελῶ
544 3555 601 3621 ὲξ
632 3557 807 3609 αὐτῶν
842 3559 1212 3629 σεσωσμένους
1240 3564 1318 3624 εἰς
1349 3562 1417 3614 τά
1455 3563 1602 3633 ἔθνη,
1646 3564 1723 3626 εἰς
1761 3562 1906 3633 Θαρ-

341 3643 475 3704 σεῖς,
504 3643 597 3694 καὶ
629 3644 781 3708 Φοὺδ,
809 3646 902 3698 καὶ
934 3647 1089 3711 Λοὺδ,
1124 3649 1216 3700 καὶ
1249 3649 1450 3721 Μοσόχ,
1486 3651 1580 3704 καὶ
1605 3653 1685 3714 εἰς
1715 3651 1902 3714 Θοϐὲλ,

337 3733 434 3786 καὶ
457 3734 536 3795 είς
550 3733 645 3805 τὴν
660 3734 900 3802 Ἑλλάδα,
930 3738 1023 3790 καὶ
1044 3740 1122 3803 εἰς
1150 3739 1244 3802 τὰς
1272 3743 1466 3812 νήσους
1489 3742 1586 3806 τὰς
1617 3743 1801 3814 πόρρω
1819 3761 1831 3773 ο
1856 3743 1906 3794 οἳ

335 3825 439 3878 ούκ
464 3826 733 3895 ἀκηκόασί
763 3847 863 3900 μου
903 3831 961 3882 τὸ
989 3831 1177 3902 ὄνομα,
1208 3832 1328 3885 οὔτε
1360 3834 1634 3904 ἑωράκασι
1682 3853 1782 3905 μου
1810 3835 1908 3906 τὴν

334 3916 514 3981 δόξαν.
549 3920 656 3973 Καὶ
687 3920 1044 3990 ἁναγγελοῦσι
1072 3925 1170 3994 τὴν
1197 3924 1352 3990 δόξαν
1387 3942 1488 3995 μου
1528 3926 1585 3978 ὲν
1613 3928 1726 3989 τοῖς
1762 3925 1906 3978 ἔθνε-

338 4023 414 4060 σι.
450 4027 468 4058 ι
512 4010 620 4062 Καὶ
653 4011 709 4062 ὲν
749 4015 857 4075 τοῖς
883 4014 1189 4085 ἔμπροσθεν
1220 4014 1456 4083 ἐλέγετο,
1503 4017 1585 4069 δτι
1639 4037 1657 4067 ί
1692 4012 1785 4080 Οἷς
1808 4018 1906 4071 οὐκ

335 4097 616 4169 ἀνηγγέλη
658 4101 783 4171 περὶ
825 4102 988 4155 αὑτοῦ
1033 4103 1272 4172 ὃψονται,
1308 4103 1356 4156 οἳ
1397 4104 1495 4157 οὐκ
1554 4105 1840 4175 ἀκηκόασι.
1882 4125 1900 4155 ι

336 4192 452 4245 Καὶ
476 4192 656 4245 πάλιν·
695 4213 713 4244 ι
736 4195 1012 4267 Ἐμφανὴς
1038 4197 1302 4267 ἐγενόμην
1330 4200 1441 4260 τοῖς
1470 4197 1570 4267 ἐμὲ
1598 4197 1670 4268 μὴ
1700 4199 1906 4270 ἐπερω-

333 4284 525 4350 τῶσιν,
556 4286 782 4360 εύρέθην
797 4290 905 4351 τοῖς
934 4289 1032 4360 ἐμὲ
1065 4289 1138 4360 μὴ
1173 4288 1539 4360 ἐπιζητοῦσινο
1584 4285 1732 4342 εἶπαο
1777 4291 1904 4344 Ἰδού

337 4377 476 4447 εἰμι,
507 4381 618 4440 τοῖς
653 4379 726 4450 μὴ
774 4381 1215 4452 ἐπικαλουμένοις
1255 4381 1315 4433 τὸ
1345 4381 1516 4452 ὄνομα
1562 4401 1684 4453 μου.
1722 4406 1738 4435 ι
1773 4386 1906 4437 Τού-

2013 3193 2080 3245 ab
2114 3191 2296 3255 haedis,
2335 3210 2354 3243 ι
2383 3201 2437 3247 et
2461 3202 2676 3246 caztera.
2709 3191 2775 3245 Et
2805 3193 2908 3245 hoc
2942 3191 3136 3245 iterum
3172 3193 3424 3261 gentibus
3455 3193 3566 3260 pol-

2012 3282 2232 3349 licetur,
2264 3282 2406 3352 quod
2442 3296 2634 3352 nempe
2668 3281 2905 3336 futurum
2952 3284 3024 3336 sit
3055 3292 3112 3336 ut
3148 3282 3372 3352 gloriam
3405 3283 3573 3353 ipsius

2012 3374 2193 3429 videre
2235 3375 2405 3442 dignae
2440 3374 2756 3426 habeantur.

2079 3465 2242 3520 Vnus.
2284 3464 2371 3519 l9.
2407 3482 2425 3515 ι
2459 3463 2526 3516 Ει
2561 3463 2862 3532 relinquam
2893 3478 3056 3532 super
3097 3479 3192 3518 eos
3231 3465 3482 3533 signum:
3517 3474 3576 3522 et

2009 3558 2252 3612 emittam
2286 3570 2353 3610 ex
2403 3554 2508 3609 illis
2545 3569 2640 3608 eos
2666 3555 2754 3622 qui
2793 3553 2982 3607 salvati
3038 3555 3240 3609 fuerint
3266 3557 3332 3608 ad
3362 3567 3571 3625 gentes,

2009 3649 2063 3702 in
2096 3648 2337 3714 Tharsis,
2383 3656 2434 3701 et
2466 3645 2638 3710 Phud,
2677 3654 2732 3699 et
2773 3645 2914 3710 Lud,
2959 3655 3014 3700 et
3058 3645 3110 3699 in
3152 3646 3392 3708 Illosoch,
3429 3657 3482 3700 et
3517 3649 3570 3700 in

2011 3739 2231 3804 Thobel,
2264 3749 2318 3794 et
2349 3739 2400 3792 in
2441 3737 2724 3801 Graeciam,
2754 3747 2806 3791 et
2837 3737 2888 3790 in
2922 3736 3127 3791 insulas
3163 3746 3431 3802 remotas;
3474 3739 3564 3805 qui

2012 3848 2114 3886 non
2148 3833 2432 3886 audierunt
2471 3845 2663 3885 nomen
2713 3845 2914 3892 meum,
2967 3843 3142 3898 neque
3179 3830 3429 3884 viderunt
3456 3831 3572 3900 glo-

2010 3927 2144 3978 riam
2172 3940 2364 3980 meam.
2398 3924 2462 3978 Et
2488 3922 2888 3977 annuntiabunt
2910 3921 3132 3990 gloriam
3158 3936 3334 3975 meam
3363 3921 3416 3975 in
3441 3937 3579 3991 gen—

2011 4017 2172 4072 tibus.
2217 4035 2235 4068 ι
2271 4014 2528 4084 Superius
2553 4031 2770 4084 quoque
2802 4014 3104 4078 dicebatur,
3143 4029 3162 4063 ‹
3196 4012 3234 4065 li
3263 4012 3455 4082 quibus
3481 4029 3572 4066 an-

2009 4108 2316 4161 nuntiatum
2361 4123 2465 4161 non
2501 4118 2584 4160 est
2627 4105 2694 4160 de
2743 4104 2853 4164 illo.
2884 4103 3181 4167 videbunt,
3224 4112 3279 4157 et
3322 4103 3413 4171 qui
3464 4119 3569 4157 non

2009 4199 2310 4260 audierunt,
2355 4196 2691 4266 intelligent:
2738 4213 2756 4246 ι
2791 4204 2847 4248 et
2879 4196 3100 4258 iterum,
3143 4211 3162 4244 ι
3202 4193 3437 4262 Apparui
3480 4194 3566 4256 iis,

2007 4288 2097 4357 qui
2144 4302 2229 4341 me
2264 4303 2368 4340 nou
2406 4283 2854 4354 interrogabant;
2899 4285 3151 4337 iuventus
3194 4285 3313 4336 sum
3339 4280 3429 4348 gab
3456 4281 3567 4349 ;iis,

2007 4381 2097 4449 qui
2134 4395 2219 4434 me
2245 4393 2348 4432 non
2379 4377 2733 4446 qnzerebant:
2768 4375 2904 4438 dixi,
2953 4376 3089 4429 Ecce
3123 4373 3330 4435 adsum,
3379 4371 3444 4424 iis
3474 4372 3568 4438 qui

333 4485 449 4522 των
476 4470 676 4539 ἀδελφά
719 4473 969 4542 τυγχάνει
1013 4474 1082 4526 τὰ
1123 4473 1511 4546 προειρημένα,
1556 4474 1620 4526 δι’
1663 4468 1735 4527 ὧν
1781 4478 1906 4538 τοὺς

2016 4487 2115 4526 ιιοη
2157 4471 2482 4525 invocabant
2535 4483 2725 4521 nomen
2776 4483 2974 4522 meum.
3009 4485 3029 4517 ι
3075 4465 3169 4519 llis
3205 4465 3398 4516 adﬁnia
3444 4473 3564 4515 sunt

336 4562 534 4615 ἑαυτοῦ
564 4564 890 4628 ἀποστόλους
923 4565 1310 4633 ἐπαγγέλλεται
1339 4565 1685 4618 ἀποστέλλειν
1721 4567 1813 4618 ἐπὶ
1839 4567 1905 4618 τά

333 4654 593 4726 ἀλλότρια
619 4655 713 4708 τοῦ
767 4657 979 4729 Ἰσραὴλ
1005 4657 1130 4726 ἔθνη
1167 4657 1232 4709 τὰ
1272 4657 1605 4727 πορρωτάτω
1632 4658 1730 4727 τῆς
1776 4657 1903 4710 Ἰου-

331 4747 512 4810 δαίας.

413 4857 433 4890 ι
472 4840 579 4891 Καὶ
611 4838 794 4903 ἄξουσι
827 4839 948 4902 τοὺς
980 4838 1237 4905 ἀδελφοὺς
1269 4839 1418 4908 ὑμῶν
1451 4840 1516 4891 ὲκ
1546 4838 1760 4892 πάντων
1791 4838 1898 4891 τῶν

331 4929 527 4992 ἐθνῶν,
557 4929 728 5000 δῶρον
769 4930 972 5000 Κυρίῳι
1007 4950 1026 4982 ›
1062 4929 1312 4992 Ἀξουσιν
1336 4930 1551 4992 αὐτοὺς,
1591 4929 1742 4992 τέλος
1773 4929 1903 4996 ἀγα-

333 5021 427 5074 ’ζδὸν
471 5021 652 5084 ατῦτοῖς
686 5020 840 5074 τοῦτο
885 5019 1400 5091 παραχωρήσαντες,
1447 5021 1532 5073 ὅτε
1579 5021 1672 5073 καὶ
1706 5018 1903 5088 ἀναλη-

331 5113 632 5184 φθὴσονται
685 5112 882 5182 ὁμοίως
927 5111 1003 5181 τῷ
1059 5110 1212 5180 Ἠλία
1252 5112 1336 5180 ἐφ’
1389 5113 1593 5182 ἅρματι
1631 5110 1904 5180 ἀγγελικῷ

325 5205 637 5276 ὀχούμενοι,
673 5203 846 5272 φωτὸς
891 5201 1206 5273 ἐπουρανίου
1243 5203 1770 5274 περιαστράπτοντος
1803 5203 1901 5254 αύ-

325 5297 476 5360 τούς.
514 5316 531 5346 ι
569 5296 702 5349 Μεθ’
734 5298 912 5349 ἵππων
937 5296 1031 5348 καὶ
1053 5295 1310 5365 ἁρμάτων
1338 5295 1719 5366 ὲν).αμπήναις
1754 5295 1905 5365 ἡμιό-

322 5408 452 5450 νων,
489 5389 626 5459 μετά
653 5388 903 5442 σκιαδίων
929 5390 1008 5451 εἰς
1027 5387 1126 5458 τὴν
1151 5387 1310 5455 ἁγίαν
1337 5387 1488 5440 πόλιν
1527 5387 1898 5458 Ἰερουσαλὴμ,

325 5477 446 5535 εἷπε
490 5479 714 5553 Κύριος.
757 5499 774 5530 ι
818 5481 1049 5551 Νοήσεις
1083 5478 1142 5532 δὲ
1174 5481 1300 5541 τοὺς
1331 5479 1528 5542 ἵππους
1564 5479 1657 5533 καὶ
1699 5478 1769 5532 τὰ
1805 5481 1902 5551 ἆρ-

330 5587 476 5641 ματα
506 5570 790 5639 ἁγγελικά,
831 5571 1125 5640 ἐπιστήσας
1159 5568 1252 5621 τοῦ
1289 5570 1557 5638 Ζαχαοίου
1583 5571 1647 5639 τῇ
1694 5585 1900 5640 προφη-

399 5755 444 5786 ³⁸
473 5752 629 5807 Rom.
669 5769 729 5815 It,
758 5753 810 5805 ὅ.

655 5851 920 5910 Parnm“
955 5851 1069 5909 (in.
1112 5850 1342 5910 XXIV.

2009 4564 2286 4634 prauuissa
2321 4563 2508 4621 verba,
2541 4560 2692 4628 queis
2725 4558 2995 4627 apostolos
3026 4571 3151 4610 suos
3192 4554 3258 4607 ad
3285 4565 3570 4605 extraneas

2007 4655 2186 4709 lsraeli
2226 4661 2430 4722 gentes,
2463 4661 2517 4704 et
2545 4669 2573 4703 a
2605 4649 2787 4704 Judaea
2829 4649 3238 4710 remotissimas,
3273 4645 3566 4698 missurum

2007 4760 2067 4800 se
2102 4746 2406 4814 pollicetur.

2079 4839 2238 4891 Vens.
2269 4837 2358 4891 9.0.
2393 4855 2409 4885 ι
2445 4836 2509 4888 Ει
2540 4834 2808 4887 adducent
2849 4832 3041 4884 fratres
3068 4837 3278 4883 vestros
3308 4841 3374 4880 ex
3400 4825 3568 4880 omni-

2007 4929 2105 4984 bus
2131 4931 2398 4999 gentibus,
2434 4928 2632 4980 donum
2679 4926 2924 4979 Domino.
2955 4941 2972 4972 ι
3005 4921 3286 4974 Adducent
3311 4933 3404 4972 eos
3425 4917 3568 4968 hunc

2004 5020 2135 5088 ipsis
2172 5023 2366 5072 bonum
2392 5019 2550 5070 linem
2583 5024 2952 5084 procurantes,
2977 5011 3564 5079 quandoassumentur.

2003 5110 2226 5179 perinde
2255 5119 2420 5178 atque
2455 5107 2636 5163 llelias
2671 5121 2835 5159 curru
2877 5103 3124 5173 angelico
3166 5099 3328 5161 vecti,
3358 5095 3565 5151 cmlesti

2005 5201 2206 5254 lumine
2237 5199 2364 5268 ipsis
2404 5196 2873 5265 circumlulgente.
2914 5213 2933 5246 ι
2981 5191 3114 5247 Cum
3162 5188 3316 5256 equis
3345 5197 3401 5239 et
3441 5200 3564 5239 cur-

2005 5293 2171 5352 ribus,
2207 5291 2260 5343 in
2308 5289 2572 5358 lampenis
2610 5289 2917 5348 mulorum,
2958 5298 3080 5338 cum
3134 5280 3468 5334 umbraculis
3512 5281 3564 5332 iu

2005 5382 2276 5435 civitatem
2334 5389 2576 5434 sanctam
2624 5377 2962 5440 Jerusalem,
3024 5373 3161 5426 dixit
3216 5371 3493 5425 Dominus.
3538 5387 3561 5423 ι

2008 5475 2188 5543 Equus
2228 5485 2283 5528 et
2322 5473 2598 5542 angelicas
2636 5471 2832 5524 rhedas
2866 5467 3151 5539 intelliges,
3204 5465 3247 5520 si
3290 5461 3568 5517 Zachariae

2006 5567 2303 5634 pr0phetia:
2326 5565 2566 5616 animum
2602 5561 2863 5630 applices,
2893 5559 2982 5615 ubi
3019 5573 3189 5628 equos
3215 5555 3452 5622 veloces,
3474 5567 3568 5608 va-

3175 5834 3241 5893 Π
