4108 6204
508 315 614 385 59.3
1180 320 1446 375 EUSEBII
1486 319 1962 375 CESARIENSIS
2001 314 2146 375 OPP.
2189 319 2366 375 PARS
2403 319 2489 375 111.
2531 353 2598 362 -
2636 310 3042 379 EXECETICA.
3643 325 3745 380 εει

509 444 618 498 rios
644 454 699 500 et
730 443 900 509 albos,
940 458 1001 498 ac
1037 458 1233 498 currus
1282 446 1494 515 aliquos
1525 445 1866 509 describens,
1905 462 2069 516 ange-
2100 454 2131 508 Α

2124 445 2311 516 ιτείᾳ,
2354 445 2481 515 παρ’
2516 438 2557 512 ᾧ
2590 445 2787 507 ῖππους
2813 444 3021 516 ψαροῦς
3060 445 3152 498 καὶ
3186 444 3459 507 ποικίλους
3492 443 3584 497 καὶ
3626 443 3746 497 λευ-

507 535 640 589 lieas
673 537 899 590 virtutes
934 535 1334 589 subindicabat.
1386 536 1674 605 Lampenaz
1704 547 1879 589 autem
1915 538 2082 592 mulo-

2184 537 2310 600 χοῦς
2340 537 2431 589 καὶ
2462 536 2683 608 ἅρματά
2719 554 2838 588 τινα
2867 536 3166 608 διαγράψας
3194 539 3221 588 ὁ
3248 536 3424 605 λόγος,
3453 537 3746 605 ἀγγελικάς

508 644 625 680 rum
660 628 912 681 videnlur
942 627 1252 695 signiﬁcare
1283 643 1517 696 corpora
1554 630 1920 699 resurgentia,
1963 630 2079 697 qui-

2181 629 2421 699 ᾐνίττετο
2453 629 2727 698 δυνάμεις.
2768 630 3061 700 Λαμπῆναι
3104 630 3160 682 δέ
3198 630 3435 699 ἡμιόνων
3465 628 3749 699 σημαίνειν

506 719 607 773 bus
657 728 822 773 vectrn
870 718 1062 772 animae
1125 719 1176 771 in
1244 720 1518 773 cmlestem
1592 720 1866 774 civitatem
1930 736 2081 774 assu-

2182 721 2387 773 ἐοίκασι
2409 721 2476 773 τὰ
2503 720 2601 790 τῆς
2629 720 2973 783 ἀναστάσεως
3002 720 3249 791 σώματα,
3278 717 3357 784 οἷς
3384 721 3746 791 ἐποχούμεναι

509 820 747 863 mcntur.
780 810 821 863 E
866 826 924 863 re
955 819 1132 863 autem
1176 812 1375 865 dicitur
1420 812 1704 882 lampente,
1742 814 1857 869 sive
1907 814 2081 885 fulgo-

2180 815 2235 865 αἱ
2268 813 2434 882 ψυχαὶ
2475 815 2551 876 εἰς
2594 812 2689 882 τὴν
2723 813 3039 883 ἐπουράνιον
3082 813 3543 885 ἁναληφθὴσονται
3574 813 3743 866 πόλιν.

509 917 617 966 res,
644 903 712 956 ob
748 902 1041 973 fulgentem
1080 905 1207 973 ipsis
1239 904 1485 974 gloriam.

2181 902 2252 958 Εὖ
2284 906 2339 959 δέ
2365 907 2576 976 εἴρηται
2602 904 2878 974 λαμπῆναι
2909 904 2993 957 διὰ
3022 906 3118 977 τὴν
3158 906 3540 976 ἐκλάμπουσαν
3568 906 3746 971 αὐτοῖς

2179 998 2355 1062 δόξαν.

578 1082 744 1139 Vens.
773 1085 865 1138 ΞΜ.
906 1104 921 1135 ι
963 1084 1031 1140 Ut
1072 1084 1303 1140 olferant
1336 1086 1427 1141 lilii
1474 1089 1642 1143 Israel
1667 1089 1914 1145 victimas
1955 1107 2079 1147 suas

2253 1110 2269 1140 ι
2316 1090 2402 1152 Ὠς
2430 1088 2818 1157 ἀνενέγκαισαν
2847 1091 2891 1141 οξ
2920 1090 3025 1143 υἱοὶ
3064 1089 3274 1161 Ἰσραὴλ
3305 1090 3402 1152 τὰς
3429 1089 3621 1154 θυσίας
3653 1089 3745 1144 αῦ-

509 1177 636 1230 mibi
679 1192 797 1230 cum
844 1178 1100 1245 psalmis:
1167 1189 1220 1231 et
1281 1196 1345 1233 ex
1397 1179 1475 1235 eis
1518 1196 1725 1236 sumam
1771 1186 2080 1239 sacerdotes

2179 1182 2285 1234 τῶν
2340 1183 2460 1252 ἐμοὶ
2510 1181 2646 1252 μετὰ
2688 1181 2954 1251 ψαλμῶνυ
3002 1184 3093 1235 καὶ
3140 1184 3236 1235 ἀπ’
3281 1182 3457 1235 αὐτῶν
3504 1183 3744 1253 λήψομαι

505 1280 559 1320 et
596 1267 836 1332 Levitas,
894 1270 1029 1323 dixit
1064 1270 1341 1333 Dominus.
1381 1291 1398 1325 ι
1448 1272 1513 1327 Ut
1559 1274 1740 1342 itaque
1787 1280 2077 1330 sesundum

2183 1276 2343 1345 ἱερεῖς
2374 1275 2466 1327 καὶ
2494 1275 2743 1338 Λευίτας,
2779 1269 2899 1327 εἶπε
2932 1275 3153 1345 Κύριος.
3197 1294 3213 1325 ι
3250 1275 3460 1345 Ὥσπερ
3486 1270 3578 1327 οῦν
3624 1275 3740 1328 τότε

507 1374 821 1429 corpoream
857 1360 1027 1430 legem
1082 1362 1136 1415 in
1187 1371 1403 1416 terrena
1458 1362 1760 1420 Jerusalem
1811 1367 1926 1420 haec
1956 1383 2079 1437 age-

2178 1369 2317 1420 κατᾶ.
2346 1367 2436 1419 τὸν
2466 1367 2773 1437 σωματικὸν
2812 1367 2972 1437 νόμον
3013 1367 3107 1419 ἐπί
3145 1368 3244 1437 τῆς
3276 1368 3517 1435 ἐπιγείου
3557 1369 3744 1440 Ὶερου·

508 1451 636 1502 baut
672 1453 762 1519 qui
811 1452 1012 1505 cultum
1068 1454 1490 1523 persolvebant;
1542 1457 1732 1511 eodem
1792 1458 1951 1511 modo
1993 1473 2078 1513 se-

2180 1458 2356 1527 σαλὴμ
2381 1457 2528 1511 ταῦτ’
2561 1458 2824 1529 ἔπραττον
2853 1461 2900 1510 οἱ
2932 1460 3029 1529 τὴν
3064 1459 3319 1530 λατρείαν
3348 1460 3738 1523 ἐπιτελοῦντεςο

502 1543 738 1595 cundum
773 1553 1048 1597 terrenum
1081 1545 1208 1599 illud
1238 1547 1565 1617 exemplum,
1597 1550 1683 1617 qui
1716 1549 1769 1602 in
1800 1549 2076 1604 cmlestem

2177 1550 2264 1603 τὸν
2294 1552 2450 1603 αὑτὸν
2474 1550 2670 1621 τρόπον
2701 1550 2838 1602 κατὰ
2874 1551 2932 1602 τὸ
2958 1551 3048 1602 ἐπὶ
3084 1552 3187 1620 γῆς
3215 1552 3561 1623 παράδειγμα
3591 1555 3636 1605 οἱ
3664 1554 3742 1616 εἰς

503 1631 897 1704 Jerosolymam
928 1640 1239 1698 ascendent,
1273 1655 1396 1692 cum
1434 1642 1666 1709 propriis
1696 1640 1960 1696 fructibus
1988 1658 2077 1696 ve-

2176 1644 2273 1714 τὴν
2305 1644 2550 1711 οὐράνιον
2598 1642 2952 1715 Ἰερουσαλὴμ
2997 1644 3237 1706 ἀνιόντες
3276 1644 3462 1713 ἥξουσι
3512 1647 3629 1715 μετ’
3668 1645 3745 1697 οἰ-

508 1727 685 1789 ιιὶοιιι,
712 1742 845 1795 quos
873 1728 1069 1794 singuli
1103 1746 1170 1783 ex
1221 1728 1519 1785 fructiferis
1556 1731 1841 1787 virtutibus
1890 1748 1946 1789 ut
1983 1740 2077 1790 do-
2112 1798 2130 1806 _

2120 1798 2145 1806 λ
2178 1734 2339 1787 κείων
2382 1735 2629 1806 καρπῶν,
2662 1729 2735 1787 ὧν
2784 1735 3010 1794 ἕκαστος
3052 1736 3106 1785 ἐν
3148 1733 3290 1805 ψυχῇ
3327 1733 3742 1805 μετακομίζεται

507 1834 633 1871 num
663 1828 718 1872 et
746 1836 940 1873 munus
985 1822 1036 1874 in
1079 1824 1259 1876 anima
1300 1825 1557 1878 referent.
2110 1798 2129 1851 Ῑ

2110 1798 2149 1851 Β
2178 1826 2361 1899 δώρων
2391 1828 2489 1897 τῆς
2511 1827 2618 1879 τῶν
2644 1825 2851 1897 ἀρετῶν
2883 1828 2944 1878 ἐκ
2973 1828 3362 1897 καρποφορίας.

582 1926 744 1981 Vsus.
773 1927 864 1984 22.
908 1948 925 1980 ι
964 1929 1116 1985 Sicut
1159 1932 1301 1985 enim
1335 1932 1531 1987 cretum
1582 1947 1780 1988 novum
1828 1944 1882 1989 et
1928 1947 2073 1991 terra

2253 1936 2270 1966 ‹
2313 1918 2407 1967 Ὃν
2436 1917 2631 1987 τρόπον
2663 1917 2768 1987 γὰρ
2791 1918 2818 1969 ό
2844 1915 3069 1985 οὐρανὸς
3104 1916 3285 1979 καινὸς
3317 1916 3409 1967 καὶ
3446 1916 3478 1986 ή
3520 1915 3589 1985 γῆ
3621 1932 3742 1967 και-

505 2036 663 2084 nova,
698 2036 819 2089 quae
842 2035 940 2088 ego
964 2020 1131 2083 lucio,
1167 2034 1483 2091 permanent
1514 2024 1563 2077 in
1598 2036 1889 2093 conspectu
1931 2042 2071 2092 meo,

2174 2008 2261 2077 νὴ,
2298 2006 2333 2060 ἂ
2362 2006 2470 2075 ἐγὼ
2503 2006 2665 2069 ποιῶ,
2710 2006 2858 2077 μένει
2882 2006 3108 2060 ἐνώπιον
3147 2006 3301 2077 ἐμοῦ,
3332 2006 3477 2075 λέγει
3499 2006 3698 2077 Κύριος
3726 2023 3742 2037 ο

505 2112 636 2164 dicit
674 2112 930 2166 Dominus
964 2129 978 2178 ;
1013 2112 1093 2166 sic
1120 2114 1286 2166 stabit
1314 2129 1496 2169 semen
1530 2125 1765 2169 vestrum
1794 2127 1847 2171 et
1877 2134 2071 2173 nomen

2174 2099 2314 2151 οὕτω
2338 2100 2586 2170 στήσεται
2610 2098 2670 2151 τὸ
2705 2099 2921 2168 σπέρμα
2944 2099 3094 2169 ὑμῶν
3123 2100 3216 2151 καὶ
3247 2098 3305 2150 τὸ
3333 2098 3502 2168 ὄνομα
3534 2097 3737 2167 ὑμῶν.»

502 2212 766 2256 vestrum.
802 2222 821 2253 ι
851 2202 986 2255 Nam
1016 2203 1060 2257 si
1095 2190 1299 2259 novum
1322 2206 1543 2272 malum,
1575 2218 1630 2261 et
1657 2223 1792 2262 nova
1823 2218 1989 2273 terra,
2021 2220 2074 2263 et

2174 2193 2236 2245 Εί
2262 2192 2367 2264 γὰρ
2389 2192 2613 2263 οὐρανὸς
2642 2191 2823 2253 καινός
2860 2193 2975 2244 ἐστι
3004 2192 3098 2245 καὶ
3131 2194 3163 2262 ἡ
3193 2192 3265 2262 γῆ
3294 2191 3472 2257 καινὴ,
3514 2191 3605 2243 καὶ
3649 2191 3745 2242 'ls-

503 2293 801 2347 Jerusalem
854 2310 990 2349 nova
1040 2306 1161 2359 est;
1216 2308 1615 2367 consequenter
1656 2302 1966 2356 sacerdotes
2017 2312 2072 2356 et

2178 2284 2453 2355 ρουσαλὴμ
2487 2284 2664 2355 καινὴ,
2715 2286 3002 2338 ἀκόλουθον
3035 2287 3101 2337 ἂν
3144 2284 3228 2355 εἴη
3285 2284 3376 2337 καὶ
3424 2284 3546 2345 τοῦς
3578 2283 3743 2352 ἱερεῖς

502 2381 703 2437 Levita:
735 2385 858 2439 novi
903 2395 1082 2450 erunt,
1125 2401 1294 2455 quare
1321 2389 1567 2457 superius
1603 2390 1861 2445 dicebat:
1898 2410 1917 2442 ι
1954 2391 2069 2448 Non

2173 2378 2267 2429 καὶ
2294 2377 2525 2439 Λευίτας
2559 2379 2773 2442 καινοὺς
2801 2377 3014 2430 ἔσεσθαι
3038 2395 3052 2407 ·
3084 2377 3162 2430 διὸ
3190 2378 3283 2430 καὶ
3317 2378 3374 2429 ἐν
3397 2379 3506 2437 τοῖς
3536 2374 3743 2445 ἕμπρρ-

504 2476 934 2531 recordabuntur
959 2479 1223 2546 priorum,
1256 2489 1311 2533 et
1343 2496 1449 2533 non
1484 2468 1742 2537 ascendet
1786 2484 1837 2538 in
1865 2499 1961 2540 cor
1988 2501 2073 2541 eo-

2174 2470 2297 2524 σθεν
2330 2470 2478 2539 ἔλεγε
2505 2487 2517 2499 “
2563 2489 2579 2521 ι
2629 2472 2701 2524 Οὺ
2742 2469 3019 2541 μνησθῶσι
3061 2469 3168 2523 τῶν
3193 2470 3492 2540 προτέρων,
3524 2468 3616 2520 καὶ
3641 2469 3743 2521 οὐκ

503 2583 649 2624 rum.
681 2587 701 2621 ι
737 2569 918 2624 Prima
950 2570 1132 2639 itaque
1159 2586 1267 2624 non
1298 2573 1672 2640 permanentia
1710 2585 1902 2641 erant,
1945 2592 2074 2646 qua-

2172 2563 2497 2633 ὰναϐἡσεται
2550 2562 2727 2617 αὐτῶν
2766 2563 2857 2615 ἐπὶ
2889 2564 2987 2634 τὴν
3023 2563 3266 2634 καρδίαν.
3303 2580 3320 2613 ι
3359 2562 3439 2614 Τὰ
3499 2562 3594 2632 μὲν
3650 2557 3744 2613 οῦν

501 2669 723 2731 prepter
750 2662 952 2716 dictum
978 2671 1080 2725 est,
1119 2678 1138 2711 ι
1167 2661 1374 2717 Caelum
1401 2673 1459 2716 et
1502 2672 1643 2717 terra
1673 2668 2009 2733 transibunt;
2045 2688 2065 2721 ι

2173 2654 2365 2726 πρῶτα
2388 2655 2447 2708 οῦ
2480 2656 2705 2726 μένοντα
2730 2650 2797 2725 ἦν
2819 2671 2831 2684 ·
2870 2654 2949 2707 διὸ
3005 2654 3218 2722 ἐλέγετο
3242 2671 3254 2683 ·
3294 2672 3310 2703 ί
3353 2653 3591 2722 Οὐρανὸς
3649 2652 3743 2704 καὶ

500 2766 568 2806 ac
607 2766 856 2817 rursum,
910 2771 927 2805 ι
976 2752 1275 2807 Plicabitur
1319 2746 1513 2818 coelum
1552 2765 1611 2809 ut
1653 2756 1809 2821 liber,
1860 2768 1916 2812 et
1948 2774 2070 2812 cor-

2172 2748 2205 2817 ή
2233 2747 2302 2816 γῆ
2326 2745 2747 2815 παρελεύσονται
2772 2763 2785 2775 ·
2828 2765 2845 2797 ι
2882 2746 2976 2798 καὶ
3006 2745 3167 2798 πάλιν
3187 2762 3199 2773 ·
3233 2763 3250 2793 σ
3287 2744 3629 2814 Εἱλιγήσεται
3655 2743 3744 2795 οὺ-

500 2845 753 2912 ruptione
789 2856 1171 2914 corrumpetur
1217 2856 1381 2902 terra.
1434 2864 1455 2897 ›
1488 2846 1675 2901 Futuri
1716 2864 1843 2904 vero
1883 2851 2067 2906 saeculi

2173 2838 2333 2909 ρανὸς
2357 2838 2431 2901 ὡς
2458 2836 2678 2907 βιϐλίον,
2714 2837 2807 2890 καὶ
2839 2837 3010 2909 φθορᾷ
3042 2836 3373 2908 φθαρήσεται
3400 2838 3431 2906 ἡ
3466 2836 3558 2905 γῆ.
3586 2854 3603 2885 ι
3633 2833 3741 2887 Τοῦ

503 2935 758 3002 primitiae
802 2936 1051 2990 Christus
1076 2953 1091 3001 ;
1119 2938 1313 2992 deinde
1340 2938 1431 3007 qui
1465 2940 1670 2995 Christi
1718 2950 1843 2995 sunt
1873 2942 1926 2996 in
1974 2944 2071 2997 ad-

2169 2930 2227 2982 δέ
2261 2929 2539 2999 μέλλοντος
2566 2929 2759 2991 αἰῶνος
2790 2928 3007 2999 ἀπαρχὴ
3043 2926 3277 3000 Χριστός
3300 2943 3314 2955 ’
3347 2925 3536 2979 ἔπειτα
3565 2927 3612 2978 οἱ
3646 2926 3740 2979 τοῦ

502 3034 665 3080 ventu
710 3027 846 3095 ejus.

2170 3020 2403 3091 Χριστοῦ
2432 3022 2488 3071 ἐν
2526 3023 2588 3091 τῇ
2617 3020 2886 3091 παρουσίᾳ
2914 3019 3099 3073 αὑτοῦ.

574 3117 737 3171 Vens.
766 3117 858 3171 23.
897 3135 918 3169 ι
957 3118 1020 3171 Et
1045 3119 1150 3172 erit
1187 3119 1388 3175 mensis
1433 3134 1499 3175 ex
1537 3137 1743 3186 mense,
1783 3132 1838 3178 et
1873 3126 2065 3181 sabba-
2092 3145 2135 3203 α
2188 3201 2196 3203 Α

2119 3145 2135 3202 Ξ
2245 3130 2263 3162 ι
2297 3111 2404 3164 Κοὲι
2428 3110 2577 3163 ἔσται
2604 3110 2707 3181 μὴν
2745 3112 2806 3162 ἐκ
2838 3111 3023 3181 μηνὸς,
3058 3110 3151 3162 καὶ
3184 3109 3448 3163 σάϐϐατον
3501 3110 3564 3161 ἐκ
3611 3107 3741 3161 σαϐ-

502 3219 615 3263 tum
659 3224 722 3263 ex
761 3209 1006 3268 sabbato.
1044 3209 1235 3265 Veniet
1265 3214 1441 3268 omnis
1473 3229 1603 3269 caro
1634 3214 1702 3269 ad
1733 3216 2066 3272 adorandum
2103 3198 2124 3203 ν

2119 3198 2135 3202 β
2171 3201 2353 3256 ϐάτου.
2381 3201 2536 3265 ’Ἥξει
2580 3203 2729 3254 πᾶσα
2761 3201 2895 3273 σὰρξ
2948 3200 3041 3253 τοῦ
3099 3201 3471 3273 προσκυνῆσαι
3512 3198 3741 3253 ἐνώπιον

501 3302 554 3355 in
598 3312 891 3370 conspectu
938 3319 1057 3359 meo
1103 3306 1153 3358 in
1200 3304 1520 3368 Jerusalem,
1560 3308 1689 3361 dicit
1730 3306 2011 3362 Dominus.
2041 3328 2060 3361 ι

2168 3294 2301 3365 ἐμοῦ
2338 3296 2394 3347 ἐν
2432 3294 2795 3364 Ἰερουσαλὴμ,
2829 3289 2947 3345 εἶπε
2972 3293 3193 3365 Κύριος.
3230 3313 3247 3344 ι
3276 3292 3347 3345 Τὸ
3390 3293 3446 3345 δέ
3474 3291 3744 3356 σάᾶόατον

503 3391 799 3446 Sabbatum
866 3402 1045 3446 autem
1096 3392 1297 3448 Christi
1348 3394 1685 3458 intelligendi
1738 3410 1889 3449 more
1940 3410 2069 3450 con-

2166 3384 2400 3457 Χριστοῦ
2430 3386 2718 3438 ἀκόλουθόν
2750 3386 2864 3436 ἐστι
2909 3383 3048 3436 κατὰ
3099 3384 3332 3437 διάνοιαν
3377 3383 3741 3453 ἐκλαμϐάνειν

497 3492 756 3551 gruenter
796 3484 1033 3552 accipias
1076 3501 1174 3552 pro
1207 3485 1654 3549 solemnitatibus
1712 3486 1763 3539 in
1808 3486 1944 3542 ccelo
1979 3502 2069 3542 ce-

2166 3476 2263 3538 τὰς
2297 3478 2354 3529 ἐν
2383 3475 2597 3547 οὐρανῷ
2631 3474 2821 3549 ἐορτὰς
2845 3475 2938 3528 καὶ
2971 3475 3040 3527 τὰ
3085 3475 3260 3528 ἐκεῖσε
3321 3475 3561 3528 σάϐϐατα
3607 3475 3742 3545 ἀλη-

499 3571 743 3637 lebratis,
792 3584 847 3628 et
892 3590 989 3645 pro
1030 3560 1172 3631 veris
1219 3576 1328 3632 illic
1381 3579 1620 3633 sabbatis
1666 3578 1719 3632 in
1768 3579 2064 3644 mensibus,

2169 3567 2287 3620 θινά
2322 3569 2411 3620 ἐπὶ
2444 3568 2567 3630 τοὺς
2598 3569 2769 3639 μῆνας
2789 3568 2913 3630 τοὺς
2941 3568 3074 3620 ἐκεῖ.
3109 3566 3244 3637 Περὶ
3288 3560 3362 3619 ὧν
3398 3566 3563 3628 πολὺς
3590 3566 3619 3617 ὁ
3654 3566 3740 3619 λό-

497 3675 557 3719 ut
594 3666 667 3720 ibi
712 3683 808 3721 usu
841 3669 1089 3731 veniunt,
1130 3670 1491 3724 celebrandis.
1548 3669 1620 3724 De
1657 3670 1851 3739 quibus
1896 3671 2063 3738 proli-

2168 3674 2260 3727 γος
2294 3659 2385 3711 καὶ
2415 3658 2860 3730 δυσερμήνευτος,
2886 3658 3076 3729 σχολῆς
3098 3676 3157 3711 τε
3192 3660 3402 3729 μακρᾶς
3419 3658 3513 3710 καὶ
3536 3657 3738 3721 οἰκείας

497 3772 599 3810 aus
643 3766 695 3812 et
735 3759 1003 3827 explicatu
1036 3758 1266 3814 dillieilis
1304 3776 1484 3815 sermo
1510 3760 1874 3815 instituendus
1899 3770 2062 3827 esset,

2166 3750 2472 3813 ὑποθέσεως
2496 3750 2763 3821 δεόμενος.
2796 3751 2981 3820 Σάρκα
3006 3750 3061 3802 δέ
3091 3752 3267 3803 πᾶσαν
3292 3749 3438 3817 λέγει
3469 3750 3641 3802 πάντα
3669 3749 3739 3802 τὰ

497 3850 588 3918 qui
629 3849 791 3919 longo
829 3852 939 3905 otio
970 3861 1022 3905 et
1054 3852 1274 3921 proprio
1299 3863 1618 3923 argumento
1654 3868 1789 3924 opus
1819 3853 2059 3909 haberet.

2164 3842 2287 3914 ἔθνη
2322 3841 2506 3895 τοῦτον
2560 3842 2839 3913 ὀνομάζων
2879 3842 2969 3895 τὸν
3013 3842 3241 3913 τρόπον’
3279 3841 3418 3893 οὕτω
3450 3841 3579 3909 γοῦν
3618 3840 3736 3893 ἐλέ-

499 3939 732 3995 ιίιηηρῐη
773 3949 951 3994 autem
991 3956 1204 3995 omnem
1262 3952 1421 3996 vocat
1478 3956 1665 3996 omnes
1714 3952 1937 4012 gentes;
1990 3943 2061 3999 ita

2164 3950 2288 4002 γετο
2328 3935 2421 3988 καὶ
2466 3934 2553 3987 διὰ
2584 3936 2690 3988 τῶν
2740 3934 3045 4005 ἔμπροσθεν
3072 3950 3084 3963 ’
3144 3953 3162 3984 ι
3204 3933 3429 4003 Ὄψεται
3478 3932 3535 3984 δέ
3587 3934 3738 3985 πᾶσα

496 4032 638 4085 enim
686 4031 936 4100 superius
984 4033 1289 4097 dicebatur,
1336 4051 1355 4084 ›
1406 4031 1622 4087 Videbit
1673 4045 1851 4089 autem
1886 4036 2062 4091 omnis

2165 4027 2300 4099 σάρξ
2345 4027 2405 4080 τὸ
2440 4029 2711 4099 Σωτήριον
2740 4028 2831 4080 τοῦ
2860 4026 2991 4079 Θεοῦ
3012 4045 3023 4055 ·
3063 4046 3080 4079 ι
3114 4026 3206 4079 καὶ
3236 4026 3499 4095 ἀλλαχοῦ·
3544 4044 3562 4075 ι
3609 4025 3732 4077 Ἐκ-

495 4138 626 4178 caro
659 4123 908 4178 Salutare
942 4125 1031 4179 Dei
1060 4140 1072 4185 ;
1105 4133 1153 4178 et
1188 4124 1348 4191 alibi,
1390 4141 1409 4175 ι
1442 4122 1723 4178 Ellundam
1759 4127 1823 4179 de
1858 4124 2059 4195 Spiritu

2163 4120 2270 4189 χεῶ
2303 4120 2409 4173 ἀπὸ
2441 4119 2532 4173 τοῦ
2562 4119 2873 4189 Πνεῦματός
2915 4136 3012 4188 μου
3043 4120 3133 4171 ἐπὶ
3180 4121 3357 4177 πᾶσαν
3395 4120 3592 4190 σάρκα,
3640 4120 3734 4171 καὶ

495 4229 615 4270 meo
644 4203 805 4285 super
838 4229 1048 4269 onmem
1079 4230 1318 4279 carnem,
1371 4226 1423 4270 et
1453 4216 1858 4285 prephetabunt
1884 4217 1935 4271 in
1967 4216 2058 4271 Je-

2162 4212 2625 4285 προφητεύσουσιν
2670 4214 2725 4265 ἐν
2783 4211 3159 4281 Ἰερουσαλήμ.
3196 4230 3215 4283 ι
3251 4212 3359 4283 Τὴν
3413 4211 3732 4281 ἐπουράνιον

494 4307 752 4361 rnsalem.
817 4324 836 4357 ι
887 4306 1172 4360 C(elestem
1237 4308 1439 4361 indicat
1484 4307 1915 4380 Jerosolymam,
1966 4310 2057 4366 ubi

2162 4307 2413 4377 σημαίνει
2452 4305 2823 4376 Ἰερουσαλὴμ,
2851 4302 2979 4357 ἔνθα
3003 4306 3323 4374 συστήσεται
3349 4307 3381 4375 ἡ
3424 4303 3515 4356 τοῦ
3550 4302 3734 4373 Σωτῆ-

495 4396 794 4450 Salvatoris
834 4396 1002 4450 nostri
1043 4411 1261 4466 regnum
1302 4399 1582 4452 consistet.

1095 4412 1261 4466 ignum
1302 4399 1582 4452 consistet.
2162 4414 2251 4468 ρος
2274 4399 2426 4468 ἡμῶν
2455 4398 2717 4467 βασιλεία.

564 4488 730 4542 Vens.
766 4488 857 4543 24.
901 4506 918 4539 ‹
967 4486 1033 4542 Ει
1064 4489 1289 4543 exibunt
1319 4498 1374 4543 et
1410 4490 1665 4544 videbunt
1700 4492 1935 4545 membra
1964 4492 2060 4545 bo-
2092 4488 2135 4544 D

2106 4488 2135 4542 D
2233 4509 2250 4541 ι
2307 4491 2415 4543 Καὶ
2465 4489 2832 4556 ἐξελεύσονται
2895 4492 2988 4545 καὶ
3040 4492 3258 4555 δψονται
3309 4490 3376 4543 τὰ
3418 4489 3565 4542 κῶλα
3619 4487 3728 4540 τῶν

492 4583 716 4647 minnm,
753 4582 843 4650 qui
880 4582 1217 4650 praevaricati
1266 4594 1389 4635 sunt
1432 4583 1484 4635 in
1522 4597 1627 4636 me.
1658 4580 1868 4637 Vermis
1905 4583 2050 4637 enim

2161 4580 2460 4653 ἀνθρώπων
2512 4581 2619 4634 τῶν
2681 4583 3139 4655 παραϐεϐηκότων
3196 4586 3251 4635 ἐν
3324 4580 3464 4653 ἐμοί.
3508 4582 3566 4634 ὐ
3621 4581 3728 4652 γὰρ

487 4688 674 4727 eorum
704 4688 809 4726 non
843 4673 1122 4739 morietur,
1152 4682 1205 4726 et
1233 4673 1370 4742 ignis
1396 4687 1581 4726 eorum
1610 4687 1714 4726 non
1743 4674 2053 4743 exstingue-

2162 4672 2373 4743 σκώληξ
2402 4672 2578 4724 αὐτῶν
2609 4674 2669 4725 οὐ
2695 4674 3022 4747 τελευτήσει,
3052 4676 3141 4727 καὶ
3186 4674 3246 4726 τὸ
3297 4672 3405 4744 πῦρ
3446 4671 3622 4725 αὐτῶν
3664 4671 3726 4723 οὐ

489 4773 600 4829 tur,
638 4773 693 4819 et
726 4775 887 4819 erunt
917 4765 967 4817 in
995 4774 1340 4832 conspectum
1377 4766 1523 4817 omni
1552 4765 1725 4819 carni.
1760 4788 1779 4817 ο
1812 4764 2041 4830 Quinam

2161 4762 2535 4834 σϐεσθήσεται,
2567 4766 2661 4818 καὶ
2710 4765 2920 4818 ἔσονται
2965 4767 3044 4829 είς
3084 4766 3273 4836 ὅρασιν
3300 4764 3447 4836 πάσῃ
3476 4762 3657 4831 σαρκί.
3703 4779 3719 4810 ι

487 4856 542 4911 bi
573 4864 754 4911 essent
781 4855 937 4909 initio
966 4853 1264 4923 prophetiae
1286 4854 1421 4907 dixit
1455 4854 1539 4908 bis
1568 4854 1782 4910 verbis:
1825 4874 1842 4905 ι
1885 4852 2050 4910 Filios

2159 4849 2313 4913 Τίνες
2334 4850 2390 4902 δέ
2415 4846 2554 4921 ἦσαν
2586 4846 2750 4916 οὗτοι,
2776 4854 2833 4905 ἐν
2857 4854 2996 4925 ἀρχῇ
3034 4851 3135 4927 τῆς
3170 4852 3499 4926 προφητείας
3540 4850 3722 4921 ἐδήλου

486 4952 680 5021 genui,
729 4959 781 5004 et
828 4949 1106 5004 exaltari:
1141 4948 1242 5013 ipsi
1292 4957 1472 5002 autem
1515 4959 1838 5016 spreverunt
1882 4964 1987 5002 me.
2024 4969 2042 5001 ι

2155 4946 2326 5017 λέγων
2351 4964 2363 4976 ·
2401 4968 2419 4999 ι
2453 4947 2611 5011 Υἱοὺς
2652 4948 2932 5018 ἐγέννησα,
2977 4950 3069 5002 καὶ
3111 4949 3331 5019 ὕψωσα·
3378 4946 3529 4999 αὐτοὶ
3561 4945 3616 4997 δέ
3658 4960 3724 5015 με

486 5042 581 5095 llis
610 5056 737 5110 ergo
776 5040 1083 5094 subiudicat
1116 5038 1235 5092 illos
1275 5053 1339 5092 ex
1365 5037 1586 5103 Judwis,
1618 5040 1707 5109 qui
1744 5039 2039 5094 salutarem

2152 5040 2438 5111 ἠθέτησαν.
2478 5060 2495 5090 ι
2539 5039 2782 5110 ᾘνὶξατο
2809 5041 2981 5095 τοίνυν
3026 5042 3151 5104 τοὺς
3202 5042 3265 5093 ἐκ
3323 5038 3416 5091 τοῦ
3457 5038 3725 5091 Ἰουδαίων

484 5133 715 5200 gratiam
756 5132 1134 5201 repudiarunt.
1174 5130 1326 5183 llunc
1378 5130 1667 5198 impiorum
1718 5145 1839 5186 esse
1890 5133 2049 5186 linem

2152 5132 2335 5197 ἔθνους
2366 5134 2462 5204 τὴν
2483 5135 2745 5204 σωτήριον
2771 5133 3138 5206 ἁθετήσαντας
3164 5132 3341 5203 χάριν.
3384 5132 3448 5184 Ὃ
3478 5131 3542 5202 δὴ
3574 5130 3723 5195 τέλος

483 5224 669 5276 deﬁnit
702 5223 951 5277 Salvator
986 5232 1169 5277 noster
1216 5224 1267 5277 in
1312 5223 1635 5294 Evangeliis,
1667 5209 1763 5279 eos
1799 5226 1889 5294 qui
1920 5240 1948 5277 a
1980 5224 2052 5279 si-

2152 5223 2260 5277 τῶν
2286 5224 2496 5278 ἀσεϐῶν
2526 5224 2765 5295 ὁρίζεται
2796 5228 2889 5280 καὶ
2918 5227 2944 5277 ό
2974 5227 3162 5296 Σωτὴρ
3190 5225 3343 5294 ἡμῶν
3385 5227 3444 5277 ἐν
3476 5223 3718 5291 Εὐάγγε-

482 5315 668 5370 nistris
699 5315 815 5385 ejus
866 5318 1090 5372 Stabunt
1137 5318 1215 5370 sic
1262 5315 1579 5384 alloquens:
1615 5336 1633 5366 ι
1681 5316 1951 5371 Discedite
1993 5316 2045 5370 iu

2152 5316 2285 5381 λίοις
2309 5316 2475 5370 εἰπὼν
2499 5321 2611 5380 τοῖς
2639 5319 2716 5381 εἰς
2744 5318 2812 5371 τὰ
2841 5317 3101 5392 ἀριστερὰ
3129 5316 3291 5369 αὑτοῦ
3331 5317 3677 5388 στησομένοις
3700 5328 3716 5345 ⁶

480 5409 658 5478 ignem
685 5420 971 5474 aeternum,
992 5423 1235 5481 paratum
1261 5410 1476 5465 diabolo
1494 5409 1762 5479 etangelis
1786 5409 1904 5478 ejus
1921 5410 1983 5463 δ’.
2021 5428 2040 5461 ι

2159 5426 2176 5457 ι
2215 5408 2516 5479 Πορεύεσθε
2539 5411 2617 5471 εἰς
2651 5410 2711 5462 τὸ
2747 5410 2857 5481 πῦρ
2883 5409 2942 5461 τὸ
2964 5408 3199 5472 αἰώνιον,
3234 5409 3293 5461 τὸ
3322 5407 3719 5480 ἡτοιμασμένον

479 5500 946 5565 Quemadmodum
977 5502 1144 5572 igitur
1176 5503 1247 5557 ibi
1281 5512 1517 5556 :cternus
1548 5502 1748 5556 dicitur
1777 5500 1932 5570 ignis,
1965 5503 2044 5557 sic

2150 5498 2227 5569 τῷ
2252 5499 2481 5570 διαϐόλῳ
2529 5502 2623 5554 καὶ
2658 5505 2770 5565 τοῖς
2815 5502 3063 5570 ἀγγέλοις
3104 5500 3285 5554 αὐτοῦ.
3332 5520 3350 5553 ι
3386 5502 3596 5572 Ὥσπερ
3627 5494 3720 5552 οῦν

479 5600 529 5645 et
560 5593 658 5648 boc
687 5593 806 5648 loco
842 5613 861 5645 ‹
887 5595 1344 5665 inexstinguibilis
1371 5595 1587 5659 dicitur,
1618 5609 1720 5648 una
1754 5593 2043 5662 eademque

2150 5593 2510 5665 ἐκεῖναίὡνιον
2541 5594 2750 5665 εἴρηται
2790 5594 2917 5665 πῦρ,
2965 5594 3106 5648 οὓτω
3152 5594 3242 5647 καὶ
3295 5592 3527 5647 ἐνταῦθα
3561 5590 3724 5647 ἄσϐε-

544 5774 588 5807 "
605 5771 799 5830 Uattb.
830 5788 956 5836 xxv,
991 5772 1071 5829 ll.
