4108 6204
1524 296 1950 394 FRACMENTA
1986 338 2051 394 IN
2086 341 2457 399 DANIELEM.
3508 357 3613 411 εει

382 466 508 502 στον
537 450 664 519 μιᾶς
702 449 794 502 καὶ
830 448 928 519 τῆς
974 449 1138 519 αὐτῆς
1183 450 1369 515 οὐσίας
1429 452 1489 518 ἐξ
1538 455 1813 526 ἑκατέρων
1844 457 1942 509 τῶν

2018 511 2027 523 λ
2053 463 2349 518 substantia
2377 479 2440 516 ex
2472 472 2695 533 utraque
2724 462 3026 531 Scriptura.
3067 486 3085 518 ι
3116 466 3180 520 Et
3219 478 3377 535 erunt
3404 469 3457 522 in
3484 486 3611 525 con-

379 542 619 613 Γραφῶν
642 541 1075 613 περιισταμένης.
1110 563 1129 593 ι
1152 545 1261 596 Καὶ
1279 544 1488 598 ἔσονται
1512 548 1591 609 είς
1604 548 1791 620 ὅρασιν
1805 550 1942 621 πάσῃ

2052 567 2291 624 spectum
2322 556 2468 611 omni
2496 557 2667 610 carni.
2706 576 2724 609 ι
2758 556 2853 611 Cui
2899 558 3071 621 carni,
3122 561 3226 615 nisi
3271 577 3492 631 prorsus
3522 564 3610 623 ei.

384 634 571 705 σαρκί.
608 653 625 684 ι
658 633 787 703 Ποία
838 632 895 685 δὲ
946 634 1109 704 σαρκὶ
1141 633 1172 704 ἢ
1207 635 1422 698 πάντως
1454 653 1552 689 που
1583 641 1646 709 τῇ
1684 639 1942 709 κολασθη-

2052 664 2169 718 quae
2200 651 2468 719 supplicio
2495 650 2808 713 addicenda,
2836 666 2899 704 ac
2922 652 3133 705 caelesti
3157 652 3615 723 contemplatione

386 725 607 795 σομένῃ,
642 725 737 793 τῆς
773 724 829 776 δὲ
877 725 1200 793 ἐπουρανίου
1231 725 1358 789 θέας
1390 727 1942 803 καταξιωθησομένῃ;

2051 740 2296 792 donanda
2329 748 2430 804 est,
2470 738 2534 792 de
2575 755 2679 808 qua
2709 742 2956 809 superius
3004 742 3322 805 dicebatur:
3368 761 3388 794 ι
3420 736 3637 798 νεηίρι

388 816 519 886 Περὶ
544 812 607 885 ἧς
654 815 905 886 ἀνωτέρω
940 816 1187 884 ἐλέγετο·
1233 837 1250 868 ι
1286 818 1441 882 ’Ἥξει
1483 822 1629 873 πᾶσα
1664 821 1797 894 σὰρξ
1855 822 1942 874 τοῦ

2049 824 2226 877 omnis
2245 840 2372 878 caro
2396 826 2461 879 ad
2491 827 2823 881 adorandum
2852 829 2903 882 in
2926 841 3211 899 conspectu
3243 832 3398 887 tneo?
3444 851 3462 883 ι
3498 833 3615 899 Qui.

385 909 743 980 προσκυνῆσαι
772 907 1005 980 ὲνῲπιόν
1035 925 1164 978 μουο
1197 928 1215 959 ‹
1250 903 1318 981 ἧς
1353 911 1446 963 καὶ
1480 913 1639 983 ἡμεῖς
1664 911 1942 984 ἀξιωθείη-

2052 916 2179 969 item
2230 932 2327 971 nos
2356 918 2502 987 digni
2540 918 2838 972 habeamnr
2874 920 3126 988 precibus
3169 933 3224 979 et
3262 923 3611 980 intercessio-

384 1017 479 1068 μεν
502 1002 682 1070 εὐχαῖς
705 1000 799 1055 καὶ
816 1001 1131 1071 πρεσϐείαις
1154 1002 1369 1055 πάντων
1395 1003 1502 1056 τῶν
1531 1004 1720 1072 ἁγίων.
1751 1006 1940 1077 Ἀμήν.

2051 1010 2207 1063 nibus
2242 1012 2481 1065 omnium
2521 1022 2854 1068 sanctorum.
2885 1015 3086 1069 Amen.

379 332 483 385 325'

382 1223 3597 1251 _._._______,____._____________________________

1152 1386 1875 1478 FRAGMENTA
1954 1390 2074 1479 IN
2155 1391 2819 1481 DANIELEM.

1362 1609 1511 1682 (MAI,
1543 1610 1872 1664 Bibliotheca
1894 1584 2037 1662 nova
2072 1606 2312 1672 Patrum,
2345 1608 2430 1673 IV,
2460 1610 2562 1664 5M
2590 1610 2608 1679 )

1933 1794 2004 1816 ἱ..-

398 1950 411 1959 ι
438 1928 502 1999 p.
527 1928 786 1983 Εὐσεὸἰου
815 1929 1150 2001 Καισαρείας
1194 1926 1357 2001 ρητοῦ
1391 1930 1774 1999 προκειμένων
1811 1932 1930 1981 Φω-

2099 1929 2154 1983 2.
2190 1931 2318 1983 Du.
2364 1943 2448 1989 ιιι,
2507 1912 2596 1980 49.
2646 1925 2859 1980 Eusebii
2920 1924 3269 1983 Ctesariensis
3320 1927 3464 1984 dicto
3512 1930 3599 1983 illo

356 2022 443 2090 νὴ
460 2023 678 2090 Κυρίου
693 2021 1115 2087 διακόπτοντος
1130 2024 1324 2091 φλόγα
1346 2023 1532 2088 πυρός
1547 2020 1675 2091 (42).
1696 2021 1930 2091 Διεκὼτη

2034 2019 2353 2088 proposito:
2426 2016 2539 2070 Vox
2608 2016 2817 2070 Domini
2902 2019 3260 2072 intercidentis
3325 2020 3595 2088 ﬂammam

363 2116 468 2186 μὲν
494 2118 552 2169 ὲν
575 2119 639 2186 τῇ
670 2114 942 2168 Βαϐυλῶνι
972 2116 1004 2184 ἡ
1042 2114 1170 2182 φλὸξ
1204 2113 1294 2166 τοῦ
1324 2111 1492 2184 πυρὸς
1512 2112 1829 2166 διακοπεῖσα
1856 2112 1931 2183 τῷ

360 2205 740 2276 προστάγματι
790 2205 884 2259 τοῦ
933 2205 1064 2258 Θεοῦ
1091 2221 1104 2233 °
1161 2203 1375 2268 ἐδέξατο
1418 2206 1475 2258 ὲν
1528 2205 1660 2275 αὐτῇ
1709 2204 1930 2275 ἡδίστην

358 2298 636 2370 ἀναπνοὴν
663 2300 753 2352 καὶ
784 2297 1082 2369 ἀναψυχὴν,
1119 2296 1305 2368 ὥσπερ
1356 2297 1411 2349 ὲν
1445 2296 1570 2366 σκιᾷ
1606 2312 1711 2347 τινι
1742 2293 1923 2364 φυτῶν

358 2393 419 2444 ἐν
456 2394 700 2463 είρηνικῇ
753 2389 1083 2443 καταστάσει
1138 2388 1480 2459 παρεχομένη
1532 2390 1643 2450 τοῖς
1698 2387 1922 2439 παισίν·

356 2484 578 2555 ἐγένετο
607 2483 733 2553 γὰρ,
772 2483 925 2552 φησι,
961 2480 1093 2533 ὡσεὶ
1128 2480 1343 2551 πνεῦμα
1373 2479 1561 2553 δρόσου
1596 2476 1922 2550 διασυρίξον.

388 2604 393 2633 ;
412 2572 480 2644 γ’.
499 2576 654 2628 Ὤσεὶ
672 2577 714 2627 Υ
710 2573 798 2639 ἰὸς
814 2572 1147 2641 ἀνθρώπου.
1166 2571 1422 2625 Εὑσεὸίου
1441 2570 1773 2641 Καισαρείας
1790 2568 1922 2640 (45).

352 2665 553 2733 Σαφῶς
593 2663 831 2732 ἡγοῦμαι
860 2660 1153 2734 δηλοῦσθαι
1194 2660 1291 2732 τὴν
1332 2658 1555 2713 καθόλου
1598 2658 1798 2729 κρίσιν,
1837 2657 1925 2709 ὅτε

350 2760 558 2821 πάντες
581 2759 629 2810 οἱ
652 2738 711 2820 ἐξ
737 2756 928 2818 αἰῶνος
958 2754 1229 2825 ἅνθρωποι
1260 2751 1702 2823 παραστήσονται
1728 2747 1805 2819 τῷ
1836 2747 1925 2818 βή-

362 2868 489 2920 ματι
524 2848 616 2902 τοῦ
644 2847 877 2919 Χριστοῦ
896 2864 913 2876 ⁴
952 2846 1086 2916 μετὰ
1119 2846 1174 2898 δὲ
1204 2843 1303 2914 τὴν
1331 2843 1437 2895 τῶν
1465 2839 1922 2911 τετελευτηκότων

354 2941 680 3005 ἀναϐίωσιν,
734 2939 825 2993 καὶ
864 2939 999 3008 μετὰ
1047 2938 1143 3007 τὴν
1188 2936 1328 2990 κατὰ
1374 2934 1585 2988 πάντων
1630 2934 1845 3004 κρίσιν,
1894 2933 1922 2984 ὁ

356 3034 665 3106 ἐωραμένος
681 3032 756 3101 τῷ
769 3031 963 3101 Δανιὴλ
991 3030 1118 3091 Υἱὸς
1137 3027 1423 3099 ἀνθρώπου
1457 3026 1806 3094 ἐπιστήσεται
1831 3023 1922 3075 ἐπὶ

348 3123 613 3194 νεφελῶν,
646 3123 745 3193 τὴν
776 3121 915 3176 κατὰ
942 3121 1157 3174 πάντων
1181 3118 1288 3171 τῶν
1310 3117 1455 3171 λαῶν
1484 3117 1577 3171 καὶ
1617 3116 1797 3184 φυλῶν
1816 3114 1921 3168 ὑπὸ

352 3217 448 3272 τοῦ
483 3216 695 3287 Πατρὸς
726 3215 989 3281 ἐξουσίαν,
1039 3212 1136 3284 τὴν
1164 3213 1255 3265 καὶ
1290 3210 1562 3280 βασιλείαν
1603 3209 1795 3280 ἀγήρω
1827 3206 1919 3260 καὶ

2032 2110 2166 2179 ignis
2194 2109 2262 2164 ".
2298 2109 2555 2161 lntercisa
2583 2119 2665 2163 est
2702 2108 2971 2178 Bahyldne
2998 2108 3214 2164 ﬂamma
3247 2110 3406 2181 ignis,
3435 2111 3600 2164 inter-

2030 2203 2141 2255 cisa
2187 2201 2391 2256 scilicet
2423 2200 2511 2253 Dei
2541 2200 2714 2270 jussu,
2746 2199 2798 2253 in
2834 2201 3285 2270 jucundissimam
3325 2217 3477 2257 versa
3509 2214 3595 2257 est

2033 2295 2455 2360 recreationem;
2492 2310 2556 2349 ac
2598 2293 2759 2348 veluti
2796 2295 2847 2347 in
2882 2295 3069 2349 umbra
3105 2295 3356 2350 arborum
3387 2297 3595 2365 quieta-

2029 2404 2132 2455 que
2164 2388 2394 2442 statione
2434 2386 2850 2443 adolescentulis
2883 2388 3124 2443 exhibuit
3154 2389 3591 2445 oblectationem;

2028 2480 2189 2536 Facta
2214 2489 2299 2534 est
2331 2480 2474 2535 enim
2510 2495 2605 2533 ceu
2636 2480 2859 2533 roscida:
2887 2496 3031 2535 anne
3059 2483 3270 2538 sibilus.

2095 2572 2148 2625 5.
2192 2574 2323 2627 ΒΑΝ.
2364 2587 2470 2634 vn,
2513 2572 2597 2625 l3.
2651 2571 2817 2635 Quasi
2860 2570 3034 2625 Filius
3084 2574 3329 2629 hominis.
3376 2575 3592 2630 Eusebii

2024 2663 2386 2717 Ctesariensis.
2418 2662 2696 2716 Manifeste
2732 2663 2966 2717 nuntiari
3009 2665 3248 2719 arbitror
3279 2667 3584 2722 universale.

2016 2754 2300 2821 judicium,
2332 2769 2451 2806 cum
2478 2767 2666 2807 omnes
2692 2754 2759 2807 ab
2787 2755 2919 2808 orbe
2942 2757 3159 2809 condito
3196 2746 3438 2813 homines
3462 2770 3587 2811 ante
3660 2822 3665 2827 π

2021 2847 2218 2901 Christi
2263 2845 2493 2899 tribunal
2527 2845 2801 2900 sistentur.
2844 2845 3012 2901 Porro
3052 2858 3229 2903 autem
3270 2854 3393 2919 post
3440 2865 3584 2904 mor-

2022 2946 2233 2989 tuorum
2283 2935 2751 3002 resurrectionem,
2786 2938 3094 3007 dictamque
3141 2939 3193 2992 in
3233 2955 3419 2994 omnes
3462 2957 3582 2996 sen-

2022 3027 2263 3092 tentiam,
2294 3027 2399 3094 ille,
2441 3028 2530 3097 qui
2567 3029 2714 3083 visus
2749 3030 2953 3084 Danieli
2992 3031 3114 3095 fuit,
3155 3031 3323 3086 Filius
3356 3030 3589 3087 hominis

2020 3119 2072 3173 in
2123 3120 2353 3173 nubibus
2407 3118 2613 3184 aderit,
2667 3128 2724 3173 ut
2775 3120 3169 3176 iudeﬁcientem
3222 3132 3587 3194 :eteruamque
3632 3168 3641 3177 .

2020 3211 2260 3265 omnium
2292 3212 2608 3282 populorum
2661 3212 3006 3282 tribuumqne
3050 3224 3368 3285 potestatem
3404 3232 3469 3270 ac
3496 3232 3584 3270 re-

352 3286 707 3376 ἀτελεύτητον
731 3304 1207 3375 παραληψόμενος
1234 3302 1315 3366 ῶς
1346 3302 1440 3355 καὶ
1479 3301 1641 3364 αὐτὸς
1672 3303 1699 3353 ὀ
1726 3298 1915 3369 Σωτὴρ

2018 3319 2179 3370 gnum
2209 3319 2238 3356 a
2279 3303 2438 3358 Patre
2477 3304 2724 3372 accipiat.
2775 3304 2925 3361 Sicut
2970 3306 3086 3373 ipse
3123 3307 3378 3362 Serrator
3417 3310 3483 3364 de
3527 3324 3586 3362 se

352 3398 510 3467 ἡμῶν
539 3399 666 3469 περὶ
701 3396 890 3450 ἑαυτοῦ
931 3396 1165 3449 διδάσκει
1200 3394 1403 3463 λέγων·
1443 3396 1580 3448 ’Ὅτε
1607 3392 1674 3445 δὲ
1699 3392 1844 3458 ἔλθῃ
1882 3393 1914 3443 ό

352 3488 482 3553 Υἱὸς
513 3488 621 3541 τοῦ
637 3486 947 3554 ἀνθρώπου
966 3487 1036 3540 ἐν
1060 3486 1134 3555 τῇ
1159 3486 1306 3554 δόξῃ
1338 3485 1546 3551 αὐτοῦ,
1576 3486 1671 3539 καὶ
1693 3484 1914 3548 πάντες

350 3581 409 3632 οι
440 3578 677 3649 ἄγγελοι
720 3579 845 3647 μετ’
887 3577 1092 3639 αὐτοῦ,
1127 3578 1260 3630 τότε
1287 3580 1519 3634 καθίσει
1560 3578 1657 3630 ἐπὶ
1692 3577 1911 3645 θρόνου

348 3667 539 3735 δόξης
576 3667 778 3731 αὐτοῦ,
814 3668 909 3721 καὶ
941 3667 1391 3736 συναχθήσεται
1426 3670 1761 3737 ἔμπροσθεν
1805 3666 1911 3718 αὺ-

348 3756 459 3811 τοῦ
480 3758 675 3811 πάντα
704 3759 771 3810 τὰ
793 3757 958 3823 ἔθνη,
978 3757 1069 3810 καὶ
1099 3757 1167 3809 τὰ
1196 3756 1341 3827 ὲξῆςο
1362 3757 1572 3827 συνᾴδει
1592 3756 1721 3824 γοῦν
1742 3757 1913 3811 ταῦτα

348 3852 471 3911 ταῖς
504 3849 563 3899 ὲν
600 3850 785 3919 χερσὶν
840 3849 1164 3917 μαρτυρίαις
1194 3848 1292 3917 τῆς
1336 3846 1427 3899 τοῦ
1458 3846 1654 3916 Δανιὴλ
1698 3863 1912 3917 προφη-

348 3941 520 4003 τείας,
550 3940 670 3993 καθ’
703 3942 766 4010 ἢν
793 3940 1037 3993 λέλεκται
1057 3958 1069 3970 ·
1106 3939 1218 3993 Καὶ
1248 3940 1378 3992 ιδοὺ
1406 3939 1556 4006 μετὰ
1597 3938 1714 3992 τῶν
1741 3956 1913 4007 νεφε-

346 4031 476 4086 λῶν
520 4032 623 4085 τοῦ
654 4030 911 4100 οὐρανοῦ
948 4031 1026 4096 ὡς
1070 4030 1201 4096 Υἱὸς
1244 4029 1555 4097 ἀνθρώπου
1590 4029 1913 4098 ἐρχόμενος

346 4118 430 4194 ἦν
448 4144 460 4155 ·
490 4125 604 4188 ναὶ,
641 4126 784 4189 Ἕως
809 4123 913 4178 τοῦ
942 4120 1207 4176 Παλάιοῦ
1233 4120 1351 4174 τῶν
1374 4118 1608 4189 ἡμερῶν
1626 4122 1909 4189 ἔφθασεν.

348 4216 452 4269 καὶ
477 4216 855 4285 προσηνέχθη
879 4216 1056 4280 αὐτῷ,
1082 4216 1180 4268 καὶ
1202 4214 1377 4280 ἐδόθη
1401 4212 1559 4278 αὐτῷ
1579 4214 1617 4280 ἠ
1640 4212 1795 4280 ἁρχὴ
1817 4213 1915 4265 καὶ

349 4311 390 4377 ἡ
419 4309 553 4378 τιμὴ
580 4309 678 4362 καὶ
700 4310 736 4376 ἡ
754 4308 1059 4371 βασιλεία,
1085 4309 1178 4361 καὶ
1208 4308 1277 4361 τὰ
1313 4307 1457 4377 ἑξῆς.
1482 4352 1483 4355 η

421 4403 481 4455 δ’.
498 4400 664 4466 Αὐτῷ
683 4401 857 4469 ἐδόθη
873 4402 909 4467 ἡ
927 4399 1102 4469 ἀρχή.
1126 4400 1404 4453 Εὐσεδίου.
1426 4398 1499 4452 Οὐ
1525 4398 1681 4468 μόνον
1704 4398 1799 4468 τὴν
1819 4396 1912 4450 τοῦ

352 4494 486 4548 Υἱοῦ
520 4492 801 4564 ἀνθρώπου
832 4493 1102 4564 βασιλείαν
1121 4497 1149 4547 ὁ
1178 4493 1459 4564 προφήτης
1493 4490 1759 4554 θεσπίζει,
1782 4488 1913 4543 ἀλλὰ

348 4587 449 4640 καὶ
481 4585 720 4647 πλείονα,
747 4587 872 4651 περὶ
893 4578 966 4637 ὧν
997 4600 1147 4655 φησι.

2016 3403 2199 3448 noster
2229 3395 2351 3448 ait:
2400 3393 2533 3448 Cum
2579 3406 2753 3449 autem
2785 3400 2977 3452 venerit
3030 3398 3207 3453 Filius
3254 3402 3477 3455 hominis
3526 3402 3580 3454 in

2014 3485 2289 3553 ntajestate
2316 3501 2432 3549 sua,
2459 3496 2505 3538 et
2535 3502 2709 3543 omnes
2750 3491 2922 3559 angeli
2959 3480 3075 3543 cum
3107 3508 3186 3552 eo,
3233 3503 3355 3546 tunc
3388 3493 3585 3547 sedebit

2012 3578 2065 3629 in
2110 3576 2295 3630 throno
2330 3577 2510 3646 gloria:
2554 3594 2685 3643 sum,
2720 3588 2771 3631 et
2812 3578 3267 3650 congregabantur
3298 3601 3475 3639 coram
3523 3607 3583 3642 en

2012 3683 2187 3720 omnes
2223 3677 2398 3736 gentes
2424 3667 2501 3734 ³⁷,
2536 3677 2591 3722 et
2640 3669 2865 3738 reliqua.
2917 3669 3041 3726 llzec
3082 3672 3245 3742 igitur
3281 3688 3583 3731 consonant

2016 3760 2357 3823 testimoniis,
2401 3775 2519 3829 quae
2563 3775 2705 3817 nunc
2754 3762 3015 3817 habemus
3059 3763 3111 3818 in
3164 3765 3428 3834 manibtis,
3470 3767 3577 3821 Da-

2015 3851 2167 3905 nielis
2201 3852 2497 3922 praphetat,
2526 3854 2664 3922 apud
2692 3870 2851 3924 quem
2889 3855 3086 3910 dicitur
3112 3875 3125 3911 :
3163 3855 3230 3910 Et
3252 3874 3369 3912 ecce
3395 3860 3580 3914 aderat

2013 3942 2186 3999 Filius
2223 3946 2447 3999 hominis
2476 3947 2528 3999 in
2553 3947 2775 4001 nubibus
2814 3947 2928 4001 caeli
2951 3947 3023 4005 ³⁸.
3063 3948 3192 4003 Item
3224 3968 3236 4004 :
3274 3949 3448 4005 Donec
3470 3954 3580 4005 An-

2013 4034 2187 4105 tiquus
2232 4039 2437 4092 dierum
2488 4040 2657 4103 venit;
2703 4040 3038 4109 oblatumque
3075 4058 3136 4093 ac
3178 4042 3363 4095 datum
3410 4053 3487 4098 est
3532 4047 3581 4097 ei

2012 4132 2281 4198 imperium
2308 4143 2354 4185 et
2384 4134 2552 4185 honor
2577 4143 2625 4185 et
2653 4146 2882 4200 regnum,
2908 4141 2963 4186 et
2991 4132 3213 4203 reliqua.

2083 4394 2137 4448 4.
2181 4393 2309 4447 DAN.
2341 4408 2437 4457 vn,
2468 4394 2551 4448 Η.
2591 4394 2810 4448 Tradita
2835 4407 2910 4450 est
2937 4399 3302 4466 ipsipotestas.
3334 4400 3573 4453 Eusebii.

2016 4484 2164 4538 Hand
2202 4486 2374 4541 solum
2419 4484 2538 4539 Filii
2583 4486 2816 4540 hominis
2863 4488 3085 4559 regnum
3135 4490 3390 4558 propheta
3438 4495 3577 4544 vati-

2013 4576 2244 4640 cinatur,
2276 4592 2461 4630 verum
2486 4588 2542 4630 et
2574 4577 2708 4631 alias
2746 4592 2832 4632 res
2857 4580 2922 4633 de
2952 4580 3148 4649 quibus
3180 4582 3339 4633 verba
3373 4580 3525 4635 facit.

426 4686 486 4732 ε’.
516 4679 625 4733 Καὶ
655 4642 1109 4747 ,παραλήψονται
1130 4675 1242 4743 τὴν
1267 4675 1609 4740 βασιλείαν.
1648 4675 1910 4728 Εὑσεϐίου

2084 4667 2137 4721 5.
2181 4668 2309 4721 DAN.
2350 4683 2456 4733 VII,
2500 4667 2584 4723 18.
2621 4667 2687 4721 Et
2741 4686 2956 4739 regnum
3008 4671 3309 4739 suscipient.
3367 4672 3576 4727 Eusebii

348 4770 705 4841 Καισαρείας.
741 4768 1230 4839 Συμὸασιλεύοντες
1275 4766 1471 4837 δηλαδὴ
1505 4766 1599 4819 καὶ
1636 4767 1787 4819 αὐτοὶ
1837 4766 1913 4835 τῷ

344 4862 490 4931 Θεῷ.
542 4862 697 4925 Τίνες
734 4861 779 4913 δ’
811 4861 876 4915 ἂν
905 4857 1013 4914 εἷεν
1054 4856 1217 4920 οὗτοι,
1265 4859 1297 4931 ἢ
1335 4860 1383 4912 οἱ
1436 4858 1766 4931 κληρονόμοι
1814 4859 1909 4912 τοῦ

344 4954 508 5013 Θεοῦ,
534 4954 961 5025 συγκληρονόμοι
981 4952 1036 5006 δὲ
1056 4951 1288 5024 Χριστοῦ
1310 4968 1324 5017 ;
1344 4946 1424 5013 οἷς
1454 4952 1908 5022 καὶὲπήγγελται,

340 5048 446 5119 τὴν
485 5046 754 5116 βασιλείαν
784 5046 892 5099 τῶν
922 5044 1193 5117 οὐρανῶν,
1239 5044 1509 5114 βασιλείαν
1550 5044 1913 5115 ἐπιστησομέ-

340 5157 445 5210 νην
472 5140 571 5210 τὴν
607 5137 743 5209 μετὰ
782 5137 1051 5208 τέσσαρας
1085 5134 1376 5204 βασιλείας,
1418 5135 1516 5198 τὰς
1549 5134 1626 5205 τῷ
1654 5137 1906 5208 προφήτῃ

336 5230 694 5305 ἑωραμένας,
734 5230 859 5301 περὶ
895 5222 969 5282 ὧν
993 5227 1067 5290 ὡς
1095 5229 1151 5279 ὲν
1194 5226 1449 5298 βραχέσιν
1479 5227 1679 5299 ἀρτίως
1710 5226 1907 5297 διειλή-

335 5336 547 5391 φαμεν.
576 5318 847 5373 Ἐντεῦθεν
880 5313 1031 5387 οἶμαι
1066 5315 1157 5368 τὸν
1188 5316 1481 5370 ἀπόστολον
1508 5315 1717 5369 Παῦλον
1736 5308 1906 5386 ὁρμᾶ-

413 5459 460 5492 ⁸⁶
503 5460 644 5515 Psal.
684 5476 876 5523 xxvm.
924 5460 978 5513 7.
1056 5459 1098 5491 ³⁷
1137 5457 1500 5524 Mattthxv,
1545 5452 1634 5523 5|,
1668 5459 1760 5514 32.

417 5581 529 5655 (42)
556 5582 693 5650 Quin
728 5582 816 5635 hic
859 5581 1009 5634 locus
1048 5596 1112 5634 ex
1158 5568 1802 5655 Euschii_commentari_o
1850 5578 1901 5631 in

342 5649 607 5718 psalmum
640 5667 804 5704 xxvtn
839 5660 1105 5713 sumatur,
1149 5651 1237 5706 vix
1283 5649 1634 5702 dubitandum
1689 5650 1901 5701 videre-

344 5733 460 5784 tur;
491 5732 728 5773 attamcu
781 5722 825 5772 is
853 5734 1021 5787 neque
1069 5722 1119 5773 in
1147 5719 1388 5774 Corderii
1432 5719 1497 5771 ad
1544 5718 1782 5771 Psalmos
1815 5734 1902 5769 Cu-

2014 4760 2380 4816 Czesariensis.
2423 4759 2623 4829 Nempe
2659 4761 2757 4829 ipsi
2806 4778 3017 4832 quoque
3062 4778 3182 4816 cum
3233 4762 3341 4817 Deo
3388 4778 3579 4833 regna-

2015 4854 2165 4909 bunt.
2205 4854 2433 4921 Quinam
2462 4869 2592 4908 vero
2634 4864 2760 4907 sunt
2793 4855 2867 4915 hi,
2914 4853 3012 4907 nisi
3048 4854 3289 4910 hzeredes
3334 4855 3450 4917 Dei.
3486 4871 3576 4909 co—

2015 4947 2255 5002 haeredes
2296 4956 2473 5001 autem
2507 4945 2742 5001 Christi?
2784 4946 2978 5015 quibus
3013 4945 3138 5000 item
3180 4946 3436 5001 ccelurnm
3483 4961 3569 4999 re-

2014 5055 2178 5107 gnum
2244 5039 2567 5105 promissum
2622 5053 2651 5091 a
2705 5037 2923 5093 Christo
2975 5045 3091 5101 est,
3145 5038 3569 5106 quod'regnum

2016 5144 2204 5199 nempe
2240 5140 2528 5200 consurget
2562 5141 2680 5201 post
2719 5130 2805 5184 illa
2840 5138 3069 5198 quatuor
3099 5145 3195 5197 per
3237 5130 3410 5185 visum
3450 5146 3573 5200 pro,

2014 5226 2189 5291 phetat
2234 5223 2446 5287 oblata;
2491 5227 2556 5279 de
2588 5224 2783 5293 quibus
2829 5223 3061 5277 breviter
3111 5222 3267 5275 modo
3311 5221 3573 5275 disserui-

2016 5331 2152 5371 mus.
2184 5316 2319 5371 Hinc
2349 5316 2532 5370 divum
2573 5315 2869 5384 apostolum
2902 5312 3126 5367 Paulum
3164 5313 3369 5389 cepisse
3406 5324 3573 5369 Occa-

2010 5578 2075 5630 ad
2110 5567 2352 5632 Psalmos
2380 5578 2770 5631 Commentario
2802 5584 3044 5647 apparet.

2081 5649 2193 5715 (ιδ)
2227 5648 2282 5701 ln
2331 5650 2467 5701 hanc
2492 5647 2818 5702 Dauielicam
2839 5645 3127 5701 "visionem
3185 5645 3305 5702 Filii
3337 5645 3571 5715 hominis

2006 5727 2398 5771 commentatur
2421 5719 2559 5771 idem
2593 5716 2872 5786 Eusebius,
2896 5719 2994 5773 Sed
3037 5719 3155 5773 altis
3191 5718 3386 5780 verbis,
3423 5714 3565 5767 Hi“-

351 5804 473 5847 tena
506 5792 754 5855 l‘atrnm,
795 5785 963 5858 neque
993 5790 1043 5844 in
1078 5792 1290 5859 vulgato
1318 5805 1345 5844 a
1390 5787 1647 5845 Maurint‘s
1690 5789 1898 5843 Eusebii
2002 5786 2151 5851 eat,
2186 5801 2221 5847 t,
2247 5785 2301 5842 2.
