4108 6204
1147 328 1412 385 EUSEBI!
1449 327 1919 384 CIESARIENSIS
1957 323 2111 385 OPP.
2153 326 2331 383 PARS
2370 327 2456 383 lli.
2498 362 2565 370 ——
2596 329 3002 387 EXEGETICA.
3600 334 3700 391 528

475 457 677 507 sionem
729 452 961 505 arbitror
1007 450 1069 501 de
1118 451 1354 503 secundo
1390 448 1587 504 Christi
1624 449 1856 503 adventu
1906 448 2044 503 seri-

2148 448 2269 501 σθαι
2298 450 2425 519 περὶ
2458 450 2556 519 τῆς
2601 451 2853 522 δευτέρας
2900 451 3137 522 ἀφίξεως
3170 450 3260 505 τοῦ
3294 451 3531 524 Χριστοῦ
3572 454 3705 523 γρά-

475 542 631 597 hendi
666 543 817 597 lucc:
851 540 914 593 In
941 540 1117 608 jussu,
1147 540 1199 592 in
1232 556 1350 593 voce
1377 539 1698 608 archangeli,
1738 549 1784 593 et
1816 540 1873 593 in
1914 540 2037 594 tuba

2145 557 2313 609 φοντα
2341 541 2549 593 τοιάδε’
2579 542 2708 594 Ὅτι
2738 545 2919 610 αὐτὰς
2948 548 2980 597 ό
2999 546 3212 612 Κύριος
3231 544 3301 597 ἐν
3324 545 3704 613 κελεύσματι,
3740 556 3747 563 ’

474 338 578 395 527

471 635 571 690 Dei
627 631 895 688 descendet
947 632 1010 685 de
1042 630 1265 694 caelo",
1312 641 1365 685 et
1411 631 1634 700 reliqua.
1681 631 1849 687 Porro
1884 633 2035 686 idem

474 726 742 796 apostolus
784 735 1084 779 extremum
1131 739 1342 794 quoque
1386 723 1706 779 Antichristi
1744 724 2035 779 adventum

471 816 584 871 sive
628 816 1003 886 perditionem,
1056 824 1349 884 posteaque
1393 815 1684 885 gloriosam
1733 815 2037 871 Servatoris

473 909 640 963 nostri
699 908 1067 977 praesentiam,
1110 917 1476 963 consentanee
1515 909 1772 963 vaticinio
1815 909 2036 964 exhibet

471 1002 656 1057 dicons
694 1023 705 1056 :
740 999 905 1055 Nemo
945 1017 1033 1054 vos
1081 998 1189 1053 ullo
1233 1001 1385 1052 modo
1432 999 1693 1069 decipiat;
1745 1001 1846 1053 nisi
1900 1011 2036 1055 certe

468 1094 615 1161 prius
666 1094 890 1147 evenerit
936 1092 1233 1159 apostasia,
1277 1100 1325 1145 et
1370 1091 1632 1144 revelatus
1676 1090 1831 1159 fuerit
1880 1092 2033 1145 homo

468 1186 665 1253 peccati
704 1201 793 1238 seu
825 1184 1133 1251 perditionis
1174 1182 1340 1251 ﬁlius,
1383 1182 1472 1250 qui
1513 1181 1819 1235 adversatur
1855 1190 1901 1235 et
1940 1197 2031 1235 ex.-

470 1274 670 1327 tollitur
718 1291 877 1342 supra
920 1290 1069 1327 omne
1116 1274 1255 1343 quod
1303 1273 1497 1325 dicitur
1550 1271 1721 1335 Deus,
1767 1281 1856 1325 aut
1896 1272 2033 1341 quod

469 1365 697 1418 colitur:
733 1366 807 1418 ita
840 1374 893 1417 ut
938 1365 993 1417 in
1036 1365 1225 1431 templo
1276 1363 1373 1417 Dei
1412 1366 1623 1430 sedeat,
1673 1372 1937 1417 ostentam
1980 1380 2033 1417 se

468 1467 719 1524 tanquam
765 1456 831 1509 sit
883 1454 1045 1508 Deus.
1112 1454 1300 1508 Nonne
1364 1456 1671 1509 meministis
1723 1472 1803 1509 me
1861 1456 2033 1508 adhuc

465 1549 606 1614 apud
642 1564 727 1601 vos
769 1558 1057 1601 versantem
1085 1548 1194 1600 lucc
1238 1549 1406 1603 dicere
1427 1548 1515 1600 ’9?
1540 1556 1594 1603 et
1624 1548 1845 1617 reliqua.
1909 1547 2033 1602 limo

470 1638 729 1693 mirificus
774 1638 847 1690 ait
885 1638 1172 1706 Apostolus
1222 1639 1274 1692 in
1307 1654 1404 1693 sua
1446 1640 1509 1693 de
1544 1640 1649 1694 line
1691 1641 1905 1694 humani
1941 1655 2032 1710 ge-

468 1731 615 1784 neris
651 1730 926 1793 oratione;
966 1730 1203 1785 Danielis
1230 1732 1510 1800 propheta:
1546 1733 1797 1786 vaticinio
1826 1732 1890 1786 de
1921 1732 2033 1784 An-

2135 632 2206 685 ἐν
2224 632 2393 701 φωνῇ
2411 632 2785 703 ἀρχαγγέλου
2817 635 2912 687 καὶ
2936 636 3003 688 ἐν
3032 635 3317 706 σάλπιγγι
3353 636 3502 690 Θεοῦ
3540 652 3711 688 κατα-

2138 725 2381 791 ϐήσεται
2401 726 2500 779 ἀπ’
2535 726 2816 792 οὐρανοῦ,
2847 727 2940 779 καὶ
2968 727 3035 779 τὰ
3060 727 3203 798 ἑξῆς.
3234 728 3289 781 Ὁ
3314 728 3357 780 δ’
3392 728 3555 791 αὐτὸς
3575 728 3709 781 ἀπό-

2138 815 2321 879 στολος
2351 816 2443 868 καὶ
2469 816 2567 888 τὴν
2600 816 2835 886 ὑστάτην
2867 816 2961 869 τοῦ
3008 818 3373 888 Ἀντιχρίστου
3407 818 3592 887 ἄφιξιν
3609 818 3706 890 τὴν

2136 909 2230 962 καὶ
2260 907 2552 972 ἀπώλειαν,
2588 910 2683 962 καὶ
2717 912 2808 963 ἐπὶ
2832 910 3002 982 ταύτῃ
3028 910 3126 981 τὴν
3145 911 3237 965 τοῦ
3261 911 3523 982 Σωτῆρος
3549 912 3582 980 ἡ
3592 912 3705 981 μῶν

2134 999 2340 1065 ἔνδοξον
2366 1000 2664 1069 παρουσίαν
2690 998 2995 1064 ἀκολούθως
3009 1004 3075 1072 τῇ
3090 998 3393 1072 προφητείᾳ
3411 999 3704 1069 παρίστησι

2133 1092 2324 1162 λέγων⁹
2361 1092 2550 1159 Μῆτις
2578 1090 2732 1162 ὑμᾶς
2760 1092 3115 1163 ἐξαπατήσῃ
3147 1094 3293 1147 κατὰ
3321 1090 3554 1160 μηδένα
3584 1092 3707 1160 τρό-

2134 1199 2278 1238 πον·
2316 1184 2406 1238 ὅτι
2427 1184 2534 1239 ἐὰν
2550 1182 2636 1253 μὴ
2663 1185 2809 1253 ἔλθῃ
2850 1186 2887 1252 ἠ
2921 1186 3268 1240 ἀποστασία
3310 1185 3561 1254 πρῶτον,
3605 1184 3703 1238 καὶ

2134 1276 2533 1346 ἀποκαλυφθῇ
2572 1279 2603 1329 ό
2639 1275 2942 1344 ἅνθρωπος
2990 1277 3102 1346 τῆς
3143 1278 3447 1346 ἁμαρτίας,
3502 1280 3534 1330 ὁ
3579 1277 3705 1341 υίὸς

2134 1369 2245 1437 τῆς
2277 1370 2595 1435 ἀπωλείας,
2624 1373 2655 1423 ό
2689 1369 3096 1438 ἀντικείμενος
3126 1368 3223 1421 καὶ
3244 1370 3704 1437 ὑπεραιρόμενος

2132 1460 2230 1513 ἐπὶ
2269 1461 2466 1517 πάντα
2492 1463 2786 1531 λεγόμενα
2816 1460 2964 1514 Θεὸν
3002 1461 3039 1529 ἢ
3073 1461 3369 1529 σέϐασμα,
3414 1459 3569 1513 ὥστε
3608 1461 3708 1512 αὐ-

2133 1555 2238 1608 τὸν
2256 1555 2340 1619 εἰς
2370 1554 2475 1606 τὸν
2510 1552 2661 1607 ναὸν
2690 1553 2792 1607 τοῦ
2809 1553 2955 1606 Θεοῦ
2978 1554 3238 1615 καθίσαι,
3268 1550 3706 1605 ἀποδεικνύντα

2132 1644 2348 1700 ἑαυτὸν
2367 1644 2455 1697 ὅτι
2479 1643 2610 1697 ἐστι
2636 1646 2774 1710 Θεός
2794 1660 2807 1675 ο
2842 1645 2913 1696 οὺ
2934 1643 3339 1711 μνημονεύετε
3371 1641 3459 1694 ὅτι
3502 1641 3591 1695 ἔτι
3621 1638 3707 1694 ὢν

2133 1738 2281 1806 πρὸς
2307 1735 2462 1807 ὑμᾶς
2508 1736 2695 1789 ταῦτα
2737 1737 2950 1805 ἔλεγον
2998 1734 3182 1804 ὐμῖν;
3213 1734 3308 1788 καὶ
3326 1735 3393 1788 τὰ
3430 1733 3573 1805 ἑξῆς.
3604 1734 3707 1786 Το-

468 1821 737 1889 tichristo,
776 1832 832 1877 et
881 1823 946 1877 de
991 1821 1232 1892 glorioso
1274 1822 1580 1879 Servatoris
1623 1824 1793 1878 nostri
1839 1823 2066 1893 regno,i

2133 1827 2303 1881 σαῦτα
2321 1830 2348 1880 ὁ
2376 1826 2675 1897 θαυμάσιος
2699 1824 3016 1889 Ἀπόστολος
3035 1826 3089 1877 ἐν
3115 1827 3226 1887 τοῖς
3244 1825 3368 1895 περὶ
3399 1823 3706 1888 συντελείας

466 1913 625 1968 ﬁdem
657 1924 928 1970 astruens.

536 2192 590 2245 6.
632 2191 764 2244 DAN.
789 2204 867 2254 ix,
889 2188 980 2243 QG.
1016 2188 1283 2243 Delebitur
1313 2191 1511 2244 unctio.
1555 2189 1793 2246 Eusebii.
1824 2192 2028 2246 Vanam

460 2285 571 2355 jam
618 2293 671 2339 et
712 2294 904 2355 praeter
938 2283 1106 2353 legem
1154 2283 1459 2338 unctionem
1512 2298 1853 2354 coarguens:
1889 2286 2031 2353 quod

465 2378 606 2432 idem
634 2378 700 2432 de
730 2376 1010 2433 sacrificiis
1036 2385 1090 2431 et
1119 2376 1184 2431 de
1214 2377 1419 2430 findere
1451 2374 1653 2429 factum
1700 2376 1865 2430 dices.
1905 2375 2030 2431 limo

464 2469 608 2523 enim
646 2478 794 2525 recte
841 2468 1184 2540 legitimeque
1209 2467 1615 2537 peragebantur
1648 2478 1776 2522 ante
1828 2466 2032 2521 Serva-

466 2563 597 2617 toris
637 2561 804 2617 nostri
848 2562 1178 2632 passionem,
1208 2560 1333 2629 quia
1378 2559 1546 2614 virtus
1576 2559 1751 2614 adhuc
1790 2559 2032 2615 caelestis

466 2655 583 2711 loca
615 2666 803 2712 sancta
845 2655 1143 2710 obsidebat.
1174 2651 1384 2708 ’Verum
1423 2651 1609 2707 eadem
1660 2667 1785 2707 mox
1823 2652 2031 2707 sublata

464 2747 704 2814 fuerunt,
749 2757 969 2818 propter
1019 2747 1146 2802 illud
1190 2745 1492 2817 perfectum
1544 2743 1764 2815 Deoque
1813 2746 2030 2817 dignum

465 2840 823 2902 sacriﬁcium,
877 2855 983 2909 quo
1034 2840 1323 2909 semetipse
1367 2838 1561 2895 obtulit
1628 2852 1725 2908 pro
1789 2837 2027 2906 peccatis

465 2936 691 2989 nostris.
718 2934 812 2988 Est
840 2935 985 2987 enim
1018 2934 1063 2987 is
1088 2934 1274 3003 Agnus
1309 2931 1425 2997 Dei,
1461 2932 1551 3001 qui
1583 2932 1720 2986 tollit
1750 2939 2030 2999 peccatum

466 3023 673 3087 mundi,
695 3022 864 3077 hostia
888 3022 1140 3075 nimirum
1169 3036 1264 3092 pro
1288 3022 1498 3076 cunctis
1524 3020 1849 3075 hominibus.
1872 3018 2031 3074 Novis

466 3113 761 3184 mySteriis,
810 3129 946 3168 novo
989 3111 1194 3169 findere
1241 3112 1404 3177 inito,
1444 3113 1721 3182 antiquum
1773 3110 2024 3165 exolevit.

2131 1919 2224 1971 τοῦ
2258 1919 2372 1989 βίου
2396 1916 2635 1989 διεξῆλθε
2653 1916 2850 1985 λόγοις,
2886 1916 2955 1969 τὰ
2986 1916 3072 1968 διὰ
3094 1915 3189 1968 τοῦ
3212 1916 3487 1987 προφήτου
3509 1916 3704 1985 Δανιὴλ

2131 2008 2369 2080 περὶτοῦ
2427 2009 2810 2079 Ἀντιχρίστου,
2862 2009 2956 2061 καὶ
2986 2009 3084 2078 τῆς
3131 2006 3226 2060 τοῦ
3261 2007 3510 2079 Σωτῆρος
3550 2007 3705 2078 ἡμῶν

2130 2101 2339 2165 ἐνδόξου
2375 2100 2649 2169 βασιλείας
2674 2098 3072 2171 τεθεσπισμένα
3100 2100 3475 2170 πιστούμενος.

2202 2200 2274 2258 ς’.
2341 2192 2940 2261 Ἐξολοθρευθήσεται
2988 2192 3235 2261 χρίσμα.
3293 2192 3575 2245 Εὑσεϐίου.
3628 2191 3704 2245 Τὸ

2130 2285 2349 2355 ἄκριτον
2392 2284 2484 2337 καὶ
2521 2283 2836 2355 παράνομον
2877 2282 3053 2335 αὐτῶν
3104 2281 3487 2335 διαϐάλλουσα·
3530 2280 3706 2343 οὕτως

2128 2376 2184 2429 δὲ
2207 2376 2300 2429 καὶ
2334 2377 2427 2428 ἐπὶ
2454 2379 2553 2447 τῆς
2588 2376 2778 2439 θυσίας
2800 2376 2894 2429 καὶ
2918 2378 3017 2446 τῆς
3046 2376 3279 2446 σπουδῆς
3303 2373 3703 2446 συμϐεϐηκέναι

2130 2468 2349 2538 φήσειςο
2388 2467 2561 2537 ὀρθῶς
2602 2469 2699 2538 μὲν
2741 2467 2835 2520 καὶ
2867 2467 3005 2520 κατὰ
3041 2468 3203 2539 νόμον
3233 2467 3338 2539 πρὸ
3379 2466 3471 2519 τοῦ
3500 2464 3706 2527 πάθους

2129 2559 2221 2613 τοῦ
2252 2561 2503 2631 Σωτῆρος
2528 2559 2685 2631 ἡμῶν
2707 2560 3131 2631 ἐπιτελουμένης
3146 2560 3234 2614 διὰ
3250 2560 3348 2629 τὴν
3370 2561 3448 2624 είς
3478 2558 3555 2611 ἔτι
3582 2558 3702 2610 τότε

2131 2649 2197 2703 τὰ
2240 2650 2347 2704 τῶν
2387 2649 2556 2719 ἁγίων
2595 2650 2775 2705 τόπων
2805 2650 3087 2722 ἐφορῶσαν
3127 2649 3389 2721 δύναμιν’
3423 2665 3705 2721 περιαιρε-

2133 2739 2317 2810 Θείσης
2339 2739 2395 2791 δὲ
2418 2738 2615 2793 αὐτίκα
2648 2740 2783 2811 μετὰ
2806 2740 2905 2810 τὴν
2933 2738 3099 2792 αὐτοῦ
3123 2738 3334 2791 τέλειαν
3362 2738 3456 2790 καὶ
3474 2738 3702 2807 θεοπρε-

2132 2832 2205 2903 πῆ
2240 2830 2447 2895 θυσίαν,
2473 2833 2538 2903 ἣν
2568 2832 2936 2903 προσήνεγκεν
2964 2831 3125 2893 αὐτὸς
3165 2828 3355 2883 ἑαυτὸν
3402 2829 3542 2899 ὑπὲρ
3595 2828 3703 2881 τῶν

2132 2922 2411 2995 ἁμαρτιῶν
2446 2923 2637 2993 ἡμῶν
2687 2923 2847 2986 αὑτός
2881 2939 2939 2975 τε
2969 2922 3043 2975 ὣν
3074 2923 3103 2974 ὁ
3153 2921 3346 2993 ’Δμνὺς
3369 2920 3462 2973 τοῦ
3501 2920 3635 2973 Θεοῦ
3673 2922 3704 2974 ὁ

2131 3014 2301 3087 αἴρων
2332 3014 2430 3086 τὴν
2462 3015 2734 3085 ἁμαρτίαν
2755 3014 2847 3068 τοῦ
2874 3014 3074 3085 κόσμου
3096 3016 3176 3077 είς
3199 3012 3387 3066 θυσίαν
3418 3014 3581 3066 πᾶσιν
3605 3013 3702 3065 ἀν-

2133 3106 2394 3179 θρώποις·
2421 3107 2560 3162 κατὰ
2588 3108 2655 3161 τὰ
2679 3108 2838 3161 καινὰ
2875 3109 3147 3180 μυστήρια
3176 3106 3275 3178 τῆς
3307 3106 3499 3176 καινῆς
3517 3105 3702 3177 διαθή-

466 3204 638 3261 Simul
678 3219 743 3259 ac
789 3205 929 3258 enim
975 3202 1255 3258 oraculum
1295 3202 1422 3257 illud
1464 3205 1792 3272 completum
1823 3212 1926 3268 est,
1958 3201 2066 3259 Ett

2132 3218 2231 3273 κης
2258 3200 2673 3273 παραδοθείσης,
2704 3200 2772 3255 τὰ
2810 3201 2908 3271 τῆς
2948 3200 3181 3263 παλαιᾶς
3217 3198 3535 3269 περιῄρετν
3563 3197 3701 3268 ὁμοῦ

465 3295 733 3351 roborabit
765 3294 933 3364 {tedas
977 3293 1158 3348 multis
1188 3293 1521 3347 hebdomada
1567 3309 1702 3359 una,
1749 3293 2029 3364 antiquum

469 3387 644 3444 fmdus
674 3387 853 3442 desiit.

2131 3291 2238 3363 γὰρ
2258 3291 2319 3344 τὸ
2348 3290 2681 3362 πληροῦσθαι
2719 3292 2780 3344 τὸ
2807 3291 3014 3360 φάσκον
3060 3290 3258 3359 λόγιον,
3291 3290 3401 3345 Καὶ
3436 3287 3702 3358 δυναμώ-

2133 3396 2228 3436 σει
2244 3381 2539 3451 διαθήκην
2569 3382 2819 3450 πολλοῖς
2838 3382 3089 3452 ἑϐδομὰς
3104 3384 3233 3453 μία,
3261 3383 3332 3437 τὰ
3348 3384 3447 3454 τῆς
3469 3381 3702 3445 παλαιᾶς

2129 3475 2391 3547 διαθήκης
2418 3474 2726 3548 περιῄρετο.

3370 3654 3674 3672 -⁴

543 3738 1069 3820 Catenaa‘GrtBCte,
1102 3754 1251 3820 cura
1267 3739 1329 3820 .1.
1366 3738 1439 3820 ᾼ.
1468 3736 1747 3820 Crameri
1778 3753 1948 3799 anno
2001 3738 2153 3801 18M
2194 3739 2429 3802 Oxonii
2484 3739 2692 3820 editae,
2753 3739 2874 3820 sub
2906 3739 3161 3801 Eusebii
3185 3819 3190 3820 ί
3217 3741 3478 3803 nomine
3528 3739 3697 3820 frag-

468 3823 675 3877 menta
709 3815 860 3903 satis
890 3814 1196 3903 amplam
1230 3815 1589 3903 Matthaaum
1622 3822 1683 3875 et
1718 3816 2127 3903 in_Joannem
2164 3819 2503 3903 exhibent.
2535 3819 2689 3903 llaec
2725 3819 3109 3903 verbotenus
3160 3819 3469 3903 derivavit
3494 3814 3698 3903 colle:

466 3903 708 3976 ctorex
745 3891 1013 3976 Eusebii
1030 3891 1496 3976 Quiestionibus
1538 3893 1909 3971 euangelicis
1966 3912 2159 3973 supra
2204 3897 2419 3959 editis.
2449 3896 2616 3976 ,Alia
2652 3896 3131 3976 insuperrbene
3183 3897 3382 3959 multa
3426 3915 3570 3976 quas
3615 3898 3691 3958 ad

466 3971 725 4033 eosdem
755 3970 1179 4049 evangelistas
1215 3980 1277 4032 et
1310 3970 1705 4050 adMarcum’
1736 3970 2069 4050 spectant,'
2101 3982 2338 4037 catenas
2385 3975 2645 4049 Nicetm,
2701 3970 3117 4046 Poésinianaa,
3159 3970 3560 4038 Corderia'naa
3605 3976 3698 4035 in-

473 4058 658 4136 serta,
688 4050 987 4128 leguntur
1018 4058 1150 4136 tua;
1174 4066 1364 4136 supra
1398 4049 1951 4136 in_Suppletnento
1981 4051 2404 4127 Quaestionum
2439 4052 2519 4114 ad
2544 4054 2923 4134 Stephanum
2947 4098 2963 4129 ,
3010 4059 3144 4116 tum
3178 4054 3247 4115 in
3280 4057 3575 4136 sequenti
3615 4053 3697 4114 ad

479 4128 705 4190 Lucam
739 4130 1209 4190 commentario.
1250 4130 1431 4189 EDIT.
1466 4129 1657 4189 Pun.

2460 4278 2644 4294 _

1234 4442 1991 4572 EUSEBIUS
2078 4445 2239 4569 IN
2314 4443 2898 4575 LUCAM.

885 4676 1109 4749 (Angelo
1140 4676 1268 4745 Mn,
1296 4674 1621 4732 Bibliotheca
1649 4692 1778 4732 nova
1812 4677 2055 4746 Patrum,
2091 4688 2220 4735 tom.
2259 4678 2346 4744 ιν,
2382 4698 2504 4753 pag.
2535 4683 2655 4739 159.
2693 4683 2875 4738 Romae
2907 4684 3064 4751 1847,
3098 4685 3151 4738 in
3174 4684 3273 4755 4⁸.)

2034 4840 2103 4853 σ-Ω

1774 5013 2396 5108 MONITUM.

538 5213 704 5278 Quem
737 5213 791 5267 in
821 5211 1246 5284 subsequentibus
1275 5208 1484 5281 paginis
1516 5208 1709 5263 edituri
1735 5224 1917 5262 sumus
1974 5204 2189 5261 Eusebii
2237 5207 2688 5272 commentarium,
2737 5208 2815 5263 vel
2831 5211 3024 5279 'potius
3073 5211 3189 5281 ejus
3230 5220 3404 5280 partes
3430 5212 3499 5265 ad
3541 5201 3730 5265 Luca.”

467 5304 833 5376 Evangelium,
864 5323 928 5361 ea:
956 5316 1186 5378 quatuor
1229 5304 1546 5373 sumpsimus
1573 5303 1899 5357 bibliotheca:
1942 5300 2211 5356 Vaticana:
2242 5303 2533 5360 codicibus.
2567 5302 2804 5359 'Primus
2833 5315 2931 5370 est,
2962 5322 3111 5377 quem
3149 5305 3485 5375 designamus
3519 5308 3694 5360 littera

469 5403 532 5468 Α,
562 5415 783 5469 magnus
812 5400 902 5455 ille
935 5411 1136 5455 catenae
1169 5399 1388 5454 Patrum
1421 5397 1729 5454 Crwcorum
1758 5401 1815 5452 in
1846 5396 2046 5451 Lucam
2072 5398 2257 5462 codex,
2289 5410 2507 5452 auctore
2552 5398 2740 5454 Niceta
2771 5400 3051 5456 Serrarum
3088 5401 3347 5471 episcopo,
3395 5402 3547 5472 cujus
3595 5415 3688 5455 nos

469 5509 665 5550 catena
693 5504 891 5563 partem
919 5497 1228 5550 mediocrem
1250 5496 1367 5563 jam
1394 5494 1656 5547 edidimus
1692 5500 1833 5547 tomo
1866 5507 1922 5546 ιι
1954 5490 2156 5560 Script.
2197 5500 2331 5558 vet.,
2361 5504 2570 5563 excepto
2602 5490 2847 5561 Eusebio,
2888 5509 3039 5564 quem
3070 5497 3350 5562 separatim
3405 5502 3532 5549 dare
3576 5511 3697 5548 con-

467 5591 834 5656 stitueramus;
859 5600 1065 5659 excepto
1095 5591 1217 5645 item
1246 5588 1467 5659 Cyrilto,
1497 5599 1547 5643 et
1573 5587 1693 5643 aliis
1725 5586 1946 5659 aliquot,
1982 5588 2046 5644 de
2073 5586 2260 5659 quibus
2288 5586 2417 5641 alibi
2440 5586 2596 5642 verba
2618 5587 2867 5656 fecimus.
2894 5584 3169 5645 Secundus
3198 5600 3273 5645 est
3311 5572 3475 5644 codex
3495 5592 3699 5662 priscas

538 5768 585 5802 ³⁸
615 5770 631 5823 ι
662 5765 853 5825 Thess.
884 5783 954 5836 tv,
990 5768 1075 5825 16.
1164 5769 1205 5804 ³⁸
1244 5766 1287 5822 ιι
1327 5766 1518 5826 Thess.
1547 5784 1609 5839 ιι,
1642 5769 1697 5826 5.
