4108 6204
430 268 537 324 529
1598 265 2053 322 COMMENTARI

2089 293 2101 318 ι
2138 264 2205 319 ΙΝ
2247 263 2517 320 LUCAM.
3560 273 3664 329 550

437 384 726 439 Palatinus
761 382 901 445 γαίη
935 400 967 435 a
995 382 1143 436 nobis
1175 382 1452 437 denotatus
1481 383 1655 438 littera
1686 384 1753 451 B,
1780 386 1870 454 qui
1902 386 2103 453 pariter
2133 394 2375 438 catenam
2402 382 2553 436 habet
2576 382 2644 435 ad
2678 380 2896 448 Lucam,
2928 382 2992 436 ab
3022 381 3118 436 illa
3147 381 3350 439 Nicette
3378 388 3661 442 aiversam.

436 481 649 535 Tertius
682 491 755 535 est
794 479 1013 533 Macarii
1040 477 1447 549 Chrysocephali
1477 482 1641 535 codex
1670 479 1718 533 E
1758 479 1878 538 Vat.
1914 482 2039 534 item
2073 481 2329 546 ineditus,
2360 482 2530 533 uarios
2569 479 2682 549 ejus
2724 480 2781 533 in
2813 478 3009 534 Lucam
3055 489 3316 535 tractatus
3369 484 3662 548 continens,

437 589 507 628 ex
546 573 811 635 Patribus,
872 589 1001 643 quos
1050 575 1187 627 inter
1241 582 1319 629 est
1346 575 1501 629 etiam
1556 573 1840 643 Eusebius,
1874 578 1943 630 ad
1986 578 2216 630 litteram
2278 576 2682 645 nominatimque
2728 577 3139 630 consarcinatae.
3189 576 3425 641 Quartus
3452 579 3667 649 denique

442 670 610 722 codex
638 668 1017 723 Ottobonianus
1058 668 1177 724 Val.
1213 686 1359 737 teque
1389 680 1632 725 catenam
1660 672 1730 726 ad
1765 671 1963 726 Lucam
1998 673 2293 738 continens,
2325 686 2476 740 quem
2502 671 2735 725 codicem
2764 682 3082 741 postremum
3127 689 3245 726 cum
3277 674 3664 742 inspiceremus,

438 776 629 836 praeter
663 763 773 817 alia
802 781 922 817 cum
954 766 1226 829 pra’dictis
1260 766 1524 821 codicibus
1552 768 1916 837 congruentia,
1946 784 2077 822 nova
2108 768 2281 821 adhuc
2334 766 2553 821 Eusebii
2600 768 2901 837 fragmenta
2937 768 3079 821 nacti
3123 785 3322 822 sumus.
3362 768 3518 822 Hunc
3552 771 3665 824 dis-

442 864 717 931 tinguimus
750 869 873 914 nota
907 859 969 914 L.
995 860 1121 915 lam
1146 879 1267 917 vero
1300 872 1498 917 catena:
1529 862 1750 916 Patrum
1782 862 1837 916 in
1869 860 2093 930 Lucam,
2120 874 2313 930 prwter
2359 872 2593 917 nostram
2625 861 2865 917 Graecam
2897 879 3055 930 quam
3083 863 3336 932 diximus,
3391 866 3512 918 duae
3551 863 3660 918 La-

440 959 549 1010 tino
580 965 783 1009 tantum
834 972 1072 1010 sermone
1112 958 1265 1010 edita:
1308 956 1602 1020 exstabant,
1658 956 1763 1010 divi
1815 955 2067 1010 nimirum
2121 955 2332 1010 Thema:
2366 954 2674 1025 Aquinatis,
2709 964 2755 1007 et
2777 952 3106 1008 Bulthasaris
3138 954 3408 1022 Corderii;
3442 974 3665 1028 quarum

431 1053 578 1120 prior
606 1054 804 1117 rarius,
851 1052 1020 1106 altera
1065 1052 1324 1122 copiosius
1368 1052 1651 1105 Eusebium
1700 1052 1836 1106 inter
1864 1060 2080 1106 cwteros
2113 1051 2301 1106 Patres
2333 1052 2585 1131 recitant._
2630 1047 2996 1104 Verumtamen
3040 1048 3254 1104 ercus
3288 1051 3458 1131 adhuc
3490 1060 3663 1104 textus

428 1158 571 1202 totus
607 1148 848 1213 latebat;
881 1158 930 1202 et
962 1147 1127 1201 multa
1158 1149 1369 1215 insuper
1399 1166 1460 1202 ne
1488 1147 1674 1201 Latine
1703 1149 1907 1218 quidem
1943 1149 2152 1218 cognita
2179 1156 2351 1201 erant.
2380 1144 2551 1200 Porro
2571 1126 2640 1199 .in
2675 1142 2861 1199 Graeca
2909 1154 3116 1209 catena,
3165 1160 3323 1215 quam
3373 1126 3666 1212 nuperrime

426 1244 506 1296 vir
548 1243 616 1296 cl.
656 1241 714 1299 Ι.
754 1247 819 1297 Α.
850 1241 1132 1296 Cramerus
1175 1241 1375 1297 Oxonii
1403 1244 1592 1311 edidit,
1632 1260 1890 1314 quantque
1932 1260 2024 1313 ego
2060 1244 2146 1315 his
2181 1242 2362 1296 diebus
2388 1257 2454 1296 ea:
2474 1239 2668 1311 Anglia
2701 1241 2902 1310 accepi,
2947 1239 3150 1293 nullum
3186 1254 3399 1302 prorsus
3447 1235 3664 1291 Eusebii

420 1335 635 1389 verbum
665 1335 935 1390 recitatur.

440 1470 802 1493 -ιι

1112 1629 1911 1763 ΕΥΣΕΒΙΟΥ
1987 1624 2977 1760 ΚΑΙΣΑΡΕΙΑΣ

1018 1875 1187 1960 ΕΙΣ
1259 1874 1406 1958 ΤΟ
1480 1866 1779 1956 ΚΑΤΑ
1848 1868 2307 1957 ΛΟΥΚΑΝ
2381 1866 3102 1954 ΕΥΑΓΓΕΛΙΟΝ.

1228 2231 1775 2352 EUSEBII
1853 2222 2822 2345 CZESARIENSIS

848 2470 1693 2564 COMMENTARII
1771 2470 1893 2560 IN
1972 2468 2308 2559 LUCIE
2380 2463 3164 2559 EVANGELIUM

1214 2662 1555 2731 QUANTUM
1595 2659 1951 2718 SUPEREST
1989 2658 2055 2714 1N
2092 2652 2447 2714 CODICIBUS
2489 2651 2869 2708 VATICANIS.

430 2975 531 3028 Ἑν
575 2974 702 3039 ταῖς
759 2971 1004 3041 ἡμέραις
1059 2970 1310 3039 Ἡρώδου
1372 2970 1476 3024 τοῦ
1532 2969 1836 3035 ,βασιλέως
1889 2968 1994 3037 τῆς
2024 2974 2057 3031 Α

2342 2969 2387 3000 ⁵ο
2431 2967 2499 3021 In
2538 2966 2718 3019 diebus
2767 2964 2989 3018 Herodis
3019 2963 3226 3018 Iudaea:
3255 2966 3407 3034 regis.

1060 3041 1361 3111 Ἰουδαίας.

501 3114 567 3165 Ἠ
597 3112 705 3183 γὰρ
752 3111 846 3164 τοῦ
891 3110 1058 3164 Ἰούδα
1101 3110 1238 3182 φυλὴ
1279 3109 1483 3166 ἄνωθεν
1536 3109 1605 3184 ἦν
1646 3110 1865 3184 ἀρχικὴ,
1896 3112 1991 3164 καὶ

420 3208 605 3277 ἡγεῖτο
633 3205 848 3258 πάντων
890 3204 994 3267 ἐως
1023 3199 1162 3273 ἦσαν
1208 3204 1512 3276 αὐτόνομοι,
1546 3206 1687 3260 κατὰ
1721 3208 1816 3277 τὴν
1864 3224 1989 3279 προ-

2165 3130 2385 3186 Scilicet
2416 3129 2568 3185 .lndte
2594 3128 2769 3183 tribus
2796 3126 2922 3182 olim
2976 3127 3406 3197 principabatur,
3452 3126 3657 3197 totique

2094 3222 2236 3293 genti
2279 3222 2606 3292 imperabat,
2652 3221 2825 3275 donec
2880 3216 3047 3273 Judaai
3105 3218 3185 3273 sui
3232 3219 3372 3289 juris
3419 3217 3656 3281 fuerunt,

420 3298 666 3369 φητείαν.
719 3294 898 3350 Ἦσαν
953 3295 1010 3349 δὲ
1067 3295 1229 3367 μέχρι
1270 3295 1377 3348 τῶν
1430 3297 1737 3365 Αὐγούστου
1782 3299 1987 3369 χρόνων

419 3390 692 3461 ἐλεύθεροι
719 3391 811 3444 καὶ
832 3388 1136 3459 αὐτόνομοι,
1170 3387 1291 3442 καθ’
1322 3388 1402 3454 ὃν,
1438 3390 1673 3462 Χριστοῦ
1708 3392 1984 3460 φανέντος,

417 3485 480 3538 τδ
506 3484 654 3547 ἔθνος
679 3483 823 3538 ἔιπαν
843 3482 1157 3536 δεδούλωται
1176 3500 1189 3514 ⁸
1224 3485 1312 3537 ὅτε
1337 3485 1429 3537 καὶ
1459 3484 1672 3556 πρῶτος
1696 3484 1986 3554 ἀλλόφυλος

418 3578 597 3631 αὐτῶν
624 3577 869 3648 Ἡρώδης
898 3578 1162 3649 ἡγήσατο,
1187 3580 1280 3631 καὶ
1314 3579 1562 3649 βασιλεὺς
1610 3578 1934 3647 Αὔγουστος,
1957 3582 1985 3633 ὁ

418 3671 516 3724 καὶ
539 3670 639 3740 τὴν
661 3670 835 3741 ἀρχὴν
860 3671 1169 3741 ἐγχειρίσας
1200 3670 1348 3742 αύτῷ
1381 3672 1520 3741 μετὰ
1532 3672 1631 3743 τῆς
1662 3673 1983 3743 συγκλήτου,

416 3762 517 3831 τῆς
539 3761 861 3831 οἰκουμένης
895 3758 1007 3831 εἶχε
1035 3762 1104 3816 τὰ
1149 3763 1424 3835 σκῆπτρα.
1458 3759 1565 3817 Ἦν
1590 3764 1645 3817 δὲ
1684 3767 1712 3817 ὁ
1749 3765 1987 3836 Ἡρώδης

417 3851 477 3917 ἐξ
538 3851 889 3922 Ἀντιπάτρου
945 3850 1203 3919 γεγονὼς,
1252 3853 1314 3905 τὸ
1362 3853 1517 3921 γένος
1571 3854 1984 3919 Ἀσκαλωνίτου,

418 3944 720 4013 ἶεροδούλου
738 3943 1090 4006 Ἀπόλλωνος,
1118 3946 1210 3998 καὶ
1238 3946 1522 4015 Κυπρίνης
1549 3945 1661 4013 (M)
1691 3946 1751 4011 ἐξ
1788 3948 1984 4020 Ἀῥρά-

418 4034 528 4088 ϐων
554 4035 777 4105 μητρός.
814 4027 983 4098 Οὗτος
1028 4035 1155 4106 γὰρ,
1180 4037 1273 4089 τὸν
1307 4039 1372 4089 ἐκ
1396 4036 1644 4107 διαδοχῆς
1670 4038 1777 4092 τῶν
1800 4040 1984 4111 ἀρχιε-

419 4128 557 4199 ρέων
579 4126 803 4179 ὕστατον
836 4127 1454 4199 ἡγησάμενονὙρκανὸν
1474 4128 1695 4192 ἀνελὼν,
1725 4131 1985 4185 Ἰουδαίων

416 4223 801 4295 ἀναγορεύεται
856 4219 1124 4291 βασιλεύς.
1178 4218 1379 4271 Τούτου
1428 4218 1521 4270 καὶ
1563 4216 1656 4270 νῦν
1701 4220 1730 4271 ὁ
1774 4221 1985 4283 Λουκᾶς

2094 3316 2388 3369 secundum
2422 3312 2760 3382 prOphetiam
2781 3311 2850 3364 δι.
2879 3311 3117 3365 Fuerant
3145 3311 3362 3379 quidem
3408 3311 3462 3365 hi
3502 3311 3657 3366 liberi

2094 3407 2435 3477 propriisque
2482 3403 2691 3473 legibus
2716 3411 2931 3457 utentes
2967 3416 3136 3470 usque
3170 3401 3234 3455 ad
3265 3402 3492 3472 Augusti
3526 3412 3657 3455 teta-

2095 3510 2224 3561 tem,
2276 3512 2383 3568 quo
2454 3507 2716 3565 tempore,
2765 3504 3064 3564 apparente
3103 3494 3346 3559 Christo,
3402 3496 3655 3548 universa

2092 3605 2224 3661 gens
2251 3591 2304 3644 in
2334 3589 2611 3645 servitium
2644 3587 2863 3642 redacta
2888 3585 3001 3657 jam
3028 3595 3165 3649 erat,
3192 3594 3245 3638 et
3280 3587 3489 3654 primus
3520 3586 3657 3641 aie—

2094 3682 2285 3751 nigena
2358 3680 2738 3735 dominabatur
2798 3678 3041 3735 Herodes
3091 3696 3107 3743 ;
3170 3678 3466 3745 imperator
3528 3693 3658 3732 vero

2093 3779 2390 3843 Angustus,
2423 3774 2510 3842 qui
2540 3783 2594 3827 et
2624 3774 2697 3827 illi
2734 3788 2803 3827 ex
2844 3781 3066 3827 senatus
3111 3769 3356 3824 consulto
3384 3768 3655 3837 principa-

2094 3875 2203 3918 tum
2260 3865 2544 3927 detulerat,
2601 3865 2839 3919 universi
2883 3863 3032 3918 orbis
3087 3871 3359 3931 sceptrum
3412 3862 3653 3916 tenebat.

2094 3957 2221 4010 Erat
2251 3967 2429 4011 autem
2468 3956 2705 4012 Herodes
2741 3955 3015 4025 Antipatri
3062 3951 3449 4009 Ascalonensis
3491 3950 3657 4014 ﬁlius,

2093 4049 2360 4118 Apollinis
2386 4049 2690 4103 ministerio
2718 4047 2940 4110 addicti,
2972 4055 3149 4101 matre
3186 4045 3421 4116 Cyprina
3451 4043 3653 4097 Arabe.

2093 4140 2191 4195 Hic
2221 4142 2388 4204 enim,
2418 4139 2776 4195 sacerdotalis
2810 4138 3178 4192 successionis
3206 4148 3479 4205 postremo
3508 4136 3659 4205 prin-

2092 4232 2211 4300 cipe
2257 4231 2505 4301 Hyrcano
2552 4228 2749 4290 occiso,
2800 4224 3110 4279 Judaeorum
3168 4224 3512 4280 renuntiatus
3561 4236 3657 4274 rex

420 4314 715 4385 μέμνηται,
742 4313 830 4365 ἵνα
866 4312 1135 4382 δείξῃ,ὂτι
1173 4309 1387 4381 ἀληθῶς
1437 4304 1600 4380 ἦλθεν
1651 4311 1679 4361 ὁ
1730 4311 1984 4381 Χριστὸς,
2018 4336 2057 4389 Β

2091 4324 2209 4377 fuit.
2249 4321 2416 4391 Hujus
2460 4336 2603 4375 nunc
2652 4320 2899 4373 meminit
2960 4319 3155 4382 Lucas,
3209 4327 3269 4371 ut
3318 4316 3659 4369 demonstret

417 4404 745 4457 ἐκλιπόντων
768 4403 876 4456 τῶν
915 4404 1065 4475 παρὰ
1103 4405 1211 4467 τοῖς
1252 4400 1523 4464 Ἰουδαίοις
1553 4402 1827 4472 ἀρχόντων
1852 4404 1990 4458 κατά

414 4492 515 4563 τὴν
550 4494 900 4564 προφητείαν.

414 4585 526 4640 Καὶ
578 4581 706 4638 εἶπε
755 4584 1052 4670 Ζαχαρίας
1096 4582 1246 4650 πρὸς
1284 4584 1391 4664 τόν
1432 4582 1708 4654 dryadas"
1737 4584 1899 4638 Κατὰ
1931 4585 1987 4636 τί

934 4670 1234 4723 γνωσομαι
1260 4671 1470 4717 τουτο;

488 4745 644 4802 Ποῖον
668 4748 891 4816 σημεῖον
916 4744 1178 4807 δεικνύεις
1215 4763 1323 4816 μοι,
1343 4747 1495 4816 φησι,
1531 4747 1618 4800 ἵνα
1646 4746 1850 4799 πεισοῶ
1874 4749 1979 4810 τοῖς

416 4836 523 4890 ὑπὸ
580 4837 673 4890 σοῦ
729 4838 1200 4911 προφητευθεῖσιν,
1266 4838 1341 4902 ὡς
1400 4839 1649 4909 μέλλουσι
1700 4839 1981 4908 γίνεσθαι;

416 4926 607 4996 Σχεδὸν
635 4928 743 5001 γὰρ
778 4929 927 5000 παρὰ
953 4928 1111 4998 φύσιν
1145 4930 1261 4983 ἐστί
1288 4930 1348 4983 τὸ
1369 4929 1556 5001 λεχθέν
1575 4948 1588 4960 ·
1626 4934 1674 4984 οἱ
1708 4931 1813 5005 γὰρ
1855 4949 1986 5003 προ·

414 5016 709 5088 ϐεϐηκότες
736 5020 795 5072 οὑ
820 5021 1205 5088 γονοποιοῦσιν.
1225 5022 1369 5075 Ἔδει
1392 5022 1447 5075 δὲ
1465 5023 1540 5093 μὴ
1565 5024 1787 5095 πρὸς.τὺ
1810 5024 1983 5096 γῆρας

415 5110 626 5181 ἀψορᾷν
657 5112 717 5164 τὸ
762 5110 953 5165 ἑαυτοῦ
999 5114 1091 5166 καὶ
1121 5115 1397 5182 γυναικὸς,
1433 5114 1569 5169 ἀλλὰ
1596 5117 1733 5188 πρὸς
1768 5117 1864 5188 τὴν
1892 5117 1985 5171 δύ-

416 5216 580 5270 ναμιν
601 5202 693 5255 τοῦ
739 5203 1205 5277 ἐπαγγελλομένου
1260 5205 1414 5259 Θεοῦ.
1464 5206 1625 5260 Ἀλλὰ
1657 5208 1725 5262 τὰ
1777 5209 1988 5279 μεγάλα

416 5286 714 5357 δυσέυικτα
743 5296 853 5356 τοῖς
902 5291 1227 5363 ἀνθρώποις,
1279 5296 1372 5349 καὶ
1425 5296 1783 5366 συγγινώσκει
1823 5299 1983 5364 Θεόςο

416 5382 648 5454 καὶγὰρ
694 5386 799 5438 οὐδ’
828 5387 988 5451 αὐτὸς
1024 5386 1269 5459 Ἀϐραὰμ
1318 5390 1394 5453 ὡς
1438 5392 1604 5463 ἐχρῆν
1653 5393 1987 5464 ἐπίστευσεν,

412 5472 555 5529 ἀλλὰ
578 5476 645 5529 τὰ
669 5477 855 5549 πρῶτα
872 5480 963 5533 καὶ
985 5480 1207 5548 ἐγέλασε
1237 5484 1329 5536 καὶ
1351 5480 1519 5537 εἶπεν·
1540 5504 1558 5536 ι
1578 5485 1640 5538 Ei
1665 5485 1743 5558 τῷ
1768 5489 1989 5544 ἑκατον-

489 5595 537 5629 δο
563 5595 693 5651 an.
733 5613 775 5660 ι,
803 5598 856 5653 5.
935 5600 975 5630 ⁶¹
1002 5599 1135 5656 Gen.
1166 5618 1309 5673 χιιι,
1342 5603 1423 5660 l0.
1504 5606 1546 5639 “
1569 5606 1701 5665 Luc.
1741 5626 1779 5679 ι,
1842 5612 1924 5669 l8.

498 5686 610 5756 (Η)
644 5684 776 5745 Cod.
811 5688 871 5755 1⁸2,
896 5691 1186 5762 Κυπρίδος.

2098 4430 2221 4468 vere
2280 4414 2491 4467 venisse
2553 4413 2867 4476 Christum,
2944 4410 3285 4466 cessantibus
3349 4406 3657 4460 Judaaorum

2094 4506 2332 4574 propriis
2357 4505 2717 4575 principibus,
2754 4513 2912 4573 prout
2946 4502 3263 4573 prrcdictum
3293 4500 3490 4557 fuerat.

2166 4597 2211 4628 “
2240 4595 2307 4651 Et
2346 4598 2480 4650 dixit
2516 4597 2702 4666 angelo
2737 4594 3054 4660 Zacharias,
3082 4595 3220 4648 unde
3248 4594 3344 4647 hoc
3379 4589 3583 4645 sciam?

2169 4757 2449 4825 Quodnam
2478 4757 2610 4812 mihi
2648 4757 2861 4827 signum
2891 4756 3152 4819 ostendis,
3187 4769 3294 4823 quo
3325 4753 3496 4808 fretus
3535 4766 3657 4806 cre-

2089 4852 2211 4905 dam
2263 4849 2527 4904 vaticinia
2581 4858 2699 4913 tuo,
2763 4858 3015 4918 tanquam
3071 4846 3176 4901 ﬁde
3222 4861 3327 4899 non
3381 4843 3657 4899 caritura?

2090 4940 2224 4995 Nam
2253 4942 2397 5011 quod
2431 4943 2516 4997 ais
2544 4981 2559 5007 ,
2596 4950 2794 5011 praeter
2824 4949 3070 4995 naturam
3121 4940 3505 5009 propemodum
3540 4947 3654 5002 est;

2090 5049 2250 5088 senes
2275 5035 2419 5089 enim
2456 5034 2870 5104 haudquaquam
2917 5043 3231 5104 procreant.
3281 5032 3445 5102 Atqui
3491 5046 3657 5101 opor-

2096 5125 2239 5180 tebat
2268 5126 2588 5181 Zachariam
2626 5128 2766 5180 haud
2800 5128 2867 5181 de
2901 5143 2998 5183 suo
3027 5136 3083 5183 et
3113 5126 3301 5182 uxoris
3349 5125 3521 5192 senio,
3559 5125 3655 5180 sed

2060 5218 2157 5279 ide
2186 5220 2552 5287 promittentis
2603 5219 2696 5275 Dei
2739 5222 2977 5289 potentia
3028 5222 3285 5292 cogitare.
3333 5220 3652 5291 Quanquam

2091 5327 2435 5383 rosmagnas
2464 5329 2603 5384 aegre
2632 5314 2731 5369 sibi
2751 5316 3001 5370 homines
3032 5314 3389 5385 persuadent:
3428 5314 3655 5383 ideoque

2093 5403 2235 5459 Deus
2263 5404 2595 5478 indulgentia
2630 5408 2817 5462 utitur.
2852 5406 2987 5462 Nam
3036 5423 3105 5464 ne
3150 5407 3490 5464 Abrahamus
3532 5407 3656 5479 qui-

2054 5545 2059 5551 .
2095 5497 2215 5554 dem
2252 5508 2414 5569 prout
2457 5514 2591 5570 opus
2619 5511 2736 5557 erat
2764 5502 3019 5572 credidit,
3070 5505 3166 5561 scd
3212 5504 3367 5561 initio
3410 5505 3532 5562 risit
3566 5505 3654 5560 di-
