  <div class='ocr_page' id='page_1' title='image "/cluster/home/n/w/nwhite01/storage/ocr_20150623/24/hvd.32044073501801/273.png"; bbox 0 0 4108 6204; ppageno 0'>
   <div class='ocr_carea' id='block_1_1' title="bbox 447 247 544 332">
    <p class='ocr_par' dir='ltr' id='par_1_1' title="bbox 447 247 544 332">
     <span class='ocr_line' id='line_1_1' title="bbox 447 247 544 332; baseline 0.041 -4"><span class='ocrx_word' id='word_1_1' title='bbox 447 247 544 332; x_wconf 70' lang='lat' dir='ltr'><strong>sai</strong></span> 
     </span>
    </p>
   </div>
   <div class='ocr_carea' id='block_1_2' title="bbox 444 386 1998 458">
    <p class='ocr_par' dir='ltr' id='par_1_2' title="bbox 444 386 1998 449">
     <span class='ocr_line' id='line_1_2' title="bbox 444 386 1998 449; baseline -0.003 -5"><span class='ocrx_word' id='word_1_2' title='bbox 444 403 575 445; x_wconf 69' lang='lat' dir='ltr'><strong>cens</strong></span> <span class='ocrx_word' id='word_1_3' title='bbox 599 405 615 443; x_wconf 90' lang='lat'><strong>:</strong></span> <span class='ocrx_word' id='word_1_4' title='bbox 657 407 675 438; x_wconf 75' lang='grc' dir='ltr'><strong>ι</strong></span> <span class='ocrx_word' id='word_1_5' title='bbox 706 387 840 441; x_wconf 68' lang='lat' dir='ltr'><strong>Num</strong></span> <span class='ocrx_word' id='word_1_6' title='bbox 861 386 1172 449; x_wconf 74' lang='lat' dir='ltr'><strong>centenario</strong></span> <span class='ocrx_word' id='word_1_7' title='bbox 1190 388 1304 442; x_wconf 89' lang='lat' dir='ltr'><strong>viro</strong></span> <span class='ocrx_word' id='word_1_8' title='bbox 1324 388 1465 444; x_wconf 82' lang='lat' dir='ltr'><strong>ﬁlius</strong></span> <span class='ocrx_word' id='word_1_9' title='bbox 1481 399 1731 442; x_wconf 74' lang='lat' dir='ltr'><strong>nascetur</strong></span> <span class='ocrx_word' id='word_1_10' title='bbox 1747 386 1829 441; x_wconf 65' lang='lat'><strong>‘3?</strong></span> <span class='ocrx_word' id='word_1_11' title='bbox 1850 408 1869 440; x_wconf 71' lang='grc' dir='ltr'><strong>ι</strong></span> <span class='ocrx_word' id='word_1_12' title='bbox 1886 387 1998 440; x_wconf 89' lang='lat' dir='ltr'><strong>Tun</strong></span> 
     </span>
    </p>
   </div>
   <div class='ocr_carea' id='block_1_3' title="bbox 2099 386 2824 458">
    <p class='ocr_par' dir='ltr' id='par_1_3' title="bbox 2123 388 2824 458">
     <span class='ocr_line' id='line_1_3' title="bbox 2123 388 2824 458; baseline 0.023 -20"><span class='ocrx_word' id='word_1_13' title='bbox 2123 388 2302 440; x_wconf 78' lang='grc' dir='ltr'>ταέτει</span> <span class='ocrx_word' id='word_1_14' title='bbox 2348 392 2636 458; x_wconf 78' lang='grc' dir='ltr'>γενήσεται</span> <span class='ocrx_word' id='word_1_15' title='bbox 2674 391 2824 454; x_wconf 74' lang='grc' dir='ltr'><strong>υἱόςς</strong></span> 
     </span>
    </p>
   </div>
   <div class='ocr_carea' id='block_1_4' title="bbox 445 469 2002 549">
    <p class='ocr_par' dir='ltr' id='par_1_4' title="bbox 445 469 2002 549">
     <span class='ocr_line' id='line_1_4' title="bbox 445 469 2002 549; baseline -0.001 -16"><span class='ocrx_word' id='word_1_16' title='bbox 445 497 575 538; x_wconf 80' lang='lat' dir='ltr'><strong>vero</strong></span> <span class='ocrx_word' id='word_1_17' title='bbox 628 491 683 536; x_wconf 89' lang='lat' dir='ltr'><strong>et</strong></span> <span class='ocrx_word' id='word_1_18' title='bbox 741 480 879 536; x_wconf 89' lang='lat' dir='ltr'><strong>Sara</strong></span> <span class='ocrx_word' id='word_1_19' title='bbox 933 490 1156 548; x_wconf 75' lang='lat' dir='ltr'><strong>propter</strong></span> <span class='ocrx_word' id='word_1_20' title='bbox 1208 480 1378 535; x_wconf 88' lang='lat' dir='ltr'><strong>risum</strong></span> <span class='ocrx_word' id='word_1_21' title='bbox 1434 469 1760 549; x_wconf 78' lang='lat' dir='ltr'><strong>reprehensa</strong></span> <span class='ocrx_word' id='word_1_22' title='bbox 1807 479 1908 532; x_wconf 83' lang='lat' dir='ltr'><strong>fuit</strong></span> <span class='ocrx_word' id='word_1_23' title='bbox 1938 479 2002 531; x_wconf 68' lang='lat'><strong>&quot;.</strong></span> 
     </span>
    </p>
   </div>
   <div class='ocr_carea' id='block_1_5' title="bbox 447 570 2005 640">
    <p class='ocr_par' dir='ltr' id='par_1_5' title="bbox 447 570 2005 640">
     <span class='ocr_line' id='line_1_5' title="bbox 447 570 2005 640; baseline -0.006 -8"><span class='ocrx_word' id='word_1_24' title='bbox 447 577 604 632; x_wconf 78' lang='lat' dir='ltr'><strong>Modo</strong></span> <span class='ocrx_word' id='word_1_25' title='bbox 637 586 816 631; x_wconf 90' lang='lat' dir='ltr'><strong>autem</strong></span> <span class='ocrx_word' id='word_1_26' title='bbox 845 573 1025 626; x_wconf 84' lang='lat' dir='ltr'><strong>verbis</strong></span> <span class='ocrx_word' id='word_1_27' title='bbox 1053 570 1309 640; x_wconf 76' lang='lat' dir='ltr'><strong>obiurgat</strong></span> <span class='ocrx_word' id='word_1_28' title='bbox 1333 572 1494 637; x_wconf 89' lang='lat' dir='ltr'><strong>Deus,</strong></span> <span class='ocrx_word' id='word_1_29' title='bbox 1525 572 1681 625; x_wconf 90' lang='lat' dir='ltr'><strong>modo</strong></span> <span class='ocrx_word' id='word_1_30' title='bbox 1711 571 1844 640; x_wconf 83' lang='lat' dir='ltr'><strong>ipsis</strong></span> <span class='ocrx_word' id='word_1_31' title='bbox 1875 585 2005 636; x_wconf 84' lang='lat' dir='ltr'><strong>ope-</strong></span> 
     </span>
    </p>
   </div>
   <div class='ocr_carea' id='block_1_6' title="bbox 443 661 2008 739">
    <p class='ocr_par' dir='ltr' id='par_1_6' title="bbox 443 661 2008 739">
     <span class='ocr_line' id='line_1_6' title="bbox 443 661 2008 739; baseline -0.003 -18"><span class='ocrx_word' id='word_1_32' title='bbox 443 670 594 725; x_wconf 82' lang='lat' dir='ltr'><strong>ribus</strong></span> <span class='ocrx_word' id='word_1_33' title='bbox 663 668 862 739; x_wconf 70' lang='lat' dir='ltr'><strong>arguit.</strong></span> <span class='ocrx_word' id='word_1_34' title='bbox 941 664 1150 720; x_wconf 73' lang='lat' dir='ltr'><strong>Idcirco</strong></span> <span class='ocrx_word' id='word_1_35' title='bbox 1213 661 1534 719; x_wconf 79' lang='lat' dir='ltr'><strong>Zachariam</strong></span> <span class='ocrx_word' id='word_1_36' title='bbox 1599 679 1812 734; x_wconf 87' lang='lat' dir='ltr'><strong>quoque</strong></span> <span class='ocrx_word' id='word_1_37' title='bbox 1864 663 2008 716; x_wconf 76' lang='lat' dir='ltr'><strong>facto</strong></span> 
     </span>
    </p>
   </div>
   <div class='ocr_carea' id='block_1_7' title="bbox 439 755 2004 834">
    <p class='ocr_par' dir='ltr' id='par_1_7' title="bbox 439 755 2004 834">
     <span class='ocr_line' id='line_1_7' title="bbox 439 755 2004 834; baseline -0.006 -18"><span class='ocrx_word' id='word_1_38' title='bbox 439 763 564 834; x_wconf 83' lang='lat' dir='ltr'><strong>ipso</strong></span> <span class='ocrx_word' id='word_1_39' title='bbox 608 761 900 830; x_wconf 87' lang='lat' dir='ltr'><strong>increpuit,</strong></span> <span class='ocrx_word' id='word_1_40' title='bbox 945 759 1069 814; x_wconf 90' lang='lat' dir='ltr'><strong>dum</strong></span> <span class='ocrx_word' id='word_1_41' title='bbox 1109 760 1331 814; x_wconf 83' lang='lat' dir='ltr'><strong>surdum</strong></span> <span class='ocrx_word' id='word_1_42' title='bbox 1365 767 1700 826; x_wconf 80' lang='lat' dir='ltr'><strong>mutumque</strong></span> <span class='ocrx_word' id='word_1_43' title='bbox 1731 755 2004 810; x_wconf 88' lang='lat' dir='ltr'><strong>reddidit:</strong></span> 
     </span>
    </p>
   </div>
   <div class='ocr_carea' id='block_1_8' title="bbox 440 846 2008 924">
    <p class='ocr_par' dir='ltr' id='par_1_8' title="bbox 440 846 2008 924">
     <span class='ocr_line' id='line_1_8' title="bbox 440 846 2008 924; baseline -0.006 -16"><span class='ocrx_word' id='word_1_44' title='bbox 440 855 567 924; x_wconf 86' lang='lat' dir='ltr'><strong>quia</strong></span> <span class='ocrx_word' id='word_1_45' title='bbox 600 852 856 908; x_wconf 76' lang='lat' dir='ltr'><strong>nimirum</strong></span> <span class='ocrx_word' id='word_1_46' title='bbox 887 852 1220 922; x_wconf 82' lang='lat' dir='ltr'><strong>oportuisset</strong></span> <span class='ocrx_word' id='word_1_47' title='bbox 1259 865 1381 906; x_wconf 88' lang='lat' dir='ltr'><strong>eum</strong></span> <span class='ocrx_word' id='word_1_48' title='bbox 1433 849 1710 920; x_wconf 83' lang='lat' dir='ltr'><strong>prioribus</strong></span> <span class='ocrx_word' id='word_1_49' title='bbox 1744 846 2008 914; x_wconf 81' lang='lat' dir='ltr'><strong>exemplis</strong></span> 
     </span>
    </p>
   </div>
   <div class='ocr_carea' id='block_1_9' title="bbox 433 929 2009 1016">
    <p class='ocr_par' dir='ltr' id='par_1_9' title="bbox 433 929 2009 1016">
     <span class='ocr_line' id='line_1_9' title="bbox 433 929 2009 1016; baseline -0.004 -16"><span class='ocrx_word' id='word_1_50' title='bbox 433 949 546 1016; x_wconf 83' lang='lat' dir='ltr'><strong>jam</strong></span> <span class='ocrx_word' id='word_1_51' title='bbox 590 955 764 1002; x_wconf 87' lang='lat' dir='ltr'><strong>semet</strong></span> <span class='ocrx_word' id='word_1_52' title='bbox 817 929 1142 1009; x_wconf 68' lang='lat' dir='ltr'><strong>ceriidivisse,</strong></span> <span class='ocrx_word' id='word_1_53' title='bbox 1191 953 1246 998; x_wconf 89' lang='lat' dir='ltr'><strong>et</strong></span> <span class='ocrx_word' id='word_1_54' title='bbox 1283 959 1418 1013; x_wconf 87' lang='lat' dir='ltr'><strong>quas</strong></span> <span class='ocrx_word' id='word_1_55' title='bbox 1449 943 1593 1012; x_wconf 84' lang='lat' dir='ltr'><strong>passi</strong></span> <span class='ocrx_word' id='word_1_56' title='bbox 1631 941 1843 995; x_wconf 76' lang='lat' dir='ltr'><strong>fuerant</strong></span> <span class='ocrx_word' id='word_1_57' title='bbox 1894 954 2009 994; x_wconf 89' lang='lat' dir='ltr'><strong>ma-</strong></span> 
     </span>
    </p>
   </div>
   <div class='ocr_carea' id='block_1_10' title="bbox 436 1033 2010 1111">
    <p class='ocr_par' dir='ltr' id='par_1_10' title="bbox 436 1033 2010 1111">
     <span class='ocr_line' id='line_1_10' title="bbox 436 1033 2010 1111; baseline -0.002 -18"><span class='ocrx_word' id='word_1_58' title='bbox 436 1039 718 1111; x_wconf 56' lang='lat' dir='ltr'><strong>joresisui</strong></span> <span class='ocrx_word' id='word_1_59' title='bbox 758 1037 1185 1108; x_wconf 82' lang='lat' dir='ltr'><strong>objurgationes,</strong></span> <span class='ocrx_word' id='word_1_60' title='bbox 1241 1051 1337 1092; x_wconf 86' lang='lat' dir='ltr'><strong>eas</strong></span> <span class='ocrx_word' id='word_1_61' title='bbox 1384 1035 1453 1089; x_wconf 87' lang='lat' dir='ltr'><strong>ad</strong></span> <span class='ocrx_word' id='word_1_62' title='bbox 1501 1033 1844 1104; x_wconf 78' lang='lat' dir='ltr'><strong>disciplinam</strong></span> <span class='ocrx_word' id='word_1_63' title='bbox 1885 1047 2010 1101; x_wconf 78' lang='lat' dir='ltr'><strong>pro-</strong></span> 
     </span>
    </p>
   </div>
   <div class='ocr_carea' id='block_1_11' title="bbox 442 1132 1007 1204">
    <p class='ocr_par' dir='ltr' id='par_1_11' title="bbox 442 1132 1007 1204">
     <span class='ocr_line' id='line_1_11' title="bbox 442 1132 1007 1204; baseline -0.004 -17"><span class='ocrx_word' id='word_1_64' title='bbox 442 1134 617 1204; x_wconf 80' lang='lat' dir='ltr'><strong>priam</strong></span> <span class='ocrx_word' id='word_1_65' title='bbox 651 1132 1007 1190; x_wconf 83' lang='lat' dir='ltr'><strong>convertisse.</strong></span> 
     </span>
    </p>
   </div>
   <div class='ocr_carea' id='block_1_12' title="bbox 930 1217 1512 1291">
    <p class='ocr_par' dir='ltr' id='par_1_12' title="bbox 930 1217 1512 1291">
     <span class='ocr_line' id='line_1_12' title="bbox 930 1217 1512 1291; baseline -0.01 -15"><span class='ocrx_word' id='word_1_66' title='bbox 930 1223 976 1254; x_wconf 77' lang='lat'><em>“</em></span> <span class='ocrx_word' id='word_1_67' title='bbox 1001 1221 1251 1291; x_wconf 75' lang='lat' dir='ltr'><strong>Ego-sum</strong></span> <span class='ocrx_word' id='word_1_68' title='bbox 1280 1217 1512 1274; x_wconf 81' lang='lat' dir='ltr'><strong>Gabriel.</strong></span> 
     </span>
    </p>
   </div>
   <div class='ocr_carea' id='block_1_13' title="bbox 509 1301 2035 1386">
    <p class='ocr_par' dir='ltr' id='par_1_13' title="bbox 509 1301 2035 1386">
     <span class='ocr_line' id='line_1_13' title="bbox 509 1301 2035 1386; baseline -0.007 -18"><span class='ocrx_word' id='word_1_69' title='bbox 509 1317 648 1384; x_wconf 86' lang='lat' dir='ltr'><strong>Quid</strong></span> <span class='ocrx_word' id='word_1_70' title='bbox 679 1331 807 1386; x_wconf 85' lang='lat' dir='ltr'><strong>ergo</strong></span> <span class='ocrx_word' id='word_1_71' title='bbox 837 1314 1059 1384; x_wconf 81' lang='lat' dir='ltr'><strong>angelus</strong></span> <span class='ocrx_word' id='word_1_72' title='bbox 1085 1316 1132 1370; x_wconf 91' lang='lat' dir='ltr'><strong>ei</strong></span> <span class='ocrx_word' id='word_1_73' title='bbox 1181 1311 1507 1384; x_wconf 86' lang='lat' dir='ltr'><strong>respondet?</strong></span> <span class='ocrx_word' id='word_1_74' title='bbox 1557 1307 1780 1379; x_wconf 86' lang='lat' dir='ltr'><strong>Angela,</strong></span> <span class='ocrx_word' id='word_1_75' title='bbox 1807 1301 2035 1376; x_wconf 51' lang='lat' dir='ltr'><strong>inquit,‘</strong></span> 
     </span>
    </p>
   </div>
   <div class='ocr_carea' id='block_1_14' title="bbox 439 1402 2004 1481">
    <p class='ocr_par' dir='ltr' id='par_1_14' title="bbox 439 1402 2004 1481">
     <span class='ocr_line' id='line_1_14' title="bbox 439 1402 2004 1481; baseline -0.004 -20"><span class='ocrx_word' id='word_1_76' title='bbox 439 1406 658 1475; x_wconf 77' lang='lat' dir='ltr'><strong>diliidis,</strong></span> <span class='ocrx_word' id='word_1_77' title='bbox 689 1409 781 1476; x_wconf 85' lang='lat' dir='ltr'><strong>qui</strong></span> <span class='ocrx_word' id='word_1_78' title='bbox 815 1408 928 1462; x_wconf 89' lang='lat' dir='ltr'><strong>Deo</strong></span> <span class='ocrx_word' id='word_1_79' title='bbox 953 1406 1138 1462; x_wconf 84' lang='lat' dir='ltr'><strong>astat?</strong></span> <span class='ocrx_word' id='word_1_80' title='bbox 1171 1405 1382 1476; x_wconf 82' lang='lat' dir='ltr'><strong>ipsique</strong></span> <span class='ocrx_word' id='word_1_81' title='bbox 1410 1403 1644 1458; x_wconf 89' lang='lat' dir='ltr'><strong>mittenti</strong></span> <span class='ocrx_word' id='word_1_82' title='bbox 1675 1418 1779 1455; x_wconf 89' lang='lat' dir='ltr'><strong>non</strong></span> <span class='ocrx_word' id='word_1_83' title='bbox 1807 1402 2004 1481; x_wconf 84' lang='lat' dir='ltr'><strong>credis,</strong></span> 
     </span>
    </p>
   </div>
   <div class='ocr_carea' id='block_1_15' title="bbox 441 1494 2008 1569">
    <p class='ocr_par' dir='ltr' id='par_1_15' title="bbox 441 1494 2008 1569">
     <span class='ocr_line' id='line_1_15' title="bbox 441 1494 2008 1569; baseline -0.006 -12"><span class='ocrx_word' id='word_1_84' title='bbox 441 1505 534 1557; x_wconf 84' lang='lat' dir='ltr'><strong>sed</strong></span> <span class='ocrx_word' id='word_1_85' title='bbox 565 1502 640 1557; x_wconf 86' lang='lat' dir='ltr'><strong>rei</strong></span> <span class='ocrx_word' id='word_1_86' title='bbox 683 1516 968 1556; x_wconf 79' lang='lat' dir='ltr'><strong>summam,</strong></span> <span class='ocrx_word' id='word_1_87' title='bbox 990 1500 1354 1554; x_wconf 78' lang='lat' dir='ltr'><strong>diﬂicultatem</strong></span> <span class='ocrx_word' id='word_1_88' title='bbox 1386 1498 1640 1569; x_wconf 81' lang='lat' dir='ltr'><strong>spectas?</strong></span> <span class='ocrx_word' id='word_1_89' title='bbox 1667 1494 1752 1552; x_wconf 89' lang='lat' dir='ltr'><strong>Ob</strong></span> <span class='ocrx_word' id='word_1_90' title='bbox 1779 1496 1880 1551; x_wconf 87' lang='lat' dir='ltr'><strong>hoc</strong></span> <span class='ocrx_word' id='word_1_91' title='bbox 1908 1496 2008 1564; x_wconf 80' lang='lat' dir='ltr'><strong>igi-</strong></span> 
     </span>
    </p>
   </div>
   <div class='ocr_carea' id='block_1_16' title="bbox 447 1589 2003 1662">
    <p class='ocr_par' dir='ltr' id='par_1_16' title="bbox 447 1589 2003 1662">
     <span class='ocr_line' id='line_1_16' title="bbox 447 1589 2003 1662; baseline -0.003 -14"><span class='ocrx_word' id='word_1_92' title='bbox 447 1606 534 1650; x_wconf 89' lang='lat' dir='ltr'><strong>tur</strong></span> <span class='ocrx_word' id='word_1_93' title='bbox 577 1593 913 1650; x_wconf 86' lang='lat' dir='ltr'><strong>incredulum</strong></span> <span class='ocrx_word' id='word_1_94' title='bbox 975 1595 1198 1650; x_wconf 79' lang='lat' dir='ltr'><strong>verbum</strong></span> <span class='ocrx_word' id='word_1_95' title='bbox 1255 1607 1389 1649; x_wconf 86' lang='lat' dir='ltr'><strong>voce</strong></span> <span class='ocrx_word' id='word_1_96' title='bbox 1443 1591 1786 1662; x_wconf 84' lang='lat' dir='ltr'><strong>speliaberis,</strong></span> <span class='ocrx_word' id='word_1_97' title='bbox 1829 1589 2003 1659; x_wconf 80' lang='lat' dir='ltr'><strong>quoad</strong></span> 
     </span>
    </p>
   </div>
   <div class='ocr_carea' id='block_1_17' title="bbox 441 1681 2002 1757">
    <p class='ocr_par' dir='ltr' id='par_1_17' title="bbox 441 1681 2002 1757">
     <span class='ocr_line' id='line_1_17' title="bbox 441 1681 2002 1757; baseline -0.004 -16"><span class='ocrx_word' id='word_1_98' title='bbox 441 1705 530 1746; x_wconf 85' lang='lat' dir='ltr'><strong>res</strong></span> <span class='ocrx_word' id='word_1_99' title='bbox 564 1690 678 1757; x_wconf 86' lang='lat' dir='ltr'><strong>ipsa</strong></span> <span class='ocrx_word' id='word_1_100' title='bbox 711 1689 996 1742; x_wconf 84' lang='lat' dir='ltr'><strong>evenerit:</strong></span> <span class='ocrx_word' id='word_1_101' title='bbox 1032 1701 1223 1756; x_wconf 87' lang='lat' dir='ltr'><strong>nempe</strong></span> <span class='ocrx_word' id='word_1_102' title='bbox 1261 1697 1321 1740; x_wconf 89' lang='lat' dir='ltr'><strong>ut</strong></span> <span class='ocrx_word' id='word_1_103' title='bbox 1353 1695 1498 1740; x_wconf 89' lang='lat' dir='ltr'><strong>tuam</strong></span> <span class='ocrx_word' id='word_1_104' title='bbox 1527 1699 1724 1742; x_wconf 85' lang='lat' dir='ltr'><strong>noscas</strong></span> <span class='ocrx_word' id='word_1_105' title='bbox 1753 1681 2002 1739; x_wconf 86' lang='lat' dir='ltr'><strong>incredu-</strong></span> 
     </span>
    </p>
   </div>
   <div class='ocr_carea' id='block_1_18' title="bbox 437 1779 1418 1860">
    <p class='ocr_par' dir='ltr' id='par_1_18' title="bbox 437 1779 1418 1860">
     <span class='ocr_line' id='line_1_18' title="bbox 437 1779 1418 1860; baseline -0.003 -25"><span class='ocrx_word' id='word_1_106' title='bbox 437 1783 653 1860; x_wconf 22' lang='lat' dir='ltr'><strong>litatem.</strong></span> <span class='ocrx_word' id='word_1_107' title='bbox 681 1781 880 1852; x_wconf 89' lang='lat' dir='ltr'><strong>Deique</strong></span> <span class='ocrx_word' id='word_1_108' title='bbox 907 1780 1064 1836; x_wconf 89' lang='lat' dir='ltr'><strong>simul</strong></span> <span class='ocrx_word' id='word_1_109' title='bbox 1101 1779 1418 1849; x_wconf 84' lang='lat' dir='ltr'><strong>potentiam.</strong></span> 
     </span>
    </p>
   </div>
   <div class='ocr_carea' id='block_1_19' title="bbox 435 1933 2002 2012">
    <p class='ocr_par' dir='ltr' id='par_1_19' title="bbox 435 1933 2002 2012">
     <span class='ocr_line' id='line_1_19' title="bbox 435 1933 2002 2012; baseline -0.004 -19"><span class='ocrx_word' id='word_1_110' title='bbox 435 1938 482 1970; x_wconf 79' lang='lat'><strong>“</strong></span> <span class='ocrx_word' id='word_1_111' title='bbox 506 1937 662 2012; x_wconf 77' lang='lat' dir='ltr'><strong>Dabit</strong></span> <span class='ocrx_word' id='word_1_112' title='bbox 688 1937 768 1990; x_wconf 78' lang='lat' dir='ltr'><strong>illi</strong></span> <span class='ocrx_word' id='word_1_113' title='bbox 799 1935 1054 1990; x_wconf 78' lang='lat' dir='ltr'><strong>Dominus</strong></span> <span class='ocrx_word' id='word_1_114' title='bbox 1080 1935 1219 1990; x_wconf 76' lang='lat' dir='ltr'><strong>Dens</strong></span> <span class='ocrx_word' id='word_1_115' title='bbox 1237 1937 1410 1991; x_wconf 80' lang='lat' dir='ltr'><strong>sedem</strong></span> <span class='ocrx_word' id='word_1_116' title='bbox 1434 1933 1652 1988; x_wconf 83' lang='lat' dir='ltr'><strong>Davidis</strong></span> <span class='ocrx_word' id='word_1_117' title='bbox 1679 1934 1844 2003; x_wconf 84' lang='lat' dir='ltr'><strong>patris</strong></span> <span class='ocrx_word' id='word_1_118' title='bbox 1867 1933 2002 2009; x_wconf 79' lang='lat' dir='ltr'><strong>ejus.</strong></span> 
     </span>
    </p>
   </div>
   <div class='ocr_carea' id='block_1_20' title="bbox 507 2090 2000 2157">
    <p class='ocr_par' dir='ltr' id='par_1_20' title="bbox 507 2090 2000 2157">
     <span class='ocr_line' id='line_1_20' title="bbox 507 2090 2000 2157; baseline -0.005 -10"><span class='ocrx_word' id='word_1_119' title='bbox 507 2093 784 2147; x_wconf 86' lang='lat' dir='ltr'><strong>Thronum</strong></span> <span class='ocrx_word' id='word_1_120' title='bbox 833 2092 967 2146; x_wconf 88' lang='lat' dir='ltr'><strong>dicit</strong></span> <span class='ocrx_word' id='word_1_121' title='bbox 996 2090 1181 2144; x_wconf 82' lang='lat' dir='ltr'><strong>Davidi</strong></span> <span class='ocrx_word' id='word_1_122' title='bbox 1232 2090 1555 2151; x_wconf 90' lang='lat' dir='ltr'><strong>nuntiatum,</strong></span> <span class='ocrx_word' id='word_1_123' title='bbox 1608 2103 1782 2157; x_wconf 89' lang='lat' dir='ltr'><strong>neque</strong></span> <span class='ocrx_word' id='word_1_124' title='bbox 1823 2099 2000 2142; x_wconf 86' lang='lat' dir='ltr'><strong>tamen</strong></span> 
     </span>
    </p>
   </div>
   <div class='ocr_carea' id='block_1_21' title="bbox 435 2181 2003 2250">
    <p class='ocr_par' dir='ltr' id='par_1_21' title="bbox 435 2181 2003 2250">
     <span class='ocr_line' id='line_1_21' title="bbox 435 2181 2003 2250; baseline -0.004 -12"><span class='ocrx_word' id='word_1_125' title='bbox 435 2187 642 2239; x_wconf 72' lang='lat' dir='ltr'><strong>clatum.</strong></span> <span class='ocrx_word' id='word_1_126' title='bbox 665 2183 833 2239; x_wconf 78' lang='lat' dir='ltr'><strong>Semel</strong></span> <span class='ocrx_word' id='word_1_127' title='bbox 878 2185 1013 2238; x_wconf 88' lang='lat' dir='ltr'><strong>enim</strong></span> <span class='ocrx_word' id='word_1_128' title='bbox 1033 2223 1049 2248; x_wconf 94' lang='lat'><strong>,</strong></span> <span class='ocrx_word' id='word_1_129' title='bbox 1081 2183 1184 2247; x_wconf 80' lang='lat' dir='ltr'><strong>ait,</strong></span> <span class='ocrx_word' id='word_1_130' title='bbox 1189 2183 1366 2250; x_wconf 87' lang='lat' dir='ltr'><strong>juravi</strong></span> <span class='ocrx_word' id='word_1_131' title='bbox 1389 2183 1443 2235; x_wconf 84' lang='lat' dir='ltr'><strong>in</strong></span> <span class='ocrx_word' id='word_1_132' title='bbox 1471 2193 1652 2236; x_wconf 85' lang='lat' dir='ltr'><strong>sancto</strong></span> <span class='ocrx_word' id='word_1_133' title='bbox 1676 2199 1809 2246; x_wconf 85' lang='lat' dir='ltr'><strong>meo,</strong></span> <span class='ocrx_word' id='word_1_134' title='bbox 1825 2182 1870 2235; x_wconf 87' lang='lat' dir='ltr'><strong>si</strong></span> <span class='ocrx_word' id='word_1_135' title='bbox 1900 2181 2003 2233; x_wconf 83' lang='lat' dir='ltr'><strong>Da-</strong></span> 
     </span>
    </p>
   </div>
   <div class='ocr_carea' id='block_1_22' title="bbox 433 2274 2000 2344">
    <p class='ocr_par' dir='ltr' id='par_1_22' title="bbox 433 2274 2000 2344">
     <span class='ocr_line' id='line_1_22' title="bbox 433 2274 2000 2344; baseline -0.005 -14"><span class='ocrx_word' id='word_1_136' title='bbox 433 2277 546 2330; x_wconf 72' lang='lat' dir='ltr'><strong>vidi</strong></span> <span class='ocrx_word' id='word_1_137' title='bbox 597 2276 826 2330; x_wconf 87' lang='lat' dir='ltr'><strong>mentiar</strong></span> <span class='ocrx_word' id='word_1_138' title='bbox 866 2288 885 2326; x_wconf 91' lang='lat'><strong><em>:</em></strong></span> <span class='ocrx_word' id='word_1_139' title='bbox 938 2291 1110 2328; x_wconf 80' lang='lat' dir='ltr'><strong>semen</strong></span> <span class='ocrx_word' id='word_1_140' title='bbox 1146 2274 1261 2344; x_wconf 83' lang='lat' dir='ltr'><strong>ejus</strong></span> <span class='ocrx_word' id='word_1_141' title='bbox 1313 2282 1486 2326; x_wconf 81' lang='lat' dir='ltr'><strong>ntanet</strong></span> <span class='ocrx_word' id='word_1_142' title='bbox 1523 2277 1576 2325; x_wconf 88' lang='lat' dir='ltr'><strong>in</strong></span> <span class='ocrx_word' id='word_1_143' title='bbox 1605 2282 1862 2325; x_wconf 64' lang='lat' dir='ltr'><strong>externum</strong></span> <span class='ocrx_word' id='word_1_144' title='bbox 1892 2287 1912 2326; x_wconf 89' lang='lat'><strong><em>:</em></strong></span> <span class='ocrx_word' id='word_1_145' title='bbox 1951 2282 2000 2325; x_wconf 87' lang='lat' dir='ltr'><strong>et</strong></span> 
     </span>
    </p>
   </div>
   <div class='ocr_carea' id='block_1_23' title="bbox 435 2365 1999 2443">
    <p class='ocr_par' dir='ltr' id='par_1_23' title="bbox 435 2365 1999 2443">
     <span class='ocr_line' id='line_1_23' title="bbox 435 2365 1999 2443; baseline -0.002 -23"><span class='ocrx_word' id='word_1_146' title='bbox 435 2369 652 2422; x_wconf 68' lang='lat' dir='ltr'><strong>thronus</strong></span> <span class='ocrx_word' id='word_1_147' title='bbox 684 2367 797 2437; x_wconf 83' lang='lat' dir='ltr'><strong>ejus</strong></span> <span class='ocrx_word' id='word_1_148' title='bbox 828 2369 964 2420; x_wconf 81' lang='lat' dir='ltr'><strong>sicut</strong></span> <span class='ocrx_word' id='word_1_149' title='bbox 993 2365 1074 2420; x_wconf 83' lang='lat' dir='ltr'><strong>sol</strong></span> <span class='ocrx_word' id='word_1_150' title='bbox 1101 2367 1154 2420; x_wconf 87' lang='lat' dir='ltr'><strong>in</strong></span> <span class='ocrx_word' id='word_1_151' title='bbox 1188 2374 1466 2443; x_wconf 67' lang='lat' dir='ltr'><strong>conspectu</strong></span> <span class='ocrx_word' id='word_1_152' title='bbox 1505 2381 1641 2418; x_wconf 84' lang='lat' dir='ltr'><strong>meo.</strong></span> <span class='ocrx_word' id='word_1_153' title='bbox 1671 2365 1737 2419; x_wconf 88' lang='lat' dir='ltr'><strong>Et</strong></span> <span class='ocrx_word' id='word_1_154' title='bbox 1765 2380 1954 2419; x_wconf 85' lang='lat' dir='ltr'><strong>rursus</strong></span> <span class='ocrx_word' id='word_1_155' title='bbox 1984 2383 1999 2416; x_wconf 86' lang='lat'><strong>:</strong></span> 
     </span>
    </p>
   </div>
   <div class='ocr_carea' id='block_1_24' title="bbox 431 2456 1998 2529">
    <p class='ocr_par' dir='ltr' id='par_1_24' title="bbox 431 2456 1998 2529">
     <span class='ocr_line' id='line_1_24' title="bbox 431 2456 1998 2529; baseline -0.003 -15"><span class='ocrx_word' id='word_1_156' title='bbox 431 2461 622 2515; x_wconf 80' lang='lat' dir='ltr'><strong>Juraoi</strong></span> <span class='ocrx_word' id='word_1_157' title='bbox 656 2459 848 2515; x_wconf 85' lang='lat' dir='ltr'><strong>Daoidi</strong></span> <span class='ocrx_word' id='word_1_158' title='bbox 879 2476 1023 2514; x_wconf 80' lang='lat' dir='ltr'><strong>servo</strong></span> <span class='ocrx_word' id='word_1_159' title='bbox 1070 2475 1202 2523; x_wconf 84' lang='lat' dir='ltr'><strong>meo,</strong></span> <span class='ocrx_word' id='word_1_160' title='bbox 1229 2456 1400 2529; x_wconf 82' lang='lat' dir='ltr'><strong>Usque</strong></span> <span class='ocrx_word' id='word_1_161' title='bbox 1427 2459 1484 2512; x_wconf 81' lang='lat' dir='ltr'><strong>in</strong></span> <span class='ocrx_word' id='word_1_162' title='bbox 1512 2469 1762 2512; x_wconf 77' lang='lat' dir='ltr'><strong>aeternum</strong></span> <span class='ocrx_word' id='word_1_163' title='bbox 1791 2474 1998 2526; x_wconf 67' lang='lat' dir='ltr'><strong>praepa-</strong></span> 
     </span>
    </p>
   </div>
   <div class='ocr_carea' id='block_1_25' title="bbox 434 2551 1997 2622">
    <p class='ocr_par' dir='ltr' id='par_1_25' title="bbox 434 2551 1997 2622">
     <span class='ocr_line' id='line_1_25' title="bbox 434 2551 1997 2622; baseline -0.002 -16"><span class='ocrx_word' id='word_1_164' title='bbox 434 2556 561 2609; x_wconf 82' lang='lat' dir='ltr'><strong>rabo</strong></span> <span class='ocrx_word' id='word_1_165' title='bbox 606 2565 784 2609; x_wconf 78' lang='lat' dir='ltr'><strong>semen</strong></span> <span class='ocrx_word' id='word_1_166' title='bbox 815 2564 985 2617; x_wconf 84' lang='lat' dir='ltr'><strong>tuum,</strong></span> <span class='ocrx_word' id='word_1_167' title='bbox 1017 2562 1064 2606; x_wconf 84' lang='lat' dir='ltr'><strong>et</strong></span> <span class='ocrx_word' id='word_1_168' title='bbox 1097 2551 1370 2619; x_wconf 74' lang='lat' dir='ltr'><strong>wdiﬁcabo</strong></span> <span class='ocrx_word' id='word_1_169' title='bbox 1426 2553 1484 2605; x_wconf 85' lang='lat' dir='ltr'><strong>in</strong></span> <span class='ocrx_word' id='word_1_170' title='bbox 1521 2553 1908 2622; x_wconf 81' lang='lat' dir='ltr'><strong>generationem</strong></span> <span class='ocrx_word' id='word_1_171' title='bbox 1948 2559 1997 2604; x_wconf 89' lang='lat' dir='ltr'><strong>et</strong></span> 
     </span>
    </p>
   </div>
   <div class='ocr_carea' id='block_1_26' title="bbox 434 2643 1999 2717">
    <p class='ocr_par' dir='ltr' id='par_1_26' title="bbox 434 2643 1999 2717">
     <span class='ocr_line' id='line_1_26' title="bbox 434 2643 1999 2717; baseline -0.004 -15"><span class='ocrx_word' id='word_1_172' title='bbox 434 2648 825 2717; x_wconf 79' lang='lat' dir='ltr'><strong>generationem</strong></span> <span class='ocrx_word' id='word_1_173' title='bbox 863 2648 1113 2702; x_wconf 85' lang='lat' dir='ltr'><strong>thronum</strong></span> <span class='ocrx_word' id='word_1_174' title='bbox 1144 2655 1293 2699; x_wconf 81' lang='lat' dir='ltr'><strong>tuum</strong></span> <span class='ocrx_word' id='word_1_175' title='bbox 1317 2644 1382 2698; x_wconf 65' lang='grc'><strong>⁸⁷.</strong></span> <span class='ocrx_word' id='word_1_176' title='bbox 1411 2646 1586 2714; x_wconf 78' lang='lat' dir='ltr'><strong>Atque</strong></span> <span class='ocrx_word' id='word_1_177' title='bbox 1613 2644 1727 2700; x_wconf 70' lang='lat' dir='ltr'><strong>haec</strong></span> <span class='ocrx_word' id='word_1_178' title='bbox 1756 2644 1897 2698; x_wconf 83' lang='lat' dir='ltr'><strong>haud</strong></span> <span class='ocrx_word' id='word_1_179' title='bbox 1933 2643 1999 2696; x_wconf 89' lang='lat' dir='ltr'><strong>de</strong></span> 
     </span>
    </p>
   </div>
   <div class='ocr_carea' id='block_1_27' title="bbox 432 2737 1999 2810">
    <p class='ocr_par' dir='ltr' id='par_1_27' title="bbox 432 2737 1999 2810">
     <span class='ocr_line' id='line_1_27' title="bbox 432 2737 1999 2810; baseline -0.004 -12"><span class='ocrx_word' id='word_1_180' title='bbox 432 2757 629 2798; x_wconf 87' lang='lat' dir='ltr'><strong>carnea</strong></span> <span class='ocrx_word' id='word_1_181' title='bbox 676 2742 844 2810; x_wconf 88' lang='lat' dir='ltr'><strong>stirpe</strong></span> <span class='ocrx_word' id='word_1_182' title='bbox 891 2740 1266 2809; x_wconf 88' lang='lat' dir='ltr'><strong>dicit,.neque</strong></span> <span class='ocrx_word' id='word_1_183' title='bbox 1307 2739 1375 2794; x_wconf 89' lang='lat' dir='ltr'><strong>de</strong></span> <span class='ocrx_word' id='word_1_184' title='bbox 1421 2737 1619 2794; x_wconf 87' lang='lat' dir='ltr'><strong>visibili</strong></span> <span class='ocrx_word' id='word_1_185' title='bbox 1652 2739 1870 2805; x_wconf 90' lang='lat' dir='ltr'><strong>throno,</strong></span> <span class='ocrx_word' id='word_1_186' title='bbox 1905 2738 1999 2791; x_wconf 88' lang='lat' dir='ltr'><strong>sed</strong></span> 
     </span>
    </p>
   </div>
   <div class='ocr_carea' id='block_1_28' title="bbox 434 2830 1995 2904">
    <p class='ocr_par' dir='ltr' id='par_1_28' title="bbox 434 2830 1995 2904">
     <span class='ocr_line' id='line_1_28' title="bbox 434 2830 1995 2904; baseline -0.001 -16"><span class='ocrx_word' id='word_1_187' title='bbox 434 2835 502 2888; x_wconf 84' lang='lat' dir='ltr'><strong>de</strong></span> <span class='ocrx_word' id='word_1_188' title='bbox 535 2834 627 2889; x_wconf 92' lang='lat' dir='ltr'><strong>illo</strong></span> <span class='ocrx_word' id='word_1_189' title='bbox 654 2849 815 2903; x_wconf 89' lang='lat' dir='ltr'><strong>quem</strong></span> <span class='ocrx_word' id='word_1_190' title='bbox 852 2833 1077 2904; x_wconf 81' lang='lat' dir='ltr'><strong>angelus</strong></span> <span class='ocrx_word' id='word_1_191' title='bbox 1106 2838 1376 2889; x_wconf 81' lang='lat' dir='ltr'><strong>memorat</strong></span> <span class='ocrx_word' id='word_1_192' title='bbox 1407 2847 1528 2886; x_wconf 90' lang='lat' dir='ltr'><strong>cum</strong></span> <span class='ocrx_word' id='word_1_193' title='bbox 1555 2830 1720 2885; x_wconf 82' lang='lat' dir='ltr'><strong>Maria</strong></span> <span class='ocrx_word' id='word_1_194' title='bbox 1750 2830 1995 2902; x_wconf 87' lang='lat' dir='ltr'><strong>loquens,</strong></span> 
     </span>
    </p>
   </div>
   <div class='ocr_carea' id='block_1_29' title="bbox 436 2923 1998 2995">
    <p class='ocr_par' dir='ltr' id='par_1_29' title="bbox 436 2923 1998 2995">
     <span class='ocr_line' id='line_1_29' title="bbox 436 2923 1998 2995; baseline -0.001 -15"><span class='ocrx_word' id='word_1_195' title='bbox 436 2925 529 2994; x_wconf 83' lang='lat' dir='ltr'><strong>qui</strong></span> <span class='ocrx_word' id='word_1_196' title='bbox 557 2925 693 2980; x_wconf 87' lang='lat' dir='ltr'><strong>nihil</strong></span> <span class='ocrx_word' id='word_1_197' title='bbox 729 2925 1022 2994; x_wconf 73' lang='lat' dir='ltr'><strong>temporale</strong></span> <span class='ocrx_word' id='word_1_198' title='bbox 1055 2924 1238 2989; x_wconf 80' lang='lat' dir='ltr'><strong>habet,</strong></span> <span class='ocrx_word' id='word_1_199' title='bbox 1271 2925 1364 2995; x_wconf 89' lang='lat' dir='ltr'><strong>qui</strong></span> <span class='ocrx_word' id='word_1_200' title='bbox 1400 2923 1538 2980; x_wconf 88' lang='lat' dir='ltr'><strong>lucis</strong></span> <span class='ocrx_word' id='word_1_201' title='bbox 1573 2925 1748 2980; x_wconf 88' lang='lat' dir='ltr'><strong>instar</strong></span> <span class='ocrx_word' id='word_1_202' title='bbox 1781 2924 1834 2978; x_wconf 93' lang='lat' dir='ltr'><strong>in</strong></span> <span class='ocrx_word' id='word_1_203' title='bbox 1867 2925 1998 2980; x_wconf 88' lang='lat' dir='ltr'><strong>orbe</strong></span> 
     </span>
    </p>
   </div>
   <div class='ocr_carea' id='block_1_30' title="bbox 431 3015 1998 3087">
    <p class='ocr_par' dir='ltr' id='par_1_30' title="bbox 431 3015 1998 3087">
     <span class='ocr_line' id='line_1_30' title="bbox 431 3015 1998 3087; baseline -0.002 -16"><span class='ocrx_word' id='word_1_204' title='bbox 431 3019 688 3073; x_wconf 83' lang='lat' dir='ltr'><strong>universo</strong></span> <span class='ocrx_word' id='word_1_205' title='bbox 716 3016 1003 3087; x_wconf 89' lang='lat' dir='ltr'><strong>splendet,</strong></span> <span class='ocrx_word' id='word_1_206' title='bbox 1036 3017 1235 3086; x_wconf 86' lang='lat' dir='ltr'><strong>quique</strong></span> <span class='ocrx_word' id='word_1_207' title='bbox 1277 3015 1489 3071; x_wconf 89' lang='lat' dir='ltr'><strong>animas</strong></span> <span class='ocrx_word' id='word_1_208' title='bbox 1530 3015 1850 3085; x_wconf 86' lang='lat' dir='ltr'><strong>spiritaliter</strong></span> <span class='ocrx_word' id='word_1_209' title='bbox 1876 3015 1998 3070; x_wconf 79' lang='lat' dir='ltr'><strong>illu-</strong></span> 
     </span>
    </p>
   </div>
   <div class='ocr_carea' id='block_1_31' title="bbox 1148 262 3674 332">
    <p class='ocr_par' dir='ltr' id='par_1_31' title="bbox 1148 262 3674 332">
     <span class='ocr_line' id='line_1_31' title="bbox 1148 262 3674 332; baseline 0 -4"><span class='ocrx_word' id='word_1_210' title='bbox 1148 273 1420 330; x_wconf 79' lang='lat' dir='ltr'><strong>EUSEBll</strong></span> <span class='ocrx_word' id='word_1_211' title='bbox 1455 273 1928 332; x_wconf 69' lang='lat' dir='ltr'><strong>CASSARlE-NSIS</strong></span> <span class='ocrx_word' id='word_1_212' title='bbox 1965 262 2120 331; x_wconf 65' lang='lat' dir='ltr'><strong>ore.</strong></span> <span class='ocrx_word' id='word_1_213' title='bbox 2156 275 2335 330; x_wconf 69' lang='lat' dir='ltr'><strong>mus</strong></span> <span class='ocrx_word' id='word_1_214' title='bbox 2371 275 2461 331; x_wconf 87' lang='lat' dir='ltr'><strong>In.</strong></span> <span class='ocrx_word' id='word_1_215' title='bbox 2496 308 2565 318; x_wconf 88' lang='lat'><strong><em>—</em></strong></span> <span class='ocrx_word' id='word_1_216' title='bbox 2602 276 3012 332; x_wconf 75' lang='lat' dir='ltr'><strong>EXECETHZA.</strong></span> <span class='ocrx_word' id='word_1_217' title='bbox 3574 278 3674 330; x_wconf 63' lang='grc' dir='ltr'><strong>δεῖ</strong></span> 
     </span>
    </p>
   </div>
   <div class='ocr_carea' id='block_1_32' title="bbox 2874 387 3674 460">
    <p class='ocr_par' dir='ltr' id='par_1_32' title="bbox 2874 387 3674 460">
     <span class='ocr_line' id='line_1_32' title="bbox 2874 387 3674 460; baseline 0.003 -20"><span class='ocrx_word' id='word_1_218' title='bbox 2874 407 2893 440; x_wconf 75' lang='grc' dir='ltr'><strong>ι</strong></span> <span class='ocrx_word' id='word_1_219' title='bbox 2927 388 3020 442; x_wconf 76' lang='grc' dir='ltr'>καὶ</span> <span class='ocrx_word' id='word_1_220' title='bbox 3055 391 3087 460; x_wconf 87' lang='grc' dir='ltr'>ὴ</span> <span class='ocrx_word' id='word_1_221' title='bbox 3121 389 3304 460; x_wconf 78' lang='grc' dir='ltr'>Σάρρα</span> <span class='ocrx_word' id='word_1_222' title='bbox 3329 389 3386 442; x_wconf 80' lang='grc' dir='ltr'>δὲ</span> <span class='ocrx_word' id='word_1_223' title='bbox 3411 387 3674 457; x_wconf 82' lang='grc' dir='ltr'>γελάσασα</span> 
     </span>
    </p>
   </div>
   <div class='ocr_carea' id='block_1_33' title="bbox 2114 477 3675 550">
    <p class='ocr_par' dir='ltr' id='par_1_33' title="bbox 2114 477 3675 550">
     <span class='ocr_line' id='line_1_33' title="bbox 2114 477 3675 550; baseline 0 -21"><span class='ocrx_word' id='word_1_224' title='bbox 2114 477 2368 549; x_wconf 72' lang='grc' dir='ltr'>ἐμέμφθη</span> <span class='ocrx_word' id='word_1_225' title='bbox 2418 480 2563 533; x_wconf 81' lang='grc' dir='ltr'>τότε.</span> <span class='ocrx_word' id='word_1_226' title='bbox 2616 481 2751 532; x_wconf 78' lang='grc' dir='ltr'>Ποτὲ</span> <span class='ocrx_word' id='word_1_227' title='bbox 2803 481 2898 550; x_wconf 83' lang='grc' dir='ltr'>μὲν</span> <span class='ocrx_word' id='word_1_228' title='bbox 2949 479 3056 550; x_wconf 79' lang='grc' dir='ltr'><strong>γὰρ</strong></span> <span class='ocrx_word' id='word_1_229' title='bbox 3110 479 3251 550; x_wconf 83' lang='grc' dir='ltr'>λόγῳ</span> <span class='ocrx_word' id='word_1_230' title='bbox 3287 479 3432 549; x_wconf 76' lang='grc' dir='ltr'>μόνῳ</span> <span class='ocrx_word' id='word_1_231' title='bbox 3474 480 3502 530; x_wconf 85' lang='grc' dir='ltr'>ὁ</span> <span class='ocrx_word' id='word_1_232' title='bbox 3549 477 3675 540; x_wconf 76' lang='grc' dir='ltr'>Θεὸς</span> 
     </span>
    </p>
   </div>
   <div class='ocr_carea' id='block_1_34' title="bbox 2115 562 3678 640">
    <p class='ocr_par' dir='ltr' id='par_1_34' title="bbox 2115 562 3678 640">
     <span class='ocr_line' id='line_1_34' title="bbox 2115 562 3678 640; baseline 0 -21"><span class='ocrx_word' id='word_1_233' title='bbox 2115 568 2412 638; x_wconf 80' lang='grc' dir='ltr'>μέμφεται,</span> <span class='ocrx_word' id='word_1_234' title='bbox 2444 569 2571 622; x_wconf 81' lang='grc' dir='ltr'>ποτὲ</span> <span class='ocrx_word' id='word_1_235' title='bbox 2621 569 2678 622; x_wconf 83' lang='grc' dir='ltr'>δὲ</span> <span class='ocrx_word' id='word_1_236' title='bbox 2717 570 2807 624; x_wconf 66' lang='grc' dir='ltr'><strong>καὶ</strong></span> <span class='ocrx_word' id='word_1_237' title='bbox 2857 569 2998 640; x_wconf 73' lang='grc' dir='ltr'>ἔργῳ</span> <span class='ocrx_word' id='word_1_238' title='bbox 3051 569 3293 639; x_wconf 80' lang='grc' dir='ltr'>ἐπιτιμᾷ.</span> <span class='ocrx_word' id='word_1_239' title='bbox 3341 566 3542 620; x_wconf 79' lang='grc' dir='ltr'><strong>Τούτου</strong></span> <span class='ocrx_word' id='word_1_240' title='bbox 3587 562 3678 620; x_wconf 81' lang='grc' dir='ltr'><strong>οῦν</strong></span> 
     </span>
    </p>
   </div>
   <div class='ocr_carea' id='block_1_35' title="bbox 2110 653 3680 732">
    <p class='ocr_par' dir='ltr' id='par_1_35' title="bbox 2110 653 3680 732">
     <span class='ocr_line' id='line_1_35' title="bbox 2110 653 3680 732; baseline -0.001 -19"><span class='ocrx_word' id='word_1_241' title='bbox 2110 661 2269 732; x_wconf 82' lang='grc' dir='ltr'>χάριν</span> <span class='ocrx_word' id='word_1_242' title='bbox 2305 663 2398 715; x_wconf 73' lang='grc' dir='ltr'><strong>καὶ</strong></span> <span class='ocrx_word' id='word_1_243' title='bbox 2421 661 2498 731; x_wconf 80' lang='grc' dir='ltr'>τῷ</span> <span class='ocrx_word' id='word_1_244' title='bbox 2530 661 2774 732; x_wconf 72' lang='grc' dir='ltr'>Ζαχαρία</span> <span class='ocrx_word' id='word_1_245' title='bbox 2803 662 2866 714; x_wconf 69' lang='grc' dir='ltr'>δι’</span> <span class='ocrx_word' id='word_1_246' title='bbox 2896 661 3055 732; x_wconf 75' lang='grc' dir='ltr'>ἔργου</span> <span class='ocrx_word' id='word_1_247' title='bbox 3102 653 3427 730; x_wconf 74' lang='grc' dir='ltr'>ἐπετίμησε,</span> <span class='ocrx_word' id='word_1_248' title='bbox 3459 660 3554 713; x_wconf 74' lang='grc' dir='ltr'>καὶ</span> <span class='ocrx_word' id='word_1_249' title='bbox 3599 661 3680 722; x_wconf 81' lang='grc' dir='ltr'><strong>εἰς</strong></span> 
     </span>
    </p>
   </div>
   <div class='ocr_carea' id='block_1_36' title="bbox 2110 749 3679 823">
    <p class='ocr_par' dir='ltr' id='par_1_36' title="bbox 2110 749 3679 823">
     <span class='ocr_line' id='line_1_36' title="bbox 2110 749 3679 823; baseline 0 -19"><span class='ocrx_word' id='word_1_250' title='bbox 2110 753 2402 823; x_wconf 72' lang='grc' dir='ltr'><strong>κωφότητα</strong></span> <span class='ocrx_word' id='word_1_251' title='bbox 2437 753 2528 806; x_wconf 73' lang='grc' dir='ltr'>καὶ</span> <span class='ocrx_word' id='word_1_252' title='bbox 2572 752 2812 820; x_wconf 80' lang='grc' dir='ltr'><strong>ἀφωνίαν</strong></span> <span class='ocrx_word' id='word_1_253' title='bbox 2857 753 3016 805; x_wconf 81' lang='grc' dir='ltr'>αὑτὸν</span> <span class='ocrx_word' id='word_1_254' title='bbox 3063 752 3454 823; x_wconf 80' lang='grc' dir='ltr'><strong>περιέστησεν·</strong></span> <span class='ocrx_word' id='word_1_255' title='bbox 3511 749 3679 820; x_wconf 74' lang='grc' dir='ltr'>ἐχρῆν</span> 
     </span>
    </p>
   </div>
   <div class='ocr_carea' id='block_1_37' title="bbox 2108 842 3678 916">
    <p class='ocr_par' dir='ltr' id='par_1_37' title="bbox 2108 842 3678 916">
     <span class='ocr_line' id='line_1_37' title="bbox 2108 842 3678 916; baseline -0.002 -19"><span class='ocrx_word' id='word_1_256' title='bbox 2108 845 2216 915; x_wconf 79' lang='grc' dir='ltr'>γὰρ</span> <span class='ocrx_word' id='word_1_257' title='bbox 2279 847 2438 899; x_wconf 81' lang='grc' dir='ltr'>αὑτὸν</span> <span class='ocrx_word' id='word_1_258' title='bbox 2485 845 2572 900; x_wconf 83' lang='grc' dir='ltr'>διὰ</span> <span class='ocrx_word' id='word_1_259' title='bbox 2630 844 2737 898; x_wconf 83' lang='grc' dir='ltr'><strong>τῶν</strong></span> <span class='ocrx_word' id='word_1_260' title='bbox 2807 845 3086 916; x_wconf 82' lang='grc' dir='ltr'><strong>προτέρων</strong></span> <span class='ocrx_word' id='word_1_261' title='bbox 3150 843 3517 906; x_wconf 84' lang='grc' dir='ltr'>παιδεύεσθαι,</span> <span class='ocrx_word' id='word_1_262' title='bbox 3585 842 3678 895; x_wconf 75' lang='grc' dir='ltr'>καὶ</span> 
     </span>
    </p>
   </div>
   <div class='ocr_carea' id='block_1_38' title="bbox 2106 933 3674 1009">
    <p class='ocr_par' dir='ltr' id='par_1_38' title="bbox 2106 933 3674 1009">
     <span class='ocr_line' id='line_1_38' title="bbox 2106 933 3674 1009; baseline -0.002 -20"><span class='ocrx_word' id='word_1_263' title='bbox 2106 938 2203 1008; x_wconf 78' lang='grc' dir='ltr'>τὴν</span> <span class='ocrx_word' id='word_1_264' title='bbox 2246 939 2382 1008; x_wconf 77' lang='grc' dir='ltr'>πρὸς</span> <span class='ocrx_word' id='word_1_265' title='bbox 2436 940 2562 1002; x_wconf 76' lang='grc' dir='ltr'>τοὺς</span> <span class='ocrx_word' id='word_1_266' title='bbox 2622 939 2864 1009; x_wconf 80' lang='grc' dir='ltr'><strong>πατέρας</strong></span> <span class='ocrx_word' id='word_1_267' title='bbox 2923 937 3131 1009; x_wconf 73' lang='grc' dir='ltr'>μέμψιν</span> <span class='ocrx_word' id='word_1_268' title='bbox 3189 936 3471 994; x_wconf 76' lang='grc' dir='ltr'>παίδευσιν</span> <span class='ocrx_word' id='word_1_269' title='bbox 3539 933 3674 988; x_wconf 86' lang='grc' dir='ltr'>ἰδίαν</span> 
     </span>
    </p>
   </div>
   <div class='ocr_carea' id='block_1_39' title="bbox 2109 1016 3160 1101">
    <p class='ocr_par' dir='ltr' id='par_1_39' title="bbox 2109 1016 3160 1101">
     <span class='ocr_line' id='line_1_39' title="bbox 2109 1016 3160 1101; baseline 0.008 -20"><span class='ocrx_word' id='word_1_270' title='bbox 2109 1029 2458 1101; x_wconf 73' lang='grc' dir='ltr'>ποιήσασθαι.</span> <span class='ocrx_word' id='word_1_271' title='bbox 3152 1016 3160 1022; x_wconf 49' lang='grc'><em>’</em></span> 
     </span>
    </p>
   </div>
   <div class='ocr_carea' id='block_1_40' title="bbox 2606 1210 3201 1282">
    <p class='ocr_par' dir='ltr' id='par_1_40' title="bbox 2606 1210 3201 1282">
     <span class='ocr_line' id='line_1_40' title="bbox 2606 1210 3201 1282; baseline 0.002 -17"><span class='ocrx_word' id='word_1_272' title='bbox 2606 1211 2751 1282; x_wconf 74' lang='grc' dir='ltr'>Ἐγώ</span> <span class='ocrx_word' id='word_1_273' title='bbox 2779 1214 2892 1276; x_wconf 77' lang='grc' dir='ltr'>εἰμι</span> <span class='ocrx_word' id='word_1_274' title='bbox 2923 1210 3201 1279; x_wconf 78' lang='grc' dir='ltr'>Γαϐριήλ.</span> 
     </span>
    </p>
   </div>
   <div class='ocr_carea' id='block_1_41' title="bbox 2178 1293 3674 1371">
    <p class='ocr_par' dir='ltr' id='par_1_41' title="bbox 2178 1293 3674 1371">
     <span class='ocr_line' id='line_1_41' title="bbox 2178 1293 3674 1371; baseline -0.003 -21"><span class='ocrx_word' id='word_1_275' title='bbox 2178 1298 2242 1350; x_wconf 82' lang='grc' dir='ltr'>Τί</span> <span class='ocrx_word' id='word_1_276' title='bbox 2267 1293 2359 1350; x_wconf 79' lang='grc' dir='ltr'><strong>οῦν</strong></span> <span class='ocrx_word' id='word_1_277' title='bbox 2388 1315 2518 1366; x_wconf 73' lang='grc' dir='ltr'>φησι</span> <span class='ocrx_word' id='word_1_278' title='bbox 2540 1299 2674 1369; x_wconf 74' lang='grc' dir='ltr'>πρὸς</span> <span class='ocrx_word' id='word_1_279' title='bbox 2712 1301 2870 1353; x_wconf 81' lang='grc' dir='ltr'>αὐτὸν</span> <span class='ocrx_word' id='word_1_280' title='bbox 2897 1301 2925 1352; x_wconf 85' lang='grc' dir='ltr'>ὁ</span> <span class='ocrx_word' id='word_1_281' title='bbox 2967 1299 3230 1368; x_wconf 76' lang='grc' dir='ltr'>ἅγγελοςς</span> <span class='ocrx_word' id='word_1_282' title='bbox 3273 1299 3539 1368; x_wconf 78' lang='grc' dir='ltr'>Ἀγγέλῳ,.</span> <span class='ocrx_word' id='word_1_283' title='bbox 3571 1316 3674 1371; x_wconf 83' lang='grc' dir='ltr'><strong>φη-</strong></span> 
     </span>
    </p>
   </div>
   <div class='ocr_carea' id='block_1_42' title="bbox 2110 1388 3672 1464">
    <p class='ocr_par' dir='ltr' id='par_1_42' title="bbox 2110 1388 3672 1464">
     <span class='ocr_line' id='line_1_42' title="bbox 2110 1388 3672 1464; baseline 0.002 -25"><span class='ocrx_word' id='word_1_284' title='bbox 2110 1388 2214 1464; x_wconf 70' lang='grc' dir='ltr'>σιν,</span> <span class='ocrx_word' id='word_1_285' title='bbox 2248 1389 2513 1450; x_wconf 81' lang='grc' dir='ltr'>ἀπιστεῖς,</span> <span class='ocrx_word' id='word_1_286' title='bbox 2552 1388 2610 1451; x_wconf 84' lang='grc' dir='ltr'>ὃς</span> <span class='ocrx_word' id='word_1_287' title='bbox 2635 1389 2942 1459; x_wconf 76' lang='grc' dir='ltr'><strong>παρέστηκε</strong></span> <span class='ocrx_word' id='word_1_288' title='bbox 2972 1388 3126 1459; x_wconf 83' lang='grc' dir='ltr'>Θεῷ;</span> <span class='ocrx_word' id='word_1_289' title='bbox 3163 1389 3255 1441; x_wconf 73' lang='grc' dir='ltr'>καὶ</span> <span class='ocrx_word' id='word_1_290' title='bbox 3294 1390 3353 1441; x_wconf 79' lang='grc' dir='ltr'>οὐ</span> <span class='ocrx_word' id='word_1_291' title='bbox 3401 1388 3672 1452; x_wconf 82' lang='grc' dir='ltr'><strong>πιστεύεις</strong></span> 
     </span>
    </p>
   </div>
   <div class='ocr_carea' id='block_1_43' title="bbox 2105 1478 3673 1553">
    <p class='ocr_par' dir='ltr' id='par_1_43' title="bbox 2105 1478 3673 1553">
     <span class='ocr_line' id='line_1_43' title="bbox 2105 1478 3673 1553; baseline 0.001 -19"><span class='ocrx_word' id='word_1_292' title='bbox 2105 1478 2182 1551; x_wconf 80' lang='grc' dir='ltr'>τῷ</span> <span class='ocrx_word' id='word_1_293' title='bbox 2213 1480 2610 1544; x_wconf 78' lang='grc' dir='ltr'>ἀποστείλαντι,</span> <span class='ocrx_word' id='word_1_294' title='bbox 2641 1480 2774 1534; x_wconf 77' lang='grc' dir='ltr'>ἀλλὰ</span> <span class='ocrx_word' id='word_1_295' title='bbox 2797 1483 2930 1552; x_wconf 76' lang='grc' dir='ltr'>πρὸς</span> <span class='ocrx_word' id='word_1_296' title='bbox 2949 1481 3046 1552; x_wconf 83' lang='grc' dir='ltr'>τὴν</span> <span class='ocrx_word' id='word_1_297' title='bbox 3071 1481 3160 1534; x_wconf 88' lang='grc' dir='ltr'><strong>τοῦ</strong></span> <span class='ocrx_word' id='word_1_298' title='bbox 3193 1481 3514 1553; x_wconf 82' lang='grc' dir='ltr'>πράγματος</span> <span class='ocrx_word' id='word_1_299' title='bbox 3551 1482 3673 1535; x_wconf 83' lang='grc' dir='ltr'>ἀδυ-</span> 
     </span>
    </p>
   </div>
   <div class='ocr_carea' id='block_1_44' title="bbox 2106 1573 3671 1646">
    <p class='ocr_par' dir='ltr' id='par_1_44' title="bbox 2106 1573 3671 1646">
     <span class='ocr_line' id='line_1_44' title="bbox 2106 1573 3671 1646; baseline -0.001 -17"><span class='ocrx_word' id='word_1_300' title='bbox 2106 1575 2306 1646; x_wconf 82' lang='grc' dir='ltr'>ναμίαν</span> <span class='ocrx_word' id='word_1_301' title='bbox 2366 1573 2615 1643; x_wconf 85' lang='grc' dir='ltr'>βλέπεις;</span> <span class='ocrx_word' id='word_1_302' title='bbox 2660 1574 2867 1628; x_wconf 78' lang='grc' dir='ltr'>Οὐκοῦν</span> <span class='ocrx_word' id='word_1_303' title='bbox 2920 1574 3007 1628; x_wconf 90' lang='grc' dir='ltr'><strong>διά</strong></span> <span class='ocrx_word' id='word_1_304' title='bbox 3049 1575 3144 1646; x_wconf 83' lang='grc' dir='ltr'>τὴν</span> <span class='ocrx_word' id='word_1_305' title='bbox 3191 1574 3415 1628; x_wconf 82' lang='grc' dir='ltr'>ἄπιστον</span> <span class='ocrx_word' id='word_1_306' title='bbox 3471 1575 3671 1646; x_wconf 76' lang='grc' dir='ltr'>ταύτην</span> 
     </span>
    </p>
   </div>
   <div class='ocr_carea' id='block_1_45' title="bbox 2109 1665 3673 1740">
    <p class='ocr_par' dir='ltr' id='par_1_45' title="bbox 2109 1665 3673 1740">
     <span class='ocr_line' id='line_1_45' title="bbox 2109 1665 3673 1740; baseline 0 -20"><span class='ocrx_word' id='word_1_307' title='bbox 2109 1666 2304 1738; x_wconf 76' lang='grc' dir='ltr'>φωνὴν</span> <span class='ocrx_word' id='word_1_308' title='bbox 2334 1665 2679 1740; x_wconf 74' lang='grc' dir='ltr'>ἀφαιρεθήσῃ</span> <span class='ocrx_word' id='word_1_309' title='bbox 2727 1667 2827 1736; x_wconf 77' lang='grc' dir='ltr'>τῆς</span> <span class='ocrx_word' id='word_1_310' title='bbox 2857 1667 3041 1737; x_wconf 78' lang='grc' dir='ltr'>φωνῆς</span> <span class='ocrx_word' id='word_1_311' title='bbox 3073 1668 3176 1731; x_wconf 75' lang='grc' dir='ltr'>ἕως</span> <span class='ocrx_word' id='word_1_312' title='bbox 3212 1667 3304 1720; x_wconf 87' lang='grc' dir='ltr'><strong>τοῦ</strong></span> <span class='ocrx_word' id='word_1_313' title='bbox 3351 1668 3673 1738; x_wconf 80' lang='grc' dir='ltr'>πράγματος</span> 
     </span>
    </p>
   </div>
   <div class='ocr_carea' id='block_1_46' title="bbox 2035 1749 3676 1829">
    <p class='ocr_par' dir='ltr' id='par_1_46' title="bbox 2035 1749 3676 1829">
     <span class='ocr_line' id='line_1_46' title="bbox 2035 1749 3676 1829; baseline -0.001 -18"><span class='ocrx_word' id='word_1_314' title='bbox 2035 1749 2078 1803; x_wconf 81' lang='grc' dir='ltr'><strong><em>Β</em></strong></span> <span class='ocrx_word' id='word_1_315' title='bbox 2108 1757 2504 1829; x_wconf 75' lang='grc' dir='ltr'><strong>πληρωθέντος,</strong></span> <span class='ocrx_word' id='word_1_316' title='bbox 2534 1759 2694 1826; x_wconf 79' lang='grc' dir='ltr'>γνοὺς</span> <span class='ocrx_word' id='word_1_317' title='bbox 2724 1759 2818 1811; x_wconf 75' lang='grc' dir='ltr'>καὶ</span> <span class='ocrx_word' id='word_1_318' title='bbox 2860 1759 2919 1810; x_wconf 82' lang='grc' dir='ltr'>τὸ</span> <span class='ocrx_word' id='word_1_319' title='bbox 2948 1758 3038 1812; x_wconf 79' lang='grc' dir='ltr'><strong>σὺν</strong></span> <span class='ocrx_word' id='word_1_320' title='bbox 3067 1760 3293 1813; x_wconf 82' lang='grc' dir='ltr'>ἄπιστον</span> <span class='ocrx_word' id='word_1_321' title='bbox 3340 1759 3432 1811; x_wconf 78' lang='grc' dir='ltr'>καὶ</span> <span class='ocrx_word' id='word_1_322' title='bbox 3475 1759 3536 1811; x_wconf 85' lang='grc' dir='ltr'>τὸ</span> <span class='ocrx_word' id='word_1_323' title='bbox 3575 1756 3676 1811; x_wconf 81' lang='grc' dir='ltr'><strong>τοῦ</strong></span> 
     </span>
    </p>
   </div>
   <div class='ocr_carea' id='block_1_47' title="bbox 2105 1847 2510 1904">
    <p class='ocr_par' dir='ltr' id='par_1_47' title="bbox 2105 1847 2510 1904">
     <span class='ocr_line' id='line_1_47' title="bbox 2105 1847 2510 1904; baseline 0.005 -4"><span class='ocrx_word' id='word_1_324' title='bbox 2105 1847 2240 1902; x_wconf 84' lang='grc' dir='ltr'>Θεοῦ</span> <span class='ocrx_word' id='word_1_325' title='bbox 2270 1848 2510 1904; x_wconf 77' lang='grc' dir='ltr'>δυνατόν.</span> 
     </span>
    </p>
   </div>
   <div class='ocr_carea' id='block_1_48' title="bbox 2107 1939 3673 2008">
    <p class='ocr_par' dir='ltr' id='par_1_48' title="bbox 2107 1939 3673 2008">
     <span class='ocr_line' id='line_1_48' title="bbox 2107 1939 3673 2008; baseline -0.001 -14"><span class='ocrx_word' id='word_1_326' title='bbox 2107 1941 2289 1995; x_wconf 85' lang='grc' dir='ltr'>Δώσει</span> <span class='ocrx_word' id='word_1_327' title='bbox 2315 1939 2474 2005; x_wconf 80' lang='grc' dir='ltr'>αὐτῷ</span> <span class='ocrx_word' id='word_1_328' title='bbox 2502 1940 2715 2008; x_wconf 87' lang='grc' dir='ltr'>Κύριος</span> <span class='ocrx_word' id='word_1_329' title='bbox 2744 1942 2776 1993; x_wconf 87' lang='lat' dir='ltr'><strong>o&#39;</strong></span> <span class='ocrx_word' id='word_1_330' title='bbox 2801 1940 2942 2004; x_wconf 85' lang='grc' dir='ltr'><strong>Θεὸς</strong></span> <span class='ocrx_word' id='word_1_331' title='bbox 2973 1941 3186 2006; x_wconf 80' lang='grc' dir='ltr'><strong>θρόνον</strong></span> <span class='ocrx_word' id='word_1_332' title='bbox 3209 1939 3388 1993; x_wconf 82' lang='grc' dir='ltr'>Δαυῒδ</span> <span class='ocrx_word' id='word_1_333' title='bbox 3419 1939 3523 1993; x_wconf 83' lang='grc' dir='ltr'><strong>τοῦ</strong></span> <span class='ocrx_word' id='word_1_334' title='bbox 3561 1957 3673 1993; x_wconf 81' lang='grc' dir='ltr'>πα-</span> 
     </span>
    </p>
   </div>
   <div class='ocr_carea' id='block_1_49' title="bbox 2697 2008 3071 2078">
    <p class='ocr_par' dir='ltr' id='par_1_49' title="bbox 2697 2008 3071 2078">
     <span class='ocr_line' id='line_1_49' title="bbox 2697 2008 3071 2078; baseline 0 -16"><span class='ocrx_word' id='word_1_335' title='bbox 2697 2010 2834 2078; x_wconf 79' lang='grc' dir='ltr'>τρὸς</span> <span class='ocrx_word' id='word_1_336' title='bbox 2868 2008 3071 2064; x_wconf 83' lang='grc' dir='ltr'>αὐτοῦ.</span> 
     </span>
    </p>
   </div>
   <div class='ocr_carea' id='block_1_50' title="bbox 2173 2099 3669 2175">
    <p class='ocr_par' dir='ltr' id='par_1_50' title="bbox 2173 2099 3669 2175">
     <span class='ocr_line' id='line_1_50' title="bbox 2173 2099 3669 2175; baseline -0.003 -19"><span class='ocrx_word' id='word_1_337' title='bbox 2173 2103 2372 2175; x_wconf 86' lang='grc' dir='ltr'>Θρόνον</span> <span class='ocrx_word' id='word_1_338' title='bbox 2401 2103 2547 2170; x_wconf 90' lang='grc' dir='ltr'>λέγει</span> <span class='ocrx_word' id='word_1_339' title='bbox 2579 2101 2670 2154; x_wconf 87' lang='grc' dir='ltr'>τὸν</span> <span class='ocrx_word' id='word_1_340' title='bbox 2715 2100 3115 2169; x_wconf 81' lang='grc' dir='ltr'>ὲπαγγελθέντα</span> <span class='ocrx_word' id='word_1_341' title='bbox 3143 2099 3220 2170; x_wconf 83' lang='grc' dir='ltr'><strong>τῷ</strong></span> <span class='ocrx_word' id='word_1_342' title='bbox 3246 2099 3427 2163; x_wconf 81' lang='grc' dir='ltr'>Δαυῒδ,</span> <span class='ocrx_word' id='word_1_343' title='bbox 3462 2101 3524 2153; x_wconf 78' lang='grc' dir='ltr'>οὐ</span> <span class='ocrx_word' id='word_1_344' title='bbox 3563 2100 3669 2170; x_wconf 72' lang='grc' dir='ltr'>μὴν</span> 
     </span>
    </p>
   </div>
   <div class='ocr_carea' id='block_1_51' title="bbox 2105 2189 3672 2262">
    <p class='ocr_par' dir='ltr' id='par_1_51' title="bbox 2105 2189 3672 2262">
     <span class='ocr_line' id='line_1_51' title="bbox 2105 2189 3672 2262; baseline -0.005 -13"><span class='ocrx_word' id='word_1_345' title='bbox 2105 2197 2196 2254; x_wconf 78' lang='grc' dir='ltr'>καὶ</span> <span class='ocrx_word' id='word_1_346' title='bbox 2226 2194 2446 2252; x_wconf 75' lang='grc' dir='ltr'>δοθέντα</span> <span class='ocrx_word' id='word_1_347' title='bbox 2465 2210 2478 2223; x_wconf 84' lang='lat'><strong><em>°</em></strong></span> <span class='ocrx_word' id='word_1_348' title='bbox 2505 2192 2691 2256; x_wconf 79' lang='grc' dir='ltr'>Ἃπαξ</span> <span class='ocrx_word' id='word_1_349' title='bbox 2715 2193 2844 2262; x_wconf 76' lang='grc' dir='ltr'>γὰρ,</span> <span class='ocrx_word' id='word_1_350' title='bbox 2873 2192 3025 2262; x_wconf 73' lang='grc' dir='ltr'>φησὶ,</span> <span class='ocrx_word' id='word_1_351' title='bbox 3059 2191 3264 2260; x_wconf 81' lang='grc' dir='ltr'>ὤμοσα</span> <span class='ocrx_word' id='word_1_352' title='bbox 3290 2192 3359 2244; x_wconf 79' lang='grc' dir='ltr'><strong>ἐν</strong></span> <span class='ocrx_word' id='word_1_353' title='bbox 3400 2189 3480 2256; x_wconf 84' lang='grc' dir='ltr'>τῷ</span> <span class='ocrx_word' id='word_1_354' title='bbox 3525 2192 3672 2261; x_wconf 71' lang='grc' dir='ltr'>ἁγίῳ</span> 
     </span>
    </p>
   </div>
   <div class='ocr_carea' id='block_1_52' title="bbox 2096 2281 3668 2357">
    <p class='ocr_par' dir='ltr' id='par_1_52' title="bbox 2096 2281 3668 2357">
     <span class='ocr_line' id='line_1_52' title="bbox 2096 2281 3668 2357; baseline -0.004 -17"><span class='ocrx_word' id='word_1_355' title='bbox 2096 2305 2236 2357; x_wconf 81' lang='grc' dir='ltr'>μου,</span> <span class='ocrx_word' id='word_1_356' title='bbox 2265 2289 2319 2339; x_wconf 81' lang='grc' dir='ltr'><strong>εἰ</strong></span> <span class='ocrx_word' id='word_1_357' title='bbox 2341 2284 2416 2350; x_wconf 84' lang='grc' dir='ltr'>τῷ</span> <span class='ocrx_word' id='word_1_358' title='bbox 2435 2283 2616 2340; x_wconf 81' lang='grc' dir='ltr'>Δαυῖδ</span> <span class='ocrx_word' id='word_1_359' title='bbox 2641 2285 2938 2352; x_wconf 67' lang='grc' dir='ltr'>ψεύσομαι</span> <span class='ocrx_word' id='word_1_360' title='bbox 2956 2300 2969 2312; x_wconf 76' lang='grc'><em>’</em></span> <span class='ocrx_word' id='word_1_361' title='bbox 3016 2283 3080 2335; x_wconf 81' lang='grc' dir='ltr'>τὸ</span> <span class='ocrx_word' id='word_1_362' title='bbox 3112 2281 3348 2350; x_wconf 82' lang='grc' dir='ltr'>σπέρμα</span> <span class='ocrx_word' id='word_1_363' title='bbox 3368 2281 3550 2334; x_wconf 85' lang='grc' dir='ltr'>αὑτοῦ</span> <span class='ocrx_word' id='word_1_364' title='bbox 3579 2284 3668 2345; x_wconf 81' lang='grc' dir='ltr'><strong>εἰς</strong></span> 
     </span>
    </p>
   </div>
   <div class='ocr_carea' id='block_1_53' title="bbox 2101 2373 3668 2445">
    <p class='ocr_par' dir='ltr' id='par_1_53' title="bbox 2101 2373 3668 2445">
     <span class='ocr_line' id='line_1_53' title="bbox 2101 2373 3668 2445; baseline -0.003 -14"><span class='ocrx_word' id='word_1_365' title='bbox 2101 2379 2208 2431; x_wconf 77' lang='grc' dir='ltr'><strong>τὸν</strong></span> <span class='ocrx_word' id='word_1_366' title='bbox 2237 2377 2420 2430; x_wconf 79' lang='grc' dir='ltr'>αἰῶνα</span> <span class='ocrx_word' id='word_1_367' title='bbox 2440 2376 2628 2445; x_wconf 73' lang='grc' dir='ltr'>μένει,</span> <span class='ocrx_word' id='word_1_368' title='bbox 2661 2375 2760 2428; x_wconf 80' lang='grc' dir='ltr'>καὶ</span> <span class='ocrx_word' id='word_1_369' title='bbox 2805 2378 2836 2428; x_wconf 86' lang='grc' dir='ltr'><em>ό</em></span> <span class='ocrx_word' id='word_1_370' title='bbox 2870 2375 3081 2442; x_wconf 77' lang='grc' dir='ltr'>θρόνος</span> <span class='ocrx_word' id='word_1_371' title='bbox 3119 2374 3302 2428; x_wconf 83' lang='grc' dir='ltr'>αὐτοῦ</span> <span class='ocrx_word' id='word_1_372' title='bbox 3332 2374 3411 2436; x_wconf 83' lang='grc' dir='ltr'>ὼς</span> <span class='ocrx_word' id='word_1_373' title='bbox 3438 2377 3470 2427; x_wconf 86' lang='grc' dir='ltr'><em>ὀ</em></span> <span class='ocrx_word' id='word_1_374' title='bbox 3497 2373 3668 2440; x_wconf 77' lang='grc' dir='ltr'>ἣλιος</span> 
     </span>
    </p>
   </div>
   <div class='ocr_carea' id='block_1_54' title="bbox 2100 2464 3669 2539">
    <p class='ocr_par' dir='ltr' id='par_1_54' title="bbox 2100 2464 3669 2539">
     <span class='ocr_line' id='line_1_54' title="bbox 2100 2464 3669 2539; baseline -0.004 -16"><span class='ocrx_word' id='word_1_375' title='bbox 2100 2470 2374 2524; x_wconf 74' lang='grc' dir='ltr'>ἐναντίον</span> <span class='ocrx_word' id='word_1_376' title='bbox 2398 2487 2516 2539; x_wconf 86' lang='grc' dir='ltr'>μου</span> <span class='ocrx_word' id='word_1_377' title='bbox 2537 2485 2551 2497; x_wconf 67' lang='grc'>⁸</span> <span class='ocrx_word' id='word_1_378' title='bbox 2584 2468 2676 2521; x_wconf 79' lang='grc' dir='ltr'>καὶ</span> <span class='ocrx_word' id='word_1_379' title='bbox 2708 2467 2869 2521; x_wconf 74' lang='grc' dir='ltr'>πάλιν</span> <span class='ocrx_word' id='word_1_380' title='bbox 2887 2482 2902 2496; x_wconf 84' lang='grc'><strong>·</strong></span> <span class='ocrx_word' id='word_1_381' title='bbox 2925 2467 3152 2534; x_wconf 87' lang='grc' dir='ltr'>Ὤμοσα</span> <span class='ocrx_word' id='word_1_382' title='bbox 3171 2464 3351 2518; x_wconf 80' lang='grc' dir='ltr'><strong>Δαυΐὸ</strong></span> <span class='ocrx_word' id='word_1_383' title='bbox 3372 2464 3449 2530; x_wconf 83' lang='grc' dir='ltr'>τῷ</span> <span class='ocrx_word' id='word_1_384' title='bbox 3471 2464 3669 2529; x_wconf 71' lang='grc' dir='ltr'>δούλῳ</span> 
     </span>
    </p>
   </div>
   <div class='ocr_carea' id='block_1_55' title="bbox 2095 2553 3665 2628">
    <p class='ocr_par' dir='ltr' id='par_1_55' title="bbox 2095 2553 3665 2628">
     <span class='ocr_line' id='line_1_55' title="bbox 2095 2553 3665 2628; baseline -0.003 -16"><span class='ocrx_word' id='word_1_385' title='bbox 2095 2577 2214 2628; x_wconf 88' lang='grc' dir='ltr'><strong>μου</strong></span> <span class='ocrx_word' id='word_1_386' title='bbox 2237 2577 2249 2588; x_wconf 92' lang='grc'><strong>·</strong></span> <span class='ocrx_word' id='word_1_387' title='bbox 2283 2559 2430 2624; x_wconf 85' lang='grc' dir='ltr'><strong>Ἕως</strong></span> <span class='ocrx_word' id='word_1_388' title='bbox 2458 2555 2560 2611; x_wconf 82' lang='grc' dir='ltr'><strong>τοῦ</strong></span> <span class='ocrx_word' id='word_1_389' title='bbox 2589 2555 2804 2623; x_wconf 80' lang='grc' dir='ltr'>αἰῶνος</span> <span class='ocrx_word' id='word_1_390' title='bbox 2827 2553 3120 2625; x_wconf 76' lang='grc' dir='ltr'>ἑτοιμάσω</span> <span class='ocrx_word' id='word_1_391' title='bbox 3163 2556 3228 2608; x_wconf 82' lang='grc' dir='ltr'>τὸ</span> <span class='ocrx_word' id='word_1_392' title='bbox 3271 2555 3504 2624; x_wconf 76' lang='grc' dir='ltr'>σπέρμα</span> <span class='ocrx_word' id='word_1_393' title='bbox 3528 2571 3665 2618; x_wconf 82' lang='grc' dir='ltr'>σου,</span> 
     </span>
    </p>
   </div>
   <div class='ocr_carea' id='block_1_56' title="bbox 2099 2646 3671 2720">
    <p class='ocr_par' dir='ltr' id='par_1_56' title="bbox 2099 2646 3671 2720">
     <span class='ocr_line' id='line_1_56' title="bbox 2099 2646 3671 2720; baseline -0.003 -16"><span class='ocrx_word' id='word_1_394' title='bbox 2099 2650 2196 2704; x_wconf 76' lang='grc' dir='ltr'>καὶ</span> <span class='ocrx_word' id='word_1_395' title='bbox 2227 2650 2598 2720; x_wconf 71' lang='grc' dir='ltr'>οἰκοδομήσω</span> <span class='ocrx_word' id='word_1_396' title='bbox 2623 2651 2709 2715; x_wconf 83' lang='grc' dir='ltr'><strong>εἰς</strong></span> <span class='ocrx_word' id='word_1_397' title='bbox 2729 2647 2945 2718; x_wconf 76' lang='grc' dir='ltr'>γενεὰν</span> <span class='ocrx_word' id='word_1_398' title='bbox 2970 2649 3063 2701; x_wconf 80' lang='grc' dir='ltr'>καὶ</span> <span class='ocrx_word' id='word_1_399' title='bbox 3091 2647 3300 2716; x_wconf 75' lang='grc' dir='ltr'>γενεὰν</span> <span class='ocrx_word' id='word_1_400' title='bbox 3323 2646 3431 2699; x_wconf 76' lang='grc' dir='ltr'><strong>τὸν</strong></span> <span class='ocrx_word' id='word_1_401' title='bbox 3453 2649 3671 2714; x_wconf 63' lang='grc' dir='ltr'>θρόνον</span> 
     </span>
    </p>
   </div>
   <div class='ocr_carea' id='block_1_57' title="bbox 2098 2738 3664 2813">
    <p class='ocr_par' dir='ltr' id='par_1_57' title="bbox 2098 2738 3664 2813">
     <span class='ocr_line' id='line_1_57' title="bbox 2098 2738 3664 2813; baseline -0.003 -18"><span class='ocrx_word' id='word_1_402' title='bbox 2098 2758 2234 2796; x_wconf 90' lang='grc' dir='ltr'>σου.</span> <span class='ocrx_word' id='word_1_403' title='bbox 2264 2742 2444 2795; x_wconf 87' lang='grc' dir='ltr'>Ταῦτα</span> <span class='ocrx_word' id='word_1_404' title='bbox 2463 2742 2519 2795; x_wconf 78' lang='grc' dir='ltr'>δὲ</span> <span class='ocrx_word' id='word_1_405' title='bbox 2551 2743 2610 2795; x_wconf 79' lang='grc' dir='ltr'>οὐ</span> <span class='ocrx_word' id='word_1_406' title='bbox 2659 2741 2786 2813; x_wconf 80' lang='grc' dir='ltr'>περὶ</span> <span class='ocrx_word' id='word_1_407' title='bbox 2833 2738 3093 2812; x_wconf 87' lang='grc' dir='ltr'>σαρκικοῦ</span> <span class='ocrx_word' id='word_1_408' title='bbox 3153 2739 3458 2810; x_wconf 83' lang='grc' dir='ltr'>σπέρματός</span> <span class='ocrx_word' id='word_1_409' title='bbox 3512 2755 3664 2808; x_wconf 76' lang='grc' dir='ltr'>φησι,</span> 
     </span>
    </p>
   </div>
   <div class='ocr_carea' id='block_1_58' title="bbox 2097 2825 3670 2907">
    <p class='ocr_par' dir='ltr' id='par_1_58' title="bbox 2097 2825 3670 2907">
     <span class='ocr_line' id='line_1_58' title="bbox 2097 2825 3670 2907; baseline -0.003 -18"><span class='ocrx_word' id='word_1_410' title='bbox 2097 2837 2216 2890; x_wconf 76' lang='grc' dir='ltr'>οὐδὲ</span> <span class='ocrx_word' id='word_1_411' title='bbox 2245 2837 2370 2907; x_wconf 82' lang='grc' dir='ltr'>περὶ</span> <span class='ocrx_word' id='word_1_412' title='bbox 2406 2835 2664 2907; x_wconf 77' lang='grc' dir='ltr'>αἰσθητοῦ</span> <span class='ocrx_word' id='word_1_413' title='bbox 2688 2835 2899 2905; x_wconf 80' lang='grc' dir='ltr'>θρόνου,</span> <span class='ocrx_word' id='word_1_414' title='bbox 2932 2833 3065 2888; x_wconf 83' lang='grc' dir='ltr'>ἀλλὰ</span> <span class='ocrx_word' id='word_1_415' title='bbox 3093 2833 3220 2904; x_wconf 76' lang='grc' dir='ltr'>περὶ</span> <span class='ocrx_word' id='word_1_416' title='bbox 3246 2825 3306 2885; x_wconf 70' lang='grc' dir='ltr'><strong>οὗ</strong></span> <span class='ocrx_word' id='word_1_417' title='bbox 3347 2849 3479 2902; x_wconf 77' lang='grc' dir='ltr'>φησι</span> <span class='ocrx_word' id='word_1_418' title='bbox 3515 2832 3608 2885; x_wconf 69' lang='grc' dir='ltr'><strong>καὶ</strong></span> <span class='ocrx_word' id='word_1_419' title='bbox 3638 2834 3670 2884; x_wconf 83' lang='grc' dir='ltr'>ὀ</span> 
     </span>
    </p>
   </div>
   <div class='ocr_carea' id='block_1_59' title="bbox 2097 2923 3669 2999">
    <p class='ocr_par' dir='ltr' id='par_1_59' title="bbox 2097 2923 3669 2999">
     <span class='ocr_line' id='line_1_59' title="bbox 2097 2923 3669 2999; baseline -0.004 -19"><span class='ocrx_word' id='word_1_420' title='bbox 2097 2928 2326 2997; x_wconf 79' lang='grc' dir='ltr'>ἄγγελος</span> <span class='ocrx_word' id='word_1_421' title='bbox 2368 2929 2503 2999; x_wconf 74' lang='grc' dir='ltr'>πρὸς</span> <span class='ocrx_word' id='word_1_422' title='bbox 2560 2929 2658 2996; x_wconf 79' lang='grc' dir='ltr'>τὴν</span> <span class='ocrx_word' id='word_1_423' title='bbox 2705 2925 3119 2999; x_wconf 62' lang='grc' dir='ltr'>Παρθένον,ιτὸν</span> <span class='ocrx_word' id='word_1_424' title='bbox 3164 2924 3326 2995; x_wconf 80' lang='grc' dir='ltr'>μηδὲν</span> <span class='ocrx_word' id='word_1_425' title='bbox 3385 2923 3669 2994; x_wconf 76' lang='grc' dir='ltr'>ἐπίκαιρον</span> 
     </span>
    </p>
   </div>
   <div class='ocr_carea' id='block_1_60' title="bbox 2097 3015 3666 3091">
    <p class='ocr_par' dir='ltr' id='par_1_60' title="bbox 2097 3015 3666 3091">
     <span class='ocr_line' id='line_1_60' title="bbox 2097 3015 3666 3091; baseline -0.004 -18"><span class='ocrx_word' id='word_1_426' title='bbox 2097 3021 2306 3091; x_wconf 76' lang='grc' dir='ltr'>ἔχοντα,</span> <span class='ocrx_word' id='word_1_427' title='bbox 2341 3019 2432 3071; x_wconf 76' lang='grc' dir='ltr'><strong>τὸν</strong></span> <span class='ocrx_word' id='word_1_428' title='bbox 2460 3019 2580 3071; x_wconf 86' lang='grc' dir='ltr'>καθ’</span> <span class='ocrx_word' id='word_1_429' title='bbox 2613 3019 2739 3088; x_wconf 81' lang='grc' dir='ltr'>ὅλης</span> <span class='ocrx_word' id='word_1_430' title='bbox 2789 3019 2887 3086; x_wconf 79' lang='grc' dir='ltr'>τῆς</span> <span class='ocrx_word' id='word_1_431' title='bbox 2937 3018 3260 3087; x_wconf 74' lang='grc' dir='ltr'>οἰκουμένης</span> <span class='ocrx_word' id='word_1_432' title='bbox 3312 3016 3488 3085; x_wconf 79' lang='grc' dir='ltr'>φωτὸς</span> <span class='ocrx_word' id='word_1_433' title='bbox 3513 3015 3666 3085; x_wconf 85' lang='grc' dir='ltr'>δίκην</span> 
     </span>
    </p>
   </div>
   <div class='ocr_carea' id='block_1_61' title="bbox 432 3101 1998 3182">
    <p class='ocr_par' dir='ltr' id='par_1_61' title="bbox 432 3106 1998 3178">
     <span class='ocr_line' id='line_1_61' title="bbox 432 3106 1998 3178; baseline -0.003 -14"><span class='ocrx_word' id='word_1_434' title='bbox 432 3119 576 3165; x_wconf 78' lang='lat' dir='ltr'><strong>strat</strong></span> <span class='ocrx_word' id='word_1_435' title='bbox 620 3108 804 3164; x_wconf 87' lang='lat' dir='ltr'><strong>divino</strong></span> <span class='ocrx_word' id='word_1_436' title='bbox 856 3109 1188 3178; x_wconf 80' lang='lat' dir='ltr'><strong>magisterio.</strong></span> <span class='ocrx_word' id='word_1_437' title='bbox 1227 3106 1401 3163; x_wconf 86' lang='lat' dir='ltr'><strong>Porro</strong></span> <span class='ocrx_word' id='word_1_438' title='bbox 1434 3106 1623 3164; x_wconf 78' lang='lat' dir='ltr'><strong>Jacobi</strong></span> <span class='ocrx_word' id='word_1_439' title='bbox 1672 3111 1889 3163; x_wconf 89' lang='lat' dir='ltr'><strong>domum</strong></span> <span class='ocrx_word' id='word_1_440' title='bbox 1935 3121 1998 3161; x_wconf 86' lang='lat' dir='ltr'><strong>ne</strong></span> 
     </span>
    </p>
   </div>
   <div class='ocr_carea' id='block_1_62' title="bbox 2099 3101 3667 3182">
    <p class='ocr_par' dir='ltr' id='par_1_62' title="bbox 2101 3106 3667 3182">
     <span class='ocr_line' id='line_1_62' title="bbox 2101 3106 3667 3182; baseline -0.003 -17"><span class='ocrx_word' id='word_1_441' title='bbox 2101 3111 2470 3182; x_wconf 79' lang='grc' dir='ltr'>ἑκλάμποντα,</span> <span class='ocrx_word' id='word_1_442' title='bbox 2528 3111 2621 3164; x_wconf 76' lang='grc' dir='ltr'>καὶ</span> <span class='ocrx_word' id='word_1_443' title='bbox 2670 3110 2849 3180; x_wconf 73' lang='grc' dir='ltr'>ψυχὰς</span> <span class='ocrx_word' id='word_1_444' title='bbox 2895 3109 3094 3181; x_wconf 85' lang='grc' dir='ltr'>νοερῶς</span> <span class='ocrx_word' id='word_1_445' title='bbox 3144 3106 3547 3176; x_wconf 79' lang='grc' dir='ltr'>καταυγάζοντα</span> <span class='ocrx_word' id='word_1_446' title='bbox 3581 3107 3667 3160; x_wconf 70' lang='grc' dir='ltr'>διὰ</span> 
     </span>
    </p>
   </div>
   <div class='ocr_carea' id='block_1_63' title="bbox 435 3199 1996 3274">
    <p class='ocr_par' dir='ltr' id='par_1_63' title="bbox 435 3199 1996 3274">
     <span class='ocr_line' id='line_1_63' title="bbox 435 3199 1996 3274; baseline -0.003 -17"><span class='ocrx_word' id='word_1_447' title='bbox 435 3201 699 3273; x_wconf 69' lang='lat' dir='ltr'><strong>intelligas</strong></span> <span class='ocrx_word' id='word_1_448' title='bbox 743 3199 1045 3274; x_wconf 22' lang='lat' dir='ltr'><strong>Iudaicum.</strong></span> <span class='ocrx_word' id='word_1_449' title='bbox 1067 3201 1442 3255; x_wconf 84' lang='lat' dir='ltr'><strong>tantummodo</strong></span> <span class='ocrx_word' id='word_1_450' title='bbox 1478 3200 1753 3271; x_wconf 87' lang='lat' dir='ltr'><strong>populum,</strong></span> <span class='ocrx_word' id='word_1_451' title='bbox 1787 3201 1878 3256; x_wconf 81' lang='lat' dir='ltr'><strong>sed</strong></span> <span class='ocrx_word' id='word_1_452' title='bbox 1905 3213 1996 3254; x_wconf 85' lang='lat' dir='ltr'><strong>eos</strong></span> 
     </span>
    </p>
   </div>
   <div class='ocr_carea' id='block_1_64' title="bbox 432 3293 1994 3365">
    <p class='ocr_par' dir='ltr' id='par_1_64' title="bbox 432 3293 1994 3365">
     <span class='ocr_line' id='line_1_64' title="bbox 432 3293 1994 3365; baseline -0.001 -17"><span class='ocrx_word' id='word_1_453' title='bbox 432 3311 624 3350; x_wconf 81' lang='lat' dir='ltr'><strong>manes</strong></span> <span class='ocrx_word' id='word_1_454' title='bbox 651 3295 738 3365; x_wconf 92' lang='lat' dir='ltr'><strong>qui</strong></span> <span class='ocrx_word' id='word_1_455' title='bbox 769 3293 1082 3350; x_wconf 86' lang='lat' dir='ltr'><strong>Servatoris</strong></span> <span class='ocrx_word' id='word_1_456' title='bbox 1117 3294 1404 3350; x_wconf 85' lang='lat' dir='ltr'><strong>vocatione</strong></span> <span class='ocrx_word' id='word_1_457' title='bbox 1441 3309 1508 3349; x_wconf 78' lang='lat' dir='ltr'><strong>ex</strong></span> <span class='ocrx_word' id='word_1_458' title='bbox 1544 3294 1816 3350; x_wconf 89' lang='lat' dir='ltr'><strong>universis</strong></span> <span class='ocrx_word' id='word_1_459' title='bbox 1863 3307 1994 3364; x_wconf 79' lang='lat' dir='ltr'><strong>geu-</strong></span> 
     </span>
    </p>
   </div>
   <div class='ocr_carea' id='block_1_65' title="bbox 435 3386 1997 3458">
    <p class='ocr_par' dir='ltr' id='par_1_65' title="bbox 435 3386 1997 3458">
     <span class='ocr_line' id='line_1_65' title="bbox 435 3386 1997 3458; baseline 0.002 -19"><span class='ocrx_word' id='word_1_460' title='bbox 435 3390 580 3443; x_wconf 85' lang='lat' dir='ltr'><strong>Iibus</strong></span> <span class='ocrx_word' id='word_1_461' title='bbox 611 3387 807 3442; x_wconf 64' lang='lat' dir='ltr'><strong>divine</strong></span> <span class='ocrx_word' id='word_1_462' title='bbox 835 3387 1145 3457; x_wconf 88' lang='lat' dir='ltr'><strong>adoptionis</strong></span> <span class='ocrx_word' id='word_1_463' title='bbox 1173 3388 1528 3458; x_wconf 67' lang='lat' dir='ltr'><strong>praerogativa</strong></span> <span class='ocrx_word' id='word_1_464' title='bbox 1560 3389 1852 3443; x_wconf 83' lang='lat' dir='ltr'><strong>donantur.</strong></span> <span class='ocrx_word' id='word_1_465' title='bbox 1876 3386 1997 3442; x_wconf 83' lang='lat' dir='ltr'><strong>J—am</strong></span> 
     </span>
    </p>
   </div>
   <div class='ocr_carea' id='block_1_66' title="bbox 432 3479 1993 3551">
    <p class='ocr_par' dir='ltr' id='par_1_66' title="bbox 432 3479 1993 3551">
     <span class='ocr_line' id='line_1_66' title="bbox 432 3479 1993 3551; baseline 0.001 -16"><span class='ocrx_word' id='word_1_466' title='bbox 432 3479 527 3535; x_wconf 80' lang='lat' dir='ltr'><strong>Dei</strong></span> <span class='ocrx_word' id='word_1_467' title='bbox 559 3479 785 3551; x_wconf 86' lang='lat' dir='ltr'><strong>populus</strong></span> <span class='ocrx_word' id='word_1_468' title='bbox 809 3481 967 3535; x_wconf 89' lang='lat' dir='ltr'><strong>modo</strong></span> <span class='ocrx_word' id='word_1_469' title='bbox 993 3480 1170 3535; x_wconf 62' lang='lat' dir='ltr'><strong>Iacob.</strong></span> <span class='ocrx_word' id='word_1_470' title='bbox 1194 3479 1395 3535; x_wconf 87' lang='lat' dir='ltr'><strong>dicitur</strong></span> <span class='ocrx_word' id='word_1_471' title='bbox 1417 3481 1582 3537; x_wconf 87' lang='lat' dir='ltr'><strong>modo</strong></span> <span class='ocrx_word' id='word_1_472' title='bbox 1614 3481 1778 3538; x_wconf 91' lang='lat' dir='ltr'><strong>Israel</strong></span> <span class='ocrx_word' id='word_1_473' title='bbox 1804 3501 1817 3536; x_wconf 91' lang='lat'><strong>:</strong></span> <span class='ocrx_word' id='word_1_474' title='bbox 1854 3482 1993 3536; x_wconf 88' lang='lat' dir='ltr'><strong>idem</strong></span> 
     </span>
    </p>
   </div>
   <div class='ocr_carea' id='block_1_67' title="bbox 429 3571 1994 3643">
    <p class='ocr_par' dir='ltr' id='par_1_67' title="bbox 429 3571 1994 3643">
     <span class='ocr_line' id='line_1_67' title="bbox 429 3571 1994 3643; baseline 0.001 -18"><span class='ocrx_word' id='word_1_475' title='bbox 429 3573 632 3643; x_wconf 80' lang='lat' dir='ltr'><strong>quippe</strong></span> <span class='ocrx_word' id='word_1_476' title='bbox 661 3573 745 3627; x_wconf 87' lang='lat' dir='ltr'><strong>vir</strong></span> <span class='ocrx_word' id='word_1_477' title='bbox 768 3571 872 3628; x_wconf 73' lang='lat' dir='ltr'><strong>fuit</strong></span> <span class='ocrx_word' id='word_1_478' title='bbox 914 3572 1079 3628; x_wconf 91' lang='lat' dir='ltr'><strong>Israel</strong></span> <span class='ocrx_word' id='word_1_479' title='bbox 1109 3585 1168 3628; x_wconf 85' lang='lat' dir='ltr'><strong>et</strong></span> <span class='ocrx_word' id='word_1_480' title='bbox 1207 3571 1398 3631; x_wconf 75' lang='lat' dir='ltr'><strong>J-acob.</strong></span> <span class='ocrx_word' id='word_1_481' title='bbox 1441 3573 1507 3628; x_wconf 86' lang='lat' dir='ltr'><strong>Et</strong></span> <span class='ocrx_word' id='word_1_482' title='bbox 1530 3585 1723 3630; x_wconf 89' lang='lat' dir='ltr'><strong>natura</strong></span> <span class='ocrx_word' id='word_1_483' title='bbox 1756 3576 1994 3643; x_wconf 85' lang='lat' dir='ltr'><strong>quidem,</strong></span> 
     </span>
    </p>
   </div>
   <div class='ocr_carea' id='block_1_68' title="bbox 429 3653 1994 3733">
    <p class='ocr_par' dir='ltr' id='par_1_68' title="bbox 429 3653 1994 3733">
     <span class='ocr_line' id='line_1_68' title="bbox 429 3653 1994 3733; baseline 0.001 -17"><span class='ocrx_word' id='word_1_484' title='bbox 429 3660 598 3717; x_wconf 82' lang='lat' dir='ltr'><strong>Jaeob</strong></span> <span class='ocrx_word' id='word_1_485' title='bbox 645 3674 763 3717; x_wconf 82' lang='lat' dir='ltr'><strong>erat</strong></span> <span class='ocrx_word' id='word_1_486' title='bbox 796 3662 1006 3732; x_wconf 79' lang='lat' dir='ltr'><strong>priscos</strong></span> <span class='ocrx_word' id='word_1_487' title='bbox 1033 3653 1138 3716; x_wconf 85' lang='lat' dir='ltr'><strong>ille</strong></span> <span class='ocrx_word' id='word_1_488' title='bbox 1189 3661 1436 3731; x_wconf 89' lang='lat' dir='ltr'><strong>populus,</strong></span> <span class='ocrx_word' id='word_1_489' title='bbox 1479 3663 1604 3733; x_wconf 88' lang='lat' dir='ltr'><strong>quia</strong></span> <span class='ocrx_word' id='word_1_490' title='bbox 1647 3664 1901 3719; x_wconf 86' lang='lat' dir='ltr'><strong>nimirum</strong></span> <span class='ocrx_word' id='word_1_491' title='bbox 1930 3680 1994 3718; x_wconf 79' lang='lat' dir='ltr'><strong>ex</strong></span> 
     </span>
    </p>
   </div>
   <div class='ocr_carea' id='block_1_69' title="bbox 427 3753 1998 3826">
    <p class='ocr_par' dir='ltr' id='par_1_69' title="bbox 427 3753 1998 3826">
     <span class='ocr_line' id='line_1_69' title="bbox 427 3753 1998 3826; baseline -0.001 -16"><span class='ocrx_word' id='word_1_492' title='bbox 427 3753 617 3810; x_wconf 75' lang='lat' dir='ltr'><strong>Jacobi</strong></span> <span class='ocrx_word' id='word_1_493' title='bbox 653 3753 917 3824; x_wconf 83' lang='lat' dir='ltr'><strong>sanguine</strong></span> <span class='ocrx_word' id='word_1_494' title='bbox 940 3754 1214 3826; x_wconf 73' lang='lat' dir='ltr'><strong>originem</strong></span> <span class='ocrx_word' id='word_1_495' title='bbox 1255 3754 1532 3819; x_wconf 77' lang='lat' dir='ltr'><strong>ducebat;</strong></span> <span class='ocrx_word' id='word_1_496' title='bbox 1581 3755 1870 3823; x_wconf 91' lang='lat' dir='ltr'><strong>adoptione</strong></span> <span class='ocrx_word' id='word_1_497' title='bbox 1901 3771 1998 3810; x_wconf 70' lang='lat' dir='ltr'><strong>auo</strong></span> 
     </span>
    </p>
   </div>
   <div class='ocr_carea' id='block_1_70' title="bbox 431 3843 1994 3917">
    <p class='ocr_par' dir='ltr' id='par_1_70' title="bbox 431 3843 1994 3917">
     <span class='ocr_line' id='line_1_70' title="bbox 431 3843 1994 3917; baseline 0.003 -19"><span class='ocrx_word' id='word_1_498' title='bbox 431 3855 561 3910; x_wconf 74' lang='lat' dir='ltr'><strong>rem,</strong></span> <span class='ocrx_word' id='word_1_499' title='bbox 592 3843 761 3900; x_wconf 52' lang='grc' dir='ltr'>ἔδεοδ</span> <span class='ocrx_word' id='word_1_500' title='bbox 798 3855 884 3900; x_wconf 89' lang='lat' dir='ltr'><strong>est</strong></span> <span class='ocrx_word' id='word_1_501' title='bbox 932 3859 1106 3901; x_wconf 89' lang='lat' dir='ltr'><strong>novus</strong></span> <span class='ocrx_word' id='word_1_502' title='bbox 1145 3844 1374 3917; x_wconf 83' lang='lat' dir='ltr'><strong>pepulus</strong></span> <span class='ocrx_word' id='word_1_503' title='bbox 1417 3855 1638 3916; x_wconf 83' lang='lat' dir='ltr'><strong>propter</strong></span> <span class='ocrx_word' id='word_1_504' title='bbox 1666 3846 1880 3900; x_wconf 84' lang='lat' dir='ltr'><strong>virtutis</strong></span> <span class='ocrx_word' id='word_1_505' title='bbox 1907 3863 1994 3902; x_wconf 52' lang='lat' dir='ltr'><strong>co.</strong></span> 
     </span>
    </p>
   </div>
   <div class='ocr_carea' id='block_1_71' title="bbox 430 3935 1992 4006">
    <p class='ocr_par' dir='ltr' id='par_1_71' title="bbox 430 3935 1992 4006">
     <span class='ocr_line' id='line_1_71' title="bbox 430 3935 1992 4006; baseline 0.002 -19"><span class='ocrx_word' id='word_1_506' title='bbox 430 3935 778 4006; x_wconf 78' lang='lat' dir='ltr'><strong>gnationem:</strong></span> <span class='ocrx_word' id='word_1_507' title='bbox 809 3936 1074 3990; x_wconf 89' lang='lat' dir='ltr'><strong>successit</strong></span> <span class='ocrx_word' id='word_1_508' title='bbox 1104 3935 1251 3994; x_wconf 89' lang='lat' dir='ltr'><strong>enim</strong></span> <span class='ocrx_word' id='word_1_509' title='bbox 1279 3936 1452 3990; x_wconf 81' lang='lat' dir='ltr'><strong>veteri</strong></span> <span class='ocrx_word' id='word_1_510' title='bbox 1485 3951 1675 3991; x_wconf 87' lang='lat' dir='ltr'><strong>novus.</strong></span> <span class='ocrx_word' id='word_1_511' title='bbox 1712 3937 1899 4005; x_wconf 82' lang='lat' dir='ltr'><strong>itaque</strong></span> <span class='ocrx_word' id='word_1_512' title='bbox 1939 3937 1992 3991; x_wconf 80' lang='lat' dir='ltr'><strong>in</strong></span> 
     </span>
    </p>
   </div>
   <div class='ocr_carea' id='block_1_72' title="bbox 432 4025 1992 4095">
    <p class='ocr_par' dir='ltr' id='par_1_72' title="bbox 432 4025 1992 4095">
     <span class='ocr_line' id='line_1_72' title="bbox 432 4025 1992 4095; baseline 0.001 -15"><span class='ocrx_word' id='word_1_513' title='bbox 432 4035 707 4094; x_wconf 85' lang='lat' dir='ltr'><strong>posterum</strong></span> <span class='ocrx_word' id='word_1_514' title='bbox 736 4039 900 4094; x_wconf 85' lang='lat' dir='ltr'><strong>super</strong></span> <span class='ocrx_word' id='word_1_515' title='bbox 932 4027 1034 4080; x_wconf 85' lang='lat' dir='ltr'><strong>hoc</strong></span> <span class='ocrx_word' id='word_1_516' title='bbox 1061 4025 1260 4095; x_wconf 86' lang='lat' dir='ltr'><strong>populo</strong></span> <span class='ocrx_word' id='word_1_517' title='bbox 1287 4027 1658 4081; x_wconf 90' lang='lat' dir='ltr'><strong>dominabitur</strong></span> <span class='ocrx_word' id='word_1_518' title='bbox 1692 4027 1782 4083; x_wconf 88' lang='lat' dir='ltr'><strong>ille</strong></span> <span class='ocrx_word' id='word_1_519' title='bbox 1812 4042 1905 4083; x_wconf 82' lang='lat' dir='ltr'><strong>rex</strong></span> <span class='ocrx_word' id='word_1_520' title='bbox 1939 4029 1992 4082; x_wconf 92' lang='lat' dir='ltr'><strong>in</strong></span> 
     </span>
    </p>
   </div>
   <div class='ocr_carea' id='block_1_73' title="bbox 430 4114 1990 4188">
    <p class='ocr_par' dir='ltr' id='par_1_73' title="bbox 430 4114 1990 4188">
     <span class='ocr_line' id='line_1_73' title="bbox 430 4114 1990 4188; baseline 0.003 -20"><span class='ocrx_word' id='word_1_521' title='bbox 430 4114 654 4180; x_wconf 69' lang='lat' dir='ltr'><strong>satcula,</strong></span> <span class='ocrx_word' id='word_1_522' title='bbox 685 4115 738 4170; x_wconf 89' lang='lat' dir='ltr'><strong>id</strong></span> <span class='ocrx_word' id='word_1_523' title='bbox 788 4124 872 4170; x_wconf 82' lang='lat' dir='ltr'><strong>est</strong></span> <span class='ocrx_word' id='word_1_524' title='bbox 927 4125 1208 4184; x_wconf 86' lang='lat' dir='ltr'><strong>perpetuo.</strong></span> <span class='ocrx_word' id='word_1_525' title='bbox 1257 4116 1359 4184; x_wconf 86' lang='lat' dir='ltr'><strong>Qui</strong></span> <span class='ocrx_word' id='word_1_526' title='bbox 1403 4117 1620 4186; x_wconf 86' lang='lat' dir='ltr'><strong>quidem</strong></span> <span class='ocrx_word' id='word_1_527' title='bbox 1659 4119 1887 4188; x_wconf 82' lang='lat' dir='ltr'><strong>pepulus</strong></span> <span class='ocrx_word' id='word_1_528' title='bbox 1926 4133 1990 4174; x_wconf 77' lang='lat' dir='ltr'><strong>ex</strong></span> 
     </span>
    </p>
   </div>
   <div class='ocr_carea' id='block_1_74' title="bbox 426 4207 1996 4281">
    <p class='ocr_par' dir='ltr' id='par_1_74' title="bbox 426 4207 1996 4281">
     <span class='ocr_line' id='line_1_74' title="bbox 426 4207 1996 4281; baseline 0.004 -22"><span class='ocrx_word' id='word_1_529' title='bbox 426 4207 686 4276; x_wconf 71' lang='lat' dir='ltr'><strong>operibus</strong></span> <span class='ocrx_word' id='word_1_530' title='bbox 743 4208 1198 4279; x_wconf 84' lang='lat' dir='ltr'><strong>sermonibusque</strong></span> <span class='ocrx_word' id='word_1_531' title='bbox 1259 4210 1535 4264; x_wconf 86' lang='lat' dir='ltr'><strong>Christum</strong></span> <span class='ocrx_word' id='word_1_532' title='bbox 1593 4220 1875 4281; x_wconf 84' lang='lat' dir='ltr'><strong>agnoscet,</strong></span> <span class='ocrx_word' id='word_1_533' title='bbox 1941 4223 1996 4268; x_wconf 89' lang='lat' dir='ltr'><strong>et</strong></span> 
     </span>
    </p>
   </div>
   <div class='ocr_carea' id='block_1_75' title="bbox 431 4297 1998 4371">
    <p class='ocr_par' dir='ltr' id='par_1_75' title="bbox 431 4297 1998 4371">
     <span class='ocr_line' id='line_1_75' title="bbox 431 4297 1998 4371; baseline 0.006 -23"><span class='ocrx_word' id='word_1_534' title='bbox 431 4297 557 4352; x_wconf 83' lang='lat' dir='ltr'><strong>huic</strong></span> <span class='ocrx_word' id='word_1_535' title='bbox 589 4308 787 4368; x_wconf 86' lang='lat' dir='ltr'><strong>sponte</strong></span> <span class='ocrx_word' id='word_1_536' title='bbox 829 4314 1033 4354; x_wconf 87' lang='lat' dir='ltr'><strong>morem</strong></span> <span class='ocrx_word' id='word_1_537' title='bbox 1072 4312 1245 4371; x_wconf 88' lang='lat' dir='ltr'><strong>geret.</strong></span> <span class='ocrx_word' id='word_1_538' title='bbox 1296 4299 1549 4356; x_wconf 83' lang='lat' dir='ltr'><strong>Profecto</strong></span> <span class='ocrx_word' id='word_1_539' title='bbox 1605 4303 1851 4358; x_wconf 83' lang='lat' dir='ltr'><strong>Christus</strong></span> <span class='ocrx_word' id='word_1_540' title='bbox 1899 4319 1998 4358; x_wconf 78' lang='lat' dir='ltr'><strong>rex</strong></span> 
     </span>
    </p>
   </div>
   <div class='ocr_carea' id='block_1_76' title="bbox 427 4390 1993 4462">
    <p class='ocr_par' dir='ltr' id='par_1_76' title="bbox 427 4390 1993 4462">
     <span class='ocr_line' id='line_1_76' title="bbox 427 4390 1993 4462; baseline 0.004 -18"><span class='ocrx_word' id='word_1_541' title='bbox 427 4390 530 4445; x_wconf 76' lang='lat' dir='ltr'><strong>fuit</strong></span> <span class='ocrx_word' id='word_1_542' title='bbox 575 4402 843 4460; x_wconf 87' lang='lat' dir='ltr'><strong>quatenus</strong></span> <span class='ocrx_word' id='word_1_543' title='bbox 895 4393 1077 4458; x_wconf 85' lang='lat' dir='ltr'><strong>Deus;</strong></span> <span class='ocrx_word' id='word_1_544' title='bbox 1106 4394 1181 4446; x_wconf 88' lang='lat' dir='ltr'><strong>ait</strong></span> <span class='ocrx_word' id='word_1_545' title='bbox 1214 4391 1358 4447; x_wconf 87' lang='lat' dir='ltr'><strong>enim</strong></span> <span class='ocrx_word' id='word_1_546' title='bbox 1383 4410 1398 4445; x_wconf 90' lang='lat'><strong>:</strong></span> <span class='ocrx_word' id='word_1_547' title='bbox 1427 4391 1660 4462; x_wconf 82' lang='lat' dir='ltr'><strong>Regnum</strong></span> <span class='ocrx_word' id='word_1_548' title='bbox 1694 4412 1862 4450; x_wconf 82' lang='lat' dir='ltr'><strong>meum</strong></span> <span class='ocrx_word' id='word_1_549' title='bbox 1890 4413 1993 4450; x_wconf 85' lang='lat' dir='ltr'><strong>non</strong></span> 
     </span>
    </p>
   </div>
   <div class='ocr_carea' id='block_1_77' title="bbox 423 4483 1992 4556">
    <p class='ocr_par' dir='ltr' id='par_1_77' title="bbox 423 4483 1992 4556">
     <span class='ocr_line' id='line_1_77' title="bbox 423 4483 1992 4556; baseline 0.004 -20"><span class='ocrx_word' id='word_1_550' title='bbox 423 4491 505 4537; x_wconf 81' lang='lat' dir='ltr'><strong>est</strong></span> <span class='ocrx_word' id='word_1_551' title='bbox 530 4483 594 4537; x_wconf 80' lang='lat' dir='ltr'><strong>de</strong></span> <span class='ocrx_word' id='word_1_552' title='bbox 622 4483 721 4536; x_wconf 83' lang='lat' dir='ltr'><strong>hoc</strong></span> <span class='ocrx_word' id='word_1_553' title='bbox 749 4485 948 4537; x_wconf 79' lang='lat' dir='ltr'><strong>mundo</strong></span> <span class='ocrx_word' id='word_1_554' title='bbox 972 4483 1040 4537; x_wconf 65' lang='grc'><strong>⁸⁸.</strong></span> <span class='ocrx_word' id='word_1_555' title='bbox 1074 4483 1186 4538; x_wconf 90' lang='lat' dir='ltr'><strong>lmo</strong></span> <span class='ocrx_word' id='word_1_556' title='bbox 1220 4498 1314 4538; x_wconf 80' lang='lat' dir='ltr'><strong>rex</strong></span> <span class='ocrx_word' id='word_1_557' title='bbox 1347 4497 1561 4554; x_wconf 82' lang='lat' dir='ltr'><strong>quoque</strong></span> <span class='ocrx_word' id='word_1_558' title='bbox 1587 4485 1688 4540; x_wconf 79' lang='lat' dir='ltr'><strong>fuit</strong></span> <span class='ocrx_word' id='word_1_559' title='bbox 1727 4497 1992 4556; x_wconf 87' lang='lat' dir='ltr'><strong>quatenus</strong></span> 
     </span>
    </p>
   </div>
   <div class='ocr_carea' id='block_1_78' title="bbox 426 4573 1993 4646">
    <p class='ocr_par' dir='ltr' id='par_1_78' title="bbox 426 4573 1993 4646">
     <span class='ocr_line' id='line_1_78' title="bbox 426 4573 1993 4646; baseline 0.003 -18"><span class='ocrx_word' id='word_1_560' title='bbox 426 4575 595 4629; x_wconf 77' lang='lat' dir='ltr'><strong>homo</strong></span> <span class='ocrx_word' id='word_1_561' title='bbox 620 4593 634 4629; x_wconf 89' lang='lat'><strong>:</strong></span> <span class='ocrx_word' id='word_1_562' title='bbox 663 4589 772 4644; x_wconf 80' lang='lat' dir='ltr'><strong>prae</strong></span> <span class='ocrx_word' id='word_1_563' title='bbox 793 4589 854 4630; x_wconf 89' lang='lat' dir='ltr'><strong>se</strong></span> <span class='ocrx_word' id='word_1_564' title='bbox 890 4575 1036 4630; x_wconf 84' lang='lat' dir='ltr'><strong>enim</strong></span> <span class='ocrx_word' id='word_1_565' title='bbox 1065 4573 1189 4628; x_wconf 92' lang='lat' dir='ltr'><strong>tulit</strong></span> <span class='ocrx_word' id='word_1_566' title='bbox 1220 4574 1424 4644; x_wconf 82' lang='lat' dir='ltr'><strong>regalia</strong></span> <span class='ocrx_word' id='word_1_567' title='bbox 1455 4590 1641 4645; x_wconf 88' lang='lat' dir='ltr'><strong>opera,</strong></span> <span class='ocrx_word' id='word_1_568' title='bbox 1678 4592 1870 4646; x_wconf 90' lang='lat' dir='ltr'><strong>nempe</strong></span> <span class='ocrx_word' id='word_1_569' title='bbox 1914 4578 1993 4632; x_wconf 87' lang='lat' dir='ltr'><strong>le-</strong></span> 
     </span>
    </p>
   </div>
   <div class='ocr_carea' id='block_1_79' title="bbox 426 4664 1996 4737">
    <p class='ocr_par' dir='ltr' id='par_1_79' title="bbox 426 4664 1996 4737">
     <span class='ocr_line' id='line_1_79' title="bbox 426 4664 1996 4737; baseline 0.001 -19"><span class='ocrx_word' id='word_1_570' title='bbox 426 4664 767 4732; x_wconf 78' lang='lat' dir='ltr'><strong>gislationem</strong></span> <span class='ocrx_word' id='word_1_571' title='bbox 807 4680 944 4735; x_wconf 86' lang='lat' dir='ltr'><strong>erga</strong></span> <span class='ocrx_word' id='word_1_572' title='bbox 999 4664 1248 4720; x_wconf 88' lang='lat' dir='ltr'><strong>homines</strong></span> <span class='ocrx_word' id='word_1_573' title='bbox 1280 4664 1384 4719; x_wconf 85' lang='lat' dir='ltr'><strong>sibi</strong></span> <span class='ocrx_word' id='word_1_574' title='bbox 1427 4666 1695 4732; x_wconf 86' lang='lat' dir='ltr'><strong>subditos,</strong></span> <span class='ocrx_word' id='word_1_575' title='bbox 1727 4669 1996 4737; x_wconf 83' lang='lat' dir='ltr'><strong>guberna-</strong></span> 
     </span>
    </p>
   </div>
   <div class='ocr_carea' id='block_1_80' title="bbox 429 4757 1996 4829">
    <p class='ocr_par' dir='ltr' id='par_1_80' title="bbox 429 4757 1996 4829">
     <span class='ocr_line' id='line_1_80' title="bbox 429 4757 1996 4829; baseline 0.003 -19"><span class='ocrx_word' id='word_1_576' title='bbox 429 4759 627 4811; x_wconf 89' lang='lat' dir='ltr'><strong>tionem</strong></span> <span class='ocrx_word' id='word_1_577' title='bbox 655 4758 968 4812; x_wconf 90' lang='lat' dir='ltr'><strong>eorumdem</strong></span> <span class='ocrx_word' id='word_1_578' title='bbox 990 4766 1044 4812; x_wconf 90' lang='lat' dir='ltr'><strong>et</strong></span> <span class='ocrx_word' id='word_1_579' title='bbox 1073 4773 1257 4812; x_wconf 90' lang='lat' dir='ltr'><strong>curam</strong></span> <span class='ocrx_word' id='word_1_580' title='bbox 1279 4796 1294 4823; x_wconf 95' lang='lat'><strong>,</strong></span> <span class='ocrx_word' id='word_1_581' title='bbox 1332 4757 1585 4828; x_wconf 83' lang='lat' dir='ltr'><strong>necisque</strong></span> <span class='ocrx_word' id='word_1_582' title='bbox 1617 4774 1716 4829; x_wconf 88' lang='lat' dir='ltr'><strong>pro</strong></span> <span class='ocrx_word' id='word_1_583' title='bbox 1742 4760 1811 4813; x_wconf 91' lang='lat' dir='ltr'><strong>iis</strong></span> <span class='ocrx_word' id='word_1_584' title='bbox 1837 4759 1996 4814; x_wconf 72' lang='lat' dir='ltr'><strong>obita:</strong></span> 
     </span>
    </p>
   </div>
   <div class='ocr_carea' id='block_1_81' title="bbox 424 4849 1994 4921">
    <p class='ocr_par' dir='ltr' id='par_1_81' title="bbox 424 4849 1994 4921">
     <span class='ocr_line' id='line_1_81' title="bbox 424 4849 1994 4921; baseline 0.003 -19"><span class='ocrx_word' id='word_1_585' title='bbox 424 4849 718 4915; x_wconf 87' lang='lat' dir='ltr'><strong>meritum;</strong></span> <span class='ocrx_word' id='word_1_586' title='bbox 753 4853 844 4919; x_wconf 91' lang='lat' dir='ltr'><strong>qui</strong></span> <span class='ocrx_word' id='word_1_587' title='bbox 883 4864 1076 4920; x_wconf 87' lang='lat' dir='ltr'><strong>reapse</strong></span> <span class='ocrx_word' id='word_1_588' title='bbox 1130 4851 1274 4921; x_wconf 84' lang='lat' dir='ltr'><strong>regis</strong></span> <span class='ocrx_word' id='word_1_589' title='bbox 1325 4851 1676 4905; x_wconf 85' lang='lat' dir='ltr'><strong>characteres</strong></span> <span class='ocrx_word' id='word_1_590' title='bbox 1736 4853 1994 4920; x_wconf 63' lang='lat' dir='ltr'><strong>praecipui</strong></span> 
     </span>
    </p>
   </div>
   <div class='ocr_carea' id='block_1_82' title="bbox 424 4953 568 4998">
    <p class='ocr_par' dir='ltr' id='par_1_82' title="bbox 424 4953 568 4998">
     <span class='ocr_line' id='line_1_82' title="bbox 424 4953 568 4998; baseline 0.007 -1"><span class='ocrx_word' id='word_1_591' title='bbox 424 4961 449 4997; x_wconf 60' lang='grc' dir='ltr'><strong>ὃ</strong></span> <span class='ocrx_word' id='word_1_592' title='bbox 456 4959 524 4998; x_wconf 74' lang='grc' dir='ltr'><strong>ω]</strong></span> <span class='ocrx_word' id='word_1_593' title='bbox 532 4953 568 4998; x_wconf 83' lang='grc' dir='ltr'>ι.</span> 
     </span>
    </p>
   </div>
   <div class='ocr_carea' id='block_1_83' title="bbox 667 5036 1746 5107">
    <p class='ocr_par' dir='ltr' id='par_1_83' title="bbox 667 5036 1746 5107">
     <span class='ocr_line' id='line_1_83' title="bbox 667 5036 1746 5107; baseline -0.001 -15"><span class='ocrx_word' id='word_1_594' title='bbox 667 5037 727 5069; x_wconf 55' lang='grc' dir='ltr'><strong>δ’·</strong></span> <span class='ocrx_word' id='word_1_595' title='bbox 749 5036 978 5107; x_wconf 83' lang='lat' dir='ltr'><strong>Spiritus</strong></span> <span class='ocrx_word' id='word_1_596' title='bbox 1001 5045 1212 5091; x_wconf 77' lang='lat' dir='ltr'><strong>sanctus</strong></span> <span class='ocrx_word' id='word_1_597' title='bbox 1244 5038 1568 5104; x_wconf 81' lang='lat' dir='ltr'><strong>superveniet</strong></span> <span class='ocrx_word' id='word_1_598' title='bbox 1591 5037 1647 5089; x_wconf 86' lang='lat' dir='ltr'><strong>in</strong></span> <span class='ocrx_word' id='word_1_599' title='bbox 1678 5047 1746 5091; x_wconf 88' lang='lat' dir='ltr'><strong>te.</strong></span> 
     </span>
    </p>
   </div>
   <div class='ocr_carea' id='block_1_84' title="bbox 499 5126 1996 5200">
    <p class='ocr_par' dir='ltr' id='par_1_84' title="bbox 499 5126 1996 5200">
     <span class='ocr_line' id='line_1_84' title="bbox 499 5126 1996 5200; baseline 0.003 -18"><span class='ocrx_word' id='word_1_600' title='bbox 499 5126 639 5185; x_wconf 83' lang='lat' dir='ltr'><strong>Deus</strong></span> <span class='ocrx_word' id='word_1_601' title='bbox 663 5142 768 5194; x_wconf 91' lang='lat' dir='ltr'><strong>est,</strong></span> <span class='ocrx_word' id='word_1_602' title='bbox 796 5130 989 5199; x_wconf 91' lang='lat' dir='ltr'><strong>inquit,</strong></span> <span class='ocrx_word' id='word_1_603' title='bbox 1029 5130 1119 5198; x_wconf 90' lang='lat' dir='ltr'><strong>qui</strong></span> <span class='ocrx_word' id='word_1_604' title='bbox 1173 5139 1462 5198; x_wconf 82' lang='lat' dir='ltr'><strong>Operatur,</strong></span> <span class='ocrx_word' id='word_1_605' title='bbox 1490 5143 1556 5182; x_wconf 89' lang='lat' dir='ltr'><strong>ne</strong></span> <span class='ocrx_word' id='word_1_606' title='bbox 1585 5131 1830 5200; x_wconf 81' lang='lat' dir='ltr'><strong>ambigas</strong></span> <span class='ocrx_word' id='word_1_607' title='bbox 1859 5147 1873 5195; x_wconf 89' lang='lat'><strong>;</strong></span> <span class='ocrx_word' id='word_1_608' title='bbox 1906 5131 1996 5186; x_wconf 71' lang='lat' dir='ltr'><strong>ille</strong></span> 
     </span>
    </p>
   </div>
   <div class='ocr_carea' id='block_1_85' title="bbox 426 5219 1995 5293">
    <p class='ocr_par' dir='ltr' id='par_1_85' title="bbox 426 5219 1995 5293">
     <span class='ocr_line' id='line_1_85' title="bbox 426 5219 1995 5293; baseline 0.003 -21"><span class='ocrx_word' id='word_1_609' title='bbox 426 5219 660 5284; x_wconf 80' lang='lat' dir='ltr'><strong>scilicet,</strong></span> <span class='ocrx_word' id='word_1_610' title='bbox 694 5224 787 5293; x_wconf 88' lang='lat' dir='ltr'><strong>qui</strong></span> <span class='ocrx_word' id='word_1_611' title='bbox 818 5226 978 5279; x_wconf 88' lang='lat' dir='ltr'><strong>etiam</strong></span> <span class='ocrx_word' id='word_1_612' title='bbox 1011 5221 1238 5277; x_wconf 85' lang='lat' dir='ltr'><strong>senilem</strong></span> <span class='ocrx_word' id='word_1_613' title='bbox 1287 5230 1700 5289; x_wconf 88' lang='lat' dir='ltr'><strong>emortuamque</strong></span> <span class='ocrx_word' id='word_1_614' title='bbox 1745 5235 1995 5277; x_wconf 81' lang='lat' dir='ltr'><strong>naturam</strong></span> 
     </span>
    </p>
   </div>
   <div class='ocr_carea' id='block_1_86' title="bbox 426 5314 1391 5376">
    <p class='ocr_par' dir='ltr' id='par_1_86' title="bbox 426 5314 1391 5376">
     <span class='ocr_line' id='line_1_86' title="bbox 426 5314 1391 5376; baseline 0.004 -10"><span class='ocrx_word' id='word_1_615' title='bbox 426 5314 761 5376; x_wconf 81' lang='lat' dir='ltr'><strong>corroborat,</strong></span> <span class='ocrx_word' id='word_1_616' title='bbox 789 5315 898 5370; x_wconf 90' lang='lat' dir='ltr'><strong>imo</strong></span> <span class='ocrx_word' id='word_1_617' title='bbox 925 5316 968 5370; x_wconf 88' lang='lat' dir='ltr'><strong>si</strong></span> <span class='ocrx_word' id='word_1_618' title='bbox 993 5315 1119 5370; x_wconf 81' lang='lat' dir='ltr'><strong>velit</strong></span> <span class='ocrx_word' id='word_1_619' title='bbox 1151 5315 1391 5370; x_wconf 86' lang='lat' dir='ltr'><strong>innovat.</strong></span> 
     </span>
    </p>
   </div>
   <div class='ocr_carea' id='block_1_87' title="bbox 591 5403 1832 5475">
    <p class='ocr_par' dir='ltr' id='par_1_87' title="bbox 591 5403 1832 5475">
     <span class='ocr_line' id='line_1_87' title="bbox 591 5403 1832 5475; baseline 0.004 -18"><span class='ocrx_word' id='word_1_620' title='bbox 591 5403 640 5436; x_wconf 78' lang='grc'><strong>⁵⁸</strong></span> <span class='ocrx_word' id='word_1_621' title='bbox 670 5404 811 5458; x_wconf 74' lang='lat' dir='ltr'><strong>Dixit</strong></span> <span class='ocrx_word' id='word_1_622' title='bbox 839 5407 1012 5461; x_wconf 76' lang='lat' dir='ltr'><strong>Maria</strong></span> <span class='ocrx_word' id='word_1_623' title='bbox 1032 5423 1050 5460; x_wconf 90' lang='lat'><strong><em>:</em></strong></span> <span class='ocrx_word' id='word_1_624' title='bbox 1078 5405 1213 5461; x_wconf 82' lang='lat' dir='ltr'><strong>Ecce</strong></span> <span class='ocrx_word' id='word_1_625' title='bbox 1248 5406 1442 5460; x_wconf 86' lang='lat' dir='ltr'><strong>ancan</strong></span> <span class='ocrx_word' id='word_1_626' title='bbox 1468 5407 1700 5475; x_wconf 85' lang='lat' dir='ltr'><strong>Domini,</strong></span> <span class='ocrx_word' id='word_1_627' title='bbox 1727 5418 1832 5464; x_wconf 91' lang='lat' dir='ltr'><strong>cte.</strong></span> 
     </span>
    </p>
   </div>
   <div class='ocr_carea' id='block_1_88' title="bbox 498 5496 1990 5574">
    <p class='ocr_par' dir='ltr' id='par_1_88' title="bbox 498 5496 1990 5574">
     <span class='ocr_line' id='line_1_88' title="bbox 498 5496 1990 5574; baseline 0.005 -25"><span class='ocrx_word' id='word_1_628' title='bbox 498 5496 709 5551; x_wconf 82' lang='lat' dir='ltr'><strong>Ancilla</strong></span> <span class='ocrx_word' id='word_1_629' title='bbox 752 5499 964 5574; x_wconf 83' lang='lat' dir='ltr'><strong>Domini</strong></span> <span class='ocrx_word' id='word_1_630' title='bbox 997 5515 1155 5566; x_wconf 82' lang='lat' dir='ltr'><strong>smn;</strong></span> <span class='ocrx_word' id='word_1_631' title='bbox 1189 5499 1369 5555; x_wconf 85' lang='lat' dir='ltr'><strong>tabula</strong></span> <span class='ocrx_word' id='word_1_632' title='bbox 1394 5501 1622 5571; x_wconf 86' lang='lat' dir='ltr'><strong>pictoria</strong></span> <span class='ocrx_word' id='word_1_633' title='bbox 1650 5516 1802 5566; x_wconf 89' lang='lat' dir='ltr'><strong>sum;</strong></span> <span class='ocrx_word' id='word_1_634' title='bbox 1833 5501 1990 5571; x_wconf 85' lang='lat' dir='ltr'><strong>quid-</strong></span> 
     </span>
    </p>
   </div>
   <div class='ocr_carea' id='block_1_89' title="bbox 2096 3199 3669 3274">
    <p class='ocr_par' dir='ltr' id='par_1_89' title="bbox 2096 3199 3669 3274">
     <span class='ocr_line' id='line_1_89' title="bbox 2096 3199 3669 3274; baseline -0.003 -18"><span class='ocrx_word' id='word_1_635' title='bbox 2096 3204 2197 3274; x_wconf 80' lang='grc' dir='ltr'>τῆς</span> <span class='ocrx_word' id='word_1_636' title='bbox 2218 3203 2398 3256; x_wconf 75' lang='grc' dir='ltr'>ἐνθέου</span> <span class='ocrx_word' id='word_1_637' title='bbox 2425 3202 2789 3266; x_wconf 83' lang='grc' dir='ltr'>διδασκαλίας.</span> <span class='ocrx_word' id='word_1_638' title='bbox 2817 3199 2976 3256; x_wconf 84' lang='grc' dir='ltr'>Οἷκον</span> <span class='ocrx_word' id='word_1_639' title='bbox 3001 3201 3056 3254; x_wconf 76' lang='grc' dir='ltr'>δὲ</span> <span class='ocrx_word' id='word_1_640' title='bbox 3073 3199 3284 3264; x_wconf 82' lang='grc' dir='ltr'>Ἰακὼϐ,</span> <span class='ocrx_word' id='word_1_641' title='bbox 3317 3199 3390 3270; x_wconf 81' lang='grc' dir='ltr'><strong>μὴ</strong></span> <span class='ocrx_word' id='word_1_642' title='bbox 3413 3199 3502 3252; x_wconf 81' lang='grc' dir='ltr'>τὸν</span> <span class='ocrx_word' id='word_1_643' title='bbox 3537 3199 3669 3251; x_wconf 87' lang='grc' dir='ltr'>Ὶου-</span> 
     </span>
    </p>
   </div>
   <div class='ocr_carea' id='block_1_90' title="bbox 2096 3286 3668 3362">
    <p class='ocr_par' dir='ltr' id='par_1_90' title="bbox 2096 3286 3668 3362">
     <span class='ocr_line' id='line_1_90' title="bbox 2096 3286 3668 3362; baseline -0.003 -17"><span class='ocrx_word' id='word_1_644' title='bbox 2096 3291 2259 3345; x_wconf 88' lang='grc' dir='ltr'>δαίων</span> <span class='ocrx_word' id='word_1_645' title='bbox 2280 3291 2405 3345; x_wconf 84' lang='grc' dir='ltr'>λαὸν</span> <span class='ocrx_word' id='word_1_646' title='bbox 2429 3290 2616 3362; x_wconf 79' lang='grc' dir='ltr'>νόμιζε</span> <span class='ocrx_word' id='word_1_647' title='bbox 2674 3291 2853 3362; x_wconf 86' lang='grc' dir='ltr'>μόνον,</span> <span class='ocrx_word' id='word_1_648' title='bbox 2904 3289 3039 3344; x_wconf 84' lang='grc' dir='ltr'>ἀλλὰ</span> <span class='ocrx_word' id='word_1_649' title='bbox 3069 3290 3275 3352; x_wconf 79' lang='grc' dir='ltr'>πάντας</span> <span class='ocrx_word' id='word_1_650' title='bbox 3307 3290 3430 3352; x_wconf 80' lang='grc' dir='ltr'>τοὺς</span> <span class='ocrx_word' id='word_1_651' title='bbox 3461 3286 3549 3341; x_wconf 81' lang='grc' dir='ltr'>διὰ</span> <span class='ocrx_word' id='word_1_652' title='bbox 3569 3288 3668 3358; x_wconf 77' lang='grc' dir='ltr'>τῆς</span> 
     </span>
    </p>
   </div>
   <div class='ocr_carea' id='block_1_91' title="bbox 2098 3379 3667 3454">
    <p class='ocr_par' dir='ltr' id='par_1_91' title="bbox 2098 3379 3667 3454">
     <span class='ocr_line' id='line_1_91' title="bbox 2098 3379 3667 3454; baseline -0.005 -18"><span class='ocrx_word' id='word_1_653' title='bbox 2098 3383 2341 3454; x_wconf 78' lang='grc' dir='ltr'>κλήσεως</span> <span class='ocrx_word' id='word_1_654' title='bbox 2363 3382 2454 3437; x_wconf 85' lang='grc' dir='ltr'><strong>τοῦ</strong></span> <span class='ocrx_word' id='word_1_655' title='bbox 2480 3382 2731 3454; x_wconf 83' lang='grc' dir='ltr'>Σωτῆρος</span> <span class='ocrx_word' id='word_1_656' title='bbox 2767 3382 2828 3448; x_wconf 76' lang='grc' dir='ltr'>ἐξ</span> <span class='ocrx_word' id='word_1_657' title='bbox 2857 3382 3112 3439; x_wconf 79' lang='grc' dir='ltr'>ἁπάντων</span> <span class='ocrx_word' id='word_1_658' title='bbox 3129 3382 3236 3434; x_wconf 88' lang='grc' dir='ltr'><strong>τῶν</strong></span> <span class='ocrx_word' id='word_1_659' title='bbox 3263 3380 3432 3434; x_wconf 82' lang='grc' dir='ltr'>ἐθνῶν</span> <span class='ocrx_word' id='word_1_660' title='bbox 3461 3382 3538 3442; x_wconf 83' lang='grc' dir='ltr'><strong>εἰς</strong></span> <span class='ocrx_word' id='word_1_661' title='bbox 3569 3379 3667 3449; x_wconf 75' lang='grc' dir='ltr'>τὴν</span> 
     </span>
    </p>
   </div>
   <div class='ocr_carea' id='block_1_92' title="bbox 2096 3472 3665 3548">
    <p class='ocr_par' dir='ltr' id='par_1_92' title="bbox 2096 3472 3665 3548">
     <span class='ocr_line' id='line_1_92' title="bbox 2096 3472 3665 3548; baseline -0.004 -16"><span class='ocrx_word' id='word_1_662' title='bbox 2096 3480 2204 3533; x_wconf 88' lang='grc' dir='ltr'><strong>τῶν</strong></span> <span class='ocrx_word' id='word_1_663' title='bbox 2251 3480 2421 3548; x_wconf 84' lang='grc' dir='ltr'>ἁγίων</span> <span class='ocrx_word' id='word_1_664' title='bbox 2471 3478 2741 3532; x_wconf 79' lang='grc' dir='ltr'>υἱοθεσίαν</span> <span class='ocrx_word' id='word_1_665' title='bbox 2790 3477 3248 3547; x_wconf 82' lang='grc' dir='ltr'>είσποιουμένους.</span> <span class='ocrx_word' id='word_1_666' title='bbox 3296 3476 3352 3529; x_wconf 84' lang='lat' dir='ltr'><strong>&#39;t)</strong></span> <span class='ocrx_word' id='word_1_667' title='bbox 3397 3474 3522 3537; x_wconf 76' lang='grc' dir='ltr'>λαδς</span> <span class='ocrx_word' id='word_1_668' title='bbox 3571 3472 3665 3526; x_wconf 86' lang='grc' dir='ltr'><strong>τοῦ</strong></span> 
     </span>
    </p>
   </div>
   <div class='ocr_carea' id='block_1_93' title="bbox 2096 3564 3668 3642">
    <p class='ocr_par' dir='ltr' id='par_1_93' title="bbox 2096 3564 3668 3642">
     <span class='ocr_line' id='line_1_93' title="bbox 2096 3564 3668 3642; baseline -0.005 -17"><span class='ocrx_word' id='word_1_669' title='bbox 2096 3571 2229 3625; x_wconf 85' lang='grc' dir='ltr'>Θεοῦ</span> <span class='ocrx_word' id='word_1_670' title='bbox 2261 3571 2387 3625; x_wconf 70' lang='grc' dir='ltr'>ποτὲ</span> <span class='ocrx_word' id='word_1_671' title='bbox 2423 3572 2520 3642; x_wconf 81' lang='grc' dir='ltr'><strong>μὲν</strong></span> <span class='ocrx_word' id='word_1_672' title='bbox 2570 3568 2758 3624; x_wconf 80' lang='grc' dir='ltr'>Ἰακὼὸ</span> <span class='ocrx_word' id='word_1_673' title='bbox 2789 3569 3049 3632; x_wconf 83' lang='grc' dir='ltr'>καλεῖται,</span> <span class='ocrx_word' id='word_1_674' title='bbox 3083 3569 3214 3621; x_wconf 85' lang='grc' dir='ltr'>ποτὲ</span> <span class='ocrx_word' id='word_1_675' title='bbox 3248 3567 3302 3620; x_wconf 83' lang='grc' dir='ltr'>δὲ</span> <span class='ocrx_word' id='word_1_676' title='bbox 3342 3564 3580 3637; x_wconf 77' lang='grc' dir='ltr'>Ἰσραήλ’</span> <span class='ocrx_word' id='word_1_677' title='bbox 3635 3565 3668 3617; x_wconf 88' lang='grc' dir='ltr'>ὁ</span> 
     </span>
    </p>
   </div>
   <div class='ocr_carea' id='block_1_94' title="bbox 2101 3658 3665 3736">
    <p class='ocr_par' dir='ltr' id='par_1_94' title="bbox 2101 3658 3665 3736">
     <span class='ocr_line' id='line_1_94' title="bbox 2101 3658 3665 3736; baseline -0.006 -17"><span class='ocrx_word' id='word_1_678' title='bbox 2101 3664 2388 3736; x_wconf 80' lang='grc' dir='ltr'>αὐτὸςγάρ</span> <span class='ocrx_word' id='word_1_679' title='bbox 2423 3659 2492 3734; x_wconf 79' lang='grc' dir='ltr'>ἦν</span> <span class='ocrx_word' id='word_1_680' title='bbox 2543 3664 2638 3717; x_wconf 69' lang='grc' dir='ltr'>καὶ</span> <span class='ocrx_word' id='word_1_681' title='bbox 2680 3661 2894 3734; x_wconf 82' lang='grc' dir='ltr'>Ἰσραὴλ</span> <span class='ocrx_word' id='word_1_682' title='bbox 2943 3661 3036 3715; x_wconf 80' lang='grc' dir='ltr'>καὶ</span> <span class='ocrx_word' id='word_1_683' title='bbox 3093 3659 3319 3714; x_wconf 77' lang='grc' dir='ltr'>Ἰακώ6’</span> <span class='ocrx_word' id='word_1_684' title='bbox 3367 3660 3458 3713; x_wconf 56' lang='grc' dir='ltr'><strong>καί⁵</strong></span> <span class='ocrx_word' id='word_1_685' title='bbox 3505 3658 3665 3726; x_wconf 76' lang='grc' dir='ltr'>φύσει</span> 
     </span>
    </p>
   </div>
   <div class='ocr_carea' id='block_1_95' title="bbox 2100 3749 3667 3828">
    <p class='ocr_par' dir='ltr' id='par_1_95' title="bbox 2100 3749 3667 3828">
     <span class='ocr_line' id='line_1_95' title="bbox 2100 3749 3667 3828; baseline -0.005 -18"><span class='ocrx_word' id='word_1_686' title='bbox 2100 3758 2198 3828; x_wconf 82' lang='grc' dir='ltr'>μὲν</span> <span class='ocrx_word' id='word_1_687' title='bbox 2234 3755 2428 3809; x_wconf 85' lang='grc' dir='ltr'>Ἰακὼὸ</span> <span class='ocrx_word' id='word_1_688' title='bbox 2457 3751 2525 3826; x_wconf 82' lang='grc' dir='ltr'>ἦν</span> <span class='ocrx_word' id='word_1_689' title='bbox 2554 3756 2582 3808; x_wconf 85' lang='grc' dir='ltr'>ὁ</span> <span class='ocrx_word' id='word_1_690' title='bbox 2624 3754 2848 3818; x_wconf 85' lang='grc' dir='ltr'>παλαιὸς</span> <span class='ocrx_word' id='word_1_691' title='bbox 2870 3753 3018 3816; x_wconf 78' lang='grc' dir='ltr'>λαὸς,</span> <span class='ocrx_word' id='word_1_692' title='bbox 3067 3752 3141 3816; x_wconf 81' lang='grc' dir='ltr'>ὡς</span> <span class='ocrx_word' id='word_1_693' title='bbox 3187 3751 3246 3816; x_wconf 81' lang='grc' dir='ltr'>ἐξ</span> <span class='ocrx_word' id='word_1_694' title='bbox 3289 3750 3481 3804; x_wconf 76' lang='grc' dir='ltr'>Ἰακὼϐ</span> <span class='ocrx_word' id='word_1_695' title='bbox 3524 3749 3667 3802; x_wconf 70' lang='grc' dir='ltr'>κατὰ</span> 
     </span>
    </p>
   </div>
   <div class='ocr_carea' id='block_1_96' title="bbox 2096 3843 3665 3922">
    <p class='ocr_par' dir='ltr' id='par_1_96' title="bbox 2096 3843 3665 3922">
     <span class='ocr_line' id='line_1_96' title="bbox 2096 3843 3665 3922; baseline -0.006 -18"><span class='ocrx_word' id='word_1_696' title='bbox 2096 3851 2191 3922; x_wconf 77' lang='grc' dir='ltr'>τὴν</span> <span class='ocrx_word' id='word_1_697' title='bbox 2205 3849 2262 3916; x_wconf 80' lang='grc' dir='ltr'>ἐξ</span> <span class='ocrx_word' id='word_1_698' title='bbox 2288 3849 2516 3918; x_wconf 78' lang='grc' dir='ltr'>αἵματος</span> <span class='ocrx_word' id='word_1_699' title='bbox 2550 3848 2867 3916; x_wconf 85' lang='grc' dir='ltr'>συγγένειαν</span> <span class='ocrx_word' id='word_1_700' title='bbox 2888 3864 2901 3877; x_wconf 71' lang='grc' dir='ltr'><strong>ο</strong></span> <span class='ocrx_word' id='word_1_701' title='bbox 2930 3846 3074 3899; x_wconf 81' lang='grc' dir='ltr'>θέσει</span> <span class='ocrx_word' id='word_1_702' title='bbox 3095 3845 3173 3907; x_wconf 84' lang='grc' dir='ltr'>δὲ,</span> <span class='ocrx_word' id='word_1_703' title='bbox 3202 3843 3360 3907; x_wconf 87' lang='grc' dir='ltr'>ὁνέος</span> <span class='ocrx_word' id='word_1_704' title='bbox 3385 3843 3508 3907; x_wconf 83' lang='grc' dir='ltr'>λαὸς</span> <span class='ocrx_word' id='word_1_705' title='bbox 3523 3843 3665 3896; x_wconf 80' lang='grc' dir='ltr'>κατὰ</span> 
     </span>
    </p>
   </div>
   <div class='ocr_carea' id='block_1_97' title="bbox 2093 3934 3667 4015">
    <p class='ocr_par' dir='ltr' id='par_1_97' title="bbox 2093 3934 3667 4015">
     <span class='ocr_line' id='line_1_97' title="bbox 2093 3934 3667 4015; baseline -0.007 -19"><span class='ocrx_word' id='word_1_706' title='bbox 2093 3944 2192 4015; x_wconf 80' lang='grc' dir='ltr'>τὴν</span> <span class='ocrx_word' id='word_1_707' title='bbox 2234 3941 2293 4006; x_wconf 81' lang='grc' dir='ltr'><strong>ἐξ</strong></span> <span class='ocrx_word' id='word_1_708' title='bbox 2323 3941 2521 4011; x_wconf 77' lang='grc' dir='ltr'>ἀρετῆς</span> <span class='ocrx_word' id='word_1_709' title='bbox 2554 3940 2903 4008; x_wconf 84' lang='grc' dir='ltr'>συγγένειαν·</span> <span class='ocrx_word' id='word_1_710' title='bbox 2962 3936 3282 4009; x_wconf 84' lang='grc' dir='ltr'>ἀντεισήχθη</span> <span class='ocrx_word' id='word_1_711' title='bbox 3330 3934 3437 4006; x_wconf 77' lang='grc' dir='ltr'>γὰρ</span> <span class='ocrx_word' id='word_1_712' title='bbox 3472 3937 3500 3987; x_wconf 90' lang='grc' dir='ltr'>ὁ</span> <span class='ocrx_word' id='word_1_713' title='bbox 3547 3935 3667 3998; x_wconf 81' lang='grc' dir='ltr'>νέος</span> 
     </span>
    </p>
   </div>
   <div class='ocr_carea' id='block_1_98' title="bbox 2094 4023 3661 4093">
    <p class='ocr_par' dir='ltr' id='par_1_98' title="bbox 2094 4023 3661 4093">
     <span class='ocr_line' id='line_1_98' title="bbox 2094 4023 3661 4093; baseline -0.009 -5"><span class='ocrx_word' id='word_1_714' title='bbox 2094 4035 2187 4088; x_wconf 88' lang='grc' dir='ltr'><strong>τοῦ</strong></span> <span class='ocrx_word' id='word_1_715' title='bbox 2221 4032 2470 4088; x_wconf 79' lang='grc' dir='ltr'>παλαιοῦ.</span> <span class='ocrx_word' id='word_1_716' title='bbox 2499 4032 2697 4086; x_wconf 82' lang='grc' dir='ltr'>Λοιπὸν</span> <span class='ocrx_word' id='word_1_717' title='bbox 2727 4026 2820 4083; x_wconf 76' lang='grc' dir='ltr'><strong>οὖν</strong></span> <span class='ocrx_word' id='word_1_718' title='bbox 2858 4030 2950 4082; x_wconf 76' lang='grc' dir='ltr'><strong>ἐπὶ</strong></span> <span class='ocrx_word' id='word_1_719' title='bbox 2987 4028 3172 4082; x_wconf 81' lang='grc' dir='ltr'>τοῦτον</span> <span class='ocrx_word' id='word_1_720' title='bbox 3211 4027 3301 4078; x_wconf 82' lang='grc' dir='ltr'>τὸν</span> <span class='ocrx_word' id='word_1_721' title='bbox 3325 4025 3451 4078; x_wconf 80' lang='grc' dir='ltr'>λαὸν</span> <span class='ocrx_word' id='word_1_722' title='bbox 3511 4023 3661 4093; x_wconf 81' lang='grc' dir='ltr'>βασι-</span> 
     </span>
    </p>
   </div>
   <div class='ocr_carea' id='block_1_99' title="bbox 2095 4114 3660 4193">
    <p class='ocr_par' dir='ltr' id='par_1_99' title="bbox 2095 4114 3660 4193">
     <span class='ocr_line' id='line_1_99' title="bbox 2095 4114 3660 4193; baseline -0.01 -14"><span class='ocrx_word' id='word_1_723' title='bbox 2095 4126 2273 4179; x_wconf 83' lang='grc' dir='ltr'>λεύσει</span> <span class='ocrx_word' id='word_1_724' title='bbox 2296 4127 2373 4188; x_wconf 89' lang='grc' dir='ltr'><strong>εἰς</strong></span> <span class='ocrx_word' id='word_1_725' title='bbox 2391 4125 2482 4178; x_wconf 84' lang='grc' dir='ltr'>τὸν</span> <span class='ocrx_word' id='word_1_726' title='bbox 2507 4124 2695 4186; x_wconf 87' lang='grc' dir='ltr'>αἰῶνα,</span> <span class='ocrx_word' id='word_1_727' title='bbox 2725 4123 2891 4193; x_wconf 75' lang='grc' dir='ltr'>ἡγουν</span> <span class='ocrx_word' id='word_1_728' title='bbox 2913 4120 3020 4184; x_wconf 75' lang='grc' dir='ltr'>ἀεὶ,</span> <span class='ocrx_word' id='word_1_729' title='bbox 3049 4119 3111 4173; x_wconf 73' lang='grc' dir='ltr'>ἐκ</span> <span class='ocrx_word' id='word_1_730' title='bbox 3140 4136 3198 4172; x_wconf 87' lang='grc' dir='ltr'><strong>τε</strong></span> <span class='ocrx_word' id='word_1_731' title='bbox 3222 4117 3330 4170; x_wconf 88' lang='grc' dir='ltr'><strong>τῶν</strong></span> <span class='ocrx_word' id='word_1_732' title='bbox 3364 4115 3538 4187; x_wconf 77' lang='grc' dir='ltr'>ἔργων</span> <span class='ocrx_word' id='word_1_733' title='bbox 3565 4114 3660 4166; x_wconf 75' lang='grc' dir='ltr'>καὶ</span> 
     </span>
    </p>
   </div>
   <div class='ocr_carea' id='block_1_100' title="bbox 2095 4210 3665 4286">
    <p class='ocr_par' dir='ltr' id='par_1_100' title="bbox 2095 4210 3665 4286">
     <span class='ocr_line' id='line_1_100' title="bbox 2095 4210 3665 4286; baseline -0.008 -14"><span class='ocrx_word' id='word_1_734' title='bbox 2095 4218 2202 4272; x_wconf 86' lang='grc' dir='ltr'><strong>τῶν</strong></span> <span class='ocrx_word' id='word_1_735' title='bbox 2225 4218 2395 4285; x_wconf 86' lang='grc' dir='ltr'>λόγων</span> <span class='ocrx_word' id='word_1_736' title='bbox 2419 4217 2708 4286; x_wconf 79' lang='grc' dir='ltr'>ἐπιγνόντα</span> <span class='ocrx_word' id='word_1_737' title='bbox 2739 4216 2917 4275; x_wconf 80' lang='grc' dir='ltr'>αὐτὸν,</span> <span class='ocrx_word' id='word_1_738' title='bbox 2957 4214 3052 4266; x_wconf 73' lang='grc' dir='ltr'><strong>καὶ</strong></span> <span class='ocrx_word' id='word_1_739' title='bbox 3098 4211 3359 4273; x_wconf 81' lang='grc' dir='ltr'>ἑκουσίως</span> <span class='ocrx_word' id='word_1_740' title='bbox 3403 4210 3665 4261; x_wconf 82' lang='grc' dir='ltr'>ὑποτετα-</span> 
     </span>
    </p>
   </div>
   <div class='ocr_carea' id='block_1_101' title="bbox 2096 4297 3663 4377">
    <p class='ocr_par' dir='ltr' id='par_1_101' title="bbox 2096 4297 3663 4377">
     <span class='ocr_line' id='line_1_101' title="bbox 2096 4297 3663 4377; baseline -0.008 -17"><span class='ocrx_word' id='word_1_741' title='bbox 2096 4308 2298 4377; x_wconf 88' lang='grc' dir='ltr'>γμένον</span> <span class='ocrx_word' id='word_1_742' title='bbox 2324 4305 2470 4376; x_wconf 83' lang='grc' dir='ltr'><strong>αὑτῷ</strong></span> <span class='ocrx_word' id='word_1_743' title='bbox 2488 4323 2502 4335; x_wconf 88' lang='grc'><strong>·</strong></span> <span class='ocrx_word' id='word_1_744' title='bbox 2531 4306 2560 4357; x_wconf 86' lang='grc' dir='ltr'>ὁ</span> <span class='ocrx_word' id='word_1_745' title='bbox 2587 4304 2694 4377; x_wconf 85' lang='grc' dir='ltr'><strong>γὰρ</strong></span> <span class='ocrx_word' id='word_1_746' title='bbox 2724 4303 2954 4375; x_wconf 82' lang='grc' dir='ltr'>Χριστὸς</span> <span class='ocrx_word' id='word_1_747' title='bbox 2976 4298 3044 4373; x_wconf 82' lang='grc' dir='ltr'>ἦν</span> <span class='ocrx_word' id='word_1_748' title='bbox 3079 4301 3176 4372; x_wconf 84' lang='grc' dir='ltr'>μὲν</span> <span class='ocrx_word' id='word_1_749' title='bbox 3193 4297 3440 4370; x_wconf 78' lang='grc' dir='ltr'>βασιλεὺς</span> <span class='ocrx_word' id='word_1_750' title='bbox 3466 4299 3557 4351; x_wconf 79' lang='grc' dir='ltr'>καὶ</span> <span class='ocrx_word' id='word_1_751' title='bbox 3587 4297 3663 4359; x_wconf 85' lang='grc' dir='ltr'>ὡς</span> 
     </span>
    </p>
   </div>
   <div class='ocr_carea' id='block_1_102' title="bbox 2094 4388 3664 4465">
    <p class='ocr_par' dir='ltr' id='par_1_102' title="bbox 2094 4388 3664 4465">
     <span class='ocr_line' id='line_1_102' title="bbox 2094 4388 3664 4465; baseline -0.006 -14"><span class='ocrx_word' id='word_1_752' title='bbox 2094 4399 2253 4462; x_wconf 54' lang='grc' dir='ltr'>Θεὸς</span> <span class='ocrx_word' id='word_1_753' title='bbox 2306 4398 2667 4462; x_wconf 72' lang='grc' dir='ltr'>Ἠβασιλεία</span> <span class='ocrx_word' id='word_1_754' title='bbox 2702 4395 2829 4465; x_wconf 89' lang='grc' dir='ltr'><strong>γάρ,</strong></span> <span class='ocrx_word' id='word_1_755' title='bbox 2859 4395 3042 4464; x_wconf 60' lang='grc' dir='ltr'>φησι),</span> <span class='ocrx_word' id='word_1_756' title='bbox 3066 4395 3103 4460; x_wconf 78' lang='grc' dir='ltr'><em>ἠ</em></span> <span class='ocrx_word' id='word_1_757' title='bbox 3124 4392 3236 4461; x_wconf 80' lang='grc' dir='ltr'><strong>ὲμή</strong></span> <span class='ocrx_word' id='word_1_758' title='bbox 3268 4393 3379 4444; x_wconf 81' lang='grc' dir='ltr'>οὐκ</span> <span class='ocrx_word' id='word_1_759' title='bbox 3400 4389 3569 4443; x_wconf 74' lang='grc' dir='ltr'>ἔστιν</span> <span class='ocrx_word' id='word_1_760' title='bbox 3593 4388 3664 4442; x_wconf 66' lang='grc' dir='ltr'>ἐκ</span> 
     </span>
    </p>
   </div>
   <div class='ocr_carea' id='block_1_103' title="bbox 2095 4477 3661 4560">
    <p class='ocr_par' dir='ltr' id='par_1_103' title="bbox 2095 4477 3661 4560">
     <span class='ocr_line' id='line_1_103' title="bbox 2095 4477 3661 4560; baseline -0.009 -14"><span class='ocrx_word' id='word_1_761' title='bbox 2095 4491 2202 4546; x_wconf 86' lang='grc' dir='ltr'><strong>τοῦ</strong></span> <span class='ocrx_word' id='word_1_762' title='bbox 2221 4494 2452 4560; x_wconf 83' lang='grc' dir='ltr'>κόσμου</span> <span class='ocrx_word' id='word_1_763' title='bbox 2467 4491 2680 4543; x_wconf 82' lang='grc' dir='ltr'>τούτου</span> <span class='ocrx_word' id='word_1_764' title='bbox 2708 4506 2719 4518; x_wconf 94' lang='grc'><strong>·</strong></span> <span class='ocrx_word' id='word_1_765' title='bbox 2745 4484 2812 4558; x_wconf 76' lang='grc' dir='ltr'>ἦν</span> <span class='ocrx_word' id='word_1_766' title='bbox 2850 4487 2905 4540; x_wconf 83' lang='grc' dir='ltr'>δὲ</span> <span class='ocrx_word' id='word_1_767' title='bbox 2950 4487 3044 4539; x_wconf 75' lang='grc' dir='ltr'>καὶ</span> <span class='ocrx_word' id='word_1_768' title='bbox 3083 4485 3158 4548; x_wconf 85' lang='grc' dir='ltr'>ὡς</span> <span class='ocrx_word' id='word_1_769' title='bbox 3196 4483 3513 4554; x_wconf 79' lang='grc' dir='ltr'>ἄνθρωπος’</span> <span class='ocrx_word' id='word_1_770' title='bbox 3549 4477 3661 4549; x_wconf 82' lang='grc' dir='ltr'>εἶχε</span> 
     </span>
    </p>
   </div>
   <div class='ocr_carea' id='block_1_104' title="bbox 2095 4574 3665 4655">
    <p class='ocr_par' dir='ltr' id='par_1_104' title="bbox 2095 4574 3665 4655">
     <span class='ocr_line' id='line_1_104' title="bbox 2095 4574 3665 4655; baseline -0.008 -18"><span class='ocrx_word' id='word_1_771' title='bbox 2095 4585 2200 4655; x_wconf 70' lang='grc' dir='ltr'><strong>γὰρ</strong></span> <span class='ocrx_word' id='word_1_772' title='bbox 2231 4583 2365 4654; x_wconf 78' lang='grc' dir='ltr'>ἔργα</span> <span class='ocrx_word' id='word_1_773' title='bbox 2402 4582 2658 4653; x_wconf 85' lang='grc' dir='ltr'>βασιλέως</span> <span class='ocrx_word' id='word_1_774' title='bbox 2689 4581 2749 4633; x_wconf 84' lang='grc' dir='ltr'>τὸ</span> <span class='ocrx_word' id='word_1_775' title='bbox 2774 4577 3079 4650; x_wconf 84' lang='grc' dir='ltr'>νομοθετεῖν</span> <span class='ocrx_word' id='word_1_776' title='bbox 3122 4579 3234 4640; x_wconf 84' lang='grc' dir='ltr'>τοῖς</span> <span class='ocrx_word' id='word_1_777' title='bbox 3271 4574 3530 4646; x_wconf 81' lang='grc' dir='ltr'>ὑπηκόοις</span> <span class='ocrx_word' id='word_1_778' title='bbox 3572 4574 3665 4625; x_wconf 75' lang='grc' dir='ltr'><strong>αὑ-</strong></span> 
     </span>
    </p>
   </div>
   <div class='ocr_carea' id='block_1_105' title="bbox 2095 4665 3662 4746">
    <p class='ocr_par' dir='ltr' id='par_1_105' title="bbox 2095 4665 3662 4746">
     <span class='ocr_line' id='line_1_105' title="bbox 2095 4665 3662 4746; baseline -0.008 -17"><span class='ocrx_word' id='word_1_779' title='bbox 2095 4675 2209 4742; x_wconf 86' lang='grc' dir='ltr'>τοῦ,</span> <span class='ocrx_word' id='word_1_780' title='bbox 2229 4675 2287 4728; x_wconf 85' lang='grc' dir='ltr'>τὸ</span> <span class='ocrx_word' id='word_1_781' title='bbox 2327 4674 2627 4746; x_wconf 76' lang='grc' dir='ltr'>ῥυθμίζειν,</span> <span class='ocrx_word' id='word_1_782' title='bbox 2658 4674 2719 4726; x_wconf 82' lang='grc' dir='ltr'>τὸ</span> <span class='ocrx_word' id='word_1_783' title='bbox 2745 4671 3046 4743; x_wconf 85' lang='grc' dir='ltr'>περιέπειν,</span> <span class='ocrx_word' id='word_1_784' title='bbox 3084 4669 3145 4721; x_wconf 85' lang='grc' dir='ltr'>τὸ</span> <span class='ocrx_word' id='word_1_785' title='bbox 3161 4665 3662 4741; x_wconf 59' lang='grc' dir='ltr'>ὑπεραποθνήσγλιν</span> 
     </span>
    </p>
   </div>
   <div class='ocr_carea' id='block_1_106' title="bbox 2097 4757 3662 4839">
    <p class='ocr_par' dir='ltr' id='par_1_106' title="bbox 2097 4757 3662 4839">
     <span class='ocr_line' id='line_1_106' title="bbox 2097 4757 3662 4839; baseline -0.007 -17"><span class='ocrx_word' id='word_1_786' title='bbox 2097 4768 2274 4823; x_wconf 74' lang='grc' dir='ltr'>αὐτῶν</span> <span class='ocrx_word' id='word_1_787' title='bbox 2297 4787 2309 4798; x_wconf 89' lang='grc'>·</span> <span class='ocrx_word' id='word_1_788' title='bbox 2345 4769 2381 4822; x_wconf 79' lang='grc' dir='ltr'>ἃ</span> <span class='ocrx_word' id='word_1_789' title='bbox 2409 4767 2642 4839; x_wconf 85' lang='grc' dir='ltr'>μάλιστα</span> <span class='ocrx_word' id='word_1_790' title='bbox 2667 4763 3126 4838; x_wconf 76' lang='grc' dir='ltr'>χαρακτηρίζουσι</span> <span class='ocrx_word' id='word_1_791' title='bbox 3171 4762 3260 4814; x_wconf 78' lang='grc' dir='ltr'>τὸν</span> <span class='ocrx_word' id='word_1_792' title='bbox 3306 4759 3476 4831; x_wconf 80' lang='grc' dir='ltr'>ἀληθῆ</span> <span class='ocrx_word' id='word_1_793' title='bbox 3510 4757 3662 4828; x_wconf 78' lang='grc' dir='ltr'>βασι-</span> 
     </span>
    </p>
   </div>
   <div class='ocr_carea' id='block_1_107' title="bbox 2097 4862 2212 4916">
    <p class='ocr_par' dir='ltr' id='par_1_107' title="bbox 2097 4862 2212 4916">
     <span class='ocr_line' id='line_1_107' title="bbox 2097 4862 2212 4916; baseline 0.017 -2"><span class='ocrx_word' id='word_1_794' title='bbox 2097 4862 2212 4916; x_wconf 63' lang='lat' dir='ltr'><strong>lia.</strong></span> 
     </span>
    </p>
   </div>
   <div class='ocr_carea' id='block_1_108' title="bbox 2321 5035 3423 5114">
    <p class='ocr_par' dir='ltr' id='par_1_108' title="bbox 2321 5035 3423 5114">
     <span class='ocr_line' id='line_1_108' title="bbox 2321 5035 3423 5114; baseline -0.012 -14"><span class='ocrx_word' id='word_1_795' title='bbox 2321 5046 2558 5114; x_wconf 79' lang='grc' dir='ltr'>Πνεῦμα</span> <span class='ocrx_word' id='word_1_796' title='bbox 2589 5043 2759 5113; x_wconf 78' lang='grc' dir='ltr'>ἅγιον</span> <span class='ocrx_word' id='word_1_797' title='bbox 2789 5041 3176 5095; x_wconf 75' lang='grc' dir='ltr'>ἐπελεύσεται</span> <span class='ocrx_word' id='word_1_798' title='bbox 3202 5038 3296 5090; x_wconf 77' lang='grc' dir='ltr'><strong>ἐπὶ</strong></span> <span class='ocrx_word' id='word_1_799' title='bbox 3332 5035 3423 5090; x_wconf 85' lang='grc' dir='ltr'>σέ.</span> 
     </span>
    </p>
   </div>
   <div class='ocr_carea' id='block_1_109' title="bbox 2117 5122 3664 5214">
    <p class='ocr_par' dir='ltr' id='par_1_109' title="bbox 2117 5122 3664 5214">
     <span class='ocr_line' id='line_1_109' title="bbox 2117 5122 3664 5214; baseline -0.012 -20"><span class='ocrx_word' id='word_1_800' title='bbox 2117 5206 2126 5214; x_wconf 31' lang='grc'><strong><em>⁸</em></strong></span> <span class='ocrx_word' id='word_1_801' title='bbox 2171 5140 2322 5203; x_wconf 86' lang='grc' dir='ltr'>Θεὸς,</span> <span class='ocrx_word' id='word_1_802' title='bbox 2349 5139 2531 5208; x_wconf 68' lang='grc' dir='ltr'>φησιν,</span> <span class='ocrx_word' id='word_1_803' title='bbox 2553 5137 2580 5188; x_wconf 87' lang='grc' dir='ltr'>ὁ</span> <span class='ocrx_word' id='word_1_804' title='bbox 2609 5134 2868 5206; x_wconf 76' lang='grc' dir='ltr'>ἐνεργῶν,</span> <span class='ocrx_word' id='word_1_805' title='bbox 2895 5134 2968 5205; x_wconf 80' lang='grc' dir='ltr'>μὴ</span> <span class='ocrx_word' id='word_1_806' title='bbox 3007 5129 3306 5203; x_wconf 74' lang='grc' dir='ltr'>ἀμφίϐαλλε</span> <span class='ocrx_word' id='word_1_807' title='bbox 3327 5143 3340 5156; x_wconf 89' lang='grc'><strong>·</strong></span> <span class='ocrx_word' id='word_1_808' title='bbox 3375 5129 3404 5179; x_wconf 81' lang='grc' dir='ltr'>ὁ</span> <span class='ocrx_word' id='word_1_809' title='bbox 3444 5123 3537 5179; x_wconf 69' lang='grc' dir='ltr'><strong>καὶ</strong></span> <span class='ocrx_word' id='word_1_810' title='bbox 3563 5122 3664 5194; x_wconf 75' lang='grc' dir='ltr'>τὴν</span> 
     </span>
    </p>
   </div>
   <div class='ocr_carea' id='block_1_110' title="bbox 2102 5214 3661 5302">
    <p class='ocr_par' dir='ltr' id='par_1_110' title="bbox 2102 5214 3661 5302">
     <span class='ocr_line' id='line_1_110' title="bbox 2102 5214 3661 5302; baseline -0.011 -18"><span class='ocrx_word' id='word_1_811' title='bbox 2102 5232 2261 5302; x_wconf 71' lang='grc' dir='ltr'>φύσιν</span> <span class='ocrx_word' id='word_1_812' title='bbox 2301 5233 2669 5302; x_wconf 83' lang='grc' dir='ltr'>γεγηρακυῖαν</span> <span class='ocrx_word' id='word_1_813' title='bbox 2700 5229 2794 5281; x_wconf 77' lang='grc' dir='ltr'>καὶ</span> <span class='ocrx_word' id='word_1_814' title='bbox 2834 5226 3160 5280; x_wconf 79' lang='grc' dir='ltr'>ἀσθενοῦσαν</span> <span class='ocrx_word' id='word_1_815' title='bbox 3185 5219 3537 5292; x_wconf 75' lang='grc' dir='ltr'>ἐπιρρωννὺς,</span> <span class='ocrx_word' id='word_1_816' title='bbox 3568 5214 3661 5269; x_wconf 71' lang='grc' dir='ltr'>καὶ</span> 
     </span>
    </p>
   </div>
   <div class='ocr_carea' id='block_1_111' title="bbox 2101 5317 3049 5393">
    <p class='ocr_par' dir='ltr' id='par_1_111' title="bbox 2101 5317 3049 5393">
     <span class='ocr_line' id='line_1_111' title="bbox 2101 5317 3049 5393; baseline -0.006 -17"><span class='ocrx_word' id='word_1_817' title='bbox 2101 5323 2259 5393; x_wconf 70' lang='grc' dir='ltr'>φύσιν</span> <span class='ocrx_word' id='word_1_818' title='bbox 2287 5317 2638 5391; x_wconf 83' lang='grc' dir='ltr'>καινοτομῶν,</span> <span class='ocrx_word' id='word_1_819' title='bbox 2661 5321 2749 5372; x_wconf 84' lang='grc' dir='ltr'>ὅτε</span> <span class='ocrx_word' id='word_1_820' title='bbox 2789 5318 3049 5389; x_wconf 84' lang='grc' dir='ltr'>βούλεται.</span> 
     </span>
    </p>
   </div>
   <div class='ocr_carea' id='block_1_112' title="bbox 2189 5405 3620 5482">
    <p class='ocr_par' dir='ltr' id='par_1_112' title="bbox 2189 5405 3620 5482">
     <span class='ocr_line' id='line_1_112' title="bbox 2189 5405 3620 5482; baseline -0.012 -13"><span class='ocrx_word' id='word_1_821' title='bbox 2189 5411 2336 5469; x_wconf 56' lang='lat' dir='ltr'><strong>Ehe</strong></span> <span class='ocrx_word' id='word_1_822' title='bbox 2369 5411 2599 5482; x_wconf 76' lang='grc' dir='ltr'>Μαριάμ</span> <span class='ocrx_word' id='word_1_823' title='bbox 2619 5428 2633 5442; x_wconf 74' lang='grc' dir='ltr'><strong>ο</strong></span> <span class='ocrx_word' id='word_1_824' title='bbox 2670 5413 2814 5467; x_wconf 82' lang='grc' dir='ltr'>Ἰδοὺ</span> <span class='ocrx_word' id='word_1_825' title='bbox 2851 5413 2888 5478; x_wconf 76' lang='grc' dir='ltr'><strong>ἡ</strong></span> <span class='ocrx_word' id='word_1_826' title='bbox 2911 5411 3098 5476; x_wconf 80' lang='grc' dir='ltr'>δούλη</span> <span class='ocrx_word' id='word_1_827' title='bbox 3138 5405 3383 5473; x_wconf 84' lang='grc' dir='ltr'>Κυρίου,</span> <span class='ocrx_word' id='word_1_828' title='bbox 3412 5422 3467 5458; x_wconf 87' lang='grc' dir='ltr'>κ.</span> <span class='ocrx_word' id='word_1_829' title='bbox 3492 5419 3543 5454; x_wconf 86' lang='grc' dir='ltr'>τ.</span> <span class='ocrx_word' id='word_1_830' title='bbox 3574 5417 3620 5451; x_wconf 79' lang='grc' dir='ltr'><strong>Α.</strong></span> 
     </span>
    </p>
   </div>
   <div class='ocr_carea' id='block_1_113' title="bbox 2167 5488 3658 5577">
    <p class='ocr_par' dir='ltr' id='par_1_113' title="bbox 2167 5488 3658 5577">
     <span class='ocr_line' id='line_1_113' title="bbox 2167 5488 3658 5577; baseline -0.011 -17"><span class='ocrx_word' id='word_1_831' title='bbox 2167 5506 2336 5577; x_wconf 78' lang='grc' dir='ltr'>Δούλη</span> <span class='ocrx_word' id='word_1_832' title='bbox 2381 5505 2496 5576; x_wconf 77' lang='grc' dir='ltr'>εἰμὶ</span> <span class='ocrx_word' id='word_1_833' title='bbox 2532 5504 2764 5576; x_wconf 71' lang='grc' dir='ltr'>Κυρίουο</span> <span class='ocrx_word' id='word_1_834' title='bbox 2835 5500 2995 5564; x_wconf 80' lang='grc' dir='ltr'>πίναξ</span> <span class='ocrx_word' id='word_1_835' title='bbox 3044 5500 3158 5570; x_wconf 73' lang='grc' dir='ltr'>εἰμὶ</span> <span class='ocrx_word' id='word_1_836' title='bbox 3208 5496 3586 5570; x_wconf 75' lang='grc' dir='ltr'>γραφόμενος·</span> <span class='ocrx_word' id='word_1_837' title='bbox 3629 5488 3658 5543; x_wconf 80' lang='grc' dir='ltr'><strong>ὃ</strong></span> 
     </span>
    </p>
   </div>
   <div class='ocr_carea' id='block_1_114' title="bbox 497 5613 3634 5703">
    <p class='ocr_par' dir='ltr' id='par_1_114' title="bbox 497 5613 3634 5703">
     <span class='ocr_line' id='line_1_114' title="bbox 497 5613 3634 5703; baseline -0.005 -11"><span class='ocrx_word' id='word_1_838' title='bbox 497 5632 705 5692; x_wconf 67' lang='lat' dir='ltr'><strong>&quot;,Ccn.</strong></span> <span class='ocrx_word' id='word_1_839' title='bbox 731 5646 861 5692; x_wconf 74' lang='lat' dir='ltr'><strong>XVII.</strong></span> <span class='ocrx_word' id='word_1_840' title='bbox 890 5633 976 5690; x_wconf 76' lang='lat' dir='ltr'><strong>l7.</strong></span> <span class='ocrx_word' id='word_1_841' title='bbox 1050 5633 1097 5665; x_wconf 73' lang='lat'><strong>“</strong></span> <span class='ocrx_word' id='word_1_842' title='bbox 1131 5613 1263 5690; x_wconf 82' lang='lat' dir='ltr'><strong>Gen.</strong></span> <span class='ocrx_word' id='word_1_843' title='bbox 1299 5649 1452 5694; x_wconf 65' lang='lat' dir='ltr'><strong>svnt,</strong></span> <span class='ocrx_word' id='word_1_844' title='bbox 1485 5631 1574 5685; x_wconf 83' lang='lat' dir='ltr'><strong>i0.</strong></span> <span class='ocrx_word' id='word_1_845' title='bbox 1646 5633 1693 5665; x_wconf 82' lang='lat'>“</span> <span class='ocrx_word' id='word_1_846' title='bbox 1755 5633 1880 5691; x_wconf 87' lang='lat' dir='ltr'><strong>Luc.</strong></span> <span class='ocrx_word' id='word_1_847' title='bbox 1932 5653 1970 5703; x_wconf 84' lang='grc' dir='ltr'><strong>ι,</strong></span> <span class='ocrx_word' id='word_1_848' title='bbox 2011 5637 2096 5693; x_wconf 79' lang='lat' dir='ltr'><strong>i9.</strong></span> <span class='ocrx_word' id='word_1_849' title='bbox 2176 5640 2218 5671; x_wconf 68' lang='lat'><strong>&quot;‘</strong></span> <span class='ocrx_word' id='word_1_850' title='bbox 2243 5638 2374 5695; x_wconf 83' lang='lat' dir='ltr'><strong>ibid.</strong></span> <span class='ocrx_word' id='word_1_851' title='bbox 2403 5637 2494 5692; x_wconf 72' lang='lat'><strong>5‘2.</strong></span> <span class='ocrx_word' id='word_1_852' title='bbox 2571 5637 2612 5668; x_wconf 63' lang='grc'><strong>⁵⁷</strong></span> <span class='ocrx_word' id='word_1_853' title='bbox 2649 5634 2788 5692; x_wconf 81' lang='lat' dir='ltr'><strong>Psal.</strong></span> <span class='ocrx_word' id='word_1_854' title='bbox 2835 5647 3060 5701; x_wconf 65' lang='lat' dir='ltr'><strong>sum,</strong></span> <span class='ocrx_word' id='word_1_855' title='bbox 3093 5631 3163 5688; x_wconf 78' lang='lat'><strong>36</strong></span> <span class='ocrx_word' id='word_1_856' title='bbox 3201 5645 3317 5700; x_wconf 83' lang='lat' dir='ltr'><strong>seq.</strong></span> <span class='ocrx_word' id='word_1_857' title='bbox 3398 5626 3442 5659; x_wconf 68' lang='grc'><strong><em>⁵³</em></strong></span> <span class='ocrx_word' id='word_1_858' title='bbox 3469 5623 3634 5680; x_wconf 72' lang='lat' dir='ltr'><strong>Joan.</strong></span> 
     </span>
    </p>
   </div>
   <div class='ocr_carea' id='block_1_115' title="bbox 453 5703 1618 5773">
    <p class='ocr_par' dir='ltr' id='par_1_115' title="bbox 453 5703 1618 5773">
     <span class='ocr_line' id='line_1_115' title="bbox 453 5703 1618 5773; baseline -0.002 -13"><span class='ocrx_word' id='word_1_859' title='bbox 453 5720 609 5770; x_wconf 71' lang='lat' dir='ltr'><strong>nni,</strong></span> <span class='ocrx_word' id='word_1_860' title='bbox 636 5705 722 5757; x_wconf 76' lang='grc'><strong>56.</strong></span> <span class='ocrx_word' id='word_1_861' title='bbox 801 5707 844 5737; x_wconf 69' lang='grc'>⁸³</span> <span class='ocrx_word' id='word_1_862' title='bbox 869 5703 1000 5760; x_wconf 84' lang='lat' dir='ltr'><strong>Luc.</strong></span> <span class='ocrx_word' id='word_1_863' title='bbox 1040 5721 1081 5773; x_wconf 81' lang='grc' dir='ltr'><strong>ι,</strong></span> <span class='ocrx_word' id='word_1_864' title='bbox 1111 5705 1198 5760; x_wconf 76' lang='grc'><strong>55.</strong></span> <span class='ocrx_word' id='word_1_865' title='bbox 1275 5707 1319 5738; x_wconf 77' lang='grc'><strong>⁵⁸</strong></span> <span class='ocrx_word' id='word_1_866' title='bbox 1374 5703 1502 5759; x_wconf 82' lang='lat' dir='ltr'><strong>ibid.</strong></span> <span class='ocrx_word' id='word_1_867' title='bbox 1530 5704 1618 5758; x_wconf 79' lang='grc'><strong>58.</strong></span> 
     </span>
    </p>
   </div>
  </div>
