4108 6204
414 223 517 279 533

1571 211 2065 267 COMMENTMHA
2112 212 2175 266 IN
2217 209 2473 266 LUCAM.

3552 207 3658 264 534-

416 341 667 415 βούλεται
706 343 735 393 6
772 339 1036 408 γραφεὺς,
1081 336 1369 408 γραφέτω·
1411 334 1632 386 ποιείτω
1675 332 1702 385 ὃ
1742 331 1913 385 ἐθέλει
1963 332 1990 381 6

2106 330 2222 399 ptid
2247 329 2358 383 vult
2390 329 2563 398 pictor
2590 326 2640 380 ir.
2680 340 2742 380 ea
2775 325 3064 396 depingat:
3099 323 3243 394 quod
3269 325 3384 380 vult
3409 329 3647 382 omnimu

414 434 511 489 τοῦ
542 432 744 494 παντὸς
771 431 986 501 Κύριος.

761 519 882 585 Φῶς
917 522 1006 585 εὶς
1031 516 1419 584 ἀποκάλυψιν
1454 515 1659 569 ἐθνῶν.

499 616 639 686 Ὅρα
685 613 794 676 πῶς
821 613 918 682 ήδη
967 611 1115 678 λέγει
1159 609 1253 662 καὶ
1299 611 1398 678 τὴν
1437 607 1737 678 μέλλουσαν
1770 607 1988 659 ἔσεσθαι

423 706 535 759 τῶν
581 704 740 758 ἐθνῶν
780 701 1082 773 σωτηρίαν·
1137 700 1234 773 τὴν
1277 699 1383 772 γὰρ
1436 700 1623 752 τούτου
1669 700 1986 772 παρουσίαν,

428 801 577 869 φησὶ,
611 798 674 850 τὰ
701 795 824 864 ἔθνη
855 795 1145 868 προσδοκᾷ.

434 889 662 958 Πνεῦμα
704 888 924 968 Κυρίου
962 887 1066 939 ἐπ’
1121 886 1245 954 ἐμὲ,
1295 881 1366 940 οὗ
1414 883 1622 938 ἕνεκεν
1649 883 1852 952 ἔχρισέ
1892 900 1988 951 με.

504 1045 562 1097 '0
591 1045 687 1114 μὲν
715 1042 926 1114 Σωτὴρ,
951 1042 1057 1094 τῶν
1080 1040 1441 1113 μακαρισμῶν
1470 1041 1865 1112 ἀπαρχόμενος,
1883 1044 1991 1104 τοῖς

421 1139 653 1207 πτωχοῖς
679 1135 770 1188 τὸν
795 1135 1043 1206 οὐράνιον
1076 1133 1456 1204 εὐηγγελίζετο
1504 1133 1729 1185 πλοῦτον
1770 1134 1861 1186 καὶ
1895 1133 1992 1204 τὴν

417 1229 523 1283 τῶν
573 1225 816 1298 οὐρανῶν
873 1225 1181 1296 βασιλείανο
1233 1226 1453 1288 Ἡσαΐας
1525 1225 1581 1278 δὲ
1627 1228 1654 1278 ό
1713 1227 1994 1297 προφήτης

415 1322 621 1375 τούτων
651 1317 937 1391 προλαϐὼν
960 1317 1095 1388 ὲμνη
1106 1317 1384 1388 μόνευσεν,
1424 1317 1483 1381 ἐξ
1507 1316 1671 1371 αὐτοῦ
1703 1316 1992 1388 προσώπου

418 1413 512 1468 τοῦ
547 1412 804 1483 Σωτῆρος
829 1411 888 1463 τὸ
929 1409 1117 1481 μέλλον
1155 1402 1256 1462 ὦδε
1314 1406 1718 1480 προθεσπίζων·
1753 1410 1995 1478 Πνεῦμα

415 1504 642 1571 Κυρίου
675 1501 767 1553 ἐπ’
803 1499 925 1567 ἐμὲ,
956 1494 1028 1554 οὗ
1072 1500 1302 1552 εἵνεκεν
1323 1498 1530 1568 ἓχρισέ
1559 1516 1655 1568 με,
1690 1501 1996 1569 εὐαγγελί-

416 1597 647 1648 σασθαι
684 1590 939 1658 πτωχοῖς
984 1588 1328 1643 ἀπέσταλκέ
1372 1607 1474 1660 με.
1533 1591 1825 1663 Ἀντικρυς
1865 1590 1992 1658 γοῦν

2095 438 2272 476 rerum
2305 421 2566 474 Dominus
2601 419 2778 473 faciat.

2332 514 2374 543 “
2412 512 2626 579 ,Lumen
2659 514 2726 564 ad
2762 511 3124 564 reuelationem
3159 510 3410 580 gentium.

2161 605 2336 660 Cerne
2365 603 2764 673 quomodojam
2793 603 2924 656 dicit
2964 602 3202 656 futuram
3230 601 3472 670 gentium
3510 599 3659 654 salu-

2095 707 2220 752 tem.
2253 696 2492 764 Namque
2526 695 2689 765 hujus
2738 694 2937 765 (pueri)
2983 695 3272 748 adventum
3325 702 3514 763 gentes
3566 708 3658 746 cx—

2091 798 2356 858 spectant.

2232 882 2278 912 ⁸⁹
2315 879 2547 950 Spiritus
2572 879 2788 934 Domini
2815 896 2968 960 super
3000 895 3112 945 nte;
3148 887 3354 948 propter
3378 877 3518 947 quod

2738 959 2889 1003 unxit
2914 967 3016 1003 me.

2165 1045 2426 1099 Servator
2464 1041 2831 1098 beatitudines
2857 1039 3161 1096 edisserere
3201 1038 3480 1106 incipiens,
3522 1053 3656 1107 pau-

2093 1137 2309 1205 peribus
2343 1150 2604 1204 supernas
2637 1133 2850 1187 nuntiat
2897 1128 3120 1185 divitias
3164 1130 3530 1200 cmlorumque
3578 1147 3656 1184 re-

2095 1244 2280 1299 gnum.
2312 1227 2376 1280 Et
2402 1227 2618 1296 quidem
2653 1225 2820 1280 Isaias
2855 1227 3112 1294 propheta
3165 1223 3282 1288 haec
3315 1224 3367 1276 in
3415 1233 3657 1277 anteces-

2095 1336 2213 1374 sum
2248 1327 2796 1384 commemoraverat,
2828 1318 2953 1372 dum
2983 1317 3035 1370 in
3072 1315 3384 1372 Servatoris
3427 1331 3656 1384 persona

2097 1430 2216 1482 qua:
2246 1423 2507 1467 eventura
2539 1420 2694 1466 erant
2725 1411 2874 1464 hisce
2897 1409 3073 1462 verbis
3103 1407 3359 1476 praedixit
3385 1426 3397 1461 :
3433 1404 3660 1476 Spiritus

2100 1506 2313 1558 Domini
2348 1520 2503 1570 super
2527 1519 2639 1567 me;
2676 1511 2951 1570 propterea
2983 1501 3132 1553 unxit
3162 1516 3264 1560 me,
3291 1499 3360 1551 ad
3402 1498 3662 1568 evangeli-

2099 1597 2324 1649 zandum
2377 1595 2691 1664 pauperibus
2739 1594 2879 1645 misit
2931 1609 3010 1645 me
3048 1591 3114 1643 ⁵³.
3175 1589 3466 1660 Perspicue
3492 1577 3664 1658 igitur

421 1689 664 1758 ἑσήμανε
695 1685 928 1753 πτωχοῖς
968 1681 1364 1752 εύαγγελισμὸν
1409 1683 1658 1751 ἀγαθῶν⁶
1692 1683 1771 1735 διὸ
1795 1683 1909 1753 ἅμα
1933 1701 1992 1736 τε

2106 1687 2498 1756 signiﬁcaverat
2530 1685 2855 1754 pauperibus
2894 1682 3171 1736 felicitatis
3215 1682 3530 1735 adventum.
3561 1680 3662 1733 At-

419 1780 692 1847 ὲπέφανεν
723 1775 1027 1847 ἀνθρώποις
1057 1777 1085 1828 ό
1129 1773 1206 1844 τῷ
1252 1775 1390 1844 avie:
1423 1775 1696 1843 Πνεύματι
1750 1775 1890 1828 κατὰ
1935 1776 1996 1829 τὸ

420 1871 762 1944 ἀνθρώπινον
789 1869 1143 1940 κεχρισμένος
1160 1886 1172 1898 ·
1203 1869 1295 1922 καὶ
1320 1869 1566 1923 ἐντεῦθεν
1591 1871 1701 1942 ἀπή
1711 1889 1866 1943 ρχετο
1898 1872 1996 1941 τῆς

417 1964 785 2027 διδασκαλίας,
821 1961 1094 2032 βασιλείαν
1120 1961 1368 2032 οὐράνιον
1391 1961 1459 2014 δι’
1479 1961 1640 2015 αὑτὸν
1686 1963 1996 2033 πτωχεύου-

424 2076 511 2112 σιν
535 2055 1034 2125 εὐαγγελιζόμενος.

426 2150 496 2203 Οἳ
524 2146 712 2220 ἦλθον
749 2147 1004 2202 ἀκοῦσαι
1051 2147 1261 2220 αὐτοῦ,
1298 2147 1396 2220 καὶ
1443 2147 1678 2214 ἰαθῆναι
1719 2145 1836 2199 ἀπὸ
1882 2144 2003 2198 τῶν

986 2218 1188 2271 νόσων
1218 2215 1434 2271 αὐτῶν.

497 2314 644 2383 Ὅρα
679 2311 809 2379 γοῦν
838 2311 930 2362 ἐπὶ
963 2309 1056 2363 τοῦ
1106 2310 1392 2381 παρόντος,
1423 2309 1626 2363 ἄνωθεν
1660 2309 2000 2381 ἀρξαμένους

423 2423 524 2469 τας
556 2403 650 2457 τοῦ
675 2405 923 2474 Σωτῆρος
943 2402 1172 2456 διελθεῖν
1204 2401 1406 2472 φωνὰς,
1430 2403 1526 2456 κα)⁸
1546 2405 1674 2472 παρ’
1698 2402 1861 2455 αὐτοῦ
1903 2402 2000 2463 τὰς

423 2496 772 2560 διδασκαλίας
803 2496 992 2567 ὥσπερ
1019 2495 1169 2560 τινὰς
1201 2495 1417 2566 νόμους,
1445 2495 1512 2548 δι’
1535 2489 1610 2547 ὧν
1642 2494 1708 2548 ἄν
1732 2513 1816 2558 τις
1848 2494 2000 2563 τύχοι

424 2589 526 2658 τῆς
554 2588 804 2660 οὐρανίου
836 2587 1127 2652 βασιλείας,
1154 2587 1588 2658 παραδέξασθαι·
1623 2588 1716 2640 καὶ
1739 2587 1813 2657 μὴ
1842 2586 2000 2656 μέχρι

425 2681 523 2735 τοῦ
555 2681 744 2751 μαθεῖν
795 2681 1004 2752 στῆναι,
1032 2681 1166 2734 ἀλλὰ
1191 2682 1287 2734 καὶ
1319 2681 1386 2733 δι’
1421 2681 1596 2752 ἔργων
1633 2681 1897 2752 χωρῆσαι,
1925 2679 2000 2740 ὼς

429 2775 497 2827 ἃν
533 2774 605 2845 μὴ
639 2774 917 2826 ἐκπέσοιεν
938 2773 1045 2826 τῶν
1063 2771 1492 2841 ὲπαγγελμάτων
1514 2788 1526 2800 ·
1553 2771 1634 2824 ὃτι
1661 2773 1761 2824 οὐκ
1781 2771 1838 2822 ὲν
1860 2768 2002 2837 λόγῳ

427 2870 462 2936 ἡ
499 2866 742 2936 βασιλεία
765 2866 859 2919 τοῦ
889 2865 1045 2930 Θεοῦ,
1079 2866 1194 2920 ἀλλ’
1212 2866 1270 2918 ὲν
1297 2865 1543 2934 δυνάμει.

427 2957 717 3027 Μακάριοι
745 2962 798 3012 οἱ
826 2959 1068 3028 πτωχοὶ,
1102 2958 1188 3012 ὅτι
1233 2959 1490 3028 ὑμετέρα
1528 2955 1701 3009 ἐστὶν
1746 2955 1784 3021 ἡ
1819 2955 2000 3018 ,βασι-

984 3031 1120 3083 λεία
1150 3027 1258 3082 τοῦ
1277 3025 1458 3081 θΘεο-ὗ.

507 3123 654 3193 Πλὴν
683 3122 784 3192 τῆς
807 3123 914 3175 τῶν
943 3122 1187 3193 οὐρανῶν
1217 3119 1491 3190 βασιλείας
1531 3120 1589 3171 ὲν
1619 3117 1831 3179 πολλοῖς
1853 3117 2003 3184 ,ἀγα-

435 3215 543 3269 Θῶν
570 3215 849 3304 τάγμασιν
881 3211 1289 3284 ὲπινοουμένης,
1316 3209 1454 3264 κατὰ
1473 3210 1555 3273 τὸ,
1580 3207 1807 3262 ﬂaua!
1827 3207 2006 3276 μοναὶ
2046 3227 2049 3230 ·

427 3309 592 3375 παρὰ
610 3299 688 3374 τῷ
711 3307 915 3374 Πατρι,
940 3307 1001 3359 τὸ
1021 3305 1255 3377 πρῶτον,
1284 3305 1357 3368 ὡς
1386 3303 1450 3356 ἂν
1481 3303 1622 3354 εἴποι
1643 3318 1744 3364 τις,
1770 3299 2001 3370 ἀξίωμα,

430 3402 527 3454 καὶ
542 3401 572 3452 ὁ
595 3400 809 3472 πρῶτος
831 3400 1088 3453 ἀνιόντων
1118 3398 1214 3468 βαθ
1225 3397 1322 3468 μὺς
1337 3399 1364 3448 ό
1383 3396 1492 3449 τῶν
1509 3394 1595 3448 διὰ
1611 3395 1742 3447 Θεὸν
1763 3409 2004 3463 πτωχευ-

427 3491 598 3546 όντων
628 3492 902 3562 τυγχάνει.
947 3486 1070 3544 Εἶεν
1109 3491 1152 3544 δ’
1185 3491 1250 3544 ἂν
1281 3483 1425 3542 οὗτοι
1457 3490 1505 3541 οἱ
1539 3489 1753 3540 πάντων
1784 3485 1892 3538 τῶν
1913 3484 2006 3538 τοῦ

431 3585 698 3656 παρόντος
725 3584 838 3654 βίου
868 3584 1062 3653 τιμίων
1095 3582 1653 3652 κατολιγωρήσαντες,
1687 3579 1734 3630 οἱ
1766 3577 2008 3646 πτωχεύ-

433 3693 583 3740 οντες
618 3680 684 3746 τῇ
731 3677 1184 3747 μετριοφροσύνῃ,
1217 3675 1384 3727 οἱκαὶ
1411 3675 1490 3736 είς
1512 3673 1679 3742 ἄκρον
1719 3670 2007 3730 ἐλάσαντες

435 3769 818 3841 ἀκτημοσύνης
849 3769 937 3821 διὰ
965 3768 1062 3838 τὴν
1084 3766 1226 3820 κατὰ
1247 3766 1376 3820 Θεὸν
1400 3763 1740 3833 φιλοσοφίαν,
1770 3759 1864 3812 τοῦ
1906 3775 2010 3811 σω-

430 3862 620 3932 τηρίου
663 3860 1013 3932 μακαρισμοῦ
1054 3859 1353 3924 τεύξονται.
1390 3855 1677 3924 Τοιούτους
1720 3854 1777 3905 δὲ
1815 3852 2010 3912 αὐτοὺς

431 3955 559 4014 τοὺς
587 3953 834 4022 πρώτους
856 3953 1003 4023 αὐτῷ
1041 3951 1446 4024 μαθητεύοντας
1494 3946 1891 4018 ἀπειργάσατο·
1930 3943 2011 3996 διὸ

434 4043 531 4096 καὶ
560 4045 640 4107 εἰς
659 4044 835 4096 αὐτῶν
869 4045 1157 4114 πρόσωπον
1179 4041 1320 4095 κατὰ
1338 4040 1563 4109 θάτερον
1579 4038 1690 4108 (45)
1708 4036 1822 4088 τῶν.
1848 4034 2013 4102 εὐαγ-

433 4133 701 4201 γελιστῶν
746 4134 1049 4204 ήρμόττετο
1073 4133 1246 4201 λέγων
1272 4148 1286 4162 ο
1345 4128 1636 4196 Μακάριοι
1675 4130 1728 4180 οἱ
1768 4124 2008 4193 πτωχοὶ,

433 4227 526 4280 ὅτι
565 4225 816 4296 ὑμετέρα
848 4227 1017 4279 ἐστὶν
1046 4226 1084 4293 ή
1109 4225 1400 4290 ,βασιλεία
1427 4221 1532 4275 τοῦ
1568 4219 1714 4274 Θεοῦ
1733 4236 1746 4249 '
1800 4218 1861 4270 τὸ
1903 4217 2012 4288 γὰρ

438 4294 688 4387 ὑμετέρα
715 4294 1164 4388 δεικτικῶςπρδς
1192 4315 1466 4386 παρόντας
1491 4294 1725 4378 ἐλέγετο.
1779 4310 1874 4371 Εἰς
1915 4309 2012 4360 αύ-

2096 1795 2198 1848 que
2226 1778 2429 1832 idcirco
2467 1778 2608 1830 inter
2633 1776 2878 1830 homines
2912 1773 3073 1828 simul
3113 1774 3157 1826 is
3203 1772 3472 1841 apparuit,
3509 1771 3664 1838 cujus

2097 1888 2125 1926 a
2167 1881 2353 1926 sancto
2422 1869 2628 1939 Spiritu
2675 1877 2838 1922 uncta
2890 1867 3065 1920 fuerat
3113 1864 3442 1918 humanitas.
3488 1864 3664 1926 Atque

2101 1964 2228 2018 hinc
2253 1963 2381 2018 fecit
2406 1951 2702 2030 magisterii
2755 1959 2989 2022 initium,
3033 1956 3292 2010 caelorum
3341 1954 3548 2009 scilicet
3580 1968 3666 2005 re-

2097 2070 2259 2128 gnum
2294 2067 2390 2124 per
2416 2068 2474 2107 se
2511 2053 2624 2120 ipse
2650 2047 2982 2120 pauperibus
3014 2046 3291 2099 nuntians.

2099 2142 2148 2174 “
2190 2142 2293 2208 Qui
2338 2146 2586 2196 uenerant
2643 2149 2698 2192 ut
2753 2138 2994 2191 audirent
3029 2153 3168 2200 eum,
3202 2145 3249 2188 et
3289 2144 3604 2189 sanarentur
3631 2153 3664 2188 α

2635 2208 2970 2278 languoribus
2998 2208 3126 2258 suis.

2173 2293 2368 2374 Specta
2398 2319 2542 2360 nunc
2566 2303 2754 2371 igitur,
2783 2298 3036 2369 primitus
3064 2297 3390 2366 incipientes
3415 2296 3670 2352 Servato-

2101 2400 2177 2453 ris
2212 2398 2374 2452 verba
2402 2395 2740 2455 auscultare,
2773 2402 2936 2460 atque
2965 2391 3032 2442 ab
3059 2403 3124 2444 eo
3159 2391 3457 2457 doctrinas,
3489 2389 3668 2460 legum

2102 2487 2296 2550 instar,
2330 2485 2528 2554 quibus
2558 2482 2780 2537 cwleste
2809 2495 3032 2550 regnum
3090 2491 3453 2549 assequamur
3492 2481 3668 2534 homio

2103 2593 2220 2643 “es,
2255 2575 2527 2644 excipere.
2553 2573 2736 2642 Neque
2761 2586 2854 2626 eos
2902 2570 3162 2625 discendo
3212 2586 3330 2624 esse
3361 2579 3665 2638 contentos,

2102 2666 2196 2719 sed
2228 2665 2297 2719 ad
2325 2679 2487 2733 opera
2519 2665 2685 2719 etiam
2719 2659 3039 2731 procedere,
3083 2676 3152 2714 ne
3200 2643 3481 2728 promissis
3531 2677 3672 2731 νιτρ-

2103 2758 2225 2812 miis
2259 2759 2512 2812 excidant
2558 2778 2571 2812 :
2629 2757 2756 2825 quia
2790 2771 2896 2811 non
2937 2752 2990 2808 in
3037 2768 3288 2810 sermone
3319 2767 3544 2824 regnum
3575 2754 3669 2808 Dei

2101 2859 2205 2913 est,
2246 2851 2338 2906 sed
2377 2851 2428 2904 iu
2463 2850 2685 2904 virtute.

2103 2943 2148 2976 "
2176 2942 2324 2998 Beati
2346 2959 2622 3013 pauperes,
2653 2944 2903 3013 quoniam
2936 2952 3161 2997 vestrum
3187 2949 3262 2997 est
3295 2956 3510 3011 regnum
3546 2939 3666 3013 Dei.

2175 3095 2348 3164 Quum
2375 3095 2636 3152 caelorum
2665 3109 2889 3165 regnum
2922 3095 2972 3148 in
3003 3095 3184 3151 multis
3219 3097 3489 3151 bonorum
3522 3092 3672 3149 ordi-

2108 3190 2274 3247 nibus
2305 3189 2638 3244 considerari
2676 3190 2866 3258 possit,
2908 3188 3064 3256 juxta
3106 3189 3256 3252 illud,
3307 3189 3485 3242 multa:
3520 3203 3671 3241 man-

2105 3282 2271 3335 siones
2300 3289 2420 3333 sunt
2446 3281 2586 3348 apud
2619 3277 2835 3332 Putrem
2857 3279 2926 3343 ⁸⁸,
2947 3281 3141 3350 prima,
3177 3289 3234 3334 ut
3262 3280 3336 3334 ita
3365 3281 3562 3342 dicam,
3595 3280 3675 3332 di-

2107 3371 2305 3440 gnitas,
2338 3378 2392 3425 et
2418 3370 2625 3439 primus
2655 3371 3061 3425 ascendentium
3099 3373 3318 3438 gradus,
3349 3371 3438 3425 ille
3465 3381 3546 3425 est
3578 3372 3676 3426 ho-

2109 3460 2312 3514 minum
2365 3470 2740 3529 paupertatem
2804 3470 3027 3528 propter
3081 3461 3253 3514 Deum
3322 3462 3673 3515 sectantium.

2110 3554 2249 3608 S'unl.
2278 3564 2458 3608 autem
2485 3554 2540 3609 hi
2576 3552 2666 3620 qui
2711 3553 2893 3606 omnia
2925 3551 3044 3605 vita:
3075 3552 3230 3619 hujus
3253 3554 3535 3606 commoda
3583 3566 3677 3604 ne-

2107 3648 2334 3717 gligunt,
2366 3645 2458 3716 qui
2495 3646 2758 3699 modestia
2802 3659 2901 3698 sua
2937 3658 3202 3712 pauperes
3234 3649 3383 3704 sunt,
3420 3643 3511 3710 qui
3535 3659 3678 3694 sum-

2112 3750 2252 3789 mam
2287 3719 2464 3790 rerum
2497 3735 2737 3789 omnium
2770 3743 3068 3803 egestatem
3107 3731 3446 3799 philosophia
3471 3745 3570 3784 sua
3591 3745 3676 3785 se-

2110 3827 2345 3880 cundum
2394 3827 2566 3880 Deum
2607 3824 2945 3894 profitentes,
2998 3822 3389 3878 beatitudinem
3414 3836 3443 3875 a
3475 3820 3678 3876 Serva-

2115 3931 2230 3975 tore
2278 3922 2608 3992 pr0positam
2659 3928 3084 3988 consequentur.
3117 3917 3279 3972 Tales
3312 3918 3515 3988 primos
3549 3931 3678 3972 suos

2110 4017 2433 4071 .voluitesse
2467 4013 2788 4084 discipulos.
2821 4011 3003 4077 Quare
3045 4021 3101 4065 et
3138 4026 3325 4065 eorum
3369 4025 3679 4080 personam,

2113 4106 2410 4160 secundum
2442 4104 2672 4160 alterum
2706 4103 3123 4173 evangelistam,
3147 4117 3331 4156 coram
3353 4092 3524 4155 veluti
3553 4101 3683 4153 allo«

2114 4208 2272 4251 culus
2302 4205 2404 4261 est,
2436 4196 2620 4250 dicens
2656 4213 2670 4248 :
2697 4193 2848 4248 Beati
2875 4208 3149 4263 pauperes,
3186 4196 3310 4263 quia
3351 4202 3576 4247 uestrum
3607 4202 3682 4244 est

2117 4308 2328 4362 regnum
2374 4289 2494 4344 Dei.
2550 4289 2686 4344 Nam
2721 4289 3042 4343 vocabulum
3088 4298 3311 4340 vestrum
3339 4286 3682 4340 demonstra-

435 4377 560 4475 τοὺς
592 4377 648 4464 δὲ
676 4412 770 4464 καὶ
801 4412 928 4474 τοὺς
970 4377 1500 4479 όφθαλμοὺςὲπῆρε,
1536 4377 1630 4457 καὶ
1665 4401 1768 4473 πρὸ
1802 4401 1893 4475 τοῦ
1923 4401 2004 4454 λό-

2117 4386 2222 4438 tive
2276 4384 2344 4436 ad
2387 4391 2682 4454 prteseutes
2734 4380 3005 4449 dirigitur.
3059 4380 3142 4433 Ad
3191 4377 3309 4432 illos
3352 4383 3530 4429 autem
3559 4385 3685 4429 ante

437 4522 536 4572 γου
583 4503 660 4574 τῷ
707 4502 878 4574 ἱλαρῷ
911 4503 1181 4572 βλέμματι
1213 4500 1346 4572 πρὸς
1378 4498 1476 4569 τὴν
1522 4497 1782 4568 ἀκρόασιν
1818 4493 2013 4555 αὐτοὺς

436 4596 817 4666 ἐφελκόμενος
849 4598 896 4648 οἱ
941 4595 997 4648 δὲ
1028 4595 1324 4666 προθύμως
1353 4595 1492 4662 σφᾶς
1518 4591 1713 4651 αὐτοὺς
1745 4587 2014 4656 ὑπηκόους

436 4691 553 4752 τοῖς
594 4689 915 4759 λεγομένοις.
955 4690 1234 4757 παρεῖχον.
1279 4683 1500 4753 Πρῶτος
1540 4683 1636 4752 μὲν
1680 4676 1773 4732 οὖν
1810 4674 2015 4747 saepe;

437 4781 548 4834 τῶν
599 4782 880 4853 σωτηρίων
929 4776 1292 4851 μακαρισμῶν
1343 4769 1498 4836 οὗτος
1541 4770 1628 4844 ἦν,
1676 4773 1704 4825 ό
1750 4769 2015 4841 συμϐασι-

437 4872 616 4926 λεύειν
642 4871 789 4943 αὐτῷ
812 4871 1080 4942 παριστὰς
1125 4871 1251 4932 τοὺς
1288 4868 1386 4938 τὴν
1423 4867 1489 4919 δι’
1524 4865 1684 4919 αὐτὸν
1723 4861 2017 4930 πτωχείαν,

439 4965 539 5016 καὶ
569 4965 660 5017 τὸν
689 4965 872 5035 ἄκρως
902 4964 1184 5033 ἁκτήμονα
1220 4959 1508 5030 φιλόσοφόν
1550 4974 1609 5009 τε
1656 4955 1749 5009 καὶ
1796 4951 2014 5022 θεοφιλῆ

444 5059 560 5129 βίον
589 5057 1060 5128 ἀναδεδεγμένους,
1091 5057 1260 5124 ἤγουν
1285 5055 1410 5116 τοὺς
1449 5050 1888 5118 ταπεινόφρονας.

512 5237 760 5309 Δεύτεροι
792 5231 885 5291 οὖν
912 5236 1007 5289 καὶ
1039 5233 1209 5304 τρίτοι
1245 5231 1438 5302 ἐφεξῆς
1467 5227 1854 5294 καταλέγονται
1886 5227 2014 5294 παρ’

517 5351 559 5381 ⁸⁸
590 5365 710 5420 cap.
732 5367 792 5422 tt,
826 5350 916 5405 3‘2.
991 5349 1036 5380 ¹¹
1055 5363 1173 5416 cap.
1205 5361 1279 5407 tv,
1314 5345 1400 5399 18.
1477 5343 1523 5377 ³³
1554 5341 1655 5395 lsa.
1689 5356 1797 5403 ut,
1837 5339 1887 5392 1.

516 5441 628 5513 (45)
660 5444 807 5497 Alter
835 5442 925 5513 hic
973 5437 1332 5513 evangelista,
1359 5436 1536 5490 Lucas
1576 5435 1691 5513 ipse
1718 5441 1823 5493 est,
1857 5429 1996 5513 apud

441 5501 823 5581 quetnvdicitur
852 5501 1368 5582 ὑμετέραξιοςδινιιηι
1408 5501 1641 5582 regnum:
1674 5501 1996 5582 inusecumla

443 5574 714 5652 persona:
769 5574 902 5652 cum
955 5574 1095 5650 apud
1151 5574 1476 5652 Matthaeuut:
1509 5592 1562 5640 ν,
1607 5577 1664 5652 5,
1705 5574 1915 5652 dicat-ur
1946 5574 1996 5622 iu

447 5639 605 5710 tertia
653 5639 851 5716 αὐτῶν,
889 5639 1115 5722 ipsorum
1157 5665 1388 5720 regnant.
1441 5639 1804 5715 Quamobrem
1834 5639 2011 5714 Euse-

2115 4475 2302 4541 verba,
2326 4476 2513 4530 oculos
2550 4490 2768 4545 quoque
2794 4489 2923 4527 suus
2969 4471 3278 4534 intendens,
3310 4468 3470 4522 hilari
3501 4483 3687 4537 respe-

2115 4580 2204 4624 ctu
2235 4571 2380 4640 ipsos
2407 4570 2472 4623 ad
2499 4568 2830 4624 audiendum
2857 4580 3204 4634 permoveus,
3238 4565 3329 4632 qui
3371 4561 3604 4616 libenter
3628 4577 3688 4613 se

2120 4664 2398 4717 auditores
2426 4661 2800 4732 praebuerunt.
2833 4657 3050 4712 Primus
3082 4654 3684 4726 itaqueheatitudinum

2119 4769 2148 4807 a
2191 4754 2486 4810 Servatore
2514 4752 2914 4823 propositarum
2946 4747 3146 4818 gradus
3171 4747 3259 4801 hic
3285 4754 3421 4808 erat,
3451 4745 3543 4815 qui
3569 4760 3690 4798 cou-

2122 4855 2443 4916 reguatores
2477 4844 2527 4898 ei
2564 4843 2800 4897 faciebat
2845 4840 2968 4893 illos
2997 4839 3086 4907 qui
3121 4848 3340 4906 pr0pter
3369 4837 3539 4905 ipsum
3564 4849 3689 4900 ege-

2123 4955 2244 4992 nam
2277 4951 2499 5009 prorsus
2551 4947 2608 4992 et
2659 4934 3090 5005 philosOphicam
3125 4932 3536 5002 religiosatnque
3568 4929 3691 4982 vitae

2121 5033 2386 5086 rationem
2432 5029 2667 5099 amplexi
2719 5027 2972 5094 fuissent,
3015 5027 3068 5081 id
3121 5035 3206 5081 est
3251 5022 3440 5079 humili
3512 5032 3692 5077 mente

2120 5123 2399 5192 prtedilns.

2191 5212 2438 5267 Secunda
2476 5228 2597 5267 mox
2627 5222 2682 5268 et
2704 5214 2862 5266 tertia
2906 5218 3222 5268 recensetur
3251 5224 3282 5264 ο
3314 5207 3530 5264 Christo
3560 5206 3690 5262 bea-

1956 5335 2003 5366 ³³
2031 5349 2150 5404 cap.
2174 5332 2348 5395 v1.18.
2424 5330 2471 5362 ⁸⁵
2495 5345 2614 5399 cap.
2643 5345 2719 5393 vt,
2754 5328 2843 5383 20.
2919 5328 2968 5360 ⁸⁸
2991 5325 3147 5382 Joan.
3189 5339 3302 5390 xlv,
3341 5323 3393 5380 2.

2103 5426 2226 5480 hius
2261 5425 2472 5479 videtur
2502 5422 2587 5478 hic
2623 5421 2978 5475 commentari
3021 5417 3203 5488 potius
3242 5417 3307 5471 ad
3342 5415 3690 5488 Matthzgum;

2105 5511 2412 5566 quanquam
2446 5494 2664 5547 Nieetas
2713 5501 2916 5544 catena:
2957 5483 3248 5566 iit—Lucam
3298 5499 3486 5544 auctor
3525 5483 3696 5540 Euse-

2108 5559 2252 5623 bium
2269 5559 2343 5621 ad
2385 5573 2767 5636 argumentum
2798 5577 2955 5617 suum
2990 5559 3285 5616 transtulit.
