4108 6204
422 199 525 255 ΞΣῧὸ

1089 191 1352 248 EUS-EBll
1393 190 1862 246 CAESARIENSlS
1903 191 2051 248 OPP.
2094 193 2270 249 PARS
2310 195 2394 252 lli.
2437 227 2506 236 —-
2545 195 2950 251 EXEGETICA.

3536 193 3636 246 536

424 314 613 376 titudo,
657 319 710 365 et
749 317 958 378 quarta,
1009 296 1228 375 aliarque
1283 305 1555 374 deinceps.
1618 305 1802 360 Licere
1840 306 1982 360 enim

2094 305 2230 375 αὐτῷ
2262 308 2611 376 μακαρισμοὶ,
2631 308 2723 360 καὶ
2744 305 2990 376 τέταρτοι
3017 303 3110 357 καὶ
3136 301 3330 373 ἐφεξῆς
3361 301 3490 373 (ιιι).
3522 303 3639 371 Ἐξ-

421 406 647 458 docebat
668 401 960 456 secundum
992 399 1208 467 aliquod
1247 415 1310 452 ex
1348 401 1614 467 prrdictis
1662 401 1785 454 vita:
1823 415 1982 465 gene—

423 497 568 549 ribus
601 495 862 564 promissa
910 491 1048 544 bona
1098 493 1386 557 consequi;
1441 493 1509 544 ita
1569 501 1626 546 ιιι
1673 502 1893 556 possent
1928 491 1980 544 in

423 586 512 639 Dei
547 600 729 654 regno,
759 584 800 637 si
830 583 1005 634 minus
1032 596 1153 634 cum
1199 580 1414 634 Christo
1447 597 1673 651 regnare
1721 597 1873 650 mque
1919 599 1984 633 ae

421 692 678 745 pauperes
707 674 919 742 spiritu,
957 682 1011 725 at
1047 684 1192 725 certe
1223 674 1483 736 recreari,
1528 689 1591 727 eo
1620 675 1761 743 quod
1792 675 1982 727 morti-

423 769 532 820 fera
558 781 651 818 sua
686 774 898 833 peceata
931 763 1265 828 deﬂeverint,
1302 780 1364 818 ac
1402 767 1726 834 preuitentia:
1763 777 1816 820 et
1853 782 1980 820 cou-

421 857 638 911 fessioni
689 869 958 923 castmque
987 859 1111 911 vita:
1156 870 1328 911 semet
1379 859 1698 913 addixerint.
1739 860 1831 913 Vel
1864 875 1985 929 pro-

421 949 580 1003 missa
612 959 751 1003 terra
781 950 964 1016 potiri,
1008 963 1062 1004 et
1101 951 1433 1005 habitatores
1461 951 1713 1019 civesque
1741 967 1985 1020 superna:

422 1039 514 1093 Dei
543 1040 774 1092 civitatis
817 1041 950 1107 fieri,
986 1042 1113 1110 quia
1142 1041 1295 1094 mites
1336 1055 1395 1095 se
1441 1041 1811 1111 patientesque
1845 1057 1983 1111 pra:-

419 1126 652 1178 buerint.
690 1124 781 1180 Vel
805 1128 925 1195 quia
955 1128 1277 1181 esuriveriut
1309 1128 1360 1182 in
1409 1131 1656 1197 praesenti
1696 1131 1802 1184 vita
1826 1130 1985 1197 justi-

425 1215 549 1268 tiam
581 1227 740 1286 atque
766 1217 1054 1283 sitiveriut,
1088 1233 1256 1287 eaque
1283 1220 1470 1273 satiari
1503 1221 1553 1274 iu
1578 1220 1758 1275 futuro
1789 1221 1985 1276 szeculo

421 1309 763 1375 optaverint;
817 1309 888 1362 ita
924 1309 1238 1364 defzecatam
1283 1325 1347 1364 ac
1377 1311 1785 1366 substantialem
1815 1314 1983 1368 virtu-

423 1408 529 1451 tem
559 1399 857 1464 obtineant,
887 1411 939 1454 et
964 1401 1358 1472 hypostaticam
1395 1404 1568 1472 ipsam
1597 1405 1688 1459 Dei
1719 1405 1983 1474 justitiam

424 1494 723 1560 aspiciant,
770 1494 1045 1563 ipsamque
1090 1496 1182 1549 Dei
1227 1497 1579 1565 sapientiam,
1618 1509 1872 1552 :etcrnam
1908 1499 1986 1550 vi-

425 1593 556 1652 tam,
597 1597 650 1640 et
678 1587 975 1639 animarum
1037 1588 1236 1643 lumen.
1287 1589 1415 1655 Qua:
1472 1590 1653 1643 omnia
1693 1593 1984 1645 secundum

422 1679 777 1732 inhaerentem
815 1679 1066 1732 virtutem
1101 1679 1153 1732 in
1194 1681 1467 1750 unigenito
1522 1681 1610 1734 Dei
1662 1679 1839 1736 Verbo
1872 1699 1990 1737 esse

422 1768 811 1835 intelliguntur.
872 1766 1022 1833 Quod
1087 1768 1130 1822 si
1184 1768 1380 1839 alioqui
1467 1770 1707 1824 nonnulli
1773 1771 1987 1838 benigni

423 1859 622 1914 fuerint
645 1861 1152 1930 eteleemosynarii,
1185 1863 1719 1932 misericordiamque
1756 1881 1819 1918 ac
1860 1866 1992 1919 libe-

421 1952 693 2006 ralitatem
745 1968 870 2022 erga
923 1953 1194 2022 proximos
1248 1953 1762 2020 demonstraverint,
1823 1961 1988 2009 bene-

421 2045 664 2100 flciorum
700 2061 918 2100 suorum
968 2045 1138 2098 vicem
1187 2045 1560 2112 experientur,
1615 2046 1988 2100 misericordia

421 2137 814 2204 clementiaque
843 2137 932 2188 Dei
967 2135 1214 2189 fruendo.
1265 2135 1414 2189 Alius
1457 2146 1541 2190 est
1587 2139 1864 2191 beatorum
1906 2153 1990 2190 se-

423 2225 657 2276 cundum
681 2223 1090 2292 promissionem
1119 2221 1274 2284 ordo,
1299 2223 1387 2290 qui
1415 2223 1604 2285 corde,
1636 2224 1685 2276 id
1709 2231 1790 2276 est
1813 2232 1990 2275 mente

423 2315 542 2384 puri
604 2324 767 2377 sunt;
824 2313 1059 2381 itemque
1111 2313 1250 2367 alius
1310 2313 1681 2382 pacificorum.
1749 2313 1987 2378 Quorum

354 2426 360 2434 ·
425 2406 638 2474 priores
668 2405 881 2473 quidem
915 2405 1168 2472 puritatis
1195 2418 1306 2457 suae
1329 2405 1632 2458 mercedem
1668 2405 1986 2472 percipient,

425 2497 517 2550 Dei
557 2496 840 2557 visionem,
881 2493 1004 2562 quia
1032 2493 1272 2561 purgatis
1297 2509 1420 2547 eum
1450 2493 1641 2547 anima:
1671 2493 1844 2547 oculis
1865 2503 1990 2546 sunt

421 2588 622 2654 visuri;
651 2587 804 2641 alteri
834 2600 959 2640 vero
985 2586 1076 2639 lilii
1099 2585 1186 2639 Dei
1221 2586 1368 2652 lieut,
1397 2595 1682 2655 propterea
1715 2587 1856 2654 quod
1895 2600 1990 2654 par

424 2695 558 2750 opus
593 2679 844 2741 fecerint,
877 2689 1039 2748 atque
1071 2677 1165 2731 Dei
1200 2678 1388 2742 Filius,
1426 2679 1518 2747 qui
1570 2678 1750 2732 omnia
1810 2694 1905 2747 per
1933 2694 1990 2731 se

423 2772 596 2840 ipsum
633 2771 937 2840 paeificavit
971 2769 1083 2824 sive
1118 2785 1234 2838 qua:
1275 2769 1326 2823 in
1355 2768 1506 2823 caelis
1545 2778 1689 2831 sunt,
1731 2769 1846 2822 sive
1874 2781 1992 2837 quas

427 2864 478 2915 in
521 2871 687 2915 terra.
723 2859 1104 2914 Verumtamen
1158 2860 1212 2914 hi
1253 2876 1439 2915 omnes
1479 2875 1574 2929 pro
1618 2875 1835 2914 suorum
1865 2875 1994 2929 ope-

2083 397 2218 447 εῖναι
2246 394 2354 465 γὰρ
2374 395 2614 447 ἐδίδασκε
2640 394 2759 447 καθ’
2783 395 2878 447 ἕνα
2899 393 3019 447 τινὰ
3051 392 3248 460 τρόπον
3277 392 3383 444 τῶν
3405 409 3642 445 κατωνο-

2087 486 2376 557 μασμένων
2407 485 2536 555 βίων
2565 486 2958 555 καταξιωθῆναι
2982 485 3088 538 τῶν
3107 483 3525 556 ἐπηγγελμένων
3557 501 3646 552 φι-

2082 578 2416 650 λοτιμεῖσθαι
2432 597 2444 610 ·
2471 579 2595 632 ὥστ’
2617 575 2750 632 εἶναι
2781 579 3019 643 δυνατὸν,
3045 580 3102 631 ἐν
3128 581 3191 647 τῇ
3215 577 3307 630 τοῦ
3335 576 3468 630 Θεοῦ
3495 576 3648 646 βασι-

2083 671 2198 742 λείᾳ
2251 669 2589 742 γενομένους,
2632 671 2680 722 εί
2718 671 2810 722 καὶ
2967 667 3386 740 συμϐασιλεῦσαι
3428 666 3646 738 Χριστῷ

2085 763 2224 818 κατὰ
2273 763 2396 827 τοὺς
2436 763 2682 832 πτωχοὺς
2713 762 2789 832 τῷ
2820 761 3106 830 πνεύματι,
3149 759 3281 813 ἀλλὰ
3307 759 3437 829 γοῦν
3474 776 3649 831 παρα-

2085 852 2344 923 κληθῆναι
2388 853 2471 921 ἐςρ’
2519 847 2600 914 οἷς
2651 850 2719 904 τὰ
2770 850 2904 920 πρὸς
2957 850 3180 903 θάνατον
3236 850 3649 920 ἀμαρτήσαντες

2085 943 2408 1014 ἐπένθησαν,
2441 942 2696 1014 μετανοίᾳ
2748 942 2838 995 καὶ
2867 939 3244 1012 ἐξομολογήσει
3274 939 3384 1010 (47)
3425 939 3519 991 καὶ
3549 938 3648 1010 βίῳ

2088 1038 2320 1110 σώφρονι
2350 1038 2570 1100 ἑαυτοὺς
2587 1035 2968 1098 ἐπιδεδωκὸτες
2989 1051 3002 1064 ’
3045 1034 3077 1104 ἢ
3107 1034 3205 1104 τῆς
3236 1031 3648 1102 ἐπηγγελμένης

2087 1131 2190 1200 γῆς
2231 1133 2435 1200 τυχεῖν,
2474 1127 2760 1199 οἰκήτοράς
2791 1144 2851 1180 τε
2903 1126 2996 1180 καὶ
3037 1125 3257 1187 πολίτας
3290 1125 3388 1194 τῆς
3414 1125 3522 1178 ἄνω
3555 1123 3648 1176 τοῦ

2086 1222 2218 1276 Θεοῦ
2251 1223 2454 1285 πόλεως
2482 1220 2750 1289 γενέσθαι,
2783 1219 2990 1290 πράους
3023 1218 3114 1270 καὶ
3138 1216 3489 1282 ἀνεξικάκους
3513 1218 3650 1270 ἁπο-

2085 1313 2418 1384 δειχθέντας·
2468 1313 2500 1384 ἣ
2537 1313 2891 1380 πεινήσαντας
2940 1310 2997 1361 ὲν
3033 1307 3111 1378 τῷ
3145 1307 3368 1378 παρόντι
3408 1307 3524 1377 βίῳ,
3559 1307 3652 1360 καὶ

2085 1407 2414 1476 διψήσαντας
2450 1406 2550 1476 τῆς
2576 1402 2916 1472 δικαιοσύνης
2939 1403 3118 1471 τυχεῖν
3153 1399 3344 1468 αὐτῆς,
3373 1400 3465 1452 καὶ
3497 1415 3654 1470 κορε-

2089 1501 2277 1570 σθῆναι
2325 1501 2464 1552 κατὰ
2503 1498 2594 1551 τὸν
2642 1497 3044 1568 ἐπηγγελμένον
3083 1492 3274 1555 αἰῶνα,
3317 1491 3451 1544 ἐπὰν
3484 1491 3653 1560 αὐτῆς

2089 1595 2332 1665 καθαρᾶς
2376 1593 2474 1662 τῆς
2518 1590 2804 1654 οὐσιὼδους
2842 1588 3043 1660 ἀρετῆς
3083 1585 3454 1650 ἀπολαύωσιν,
3486 1583 3654 1653 αὐτὴν

2090 1686 2450 1755 ὐποστατικὴν
2483 1683 2715 1752 ὁρῶντες
2745 1683 2843 1752 τὴν
2877 1678 2971 1733 τοῦ
3011 1678 3144 1731 Θεοῦ
3171 1675 3530 1745 δικαιοσύνην,
3559 1676 3654 1728 καὶ

2090 1778 2256 1848 αὐτὴν
2284 1778 2382 1847 τὴν
2415 1775 2602 1842 σοφίαν
2643 1772 2735 1825 τοῦ
2776 1769 2932 1834 Θεοῦ,
2973 1769 3066 1822 καὶ
3094 1769 3190 1839 τὴν
3227 1767 3370 1838 ζωὴν
3398 1767 3495 1835 τὴν
3525 1765 3658 1819 αἰώ-

2088 1886 2218 1931 νιον,
2249 1867 2420 1920 καὶτὸ
2445 1864 2629 1935 ψυχῶν
2661 1861 2982 1933 φωτιστικόν
3002 1877 3015 1890 ·
3067 1859 3102 1914 ἂ
3130 1859 3194 1931 δὴ
3228 1859 3402 1912 πάντα
3429 1859 3658 1910 ἐπινοεῖ-

2088 1977 2176 2012 ται
2217 1957 2354 2011 κατὰ
2393 1957 2492 2020 τὰς
2540 1953 2949 2026 ἐνυπαρχούσας
2979 1951 3232 2020 δυνάμεις
3273 1948 3351 2020 τῷ
3385 1951 3660 2020 μονογενεῖ

2088 2049 2182 2102 τοῦ
2219 2049 2352 2101 Θεοῦ
2381 2049 2558 2118 Λόγῳ.
2593 2047 2654 2099 Εἰ
2686 2044 2742 2097 δὲ
2781 2043 2953 2104 ἄλλως
2989 2041 3132 2104 τινὲς
3168 2040 3532 2111 φιλάνθρωποι
3565 2041 3657 2093 καὶ

2089 2143 2378 2212 ἐλεήμονες
2425 2141 2710 2207 γεγόνασι,
2763 2138 2824 2192 τὸ
2873 2135 3154 2207 συμπαθὲς
3205 2135 3298 2188 κα)⁸
3348 2131 3658 2186 κοινωνικὸν

2090 2235 2226 2304 πρὸς
2247 2234 2373 2296 τοὺς
2394 2231 2561 2294 πέλας
2585 2229 3034 2298 ἐπιδεικνύμενοι,
3060 2225 3252 2279 ταύτὸν
3281 2223 3553 2277 πείσονται
3572 2215 3655 2285 οἷς

2090 2325 2341 2396 ἔδρασαν,
2369 2322 2489 2374 κατ’
2523 2320 2670 2373 ἒλεον
2703 2317 2839 2371 Θεοῦ
2867 2320 2960 2372 καὶ
2989 2314 3392 2388 φιλανθρωπίαν
3419 2310 3637 2382 ἐλεηθέν

2092 2433 2200 2478 τες.
2233 2413 2394 2466 Ἀλλο
2422 2413 2480 2466 δὲ
2512 2412 2695 2482 τάγμα
2727 2411 2921 2479 γένοιτ’
2953 2409 3018 2463 ἂν
3050 2409 3157 2462 τῶν
3187 2406 3326 2461 κατὰ
3359 2406 3455 2476 τὴν
3487 2407 3657 2471 ἐπαγ-

2090 2505 2275 2574 γελίαν
2321 2504 2627 2574 μακαρίων,
2668 2502 2730 2555 τὸ
2755 2500 2862 2554 τῶν
2887 2501 2984 2572 τὴν
3014 2501 3239 2571 καρδίαν
3273 2497 3517 2552 τουτέστι
3559 2497 3658 2566 τὴν

2089 2595 2322 2648 διάνοιαν
2360 2591 2780 2664 κεκαθαρμένων
2799 2608 2818 2620 ⁸
2847 2591 2941 2644 καὶ
2967 2591 3094 2645 ἄλλο
3120 2589 3279 2642 πάλιν
3304 2588 3412 2640 τῶν
3447 2588 3652 2658 εἰρηνοι

2092 2686 2259 2739 ποιῶν
2285 2703 2299 2716 ·
2335 2679 2410 2739 ὧν
2431 2686 2480 2738 οἱ
2507 2685 2604 2756 μὲν
2632 2684 2883 2756 πρότεροι
2909 2683 3074 2753 γέρας
3096 2681 3350 2753 λήψονται
3374 2680 3471 2750 τῆς
3496 2679 3663 2732 καθα-

2097 2781 2334 2850 ρότητος,
2367 2777 2466 2848 τὴν
2493 2777 2586 2831 τοῦ
2618 2777 2752 2830 Θεοῦ
2771 2776 2918 2841 θέαν,
2949 2774 3042 2828 ἅτε
3068 2774 3125 2827 δέ
3150 2772 3447 2843 ὀφθαλμοῖς
3482 2769 3660 2840 ψυχῆς

2095 2867 2523 2939 κεκαθαρμένοις
2571 2867 2729 2920 αὐτὸν
2773 2866 3052 2936 ὀψόμενον
3097 2865 3146 2916 οἰ
3175 2864 3232 2917 δὲ
3283 2863 3520 2934 δεύτεροι
3556 2859 3664 2912 υἱοὶ

425 2970 543 3007 rum
611 2954 924 3006 diversitate
977 2951 1203 3004 diversis
1270 2951 1321 3004 itt
1397 2953 1661 3021 promisso
1730 2952 1989 3005 ctBlorum

2097 2958 2232 3012 Θεοῦ
2263 2959 2598 3030 γενήσονται,
2628 2957 2704 3019 ὼς
2727 2956 2792 3008 ἂν
2819 2955 2977 3026 ἔργον
2997 2956 3180 3025 ὅμοιον
3207 2950 3624 3024 κατωρθωκότες
3642 2965 3658 2978 ·

427 3058 592 3111 regno
639 3043 918 3112 potientur
969 3042 1284 3098 honoribus.
1346 3041 1481 3096 Nam
1536 3044 1830 3112 regnabant
1869 3058 1992 3097 cum

428 3135 519 3187 Dei
547 3133 682 3188 Filio
700 3132 857 3201 primi
898 3132 987 3200 qui
1024 3132 1283 3186 nominati
1315 3143 1441 3186 sunt
1483 3147 1745 3201 pauperes
1777 3133 1989 3201 spiritu.

423 3225 555 3279 Post
589 3225 706 3278 illos
731 3233 909 3277 autem
955 3222 1198 3288 secundi,
1245 3221 1410 3277 fortes
1455 3223 1544 3276 Dei
1607 3233 1899 3293 martyres,
1926 3223 1994 3275 de

425 3317 622 3384 quibus
663 3326 844 3386 postea
881 3314 1047 3368 dicit:
1101 3313 1248 3366 Beati
1297 3317 1387 3384 qui
1437 3316 1845 3383 persecutionem
1896 3331 1993 3382 pu-

428 3405 632 3456 tiuntur
675 3409 885 3470 prapter
919 3400 1208 3470 justitiam.
1235 3402 1328 3456 llis
1379 3403 1522 3457 enim
1562 3402 1740 3458 verbis
1781 3418 1874 3457 eos
1903 3404 1993 3472 qui

427 3508 524 3561 pro
552 3507 717 3562 regno
747 3491 1076 3545 deccrtaturi
1120 3502 1296 3554 erant,
1331 3499 1586 3561 tanquam
1640 3492 1850 3547 nobiles
1903 3492 1992 3546 Dei

429 3583 629 3637 milites
673 3584 886 3638 dicebat
908 3584 1130 3649 beatos;
1183 3582 1490 3636 necessario
1543 3582 1626 3636 his
1657 3598 1891 3652 quoque,
1940 3595 1996 3635 ut

426 3673 854 3729 beatificatorum
885 3685 1043 3727 antea
1086 3687 1379 3742 pauperum
1411 3672 1692 3738 fratribus,
1731 3673 1995 3728 mercedis

425 3762 547 3820 loco
575 3764 834 3818 caelorum
861 3779 1080 3832 regnum
1109 3763 1447 3833 promittens.
1474 3763 1639 3817 Multo
1675 3775 1852 3818 autem
1872 3781 1992 3818 cum

425 3851 616 3907 ordine
665 3860 720 3904 et
770 3860 1134 3904 consentauee
1209 3851 1292 3905 his
1347 3853 1717 3907 communicat.
1771 3868 1994 3920 regnum

427 3957 582 3995 suum
620 3949 738 4009 post
775 3956 1036 4010 pauperes
1087 3941 1300 4010 spiritu.
1331 3941 1556 4012 Oportet
1583 3943 1727 3998 enim
1764 3945 1993 4014 primum

425 4033 611 4087 vivere
643 4031 754 4086 Deo
785 4041 968 4100 gratos
999 4039 1111 4085 toto
1136 4031 1257 4085 vita:
1302 4041 1564 4103 tempore,
1599 4048 1888 4104 pauperem
1931 4052 1995 4090 ac

433 4131 864 4202 philosoplticum
901 4143 1105 4184 morem
1145 4138 1387 4185 tenentes
1420 4150 1441 4185 ι
1461 4131 1657 4187 deinde
1683 4133 1762 4188 sic
1784 4134 1848 4187 ad
1873 4150 1996 4204 gra-

433 4233 546 4277 tum
574 4223 686 4277 Deo
715 4225 876 4276 linem
907 4224 1239 4293 pertingere.
1262 4220 1445 4293 itaque
1487 4225 1694 4294 priores
1736 4225 1807 4278 illi
1854 4241 2000 4280 sum—

2095 3046 2204 3104 οἷον
2231 3051 2324 3103 καὶ
2359 3052 2387 3102 ὁ
2421 3048 2515 3102 τοῦ
2536 3048 2668 3102 Θεοῦ
2698 3049 2824 3111 Υἱὸς
2847 3045 3262 3118 εἰρηνοποιήσας
3297 3043 3368 3097 τὰ
3388 3043 3564 3096 πάντα
3594 3039 3662 3092 δι’

2097 3140 2312 3207 ἐαυτοῦ,
2336 3139 2406 3192 τά
2444 3157 2501 3192 τε
2551 3139 2611 3191 ὲν
2652 3138 2862 3210 οὐρανῷ
2896 3140 2987 3191 καί
3011 3137 3081 3191 τὰ
3113 3136 3207 3188 ἐπὶ
3242 3135 3340 3206 τῆς
3359 3135 3481 3203 γῆς.
3527 3131 3665 3184 Ἀλλ’

2096 3223 2240 3283 οὗτοι
2267 3231 2361 3301 μὲν
2395 3231 2487 3283 ἐπὶ
2520 3230 2794 3300 διαφόροις
2831 3228 3215 3300 κατορθώμασι
3251 3227 3517 3297 διαφόρων
3545 3223 3670 3276 τεύ-

2100 3317 2275 3380 ξονται
2298 3317 2469 3388 τιμῶν
2501 3319 2558 3371 ἐν
2576 3320 2640 3388 τῇ
2672 3317 3086 3388 κατηγγελμένῃ
3120 3317 3229 3370 τῶν
3253 3316 3493 3385 οὐρανῶν
3524 3314 3673 3384 βασι-

2098 3411 2237 3479 λεία.
2274 3410 2340 3462 Οἵ
2366 3427 2430 3477 γε
2461 3409 2564 3480 μὴν
2593 3409 2740 3480 αὐτῷ
2773 3409 3292 3480 συμϐασιλεύσοντες
3321 3407 3398 3478 τῷ
3432 3408 3545 3478 Υίῷ
3574 3406 3668 3460 τοῦ

2098 3500 2232 3554 Θεοῦ
2268 3500 2472 3571 πρῶτοι
2525 3500 2622 3571 μὲν
2671 3496 2810 3569 ἦσαν
2864 3501 2912 3552 οἱ
2961 3498 3287 3570 δηλωθέντες
3333 3498 3536 3568 πτωχοὶ
3588 3495 3669 3566 τῷ

2100 3593 2398 3663 πνεύματι·
2443 3590 2683 3662 δεύτεροι
2721 3591 2778 3644 δὲ
2811 3591 2925 3661 μετ’
2953 3591 3192 3653 ἐκείνους
3227 3589 3277 3642 οἱ
3305 3591 3537 3656 γενναῖοι
3575 3584 3669 3641 τοῦ

2098 3685 2230 3738 Θεοῦ
2265 3685 2556 3755 μάρτυρες,
2589 3684 2716 3754 περὶ
2748 3676 2822 3738 ὧν
2863 3681 2990 3753 ἑξῆς
3019 3681 3261 3735 ἐδίδασκε
3300 3679 3502 3747 λέγων·
3532 3681 3674 3731 Μα-

2101 3777 2289 3846 κάριοι
2325 3780 2380 3830 οὶ
2414 3775 2792 3847 δεδιωγμένοι
2842 3775 3050 3829 ἕνεκεν
3101 3772 3522 3838 δικαιοσύνης·
3581 3769 3672 3822 διὰ

2100 3866 2302 3920 τούτων
2359 3866 2467 3938 γὰρ
2511 3866 2635 3929 τοὺς
2670 3866 2960 3936 μέλλοντας
3025 3861 3523 3934 ὐπεραγωνίζεσθαι
3571 3859 3672 3927 τῆς

2101 3957 2374 4028 βασιλείας
2400 3958 2475 4022 ὡς
2505 3959 2741 4026 εὐγενεῖς
2769 3957 2903 4011 Θεοῦ
2945 3955 3278 4029 στρατιώτας
3304 3950 3634 4023 ἐμακάριζεν
3653 3966 3668 3981 ·

2100 4049 2412 4119 ἀναγκαίως
2449 4051 2542 4102 καὶ
2580 4051 2763 4112 αὐτοῖς
2793 4049 2868 4113 ὡς
2900 4049 3147 4116 ἀδελφοῖς
3169 4045 3274 4099 τῶν
3308 4057 3669 4114 προμεμακα-

2103 4135 2371 4215 ρισμένων
2397 4140 2629 4212 πτωχῶν
2654 4141 2880 4214 βραδεῖα
2907 4140 3013 4193 τῶν
3041 4139 3285 4192 ἐπάθλων
3318 4135 3415 4206 τὴν
3441 4134 3549 4186 τῶν
3579 4133 3672 4185 οὐ-

2103 4229 2279 4300 ρανῶν
2314 4229 2585 4300 βασιλείαν
2611 4229 3050 4299 ὑπισχνούμενος.
3088 4225 3248 4290 Τάξει
3299 4225 3355 4277 δὲ
3387 4223 3550 4294 πολλῇ
3578 4222 3674 4274 καὶ

426 4330 570 4372 mam
612 4316 734 4370 vitae
776 4325 1143 4385 paupertatem
1179 4327 1474 4379 sectantes,
1517 4325 1631 4371 toto
1675 4318 1852 4372 aetatis
1893 4333 1989 4372 sua

2106 4321 2394 4393 ἀκολουθίᾳ
2413 4321 2622 4385 τούτοις
2656 4322 2926 4392 μετεδίδου
2947 4323 3042 4391 τῆς
3071 4319 3236 4373 αὐτοῦ
3272 4317 3546 4388 βασιλείας
3571 4333 3668 4385 με-

430 4419 673 4479 tempore
700 4425 798 4478 pro
831 4411 1044 4464 virtutis
1094 4411 1330 4479 primitiis
1362 4409 1732 4464 decertarunt.
1763 4409 1995 4464 Secundi

426 4518 576 4566 vero,
627 4512 847 4571 propter
900 4502 1262 4556 testimonium
1326 4503 1391 4555 de
1445 4502 1684 4568 Christo,
1736 4503 1994 4572 exagitati

426 4595 665 4656 fuerunt,
693 4594 1010 4663 Oppugnati,
1051 4593 1177 4646 odio
1225 4593 1415 4655 habiti,
1451 4593 1600 4647 falsis
1640 4594 1996 4648 accusationi-

429 4689 526 4742 bus
551 4687 884 4741 calumniose
913 4685 1160 4755 appetiti,
1205 4683 1404 4737 nullam
1447 4684 1610 4736 aliam
1653 4685 1721 4737 ob
1775 4699 1992 4737 causam

426 4795 589 4844 quam
621 4777 690 4831 ob
723 4775 920 4830 Christi
957 4774 1376 4831 confessionem.
1425 4775 1532 4829 Sed
1575 4777 1717 4830 enim
1753 4777 1994 4829 esurien-

428 4883 509 4925 tes
530 4872 745 4941 quidem
782 4870 1065 4934 etllentes,
1100 4879 1156 4924 et
1195 4869 1396 4924 Christi
1443 4884 1605 4922 causa
1652 4870 1996 4924 contumeliis

425 4963 652 5018 adfectos
690 4966 830 5034 apud
867 4961 1062 5017 Lucam
1106 4978 1321 5032 quoque
1350 4959 1650 5015 videbimus
1675 4960 1808 5030 (48);
1840 4962 1996 5016 mites

502 5195 613 5265 (46)
641 5196 749 5250 lloc
775 5213 988 5267 quoque
1020 5197 1155 5266 apud
1201 5194 1532 5260 illattlizlmrn,
1562 5195 1653 5261 qui
1688 5205 1810 5249 octo
1846 5196 1996 5264 punit

430 5264 807 5330 beatiuulines,
842 5264 965 5322 cum
1012 5264 1183 5322 Lucas
1229 5276 1462 5334 quatuor
1515 5276 1716 5318 tantum
1775 5269 1999 5319 scribat.

428 5335 487 5390 lu
522 5335 772 5389 Mattha-o
813 5339 991 5406 itaque
1017 5339 1220 5392 versari
1259 5337 1470 5389 videtur
1502 5337 1782 5389 Eusebius.

461 5476 472 5486 ⁸
503 5407 613 5474 (47)
641 5403 1020 5462 Animadverte
1067 5407 1443 5478 pwuiteutiam
1494 5423 1595 5460 non
1632 5406 1748 5461 sine
1778 5403 1994 5460 confes-

429 5491 600 5530 SIUIIU.

502 5546 614 5616 (48)
655 5545 810 5601 Vides
843 5563 1028 5602 rursus
1065 5547 1352 5603 Eusebium
1383 5548 1432 5600 in
1477 5545 1782 5603 Matthtcum
1814 5546 1990 5616 potius

431 5615 781 5673 commentari
813 5633 972 5689 quam
1010 5621 1059 5673 in
1094 5619 1313 5689 Lucam,
1367 5619 1430 5674 ad
1461 5635 1616 5689 quem
1669 5615 1842 5673 tamen
1895 5615 1986 5672 Ni-

2101 4411 2173 4465 τὰ
2202 4413 2326 4475 τοὺς
2362 4413 2607 4482 πτωχοὺς
2628 4411 2707 4482 τῷ
2734 4412 3028 4482 πνεύματι·
3077 4410 3262 4481 βιῶναι
3299 4410 3408 4480 γὰρ
3435 4409 3515 4461 δεῖ
3545 4409 3675 4477 πρό-

2101 4520 2256 4573 τερον
2281 4502 2539 4571 θεοφιλῶς
2563 4503 2654 4556 τὸν
2685 4503 2859 4556 πάντα
2891 4505 3078 4576 χρόνον
3111 4505 3210 4571 τῆς
3237 4502 3380 4570 ζωῆς
3417 4503 3474 4553 ἐν
3506 4501 3676 4568 ἀκτή-

2105 4613 2224 4666 μονι
2256 4597 2349 4649 καὶ
2375 4596 2647 4666 φιλοσόφῳ
2681 4597 2866 4667 τρόπῳ
2897 4595 3323 4657 διατελέσαντας,
3375 4587 3474 4644 εἷθ’
3504 4590 3676 4654 οὕτως

2102 4686 2195 4737 ἐπὶ
2231 4685 2291 4738 τὸ
2329 4685 2569 4754 θεοφιλὲς
2602 4686 2753 4750 τέλος
2777 4686 2968 4740 ἐλθεῖν.
3001 4688 3063 4738 Οί
3094 4686 3191 4756 μὲν
3217 4681 3310 4738 οῦν
3342 4683 3545 4754 πρῶτοι
3576 4681 3675 4751 τὴν

2103 4777 2277 4848 ἄκραν
2317 4776 2600 4847 ἀκτήμονα
2650 4779 2980 4849 μετήρχοντο
3018 4775 3239 4847 ἀγωγὴν
3277 4775 3371 4829 τοῦ
3421 4774 3558 4844 βίου,
3586 4773 3675 4826 διὰ

2103 4870 2283 4940 πάσης
2318 4869 2497 4922 αὐτῶν
2553 4870 2655 4940 τῆς
2690 4871 2832 4940 ζωῆς
2880 4873 2990 4932 τοῖς
3020 4869 3120 4939 τῆς
3148 4869 3346 4941 ἀρετῆς
3378 4865 3558 4928 ἄθλοις
3588 4866 3676 4916 ἐν·

2102 4961 2487 5034 αγωνιζόμενοι
2508 4979 2520 4993 ·
2551 4964 2600 5015 οἱ
2620 4963 2677 5015 δὲ
2703 4962 2940 5035 δεύτεροι
2965 4962 3064 5031 τῆς
3084 4963 3164 5024 είς
3187 4960 3346 5014 αὐτὸν
3371 4958 3676 5028 μαρτυρίας

2109 5209 2256 5250 celas
2282 5196 2496 5251 Eusebii
2529 5198 2629 5252 bas
2659 5198 3039 5252 meditationes
3063 5199 3246 5252 traxit.
3296 5193 3407 5248 Nisi
3445 5193 3677 5247 fortasse

2101 5267 2373 5321 Eusebius
2417 5268 2719 5336 generatim
2757 5271 2822 5322 ad
2870 5267 3372 5336 tetraevaugelium,
3401 5265 3554 5333 quasi
3584 5275 3674 5330 per

2103 5335 2470 5403 harmoniam,
2514 5351 2914 5395 commentatus
2971 5339 3087 5391 fuit.
3141 5341 3246 5390 Aut
3285 5335 3384 5388 nisi
3446 5336 3675 5399 denique

2101 5419 2390 5464 sumuntur
2427 5409 2542 5465 haec
2573 5418 2626 5464 et
2655 5409 2754 5462 alia
2791 5425 2857 5464 ex
2908 5407 3253 5470 Theophauia
3291 5404 3525 5458 fortasse
3571 5409 3677 5470 pte-

2096 5481 2282 5545 niore;
2329 5479 2582 5549 inqcujus
2622 5491 2770 5535 certe
2812 5490 3002 5549 quarto
3059 5477 3196 5531 libro
3249 5476 3526 5549 m_odu_ex
3572 5477 3675 5526 hoc

2086 5551 2242 5608 modo
2263 5544 2329 5606 ex
2361 5547 2464 5608 alio
2493 5544 2978 5622 evangelista—facit
2998 5555 3246 5617 excerpta
3281 5544 3564 5602 Eusebius.
