4108 6204
375 243 474 298 537
1512 250 2003 306 COMMENTARIA
2044 251 2113 306 IN
2152 252 2410 310 LUCAM.
3492 259 3598 315 538

367 360 554 413 ἕνεκεν
576 361 866 431 ἠλαύνοντο
893 363 1281 436 πολεμούμενοι
1314 370 1406 424 καὶ
1428 371 1760 443 μισούμενοι,
1782 390 1912 426 συκο

2041 385 2240 441 autem,
2275 385 2331 431 et
2369 376 2763 442 niiser‘lcurd’eso,
2797 386 2849 430 et
2873 376 3034 430 corde
3059 391 3242 447 puros,
3275 385 3328 432 et
3350 378 3598 446 paciﬁcos

365 451 730 522 φαντούμενοί
768 471 825 506 τε
857 455 1072 524 ψευδέσι
1113 457 1379 525 διαϐολαῖς
1404 463 1471 515 δι’
1497 463 1646 518 οὐδὲν
1680 465 1861 536 ἕτερον
1892 465 1912 518 'i

2034 463 2315 520 Matthzeus
2341 466 2493 519 nobis
2513 466 2578 520 ad
2601 466 3046 520 considerandum
3079 467 3403 536 suppeditat.

362 546 456 600 διὰ
487 547 588 618 τὴν
616 553 693 612 εἰς
717 551 940 621 Χριστὸν
971 553 1279 624 ὁμολογίαν.
1327 559 1485 614 Ἀλλὰ
1527 560 1635 632 γὰρ
1655 562 1780 625 τοὺς
1811 561 1908 632 μὲν
1959 561 2257 626 πεινῶντας
2313 561 2406 615 καὶ
2459 561 2742 623 κλαίοντας
2779 561 2872 614 καὶ
2903 561 2990 614 διὰ
3022 561 3252 633 Χριστὸν
3277 562 3597 634 ὀνειδιζομέ-

367 659 501 706 νους
544 645 634 697 καὶ
666 646 810 715 παρὰ
838 647 914 716 τῷ
942 650 1126 720 Λθυκᾷ
1164 651 1437 723 ὀψόμεθαο
1483 657 1611 720 τοὺς
1639 657 1695 709 δὲ
1737 660 1932 728 πραεῖς
1976 657 2070 710 καὶ
2113 659 2241 720 τοὺς
2301 658 2598 729 ἐλεήμονας
2623 658 2717 710 καὶ
2742 658 2866 720 τοὺς
2885 656 3156 728 καθαροὺς
3185 661 3251 729 τῇ
3276 660 3472 732 καρδίᾳ
3503 662 3597 715 καὶ⁸

369 735 502 798 τοὺς
533 738 892 806 εἰρηνοποιοὺς
920 741 949 791 ό
981 741 1257 807 Ματθαῖος
1293 747 1424 817 ἡμῖν
1455 750 1535 812 είς
1557 749 1800 813 ἐξέτασιν
1830 749 2206 820 παρατίθεται.

447 829 553 882 Καὶ
600 829 749 882 ταῦτ’
786 830 972 902 ἔλεγεν
1009 833 1244 900 ὁπλίζων
1281 841 1375 894 καὶ
1398 844 1776 914 περιφράττων
1807 847 1933 908 τοὺς

378 920 620 992 μαθητὰς
661 923 740 986 είς
785 923 876 977 τὸν
925 926 1064 980 κατά
1117 927 1226 982 τῶν
1283 933 1536 989 ἐναντίων
1573 937 1824 1009 πόλεμον,
1873 938 1931 992 ὃν

373 1009 587 1074 ἔμελλον
609 1014 1047 1069 ἐπαναντλεῖσθαι
1063 1034 1132 1088 κη
1141 1018 1420 1088 ρύττοντες
1438 1026 1599 1080 παντὶ
1623 1027 1699 1098 τῷ
1720 1029 1928 1099 κόσμῳ,

369 1102 462 1154 καὶ
493 1105 888 1174 μαρτυρόμενοι
913 1109 1009 1180 τὴν
1033 1109 1152 1174 ἐνὸς
1182 1111 1276 1165 τοῦ
1301 1115 1393 1167 ἐπὶ
1418 1117 1635 1170 πάντων
1661 1117 1795 1171 Θεοῦ
1838 1119 1932 1188 βα-

369 1192 586 1248 σιλείαν.
620 1195 928 1261 Μέλλοντας
962 1199 1069 1271 γὰρ
1103 1203 1295 1268 αὐτοὺς
1335 1205 1422 1260 διὰ
1449 1207 1510 1261 τὸ
1534 1209 1652 1262 νέον
1674 1211 1929 1281 κήρυγμα

362 1283 499 1353 πρὸς
520 1286 775 1340 ἀπάντων
807 1288 1122 1346 ἐλαύνεσθαι
1145 1295 1237 1347 καὶ
1263 1296 1630 1368 πολεμεῖσθαι,
1658 1318 1931 1372 προησφα-

360 1371 538 1468 λίζετο
571 1378 666 1430 καὶ
701 1380 1041 1450 προέφραττε
1069 1388 1427 1458 μακαρισμῶν
1450 1407 1507 1443 τε
1536 1389 1688 1461 ἠξίου
1709 1410 1721 1422 ⁸
1753 1395 1833 1448 ὅτι
1863 1395 1926 1468 δὴ

357 1464 597 1537 ἄληπτον
645 1468 759 1539 βίον
803 1471 1244 1546 προϐαλλόμενοι,
1287 1479 1362 1544 ὼς
1409 1481 1543 1552 μηδὲ
1578 1487 1690 1547 τοῖς
1718 1464 1926 1557 ἐχθροῖς

358 1559 660 1628 προφάσεις
686 1563 802 1614 κατ’
831 1563 1006 1617 αὐτῶν
1040 1565 1375 1640 θηρωμένοις
1404 1572 1657 1643 ἀφορμὰς
1679 1574 1926 1649 διαϐολῆς

359 1650 648 1720 παρέχειν·
676 1652 824 1721 ὅμως
868 1653 954 1708 διὰ
988 1656 1152 1728 μόνην
1189 1660 1289 1731 τὴν
1322 1662 1401 1725 είς
1428 1663 1585 1716 αὑτὸν
1615 1666 1922 1736 ὁμολογίαν,

359 1740 584 1793 καὶτῶν
605 1743 770 1796 αὑτοῦ
800 1747 1271 1819 παραγγελμάτων
1291 1751 1496 1818 ἕνεκεν,
1521 1755 1804 1811 διώκεσθαι
1833 1761 1926 1813 καὶ¹

359 1835 710 1906 πολεμεῖσθαι
741 1839 1002 1908 μέλλοιεν,
1021 1843 1460 1916 δυσφημούμενοι
1481 1851 1572 1902 καὶ
1599 1852 1778 1916 πάσας
1801 1855 1928 1906 ὑπο⁹

361 1927 616 1996 μένοντες
644 1929 906 2001 λοιδορίας
938 1933 1029 1985 καὶ
1061 1933 1244 2005 ὕϐρεις
1276 1937 1368 1990 καὶ
1391 1939 1742 2012 ὀνειδισμοὺς,
1777 1945 1834 1996 ού
1857 1945 1922 1998 δι’

355 2013 563 2077 οἰκείας
605 2015 994 2088 πλημμελείας,
1035 2020 1123 2074 διὰ
1148 2023 1204 2076 δὲ
1231 2025 1320 2078 τὸν
1348 2027 1596 2098 ἐνάρετον
1638 2033 1731 2084 καὶ
1757 2033 1922 2105 ἄκρον

2102 843 2218 898 Jam
2250 860 2378 900 vero
2414 846 2526 900 haec
2550 847 2727 900 aiebat
2761 860 2977 900 armans
3016 855 3174 915 alque
3219 850 3594 904 communiens

2031 937 2096 990 ad
2130 939 2324 992 bellqu
2356 954 2476 993 cum
2512 938 2756 993 hostibus
2787 938 3099 1008 discipulos,
3137 941 3276 1009 quod
3312 952 3468 995 erant
3512 953 3593 996 to-

2029 1028 2249 1084 leraturi
2287 1031 2411 1084 dum
2452 1031 2547 1084 toti
2579 1030 2774 1084 mundo
2805 1045 2967 1084 unum
3009 1031 3330 1086 universalis
3369 1032 3458 1086 Dei
3507 1049 3592 1088 re-

2029 1136 2190 1190 gnum
2222 1123 2599 1191 praedicarent.
2629 1121 2830 1191 Nempe
2854 1137 2963 1184 eos,
3005 1123 3096 1192 qui
3133 1124 3200 1179 ob
3229 1141 3420 1179 novam
3450 1143 3588 1195 pra:-

2028 1213 2350 1270 dicationem
2401 1216 2468 1270 ab
2513 1215 2764 1270 omnibus
2795 1215 3104 1284 exagitandi
3155 1226 3313 1270 erant
3345 1229 3400 1270 et
3429 1234 3591 1287 oppu-

2027 1305 2244 1374 gnandi,
2294 1317 2418 1360 ante
2463 1306 2733 1361 muniebat
2760 1314 2921 1376 atque
2960 1307 3231 1372 armabat,
3267 1318 3322 1362 et
3358 1309 3588 1364 beatitu-

2027 1397 2151 1450 dine
2183 1397 2372 1466 dignos
2406 1397 2716 1451 definiebat.
2767 1397 2902 1464 Quia
2938 1399 3197 1454 nimirum
3241 1400 3589 1471 irreprehen-

2025 1489 2231 1543 sibilem
2264 1489 2397 1544 adeo
2443 1490 2605 1545 vitam
2643 1505 2751 1558 prae
2782 1506 2839 1546 se
2873 1490 3133 1557 ferentes,
3164 1501 3223 1548 ut
3264 1509 3330 1547 ne
3357 1492 3590 1548 inimicis

2025 1581 2236 1650 quidem
2279 1596 2465 1637 ausam
2514 1584 2915 1650 quaerentibus,
2971 1585 3256 1639 calumnia:
3308 1587 3588 1640 materiam

2025 1674 2352 1743 praeberent;
2383 1674 2754 1759 nihilominus,
2783 1686 3005 1744 propter
3037 1678 3203 1731 solam
3228 1679 3430 1732 Christi
3458 1693 3588 1734 con-

2026 1765 2305 1821 fessionem
2335 1767 2558 1837 ejusque
2593 1767 2971 1823 mandatorum
3014 1784 3197 1834 causa,
3255 1771 3587 1839 persecutio-

2024 1873 2148 1911 num
2173 1858 2365 1913 bellum
2396 1859 2700 1928 perpessuri
2728 1870 2904 1926 erant,
2935 1859 3231 1925 maledicti,
3256 1872 3415 1930 atque
3439 1863 3583 1916 omni

2024 1964 2219 2018 genere
2269 1950 2657 2014 conviciorum,
2712 1951 3054 2022 iniuriarum,
3109 1954 3587 2008 contumeliarum-

2023 2056 2126 2110 que
2147 2042 2342 2108 obruti,
2376 2042 2518 2097 haud
2539 2045 2608 2097 ob
2634 2057 2788 2098 suum
2821 2043 3024 2099 crimen
3054 2043 3288 2114 aliquod.
3333 2045 3424 2099 sed
3461 2060 3585 2114 pro-

356 2105 414 2156 ἑν
445 2105 755 2181 δικαιοσύνῃ
801 2108 912 2179 βίον
949 2112 1125 2166 αὐτῶν
1149 2131 1163 2144 ο
1205 2114 1233 2168 ὃ
1271 2116 1334 2188 δὴ
1368 2120 1460 2172 καὶ
1494 2121 1622 2174 αὐτὸ
1654 2125 1791 2178 κατὰ
1831 2126 1912 2197 τὴι

2029 2143 2143 2200 pter
2174 2149 2322 2188 suam
2359 2145 2561 2189 exacta:
2583 2135 2804 2190 virtutis
2849 2150 2912 2189 ac
2939 2135 3162 2204 iustitiae
3192 2137 3382 2192 vitam.
3431 2137 3583 2204 Quod

357 2194 510 2288 θείαν
550 2199 885 2269 προμήθειαν
921 2203 1208 2274 εἰρημένον
1251 2207 1435 2273 τέλους
1473 2212 1760 2283 ἐτύγχανεν
1792 2194 1922 2288 ἀλη-

357 2287 485 2380 θοῦς
516 2291 574 2342 ἐν
604 2290 681 2361 τῷ
715 2292 849 2362 μετά
876 2295 1048 2348 ταῦτα
1068 2297 1263 2370 χρόνῳ.
1301 2301 1447 2372 Πλὴν
1468 2304 1600 2358 ἀλλά
1631 2287 1920 2380 θεραπεύει

353 2379 417 2434 τὸ
435 2381 676 2453 λυπηρὸν
714 2385 808 2438 τοῦ
842 2387 1022 2456 λόγου,
1057 2391 1328 2462 ίσοτίμους
1371 2395 1568 2462 αὐτοὺς
1610 2379 1919 2468 ἀποφαίνων

354 2475 467 2536 τοῖς
502 2473 665 2530 πάλαι
705 2477 799 2530 τοῦ
830 2479 962 2534 Θεοῦ
993 2484 1317 2554 προφήταις.
1351 2488 1442 2540 Διὸ
1466 2490 1557 2543 καὶ
1591 2492 1799 2564 χαίρειν
1828 2496 1920 2550 ual

356 2565 615 2637 ἀγαλλιᾷν
631 2569 687 2621 ἐν
703 2571 834 2624 πᾶσι
855 2576 963 2637 τοῖς
979 2575 1188 2630 ἐπιοῦσι
1220 2579 1467 2650 παρῄνει,
1487 2582 1563 2645 ὡς
1588 2583 1652 2636 ἂν
1676 2585 1742 2637 τὰ
1759 2587 1916 2656 ὃμοια

357 2660 467 2721 τοῖς
506 2662 808 2731 προφήταις
847 2667 1217 2738 πεισομένους,
1245 2672 1337 2724 καὶ
1370 2672 1567 2746 δηλαδὴ
1591 2678 1790 2748 ὁμοίως
1822 2681 1916 2734 αύ-

352 2751 463 2811 τοῖς
489 2749 585 2820 τῆς
617 2751 765 2822 παρά
783 2752 858 2823 τῷ
885 2754 1002 2826 Θεῷ
1023 2759 1187 2830 τιμῆς
1208 2758 1692 2834 ἀξιωθησομένους.
1730 2769 1918 2822 Ἔνθεν

353 2840 578 2905 εἰκότως
615 2843 822 2908 Παῦλος
865 2846 1073 2912 τούτοις
1121 2850 1431 2923 ἐπιθαρῤὦν
1481 2855 1662 2924 ἔλεγεν
1685 2875 1698 2889 ·
1734 2859 1916 2927 Εἴπερ

353 2935 811 3005 συμπάσχομεν,
840 2939 940 2992 ἵνα
963 2941 1060 2994 καί
1085 2943 1620 3016 συνδοξασθῶμεν·
1650 2951 1764 3012 καὶ,
1794 2956 1915 3006 Οὐκ

353 3023 492 3087 ἄξια
510 3025 578 3078 τὰ
598 3027 913 3096 παθήματα
941 3030 1045 3084 τοῦ
1075 3032 1190 3084 νῦν
1216 3036 1422 3102 καιροῦ
1453 3039 1600 3106 πρὸς
1631 3041 1743 3108 τὴν
1759 3043 1915 3111 μέλ-

350 3115 588 3166 λουσαν
620 3114 806 3179 δόξαν
830 3118 1278 3188 ἐκκαλυφθῆναι
1299 3127 1385 3192 εἰς
1407 3126 1582 3196 ἡμᾶς.
1608 3131 1715 3183 Καὶ
1743 3135 1802 3186 ού
1828 3135 1915 3188 λό-

350 3219 468 3271 γοις
502 3204 599 3274 μὲν
637 3207 804 3260 ταῦτα
839 3207 1042 3277 ἔλεγεν,
1077 3210 1256 3281 ἔργοις
1292 3214 1347 3267 δὲ
1382 3218 1672 3291 ἀφυστέρει
1696 3223 1800 3275 τῶν
1829 3224 1915 3277 λε-

346 3293 644 3366 λεγμένων,
675 3298 806 3350 ἀλλά
842 3301 934 3351 καὶ
969 3301 1158 3367 αὐταῖς
1187 3307 1414 3376 πράξεσι
1445 3311 1570 3373 τοὺς
1591 3312 1727 3383 ὑπὲρ
1758 3316 1912 3369 εύσε-

2020 2237 2151 2277 sane
2177 2227 2471 2281 secundum
2486 2227 2720 2281 divinam
2740 2227 3129 2296 praescientiam
3151 2228 3376 2292 dictum,
3395 2243 3579 2282 verum

2019 2316 2220 2369 exitum
2241 2327 2455 2372 nactum
2472 2329 2553 2372 est
2570 2328 2828 2389 sequente
2859 2328 3116 2389 tempore.
3138 2319 3241 2374 Sed
3263 2329 3440 2373 tamen
3471 2335 3585 2373 ser-

2021 2408 2196 2460 monis
2227 2408 2499 2462 tristitiam
2531 2417 2815 2478 temperat,
2845 2408 2969 2462 dum
3001 2424 3160 2477 pares
3193 2408 3311 2463 illos
3343 2409 3582 2478 antiquis

2022 2495 2111 2551 Dei
2141 2497 2417 2566 pmphetis
2451 2496 2702 2553 allirmat.
2743 2499 2866 2554 ideo
2891 2510 2946 2553 et
2978 2499 3211 2568 gaudere
3237 2509 3286 2552 et
3311 2499 3583 2554 exsultare

2022 2585 2073 2639 in
2105 2587 2254 2642 omni
2282 2602 2338 2642 re
2368 2587 2549 2640 futura
2577 2588 2844 2650 hortatur,
2884 2604 2981 2642 ceu
3013 2589 3101 2658 qni
3126 2590 3272 2658 paria
3305 2589 3582 2659 prophetis

2018 2677 2448 2743 sintesperturi,
2489 2677 2539 2732 id
2579 2683 2661 2732 eet
2695 2693 2846 2748 teque
2871 2695 2934 2733 ac
2969 2679 3043 2733 illi
3078 2695 3107 2732 a
3141 2681 3248 2734 Deo
3286 2681 3582 2736 honoribus

2017 2769 2269 2837 augendi.
2328 2767 2482 2825 Unde
2537 2771 2729 2826 merito
2775 2771 2971 2826 Paulus
3029 2773 3110 2826 his
3179 2773 3342 2828 dictis
3409 2773 3581 2829 fretus

2018 2860 2224 2912 aiebat:
2251 2857 2311 2914 Si
2327 2861 2533 2930 quidem
2553 2864 2918 2930 compatimur,
2951 2873 3006 2916 ut
3031 2873 3078 2918 et
3103 2864 3576 2934 congloriﬁcemur.

2022 2950 2089 3003 Et
2115 2971 2128 3005 :
2165 2948 2287 3006 Non
2316 2963 2436 3006 sunt
2466 2955 2739 3024 condigna:
2758 2957 3024 3023 passiones
3056 2956 3210 3026 hujus
3235 2957 3478 3023 temporis
3507 2957 3575 3010 ad

2017 3043 2249 3110 futuram
2277 3045 2500 3114 gloriam
2530 3062 2647 3117 quae
2690 3048 3002 3102 revelabitur
3029 3050 3084 3103 in
3115 3049 3259 3103 nobis
3284 3051 3351 3105 ".
3386 3050 3579 3120 Neque

2017 3147 2145 3186 vero
2179 3133 2290 3188 haec
2317 3137 2486 3190 verbo
2521 3136 2719 3201 aiebat,
2752 3151 2915 3207 opere
2939 3148 3118 3193 autem
3157 3154 3186 3192 a
3229 3141 3385 3194 dictis
3407 3141 3580 3196 dista-

2014 3225 2125 3292 bat,
2160 3226 2252 3279 sed
2283 3226 2417 3294 ipsis
2449 3229 2658 3284 actibus
2699 3229 2908 3285 labores
2946 3247 3045 3302 pro
3092 3232 3352 3303 religione
3379 3248 3578 3302 expro-

2016 3316 2215 3379 mebat,
2246 3329 2381 3383 quos
2407 3317 2566 3370 etiam
2612 3320 2964 3374 enumerabat
3016 3321 3199 3375 dicens
3229 3339 3241 3374 :
3269 3320 3397 3375 Ideo
3448 3323 3579 3377 mihi

348 3386 500 3450 ϐείας
533 3387 721 3453 ἄθλους
767 3392 1116 3458 ἐνεδείκνυτο,
1162 3396 1253 3461 οὓς
1283 3399 1375 3454 καὶ
1407 3403 1792 3476 κατηριθμεῖτο
1828 3409 1912 3462 λέ·-

2013 3403 2190 3468 placeo
2244 3405 2299 3460 ia
2329 3406 2744 3475 inﬁrmitatibus,
2791 3411 2844 3462 in
2895 3411 3221 3464 contumeliis
3249 3413 3342 3476 ⁵⁷⁵,
3366 3421 3419 3467 et
3453 3414 3579 3468 reli-

347 3495 462 3546 γων
482 3495 496 3508 °
525 3479 622 3532 Διὸ
645 3480 870 3535 εὐδοκῶ
896 3484 964 3537 ἐν
987 3486 1343 3556 ἀσθενείαις,
1382 3491 1452 3545 ἐν
1478 3474 1704 3561 ὕϐρεσι,
1728 3500 1821 3552 καὶ
1847 3501 1912 3553 τὰ

2014 3509 2138 3563 qua.
2166 3494 2232 3549 Et
2254 3495 2366 3550 haec
2387 3474 2609 3567 quidem
2635 3508 2788 3552 erant
2813 3499 3058 3554 laborum
3100 3502 3277 3557 initia.
3320 3474 3425 3557 Sed
3455 3509 3575 3560 uni-

348 3570 493 3641 ἑξῆς.
528 3572 635 3624 Καὶ
668 3573 838 3628 ταῦτα
866 3577 963 3647 μὲν
985 3577 1064 3631 ἔτι
1095 3580 1160 3633 τὰ
1191 3581 1298 3636 τῶν
1324 3583 1498 3638 ἄθλων
1531 3590 1818 3660 προοίμιαο
1855 3594 1913 3646 τὸ

342 3661 404 3714 δὲ
448 3664 812 3736 συμπέρασμα
852 3669 946 3722 τού
991 3673 1188 3736 παντὸς
1241 3675 1449 3743 ἀγῶνος
1497 3679 1642 3750 αὐτῷ
1681 3683 1771 3734 ἐπὶ
1815 3687 1914 3756 τῆς

356 3751 641 3822 Ῥωμαίων
665 3755 958 3812 ἐτελειοῦτο
989 3761 1213 3827 πόλεως,
1235 3765 1364 3820 ἔνθα
1400 3772 1679 3840 μαρτυρίῳ
1703 3771 1798 3842 τὴν
1823 3751 1914 3826 κι-

341 3844 519 3916 φαλὴν
552 3846 838 3920 ἀπετμήθη
868 3850 1000 3921 (49).
1030 3854 1086 3906 '0
1114 3855 1314 3927 Πέτρος
1339 3860 1394 3912 δὲ
1420 3863 1704 3934 ἁρπαγμὸν
1721 3866 1808 3920 τὸν
1827 3869 1912 3923 διὰ

345 3939 581 4010 σταυροῦ
616 3939 840 3995 θάνατον
861 3945 1091 4001 ἐποιεῖτο
1115 3949 1203 4003 διὰ
1227 3950 1325 4014 τὰς
1351 3957 1644 4026 σωτηρίους
1663 3959 1877 4024 ἐλπίδας
1893 3981 1906 3994 ο

356 4030 609 4094 Ἰάκωϐὁς
642 4049 700 4083 τε
724 4033 923 4102 ὁμοίως
955 4035 1098 4106 ξίφει
1123 4040 1220 4112 τὴν
1253 4043 1490 4114 κεφαλὴν
1526 4047 1583 4098 ὲν
1619 4048 1907 4120 Ἰεροσολύ-

344 4139 468 4193 μοις
495 4123 885 4195 ἀποτέμνεται·
922 4129 1013 4181 καὶ
1045 4131 1292 4202 Ἰωάννης
1315 4136 1474 4204 νῆσον
1499 4139 1664 4192 οἰκεῖν
1693 4141 1909 4213 Πάτμον

339 4216 715 4286 κατεκρίνετο·
765 4219 855 4271 καὶ
890 4220 1045 4284 ἄλλος
1076 4222 1247 4288 ἄλλως
1274 4225 1335 4278 τὸ
1363 4226 1598 4299 καθαρὸν
1622 4234 1712 4286 καὶ
1737 4234 1907 4289 ἄπλα-

341 4325 468 4361 στον
497 4313 594 4379 τῆς
614 4309 719 4363 τῶν
745 4312 907 4366 αὐτοῦ
935 4314 1105 4384 λόγων
1134 4318 1380 4390 ὑπακοῆς
1401 4322 1777 4395 ἐνδειξάμενοι,
1797 4329 1910 4383 διά-

339 4415 506 4471 φορον
524 4400 820 4471 ὑπέμειναν
846 4404 938 4457 τοῦ
964 4405 1078 4474 βίου
1107 4407 1378 4482 τελευτήν.
1405 4413 1514 4466 Καὶ
1539 4415 1690 4468 ταῦτ’
1716 4419 1775 4470 ού
1808 4438 1909 4474 πα·-

341 4497 415 4564 ρὰ
433 4492 657 4565 γνώμην
684 4495 938 4567 ἔπασχον,
965 4500 1142 4570 πάσης
1171 4502 1227 4554 δὲ
1263 4503 1451 4575 ἡδονῆς
1483 4505 1614 4578 ἡδίω
1638 4509 1906 4582 τιθέμενοι

335 4584 438 4655 τὴν
457 4585 565 4639 τῶν
590 4588 869 4658 σωτηρίων
892 4591 1228 4660 ἐπαγγελιῶν
1261 4594 1448 4650 ἐλπίδα
1467 4616 1480 4629 ο
1510 4600 1633 4652 ἐπεὶ
1655 4601 1784 4670 γοῦν
1818 4622 1908 4658 πο-

333 4694 398 4730 τε
426 4676 777 4742 συλλαϐόντες
797 4681 988 4745 αὐτοὺς
1015 4684 1062 4735 οί
1089 4684 1180 4737 τοῦ
1225 4685 1486 4742 Ἰουδαίων
1511 4689 1694 4756 ἔθνους
1716 4694 1904 4765 ἄρχον-

2015 3585 2153 3640 versi
2227 3587 2414 3653 agonis
2462 3590 2858 3643 consummatio
2905 3589 2956 3642 in
3019 3589 3259 3644 Romana
3311 3592 3443 3646 urbe
3497 3595 3575 3650 illi

2011 3676 2254 3747 contigit,
2298 3677 2385 3732 ubi
2413 3679 2461 3733 ei
2504 3679 2726 3749 martyri
2757 3690 2920 3750 caput
2957 3689 3042 3735 est
3086 3691 3440 3750 amputatum.
3475 3685 3576 3738 l’e-

2013 3778 2126 3823 trus
2156 3779 2334 3824 autem
2385 3785 2607 3842 regnum
2661 3773 2837 3842 rapuit
2869 3788 2963 3843 per
2987 3776 3165 3829 crucis
3215 3789 3399 3830 necem
3451 3792 3572 3832 cum

2011 3877 2106 3930 spe
2128 3862 2374 3918 salutari.
2427 3864 2659 3920 Jacobus
2713 3868 2916 3935 pariter
2967 3867 3145 3936 gladio
3189 3865 3574 3942 Hierosolymis

2009 3958 2188 4024 capite
2220 3958 2458 4012 minutus
2480 3957 2611 4025 luit;
2635 3970 2686 4014 et
2709 3959 2941 4015 Joannes
2969 3961 3036 4014 ad
3069 3961 3255 4017 insulae
3287 3961 3457 4018 Patmi
3493 3964 3569 4019 in-

2008 4049 2241 4102 colatqu
2273 4051 2560 4106 danmatus
2593 4068 2607 4105 :
2641 4052 2839 4121 aliique
2861 4053 3019 4107 aliter
3047 4054 3170 4108 dum
3197 4069 3386 4123 puram
3411 4064 3574 4124 atque

2008 4141 2274 4195 sinceram
2339 4145 2595 4197 doctrina:
2633 4143 2837 4198 Christi
2885 4147 3242 4201 obedientiam
3292 4149 3570 4214 exhibent,

2009 4232 2178 4284 variis
2239 4234 2409 4288 modis
2451 4235 2746 4288 violentum
2801 4237 2924 4290 vita:
2978 4239 3180 4292 exitum
3238 4240 3378 4294 nacti
3423 4252 3568 4294 sunt.

2008 4321 2182 4391 Atque
2217 4325 2328 4378 haec
2354 4326 2494 4379 haud
2525 4328 2675 4380 inviti
2710 4337 2836 4381 sunt
2869 4331 3033 4398 passi,
3077 4333 3168 4385 sed
3196 4331 3432 4398 qualibet
3474 4346 3571 4385 vu-

2007 4415 2207 4484 lnptate
2234 4416 2527 4472 dulciorem
2561 4419 2946 4474 dominicarum
2967 4424 3380 4490 promissionum
3417 4439 3567 4491 spem

2010 4509 2330 4566 habuerunt.
2363 4508 2496 4564 Cum
2529 4528 2620 4565 eos
2650 4513 2810 4581 igitur
2839 4511 3072 4570 Judaica:
3096 4515 3270 4585 gentis
3303 4515 3570 4584 principes

1954 4649 1956 4652 ,
2007 4603 2290 4656 verberum
2345 4606 2683 4672 castigationi
2745 4606 3087 4672 addixerunt,
3147 4617 3202 4660 ut
3257 4607 3477 4662 historia
3501 4609 3570 4662 de

2007 4695 2111 4749 illis
2136 4705 2339 4760 narrat,
2367 4697 2473 4751 lazti
2495 4701 2672 4769 utique
2707 4701 2770 4752 de
2793 4701 3010 4752 concilio
3046 4708 3394 4764 excesserunt,
3428 4699 3565 4765 quod

334 4783 430 4826 τες
485 4768 763 4837 μαστίγων
816 4771 1018 4835 αἰκίαις
1073 4774 1360 4838 ὑπέϐαλον,
1404 4779 1533 4852 ὠςή
1564 4784 1691 4854 περὶ
1726 4786 1899 4840 αὐτῶν

2013 4789 2152 4858 digni
2185 4788 2350 4841 habiti
2374 4801 2539 4843 essent
2571 4768 2664 4858 pro
2712 4794 2916 4845 nomine
2961 4791 3152 4846 Christi
3201 4794 3565 4845 contumeliam

338 4859 550 4930 ἱστορία
598 4865 882 4932 μαρτυρεῖ,
915 4864 989 4928 ὡς
1014 4865 1119 4935 ἄρα
1151 4870 1459 4938 προῄεσαν
1489 4873 1557 4927 ἐκ
1599 4876 1703 4929 τοῦ
1741 4895 1902 4933 συν-

333 4949 536 5019 εδρίου
587 4954 913 5020 χαίροντες,
973 4955 1059 5008 ὅτι
1101 4959 1553 5031 κατηξιώθησαν
1602 4966 1748 5035 ὑπὲρ
1796 4971 1899 5024 τοῦ

439 5049 484 5083 ⁸⁷
514 5049 670 5105 Rom.
705 5067 817 5114 vm,
853 5054 939 5114 17,
973 5052 1054 5106 18.
1147 5057 1214 5087 ³⁷*
1245 5055 1282 5108 ll
1321 5059 1446 5112 Cor.
1487 5075 1583 5125 xtl,
1630 5061 1720 5116 10.

407 5135 519 5214 ('49)
551 5141 930 5214 Apostolorum
957 5143 1103 5198 Petri
1143 5163 1206 5202 ac
1239 5148 1385 5203 l’auli
1425 5153 1688 5208 mortibus
1735 5166 1789 5211 et
1818 5174 1898 5214 se-

334 5210 546 5292 pulcris
578 5209 760 5292 Ιξοηιεξ
799 5215 1139 5292 exstantibus
1189 5220 1396 5292 insigne
1449 5209 1896 5292 mirumqueth

332 5280 983 5367 testimoniumnEusebius
1005 5285 1056 5336 in
1079 5280 1422 5354 Theophania:
1441 5291 1577 5367 libro
1597 5280 1674 5356 IV:
1695 5280 1821 5365 cap.
1843 5280 1896 5367 7,

336 5347 420 5400 his
449 5349 623 5401 verbis
652 5368 664 5403 :
694 5348 1101 5429 Prontissionem
1130 5347 1276 5429 suam
1318 5375 1373 5411 re
1420 5347 1898 5429 conﬁrmatvit'ger:

332 5427 502 5501 sator,
531 5432 717 5501 nempe.
759 5423 896 5501 {tunc
932 5425 1106 5501 ipsum
1129 5427 1427 5501 Δδιιιιοιιειηι,
1471 5423 1771 5501 cognomine
1797 5437 1896 5492 Ce-

330 5488 507 5568 pha‘m,
560 5490 807 5568 oppidulo
841 5491 1075 5568 Galilwa'
1120 5488 1891 5568 Cap/tarnoumovoriundum,

332 5555 528 5632 inultas
559 5557 825 5638 hominum
855 5565 1058 5643 quimus
1093 5555 1510 5623 illuininaturnm
1543 5555 1888 5643 Dei

625 5629 835 5715 puriter
864 5632 917 5710 in
947 5635 1181 5715 universo
1206 5639 1327 5690 orbe
1352 5644 1618 5708 cognitum
1647 5645 1714 5715 iri
1732 5629 1890 5715 usque

336 5696 402 5745 ad
444 5692 743 5752 Occidentis
800 5703 1047 5771 regiones.
1091 5705 1222 5777 Ejus
1257 5718 1392 5763 certe
1415 5692 1888 5778 ἠιέιὶώὶ-ἰίίὶἑξᾶὶὶἓ

2006 4882 2114 4950 pati
2138 4881 2252 4934 ⁸⁷⁵⁸.
2282 4881 2442 4949 quue
2469 4891 2696 4949 egerunt
2731 4894 2998 4950 prteeepto
3027 4884 3143 4950 ejus
3181 4883 3564 4952 obsequentes,

2009 4974 2098 5044 qui
2129 4972 2296 5026 laetari
2317 4974 2573 5028 docuerat
2597 4975 2640 5028 si
2667 4976 2879 5042 quando
2907 4984 3124 5044 propter
3161 4991 3282 5030 eum
3315 4985 3565 5046 pateren-

1815 5067 2034 5126 ""Act.
2071 5085 2125 5132 ν,
2148 5067 2238 5121 41.

1996 5163 2063 5216 ad
2095 5161 2401 5213 hodiernum
2444 5172 2641 5230 tempus
2690 5164 2830 5228 apud
2889 5162 3152 5216 Romanos
3178 5162 3431 5216 celebrior
3463 5174 3560 5227 est,

1996 5247 2150 5304 quam
2178 5230 2270 5282 illa
2317 5234 2530 5284 heroum
2567 5245 2790 5285 veterum
2821 5249 2839 5286 :
2875 5235 3003 5285 adeo
3049 5245 3103 5285 ut
3141 5234 3328 5302 dignus
3363 5251 3564 5304 quoque

1997 5303 2324 5355 existimatus
2378 5305 2538 5368 fuerit
2575 5304 2813 5369 sepulcro
2860 5304 3050 5370 insigni
3093 5313 3214 5356 ante
3255 5309 3417 5369 ipsam
3453 5303 3564 5357 illo-

1997 5370 2312 5425 rumurbem
2347 5371 2551 5440 (nempe
2587 5384 2732 5425 trans
2779 5371 3003 5425 Tiberim
3048 5375 3100 5426 in
3150 5375 3354 5441 regione
3417 5373 3564 5427 Vati-

1997 5443 2150 5510 cana)
2177 5446 2243 5492 ad
2278 5442 2416 5509 quod
2438 5442 2746 5506 papulorum
2787 5458 2851 5495 ex
2876 5444 3016 5495 omni
3067 5443 3303 5497 Romana
3338 5446 3558 5507 ditione,

1998 5522 2245 5580 tanquam
2271 5513 2338 5581 qd
2359 5511 2561 5580 asylum
2591 5512 2934 5581 templumque
2977 5512 3094 5574 Dei.
3124 5515 3350 5567 accurrit
3380 5514 3562 5566 multi-

2002 5577 2147 5654 tudo.
2175 5610 2245 5654 -ῖ-
2267 5577 2392 5632 Pari
2416 5577 2568 5633 inodo
2600 5579 2758 5634 Pauli
2791 5577 2930 5636 mors
2952 5588 3257 5654 martyrica,
3279 5585 3562 5654 datumque

2000 5652 2046 5701 ei
2072 5651 2383 5723 sepulcrum.
2412 5666 2720 5718 magnopere
2751 5669 2910 5723 usque
2939 5655 3008 5709 ad
3045 5651 3179 5710 hunc
3211 5655 3346 5709 diem
3376 5655 3430 5709 in
3452 5651 3562 5710 Ro-

2001 5737 2156 5773 mana
2182 5720 2302 5772 urbe
2328 5719 2673 5775 honorantur.
