4108 6204
507 269 617 331 5'59

1187 261 1454 318 EUSEBll
1491 263 1972 321 CAESARlENSlS
2010 265 2162 322 OPP.
2204 265 2381 320 PARS
2419 265 2505 321 ΙΙΙ.
2543 297 2613 306 -
2653 265 3063 322 HKEGETICA.

3634 265 3696 318 5i
3704 266 3738 320 0

512 397 626 440 tur.
654 382 772 436 Pari
808 389 984 433 autem
1007 395 1128 434 eum
1176 382 1452 450 prophetis
1476 383 1680 438 honore
1723 386 1823 438 l'rui
1856 386 2084 439 allirma-

2200 386 2474 454 5rdpatoc
2503 387 2607 440 τοῦ
2634 387 2890 455 Χριστοῦ
2909 387 3116 454 drmit;
3132 381 3236 452 ϐῆν
3248 397 3306 437 αἰ
3332 382 3460 452 (50).
3489 383 3595 436 Καὶ
3607 385 3748 438 τοῦτ’

515 485 665 530 verat
706 477 890 528 dicens
925 473 1062 542 apud
1111 472 1414 528 Matthmum
1461 496 1473 529 :
1515 473 1602 530 Sic
1639 478 1776 530 enim
1827 477 2077 546 persecuti

511 578 632 620 sunt
656 583 742 619 eos
763 567 854 631 qui
883 581 967 618 vos
1004 575 1379 633 pra'cesserunt
1409 566 1456 597 ⁵³
1488 583 1502 618 :
1542 575 1796 634 tanquam
1829 569 2077 621 videlicet

512 668 565 709 et
585 657 680 724 ipsi
709 666 891 708 essent
935 654 1229 724 propheta,
1275 657 1517 709 minores
1565 657 1778 725 quidem
1813 667 2078 726 tempore,

513 751 606 802 sed
642 747 994 801 similitudine
1049 747 1316 815 passionis
1365 750 1651 817 exaequati.
1698 748 1831 802 Nam
1877 760 1932 803 et
1967 749 2084 804 illo-

515 857 631 895 rum
673 840 808 895 alius
844 841 1056 908 quidem
1105 842 1280 910 gladio
1334 841 1432 895 fuit
1472 842 1804 901 interfectus.
1843 843 1980 897 alius
2009 843 2084 895 la-

515 933 751 1004 pidibus,
785 933 920 986 alius
974 933 1218 986 leonibus
1259 932 1521 1000 obiectus,
1580 932 1718 987 alius
1769 934 1821 987 in
1873 945 2080 1002 putrem

514 1027 688 1081 lacum
720 1027 1006 1088 demissus,
1037 1025 1174 1079 alius
1219 1041 1367 1079 serra
1401 1025 1577 1079 medio
1624 1041 1853 1095 corpore
1882 1036 2082 1089 sectus,

515 1121 604 1173 alii
654 1121 804 1188 ignea
855 1117 1075 1172 fornace
1110 1119 1373 1175 conclusi.
1418 1117 1544 1172 ldco
1585 1118 1704 1173 l’orti
1747 1119 1925 1172 animo
1967 1134 2086 1174 esse

516 1212 773 1284 Senator
803 1213 856 1266 in
899 1211 1235 1266 cruciatuum
1275 1209 1622 1279 perpessione
1656 1207 1881 1277 jubebat
1929 1206 2086 1260 lanii-

2181 476 2465 548 ἔπραττον,
2513 477 2676 529 αὑτοῦ
2725 477 3084 549 παράγγελμα
3144 475 3495 545 πληροῦντες,
3564 475 3754 547 ἐπειδη

2184 569 2395 639 χαίρειν
2424 567 2698 620 ἐδίδασκεν
2733 569 2870 638 ὑπὲρ
2903 568 3068 620 αὐτοῦ
3097 567 3421 637 πάσχοντας.
3463 567 3757 636 ’ἰσοτίμους

2182 660 2226 712 δ’
2253 659 2448 722 αὐτοὺς
2473 662 2583 722 τοῖς
2610 661 2910 729 προφήταις
2940 660 3222 727 ἀπέφαινε,
3246 659 3416 727 λέγων
3438 658 3578 711 κατὰ
3606 661 3760 712 Maz-

2185 751 2332 804 θαίον
2366 751 2476 821 (51)
2499 767 2511 780 ·
2552 750 2714 803 Οὕτω
2743 753 2852 820 γὰρ
2883 750 3133 815 ἐδίωξαν
3147 751 3283 816 τοὺς
3310 750 3422 818 πρὸ
3452 749 3647 819 ὑμῶν·
3681 750 3757 815 ὡς

2186 843 2503 896 καὶτούτων
2535 843 2634 914 μὲν
2666 842 2832 896 ὄντων
2855 843 3166 914 προφητῶν,
3195 843 3524 913 λειπομένων
3554 841 3610 894 δὲ
3631 842 3755 912 χρό-

2184 952 2279 1004 νῳ,
2317 933 2680 1004 ἐξισουμένων
2721 951 2784 1003 γε
2832 933 2935 1004 μὴν
2982 933 3207 996 ἐκείνοις
3246 933 3333 987 διὰ
3373 933 3468 1003 τὴν
3495 934 3757 1004 ὁμοιοπά-

2186 1023 2355 1076 θειαν.
2395 1024 2546 1077 Ἐπεὶ
2568 1024 2833 1077 κάκείνων
2859 1026 2888 1076 6
2920 1025 3020 1094 μέν
3051 1041 3135 1088 τις
3166 1026 3415 1096 ἀνῃρεῖτο
3445 1024 3605 1092 ξίφει,
3642 1026 3670 1076 6
3698 1025 3756 1078 δὲ

2186 1113 2374 1179 λίθοις,
2403 1117 2431 1168 6
2460 1115 2516 1168 δὲ
2551 1114 2731 1168 λέουσι
2760 1115 3148 1187 παρεϐάλλετο,
3187 1118 3215 1169 ὁ
3239 1115 3294 1168 δὲ
3323 1117 3379 1169 ἐν
3411 1115 3595 1186 λάκκῳ
3634 1116 3758 1188 βορ⁴

2189 1207 2349 1276 ϐόρου
2401 1206 2681 1260 ἐϐάλλετο·
2737 1207 2830 1260 καὶ
2878 1207 3034 1270 ἄλλος
3078 1209 3254 1278 πρίονι
3301 1207 3362 1259 τὸ
3430 1206 3587 1278 σῶμα
3627 1225 3757 1261 κατ-

517 1302 680 1357 liares
724 1316 869 1365 suos,
919 1301 1207 1355 identidem
1249 1299 1690 1353 admonelaciens
1747 1309 1947 1367 quanta
1994 1299 2084 1352 Dei

2200 1299 2446 1366 ετέμνετο
2463 1315 2475 1327 ·
2496 1298 2544 1350 oi
2571 1297 2614 1350 δ’
2642 1299 2698 1350 ἐν
2726 1299 2895 1369 πυρὸς
2935 1297 3148 1367 καμίνῳ
3177 1296 3558 1350 συνεκλείοντο.
3581 1298 3668 1350 Διὸ
3693 1299 3760 1370 δὴ

517 1397 792 1465 prophetae
846 1395 1234 1463 pertulissent,
1291 1403 1348 1446 ut
1405 1391 1622 1446 illorum
1677 1390 2090 1458 comparatione

2200 1389 2412 1461 θαρρεῖν
2436 1391 2464 1442 6
2487 1387 2674 1460 Σωτὴρ
2699 1391 2756 1441 ἐν
2789 1391 2853 1459 τῇ
2885 1388 2994 1441 τῶν
3025 1388 3213 1441 δεινῶν
3238 1389 3480 1460 ὑπομονῇ
3507 1393 3617 1453 τοῖς
3639 1391 3758 1442 κατ’

519 1503 700 1556 parem
725 1486 926 1540 eisdem
960 1485 1058 1554 ipsi
1093 1499 1308 1552 quoque
1358 1498 1508 1551 spem
1548 1482 1916 1551 conciperent.
1959 1479 2089 1533 Cum

2200 1480 2354 1534 αὐτοῦ
2377 1478 2772 1549 παρεκελεύετο
2793 1479 3107 1550 γνωρίμοις,
3139 1479 3279 1532 κατὰ
3309 1480 3495 1550 καιρὸν
3523 1481 3763 1550 ὑπομνή-

516 1581 678 1641 enim,
706 1579 896 1647 inquit.
921 1579 1061 1631 vobis
1083 1578 1400 1632 calumniam
1427 1576 1646 1642 facient,
1673 1575 1934 1645 gaudete;
1970 1588 2091 1626 nam

2200 1589 2292 1634 σας
2322 1567 2395 1625 ὧν
2427 1574 2475 1624 oi
2508 1571 2601 1626 τοῦ
2639 1570 2773 1625 Θεοῦ
2808 1571 3082 1641 προφῆται
3115 1570 3450 1625 πεπόνθασι·
3498 1572 3641 1634 ὅπως
3673 1571 3765 1624 διὰ

518 1682 566 1721 et
591 1670 854 1738 propheta:
877 1673 1013 1724 idem
1039 1672 1385 1734 pertulerunt.

2200 1662 2292 1732 τῆς
2317 1663 2540 1716 ἐκείνων
2566 1661 2917 1730 παραθέσεως
2937 1661 3029 1713 καὶ
3046 1661 3198 1714 αὐτοὶ
3218 1661 3316 1724 τὰς
3338 1660 3505 1724 αὐτὰς
3524 1661 3764 1732 ὑπογρά-

516 1762 670 1829 ψοιεν
703 1762 885 1826 αὐτοῖς
933 1761 1185 1825 ἐλπίδας·
1256 1763 1431 1814 Ὅταν
1471 1760 1600 1832 γὰρ,
1649 1774 1803 1830 φησι,
1859 1755 2405 1827 συκοφαντήσωσιν
2451 1753 2626 1825 ὑμᾶς,
2666 1753 2914 1822 χάρητε·
2940 1753 3144 1822 ἐπειδὴ
3180 1753 3277 1806 καί
3301 1757 3354 1807 οἱ
3381 1753 3671 1822 προφῆται
3698 1753 3763 1806 τὸ

517 1853 667 1906 αὐτὸ
691 1854 1068 1920 ὑπέστησαν.

519 1948 567 1982 ⁵⁹
604 1949 670 2002 Et
703 1951 867 2003 omnis
905 1951 1125 2018 populus
1168 1950 1406 2014 audiens,
1465 1962 1512 2003 et
1545 1950 1807 2017 publicani
1826 1947 2089 2020 justi/ica-

2200 1942 2302 1998 Καὶ
2345 1937 2469 2020 πᾶς.
2497 1941 2529 1992 ό
2547 1935 2698 2020 ξιιρς
2715 1937 3005 2020 ἀκούσας,
3022 1935 3127 2020 ⁹καί
3156 1938 3208 1988 οι
3228 1933 3473 2020 ccidit-ai
3501 1933 3734 2020 ὲὸικᾳίω
3752 1964 3766 1975 -

592 2033 772 2074 rerum
814 2005 997 2078 Detini.
1031 2021 1282 2085 baptizati
1329 2005 1580 2080 baptismo
1616 2005 1857 2072 Joannis.
1906 2005 2094 2070 Phari-

2266 2026 2388 2087 σαν
2411 2007 2716 2087 τὸνᾷβςρν,
2731 2005 3177 2087 ,ϐαπτισθέντες
3204 2005 3267 2058 τὸ
3287 2005 3603 2087 βάπτισμα
3623 2007 3770 2087 ΑἸω-

593 2093 687 2143 sa'i
720 2101 893 2143 autem
925 2074 1130 2157 et'legis
1174 2091 1323 2154 periti
1355 2074 1626 2141 coiisilium
1661 2088 1758 2141 Dei
1792 2095 2093 2157 spreverunt

2264 2076 2652 2157 ᾀιμνου.-ΟὶΑδὲ
2669 2076 2981 2157 φᾳρισαῖοι
3004 2077 3101 2157 καὶ
3123 2079 3177 2157 oi
3205 2075 3434 2157 νομικοὶ
3465 2074 3584 2157 τεὴν.
3603 2076 3760 2138 ,ϐου-

593 2160 643 2212 in
677 2163 1001 2228 semetipsos,
1030 2145 1130 2211 ιῖοη
1162 2145 1411 2227 ὸιῳιὶωιὶ
1446 2161 1508 2212 ab
1539 2175 1618 2213 eo.
1820 2145 1830 2157 ’

2263 2150 2385 2228 liga:
2409 2149 2514 2202 τοῦ
2548 2145 3020 2228 Θεοῦιήθέῌτησαν
3039 2149 3123 2212 είς
3143 2145 3414 2210 ἑαυτοὺς,
3435 2146 3518 2214 μὴ
3537 2146 3722 2208 ﬂanti
3737 2175 3770 2186 -

2265 2219 2515 2283 σθέντες
2538 2218 2638 2271 ὑπ’
2655 2218 2864 2270 αὑτοῦ.

596 2318 702 2371 llos
739 2317 926 2371 ambos
959 2316 1215 2371 innuebat
1251 2316 1414 2370 etiam
1447 2332 1570 2370 cum
1608 2317 1813 2371 diceret
1848 2317 1899 2369 in
1940 2333 2095 2383 para-

519 2412 665 2478 bola,
721 2411 858 2475 Quid
903 2411 1041 2464 vobis
1096 2411 1336 2466 videtur?
1392 2409 1561 2464 Homo
1613 2409 1827 2480 quidam
1877 2410 2093 2462 Ιιαὺεὺικ

522 2507 654 2560 duo:
681 2505 846 2573 ﬁlios,
880 2516 925 2558 et
954 2507 1198 2557 accedens
1226 2504 1293 2555 ad
1323 2505 1544 2570 primunt
1576 2503 1710 2554 dixit
1742 2515 1760 2552 :
1787 2499 1916 2564 Fili,
1948 2491 2093 2565 vade,

525 2615 741 2664 onerare
774 2599 928 2651 hodie
975 2598 1029 2650 in
1059 2597 1204 2650 vinea
1247 2611 1381 2649 mea.
1427 2594 1525 2648 Ille
1557 2605 1726 2646 autem
1759 2595 2092 2661 respondens,

524 2693 640 2744 ait:
673 2688 833 2744 Nolo.
865 2687 1056 2743 Postea
1095 2706 1210 2743 vero
1237 2689 1533 2756 ptenitentia
1566 2697 1735 2740 motus
1761 2689 1909 2740 abiit.
1950 2689 2098 2741 Acce-

526 2785 655 2836 dens
691 2793 865 2835 autem
922 2783 989 2834 ad
1023 2773 1268 2840 alterum,
1302 2781 1437 2834 dixit
1478 2781 1739 2834 similiter.
1789 2781 1852 2832 At
1895 2779 1980 2832 ille
2018 2795 2099 2831 re-

525 2874 780 2939 spondens
807 2876 880 2925 ait
911 2889 927 2926 :
962 2872 1041 2925 lin
1077 2889 1168 2940 ego
1201 2871 1334 2940 (52),
1373 2872 1613 2935 domine;
1656 2889 1744 2925 nec
1770 2883 1944 2926 tamen
1982 2871 2092 2924 ivit.

531 2964 660 3028 Quis
683 2979 746 3016 ex
771 2963 972 3014 duobus
1011 2961 1130 3030 fecit
1163 2962 1475 3015 uoluntatem
1535 2963 1747 3030 patris?
1781 2961 1971 3014 Dicunt
2005 2963 2097 3015 ei:

529 3053 740 3108 Primus
767 3055 831 3105 ⁸⁸.
861 3051 972 3106 Iloc
997 3053 1112 3106 loco
1140 3052 1274 3106 duos
1303 3053 1576 3105 hominum
1607 3053 1822 3106 ordines
1848 3067 2098 3107 sermone

529 3161 628 3196 suo
660 3143 1086 3210 repraesentavit,
1119 3157 1346 3209 quorum
1379 3158 1518 3197 unus
1565 3141 1895 3197 Israeliticus
1927 3159 2098 3212 p0pu-

533 3233 633 3295 Ins,
677 3233 816 3285 alter
845 3231 1020 3302 gentis
1056 3230 1390 3301 alienigenae,
1422 3232 1830 3300 publicanorum
1879 3235 2096 3288 nomine

534 3323 852 3390 indigitatus
893 3341 906 3376 :
950 3333 1237 3390 utrumque
1274 3333 1452 3376 autem
1505 3324 1662 3377 unius
1707 3325 1878 3394 patris
1928 3325 2095 3379 liliqu

537 3414 845 3484 appellavit,
873 3415 998 3484 quia
1034 3429 1099 3467 ex
1135 3429 1243 3468 uno
1279 3415 1385 3476 Deo
1419 3430 1631 3479 omnes,
1655 3413 1821 3469 Judzei
1856 3415 2012 3468 simul
2048 3426 2102 3468 et

533 3505 755 3560 ethnici.
805 3503 870 3557 Et
914 3503 1122 3574 priores
1179 3503 1393 3573 quidem
1452 3509 1665 3560 vocavit
1715 3507 1979 3570 ethnicos,
2015 3521 2100 3560 se-

534 3593 712 3647 cundo
768 3593 888 3648 loco
943 3594 1330 3659 circumcisos;
1388 3609 1621 3663 namque
1680 3606 1806 3650 ante
1855 3594 2101 3650 lsraelem

539 3694 726 3754 gentes
755 3693 942 3752 erant;
976 3686 1333 3755 gentibusque
1365 3687 1620 3754 primum,
1651 3688 1866 3741 nomine
1894 3687 2104 3742 Israeli-

540 3779 647 3832 tico
663 3779 895 3832 nondum
925 3780 1238 3840 exsistente,
1270 3778 1482 3832 oracula
1515 3779 1604 3831 Dei
1638 3788 1691 3832 et
1723 3781 2107 3833 manifestatio-

540 3882 637 3920 nes
669 3877 989 3920 evenerunt.
1029 3866 1158 3920 Nam
1209 3879 1261 3919 et
1294 3865 1560 3930 Enochus,
1609 3883 1915 3936 quanquam
1960 3879 2104 3924 esset

539 3960 755 4031 gentilis
783 3974 835 4014 et
857 3959 1288 4023 incircumcisus,
1326 3962 1603 4030 praemium
1633 3979 1743 4015 suae
1768 3965 1906 4032 apud
1940 3965 2103 4020 Deum

539 4053 726 4119 gratia:
794 4053 975 4106 retulit
1042 4053 1446 4107 translationem
1507 4069 1574 4106 ex
1646 4055 1972 4110 hominibus.
2041 4057 2108 4111 Et

539 4143 653 4200 Noe
701 4145 824 4214 quia
876 4144 1054 4212 justus
1091 4146 1148 4198 in
1187 4161 1286 4200 sua
1349 4146 1696 4215 generatione
1737 4157 1872 4209 erat,
1915 4150 2108 4204 divinis

539 4237 788 4305 alloquiis
854 4238 1044 4306 dignus
1132 4236 1260 4300 fuit,
1338 4253 1645 4306 quanquam
1712 4238 1826 4308 ipse
1895 4255 2109 4310 quoque

541 4330 974 4385 incircumcisus.
1004 4329 1398 4383 Melchisedech
1429 4330 1627 4399 populo
1653 4330 1980 4386 circumciso
2004 4349 2103 4385 an—

543 4424 762 4492 tiquior,
817 4423 1068 4477 sacerdos
1129 4421 1222 4476 Dei
1273 4422 1520 4475 altissimi
1583 4424 1809 4477 exstitit.
1862 4425 2107 4478 Abraha-

541 4531 663 4569 ntus
712 4531 844 4568 vero
896 4524 950 4567 et
981 4512 1195 4567 lsaacus
1263 4525 1424 4583 atque
1487 4512 1752 4580 Iacobus,
1831 4527 1954 4568 ante
2017 4530 2111 4582 po-

2276 2310 2598 2382 Ἐκατέρους
2627 2309 2685 2362 δὲ
2718 2308 2942 2371 τούτους
2973 2307 3268 2361 αἰνίττεται
3293 2309 3386 2361 καὶ
3415 2309 3540 2360 ὅταν
3565 2309 3621 2360 ἐν
3656 2323 3771 2360 παι

2199 2404 2394 2477 ραϐολῇ
2440 2403 2595 2472 λέγῃ·
2646 2402 2707 2455 Τί
2751 2400 2892 2469 ὑμῖν
2923 2399 3122 2462 δοκεῖ;
3171 2400 3502 2467 Ἄνθρωπός
3531 2417 3618 2464 τις
3644 2395 3774 2467 εἶχε

2197 2497 2375 2550 τέκνα
2395 2493 2520 2548 δύο·
2541 2491 2638 2546 καί
2663 2490 3013 2558 προσελθὼν
3031 2489 3110 2554 τῷ
3129 2488 3332 2558 πρώτῳ
3351 2486 3498 2542 εἷπε·
3530 2488 3770 2555 Τέκνον,

2196 2591 2407 2658 ὕπαγε,
2433 2585 2701 2654 σήμερον
2729 2583 2971 2653 ἐργάζου
2993 2583 3062 2636 ὲν
3090 2581 3168 2647 τῷ
3198 2580 3506 2650 ἀμπελῶνι
3532 2597 3668 2649 μου.
3714 2582 3772 2634 '0

2197 2683 2265 2736 δὲ
2296 2679 2633 2749 ἀποκριθεὶς
2661 2674 2848 2741 εἶπεν,
2879 2679 2959 2730 Οὐ
2985 2677 3164 2730 θέλω·
3209 2675 3468 2743 ὕστερον
3491 2673 3558 2726 δὲ
3580 2691 3776 2743 μετα-ο

2193 2774 2476 2846 μεληθείς
2535 2770 2789 2839 ἀπῆλθε,
2864 2769 2970 2822 Καὶ
3039 2768 3387 2836 προσελθὼν
3452 2764 3532 2830 τῷ
3593 2765 3778 2834 ἑτέρῳ

2198 2870 2409 2939 ὁμοίως
2435 2863 2636 2920 εἶπεν·
2695 2868 2727 2918 ὁ
2776 2862 2843 2917 δὲ
2873 2861 3208 2929 ἀποκριθεὶς
3234 2856 3419 2923 εἶπεν,
3467 2855 3624 2926 Ἐγὼ,
3669 2859 3774 2910 κύ-

2190 2981 2283 3030 ριε
2303 2981 2316 2993 ·
2359 2963 2454 3016 καὶ
2484 2964 2594 3015 οὐκ
2622 2959 2872 3028 ἀπῆλθε.
2916 2959 3011 3023 Τίς
3035 2959 3103 3011 ἐκ
3141 2955 3256 3011 τῶν
3290 2955 3398 3009 δύο
3427 2954 3678 3020 ἐποίησε
3703 2963 3772 3007 το

2199 3055 2425 3123 θέλημα
2476 3053 2581 3108 τοῦ
2610 3053 2864 3120 πατρός;
2907 3051 3194 3121 λέγουσιν
3219 3049 3396 3114 αὐτῷ,
3438 3050 3492 3100 Ὀ
3520 3045 3769 3114 πρῶτος.

2212 3147 2475 3201 Ἐνταῦθα
2504 3147 2608 3217 γὰρ
2647 3146 2740 3198 δύο
2771 3146 3026 3216 τάγματα
3061 3143 3137 3214 τῷ
3169 3143 3309 3213 λόγῳ
3349 3137 3774 3211 παραστησάμε-

2201 3258 2308 3304 νος,
2343 3241 2400 3293 ἒν
2433 3239 2533 3311 μὲν
2573 3238 2634 3291 τὸ
2667 3235 3074 3308 Ἰσραηλιτικὸν,
3103 3236 3286 3306 ἕτερον
3314 3234 3368 3287 δέ
3403 3231 3462 3284 τὸ
3485 3231 3591 3284 τῶν
3622 3229 3776 3282 άλλο-

2205 3331 2387 3400 φύλων
2419 3331 2586 3384 ἐθνῶν
2611 3331 2696 3384 διὰ
2714 3329 2820 3382 τῶν
2839 3327 3082 3381 τελωνῶν
3115 3326 3272 3397 δηλοῦ
3283 3343 3458 3395 μενον,
3493 3324 3658 3393 ἄμφω
3681 3321 3776 3374 δύο

2204 3425 2365 3477 τέκνα
2398 3423 2514 3485 ἐνὸς
2544 3421 2749 3492 πατρὸς
2775 3417 3076 3490 ὠνόμαζεν,
3103 3419 3223 3469 ἐπεὶ
3255 3415 3311 3480 ἐξ
3339 3417 3453 3478 ἐνὸς
3481 3414 3614 3467 Θεοῦ
3640 3414 3777 3466 πάν-

2203 3532 2314 3577 τες,
2358 3514 2596 3566 Ἰουδαῖοί
2638 3531 2695 3566 τε
2747 3513 2840 3566 καὶ
2886 3511 3162 3581 Ἕλληνες.
3215 3511 3325 3562 Καὶ
3384 3507 3627 3580 πρώτους
3677 3506 3776 3576 μὲν

2208 3605 2430 3659 ἐκάλεσε
2457 3605 2582 3668 τοὺς
2607 3604 2664 3669 ἐξ
2703 3603 2890 3668 ἐθνῶν,
2924 3601 3207 3673 δευτέρους
3232 3599 3288 3652 δὲ
3320 3599 3444 3662 τοὺς
3477 3600 3538 3651 ἐκ
3564 3613 3776 3669 περιτο-

2210 3701 2350 3768 μῆς·
2402 3695 2586 3766 ἐπειδὴ
2618 3695 2722 3766 πρὸ
2760 3693 2852 3747 τοῦ
2898 3693 3109 3764 Ἰσραὴλ
3147 3693 3354 3763 ὑπῆρχε
3394 3690 3460 3743 τὰ
3494 3689 3642 3760 ἔθνη,
3684 3689 3777 3742 καὶ

2209 3793 2318 3852 τοῖς
2361 3788 2534 3841 ἔθνεσι
2583 3788 2837 3859 πρώτοις,
2885 3787 3050 3856 μήπω
3087 3784 3216 3855 μηδὲ
3248 3780 3507 3853 ὀνόματος
3533 3780 3682 3842 ὄντος
3719 3781 3776 3830 ἐν

2207 3880 2512 3951 άνθρώτωις
2558 3877 2969 3950 Ἰσραηλιτικοῦ,
3003 3878 3052 3928 οἱ
3079 3875 3311 3947 χρησμοὶ
3343 3874 3660 3944 παρείχοντο
3683 3869 3778 3923 τοῦ

2208 3971 2460 4037 Θεοῦςκαὶ
2487 3973 2540 4022 αἱ
2574 3969 2898 4039 θεοφάνειαι.
2933 3970 3000 4019 ’ὐ
3027 3985 3084 4019 τε
3115 3967 3221 4037 γὰρ
3266 3966 3431 4036 Ἑνὼχ
3479 3963 3687 4026 ἐθνικὸς
3709 3957 3776 4033 ἦν

2209 4063 2575 4136 ἀπερίτμητος
2595 4061 2689 4125 ὢν,
2715 4063 2772 4125 ὃς
2798 4061 3022 4114 ἔπαθλον
3045 4061 3228 4128 εἴληφε
3249 4057 3348 4127 τῆς
3372 4057 3776 4128 εὐαρεστήσεως

2206 4157 2305 4228 τὴν
2339 4155 2395 4222 ἐξ
2426 4154 2725 4227 ἀνθρώπων
2765 4153 3076 4224 μετάθεσιν·
3115 4153 3207 4204 καὶ
3233 4150 3354 4203 Νῶε
3381 4149 3584 4213 δίκαιος
3617 4151 3674 4201 ὲν
3710 4150 3776 4219 τῇ

2209 4250 2370 4318 γενεᾷ
2410 4246 2571 4300 αὐτοῦ
2625 4246 2880 4315 γεγονὼς,
2945 4244 3204 4316 χρησμῶν
3259 4241 3392 4295 Θεοῦ
3447 4239 3776 4312 κατηξιώθη,

2211 4341 2578 4412 ἀπερίτμητος
2609 4339 2682 4392 ῶν
2720 4341 2812 4393 καὶ
2839 4339 2998 4401 αὐτός
3017 4355 3033 4368 ·
3069 4337 3158 4390 καὶ
3187 4333 3516 4405 Μελχισεδὲκ
3551 4332 3778 4386 παλαιό-

2207 4451 2363 4505 τερος
2404 4432 2640 4500 γεγονὼς
2682 4430 2774 4484 τοῦ
2830 4432 2893 4483 ἐκ
2937 4429 3234 4500 περιτομῆς
3276 4428 3427 4487 λαοῦ,
3470 4427 3646 4498 ἱερεὺς
3684 4423 3777 4477 τοῦ

2208 4523 2342 4576 Θεοῦ
2371 4521 2463 4574 τοῦ
2492 4521 2713 4590 ὑψίστου
2739 4521 3112 4591 κεχρημάτικε
3133 4536 3145 4548 ·
3184 4520 3276 4571 καὶ
3319 4517 3563 4589 Ἀϐραὰμ
3599 4515 3656 4568 δὲ
3690 4515 3780 4566 καὶ

540 4608 723 4675 pulum
749 4605 1126 4669 lsraeliticum,
1157 4606 1246 4658 Dei
1275 4604 1512 4659 oraculis
1539 4616 1665 4659 sunt
1693 4605 1960 4660 honorati.
1994 4606 2097 4662 Uti-

2223 4614 2403 4666 Ἰσαὰκ
2452 4614 2545 4666 καὶ
2585 4612 2775 4666 Ἰακὼϐ
2817 4613 2922 4683 πρὸ
2957 4611 3050 4664 τοῦ
3094 4611 3307 4683 Ἰσραὴλ
3350 4608 3610 4680 χρησμῶν
3643 4604 3778 4659 Θεοῦ

539 4713 648 4767 que
696 4699 858 4753 etiam
891 4696 1081 4759 Johns,
1110 4698 1372 4752 ldumams
1413 4699 1480 4752 de
1531 4700 1656 4753 [iliis
1699 4698 1859 4764 Esau,
1911 4699 2107 4766 pietate

541 4804 669 4858 erga
719 4787 881 4842 Deum
923 4789 1155 4841 maxima
1207 4787 1484 4842 inclaruit.
1543 4789 1647 4843 Sed
1696 4788 1838 4844 enim
1875 4788 2110 4856 reliquus

542 4879 878 4935 ethnicorum
922 4879 1092 4943 ordo,
1141 4895 1262 4933 cmn
1313 4880 1647 4934 naturalibus
1688 4879 1893 4948 legibus
1929 4877 2110 4946 jussus

541 4982 689 5030 esset
722 4973 775 5027 in
802 4975 956 5027 vinea
990 4972 1226 5042 operari,
1277 4973 1329 5026 id
1361 4982 1443 5026 est
1478 4973 1616 5040 piam
1668 4987 1795 5042 erga
1827 4971 1994 5026 Deum
2025 4973 2107 5026 vi-

545 5075 652 5120 tam
681 5067 901 5136 degere,
935 5064 1113 5119 renuit
1141 5065 1444 5133 reslititque
1459 5065 1712 5118 mandato
1739 5064 1935 5133 patrio,
1960 5064 2107 5118 omni

547 5168 789 5230 tempore
841 5158 980 5214 idola
1017 5158 1223 5214 colens.
1265 5159 1645 5212 Verumtamen
1694 5159 1761 5213 ad
1803 5167 2106 5212 extremum

2209 4703 2650 4776 κατηξιώθησαν·
2702 4705 2958 4775 ἄντικρυς
2989 4703 3046 4756 δέ
3083 4704 3175 4757 καὶ
3207 4705 3234 4755 6
3275 4701 3424 4764 Ἰὼϐ,
3488 4699 3780 4770 Ἰδουμαῖος

2205 4795 2281 4849 ῶν
2307 4794 2415 4848 τῶν
2453 4794 2586 4847 υἱῶν
2635 4793 2827 4857 Ἠσαῦ,
2882 4793 3186 4858 θεοσεϐείας
3223 4790 3668 4864 ἀνδραγαθήμασι
3701 4789 3780 4842 δι-

2208 4888 2436 4959 έλαμψε.
2471 4888 2545 4941 T6
2569 4888 2667 4959 μὲν
2695 4887 2880 4941 λοιπὸν
2907 4889 3089 4958 τάγμα
3111 4887 3216 4940 τῶν
3241 4887 3404 4940 ἐθνῶν
3433 4885 3780 4955 κελευόμενον

2211 4984 2457 5051 φυσικοῖς
2488 4981 2672 5051 νόμοις
2704 4978 3026 5051 ἐργάζεσθαι
3057 4981 3136 5042 εἰς
3168 4980 3256 5033 τὸν
3285 4973 3782 5049 άμπελῶνα,τοῦτο

2215 5073 2258 5126 δ’
2291 5068 2357 5144 ἦν
2392 5072 2453 5125 τὸ
2493 5072 2590 5142 τῆς
2618 5070 2923 5134 θεοσεϐείας
2962 5071 3020 5123 τὸ
3054 5070 3368 5140 πολίτευμα,
3403 5069 3654 5122 ἀνένευσε
3687 5065 3780 5120 καὶ⁵

2215 5164 2432 5216 ἀντεῖπε
2479 5160 2558 5232 τῷ
2585 5161 2962 5232 προστάγματι
3012 5161 3091 5233 τῷ
3147 5160 3412 5232 πατρικῷ,
3465 5160 3640 5213 πάντα
3689 5155 3778 5210 τὸν

570 5305 619 5343 ιι
644 5303 833 5359 Matth,
865 5319 920 5365 v,
959 5300 1046 5354 12.
1121 5295 1166 5329 ”
1196 5309 1312 5363 cap.
1355 5306 1456 5354 vn,
1499 5287 1590 5354 29,
1630 5285 1720 5340 50.
1797 5284 1842 5318 °°
1866 5281 2052 5343 Matth.
2085 5304 2198 5352 ιιι,
2220 5287 2316 5346 28.

613 5413 881 5484 (50),11ιοο
908 5425 961 5467 et
989 5415 1344 5484 precedentm
1380 5416 1580 5484 parum
1627 5403 1940 5472 conspirant
1981 5417 2102 5457 cum

544 5479 903 5557 Theophania,
938 5479 1031 5538 lib.
1068 5500 1141 5545 tv,
1180 5481 1257 5557 lii
1285 5491 1342 5536 et
1377 5479 1460 5534 l7.
1733 5546 1748 5557 _
1804 5545 1818 5557 _
1878 5553 1889 5557 _
1980 5545 2012 5557 Α

617 5545 826 5626 (5i)lta
863 5545 1092 5626 Graece;
1137 5563 1192 5609 et
1215 5552 1298 5626 sic
1322 5568 1436 5623 ego,
1462 5563 1570 5626 pro
1603 5563 1694 5626 eo,_
1733 5545 1901 5626 habet
1943 5545 2105 5626 etiam

544 5615 771 5686 Latinus
826 5627 994 5683 codex
1047 5615 1507 5692 Cantabrigiensia
1556 5619 1705 5692 apud
1741 5615 2104 5671 Sabaterium.

546 5703 615 5756 At
653 5698 914 5768 vulgatus.
954 5695 1237 5766 pluresque
1267 5689 1501 5757 codices,
1537 5707 1626 5756 eo;
1667 5689 1776 5746 sive
1801 5692 1922 5754 quia
1961 5703 2107 5756 gcx-

2209 5405 2420 5468 ciderit,
2451 5419 2565 5458 swe
2600 5419 2726 5474 quia
2772 5418 2987 5457 sensum
3047 5401 3149 5457 lcet
3203 5409 3376 5471 potius
3417 5415 3578 5470 quam
3612 5408 3773 5452 verba

2210 5475 2517 5543 exprimere
2543 5475 2760 5542 placuit.

2281 5537 2393 5617 (52)
2433 5537 2697 5600 Prorocat
2733 5541 3254 5617 hic_ad_Matth.eum
3299 5541 3582 5609 Eusebius,
3615 5537 3772 5611 quasi

2214 5612 2400 5675 mm
2433 5627 2802 5674 commentans
2828 5615 2878 5669 in
2918 5612 3134 5669 Lucam.
