4108 6204
360 233 449 290 διε

1507 246 2002 305 COMMENTARIA
2040 253 2106 306 ΙΝ
2143 253 2397 312 [ιυΟΛΜ.

3445 273 3456 282 ’
3470 277 3574 334 διε

353 349 545 422 χρόνον
578 347 1025 420 εἰδωλολατροῦν·
1073 353 1208 425 πλὴν
1249 357 1340 409 ἐπὶ
1371 356 1512 412 τέλει
1548 361 1644 432 τὴν
1681 363 1906 434 ὑπακοὴη

356 445 370 460 ς
422 440 687 460 ,B,!P___,
733 441 772 460 πὶ
811 442 850 460 91
897 443 931 460 π
1003 443 1026 460 θ
1072 446 1084 460 1
1191 445 1243 460 UA
1403 450 1426 460 ι.
1560 449 1586 460 α-
1690 454 1700 460 .
1742 455 1761 460 -
1811 455 1821 460 -

2025 367 2381 425 obedientiam
2430 375 2700 442 przcstitit.
2735 377 2904 436 Secus
2940 396 3067 435 vero
3112 382 3362 441 Judaicus
3408 406 3575 460 pepu-

352 440 688 505 ἐνεδείξατο·
723 441 781 494 τὸ
807 442 858 494 δὲ
897 443 1162 497 Ἰουδαίων
1189 445 1356 512 ἔθνος,
1399 450 1535 524 ὅπερ
1558 449 1625 525 ἦν
1655 454 1714 507 τὸ
1737 455 1918 508 δεύτε-

354 551 448 606 ρον
477 535 690 600 τέκνον,
721 533 852 606 μετὰ
885 536 981 607 τὴν
1012 539 1294 595 ἀνάνευσιν
1315 545 1406 598 τοῦ
1432 547 1692 618 προτέρου
1724 549 1918 620 κληθὲν

352 628 450 678 ἐπὶ
481 627 580 697 τὴν
609 627 773 696 αὐτὴν
795 628 1054 697 ἐργασίαν
1093 630 1181 684 διὰ
1216 635 1490 700 Μωῦσέως
1519 638 1610 690 καὶ
1647 639 1752 692 τῶν
1787 657 1920 711 προ-

356 717 568 787 φητῶν,
603 717 739 788 λόγῳ
769 720 864 789 μὲν
907 719 1003 790 τὴν
1048 723 1353 795 προθυμίαν
1396 729 1717 795 ἐνεδείξατοο
1768 729 1917 787 εἷπον

355 807 488 878 γὰρ,
513 810 589 861 ὅτι
631 809 811 862 Πάντα
858 813 1154 882 ποιήσομεν
1199 817 1292 870 καὶ
1340 820 1686 893 ἀκουσόμεθα
1727 841 1739 854 ·
1773 825 1917 897 ἔργῳ

356 897 414 949 δὲ
459 901 560 950 πᾶν
592 899 910 955 τούναντίον.
961 904 1051 956 Διὸ
1077 906 1401 964 πυνθάνεται
1437 913 1546 966 τῶν
1565 917 1863 987 ἀρχιερέων
1889 921 1917 970 ὁ

356 989 542 1062 Σωτήρ
560 1007 572 1019 ·
613 992 706 1056 Τίς
732 992 846 1059 ἄρα
874 993 994 1047 τῶν
1014 996 1121 1050 δύο
1146 1001 1370 1054 τούτων
1391 1004 1638 1072 ἐποίησε
1653 1007 1718 1061 τὸ
1743 1009 1915 1077 θέλη-

352 1095 432 1146 μα
472 1078 574 1132 τοῦ
605 1082 866 1148 πατρός;
915 1085 1168 1139 Ἐκείνων
1197 1087 1252 1140 δὲ
1291 1091 1752 1164 ὁμολογησάντων,
1784 1100 1865 1150 ὃτι
1889 1101 1916 1152 ὁ

351 1170 581 1241 πρῶτος,
611 1172 695 1235 τίς
727 1169 794 1244 ἦν
819 1168 973 1240 οὗτος
1010 1178 1038 1230 ὁ
1075 1180 1287 1252 πρῶτος
1315 1183 1570 1254 διασαφεῖ
1604 1187 1776 1256 λέγων
1796 1206 1808 1219 ·
1853 1195 1914 1244 Ol

346 1259 593 1316 τελῶναι
642 1265 739 1317 καὶ
771 1269 829 1318 al
860 1269 1068 1348 πόρναι
1105 1270 1204 1324 καὶ
1247 1273 1370 1327 πᾶν
1399 1273 1462 1329 τὸ
1496 1275 1615 1329 τῶν
1650 1278 1917 1332 ἀπίστων

341 1353 534 1408 ἐθνῶν
561 1355 753 1426 τάγμα
778 1360 1191 1431 προσάγουσιν
1236 1365 1392 1434 ὑμᾶς
1418 1370 1504 1432 εἰς
1528 1368 1642 1436 τὴν
1677 1371 1916 1441 ἀγάπην

345 1448 464 1519 (55)
498 1449 604 1503 τοῦ
634 1451 801 1504 Θεοῦ.
821 1452 992 1522 Ὑμᾶς
1023 1455 1076 1508 δὲ
1103 1457 1274 1522 τίνας,
1305 1459 1336 1529 ἢ
1371 1461 1493 1523 τοὺς
1509 1463 1794 1534 ἀρχιερέας
1824 1467 1914 1520 καὶ

345 1540 770 1614 πρεσβυτέρους,
819 1545 912 1600 καὶ
949 1548 1052 1600 πᾶν
1090 1549 1266 1603 αὐτῶν
1301 1551 1361 1604 τὺ
1394 1554 1562 1618 ἔθνος,
1600 1556 1659 1608 τὸ
1690 1557 1752 1627 δὴ
1776 1557 1914 1629 λόγῳ

347 1633 458 1702 μὴν
487 1633 950 1706 ἐπαγγελλόμενον
984 1639 1272 1706 θεοσεϐεῖν,
1306 1643 1483 1715 ἔργοις
1529 1647 1584 1700 δὲ
1621 1649 1914 1721 ἀντιπράτ-

341 1741 434 1776 τον
469 1728 534 1795 τῇ
562 1726 895 1801 ἐπαγγελίᾳ;
926 1732 1015 1784 Διὸ
1048 1735 1097 1785 οἱ
1121 1735 1218 1805 μὲν
1247 1736 1302 1803 ἐξ
1327 1738 1495 1792 ἐθνῶν
1529 1715 1916 1811 μεταϐαλόντες
1949 1715 1990 1770 Β

341 1815 445 1885 τῆς
487 1817 755 1888 προτέρας
804 1821 1120 1894 μοχθηρίας,
1163 1826 1254 1878 καὶ
1294 1831 1538 1898 καρποὺς
1580 1832 1914 1903 ἐνδεξόιμενοι

343 1907 443 1977 τῆς
469 1907 742 1978 βασιλείας
772 1911 974 1977 ἀξίους,
1022 1915 1299 1981 τεύξονται
1337 1921 1505 1991 αὐτῆς
1525 1939 1538 1952 °
1571 1923 1727 1994 ὑμεῖς
1758 1926 1835 1988 δὲ,
1867 1928 1915 1980 οἱ

344 1999 642 2064 φάσκοντες
681 2004 904 2066 ἑαυτοὺς
946 2006 1079 2059 Θεοῦ
1118 2004 1255 2062 εἶναι
1288 2011 1471 2075 τέκνα,
1514 2014 1610 2084 τῆς
1642 2015 1915 2084 βασιλείας

343 2091 796 2162 ἐκκλεισθήσεσθε
817 2112 830 2125 σ
881 2097 959 2149 δτι
985 2099 1141 2168 ὑμεῖς
1180 2102 1276 2172 μὲν
1311 2105 1409 2157 οὐκ
1436 2106 1788 2163 ἐπιστεύσατε
1819 2111 1916 2164 αύ-

342 2181 440 2252 τῷ,
467 2185 517 2236 οἱ
551 2182 606 2237 δὲ
636 2185 858 2239 τελῶναι
901 2190 992 2241 καὶ
1020 2191 1075 2243 αἱ
1108 2193 1302 2265 πόρναι
1325 2197 1664 2254 ἐπίστευσαν.
1700 2201 1790 2254 Διὸ
1821 2203 1914 2255 καὶ

345 2274 664 2331 ἐδικαίωσαν
704 2277 794 2331 τὸν
828 2278 959 2333 Θεὸν
983 2299 995 2310 '
1031 2282 1235 2348 δίκαιος
1272 2287 1378 2358 γὰρ
1414 2289 1584 2359 ἐφάνη
1628 2291 1718 2344 ἐπὶ
1750 2295 1912 2348 πᾶσιν

343 2360 425 2429 οἷς
458 2367 732 2439 ἐποίησεν,
773 2372 916 2441 ὑμᾶς
961 2376 1056 2444 μὲν
1093 2375 1167 2440 ὡς
1199 2377 1443 2443 ἀπειθεῖς
1480 2382 1570 2434 καὶ
1593 2382 1912 2454 ἀγνώμονας

343 2457 721 2528 ἀπωσάμενος,
756 2463 994 2527 ἐκείνους
1025 2465 1080 2518 δέ
1109 2466 1184 2530 ὡς
1215 2469 1482 2536 εὐπειθεῖς
1506 2475 1598 2528 καὶ
1631 2477 1909 2548 εὐγνώμο-

343 2566 438 2612 νας
469 2550 845 2623 ἐκλεξάμενος.
893 2555 1001 2608 Kal.
1045 2557 1143 2610 οὐκ
1181 2557 1331 2628 ἔχετε
1361 2560 1542 2615 λοιπον
1580 2566 1726 2636 αὐτῷ
1749 2569 1911 2636 ἐγκα-

341 2640 470 2706 λεῖν,
487 2642 517 2694 δ
533 2645 814 2716 προφήτης
835 2648 1016 2716 φησίνδ
1041 2648 1240 2716 Ὅπως
1269 2650 1344 2704 ἂν
1365 2651 1762 2725 δικαιωθῇς-ὲν
1788 2660 1909 2727 τοῖς

339 2732 541 2800 λόγοις
564 2747 700 2788 σου.

683 2827 784 2891 Εἰς
810 2826 922 2895 τὴν
953 2828 1228 2884 ἄϐυσσον
1254 2833 1558 2889 ἀπελθεῖν.

409 2915 528 2968 Ὅτι
559 2917 648 2970 τὸν
684 2917 970 2991 λεγόμενον
1008 2923 1272 2996 τάρταρον
1318 2925 1716 2981 ἄϐυσσονθεῖοι
1763 2928 1905 2998 λόγοι

342 3007 585 3062 καλοῦσι.

340 3103 451 3158 Καὶ
466 3103 616 3172 γυνὴ
637 3100 796 3159 οὖσα
810 3107 878 3159 ἐν
888 3108 1066 3174 ῥύσει
1085 3110 1326 3252 αζμιῖξοὸι
1345 3111 1461 3166 ἀπὸ
1488 3109 1638 3165 ἐτῶν
1657 3111 1902 3178 δώδεκα,

957 3195 1008 3230 κ.
1042 3196 1090 3232 τ.
1126 3195 1173 3232 Α.
1236 3199 1265 3233 ο
1334 3222 1347 3234 .

957 3195 1008 3230 κ.
1042 3196 1090 3232 τ.
1126 3195 1173 3232 Α.
1212 3195 1347 3234 ίῦιΗ.

418 3265 558 3333 Ἐγὼ
580 3265 635 3319 δὲ
663 3267 761 3320 οὐκ
785 3266 932 3332 ἄξιον
956 3269 1193 3342 ἡγοῦμαι
1220 3273 1503 3343 παρελθεῖν
1535 3274 1780 3348 διήγησιν
1815 3281 1907 3334 καὶ

341 3359 453 3421 τοῖς
482 3357 600 3427 μεθ’
633 3361 779 3430 ἡμᾶς
811 3362 1239 3432 μνημονεύεσθαι
1287 3365 1461 3432 ἀξίαν.
1523 3368 1632 3439 Τὴν
1669 3369 1776 3440 γὰρ
1825 3374 1907 3425 αί-

341 3451 680 3521 μορροοῦσαν
728 3455 792 3505 ἐκ
820 3455 1086 3520 Πανεάδος
1129 3457 1311 3526 ἔλεγον
1351 3459 1642 3530 ὁρμᾶσθαι,
1696 3463 1786 3517 τόν
1846 3483 1902 3518 τε

337 3536 483 3595 οἷκον
516 3544 684 3614 αὐτῆς
717 3545 807 3597 ἐπὶ
839 3548 934 3616 τῆς
972 3550 1175 3613 πόλεως
1194 3551 1519 3619 δείκνυσθαι,
1555 3555 1772 3625 καὶτῆς
1801 3557 1904 3612 ὑπὸ

335 3634 431 3686 τοῦ
459 3635 707 3706 Σωτῆρος
726 3640 803 3701 είς
824 3640 987 3711 αὐτὴν
1011 3642 1328 3713 εὐεργεσίας
1365 3643 1648 3716 θαυμαστὰ
1671 3649 1902 3720 τρόπαια

338 3729 695 3799 παραμένειν.
742 3731 990 3786 Ἐστάναι
1024 3735 1130 3804 γὰρ
1170 3737 1253 3804 ἐφ’
1312 3735 1514 3806 ὑψηλοῦ
1575 3739 1720 3792 λίθου
1768 3741 1901 3813 πρὸς

338 3822 439 3890 μὲν
466 3825 587 3886 ταῖς
617 3822 810 3886 πύλαις
840 3825 932 3877 τοῦ
967 3827 1136 3896 αὐτῆς
1157 3829 1303 3880 οἴκου
1330 3829 1581 3896 γυναικὸς
1602 3832 1898 3903 ἐκτύπωμα

333 3913 584 3982 χάλκεον,
614 3916 705 3968 ἐπὶ
727 3917 854 3984 γόνυ
887 3918 1223 3988 κεκλιμένον,
1247 3922 1338 3974 καὶ
1368 3923 1689 3992 τεταμέναις
1725 3926 1815 3978 ἐπὶ
1840 3927 1899 3979 τὸ

333 4003 571 4075 πρόσθεν
602 4008 718 4070 ταῖς
741 4010 943 4078 χερσὶν,
972 4011 1282 4083 ἱκετευούσῃ
1344 4014 1543 4078 ἐοικὸςο
1603 4016 1790 4070 τούτου
1843 4019 1898 4073 δὲ

331 4097 562 4168 ἀντικρὺ
591 4097 716 4151 ἄλλο
749 4100 848 4170 τῆς
882 4102 1050 4172 αὐτῆς
1078 4103 1207 4173 ὕλης
1236 4104 1424 4176 ἀνδρὸς
1450 4106 1630 4176 ὄρθιον
1691 4111 1894 4182 σχῆμα,

330 4187 578 4242 διπλοΐδα
611 4193 851 4262 κοσμίως
883 4194 1358 4267 περιϐεϐλημένον,
1384 4199 1476 4251 καὶ
1504 4198 1599 4270 τὴν
1631 4205 1784 4273 χεῖρα
1830 4208 1893 4275 τῇ

331 4283 550 4348 γυναικὶ
573 4289 848 4354 προτεῖνον
867 4303 880 4316 ·
903 4283 963 4340 οὗ
985 4289 1134 4358 παρά
1161 4293 1274 4354 τοῖς
1307 4291 1462 4344 ποσὶν
1486 4292 1578 4344 ἐπὶ
1618 4297 1681 4365 τῇ
1729 4295 1894 4368 στήλῃ

2022 461 2122 528 lus,
2152 465 2242 534 qui
2278 463 2328 514 in
2366 463 2536 520 alter-0
2571 468 2679 523 ﬁlio
2712 482 3156 540 repraesentatur,
3194 487 3311 544 post
3344 481 3572 547 priorem

2023 556 2414 611 recusationem
2442 568 2663 614 vocatus
2690 563 2755 615 ad
2788 567 3029 617 eamdem
3069 579 3286 630 operam
3313 584 3408 636 per
3434 569 3578 642 Moy-

2019 663 2131 702 sem
2171 659 2332 716 alque
2383 651 2706 718 prophetas,
2761 656 2924 709 verbo
2966 655 3180 723 quidem
3229 673 3286 712 se
3330 674 3576 728 paratum

2018 741 2285 806 ostendit;
2328 740 2578 798 dixerunt
2621 746 2764 799 enim
2795 747 2972 798 omnia
3011 762 3069 800 se
3101 746 3342 804 facturos
3383 763 3440 805 et
3483 770 3578 807 au-

2021 832 2348 888 scultaturos
2386 834 2466 899 ";
2522 836 2614 890 sed
2655 851 2819 905 opera
2870 852 3092 906 prorsus
3140 844 3408 895 contraria
3457 844 3574 899 fuit.

2020 923 2222 979 Idcirco
2248 928 2542 996 interrogat
2570 930 2848 998 pontiﬁces
2878 929 3133 985 Servatur
3163 950 3176 986 :
3205 933 3334 997 Quis
3360 952 3425 990 ea:
3449 935 3582 994 dao-

2019 1016 2110 1070 bus
2141 1018 2456 1072 voluntatem
2509 1022 2676 1088 patris
2723 1023 2948 1090 fecerit?
2997 1023 3105 1078 lllis
3150 1028 3577 1097 conﬁtentibus,

2017 1110 2160 1173 quod
2203 1107 2393 1176 prior;
2445 1109 2692 1176 quisnam
2735 1127 2897 1181 porro
2935 1115 3021 1166 hic
3071 1116 3218 1184 prior
3252 1130 3429 1182 esset,
3466 1138 3579 1173 ma-

2019 1197 2242 1253 nifestat
2275 1201 2461 1254 dicens
2487 1219 2499 1254 :
2540 1201 2678 1256 Fore
2712 1214 2766 1256 ut
2809 1204 3074 1272 publicani
3101 1223 3163 1259 ac
3193 1214 3504 1278 meretrices,
3531 1223 3578 1265 et

2017 1291 2294 1345 universus
2329 1292 2723 1346 incredularum
2754 1297 2982 1363 gentium
3014 1300 3140 1352 ordo
3172 1302 3467 1368 prmcedant
3495 1321 3577 1358 vos

2017 1383 2072 1437 in
2110 1384 2389 1440 dilectione
2440 1386 2540 1440 Dei
2586 1389 2651 1440 δ’.
2695 1386 2803 1441 Vos
2853 1403 2982 1442 vero
3029 1395 3333 1458 quosnam?
3377 1395 3578 1465 Nempe

2017 1477 2296 1542 pontifices
2338 1487 2392 1531 et
2447 1478 2710 1544 seniores,
2745 1491 2798 1534 et
2829 1489 2996 1534 totam
3039 1493 3252 1551 gentem
3303 1486 3575 1555 ipsorum,

2017 1581 2135 1634 quas
2163 1567 2343 1622 verbis
2367 1569 2580 1636 quidem
2620 1571 2868 1639 religiose
2917 1588 2978 1628 se
3013 1588 3174 1643 agere
3205 1577 3434 1642 dicebat,
3483 1584 3577 1636 sed

2019 1657 2230 1713 actibus
2286 1660 2675 1728 professionem
2722 1665 2970 1731 negabat.
3024 1666 3146 1720 Ideo
3186 1671 3412 1738 gentiles
3454 1674 3577 1742 qui-

2018 1749 2159 1816 dem,
2195 1751 2374 1819 priore
2410 1755 2649 1822 nequitia
2676 1757 2897 1820 omissa,
2937 1757 3247 1830 fructusque
3284 1779 3447 1833 regno
3495 1768 3576 1818 di-

2016 1857 2152 1910 gnos
2196 1843 2482 1910 facientes,
2531 1847 2632 1901 boc
2666 1849 2961 1916 potientur.
2994 1849 3102 1906 Vos
3146 1862 3324 1906 autem
3355 1855 3446 1924 qui
3482 1856 3574 1910 Dei

2016 1933 2154 1989 ﬁlios
2197 1947 2405 1992 vosmet
2453 1939 2758 2008 appellatis,
2811 1955 2978 2012 regno
3027 1944 3406 2013 expellemiui;
3449 1948 3574 2013 quia

2015 2041 2110 2081 vos
2161 2028 2414 2083 nimirum
2473 2031 2691 2086 Christo
2746 2045 2848 2085 non
2905 2035 3250 2101 credidistis,
3307 2037 3574 2106 publicani

2014 2134 2142 2174 vero
2171 2135 2235 2175 ac
2267 2124 2580 2178 meretrices
2612 2124 2974 2180 crediderunt.
3020 2127 3382 2194 Quamobrem
3411 2135 3574 2186 etiam

2013 2210 2179 2265 Deum
2213 2213 2648 2284 justiﬁcaverunt
2675 2236 2690 2272 :
2733 2221 2930 2290 quippe
2963 2222 3086 2290 quia
3122 2223 3167 2277 is
3195 2223 3376 2289 justus
3403 2239 3573 2293 appa-

2014 2304 2121 2356 ruit
2150 2304 2201 2358 in
2243 2308 2451 2362 cunctis
2479 2322 2599 2376 quae
2637 2309 2784 2376 fecit,
2825 2327 2917 2366 vos
2961 2313 3175 2382 quidem
3219 2325 3282 2368 ut
3333 2315 3578 2369 incredu-

2011 2395 2091 2450 los
2121 2407 2175 2451 et
2215 2409 2455 2467 ingratos
2501 2403 2814 2471 repudians,
2848 2403 2969 2459 illos
3003 2415 3180 2459 autem
3210 2420 3307 2460 ceu
3343 2407 3575 2474 morige—

2013 2502 2102 2540 ros
2137 2489 2537 2558 benevolosque
2581 2492 2810 2561 eligens.
2840 2493 3196 2559 Quamobrem
3223 2497 3288 2550 de
3336 2512 3402 2551 eo
3452 2498 3573 2550 diu-

2013 2580 2117 2634 tius
2157 2581 2299 2634 haud
2355 2584 2582 2649 potestis
2625 2588 2906 2654 conqueri,
2961 2588 3012 2642 id
3059 2588 3197 2657 quod
3233 2590 3393 2642 etiam
3445 2604 3572 2656 pro-

2007 2670 2168 2738 pheta
2199 2673 2412 2728 aiebat:
2463 2671 2528 2726 Ut
2566 2671 2876 2743 justiﬁceris
2916 2679 2971 2732 in
3011 2677 3334 2731 sermonibus
3376 2678 3480 2731 tuis
3504 2678 3568 2733 ⁸³.

2446 2855 2491 2884 ⁸⁸
2517 2852 2585 2907 Ut
2623 2855 2675 2906 in
2703 2856 2944 2924 abyssum
2977 2856 3130 2910 irent.

2077 2947 2176 3012 Qui
2204 2945 2404 3000 dicitur
2434 2956 2693 3012 tartarus,
2725 2964 2846 3002 eum
2894 2949 3168 3019 appellant
3197 2948 3450 3019 abyssum
3483 2949 3568 3004 di-

1929 3051 1970 3108 c
2005 3039 2138 3092 vina:
2167 3037 2477 3106 Scriptura}.

2101 3128 2146 3160 “
2173 3127 2240 3182 Et
2281 3130 2470 3183 mulier
2509 3127 2749 3196 quaedam
2787 3129 2988 3200 eratin
3020 3129 3170 3197 [luxu
3209 3130 3481 3200 sanguinis

2424 3203 2488 3252 ab
2527 3203 2678 3250 annis
2701 3198 3002 3263 duodecim,
3037 3209 3142 3253 etc.

2076 3292 2186 3362 Ego
2216 3307 2345 3346 vero
2375 3307 2588 3360 aequum
2633 3306 2737 3344 non
2775 3289 2961 3359 judico
3000 3291 3409 3359 prmtermittere
3441 3305 3568 3344 nar-

2006 3387 2292 3451 rationem,
2329 3399 2448 3454 qua:
2480 3393 2816 3454 posterorum
2848 3397 3063 3450 quoque
3114 3384 3384 3436 memoria:
3419 3398 3567 3437 com-

2005 3477 2244 3530 mendari
2291 3487 2548 3530 meretur.
2611 3473 2854 3544 Namque
2907 3474 3045 3528 hanc
3109 3474 3564 3529 limmorrhousam

2003 3569 2162 3624 domo
2200 3566 2450 3621 Paueade
2500 3566 2668 3620 fuisse
2715 3567 2903 3631 aiunt,
2931 3567 3158 3633 ejusque
3201 3565 3375 3616 adhuc
3425 3566 3564 3618 :edes

2003 3662 2054 3714 in
2094 3659 2227 3714 urbe
2265 3657 2640 3718 demonstrari,
2673 3658 2854 3726 ibique
2886 3655 3129 3708 beneﬁcii
3161 3655 3214 3707 in
3244 3669 3362 3705 eam
3389 3669 3415 3705 a
3443 3652 3563 3705 Ser-

2002 3764 2190 3806 vatore
2213 3752 2394 3806 collati
2418 3752 2608 3804 mirum
2627 3756 3026 3802 monumentum
3049 3758 3387 3814 permanere.
3405 3742 3495 3796 Sta
3507 3759 3562 3797 re

1999 3840 2248 3893 videlicet
2295 3841 2346 3893 in
2398 3839 2610 3893 excelsa
2656 3837 2862 3906 lapidea
2919 3834 3057 3898 basi,
3112 3849 3278 3904 prope
3319 3833 3559 3900 ejusdem

1997 3933 2189 3988 aedium
2236 3933 2400 3996 fores,
2439 3911 2680 3985 mulieris
2714 3944 2914 3984 teneam
2948 3927 3196 3997 eﬁigiem,
3231 3943 3366 3997 genu
3399 3925 3556 3990 ﬂexo,

1999 4025 2250 4080 manibus
2276 4027 2564 4094 protensis,
2605 4021 2958 4090 supplicantis
2986 4022 3183 4088 specie.
3219 4019 3385 4089 Hujus
3414 4034 3444 4072 e
3471 4036 3562 4073 re.-

1997 4117 2152 4185 gione
2187 4116 2346 4169 aliam
2377 4114 2616 4182 ejusdem
2640 4114 2879 4167 materia:
2907 4123 3139 4166 statuam
3167 4112 3266 4164 viri
3294 4120 3556 4174 erectam,

1997 4206 2233 4274 diploide
2266 4207 2489 4260 decente
2531 4203 2724 4266 induti,
2766 4218 2830 4256 ac
2871 4203 3083 4256 mulieri
3117 4219 3332 4256 manum
3381 4201 3555 4270 porri-

1997 4296 2199 4365 gentis;
2237 4297 2301 4348 ad
2325 4293 2477 4361 cujus
2505 4291 2670 4361 pedes
2705 4292 2756 4345 in
2789 4292 2902 4346 basi
2930 4293 3268 4362 peregrinum
3290 4291 3556 4360 quoddam

331 4371 484 4436 ξένον
507 4391 559 4427 τι
587 4375 813 4447 βοτάνης
843 4373 979 4443 εἶδος
1015 4382 1164 4448 φυὲν,
1193 4382 1242 4445 ὃ,
1276 4384 1438 4454 μέχρι
1465 4385 1557 4437 τοῦ
1595 4389 1894 4457 κρασπέδου

2007 4388 2179 4442 herbas
2221 4401 2390 4456 genus
2422 4386 2674 4439 adnatum
2707 4393 2860 4449 erat,
2893 4393 3031 4454 [quae
3076 4399 3243 4454 usque
3288 4383 3352 4436 ad
3392 4395 3556 4436 aenea:

328 4465 430 4535 τῆς
456 4465 550 4519 τοῦ
597 4467 798 4537 χαλκοῦ
854 4469 1114 4535 διπλοΐδος
1172 4473 1340 4538 ἀνιὸν,
1377 4474 1815 4548 ἀλεξιφάρμακόν
1845 4497 1895 4533 τι

330 4560 602 4613 παντοίων
629 4563 947 4632 νοσημάτων
968 4564 1239 4634 τυγχάνει.
1267 4567 1464 4621 Τοῦτον
1488 4570 1576 4622 τὸν
1608 4570 1896 4642 ἀνδριάντα

327 4651 426 4705 τοῦ
465 4653 637 4723 Ἰησοῦ
662 4655 843 4708 εἰκόνα
893 4656 1076 4726 φέρειν
1133 4658 1336 4728 ἔλεγον,
1370 4660 1428 4713 ὃν
1469 4661 1770 4732 Μαξιμῖνος
1798 4664 1894 4734 τῆς

405 4763 450 4793 ⁸⁸
475 4763 645 4818 Exod.
673 4781 786 4833 xu,
811 4768 864 4822 8.
940 4770 983 4800 “
1012 4768 1198 4824 Matth.
1231 4788 1343 4837 XXI,
1375 4772 1464 4827 51.

405 4877 520 4948 (55)
549 4879 620 4932 Ita
646 4891 870 4956 uterque
891 4883 1037 4956 ναι.
1070 4885 1190 4938 cod.
1229 4899 1327 4953 pro
1357 4885 1436 4948 είς
1466 4886 1565 4955 τὴν
1595 4885 1891 4956 βασιλείαν,

327 4950 385 5002 in
417 4965 659 5026 regnum.
681 4951 974 5026 Corde-rius
1017 4950 1336 5023 quoqueita
1368 4966 1426 5009 ut
1463 4950 1560 5010 nos
1590 4950 1650 5012 se
1701 4950 1897 5026 legisse

328 5020 470 5088 apud
504 5019 789 5088 Eusebium
827 5019 1181 5077 demonstrat.

405 5087 812 5165 (54)_Scribitur
837 5107 1070 5165 sequens
1109 5095 1326 5147 historia
1361 5095 1414 5148 in
1444 5105 1676 5165 utroque
1706 5097 1894 5152 codice

326 5159 397 5212 Α.
427 5168 482 5210 et
504 5157 708 5236 ’L.‘sub
749 5157 966 5236 nomine
995 5162 1228 5236 Eusebii.
1273 5165 1480 5236 “eapse
1524 5157 1713 5220 eadem
1757 5167 1888 5236 legi-

330 5240 422 5300 tur
460 5229 596 5296 apud
625 5233 867 5286 eumdem
901 5233 1185 5286 Eusebium
1223 5236 1271 5288 in
1299 5229 1437 5288 Hist.
1476 5239 1602 5290 eccl.
1651 5252 1746 5300 vtt,
1800 5229 1886 5292 f8.

327 5298 651 5376 Quanquam
675 5303 834 5376 etiam
856 5303 905 5356 in
932 5303 1031 5356 hoc
1050 5317 1146 5376 suo
1169 5308 1555 5376 commentario
1577 5308 1644 5360 ad
1665 5298 1886 5376 evang.,

331 5369 422 5421 ubi
463 5370 665 5444 mentio
695 5382 781 5424 cst
811 5371 1248 5440 h:emorrbousa:,
1286 5373 1403 5428 ﬁeri
1449 5377 1531 5429 vix
1585 5369 1887 5444 potestfut

327 5438 577 5492 earundem
601 5443 969 5511 narrationem
1015 5453 1204 5496 auctor
1235 5438 1340 5496 non
1389 5438 1664 5511 retulerit,
1706 5438 1885 5502 variat

331 5518 514 5560 tamen
557 5507 700 5578 alter
742 5511 808 5563 ab
847 5512 1017 5566 altero
1063 5523 1234 5578 textu,
1273 5514 1424 5567 initio
1460 5533 1524 5570 ac
1573 5507 1696 5572 ﬁne.
1748 5518 1884 5572 lllud

331 5591 466 5632 vero
493 5577 810 5642 mirabilius,
840 5583 978 5649 quod
1005 5598 1125 5637 cum
1161 5577 1473 5637 in'llistoria
1498 5584 1757 5641 Eusebius
1788 5593 1879 5642 de-

335 5656 602 5705 structam
627 5658 858 5706 statuam
892 5665 996 5707 non
1021 5652 1240 5722 scribat,
1272 5653 1324 5708 in
1359 5655 1458 5710 hoc
1488 5661 1873 5714 commentario

1540 4773 1584 4804 ⁸³
1612 4772 1757 4828 Psal.
1798 4792 1850 4842 ι,
1878 4775 1930 4830 6.

1994 4478 2243 4548 diploidis
2273 4477 2544 4531 ﬁmbriam
2595 4490 2909 4544 assurgens,
2957 4475 3195 4545 cujusvis
3244 4473 3416 4528 morbi
3463 4488 3552 4527 re-

1993 4569 2226 4624 medium
2257 4578 2356 4622 est.
2411 4565 2522 4620 llac
2551 4575 2726 4619 statua
2768 4563 2951 4618 Jesum
2986 4561 3361 4633 reprazsentari
3400 4561 3551 4615 dice-

1990 4663 2143 4724 bant,
2175 4674 2335 4731 quam
2384 4657 2709 4713 Maximinus
2745 4657 3037 4726 impietatis
3076 4669 3185 4709 suae
3217 4654 3552 4707 additamen-

2008 4776 2055 4813 "
2086 4790 2206 4844 Cap.
2240 4790 2359 4841 vm,
2389 4775 2479 4830 5|.
2555 4775 2598 4807 “
2625 4790 2746 4846 cap.
2778 4790 2893 4840 vm,
2926 4773 3015 4826 t5.

2001 4887 2263 4962 deiectam
2310 4903 2348 4962 _a
2397 4887 2692 4962 maximino
2739 4885 2997 4962 aﬂlrnlel,
3044 4883 3094 4935 in
3147 4897 3256 4952 quo
3313 4897 3380 4962 ne
3427 4897 3548 4937 cum

2001 4955 2361 5034 Philostorgio
2392 4959 2722 5034 quidemlib.
2757 4973 2852 5034 v_t_t_,
2881 4955 2935 5019 3,
2959 4969 3130 5034 neque
3158 4970 3278 5007 cum
3313 4955 3427 5034 ejus
3457 4969 3548 5033 as:

2000 5031 2143 5084 secta
2175 5025 2472 5102 Nicephoro
2517 5029 2752 5102 Callisto
2783 5028 2874 5080 lib.
2917 5041 2972 5102 ξι,
3009 5025 3096 5089 50,
3136 5025 3412 5102 congruit,
3452 5025 3546 5102 qui

2000 5110 2234 5151 Statuam
2270 5094 2544 5173 adttliano
2574 5097 2869 5173 depositam
2903 5097 3105 5157 dicunt,
3136 5104 3189 5146 et
3221 5097 3289 5146 ab
3317 5094 3548 5173 ethnicis

2000 5167 2279 5246 Paneadis;
2296 5168 2504 5223 civibus
2535 5168 2888 5246 ignominiose
2923 5172 3205 5246 tractatam
3234 5167 3546 5246 (ciconinu-

2001 5250 2204 5292 nutam.
2241 5231 2891 5313 Czcteroquilsteriusin
2924 5237 3040 5313 cod.
3076 5233 3133 5295 Β,
3232 5231 3319 5313 8ξ5,
3365 5231 3545 5312 Mazi-

1990 5309 2226 5362 rnianum
2260 5310 2442 5362 scribit
2467 5305 2580 5376 'pro
2616 5305 3059 5383 dlueiritin_o._§ic
3090 5305 3231 5383 enim
3261 5305 3540 5383 Asterius:

1987 5377 2133 5449 Αὕτη
2163 5377 2218 5430 δέ
2250 5380 2396 5431 ἐστιν
2426 5373 2536 5449 ήέν
2568 5375 2795 5449 Πανεάδι
2935 5373 3154 5449 Χριστῷ
3183 5378 3426 5449 στήσασα
3453 5374 3542 5449 seu

1987 5443 2217 5524 χαλκοῦν
2252 5443 2538 5524 ἀνδριάντα
2571 5449 2652 5524 εἰς
2691 5444 2931 5524 ἀμοιϐὴν
2965 5443 3065 5514 τῆς
3105 5443 3465 5524 εύεργεσίαςχ
3483 5443 3544 5499 δν

1985 5514 2081 5572 καὶ
2128 5520 2221 5573 ἐπὶ
2259 5514 2598 5588 Μαξιμιανοῦ
2643 5515 3028 5588 καθαιρεθῆναι
3071 5514 3166 5588 τού
3212 5514 3539 5582 δυσσεϐοῦς,

1985 5591 2090 5662 πρὸ
2119 5591 2208 5644 τοῦ
2244 5584 2476 5661 μεγάλου
2512 5584 3379 5658 Κωνσταντίνουβασιλεύσαντος.
