4108 6204
538 258 656 350 διε

1205 271 1473 330 EUSEBII
1511 263 1982 325 CAESARIENSIS
2017 260 2170 316 ()PP.
2211 256 2392 312 PARS
2428 255 2515 310 ιιι.
2547 287 2614 297 -
2653 249 3062 308 EXEGETICA.

3651 241 3757 296 διε

539 418 654 463 tum
687 389 1083 473 (destruendo)
1109 387 1254 442 fecit.
1285 386 1458 454 Atque
1496 385 1608 438 hinc
1641 383 1920 437 hactenus.
1945 375 2095 430 Nunc

2199 369 2390 424 ἐαυτοῦ
2413 365 2723 428 δυσσεϐείας
2753 363 3042 434 πάρεργον·
3071 358 3380 428 ἐποιήσατο.
3436 355 3545 407 Καὶ
3586 352 3757 408 ταῦτα

2243 464 2270 473 ι.
2411 460 2422 473 ο
2556 460 2610 473 ιη
2653 459 2666 473 ι
2705 457 2745 473 αι
2819 456 2833 473 \
2874 454 2955 473 «ν’-ν
2981 471 2992 473 _
3028 451 3116 473 --ξ’
3141 448 3595 473 \1-_-.._--+....-u

537 497 801 562 reliquum
845 499 1144 541 sermonem
1177 489 1584 551 persequamur.

649 558 694 616 δδ
723 576 1028 633 Convocatis
1063 586 1233 625 autem
1266 567 1535 622 duodecim
1563 558 1830 628 discipulis
1859 563 1990 620 suis,

751 650 889 702 dedit
920 647 1028 699 illis
1066 645 1309 697 virtutem
1342 648 1388 691 et
1427 644 1752 704 potestatem,
1779 640 1886 683 etc.

617 751 720 806 Per
751 747 865 800 haec
899 736 1146 808 superuis
1174 730 1381 784 viribus
1427 723 1724 793 discipulos
1755 737 1883 776 suos
1919 719 2099 775 Domi-

539 859 640 900 nus
671 836 940 896 armabat,
971 839 1034 883 ut
1074 822 1335 880 diabolica
1364 819 1414 872 iu
1449 817 1634 886 primis
1664 815 1876 882 agmina
1919 822 1973 866 et
2003 812 2100 865 bo.

545 935 750 991 minum
805 922 1150 983 inimicitias,
1202 925 1256 969 et
1304 909 1646 966 adversarias
1685 907 1833 959 acies
1875 919 2094 973 supera-

543 1035 702 1087 rent;
748 1019 942 1075 deinde
977 1031 1006 1066 a
1051 1009 1257 1065 morbis
1304 1015 1359 1060 et
1396 1000 1724 1056 omnimodis
1753 995 2098 1064 passiouibus

538 1118 844 1174 laborantes
901 1113 1190 1165 sanarent;
1256 1100 1451 1154 iudicia
1513 1094 1763 1149 videlicet
1818 1089 2091 1160 praedic-ali

539 1210 691 1281 regni
735 1201 944 1259 cunctis
974 1195 1284 1253 hominibus
1317 1191 1585 1261 prteheus.
1615 1185 1913 1254 Oportebat
1955 1181 2097 1234 enim

535 1278 631 1360 eos
673 1299 763 1370 qui
810 1297 1228 1361 inexspectatam
1283 1285 1582 1339 doctrinam
1627 1278 1965 1338 nuntiabant,
2010 1288 2099 1343 pe-

535 1366 874 1464 regrinorum
931 1393 1301 1448 novorumque
1350 1377 1614 1431 bonorum
1664 1373 1820 1441 signa
1869 1366 2097 1423 alumnis

536 1461 648 1541 suis
688 1481 968 1538 exhibere.
1005 1474 1146 1530 Vere
1174 1471 1337 1542 igitur
1375 1475 1532 1522 erant
1571 1465 1720 1534 regni
1754 1463 1844 1516 Dei
1877 1461 2100 1515 demon-

534 1577 850 1639 strationes,
881 1569 1200 1642 prodigiosa:
1229 1565 1476 1624 virtutes,
1509 1568 1564 1615 et
1607 1555 1894 1616 miracula,
1937 1561 2098 1621 atque

536 1670 842 1724 animarum
871 1673 924 1717 et
951 1672 1236 1726 corporum
1266 1654 1575 1710 curationes
1601 1665 1629 1703 a
1654 1647 1946 1704 Servatore
1973 1659 2097 1712 per-

2202 464 2300 535 μὲν
2327 460 2518 530 ταύτῃ.
2556 459 2677 512 Ἐπὶ
2701 457 2758 510 δὲ
2785 456 2844 508 τὸ
2869 454 2995 524 ἑξῆς
3024 451 3118 505 τοῦ
3141 450 3299 519 λόγου
3322 448 3616 520 προΐωμεν.

2197 551 2730 629 Σιίτκαλεσάμενρς
2745 546 2829 629 Δόίὲ
2847 546 2988 612 τοὺς
3009 543 3237 629 Midea)?
3259 539 3527 629 μετρητὰς
3549 537 3756 629 αῠτρῦ,

2255 607 2477 677 ἔδωκεν
2503 607 2990 686 αὗτοῖξδύναμιιλ
3023 615 3121 668 καὶ
3147 607 3454 678 ἑξοὺσίακ,
3474 607 3541 663 ’κ.
3573 626 3622 661 τ.
3652 607 3702 660 λ.

2265 717 2363 771 Διὰ
2393 715 2566 769 ταῦτα
2600 710 2800 772 ἐνθέοις
2830 707 3086 777 δυνάμεσι
3118 705 3241 768 τοὺς
3293 698 3484 756 ἑαυτοῦ
3519 695 3760 770 μαθητὰς

2196 812 2225 864 ὁ
2257 809 2460 880 Κύριος
2505 803 2759 867 ὥπλιζεν,
2792 801 2866 864 ὡς
2909 800 2974 854 ἂν
3029 801 3088 853 ἐν
3117 796 3350 868 πρώτοις
3377 794 3446 847 τά
3476 790 3760 862 δαιμονικὰ

2199 901 2356 972 στίφη
2385 900 2477 952 καὶ
2503 896 2600 959 τὰς
2631 892 2829 965 ἐχθρὰς
2851 891 2956 945 τῶν
2979 889 3074 945 ἀνθ
3085 889 3276 961 ρώπων
3318 887 3411 940 καὶ
3469 884 3762 955 πολεμικάς

2197 991 2526 1064 παρατάξεις
2555 988 2863 1058 καθαιροῖεν
2888 1002 2901 1016 ·
2939 984 3127 1036 ἔπειτα
3154 981 3323 1034 νόσων
3357 978 3448 1031 καὶ
3500 976 3761 1030 παντοίων

2198 1085 2384 1138 παθῶν
2418 1081 2767 1154 θεραπεύοιεν
2795 1079 2923 1141 τοὺς
2982 1071 3516 1142 καταπονουμένουςο
3564 1067 3759 1138 γνωρί-

2200 1194 2377 1247 σματα
2408 1174 2471 1246 δὴ
2500 1174 2599 1243 τῆς
2619 1169 3023 1244 κηρυττομένης
3057 1165 3328 1238 βασιλείας
3358 1164 3607 1236 παρέχων
3630 1162 3760 1233 ὁρᾷν

2200 1268 2398 1321 ἅπασιν
2427 1264 2750 1336 ἀνθρώποις.
2788 1262 2983 1332 Ἐχρῆν
3017 1260 3145 1331 γὰρ,
3175 1257 3470 1330 παράδοξον
3506 1257 3762 1327 κήρυγμα

2197 1359 2659 1429 καταγγέλλοντας
2689 1397 2704 1420 ,
2736 1355 2923 1425 (ξένων
2970 1354 3064 1407 καὶ
3112 1352 3245 1406 νέων
3291 1349 3506 1420 ἀγαθῶν
3557 1345 3762 1419 ἐναργῆ

2199 1454 2399 1523 σημεῖα
2446 1449 2703 1521 παρέχειν
2751 1449 2862 1510 τοῖς
2891 1445 3365 1517 μαθητευομένοις.
3396 1438 3576 1497 Ἦσαν
3599 1442 3643 1495 δ’
3668 1435 3762 1494 οὖν

2197 1543 2411 1615 άληθῶς
2431 1541 2563 1595 Θεοῦ
2605 1539 2876 1611 βασιλείας
2903 1538 3171 1609 δείγματα
3201 1538 3258 1590 αἱ
3292 1535 3572 1608 τεράστιαι
3609 1533 3764 1587 δυνά-

2201 1653 2342 1707 μεις,
2373 1637 2442 1690 τά
2461 1653 2522 1688 τε
2548 1634 2797 1704 θαύματα
2823 1632 2915 1685 καὶ
2962 1631 3217 1702 σωτήριοι
3248 1627 3433 1699 ψυχῶν
3455 1629 3548 1682 καὶ
3577 1627 3761 1697 σωμά-

537 1771 691 1815 actae.
740 1754 872 1809 Nam
905 1751 1130 1822 quilibet
1179 1761 1356 1802 sermo
1395 1741 1651 1814 operibus
1695 1754 1914 1805 cassus,
1961 1753 2096 1790 nuu-

2197 1747 2302 1783 των
2340 1729 2652 1800 θεραπεῖαιο
2684 1727 2766 1780 ὅτι
2794 1726 2934 1788 am;
2971 1723 3158 1792 λόγος,
3207 1721 3380 1793 έργων
3421 1721 3642 1792 ἔρημος,
3670 1718 3761 1772 οὕ-

533 1866 692 1920 quam
757 1846 957 1918 poterit
1009 1843 1217 1896 [inuam
1287 1837 1690 1909 persuasionem
1753 1829 2094 1884 audientibus

535 1944 830 1998 insinuare.
882 1937 1168 2005 Propterea
1209 1933 1440 2002 patratis
1483 1927 1734 1998 operibus
1781 1924 1938 1979 ﬁdem
1987 1921 2097 1975 evi-

533 2035 748 2088 dentem
785 2026 1151 2101 praedicationi
1199 2023 1583 2078 conciliabant.
1637 2018 1694 2073 Si
1743 2030 1873 2082 ergo
1918 2011 2096 2065 verbis

535 2122 908 2178 tantummodo
935 2135 996 2172 ac
1021 2117 1242 2171 vocibus
1271 2125 1472 2168 temere
1507 2109 1718 2165 emissis
1748 2107 1839 2162 Dei
1872 2119 2093 2173 regnum

533 2215 745 2268 cinctis
789 2211 1165 2271 intimasseut,
1207 2215 1262 2259 et
1313 2204 1609 2273 patriorum
1659 2202 1881 2254 deorum
1932 2194 2098 2250 aboli-

531 2307 777 2367 tionem,
831 2301 952 2371 quis
1014 2301 1092 2355 eis
1152 2306 1384 2351 mentem
1456 2291 1816 2347 advertisset?
1881 2288 2096 2343 cuinam

533 2400 703 2454 Deum
735 2407 857 2450 esse
883 2390 1278 2462 persuasissent
1323 2385 1630 2440 nuntiatum
1666 2399 1694 2436 a
1731 2397 1788 2436 se
1815 2380 2027 2442 Jesum,‘
2051 2379 2096 2431 si

533 2491 739 2546 nullam
773 2502 870 2543 suo
903 2483 1209 2540 testimonio
1267 2480 1426 2536 (idem
1475 2476 1775 2533 fecissent?
1813 2474 1936 2528 ldeo
1981 2488 2096 2527 ser-

534 2596 747 2637 monem
781 2591 996 2633 omnem
1029 2573 1224 2630 divinis
1252 2586 1633 2642 praeoccupans
1668 2570 1924 2621 Servatur
1960 2567 2098 2618 acti-

533 2677 656 2740 bus,
699 2672 875 2744 primo
935 2668 1148 2739 quidem
1205 2680 1270 2721 ex
1317 2649 1500 2732 inepto
1545 2662 1668 2716 vita:
1705 2673 1940 2728 genere,
1981 2658 2096 2712 elo-

531 2765 874 2835 quentiaeque
911 2769 964 2816 et
1002 2755 1241 2813 mortalis
1289 2755 1567 2825 sapientiae
1635 2761 1881 2820 expertes
1933 2749 2096 2803 disci-

532 2855 686 2924 pulos
723 2867 852 2909 suos
896 2851 962 2904 ad
993 2850 1154 2904 totius
1204 2846 1388 2900 nmndi
1437 2844 1826 2900 correctionem
1877 2841 2095 2912 delegit.

536 2945 738 3000 Deinde
785 2943 1087 3012 piscatores
1136 2938 1439 2992 animarum
1498 2935 1855 2990 lmmauarum
1915 2949 1973 2989 se
2006 2948 2098 2988 eos

532 3035 850 3090 ell'ecturum
895 3046 1259 3102 praemonens,
1295 3039 1482 3082 auctor
1530 3028 1641 3094 ipse
1693 3026 1767 3078 rei
1809 3027 2095 3095 propositae
2121 3071 2163 3128 ο

532 3125 787 3190 exstitit;
834 3123 974 3177 unde
1000 3136 1093 3176 eos
1140 3119 1461 3173 mirabilium
1508 3118 1868 3186 prodigiorum
1904 3131 2091 3183 opera-

505 3228 681 3276 .tores
716 3214 965 3277 reddidit,
1001 3213 1099 3266 hos
1146 3211 1252 3265 illis
1286 3209 1473 3264 hamos
1506 3210 1788 3262 animabus
1831 3207 2095 3262 salutares

533 3306 921 3378 suppeditans,
975 3315 1034 3357 ut
1076 3303 1141 3357 iis
1183 3311 1467 3371 captarent
1518 3311 1680 3370 atque
1712 3316 1777 3354 ex
1832 3299 2095 3368 profundo

535 3399 788 3469 nequitia:
835 3399 1031 3469 abysso
1081 3396 1307 3450 mortale
1339 3409 1504 3463 genus
1538 3395 1909 3455 extraherent,
1943 3392 2096 3447 malis

535 3493 732 3562 fugatis
773 3491 1089 3562 spiritibus,
1127 3491 1370 3544 morbum
1420 3487 1714 3556 quemlibet
1758 3487 2097 3557 languorem-

533 3600 639 3654 que
691 3593 944 3638 sanantes
1008 3592 1140 3636 nutu
1184 3580 1337 3649 ejus;
1384 3584 1616 3636 nondum
1672 3579 1815 3634 enim
1867 3579 2097 3647 Spiritus

532 3679 688 3729 datus
733 3677 905 3730 fuerat
936 3677 1001 3728 ".
1997 3665 2003 3674 ’

533 3770 578 3802 ⁸⁸
605 3765 754 3821 Nihil
784 3768 1010 3821 tuleritis
1039 3767 1091 3820 in
1119 3768 1227 3830 via,
1269 3780 1428 3834 neque
1452 3762 1685 3827 baculus,
1717 3779 1876 3833 neque
1896 3767 2094 3828 peram.

603 3924 908 3978 Secundum
937 3923 1244 3978 Mattlueum
1280 3923 1498 3992 quidem
1529 3922 1595 3988 “,
1631 3921 1747 3976 auri
1787 3931 1842 3975 et
1889 3919 2096 3989 argenti

533 4017 763 4086 aerisque
816 4032 1067 4086 possessu
1112 4016 1178 4070 iis
1229 4015 1546 4080 interdixit,
1603 4014 1769 4068 futuri
1817 4014 2096 4085 prtrscius.

532 4109 1012 4164 Animadvertebat
1037 4109 1179 4163 enim
1218 4109 1334 4164 fore
1365 4117 1420 4162 ut
1446 4109 1540 4178 qui
1579 4108 1783 4164 morbis
1821 4108 1888 4162 ab
1917 4109 1996 4162 eis
2035 4107 2098 4160 li-

534 4202 876 4268 berarentur,
905 4211 958 4255 et
997 4201 1388 4257 insanabilibus
1415 4203 1568 4257 malis
1598 4202 1860 4257 immunes
1885 4202 2097 4266 ﬁerent,

533 4303 726 4347 cuncta
789 4308 882 4348 sua
930 4295 1251 4363 patrimonia
1300 4296 1365 4349 iis
1413 4297 1603 4350 cedere
1651 4295 1870 4350 vellent.
1921 4295 2098 4362 Quare

2197 1820 2313 1873 ποτ’
2332 1819 2396 1874 ἂν
2425 1819 2614 1889 ἰσχύσῃ
2635 1821 2838 1887 πεῖσμα
2856 1815 3066 1886 βέϐαιον
3099 1815 3391 1885 ἐμποιῆσαι
3416 1817 3526 1876 τοῖς
3555 1815 3763 1882 ἀκροω-

2199 1913 2395 1984 μένοις.
2432 1913 2523 1965 Διὸ
2552 1915 2671 1974 ταῖς
2725 1909 2791 1963 δι’
2827 1909 3002 1980 ἔργων
3045 1906 3484 1976 ὲπιτελουμέναις
3517 1905 3763 1976 πράξεσι

2197 2007 2376 2059 πίστιν
2404 2006 2607 2076 ἐναργῆ
2642 2005 2900 2074 παρεῖχον
2927 2000 3005 2071 τῷ
3047 1998 3384 2070 κηρύγματι.
3416 1999 3478 2050 Εἰ
3515 1997 3644 2066 γοῦν
3670 1997 3763 2067 ψι-

2195 2096 2304 2160 λοῖς
2331 2097 2615 2168 ῥηματίοις
2639 2096 2732 2149 καὶ
2767 2097 2971 2164 φωναῖς
2994 2091 3116 2162 είκῆ
3150 2091 3585 2162 προφερομέναις
3629 2089 3764 2144 θεοῦ

2197 2187 2471 2257 βασιλείαν
2510 2188 2590 2250 είς
2635 2187 2841 2248 πάντας
2875 2185 3066 2248 ἐϐόων,
3096 2183 3391 2237 κατάλυσίν
3421 2200 3479 2236 τε
3513 2183 3620 2236 τῶν
3661 2201 3767 2236 πα-

2193 2279 2360 2351 τριῶν
2393 2279 2550 2342 θεῶν,
2583 2279 2668 2342 τίς
2697 2278 2765 2332 ἂν
2788 2278 2968 2340 αὐτοῖς
3010 2275 3249 2346 παρέσχε
3281 2275 3371 2328 τὸν
3396 2274 3550 2340 νοῦν;
3577 2273 3764 2328 τίναλδ⁹

2195 2371 2258 2425 ἃν
2291 2371 2513 2426 ἔπεισαν
2555 2370 2686 2424 Θεὸν
2719 2367 2856 2424 εἶναι
2895 2369 2988 2424 τὸν
3041 2370 3245 2438 Ἰησοῦν
3290 2367 3763 2436 καταγγέλλοντες,

2198 2465 2462 2536 μηδεμίαν
2511 2464 2568 2517 δὲ
2619 2463 2801 2516 πίστιν
2827 2465 2893 2533 τῇ
2931 2461 3204 2533 μαρτυρία
3237 2461 3630 2532 προσάγοντες;
3674 2461 3766 2513 Arb

2195 2561 2369 2614 πάντα
2397 2558 2556 2626 λόγον
2587 2555 2797 2618 θεῖκαῖς
2851 2552 3248 2625 προλαμϐάνων
3293 2550 3554 2622 πράξεσιν
3582 2553 3610 2605 ό
3654 2553 3766 2604 Σω-

2194 2651 2316 2720 τὴρ,
2348 2647 2541 2719 πρῶτα
2585 2647 2682 2718 μὲν
2729 2643 3176 2715 ἀνεπιτηδεύτους
3209 2644 3300 2697 τὸν
3347 2644 3566 2714 τρόπον,
3595 2643 3766 2712 λόγων

2193 2759 2252 2795 τε
2284 2741 2377 2796 καὶ
2397 2741 2584 2810 σοφίας
2613 2738 2813 2809 θνητῆς
2856 2737 3114 2808 ἀπείρους
3143 2737 3268 2798 τοὺς
3299 2735 3464 2788 αὑτοῦ
3519 2735 3767 2808 μαθητὰς

2195 2835 2288 2888 ἐπὶ
2314 2833 2645 2906 κατορθώσει
2670 2831 2771 2902 τῆς
2811 2830 2938 2900 ὅλης
2974 2828 3295 2899 οἰκουμένης
3328 2827 3762 2900 προεχειρίζετοο

2195 2929 2426 2982 κᾶπειτα
2448 2925 2696 2988 άλιευτάς
2723 2923 2909 2994 ψυχῶν
2946 2922 3302 2992 ἀνθρωπίνων
3330 2921 3576 2991 ποιήσειν
3628 2937 3764 2990 προ-

2196 3020 2370 3087 φήσας
2402 3017 2615 3079 αὐτοὺς,
2648 3015 2874 3086 ποιητής
2913 3014 3070 3075 αὐτὸς
3117 3014 3323 3081 ἐγίνετο
3367 3013 3466 3083 τῆς
3529 3014 3764 3081 ἐπαγγε-

2194 3107 2312 3170 λίας
2340 3124 2352 3138 ·
2411 3107 2531 3160 ὅθεν
2574 3105 2888 3177 παραδόξων
2939 3105 3230 3175 θαυμάτων
3284 3105 3520 3174 ἐργάτας
3571 3105 3766 3166 αὐτοὺς

2194 3198 2573 3267 ἀπειργάζετο,
2611 3198 2878 3268 ἄγκιστρα
2897 3196 3069 3250 ταῦτα
3102 3197 3287 3268 ψυχῶν
3316 3200 3556 3269 σωτήρια
3591 3215 3769 3269 παρα-

2194 3290 2364 3353 διδοὺς
2389 3290 2585 3352 αὐτοῖς,
2615 3288 2691 3352 ὼς
2711 3289 2774 3342 ἂν
2807 3289 2873 3342 δι’
2909 3288 3086 3342 αὐτῶν
3114 3290 3462 3359 σαγηνεύοιεν
3493 3291 3585 3344 καὶ
3615 3290 3768 3345 ἀνέλ-

2196 3399 2340 3435 κοιεν
2385 3382 2449 3433 ἐκ
2489 3381 2582 3434 τοῦ
2633 3381 2729 3451 τῆς
2793 3380 2984 3444 κακίας
3021 3381 3178 3450 βυθοῦ
3229 3382 3290 3435 τὸ
3347 3382 3538 3454 θνητὸν
3586 3383 3764 3452 γένος,

2197 3474 2477 3545 πνεύματα
2508 3473 2716 3544 πονηρὰ
2739 3473 3142 3542 φυγαδεύοντες,
3174 3474 3267 3527 καὶ
3294 3477 3472 3529 πᾶσαν
3493 3475 3646 3528 νόσον
3670 3475 3768 3529 καὶ

2199 3567 2468 3638 μαλακίαν
2506 3565 2720 3636 ἰώμενοι
2742 3567 2834 3618 ἐπὶ
2855 3566 2953 3636 τῆς
2983 3567 3247 3638 ἐπιταγῆς
3272 3568 3370 3638 τῆς
3395 3567 3560 3620 αὑτοῦ
3575 3585 3588 3596 '
3615 3565 3766 3620 οὔπω

2196 3661 2304 3731 γὰρ
2329 3656 2397 3730 ἦν
2435 3658 2658 3730 Πνεῦμα
2684 3659 2984 3730 δεδομένον.

2197 3751 2399 3820 Μηδὲν
2424 3751 2616 3819 αἴρετε
2647 3754 2734 3818 εὶς
2762 3750 2875 3821 τὴν
2907 3752 3090 3887 ⁷εἶδόν,
3118 3751 3272 3822 μήτε
3311 3751 3592 3820 ῥάϐδους,
3616 3751 3769 3822 μήτε

2859 3839 2899 3874 π
2941 3839 3079 3887 ραν.

2859 3839 3079 3890 πηραν.

2263 3914 2420 3968 Κατὰ
2455 3916 2550 3987 μὲν
2579 3909 2672 3968 οὖν
2715 3915 2806 3968 τὸν
2856 3916 3134 3970 Ματθαῖον
3162 3915 3364 3988 χρυσοῦ
3392 3915 3486 3969 καὶ
3526 3914 3765 3986 ἀργύρου

2199 4009 2292 4063 καὶ
2322 4008 2522 4080 χαλκοῦ
2555 4008 2652 4080 τὴν
2673 4008 2866 4079 κτῆσιν
2901 4009 3079 4072 αὐτοῖς
3105 4009 3433 4080 ἀπηγόρευε,
3470 4005 3768 4078 προγνώσει

2197 4103 2290 4156 τοῦ
2321 4102 2603 4174 μέλλοντος
2624 4118 2650 4149 ο
2685 4099 2928 4172 συνεώρα
2972 4100 3110 4174 γάρ,
3138 4101 3213 4165 ὼς
3240 4102 3348 4172 ἄρα
3375 4101 3423 4153 oi
3457 4098 3555 4162 τὰς
3582 4099 3768 4162 νόσους

2199 4197 2289 4250 ὑπ’
2321 4195 2499 4249 αὐτῶν
2528 4193 3061 4266 θεραπευθησόμενοι
3088 4195 3180 4247 καὶ
3211 4194 3320 4246 τῶν
3345 4193 3575 4247 ἀνιάτων
3598 4191 3771 4246 ἀπαλ-

2198 4288 2557 4360 λαγησόμενοι
2600 4285 2805 4351 παθῶν,
2834 4285 3148 4355 ἐθελήσουσι
3191 4285 3284 4338 καῖ¹
3341 4285 3556 4338 πάντων
3590 4283 3772 4344 αὐτοῖς

534 4386 584 4440 id
630 4400 1009 4454 prmoccupans
1054 4389 1402 4456 praecipiebat
1449 4403 1514 4442 ne
1548 4389 1776 4458 gratiam
1827 4403 2097 4454 caupona-

2200 4383 2307 4436 τῶν
2340 4381 2690 4452 ὑπαρχόντων
2719 4379 2980 4448 ἐκχωρεῖν
3000 4393 3013 4407 ο
3043 4376 3123 4429 διὸ
3170 4376 3341 4430 ταῦτα
3370 4372 3655 4447 προλαϐὼν
3693 4372 3773 4426 δι·-

534 4487 743 4542 rentur,
785 4494 959 4548 neque
1004 4481 1142 4534 dona
1186 4481 1276 4535 Dei
1311 4481 1519 4535 venalia
1573 4482 1855 4536 haberent.
1895 4479 2092 4534 Verum

533 4572 826 4625 secundum
854 4571 1089 4642 reliquos
1103 4573 1463 4641 evangelistas
1481 4575 1764 4644 ipsumque
1788 4571 2095 4628 Mattbtcum

532 4680 637 4718 non
673 4665 854 4718 sineus
879 4679 972 4720 eos
990 4667 1217 4736 virgam,
1251 4682 1425 4736 neque
1457 4683 1659 4738 peram,
1694 4682 1867 4736 neque
1887 4667 2098 4721 calcea-

533 4764 736 4818 tuenta,
771 4770 944 4824 neque
975 4757 1109 4810 duas
1149 4757 1359 4811 tunicas
1383 4796 1398 4823 ,
1429 4759 1522 4812 sed
1554 4773 1728 4826 neque
1773 4771 1964 4824 panem
2005 4771 2098 4824 pe-

531 4847 855 4916 cuniamque
888 4857 1132 4918 portare,
1161 4865 1282 4904 cum
1317 4863 1539 4921 peregre
1569 4859 1749 4905 essent
1782 4848 2094 4917 profecturi,

531 4937 660 4992 hinc
695 4939 942 5008 capiebat
977 4941 1406 5002 experimentum
1456 4939 1666 4994 illorum
1719 4939 1837 4994 ﬁdei
1886 4949 1940 4994 et
1983 4937 2097 4992 ala-

534 5031 767 5095 critatis,
798 5032 842 5085 si
876 5031 1092 5100 quidem
1122 5029 1260 5100 jussi
1307 5031 1703 5100 pauperrimam
1737 5031 1902 5084 vitam
1938 5031 2098 5098 dege-

536 5137 615 5188 re,
649 5141 824 5195 neque
865 5126 1033 5193 ipsius
1062 5125 1362 5194 quotidiani
1391 5123 1628 5177 alimenti
1668 5138 1852 5177 curam
1883 5137 2092 5192 gerere,

536 5233 714 5287 neque
752 5221 1048 5275 secundam
1102 5220 1335 5291 tunicam
1390 5219 1629 5283 habere,
1681 5232 1853 5287 neque
1902 5216 2096 5272 calceis

535 5311 636 5374 uti,
672 5326 790 5364 cum
820 5322 996 5368 tamen
1028 5313 1335 5369 universum
1372 5313 1558 5366 orbem
1599 5324 1890 5381 peragrare
1937 5307 2094 5362 debe-

538 5409 679 5466 rent,
733 5403 1081 5460 nihilominus
1123 5405 1271 5475 jussa
1306 5405 1448 5460 haud
1477 5404 1860 5459 detrectarent.
1898 5398 2002 5455 Sed
2041 5408 2098 5452 et

540 5496 681 5559 amni
726 5496 966 5564 pecunia:
1021 5512 1226 5563 amore,
1282 5496 1677 5564 umudauisque
1727 5493 1874 5548 curis
1909 5505 2097 5547 carere

612 5700 659 5735 ι’
687 5714 806 5772 cap.
835 5716 908 5766 rx,
941 5701 988 5756 Ι.
1066 5700 1106 5731 ⁸⁷
1138 5699 1291 5758 Joau.
1323 5717 1418 5770 vn,
1447 5700 1534 5757 59.
1613 5701 1654 5732 “
1689 5715 1804 5770 cap.
1840 5715 1915 5764 ιχ,
1950 5700 2001 5754 5.

2200 4474 2494 4538 εστέλλετο,
2523 4471 2597 4544 μὴ
2621 4470 2948 4542 καπηλεύειν
2969 4469 3067 4541 τὴν
3096 4469 3254 4540 χάριν
3288 4469 3418 4540 μηδέ
3443 4466 3772 4539 πιπράσκειν

2199 4567 2267 4621 τά
2289 4569 2351 4620 ἐκ
2393 4564 2524 4619 Θεοῦ
2581 4562 2864 4636 παραινῶν
2912 4561 3090 4633 δῶρα·
3138 4560 3278 4614 κατὰ
3306 4561 3364 4613 δέ
3395 4560 3517 4622 τοὺς
3555 4557 3772 4620 λοιποὺς

2201 4659 2406 4714 καὶτὸν
2441 4658 2602 4712 αὑτὸν
2631 4656 2908 4711 Ματθαῖον
2935 4655 3009 4726 μὴ
3050 4653 3357 4725 ἐπιτρέπων
3403 4653 3582 4712 αὐτοῖς
3637 4650 3772 4720 μήτε

2203 4753 2415 4826 ῥάϐδον,
2441 4753 2575 4824 μήτε
2609 4751 2808 4820 πήραν,
2847 4750 2984 4820 μήτε
3019 4746 3360 4817 ὑποδήματα,
3391 4745 3525 4815 μήτε
3554 4742 3645 4795 δύο
3687 4758 3770 4811 χι-

2199 4845 2394 4908 τῶνας,
2428 4843 2564 4896 ἀλλὰ
2602 4843 2726 4914 μήτ’
2755 4842 2939 4912 ἄρτον,
2981 4841 3119 4912 μήτε
3146 4839 3405 4913 ἀργύριον
3449 4833 3770 4902 ἐπάγεσθαι,

2203 4939 2499 5010 μέλλοντας
2535 4937 2621 4989 ἐπ’
2655 4934 2960 5004 ἀλλοδαπῆς
3022 4933 3353 4994 στέλλεσθαι,
3397 4927 3623 4998 δοκιμὴν
3674 4923 3773 4994 τῆς

2196 5031 2371 5085 αὐτῶν
2402 5029 2638 5095 πίστεώς
2661 5047 2721 5082 τε
2745 5029 2838 5082 καὶ
2863 5027 3169 5102 προθυμίας
3200 5024 3520 5094 ἐλάμϐανεν,
3541 5022 3608 5083 εἰ,
3629 5033 3773 5088 παρ-

2195 5125 2548 5194 αγγελθέντες
2598 5123 2689 5176 τὸν
2737 5123 2918 5194 ἄκρως
2951 5122 3233 5192 ἀκτήμονά
3262 5118 3374 5188 βίον
3401 5112 3663 5188 μετιέναι,
3698 5108 3772 5172 ώς

2202 5217 2337 5286 μηδὲ
2367 5215 2468 5286 τῆς
2499 5216 2774 5286 ἐφημέρου
2808 5214 3016 5286 τροφῆς
3049 5213 3304 5284 πρόνοιαν
3343 5205 3632 5268 ποιεῖσθαι,
3672 5218 3770 5272 μη-

2203 5307 2258 5361 δέ
2281 5309 2532 5380 δεύτερον
2559 5307 2858 5377 ἐπάγεσθαι
2885 5306 3106 5378 χιτῶνα,
3136 5301 3268 5375 μηδέ
3296 5298 3603 5370 ὑποδήμασι
3640 5291 3770 5363 χρῆ·

2205 5400 2351 5467 σθαι,
2390 5401 2675 5474 μέλλοντες
2700 5401 2800 5473 τὴν
2828 5400 3117 5471 σύμπασαν
3154 5393 3556 5466 ἐκπερινοστεῖν
3596 5388 3772 5442 οἰκου-

2206 5493 2394 5566 μένην,
2424 5496 2498 5567 μὴ
2527 5494 2774 5567 φεύγοιεν
2808 5494 2873 5547 τὰ
2897 5491 3324 5566 παραγγέλματα
3344 5505 3356 5518 ⁸
3382 5484 3515 5555 ἀλλὰ
3545 5483 3636 5537 καὶ
3655 5481 3774 5550 ἀφ’

2083 5700 2124 5734 "
2153 5697 2335 5754 Matth.
2386 5714 2438 5764 Χ,
2469 5697 2522 5765 9,
