4108 6204
368 265 466 322 5ῐὸ

1525 259 2020 318 (ΣΟΜΜΕΝΤΔΒΙΑ
2061 265 2125 318 IN
2165 263 2413 320 LUCAM.

3468 269 3570 325 546

360 379 738 452 λοχρημάτους
761 372 1075 446 ἀφρόντιδάς
1095 390 1154 426 τε
1181 373 1272 426 τοῦ
1295 373 1407 444 βίου
1444 374 1552 428 δεῖν
1576 377 1768 440 αὐτοὺς
1793 374 1928 432 εἶναι

2033 393 2123 433 eos
2161 377 2345 432 voluit.
2381 377 2551 433 Porro
2596 385 2771 431 autem
2809 376 3250 442 contestabatur,
3307 378 3419 435 lucc
3471 384 3574 439 illis

361 470 706 541 βουλόμενος.
738 465 917 519 Ταῦτα
945 463 1362 537 διεμαρτύρατο,
1393 466 1466 530 ώς
1483 466 1548 520 ἂν
1575 466 1682 522 τῶν
1706 471 1770 522 ἐκ
1791 470 1924 524 Θεοῦ

359 563 612 632 δομάτων
639 558 800 630 ταύτῃ
827 575 898 628 πη
931 558 1114 620 αὐτοῖς
1136 557 1526 628 δοθησομένων,
1563 561 1609 612 εἰ
1643 563 1734 614 καὶ
1775 562 1927 616 αὐτοὶ

364 654 499 723 παρ’
534 651 733 704 ἑαυτῶν
763 650 850 702 τὸν
882 647 1212 720 κατάλληλον
1267 649 1378 719 βίον
1434 651 1652 718 ἐπάξιον
1689 654 1787 725 τῆς
1821 656 1927 708 τῶν

366 743 530 797 θείων
558 741 899 812 χαρισμάτων
936 742 1183 811 κτήσεως
1229 745 1695 812 παρασκευάζοιεν
1721 765 1734 779 ο
1757 767 1925 820 προσ-

369 837 523 908 ήκειν
580 835 684 905 γάρ
714 833 947 904 ἀμοιϐήν
971 849 1092 887 τινα
1119 834 1442 905 ποιήσασθαι
1469 838 1562 890 καὶ
1608 838 1928 894 ἀντικαταλ-

367 925 643 992 λάξασθαι,
668 925 1086 994 ὑποδεχομένους
1123 926 1218 996 μὲν
1253 925 1402 996 παρὰ
1423 927 1516 980 τοῦ
1541 927 1674 982 Θεοῦ
1702 931 1801 994 τὰς
1827 949 1930 985 σω-

368 1019 582 1089 τηρίους
604 1017 696 1070 καὶ
718 1015 1072 1087 εὐεργετικάς
1094 1015 1394 1087 ἀνθρώπων
1420 1017 1694 1089 δυνάμεις,
1734 1023 1928 1076 ἀντιδι-

366 1109 540 1172 δόντες
571 1109 628 1161 δὲ
660 1107 808 1178 αὐτῷ
833 1108 1078 1179 ὑπακοὴν
1106 1107 1212 1161 τῶν
1234 1108 1399 1162 αὐτοῦ
1430 1112 1925 1183 παραγγελμάτων.

370 1201 673 1273 προθυμίαν
701 1217 762 1253 τε
786 1199 880 1252 καὶ
911 1199 1225 1271 προαίρεσιν
1270 1198 1554 1270 ἐλευθέραν
1577 1201 1678 1272 τῆς
1706 1203 1842 1273 πρὸς
1862 1204 1929 1258 τὰ

368 1290 592 1360 βιωτικά
646 1288 1006 1360 συμπαθείας.
1055 1288 1211 1342 Ἀλλά
1257 1292 1352 1343 καὶ
1413 1290 1639 1345 πλοῦτον
1685 1293 1930 1365 οὐράνιον

364 1384 481 1444 ταῖς
507 1381 685 1435 αὐτῶν
723 1380 920 1451 ψυχαῖς
958 1379 1398 1451 ὑποδεχομένους,
1435 1382 1533 1452 τῆς
1573 1400 1632 1436 τε
1669 1385 1762 1438 τοῦ
1797 1386 1928 1440 Θεοῦ

368 1474 645 1544 βασιλείας
671 1473 980 1546 ἀρραϐὦσιν
1029 1472 1506 1545 ἐφοδιαζομένους,
1530 1475 1637 1528 τῶν
1689 1477 1782 1530 ἐπὶ
1827 1478 1932 1548 γῆς

363 1570 724 1637 καταφρονεῖν
741 1568 932 1636 χρῆναι
962 1565 1070 1618 δεῖν
1091 1564 1226 1635 ᾤετο
1240 1584 1255 1597 ·
1285 1568 1378 1620 καὶ
1399 1567 1533 1637 μήτε
1553 1569 1773 1638 χρυσὸν,
1797 1572 1931 1642 μήτε

365 1658 646 1728 χρήματα,
681 1658 814 1728 μήτε
842 1673 894 1708 τι
922 1656 1029 1709 τῶν
1069 1659 1201 1728 παρ’
1233 1657 1538 1730 ἀνθρώποις
1587 1660 1779 1730 τιμίων
1832 1663 1931 1716 ἐπ-

2028 486 2056 524 a
2101 470 2206 525 Deo
2253 471 2432 524 datum
2468 470 2530 522 iri
2561 469 2718 532 dona,
2749 468 2794 522 si
2827 468 3063 523 vicissim
3102 471 3198 538 ipsi
3231 469 3444 541 dignam
3495 476 3576 529 di-

2027 561 2165 614 vinis
2188 561 2602 614 charismatibns
2631 560 2791 612 vitam
2823 570 3000 613 essent
3033 559 3285 628 ingressi.
3314 561 3578 632 Oportere

2025 649 2166 702 enim
2203 658 2438 702 mutuam
2469 649 2752 716 quamdam
2782 663 2901 702 esse
2930 650 3356 714 retributionem,
3388 669 3580 722 nempe

2027 755 2056 792 a
2097 738 2204 792 Deo
2237 739 2480 806 accipere
2509 739 2797 793 salutarem
2833 751 2994 809 atque
3018 741 3313 812 beneﬁcam
3346 745 3578 799 homini-

2025 827 2126 881 bus
2179 837 2541 896 potestatem,
2599 829 2946 898 vicissimque
3019 832 3159 901 ipsos
3214 834 3575 891 obedientiam

2030 917 2296 970 mamlatis
2325 916 2442 984 ejus
2469 917 2750 981 exhibere,
2785 921 3256 988 promptitudinem
3291 936 3345 977 et
3378 939 3578 994 propo-

2027 1006 2188 1061 situm
2222 1009 2367 1061 omni
2417 1008 2600 1061 mundi
2647 1008 2837 1062 affectu
2882 1010 3127 1065 liberum.
3159 1011 3263 1066 Sed
3308 1024 3364 1069 et
3415 1018 3578 1072 cccle-

2025 1099 2199 1154 stibus
2248 1101 2440 1167 opibus
2498 1101 2676 1154 animo
2726 1101 2989 1168 imbutos,
3042 1113 3098 1159 et
3157 1108 3305 1174 regni
3359 1109 3449 1162 Dei
3489 1126 3578 1164 ar-

2028 1193 2142 1247 rhis
2186 1192 2503 1258 instructos,
2537 1201 2787 1262 oportere
2811 1203 3026 1250 terrena
3065 1196 3344 1267 despicere
3371 1201 3579 1268 judica-

2029 1287 2160 1340 bat:
2212 1303 2384 1357 neque
2436 1303 2648 1352 aurum,
2705 1304 2880 1358 neque
2938 1290 3157 1346 divitias
3215 1307 3386 1360 neque
3434 1294 3579 1348 aliud

2028 1378 2244 1446 quidvis
2273 1378 2411 1448 apud
2445 1379 2691 1434 homines
2737 1380 3033 1448 pretiosum
3079 1383 3229 1452 pensi
3272 1385 3575 1440 habendum

2029 1481 2139 1536 prte
2163 1468 2362 1522 collato
2396 1468 2524 1537 ipsis
2545 1471 2806 1524 caelorum
2842 1471 3116 1528 thesauro.
3152 1474 3256 1528 Sed
3287 1487 3342 1530 et
3383 1478 3581 1533 milites

2031 1559 2247 1612 eosdem
2283 1560 2432 1628 regni
2477 1560 2568 1614 Dei
2597 1562 2974 1628 conscribens,
3017 1565 3294 1631 expeditos
3334 1581 3454 1621 esse
3485 1583 3581 1622 cu-

2036 1652 2188 1706 rabat
2241 1653 2306 1705 ad
2361 1653 2800 1708 committendum
2847 1670 2969 1709 cum
3019 1658 3265 1713 hostibus
3309 1661 3577 1728 praelium.

365 1749 516 1815 ἀξιον
547 1749 798 1820 ἡγεῖσθαι
843 1747 936 1801 τοῦ
967 1748 1400 1819 παραηεθέντος
1449 1751 1632 1814 αὐτοῖς
1682 1752 1927 1824 οὐρανίου

2033 1739 2322 1808 Propterea
2347 1741 2463 1796 sine
2485 1743 2808 1809 patrimonio
2824 1757 2944 1798 esse
2960 1744 3169 1801 volebat
3195 1748 3390 1804 milites
3415 1766 3574 1806 suos:

363 1841 615 1894 πλούτου.
663 1840 819 1894 Ἀλλά
847 1841 940 1894 καὶ
963 1839 1296 1912 στρατιώτας
1328 1843 1523 1906 αὐτοὺς
1547 1843 1645 1914 τῆς
1669 1844 1761 1897 τοῦ
1789 1846 1922 1900 Θεοῦ

364 1933 639 2004 βασιλείας
666 1933 958 1993 ἀποτελῶν,
988 1931 1252 1996 εὐζώνους
1281 1933 1687 2004 παρεσκεύαζεν
1713 1937 1804 1990 ἐπὶ
1835 1938 1925 1991 τὸν

2028 1831 2221 1885 etenim
2259 1832 2423 1885 Nemo
2460 1831 2694 1885 militans
2733 1833 2963 1902 implicat
3002 1851 3055 1888 se
3109 1839 3289 1892 mundi
3323 1841 3576 1910 negotiis,

2031 1931 2086 1974 ut
2117 1922 2185 1986 ei,
2217 1939 2249 1976 a
2277 1938 2377 1992 quo
2410 1925 2730 1992 conscriptus
2758 1925 2884 1994 fuit,
2918 1927 3118 1995 placeat
3147 1929 3215 1987 7°.

369 2028 508 2098 πρὸς
555 2029 680 2091 τοὺς
729 2027 1130 2096 ἀντικειμένους
1161 2027 1413 2098 πόλεμον.
1465 2028 1563 2082 Διά
1622 2029 1791 2084 ταῦτα
1859 2033 2164 2105 ἀκτήμονας
2208 2032 2341 2091 εἶναι
2396 2037 2625 2110 παρῄνει
2665 2041 2789 2102 τοὺς
2839 2042 2998 2094 αὐτοῦ
3039 2044 3405 2114 στρατιώταςο
3461 2047 3580 2102 ἐπεὶ

367 2119 594 2187 Μηδεὶς
617 2119 1087 2187 στρατευόμενος
1117 2117 1472 2204 ἐμπλέκεται
1492 2120 1623 2187 ταῖς
1650 2122 1753 2176 τοῦ
1765 2124 1910 2187 ,ϐίου
1934 2129 2373 2196 πραγματείαις,
2402 2129 2500 2182 ἵνα
2520 2129 2598 2195 τῷ
2627 2132 3173 2201 στρατολογήσαντι
3191 2135 3402 2205 ἀρέσῃ.

442 2211 550 2266 Καὶ
573 2214 660 2277 εἰς
686 2209 766 2277 ἢν·
793 2209 868 2264 ἂν
885 2211 1081 2265 οὶκίαν
1113 2198 1420 2279 εἰσέλθητε
1437 2252 1451 2273 ,
1478 2212 1604 2267 ἐκεῖ
1631 2213 1860 2283 μένετε.

452 2303 511 2358 '0
545 2303 727 2374 μέντοι
755 2301 974 2372 Κύριος,
1006 2302 1188 2374 ἐπειδὴ
1232 2303 1527 2375 χρημάτων
1589 2307 1682 2359 καὶ
1731 2309 1928 2378 χρυσοῦ

365 2394 460 2448 καὶ
491 2394 729 2465 ἀργύρου
764 2394 857 2446 καὶ
886 2393 1106 2464 χιτῶνος
1136 2394 1408 2467 δευτέρου,
1441 2397 1622 2470 πάσης
1649 2416 1708 2452 τε
1754 2402 1930 2474 ὑπάρο

365 2487 502 2554 ξεως
537 2487 635 2557 τὴν
669 2486 857 2556 κτῆσιν
891 2488 1001 2550 τοῖς
1043 2486 1306 2558 μαθηταῖς
1357 2488 1748 2562 ἀπηγόρευσεν,
1804 2493 1933 2564 ἐξῆς

366 2579 672 2643 ἀκολούθως
699 2578 839 2633 κατά
864 2578 956 2632 τὸν
983 2579 1274 2645 Ματθαῖον,
1306 2581 1453 2644 ὅπως
1469 2582 1538 2634 τὰ
1562 2583 1696 2654 πρὸς
1727 2585 1931 2656 τροφὴν

368 2675 550 2736 αὐτοῖς
584 2671 986 2744 πορισθήσεται,
1011 2671 1320 2740 ἀναγκαίως
1347 2672 1588 2743 διεσάφει
1609 2689 1624 2704 ο
1646 2673 1725 2727 διὸ
1759 2675 1930 2746 ἐπῆγε

365 2764 539 2830 λέγων
560 2780 573 2794 ·
610 2762 801 2828 Ἄξιος
842 2766 875 2817 ὁ
914 2763 1163 2832 ἐργάτης
1190 2761 1298 2830 τῆς
1326 2763 1550 2833 τροφῆς
1588 2765 1793 2820 αὑτοῦ.
1820 2767 1932 2821 Ιίαὶ¹

367 2855 510 2909 τοῦτ’
538 2856 687 2924 ἔλεγε
722 2856 925 2927 τροφῆς
982 2856 1147 2928 μόνης
1174 2856 1482 2928 ἐπιτρέπων
1525 2860 1796 2912 κοινωνεῖν
1821 2861 1932 2922 τοῖς

370 2947 639 3002 ἐθέλουσιν
680 2949 858 3010 αὐτοῖς
910 2947 1272 3018 μεταδιδόναιο
1328 2948 1578 3004 τοσοῦτον
1638 2950 1683 3004 δ’
1727 2950 1933 3020 ἀποφέ-

371 3040 556 3113 ρεσθαι
618 3039 925 3111 συνεχώρει.
955 3039 1076 3092 ὅσον
1125 3038 1392 3110 αὐταρκες
1442 3035 1510 3111 ῆν
1564 3040 1737 3112 ἀνδρὶ,
1793 3041 1933 3112 πρὸς

373 3134 644 3204 ἐφήμερον
665 3131 923 3202 ἐργασίαν
945 3130 1132 3184 ἐαυτὸν
1169 3131 1564 3202 μεμισθωκότι,
1595 3133 1799 3205 τροφῆς
1841 3130 1934 3204 μεὲ

372 3224 643 3278 ταλαϐεῖν.
681 3222 834 3276 υῦτω
867 3221 997 3291 γοῦν
1028 3224 1123 3276 καὶ
1159 3227 1269 3286 τοῖς
1295 3224 1350 3277 δε
1381 3223 1579 3290 ἐξεῖναι
1607 3225 1668 3278 οὐ
1710 3225 1934 3296 μισθοὺς

373 3315 482 3367 τῶν
507 3314 830 3387 εὐεργεσιῶν
859 3313 1297 3386 εἰσπράττεσθαι,
1327 3316 1558 3384 Δωρεὰν
1580 3317 1710 3386 γὰρ,
1748 3320 1931 3390 φησὶν,

373 3408 636 3470 ἐλάϐετε,
669 3407 894 3475 δωρεὰν
921 3406 1083 3460 dots"
1116 3407 1235 3460 ἀντὶ
1265 3408 1322 3461 δὲ
1347 3408 1448 3478 τῆς
1501 3410 1629 3480 περὶ
1669 3409 1729 3462 τὸ
1765 3410 1936 3481 κήρυ-

2029 2221 2074 2252 "
2097 2221 2161 2274 Et
2190 2222 2244 2275 in
2270 2239 2627 2292 quamcunque
2651 2224 2865 2277 domum
2894 2224 3226 2291 intraveritis,
3258 2227 3330 2279 ibi
3357 2238 3581 2282 manete.

2102 2316 2356 2371 Dominus
2385 2316 2598 2384 quidem
2621 2328 2903 2387 postquam
2932 2319 3237 2374 divitiarum
3270 2330 3320 2374 et
3348 2322 3462 2375 auri
3495 2332 3582 2375 at-

2031 2419 2137 2476 que
2167 2416 2400 2476 argentt,
2429 2406 2769 2476 duplicisque
2803 2408 3016 2474 tunicae,
3059 2419 3113 2464 et
3146 2409 3432 2478 cujuslibet
3456 2413 3584 2466 sub-

2030 2499 2240 2553 stantia:
2273 2499 2668 2568 possessionem
2717 2499 2992 2570 discipulis
3034 2511 3315 2566 vetuerat;
3367 2504 3583 2568 deinde,

2031 2599 2091 2644 ut
2119 2591 2366 2658 sequitur
2406 2589 2546 2659 apud
2576 2588 2882 2643 Matthmum
2907 2591 2976 2654 τ’,
3019 2595 3284 2659 quomodo
3328 2593 3579 2648 alimenta

2032 2680 2270 2735 habituri
2311 2679 2440 2742 sint,
2470 2678 2778 2734 necessario
2803 2678 3209 2733 demonstravit.
3251 2681 3370 2734 Ideo
3402 2682 3580 2735 dicere

2031 2771 2308 2842 perrexit:
2365 2753 2562 2841 Dignus
2583 2778 2658 2823 est
2685 2771 2953 2840 operarius
2991 2770 3236 2825 alimento
3278 2787 3389 2824 suo.
3419 2770 3583 2840 quue

2031 2865 2231 2926 aiebat,
2267 2863 2454 2919 volens
2488 2864 2799 2920 alimoniam
2844 2865 3216 2918 tantummodo
3260 2864 3585 2933 participare

2033 2954 2099 3009 ab
2129 2953 2195 3009 iis
2221 2955 2311 3024 qui
2342 2954 2518 3009 daturi
2548 2963 2741 3008 erant:
2782 2963 3094 3022 tantumque
3119 2967 3328 3006 sumere
3363 2954 3586 3022 permit-

2036 3044 2217 3106 tebat,
2255 3052 2516 3112 quantum
2547 3043 2865 3098 nutrimenti
2906 3042 3109 3096 homini
3138 3043 3207 3098 ob
3238 3043 3414 3097 diurni
3450 3059 3585 3113 ope-

2034 3135 2112 3189 ris
2145 3135 2447 3190 mercedem
2484 3137 2618 3191 satis
2643 3145 2726 3191 cst
2752 3136 3020 3206 accipere.
3054 3135 3144 3190 Sic
3169 3151 3296 3206 ergo
3341 3138 3424 3192 his
3449 3155 3587 3208 quo-

2033 3239 2138 3294 que
2194 3223 2360 3280 licere
2409 3225 2550 3280 haud
2609 3240 2742 3281 sane
2793 3227 3037 3281 beneﬁcii
3097 3230 3584 3284 remunerationem

2035 3317 2272 3387 exigere,
2299 3317 2476 3372 Gratis
2501 3317 2638 3371 enim
2663 3317 2950 3384 accepistis,
2992 3317 3187 3386 inquit,
3230 3321 3392 3389 gratis
3425 3322 3586 3386 date;

2038 3409 2131 3464 sed
2171 3423 2268 3478 pro
2308 3407 2550 3476 impensa
2582 3406 2980 3475 prmdicationis
3011 3422 3193 3476 opera,
3231 3425 3435 3479 proque
3463 3427 3584 3467 cor-

371 3517 488 3572 γμα
518 3499 710 3572 σχολῆς
735 3515 793 3552 τε
811 3498 904 3552 καὶ
925 3500 1202 3571 ἐργασίας,
1229 3500 1347 3553 ἀντί
1377 3517 1436 3553 τε
1473 3501 1580 3555 τῶν
1611 3501 1786 3556 πόνων
1840 3501 1931 3555 τοῦ

2037 3499 2311 3570 poralibus
2339 3499 2636 3563 laboribus,
2666 3511 2799 3566 quos
2820 3499 2887 3552 ab
2909 3499 2974 3552 iis
3003 3498 3264 3552 exantlari
3291 3501 3341 3553 in
3380 3510 3582 3556 tantam

377 3593 646 3664 σώματος,
681 3590 773 3655 οὓς
802 3591 1067 3663 τοσαύτην
1101 3592 1480 3663 στελλομένους
1532 3593 1755 3664 πορείαν
1788 3593 1932 3658 είκὸς

370 3682 441 3758 ἦν
490 3684 776 3755 ὑπομένειν
824 3683 1037 3748 αὐτοὺς,
1070 3683 1235 3755 μόνης
1262 3685 1464 3756 τροφῆς
1488 3687 1586 3756 τῆς
1633 3687 1934 3754 ἀναγκαίας

371 3779 570 3850 χρῆναι
606 3775 1030 3847 μεταλαμϐάνειν
1055 3793 1068 3806 ·
1100 3777 1193 3829 καὶ
1219 3777 1417 3848 ταύτης
1453 3776 1527 3848 μὴ
1556 3779 1666 3840 τοῖς
1713 3778 1934 3850 τυχοῦσι

372 3872 669 3933 κοινωνεῖν,
697 3867 829 3939 μηδέ
850 3866 998 3938 παρά
1021 3867 1126 3920 τῶν
1150 3867 1406 3938 παρέχειν
1429 3867 1714 3921 ἐθελόντων
1738 3868 1937 3922 ἀϐασα-

371 3962 572 4024 νίστως
618 3959 932 4030 λαμϐάνειν,
979 3958 1171 4030 μόνους
1225 3958 1282 4011 δὲ
1331 3959 1452 4023 τοὺς
1484 3957 1664 4023 ἀξίους
1683 3963 1748 4030 τῇ
1777 3959 1936 4031 λήψει

370 4055 574 4125 τιμᾷνο
599 4047 680 4116 οἷς
708 4051 800 4104 καὶ
846 4050 1104 4121 μεγίστην
1137 4049 1368 4121 ἀμοιϐὴν
1404 4051 1502 4121 τῆς
1548 4050 1751 4121 τροφῆς
1802 4067 1936 4120 προ-

371 4145 748 4216 λαμϐάνοντας
768 4142 1101 4207 ἀντιδιδόναι,
1126 4142 1347 4213 είρήνην
1371 4142 1551 4205 αὐτοῖς
1581 4143 1673 4194 καὶ
1704 4142 1801 4206 τὰς
1843 4141 1934 4195 τοῦ

369 4235 505 4290 Θεοῦ
538 4235 826 4304 διαλλαγὰς
855 4233 1386 4304 εὐαγγελιζομένους.
1414 4233 1596 4288 Ταῦτα
1628 4233 1672 4287 δ’
1711 4233 1934 4288 ἀκολού-

372 4329 482 4393 θως
508 4331 620 4392 τοῖς
644 4328 740 4398 τῆς
771 4327 935 4380 αὐτοῦ
965 4325 1239 4397 βασιὴίας
1270 4323 1625 4398 στρατιώταις
1670 4325 1932 4398 παρῄνει·

371 4417 924 4491 προμαρτυρούμενος
958 4416 1031 4488 μὴ
1061 4418 1357 4490 χρημάτων
1392 4417 1657 4488 ἐφίεσθαι,
1691 4419 1824 4490 μηδέ
1858 4436 1939 4472 τι·-

369 4528 460 4575 νος
509 4511 569 4564 τὸ
617 4509 874 4582 παράπαν
923 4510 1200 4580 κτήματος
1249 4509 1444 4582 μικροῦ
1481 4511 1515 4581 ἢ
1570 4509 1827 4581 μεγάλου,
1857 4513 1937 4575 είς

369 4603 540 4676 ἄκρον
570 4603 614 4656 δ’
658 4601 899 4656 ἐλαύνειν
946 4602 1352 4673 ἀκτημοσύνης·
1393 4603 1492 4673 τῆς
1542 4619 1602 4656 τε
1663 4602 1936 4675 ἐφημέρου

370 4696 577 4768 τροφῆς
605 4695 678 4767 μὴ
700 4698 812 4757 τοῖς
839 4695 1024 4754 πᾶσιν,
1048 4694 1080 4765 ἢ
1111 4697 1221 4757 τοῖς
1244 4693 1412 4760 ἀξίοις
1442 4694 1620 4764 μόνοις
1645 4697 1932 4747 κοινωνεῖν·

372 4791 468 4843 καὶ
511 4788 643 4860 μηδὲ
681 4787 830 4857 παρά
854 4787 1055 4840 τούτων
1084 4788 1282 4856 προῖκα
1311 4785 1574 4838 ποιεῖσθαι
1628 4785 1726 4854 τὴν
1776 4784 1938 4855 μετά-

370 4879 565 4951 ληψιν,
615 4879 1066 4951 προδανείσαντας
1120 4878 1176 4932 δὲ
1229 4877 1322 4932 καὶ
1367 4877 1934 4948 προευεργετήσαντας

370 4975 491 5035 ταῖς
514 4973 642 5042 παρ’
666 4971 871 5024 ἐαυτῶν
905 4970 1192 5039 εὐλογίαις.
1224 5002 1292 5011 -
1317 4966 1661 5040 Περιφράξας
1686 4968 1808 5030 τοὺς
1841 4985 1938 5037 μα-

371 5062 541 5133 θητάς
563 5065 594 5116 ὁ
624 5062 822 5135 Κύριος
856 5062 1057 5125 ἐνθέοις
1088 5062 1342 5133 δυνάμεσι
1363 5061 1458 5114 καὶ
1489 5062 1600 5122 τοῖς
1626 5059 1934 5129 φιλοσόφοις

369 5159 776 5229 παραινέσεσιν,
810 5155 1073 5222 εὐζώνους
1106 5156 1299 5219 αὐτοὺς
1330 5142 1417 5209 οἷα
1469 5154 1602 5209 Θεοῦ
1662 5153 1935 5224 βασιλείας

373 5252 709 5321 στρατιώτας
748 5248 1196 5321 ἀπεργασάμενος
1242 5247 1533 5319 ἐξέπεμψε,
1590 5245 1936 5310 διδασκάλους

366 5340 465 5397 καὶ
490 5343 703 5412 ἰατροὺς
726 5345 836 5405 τοῖς
874 5339 1162 5402 Ἰουδαίοις,
1194 5338 1398 5408 μυρίων
1428 5339 1607 5402 αὐτοῖς
1645 5337 1930 5406 ἐσομένους

367 5432 592 5502 ἀγαθῶν
629 5434 913 5507 προξένους
941 5435 1034 5486 καὶ
1062 5431 1324 5502 κήρυκας.
1357 5432 1418 5484 Οἱ
1467 5430 1524 5484 δέ
1564 5430 1702 5484 κατὰ
1760 5428 1932 5482 ταῦτα

369 5525 608 5590 ἐποίουν,
639 5526 733 5579 καὶ
765 5523 1034 5596 πανταχοῦ
1070 5522 1379 5594 περιῄεσαν,
1407 5520 1480 5586 ὡς
1508 5521 1606 5592 μὲν
1627 5519 1934 5576 διδάσκαλοι

385 5671 390 5676 ’
447 5708 492 5739 τι
524 5706 564 5762 ιι
590 5706 730 5762 Tim.
762 5722 819 5776 ιι,
850 5707 933 5763 to.
1005 5707 1047 5740 τι
1073 5721 1192 5777 cap.
1237 5723 1312 5772 lx,
1341 5704 1390 5761 t.
1461 5700 1910 5769 "Matll:.x,10.

2034 3591 2425 3661 expeditionem
2463 3589 2641 3645 missis
2669 3603 2800 3656 opus
2836 3596 2973 3652 erat,
3002 3587 3144 3642 aliud
3177 3589 3306 3643 nihil
3336 3603 3586 3660 oportere

2037 3695 2195 3750 quam
2226 3680 2582 3735 necessariam
2615 3678 2920 3732 alimoniam
2949 3679 3222 3747 accipere:
3259 3689 3419 3749 atque
3447 3682 3585 3737 hanc

2039 3774 2213 3845 ipsam
2263 3787 2373 3828 non
2417 3771 2484 3827 ab
2528 3773 2778 3827 omnibus
2825 3769 3191 3825 indifferenter
3235 3785 3452 3826 sumere
3494 3773 3583 3840 qui

2037 3867 2165 3922 dare
2207 3866 2425 3931 vellent,
2453 3865 2547 3920 sed
2579 3879 2672 3920 eos
2707 3863 3076 3918 tantummodo
3105 3863 3204 3918 hac
3237 3864 3474 3919 muneris
3506 3879 3591 3920 ac-

2035 3958 2286 4027 ceptione
2343 3957 2612 4012 honorare
2660 3955 2749 4026 qui
2795 3955 2938 4023 digni
2985 3964 3190 4019 essent,
3232 3966 3288 4010 et
3339 3956 3429 4027 qui
3473 3971 3591 4011 ma-

2037 4050 2238 4104 ximam
2275 4048 2386 4117 jam
2419 4048 2640 4119 g’pridem
2671 4047 2780 4102 dati
2819 4046 2927 4101 cibi
2975 4048 3460 4102 remunerationem
3497 4064 3590 4103 ac-

2037 4140 2309 4209 cepissent
2354 4138 2422 4192 ab
2462 4137 2531 4193 iis
2577 4135 2667 4206 qui
2709 4150 2893 4205 pacem
2921 4143 2977 4191 et
3023 4152 3144 4192 cum
3193 4138 3301 4192 Deo
3346 4141 3590 4194 reconci-

2036 4229 2310 4286 liationem
2341 4227 2733 4299 evangelizant.
2763 4225 2886 4282 Hzcc
2942 4238 3302 4283 consentanea
3333 4229 3478 4299 regni
3505 4230 3586 4284 sui

2037 4322 2305 4378 militibus
2363 4321 2651 4387 monebat;
2693 4327 2919 4376 testatus
2957 4329 3151 4386 antea,
3189 4336 3293 4375 non
3339 4333 3590 4389 oportere

2037 4413 2229 4482 Opibus
2257 4411 2484 4477 inhiare,
2531 4423 2627 4464 nec
2657 4408 2942 4477 cujuslibet
2969 4412 3191 4467 omnino
3223 4411 3338 4467 sive
3380 4427 3592 4482 magna:

2041 4504 2155 4558 sive
2187 4503 2365 4558 tenuis
2402 4502 2480 4556 rei
2517 4503 2841 4572 possessioni
2871 4519 2886 4568 ;
2919 4503 3013 4557 sed
3043 4511 3406 4572 paupertatem
3438 4519 3590 4558 sum-

2040 4612 2181 4651 mam
2211 4598 2428 4653 sectari.
2454 4594 2594 4662 Quin
2633 4596 2788 4659 adeo,
2815 4604 2874 4649 ut
2917 4595 3182 4657 diximus,
3225 4609 3290 4648 ne
3326 4595 3592 4663 quotidia-

2041 4703 2167 4744 num
2199 4688 2413 4758 quidem
2458 4687 2656 4743 victum
2685 4687 2754 4742 ab
2781 4687 3028 4742 omnibus
3065 4685 3456 4751 indifferenter,
3497 4687 3590 4742 sed

2041 4794 2070 4834 a
2112 4780 2288 4852 dignis
2331 4788 2533 4835 tantum
2586 4779 2957 4849 participare;
2998 4791 3174 4846 neque
3223 4777 3367 4831 hunc
3415 4777 3589 4846 ipsum

2039 4873 2303 4944 gratuito.
2335 4871 2428 4928 sed
2460 4886 2624 4942 opera
2659 4872 2711 4926 in
2739 4880 3078 4925 anzecessum
3109 4869 3366 4936 prastita,
3405 4877 3461 4921 et
3499 4868 3592 4921 im-

2040 4965 2252 5035 pertitis
2290 4965 2403 5019 suis
2429 4979 2553 5034 erga
2597 4963 2718 5018 illos
2749 4960 3231 5018 benedictionibus.
3256 4986 3324 4999 -
3355 4956 3446 5012 Sic
3495 4958 3594 5011 ita-

2041 5074 2146 5128 que
2175 5073 2405 5128 superna
2454 5058 2692 5128 potentia
2723 5067 2777 5114 et
2825 5054 3156 5127 sapientibus
3202 5051 3591 5106 adhortationi-

2041 5152 2141 5206 bus
2180 5151 2541 5207 communitos
2582 5149 2891 5220 discipulos,
2939 5145 3319 5216 expeditosque
3356 5141 3466 5210 jam
3499 5141 3592 5198 Dei

2042 5239 2192 5310 regni
2235 5239 2430 5295 milites
2457 5239 2801 5304 constitutos,
2856 5236 3003 5291 misit
3056 5248 3149 5288 eos
3196 5232 3484 5300 magistros
3528 5247 3594 5286 ae

2038 5333 2274 5387 medicos
2315 5332 2382 5388 ad
2425 5331 2656 5394 Jndmos,
2695 5339 2753 5384 ut
2795 5329 2880 5384 his
2925 5323 3392 5381 innumerabilium
3423 5324 3595 5379 bono-

2039 5440 2158 5479 rum
2194 5425 2365 5480 nuntii
2418 5431 2597 5478 essent
2625 5431 2787 5490 atque
2815 5420 3050 5474 datores.
3100 5415 3162 5470 lli
3197 5431 3323 5471 vero
3363 5416 3435 5470 ita
3469 5429 3594 5485 ege-

2039 5527 2198 5583 runt,
2247 5528 2302 5572 et
2347 5527 2749 5586 quaqueversus
2802 5511 3168 5568 discurrentes
3201 5525 3297 5567 ceu
3349 5507 3593 5580 magistri
