4108 6204
535 313 639 370 547

1194 299 1458 355 EUSEBII
1498 295 1971 353 CAESARIENSIS
2005 294 2154 351 OI'P.
2195 297 2374 352 PARS
2414 297 2500 353 lll.
2540 325 2605 336 —
2643 293 3051 352 EXEGETICA.

3649 293 3756 347 5l8

532 417 994 490 evangelizabant,
1025 427 1127 468 ceu
1177 413 1365 466 medici
1406 411 1688 472 sanabant,
1718 420 1774 463 et
1814 425 2069 464 sermone:

2191 409 2677 479 εὐαγγελιζόμενοι.
2702 409 2774 471 ὡς
2799 409 2856 462 δὲ
2887 407 3057 478 ἰατροὶ
3081 403 3492 476 θεραπεύοντες.
3514 402 3605 455 καὶ
3631 409 3757 467 τοὺς

535 527 659 569 suos
702 509 953 579 operibus
987 504 1362 572 miraculisque
1393 501 1807 556 confirmabant.

670 645 715 676 ⁷³
749 642 957 695 Audiuit
998 650 1167 692 autem
1215 636 1443 690 Herodes
1485 639 1742 690 terrore/tu
1772 638 1946 691 omnia

1037 725 1152 777 quo:
1175 708 1365 775 ﬁebant
1407 709 1469 760 ab
1497 724 1577 762 eo.

607 848 714 904 Sub
753 845 1058 901 Servatoris
1092 844 1375 896 adventum
1419 841 1528 910 jam
1558 842 1876 897 dissolutum
1913 843 2090 898 fuerat

532 937 729 994 Judzcis
777 937 973 988 avitum
1023 948 1265 1003 regnum,
1311 931 1628 985 dissolutum
1660 933 1825 985 etiam
1869 933 2088 1001 proprio

529 1029 648 1098 jure
689 1027 898 1080 vivendi
956 1024 1313 1094 privilegium,
1359 1031 1411 1075 et
1455 1022 1698 1086 libertas,
1740 1035 1802 1076 ac
1847 1023 2088 1091 regulare

535 1119 910 1172 sacerdotium.
962 1115 1026 1168 Et
1072 1113 1294 1183 legitimi
1345 1112 1562 1181 quidem
1630 1111 1897 1181 principes
1957 1112 2084 1164 nulli

534 1221 706 1272 erant,
755 1210 844 1263 sed
886 1207 1126 1261 Herodes
1156 1206 1378 1275 ejusque
1427 1205 1576 1259 liberi
1623 1204 1887 1272 Agrippas
1925 1212 2088 1272 atque

533 1300 846 1362 Archelaus,
871 1313 1065 1368 genere
1093 1298 1356 1358 extranei,
1383 1311 1411 1350 a
1439 1295 1694 1350 Romanis
1723 1295 2008 1364 imperium
2032 1297 2084 1348 in

529 1391 743 1448 Judaeos
774 1401 1132 1460 acceperant;
1176 1403 1402 1458 quorum
1449 1389 1594 1457 regio
1641 1387 1692 1440 in
1739 1387 2082 1441 tetrarchiam

532 1485 705 1540 fuerat
748 1485 952 1550 divisa,
1000 1492 1217 1550 totaque
1255 1495 1389 1551 gens
1432 1478 1693 1533 Romanis
1724 1488 1842 1532 erat
1887 1479 2086 1548 stipen-

533 1577 721 1636 diaria.
755 1575 1114 1644 quaestoribus
1147 1587 1364 1627 censum
1400 1585 1495 1638 per
1530 1569 1736 1640 singula
1762 1569 1940 1638 capita
1975 1579 2080 1623 sta-

533 1676 645 1720 tuto
681 1675 921 1734 tempore
955 1663 1292 1732 exigentibus
1325 1662 1542 1715 militari
1571 1675 1753 1714 manu.
1791 1659 2080 1728 Propterea

2194 503 2382 570 λόγους
2407 501 2492 554 δια
2516 500 2623 554 τῶν
2655 499 2826 570 ἒργων
2853 499 2948 552 καὶ
2981 498 3088 550 τῶν
3118 495 3362 568 σημείων
3389 493 3756 563 πιστούμενοι.
3798 505 3803 510 ’

2196 633 2449 686 Ἤκουσε
2477 630 2545 683 δὲ
2565 629 2820 718 Ἡρώδης,
2848 634 2879 683 o'
2907 630 3225 713 ςετρᾴρχης
3249 628 3322 680 τὰ
3349 627 3631 696 γινόμενα
3655 626 3758 679 ὑπ’

2756 717 2831 753 αυ
2840 718 2938 754 του
2970 717 3183 752 παντα.

2268 837 2390 889 Ἐπὶ
2434 836 2534 906 τῆς
2591 834 2890 904 παρουσίας
2938 831 3031 884 τοῦ
3083 831 3363 902 Σωτῆρος,
3415 829 3600 880 λέλυτο
3657 827 3752 899 μὲν

2152 965 2155 969 -
2201 928 2469 990 Ἰουδαίοις
2492 927 2592 998 ἤδη
2617 925 2798 978 λοιπὸν
2825 925 2892 976 τὰ
2912 924 3006 993 τῆς
3032 923 3095 975 ἐκ
3128 922 3403 992 προγόνων
3439 920 3712 989 βασιλείας
3733 936 3749 951 ’

2188 1021 2374 1072 λέλυτο
2423 1019 2479 1072 δὲ
2533 1017 2602 1070 τὰ
2653 1017 2750 1084 τῆς
2779 1014 3098 1085 αὐτονομίας
3128 1015 3218 1068 καὶ
3243 1011 3568 1083 ἐλευθερίας,
3599 1013 3666 1066 τά
3691 1030 3750 1066 τε

2186 1109 2283 1178 τῆς
2310 1106 2565 1177 ὲνθέσμου
2597 1105 2910 1178 ἱερωσύνης.
2937 1104 3045 1158 Καὶ
3064 1105 3109 1154 οἱ
3147 1103 3242 1172 μὲν
3271 1100 3408 1155 κατὰ
3433 1101 3624 1171 νόμους
3651 1102 3749 1173 ἄρ-

2187 1215 2367 1267 χοντες
2391 1197 2570 1250 οὐκέτι
2599 1191 2736 1267 ἦσαν
2761 1197 2940 1258 αὐτοῖς
2959 1211 2974 1228 υ
3023 1192 3266 1263 Ἡρώδης
3297 1192 3353 1244 δὲ
3391 1192 3485 1244 καὶ
3537 1194 3585 1244 οἱ
3624 1193 3748 1244 τού-

2186 1311 2279 1346 του
2311 1293 2492 1356 παῖδες
2536 1293 2838 1363 Ἀγρίππας
2859 1293 2952 1344 καὶ
2993 1289 3301 1360 Ἀρχέλαος,
3329 1288 3390 1339 τὸ
3414 1287 3570 1355 γένος
3592 1283 3748 1337 ἀλλό-

2144 1390 2145 1393 “
2186 1386 2356 1453 φυλοι,
2384 1385 2533 1457 παρὰ
2569 1385 2851 1456 Ῥωμαίων
2883 1386 2981 1455 τὴν
3023 1383 3140 1436 κατ’
3187 1380 3362 1434 αὐτῶν
3406 1376 3544 1451 ἦσαν
3580 1376 3748 1448 ἀρχὴν

2185 1477 2678 1547 ἐγκεχειρισμένα·
2711 1475 2930 1546 διῄρητό
2957 1491 3013 1526 τε
3043 1476 3122 1536 εἰς
3160 1471 3481 1543 τετραρχίαν
3519 1472 3552 1540 ἠ
3593 1467 3746 1539 χώρα

2183 1570 2385 1622 αὐτῶν·
2415 1570 2474 1622 τό
2509 1587 2567 1621 τε
2615 1571 2720 1622 πᾶν
2751 1568 2898 1631 ἔθνος
2936 1567 3203 1638 ὑπόφορον
3233 1564 3576 1636 καθειστήκει
3611 1565 3745 1617 Ῥω-

2189 1664 2385 1732 μαίοις,
2417 1663 2507 1714 τὸν
2541 1662 2734 1731 κῆνσον
2769 1659 2909 1714 κατὰ
2957 1658 3194 1728 κεφαλὴν
3245 1657 3564 1728 ἐπιτρόπων
3607 1656 3746 1709 κατὰ

531 1771 649 1810 cum
691 1757 779 1810 Dei
835 1769 1054 1824 regnum
1102 1753 1304 1808 Iudaeis
1355 1753 1528 1822 primo
1575 1751 1867 1821 praedicare
1916 1751 2069 1820 jussit

2179 1755 2402 1824 καιροὺς
2431 1751 2905 1823 εἰσπραττομένων
2937 1752 3034 1803 σὺν
3063 1751 3204 1822 χειρὶ
3225 1751 3607 1821 στρατιωτικῇ.
3628 1747 3741 1810 Διὸ,

529 1848 814 1917 discipulos
852 1861 996 1912 suos,
1028 1855 1294 1912 pereuntes
1344 1859 1458 1898 oves
1502 1845 1690 1897 domus
1732 1843 1946 1897 Israelis
1987 1842 2082 1897 Jn-

532 1942 672 1992 daeus
698 1936 976 2008 appellavit
1007 1938 1073 1990 ⁷,⁸.

2185 1843 2285 1910 τῆς
2311 1842 2404 1894 τοῦ
2431 1841 2564 1894 Θεοῦ
2590 1841 2858 1909 βασιλείας
2897 1841 2955 1893 τὸ
2991 1841 3251 1911 κήρυγμα
3290 1838 3523 1910 πρώτοις
3564 1839 3745 1901 αὐτοῖς

2187 1935 2538 2004 ἐπαγγέλλειν
2560 1935 2588 1986 6
2621 1935 2811 2006 Σωτὴρ
2845 1937 2953 1997 τοῖς
2985 1933 3146 1987 αὑτοῦ
3176 1932 3446 2003 μαθηταῖς
3501 1950 3744 2001 παρακε-

526 2035 869 2104 λευσάμενος,
908 2031 1271 2086 ’ἀπολωλότα
1308 2032 1570 2098 πρόϐατα
1621 2029 1790 2083 οἴκου
1833 2029 2078 2096 Ἰσραὴλ
2113 2031 2309 2094 αὐτοὺς
2347 2033 2613 2102 ὠνόμασε.

525 2171 570 2204 ⁷⁸
599 2169 737 2224 Sam
770 2170 858 2239 qui
907 2166 1393 2239 nte'erubuerit,_et
1427 2181 1566 2239 meos
1605 2180 1900 2230 sermones,
1941 2166 2079 2218 hunc

929 2235 1102 2289 Filius
1136 2236 1360 2287 hominis
1402 2235 1682 2288 erubescet.

596 2351 688 2405 His
723 2347 1013 2417 peroratis,
1054 2344 1192 2415 quod
1251 2357 1441 2412 nempe
1487 2343 1776 2413 discipulos
1807 2352 2081 2412 oporteret

525 2444 818 2498 imitatores
841 2439 1010 2508 ipsius
1049 2436 1186 2500 fieri,
1212 2451 1384 2504 neque
1413 2446 1635 2489 mortem
1672 2434 1951 2504 defugere,
1986 2451 2080 2489 ne-

524 2549 628 2605 que
673 2533 863 2586 animae
906 2531 1131 2599 propriae
1157 2530 1384 2598 vitaeque
1415 2540 1635 2596 parcere
1678 2538 1896 2596 propter
1927 2543 2076 2596 spem

525 2626 576 2678 in
601 2626 811 2679 Christo
845 2621 1474 2684 collocatam,counnode
1504 2620 1806 2683 continuat,
1831 2621 2077 2674 secunda:

524 2732 632 2771 sua:
664 2715 852 2768 divina:
881 2712 1136 2783 mysteria
1172 2713 1390 2767 tradens
1423 2711 1888 2767 manifestation‘is.
1918 2710 2078 2765 Valde

523 2819 699 2861 autem
743 2807 932 2860 idonee
966 2821 1026 2860 ac
1077 2805 1382 2860 necessario
1431 2805 1544 2858 hate
1597 2805 1772 2858 aiebat
1827 2805 1953 2866 illis,
1985 2803 2073 2872 qui

522 2900 790 2952 cruciatus
826 2898 940 2966 ejus
984 2912 1145 2952 causa
1191 2885 1420 2951 subituri
1465 2905 1652 2959 erant,
1691 2906 1744 2950 et
1799 2911 1970 2963 usuue
2008 2895 2073 2948 ad

523 2999 745 3042 mortem
794 2987 1152 3048 decertaturi,
1197 2987 1414 3055 praemia
1458 2987 1666 3040 scilicet
1708 2988 1842 3040 tanti
1888 2987 2074 3056 agonis

523 3079 696 3133 futura
723 3093 1043 3147 proponens.
1073 3079 1218 3148 Opus
1255 3081 1401 3134 enim
1442 3088 1582 3142 erat,
1609 3088 1666 3132 ut
1695 3079 1786 3149 qui
1825 3093 1946 3133 eum
1986 3093 2072 3132 se-

2189 2171 2308 2239 Ὃς
2331 2171 2438 2238 γὰρ
2469 2169 2844 2239 ἐπαισχυνθῇ
2875 2167 3090 2239 με-καὶ
3118 2168 3256 2234 τοὺς
3279 2168 3457 2238 ἐμοὺς
3498 2169 3742 2239 λόγους,

2216 2237 2431 2292 τοῦτον
2460 2245 2490 2294 ό
2520 2237 2775 2306 Υἱὸς-τοῦ
2795 2237 3107 2308 ἀνθρώπου
3135 2238 3700 2308 ἐπαισχυνθήσεται.

2244 2350 2576 2422 Διαλαλήσας
2605 2352 2673 2404 τὰ
2700 2352 2958 2422 εἰρημένα
3011 2353 3136 2425 περὶ
3167 2351 3259 2405 τοῦ
3288 2353 3396 2406 δεῖν
3431 2353 3524 2406 καὶ
3546 2352 3744 2417 αὐτοὺς

2151 2447 2153 2449 ’
2187 2447 2423 2516 μιμητὰς
2455 2445 2614 2499 αὐτοῦ
2649 2446 2917 2514 γενέσθαι,
2957 2447 3050 2499 καὶ
3077 2447 3151 2516 μὴ
3181 2445 3399 2514 φεύγειν
3440 2445 3529 2498 τὸν
3583 2444 3746 2498 θάνα-

2181 2554 2290 2598 τον,
2316 2536 2548 2604 ἀφειδεῖν
2575 2537 2630 2589 δὲ
2663 2537 2755 2590 καὶ
2789 2540 2888 2605 της
2918 2536 3123 2588 ἑαυτῶν
3146 2536 3320 2608 ψυχῆς
3346 2553 3403 2589 τε
3455 2537 3546 2588 καὶ
3595 2536 3745 2603 ζωῆς

2180 2627 2363 2679 ἕνεκεν
2391 2627 2486 2697 τῆς
2517 2628 2594 2690 είς
2627 2629 2786 2680 αὐτὸν
2817 2627 3044 2691 ἐλπίδος,
3083 2629 3434 2682 ἐπισυνάπτει
3473 2627 3743 2700 εὐκαίρως

2179 2720 2247 2772 τὰ
2277 2721 2402 2791 περὶ
2428 2721 2525 2790 τῆς
2549 2721 2806 2791 δευτέρας
2845 2721 3007 2774 αὑτοῦ
3045 2722 3357 2790 θεοφανείας
3379 2721 3486 2790 (55)
3517 2720 3743 2792 παραδι-

2180 2813 2301 2876 δοὺς
2347 2815 2521 2877 αὐτοῖς
2580 2816 2868 2885 μυστήρια.
2924 2815 3136 2886 Σφόδρα
3181 2814 3237 2866 δὲ
3275 2813 3595 2877 ἀκολούθως
3644 2815 3742 2866 καὶ

2179 2905 2488 2973 ἀναγκαίως
2528 2905 2695 2958 ταῦτα
2722 2905 2870 2974 ἔλεγε
2902 2908 3011 2969 τοῖς
3055 2905 3338 2976 μέλλουσιν
3394 2906 3530 2977 ὑπὲρ
3573 2905 3738 2958 αὐτοῦ

2175 2995 2261 3048 διὰ
2322 2996 2564 3066 βασάνων
2614 3002 2846 3068 χωρεῖν,
2890 2999 2983 3050 καὶ
3040 2997 3198 3068 μέχρι
3252 2996 3478 3050 Θανάτου
3544 2999 3741 3066 ἀγωνί-

2176 3085 2382 3152 ζεσθαι,
2412 3088 2494 3151 τίς
2544 3089 2694 3142 ἔσται
2739 3091 2767 3142 6
2815 3089 3024 3158 καρπὸς
3055 3087 3147 3141 τοῦ
3207 3088 3461 3141 τοσούτου
3530 3088 3740 3157 ἀγῶνος

520 3181 834 3243 querentur,
875 3170 1092 3240 ejusque
1119 3171 1343 3240 vestigia
1379 3179 1775 3239 premerent,et
1807 3171 2069 3238 prapriam

2176 3179 2441 3248 παριστὰς
2460 3179 2658 3243 αὐτοῖς.
2696 3180 2840 3232 Ἔδει
2878 3179 2985 3250 γὰρ
3027 3179 3152 3242 τοὺς
3189 3179 3475 3250 μέλλοντας
3508 3179 3735 3232 ἕπεσθαι

519 3263 744 3332 quisque
792 3275 1008 3315 crucem
1064 3268 1364 3325 sumerent,
1405 3269 1564 3328 prout
1610 3259 1726 3328 ejus
1771 3259 2072 3328 exemplum

518 3355 776 3419 docebat;
815 3362 1064 3408 accurate
1094 3367 1306 3422 quoque
1356 3360 1643 3407 noscerent
1695 3354 1939 3422 quisnam
1985 3353 2075 3405 de-

520 3461 662 3500 mum
699 3443 743 3498 is
779 3451 920 3498 esset
949 3443 1102 3512 cujus
1136 3457 1293 3497 causa
1329 3450 1407 3497 tot
1449 3451 1704 3510 tantaque
1735 3451 1914 3497 essent
1949 3456 2072 3509 pas-

516 3537 649 3590 suri.
678 3533 1015 3604 Tempestive
1061 3544 1236 3588 autem
1284 3533 1477 3588 Filium
1525 3534 1763 3588 hominis
1806 3532 1908 3587 hoc
1953 3533 2071 3586 loco

515 3628 744 3696 appellat
787 3643 907 3681 eum
930 3627 1016 3696 qui
1043 3635 1284 3688 venerat,
1317 3637 1376 3680 ut
1405 3625 1639 3680 Danielis
1671 3625 1980 3678 vaticinium
2017 3625 2069 3678 in

517 3731 744 3773 mentem
795 3729 1101 3783 revocaret,
1142 3718 1282 3786 quod
1325 3727 1410 3771 est
1444 3717 1744 3785 lmjusmodi
1785 3733 1796 3767 :
1837 3715 1904 3769 Et
1957 3731 2070 3769 ecce

514 3807 683 3861 Filius
708 3808 928 3860 hominis
951 3807 1248 3859 adveniebat
1273 3807 1328 3858 in
1350 3807 1589 3869 nubibus,
1615 3817 1662 3859 et
1693 3823 1850 3875 usque
1871 3805 1937 3858 ad
1960 3805 2069 3857 An-

512 3900 712 3966 tiquam
746 3897 945 3949 dierum
970 3897 1216 3959 pervenit.
1241 3895 1307 3947 Et
1331 3897 1427 3964 ipsi
1453 3897 1634 3948 datum
1675 3905 1750 3948 est
1792 3896 2065 3964 imperium

511 3996 560 4041 et
581 3989 763 4051 honor,
787 3996 831 4038 et
867 3985 1166 4054 regnum".
1213 3984 1318 4038 Sed
1357 4000 1481 4039 cum
1520 3983 1708 4039 Petrus
1748 3985 1918 4054 ipsum
1945 3999 2066 4039 esse

511 4079 781 4134 Christum
813 4077 1092 4132 confessus
1141 4087 1252 4142 est,
1285 4088 1339 4132 et
1373 4077 1465 4132 Dei
1503 4078 1610 4131 vivi
1654 4077 1846 4131 Filium
1869 4119 1884 4141 ,
1907 4092 1972 4132 ex
2001 4093 2064 4132 eo

460 4236 465 4242 ⁸
516 4183 753 4240 tempore
779 4173 940 4240 etrapit
980 4170 1084 4224 illis
1108 4171 1434 4239 signiﬁcare,
1473 4170 1638 4223 multa
1669 4185 1727 4224 se
1761 4170 1870 4239 pali
1905 4184 2064 4238 onor-

512 4272 622 4316 tere
643 4271 694 4315 et
715 4261 908 4317 occidi.
942 4259 1074 4326 Cum
1110 4271 1286 4313 autem
1321 4259 1458 4313 idem
1487 4260 1676 4314 mortis
1699 4268 2062 4328 contemptum

510 4354 813 4420 imperaret,
837 4359 891 4407 et
921 4365 979 4404 se
1033 4351 1198 4405 multa
1231 4351 1338 4420 pati
1387 4351 1608 4415 debere,
1641 4362 1766 4407 tunc
1801 4366 1934 4405 sane
1969 4367 2062 4420 op.

2176 3265 2322 3336 αὑτῷ
2350 3269 2440 3319 καὶ
2470 3267 2641 3320 ὀπίσω
2666 3267 2828 3320 αὑτοῦ
2857 3268 3076 3320 ἀπιέναι
3094 3308 3108 3331 ,
3137 3267 3228 3321 τόν
3251 3284 3310 3320 τε
3349 3268 3476 3320 ῖδιον
3505 3269 3736 3340 σταυρὸν

2173 3358 2565 3428 ἀναλαμϐάνειν
2595 3358 2733 3412 κατὰ
2754 3360 2850 3430 τὴν
2889 3358 3051 3412 αὑτοῦ
3083 3359 3328 3430 μίμησιν,
3356 3359 3556 3426 γνῶναι
3577 3361 3738 3429 ἀκρι-

2173 3449 2280 3512 ϐῶς
2299 3451 2350 3502 τί
2383 3450 2508 3503 ποτέ
2533 3452 2678 3503 ἐστιν
2705 3447 2854 3514 οὗτος
2887 3450 3026 3522 ὑπὲρ
3057 3445 3118 3504 οὗ
3139 3450 3205 3503 τὰ
3231 3449 3466 3504 τοσαῦτα
3508 3449 3733 3520 μέλλου-

2173 3558 2223 3594 σι
2248 3542 2488 3611 πάσχειν.
2523 3543 2804 3614 Εύκαίρως
2827 3543 2881 3596 δὲ
2911 3544 3038 3596 Υἱδν
3095 3542 3380 3613 ἀνθρώπου
3431 3545 3488 3596 ὲν
3523 3542 3734 3604 τούτοις

2169 3633 2256 3685 τὸν
2284 3634 2570 3704 ἐρχόμενον
2610 3634 2907 3704 ὠνόμασεν,
2966 3635 3043 3696 εἰς
3097 3633 3396 3704 ὑπόμνησιν
3447 3633 3544 3705 τῆς
3581 3633 3732 3704 παρὰ

2168 3725 2260 3778 τοῦ
2295 3725 2488 3796 Δανιὴλ
2516 3726 2864 3797 προφητείας,
2895 3725 3016 3795 ἥτις
3046 3724 3194 3792 ἔλεγε
3218 3742 3232 3754 ·
3271 3727 3381 3778 Καὶ
3417 3724 3544 3779 ἰδοὺ
3602 3725 3732 3790 Υἱὸς

2167 3817 2476 3885 ἀνθρώπου
2517 3818 2837 3885 ἐρχόμενος
2888 3813 2965 3885 ἦν
2999 3816 3096 3868 ἐπὶ
3148 3815 3264 3868 τῶν
3292 3815 3590 3884 νεφελῶν
3629 3815 3730 3867 καὶ

2164 3912 2273 3977 ἕως
2325 3911 2428 3964 τοῦ
2455 3911 2715 3965 Hau/lator?
2746 3909 2862 3963 τῶν
2894 3907 3125 3978 ἡμερῶν
3147 3909 3392 3978 ἔφθασε.
3425 3908 3535 3962 Καὶ
3570 3905 3730 3971 αὐτῷ

2165 4004 2337 4071 ἐδόθη
2375 4004 2410 4071 ἠ
2455 4001 2609 4071 ἀρχὴ
2642 4002 2737 4056 καὶ
2774 4003 2812 4069 ἠ
2845 4000 2978 4070 τιμὴ
3015 4000 3111 4053 καὶ
3146 4001 3182 4068 ἡ
3238 3998 3542 4063 βασιλεία.
3586 3995 3728 4049 Ἀλλ’

2164 4097 2253 4150 ὅτε
2283 4097 2380 4166 μὲν
2411 4098 2438 4150 ὁ
2492 4096 2694 4166 Πέτρος
2749 4095 2975 4165 Χριστὸν
3024 4095 3182 4147 αὐτὸν
3221 4089 3356 4146 εἶναι
3386 4092 3724 4163 ὡμολόγησε,

2164 4187 2258 4240 καὶ¹
2296 4187 2422 4240 Υἱδν
2466 4186 2558 4239 τοῦ
2607 4185 2740 4239 Θεοῦ
2787 4183 2877 4237 τοῦ
2934 4184 3150 4249 ζῶντος,
3203 4183 3310 4238 ἀπὸ
3361 4184 3479 4237 τότε
3525 4183 3726 4254 ἤρξατο

2161 4279 2430 4332 δεικνύναι
2457 4279 2668 4342 αὐτοῖς,
2703 4280 2781 4331 ὅτι
2815 4278 2894 4330 δεῖ
2937 4277 3096 4329 αὐτὸν
3157 4275 3322 4329 πολλὰ
3379 4274 3569 4328 παθεῖν
3629 4275 3724 4328 καὶ

2162 4367 2588 4438 ἀποκτανθῆναιο
2623 4367 2709 4418 ὅτε
2752 4366 2806 4419 δὲ
2839 4366 2998 4428 αὐτὸς
3057 4363 3534 4435 καταφρονητικῶς
3579 4362 3723 4432 ἔχειν

507 4457 736 4514 portuue
757 4445 822 4499 de
854 4445 1090 4499 secundo
1120 4451 1174 4498 et
1220 4441 1451 4512 glorioso
1488 4443 1721 4496 adventu
1765 4458 1861 4496 suo
1897 4444 2058 4497 verba

2171 4459 2253 4512 τοῦ
2287 4459 2513 4512 θανάτου
2542 4457 2950 4528 παρεκελεύετο,
2984 4457 3184 4520 ἐδίδαξε
3221 4457 3299 4517 δὲ,
3328 4457 3407 4509 ὅτι
3433 4455 3513 4508 δεῖ
3559 4454 3722 4507 αὑτὸν

509 4537 723 4601 lccit,ut
746 4549 1071 4607 cognoscere
1101 4543 1336 4604 possent,
1359 4534 1478 4603 quis
1507 4535 1716 4589 demum
1744 4535 1789 4590 is
1818 4544 1962 4590 esset
1986 4545 2061 4590 tot

508 4638 760 4698 tantaque
787 4644 814 4681 a
845 4625 1041 4682 Iudaeis
1082 4641 1360 4695 passurus,
1401 4626 1586 4696 quisve
1616 4626 1719 4681 illis
1751 4627 2059 4682 certaminis

506 4735 603 4789 pro
632 4732 697 4774 eo
723 4719 1021 4774 sustinendi
1047 4716 1256 4771 fructus
1279 4717 1522 4773 foret.—-
1541 4718 1634 4772 llis
1663 4718 1732 4772 ad
1771 4718 2058 4787 discipulos

504 4811 681 4876 dictis,
717 4825 1015 4880 magnoque
1056 4818 1108 4863 et
1136 4824 1333 4864 arcano
1373 4812 1625 4881 mysterio
1671 4809 1918 4864 secundae
1948 4825 2058 4864 suae

504 4904 949 4960 manifestationis
977 4904 1104 4973 ipsis
1125 4903 1414 4973 patefacto,
1454 4919 1520 4959 ne
1555 4905 1796 4957 oratione
1824 4912 2056 4958 tantum-

502 4998 659 5051 modo
691 4994 928 5064 solisque
967 4994 1144 5049 verbis
1189 4994 1461 5049 videretur
1490 4994 1832 5062 persuadere,
1864 5007 2052 5046 neces-

502 5093 645 5141 sario
671 5089 736 5142 ad
774 5103 933 5156 opera
959 5087 1121 5150 venit,
1139 5087 1266 5155 ipsis
1289 5101 1474 5142 eorum
1505 5085 1674 5141 oculis
1702 5085 1865 5140 divini
1906 5086 2053 5156 regni

501 5181 582 5232 sui
630 5180 892 5251 objiciens
926 5181 1230 5248 imaginem.
1281 5178 1617 5250 Quapropter
1666 5195 1787 5234 cum
1836 5179 2056 5232 dixisset

503 5266 619 5322 lore
663 5279 719 5321 ut
769 5269 884 5336 ipse
916 5269 1059 5324 illum
1105 5268 1468 5334 erubesceret,
1509 5269 1598 5338 qui
1635 5281 1693 5324 se
1731 5267 2054 5332 erubuisset,

499 5371 608 5428 quo
639 5366 875 5427 tempore
896 5373 1017 5415 cum
1047 5359 1221 5416 Patris
1249 5361 1330 5416 sui
1365 5361 1533 5430 gloria
1563 5359 1830 5426 adveniet,
1861 5359 2053 5414 deinde

2164 4550 2330 4603 πολλὰ
2363 4549 2569 4615 παθεῖν,
2598 4551 2717 4602 τότε
2744 4549 2881 4603 κατὰ
2903 4549 3088 4619 καιρὸν
3111 4549 3235 4611 τοὺς
3259 4549 3385 4617 περὶ
3413 4547 3508 4617 τῆς
3537 4546 3720 4599 δευτέ-

2165 4660 2258 4715 ρας
2286 4642 2445 4694 αὑτοῦ
2480 4644 2571 4695 καὶ
2616 4640 2822 4706 ἐνδόξου
2854 4643 3150 4713 παρουσίας
3187 4641 3371 4707 λόγους
3400 4639 3680 4712 παρεδίδου
3699 4651 3720 4669 ⁶

2159 4735 2232 4798 ὡς
2257 4734 2320 4786 ἂν
2353 4734 2546 4786 εἰδέναι
2579 4733 2770 4804 ἔχοιεν,
2803 4734 2887 4797 τίς
2917 4751 3044 4786 ποτε
3081 4729 3149 4804 ἦν
3175 4734 3202 4785 ὁ
3238 4733 3443 4802 μέλλων
3484 4731 3719 4785 τοσαῦτα

2163 4827 2386 4897 πάσχειν
2417 4827 2520 4880 ὑπὸ
2566 4826 2849 4890 Ἰουδαίων,
2869 4826 2962 4880 καὶ
2991 4826 3072 4887 τίς
3110 4825 3263 4878 ἔσται
3294 4825 3474 4888 αὐτοῖς
3501 4827 3530 4877 6
3582 4842 3720 4895 καρ-

2162 4919 2259 4981 πὸς
2289 4918 2380 4971 τοῦ
2415 4919 2550 4990 ὑπὲρ
2579 4917 2742 4971 αὑτοῦ
2769 4917 2998 4985 ἀγῶνος.
3029 4947 3098 4957 --
3131 4919 3240 4971 Καὶ
3282 4916 3344 4987 δὴ
3385 4915 3559 4970 ταῦτα
3608 4918 3722 4978 τοῖς

2163 5009 2425 5081 μαθηταῖς
2456 5008 2770 5079 διαλεχθεὶς,
2798 5010 2891 5061 καὶ
2921 5007 2981 5060 τὺ
3017 5007 3156 5078 μέγα
3182 5008 3275 5061 καὶ
3306 5005 3565 5060 λανθάνον
3619 5023 3723 5076 μυ·

2161 5102 2376 5175 στήριον
2408 5100 2504 5171 τῆς
2529 5099 2783 5171 δευτέρας
2815 5099 2981 5153 αὑτοῦ
3013 5099 3328 5169 θεοφανείας
3361 5097 3589 5162 ἐξειπὼν
3621 5101 3721 5152 at)-

2158 5193 2288 5256 τοῖς,
2321 5190 2406 5243 ἵνα
2442 5191 2516 5262 μὴ
2539 5189 2715 5259 λόγοις
2747 5188 2906 5261 μόνον
2939 5190 3031 5244 καὶ
3079 5188 3261 5259 ψιλαῖς
3310 5189 3541 5261 φρασεσι
3587 5187 3715 5256 δοκῆ

2159 5277 2520 5347 ἐμπιστεύειν,
2538 5279 2842 5348 ἀναγκαίως
2869 5280 2961 5334 ἐπὶ
2998 5279 3064 5333 τὰ
3093 5277 3230 5349 ἔργα
3263 5278 3481 5351 ἐχώρει,
3536 5278 3716 5337 αὐτοῖς

2157 5365 2450 5438 ὀφθαλμοῖς
2477 5367 2686 5432 δεικνὺς
2719 5371 2898 5434 αὐτοῖς
2928 5371 3027 5440 τὴν
3056 5371 3234 5424 εἰκόνα
3266 5370 3362 5440 τῆς
3389 5369 3576 5440 θεῖκῆς
3619 5367 3717 5421 αύ-

568 5510 617 5544 "
643 5527 762 5584 cap.
796 5527 872 5577 Ix,
905 5514 956 5573 7.
1032 5518 1078 5550 "
1108 5517 1293 5573 Matth.
1323 5535 1378 5585 ι,
1423 5517 1476 5575 6.
1552 5519 1597 5552 ⁷⁸
1626 5533 1743 5590 cap.
1777 5535 1853 5582 ll,
1881 5519 1972 5575 26.
2047 5521 2094 5553 "
2137 5519 2384 5591 Dan.vu,
2421 5525 2504 5580 15.

564 5628 681 5710 (55)
723 5629 1330 5710 SeCttnda_'_l‘he0phania
1360 5636 1412 5690 in
1436 5639 1614 5692 mundi
1660 5639 1782 5710 ﬁne.
1815 5637 1935 5694 ldeo
1961 5639 2045 5693 illa

501 5703 681 5770 prior,
715 5718 816 5772 qua
868 5717 926 5760 se
968 5703 1196 5760 Verbum
1245 5707 1296 5760 iu
1347 5721 1511 5764 carne
1557 5708 1936 5778 manifestavit,
1971 5714 2044 5766 di-

2155 5642 2572 5719 eiturinterdum
2601 5643 2654 5719 in
2664 5643 2950 5719 codicibus
2979 5647 3196 5714 nostris,
3217 5647 3571 5704 distinctionis
3589 5659 3714 5719 gra-

2157 5715 2247 5778 tia,
2274 5714 2577 5784 evangelica
2612 5715 2984 5785 Thcophania.
