4108 6204
383 261 482 319 δίθ

1534 263 2026 320 COMMENTARIA
2061 265 2128 321 IN
2170 265 2428 323 LUCAM.

3517 257 3620 316 550

379 385 476 441 τοῦ
513 382 804 456 βασιλείας.
841 379 1037 450 Διόπερ
1083 379 1270 444 εἰπὼν,
1317 381 1399 434 ὅτι
1451 383 1941 456 ἐπαισχυνθήσεται

2058 387 2219 453 pergit
2245 387 2424 442 dicere
2463 403 2479 441 :
2526 385 2658 440 Vere
2695 395 2871 440 autem
2908 385 3026 438 dico
3054 383 3218 449 vobis,
3247 392 3367 437 sum
3408 384 3622 452 quidam

381 477 477 530 τὸν
504 471 923 543 ἐπαισχυνθέντα
955 470 1138 534 αὑτὸν,
1167 471 1297 523 ὅταν
1319 471 1446 544 ἔλθῃ
1479 475 1536 526 ἐν
1571 477 1636 545 τῇ
1681 475 1803 546 δόξῃ
1856 475 1948 528 τοῦ

2057 478 2121 531 de
2145 477 2228 530 hic
2265 479 2584 542 astantibus,
2611 487 2714 532 etc.

382 567 622 639 Πατρδς,
661 566 780 636 ἑξῆς
811 563 1165 617 ὲτεισυνάπτει
1201 565 1454 633 φάσκων·
1490 567 1652 636 Λέγω
1695 566 1762 620 δὲ
1815 568 1954 637 ὑμῖν
1984 569 2243 638 ἀληθῶς,
2273 571 2396 624 εισι
2414 587 2572 636 τινες
2594 568 2711 622 τῶν
2729 564 2844 622 ὦδε
2865 568 3155 632 ἑστώτων,
3187 584 3241 620 κ.
3275 583 3325 620 τ.
3361 566 3412 620 λ.

463 697 818 766 Παραλαϐὼν
865 696 974 748 τὸν
1015 695 1260 767 ,Πέτρον
1310 697 1407 750 καὶ
1455 697 1731 767 Ἰωάννην
1782 701 1882 754 καὶ

1012 766 1300 820 Ἰάκωϐον.

457 906 562 960 Καὶ
592 906 647 957 ἐν
680 903 776 974 μὲν
814 905 876 972 τῇ
912 899 1330 971 μεταμορφώσει
1362 903 1509 973 τρεῖς
1545 903 1693 972 μόνοι
1743 903 1838 974 τὴν
1868 905 1955 956 δυ-

382 998 540 1066 νάμει
565 994 818 1064 ὀφθεῖσαν
854 994 1037 1055 αὐτοῖς
1079 992 1352 1061 βασιλείαν
1376 993 1484 1046 τῶν
1535 993 1778 1065 οὐρανῶν
1838 996 1955 1050 θεά-

382 1088 574 1142 σασθαι
605 1085 945 1156 ἠξιώθησαν·
987 1087 1043 1136 ἐν
1076 1085 1132 1137 δὲ
1187 1087 1254 1155 τῇ
1287 1085 1562 1156 συντελείᾳ
1607 1086 1701 1138 τοῦ
1736 1088 1947 1150 αἰῶνος,

381 1180 595 1234 ἐπειδὰν
648 1178 786 1248 μετά
843 1177 944 1245 τῆς
997 1175 1157 1245 δόξης
1213 1176 1309 1246 τῆς
1349 1177 1622 1248 πατρικῆς
1680 1179 1708 1230 ὁ
1752 1177 1950 1250 Κύριος

376 1273 665 1341 ἀφίκηται,
698 1268 884 1322 οὐκέτι
918 1267 1156 1338 Μωῦσῆς
1187 1269 1344 1339 μόνον
1378 1272 1473 1324 καὶ
1514 1270 1697 1335 Ἠλίας
1722 1271 1948 1342 δορυφο-

381 1363 635 1432 ρήσουσιν
697 1356 893 1420 αὑτὸν,
942 1355 1061 1409 οὐδὲ
1120 1361 1268 1428 τρεῖς
1323 1358 1468 1428 μόνοι
1530 1359 1635 1440 τῶν
1699 1360 1950 1431 μαθητῶν

375 1451 526 1521 αὑτῷ
583 1449 916 1514 συνέσονται,
958 1447 1091 1502 ἀλλὰ
1136 1449 1334 1512 πάντες
1373 1439 1648 1520 προφῆται
1702 1454 1794 1504 καὶ
1850 1469 1952 1504 πα-

375 1540 635 1616 τριάρχαι
677 1541 770 1594 καὶ
806 1541 998 1594 δίκαιοι
1020 1558 1033 1570 ·
1067 1541 1160 1594 καὶ
1187 1541 1286 1593 οὐκ
1315 1542 1394 1604 εἰς
1425 1541 1548 1614 ὅρος
1582 1543 1801 1613 ὑψηλὸν,
1836 1544 1950 1596 ἀλλ’

375 1636 458 1699 εἰς
479 1635 570 1687 τὸν
607 1633 832 1705 οὐρανὸν
866 1631 1049 1698 ἀνάξει
1076 1632 1202 1694 τοὺς
1228 1631 1409 1697 ἀξίους
1445 1629 1544 1702 τῆς
1573 1631 1736 1687 αὐτοῦ
1764 1633 1948 1704 θεότη-

2119 706 2163 737 ¹¹⁷
2192 705 2482 775 Assumptis
2514 701 2672 758 Petro
2707 714 2752 758 et
2776 702 2981 757 Joanne
3011 712 3166 775 atque
3201 703 3422 772 Jacobo,
3445 712 3551 759 etc.

2119 910 2185 964 Et
2215 910 2266 964 in
2309 907 2780 978 translignratione
2822 907 3038 975 quidem
3091 915 3201 960 tres
3253 903 3624 959 tantummodo

2051 1003 2354 1073 prodigiose
2381 1001 2512 1070 ipsis
2536 1011 2813 1054 ostensum
2847 1000 2992 1068 digni
3035 998 3254 1052 fuerunt
3284 1011 3505 1051 cernere
3533 1011 3623 1049 re-

2055 1110 2215 1163 gnum
2244 1093 2521 1148 cmlorum.
2563 1091 2616 1144 In
2645 1092 2824 1145 smculi
2853 1107 2982 1146 vero
3010 1091 3470 1146 consummatione
3499 1106 3622 1144 cum

2058 1199 2161 1237 non
2199 1185 2314 1236 sine
2339 1193 2560 1252 paterna
2589 1183 2872 1252 majestate
2894 1181 3154 1235 Dominus
3190 1183 3453 1243 adveniet,
3483 1181 3623 1235 haud

2051 1277 2159 1347 jam
2194 1275 2403 1346 Moyses
2431 1276 2800 1329 tantummodo
2827 1285 2991 1343 atque
3023 1274 3164 1328 Elias
3193 1275 3364 1341 ipsum
3400 1272 3626 1325 comita-

2059 1373 2285 1433 bnntur,
2317 1382 2488 1437 neque
2546 1378 2654 1421 tres
2704 1375 2908 1420 tantum
2948 1366 3191 1434 discipuli
3235 1367 3496 1430 aderunt,
3528 1365 3624 1418 sed

2060 1463 2327 1530 prophetae
2350 1475 2558 1524 omnes,
2584 1459 2924 1528 patriarchzc,
2952 1459 3193 1529 justiqne
3225 1459 3505 1522 homines;
3533 1471 3627 1510 ue-

2056 1567 2160 1621 que
2188 1552 2238 1605 in
2269 1552 2538 1606 excelsum
2585 1565 2846 1617 montem,
2889 1553 2982 1606 sed
3018 1552 3068 1606 in
3097 1551 3292 1604 caelum
3340 1566 3508 1619 usque
3541 1549 3626 1603 di-
3654 1584 3656 1591 ι

2056 1658 2187 1713 gnos
2218 1658 2313 1696 sua
2359 1643 2560 1697 deitate
2591 1643 2866 1711 perducet.
2906 1642 3054 1696 Tunc
3077 1643 3250 1696 deitas
3281 1643 3396 1709 ejus
3439 1640 3626 1711 splen-

374 1744 487 1788 τος.
523 1724 655 1777 Τότε
694 1723 748 1776 δὲ
773 1722 974 1792 λάμψει
1006 1723 1039 1792 ἡ
1082 1721 1268 1792 θεότης
1295 1722 1458 1775 αὐτοῦ
1486 1725 1583 1794 οὐχ
1619 1724 1693 1788 ὡς
1721 1726 1749 1776 ὁ
1779 1725 1946 1794 ἥλιος,

2058 1733 2236 1786 descet
2269 1748 2372 1786 non
2413 1743 2471 1785 ut
2518 1732 2621 1796 sol,
2650 1733 2740 1785 sed
2774 1747 2934 1800 supra
2971 1749 3133 1800 quam
3177 1732 3432 1802 qua-libet
3461 1747 3628 1786 exco-

374 1817 493 1872 ἀλλ’
525 1817 666 1888 ὑπὲρ
696 1816 802 1868 πᾶν
835 1815 1045 1868 ὲπινοού
1055 1832 1212 1886 μενον
1244 1814 1301 1867 ἐν
1348 1832 1408 1868 τε
1443 1816 1717 1884 αἰσθητοῖς
1749 1818 1842 1869 καὶ
1889 1820 1946 1870 ὲν

376 1913 588 1981 νοητοῖς
615 1908 867 1980 γεννητὸν
885 1906 1016 1976 φῶς·
1047 1906 1272 1978 ἐπείπερ
1305 1907 1452 1960 ἐστὶν
1479 1907 1639 1972 αὐτὸς
1661 1909 1719 1961 τὸ
1750 1908 1863 1978 φῶς
1886 1909 1948 1962 τὸ

377 2002 611 2072 φωτίζον
645 2001 819 2054 πάντα
839 2000 1118 2072 ἄνθρωπον
1147 2001 1440 2072 ἐρχόμενον
1471 2001 1551 2065 εἰς
1571 2002 1660 2056 τὸν
1707 2003 1906 2073 κόσμον
1930 2020 1943 2033 ·

375 2095 465 2148 ὅτε
493 2095 585 2148 καὶ
618 2094 777 2160 δείξει
807 2092 970 2146 αὑτοῦ
1003 2093 1063 2146 τὸ
1090 2093 1403 2164 πρόσωπον·
1433 2094 1493 2146 οὑ
1519 2094 1626 2167 γὰρ
1651 2095 1725 2158 ὡς
1784 2095 1948 2148 πάλαι

375 2186 455 2256 τῷ
479 2188 701 2240 Μωῡσεῖ
722 2202 848 2239 ποτε
882 2185 1082 2253 ἔλεγεν,
1113 2187 1194 2238 ὅτι
1224 2186 1298 2239 Τὰ
1321 2187 1510 2241 ὀπίσω
1527 2205 1646 2257 μου
1670 2188 1805 2258 ὕψει
1826 2229 1841 2252 ,
1882 2188 1949 2242 τὸ

368 2275 447 2328 -δὲ
477 2277 804 2344 πρόσωπόν
839 2293 956 2345 μου
989 2277 1099 2328 οὐκ
1136 2275 1466 2344 ὀφθήσεταί
1496 2291 1628 2339 σοι,
1663 2277 1806 2334 οὕτω
1855 2280 1950 2332 καὶ

369 2369 498 2422 ’τότε
529 2369 772 2438 ποιήσει’
805 2367 919 2421 ἀλλ’
951 2366 1122 2432 οὕτως
1155 2367 1344 2421 ἐαυτὸν
1375 2369 1600 2441 παρέξει
1626 2372 1738 2434 τοῖς
1755 2370 1947 2438 ἁγίοις,

371 2461 455 2524 «ὡς
502 2460 766 2514 δύνασθαι
816 2462 1021 2524 πάντας
1066 2459 1272 2529 λέγειν’
1313 2460 1501 2530 Ἡμεῖς
1541 2461 1628 2524 δὲ,
1659 2463 1950 2516 ἀνακεκα-

371 2551 661 2620 λυμμένῳ
688 2550 984 2619 προσώπῳ
1016 2549 1130 2619 τὴν
1156 2551 1344 2617 δόξαν
1379 2553 1597 2620 Κυρίου
1640 2569 1952 2621 κατοπτρι-

382 2644 627 2713 ζόμενοι,
659 2642 773 2710 τὴν
818 2643 1012 2711 αὐτὴν
1047 2643 1247 2696 εἰκόνα
1280 2646 1806 2714 μεταμορφούμεθα
1833 2645 1949 2699 ἀπὸ

381 2733 566 2800 δόξης
593 2737 679 2800 εἰς
705 2734 910 2798 δόξαν.
946 2734 1056 2788 Kal.
1085 2735 1205 2789 τότε
1240 2735 1299 2786 οὐ
1331 2733 1525 2804 νεφέλη
1581 2733 1796 2805 βοήσει,
1829 2733 1950 2787 οὐδὲ

381 2826 469 2878 διὰ
497 2827 768 2898 νεφέληςὸ
793 2827 979 2899 Πατὴρ
1014 2827 1350 2900 μαρτυρήσει
1377 2826 1454 2897 τῷ
1484 2825 1618 2896 Υἰῷ,
1647 2826 1760 2879 ἀλλ’
1791 2826 1952 2891 αὐτὸς

379 2919 447 2972 δι’
471 2918 664 2972 ἐαυτοῦ
689 2919 812 2990 δίχα
840 2921 1038 2984 παντὸς
1061 2921 1513 2990 ἐπισκιάσματος,
1545 2920 1638 2971 καὶ
1665 2917 1786 2989 δίχα
1815 2937 1950 2972 παν-

381 3011 471 3074 τὸς
495 3011 793 3084 ἑρμηνέως,
845 3013 993 3084 αὐτῷ
1033 3012 1110 3084 τῷ
1152 3013 1296 3084 ἔργῳ
1323 3012 1412 3065 τὸν
1472 3011 1728 3081 μονογενῆ
1787 3011 1951 3064 αὑτοῦ

2053 1823 2210 1892 gitari
2248 1831 2422 1890 potest
2456 1821 2540 1875 vel
2586 1821 2858 1876 sensibilis
2911 1823 2992 1875 vel
3027 1820 3403 1874 intellectualis
3441 1830 3626 1874 creata

2055 1915 2142 1969 lux
2173 1914 2645 1984 :quandoquidem
2679 1914 2792 1982 ipse
2824 1913 2912 1965 lux
2948 1922 3030 1967 est
3070 1928 3190 1983 qua:
3216 1912 3482 1965 illuminat
3507 1927 3626 1965 om-

2055 2021 2175 2060 nem
2229 2005 2497 2059 hominem
2531 2003 2832 2058 venientem
2877 2005 2929 2056 in
2972 2005 3112 2056 hunc
3157 2004 3434 2055 mundum.
3473 1999 3626 2055 Tunc

2053 2101 2215 2151 etiam
2263 2097 2455 2151 faciem
2504 2113 2658 2151 suam
2710 2097 2987 2150 revelabit.
3021 2095 3134 2148 Non
3174 2095 3359 2159 enim,
3392 2103 3450 2146 ut
3497 2096 3624 2148 olim

2055 2196 2220 2267 Moysi
2269 2196 2468 2250 dictum
2510 2195 2632 2259 fuit,
2680 2194 2986 2248 Posteriora
3032 2209 3146 2245 mea
3194 2191 3406 2256 videbis,
3456 2190 3628 2242 vultus

2055 2299 2228 2341 tamen
2259 2305 2290 2340 a
2313 2297 2360 2339 te
2387 2303 2489 2355 non
2521 2285 2893 2356 spectaln'lnr'“3
2921 2303 2935 2351 ;
2967 2300 3070 2338 non
3098 2286 3200 2356 sic,
3237 2283 3478 2350 inquam,
3501 2291 3628 2335 tunc

2055 2395 2268 2450 quoque
2295 2393 2354 2432 se
2376 2388 2522 2450 geret
2551 2395 2564 2444 ;
2597 2379 2689 2433 sed
2725 2380 2796 2432 ita
2828 2387 2998 2431 semet
3025 2377 3230 2431 sanctis
3259 2375 3630 2437 exhibebit,ut

2055 2487 2242 2527 omnes
2288 2473 2470 2526 dicere
2511 2482 2758 2539 queant:
2804 2469 2918 2523 Nos
2964 2470 3185 2523 revelata
3224 2471 3358 2538 [acie
3402 2468 3626 2536 gloriam

2055 2562 2269 2616 Domini
2310 2564 2658 2632 speculantes,
2699 2563 2754 2614 in
2793 2563 3025 2614 eamdem
3062 2561 3337 2630 imaginem
3361 2560 3627 2627 transfor-

2056 2669 2261 2706 mamur
2287 2653 2350 2707 de
2370 2654 2539 2723 gloria
2568 2654 2620 2704 in
2645 2652 2866 2720 gloriam
2889 2651 2956 2702 ⁷⁸.
2993 2650 3144 2702 Tunc
3176 2666 3304 2703 vero
3351 2650 3491 2702 haud
3528 2665 3626 2701 nu-

2057 2742 2151 2799 bes
2197 2744 2483 2810 clamabit,
2517 2757 2690 2811 neque
2738 2742 2803 2796 de
2849 2741 2988 2794 nube
3041 2740 3200 2795 Pater
3251 2741 3629 2793 testilicabitur

2058 2837 2212 2898 Filio,
2239 2835 2330 2889 sed
2361 2835 2473 2904 ipse
2513 2848 2608 2902 per
2644 2847 2724 2897 se,
2757 2834 2962 2901 absque
3012 2832 3120 2884 ullo
3162 2833 3499 2900 operimento
3547 2831 3627 2885 vel

2059 2925 2377 2995 interprete,
2415 2939 2602 2995 reapse
2645 2925 2981 2994 unigenitum
3032 2922 3223 2977 Filium
3274 2938 3427 2977 suum
3463 2936 3626 2992 supra

2058 3033 2246 3072 omnes
2274 3029 2490 3072 sanctos
2533 3016 2892 3082 glorilicabit,
2933 3030 3303 3071 consessorem
3347 3029 3500 3068 suum
3546 3029 3629 3066 re-

382 3102 511 3156 Υἱὸν
543 3103 636 3156 ἐπὶ
669 3104 884 3158 πάντων
923 3107 1030 3158 τῶν
1061 3105 1230 3174 ἁγίων
1259 3103 1422 3158 αὑτοῦ
1449 3103 1696 3170 δοξάσει,
1727 3103 1952 3176 σύνθρο-

2058 3111 2254 3179 gniqne
2282 3109 2603 3180 participem
2631 3123 2751 3163 esse
2792 3109 3193 3172 demonstrans,
3227 3115 3284 3160 et
3315 3120 3474 3173 supra
3514 3121 3631 3158 om-

381 3212 473 3249 νον
523 3196 680 3250 αὐτὸν
741 3195 919 3268 ἑαυτῷ
977 3200 1070 3252 καὶ
1117 3197 1451 3269 συμϐασιλέα
1493 3196 1799 3264 ἀποδείξας,
1866 3199 1956 3251 καὶ

382 3289 637 3360 ὑπεράνω
667 3291 845 3364 πάσης
872 3293 1045 3363 ἀρχῆς
1074 3292 1421 3362 καταστήσας
1447 3289 1608 3343 αὐτόν
1632 3306 1645 3319 ·
1673 3288 1796 3342 οὔτε
1828 3290 1956 3342 οὐκ·

381 3380 462 3433 ἐτι
524 3380 709 3454 ὥσπερ
751 3383 869 3436 τότε
918 3387 966 3437 οἱ
1020 3387 1168 3456 τρεῖς
1229 3382 1466 3454 μαθηταὶ
1524 3381 1674 3452 μόνοι
1725 3379 1816 3433 ἐπὶ
1860 3379 1954 3434 τοῦ

380 3472 542 3544 ὅρους
590 3475 919 3540 ἀκούσαντες
957 3476 1056 3546 τῆς
1089 3477 1269 3547 φωνῆς
1297 3475 1388 3528 ἐπὶ
1425 3475 1712 3545 πρόσωπον
1743 3472 1954 3538 ἔπεσον,

383 3568 478 3620 καὶ
508 3567 871 3640 ἐφοϐήθησαν,
914 3568 1049 3622 ἀλλὰ
1082 3569 1175 3621 καὶ
1201 3570 1308 3622 πᾶν
1332 3567 1459 3636 γόνυ
1491 3565 1696 3637 κάμψει
1723 3568 1955 3635 ἐπουρα-

382 3659 512 3712 νίων
548 3662 641 3713 καὶ
675 3662 928 3730 ἐπιγείων
961 3662 1054 3714 καὶ
1086 3660 1473 3731 καταχθονίων.
1680 3654 1693 3674 ‘

409 3751 580 3820 Φωνή
615 3752 847 3822 ἐγένετο
873 3754 940 3806 ἐκ
969 3753 1077 3822 τῆς
1112 3753 1370 3823 νεφέλης
1397 3752 1682 3822 λέγουσα,
1714 3770 1766 3805 κ.
1799 3770 1848 3806 τ.
1875 3751 1923 3804 λ.

454 3843 607 3914 Φωνὴ
634 3845 871 3916 πατρικὴ
894 3845 982 3898 διὰ
1007 3846 1254 3917 νεφέλης,
1285 3845 1457 3909 οῦτως
1503 3844 1612 3915 γὰρ
1643 3846 1887 3914 φαίνεται
1929 3847 1957 3897 ὁ

383 3933 538 3999 Θεὸς,
578 3935 872 4007 ἐμαρτύρει
901 3937 1120 4009 Χριστῷ
1154 3936 1249 4008 τὴν
1290 3937 1540 4006 υίότηταο
1579 3936 1681 3988 ἔδει
1728 3936 1835 4007 γὰρ
1882 3937 1955 4007 μὴ

386 4027 536 4097 παρά
563 4028 766 4098 Πέτρου
797 4027 958 4098 μόνου
987 4029 1320 4098 γνωσθῆναι,
1346 4028 1424 4080 ὅτι
1448 4026 1608 4092 αὐτὸς
1648 4029 1732 4099 εἴη
1768 4031 1796 4081 ὁ
1826 4029 1958 4098 Χρι-

388 4119 558 4182 στὺςὸ
590 4121 714 4184 Υἱὸς
746 4121 838 4174 τοῦ
878 4122 1010 4175 Θεοῦ
1039 4123 1133 4176 τοῦ
1168 4121 1399 4188 ζῶντος·
1435 4121 1556 4192 μηδ’
1605 4121 1766 4174 αὑτὸν
1800 4121 1956 4191 μόνον

384 4214 462 4284 τῷ
487 4215 674 4288 Πέτρῳ
710 4217 1190 4289 μεμαρτυρηκέναι
1212 4217 1286 4279 ὡς
1309 4214 1459 4287 παρά
1485 4212 1578 4267 τοῦ
1623 4213 1835 4284 Πατρος
1863 4212 1954 4265 τοῦ

387 4310 446 4361 ἐν
476 4312 586 4372 τοῖς
614 4311 862 4382 οὐρανοῖς
889 4310 987 4382 τὴν
1016 4312 1142 4381 περὶ
1171 4307 1334 4363 αὑτοῦ
1363 4307 1562 4376 γνῶσιν
1585 4303 1818 4375 εἰληφὼς
1846 4302 1950 4374 εἴη·

387 4399 521 4455 ἀλλὰ
545 4403 636 4456 καὶ
684 4403 852 4475 αὐτὴν
884 4406 983 4474 τὴν
1011 4403 1280 4473 πατρικὴν
1337 4399 1518 4471 φωνὴν
1562 4396 1955 4468 ἐπισφραγίσα-

390 4492 510 4547 σθαι
542 4495 638 4566 τὴν
682 4496 936 4567 ἀλήθειαν
973 4495 1069 4549 τοῦ
1119 4496 1308 4563 λόγου,
1368 4490 1743 4565 μαρτυροῦσαν
1794 4487 1954 4542 αὐτὸν

387 4582 524 4641 εἶναι
561 4589 686 4641 Υἱὸν
713 4589 805 4642 τοῦ
838 4589 995 4657 Θεοῦ,
1028 4588 1136 4642 δεῖν
1171 4605 1229 4642 τε
1283 4586 1498 4641 ἀκούειν
1519 4582 1682 4636 αὐτοῦ
1716 4595 1956 4652 παρακε-

387 4679 705 4755 λευομένην.
1637 4689 1639 4692 ‘

401 4772 542 4825 Ἐὰν
563 4774 680 4842 μὲν
773 4775 919 4847 ,ἐκεῖ
942 4778 970 4828 ὁ
1002 4776 1130 4842 υίὸς
1175 4773 1435 4847 εῐρήνης,
1473 4770 1957 4847 ἐίταναπαύσεται

756 4846 850 4899 ἐπ’
881 4847 1069 4900 αὐτὸν
1097 4848 1134 4915 ἡ
1161 4843 1369 4914 εἰρήνη
1399 4843 1585 4912 ὑμῶν.

469 4939 633 5010 Ὁρᾷς
681 4897 826 5002 ὅπως
1274 4897 1523 5006 ,καὶσμὴ
1563 4935 1725 4986 πᾶσιν
1769 4897 1981 4998 ἀνέδηνγ

388 5031 614 5097 ἑαυτοὺς
640 5033 904 5087 ἐκδιδόναι
943 5033 1192 5104 παρῄνει,
1229 5030 1364 5084 ἀλλά
1385 5030 1480 5083 καὶ
1505 5026 1750 5098 πρώτους
1776 5024 1876 5091 τῆς
1901 5021 1961 5086 ἐξ

387 5121 571 5177 αὐτῶν
610 5122 926 5194 εὐεργεσίας
957 5121 1316 5192 ἀπάρχεσθαι,
1353 5119 1447 5173 καὶ
1489 5117 1734 5186 πρώτους
1761 5111 1958 5166 διδόναι

384 5215 501 5269 τῶν
546 5216 726 5278 αὐτοῖς
759 5215 1151 5285 ὑπαρχόντων;
1191 5214 1393 5284 Εἰρήνη
1422 5211 1476 5264 δὲ
1516 5206 1583 5282 ἦν
1623 5207 1781 5276 αὕτη,
1824 5203 1958 5275 πρέ-

387 5325 567 5362 πουσα
603 5308 738 5364 θεοῦ
785 5306 1140 5381 στρατιώταις
1180 5305 1353 5376 φωνὴ,
1396 5305 1682 5375 νικητήρια
1723 5300 1845 5352 κατ’
1872 5299 1962 5366 ὲχο

388 5403 536 5475 θρῶν
565 5403 875 5476 ἀραμένοις.
917 5401 1114 5468 Δίωξιν
1149 5397 1280 5470 γοῦν
1315 5397 1541 5470 ἐχθρῶν,
1572 5396 1667 5450 καὶ
1705 5391 1961 5462 καθαίρε-

389 5512 475 5548 σιν
505 5496 798 5566 πολεμίων,
823 5491 955 5548 Θεοῦ
980 5511 1038 5547 τε
1066 5491 1282 5564 φιλικὰς
1303 5488 1590 5558 διαλλαγὰς
1608 5487 1670 5541 τὸ
1691 5485 1789 5557 τῆς
1813 5481 1962 5552 εἰρή-

2059 3217 2180 3255 nem
2229 3201 2586 3270 principatum
2639 3199 2997 3254 constituens.
3027 3199 3178 3253 Tunc
3225 3197 3366 3252 haud
3410 3195 3544 3264 jam,
3575 3207 3631 3248 nt

2061 3301 2171 3346 tres
2209 3292 2336 3345 olim
2368 3292 2466 3344 soli
2500 3291 2744 3358 discipuli
2777 3290 2957 3343 audita
3005 3290 3056 3342 in
3093 3297 3274 3341 monte
3300 3301 3432 3340 voce
3460 3287 3512 3340 in
3550 3285 3633 3338 la-

2058 3385 2194 3437 ciem
2223 3384 2567 3453 prociderunt
2598 3397 2662 3436 ac
2708 3381 3123 3448 pertimuerunt,
3159 3380 3251 3432 sed
3287 3394 3445 3433 omne
3489 3393 3629 3447 genu

2058 3473 2300 3530 ﬂectetur
2318 3474 2634 3539 cmlestium,
2661 3471 2994 3526 terrestrium
3021 3480 3076 3524 et
3108 3469 3437 3524 inferuerunt
3455 3469 3521 3523 ⁸⁸.

2303 3748 2344 3782 ³¹
2380 3749 2493 3804 V0.1:
2514 3750 2577 3803 de
2603 3748 2735 3802 nube
2757 3747 2899 3817 [acta
2923 3756 3021 3810 est,
3051 3746 3249 3809 dicens,
3274 3752 3382 3799 etc.

2127 3845 2243 3898 Vox
2269 3853 2488 3914 paterna
2518 3855 2581 3894 ex
2611 3841 2772 3904 nube,
2810 3853 2932 3892 nam
2963 3837 3040 3891 sic
3091 3835 3232 3890 Deus
3281 3843 3521 3904 apparet,
3551 3834 3632 3889 di-

2057 3939 2312 4008 gnitatem
2345 3933 2463 3988 Filii
2507 3932 2726 3987 Christo
2755 3929 3129 3983 attestabatur.
3158 3925 3450 3996 Oportebat
3486 3929 3630 3980 enini

2061 4029 2199 4084 haud
2230 4043 2259 4081 a
2284 4027 2398 4082 solo
2426 4026 2586 4080 Petro
2615 4023 2893 4094 cognosci,
2934 4036 3056 4075 eum
3086 4035 3204 4075 esse
3235 4020 3505 4074 Christum
3543 4022 3632 4073 Dei

2060 4120 2162 4174 viri
2195 4119 2410 4173 Filium.
2433 4116 2617 4187 Neque
2649 4117 2818 4185 ipsum
2855 4113 3128 4168 Christum
3160 4110 3528 4166 tantummodo
3554 4119 3634 4162 te-

2057 4211 2186 4265 stari
2218 4210 2377 4265 Petro
2398 4217 2674 4278 acceptam
2706 4222 2734 4260 a
2766 4205 2925 4260 Patre
2948 4204 3156 4260 cmlesti
3187 4205 3253 4257 de
3277 4219 3333 4256 se
3351 4201 3628 4263 notitiam;

2057 4303 2152 4357 sed
2190 4303 2383 4369 ipsam,
2421 4300 2659 4368 inquam,
2686 4306 2967 4366 paternam
3010 4310 3196 4348 vocem
3235 4293 3518 4346 veritatem
3551 4292 3632 4344 di-

2058 4392 2130 4447 cti
2175 4393 2330 4459 quasi
2391 4389 2566 4459 sigillo
2611 4388 2970 4453 conﬁrmare,
3007 4385 3256 4440 testando
3299 4383 3469 4451 ipsum
3509 4396 3632 4435 esse

2059 4485 2332 4538 Christum
2351 4483 2444 4536 Dei
2472 4482 2662 4536 Filium
2689 4498 2704 4547 ;
2729 4479 2886 4550 eique
2911 4493 3030 4535 esse
3063 4474 3472 4531 auscultandum
3497 4490 3633 4543 pra:-

2059 4576 2258 4645 cipere.

2062 4756 2106 4787 ⁸²
2136 4753 2193 4809 Si
2221 4752 2430 4824 quidem
2459 4751 2530 4804 ibi
2569 4748 2723 4872 [alim
2765 4751 2909 4816 ﬁlias
2941 4747 3106 4812 pacis,
3155 4743 3434 4813 requiescet
3475 4757 3632 4808 super

2592 4837 2607 4872 ι
2655 4837 2740 4872 um
2774 4835 2877 4872 ηοω
2918 4829 3105 4872 vestra.

2592 4829 2740 4874 illum
2773 4835 2877 4887 pax
2918 4829 3105 4872 vestra.

2133 4916 2324 4972 Viden’
2351 4919 2617 4985 quomodo
2642 4921 2769 4967 ante
2786 4909 3138 4980 perpendere,
3177 4921 3351 4974 neque
3381 4903 3631 4960 omnibus

2063 5011 2276 5065 incaute
2308 5023 2365 5063 se
2386 5007 2725 5062 committere
2755 5003 3022 5062 hortatur,
3056 4999 3150 5053 sed
3182 5009 3234 5051 et
3257 4998 3401 5066 ipsos
3424 4994 3631 5063 priores

2061 5103 2272 5158 initium
2316 5099 2560 5155 beneﬁcii
2595 5098 2795 5158 facere,
2823 5104 2876 5148 et
2904 5093 3113 5161 priores
3146 5091 3210 5143 de
3257 5087 3477 5158 proprio
3507 5086 3632 5139 aliis

2068 5195 2305 5249 tribuere
2334 5191 2356 5246 ?
2388 5193 2463 5246 De
2494 5203 2626 5262 pace
2660 5197 2840 5242 autem
2863 5185 2950 5240 hic
3005 5184 3196 5251 agitur,
3234 5193 3353 5250 qua:
3385 5180 3477 5234 Dei
3529 5179 3630 5232 mi-

2067 5288 2215 5343 litum
2255 5301 2359 5340 τοι
2391 5284 2602 5353 propria
2625 5289 2730 5344 est,
2759 5279 2849 5348 qui
2883 5275 3165 5330 victoriam
3188 5274 3251 5328 de
3276 5273 3519 5328 hostibus
3545 5286 3630 5324 re-

2066 5383 2319 5438 tulerunt.
2351 5379 2488 5449 Ergo
2527 5374 2862 5429 inimicorum
2893 5367 3323 5441 persecutionem
3347 5407 3364 5430 ,
3393 5365 3628 5420 hostium

2066 5475 2312 5539 exitium,
2340 5467 2650 5526 benevolam
2685 5480 2805 5522 cum
2838 5464 2948 5518 Deo
2976 5462 3491 5523 reconciliationem,
3529 5459 3628 5513 sub

472 5695 514 5727 ’⁷
540 5711 658 5768 cap.
689 5695 870 5763 tx,9.3.
947 5697 991 5730 7-“
1026 5696 1190 5753 Exod.
1234 5711 1420 5762 sunt,
1630 5692 1671 5723 7-“
1705 5688 1745 5744 il
1777 5688 1901 5745 Cor.
1941 5702 1952 5740 ι

2061 5686 2112 5742 8.
2189 5682 2234 5716 ⁸⁸
2266 5679 2472 5751 Philipp
2519 5693 2577 5748 ιι,
2613 5678 2697 5732 10.
2775 5676 2816 5709 ⁸¹
2844 5690 2963 5747 cap.
2998 5689 3072 5744 ts,
3101 5673 3192 5728 Si.
3280 5673 3330 5741 ,δ’
3353 5684 3468 5740 cap.
3499 5663 3610 5734 κϐ.
