4108 6204
471 239 573 298 εει

1143 237 1412 295 EUSEBII
1450 237 1922 294 CxESARlENSIS
1959 236 2110 292 OPP.
2151 235 2330 292 PARS
2370 237 2456 291 111.
2497 267 2562 276 ———
2603 236 3017 293 EXEGETICA.

3602 239 3710 295 553

471 359 619 424 pacis
646 358 867 415 nomine
904 359 1080 428 dignis
1131 361 1463 428 assignabat.
1509 359 1696 430 Itaque
1737 362 1860 415 data
1892 361 2041 430 prius

2153 375 2240 429 νης
2275 358 2442 428 ονομα
2473 361 2585 422 τοῖς
2615 359 2786 425 ἀξίοις
2828 359 3128 430 προὺξένει.
3175 359 3389 430 Ταύτην
3433 360 3716 429 τοιγαροῦν

472 456 571 509 hac
605 471 738 524 pace
762 455 970 509 illorum
1002 454 1310 517 animabus.
1348 455 1438 524 qui
1471 470 1530 511 se
1563 455 1799 524 hospitio
1825 469 2046 526 recepe-

470 549 598 610 rint,
625 561 750 601 tunc
781 550 992 601 demum
1021 547 1274 602 alimenta
1295 549 1363 602 ab
1397 549 1463 604 iis
1493 549 1737 619 accipere
1767 548 2043 603 suadebat.

470 639 831 706 Quamobrem
863 640 1171 699 necessario
1192 641 1595 710 praemonebat,
1625 657 1692 695 ue
1713 640 1765 696 in
1796 641 1943 695 omni
1968 641 2047 694 in'-

471 731 781 786 diﬂlercuter
818 731 978 784 domo
1035 732 1469 801 hospitarentur,
1505 748 1638 787 neve
1675 749 2048 804 quemcunque

473 825 742 877 hominem
773 825 990 894 dignum
1018 826 1330 894 judicarent
1363 827 1517 896 cujus
1563 827 1797 896 hos'pitio
1829 835 2048 880 uteren-

475 927 589 982 tur;
619 920 712 972 sed
749 919 1101 986 exquirerent
1138 935 1266 972 num
1302 919 1423 988 quis
1459 920 1510 972 in
1547 918 1761 973 civitate
1784 927 1928 972 esset
1966 919 2046 973 vel

471 1011 524 1062 in
556 1026 708 1078 agro,
748 1011 904 1064 bonis
949 1010 1159 1065 actibus
1212 1022 1511 1080 sanctaque
1545 1011 1652 1064 vita
1705 1011 2045 1079 conspicuus.

473 1104 560 1168 qui
596 1105 772 1170 regios
804 1103 1001 1158 milites
1032 1112 1214 1172 posset
1240 1104 1454 1157 virtutis
1497 1103 1671 1156 xeniis
1695 1103 1963 1168 excipere.
1991 1103 2046 1155 Si

472 1195 687 1262 quando
722 1205 900 1247 autem
934 1194 1240 1264 hujusmodi
1287 1195 1483 1263 aliquis
1510 1195 1894 1261 iiuveniretur,
1925 1205 2050 1249 tunc

473 1284 630 1350 hujus
670 1295 868 1338 tectum
904 1273 1220 1348 subeuntes,
1249 1285 1460 1339 militia:
1500 1299 1611 1338 sure
1658 1299 1810 1338 arma
1839 1285 1893 1338 in
1936 1286 2049 1355 pri-

474 1375 576 1429 mis
629 1385 995 1443 exponerent;
1029 1386 1155 1429 sunt
1185 1383 1362 1428 autem
1412 1374 1526 1428 haec
1569 1374 1716 1443 pacis
1753 1374 1992 1445 symbola
2031 1391 2045 1427 :

474 1463 703 1532 ideoque
741 1475 795 1518 et
840 1465 1104 1532 hospitem
1137 1475 1192 1518 et
1225 1467 1531 1518 universam
1564 1466 1781 1518 domum
1816 1465 1930 1533 ejus
1957 1480 2051 1534 pa-

473 1557 625 1610 cifica
649 1555 974 1610 salutatione
1003 1556 1410 1622 impertirentur
1446 1573 1461 1612 :
1493 1557 1684 1610 deinde
1721 1556 1827 1610 illic
1868 1573 2050 1612 mane-

473 1658 614 1712 rent,
666 1663 840 1717 neque
864 1647 1240 1712 abscederent,
1292 1649 1376 1702 vel
1429 1650 1494 1703 de
1542 1650 1701 1703 domo
1749 1650 1798 1702 in
1835 1651 2046 1704 donunn

473 1741 636 1795 irent.
674 1738 764 1794 Sic
795 1742 936 1796 enim
972 1741 1226 1810 exquisiti
1271 1742 1538 1796 examinis
1581 1743 1835 1796 indicium
1873 1744 2052 1798 dedis-

471 1843 594 1888 sent
624 1857 634 1888 :
673 1849 795 1887 nam
826 1838 1176 1888 temerarium
1201 1843 1255 1888 et
1279 1835 1650 1900 subitaneum,
1687 1851 1792 1889 non
1824 1845 1906 1891 est
1939 1847 2050 1890 sta-

472 1925 578 1979 bile
604 1941 780 1994 neque
811 1931 1110 1981 constantis
1139 1926 1326 1980 moris.
1372 1928 1495 1980 Ideo
1526 1927 1796 1991 monebat,
1833 1943 1900 1980 ne
1941 1928 2053 1980 vel-

471 2016 584 2071 ient
605 2027 762 2071 antea
790 2019 1212 2082 conttnorari,et
1245 2019 1439 2072 deinde
1492 2020 1740 2071 notitiam
1774 2020 2054 2086 exquirere

474 2124 582 2175 quo
616 2107 756 2160 facto
783 2107 849 2161 ad
894 2107 1055 2160 alium
1091 2107 1384 2160 transirent
1419 2122 1539 2160 cum
1575 2108 1802 2174 hospitis
1832 2108 2050 2176 injuria.

475 2201 608 2254 Item
664 2203 708 2254 si
753 2209 808 2255 et
867 2202 955 2254 hic
1007 2202 1274 2268 posterior
1336 2202 1589 2270 indignus
1628 2198 1858 2268 hospitio
1900 2218 2046 2254 com-

475 2292 748 2361 pcriretur
767 2307 952 2345 rursus
976 2291 1122 2343 illinc
1143 2291 1305 2343 etiam
1323 2291 1678 2353 discederent,
1698 2292 2052 2344 voluntariam

479 2385 818 2436 inimicitiam
868 2385 1282 2446 contrahentes.
1339 2395 1621 2450 postquam
1680 2399 1864 2452 pacein
1905 2399 2052 2436 suam

479 2477 544 2529 ad
570 2477 823 2545 indignos
856 2477 1231 2545 projecisseut.
1263 2476 1368 2529 Sed
1399 2477 1541 2529 enim
1568 2486 1778 2544 Oportet
1805 2476 1950 2545 prius
1978 2476 2056 2527 tli-

471 2570 706 2637 ligenter
737 2570 1031 2639 inquirere,
1066 2579 1245 2622 ulrutn
1292 2567 1484 2634 aliquis
1516 2568 1705 2637 dignus
1737 2569 1840 2632 sit;
1866 2567 2055 2622 deinde

477 2662 544 2715 ad
575 2677 697 2714 eum
755 2662 1076 2716 accedentes
1106 2701 1122 2724 ,
1157 2661 1307 2729 pacis
1358 2660 1558 2714 bonum
1607 2659 2006 2714 communicare
2038 2676 2052 2725 ;

477 2769 708 2824 eamque
761 2756 976 2808 abunde
1008 2765 1113 2808 uo‘n
1161 2754 1208 2808 ei
1261 2754 1630 2807 tantummodo
1667 2752 1755 2820 qui
1793 2753 2053 2820 optimnnt

479 2845 844 2896 testiinonium
882 2843 1061 2905 habet,
1101 2843 1195 2896 sed
1253 2842 1346 2895 loti
1395 2858 1611 2911 quoque
1662 2853 1881 2910 propter
1933 2856 2054 2895 eum

479 2933 682 2988 domui.
709 2933 860 2998 Quod
897 2935 938 2984 si
969 2933 1131 3001 digno
1159 2933 1339 2999 aliquo
1376 2933 1679 2998 excipiente
1716 2933 1862 3003 regni
1913 2932 2054 2986 mili-

2146 453 2601 524 προδανείσαντας
2638 452 2735 523 τήν
2765 455 2986 525 εἰρήνην
3013 456 3131 516 ταῖς
3166 453 3273 507 τῶν
3311 452 3720 522 ὑποδεξαμένων

2145 546 2340 608 αὐτοὺς
2372 544 2588 614 ψυχαῖς,
2630 544 2729 613 τῆς
2775 547 2904 616 παρ’
2934 546 3110 598 αὐτῶν
3135 548 3340 616 τροφῆς
3375 544 3724 616 μεταλαμϐά-

2146 653 2289 689 νειν⁸
2342 635 2421 689 διὸ
2462 635 2773 703 ἀναγκαίως
2815 636 3248 706 προδιεστέλλετο
3300 636 3373 707 μὴ
3420 637 3501 698 είς
3548 635 3723 688 πάντα

2147 727 2513 800 παραϐάλλειν
2554 721 2722 792 οἰκον,
2759 728 2890 798 μηδὲ
2933 727 3108 781 πάντα
3139 729 3303 799 ἄνδρα
3328 728 3427 797 τῆς
3455 727 3724 796 ὑποδοχῆς

2147 821 2327 874 αὐτῶν
2359 820 2510 886 ἀξιον
2545 814 2681 873 εἶναι
2711 819 2913 890 κρίνειν
2933 835 2946 849 ο
2994 821 3304 890 προερωτᾷν
3333 819 3389 870 δὲ
3437 817 3490 870 εἴ
3521 835 3603 881 τις
3634 817 3719 890 εἴη

2147 913 2252 966 τῶν
2318 912 2457 967 κατὰ
2506 913 2606 983 τὴν
2664 911 2816 965 πόλιν
2855 912 2886 983 ἢ
2937 911 3032 982 τήν
3060 910 3238 982 χώραν
3264 909 3493 979 ἀγαθαῖς
3525 910 3724 982 πράξε-

2150 1024 2202 1060 σι
2243 1005 2335 1059 καὶ
2363 1005 2461 1076 βίῳ
2504 1004 2686 1077 σεμνῷ
2719 1005 3228 1076 μεμαρτυρημένος,
3261 1002 3331 1066 ὡς
3364 1003 3485 1066 τοὺς
3516 1002 3721 1073 βασιλι-

2149 1099 2276 1164 κοὺς
2321 1099 2652 1171 στρατιώτας
2695 1097 2952 1151 δύνασθαι
2989 1095 3180 1160 ξενίοις
3227 1095 3428 1166 ἀρετῆς
3467 1094 3722 1159 ὑποδέξα-

2151 1192 2294 1247 σθαι.
2354 1191 2601 1246 Ἐπειδὰν
2642 1189 2698 1244 δέ
2749 1208 2833 1254 τις
2874 1188 3118 1259 εὑρεθείη
3161 1188 3414 1252 τοιοῦτος,
3463 1189 3725 1252 εἰσιόντας

2151 1285 2254 1339 ὑπὸ
2284 1286 2382 1354 τὴν
2409 1283 2598 1337 τούτου
2620 1282 2836 1354 στέγην,
2868 1279 3324 1352 προαποτίθεσθαι
3350 1279 3417 1332 τά
3432 1281 3600 1333 οἰκεῖα
3625 1281 3726 1350 τῆς

2152 1379 2440 1450 στρατείας
2463 1377 2604 1431 ὅπλα
2628 1393 2642 1406 ο
2678 1375 2847 1428 ταῦτα
2869 1375 2915 1427 δ’
2947 1370 3013 1445 ἦν
3042 1373 3110 1427 τὰ
3151 1375 3248 1445 τῆς
3273 1375 3494 1445 εἰρήνης
3528 1374 3726 1444 σύμϐο-

2149 1469 2215 1521 λα
2235 1486 2246 1498 ·
2281 1469 2358 1521 διὸ
2385 1468 2478 1521 καὶ
2505 1467 2664 1521 αὑτὸν
2696 1465 2785 1518 τὸν
2814 1464 3097 1535 ὑποδοχέα,
3131 1466 3225 1517 καὶ
3251 1464 3428 1516 πάντα
3459 1461 3548 1516 τὸν
3578 1459 3724 1515 οἷκον

2151 1559 2313 1613 αὑτοῦ
2364 1558 2650 1631 εἰρηνικῶν
2696 1547 3001 1627 ἀσπασμῶν
3041 1555 3370 1626 ,καταξιοῦνο
3425 1551 3521 1607 εἶτ’
3564 1553 3725 1608 αὐτοῦ

2156 1652 2352 1722 μένειν,
2396 1652 2488 1704 καὶ
2535 1650 2607 1722 μὴ
2658 1647 3032 1720 μεθίστασθαι,
3091 1649 3210 1718 μηδ’
3243 1649 3422 1711 οἴκους
3473 1648 3532 1711 ἐξ
3564 1648 3726 1700 οἴκων

2153 1743 2418 1814 ἀμείϐειν.
2463 1743 2631 1796 Τοῦτο
2666 1742 2774 1812 γάρ
2817 1737 2956 1794 εἶναι
3003 1741 3222 1811 σημεῖον
3269 1738 3729 1810 ἀπηκριϐωμένης

2153 1835 2479 1903 ἐξετάσεως·
2516 1835 2578 1888 τὸ
2604 1835 2710 1906 γάρ
2752 1833 2973 1904 εὐχερὲς
3009 1835 3101 1888 καὶ
3128 1834 3379 1904 ἄκριτον,
3413 1836 3471 1888 οὐ
3505 1832 3730 1904 στερρὸν

2153 1927 2270 1980 οὐδέ
2295 1927 2509 1998 βεϐαίου
2533 1927 2754 1999 τρόπου.
2784 1926 2874 1979 Διὸ
2901 1925 3128 1995 παρῄνει
3159 1924 3230 1995 μὴ
3255 1924 3466 1996 πρῶτον
3499 1923 3733 1994 καταμέ-

2152 2021 2506 2085 νειν,·ἔπειτα
2533 2021 2741 2091 ἐρωτᾷν
2771 2019 2866 2072 καὶ
2892 2017 3268 2081 πυνθάνεσθαι,
3299 2014 3392 2071 εἶτ’
3417 2018 3733 2089 ἐνυϐρίσαν-

2153 2127 2252 2172 τας
2281 2109 2358 2180 τῷ
2390 2108 2523 2179 ξένῳ
2556 2108 2900 2178 μεταϐαίνειν
2939 2109 3022 2178 ἐφ’
3071 2108 3280 2179 ἕτερον.
3310 2107 3427 2160 Κᾶν
3461 2101 3614 2171 οὗτος
3642 2109 3737 2161 ἀνο

2157 2200 2306 2266 agno;
2334 2199 2433 2268 τῆς
2462 2199 2732 2269 ὑποδοχῆς
2767 2199 2983 2270 εὑρεθῇ,
3005 2185 3165 2252 πάλιν
3187 2199 3396 2252 ἐνθένδε
3415 2199 3737 2268 μετανίπα-

2157 2292 2298 2354 σθαι,
2334 2288 2529 2359 ἔχθραν
2571 2289 2816 2342 ἑκούσιον
2857 2290 3290 2360 ἐπισπωμένους,
3342 2289 3478 2360 μετά
3515 2291 3608 2342 καὶ
3636 2290 3735 2343 τοῦ

2153 2382 2249 2453 τὴν
2276 2381 2452 2434 αὐτῶν
2481 2381 2704 2452 εἰρήνην
2743 2383 2824 2443 είς
2861 2381 3111 2447 ἀναξίους
3147 2383 3378 2453 ῥίπτειν.
3423 2381 3560 2434 Ἀλλ’
3583 2384 3738 2453 ἀκριο

2157 2473 2265 2536 ϐῶς
2289 2473 2550 2544 πρότερον
2578 2471 2668 2524 τὸν
2714 2471 2860 2536 ἄξιον
2907 2472 3376 2543 πολυπραγμονεῖν
3395 2490 3408 2502 ο
3448 2473 3616 2525 ἔπειθ’
3645 2472 3738 2526 οὐ·

2153 2582 2230 2617 τω
2265 2563 2651 2636 παρελθόντας.
2695 2563 2803 2616 τῶν
2839 2565 2940 2634 τῆς
2990 2565 3212 2636 εἰρήνης
3260 2563 3478 2633 ἀγαθῶν
3530 2564 3738 2635 μεταδι-

2154 2657 2321 2721 δόναι,
2356 2658 2451 2710 καὶ
2486 2659 2744 2729 παρέχειν
2778 2655 3023 2726 ἀφθόνως
3049 2656 3126 2727 τῷ
3160 2656 3634 2728 μεμαρτυρημένῳ
3672 2655 3736 2708 οὑ

2160 2749 2337 2818 μόνον,
2363 2749 2497 2803 ἀλλά
2523 2750 2616 2802 καὶ
2640 2749 2802 2802 παντί
2825 2747 2902 2818 τῷ
2928 2749 3060 2818 οῐκῳ
3092 2747 3157 2800 δι’
3187 2749 3368 2801 αὐτόν.
3402 2748 3464 2800 Εἰ
3494 2748 3563 2810 δ’,
3586 2748 3738 2818 εὑρε-

2156 2839 2336 2904 θέντος
2377 2839 2528 2904 ἀξίου
2571 2840 2714 2903 τινὸς
2747 2841 2840 2892 καὶ
2888 2839 3282 2910 ὑποδεξαμένου
3320 2839 3410 2892 τὸν
3446 2840 3559 2913 τῆς
3583 2840 3739 2910 βασι-

2155 2931 2303 2996 λείας
2326 2931 2680 3004 στρατιώτην,
2720 2933 2959 3003 συμϐαἰη
2989 2933 3116 2985 ποτέ
3149 2927 3235 2985 οἷα
3263 2930 3520 2996 πολλάκις
3549 2933 3605 2984 ὲν
3644 2932 3739 2985 ἀνο

481 3035 588 3079 tem
612 3066 627 3090 ,
657 3023 798 3078 forte
827 3025 1090 3088 evenerit,
1115 3024 1256 3092 quod
1302 3039 1442 3092 sa'pe
1478 3025 1528 3076 in
1563 3024 1791 3093 religiosi
1825 3024 2051 3078 hominis

2156 3023 2277 3094 δρὸς
2309 3023 2440 3095 οἴκῳ
2479 3025 2766 3088 θεοσεϐοῦς
2808 3023 2964 3077 εἴωθε
3005 3023 3269 3092 γίνεσθαι,
3304 3022 3496 3092 γονέας
3524 3024 3555 3095 ἢ
3587 3021 3738 3075 ἀδελ-

479 3119 640 3171 domo
669 3116 784 3170 ﬁeri
811 3117 964 3177 solet,
984 3129 1236 3184 parentes
1263 3124 1353 3166 aut
1383 3114 1579 3168 fratres
1605 3124 1698 3167 aut
1728 3115 1865 3168 alios
1891 3129 2052 3182 gene-

481 3224 542 3264 re
567 3210 894 3278 propinquos
923 3209 1192 3262 adversari
1232 3223 1293 3260 ac
1337 3207 1530 3261 bellum
1563 3209 1711 3261 ciere
1756 3223 1860 3260 non
1894 3207 2052 3260 modo

479 3311 668 3358 contra
704 3301 975 3370 repulsum
1001 3301 1280 3361 advenam,
1306 3316 1495 3352 verum
1540 3301 1699 3353 etiam
1741 3310 1927 3354 contra
1956 3301 2053 3355 ho-

483 3393 645 3461 spitio
675 3392 1056 3456 houorantem,
1085 3393 1394 3445 necessario
1439 3391 1626 3443 hornm
1659 3406 1870 3459 quoque
1901 3407 2052 3444 men-

484 3485 683 3539 tionem
709 3480 966 3538 Servator
993 3500 1096 3537 nun
1122 3483 1371 3553 neglexit,
1393 3482 1482 3536 sed
1511 3483 1781 3551 przedictis
1809 3483 2012 3538 addidit
2035 3501 2048 3536 :

482 3576 623 3645 quod
653 3576 696 3630 si
724 3575 883 3645 digna
916 3575 1105 3629 domus
1137 3576 1320 3636 fuerit,
1353 3573 1532 3627 veniat
1555 3589 1655 3641 pax
1686 3583 1863 3627 vestra
1894 3590 2053 3642 super

485 3667 668 3730 illam;
704 3669 748 3722 si
783 3667 959 3721 minus
981 3665 1141 3736 digna
1175 3663 1352 3730 fuerit,
1390 3680 1490 3733 pax
1525 3673 1701 3718 vestra
1728 3666 1794 3719 ad
1837 3679 1929 3718 vos
1967 3680 2051 3718 re-

484 3768 746 3812 vertatur.
781 3758 889 3810 Vos
938 3756 1152 3824 quidem
1187 3771 1289 3809 non
1340 3770 1462 3807 eum
1508 3754 1683 3808 solum
1730 3755 1819 3824 qui
1852 3755 2051 3808 bonum

489 3849 854 3904 testimonium
880 3847 1146 3912 habuerit,
1183 3846 1382 3915 quique
1411 3854 1590 3901 vestro
1610 3861 1828 3899 accessu
1863 3848 2054 3915 dignus

492 3940 672 4005 fuerit,
705 3939 852 4008 pacis
889 3937 1354 3992 benedictionibus
1384 3938 1752 4006 impertimini,
1773 3938 1864 3991 sed
1889 3947 1942 3992 et
1959 3939 2053 3992 toti

487 4033 666 4087 domui
693 4031 829 4100 ejus,
865 4032 916 4085 id
959 4041 1041 4085 est
1073 4030 1427 4085 familiaribus
1475 4039 1635 4096 atque
1667 4031 1928 4099 cognatis,
1957 4043 2050 4098 pa-

485 4125 698 4178 cificant
741 4123 966 4177 salutem
1009 4125 1190 4188 dicite,
1237 4133 1581 4190 vestrumque
1616 4121 1844 4175 oflicium
1883 4124 2054 4175 abun—

488 4217 678 4270 danter
703 4224 865 4285 atque
896 4215 1110 4284 copiose
1134 4215 1199 4270 ad
1232 4225 1500 4284 parentes,
1531 4212 1746 4278 fratres,
1768 4225 2053 4283 cognatos-

486 4321 612 4376 que,
641 4317 696 4361 et
727 4316 892 4361 totam
933 4307 1158 4375 hospitis
1189 4306 1404 4360 domum
1439 4305 1715 4361 effundite.
1747 4305 1804 4360 Si
1836 4319 1962 4374 ergo
2002 4315 2056 4360 et

2153 3117 2286 3184 φούς
2326 3116 2358 3187 ἥ
2394 3117 2613 3188 ἐτέρους
2651 3116 2730 3188 τῷ
2758 3117 2904 3186 γένει
2943 3118 3313 3188 προσήκοντας
3364 3115 3736 3169 ἐναντιοῦσθαι

2153 3207 2245 3260 καὶ
2274 3207 2546 3277 πολεμεῖν,
2579 3210 2638 3261 οὐ
2680 3209 2837 3279 μόνον
2878 3211 2967 3262 τὸν
3011 3209 3388 3279 ἐπεξωσμένον
3431 3207 3565 3279 (56),
3601 3206 3739 3261 ἀλλά

2153 3298 2244 3351 καὶ
2267 3299 2327 3350 τὸ
2346 3302 2410 3370 τῇ
2435 3300 2667 3370 ὑποδοχῇ
2701 3301 3050 3371 τετιμηκότα,
3080 3301 3388 3370 ἀναγκαίως
3413 3299 3508 3352 καὶ
3535 3297 3737 3352 τούτων

2152 3391 2180 3442 ὁ
2208 3391 2398 3462 Σωτήρ
2425 3393 2485 3443 οὑ
2530 3391 2775 3462 παρῆλθε
2804 3394 2905 3463 τὴν
2947 3395 3185 3464 μνήμην,
3214 3393 3328 3446 ἀλλ’
3362 3392 3604 3459 ἐπιλέγει
3627 3393 3738 3453 τοῖς

2154 3483 2647 3553 προτεταγμένοις·
2692 3483 2792 3536 κᾶν
2839 3485 2936 3554 μὲν
3049 3488 3080 3557 ή
3120 3486 3263 3538 οἰκία
3291 3485 3434 3550 ἀξία,
3473 3483 3733 3552 ἐλθέτωὴ

2153 3578 2341 3649 εἰρήνη
2375 3577 2528 3648 ὑμῶν
2558 3579 2644 3630 ἐπ’
2676 3579 2875 3650 αὐτήν’
2908 3579 3000 3632 ἐάν
3029 3580 3085 3632 δὲ
3128 3581 3200 3650 μὴ
3299 3578 3448 3645 ἀξία,
3478 3580 3510 3649 ή
3545 3577 3738 3647 εἰρήνη

2156 3669 2306 3739 ὑμῶν
2335 3672 2416 3738 ἐφ’
2443 3670 2588 3739 ὑμᾶς
2621 3671 3022 3742 ἐπιστρεψάτω.
3063 3672 3251 3742 Ὑμεῖς
3287 3671 3382 3740 μὲν
3407 3671 3534 3740 γὰρ,
3573 3668 3731 3738 φησὶ.

2153 3760 2246 3814 τοῦ
2287 3762 2779 3834 μεμαρτυρημένον
2814 3765 2993 3834 χάριν,
3030 3763 3122 3814 τοῦ
3159 3763 3251 3815 καὶ
3295 3761 3395 3830 τῆς
3431 3759 3741 3820 ὲπιϐάσεως

2155 3854 2252 3924 τῆς
2285 3854 2552 3926 ὑμετέρας
2578 3854 2752 3919 ἀξίου,
2783 3856 2856 3927 μὴ
2891 3856 3048 3926 μόνον
3070 3855 3229 3908 αὐτὸν
3259 3857 3375 3916 ταῖς
3392 3853 3492 3922 τῆς
3519 3853 3740 3923 εἰρήνης

2155 3943 2444 4013 εὐλογίαις,
2485 3945 2620 3998 ἀλλὰ
2645 3948 2738 3999 καὶ
2765 3947 2938 4000 πάντα
2964 3946 3053 3999 τὸν
3082 3941 3247 4009 οἷκον,
3273 3945 3472 4014 δηλαδὴ
3495 3943 3620 4006 τοὺς
3643 3942 3743 3994 αὖ·

2155 4036 2247 4089 τοῦ
2278 4037 2511 4100 οἰκείους
2543 4038 2637 4091 καὶ
2666 4041 2962 4106 συγγενεῖς,
2996 4039 3213 4108 εἰρήνης
3248 4035 3553 4104 ἀσπασμοῖς
3580 4033 3743 4100 εὐαγ-

2155 4128 2454 4196 γελίζεσθε,
2483 4130 2576 4182 καὶ
2619 4129 2686 4182 τὰ
2716 4130 2841 4198 παρ’
2872 4128 3026 4199 ὐμῶν
3064 4127 3310 4196 ἀφθόνως
3342 4125 3436 4179 καὶ
3473 4121 3740 4186 πλουσίως

2156 4222 2326 4275 ἀπλού
2337 4221 2444 4274 σθω
2465 4223 2543 4284 είς
2572 4221 2762 4288 γονέας
2787 4221 2877 4273 καὶ
2899 4220 3156 4288 ἀδελφοὺς
3183 4219 3276 4270 καὶ
3307 4218 3588 4285 συγγενεῖς
3604 4214 3742 4267 πάνυ

2158 4331 2224 4367 τα
2251 4331 2308 4367 τε
2343 4314 2433 4366 τὸν
2466 4310 2611 4367 οἶκον
2637 4313 2729 4366 τοῦ
2760 4313 3205 4382 ὑποδεδεγμένου.
3252 4313 3312 4363 Ei
3343 4312 3440 4382 μὲν
3466 4305 3558 4362 οὖν
3581 4308 3740 4378 εὑρε-

485 4395 541 4451 hi
570 4407 747 4451 vestra
768 4396 1143 4452 benedictione
1163 4396 1306 4466 digni
1339 4396 1598 4465 comperti
1631 4395 1851 4461 fuerint,
1879 4397 2051 4452 veniat

2156 4403 2294 4456 θεῖεν
2317 4404 2406 4456 καὶ
2431 4397 2576 4456 οὗτοι
2600 4401 2700 4471 τῆς
2726 4402 2992 4473 ὑμετέρας
3015 4401 3263 4469 εὐλογίας
3292 4401 3451 4464 ἄξιοι,
3476 4397 3680 4451 ἐλθέτω
3703 4398 3736 4467 ἠ

487 4501 588 4556 pax
622 4496 800 4541 vestra
828 4502 988 4557 super
1009 4501 1218 4553 omnes,
1243 4501 1344 4540 cett
1372 4487 1508 4541 ﬁlios
1531 4487 1700 4555 pacis.
1735 4486 1830 4541 Sin
1861 4495 2050 4540 contra

488 4581 670 4634 hostes
695 4594 986 4643 osoresque
1015 4589 1204 4634 vestrae
1234 4578 1381 4648 pacis
1409 4577 1510 4632 visi
1542 4577 1762 4644 fuerint,
1797 4593 1860 4633 ac
1884 4577 2052 4631 nulla-

490 4681 643 4725 tenus
665 4687 726 4725 ea
756 4672 922 4741 digni,
961 4671 1222 4738 tollentes,
1257 4669 1454 4740 inquit,
1471 4671 1610 4725 bona
1634 4679 1811 4724 vestra
1832 4670 1897 4722 ab
1915 4669 2053 4722 indi-

487 4764 605 4834 guis
637 4765 890 4828 recedite,
927 4778 1136 4834 paxque
1162 4773 1340 4819 vestra
1369 4762 1435 4818 ad
1465 4776 1560 4817 vos
1590 4771 1893 4816 revertatur
1915 4802 1930 4825 ,
1961 4776 2053 4815 ve-

487 4867 597 4910 stra
623 4856 826 4911 scilicet
860 4856 1230 4912 benedictione
1260 4857 1326 4912 ad
1373 4871 1469 4912 vos
1502 4855 1759 4910 redeunte
1787 4853 1908 4924 quia
1936 4869 2056 4923 par-

490 4959 571 5005 tes
603 4959 812 5005 vestras
835 4949 1175 5020 implevistis.

563 5131 606 5163 ⁸³
634 5131 702 5186 Et
739 5133 794 5188 in
839 5131 1504 5213 quamcunquecivitatem
1552 5130 1905 5198 intraveritia,
1941 5141 1987 5185 et

963 5211 1278 5271 susceperint
1327 5217 1439 5263 vos,
1471 5211 1574 5254 etc.

561 5291 655 5346 liis
689 5295 867 5347 verbis
913 5309 1099 5350 rursus
1145 5294 1294 5363 ipsos
1335 5292 1489 5363 jubet
1525 5292 1820 5362 prmdicare
1851 5292 1942 5346 Dei
1975 5307 2059 5347 re-

488 5399 672 5455 gnum,
707 5385 868 5452 idque
906 5383 1016 5452 jam
1047 5386 1408 5456 propinquum
1439 5369 1690 5438 nuntiare
1718 5402 1730 5437 :
1759 5396 1929 5452 neque
1967 5396 2060 5434 va-

489 5490 614 5530 nam
636 5491 809 5546 neque
831 5477 948 5531 sine
968 5477 1427 5534 demonstratione
1445 5476 1748 5534 orationem
1774 5473 2056 5542 habentes,

560 5588 606 5621 ⁸³
625 5603 743 5658 cap.
781 5606 832 5655 ι,
864 5591 917 5649 8.

569 5683 674 5756 βθί
715 5683 845 5740 Cod.
883 5681 1242 5754 ἐπεξωμένον.

2157 4497 2343 4567 εἰρήνη
2373 4495 2525 4565 ὑμῶν
2561 4495 2653 4548 ἐπὶ
2698 4496 2903 4558 πάντας
2925 4495 3000 4558 ὡς
3029 4495 3120 4546 ἐπὶ
3139 4496 3288 4556 υἰοὺς
3315 4493 3534 4564 εἰρήνης
3556 4507 3569 4520 ·
3616 4491 3662 4542 εί
3691 4489 3736 4540 δ’

2159 4587 2340 4659 ἐχθροὶ
2374 4587 2468 4640 καὶ
2517 4586 2762 4657 πολέμιοι
2795 4590 2894 4657 τῆς
2936 4586 3206 4657 ὑμετέρας
3243 4585 3453 4654 ὀφθεῖεν
3493 4583 3735 4653 εἰρήνης,

2158 4679 2250 4730 καὶ
2276 4677 2523 4748 οὐδαμῶς
2553 4676 2722 4746 αὐτῆς
2759 4675 2918 4742 ἄξιοι,
2955 4679 3206 4749 ἄραντες,
3239 4673 3733 4746 φησί,τάὑμέτερα

2159 4767 2358 4835 ἀγαθά,
2389 4767 2497 4821 τῶν
2537 4768 2768 4835 ἀναξίων
2794 4769 3148 4840 ὑποχωρεῖτε,
3180 4769 3271 4820 καὶ
3299 4770 3330 4837 ή
3365 4767 3551 4838 εἰρήνη
3583 4762 3737 4833 ὑμῶν

2158 4862 2240 4929 ἐφ’
2277 4861 2418 4930 ὑμᾶς
2444 4859 2842 4930 ἐπιστρεψάτω,
2871 4861 2970 4932 τῆς
3001 4859 3060 4924 ἐξ
3090 4859 3241 4930 ὑμῶν
3279 4858 3522 4925 εὐλογίας
3554 4857 3638 4923 ἐφ’
3676 4857 3736 4907 ὑ-

2161 4956 2266 5024 μᾶς
2293 4956 2451 5008 πάλιν
2492 4954 2938 5027 μεταϐαινούσης,
2979 4956 3061 5008 ὅτι
3093 4954 3153 5021 δὴ
3185 4955 3252 5008 τά
3286 4953 3414 5024 παρ’
3447 4951 3600 5022 ὑμῶν
3644 4967 3740 5002 πε-

2159 5046 2263 5118 πλη
2274 5047 2504 5118 ρώκατε.

2155 5140 2263 5192 Καὶ
2293 5143 2379 5205 εἰς
2405 5140 2485 5208 ἣν
2507 5140 2556 5194 δ’
2590 5141 2666 5195 ἂν
2707 5144 2890 5231 πέλεν
2918 5139 3273 5260 εἰσέρχὶησθε
3316 5136 3412 5189 καὶ
3448 5134 3734 5204 δέχωνται

2738 5230 2914 5260 vunr.
2951 5230 3005 5260 κ-
3031 5229 3081 5260 τ.
3154 5250 3167 5260 .

2738 5229 2914 5280 υμας,
2951 5230 3005 5265 κ.
3031 5229 3081 5264 1.
3119 5229 3167 5263 Α.

2241 5302 2328 5354 Ἐν
2350 5304 2558 5369 τούτοις
2579 5323 2641 5374 γε
2672 5305 2832 5359 πάλιν
2864 5303 3150 5376 κηρύττειν
3173 5299 3267 5353 τοῦ
3293 5297 3428 5352 Θεοῦ
3457 5299 3556 5369 τὴν
3586 5297 3732 5366 βασις

2154 5390 2322 5456 λείαν,
2352 5397 2446 5449 καὶ
2473 5397 2757 5466 ήγγικέναι
2780 5397 2955 5466 λέγειν
2981 5393 3148 5466 αὐτὴν
3175 5391 3571 5464 παρεκελεύετο
3589 5407 3603 5422 ο
3635 5388 3732 5441 οὐκ

2157 5482 2322 5553 ἀργὸν
2355 5486 2462 5539 οὐδ’
2489 5489 2874 5542 ἀναπόδεικτον
2919 5485 3267 5556 ποιουμένους
3310 5483 3399 5537 τὸν
3443 5481 3619 5550 λόγον,
3667 5477 3736 5532 τὲ
