4108 6204
407 299 512 359 535

1578 304 2078 360 COMMENTARIA
2108 303 2173 358 IN
2210 301 2473 357 LUCAM.

3569 308 3672 362 551

400 423 767 495 γνωρίσματα
799 423 854 476 δὲ
891 421 1228 492 παρέχοντας
1254 422 1345 476 τοῦ
1377 423 1750 494 κηρύγματος,
1789 425 1876 478 διὰ
1902 426 1994 478 τοῦ

2103 425 2196 478 sed
2247 422 3012 493 prazdieatioms'argumenta
3046 421 3384 482 exhibentes.
3425 429 3672 480 curandis

402 513 737 585 θεραπεύειν
761 513 881 576 τοὺς
902 517 1031 581 παρ’
1052 515 1233 577 αὐτοῖς
1255 513 1519 578 ἀσθενεῖς,
1546 516 1640 568 καὶ
1661 515 1809 569 οὐδὲν
1831 517 1993 569 πλέον

414 606 508 676 τῆς
558 604 829 675 ἐφημέρου
874 609 1078 677 τροφῆς
1121 605 1528 677 ἀποφέρεσθαι·
1579 608 1607 659 ὃ
1645 607 1708 678 δὴ
1757 611 1993 679 παρίστη

411 697 616 767 λέγων·
658 696 889 750 Ἐσθίετε
928 698 996 750 τὰ
1046 697 1456 769 παρατιθέμενα
1499 699 1646 766 ὑμῖν,
1699 700 1791 752 καὶ
1836 700 1995 771 θερα-

407 788 608 842 πεύετε
649 791 774 852 coit;
809 793 866 845 ἐν
898 791 1081 854 αὐτοῖς
1123 791 1388 854 ἀσθενεῖς.
1435 791 1651 862 Ἐπειδὴ
1685 792 1730 844 δ’
1771 794 1994 847 ἀντέπι-

413 897 567 943 πτεν,
607 881 656 932 εί
700 877 792 934 οὖν
821 881 894 952 μὴ
936 882 1182 952 εὑρεθείη
1223 899 1305 945 τις
1350 881 1496 947 ἄξιος
1540 881 1637 952 τῆς
1667 881 1996 953 δηλωθείσης

416 971 694 1042 ὑποδοχῆς,
740 973 793 1025 τί
831 973 936 1044 χρὴ
977 973 1236 1044 πράττειν
1283 971 1516 1035 αὐτούςς
1554 973 1858 1038 ἀκολούθως
1901 977 1996 1029 καὶ

415 1064 543 1134 περὶ
565 1062 769 1116 τούτων
795 1065 1096 1118 ἐπάκουσον
1132 1059 1219 1116 οἷα
1249 1063 1489 1117 διδάσκει
1514 1062 1683 1132 λέγων
1707 1064 1830 1136 ἑξῆς
1852 1084 1864 1094 ·
1890 1069 1996 1136 Εἰς

409 1152 488 1219 ἢν
537 1153 588 1206 δ’
623 1153 699 1207 ἂν
753 1157 936 1209 πόλιν
983 1155 1362 1224 εἰσέρχησθε,
1425 1154 1524 1207 καὶ
1575 1154 1662 1224 μὴ
1709 1155 1994 1223 δέχωνται

407 1246 581 1314 ὑμᾶς,
621 1265 673 1300 κ.
704 1264 754 1298 τ.
782 1248 831 1300 λ.

407 1340 586 1393 Ὅταν
630 1343 662 1393 ὁ
699 1341 947 1408 ἰσχυρὸς
989 1341 1477 1408 καθωπλισμένος
1537 1340 1826 1409 φυλάσσῃ
1882 1340 1995 1408 τὴν

837 1411 1052 1487 ἑαυτοζῡ
1073 1411 1293 1478 αὐλὴν,
1327 1429 1379 1465 κ.
1407 1429 1457 1463 τ.
1486 1412 1534 1466 λ.

491 1501 734 1575 ’ἰσχυρὸν
768 1503 864 1572 μὲν
890 1503 978 1556 τὸν
1011 1504 1410 1574 κατισχύσαντα
1441 1503 1534 1557 τοῦ
1564 1505 1753 1572 γένους
1773 1503 1878 1556 τῶν
1901 1504 1994 1556 ἁν-

408 1590 642 1665 θρώπων
668 1592 909 1647 διάϐολον
932 1593 1108 1661 λέγει’
1136 1594 1304 1665 αὐλὴν
1324 1595 1381 1648 δὲ
1413 1595 1575 1648 αὑτοῦ
1608 1595 1696 1648 τὸν
1720 1596 1994 1664 περίγειον

406 1683 518 1736 τῶν
550 1683 758 1754 θνητῶν
787 1687 948 1739 τόπον
979 1688 1090 1756 (57)
1111 1704 1123 1717 ’
1155 1688 1463 1760 ὑπάρχοντα
1495 1687 1550 1741 δὲ
1577 1689 1731 1741 πάντ’
1756 1691 1933 1740 ἐκεῖνα
1959 1687 1994 1740 ἂ

2097 517 2187 584 qui
2213 503 2351 583 apud
2379 515 2498 568 illos
2527 514 2707 569 forent
2741 513 2992 575 inﬁrmis,
3019 529 3190 583 neque
3214 525 3495 584 propterea
3522 520 3676 585 quid-

2097 625 2257 677 quam
2290 608 2425 660 ultra
2473 609 2781 676 quotidiana
2820 607 3077 660 alimenta
3111 609 3462 678 accipientes.
3505 608 3676 676 Quam

2098 716 2208 754 rem
2238 701 2310 752 ita
2355 700 2524 753 edixit
2557 717 2571 754 :
2612 699 2934 752 Manducate
2961 714 3078 766 qum
3117 711 3458 769 apponuntur
3503 703 3676 758 vobis.

2095 803 2148 845 et
2175 806 2362 848 curate
2410 792 2684 854 inﬁrmos,
2721 793 2809 862 qui
2847 795 2989 860 apud
3028 808 3120 845 eos
3174 804 3320 847 sunt.
3370 794 3505 860 Quia
3551 813 3681 850 vero

2096 884 2221 937 illud
2256 885 2529 947 obstabat,
2563 899 2755 951 nempe
2777 883 2821 936 si
2850 899 2978 947 ergo
3012 899 3172 936 nemo
3210 885 3403 954 dignus
3434 900 3529 939 vos
3582 887 3680 940 lio-

2096 977 2257 1044 Spilio
2301 975 2593 1043 recipiendi
2635 975 2816 1035 fuerit,
2849 975 2978 1043 quid
3029 976 3171 1030 factu
3214 991 3348 1045 Opus
3377 978 3678 1031 erit?cou-

2096 1076 2388 1136 sequentur
2433 1067 2554 1119 audi
2611 1068 2736 1134 quid
2789 1067 2888 1120 hac
2936 1082 3103 1135 super
3141 1083 3198 1120 rc
3239 1069 3291 1120 iu
3329 1067 3678 1137 sequentibus

2096 1160 2270 1214 dient:
2298 1159 2356 1213 Si
2385 1177 2540 1228 quam
2578 1175 2695 1212 vero
2720 1159 2772 1212 iu
2799 1162 2974 1212 urbem
3003 1161 3343 1224 intraverilis,
3369 1162 3678 1231 minimeque

2096 1267 2184 1304 eos
2211 1253 2526 1320 exceperint,
2553 1265 2656 1304 etc.

2131 1347 2178 1377 ⁸³
2199 1343 2328 1399 Cum
2356 1346 2506 1414 [ortis
2550 1355 2790 1398 urinam:
2830 1345 3059 1398 custodit
3093 1346 3286 1399 atrium
3327 1363 3504 1411 suum,
3530 1357 3638 1402 etc.

2164 1499 2382 1554 Fortem
2407 1494 2631 1568 quidem
2661 1501 2785 1554 dicit
2819 1502 3087 1556 diabolum
3115 1543 3130 1566 ,
3163 1504 3252 1574 qui
3302 1506 3560 1558 adversus
3590 1505 3682 1559 ho-

2095 1595 2304 1660 minum
2341 1608 2507 1662 genus
2549 1594 2922 1661 prrevaluerat.
2963 1596 3171 1648 Atrium
3227 1595 3466 1664 ejusdem
3496 1599 3680 1667 appel-

2098 1687 2169 1739 lat
2219 1695 2489 1738 terrenum
2524 1701 2551 1737 a
2595 1685 2910 1739 mortalibus
2947 1687 3244 1739 habitatum
3270 1688 3679 1756 spatiutnzpos-

406 1776 472 1846 δὴ
516 1777 786 1844 ἐπιδείξας
831 1778 907 1848 τῷ
956 1779 1167 1851 Σωτῆρί
1223 1797 1352 1832 ποτε
1401 1779 1622 1848 ἕλεγενσ
1674 1778 1860 1832 Ταῦτά
1903 1794 1994 1831 σοι

2104 1777 2371 1831 sessiones
2399 1792 2526 1830 vero
2554 1778 2671 1846 ejus
2715 1777 2800 1829 illa
2855 1777 3034 1830 omnia
3077 1794 3199 1846 qua:
3241 1779 3366 1834 olim
3404 1780 3676 1834 Servatori

408 1868 607 1921 πάντα
637 1868 827 1934 δώσω,
854 1871 963 1924 ἐὰν
988 1869 1192 1924 πεσὼν
1217 1871 1654 1940 προσκυνήσῃς
1673 1888 1794 1939 μοι,
1827 1871 1911 1922 ὅτε
1936 1873 1992 1922 ἐν

408 1959 486 2028 τῷ
534 1960 723 2030 ὑψηλῷ
754 1961 868 2033 ὄρει
914 1961 1112 2027 ἔδειξεν
1146 1962 1295 2034 αὐτῷ
1339 1963 1438 2026 τὰς
1474 1962 1748 2033 βασιλείας
1779 1962 1871 2014 τοῦ
1899 1962 1991 2015 κό-

414 2069 556 2123 σμου
587 2053 680 2105 καὶ
721 2052 817 2124 τὴν
859 2051 1014 2116 δόξαν
1048 2053 1233 2107 αὑτοῦ.
1279 2053 1439 2108 Ἀλλὰ
1490 2053 1654 2107 πάλαι
1686 2053 1784 2123 μὲν
1819 2052 1993 2106 ταῦτα

413 2145 580 2198 αὐτοῦ
611 2144 678 2196 τὰ
707 2145 1017 2215 ὑπάρχοντα
1045 2148 1102 2198 ἐν
1125 2146 1312 2218 εἰρήνῃ
1339 2141 1425 2216 ἦν,
1449 2145 1672 2216 μηδενὸς
1697 2144 1858 2196 αὐτοῦ
1891 2145 1993 2213 ἁφ-

417 2237 740 2308 αιρουμένου
765 2253 777 2266 ·
820 2239 907 2290 ὅτε
953 2253 1016 2305 γε
1061 2235 1166 2307 μὴν
1193 2239 1221 2288 ό
1254 2237 1598 2308 ἰσχυρότερος
1644 2235 1806 2288 αὐτοῦ
1835 2235 1993 2288 ἐπελ-

416 2327 524 2381 θὼν
554 2328 960 2391 καταπαλαίσας
991 2345 1051 2380 τε
1090 2327 1248 2380 αὑτὸν
1274 2328 1489 2397 δεσμοῖς
1529 2326 1836 2397 περιέϐαλε,
1872 2327 1991 2378 τότε

416 2420 510 2472 καὶ
534 2420 632 2490 τὴν
666 2419 964 2472 πανοπλίαν
1007 2417 1170 2471 αὐτοῦ
1202 2417 1471 2486 ἀφείλετο,
1512 2413 1653 2490 ἐφ’ᾖ
1693 2416 1989 2479 ἐπεποίθει,

417 2512 604 2566 καὶτὰ
649 2511 822 2564 σκῦλα
851 2509 1013 2564 αὐτοῦ
1049 2509 1297 2581 ἀρπάσας
1320 2509 1556 2561 διέδωκε.
1596 2506 1902 2560 Πανοπλίαν
1937 2507 1992 2559 δὲ

413 2605 577 2658 αὐτοῦ
611 2605 709 2676 τὴν
755 2605 862 2657 τῶν
910 2603 1177 2674 δαιμόνων
1219 2601 1474 2654 πολύθεον
1506 2600 1714 2670 πλάνην
1753 2600 1988 2670 ᾐνίξατο.

418 2697 595 2750 ὀπλα
622 2696 730 2767 γὰρ
768 2695 1012 2747 διαϐόλου
1045 2695 1094 2746 οἱ
1140 2691 1412 2762 πανταχοῦ
1449 2693 1550 2761 γῆς
1579 2691 1850 2763 ἱδρυμένοι
1881 2690 1996 2744 δαί-

419 2806 576 2859 μονες
623 2787 1010 2857 συνεργοῦντες
1048 2785 1212 2839 αὑτοῦ
1256 2787 1321 2855 τῇ
1368 2782 1508 2836 κατὰ
1549 2783 1654 2835 τῶν
1695 2782 1993 2853 ἀνθρώπων

415 2879 718 2951 τυραννίδι’
766 2877 936 2930 σκῦλα
975 2877 1031 2929 δὲ
1064 2873 1204 2947 ἦσαν
1249 2874 1414 2928 αὑτοῦ
1453 2875 1508 2926 αἶ
1543 2873 1650 2926 τῶν
1693 2871 1994 2944 ἀνθρώπων

411 2972 581 3042 ψυχαὶ
649 2970 756 3024 ὑπὸ
814 2973 913 3040 τῆς
947 2969 1260 3038 διαϐολικῆς
1321 2965 1619 3029 πανοπλίας
1662 2965 1994 3037 αἰχμάλωτοι

412 3064 746 3134 ἁπηγμέναι.
768 3061 927 3114 Ἀλλὰ
970 3061 1060 3114 τὴν
1093 3061 1189 3130 μὲν
1221 3059 1392 3113 δεινὸν
1432 3062 1637 3112 ἐκεῖνον
1676 3058 1934 3130 τύραννον
1967 3058 1996 3109 ὁ

2101 1869 2390 1923 ostendens
2417 1870 2598 1922 aiebat
2624 1885 2636 1920 :
2670 1867 2798 1922 11αό
2829 1871 3005 1921 omnia
3035 1871 3127 1922 tibi
3151 1871 3307 1934 dabo,
3331 1872 3376 1924 si
3403 1874 3678 1940 procidens

2100 1962 2402 2015 ndorareris
2427 1978 2503 2013 me
2521 1961 2589 2026 ⁸³,
2618 1975 2808 2029 nempe
2836 1975 2959 2014 cum
2999 1961 3049 2013 iu
3078 1960 3293 2015 excelso
3325 1972 3505 2015 tuante
3542 1979 3644 2015 cun
3666 1991 3679 1999 -

2101 2063 2184 2108 cta
2218 2053 2290 2106 illi
2337 2053 2521 2107 mundi
2557 2069 2720 2122 regna
2772 2052 3102 2122 gloriamque
3139 2052 3375 2121 ejusdem
3421 2054 3670 2107 ostende-

2100 2145 2209 2198 bat.
2251 2143 2356 2197 Sed
2395 2144 2519 2196 olim
2554 2145 2771 2212 quidem
2807 2145 2888 2197 ha:
2921 2145 3294 2210 possessiones
3321 2145 3436 2212 ejus
3469 2145 3521 2196 in
3551 2160 3680 2213 pace

2099 2244 2275 2299 erant,
2313 2237 2591 2290 auferente
2624 2236 2856 2291 nemine.
2891 2235 2996 2290 Sed
3031 2251 3154 2288 cum
3189 2235 3381 2290 fortior
3402 2252 3466 2291 eo
3491 2252 3679 2304 super-

2100 2328 2344 2392 veniens,
2381 2345 2616 2398 eumque
2657 2344 2972 2400 Oppuguans
2999 2329 3228 2384 vinculis
3268 2329 3527 2398 alligavit,
3555 2341 3680 2383 tunc

2100 2429 2152 2474 et
2172 2419 2410 2489 ejusdem
2437 2432 2765 2475 armaturam
2790 2423 3012 2477 abstulit
3031 2422 3113 2478 cui
3135 2420 3460 2485 confidebat,
3477 2432 3532 2474 et
3558 2440 3681 2491 Spo-

2100 2513 2170 2565 lia
2204 2513 2413 2580 direpta
2442 2512 2740 2567 distribuit.
2777 2513 2944 2568 Porro
2968 2527 3256 2570 armatura:
3305 2515 3681 2573 nontam-dim

2099 2603 2256 2658 bolici
2288 2602 2629 2672 polythcismi
2667 2619 2912 2658 errorem
2949 2606 3145 2658 innuit.
3189 2607 3352 2660 Arma
3389 2611 3533 2662 enim
3565 2610 3680 2662 dia-

2099 2696 2208 2749 boli
2241 2704 2366 2750 sunt
2401 2695 2671 2749 daanoues
2703 2697 2898 2764 ubique
2938 2706 3204 2750 terrarmn
3249 2701 3551 2758 constituti.
3584 2718 3679 2752 au-

2102 2787 2320 2842 xiliares
2367 2785 2481 2854 ejus
2528 2789 2791 2842 adversus
2840 2789 3088 2843 homines
3140 2791 3462 2859 tyrannidis.
3498 2793 3677 2860 Spolia

2100 2879 2315 2950 quidem
2357 2888 2515 2934 erant
2555 2881 2819 2949 ejusdem,
2851 2881 3125 2935 hominum
3175 2882 3366 2936 animo:
3396 2883 3678 2940 diabolicis

2103 2973 2268 3026 armis
2293 2973 2344 3026 in
2384 2973 2748 3042 captivitatem
2777 2974 3018 3028 abducta:
3041 2993 3054 3038 ;
3078 2975 3171 3028 sed
3198 2976 3341 3028 enim
3373 2977 3517 3030 illum
3545 2993 3680 3046 quo--

2103 3078 2208 3132 que
2258 3063 2567 3118 horribilem
2622 3073 2910 3134 tyrannum
2961 3067 3214 3120 Christus
3259 3069 3487 3122 vinculis
3539 3069 3679 3122 irre-

414 3154 646 3228 Χριστὸς
676 3154 894 3224 δεσμοῖς
923 3150 1251 3224 περιϐαλὼν,
1277 3153 1456 3204 πᾶσαν
1489 3149 1653 3204 αὐτοῦ
1681 3149 1992 3202 διεσκέδασε

2102 3159 2259 3220 tiens,
2285 3157 2594 3210 universam
2631 3159 2746 3224 ejus
2777 3166 3110 3211 armaturam
3145 3159 3447 3228 diSsipavit.
3483 3160 3680 3214 danun-

411 3252 508 3322 τὴν
557 3248 876 3312 πανοπλίαν,
912 3248 1036 3310 τοὺς
1080 3245 1335 3315 δαίμονας
1371 3243 1568 3315 δηλαδὴ
1602 3244 1696 3298 καὶ
1727 3244 1793 3297 τὰ
1833 3245 1995 3298 πνεύ-

417 3361 559 3415 ματα
589 3343 657 3395 τὰ
693 3341 996 3412 ἀκάθαρτα,
1031 3338 1128 3402 τὰς
1157 3338 1413 3408 δυνάμεις
1442 3355 1499 3389 τε
1534 3336 1630 3400 τὰς
1682 3337 1992 3407 ἀντικειμέ-

412 3450 542 3498 νας·
590 3434 660 3487 τὰ
693 3433 748 3484 δὲ
795 3431 965 3484 σκῦλα
1000 3429 1183 3491 αὑτοῦ,
1218 3429 1285 3481 τὰ
1323 3428 1491 3481 πάλαι
1529 3428 1902 3499 δεδουλωμένα
1925 3429 1991 3497 τῇ

412 3523 685 3597 τυραννίδι
728 3520 916 3584 αὑτοῦ,
971 3520 1094 3591 ἔθνη
1140 3519 1280 3590 φημὶ
1322 3520 1497 3572 πάντα
1542 3520 1996 3589 μεταστησάμενα

414 3616 510 3686 τῆς
557 3614 793 3677 παλαιᾶς
834 3612 1095 3676 δουλείας,
1131 3611 1445 3664 διαδέδωκεν
1493 3609 1711 3673 οἰκείοις
1767 3608 1996 3679 ἡγεμόσι

416 3710 510 3762 καὶ
541 3710 765 3780 ἄρχουσι
795 3709 906 3770 τοῖς
942 3707 1032 3759 ὑπ’
1059 3705 1220 3758 αὑτὸν
1249 3701 1604 3775 στρατιώταις
1631 3703 1728 3773 τῆς
1763 3700 1872 3754 τῶν
1904 3702 1997 3753 ⁰ὑ“

416 3801 595 3874 ρανῶν
627 3800 920 3872 βασιλείας,
948 3798 1264 3861 ἀποστόλοις
1301 3796 1498 3868 δηλαδὴ
1532 3797 1626 3849 καὶ
1654 3797 1765 3858 τοῖς
1791 3793 1996 3846 τούτων

411 3894 692 3964 διαδόχοις.
725 3893 857 3963 Περὶ
883 3885 958 3943 ὧν
982 3890 1191 3944 σκύλων
1217 3888 1544 3959 θαυμαστῶς
1569 3889 1998 3960 προανεφωνεῖτο

416 3988 473 4040 ἐν
523 3986 829 4059 προφητείᾳ
875 3983 1188 4054 φασκούσῃ·
1233 3982 1285 4033 '0
1334 3981 1631 4046 ,ϐασιλεὺς
1662 3978 1780 4033 τῶν
1815 3978 1996 4032 δυνά·

409 4094 574 4147 μεων
622 4075 728 4130 τοῦ
792 4073 1146 4145 Ἀγαπητοῦ,
1199 4072 1271 4141 τῇ
1325 4074 1629 4141 ὡραιότητι
1687 4071 1793 4124 τοῦ
1830 4071 1998 4124 οἴκου

414 4166 721 4221 διελέσθαι
758 4165 977 4220 σκῦλα.
1043 4165 1330 4234 Τεκμήρια
1368 4161 1424 4214 δὲ
1456 4161 1627 4214 ταῦτα
1660 4159 1864 4229 ἐναργῆ
1901 4160 1998 4229 τῆς

413 4260 510 4314 τοῦ
579 4259 714 4311 Θεοῦ
766 4257 1040 4328 βασιλείας
1085 4254 1454 4325 καθαιρούσης
1512 4253 1604 4306 καὶ
1641 4250 1999 4321 ταπεινούσης

416 4353 597 4406 πᾶσαν
630 4348 803 4421 ἀρχὴν
841 4350 937 4402 καὶ
981 4346 1228 4413 ἐξουσίαν
1263 4345 1357 4399 καὶ
1398 4344 1643 4414 δύναμιν,
1677 4342 1768 4395 κα)⁴
1821 4342 2000 4394 πᾶσαν

415 4443 515 4515 τὴν
548 4441 811 4495 πολύθεον
845 4441 940 4494 καὶ
978 4438 1292 4511 δαιμονικὴν
1325 4435 1637 4509 τυραννίδα,
1680 4433 1788 4486 τῶν
1830 4433 1872 4485 δ’
1908 4432 1999 4484 ἐπὶ

2097 3263 2192 3303 nes
2244 3248 2492 3303 videlicet
2548 3259 2603 3302 et
2649 3251 2888 3318 impuros
2936 3251 3190 3319 spiritus,
3236 3261 3291 3305 et
3341 3253 3680 3308 adversarius

2096 3349 2412 3408 potestates.
2437 3341 2614 3410 Spolia
2642 3357 2771 3395 vero
2801 3342 2952 3408 ejus',
2984 3352 3172 3411 gentes
3227 3344 3443 3412 inquam
3496 3356 3680 3414 tyran-

2097 3432 2408 3500 nideipsius
2434 3434 2701 3501 quomlam
2733 3447 3040 3502 Oppressus,
3075 3443 3253 3488 vetere
3287 3437 3546 3490 servitute
3562 3453 3680 3489 om-

2097 3539 2194 3578 ues
2216 3534 2452 3593 ereptas,
2473 3525 2697 3579 ducibus
2722 3527 2833 3578 suis
2867 3525 3371 3589 tradidit,videlicet
3405 3535 3533 3580 nutu
3565 3528 3681 3596 ejus

2098 3630 2195 3686 pro
2220 3618 2480 3670 caelorum
2520 3632 2688 3685 regno
2717 3617 3091 3678 militantibus,
3135 3617 3184 3670 id
3217 3629 3300 3670 est
3331 3619 3595 3685 apostolis
3624 3628 3681 3671 et

2098 3708 2289 3762 horum
2326 3710 2750 3762 successoribus.
2787 3709 2858 3762 De
2903 3710 3098 3776 quibus
3137 3708 3325 3776 spoliis
3369 3709 3502 3762 mire
3552 3725 3680 3777 pro-

2098 3800 2387 3853 clamatum
2431 3801 2606 3855 fuerat
2653 3803 2704 3855 in
2734 3803 3014 3873 prophetia
3062 3802 3276 3856 dicente
3319 3800 3474 3854 :Rex
3515 3803 3679 3856 rirlu-

2102 3901 2212 3945 tum
2244 3892 2458 3957 Dilecti,
2505 3894 2692 3962 speciei
2726 3895 2909 3947 domus
2953 3895 3181 3947 dividere
3217 3895 3381 3962 spolia
3405 3895 3472 3947 ⁸⁵.
3516 3895 3678 3964 Signa

2098 3999 2228 4037 vero
2269 3986 2380 4038 haec
2410 3995 2538 4037 sunt
2567 3983 2848 4037 manifesta
2891 3984 3056 4038 divini
3109 3985 3255 4054 regni
3293 3987 3680 4054 prosterueutis

2100 4088 2163 4127 ac
2194 4075 2518 4128 destruentis
2559 4075 2853 4143 quemlibet
2902 4075 3296 4144 principatum,
3356 4085 3679 4142 potestatem

2103 4179 2166 4218 ac
2195 4165 2326 4226 vim.
2357 4177 2411 4219 cl.
2449 4165 2768 4219 diabolicam
2801 4179 3016 4218 omnem
3059 4165 3404 4236 polytheismi
3439 4168 3682 4236 tyranni-

2101 4255 2416 4325 demzquod
2450 4272 2672 4323 regnum
2706 4255 2817 4324 jam
2856 4256 2906 4308 in
2935 4258 3067 4309 orbe
3098 4257 3242 4310 inter
3268 4257 3514 4311 homines
3548 4272 3681 4324 prae-

2101 4346 2280 4400 VaIere
2312 4348 2624 4416 incipiebat.
2653 4348 2858 4402 Idcirco
2888 4349 2962 4401 ait
2982 4348 3282 4412 Servatur:
3321 4349 3472 4412 Quod
3500 4349 3545 4400 si
3587 4364 3680 4416 ego

2102 4436 2155 4488 in
2184 4434 2385 4504 Spiritu
2414 4439 2510 4492 Dei
2534 4438 2692 4507 ejicio
2739 4439 3020 4504 dwmouia,
3052 4441 3226 4508 utique
3255 4437 3478 4506 pervenit
3508 4439 3562 4491 in
3592 4455 3679 4491 vos

415 4536 522 4606 γῆς
549 4533 850 4605 ἀνθρώπων
875 4534 1190 4602 ἐπικρατεῖν
1217 4529 1540 4600 ἀρχομένης.
1587 4526 1676 4579 Διὸ
1706 4542 1838 4596 φησι
1897 4525 2004 4576 Σω-
2033 4520 2078 4575 D
2107 4542 2320 4594 regnum
2350 4527 2448 4582 Dei
2481 4530 2548 4581 ⁸⁷.

413 4634 555 4702 τήρ·
585 4633 657 4684 El
684 4627 872 4698 δ’ἑγὼ
910 4628 978 4680 ὲν
1011 4627 1308 4695 llr-stipati
1358 4623 1506 4679 Θεοῦ
1559 4619 1832 4674 ἐκϐάλλω
1891 4617 1960 4673 τὰ
2012 4619 2305 4689 δαιμόνια,
2361 4622 2475 4690 ἄρα
2517 4624 2782 4693 ἔφθασεν
2957 4622 3106 4693 ὑμᾶς
3152 4624 3192 4688 ἡ
3237 4621 3525 4684 ,Βασιλεία
3575 4619 3681 4672 τοῦ

419 4725 591 4780 Θεοῦ.

417 4820 609 4870 Ὅταν
636 4816 704 4870 δὲ
729 4814 1151 4885 προσφέρωσιν
1174 4811 1330 4934 ὑμίξς
1370 4810 1466 4864 ἐπὶ
1496 4809 1603 4876 τὰς
1621 4808 1994 4877 συναγωγὰς,

1103 4902 1157 4934 κ.
1181 4901 1231 4934 τ.
1299 4921 1312 4934 ο

1103 4902 1157 4937 κ.
1181 4901 1231 4937 τ.
1265 4901 1312 4934 Α.

493 4979 650 5033 Οὕτω
675 4978 810 5050 δῆτα
860 4979 1203 5050 φρονήματος
1236 4973 1431 5036 αὐτοὺς
1470 4971 1704 5043 ἐπλήρου
1738 4971 1833 5024 καὶ
1863 4968 1995 5039 θάρ-

420 5088 548 5136 σους
573 5071 661 5124 διὰ
681 5071 774 5124 τοῦ
811 5069 1052 5141 μεθέξειν
1071 5069 1264 5130 αὐτοὺς
1297 5067 1438 5120 θείου
1474 5064 1788 5133 Πνεύματος
1826 5063 1998 5129 ἐπαγ-

417 5164 736 5232 γέλλεσθαι·
767 5163 835 5217 δι’
875 5161 1036 5214 αὐτοῦ
1073 5159 1178 5231 γὰρ
1222 5159 1313 5212 καὶ⁵
1355 5154 1718 5227 δυναμοῦσθαι
1751 5153 1896 5216 εἰκὸς
1928 5148 1995 5223 ἦν

416 5254 634 5317 αὐτούς.
667 5255 774 5308 Καὶ
806 5252 921 5316 πῶς
955 5249 1060 5322 γὰρ
1087 5251 1186 5302 οὐκ
1210 5247 1428 5318 ἔμελλον
1454 5245 1877 5316 παραστήματος
1903 5243 1996 5295 καὶ

417 5345 657 5418 θάρσους
687 5348 779 5399 καὶ
813 5344 1118 5417 προθυμίας
1161 5338 1577 5411 ἐμπίμπλασθαι
1607 5335 1849 5406 ὰγαθῆς;
1884 5334 1996 5397 πῶς

414 5439 473 5492 δὲ
515 5441 593 5512 μὴ
617 5439 926 5510 θαρσαλέως
960 5439 1158 5508 χωρεῖν
1192 5433 1276 5503 ἐφ’
1301 5430 1600 5503 ἡγεμονικὰ
1622 5430 1716 5484 καὶ
1748 5427 1998 5499 βασιλικὰ

489 5557 539 5588 ⁸⁵
571 5556 703 5612 CAP.
729 5573 801 5619 χι,
835 5556 924 5610 2|.
996 5555 1042 5588 ⁸⁸
1075 5553 1268 5608 Matth.
1311 5567 1385 5614 tv,
1409 5553 1461 5606 9.

1531 5545 1742 5603 “Psal.
1776 5559 1943 5609 Lavit,
1979 5541 2064 5597 15.

2211 4806 2256 4836 ⁸⁸
2284 4806 2415 4860 Cum
2439 4815 2614 4858 autem
2645 4806 2892 4860 inducent
2920 4820 3007 4859 vos
3044 4804 3099 4856 in
3131 4814 3442 4871 synagogas,
3467 4807 3569 4852 etc.

2176 4965 2270 5021 Sic
2296 4981 2426 5035 ergo
2475 4965 2596 5019 illos
2636 4966 2776 5018 hono
2815 4965 2997 5017 animo
3045 4977 3164 5016 esse
3207 4958 3432 5028 juhebat
3480 4966 3534 5010 et
3569 4954 3678 5006 ala-

2104 5058 2300 5111 critate
2332 5057 2592 5126 replebat,
2619 5055 2747 5108 dum
2777 5057 2939 5108 divini
2978 5054 3267 5122 participes
3297 5049 3532 5117 Spiritus
3559 5061 3680 5099 esse

2102 5149 2424 5206 allirmahat.
2450 5148 2644 5214 Quidni
2693 5149 2832 5202 enim
2862 5147 3054 5200 fiducia
3099 5159 3214 5207 eos,
3243 5137 3587 5200 conﬁdentia,
3624 5146 3681 5189 et

2103 5240 2381 5296 alacritate
2405 5242 2592 5310 plenos
2613 5255 2734 5294 esse
2755 5237 3072 5304 Oportebat?
3102 5234 3297 5301 Quidni
3325 5231 3580 5284 audacter
3609 5230 3675 5278 ad

2070 5334 2340 5403 'judicum
2379 5348 2674 5403 regumque
2727 5331 3014 5385 tribunalia
3067 5330 3164 5393 ire,
3218 5343 3337 5379 cum
3374 5319 3674 5392 [immuniti

2104 5428 2334 5484 fuissent
2365 5443 2469 5480 non
2501 5426 2696 5480 debere
2731 5439 2822 5478 eos
2865 5423 3125 5476 meditato
3170 5419 3346 5472 studio
3375 5417 3512 5487 apud
3561 5431 3677 5467 tua~

2138 5542 2182 5573 ⁸⁷
2217 5540 2403 5595 Matth.
2433 5554 2527 5603 xu,
2556 5537 2646 5594 28.
2739 5537 2783 5568 ⁸⁸
2811 5535 2938 5592 CAP.
2992 5518 3108 5602 xu,
3139 5534 3222 5588 11.

491 5701 604 5773 (5‘7)
646 5698 720 5752 De
758 5694 882 5747 forti
914 5705 1138 5758 armato,
1171 5689 1222 5745 id
1248 5699 1329 5743 est
1382 5688 1614 5755 diabolo,
1652 5685 1741 5756 qui
1780 5701 1805 5738 a
1841 5679 2058 5735 Christo
2117 5676 2213 5730 fuit
2273 5673 2586 5739 debellatus,
2645 5674 2879 5728 hrctiter
2925 5673 3120 5730 dicitur
3164 5674 3323 5728 ctiam
3383 5671 3434 5723 iu
3505 5667 3675 5722 Ther

420 5763 636 5844 ρΙιὶιιιὲἱι,
663 5767 757 5821 lib.
781 5781 864 5830 ιιι,
892 5763 978 5816 57.

708 5859 977 5920 Ριιτιιοι..
1025 5853 1142 5915 Gn.
1191 5849 1420 5913 XXIV.

3321 5827 3394 5888 18
