4108 6204
474 310 582 366 555

1155 302 1423 360 EUSEBII
1459 294 1938 357 C/ESARIENSIS
1973 293 2122 351 OPP.
2165 291 2348 347 PARS
2384 289 2472 346 lll.
2514 317 2581 332 —-
2619 285 3038 345 EXEGETICA.

3613 279 3724 335 556

475 428 734 497 gistratus
760 437 931 480 semet
955 422 1264 486 defendere,
1306 421 1399 476 sed
1434 419 1595 474 aliam
1633 418 1920 488 quamdam
1955 414 2048 469 ad-

2156 413 2488 483 δικαστήρια,
2521 413 2570 463 οἱ
2601 405 3110 482 προμεμαθηκότες,
3147 405 3228 456 ὅτι
3268 402 3342 473 μὴ
3367 401 3518 454 αὐτοὶ
3542 393 3647 453 εἶεν
3673 401 3727 454 οι

476 522 590 575 fore
641 519 927 572 haerentem
968 514 1096 583 ipsis
1146 513 1380 568 divinam
1426 511 1704 574 virtutem,
1771 507 1923 578 cujus
1955 507 2042 560 in-

477 615 675 666 Stinctu
697 608 969 681 iudicibus
993 604 1232 673 ipsisque
1265 602 1533 670 intrepide
1561 601 1779 671 regibus
1822 613 2045 667 respon-

477 705 589 758 suri
629 700 853 756 essent?
900 697 1022 752 llaec
1072 695 1269 750 dicenti
1316 696 1571 764 magistro
1622 701 2045 748 consentaneum

476 807 592 850 erat
621 790 915 861 discipulos
948 787 1107 843 facile
1147 787 1391 851 credere,
1431 802 1492 840 ac
1533 784 1840 839 nullatenus
1887 781 2045 836 dubi-

479 899 624 950 tare;
675 884 872 954 quippe
902 882 991 951 qui
1029 895 1341 935 sermonum
1388 880 1578 933 horum
1626 876 1834 945 pondus
1867 873 1919 928 in
1957 889 2050 928 su-

477 977 776 1048 perioribus
810 975 967 1030 dictis
989 972 1425 1042 exploraverant,
1470 968 1665 1038 quibus
1699 967 1853 1020 tidem
1883 981 2047 1035 opera

479 1073 737 1126 fecerant.
773 1067 872 1132 Qui
910 1080 1040 1131 ergo
1080 1063 1325 1117 inﬁrmos
1350 1061 1515 1116 divini
1552 1059 1700 1114 verbi
1733 1058 1934 1112 virtute
1963 1073 2050 1110 ro-

477 1163 817 1221 boraverant,
849 1156 1206 1224 morbumque
1231 1154 1369 1222 apud
1419 1153 1662 1207 homines
1694 1148 2049 1203 insanabilem

479 1257 679 1325 lepram
715 1262 768 1306 et
799 1251 932 1304 alias
958 1262 1244 1313 corporum
1273 1245 1548 1315 passiones
1594 1255 1828 1312 purgare
1857 1250 2050 1310 potue—

480 1358 622 1409 rant,
658 1353 711 1399 et
741 1343 933 1397 noxios
967 1340 1279 1396 hominibus
1329 1337 1601 1391 dtemones
1646 1334 1847 1404 pellere
1909 1331 2049 1386 haud

481 1438 600 1490 ullis
631 1436 858 1491 curiosis
883 1431 1190 1504 prtestigiis,
1222 1430 1315 1484 sed
1343 1428 1456 1483 sola
1482 1443 1509 1480 a
1541 1426 1760 1482 Christo
1791 1423 2051 1477 attributa

478 1529 656 1584 divina
705 1525 916 1595 gratia;
960 1539 1057 1579 cur
1086 1529 1403 1576 vererentur
1449 1517 1798 1573 inferioribus
1839 1514 1921 1567 his
1949 1513 2050 1567 tri-

480 1619 762 1673 hunalibus
797 1615 1050 1686 intrepidi
1087 1622 1289 1677 astare,
1322 1621 1375 1666 et
1404 1626 1526 1666 cum
1561 1607 1965 1678 magistratibus
1990 1618 2052 1659 ac

483 1712 698 1782 regibus
731 1706 1066 1776 disceptare?
1115 1705 1222 1758 Cur
1253 1703 1482 1771 denique
1533 1700 1726 1755 ﬁducia
1755 1714 1860 1753 non
1892 1709 2053 1768 auge-

2151 505 2432 577 μέλλοντες
2474 501 2945 573 πεφροντισμένως
2980 501 3092 560 τοῖς
3137 496 3396 566 ἄρχουσιν
3446 491 3727 559 ἀπολογεῖ-

2151 599 2296 660 σθαι,
2323 596 2453 668 ἄλλη
2483 595 2538 648 δέ
2561 612 2642 657 τις
2673 595 2729 646 ἐν
2760 592 2938 655 αὐτοῖς
2967 589 3144 652 ἔνθεος
3171 587 3422 658 δύναμις,
3455 584 3521 638 δι’
3541 581 3608 655 ἦς
3638 583 3733 636 καὶ

2149 689 2410 760 ἡγεμόσιν
2447 685 2667 756 ἔμελλον
2695 683 3128 753 ἀκαταπλήκτως
3174 678 3380 748 ὁμιλεῖν
3425 677 3517 730 καὶ
3545 677 3731 738 αὐτοῖς

2153 778 2464 850 βασιλεῦσι;
2505 777 2614 830 Καὶ
2649 774 2819 827 ταῦτα
2840 773 2895 824 δὲ
2922 772 3131 840 λέγοντι
3159 767 3238 838 τῷ
3260 767 3568 836 διδασκάλῳ
3597 765 3729 818 ἀκό-

2149 870 2336 924 λουθον
2361 865 2428 940 ἦν
2455 868 2579 931 τοὺς
2605 865 2849 937 μαθητὰς
2879 863 3213 925 ἀδιστόικτως
3255 859 3554 921 πιστεύειν,
3591 857 3736 911 κατά

2155 963 2360 1034 μηδένα
2403 979 2464 1013 τε
2510 960 2710 1030 τρόπον
2759 956 3075 1028 ἀμφιϐόλως
3129 954 3292 1025 ἔχειν,
3337 949 3736 1023 προειληφότας

2151 1055 2260 1124 τῶν
2297 1054 2468 1122 λόγων
2497 1051 2594 1123 τὴν
2637 1053 2830 1120 πεῖραν
2859 1049 2947 1101 διὰ
2980 1046 3087 1100 τῶν
3119 1044 3427 1116 ἔμπροσθεν
3461 1039 3734 1109 ἐπηγγελ-

2157 1147 2354 1218 μένων,
2397 1139 2470 1198 ὧν
2516 1145 2614 1215 τὴν
2643 1143 2825 1196 πίστιν
2859 1141 3040 1201 αὐτοῖς
3072 1137 3250 1208 ἔργοις
3281 1134 3730 1207 παρειλήφεισαν.

2154 1241 2215 1293 Οἱ
2247 1237 2376 1307 γοῦν
2399 1232 2752 1294 ἀσθενοῦντας
2791 1229 2950 1298 λόγου
2981 1228 3206 1298 δυνάμει
3233 1226 3376 1280 θείου
3417 1222 3748 1295 ρωννύντες,

2154 1331 2307 1383 νόσον
2355 1345 2415 1381 τε
2458 1325 2554 1397 τὴν
2599 1323 2813 1377 ἀνίατον
2863 1323 2918 1374 ὲν
2952 1318 3256 1388 ἀνθρώποις
3291 1318 3497 1388 λέπραν
3543 1315 3636 1369 καὶ
3665 1315 3737 1368 τά

2154 1420 2318 1474 λοιπὰ
2345 1419 2489 1489 πάθη
2517 1417 2625 1471 τῶν
2657 1414 2920 1485 σωμάτων
2945 1410 3336 1480 ἀποκαθαίρειν
3377 1404 3477 1462 οἷοί
3508 1424 3590 1472 τε,
3623 1405 3738 1460 δαί-

2158 1511 2323 1582 μονάς
2345 1527 2404 1562 τε
2438 1507 2801 1578 λυμαντικοὺς
2827 1503 3136 1574 ἀνθρώπων
3165 1500 3405 1554 ἐλαύνειν
3442 1499 3502 1552 ού
3534 1497 3622 1551 διά
3653 1515 3736 1550 τι-

2155 1621 2245 1667 νος
2272 1603 2567 1674 περιέργου
2601 1599 2959 1671 μαγγανείας,
2988 1595 3078 1650 διὰ
3108 1595 3164 1647 δὲ
3196 1593 3362 1664 μόνης
3390 1592 3489 1662 τῆς
3523 1591 3614 1644 ὑπ’
3649 1589 3738 1642 αὑ-

2154 1694 2247 1747 τοῦ
2301 1691 2699 1764 χορηγηθείσης
2747 1690 2927 1751 αὐτοῖς
2971 1685 3155 1739 ἐνθέου
3205 1685 3445 1756 χάριτος,
3490 1683 3608 1745 πῶς
3637 1682 3737 1735 οὐκ

481 1813 686 1866 rentur,
718 1809 940 1869 propter
974 1797 1135 1851 dandi
1168 1796 1300 1862 ipsis
1331 1793 1563 1863 Spiritus
1593 1789 2048 1862 promissionem?

2156 1785 2372 1858 ἔμελλον
2394 1785 2489 1837 καὶ
2519 1785 2630 1846 τοῖς
2663 1781 2934 1852 δευτέροις
2959 1780 3068 1839 τοῖς
3103 1777 3230 1846 περὶ
3252 1774 3344 1827 τοῦ
3380 1773 3548 1844 μηδὲν
3585 1785 3736 1842 μερι-

481 1894 616 1964 μνᾷν
652 1890 938 1962 μέλλοντας
966 1886 1333 1956 δικαστηρίοις
1355 1884 1712 1956 παρεστάναι,
1735 1881 1965 1953 ἡγεμόσι
1989 1896 2047 1932 τε
2082 1879 2176 1931 καὶ
2205 1874 2508 1947 βασιλεῦσιν
2535 1873 2743 1944 ὁμιλεῖν
2773 1868 3079 1932 πιστεύειν;
3114 1866 3236 1929 Πῶς
3299 1865 3345 1917 δ’
3405 1864 3506 1917 οὐκ
3574 1861 3741 1932 ἔμελ-⁵

478 1984 568 2037 λον
590 1981 904 2052 ὲπιθαρσεῖν
938 1981 1002 2051 τῇ
1037 1977 1338 2049 ἐπαγγελίᾳ
1364 1977 1456 2030 τοῦ
1490 1975 1848 2046 δοθησομένου
1887 1975 2068 2036 αὐτοῖς
2102 1971 2413 2041 Πνεύματος

479 2076 524 2110 ³³
565 2076 742 2132 Nolite
769 2076 975 2130 solliciti
1017 2091 1125 2128 esse
1155 2075 1345 2155 anima:
1379 2081 1560 2126 uestra:
1591 2073 1718 2141 quid
1773 2070 2051 2124 manduce-

1149 2152 1214 2196 tis
1229 2183 1245 2208 ,
1277 2152 1385 2196 etc.

555 2239 680 2293 Hzec
714 2237 790 2292 ait
825 2235 1084 2290 Dominus
1116 2234 1411 2288 cohortans
1449 2247 1567 2296 nos,
1598 2245 1664 2285 ne
1693 2244 1828 2284 escae
1854 2246 2049 2299 corpus

484 2331 668 2399 risque
696 2327 1136 2383 commoditatum
1187 2324 1548 2378 necessariam
1581 2338 1765 2376 curam
1805 2336 1924 2376 esse
1954 2338 2052 2391 pu-

487 2431 698 2484 temus;
755 2432 926 2487 neque
952 2418 1001 2472 id
1042 2426 1243 2471 temere
1292 2414 1497 2470 faciens
1533 2415 1628 2470 sed
1664 2413 1913 2468 rationali
1959 2429 2050 2466 ar-

486 2521 738 2581 gumento
765 2509 1134 2579 magisterium
1179 2523 1335 2562 suum
1395 2509 1678 2561 roborans.
1725 2503 2053 2559 llortabatur

485 2605 626 2659 enim
661 2605 846 2658 dicens
877 2621 890 2656 :
926 2600 1006 2655 Ne
1049 2600 1261 2654 solliciti
1293 2601 1408 2653 sitis
1454 2600 1581 2669 quid
1620 2599 1942 2652 manducetis
1976 2597 2053 2652 vel

484 2701 611 2770 quid
642 2699 830 2752 bibatis
869 2696 948 2750 vel
991 2713 1092 2766 quo
1126 2694 1443 2748 induamini.
1496 2691 1686 2746 Nonne
1726 2693 1903 2746 anima
1934 2691 2052 2761 plus

484 2805 558 2847 est
589 2809 743 2862 quam
773 2807 913 2852 esca,
938 2800 986 2843 et
1012 2805 1198 2855 corpus
1234 2787 1350 2857 plus
1389 2801 1546 2856 quam
1574 2785 1932 2839 vestimentum
1963 2782 2054 2835 ὀἳ

486 2885 553 2939 Ει
587 2886 686 2938 hoc
714 2883 930 2951 quidem
980 2881 1210 2950 primum
1258 2886 1634 2946 argumentum
1680 2884 1786 2938 est,
1835 2876 2055 2928 demon-

486 2987 667 3030 strans
694 2991 796 3030 non
827 2974 1022 3028 debere
1054 2985 1376 3040 quemquam
1415 2969 1480 3022 de
1501 2983 1559 3022 se
1587 2983 1707 3023 esse
1737 2968 2049 3022 sollicitum.

489 3067 619 3120 Nam
666 3067 708 3120 si
765 3065 1039 3124 alimento,
1092 3063 1235 3130 quod
1278 3062 1346 3115 de
1388 3069 1528 3115 terra
1579 3059 1835 3130 gignitur,
1883 3058 2054 3126 major

487 3158 783 3225 meliorque
812 3165 893 3208 est
931 3165 1090 3222 atque
1117 3152 1406 3222 pretiosior
1437 3151 1668 3204 hominis
1699 3150 1899 3215 anima,
1939 3164 2056 3217 quas

487 3247 769 3304 rationalis
787 3255 877 3311 _est
909 3256 964 3301 et
1009 3243 1387 3300 intellectualis
1426 3243 1746 3308 substantia,
1784 3256 2056 3310 quamque

2152 2067 2248 2135 Μὴ
2280 2064 2597 2136 μεριμνᾶτε
2619 2064 2690 2131 τῇ
2724 2058 2897 2131 ψυχῇ
2918 2058 3085 2129 ὑμῶν
3120 2058 3176 2111 τι
3205 2055 3456 2126 φάγητε,
3489 2071 3541 2110 κ.
3590 2069 3642 2106 τ.
3680 2049 3740 2106 λ.

2223 2243 2330 2294 Καὶ
2360 2239 2534 2294 ταῦτα
2564 2237 2658 2291 τοῦ
2701 2237 2903 2310 Κυρίου
2948 2237 3098 2308 ἡμᾶς
3137 2231 3608 2304 ἐπιθαρσύνοντος,
3656 2228 3738 2300 μὴ

2155 2332 2350 2404 χρῆναι
2398 2330 2525 2401 περὶ
2568 2330 2772 2400 τροφῆς
2825 2328 2944 2399 μηδ’
2975 2328 3160 2380 ἕνεκεν
3199 2325 3307 2378 τῶν
3350 2323 3442 2376 τοῦ
3484 2321 3739 2393 σώματος

2153 2424 2351 2495 χρειῶν
2395 2425 2686 2496 μεριμνᾷν,
2737 2421 2831 2474 καὶ
2852 2421 2952 2474 οὐκ
2983 2419 3280 2489 ἀλογίστως
3315 2415 3737 2489 προτρέποντος,

2155 2516 2251 2566 σὺν
2277 2513 2616 2585 παραστάσει
2644 2512 2700 2565 δὲ
2731 2512 2923 2582 λογικῇ
2952 2508 3449 2582 παραμυθουμένου
3474 2505 3572 2577 τὴν
3597 2504 3742 2558 διδα-

2157 2602 2399 2656 σκαλίαν·
2424 2599 2773 2672 παρῄνειγάρ
2785 2599 2978 2668 λέγων·
3002 2598 3098 2665 Μὴ
3119 2596 3524 2668 μεριμνήσητε
3551 2595 3606 2648 τί
3636 2592 3744 2662 sede

2158 2711 2299 2765 τητε
2333 2693 2370 2761 ἢ
2406 2694 2464 2746 τί
2494 2692 2844 2747 ἐνδύσεσθε.
2879 2691 3024 2760 Οὐχὶ
3059 2692 3097 2757 ἠ
3128 2689 3297 2757 ψυχὴ
3341 2687 3566 2741 πλείων
3607 2684 3740 2738 ἐστι

2155 2783 2226 2852 τῆ
2233 2804 2264 2848 ς
2284 2783 2525 2852 τροφῆς,
2547 2785 2641 2836 καὶ
2660 2783 2723 2835 τὸ
2736 2783 2904 2851 σῶμα
2917 2781 3020 2835 τοῦ
3033 2780 3385 2849 ἑνδύματος;
3408 2779 3516 2831 Καὶ
3527 2775 3740 2847 πρῶτος

2161 2876 2260 2944 μὲν
2309 2868 2464 2938 οὗτος
2509 2873 2886 2944 συλλογισμὸς,
2937 2873 3204 2942 συνάγων,
3239 2873 3322 2924 ὅτι
3367 2871 3440 2942 μὴ
3483 2870 3590 2923 δέοι
3614 2869 3740 2922 τινὰ

2158 2969 2285 3038 περὶ
2319 2965 2513 3021 ἑαυτοῦ
2549 2969 2836 3040 μεριμνᾷν.
2876 2966 2938 3018 Ei
2971 2966 3078 3035 γὰρ
3111 2967 3338 3035 τροφῆς»
3375 2963 3474 3033 τῆς
3501 2961 3612 3015 ἀπὸ
3637 2961 3741 3031 γῆς

2159 3057 2457 3128 φυομένης,
2486 3057 2686 3126 μείζων
2717 3057 2808 3110 καὶ
2841 3057 3124 3126 κρείττων,
3160 3055 3253 3107 καὶ
3278 3054 3574 3124 τιμιωτέρα
3607 3069 3738 3120 τυγο

2157 3150 2308 3220 χάνει
2350 3151 2382 3220 ἡ
2417 3148 2702 3220 ἀνθρώπου
2735 3149 2902 3219 ψυχὴ,
2945 3149 3134 3220 λογικὴ
3171 3144 3304 3201 οὖσα
3336 3147 3429 3201 καὶ
3462 3147 3623 3218 νοερά
3650 3147 3741 3198 οὺ-

2161 3240 2275 3304 σία,
2299 3239 2500 3310 ταύτην
2539 3240 2594 3293 δὲ
2645 3240 2718 3312 μὴ
2751 3236 2916 3293 οὖσαν
2963 3241 3044 3303 είς
3088 3239 3149 3292 τὸ
3183 3235 3321 3292 εἶναι
3361 3240 3679 3310 παρήγαγεν
3710 3239 3741 3289 ὁ

487 3342 708 3396 minime
733 3339 1078 3392 exsistentem
1108 3336 1172 3390 ad
1221 3335 1586 3390 exsistendum
1617 3335 1755 3390 Deus
1779 3333 2048 3402 perduxit,

2156 3331 2302 3396 Θεὸς,
2336 3332 2426 3385 καὶ
2447 3331 2651 3402 ταύτης
2683 3335 2715 3402 ὴ
2726 3333 2818 3401 μίν
2850 3330 3012 3402 μηδὲν
3041 3331 3409 3402 μεριμνήσασι
3446 3328 3737 3400 μετέδωκε,

491 3434 749 3500 nobisque
780 3429 998 3485 minime
1021 3429 1086 3483 de
1115 3443 1174 3481 ea
1208 3426 1570 3495 cogitantibus
1598 3425 1866 3490 attribuit,
1915 3439 2054 3494 quos

489 3527 752 3580 animatos
783 3521 1176 3588 rationalesqne
1207 3519 1355 3582 fecit,
1384 3533 1481 3572 cur
1504 3518 1570 3571 de
1599 3532 1656 3570 re
1681 3517 1970 3581 deteriore,
2001 3517 2052 3570 id

489 3628 570 3670 est
601 3630 744 3672 esca.
782 3613 996 3667 solliciti
1046 3612 1254 3667 simus?
1307 3609 1439 3664 Nam
1489 3608 1580 3677 qui
1625 3624 1738 3662 rem
1790 3609 2050 3678 potiorem

487 3703 654 3767 dedit,
688 3702 730 3755 is
757 3715 874 3769 quae
920 3700 1036 3753 usui
1071 3701 1196 3754 huic
1241 3707 1365 3753 sunt
1397 3699 1528 3751 dare
1561 3713 1663 3752 nou
1713 3697 2049 3765 impedietnr.

490 3795 556 3848 Et
587 3794 652 3847 de
702 3793 947 3860 corporis
979 3791 1291 3844 indumento
1323 3789 1461 3842 idem
1492 3802 1672 3840 sermo
1719 3787 1881 3840 valet.
1920 3786 2051 3840 Nam

491 3887 535 3938 si
570 3885 620 3938 in
647 3885 894 3939 confesso
917 3893 998 3936 est
1021 3883 1310 3935 animantis
1337 3895 1533 3950 corpus
1562 3877 2056 3948 incomparabiliter

490 3975 680 4029 melius
705 3989 847 4038 esse,
879 3989 1036 4042 quam
1067 3973 1292 4041 quodvis
1321 3972 1560 4025 exterius
1597 3971 1718 4024 Iiuit:
1751 3969 2053 4037 impositum

490 4065 905 4130 vestimentum;
961 4074 1013 4118 et
1045 4064 1089 4120 si
1139 4073 1306 4117 totum
1358 4077 1552 4131 corpus
1595 4063 1716 4116 vitae
1757 4063 2056 4130 animaeque

490 4157 760 4226 particeps
781 4157 1004 4211 Creator
1050 4153 1362 4217 constituit;
1409 4169 1507 4207 cur
1557 4154 1628 4208 sit
1679 4153 2053 4223 ambigendum

493 4261 668 4303 utrum
699 4251 810 4319 ipse
839 4251 1006 4318 possit
1043 4249 1184 4316 quod
1211 4248 1450 4303 deterius
1498 4255 1583 4300 est
1607 4247 1968 4316 suppeditare,
2003 4247 2054 4301 id

490 4353 574 4398 est
619 4340 1015 4404 vestimentum,
1071 4356 1101 4392 a
1153 4355 1260 4409 quo
1309 4339 1545 4394 nobilius
1596 4325 2055 4407 circumtegitur?

489 4437 665 4504 Atque
686 4435 786 4488 hoc
809 4433 1039 4502 primum
1059 4413 1539 4486 demonstrativum
1558 4440 1928 4501 argumentum
1950 4437 2053 4483 est.

565 4527 766 4582 Deinde
787 4536 840 4579 et
867 4525 1036 4580 altero
1067 4524 1314 4593 exemplo
1342 4523 1509 4577 utitur
1537 4523 1726 4578 dicens
1754 4540 1767 4576 :
1798 4523 2056 4592 Respicite

488 4619 725 4676 volatilia
751 4618 890 4680 caeli,
929 4618 1179 4685 quoniam
1221 4632 1322 4670 non
1355 4624 1552 4679 serunt,
1606 4625 1652 4668 et
1686 4613 1848 4668 Pater
1888 4626 2056 4669 vester

2154 3424 2430 3495 ἐμψύχους
2461 3427 2610 3494 ἡμᾶς
2653 3425 2746 3478 καλ⁸
2777 3423 3026 3492 λογικοὺς
3045 3424 3497 3496 ἀπεργασάμενος
3523 3421 3659 3491 (58),
3685 3421 3740 3473 τί

2155 3515 2258 3586 χρὴ
2282 3515 2582 3586 φροντίζειν
2615 3517 2742 3585 περὶ
2773 3514 2865 3567 τοῦ
2901 3515 3158 3586 χείρονος,
3191 3517 3327 3586 ὅπερ
3366 3515 3512 3568 ἐστὶν
3543 3517 3576 3586 ὴ
3611 3531 3736 3585 τροο

2155 3611 2264 3679 cpi};
2305 3610 2362 3662 Ὀ
2399 3607 2506 3679 γὰρ
2531 3607 2592 3660 τὸ
2624 3609 2864 3678 κρεῖττον
2887 3607 3131 3670 δεδωκὼς
3158 3609 3259 3662 ούκ
3297 3607 3615 3678 ἀδυνατήσει
3645 3608 3739 3660 καὶ

2155 3702 2215 3754 τὸ
2243 3704 2496 3773 χρειῶδες
2529 3706 2692 3759 αὐτοῦ
2734 3710 3052 3776 παρασχεῖν.
3101 3706 3210 3760 Καὶ
3249 3707 3340 3760 ἐπὶ
3377 3705 3477 3775 τῆς
3507 3705 3602 3758 τοῦ
3637 3703 3741 3757 uti»

2159 3811 2324 3865 ματος
2347 3796 2639 3867 περιϐολῆς
2662 3800 2690 3851 ὁ
2720 3799 2879 3862 αὐτὸς
2906 3798 3081 3866 λόγος.
3105 3799 3166 3850 El
3197 3797 3305 3869 γὰρ
3325 3796 3740 3867 ἀνωμολόγηται

2155 3885 2215 3938 τὸ
2250 3885 2344 3938 τοῦ
2376 3885 2512 3950 ζώου
2549 3888 2707 3959 σῶμα
2731 3889 3059 3961 ἀπαραθέτῳ
3091 3889 3371 3960 συγκρίσει
3395 3890 3639 3959 κρεῖττον
3663 3883 3741 3941 εἷ-

2155 3995 2242 4030 ναι
2268 3978 2358 4031 τοῦ
2405 3979 2602 4042 ἔξωθεν
2637 3981 2784 4052 αύτῷ
2831 3981 3210 4052 περικειμένου
3246 3979 3560 4050 ἐνδύματος,
3598 3979 3660 4032 τὸ
3691 3978 3738 4031 δ’

2155 4071 2272 4122 ὅλον
2319 4071 2475 4142 σῶμα
2523 4070 2668 4143 ζωῆς
2715 4073 2935 4144 μετέχον
2985 4075 3078 4126 καὶ
3117 4071 3293 4143 ψυχῆς
3322 4073 3351 4124 ό
3393 4071 3735 4143 Δημιουργὺς

2156 4163 2315 4226 αὐτὸς
2349 4165 2738 4235 συνεστήσατο·
2777 4164 2827 4218 τί
2871 4165 2974 4236 χρὴ
3017 4167 3255 4235 ἀγωνιᾷν
3293 4163 3366 4236 μὴ
3408 4163 3516 4235 ἄρα
3546 4164 3740 4216 ἀδυνα-

2155 4255 2294 4324 τήσῃ
2322 4255 2382 4306 τὸ
2411 4258 2590 4326 χεῖρον
2625 4259 2946 4327 παρασχεῖν,
2986 4256 3142 4308 τοῦτο
3181 4255 3226 4308 δ’
3262 4251 3329 4326 ἦν
3363 4255 3424 4307 τὸ
3458 4255 3683 4325 ἔνδυμα,
3709 4256 3739 4308 ό

2155 4345 2215 4396 τὸ
2239 4348 2481 4416 κρεῖττον
2528 4347 3005 4417 ὑποστησάμενοςς
3037 4342 3204 4410 Οὗτος
3244 4346 3341 4417 μὲν
3386 4342 3478 4400 οὖν
3522 4347 3739 4420 πρῶτος

2157 4437 2531 4500 ἀποδεικτικδς
2552 4437 2926 4508 συλλογισμός.

2227 4529 2336 4581 Καὶ
2360 4529 2596 4600 δευτέρῳ
2623 4529 2884 4600 κέχρηται
2917 4529 3320 4600 παραδείγματι
3351 4528 3524 4598 λέγων
3547 4545 3561 4560 ο
3612 4530 3742 4598 Ἑμ-

2153 4619 2427 4688 βλέψατε
2444 4623 2530 4686 εὶς
2557 4620 2627 4674 τὰ
2654 4620 2893 4674 πετεινὰ
2918 4621 3022 4674 τοῦ
3043 4621 3325 4688 οὐρανοῦ,
3351 4620 3439 4674 ὅτι
3467 4623 3538 4675 οὐ
3566 4621 3740 4674 owe!-

489 4713 708 4766 cwlestis
745 4709 910 4774 pascit
963 4707 1076 4761 illa.
1126 4706 1314 4761 Nonne
1364 4723 1451 4759 eos
1504 4707 1668 4776 ntagis
1720 4707 1887 4774 pluris
1930 4709 2052 4760 estis

2156 4727 2348 4781 ρουοί,
2375 4714 2470 4766 καὶ
2495 4716 2526 4766 d
2552 4715 2753 4782 Πατὴρ
2783 4713 2946 4783 ὑμῶν
2971 4717 3002 4767 o'
3020 4713 3296 4780 οὐράνιος
3330 4714 3526 4782 τρέφει
3558 4712 3733 4767 αὑτά.

489 4806 597 4858 illis
629 4802 713 4854 "1'
741 4799 875 4854 Nam
907 4799 951 4852 si
977 4799 1083 4863 Itis,
1129 4815 1356 4870 quorutn
1406 4809 1557 4868 pater
1593 4814 1696 4852 non
1734 4809 1836 4860 est,
1865 4813 2056 4866 nempe

490 4893 821 4954 volucribus,
864 4889 1215 4945 sullicientem
1245 4895 1420 4944 eScam
1456 4891 1775 4959 praeparavit
1815 4889 2054 4943 onmium

491 4995 712 5041 curator
737 4994 791 5039 et
821 4982 1069 5051 provisor
1113 4980 1269 5042 Deus.
1313 4996 1431 5035 cum
1467 4995 1560 5033 vos
1593 4979 1660 5033 ad
1701 4980 1817 5048 ejus
1867 4979 2057 5049 imagi-

471 5062 615 5132 ‘nem
647 5076 765 5130 sitis
792 5074 1019 5138 conditi,
1072 5073 1348 5140 vestrique
1389 5078 1610 5140 propter
1639 5070 2053 5126 intellectualem

496 5169 916 5238 rationalemque
971 5165 1326 5220 substantiam
1378 5172 1528 5228 pater
1555 5162 1644 5226 sit,
1686 5175 1785 5216 cur
1811 5163 1938 5216 vita:
1967 5177 2056 5217 ve-

493 5273 619 5314 stne
646 5275 828 5312 curam
877 5273 984 5312 non
1035 5254 1217 5326 geret?
1263 5268 1468 5323 vosque
1511 5253 1643 5306 adeo
1688 5266 1909 5308 securos
1945 5268 2052 5309 non

494 5351 621 5413 alet,
666 5363 763 5404 ceu
809 5359 962 5418 pater
991 5347 1113 5402 ﬁliis
1140 5354 1384 5415 prompte
1412 5343 1759 5414 suppeditans
1791 5359 1910 5412 quae
1936 5344 2056 5398 usui

494 5455 640 5506 sunt,
678 5440 845 5509 magis
877 5455 1035 5508 quam
1067 5439 1186 5493 coeli
1223 5435 1553 5499 volucribus,
1596 5435 1793 5502 quibus
1826 5437 1941 5488 sine
1974 5435 2054 5489 la-

495 5535 646 5596 bore,
707 5532 823 5586 sine
871 5531 1080 5585 satione
1110 5540 1270 5598 atque
1316 5529 1561 5583 aratione
1607 5541 1788 5581 escam
1833 5527 2056 5594 praebet,

574 5627 618 5659 ⁸⁹
649 5624 777 5680 Car.
825 5637 922 5686 xu,
955 5622 1046 5676 22.
1120 5621 1166 5652 ”
1215 5619 1397 5672 Matth.
1429 5633 1506 5682 vt,
1537 5615 1628 5669 25.
1703 5617 1745 5647 ⁹¹
1781 5614 1908 5672 ibid.
1939 5616 2027 5673 26.

2155 4805 2276 4871 Οὺχ
2307 4803 2473 4868 ὑμεῖς
2497 4801 2738 4872 μᾶλλον
2771 4804 3076 4874 διαφέρετε
3108 4805 3341 4867 uerior;
3382 4805 3444 4857 Εἰ
3476 4804 3585 4876 γὰρ
3615 4805 3739 4858 τού-

2160 4909 2293 4956 τοις,
2321 4885 2394 4944 ὦν
2423 4893 2496 4963 μὴ
2533 4894 2714 4965 πατὴρ
2735 4893 3008 4964 τυγχάνει,
3041 4893 3211 4946 ταῦτα
3232 4895 3276 4947 δ’
3300 4890 3368 4964 ῆν
3392 4892 3460 4946 τὰ
3492 4891 3734 4956 πετεινὰ,

2160 4985 2260 5053 τῆς
2295 4985 2595 5056 αὐτάρκους
2627 4988 2829 5056 τροφῆς
2875 4986 3208 5058 προυνόησεν
3257 4987 3286 5038 ό
3339 4985 3446 5039 τῶν
3481 4984 3736 5038 ἁπάντων

2162 5075 2415 5147 κηδεμὼν
2444 5079 2536 5130 καὶ
2569 5079 2869 5150 προνοητὴς
2898 5077 3050 5143 Θεὸς,
3083 5080 3237 5150 ὑμῶν
3258 5078 3364 5131 τῶν
3399 5080 3517 5132 κατ’
3552 5078 3739 5131 εἰκόνα

2161 5167 2260 5237 τὴν
2290 5168 2452 5222 αὑτοῦ
2495 5171 2894 5241 πεποιημένων,
2927 5171 3016 5225 διὰ
3052 5173 3150 5243 τὴν
3180 5175 3236 5224 ὲν
3265 5172 3391 5241 ὑμῖν
3422 5169 3610 5240 νοερὰν
3641 5171 3738 5222 καὶ

2159 5258 2378 5330 λογικὴν
2400 5261 2584 5313 οὐσίαν
2608 5263 2787 5334 πατὴρ
2811 5265 3112 5334 τυγχάνων,
3158 5264 3272 5326 πῶς
3293 5264 3350 5315 οὐ
3380 5265 3557 5316 πᾶσαν
3584 5262 3738 5331 ποιή-

2165 5367 2313 5404 σεται
2346 5353 2444 5423 τῆς
2477 5355 2619 5424 ζωῆς
2656 5356 2944 5424 φροντίδας
2988 5358 3082 5409 καὶ
3124 5356 3308 5426 θρέψει
3331 5374 3394 5424 γε
3429 5357 3574 5426 ὑμᾶς
3600 5356 3736 5425 άμε-

2166 5444 2391 5514 ρίμνως,
2421 5443 2509 5499 οἶα
2540 5447 2718 5520 πατὴρ
2742 5450 2872 5512 υίοίς
2903 5449 2959 5513 ἐξ
2989 5449 3202 5520 ἑτοίμου
3237 5450 3489 5522 παρέχων
3516 5450 3583 5503 τά
3602 5447 3736 5518 πρὸς

2163 5536 2263 5606 τὴν
2294 5540 2480 5626 χρείαν
2525 5541 2721 5610 μᾶλλον
2751 5543 2784 5610 ἢ
2807 5544 2918 5604 τοῖς
2952 5544 3212 5606 πετεινοῖς
3248 5542 3340 5597 τοῦ
3380 5541 3632 5618 ούρανοῦ,
3658 5532 3740 5602 οἷς

569 5723 683 5796 {58)
715 5718 1096 5775 Animadverte
1127 5715 1339 5771 Eusebii
1385 5713 1710 5770 sententiam
1745 5714 1809 5770 de
1839 5713 2063 5786 singulis
2101 5719 2282 5793 θαι)ρο
2316 5719 2517 5776 creatis
2544 5719 2818 5776 hominum
2853 5717 3133 5774 animabus

3718 5786 3742 5820 4
