  <div class='ocr_page' id='page_1' title='image "/cluster/home/n/w/nwhite01/storage/ocr_20150623/24/hvd.32044073501801/286.png"; bbox 0 0 4108 6204; ppageno 0'>
   <div class='ocr_carea' id='block_1_1' title="bbox 415 336 523 390">
    <p class='ocr_par' dir='ltr' id='par_1_1' title="bbox 415 336 523 390">
     <span class='ocr_line' id='line_1_1' title="bbox 415 336 523 390; baseline -0.019 0"><span class='ocrx_word' id='word_1_1' title='bbox 415 336 523 390; x_wconf 73' lang='grc'><strong>55⁵7</strong></span> 
     </span>
    </p>
   </div>
   <div class='ocr_carea' id='block_1_2' title="bbox 1581 339 2482 402">
    <p class='ocr_par' dir='ltr' id='par_1_2' title="bbox 1581 339 2482 402">
     <span class='ocr_line' id='line_1_2' title="bbox 1581 339 2482 402; baseline 0.01 -9"><span class='ocrx_word' id='word_1_2' title='bbox 1581 339 2079 395; x_wconf 72' lang='lat' dir='ltr'><strong>COMMENTARIA</strong></span> <span class='ocrx_word' id='word_1_3' title='bbox 2121 343 2184 397; x_wconf 85' lang='lat' dir='ltr'><strong>IN</strong></span> <span class='ocrx_word' id='word_1_4' title='bbox 2227 344 2482 402; x_wconf 75' lang='lat' dir='ltr'><strong>LUCAM.</strong></span> 
     </span>
    </p>
   </div>
   <div class='ocr_carea' id='block_1_3' title="bbox 3537 357 3640 417">
    <p class='ocr_par' dir='ltr' id='par_1_3' title="bbox 3537 357 3640 417">
     <span class='ocr_line' id='line_1_3' title="bbox 3537 357 3640 417; baseline 0 -9"><span class='ocrx_word' id='word_1_5' title='bbox 3537 357 3640 417; x_wconf 57' lang='lat'><strong>55‘</strong></span> 
     </span>
    </p>
   </div>
   <div class='ocr_carea' id='block_1_4' title="bbox 410 458 1982 552">
    <p class='ocr_par' dir='ltr' id='par_1_4' title="bbox 410 458 1982 536">
     <span class='ocr_line' id='line_1_4' title="bbox 410 458 1982 536; baseline 0.003 -24"><span class='ocrx_word' id='word_1_6' title='bbox 410 458 728 522; x_wconf 71' lang='grc' dir='ltr'>ἀκοπιάτως</span> <span class='ocrx_word' id='word_1_7' title='bbox 767 459 1018 530; x_wconf 74' lang='grc' dir='ltr'>ἄσπαρτα</span> <span class='ocrx_word' id='word_1_8' title='bbox 1073 461 1165 520; x_wconf 73' lang='grc' dir='ltr'><strong>καὶ</strong></span> <span class='ocrx_word' id='word_1_9' title='bbox 1215 462 1453 532; x_wconf 76' lang='grc' dir='ltr'><strong>ἀνήροτα</strong></span> <span class='ocrx_word' id='word_1_10' title='bbox 1508 461 1576 517; x_wconf 75' lang='grc' dir='ltr'><strong>τὰ</strong></span> <span class='ocrx_word' id='word_1_11' title='bbox 1617 464 1750 534; x_wconf 76' lang='grc' dir='ltr'>πρὸς</span> <span class='ocrx_word' id='word_1_12' title='bbox 1789 466 1982 536; x_wconf 74' lang='grc' dir='ltr'>τροφὴν</span> 
     </span>
    </p>
   </div>
   <div class='ocr_carea' id='block_1_5' title="bbox 2085 458 3646 552">
    <p class='ocr_par' dir='ltr' id='par_1_5' title="bbox 2095 466 3646 552">
     <span class='ocr_line' id='line_1_5' title="bbox 2095 466 3646 552; baseline 0.008 -32"><span class='ocrx_word' id='word_1_13' title='bbox 2095 466 2252 523; x_wconf 80' lang='lat' dir='ltr'><strong>Patre</strong></span> <span class='ocrx_word' id='word_1_14' title='bbox 2293 470 2542 524; x_wconf 93' lang='lat' dir='ltr'><strong>nimirum</strong></span> <span class='ocrx_word' id='word_1_15' title='bbox 2587 482 2766 527; x_wconf 84' lang='lat' dir='ltr'><strong>vestro</strong></span> <span class='ocrx_word' id='word_1_16' title='bbox 2810 474 2975 534; x_wconf 86' lang='lat' dir='ltr'><strong>vitam</strong></span> <span class='ocrx_word' id='word_1_17' title='bbox 3024 475 3126 530; x_wconf 93' lang='lat' dir='ltr'><strong>illis</strong></span> <span class='ocrx_word' id='word_1_18' title='bbox 3177 476 3333 533; x_wconf 83' lang='lat' dir='ltr'><strong>simul</strong></span> <span class='ocrx_word' id='word_1_19' title='bbox 3366 493 3646 552; x_wconf 76' lang='lat' dir='ltr'><strong>escamqus</strong></span> 
     </span>
    </p>
   </div>
   <div class='ocr_carea' id='block_1_6' title="bbox 411 551 1985 624">
    <p class='ocr_par' dir='ltr' id='par_1_6' title="bbox 411 551 1985 624">
     <span class='ocr_line' id='line_1_6' title="bbox 411 551 1985 624; baseline -0.002 -17"><span class='ocrx_word' id='word_1_20' title='bbox 411 551 716 622; x_wconf 74' lang='grc' dir='ltr'><strong>πορίζεται,</strong></span> <span class='ocrx_word' id='word_1_21' title='bbox 748 551 837 604; x_wconf 78' lang='grc' dir='ltr'>τοῦ</span> <span class='ocrx_word' id='word_1_22' title='bbox 872 552 1134 620; x_wconf 74' lang='grc' dir='ltr'><strong>ὑμετέρου</strong></span> <span class='ocrx_word' id='word_1_23' title='bbox 1169 552 1384 623; x_wconf 83' lang='grc' dir='ltr'>Πατρδς</span> <span class='ocrx_word' id='word_1_24' title='bbox 1415 551 1550 621; x_wconf 73' lang='grc' dir='ltr'>ὁμοῦ</span> <span class='ocrx_word' id='word_1_25' title='bbox 1587 555 1679 605; x_wconf 70' lang='grc' dir='ltr'>καὶ</span> <span class='ocrx_word' id='word_1_26' title='bbox 1713 553 1857 624; x_wconf 76' lang='grc' dir='ltr'>ζωὴν</span> <span class='ocrx_word' id='word_1_27' title='bbox 1890 555 1985 606; x_wconf 84' lang='grc' dir='ltr'><strong>αὺ-</strong></span> 
     </span>
    </p>
   </div>
   <div class='ocr_carea' id='block_1_7' title="bbox 418 643 1986 716">
    <p class='ocr_par' dir='ltr' id='par_1_7' title="bbox 418 643 1986 716">
     <span class='ocr_line' id='line_1_7' title="bbox 418 643 1986 716; baseline 0.002 -20"><span class='ocrx_word' id='word_1_28' title='bbox 418 643 536 706; x_wconf 90' lang='grc' dir='ltr'>τοῖς</span> <span class='ocrx_word' id='word_1_29' title='bbox 564 643 656 696; x_wconf 75' lang='grc' dir='ltr'>καὶ</span> <span class='ocrx_word' id='word_1_30' title='bbox 685 643 882 713; x_wconf 74' lang='grc' dir='ltr'>τροφὴν</span> <span class='ocrx_word' id='word_1_31' title='bbox 909 643 1271 712; x_wconf 77' lang='grc' dir='ltr'><strong>δωρουμένου.</strong></span> <span class='ocrx_word' id='word_1_32' title='bbox 1307 643 1518 714; x_wconf 78' lang='grc' dir='ltr'>Σφόδρα</span> <span class='ocrx_word' id='word_1_33' title='bbox 1546 643 1588 712; x_wconf 75' lang='grc' dir='ltr'>δ’</span> <span class='ocrx_word' id='word_1_34' title='bbox 1632 644 1873 716; x_wconf 78' lang='grc' dir='ltr'>ἀκριϐῶς</span> <span class='ocrx_word' id='word_1_35' title='bbox 1895 647 1986 699; x_wconf 77' lang='grc' dir='ltr'>ἐπὶ</span> 
     </span>
    </p>
   </div>
   <div class='ocr_carea' id='block_1_8' title="bbox 422 733 1983 806">
    <p class='ocr_par' dir='ltr' id='par_1_8' title="bbox 422 733 1983 806">
     <span class='ocr_line' id='line_1_8' title="bbox 422 733 1983 806; baseline 0.001 -20"><span class='ocrx_word' id='word_1_36' title='bbox 422 737 696 805; x_wconf 77' lang='grc' dir='ltr'><strong>προτροπῇ</strong></span> <span class='ocrx_word' id='word_1_37' title='bbox 731 734 836 787; x_wconf 92' lang='grc' dir='ltr'><strong>τῶν</strong></span> <span class='ocrx_word' id='word_1_38' title='bbox 881 734 1043 787; x_wconf 77' lang='grc' dir='ltr'>αὑτοῦ</span> <span class='ocrx_word' id='word_1_39' title='bbox 1080 733 1336 805; x_wconf 82' lang='grc' dir='ltr'><strong>μαθητῶν</strong></span> <span class='ocrx_word' id='word_1_40' title='bbox 1371 735 1468 805; x_wconf 74' lang='grc' dir='ltr'><strong>οὐχ</strong></span> <span class='ocrx_word' id='word_1_41' title='bbox 1525 735 1679 804; x_wconf 79' lang='grc' dir='ltr'>ἁπλῷ</span> <span class='ocrx_word' id='word_1_42' title='bbox 1728 736 1983 806; x_wconf 87' lang='grc' dir='ltr'>παραδεί-</span> 
     </span>
    </p>
   </div>
   <div class='ocr_carea' id='block_1_9' title="bbox 418 823 1986 898">
    <p class='ocr_par' dir='ltr' id='par_1_9' title="bbox 418 823 1986 898">
     <span class='ocr_line' id='line_1_9' title="bbox 418 823 1986 898; baseline 0.003 -20"><span class='ocrx_word' id='word_1_43' title='bbox 418 843 584 896; x_wconf 76' lang='grc' dir='ltr'>γματι</span> <span class='ocrx_word' id='word_1_44' title='bbox 621 826 696 896; x_wconf 80' lang='grc' dir='ltr'>τῷ</span> <span class='ocrx_word' id='word_1_45' title='bbox 727 826 835 879; x_wconf 89' lang='grc' dir='ltr'><strong>τῶν</strong></span> <span class='ocrx_word' id='word_1_46' title='bbox 858 827 1064 895; x_wconf 75' lang='grc' dir='ltr'>ἀλόγων</span> <span class='ocrx_word' id='word_1_47' title='bbox 1086 828 1354 898; x_wconf 82' lang='grc' dir='ltr'>ἐχρήσατο</span> <span class='ocrx_word' id='word_1_48' title='bbox 1392 826 1563 891; x_wconf 80' lang='grc' dir='ltr'><strong>ζώων·</strong></span> <span class='ocrx_word' id='word_1_49' title='bbox 1589 829 1687 880; x_wconf 72' lang='grc' dir='ltr'><strong>οὐκ</strong></span> <span class='ocrx_word' id='word_1_50' title='bbox 1708 823 1798 881; x_wconf 79' lang='grc' dir='ltr'>οὖν</span> <span class='ocrx_word' id='word_1_51' title='bbox 1823 831 1986 898; x_wconf 82' lang='grc' dir='ltr'>ἑρπε-</span> 
     </span>
    </p>
   </div>
   <div class='ocr_carea' id='block_1_10' title="bbox 416 917 1983 989">
    <p class='ocr_par' dir='ltr' id='par_1_10' title="bbox 416 917 1983 989">
     <span class='ocr_line' id='line_1_10' title="bbox 416 917 1983 989; baseline 0.002 -19"><span class='ocrx_word' id='word_1_52' title='bbox 416 917 524 970; x_wconf 84' lang='grc' dir='ltr'><strong>τῶν</strong></span> <span class='ocrx_word' id='word_1_53' title='bbox 550 917 664 970; x_wconf 80' lang='grc' dir='ltr'>οὐδὲ</span> <span class='ocrx_word' id='word_1_54' title='bbox 690 918 902 989; x_wconf 81' lang='grc' dir='ltr'>κτηνῶν</span> <span class='ocrx_word' id='word_1_55' title='bbox 924 919 1044 971; x_wconf 80' lang='grc' dir='ltr'>οὐδὲ</span> <span class='ocrx_word' id='word_1_56' title='bbox 1072 918 1174 988; x_wconf 81' lang='grc' dir='ltr'>μὴν</span> <span class='ocrx_word' id='word_1_57' title='bbox 1204 919 1398 988; x_wconf 84' lang='grc' dir='ltr'><strong>ἰχθύων</strong></span> <span class='ocrx_word' id='word_1_58' title='bbox 1423 919 1845 989; x_wconf 80' lang='grc' dir='ltr'><strong>ἐμνημόνευσεν,</strong></span> <span class='ocrx_word' id='word_1_59' title='bbox 1867 921 1983 973; x_wconf 72' lang='grc' dir='ltr'>ἀλλ’</span> 
     </span>
    </p>
   </div>
   <div class='ocr_carea' id='block_1_11' title="bbox 415 1009 1985 1087">
    <p class='ocr_par' dir='ltr' id='par_1_11' title="bbox 415 1009 1985 1087">
     <span class='ocr_line' id='line_1_11' title="bbox 415 1009 1985 1087; baseline 0.004 -25"><span class='ocrx_word' id='word_1_60' title='bbox 415 1011 520 1063; x_wconf 77' lang='grc' dir='ltr'>οὐδ’</span> <span class='ocrx_word' id='word_1_61' title='bbox 560 1011 758 1081; x_wconf 83' lang='grc' dir='ltr'><strong>ὀρνέων</strong></span> <span class='ocrx_word' id='word_1_62' title='bbox 791 1012 977 1075; x_wconf 87' lang='grc' dir='ltr'>ἁπλῶς</span> <span class='ocrx_word' id='word_1_63' title='bbox 1006 1009 1186 1076; x_wconf 83' lang='grc' dir='ltr'>εἷπεν,</span> <span class='ocrx_word' id='word_1_64' title='bbox 1217 1013 1408 1081; x_wconf 82' lang='grc' dir='ltr'>ἐπειδὴ</span> <span class='ocrx_word' id='word_1_65' title='bbox 1442 1015 1534 1067; x_wconf 76' lang='grc' dir='ltr'><strong>καὶ</strong></span> <span class='ocrx_word' id='word_1_66' title='bbox 1561 1015 1764 1068; x_wconf 83' lang='grc' dir='ltr'>τούτων</span> <span class='ocrx_word' id='word_1_67' title='bbox 1789 1016 1857 1070; x_wconf 80' lang='grc' dir='ltr'>τὰ</span> <span class='ocrx_word' id='word_1_68' title='bbox 1889 1016 1985 1087; x_wconf 82' lang='grc' dir='ltr'>μὲν</span> 
     </span>
    </p>
   </div>
   <div class='ocr_carea' id='block_1_12' title="bbox 413 1103 1980 1176">
    <p class='ocr_par' dir='ltr' id='par_1_12' title="bbox 413 1103 1980 1176">
     <span class='ocr_line' id='line_1_12' title="bbox 413 1103 1980 1176; baseline 0.001 -19"><span class='ocrx_word' id='word_1_69' title='bbox 413 1104 781 1174; x_wconf 73' lang='grc' dir='ltr'><strong>σαρκοφαγεῖ,</strong></span> <span class='ocrx_word' id='word_1_70' title='bbox 809 1103 878 1156; x_wconf 78' lang='grc' dir='ltr'>τὰ</span> <span class='ocrx_word' id='word_1_71' title='bbox 917 1103 972 1155; x_wconf 87' lang='grc' dir='ltr'>δὲ</span> <span class='ocrx_word' id='word_1_72' title='bbox 1005 1105 1107 1174; x_wconf 81' lang='grc' dir='ltr'><strong>γῆν</strong></span> <span class='ocrx_word' id='word_1_73' title='bbox 1135 1107 1383 1166; x_wconf 79' lang='grc' dir='ltr'>σιτεῖται,</span> <span class='ocrx_word' id='word_1_74' title='bbox 1413 1105 1483 1156; x_wconf 85' lang='grc' dir='ltr'>τὰ</span> <span class='ocrx_word' id='word_1_75' title='bbox 1515 1105 1558 1158; x_wconf 85' lang='grc' dir='ltr'>δ’</span> <span class='ocrx_word' id='word_1_76' title='bbox 1606 1104 1980 1176; x_wconf 76' lang='grc' dir='ltr'>ἀλληλοφαγεῖ.</span> 
     </span>
    </p>
   </div>
   <div class='ocr_carea' id='block_1_13' title="bbox 408 1191 1986 1266">
    <p class='ocr_par' dir='ltr' id='par_1_13' title="bbox 408 1191 1986 1266">
     <span class='ocr_line' id='line_1_13' title="bbox 408 1191 1986 1266; baseline 0.004 -23"><span class='ocrx_word' id='word_1_77' title='bbox 408 1192 500 1248; x_wconf 63' lang='lat' dir='ltr'><strong>se</strong></span> <span class='ocrx_word' id='word_1_78' title='bbox 547 1191 657 1243; x_wconf 88' lang='grc' dir='ltr'><strong>τῶν</strong></span> <span class='ocrx_word' id='word_1_79' title='bbox 699 1192 1043 1264; x_wconf 79' lang='grc' dir='ltr'>νεκροϐόρων</span> <span class='ocrx_word' id='word_1_80' title='bbox 1093 1195 1187 1246; x_wconf 78' lang='grc' dir='ltr'><strong>καὶ</strong></span> <span class='ocrx_word' id='word_1_81' title='bbox 1233 1194 1582 1265; x_wconf 78' lang='grc' dir='ltr'>σαρκοϐὁρων</span> <span class='ocrx_word' id='word_1_82' title='bbox 1624 1196 1890 1266; x_wconf 74' lang='grc' dir='ltr'>ἀφορίσας</span> <span class='ocrx_word' id='word_1_83' title='bbox 1918 1197 1986 1250; x_wconf 80' lang='grc' dir='ltr'>τὰ</span> 
     </span>
    </p>
   </div>
   <div class='ocr_carea' id='block_1_14' title="bbox 408 1283 1986 1356">
    <p class='ocr_par' dir='ltr' id='par_1_14' title="bbox 408 1283 1986 1356">
     <span class='ocr_line' id='line_1_14' title="bbox 408 1283 1986 1356; baseline 0.004 -22"><span class='ocrx_word' id='word_1_84' title='bbox 408 1283 774 1354; x_wconf 79' lang='grc' dir='ltr'>σπερμοφάγα</span> <span class='ocrx_word' id='word_1_85' title='bbox 807 1283 918 1336; x_wconf 85' lang='grc' dir='ltr'><strong>τῶν</strong></span> <span class='ocrx_word' id='word_1_86' title='bbox 961 1285 1244 1348; x_wconf 84' lang='grc' dir='ltr'>πετεινῶν,</span> <span class='ocrx_word' id='word_1_87' title='bbox 1283 1287 1379 1338; x_wconf 68' lang='grc' dir='ltr'><strong>καὶ</strong></span> <span class='ocrx_word' id='word_1_88' title='bbox 1408 1285 1582 1339; x_wconf 81' lang='grc' dir='ltr'>ταῦτα</span> <span class='ocrx_word' id='word_1_89' title='bbox 1628 1286 1872 1356; x_wconf 82' lang='grc' dir='ltr'><strong>δηλώσας</strong></span> <span class='ocrx_word' id='word_1_90' title='bbox 1899 1288 1986 1341; x_wconf 79' lang='grc' dir='ltr'>διὰ</span> 
     </span>
    </p>
   </div>
   <div class='ocr_carea' id='block_1_15' title="bbox 403 1373 1985 1444">
    <p class='ocr_par' dir='ltr' id='par_1_15' title="bbox 403 1373 1985 1444">
     <span class='ocr_line' id='line_1_15' title="bbox 403 1373 1985 1444; baseline 0.001 -16"><span class='ocrx_word' id='word_1_91' title='bbox 403 1373 500 1428; x_wconf 80' lang='grc' dir='ltr'>τοῦ</span> <span class='ocrx_word' id='word_1_92' title='bbox 536 1374 701 1442; x_wconf 80' lang='grc' dir='ltr'>φάναι</span> <span class='ocrx_word' id='word_1_93' title='bbox 723 1391 736 1404; x_wconf 75' lang='grc' dir='ltr'><strong>ο</strong></span> <span class='ocrx_word' id='word_1_94' title='bbox 778 1377 860 1428; x_wconf 88' lang='grc' dir='ltr'><strong>Οὐ</strong></span> <span class='ocrx_word' id='word_1_95' title='bbox 892 1376 1251 1442; x_wconf 77' lang='grc' dir='ltr'>σπείρουσιν</span> <span class='ocrx_word' id='word_1_96' title='bbox 1288 1377 1430 1429; x_wconf 82' lang='grc' dir='ltr'>οὐδὲ</span> <span class='ocrx_word' id='word_1_97' title='bbox 1468 1374 1798 1444; x_wconf 78' lang='grc' dir='ltr'>θερίζουσιν</span> <span class='ocrx_word' id='word_1_98' title='bbox 1844 1377 1985 1432; x_wconf 83' lang='grc' dir='ltr'>οὐδὲ</span> 
     </span>
    </p>
   </div>
   <div class='ocr_carea' id='block_1_16' title="bbox 405 1464 1980 1538">
    <p class='ocr_par' dir='ltr' id='par_1_16' title="bbox 405 1464 1980 1538">
     <span class='ocr_line' id='line_1_16' title="bbox 405 1464 1980 1538; baseline 0.002 -19"><span class='ocrx_word' id='word_1_99' title='bbox 405 1464 786 1536; x_wconf 60' lang='grc' dir='ltr'>συνάγουσιν</span> <span class='ocrx_word' id='word_1_100' title='bbox 830 1468 918 1532; x_wconf 77' lang='grc' dir='ltr'>εὶς</span> <span class='ocrx_word' id='word_1_101' title='bbox 977 1467 1301 1533; x_wconf 76' lang='grc' dir='ltr'>ἀποθήκας,</span> <span class='ocrx_word' id='word_1_102' title='bbox 1361 1468 1461 1520; x_wconf 84' lang='grc' dir='ltr'>καὶ</span> <span class='ocrx_word' id='word_1_103' title='bbox 1499 1471 1531 1522; x_wconf 87' lang='grc' dir='ltr'><strong><em>ό</em></strong></span> <span class='ocrx_word' id='word_1_104' title='bbox 1577 1469 1778 1537; x_wconf 76' lang='grc' dir='ltr'>Πατὴρ</span> <span class='ocrx_word' id='word_1_105' title='bbox 1813 1468 1980 1538; x_wconf 78' lang='grc' dir='ltr'>ὑμῶν</span> 
     </span>
    </p>
   </div>
   <div class='ocr_carea' id='block_1_17' title="bbox 407 1555 1983 1634">
    <p class='ocr_par' dir='ltr' id='par_1_17' title="bbox 407 1555 1983 1634">
     <span class='ocr_line' id='line_1_17' title="bbox 407 1555 1983 1634; baseline 0.004 -25"><span class='ocrx_word' id='word_1_106' title='bbox 407 1558 444 1610; x_wconf 82' lang='grc' dir='ltr'><strong>δ</strong></span> <span class='ocrx_word' id='word_1_107' title='bbox 482 1555 762 1625; x_wconf 80' lang='grc' dir='ltr'>οὐράνιος</span> <span class='ocrx_word' id='word_1_108' title='bbox 791 1557 1172 1626; x_wconf 60' lang='grc' dir='ltr'>τρέφειαύτά·</span> <span class='ocrx_word' id='word_1_109' title='bbox 1204 1560 1407 1612; x_wconf 85' lang='grc' dir='ltr'>τούτων</span> <span class='ocrx_word' id='word_1_110' title='bbox 1445 1577 1502 1612; x_wconf 90' lang='grc' dir='ltr'><strong>τε</strong></span> <span class='ocrx_word' id='word_1_111' title='bbox 1526 1561 1702 1613; x_wconf 85' lang='grc' dir='ltr'>αὐτῶν</span> <span class='ocrx_word' id='word_1_112' title='bbox 1741 1563 1983 1634; x_wconf 76' lang='grc' dir='ltr'><strong>ἐμφήνας</strong></span> 
     </span>
    </p>
   </div>
   <div class='ocr_carea' id='block_1_18' title="bbox 405 1647 1985 1725">
    <p class='ocr_par' dir='ltr' id='par_1_18' title="bbox 405 1647 1985 1725">
     <span class='ocr_line' id='line_1_18' title="bbox 405 1647 1985 1725; baseline 0.006 -26"><span class='ocrx_word' id='word_1_113' title='bbox 405 1647 477 1700; x_wconf 86' lang='grc' dir='ltr'>τὰ</span> <span class='ocrx_word' id='word_1_114' title='bbox 505 1647 818 1719; x_wconf 70' lang='grc' dir='ltr'>ὑψηλοπετῆ</span> <span class='ocrx_word' id='word_1_115' title='bbox 853 1647 942 1701; x_wconf 84' lang='grc' dir='ltr'><strong>διὰ</strong></span> <span class='ocrx_word' id='word_1_116' title='bbox 975 1648 1069 1702; x_wconf 74' lang='grc' dir='ltr'>τοῦ</span> <span class='ocrx_word' id='word_1_117' title='bbox 1103 1654 1421 1719; x_wconf 81' lang='grc' dir='ltr'>προσειπεῖν</span> <span class='ocrx_word' id='word_1_118' title='bbox 1461 1651 1598 1705; x_wconf 80' lang='grc' dir='ltr'>αὐτὰ</span> <span class='ocrx_word' id='word_1_119' title='bbox 1629 1653 1856 1725; x_wconf 76' lang='grc' dir='ltr'>οὐρανοῦ</span> <span class='ocrx_word' id='word_1_120' title='bbox 1890 1673 1985 1708; x_wconf 86' lang='grc' dir='ltr'>πε-</span> 
     </span>
    </p>
   </div>
   <div class='ocr_carea' id='block_1_19' title="bbox 405 1739 1983 1818">
    <p class='ocr_par' dir='ltr' id='par_1_19' title="bbox 405 1739 1983 1818">
     <span class='ocr_line' id='line_1_19' title="bbox 405 1739 1983 1818; baseline 0.006 -27"><span class='ocrx_word' id='word_1_121' title='bbox 405 1739 579 1802; x_wconf 81' lang='grc' dir='ltr'>τεινὰ,</span> <span class='ocrx_word' id='word_1_122' title='bbox 624 1741 750 1802; x_wconf 79' lang='grc' dir='ltr'>τοὺς</span> <span class='ocrx_word' id='word_1_123' title='bbox 803 1739 968 1793; x_wconf 78' lang='grc' dir='ltr'>αὑτοῦ</span> <span class='ocrx_word' id='word_1_124' title='bbox 1019 1742 1263 1814; x_wconf 75' lang='grc' dir='ltr'>μαθητὰς</span> <span class='ocrx_word' id='word_1_125' title='bbox 1308 1744 1400 1796; x_wconf 72' lang='grc' dir='ltr'>ἐπὶ</span> <span class='ocrx_word' id='word_1_126' title='bbox 1446 1744 1540 1815; x_wconf 78' lang='grc' dir='ltr'>τὴν</span> <span class='ocrx_word' id='word_1_127' title='bbox 1591 1746 1849 1815; x_wconf 80' lang='grc' dir='ltr'>ὁμοίωσιν</span> <span class='ocrx_word' id='word_1_128' title='bbox 1882 1748 1983 1818; x_wconf 76' lang='grc' dir='ltr'><strong>τῆς</strong></span> 
     </span>
    </p>
   </div>
   <div class='ocr_carea' id='block_1_20' title="bbox 405 1830 1981 1907">
    <p class='ocr_par' dir='ltr' id='par_1_20' title="bbox 405 1830 1981 1907">
     <span class='ocr_line' id='line_1_20' title="bbox 405 1830 1981 1907; baseline 0.006 -25"><span class='ocrx_word' id='word_1_129' title='bbox 405 1830 614 1883; x_wconf 84' lang='grc' dir='ltr'>τούτων</span> <span class='ocrx_word' id='word_1_130' title='bbox 637 1831 842 1902; x_wconf 80' lang='grc' dir='ltr'>τροφῆς</span> <span class='ocrx_word' id='word_1_131' title='bbox 866 1831 1157 1904; x_wconf 75' lang='grc' dir='ltr'>παρώρμα·</span> <span class='ocrx_word' id='word_1_132' title='bbox 1182 1833 1317 1904; x_wconf 80' lang='grc' dir='ltr'>ὁμοῦ</span> <span class='ocrx_word' id='word_1_133' title='bbox 1349 1835 1444 1887; x_wconf 76' lang='grc' dir='ltr'><strong>καὶ</strong></span> <span class='ocrx_word' id='word_1_134' title='bbox 1467 1836 1558 1888; x_wconf 71' lang='grc' dir='ltr'><strong>ἐπὶ</strong></span> <span class='ocrx_word' id='word_1_135' title='bbox 1584 1835 1680 1907; x_wconf 78' lang='grc' dir='ltr'>τὴν</span> <span class='ocrx_word' id='word_1_136' title='bbox 1710 1838 1981 1904; x_wconf 79' lang='grc' dir='ltr'>ἀπόδειξιν</span> 
     </span>
    </p>
   </div>
   <div class='ocr_carea' id='block_1_21' title="bbox 405 1925 1977 1998">
    <p class='ocr_par' dir='ltr' id='par_1_21' title="bbox 405 1925 1977 1998">
     <span class='ocr_line' id='line_1_21' title="bbox 405 1925 1977 1998; baseline 0.004 -21"><span class='ocrx_word' id='word_1_137' title='bbox 405 1925 510 1996; x_wconf 81' lang='grc' dir='ltr'><strong>τῆς</strong></span> <span class='ocrx_word' id='word_1_138' title='bbox 551 1926 765 1981; x_wconf 82' lang='grc' dir='ltr'>πάντων</span> <span class='ocrx_word' id='word_1_139' title='bbox 801 1926 995 1998; x_wconf 77' lang='grc' dir='ltr'>ἐφόρου</span> <span class='ocrx_word' id='word_1_140' title='bbox 1037 1928 1294 1997; x_wconf 73' lang='grc' dir='ltr'>προνοίας</span> <span class='ocrx_word' id='word_1_141' title='bbox 1343 1928 1728 1998; x_wconf 81' lang='grc' dir='ltr'>παραπέμπων</span> <span class='ocrx_word' id='word_1_142' title='bbox 1761 1931 1977 1994; x_wconf 74' lang='grc' dir='ltr'>αὐτοὺς,</span> 
     </span>
    </p>
   </div>
   <div class='ocr_carea' id='block_1_22' title="bbox 404 2015 1980 2091">
    <p class='ocr_par' dir='ltr' id='par_1_22' title="bbox 404 2015 1980 2091">
     <span class='ocr_line' id='line_1_22' title="bbox 404 2015 1980 2091; baseline 0.003 -23"><span class='ocrx_word' id='word_1_143' title='bbox 404 2015 483 2079; x_wconf 84' lang='grc' dir='ltr'>ὡς</span> <span class='ocrx_word' id='word_1_144' title='bbox 512 2015 577 2075; x_wconf 83' lang='grc' dir='ltr'><strong>ἂν</strong></span> <span class='ocrx_word' id='word_1_145' title='bbox 604 2018 992 2088; x_wconf 79' lang='grc' dir='ltr'>τεκμαίρεσθαι</span> <span class='ocrx_word' id='word_1_146' title='bbox 1025 2019 1354 2087; x_wconf 79' lang='grc' dir='ltr'>δυναμένους</span> <span class='ocrx_word' id='word_1_147' title='bbox 1387 2021 1451 2072; x_wconf 84' lang='grc' dir='ltr'><strong>ἐκ</strong></span> <span class='ocrx_word' id='word_1_148' title='bbox 1479 2019 1570 2072; x_wconf 82' lang='grc' dir='ltr'>τοῦ</span> <span class='ocrx_word' id='word_1_149' title='bbox 1611 2019 1980 2091; x_wconf 83' lang='grc' dir='ltr'>παραδείγμα-</span> 
     </span>
    </p>
   </div>
   <div class='ocr_carea' id='block_1_23' title="bbox 406 2109 1978 2181">
    <p class='ocr_par' dir='ltr' id='par_1_23' title="bbox 406 2109 1978 2181">
     <span class='ocr_line' id='line_1_23' title="bbox 406 2109 1978 2181; baseline 0.003 -20"><span class='ocrx_word' id='word_1_150' title='bbox 406 2124 523 2172; x_wconf 83' lang='grc' dir='ltr'>τος,</span> <span class='ocrx_word' id='word_1_151' title='bbox 555 2109 637 2162; x_wconf 85' lang='grc' dir='ltr'><strong>ὅτι</strong></span> <span class='ocrx_word' id='word_1_152' title='bbox 664 2110 798 2162; x_wconf 73' lang='grc' dir='ltr'>πολὺ</span> <span class='ocrx_word' id='word_1_153' title='bbox 831 2111 1030 2180; x_wconf 81' lang='grc' dir='ltr'>μᾶλλον</span> <span class='ocrx_word' id='word_1_154' title='bbox 1059 2111 1236 2164; x_wconf 79' lang='grc' dir='ltr'>αὐτῶν</span> <span class='ocrx_word' id='word_1_155' title='bbox 1269 2111 1301 2181; x_wconf 84' lang='grc' dir='ltr'><strong>ἢ</strong></span> <span class='ocrx_word' id='word_1_156' title='bbox 1338 2110 1443 2164; x_wconf 90' lang='grc' dir='ltr'><strong>τῶν</strong></span> <span class='ocrx_word' id='word_1_157' title='bbox 1473 2111 1732 2165; x_wconf 83' lang='grc' dir='ltr'>πετεινῶν</span> <span class='ocrx_word' id='word_1_158' title='bbox 1757 2112 1850 2165; x_wconf 71' lang='grc' dir='ltr'><strong>τοῦ</strong></span> <span class='ocrx_word' id='word_1_159' title='bbox 1885 2114 1978 2166; x_wconf 78' lang='grc' dir='ltr'>οὐ-</span> 
     </span>
    </p>
   </div>
   <div class='ocr_carea' id='block_1_24' title="bbox 409 2199 1974 2276">
    <p class='ocr_par' dir='ltr' id='par_1_24' title="bbox 409 2199 1974 2276">
     <span class='ocr_line' id='line_1_24' title="bbox 409 2199 1974 2276; baseline 0.003 -23"><span class='ocrx_word' id='word_1_160' title='bbox 409 2199 575 2272; x_wconf 80' lang='grc' dir='ltr'>ρανοῦ</span> <span class='ocrx_word' id='word_1_161' title='bbox 607 2203 706 2271; x_wconf 80' lang='grc' dir='ltr'><strong>τῆς</strong></span> <span class='ocrx_word' id='word_1_162' title='bbox 732 2203 938 2272; x_wconf 75' lang='grc' dir='ltr'>τροφῆς</span> <span class='ocrx_word' id='word_1_163' title='bbox 965 2207 1206 2274; x_wconf 81' lang='grc' dir='ltr'>φροντιεί</span> <span class='ocrx_word' id='word_1_164' title='bbox 1227 2205 1255 2256; x_wconf 83' lang='grc' dir='ltr'>ὁ</span> <span class='ocrx_word' id='word_1_165' title='bbox 1284 2205 1531 2276; x_wconf 75' lang='grc' dir='ltr'>οὐράνιος</span> <span class='ocrx_word' id='word_1_166' title='bbox 1559 2205 1736 2260; x_wconf 81' lang='grc' dir='ltr'>αὐτῶν</span> <span class='ocrx_word' id='word_1_167' title='bbox 1766 2206 1974 2276; x_wconf 81' lang='grc' dir='ltr'>Πατήρ.</span> 
     </span>
    </p>
   </div>
   <div class='ocr_carea' id='block_1_25' title="bbox 410 2291 1978 2366">
    <p class='ocr_par' dir='ltr' id='par_1_25' title="bbox 410 2291 1978 2366">
     <span class='ocr_line' id='line_1_25' title="bbox 410 2291 1978 2366; baseline 0.003 -23"><span class='ocrx_word' id='word_1_168' title='bbox 410 2291 628 2363; x_wconf 83' lang='grc' dir='ltr'>Πατέρα</span> <span class='ocrx_word' id='word_1_169' title='bbox 658 2292 714 2346; x_wconf 81' lang='grc' dir='ltr'><strong>δὲ</strong></span> <span class='ocrx_word' id='word_1_170' title='bbox 748 2295 927 2350; x_wconf 89' lang='grc' dir='ltr'>καλῶν</span> <span class='ocrx_word' id='word_1_171' title='bbox 963 2295 1229 2365; x_wconf 79' lang='grc' dir='ltr'>οὐράνιον,</span> <span class='ocrx_word' id='word_1_172' title='bbox 1268 2295 1445 2366; x_wconf 82' lang='grc' dir='ltr'>δόγμα</span> <span class='ocrx_word' id='word_1_173' title='bbox 1474 2297 1725 2366; x_wconf 87' lang='grc' dir='ltr'>μέγιστον</span> <span class='ocrx_word' id='word_1_174' title='bbox 1762 2297 1978 2363; x_wconf 81' lang='grc' dir='ltr'>ἐξεπαί-</span> 
     </span>
    </p>
   </div>
   <div class='ocr_carea' id='block_1_26' title="bbox 406 2383 1979 2461">
    <p class='ocr_par' dir='ltr' id='par_1_26' title="bbox 406 2383 1979 2461">
     <span class='ocr_line' id='line_1_26' title="bbox 406 2383 1979 2461; baseline 0.001 -21"><span class='ocrx_word' id='word_1_175' title='bbox 406 2383 581 2442; x_wconf 76' lang='grc' dir='ltr'>δευενρ</span> <span class='ocrx_word' id='word_1_176' title='bbox 621 2386 810 2448; x_wconf 80' lang='grc' dir='ltr'>ὐντος</span> <span class='ocrx_word' id='word_1_177' title='bbox 844 2386 953 2458; x_wconf 76' lang='grc' dir='ltr'><strong>γὰρ</strong></span> <span class='ocrx_word' id='word_1_178' title='bbox 979 2388 1193 2459; x_wconf 74' lang='grc' dir='ltr'>[ἰατρὸς</span> <span class='ocrx_word' id='word_1_179' title='bbox 1239 2389 1505 2459; x_wconf 81' lang='grc' dir='ltr'>σωμάτων</span> <span class='ocrx_word' id='word_1_180' title='bbox 1541 2389 1636 2442; x_wconf 77' lang='grc' dir='ltr'>τοῦ</span> <span class='ocrx_word' id='word_1_181' title='bbox 1671 2391 1769 2460; x_wconf 82' lang='grc' dir='ltr'>τὴν</span> <span class='ocrx_word' id='word_1_182' title='bbox 1801 2390 1979 2461; x_wconf 81' lang='grc' dir='ltr'>σάρκα</span> 
     </span>
    </p>
   </div>
   <div class='ocr_carea' id='block_1_27' title="bbox 407 2475 1978 2551">
    <p class='ocr_par' dir='ltr' id='par_1_27' title="bbox 407 2475 1978 2551">
     <span class='ocr_line' id='line_1_27' title="bbox 407 2475 1978 2551; baseline 0.004 -23"><span class='ocrx_word' id='word_1_183' title='bbox 407 2475 728 2545; x_wconf 83' lang='grc' dir='ltr'>σπείραντος</span> <span class='ocrx_word' id='word_1_184' title='bbox 752 2478 984 2549; x_wconf 76' lang='grc' dir='ltr'>ἑκάστῳ,</span> <span class='ocrx_word' id='word_1_185' title='bbox 1009 2478 1160 2542; x_wconf 75' lang='grc' dir='ltr'>ὄντος</span> <span class='ocrx_word' id='word_1_186' title='bbox 1182 2479 1238 2532; x_wconf 71' lang='grc' dir='ltr'>δὲ</span> <span class='ocrx_word' id='word_1_187' title='bbox 1259 2479 1352 2533; x_wconf 73' lang='grc' dir='ltr'>καὶ</span> <span class='ocrx_word' id='word_1_188' title='bbox 1378 2479 1585 2551; x_wconf 84' lang='grc' dir='ltr'>ΙΙατρὸς</span> <span class='ocrx_word' id='word_1_189' title='bbox 1614 2480 1859 2548; x_wconf 81' lang='grc' dir='ltr'>οὐρανίου</span> <span class='ocrx_word' id='word_1_190' title='bbox 1885 2482 1978 2534; x_wconf 77' lang='grc' dir='ltr'><strong>τοῦ</strong></span> 
     </span>
    </p>
   </div>
   <div class='ocr_carea' id='block_1_28' title="bbox 404 2565 1980 2640">
    <p class='ocr_par' dir='ltr' id='par_1_28' title="bbox 404 2565 1980 2640">
     <span class='ocr_line' id='line_1_28' title="bbox 404 2565 1980 2640; baseline 0.003 -21"><span class='ocrx_word' id='word_1_191' title='bbox 404 2566 505 2637; x_wconf 74' lang='grc' dir='ltr'>τὴν</span> <span class='ocrx_word' id='word_1_192' title='bbox 547 2565 768 2639; x_wconf 77' lang='grc' dir='ltr'>λογικὴν</span> <span class='ocrx_word' id='word_1_193' title='bbox 806 2569 900 2621; x_wconf 73' lang='grc' dir='ltr'><strong>καὶ</strong></span> <span class='ocrx_word' id='word_1_194' title='bbox 929 2569 1120 2640; x_wconf 66' lang='lat' dir='ltr'><strong>vos.in</strong></span> <span class='ocrx_word' id='word_1_195' title='bbox 1151 2569 1378 2640; x_wconf 75' lang='grc' dir='ltr'>δύναμιν</span> <span class='ocrx_word' id='word_1_196' title='bbox 1411 2570 1468 2620; x_wconf 87' lang='grc' dir='ltr'><strong>ὲν</strong></span> <span class='ocrx_word' id='word_1_197' title='bbox 1503 2571 1631 2639; x_wconf 81' lang='grc' dir='ltr'>ἡμῖν</span> <span class='ocrx_word' id='word_1_198' title='bbox 1674 2570 1980 2640; x_wconf 82' lang='grc' dir='ltr'>ὑποστησα-</span> 
     </span>
    </p>
   </div>
   <div class='ocr_carea' id='block_1_29' title="bbox 408 2657 1976 2731">
    <p class='ocr_par' dir='ltr' id='par_1_29' title="bbox 408 2657 1976 2731">
     <span class='ocr_line' id='line_1_29' title="bbox 408 2657 1976 2731; baseline 0.001 -21"><span class='ocrx_word' id='word_1_199' title='bbox 408 2658 594 2728; x_wconf 80' lang='grc' dir='ltr'>μένου,</span> <span class='ocrx_word' id='word_1_200' title='bbox 638 2658 691 2711; x_wconf 91' lang='grc' dir='ltr'><strong>τί</strong></span> <span class='ocrx_word' id='word_1_201' title='bbox 729 2657 835 2731; x_wconf 82' lang='grc' dir='ltr'><strong>χρὴ</strong></span> <span class='ocrx_word' id='word_1_202' title='bbox 885 2661 1186 2729; x_wconf 82' lang='grc' dir='ltr'>μεριμνᾷν;</span> <span class='ocrx_word' id='word_1_203' title='bbox 1221 2660 1356 2730; x_wconf 75' lang='grc' dir='ltr'><strong>Οὐχὶ</strong></span> <span class='ocrx_word' id='word_1_204' title='bbox 1393 2659 1636 2730; x_wconf 80' lang='grc' dir='ltr'>ἀκριϐῶς</span> <span class='ocrx_word' id='word_1_205' title='bbox 1667 2661 1976 2723; x_wconf 80' lang='grc' dir='ltr'>πεπεῖσθαι,</span> 
     </span>
    </p>
   </div>
   <div class='ocr_carea' id='block_1_30' title="bbox 404 2753 1978 2826">
    <p class='ocr_par' dir='ltr' id='par_1_30' title="bbox 404 2753 1978 2826">
     <span class='ocr_line' id='line_1_30' title="bbox 404 2753 1978 2826; baseline 0.001 -19"><span class='ocrx_word' id='word_1_206' title='bbox 404 2753 490 2807; x_wconf 82' lang='grc' dir='ltr'>ὃτι</span> <span class='ocrx_word' id='word_1_207' title='bbox 525 2753 657 2807; x_wconf 78' lang='grc' dir='ltr'>πολὺ</span> <span class='ocrx_word' id='word_1_208' title='bbox 701 2754 963 2824; x_wconf 90' lang='grc' dir='ltr'>πρότερον</span> <span class='ocrx_word' id='word_1_209' title='bbox 992 2755 1147 2825; x_wconf 77' lang='grc' dir='ltr'>ἡμῶν</span> <span class='ocrx_word' id='word_1_210' title='bbox 1177 2757 1206 2808; x_wconf 82' lang='grc' dir='ltr'>ὁ</span> <span class='ocrx_word' id='word_1_211' title='bbox 1234 2754 1376 2808; x_wconf 83' lang='grc' dir='ltr'>κατὰ</span> <span class='ocrx_word' id='word_1_212' title='bbox 1403 2755 1562 2822; x_wconf 79' lang='grc' dir='ltr'>φύσιν</span> <span class='ocrx_word' id='word_1_213' title='bbox 1596 2757 1689 2808; x_wconf 78' lang='grc' dir='ltr'><strong>καὶ</strong></span> <span class='ocrx_word' id='word_1_214' title='bbox 1719 2757 1978 2826; x_wconf 85' lang='grc' dir='ltr'>κρείττων</span> 
     </span>
    </p>
   </div>
   <div class='ocr_carea' id='block_1_31' title="bbox 406 2841 1980 2914">
    <p class='ocr_par' dir='ltr' id='par_1_31' title="bbox 406 2841 1980 2914">
     <span class='ocr_line' id='line_1_31' title="bbox 406 2841 1980 2914; baseline 0.002 -20"><span class='ocrx_word' id='word_1_215' title='bbox 406 2841 593 2912; x_wconf 77' lang='grc' dir='ltr'>πατὴρ</span> <span class='ocrx_word' id='word_1_216' title='bbox 626 2843 984 2914; x_wconf 84' lang='grc' dir='ltr'>προνοήσεται</span> <span class='ocrx_word' id='word_1_217' title='bbox 1016 2843 1050 2914; x_wconf 84' lang='grc' dir='ltr'>ἢ</span> <span class='ocrx_word' id='word_1_218' title='bbox 1097 2843 1206 2896; x_wconf 90' lang='grc' dir='ltr'><strong>τῶν</strong></span> <span class='ocrx_word' id='word_1_219' title='bbox 1242 2843 1497 2896; x_wconf 88' lang='grc' dir='ltr'>πετεινῶν</span> <span class='ocrx_word' id='word_1_220' title='bbox 1539 2843 1632 2895; x_wconf 77' lang='grc' dir='ltr'><strong>τοῦ</strong></span> <span class='ocrx_word' id='word_1_221' title='bbox 1667 2843 1916 2914; x_wconf 79' lang='grc' dir='ltr'>οὐρανοῦ,</span> <span class='ocrx_word' id='word_1_222' title='bbox 1945 2845 1980 2897; x_wconf 70' lang='grc' dir='ltr'><strong>ἃ</strong></span> 
     </span>
    </p>
   </div>
   <div class='ocr_carea' id='block_1_32' title="bbox 415 2930 1981 3004">
    <p class='ocr_par' dir='ltr' id='par_1_32' title="bbox 415 2930 1981 3004">
     <span class='ocr_line' id='line_1_32' title="bbox 415 2930 1981 3004; baseline -0.001 -19"><span class='ocrx_word' id='word_1_223' title='bbox 415 2930 504 2985; x_wconf 72' lang='grc' dir='ltr'><strong>διὰ</strong></span> <span class='ocrx_word' id='word_1_224' title='bbox 529 2930 626 3002; x_wconf 78' lang='grc' dir='ltr'><strong>τὴν</strong></span> <span class='ocrx_word' id='word_1_225' title='bbox 654 2932 816 2985; x_wconf 76' lang='grc' dir='ltr'>αὐτοῦ</span> <span class='ocrx_word' id='word_1_226' title='bbox 855 2932 1112 3004; x_wconf 82' lang='grc' dir='ltr'>πρόνοιαν</span> <span class='ocrx_word' id='word_1_227' title='bbox 1147 2931 1306 3003; x_wconf 85' lang='grc' dir='ltr'>μέχρι</span> <span class='ocrx_word' id='word_1_228' title='bbox 1341 2933 1434 2984; x_wconf 66' lang='grc' dir='ltr'><strong>κα)⁸</strong></span> <span class='ocrx_word' id='word_1_229' title='bbox 1472 2931 1647 2984; x_wconf 83' lang='grc' dir='ltr'>αὐτῶν</span> <span class='ocrx_word' id='word_1_230' title='bbox 1675 2933 1981 3004; x_wconf 72' lang='grc' dir='ltr'>ἐκτεινομέ-</span> 
     </span>
    </p>
   </div>
   <div class='ocr_carea' id='block_1_33' title="bbox 407 3022 1978 3095">
    <p class='ocr_par' dir='ltr' id='par_1_33' title="bbox 407 3022 1978 3095">
     <span class='ocr_line' id='line_1_33' title="bbox 407 3022 1978 3095; baseline 0 -19"><span class='ocrx_word' id='word_1_231' title='bbox 407 3041 529 3093; x_wconf 88' lang='grc' dir='ltr'>νην,</span> <span class='ocrx_word' id='word_1_232' title='bbox 569 3022 838 3095; x_wconf 75' lang='grc' dir='ltr'>τοσαύτης</span> <span class='ocrx_word' id='word_1_233' title='bbox 874 3024 934 3088; x_wconf 64' lang='lat' dir='ltr'><strong>eg</strong></span> <span class='ocrx_word' id='word_1_234' title='bbox 974 3025 1192 3095; x_wconf 80' lang='grc' dir='ltr'>ἑτοίμου</span> <span class='ocrx_word' id='word_1_235' title='bbox 1237 3026 1443 3095; x_wconf 82' lang='grc' dir='ltr'>τροφῆς</span> <span class='ocrx_word' id='word_1_236' title='bbox 1488 3024 1728 3095; x_wconf 81' lang='grc' dir='ltr'>εὐπορεῖ,</span> <span class='ocrx_word' id='word_1_237' title='bbox 1761 3024 1836 3088; x_wconf 83' lang='grc' dir='ltr'>ὡς</span> <span class='ocrx_word' id='word_1_238' title='bbox 1886 3025 1978 3078; x_wconf 83' lang='grc' dir='ltr'>εὑ-</span> 
     </span>
    </p>
   </div>
   <div class='ocr_carea' id='block_1_34' title="bbox 405 3114 1979 3186">
    <p class='ocr_par' dir='ltr' id='par_1_34' title="bbox 405 3114 1979 3186">
     <span class='ocr_line' id='line_1_34' title="bbox 405 3114 1979 3186; baseline 0.001 -20"><span class='ocrx_word' id='word_1_239' title='bbox 405 3117 589 3184; x_wconf 76' lang='grc' dir='ltr'>τραφῆ</span> <span class='ocrx_word' id='word_1_240' title='bbox 631 3115 724 3167; x_wconf 78' lang='grc' dir='ltr'><strong>καὶ</strong></span> <span class='ocrx_word' id='word_1_241' title='bbox 776 3115 971 3186; x_wconf 76' lang='grc' dir='ltr'>ἰσχυρὰ</span> <span class='ocrx_word' id='word_1_242' title='bbox 1016 3116 1110 3171; x_wconf 78' lang='grc' dir='ltr'><strong>καὶ</strong></span> <span class='ocrx_word' id='word_1_243' title='bbox 1141 3114 1429 3185; x_wconf 71' lang='grc' dir='ltr'>ὲρῤῳμένα</span> <span class='ocrx_word' id='word_1_244' title='bbox 1469 3114 1787 3185; x_wconf 82' lang='grc' dir='ltr'>τυγχάνειν;</span> <span class='ocrx_word' id='word_1_245' title='bbox 1821 3114 1979 3168; x_wconf 79' lang='grc' dir='ltr'>Κατὰ</span> 
     </span>
    </p>
   </div>
   <div class='ocr_carea' id='block_1_35' title="bbox 407 3204 1980 3275">
    <p class='ocr_par' dir='ltr' id='par_1_35' title="bbox 407 3204 1980 3275">
     <span class='ocr_line' id='line_1_35' title="bbox 407 3204 1980 3275; baseline 0.001 -18"><span class='ocrx_word' id='word_1_246' title='bbox 407 3205 464 3257; x_wconf 81' lang='grc' dir='ltr'>δὲ</span> <span class='ocrx_word' id='word_1_247' title='bbox 509 3205 602 3258; x_wconf 77' lang='grc' dir='ltr'><strong>τὸν</strong></span> <span class='ocrx_word' id='word_1_248' title='bbox 632 3207 844 3266; x_wconf 72' lang='grc' dir='ltr'>Λουκᾶν</span> <span class='ocrx_word' id='word_1_249' title='bbox 879 3205 1051 3273; x_wconf 81' lang='grc' dir='ltr'>λέγων</span> <span class='ocrx_word' id='word_1_250' title='bbox 1073 3207 1101 3258; x_wconf 87' lang='grc' dir='ltr'><strong>ὀ</strong></span> <span class='ocrx_word' id='word_1_251' title='bbox 1133 3205 1362 3275; x_wconf 74' lang='grc' dir='ltr'>Κύριοςο</span> <span class='ocrx_word' id='word_1_252' title='bbox 1392 3204 1814 3273; x_wconf 77' lang='grc' dir='ltr'>Κατανοήσατε</span> <span class='ocrx_word' id='word_1_253' title='bbox 1839 3206 1980 3272; x_wconf 83' lang='grc' dir='ltr'>τοὺς</span> 
     </span>
    </p>
   </div>
   <div class='ocr_carea' id='block_1_36' title="bbox 410 3296 1980 3368">
    <p class='ocr_par' dir='ltr' id='par_1_36' title="bbox 410 3296 1980 3368">
     <span class='ocr_line' id='line_1_36' title="bbox 410 3296 1980 3368; baseline -0.001 -18"><span class='ocrx_word' id='word_1_254' title='bbox 410 3297 670 3365; x_wconf 62' lang='grc' dir='ltr'>κόρακας</span> <span class='ocrx_word' id='word_1_255' title='bbox 695 3296 831 3366; x_wconf 72' lang='lat'><strong>(59),</strong></span> <span class='ocrx_word' id='word_1_256' title='bbox 861 3298 1044 3351; x_wconf 86' lang='grc' dir='ltr'>πλεῖόν</span> <span class='ocrx_word' id='word_1_257' title='bbox 1062 3315 1115 3350; x_wconf 90' lang='grc' dir='ltr'><strong>τι</strong></span> <span class='ocrx_word' id='word_1_258' title='bbox 1139 3298 1368 3367; x_wconf 76' lang='grc' dir='ltr'>ὲμφαίνε</span> <span class='ocrx_word' id='word_1_259' title='bbox 1379 3316 1414 3354; x_wconf 90' lang='grc' dir='ltr'>ι.</span> <span class='ocrx_word' id='word_1_260' title='bbox 1441 3297 1566 3358; x_wconf 88' lang='grc' dir='ltr'>Τοῖς</span> <span class='ocrx_word' id='word_1_261' title='bbox 1581 3299 1676 3368; x_wconf 82' lang='grc' dir='ltr'>μὲν</span> <span class='ocrx_word' id='word_1_262' title='bbox 1689 3298 1796 3367; x_wconf 86' lang='grc' dir='ltr'><strong>γὰρ</strong></span> <span class='ocrx_word' id='word_1_263' title='bbox 1811 3314 1910 3350; x_wconf 88' lang='grc' dir='ltr'><strong>σπε</strong></span> <span class='ocrx_word' id='word_1_264' title='bbox 1918 3315 1980 3367; x_wconf 80' lang='grc' dir='ltr'><strong>ρ·-</strong></span> 
     </span>
    </p>
   </div>
   <div class='ocr_carea' id='block_1_37' title="bbox 414 3387 1981 3460">
    <p class='ocr_par' dir='ltr' id='par_1_37' title="bbox 414 3387 1981 3460">
     <span class='ocr_line' id='line_1_37' title="bbox 414 3387 1981 3460; baseline 0.001 -20"><span class='ocrx_word' id='word_1_265' title='bbox 414 3387 660 3458; x_wconf 84' lang='grc' dir='ltr'>μολόγοις</span> <span class='ocrx_word' id='word_1_266' title='bbox 705 3387 812 3440; x_wconf 90' lang='grc' dir='ltr'><strong>τῶν</strong></span> <span class='ocrx_word' id='word_1_267' title='bbox 846 3387 1064 3455; x_wconf 78' lang='grc' dir='ltr'>πτηνῶν</span> <span class='ocrx_word' id='word_1_268' title='bbox 1110 3388 1425 3460; x_wconf 83' lang='grc' dir='ltr'>ἐτοιμοτέρα</span> <span class='ocrx_word' id='word_1_269' title='bbox 1470 3390 1586 3441; x_wconf 76' lang='grc' dir='ltr'>ἐστὶ</span> <span class='ocrx_word' id='word_1_270' title='bbox 1618 3389 1825 3460; x_wconf 76' lang='grc' dir='ltr'>τροφὴ,</span> <span class='ocrx_word' id='word_1_271' title='bbox 1868 3391 1981 3452; x_wconf 86' lang='grc' dir='ltr'>τοῖς</span> 
     </span>
    </p>
   </div>
   <div class='ocr_carea' id='block_1_38' title="bbox 409 3479 1976 3553">
    <p class='ocr_par' dir='ltr' id='par_1_38' title="bbox 409 3479 1976 3553">
     <span class='ocr_line' id='line_1_38' title="bbox 409 3479 1976 3553; baseline 0.001 -19"><span class='ocrx_word' id='word_1_272' title='bbox 409 3480 464 3534; x_wconf 84' lang='grc' dir='ltr'>δὲ</span> <span class='ocrx_word' id='word_1_273' title='bbox 507 3479 889 3552; x_wconf 76' lang='grc' dir='ltr'>σαρκοῦόροις,</span> <span class='ocrx_word' id='word_1_274' title='bbox 925 3479 1112 3550; x_wconf 82' lang='grc' dir='ltr'>ὥσπερ</span> <span class='ocrx_word' id='word_1_275' title='bbox 1157 3483 1205 3532; x_wconf 88' lang='grc' dir='ltr'>οἱ</span> <span class='ocrx_word' id='word_1_276' title='bbox 1241 3482 1507 3552; x_wconf 86' lang='grc' dir='ltr'>κόρακες,</span> <span class='ocrx_word' id='word_1_277' title='bbox 1546 3481 1976 3553; x_wconf 62' lang='grc' dir='ltr'>δυσχερεστέρα·</span> 
     </span>
    </p>
   </div>
   <div class='ocr_carea' id='block_1_39' title="bbox 411 3569 1982 3642">
    <p class='ocr_par' dir='ltr' id='par_1_39' title="bbox 411 3569 1982 3642">
     <span class='ocr_line' id='line_1_39' title="bbox 411 3569 1982 3642; baseline -0.001 -18"><span class='ocrx_word' id='word_1_278' title='bbox 411 3569 526 3624; x_wconf 79' lang='grc' dir='ltr'>ἀλλ’</span> <span class='ocrx_word' id='word_1_279' title='bbox 554 3571 705 3640; x_wconf 80' lang='grc' dir='ltr'>ὅμως</span> <span class='ocrx_word' id='word_1_280' title='bbox 743 3570 861 3624; x_wconf 82' lang='grc' dir='ltr'>οὐδὲ</span> <span class='ocrx_word' id='word_1_281' title='bbox 910 3569 978 3622; x_wconf 84' lang='grc' dir='ltr'>τὰ</span> <span class='ocrx_word' id='word_1_282' title='bbox 1021 3570 1246 3624; x_wconf 81' lang='grc' dir='ltr'>τοιαῦτα</span> <span class='ocrx_word' id='word_1_283' title='bbox 1283 3571 1487 3642; x_wconf 81' lang='grc' dir='ltr'>τροφῆς</span> <span class='ocrx_word' id='word_1_284' title='bbox 1528 3572 1724 3641; x_wconf 79' lang='grc' dir='ltr'>ἀπορεῖ</span> <span class='ocrx_word' id='word_1_285' title='bbox 1760 3571 1848 3624; x_wconf 81' lang='grc' dir='ltr'>διὰ</span> <span class='ocrx_word' id='word_1_286' title='bbox 1884 3571 1982 3642; x_wconf 78' lang='grc' dir='ltr'>τὴν</span> 
     </span>
    </p>
   </div>
   <div class='ocr_carea' id='block_1_40' title="bbox 412 3658 1982 3732">
    <p class='ocr_par' dir='ltr' id='par_1_40' title="bbox 412 3658 1982 3732">
     <span class='ocr_line' id='line_1_40' title="bbox 412 3658 1982 3732; baseline 0.001 -19"><span class='ocrx_word' id='word_1_287' title='bbox 412 3658 687 3728; x_wconf 52' lang='grc' dir='ltr'><strong>⁸πανταχοῖ)</strong></span> <span class='ocrx_word' id='word_1_288' title='bbox 727 3659 1092 3730; x_wconf 78' lang='grc' dir='ltr'>ἐκτεταμένην</span> <span class='ocrx_word' id='word_1_289' title='bbox 1124 3660 1400 3730; x_wconf 84' lang='grc' dir='ltr'>Πρόνοιαν.</span> <span class='ocrx_word' id='word_1_290' title='bbox 1439 3662 1548 3714; x_wconf 73' lang='grc' dir='ltr'><strong>Καὶ</strong></span> <span class='ocrx_word' id='word_1_291' title='bbox 1586 3662 1754 3732; x_wconf 82' lang='grc' dir='ltr'>τρίτῳ</span> <span class='ocrx_word' id='word_1_292' title='bbox 1797 3661 1982 3714; x_wconf 76' lang='grc' dir='ltr'>συλλοο</span> 
     </span>
    </p>
   </div>
   <div class='ocr_carea' id='block_1_41' title="bbox 409 3749 2024 3821">
    <p class='ocr_par' dir='ltr' id='par_1_41' title="bbox 409 3749 2024 3821">
     <span class='ocr_line' id='line_1_41' title="bbox 409 3749 2024 3821; baseline 0 -19"><span class='ocrx_word' id='word_1_293' title='bbox 409 3749 593 3820; x_wconf 79' lang='grc' dir='ltr'>γισμῶ</span> <span class='ocrx_word' id='word_1_294' title='bbox 621 3751 702 3812; x_wconf 84' lang='grc' dir='ltr'><strong>είς</strong></span> <span class='ocrx_word' id='word_1_295' title='bbox 728 3749 790 3802; x_wconf 81' lang='grc' dir='ltr'>τὺ</span> <span class='ocrx_word' id='word_1_296' title='bbox 827 3749 959 3804; x_wconf 75' lang='grc' dir='ltr'>αὐτὸ</span> <span class='ocrx_word' id='word_1_297' title='bbox 1008 3750 1206 3821; x_wconf 82' lang='grc' dir='ltr'>ἐχρῆτο</span> <span class='ocrx_word' id='word_1_298' title='bbox 1235 3750 1408 3818; x_wconf 87' lang='grc' dir='ltr'>λέγων</span> <span class='ocrx_word' id='word_1_299' title='bbox 1431 3768 1444 3780; x_wconf 93' lang='grc'><strong>·</strong></span> <span class='ocrx_word' id='word_1_300' title='bbox 1489 3751 1585 3818; x_wconf 82' lang='grc' dir='ltr'><strong>Τίς</strong></span> <span class='ocrx_word' id='word_1_301' title='bbox 1622 3751 1675 3803; x_wconf 87' lang='grc' dir='ltr'>δ’</span> <span class='ocrx_word' id='word_1_302' title='bbox 1715 3752 1784 3815; x_wconf 76' lang='grc' dir='ltr'><strong>ἐξ</strong></span> <span class='ocrx_word' id='word_1_303' title='bbox 1819 3750 1986 3819; x_wconf 72' lang='grc' dir='ltr'>ὑμῶν</span> <span class='ocrx_word' id='word_1_304' title='bbox 2022 3771 2024 3778; x_wconf 61' lang='grc' dir='ltr'><strong>ί</strong></span> 
     </span>
    </p>
   </div>
   <div class='ocr_carea' id='block_1_42' title="bbox 405 3840 1984 3912">
    <p class='ocr_par' dir='ltr' id='par_1_42' title="bbox 405 3840 1984 3912">
     <span class='ocr_line' id='line_1_42' title="bbox 405 3840 1984 3912; baseline 0.001 -20"><span class='ocrx_word' id='word_1_305' title='bbox 405 3840 705 3912; x_wconf 73' lang='grc' dir='ltr'>μεριμνῶν</span> <span class='ocrx_word' id='word_1_306' title='bbox 751 3841 997 3895; x_wconf 82' lang='grc' dir='ltr'>δύναται</span> <span class='ocrx_word' id='word_1_307' title='bbox 1041 3842 1389 3910; x_wconf 81' lang='grc' dir='ltr'>προσθεῖναι</span> <span class='ocrx_word' id='word_1_308' title='bbox 1441 3843 1541 3896; x_wconf 79' lang='grc' dir='ltr'><strong>ἐπὶ</strong></span> <span class='ocrx_word' id='word_1_309' title='bbox 1586 3844 1700 3910; x_wconf 81' lang='grc' dir='ltr'><strong>τὴν</strong></span> <span class='ocrx_word' id='word_1_310' title='bbox 1742 3844 1984 3911; x_wconf 70' lang='grc' dir='ltr'>ἡλικίαν</span> 
     </span>
    </p>
   </div>
   <div class='ocr_carea' id='block_1_43' title="bbox 409 3930 1985 4004">
    <p class='ocr_par' dir='ltr' id='par_1_43' title="bbox 409 3930 1985 4004">
     <span class='ocr_line' id='line_1_43' title="bbox 409 3930 1985 4004; baseline -0.001 -16"><span class='ocrx_word' id='word_1_311' title='bbox 409 3934 598 3989; x_wconf 84' lang='grc' dir='ltr'>αὐτοῦ</span> <span class='ocrx_word' id='word_1_312' title='bbox 645 3934 851 4003; x_wconf 78' lang='grc' dir='ltr'>πῆχυν</span> <span class='ocrx_word' id='word_1_313' title='bbox 890 3934 1028 3997; x_wconf 67' lang='grc' dir='ltr'>ἕνας</span> <span class='ocrx_word' id='word_1_314' title='bbox 1074 3936 1141 3987; x_wconf 82' lang='grc' dir='ltr'><strong>Εἰ</strong></span> <span class='ocrx_word' id='word_1_315' title='bbox 1182 3930 1294 3987; x_wconf 79' lang='grc' dir='ltr'><strong>οὖν</strong></span> <span class='ocrx_word' id='word_1_316' title='bbox 1341 3937 1463 3988; x_wconf 79' lang='grc' dir='ltr'>οὔτ’</span> <span class='ocrx_word' id='word_1_317' title='bbox 1517 3935 1843 4004; x_wconf 75' lang='grc' dir='ltr'>ἐλάχιστον</span> <span class='ocrx_word' id='word_1_318' title='bbox 1885 3934 1985 3987; x_wconf 81' lang='grc' dir='ltr'>δύ-</span> 
     </span>
    </p>
   </div>
   <div class='ocr_carea' id='block_1_44' title="bbox 412 4023 1986 4099">
    <p class='ocr_par' dir='ltr' id='par_1_44' title="bbox 412 4023 1986 4099">
     <span class='ocr_line' id='line_1_44' title="bbox 412 4023 1986 4099; baseline -0.001 -18"><span class='ocrx_word' id='word_1_319' title='bbox 412 4027 621 4092; x_wconf 80' lang='grc' dir='ltr'>νασθε,</span> <span class='ocrx_word' id='word_1_320' title='bbox 642 4027 772 4094; x_wconf 77' lang='grc' dir='ltr'>περὶ</span> <span class='ocrx_word' id='word_1_321' title='bbox 799 4025 918 4080; x_wconf 79' lang='grc' dir='ltr'>τῶν</span> <span class='ocrx_word' id='word_1_322' title='bbox 944 4023 1172 4080; x_wconf 75' lang='grc' dir='ltr'>λοιπῶν</span> <span class='ocrx_word' id='word_1_323' title='bbox 1194 4026 1251 4077; x_wconf 85' lang='grc' dir='ltr'><strong>τί</strong></span> <span class='ocrx_word' id='word_1_324' title='bbox 1263 4025 1613 4096; x_wconf 80' lang='grc' dir='ltr'>μεριμνᾶτε;</span> <span class='ocrx_word' id='word_1_325' title='bbox 1648 4028 1784 4080; x_wconf 84' lang='grc' dir='ltr'>Ἀλλ’</span> <span class='ocrx_word' id='word_1_326' title='bbox 1810 4029 1858 4087; x_wconf 84' lang='grc' dir='ltr'>εἰ</span> <span class='ocrx_word' id='word_1_327' title='bbox 1890 4046 1986 4099; x_wconf 83' lang='grc' dir='ltr'>μη-</span> 
     </span>
    </p>
   </div>
   <div class='ocr_carea' id='block_1_45' title="bbox 411 4116 1983 4189">
    <p class='ocr_par' dir='ltr' id='par_1_45' title="bbox 411 4116 1983 4189">
     <span class='ocr_line' id='line_1_45' title="bbox 411 4116 1983 4189; baseline 0 -19"><span class='ocrx_word' id='word_1_328' title='bbox 411 4118 528 4181; x_wconf 77' lang='grc' dir='ltr'>δεὶς</span> <span class='ocrx_word' id='word_1_329' title='bbox 556 4116 733 4187; x_wconf 72' lang='grc' dir='ltr'>οἰκείᾳ</span> <span class='ocrx_word' id='word_1_330' title='bbox 765 4117 1004 4186; x_wconf 85' lang='grc' dir='ltr'>φροντίδι</span> <span class='ocrx_word' id='word_1_331' title='bbox 1045 4116 1264 4169; x_wconf 85' lang='grc' dir='ltr'>πώποτε</span> <span class='ocrx_word' id='word_1_332' title='bbox 1305 4116 1624 4189; x_wconf 77' lang='grc' dir='ltr'>προσθήκην</span> <span class='ocrx_word' id='word_1_333' title='bbox 1666 4119 1843 4189; x_wconf 76' lang='grc' dir='ltr'>ἑαυτῷ</span> <span class='ocrx_word' id='word_1_334' title='bbox 1890 4117 1983 4171; x_wconf 73' lang='grc' dir='ltr'>τοῦ</span> 
     </span>
    </p>
   </div>
   <div class='ocr_carea' id='block_1_46' title="bbox 416 4207 1986 4284">
    <p class='ocr_par' dir='ltr' id='par_1_46' title="bbox 416 4207 1986 4284">
     <span class='ocr_line' id='line_1_46' title="bbox 416 4207 1986 4284; baseline -0.004 -19"><span class='ocrx_word' id='word_1_335' title='bbox 416 4207 666 4278; x_wconf 76' lang='grc' dir='ltr'>σώματος</span> <span class='ocrx_word' id='word_1_336' title='bbox 697 4208 1018 4279; x_wconf 83' lang='grc' dir='ltr'>ἐπενόησεν,</span> <span class='ocrx_word' id='word_1_337' title='bbox 1049 4207 1162 4260; x_wconf 83' lang='grc' dir='ltr'>ἀλλ’</span> <span class='ocrx_word' id='word_1_338' title='bbox 1187 4208 1305 4261; x_wconf 80' lang='grc' dir='ltr'>οὐδὲ</span> <span class='ocrx_word' id='word_1_339' title='bbox 1334 4211 1400 4279; x_wconf 78' lang='grc' dir='ltr'>τῇ</span> <span class='ocrx_word' id='word_1_340' title='bbox 1435 4207 1739 4284; x_wconf 77' lang='grc' dir='ltr'>προθεσμίᾳ</span> <span class='ocrx_word' id='word_1_341' title='bbox 1767 4208 1858 4261; x_wconf 76' lang='grc' dir='ltr'>τοῦ</span> <span class='ocrx_word' id='word_1_342' title='bbox 1887 4212 1986 4279; x_wconf 77' lang='grc' dir='ltr'>τῆς</span> 
     </span>
    </p>
   </div>
   <div class='ocr_carea' id='block_1_47' title="bbox 416 4295 1982 4372">
    <p class='ocr_par' dir='ltr' id='par_1_47' title="bbox 416 4295 1982 4372">
     <span class='ocr_line' id='line_1_47' title="bbox 416 4295 1982 4372; baseline 0 -20"><span class='ocrx_word' id='word_1_343' title='bbox 416 4301 561 4372; x_wconf 75' lang='grc' dir='ltr'>ζωῆς</span> <span class='ocrx_word' id='word_1_344' title='bbox 605 4301 820 4372; x_wconf 86' lang='grc' dir='ltr'>χρόνου,</span> <span class='ocrx_word' id='word_1_345' title='bbox 858 4302 1197 4372; x_wconf 79' lang='grc' dir='ltr'>μεριμνήσας</span> <span class='ocrx_word' id='word_1_346' title='bbox 1228 4319 1310 4364; x_wconf 85' lang='grc' dir='ltr'><strong>τις</strong></span> <span class='ocrx_word' id='word_1_347' title='bbox 1336 4295 1445 4365; x_wconf 74' lang='grc' dir='ltr'>οἶός</span> <span class='ocrx_word' id='word_1_348' title='bbox 1466 4301 1513 4354; x_wconf 85' lang='grc' dir='ltr'>τ’</span> <span class='ocrx_word' id='word_1_349' title='bbox 1549 4301 1615 4354; x_wconf 85' lang='grc' dir='ltr'><strong>ἃν</strong></span> <span class='ocrx_word' id='word_1_350' title='bbox 1642 4300 1726 4371; x_wconf 80' lang='grc' dir='ltr'><strong>εἴη</strong></span> <span class='ocrx_word' id='word_1_351' title='bbox 1757 4301 1891 4371; x_wconf 74' lang='grc' dir='ltr'>πρὸς</span> <span class='ocrx_word' id='word_1_352' title='bbox 1917 4305 1982 4372; x_wconf 80' lang='grc' dir='ltr'>τῇ</span> 
     </span>
    </p>
   </div>
   <div class='ocr_carea' id='block_1_48' title="bbox 414 4390 1985 4464">
    <p class='ocr_par' dir='ltr' id='par_1_48' title="bbox 414 4390 1985 4464">
     <span class='ocr_line' id='line_1_48' title="bbox 414 4390 1985 4464; baseline -0.001 -20"><span class='ocrx_word' id='word_1_353' title='bbox 414 4392 634 4464; x_wconf 76' lang='grc' dir='ltr'>τελευτῇ</span> <span class='ocrx_word' id='word_1_354' title='bbox 672 4390 767 4446; x_wconf 79' lang='grc' dir='ltr'>τοῦ</span> <span class='ocrx_word' id='word_1_355' title='bbox 813 4391 928 4462; x_wconf 83' lang='grc' dir='ltr'>βίου</span> <span class='ocrx_word' id='word_1_356' title='bbox 963 4393 1268 4463; x_wconf 84' lang='grc' dir='ltr'>γενόμενος,</span> <span class='ocrx_word' id='word_1_357' title='bbox 1296 4392 1508 4463; x_wconf 81' lang='grc' dir='ltr'>ἡμέρας</span> <span class='ocrx_word' id='word_1_358' title='bbox 1545 4393 1673 4462; x_wconf 76' lang='grc' dir='ltr'>μιᾶς</span> <span class='ocrx_word' id='word_1_359' title='bbox 1709 4391 1985 4462; x_wconf 79' lang='grc' dir='ltr'>διάστημα</span> 
     </span>
    </p>
   </div>
   <div class='ocr_carea' id='block_1_49' title="bbox 415 4481 1983 4554">
    <p class='ocr_par' dir='ltr' id='par_1_49' title="bbox 415 4481 1983 4554">
     <span class='ocr_line' id='line_1_49' title="bbox 415 4481 1983 4554; baseline -0.002 -18"><span class='ocrx_word' id='word_1_360' title='bbox 415 4482 449 4552; x_wconf 86' lang='grc' dir='ltr'>ῆ</span> <span class='ocrx_word' id='word_1_361' title='bbox 505 4484 695 4554; x_wconf 80' lang='grc' dir='ltr'>καιρὸν</span> <span class='ocrx_word' id='word_1_362' title='bbox 745 4481 1075 4553; x_wconf 77' lang='grc' dir='ltr'>βραχύτατον</span> <span class='ocrx_word' id='word_1_363' title='bbox 1123 4483 1272 4553; x_wconf 85' lang='grc' dir='ltr'>ῶρας</span> <span class='ocrx_word' id='word_1_364' title='bbox 1315 4482 1489 4552; x_wconf 78' lang='grc' dir='ltr'>ἑαυτῷ</span> <span class='ocrx_word' id='word_1_365' title='bbox 1541 4481 1888 4551; x_wconf 84' lang='grc' dir='ltr'>περινοῆσαι’</span> <span class='ocrx_word' id='word_1_366' title='bbox 1931 4481 1983 4533; x_wconf 89' lang='grc' dir='ltr'><strong>τί</strong></span> 
     </span>
    </p>
   </div>
   <div class='ocr_carea' id='block_1_50' title="bbox 414 4572 1982 4656">
    <p class='ocr_par' dir='ltr' id='par_1_50' title="bbox 414 4572 1982 4656">
     <span class='ocr_line' id='line_1_50' title="bbox 414 4572 1982 4656; baseline -0.001 -30"><span class='ocrx_word' id='word_1_367' title='bbox 414 4575 520 4645; x_wconf 80' lang='grc' dir='ltr'><strong>χρὴ</strong></span> <span class='ocrx_word' id='word_1_368' title='bbox 560 4573 829 4645; x_wconf 87' lang='grc' dir='ltr'>περιττῶς</span> <span class='ocrx_word' id='word_1_369' title='bbox 866 4577 1152 4646; x_wconf 81' lang='grc' dir='ltr'>μεριμνᾷν,</span> <span class='ocrx_word' id='word_1_370' title='bbox 1185 4576 1302 4628; x_wconf 89' lang='grc' dir='ltr'>δέον</span> <span class='ocrx_word' id='word_1_371' title='bbox 1335 4574 1727 4656; x_wconf 58' lang='grc' dir='ltr'>ἐπιτρέψαντας</span> <span class='ocrx_word' id='word_1_372' title='bbox 1754 4572 1831 4643; x_wconf 81' lang='grc' dir='ltr'>τῷ</span> <span class='ocrx_word' id='word_1_373' title='bbox 1863 4572 1982 4642; x_wconf 85' lang='grc' dir='ltr'>Θεῷ</span> 
     </span>
    </p>
   </div>
   <div class='ocr_carea' id='block_1_51' title="bbox 413 4664 1982 4738">
    <p class='ocr_par' dir='ltr' id='par_1_51' title="bbox 413 4664 1982 4738">
     <span class='ocr_line' id='line_1_51' title="bbox 413 4664 1982 4738; baseline -0.003 -18"><span class='ocrx_word' id='word_1_374' title='bbox 413 4669 516 4738; x_wconf 79' lang='grc' dir='ltr'>τὴν</span> <span class='ocrx_word' id='word_1_375' title='bbox 544 4665 705 4720; x_wconf 78' lang='grc' dir='ltr'>αὐτοῦ</span> <span class='ocrx_word' id='word_1_376' title='bbox 749 4667 939 4737; x_wconf 79' lang='grc' dir='ltr'>βουλὴν</span> <span class='ocrx_word' id='word_1_377' title='bbox 969 4667 1310 4738; x_wconf 84' lang='grc' dir='ltr'>περιμένειν;</span> <span class='ocrx_word' id='word_1_378' title='bbox 1344 4666 1703 4736; x_wconf 83' lang='grc' dir='ltr'>Βουληθέντος</span> <span class='ocrx_word' id='word_1_379' title='bbox 1741 4665 1849 4735; x_wconf 70' lang='grc' dir='ltr'>γὰρ</span> <span class='ocrx_word' id='word_1_380' title='bbox 1888 4664 1982 4716; x_wconf 76' lang='grc' dir='ltr'>αὐ-</span> 
     </span>
    </p>
   </div>
   <div class='ocr_carea' id='block_1_52' title="bbox 415 4757 1980 4828">
    <p class='ocr_par' dir='ltr' id='par_1_52' title="bbox 415 4757 1980 4828">
     <span class='ocr_line' id='line_1_52' title="bbox 415 4757 1980 4828; baseline -0.002 -17"><span class='ocrx_word' id='word_1_381' title='bbox 415 4757 512 4811; x_wconf 80' lang='grc' dir='ltr'>τοῦ</span> <span class='ocrx_word' id='word_1_382' title='bbox 558 4758 741 4825; x_wconf 74' lang='grc' dir='ltr'>αὔξειν</span> <span class='ocrx_word' id='word_1_383' title='bbox 776 4758 944 4828; x_wconf 72' lang='grc' dir='ltr'>ἡμᾶς,</span> <span class='ocrx_word' id='word_1_384' title='bbox 993 4757 1246 4828; x_wconf 73' lang='grc' dir='ltr'>αὔξομεν,</span> <span class='ocrx_word' id='word_1_385' title='bbox 1297 4760 1460 4828; x_wconf 82' lang='grc' dir='ltr'>μηδὲν</span> <span class='ocrx_word' id='word_1_386' title='bbox 1516 4758 1980 4828; x_wconf 82' lang='grc' dir='ltr'>μεριμνήσαντες·</span> 
     </span>
    </p>
   </div>
   <div class='ocr_carea' id='block_1_53' title="bbox 416 4843 1983 4918">
    <p class='ocr_par' dir='ltr' id='par_1_53' title="bbox 416 4843 1983 4918">
     <span class='ocr_line' id='line_1_53' title="bbox 416 4843 1983 4918; baseline -0.004 -16"><span class='ocrx_word' id='word_1_387' title='bbox 416 4847 513 4902; x_wconf 74' lang='grc' dir='ltr'>καὶ</span> <span class='ocrx_word' id='word_1_388' title='bbox 541 4846 890 4917; x_wconf 80' lang='grc' dir='ltr'>βουληθέντος</span> <span class='ocrx_word' id='word_1_389' title='bbox 922 4849 1066 4918; x_wconf 82' lang='grc' dir='ltr'>ἡμᾶς</span> <span class='ocrx_word' id='word_1_390' title='bbox 1100 4847 1197 4918; x_wconf 74' lang='grc' dir='ltr'><strong>ζῇν</strong></span> <span class='ocrx_word' id='word_1_391' title='bbox 1228 4848 1320 4900; x_wconf 73' lang='grc' dir='ltr'><strong>καὶ</strong></span> <span class='ocrx_word' id='word_1_392' title='bbox 1351 4847 1674 4918; x_wconf 77' lang='grc' dir='ltr'>μακροϐίους</span> <span class='ocrx_word' id='word_1_393' title='bbox 1706 4843 1861 4909; x_wconf 81' lang='grc' dir='ltr'>εἶναι,</span> <span class='ocrx_word' id='word_1_394' title='bbox 1890 4847 1983 4917; x_wconf 81' lang='grc' dir='ltr'>ζη-</span> 
     </span>
    </p>
   </div>
   <div class='ocr_carea' id='block_1_54' title="bbox 416 4935 1983 5006">
    <p class='ocr_par' dir='ltr' id='par_1_54' title="bbox 416 4935 1983 5006">
     <span class='ocr_line' id='line_1_54' title="bbox 416 4935 1983 5006; baseline -0.002 -17"><span class='ocrx_word' id='word_1_395' title='bbox 416 4935 625 5005; x_wconf 80' lang='grc' dir='ltr'>σόμεθα</span> <span class='ocrx_word' id='word_1_396' title='bbox 655 4937 750 4990; x_wconf 73' lang='grc' dir='ltr'><strong>καὶ</strong></span> <span class='ocrx_word' id='word_1_397' title='bbox 789 4935 1066 4998; x_wconf 78' lang='grc' dir='ltr'>πολυετεῖς</span> <span class='ocrx_word' id='word_1_398' title='bbox 1107 4935 1474 5006; x_wconf 83' lang='grc' dir='ltr'>γενησόμεθα,</span> <span class='ocrx_word' id='word_1_399' title='bbox 1517 4936 1681 5006; x_wconf 76' lang='grc' dir='ltr'>μηδὲν</span> <span class='ocrx_word' id='word_1_400' title='bbox 1713 4936 1983 5005; x_wconf 85' lang='grc' dir='ltr'>μεριμνή-</span> 
     </span>
    </p>
   </div>
   <div class='ocr_carea' id='block_1_55' title="bbox 420 5025 1982 5100">
    <p class='ocr_par' dir='ltr' id='par_1_55' title="bbox 420 5025 1982 5100">
     <span class='ocr_line' id='line_1_55' title="bbox 420 5025 1982 5100; baseline -0.004 -16"><span class='ocrx_word' id='word_1_401' title='bbox 420 5047 639 5093; x_wconf 87' lang='grc' dir='ltr'>σαντες·</span> <span class='ocrx_word' id='word_1_402' title='bbox 677 5029 751 5100; x_wconf 81' lang='grc' dir='ltr'>μὴ</span> <span class='ocrx_word' id='word_1_403' title='bbox 798 5028 1118 5098; x_wconf 84' lang='grc' dir='ltr'>βουλομένου</span> <span class='ocrx_word' id='word_1_404' title='bbox 1165 5027 1220 5080; x_wconf 81' lang='grc' dir='ltr'>δὲ</span> <span class='ocrx_word' id='word_1_405' title='bbox 1264 5028 1428 5082; x_wconf 75' lang='grc' dir='ltr'>αὐτοῦ</span> <span class='ocrx_word' id='word_1_406' title='bbox 1480 5029 1814 5098; x_wconf 79' lang='grc' dir='ltr'>παραμένειν</span> <span class='ocrx_word' id='word_1_407' title='bbox 1860 5025 1982 5080; x_wconf 73' lang='grc' dir='ltr'>τινὰ</span> 
     </span>
    </p>
   </div>
   <div class='ocr_carea' id='block_1_56' title="bbox 417 5118 1701 5191">
    <p class='ocr_par' dir='ltr' id='par_1_56' title="bbox 417 5118 1701 5191">
     <span class='ocr_line' id='line_1_56' title="bbox 417 5118 1701 5191; baseline -0.002 -18"><span class='ocrx_word' id='word_1_408' title='bbox 417 5120 529 5174; x_wconf 85' lang='grc' dir='ltr'><strong>τῶν</strong></span> <span class='ocrx_word' id='word_1_409' title='bbox 557 5121 706 5190; x_wconf 79' lang='grc' dir='ltr'>βίων,</span> <span class='ocrx_word' id='word_1_410' title='bbox 746 5118 950 5190; x_wconf 87' lang='grc' dir='ltr'>ματαία</span> <span class='ocrx_word' id='word_1_411' title='bbox 977 5119 1124 5171; x_wconf 83' lang='grc' dir='ltr'>πᾶσα</span> <span class='ocrx_word' id='word_1_412' title='bbox 1153 5121 1371 5191; x_wconf 69' lang='grc' dir='ltr'>φροντὶς</span> <span class='ocrx_word' id='word_1_413' title='bbox 1397 5118 1701 5189; x_wconf 79' lang='grc' dir='ltr'>ἀνθρώπου.</span> 
     </span>
    </p>
   </div>
   <div class='ocr_carea' id='block_1_57' title="bbox 498 5229 1988 5301">
    <p class='ocr_par' dir='ltr' id='par_1_57' title="bbox 498 5229 1988 5301">
     <span class='ocr_line' id='line_1_57' title="bbox 498 5229 1988 5301; baseline -0.001 -17"><span class='ocrx_word' id='word_1_414' title='bbox 498 5229 610 5301; x_wconf 82' lang='grc'><strong>(59)</strong></span> <span class='ocrx_word' id='word_1_415' title='bbox 641 5230 842 5301; x_wconf 79' lang='lat' dir='ltr'><strong>Nempe</strong></span> <span class='ocrx_word' id='word_1_416' title='bbox 889 5230 1020 5286; x_wconf 83' lang='lat' dir='ltr'><strong>Luc.</strong></span> <span class='ocrx_word' id='word_1_417' title='bbox 1064 5246 1163 5297; x_wconf 78' lang='lat' dir='ltr'><strong>xu,</strong></span> <span class='ocrx_word' id='word_1_418' title='bbox 1193 5231 1283 5284; x_wconf 70' lang='grc'><strong>24.</strong></span> <span class='ocrx_word' id='word_1_419' title='bbox 1341 5231 1478 5284; x_wconf 85' lang='lat' dir='ltr'><strong>l-linc</strong></span> <span class='ocrx_word' id='word_1_420' title='bbox 1531 5245 1716 5285; x_wconf 86' lang='lat' dir='ltr'><strong>rursus</strong></span> <span class='ocrx_word' id='word_1_421' title='bbox 1745 5229 1988 5283; x_wconf 86' lang='lat' dir='ltr'><strong>videmur</strong></span> 
     </span>
    </p>
   </div>
   <div class='ocr_carea' id='block_1_58' title="bbox 418 5300 1978 5369">
    <p class='ocr_par' dir='ltr' id='par_1_58' title="bbox 418 5300 1978 5369">
     <span class='ocr_line' id='line_1_58' title="bbox 418 5300 1978 5369; baseline 0.001 -16"><span class='ocrx_word' id='word_1_422' title='bbox 418 5315 748 5369; x_wconf 85' lang='lat' dir='ltr'><strong>cognoscere</strong></span> <span class='ocrx_word' id='word_1_423' title='bbox 777 5300 1065 5356; x_wconf 83' lang='lat' dir='ltr'><strong>Eusebium</strong></span> <span class='ocrx_word' id='word_1_424' title='bbox 1091 5303 1444 5354; x_wconf 74' lang='lat' dir='ltr'><strong>commentari</strong></span> <span class='ocrx_word' id='word_1_425' title='bbox 1468 5302 1548 5356; x_wconf 87' lang='lat' dir='ltr'><strong>vel</strong></span> <span class='ocrx_word' id='word_1_426' title='bbox 1578 5301 1877 5369; x_wconf 75' lang='lat' dir='ltr'><strong>generatim</strong></span> <span class='ocrx_word' id='word_1_427' title='bbox 1911 5303 1978 5354; x_wconf 87' lang='lat' dir='ltr'><strong>ad</strong></span> 
     </span>
    </p>
   </div>
   <div class='ocr_carea' id='block_1_59' title="bbox 421 5370 1984 5442">
    <p class='ocr_par' dir='ltr' id='par_1_59' title="bbox 421 5370 1984 5442">
     <span class='ocr_line' id='line_1_59' title="bbox 421 5370 1984 5442; baseline 0 -19"><span class='ocrx_word' id='word_1_428' title='bbox 421 5370 862 5442; x_wconf 40' lang='lat' dir='ltr'><strong>EvangeliaLvel</strong></span> <span class='ocrx_word' id='word_1_429' title='bbox 886 5382 1033 5429; x_wconf 84' lang='lat' dir='ltr'><strong>certe</strong></span> <span class='ocrx_word' id='word_1_430' title='bbox 1057 5371 1132 5442; x_wconf 25' lang='lat' dir='ltr'><strong>Ain</strong></span> <span class='ocrx_word' id='word_1_431' title='bbox 1166 5370 1531 5437; x_wconf 83' lang='lat' dir='ltr'><strong>superioribus</strong></span> <span class='ocrx_word' id='word_1_432' title='bbox 1563 5381 1984 5442; x_wconf 74' lang='lat' dir='ltr'><strong>commentatum</strong></span> 
     </span>
    </p>
   </div>
   <div class='ocr_carea' id='block_1_60' title="bbox 420 5439 1988 5520">
    <p class='ocr_par' dir='ltr' id='par_1_60' title="bbox 420 5439 1988 5520">
     <span class='ocr_line' id='line_1_60' title="bbox 420 5439 1988 5520; baseline 0.002 -26"><span class='ocrx_word' id='word_1_433' title='bbox 420 5439 687 5520; x_wconf 54' lang='lat' dir='ltr'><strong>fuisse&#39;ad</strong></span> <span class='ocrx_word' id='word_1_434' title='bbox 721 5439 908 5520; x_wconf 70' lang='lat' dir='ltr'><strong>Matth.</strong></span> <span class='ocrx_word' id='word_1_435' title='bbox 940 5455 1014 5508; x_wconf 84' lang='lat' dir='ltr'><strong>vt,</strong></span> <span class='ocrx_word' id='word_1_436' title='bbox 1045 5440 1117 5520; x_wconf 61' lang='grc' dir='ltr'>ἓξ</span> <span class='ocrx_word' id='word_1_437' title='bbox 1158 5454 1300 5520; x_wconf 80' lang='lat' dir='ltr'><strong>seq.,</strong></span> <span class='ocrx_word' id='word_1_438' title='bbox 1325 5449 1389 5520; x_wconf 83' lang='lat' dir='ltr'><strong>_ut</strong></span> <span class='ocrx_word' id='word_1_439' title='bbox 1433 5443 1595 5520; x_wconf 67' lang='lat' dir='ltr'><strong>etiam</strong></span> <span class='ocrx_word' id='word_1_440' title='bbox 1628 5441 1786 5495; x_wconf 88' lang='lat' dir='ltr'><strong>verba</strong></span> <span class='ocrx_word' id='word_1_441' title='bbox 1822 5457 1988 5520; x_wconf 70' lang='lat' dir='ltr'><strong>evan-</strong></span> 
     </span>
    </p>
   </div>
   <div class='ocr_carea' id='block_1_61' title="bbox 421 5509 1982 5581">
    <p class='ocr_par' dir='ltr' id='par_1_61' title="bbox 421 5509 1982 5581">
     <span class='ocr_line' id='line_1_61' title="bbox 421 5509 1982 5581; baseline -0.001 -17"><span class='ocrx_word' id='word_1_442' title='bbox 421 5509 593 5581; x_wconf 68' lang='lat' dir='ltr'><strong>gelica</strong></span> <span class='ocrx_word' id='word_1_443' title='bbox 621 5511 782 5567; x_wconf 73' lang='lat' dir='ltr'><strong>citata</strong></span> <span class='ocrx_word' id='word_1_444' title='bbox 805 5513 872 5566; x_wconf 68' lang='grc' dir='ltr'>τὰ</span> <span class='ocrx_word' id='word_1_445' title='bbox 906 5509 1126 5564; x_wconf 80' lang='grc' dir='ltr'>πετεινὰ</span> <span class='ocrx_word' id='word_1_446' title='bbox 1156 5509 1250 5563; x_wconf 77' lang='grc' dir='ltr'>τοῦ</span> <span class='ocrx_word' id='word_1_447' title='bbox 1285 5510 1537 5581; x_wconf 75' lang='grc' dir='ltr'>οὐρανοῦ,</span> <span class='ocrx_word' id='word_1_448' title='bbox 1569 5523 1699 5574; x_wconf 86' lang='lat' dir='ltr'><strong>ctc.,</strong></span> <span class='ocrx_word' id='word_1_449' title='bbox 1733 5511 1982 5581; x_wconf 76' lang='lat' dir='ltr'><strong>suadent.</strong></span> 
     </span>
    </p>
   </div>
   <div class='ocr_carea' id='block_1_62' title="bbox 422 5579 1983 5650">
    <p class='ocr_par' dir='ltr' id='par_1_62' title="bbox 422 5579 1983 5650">
     <span class='ocr_line' id='line_1_62' title="bbox 422 5579 1983 5650; baseline -0.002 -16"><span class='ocrx_word' id='word_1_450' title='bbox 422 5579 643 5636; x_wconf 78' lang='lat' dir='ltr'><strong>Nicetas</strong></span> <span class='ocrx_word' id='word_1_451' title='bbox 687 5581 852 5650; x_wconf 86' lang='lat' dir='ltr'><strong>igitur</strong></span> <span class='ocrx_word' id='word_1_452' title='bbox 895 5583 1125 5636; x_wconf 79' lang='lat' dir='ltr'><strong>traxisse</strong></span> <span class='ocrx_word' id='word_1_453' title='bbox 1163 5583 1276 5634; x_wconf 71' lang='lat' dir='ltr'><strong>haec</strong></span> <span class='ocrx_word' id='word_1_454' title='bbox 1307 5579 1374 5632; x_wconf 83' lang='lat' dir='ltr'><strong>ad</strong></span> <span class='ocrx_word' id='word_1_455' title='bbox 1409 5592 1654 5634; x_wconf 75' lang='lat' dir='ltr'><strong>catenam</strong></span> <span class='ocrx_word' id='word_1_456' title='bbox 1688 5583 1738 5634; x_wconf 89' lang='lat' dir='ltr'><strong>in</strong></span> <span class='ocrx_word' id='word_1_457' title='bbox 1784 5579 1983 5632; x_wconf 85' lang='lat' dir='ltr'><strong>Lucam</strong></span> 
     </span>
    </p>
   </div>
   <div class='ocr_carea' id='block_1_63' title="bbox 423 5651 1978 5721">
    <p class='ocr_par' dir='ltr' id='par_1_63' title="bbox 423 5651 1978 5721">
     <span class='ocr_line' id='line_1_63' title="bbox 423 5651 1978 5721; baseline -0.001 -20"><span class='ocrx_word' id='word_1_458' title='bbox 423 5652 662 5716; x_wconf 86' lang='lat' dir='ltr'><strong>videtur,</strong></span> <span class='ocrx_word' id='word_1_459' title='bbox 690 5657 758 5704; x_wconf 83' lang='lat' dir='ltr'><strong>de</strong></span> <span class='ocrx_word' id='word_1_460' title='bbox 799 5665 899 5721; x_wconf 83' lang='lat' dir='ltr'><strong>qua</strong></span> <span class='ocrx_word' id='word_1_461' title='bbox 938 5666 996 5704; x_wconf 88' lang='lat' dir='ltr'><strong>re</strong></span> <span class='ocrx_word' id='word_1_462' title='bbox 1026 5651 1137 5718; x_wconf 81' lang='lat' dir='ltr'><strong>jam</strong></span> <span class='ocrx_word' id='word_1_463' title='bbox 1175 5654 1226 5710; x_wconf 89' lang='lat' dir='ltr'><strong>in</strong></span> <span class='ocrx_word' id='word_1_464' title='bbox 1261 5652 1683 5721; x_wconf 78' lang='lat' dir='ltr'><strong>przecedentibus</strong></span> <span class='ocrx_word' id='word_1_465' title='bbox 1724 5651 1978 5711; x_wconf 77' lang='lat' dir='ltr'><strong>dixinms,</strong></span> 
     </span>
    </p>
   </div>
   <div class='ocr_carea' id='block_1_64' title="bbox 424 5720 1982 5788">
    <p class='ocr_par' dir='ltr' id='par_1_64' title="bbox 424 5720 1982 5788">
     <span class='ocr_line' id='line_1_64' title="bbox 424 5720 1982 5788; baseline 0.001 -14"><span class='ocrx_word' id='word_1_466' title='bbox 424 5721 678 5774; x_wconf 79' lang='lat' dir='ltr'><strong>Attamen</strong></span> <span class='ocrx_word' id='word_1_467' title='bbox 746 5720 1141 5788; x_wconf 77' lang='lat' dir='ltr'><strong>qualescunque</strong></span> <span class='ocrx_word' id='word_1_468' title='bbox 1217 5723 1298 5774; x_wconf 72' lang='lat' dir='ltr'><strong>ba:</strong></span> <span class='ocrx_word' id='word_1_469' title='bbox 1369 5732 1565 5779; x_wconf 75' lang='lat' dir='ltr'><strong>nosme</strong></span> <span class='ocrx_word' id='word_1_470' title='bbox 1619 5721 1982 5777; x_wconf 73' lang='lat' dir='ltr'><strong>dubitationes</strong></span> 
     </span>
    </p>
   </div>
   <div class='ocr_carea' id='block_1_65' title="bbox 426 5789 1981 5868">
    <p class='ocr_par' dir='ltr' id='par_1_65' title="bbox 426 5789 1981 5868">
     <span class='ocr_line' id='line_1_65' title="bbox 426 5789 1981 5868; baseline -0.001 -24"><span class='ocrx_word' id='word_1_471' title='bbox 426 5803 587 5863; x_wconf 80' lang='lat' dir='ltr'><strong>sunt;</strong></span> <span class='ocrx_word' id='word_1_472' title='bbox 624 5792 731 5852; x_wconf 84' lang='lat' dir='ltr'><strong>duo</strong></span> <span class='ocrx_word' id='word_1_473' title='bbox 756 5800 880 5851; x_wconf 76' lang='lat' dir='ltr'><strong>sunt</strong></span> <span class='ocrx_word' id='word_1_474' title='bbox 915 5789 1111 5868; x_wconf 72' lang='lat' dir='ltr'><strong>alioqui</strong></span> <span class='ocrx_word' id='word_1_475' title='bbox 1158 5792 1454 5855; x_wconf 71' lang='lat' dir='ltr'><strong>certiSSittttt</strong></span> <span class='ocrx_word' id='word_1_476' title='bbox 1485 5807 1495 5840; x_wconf 91' lang='lat'>:</span> <span class='ocrx_word' id='word_1_477' title='bbox 1533 5791 1783 5862; x_wconf 77' lang='lat' dir='ltr'><strong>primum,</strong></span> <span class='ocrx_word' id='word_1_478' title='bbox 1815 5801 1981 5843; x_wconf 83' lang='lat' dir='ltr'><strong>mate-</strong></span> 
     </span>
    </p>
   </div>
   <div class='ocr_carea' id='block_1_66' title="bbox 1947 4540 2059 4594">
    <p class='ocr_par' dir='ltr' id='par_1_66' title="bbox 1947 4540 2059 4594">
     <span class='ocr_line' id='line_1_66' title="bbox 1947 4540 2059 4594; baseline 0 0"><span class='ocrx_word' id='word_1_479' title='bbox 1947 4571 1976 4594; x_wconf 64' lang='grc' dir='ltr'>με</span> <span class='ocrx_word' id='word_1_480' title='bbox 2015 4540 2059 4594; x_wconf 92' lang='lat' dir='ltr'><strong>D</strong></span> 
     </span>
    </p>
   </div>
   <div class='ocr_carea' id='block_1_67' title="bbox 2089 559 3650 637">
    <p class='ocr_par' dir='ltr' id='par_1_67' title="bbox 2089 559 3650 637">
     <span class='ocr_line' id='line_1_67' title="bbox 2089 559 3650 637; baseline 0.01 -26"><span class='ocrx_word' id='word_1_481' title='bbox 2089 559 2348 628; x_wconf 84' lang='lat' dir='ltr'><strong>largiente</strong></span> <span class='ocrx_word' id='word_1_482' title='bbox 2369 563 2392 616; x_wconf 90' lang='lat'><strong>?</strong></span> <span class='ocrx_word' id='word_1_483' title='bbox 2417 563 2780 622; x_wconf 83' lang='lat' dir='ltr'><strong>Solerlissimc</strong></span> <span class='ocrx_word' id='word_1_484' title='bbox 2813 577 2990 621; x_wconf 86' lang='lat' dir='ltr'><strong>autem</strong></span> <span class='ocrx_word' id='word_1_485' title='bbox 3039 568 3090 621; x_wconf 94' lang='lat' dir='ltr'><strong>in</strong></span> <span class='ocrx_word' id='word_1_486' title='bbox 3121 569 3222 621; x_wconf 90' lang='lat' dir='ltr'><strong>hac</strong></span> <span class='ocrx_word' id='word_1_487' title='bbox 3250 568 3315 621; x_wconf 90' lang='lat' dir='ltr'><strong>ad</strong></span> <span class='ocrx_word' id='word_1_488' title='bbox 3360 569 3650 637; x_wconf 67' lang='lat' dir='ltr'><strong>discipulos</strong></span> 
     </span>
    </p>
   </div>
   <div class='ocr_carea' id='block_1_68' title="bbox 2085 653 3649 732">
    <p class='ocr_par' dir='ltr' id='par_1_68' title="bbox 2085 653 3649 732">
     <span class='ocr_line' id='line_1_68' title="bbox 2085 653 3649 732; baseline 0.006 -29"><span class='ocrx_word' id='word_1_489' title='bbox 2085 663 2214 705; x_wconf 89' lang='lat' dir='ltr'><strong>suos</strong></span> <span class='ocrx_word' id='word_1_490' title='bbox 2262 653 2656 719; x_wconf 79' lang='lat' dir='ltr'><strong>adhortatione,</strong></span> <span class='ocrx_word' id='word_1_491' title='bbox 2691 656 2829 710; x_wconf 89' lang='lat' dir='ltr'><strong>haud</strong></span> <span class='ocrx_word' id='word_1_492' title='bbox 2865 659 3102 726; x_wconf 83' lang='lat' dir='ltr'><strong>generali</strong></span> <span class='ocrx_word' id='word_1_493' title='bbox 3144 658 3322 732; x_wconf 91' lang='lat' dir='ltr'><strong>aliquo</strong></span> <span class='ocrx_word' id='word_1_494' title='bbox 3363 659 3649 719; x_wconf 52' lang='lat' dir='ltr'><strong>irratioua,</strong></span> 
     </span>
    </p>
   </div>
   <div class='ocr_carea' id='block_1_69' title="bbox 2087 739 3642 818">
    <p class='ocr_par' dir='ltr' id='par_1_69' title="bbox 2087 739 3642 818">
     <span class='ocr_line' id='line_1_69' title="bbox 2087 739 3642 818; baseline 0.012 -26"><span class='ocrx_word' id='word_1_495' title='bbox 2087 739 2214 794; x_wconf 90' lang='lat' dir='ltr'><strong>lium</strong></span> <span class='ocrx_word' id='word_1_496' title='bbox 2248 743 2604 798; x_wconf 85' lang='lat' dir='ltr'><strong>animantium</strong></span> <span class='ocrx_word' id='word_1_497' title='bbox 2659 747 2906 815; x_wconf 78' lang='lat' dir='ltr'><strong>exemplo</strong></span> <span class='ocrx_word' id='word_1_498' title='bbox 2947 763 3076 802; x_wconf 90' lang='lat' dir='ltr'><strong>usus</strong></span> <span class='ocrx_word' id='word_1_499' title='bbox 3121 758 3225 812; x_wconf 88' lang='lat' dir='ltr'><strong>est,</strong></span> <span class='ocrx_word' id='word_1_500' title='bbox 3281 765 3467 818; x_wconf 78' lang='lat' dir='ltr'><strong>neque</strong></span> <span class='ocrx_word' id='word_1_501' title='bbox 3511 750 3642 810; x_wconf 80' lang='lat' dir='ltr'><strong>item</strong></span> 
     </span>
    </p>
   </div>
   <div class='ocr_carea' id='block_1_70' title="bbox 2085 832 3652 911">
    <p class='ocr_par' dir='ltr' id='par_1_70' title="bbox 2085 832 3652 911">
     <span class='ocr_line' id='line_1_70' title="bbox 2085 832 3652 911; baseline 0.009 -27"><span class='ocrx_word' id='word_1_502' title='bbox 2085 832 2415 898; x_wconf 85' lang='lat' dir='ltr'><strong>serpentium</strong></span> <span class='ocrx_word' id='word_1_503' title='bbox 2465 844 2560 888; x_wconf 92' lang='lat' dir='ltr'><strong>aut</strong></span> <span class='ocrx_word' id='word_1_504' title='bbox 2608 835 2863 898; x_wconf 79' lang='lat' dir='ltr'><strong>ferarum,</strong></span> <span class='ocrx_word' id='word_1_505' title='bbox 2918 853 3092 906; x_wconf 89' lang='lat' dir='ltr'><strong>neque</strong></span> <span class='ocrx_word' id='word_1_506' title='bbox 3136 839 3504 911; x_wconf 85' lang='lat' dir='ltr'><strong>jumentorum</strong></span> <span class='ocrx_word' id='word_1_507' title='bbox 3557 850 3652 898; x_wconf 83' lang='lat' dir='ltr'><strong>aut</strong></span> 
     </span>
    </p>
   </div>
   <div class='ocr_carea' id='block_1_71' title="bbox 2087 923 3651 1003">
    <p class='ocr_par' dir='ltr' id='par_1_71' title="bbox 2087 923 3651 1003">
     <span class='ocr_line' id='line_1_71' title="bbox 2087 923 3651 1003; baseline 0.006 -27"><span class='ocrx_word' id='word_1_508' title='bbox 2087 923 2310 991; x_wconf 86' lang='lat' dir='ltr'><strong>piscium</strong></span> <span class='ocrx_word' id='word_1_509' title='bbox 2340 927 2602 990; x_wconf 84' lang='lat' dir='ltr'><strong>meminit,</strong></span> <span class='ocrx_word' id='word_1_510' title='bbox 2639 944 2813 1000; x_wconf 86' lang='lat' dir='ltr'><strong>neque</strong></span> <span class='ocrx_word' id='word_1_511' title='bbox 2847 931 3022 982; x_wconf 87' lang='lat' dir='ltr'><strong>avium</strong></span> <span class='ocrx_word' id='word_1_512' title='bbox 3055 932 3651 1003; x_wconf 57' lang='lat' dir='ltr'><strong>simpliciter,quandm</strong></span> 
     </span>
    </p>
   </div>
   <div class='ocr_carea' id='block_1_72' title="bbox 2087 1014 3644 1092">
    <p class='ocr_par' dir='ltr' id='par_1_72' title="bbox 2087 1014 3644 1092">
     <span class='ocr_line' id='line_1_72' title="bbox 2087 1014 3644 1092; baseline 0.007 -25"><span class='ocrx_word' id='word_1_513' title='bbox 2087 1014 2302 1082; x_wconf 85' lang='lat' dir='ltr'><strong>quidem</strong></span> <span class='ocrx_word' id='word_1_514' title='bbox 2361 1026 2416 1070; x_wconf 89' lang='lat' dir='ltr'><strong>et</strong></span> <span class='ocrx_word' id='word_1_515' title='bbox 2473 1017 2665 1072; x_wconf 92' lang='lat' dir='ltr'><strong>horum</strong></span> <span class='ocrx_word' id='word_1_516' title='bbox 2694 1021 2884 1090; x_wconf 66' lang='lat' dir='ltr'><strong>aliqua:</strong></span> <span class='ocrx_word' id='word_1_517' title='bbox 2918 1022 3218 1082; x_wconf 75' lang='lat' dir='ltr'><strong>carnivorze</strong></span> <span class='ocrx_word' id='word_1_518' title='bbox 3265 1035 3408 1092; x_wconf 91' lang='lat' dir='ltr'><strong>sunt,</strong></span> <span class='ocrx_word' id='word_1_519' title='bbox 3444 1023 3562 1080; x_wconf 68' lang='lat' dir='ltr'><strong>alia!</strong></span> <span class='ocrx_word' id='word_1_520' title='bbox 3591 1026 3644 1084; x_wconf 90' lang='lat' dir='ltr'><strong>in</strong></span> 
     </span>
    </p>
   </div>
   <div class='ocr_carea' id='block_1_73' title="bbox 2087 1111 3648 1177">
    <p class='ocr_par' dir='ltr' id='par_1_73' title="bbox 2087 1111 3648 1177">
     <span class='ocr_line' id='line_1_73' title="bbox 2087 1111 3648 1177; baseline 0.008 -19"><span class='ocrx_word' id='word_1_521' title='bbox 2087 1113 2229 1158; x_wconf 90' lang='lat' dir='ltr'><strong>terra</strong></span> <span class='ocrx_word' id='word_1_522' title='bbox 2279 1121 2590 1176; x_wconf 89' lang='lat' dir='ltr'><strong>pascuntur,</strong></span> <span class='ocrx_word' id='word_1_523' title='bbox 2643 1111 2762 1164; x_wconf 66' lang='lat' dir='ltr'><strong>alim</strong></span> <span class='ocrx_word' id='word_1_524' title='bbox 2807 1126 2867 1166; x_wconf 90' lang='lat' dir='ltr'><strong>se</strong></span> <span class='ocrx_word' id='word_1_525' title='bbox 2919 1113 3144 1166; x_wconf 84' lang='lat' dir='ltr'><strong>invicem</strong></span> <span class='ocrx_word' id='word_1_526' title='bbox 3181 1124 3394 1171; x_wconf 87' lang='lat' dir='ltr'><strong>vorant.</strong></span> <span class='ocrx_word' id='word_1_527' title='bbox 3442 1114 3564 1177; x_wconf 81' lang='lat' dir='ltr'><strong>ideo</strong></span> <span class='ocrx_word' id='word_1_528' title='bbox 3616 1132 3648 1171; x_wconf 87' lang='lat' dir='ltr'><strong>a</strong></span> 
     </span>
    </p>
   </div>
   <div class='ocr_carea' id='block_1_74' title="bbox 2086 1197 3647 1277">
    <p class='ocr_par' dir='ltr' id='par_1_74' title="bbox 2086 1197 3647 1277">
     <span class='ocr_line' id='line_1_74' title="bbox 2086 1197 3647 1277; baseline 0.006 -27"><span class='ocrx_word' id='word_1_529' title='bbox 2086 1197 2409 1252; x_wconf 80' lang='lat' dir='ltr'><strong>cadaverum</strong></span> <span class='ocrx_word' id='word_1_530' title='bbox 2443 1202 2796 1272; x_wconf 89' lang='lat' dir='ltr'><strong>carniumque</strong></span> <span class='ocrx_word' id='word_1_531' title='bbox 2824 1205 3126 1276; x_wconf 82' lang='lat' dir='ltr'><strong>voracibus,</strong></span> <span class='ocrx_word' id='word_1_532' title='bbox 3155 1207 3452 1264; x_wconf 87' lang='lat' dir='ltr'><strong>seminibus</strong></span> <span class='ocrx_word' id='word_1_533' title='bbox 3503 1210 3647 1277; x_wconf 88' lang='lat' dir='ltr'><strong>pasci</strong></span> 
     </span>
    </p>
   </div>
   <div class='ocr_carea' id='block_1_75' title="bbox 2085 1287 3649 1362">
    <p class='ocr_par' dir='ltr' id='par_1_75' title="bbox 2085 1287 3649 1362">
     <span class='ocr_line' id='line_1_75' title="bbox 2085 1287 3649 1362; baseline 0.006 -21"><span class='ocrx_word' id='word_1_534' title='bbox 2085 1287 2269 1343; x_wconf 89' lang='lat' dir='ltr'><strong>solitas</strong></span> <span class='ocrx_word' id='word_1_535' title='bbox 2297 1303 2588 1345; x_wconf 85' lang='lat' dir='ltr'><strong>secernens</strong></span> <span class='ocrx_word' id='word_1_536' title='bbox 2617 1293 2880 1356; x_wconf 85' lang='lat' dir='ltr'><strong>volucres,</strong></span> <span class='ocrx_word' id='word_1_537' title='bbox 2912 1303 3073 1362; x_wconf 90' lang='lat' dir='ltr'><strong>atque</strong></span> <span class='ocrx_word' id='word_1_538' title='bbox 3106 1300 3203 1348; x_wconf 86' lang='lat' dir='ltr'><strong>bas</strong></span> <span class='ocrx_word' id='word_1_539' title='bbox 3239 1294 3324 1348; x_wconf 89' lang='lat' dir='ltr'><strong>his</strong></span> <span class='ocrx_word' id='word_1_540' title='bbox 3356 1295 3530 1353; x_wconf 88' lang='lat' dir='ltr'><strong>verbis</strong></span> <span class='ocrx_word' id='word_1_541' title='bbox 3555 1299 3649 1350; x_wconf 90' lang='lat' dir='ltr'><strong>de-</strong></span> 
     </span>
    </p>
   </div>
   <div class='ocr_carea' id='block_1_76' title="bbox 2086 1380 3651 1452">
    <p class='ocr_par' dir='ltr' id='par_1_76' title="bbox 2086 1380 3651 1452">
     <span class='ocr_line' id='line_1_76' title="bbox 2086 1380 3651 1452; baseline 0.006 -22"><span class='ocrx_word' id='word_1_542' title='bbox 2086 1380 2312 1448; x_wconf 81' lang='lat' dir='ltr'><strong>signans</strong></span> <span class='ocrx_word' id='word_1_543' title='bbox 2362 1382 2504 1450; x_wconf 90' lang='lat' dir='ltr'><strong>quod</strong></span> <span class='ocrx_word' id='word_1_544' title='bbox 2578 1399 2770 1452; x_wconf 87' lang='lat' dir='ltr'><strong>nempe</strong></span> <span class='ocrx_word' id='word_1_545' title='bbox 2823 1401 2984 1452; x_wconf 81' lang='lat' dir='ltr'><strong>neque</strong></span> <span class='ocrx_word' id='word_1_546' title='bbox 3032 1396 3210 1438; x_wconf 82' lang='lat' dir='ltr'><strong>serunt</strong></span> <span class='ocrx_word' id='word_1_547' title='bbox 3270 1403 3426 1450; x_wconf 82' lang='lat' dir='ltr'><strong>neque</strong></span> <span class='ocrx_word' id='word_1_548' title='bbox 3456 1396 3651 1445; x_wconf 77' lang='lat' dir='ltr'><strong>metunt</strong></span> 
     </span>
    </p>
   </div>
   <div class='ocr_carea' id='block_1_77' title="bbox 2086 1471 3651 1544">
    <p class='ocr_par' dir='ltr' id='par_1_77' title="bbox 2086 1471 3651 1544">
     <span class='ocr_line' id='line_1_77' title="bbox 2086 1471 3651 1544; baseline 0.005 -22"><span class='ocrx_word' id='word_1_549' title='bbox 2086 1487 2247 1539; x_wconf 79' lang='lat' dir='ltr'><strong>neque</strong></span> <span class='ocrx_word' id='word_1_550' title='bbox 2282 1471 2335 1523; x_wconf 85' lang='lat' dir='ltr'><strong>in</strong></span> <span class='ocrx_word' id='word_1_551' title='bbox 2379 1472 2566 1525; x_wconf 84' lang='lat' dir='ltr'><strong>horrea</strong></span> <span class='ocrx_word' id='word_1_552' title='bbox 2612 1485 2948 1544; x_wconf 76' lang='lat' dir='ltr'><strong>congregant,</strong></span> <span class='ocrx_word' id='word_1_553' title='bbox 3002 1485 3053 1530; x_wconf 82' lang='lat' dir='ltr'><strong>et</strong></span> <span class='ocrx_word' id='word_1_554' title='bbox 3098 1487 3270 1538; x_wconf 79' lang='lat' dir='ltr'><strong>tamen</strong></span> <span class='ocrx_word' id='word_1_555' title='bbox 3302 1477 3464 1531; x_wconf 86' lang='lat' dir='ltr'><strong>Pater</strong></span> <span class='ocrx_word' id='word_1_556' title='bbox 3490 1487 3651 1540; x_wconf 75' lang='lat' dir='ltr'><strong>vester</strong></span> 
     </span>
    </p>
   </div>
   <div class='ocr_carea' id='block_1_78' title="bbox 2085 1562 3652 1639">
    <p class='ocr_par' dir='ltr' id='par_1_78' title="bbox 2085 1562 3652 1639">
     <span class='ocr_line' id='line_1_78' title="bbox 2085 1562 3652 1639; baseline 0.004 -26"><span class='ocrx_word' id='word_1_557' title='bbox 2085 1562 2302 1615; x_wconf 72' lang='lat' dir='ltr'><strong>cmlestis</strong></span> <span class='ocrx_word' id='word_1_558' title='bbox 2330 1564 2495 1629; x_wconf 81' lang='lat' dir='ltr'><strong>pascit</strong></span> <span class='ocrx_word' id='word_1_559' title='bbox 2524 1563 2650 1627; x_wconf 84' lang='lat' dir='ltr'><strong>illa;</strong></span> <span class='ocrx_word' id='word_1_560' title='bbox 2682 1567 3007 1635; x_wconf 88' lang='lat' dir='ltr'><strong>easdemque</strong></span> <span class='ocrx_word' id='word_1_561' title='bbox 3040 1567 3148 1621; x_wconf 89' lang='lat' dir='ltr'><strong>alte</strong></span> <span class='ocrx_word' id='word_1_562' title='bbox 3189 1567 3416 1622; x_wconf 84' lang='lat' dir='ltr'><strong>volitare</strong></span> <span class='ocrx_word' id='word_1_563' title='bbox 3445 1569 3652 1639; x_wconf 73' lang='lat' dir='ltr'><strong>signiti-</strong></span> 
     </span>
    </p>
   </div>
   <div class='ocr_carea' id='block_1_79' title="bbox 2085 1642 3650 1728">
    <p class='ocr_par' dir='ltr' id='par_1_79' title="bbox 2085 1642 3650 1728">
     <span class='ocr_line' id='line_1_79' title="bbox 2085 1642 3650 1728; baseline 0.007 -25"><span class='ocrx_word' id='word_1_564' title='bbox 2085 1666 2236 1712; x_wconf 83' lang='lat' dir='ltr'><strong>cans.</strong></span> <span class='ocrx_word' id='word_1_565' title='bbox 2267 1655 2390 1706; x_wconf 93' lang='lat' dir='ltr'><strong>dum</strong></span> <span class='ocrx_word' id='word_1_566' title='bbox 2441 1655 2582 1708; x_wconf 85' lang='lat' dir='ltr'><strong>sicut</strong></span> <span class='ocrx_word' id='word_1_567' title='bbox 2631 1655 2752 1710; x_wconf 73' lang='grc' dir='ltr'>οωιί</span> <span class='ocrx_word' id='word_1_568' title='bbox 2807 1656 3040 1711; x_wconf 84' lang='lat' dir='ltr'><strong>volatilia</strong></span> <span class='ocrx_word' id='word_1_569' title='bbox 3097 1658 3390 1728; x_wconf 83' lang='lat' dir='ltr'><strong>discipulos</strong></span> <span class='ocrx_word' id='word_1_570' title='bbox 3423 1642 3550 1716; x_wconf 88' lang='lat' dir='ltr'><strong>suos</strong></span> <span class='ocrx_word' id='word_1_571' title='bbox 3583 1661 3650 1714; x_wconf 86' lang='lat' dir='ltr'><strong>ad</strong></span> 
     </span>
    </p>
   </div>
   <div class='ocr_carea' id='block_1_80' title="bbox 2086 1743 3648 1820">
    <p class='ocr_par' dir='ltr' id='par_1_80' title="bbox 2086 1743 3648 1820">
     <span class='ocr_line' id='line_1_80' title="bbox 2086 1743 3648 1820; baseline 0.005 -24"><span class='ocrx_word' id='word_1_572' title='bbox 2086 1743 2261 1798; x_wconf 90' lang='lat' dir='ltr'><strong>simile</strong></span> <span class='ocrx_word' id='word_1_573' title='bbox 2330 1744 2573 1798; x_wconf 90' lang='lat' dir='ltr'><strong>alimenti</strong></span> <span class='ocrx_word' id='word_1_574' title='bbox 2623 1761 2791 1816; x_wconf 88' lang='lat' dir='ltr'><strong>genus</strong></span> <span class='ocrx_word' id='word_1_575' title='bbox 2835 1751 3225 1820; x_wconf 73' lang='lat' dir='ltr'><strong>Capessendum</strong></span> <span class='ocrx_word' id='word_1_576' title='bbox 3299 1750 3648 1818; x_wconf 84' lang='lat' dir='ltr'><strong>hortabatur;</strong></span> 
     </span>
    </p>
   </div>
   <div class='ocr_carea' id='block_1_81' title="bbox 2013 1826 3650 1908">
    <p class='ocr_par' dir='ltr' id='par_1_81' title="bbox 2013 1826 3650 1908">
     <span class='ocr_line' id='line_1_81' title="bbox 2013 1826 3650 1908; baseline 0.007 -21"><span class='ocrx_word' id='word_1_577' title='bbox 2013 1826 2054 1881; x_wconf 86' lang='grc' dir='ltr'><strong>Β</strong></span> <span class='ocrx_word' id='word_1_578' title='bbox 2084 1835 2242 1888; x_wconf 88' lang='lat' dir='ltr'><strong>simul</strong></span> <span class='ocrx_word' id='word_1_579' title='bbox 2269 1835 2414 1904; x_wconf 88' lang='lat' dir='ltr'><strong>ipsos</strong></span> <span class='ocrx_word' id='word_1_580' title='bbox 2442 1837 2510 1891; x_wconf 86' lang='lat' dir='ltr'><strong>ad</strong></span> <span class='ocrx_word' id='word_1_581' title='bbox 2540 1839 3008 1908; x_wconf 86' lang='lat' dir='ltr'><strong>contemplandam</strong></span> <span class='ocrx_word' id='word_1_582' title='bbox 3039 1842 3358 1902; x_wconf 84' lang='lat' dir='ltr'><strong>universalis</strong></span> <span class='ocrx_word' id='word_1_583' title='bbox 3384 1848 3650 1901; x_wconf 84' lang='lat' dir='ltr'><strong>curatoris</strong></span> 
     </span>
    </p>
   </div>
   <div class='ocr_carea' id='block_1_82' title="bbox 2087 1925 3638 2002">
    <p class='ocr_par' dir='ltr' id='par_1_82' title="bbox 2087 1925 3638 2002">
     <span class='ocr_line' id='line_1_82' title="bbox 2087 1925 3638 2002; baseline 0.008 -26"><span class='ocrx_word' id='word_1_584' title='bbox 2087 1925 2476 1993; x_wconf 87' lang='lat' dir='ltr'><strong>providentiam</strong></span> <span class='ocrx_word' id='word_1_585' title='bbox 2508 1927 2750 1991; x_wconf 86' lang='lat' dir='ltr'><strong>mittens,</strong></span> <span class='ocrx_word' id='word_1_586' title='bbox 2780 1928 3020 1996; x_wconf 86' lang='lat' dir='ltr'><strong>subjecto</strong></span> <span class='ocrx_word' id='word_1_587' title='bbox 3042 1933 3288 2001; x_wconf 75' lang='lat' dir='ltr'><strong>exemplo</strong></span> <span class='ocrx_word' id='word_1_588' title='bbox 3315 1934 3456 2002; x_wconf 91' lang='lat' dir='ltr'><strong>quod</strong></span> <span class='ocrx_word' id='word_1_589' title='bbox 3481 1934 3638 1988; x_wconf 57' lang='lat' dir='ltr'><strong>multa</strong></span> 
     </span>
    </p>
   </div>
   <div class='ocr_carea' id='block_1_83' title="bbox 2088 2006 3645 2091">
    <p class='ocr_par' dir='ltr' id='par_1_83' title="bbox 2088 2006 3645 2091">
     <span class='ocr_line' id='line_1_83' title="bbox 2088 2006 3645 2091; baseline 0.008 -22"><span class='ocrx_word' id='word_1_590' title='bbox 2088 2017 2258 2086; x_wconf 82' lang='lat' dir='ltr'><strong>magis</strong></span> <span class='ocrx_word' id='word_1_591' title='bbox 2292 2017 2526 2086; x_wconf 90' lang='lat' dir='ltr'><strong>ipsorum</strong></span> <span class='ocrx_word' id='word_1_592' title='bbox 2578 2037 2738 2091; x_wconf 87' lang='lat' dir='ltr'><strong>quam</strong></span> <span class='ocrx_word' id='word_1_593' title='bbox 2773 2021 3063 2078; x_wconf 88' lang='lat' dir='ltr'><strong>volatilium</strong></span> <span class='ocrx_word' id='word_1_594' title='bbox 3113 2006 3422 2081; x_wconf 89' lang='lat' dir='ltr'><strong>alendorum</strong></span> <span class='ocrx_word' id='word_1_595' title='bbox 3459 2040 3645 2082; x_wconf 83' lang='lat' dir='ltr'><strong>curam</strong></span> 
     </span>
    </p>
   </div>
   <div class='ocr_carea' id='block_1_84' title="bbox 2087 2111 3646 2177">
    <p class='ocr_par' dir='ltr' id='par_1_84' title="bbox 2087 2111 3646 2177">
     <span class='ocr_line' id='line_1_84' title="bbox 2087 2111 3646 2177; baseline 0.006 -15"><span class='ocrx_word' id='word_1_596' title='bbox 2087 2119 2236 2177; x_wconf 89' lang='lat' dir='ltr'><strong>geret</strong></span> <span class='ocrx_word' id='word_1_597' title='bbox 2259 2111 2493 2166; x_wconf 72' lang='lat' dir='ltr'><strong>cmlestis</strong></span> <span class='ocrx_word' id='word_1_598' title='bbox 2517 2111 2696 2166; x_wconf 84' lang='lat' dir='ltr'><strong>Pater.</strong></span> <span class='ocrx_word' id='word_1_599' title='bbox 2735 2115 2866 2168; x_wconf 88' lang='lat' dir='ltr'><strong>Dum</strong></span> <span class='ocrx_word' id='word_1_600' title='bbox 2916 2127 3092 2171; x_wconf 86' lang='lat' dir='ltr'><strong>autem</strong></span> <span class='ocrx_word' id='word_1_601' title='bbox 3127 2118 3398 2173; x_wconf 70' lang='lat' dir='ltr'><strong>cmlestem</strong></span> <span class='ocrx_word' id='word_1_602' title='bbox 3431 2117 3646 2177; x_wconf 81' lang='lat' dir='ltr'><strong>Patrem</strong></span> 
     </span>
    </p>
   </div>
   <div class='ocr_carea' id='block_1_85' title="bbox 2088 2199 3650 2277">
    <p class='ocr_par' dir='ltr' id='par_1_85' title="bbox 2088 2199 3650 2277">
     <span class='ocr_line' id='line_1_85' title="bbox 2088 2199 3650 2277; baseline 0.006 -27"><span class='ocrx_word' id='word_1_603' title='bbox 2088 2199 2340 2268; x_wconf 83' lang='lat' dir='ltr'><strong>appellat,</strong></span> <span class='ocrx_word' id='word_1_604' title='bbox 2377 2204 2663 2258; x_wconf 79' lang='lat' dir='ltr'><strong>maximum</strong></span> <span class='ocrx_word' id='word_1_605' title='bbox 2695 2221 2790 2260; x_wconf 90' lang='lat' dir='ltr'><strong>nos</strong></span> <span class='ocrx_word' id='word_1_606' title='bbox 2825 2207 3015 2277; x_wconf 81' lang='lat' dir='ltr'><strong>dogma</strong></span> <span class='ocrx_word' id='word_1_607' title='bbox 3046 2209 3222 2262; x_wconf 82' lang='lat' dir='ltr'><strong>docet.</strong></span> <span class='ocrx_word' id='word_1_608' title='bbox 3261 2207 3393 2261; x_wconf 85' lang='lat' dir='ltr'><strong>Nam</strong></span> <span class='ocrx_word' id='word_1_609' title='bbox 3427 2224 3547 2264; x_wconf 91' lang='lat' dir='ltr'><strong>cum</strong></span> <span class='ocrx_word' id='word_1_610' title='bbox 3578 2209 3650 2260; x_wconf 84' lang='lat' dir='ltr'><strong>sit</strong></span> 
     </span>
    </p>
   </div>
   <div class='ocr_carea' id='block_1_86' title="bbox 2087 2292 3649 2368">
    <p class='ocr_par' dir='ltr' id='par_1_86' title="bbox 2087 2292 3649 2368">
     <span class='ocr_line' id='line_1_86' title="bbox 2087 2292 3649 2368; baseline 0.005 -26"><span class='ocrx_word' id='word_1_611' title='bbox 2087 2300 2330 2346; x_wconf 90' lang='lat' dir='ltr'><strong>nostrum</strong></span> <span class='ocrx_word' id='word_1_612' title='bbox 2360 2292 2621 2365; x_wconf 89' lang='lat' dir='ltr'><strong>eujusque</strong></span> <span class='ocrx_word' id='word_1_613' title='bbox 2654 2297 2811 2352; x_wconf 82' lang='lat' dir='ltr'><strong>Pater</strong></span> <span class='ocrx_word' id='word_1_614' title='bbox 2841 2299 2884 2352; x_wconf 89' lang='lat' dir='ltr'><strong>is</strong></span> <span class='ocrx_word' id='word_1_615' title='bbox 2923 2300 3014 2368; x_wconf 91' lang='lat' dir='ltr'><strong>qui</strong></span> <span class='ocrx_word' id='word_1_616' title='bbox 3045 2315 3261 2354; x_wconf 87' lang='lat' dir='ltr'><strong>carnem</strong></span> <span class='ocrx_word' id='word_1_617' title='bbox 3298 2309 3535 2356; x_wconf 89' lang='lat' dir='ltr'><strong>nostram</strong></span> <span class='ocrx_word' id='word_1_618' title='bbox 3561 2314 3649 2354; x_wconf 81' lang='lat' dir='ltr'><strong>se—</strong></span> 
     </span>
    </p>
   </div>
   <div class='ocr_carea' id='block_1_87' title="bbox 2088 2381 3647 2458">
    <p class='ocr_par' dir='ltr' id='par_1_87' title="bbox 2088 2381 3647 2458">
     <span class='ocr_line' id='line_1_87' title="bbox 2088 2381 3647 2458; baseline 0.006 -27"><span class='ocrx_word' id='word_1_619' title='bbox 2088 2381 2197 2446; x_wconf 89' lang='lat' dir='ltr'><strong>vit;</strong></span> <span class='ocrx_word' id='word_1_620' title='bbox 2230 2396 2352 2435; x_wconf 85' lang='lat' dir='ltr'><strong>cum</strong></span> <span class='ocrx_word' id='word_1_621' title='bbox 2397 2386 2466 2436; x_wconf 93' lang='lat' dir='ltr'><strong>sit</strong></span> <span class='ocrx_word' id='word_1_622' title='bbox 2512 2387 2639 2440; x_wconf 88' lang='lat' dir='ltr'><strong>item</strong></span> <span class='ocrx_word' id='word_1_623' title='bbox 2692 2389 2928 2442; x_wconf 78' lang='lat' dir='ltr'><strong>ccelestis</strong></span> <span class='ocrx_word' id='word_1_624' title='bbox 2973 2387 3154 2452; x_wconf 85' lang='lat' dir='ltr'><strong>Pater,</strong></span> <span class='ocrx_word' id='word_1_625' title='bbox 3191 2391 3280 2458; x_wconf 89' lang='lat' dir='ltr'><strong>qui</strong></span> <span class='ocrx_word' id='word_1_626' title='bbox 3330 2388 3647 2452; x_wconf 75' lang='lat' dir='ltr'><strong>rationalem</strong></span> 
     </span>
    </p>
   </div>
   <div class='ocr_carea' id='block_1_88' title="bbox 2087 2469 3648 2547">
    <p class='ocr_par' dir='ltr' id='par_1_88' title="bbox 2087 2469 3648 2547">
     <span class='ocr_line' id='line_1_88' title="bbox 2087 2469 3648 2547; baseline 0.007 -24"><span class='ocrx_word' id='word_1_627' title='bbox 2087 2469 2610 2542; x_wconf 84' lang='lat' dir='ltr'><strong>intellecwalemque</strong></span> <span class='ocrx_word' id='word_1_628' title='bbox 2646 2478 2751 2529; x_wconf 86' lang='lat' dir='ltr'><strong>vim</strong></span> <span class='ocrx_word' id='word_1_629' title='bbox 2783 2479 2938 2531; x_wconf 88' lang='lat' dir='ltr'><strong>nobis</strong></span> <span class='ocrx_word' id='word_1_630' title='bbox 2975 2479 3205 2543; x_wconf 87' lang='lat' dir='ltr'><strong>indidit,</strong></span> <span class='ocrx_word' id='word_1_631' title='bbox 3237 2495 3335 2533; x_wconf 91' lang='lat' dir='ltr'><strong>cur</strong></span> <span class='ocrx_word' id='word_1_632' title='bbox 3357 2481 3466 2547; x_wconf 88' lang='lat' dir='ltr'><strong>jam</strong></span> <span class='ocrx_word' id='word_1_633' title='bbox 3497 2479 3648 2536; x_wconf 85' lang='lat' dir='ltr'><strong>solli-</strong></span> 
     </span>
    </p>
   </div>
   <div class='ocr_carea' id='block_1_89' title="bbox 2085 2562 3648 2624">
    <p class='ocr_par' dir='ltr' id='par_1_89' title="bbox 2085 2562 3648 2624">
     <span class='ocr_line' id='line_1_89' title="bbox 2085 2562 3648 2624; baseline 0.005 -8"><span class='ocrx_word' id='word_1_634' title='bbox 2085 2562 2178 2616; x_wconf 90' lang='lat' dir='ltr'><strong>citi</strong></span> <span class='ocrx_word' id='word_1_635' title='bbox 2205 2563 2408 2617; x_wconf 84' lang='lat' dir='ltr'><strong>simus?</strong></span> <span class='ocrx_word' id='word_1_636' title='bbox 2445 2564 2636 2619; x_wconf 86' lang='lat' dir='ltr'><strong>Nonne</strong></span> <span class='ocrx_word' id='word_1_637' title='bbox 2668 2567 2893 2621; x_wconf 81' lang='lat' dir='ltr'><strong>ﬁrmiter</strong></span> <span class='ocrx_word' id='word_1_638' title='bbox 2938 2571 3264 2623; x_wconf 89' lang='lat' dir='ltr'><strong>credendum</strong></span> <span class='ocrx_word' id='word_1_639' title='bbox 3310 2581 3394 2623; x_wconf 88' lang='lat' dir='ltr'><strong>est</strong></span> <span class='ocrx_word' id='word_1_640' title='bbox 3427 2582 3648 2624; x_wconf 82' lang='lat' dir='ltr'><strong>natura-</strong></span> 
     </span>
    </p>
   </div>
   <div class='ocr_carea' id='block_1_90' title="bbox 2088 2652 3648 2729">
    <p class='ocr_par' dir='ltr' id='par_1_90' title="bbox 2088 2652 3648 2729">
     <span class='ocr_line' id='line_1_90' title="bbox 2088 2652 3648 2729; baseline 0.004 -22"><span class='ocrx_word' id='word_1_641' title='bbox 2088 2652 2190 2708; x_wconf 86' lang='lat' dir='ltr'><strong>lem</strong></span> <span class='ocrx_word' id='word_1_642' title='bbox 2227 2667 2467 2708; x_wconf 86' lang='lat' dir='ltr'><strong>nostrum</strong></span> <span class='ocrx_word' id='word_1_643' title='bbox 2516 2656 2902 2725; x_wconf 78' lang='lat' dir='ltr'><strong>melioremque</strong></span> <span class='ocrx_word' id='word_1_644' title='bbox 2949 2658 3184 2729; x_wconf 70' lang='lat' dir='ltr'><strong>(animae)</strong></span> <span class='ocrx_word' id='word_1_645' title='bbox 3231 2670 3436 2727; x_wconf 85' lang='lat' dir='ltr'><strong>patrem</strong></span> <span class='ocrx_word' id='word_1_646' title='bbox 3494 2661 3648 2714; x_wconf 86' lang='lat' dir='ltr'><strong>nobis</strong></span> 
     </span>
    </p>
   </div>
   <div class='ocr_carea' id='block_1_91' title="bbox 2087 2745 3647 2819">
    <p class='ocr_par' dir='ltr' id='par_1_91' title="bbox 2087 2745 3647 2819">
     <span class='ocr_line' id='line_1_91' title="bbox 2087 2745 3647 2819; baseline 0.003 -22"><span class='ocrx_word' id='word_1_647' title='bbox 2087 2745 2259 2815; x_wconf 88' lang='lat' dir='ltr'><strong>magis</strong></span> <span class='ocrx_word' id='word_1_648' title='bbox 2282 2747 2673 2811; x_wconf 90' lang='lat' dir='ltr'><strong>consulturum,</strong></span> <span class='ocrx_word' id='word_1_649' title='bbox 2702 2764 2862 2815; x_wconf 86' lang='lat' dir='ltr'><strong>quam</strong></span> <span class='ocrx_word' id='word_1_650' title='bbox 2898 2748 3019 2802; x_wconf 58' lang='lat' dir='ltr'><strong>caeli</strong></span> <span class='ocrx_word' id='word_1_651' title='bbox 3057 2749 3360 2803; x_wconf 83' lang='lat' dir='ltr'><strong>volatilibus</strong></span> <span class='ocrx_word' id='word_1_652' title='bbox 3379 2752 3548 2819; x_wconf 76' lang='lat' dir='ltr'><strong>,‘qua:</strong></span> <span class='ocrx_word' id='word_1_653' title='bbox 3577 2752 3647 2802; x_wconf 87' lang='lat' dir='ltr'><strong>ob</strong></span> 
     </span>
    </p>
   </div>
   <div class='ocr_carea' id='block_1_92' title="bbox 2088 2825 3648 2910">
    <p class='ocr_par' dir='ltr' id='par_1_92' title="bbox 2088 2825 3648 2910">
     <span class='ocr_line' id='line_1_92' title="bbox 2088 2825 3648 2910; baseline 0.005 -21"><span class='ocrx_word' id='word_1_654' title='bbox 2088 2836 2183 2890; x_wconf 89' lang='lat' dir='ltr'><strong>Dei</strong></span> <span class='ocrx_word' id='word_1_655' title='bbox 2209 2838 2599 2907; x_wconf 84' lang='lat' dir='ltr'><strong>providentiam</strong></span> <span class='ocrx_word' id='word_1_656' title='bbox 2631 2840 2697 2891; x_wconf 89' lang='lat' dir='ltr'><strong>ad</strong></span> <span class='ocrx_word' id='word_1_657' title='bbox 2730 2839 2818 2892; x_wconf 89' lang='lat' dir='ltr'><strong>illa</strong></span> <span class='ocrx_word' id='word_1_658' title='bbox 2847 2854 3016 2910; x_wconf 85' lang='lat' dir='ltr'><strong>usque</strong></span> <span class='ocrx_word' id='word_1_659' title='bbox 3055 2849 3384 2908; x_wconf 83' lang='lat' dir='ltr'><strong>proteusam,</strong></span> <span class='ocrx_word' id='word_1_660' title='bbox 3425 2825 3568 2895; x_wconf 84' lang='lat' dir='ltr'><strong>tanta</strong></span> <span class='ocrx_word' id='word_1_661' title='bbox 3593 2855 3648 2898; x_wconf 84' lang='lat' dir='ltr'><strong>et</strong></span> 
     </span>
    </p>
   </div>
   <div class='ocr_carea' id='block_1_93' title="bbox 2087 2928 3647 3003">
    <p class='ocr_par' dir='ltr' id='par_1_93' title="bbox 2087 2928 3647 3003">
     <span class='ocr_line' id='line_1_93' title="bbox 2087 2928 3647 3003; baseline 0.004 -23"><span class='ocrx_word' id='word_1_662' title='bbox 2087 2937 2196 2981; x_wconf 91' lang='lat' dir='ltr'><strong>tam</strong></span> <span class='ocrx_word' id='word_1_663' title='bbox 2227 2928 2368 2982; x_wconf 85' lang='lat' dir='ltr'><strong>facili</strong></span> <span class='ocrx_word' id='word_1_664' title='bbox 2400 2943 2523 2983; x_wconf 88' lang='lat' dir='ltr'><strong>esca</strong></span> <span class='ocrx_word' id='word_1_665' title='bbox 2551 2929 2844 2995; x_wconf 87' lang='lat' dir='ltr'><strong>abundant,</strong></span> <span class='ocrx_word' id='word_1_666' title='bbox 2876 2931 2945 2984; x_wconf 81' lang='lat' dir='ltr'><strong>ita</strong></span> <span class='ocrx_word' id='word_1_667' title='bbox 2973 2940 3030 2985; x_wconf 92' lang='lat' dir='ltr'><strong>ut</strong></span> <span class='ocrx_word' id='word_1_668' title='bbox 3064 2932 3173 2986; x_wconf 90' lang='lat' dir='ltr'><strong>sint</strong></span> <span class='ocrx_word' id='word_1_669' title='bbox 3201 2932 3415 3003; x_wconf 78' lang='lat' dir='ltr'><strong>pinguia</strong></span> <span class='ocrx_word' id='word_1_670' title='bbox 3458 2945 3511 2988; x_wconf 92' lang='lat' dir='ltr'><strong>et</strong></span> <span class='ocrx_word' id='word_1_671' title='bbox 3540 2934 3647 2988; x_wconf 81' lang='lat' dir='ltr'><strong>for-</strong></span> 
     </span>
    </p>
   </div>
   <div class='ocr_carea' id='block_1_94' title="bbox 2091 3020 3645 3089">
    <p class='ocr_par' dir='ltr' id='par_1_94' title="bbox 2091 3020 3645 3089">
     <span class='ocr_line' id='line_1_94' title="bbox 2091 3020 3645 3089; baseline 0.005 -17"><span class='ocrx_word' id='word_1_672' title='bbox 2091 3021 2163 3072; x_wconf 89' lang='lat' dir='ltr'><strong>tia</strong></span> <span class='ocrx_word' id='word_1_673' title='bbox 2192 3030 2247 3075; x_wconf 90' lang='lat' dir='ltr'><strong>et</strong></span> <span class='ocrx_word' id='word_1_674' title='bbox 2266 3020 2467 3089; x_wconf 89' lang='lat' dir='ltr'><strong>optima</strong></span> <span class='ocrx_word' id='word_1_675' title='bbox 2517 3021 2740 3089; x_wconf 75' lang='lat' dir='ltr'><strong>praedita</strong></span> <span class='ocrx_word' id='word_1_676' title='bbox 2789 3022 3131 3076; x_wconf 87' lang='lat' dir='ltr'><strong>valetudine?</strong></span> <span class='ocrx_word' id='word_1_677' title='bbox 3177 3022 3293 3078; x_wconf 81' lang='lat' dir='ltr'><strong>.lam</strong></span> <span class='ocrx_word' id='word_1_678' title='bbox 3353 3028 3645 3079; x_wconf 72' lang='lat' dir='ltr'><strong>secundum</strong></span> 
     </span>
    </p>
   </div>
   <div class='ocr_carea' id='block_1_95' title="bbox 2089 3110 3647 3184">
    <p class='ocr_par' dir='ltr' id='par_1_95' title="bbox 2089 3110 3647 3184">
     <span class='ocr_line' id='line_1_95' title="bbox 2089 3110 3647 3184; baseline 0.004 -21"><span class='ocrx_word' id='word_1_679' title='bbox 2089 3110 2289 3166; x_wconf 80' lang='lat' dir='ltr'><strong>Lucam</strong></span> <span class='ocrx_word' id='word_1_680' title='bbox 2333 3113 2518 3167; x_wconf 89' lang='lat' dir='ltr'><strong>dicens</strong></span> <span class='ocrx_word' id='word_1_681' title='bbox 2560 3113 2840 3180; x_wconf 89' lang='lat' dir='ltr'><strong>Dominus,</strong></span> <span class='ocrx_word' id='word_1_682' title='bbox 2887 3112 3226 3167; x_wconf 76' lang='lat' dir='ltr'><strong>Considerate</strong></span> <span class='ocrx_word' id='word_1_683' title='bbox 3281 3131 3480 3177; x_wconf 78' lang='lat' dir='ltr'><strong>corvos,</strong></span> <span class='ocrx_word' id='word_1_684' title='bbox 3533 3117 3647 3184; x_wconf 78' lang='lat' dir='ltr'><strong>plus</strong></span> 
     </span>
    </p>
   </div>
   <div class='ocr_carea' id='block_1_96' title="bbox 2083 3205 3647 3276">
    <p class='ocr_par' dir='ltr' id='par_1_96' title="bbox 2083 3205 3647 3276">
     <span class='ocr_line' id='line_1_96' title="bbox 2083 3205 3647 3276; baseline 0.001 -19"><span class='ocrx_word' id='word_1_685' title='bbox 2083 3206 2283 3275; x_wconf 90' lang='lat' dir='ltr'><strong>aliquid</strong></span> <span class='ocrx_word' id='word_1_686' title='bbox 2331 3206 2617 3274; x_wconf 74' lang='lat' dir='ltr'><strong>significat.</strong></span> <span class='ocrx_word' id='word_1_687' title='bbox 2662 3205 2795 3259; x_wconf 79' lang='lat' dir='ltr'><strong>Nam</strong></span> <span class='ocrx_word' id='word_1_688' title='bbox 2849 3222 2970 3276; x_wconf 69' lang='lat' dir='ltr'><strong>quae</strong></span> <span class='ocrx_word' id='word_1_689' title='bbox 3016 3207 3311 3261; x_wconf 87' lang='lat' dir='ltr'><strong>seminibus</strong></span> <span class='ocrx_word' id='word_1_690' title='bbox 3357 3217 3647 3274; x_wconf 77' lang='lat' dir='ltr'><strong>pascuntur</strong></span> 
     </span>
    </p>
   </div>
   <div class='ocr_carea' id='block_1_97' title="bbox 2084 3296 3644 3366">
    <p class='ocr_par' dir='ltr' id='par_1_97' title="bbox 2084 3296 3644 3366">
     <span class='ocr_line' id='line_1_97' title="bbox 2084 3296 3644 3366; baseline 0.002 -18"><span class='ocrx_word' id='word_1_691' title='bbox 2084 3296 2346 3360; x_wconf 87' lang='lat' dir='ltr'><strong>volucres,</strong></span> <span class='ocrx_word' id='word_1_692' title='bbox 2397 3296 2567 3366; x_wconf 89' lang='lat' dir='ltr'><strong>magis</strong></span> <span class='ocrx_word' id='word_1_693' title='bbox 2600 3296 2814 3351; x_wconf 90' lang='lat' dir='ltr'><strong>obviam</strong></span> <span class='ocrx_word' id='word_1_694' title='bbox 2840 3312 3023 3351; x_wconf 90' lang='lat' dir='ltr'><strong>escam</strong></span> <span class='ocrx_word' id='word_1_695' title='bbox 3070 3297 3298 3361; x_wconf 83' lang='lat' dir='ltr'><strong>habent;</strong></span> <span class='ocrx_word' id='word_1_696' title='bbox 3347 3299 3644 3352; x_wconf 81' lang='lat' dir='ltr'><strong>carnivorae</strong></span> 
     </span>
    </p>
   </div>
   <div class='ocr_carea' id='block_1_98' title="bbox 2083 3387 3644 3454">
    <p class='ocr_par' dir='ltr' id='par_1_98' title="bbox 2083 3387 3644 3454">
     <span class='ocr_line' id='line_1_98' title="bbox 2083 3387 3644 3454; baseline 0 -13"><span class='ocrx_word' id='word_1_697' title='bbox 2083 3396 2298 3452; x_wconf 90' lang='lat' dir='ltr'><strong>autem,</strong></span> <span class='ocrx_word' id='word_1_698' title='bbox 2343 3388 2641 3454; x_wconf 88' lang='lat' dir='ltr'><strong>cujusmodi</strong></span> <span class='ocrx_word' id='word_1_699' title='bbox 2697 3388 2843 3442; x_wconf 87' lang='lat' dir='ltr'><strong>corvi</strong></span> <span class='ocrx_word' id='word_1_700' title='bbox 2887 3397 3040 3452; x_wconf 86' lang='lat' dir='ltr'><strong>sunt,</strong></span> <span class='ocrx_word' id='word_1_701' title='bbox 3090 3387 3465 3442; x_wconf 77' lang='lat' dir='ltr'><strong>ditIiciliorem.</strong></span> <span class='ocrx_word' id='word_1_702' title='bbox 3539 3387 3644 3453; x_wconf 77' lang='lat' dir='ltr'><strong>Sed</strong></span> 
     </span>
    </p>
   </div>
   <div class='ocr_carea' id='block_1_99' title="bbox 2084 3478 3646 3551">
    <p class='ocr_par' dir='ltr' id='par_1_99' title="bbox 2084 3478 3646 3551">
     <span class='ocr_line' id='line_1_99' title="bbox 2084 3478 3646 3551; baseline 0 -19"><span class='ocrx_word' id='word_1_703' title='bbox 2084 3489 2260 3534; x_wconf 90' lang='lat' dir='ltr'><strong>tamen</strong></span> <span class='ocrx_word' id='word_1_704' title='bbox 2291 3493 2357 3532; x_wconf 91' lang='lat' dir='ltr'><strong>ne</strong></span> <span class='ocrx_word' id='word_1_705' title='bbox 2405 3481 2456 3531; x_wconf 90' lang='lat' dir='ltr'><strong>hi</strong></span> <span class='ocrx_word' id='word_1_706' title='bbox 2489 3478 2702 3547; x_wconf 88' lang='lat' dir='ltr'><strong>quidem</strong></span> <span class='ocrx_word' id='word_1_707' title='bbox 2755 3479 3009 3534; x_wconf 86' lang='lat' dir='ltr'><strong>alimento</strong></span> <span class='ocrx_word' id='word_1_708' title='bbox 3055 3491 3263 3543; x_wconf 88' lang='lat' dir='ltr'><strong>carent,</strong></span> <span class='ocrx_word' id='word_1_709' title='bbox 3318 3491 3534 3551; x_wconf 85' lang='lat' dir='ltr'><strong>propter</strong></span> <span class='ocrx_word' id='word_1_710' title='bbox 3579 3485 3646 3538; x_wconf 82' lang='lat' dir='ltr'><strong>ad</strong></span> 
     </span>
    </p>
   </div>
   <div class='ocr_carea' id='block_1_100' title="bbox 2082 3565 3649 3639">
    <p class='ocr_par' dir='ltr' id='par_1_100' title="bbox 2082 3565 3649 3639">
     <span class='ocr_line' id='line_1_100' title="bbox 2082 3565 3649 3639; baseline 0.001 -17"><span class='ocrx_word' id='word_1_711' title='bbox 2082 3569 2264 3629; x_wconf 79' lang='lat' dir='ltr'><strong>omnia</strong></span> <span class='ocrx_word' id='word_1_712' title='bbox 2315 3568 2671 3636; x_wconf 88' lang='lat' dir='ltr'><strong>pertinentem</strong></span> <span class='ocrx_word' id='word_1_713' title='bbox 2720 3565 3136 3626; x_wconf 80' lang='lat' dir='ltr'><strong>Providentiam,</strong></span> <span class='ocrx_word' id='word_1_714' title='bbox 3202 3567 3384 3623; x_wconf 85' lang='lat' dir='ltr'><strong>Tertio</strong></span> <span class='ocrx_word' id='word_1_715' title='bbox 3433 3586 3649 3639; x_wconf 81' lang='lat' dir='ltr'><strong>quoque</strong></span> 
     </span>
    </p>
   </div>
   <div class='ocr_carea' id='block_1_101' title="bbox 2083 3656 3647 3728">
    <p class='ocr_par' dir='ltr' id='par_1_101' title="bbox 2083 3656 3647 3728">
     <span class='ocr_line' id='line_1_101' title="bbox 2083 3656 3647 3728; baseline 0.002 -18"><span class='ocrx_word' id='word_1_716' title='bbox 2083 3670 2404 3728; x_wconf 87' lang='lat' dir='ltr'><strong>argumento</strong></span> <span class='ocrx_word' id='word_1_717' title='bbox 2445 3659 2511 3710; x_wconf 90' lang='lat' dir='ltr'><strong>ad</strong></span> <span class='ocrx_word' id='word_1_718' title='bbox 2563 3659 2699 3712; x_wconf 88' lang='lat' dir='ltr'><strong>idem</strong></span> <span class='ocrx_word' id='word_1_719' title='bbox 2757 3673 2884 3712; x_wconf 91' lang='lat' dir='ltr'><strong>usus</strong></span> <span class='ocrx_word' id='word_1_720' title='bbox 2913 3667 2996 3712; x_wconf 89' lang='lat' dir='ltr'><strong>est</strong></span> <span class='ocrx_word' id='word_1_721' title='bbox 3027 3658 3255 3712; x_wconf 86' lang='lat' dir='ltr'><strong>dicens:</strong></span> <span class='ocrx_word' id='word_1_722' title='bbox 3293 3656 3423 3724; x_wconf 77' lang='lat' dir='ltr'><strong>Quis</strong></span> <span class='ocrx_word' id='word_1_723' title='bbox 3469 3670 3647 3714; x_wconf 76' lang='lat' dir='ltr'><strong>autem</strong></span> 
     </span>
    </p>
   </div>
   <div class='ocr_carea' id='block_1_102' title="bbox 2083 3749 3646 3822">
    <p class='ocr_par' dir='ltr' id='par_1_102' title="bbox 2083 3749 3646 3822">
     <span class='ocr_line' id='line_1_102' title="bbox 2083 3749 3646 3822; baseline 0.001 -20"><span class='ocrx_word' id='word_1_724' title='bbox 2083 3758 2307 3802; x_wconf 76' lang='lat' dir='ltr'><strong>uestrum</strong></span> <span class='ocrx_word' id='word_1_725' title='bbox 2336 3751 2616 3821; x_wconf 82' lang='lat' dir='ltr'><strong>cogitando</strong></span> <span class='ocrx_word' id='word_1_726' title='bbox 2642 3759 2808 3821; x_wconf 76' lang='lat' dir='ltr'><strong>potest</strong></span> <span class='ocrx_word' id='word_1_727' title='bbox 2837 3749 3065 3822; x_wconf 82' lang='lat' dir='ltr'><strong>adjicere</strong></span> <span class='ocrx_word' id='word_1_728' title='bbox 3093 3750 3162 3803; x_wconf 84' lang='lat' dir='ltr'><strong>ad</strong></span> <span class='ocrx_word' id='word_1_729' title='bbox 3202 3760 3463 3803; x_wconf 76' lang='lat' dir='ltr'><strong>staturam</strong></span> <span class='ocrx_word' id='word_1_730' title='bbox 3493 3767 3646 3804; x_wconf 71' lang='lat' dir='ltr'><strong>niam</strong></span> 
     </span>
    </p>
   </div>
   <div class='ocr_carea' id='block_1_103' title="bbox 2083 3841 3646 3914">
    <p class='ocr_par' dir='ltr' id='par_1_103' title="bbox 2083 3841 3646 3914">
     <span class='ocr_line' id='line_1_103' title="bbox 2083 3841 3646 3914; baseline 0 -21"><span class='ocrx_word' id='word_1_731' title='bbox 2083 3841 2311 3898; x_wconf 79' lang='lat' dir='ltr'><strong>cubitum</strong></span> <span class='ocrx_word' id='word_1_732' title='bbox 2345 3842 2547 3894; x_wconf 79' lang='lat' dir='ltr'><strong>unum?</strong></span> <span class='ocrx_word' id='word_1_733' title='bbox 2602 3842 2663 3896; x_wconf 88' lang='lat' dir='ltr'><strong>Si</strong></span> <span class='ocrx_word' id='word_1_734' title='bbox 2713 3859 2835 3910; x_wconf 83' lang='lat' dir='ltr'><strong>ergo</strong></span> <span class='ocrx_word' id='word_1_735' title='bbox 2886 3857 3047 3908; x_wconf 81' lang='lat' dir='ltr'><strong>neque</strong></span> <span class='ocrx_word' id='word_1_736' title='bbox 3083 3842 3222 3914; x_wconf 79' lang='lat' dir='ltr'><strong>quod</strong></span> <span class='ocrx_word' id='word_1_737' title='bbox 3270 3843 3540 3898; x_wconf 77' lang='lat' dir='ltr'><strong>minimum</strong></span> <span class='ocrx_word' id='word_1_738' title='bbox 3568 3854 3646 3895; x_wconf 79' lang='lat' dir='ltr'><strong>est</strong></span> 
     </span>
    </p>
   </div>
   <div class='ocr_carea' id='block_1_104' title="bbox 2082 3932 3644 4002">
    <p class='ocr_par' dir='ltr' id='par_1_104' title="bbox 2082 3932 3644 4002">
     <span class='ocr_line' id='line_1_104' title="bbox 2082 3932 3644 4002; baseline 0.001 -16"><span class='ocrx_word' id='word_1_739' title='bbox 2082 3934 2318 4000; x_wconf 80' lang='lat' dir='ltr'><strong>potestis,</strong></span> <span class='ocrx_word' id='word_1_740' title='bbox 2348 3948 2440 3985; x_wconf 88' lang='lat' dir='ltr'><strong>cur</strong></span> <span class='ocrx_word' id='word_1_741' title='bbox 2467 3933 2532 3986; x_wconf 87' lang='lat' dir='ltr'><strong>de</strong></span> <span class='ocrx_word' id='word_1_742' title='bbox 2556 3934 2756 3986; x_wconf 68' lang='lat' dir='ltr'><strong>caneris</strong></span> <span class='ocrx_word' id='word_1_743' title='bbox 2792 3933 3009 3986; x_wconf 78' lang='lat' dir='ltr'><strong>solliciti</strong></span> <span class='ocrx_word' id='word_1_744' title='bbox 3039 3935 3162 3986; x_wconf 77' lang='lat' dir='ltr'><strong>estis</strong></span> <span class='ocrx_word' id='word_1_745' title='bbox 3181 3934 3207 3986; x_wconf 70' lang='grc' dir='ltr'><em>Ρ</em></span> <span class='ocrx_word' id='word_1_746' title='bbox 3244 3932 3298 3986; x_wconf 88' lang='lat' dir='ltr'><strong>Si</strong></span> <span class='ocrx_word' id='word_1_747' title='bbox 3333 3949 3488 3987; x_wconf 88' lang='lat' dir='ltr'><strong>nemo</strong></span> <span class='ocrx_word' id='word_1_748' title='bbox 3520 3949 3644 4002; x_wconf 85' lang='lat' dir='ltr'><strong>pro-</strong></span> 
     </span>
    </p>
   </div>
   <div class='ocr_carea' id='block_1_105' title="bbox 2086 4023 3647 4095">
    <p class='ocr_par' dir='ltr' id='par_1_105' title="bbox 2086 4023 3647 4095">
     <span class='ocr_line' id='line_1_105' title="bbox 2086 4023 3647 4095; baseline 0.003 -21"><span class='ocrx_word' id='word_1_749' title='bbox 2086 4023 2202 4090; x_wconf 91' lang='lat' dir='ltr'><strong>prio</strong></span> <span class='ocrx_word' id='word_1_750' title='bbox 2251 4024 2430 4078; x_wconf 89' lang='lat' dir='ltr'><strong>studio</strong></span> <span class='ocrx_word' id='word_1_751' title='bbox 2463 4025 2888 4078; x_wconf 83' lang='lat' dir='ltr'><strong>additamentum</strong></span> <span class='ocrx_word' id='word_1_752' title='bbox 2933 4025 3148 4095; x_wconf 87' lang='lat' dir='ltr'><strong>corpori</strong></span> <span class='ocrx_word' id='word_1_753' title='bbox 3197 4039 3294 4078; x_wconf 92' lang='lat' dir='ltr'><strong>suo</strong></span> <span class='ocrx_word' id='word_1_754' title='bbox 3341 4027 3519 4078; x_wconf 82' lang='lat' dir='ltr'><strong>facere</strong></span> <span class='ocrx_word' id='word_1_755' title='bbox 3553 4042 3647 4094; x_wconf 81' lang='lat' dir='ltr'><strong>po-</strong></span> 
     </span>
    </p>
   </div>
   <div class='ocr_carea' id='block_1_106' title="bbox 2087 4115 3646 4192">
    <p class='ocr_par' dir='ltr' id='par_1_106' title="bbox 2087 4115 3646 4192">
     <span class='ocr_line' id='line_1_106' title="bbox 2087 4115 3646 4192; baseline -0.001 -23"><span class='ocrx_word' id='word_1_756' title='bbox 2087 4125 2220 4179; x_wconf 86' lang='lat' dir='ltr'><strong>test;</strong></span> <span class='ocrx_word' id='word_1_757' title='bbox 2250 4116 2293 4169; x_wconf 92' lang='lat' dir='ltr'><strong>si</strong></span> <span class='ocrx_word' id='word_1_758' title='bbox 2329 4130 2522 4192; x_wconf 89' lang='lat' dir='ltr'><strong>neque,</strong></span> <span class='ocrx_word' id='word_1_759' title='bbox 2563 4125 2765 4170; x_wconf 84' lang='lat' dir='ltr'><strong>statuto</strong></span> <span class='ocrx_word' id='word_1_760' title='bbox 2795 4115 3008 4170; x_wconf 84' lang='lat' dir='ltr'><strong>vivendi</strong></span> <span class='ocrx_word' id='word_1_761' title='bbox 3056 4117 3251 4190; x_wconf 82' lang='lat' dir='ltr'><strong>spatio,</strong></span> <span class='ocrx_word' id='word_1_762' title='bbox 3301 4119 3646 4184; x_wconf 82' lang='lat' dir='ltr'><strong>quantumvis</strong></span> 
     </span>
    </p>
   </div>
   <div class='ocr_carea' id='block_1_107' title="bbox 2084 4207 3650 4279">
    <p class='ocr_par' dir='ltr' id='par_1_107' title="bbox 2084 4207 3650 4279">
     <span class='ocr_line' id='line_1_107' title="bbox 2084 4207 3650 4279; baseline 0 -18"><span class='ocrx_word' id='word_1_763' title='bbox 2084 4207 2303 4279; x_wconf 76' lang='lat' dir='ltr'><strong>cogitet,</strong></span> <span class='ocrx_word' id='word_1_764' title='bbox 2343 4215 2519 4276; x_wconf 88' lang='lat' dir='ltr'><strong>potest</strong></span> <span class='ocrx_word' id='word_1_765' title='bbox 2559 4209 2842 4278; x_wconf 88' lang='lat' dir='ltr'><strong>quisquam</strong></span> <span class='ocrx_word' id='word_1_766' title='bbox 2891 4209 3014 4266; x_wconf 77' lang='lat' dir='ltr'><strong>vitae</strong></span> <span class='ocrx_word' id='word_1_767' title='bbox 3055 4208 3148 4262; x_wconf 80' lang='lat' dir='ltr'><strong>lini</strong></span> <span class='ocrx_word' id='word_1_768' title='bbox 3199 4208 3506 4277; x_wconf 80' lang='lat' dir='ltr'><strong>proximus,</strong></span> <span class='ocrx_word' id='word_1_769' title='bbox 3567 4210 3650 4271; x_wconf 82' lang='lat' dir='ltr'><strong>vel</strong></span> 
     </span>
    </p>
   </div>
   <div class='ocr_carea' id='block_1_108' title="bbox 2085 4297 3650 4356">
    <p class='ocr_par' dir='ltr' id='par_1_108' title="bbox 2085 4297 3650 4356">
     <span class='ocr_line' id='line_1_108' title="bbox 2085 4297 3650 4356; baseline 0.001 -4"><span class='ocrx_word' id='word_1_770' title='bbox 2085 4298 2243 4352; x_wconf 89' lang='lat' dir='ltr'><strong>unius</strong></span> <span class='ocrx_word' id='word_1_771' title='bbox 2276 4298 2380 4356; x_wconf 90' lang='lat' dir='ltr'><strong>diei</strong></span> <span class='ocrx_word' id='word_1_772' title='bbox 2433 4297 2774 4352; x_wconf 86' lang='lat' dir='ltr'><strong>intervallum</strong></span> <span class='ocrx_word' id='word_1_773' title='bbox 2823 4309 2916 4354; x_wconf 88' lang='lat' dir='ltr'><strong>aut</strong></span> <span class='ocrx_word' id='word_1_774' title='bbox 2949 4297 3324 4353; x_wconf 88' lang='lat' dir='ltr'><strong>brevissimum</strong></span> <span class='ocrx_word' id='word_1_775' title='bbox 3360 4298 3503 4353; x_wconf 77' lang='lat' dir='ltr'><strong>liora:</strong></span> <span class='ocrx_word' id='word_1_776' title='bbox 3535 4315 3650 4353; x_wconf 90' lang='lat' dir='ltr'><strong>mo-</strong></span> 
     </span>
    </p>
   </div>
   <div class='ocr_carea' id='block_1_109' title="bbox 2087 4385 3645 4457">
    <p class='ocr_par' dir='ltr' id='par_1_109' title="bbox 2087 4385 3645 4457">
     <span class='ocr_line' id='line_1_109' title="bbox 2087 4385 3645 4457; baseline -0.003 -15"><span class='ocrx_word' id='word_1_777' title='bbox 2087 4397 2322 4442; x_wconf 86' lang='lat' dir='ltr'><strong>mentum</strong></span> <span class='ocrx_word' id='word_1_778' title='bbox 2353 4386 2454 4440; x_wconf 88' lang='lat' dir='ltr'><strong>sibi</strong></span> <span class='ocrx_word' id='word_1_779' title='bbox 2477 4401 2812 4457; x_wconf 86' lang='lat' dir='ltr'><strong>comparare,</strong></span> <span class='ocrx_word' id='word_1_780' title='bbox 2843 4402 2938 4441; x_wconf 88' lang='lat' dir='ltr'><strong>cur</strong></span> <span class='ocrx_word' id='word_1_781' title='bbox 2966 4386 3165 4440; x_wconf 80' lang='lat' dir='ltr'><strong>frustra</strong></span> <span class='ocrx_word' id='word_1_782' title='bbox 3191 4385 3645 4449; x_wconf 77' lang='lat' dir='ltr'><strong>sollicitudinibus</strong></span> 
     </span>
    </p>
   </div>
   <div class='ocr_carea' id='block_1_110' title="bbox 2085 4477 3650 4554">
    <p class='ocr_par' dir='ltr' id='par_1_110' title="bbox 2085 4477 3650 4554">
     <span class='ocr_line' id='line_1_110' title="bbox 2085 4477 3650 4554; baseline -0.001 -22"><span class='ocrx_word' id='word_1_783' title='bbox 2085 4478 2350 4544; x_wconf 86' lang='lat' dir='ltr'><strong>angimur,</strong></span> <span class='ocrx_word' id='word_1_784' title='bbox 2383 4494 2504 4532; x_wconf 91' lang='lat' dir='ltr'><strong>cum</strong></span> <span class='ocrx_word' id='word_1_785' title='bbox 2532 4493 2665 4554; x_wconf 87' lang='lat' dir='ltr'><strong>opus</strong></span> <span class='ocrx_word' id='word_1_786' title='bbox 2681 4477 2753 4532; x_wconf 89' lang='lat' dir='ltr'><strong>sit</strong></span> <span class='ocrx_word' id='word_1_787' title='bbox 2783 4477 2875 4532; x_wconf 92' lang='lat' dir='ltr'><strong>Dei</strong></span> <span class='ocrx_word' id='word_1_788' title='bbox 2913 4478 3237 4532; x_wconf 77' lang='lat' dir='ltr'><strong>voluntatem</strong></span> <span class='ocrx_word' id='word_1_789' title='bbox 3273 4487 3650 4546; x_wconf 79' lang='lat' dir='ltr'><strong>ex5pectantes</strong></span> 
     </span>
    </p>
   </div>
   <div class='ocr_carea' id='block_1_111' title="bbox 2087 4569 3650 4638">
    <p class='ocr_par' dir='ltr' id='par_1_111' title="bbox 2087 4569 3650 4638">
     <span class='ocr_line' id='line_1_111' title="bbox 2087 4569 3650 4638; baseline -0.001 -14"><span class='ocrx_word' id='word_1_790' title='bbox 2087 4570 2374 4638; x_wconf 83' lang='lat' dir='ltr'><strong>perstare?</strong></span> <span class='ocrx_word' id='word_1_791' title='bbox 2425 4569 2558 4623; x_wconf 83' lang='lat' dir='ltr'><strong>Nam</strong></span> <span class='ocrx_word' id='word_1_792' title='bbox 2608 4570 2654 4624; x_wconf 92' lang='lat' dir='ltr'><strong>si</strong></span> <span class='ocrx_word' id='word_1_793' title='bbox 2706 4570 2750 4623; x_wconf 91' lang='lat' dir='ltr'><strong>is</strong></span> <span class='ocrx_word' id='word_1_794' title='bbox 2785 4569 3014 4624; x_wconf 91' lang='lat' dir='ltr'><strong>voluerit</strong></span> <span class='ocrx_word' id='word_1_795' title='bbox 3061 4585 3158 4623; x_wconf 83' lang='lat' dir='ltr'><strong>nos</strong></span> <span class='ocrx_word' id='word_1_796' title='bbox 3205 4584 3422 4638; x_wconf 86' lang='lat' dir='ltr'><strong>augere,</strong></span> <span class='ocrx_word' id='word_1_797' title='bbox 3467 4571 3650 4638; x_wconf 85' lang='lat' dir='ltr'><strong>utique</strong></span> 
     </span>
    </p>
   </div>
   <div class='ocr_carea' id='block_1_112' title="bbox 2089 4660 3648 4741">
    <p class='ocr_par' dir='ltr' id='par_1_112' title="bbox 2089 4660 3648 4741">
     <span class='ocr_line' id='line_1_112' title="bbox 2089 4660 3648 4741; baseline 0.001 -29"><span class='ocrx_word' id='word_1_798' title='bbox 2089 4663 2401 4731; x_wconf 82' lang='lat' dir='ltr'><strong>augebimur</strong></span> <span class='ocrx_word' id='word_1_799' title='bbox 2430 4660 2563 4717; x_wconf 88' lang='lat' dir='ltr'><strong>nihil</strong></span> <span class='ocrx_word' id='word_1_800' title='bbox 2603 4662 2903 4732; x_wconf 84' lang='lat' dir='ltr'><strong>cogitantes</strong></span> <span class='ocrx_word' id='word_1_801' title='bbox 2936 4677 2950 4714; x_wconf 88' lang='lat'><strong>:</strong></span> <span class='ocrx_word' id='word_1_802' title='bbox 2979 4672 3034 4717; x_wconf 90' lang='lat' dir='ltr'><strong>et</strong></span> <span class='ocrx_word' id='word_1_803' title='bbox 3071 4662 3114 4715; x_wconf 90' lang='lat' dir='ltr'><strong>si</strong></span> <span class='ocrx_word' id='word_1_804' title='bbox 3149 4660 3377 4741; x_wconf 76' lang='lat' dir='ltr'><strong>voluerit</strong></span> <span class='ocrx_word' id='word_1_805' title='bbox 3419 4676 3514 4715; x_wconf 90' lang='lat' dir='ltr'><strong>nos</strong></span> <span class='ocrx_word' id='word_1_806' title='bbox 3558 4664 3648 4720; x_wconf 87' lang='lat' dir='ltr'><strong>diu</strong></span> 
     </span>
    </p>
   </div>
   <div class='ocr_carea' id='block_1_113' title="bbox 2087 4752 3645 4824">
    <p class='ocr_par' dir='ltr' id='par_1_113' title="bbox 2087 4752 3645 4824">
     <span class='ocr_line' id='line_1_113' title="bbox 2087 4752 3645 4824; baseline -0.001 -17"><span class='ocrx_word' id='word_1_807' title='bbox 2087 4755 2293 4818; x_wconf 86' lang='lat' dir='ltr'><strong>vivere,</strong></span> <span class='ocrx_word' id='word_1_808' title='bbox 2316 4770 2447 4810; x_wconf 85' lang='lat' dir='ltr'><strong>sane</strong></span> <span class='ocrx_word' id='word_1_809' title='bbox 2472 4755 2752 4824; x_wconf 85' lang='lat' dir='ltr'><strong>permultis</strong></span> <span class='ocrx_word' id='word_1_810' title='bbox 2777 4755 2932 4811; x_wconf 89' lang='lat' dir='ltr'><strong>annis</strong></span> <span class='ocrx_word' id='word_1_811' title='bbox 2963 4755 3080 4808; x_wconf 90' lang='lat' dir='ltr'><strong>sine</strong></span> <span class='ocrx_word' id='word_1_812' title='bbox 3103 4754 3208 4808; x_wconf 89' lang='lat' dir='ltr'><strong>ulla</strong></span> <span class='ocrx_word' id='word_1_813' title='bbox 3232 4769 3359 4808; x_wconf 89' lang='lat' dir='ltr'><strong>cura</strong></span> <span class='ocrx_word' id='word_1_814' title='bbox 3385 4752 3645 4807; x_wconf 78' lang='lat' dir='ltr'><strong>fruemur.</strong></span> 
     </span>
    </p>
   </div>
   <div class='ocr_carea' id='block_1_114' title="bbox 2089 4837 3648 4920">
    <p class='ocr_par' dir='ltr' id='par_1_114' title="bbox 2089 4837 3648 4920">
     <span class='ocr_line' id='line_1_114' title="bbox 2089 4837 3648 4920; baseline -0.001 -21"><span class='ocrx_word' id='word_1_815' title='bbox 2089 4844 2315 4900; x_wconf 71' lang='lat' dir='ltr'><strong>Nolente</strong></span> <span class='ocrx_word' id='word_1_816' title='bbox 2338 4855 2516 4900; x_wconf 85' lang='lat' dir='ltr'><strong>autem</strong></span> <span class='ocrx_word' id='word_1_817' title='bbox 2547 4860 2613 4900; x_wconf 88' lang='lat' dir='ltr'><strong>eo</strong></span> <span class='ocrx_word' id='word_1_818' title='bbox 2634 4845 2686 4899; x_wconf 92' lang='lat' dir='ltr'><strong>in</strong></span> <span class='ocrx_word' id='word_1_819' title='bbox 2717 4847 2827 4898; x_wconf 88' lang='lat' dir='ltr'><strong>vita</strong></span> <span class='ocrx_word' id='word_1_820' title='bbox 2860 4837 3092 4914; x_wconf 87' lang='lat' dir='ltr'><strong>aliquem</strong></span> <span class='ocrx_word' id='word_1_821' title='bbox 3117 4859 3482 4920; x_wconf 80' lang='lat' dir='ltr'><strong>perseverare,</strong></span> <span class='ocrx_word' id='word_1_822' title='bbox 3513 4859 3648 4905; x_wconf 79' lang='lat' dir='ltr'><strong>vana</strong></span> 
     </span>
    </p>
   </div>
   <div class='ocr_carea' id='block_1_115' title="bbox 2091 4937 2892 5009">
    <p class='ocr_par' dir='ltr' id='par_1_115' title="bbox 2091 4937 2892 5009">
     <span class='ocr_line' id='line_1_115' title="bbox 2091 4937 2892 5009; baseline -0.002 -19"><span class='ocrx_word' id='word_1_823' title='bbox 2091 4938 2342 5009; x_wconf 67' lang='lat' dir='ltr'><strong>quaelibet</strong></span> <span class='ocrx_word' id='word_1_824' title='bbox 2369 4937 2603 4995; x_wconf 85' lang='lat' dir='ltr'><strong>hominis</strong></span> <span class='ocrx_word' id='word_1_825' title='bbox 2635 4951 2764 4991; x_wconf 90' lang='lat' dir='ltr'><strong>cura</strong></span> <span class='ocrx_word' id='word_1_826' title='bbox 2791 4947 2892 4993; x_wconf 85' lang='lat' dir='ltr'><strong>est.</strong></span> 
     </span>
    </p>
   </div>
   <div class='ocr_carea' id='block_1_116' title="bbox 2089 5223 3648 5295">
    <p class='ocr_par' dir='ltr' id='par_1_116' title="bbox 2089 5223 3648 5295">
     <span class='ocr_line' id='line_1_116' title="bbox 2089 5223 3648 5295; baseline 0.004 -20"><span class='ocrx_word' id='word_1_827' title='bbox 2089 5225 2222 5295; x_wconf 84' lang='lat' dir='ltr'><strong>riam</strong></span> <span class='ocrx_word' id='word_1_828' title='bbox 2257 5231 2418 5295; x_wconf 85' lang='lat' dir='ltr'><strong>totam</strong></span> <span class='ocrx_word' id='word_1_829' title='bbox 2461 5238 2579 5278; x_wconf 86' lang='lat' dir='ltr'><strong>esse</strong></span> <span class='ocrx_word' id='word_1_830' title='bbox 2607 5223 2817 5286; x_wconf 79' lang='lat' dir='ltr'><strong>Eusebii</strong></span> <span class='ocrx_word' id='word_1_831' title='bbox 2843 5268 2857 5288; x_wconf 83' lang='lat'><strong>,</strong></span> <span class='ocrx_word' id='word_1_832' title='bbox 2895 5225 3291 5295; x_wconf 12' lang='lat' dir='ltr'><strong>cujusinomen</strong></span> <span class='ocrx_word' id='word_1_833' title='bbox 3331 5235 3648 5284; x_wconf 81' lang='lat' dir='ltr'><strong>constanter</strong></span> 
     </span>
    </p>
   </div>
   <div class='ocr_carea' id='block_1_117' title="bbox 2086 5293 3647 5362">
    <p class='ocr_par' dir='ltr' id='par_1_117' title="bbox 2086 5293 3647 5362">
     <span class='ocr_line' id='line_1_117' title="bbox 2086 5293 3647 5362; baseline 0.002 -15"><span class='ocrx_word' id='word_1_834' title='bbox 2086 5294 2139 5347; x_wconf 92' lang='lat' dir='ltr'><strong>in</strong></span> <span class='ocrx_word' id='word_1_835' title='bbox 2164 5293 2345 5347; x_wconf 87' lang='lat' dir='ltr'><strong>citatis</strong></span> <span class='ocrx_word' id='word_1_836' title='bbox 2365 5294 2617 5346; x_wconf 91' lang='lat' dir='ltr'><strong>omnibus</strong></span> <span class='ocrx_word' id='word_1_837' title='bbox 2641 5295 2882 5362; x_wconf 85' lang='lat' dir='ltr'><strong>codicum</strong></span> <span class='ocrx_word' id='word_1_838' title='bbox 2911 5293 3041 5346; x_wconf 70' lang='lat' dir='ltr'><strong>locis</strong></span> <span class='ocrx_word' id='word_1_839' title='bbox 3066 5294 3258 5360; x_wconf 76' lang='lat' dir='ltr'><strong>legitur</strong></span> <span class='ocrx_word' id='word_1_840' title='bbox 3285 5312 3298 5348; x_wconf 93' lang='lat'><strong>:</strong></span> <span class='ocrx_word' id='word_1_841' title='bbox 3327 5302 3647 5362; x_wconf 78' lang='lat' dir='ltr'><strong>scentulum,</strong></span> 
     </span>
    </p>
   </div>
   <div class='ocr_carea' id='block_1_118' title="bbox 2085 5361 3646 5426">
    <p class='ocr_par' dir='ltr' id='par_1_118' title="bbox 2085 5361 3646 5426">
     <span class='ocr_line' id='line_1_118' title="bbox 2085 5361 3646 5426; baseline 0.004 -11"><span class='ocrx_word' id='word_1_842' title='bbox 2085 5364 2335 5416; x_wconf 85' lang='lat' dir='ltr'><strong>debuisse</strong></span> <span class='ocrx_word' id='word_1_843' title='bbox 2381 5378 2498 5424; x_wconf 87' lang='lat' dir='ltr'><strong>nos,</strong></span> <span class='ocrx_word' id='word_1_844' title='bbox 2533 5372 2590 5414; x_wconf 91' lang='lat' dir='ltr'><strong>ut</strong></span> <span class='ocrx_word' id='word_1_845' title='bbox 2633 5361 2883 5426; x_wconf 79' lang='lat' dir='ltr'><strong>iecimus,</strong></span> <span class='ocrx_word' id='word_1_846' title='bbox 2933 5366 3381 5418; x_wconf 83' lang='lat' dir='ltr'><strong>commentarium</strong></span> <span class='ocrx_word' id='word_1_847' title='bbox 3415 5366 3559 5421; x_wconf 89' lang='lat' dir='ltr'><strong>hunc</strong></span> <span class='ocrx_word' id='word_1_848' title='bbox 3592 5367 3646 5423; x_wconf 88' lang='lat' dir='ltr'><strong>in</strong></span> 
     </span>
    </p>
   </div>
   <div class='ocr_carea' id='block_1_119' title="bbox 2085 5431 3648 5503">
    <p class='ocr_par' dir='ltr' id='par_1_119' title="bbox 2085 5431 3648 5503">
     <span class='ocr_line' id='line_1_119' title="bbox 2085 5431 3648 5503; baseline 0.004 -18"><span class='ocrx_word' id='word_1_849' title='bbox 2085 5431 2644 5503; x_wconf 85' lang='lat' dir='ltr'><strong>Lucaminscribere,</strong></span> <span class='ocrx_word' id='word_1_850' title='bbox 2691 5434 2816 5501; x_wconf 87' lang='lat' dir='ltr'><strong>quia</strong></span> <span class='ocrx_word' id='word_1_851' title='bbox 2865 5444 3056 5487; x_wconf 81' lang='lat' dir='ltr'><strong>cuncta</strong></span> <span class='ocrx_word' id='word_1_852' title='bbox 3113 5434 3226 5487; x_wconf 71' lang='lat' dir='ltr'><strong>haec</strong></span> <span class='ocrx_word' id='word_1_853' title='bbox 3255 5437 3584 5503; x_wconf 74' lang='lat' dir='ltr'><strong>deprehensa</strong></span> <span class='ocrx_word' id='word_1_854' title='bbox 3617 5452 3648 5496; x_wconf 80' lang='lat' dir='ltr'><strong>a</strong></span> 
     </span>
    </p>
   </div>
   <div class='ocr_carea' id='block_1_120' title="bbox 2085 5502 3651 5570">
    <p class='ocr_par' dir='ltr' id='par_1_120' title="bbox 2085 5502 3651 5570">
     <span class='ocr_line' id='line_1_120' title="bbox 2085 5502 3651 5570; baseline 0.006 -18"><span class='ocrx_word' id='word_1_855' title='bbox 2085 5505 2240 5568; x_wconf 76' lang='lat' dir='ltr'><strong>nobis</strong></span> <span class='ocrx_word' id='word_1_856' title='bbox 2289 5502 2504 5563; x_wconf 81' lang='lat' dir='ltr'><strong>fuerunt</strong></span> <span class='ocrx_word' id='word_1_857' title='bbox 2529 5502 2580 5562; x_wconf 87' lang='lat' dir='ltr'><strong>in</strong></span> <span class='ocrx_word' id='word_1_858' title='bbox 2614 5514 2845 5570; x_wconf 78' lang='lat' dir='ltr'><strong>quatuor</strong></span> <span class='ocrx_word' id='word_1_859' title='bbox 2889 5503 3121 5557; x_wconf 88' lang='lat' dir='ltr'><strong>diversis</strong></span> <span class='ocrx_word' id='word_1_860' title='bbox 3155 5505 3218 5558; x_wconf 83' lang='lat' dir='ltr'><strong>ad</strong></span> <span class='ocrx_word' id='word_1_861' title='bbox 3255 5502 3452 5564; x_wconf 81' lang='lat' dir='ltr'><strong>Lucam</strong></span> <span class='ocrx_word' id='word_1_862' title='bbox 3499 5519 3651 5565; x_wconf 68' lang='lat' dir='ltr'><strong>cato:</strong></span> 
     </span>
    </p>
   </div>
   <div class='ocr_carea' id='block_1_121' title="bbox 2087 5572 3650 5646">
    <p class='ocr_par' dir='ltr' id='par_1_121' title="bbox 2087 5572 3650 5646">
     <span class='ocr_line' id='line_1_121' title="bbox 2087 5572 3650 5646; baseline 0.002 -20"><span class='ocrx_word' id='word_1_863' title='bbox 2087 5573 2337 5646; x_wconf 9' lang='lat' dir='ltr'><strong>n_is,g_non</strong></span> <span class='ocrx_word' id='word_1_864' title='bbox 2374 5587 2506 5646; x_wconf 67' lang='lat' dir='ltr'><strong>vero</strong></span> <span class='ocrx_word' id='word_1_865' title='bbox 2550 5573 2600 5626; x_wconf 91' lang='lat' dir='ltr'><strong>in</strong></span> <span class='ocrx_word' id='word_1_866' title='bbox 2629 5572 2857 5635; x_wconf 79' lang='lat' dir='ltr'><strong>aliorum</strong></span> <span class='ocrx_word' id='word_1_867' title='bbox 2895 5573 3343 5643; x_wconf 81' lang='lat' dir='ltr'><strong>evangelistarum</strong></span> <span class='ocrx_word' id='word_1_868' title='bbox 3393 5581 3650 5646; x_wconf 62' lang='lat' dir='ltr'><strong>explana:</strong></span> 
     </span>
    </p>
   </div>
   <div class='ocr_carea' id='block_1_122' title="bbox 2094 5641 3649 5711">
    <p class='ocr_par' dir='ltr' id='par_1_122' title="bbox 2094 5641 3649 5711">
     <span class='ocr_line' id='line_1_122' title="bbox 2094 5641 3649 5711; baseline 0.001 -17"><span class='ocrx_word' id='word_1_869' title='bbox 2094 5643 2346 5696; x_wconf 84' lang='lat' dir='ltr'><strong>tionibus.</strong></span> <span class='ocrx_word' id='word_1_870' title='bbox 2394 5641 2504 5695; x_wconf 92' lang='lat' dir='ltr'><strong>lloc</strong></span> <span class='ocrx_word' id='word_1_871' title='bbox 2535 5656 2663 5711; x_wconf 81' lang='lat' dir='ltr'><strong>ergo</strong></span> <span class='ocrx_word' id='word_1_872' title='bbox 2703 5654 2935 5710; x_wconf 86' lang='lat' dir='ltr'><strong>quatuor</strong></span> <span class='ocrx_word' id='word_1_873' title='bbox 2976 5641 3224 5711; x_wconf 68' lang='lat' dir='ltr'><strong>codicum</strong></span> <span class='ocrx_word' id='word_1_874' title='bbox 3287 5641 3649 5709; x_wconf 80' lang='lat' dir='ltr'><strong>testimonium</strong></span> 
     </span>
    </p>
   </div>
   <div class='ocr_carea' id='block_1_123' title="bbox 2091 5708 3650 5796">
    <p class='ocr_par' dir='ltr' id='par_1_123' title="bbox 2091 5708 3650 5796">
     <span class='ocr_line' id='line_1_123' title="bbox 2091 5708 3650 5796; baseline 0.005 -35"><span class='ocrx_word' id='word_1_875' title='bbox 2091 5728 2187 5789; x_wconf 81' lang='lat' dir='ltr'><strong>pro</strong></span> <span class='ocrx_word' id='word_1_876' title='bbox 2243 5711 2468 5796; x_wconf 77' lang='lat' dir='ltr'><strong>Eusebii</strong></span> <span class='ocrx_word' id='word_1_877' title='bbox 2528 5708 2928 5770; x_wconf 73' lang='lat' dir='ltr'><strong>Commentario</strong></span> <span class='ocrx_word' id='word_1_878' title='bbox 2978 5715 3029 5773; x_wconf 87' lang='lat' dir='ltr'><strong>in</strong></span> <span class='ocrx_word' id='word_1_879' title='bbox 3081 5708 3278 5784; x_wconf 67' lang='lat' dir='ltr'><strong>Lucam</strong></span> <span class='ocrx_word' id='word_1_880' title='bbox 3341 5708 3650 5796; x_wconf 55' lang='lat' dir='ltr'><strong>peremptos</strong></span> 
     </span>
    </p>
   </div>
   <div class='ocr_carea' id='block_1_124' title="bbox 2090 5793 2490 5859">
    <p class='ocr_par' dir='ltr' id='par_1_124' title="bbox 2090 5793 2490 5859">
     <span class='ocr_line' id='line_1_124' title="bbox 2090 5793 2490 5859; baseline 0 -26"><span class='ocrx_word' id='word_1_881' title='bbox 2090 5798 2224 5836; x_wconf 83' lang='lat' dir='ltr'><strong>rtuttt</strong></span> <span class='ocrx_word' id='word_1_882' title='bbox 2255 5793 2490 5859; x_wconf 73' lang='lat' dir='ltr'><strong>apparet,</strong></span> 
     </span>
    </p>
   </div>
  </div>
