4108 6204
472 321 575 378 559
1178 312 1443 368 EUSEBII
1483 308 1967 366 ιῖειυδιῐιιεκςιε.
2007 311 2039 366 Ο

2145 355 2155 364 .
2203 310 2381 365 ΡΑῐῶ
2421 310 2576 365 lll.——
2618 309 3028 364 EXECETICA.
3591 307 3692 364 560

541 432 715 498 Atque
751 427 860 481 htec
909 427 972 481 de
1024 426 1294 481 alimentis
1345 428 1678 489 disserebat;
1727 415 2033 496 pariterque

2207 428 2316 480 Καὶ
2362 425 2534 479 ταῦτα
2573 427 2670 496 μὲν
2725 427 2851 494 περὶ
2884 423 3090 495 τροφῆς
3134 423 3464 476 διετάττετο·
3513 423 3694 476 ὼσαύο

469 525 536 580 de
595 520 924 574 indumentis
968 518 1221 572 monebat
1249 519 1436 573 dicens
1467 537 1479 571 :
1514 517 1851 571 Considerate
1889 519 2027 583 lilia,

469 611 726 682 quomodo
759 619 1015 673 crescunt,
1069 617 1122 662 et
1174 607 1398 676 reliqua.
1449 606 1654 662 Rursus
1687 607 1763 660 hit
1818 622 2029 676 quoque

469 699 891 771 argumentantth
939 696 1228 759 concludit,
1273 697 1505 750 suadens
1546 709 1603 752 ut
1651 698 2028 752 indumentum

469 813 680 868 quoque
730 810 760 848 a
798 795 902 848 Deo
935 792 1064 862 ipsis
1090 793 1277 846 datum
1326 793 1389 845 iri
1435 802 1773 862 exspectent.
1816 792 1950 848 Nam
1986 792 2031 848 si

467 890 586 958 quis
620 897 703 941 est
734 887 870 955 apud
905 886 1154 941 homines
1199 886 1450 954 pretiosa:
1483 886 1645 939 vestis
1677 895 1836 955 atque
1879 900 2035 939 orna-

469 981 634 1035 tnenti
694 977 994 1043 studiosus;
1048 987 1312 1046 spectate,
1366 978 1564 1045 inquit,
1602 978 1870 1046 quomodo
1905 977 2031 1031 uni-

469 1072 606 1126 versi
653 1082 844 1125 auctor
895 1070 1033 1124 Deus
1081 1084 1246 1137 usque
1289 1069 1354 1122 ad
1401 1079 1589 1123 enatos
1643 1069 1830 1123 tellure
1877 1069 2034 1123 ﬂores

470 1163 815 1233 multiplicem
853 1177 1004 1214 suam
1044 1161 1364 1230 sapientiam
1395 1161 1710 1223 extendens,
1762 1161 1905 1214 omni
1939 1177 2032 1217 ro-

473 1256 641 1308 lorum
693 1267 850 1322 atque
886 1264 1173 1308 ornatuum
1221 1270 1417 1323 genere
1443 1253 1561 1308 illos
1610 1254 1788 1317 vestit,
1832 1263 2030 1307 lenam

473 1345 885 1406 transfer-muns,
923 1347 1305 1415 pulveremque
1352 1346 1467 1414 ejus
1511 1346 1828 1410 inanimem,
1882 1359 2034 1399 eus-

472 1437 697 1505 demque
775 1436 1007 1504 Speciem
1094 1436 1416 1497 immutans,
1492 1434 1800 1488 melioribus
1863 1450 1898 1486 ιι
1921 1434 2034 1488 ulto

475 1528 720 1582 tincturis
755 1544 913 1595 quam
961 1527 1210 1580 videntur
1257 1542 1488 1596 purpura
1519 1536 1571 1578 et
1622 1542 1830 1586 aurum,
1860 1537 1912 1580 et
1949 1536 2017 1580 le-

474 1622 664 1675 nuibus
696 1622 919 1693 philyris
942 1621 1280 1688 ﬂoridisque,
1312 1635 1464 1673 suam
1499 1618 1889 1687 quodammodo
1921 1618 2031 1671 lor-

431 1744 434 1746 -
474 1713 773 1767 mositatem
845 1713 896 1764 in
962 1711 1040 1765 eis
1097 1711 1365 1766 collocans
1409 1728 1423 1764 ι
1476 1721 1532 1763 ut
1573 1710 1770 1764 nullius
1819 1708 2030 1764 delicati

477 1805 648 1873 regis,
710 1818 880 1872 neque
933 1804 1100 1872 ipsius
1147 1802 1484 1866 Salomonis,
1525 1801 1614 1870 qui
1658 1801 1796 1870 apud
1831 1809 2039 1856 veteres
2069 1795 2109 1849 B

474 1895 754 1963 sapientia,
794 1896 982 1964 opibus
1014 1895 1323 1962 deliciisque
1355 1893 1655 1948 celebratus
1688 1903 1793 1959 est,
1832 1903 2035 1945 tantum

474 1986 887 2057 pulchritudinis
939 1985 1228 2038 artiticium
1259 1993 1588 2052 cmnpertum
1634 1983 1822 2047 fuerit,
1852 1993 1911 2035 ut
1945 1982 2036 2035 uni

474 2094 539 2131 ex
583 2079 668 2132 his
709 2077 944 2147 pulchris
996 2076 1217 2129 ﬂoribus
1266 2092 1363 2144 par
1409 2077 1777 2128 indumentum
1839 2073 2039 2127 habere

478 2172 732 2239 potuerit.
764 2168 900 2236 Quid
926 2183 1052 2235 ergo
1081 2168 1296 2227 mirum,
1334 2167 1378 2220 si
1416 2167 1506 2234 qui
1541 2168 1652 2235 agri
1691 2168 1872 2220 fenum
1903 2166 2035 2218 nulli

479 2262 554 2314 rei
590 2260 741 2320 utile,
785 2261 924 2324 quod
980 2260 1101 2329 igne
1166 2267 1543 2326 consumptum
1594 2259 1750 2327 perit,
1797 2259 1883 2324 ita;
1912 2273 2039 2312 con-

480 2353 658 2418 vestit,
675 2353 1050 2421 vobis-(pioque
1069 2350 1340 2405 sensibilia
1368 2349 1675 2406 indumenta
1706 2351 1757 2405 in
1778 2363 2039 2427 przesente

475 2445 584 2497 vita
661 2442 994 2513 providentia
1056 2457 1153 2494 sua
1213 2441 1584 2509 comparabit?
1641 2470 1714 2482 —
1767 2442 1857 2495 Sic
1910 2457 2039 2511 ergo

475 2536 653 2589 omnia
692 2535 995 2604 negligere,
1044 2533 1212 2586 solum
1243 2547 1373 2586 vero
1425 2549 1644 2600 regnum
1681 2533 1816 2603 (Dei)
1853 2534 2040 2602 exqui-

479 2641 598 2682 rere
646 2627 1005 2696 przncipiehat.
1059 2624 1189 2678 Nam
1240 2640 1461 2694 regnum
1519 2641 1854 2694 nequaquam
1888 2642 2037 2696 qua:-

482 2719 740 2781 rentihus,
776 2733 872 2771 nec
897 2717 1110 2772 virtutis
1143 2732 1328 2770 curam
1362 2717 1692 2784 gerentibus,
1733 2717 1865 2770 nihil
1898 2732 2035 2784 pra:-

481 2809 743 2860 dictormn
799 2805 1246 2875 suppeditabitur.
1312 2803 1452 2859 Solis
1493 2814 1669 2859 autem
1720 2807 1834 2860 ham
1883 2805 2041 2860 facile

481 2898 729 2961 aderunt,
759 2901 847 2966 qui
881 2912 996 2964 qua:
1020 2907 1144 2949 sunt
1172 2895 1264 2948 Dei
1297 2907 1514 2956 curant,
1550 2905 1710 2962 atque
1748 2905 1806 2948 ut
1840 2895 1885 2948 ei
1922 2895 2038 2962 pla-

481 2999 636 3043 ceant
685 2998 968 3058 satagunt,
1035 2997 1089 3040 et
1135 2986 1414 3040 meliorum
1461 3001 1639 3040 rerum
1689 2987 1865 3039 Studin
1911 2988 2042 3040 dant

480 3097 715 3148 operam.
767 3079 897 3131 Nam
947 3079 1052 3132 Dco
1095 3088 1241 3149 grata
1277 3078 1612 3144 curantibus,
1663 3079 1897 3132 vicissim
1945 3094 2041 3131 cu-

483 3186 594 3224 ram
625 3170 892 3238 impendet
928 3170 1085 3223 Deus.

481 3263 527 3296 δ’
557 3259 652 3313 Ubi
699 3262 834 3313 enim
871 3261 1141 3316 thesaurus
1170 3273 1334 3316 vester
1364 3270 1463 3326 est,
1500 3261 1571 3314 ibi
1602 3271 1648 3314 et
1683 3277 1775 3316 cor
1816 3270 2043 3315 vestrum

1199 3338 1314 3386 erit.

461 3464 469 3473 .
551 3421 748 3476 Natura
778 3424 973 3493 quippe
1022 3436 1388 3492 comparatum
1433 3434 1516 3479 est
1538 3464 1552 3488 ,
1585 3433 1644 3477 ut
1677 3423 1852 3478 omnis
1884 3419 2043 3478 homo

484 3531 618 3579 rem,
665 3516 746 3568 cui
792 3516 1009 3578 studet,
1062 3517 1240 3569 animo
1288 3515 1699 3584 complectatur,
1753 3525 1916 3584 atque
1971 3516 2041 3570 ibi

483 3619 714 3660 mentem
751 3607 965 3675 deligat,
997 3607 1140 3661 unde
1174 3608 1455 3660 utilitatem
1487 3622 1546 3661 se
1572 3623 1767 3675 capere
1811 3608 2045 3661 arbitra-

485 3709 591 3752 tur.
628 3701 801 3763 Quare
827 3697 985 3753 .Icsus
1010 3700 1329 3753 sententiam
1371 3699 1542 3764 addit,
1590 3715 1657 3752 ne
1689 3699 1958 3752 struendis
1990 3699 2041 3752 in

485 3782 626 3844 terra
661 3791 852 3855 opibus
903 3791 1279 3844 inluereamus.
1332 3789 1432 3856 Qui
1477 3791 1642 3852 enim,
1694 3791 1787 3851 ait,
1843 3789 1894 3842 in
1944 3791 2043 3842 hac

484 3881 694 3933 mortali
729 3881 832 3931 vita
866 3878 1145 3934 facultates
1184 3880 1556 3948 bonorumque
1607 3879 1876 3933 cumulum
1913 3880 2042 3933 ade-

482 3981 600 4041 ptus
628 3978 731 4031 est,
760 3984 1020 4038 suan'ulue
1056 3984 1204 4038 spem
1239 3970 1289 4022 in
1321 3969 1599 4039 prmsentis
1646 3970 1767 4022 vita:
1817 3970 2044 4040 negotiis

482 4062 789 4125 collocavit,
845 4076 1066 4114 necesse
1093 4070 1176 4114 est
1205 4076 1326 4114 eum
1373 4072 1478 4114 tam
1530 4062 1785 4130 gravibus
1817 4061 2044 4116 vinculis

483 4153 853 4222 pra-peditum,
888 4160 1114 4204 Cunctas
1155 4165 1282 4204 suas
1313 4151 1666 4220 cogitationes
1697 4162 2044 4219 mentemque

483 4260 718 4307 munem,
746 4258 906 4312 quam
959 4239 1116 4295 Jesus
1163 4257 1259 4294 cor
1287 4240 1590 4310 appellavit,
1643 4242 1787 4295 humi
1826 4243 2045 4308 depres-

482 4351 595 4387 sam
625 4335 838 4396 habere,
892 4343 1052 4403 atque
1083 4333 1278 4386 ibidem
1328 4343 1638 4387 concretam
1685 4334 2034 4387 volutantem-

484 4442 608 4494 que,
659 4427 742 4478 ubi
794 4425 1104 4480 thesaurum
1139 4441 1295 4479 suum
1342 4427 1618 4494 possidere
1647 4442 1704 4481 se
1738 4437 1907 4496 putat.
1944 4427 2042 4492 Qui

484 4533 613 4570 vero
639 4517 952 4570 etrlestihus
982 4517 1240 4570 doctrinis
1271 4519 1506 4570 nutritus
1555 4534 1878 4587 Inagquere
1909 4531 2045 4572 sata-

483 4609 581 4675 git,
616 4617 673 4660 ut
707 4620 824 4661 vota
874 4623 968 4661 sua
1003 4623 1214 4662 sursum
1247 4607 1441 4676 erigat,
1495 4623 1748 4677 spemque
1797 4609 1847 4661 in
1887 4608 2047 4663 cccle-

484 4699 654 4753 stibus
684 4700 960 4767 promissis
995 4708 1188 4767 ponat;
1241 4699 1438 4768 quique
1471 4699 1666 4752 Omissa
1700 4700 2046 4752 cumulanda-

487 4807 602 4845 rum
644 4791 696 4842 in
728 4802 871 4843 terra
906 4806 1063 4859 opum
1092 4790 1469 4850 sollicitudine.
1511 4805 1773 4843 summam
1808 4802 2045 4844 sectatur

484 4888 878 4948 paupertatem,
912 4889 1126 4948 totoque
1174 4879 1353 4933 animo
1386 4880 1451 4930 ad
1505 4879 1726 4931 meliora
1757 4894 2041 4942 converso,

486 4989 636 5025 suam
663 4988 772 5026 rem
804 4987 1018 5026 omnem
1045 4973 1095 5025 in
1122 4971 1486 5025 cmlo'sistere
1516 4971 1714 5034 studet,
1739 4983 1898 5041 atque
1924 4971 2046 5026 illuc

486 5065 754 5118 fortunam
791 5064 1094 5117 universam
1128 5063 1480 5132 prauuittcre;
1514 5063 1706 5115 merito
1731 5064 1774 5116 is
1797 5063 2044 5131 equidem

485 5170 634 5223 spem
669 5157 939 5226 egregiam
989 5155 1114 5208 imle
1165 5153 1422 5218 lucratur,
1465 5154 1589 5220 quia
1624 5162 1852 5206 mentem
1893 5169 2045 5208 suam

486 5255 648 5315 atque
675 5247 894 5302 consilia
929 5245 1238 5301 coelestibus
1271 5245 1434 5298 rebus
1480 5241 1734 5312 implicat.
1772 5243 1869 5298 Ubi
1901 5245 2043 5298 enim

489 5337 795 5390 thesaurum
828 5339 1009 5404 habet,
1056 5338 1129 5393 ibi
1173 5351 1327 5391 mens
1372 5335 1488 5406 ejus
1539 5336 1834 5390 consistet:
1873 5338 1944 5390 ita
1990 5347 2048 5391 ut

487 5442 710 5495 corpore
752 5438 954 5482 tantmu
1003 5430 1207 5485 versari
1259 5429 1311 5482 in
1371 5429 1530 5482 terris
1581 5442 1699 5481 cum
1739 5427 2043 5481 hominibus

487 5519 753 5581 vldeatur,
783 5519 946 5572 animi
973 5532 1149 5575 autem
1181 5520 1230 5573 vi
1265 5521 1510 5575 ctelestes
1562 5520 1717 5575 sedes
1742 5520 1848 5591 iam
1879 5535 2041 5574 occu-

485 5626 639 5681 pare.
687 5609 825 5681 Ergo
870 5627 1304 5683 unumquemque
1360 5613 1626 5666 hominem
1677 5623 1886 5682 Oportet
1917 5626 2040 5684 spec

555 5730 600 5762 ⁸³
630 5727 756 5782 Car.
795 5744 887 5795 xu,
921 5731 1006 5782 55.

2130 537 2236 582 τως
2269 519 2324 572 δὲ
2375 519 2469 571 καὶ
2515 517 2642 586 περὶ
2680 516 2972 584 ἐνδύματος
3006 514 3235 585 παρῄνει
3274 514 3480 583 λέγων’
3512 519 3697 569 Κατα-

2129 611 2391 679 varicare
2434 610 2505 663 τὰ
2552 608 2724 676 κρίνα
2768 607 2893 672 πῶς
2944 605 3210 670 αὐξάνει,
3245 625 3298 661 κ.
3332 625 3382 662 τ.
3427 607 3476 658 λ.
3534 606 3700 660 Πάλιν

2133 700 2410 754 κάνταῦθα
2435 697 2574 769 μετὰ
2607 695 2965 767 συλλογισμοῦ
2993 696 3231 764 συνάγει,
3260 696 3460 749 πείθων
3484 697 3704 766 προσδο-

2133 796 2233 864 κᾷν
2283 793 2498 854 πάντως
2551 790 2752 860 ἔνδυμα
2808 787 2954 858 παρὰ
3007 788 3097 841 τοῦ
3144 788 3278 844 Θεοῦ
3322 790 3504 852 αὐτοῖς
3549 789 3703 860 δοθή-

2135 885 2352 938 σεσθαι·
2395 885 2440 936 εἰ
2480 883 2588 953 γάρ
2622 882 2704 944 τίς
2752 883 2868 933 ἐστι
2909 879 3184 950 φιλότιμος
3227 880 3354 952 παρ’
3398 879 3704 950 ἀνθρώποις

2133 977 2318 1048 ἐσθῆτι
2346 975 2625 1028 πολυτελεῖ
2649 975 2742 1026 καὶ
2769 972 3074 1044 φιλοκαλίᾳ,
3101 972 3383 1037 θεάσασθε,
3413 973 3565 1042 φησί,
3593 975 3704 1035 τοῖς

2133 1067 2447 1137 ὀφθαλμοῖς,
2477 1067 2551 1129 ὼς
2581 1068 2608 1118 ὁ
2636 1064 2728 1117 τοῦ
2769 1065 2968 1128 παντὸς
2991 1065 3217 1135 ποιητὴς
3240 1064 3389 1127 Θεὸς,
3425 1064 3581 1134 μέχρι
3611 1066 3704 1118 καὶ

2133 1159 2240 1212 τῶν
2277 1161 2378 1229 γῆς
2416 1159 2697 1228 φυομένων
2728 1158 2934 1210 ἀνθέων
2973 1157 3069 1227 τὴν
3118 1155 3494 1209 πολυποίκιλον
3538 1157 3703 1209 αὑτοῦ

2169 1252 2325 1319 οφίαν
2355 1250 2597 1312 ἐκτείνας
2619 1288 2633 1310 ,
2667 1249 2939 1311 παντοίοις
2973 1246 3225 1318 χρώμασί
3258 1263 3314 1299 τε
3356 1245 3450 1299 καὶ
3497 1246 3705 1315 κοσμή-

2138 1361 2270 1408 μασι
2313 1343 2688 1412 κατεκόσμησε
2725 1342 2913 1404 ταῦτα,
2962 1338 3446 1410 μετασχηματίσας
3479 1338 3575 1408 μὲν
3607 1339 3707 1408 τὴν

2147 1434 2256 1503 (ἦν,
2297 1433 2391 1484 καὶ
2426 1432 2524 1502 τὴν
2553 1432 2700 1483 κόνιν
2735 1425 2903 1501 αὐτὴν
2930 1430 3029 1499 τὴν
3061 1429 3266 1498 ἄψυχον
3286 1467 3301 1490 ,
3330 1429 3390 1480 τό
3417 1445 3476 1480 τε
3504 1428 3707 1498 ταύτης

2139 1523 2454 1596 μεταϐαλὼν
2505 1520 2674 1586 εἶδος,
2726 1522 3040 1593 ἁλουργίδος
3078 1538 3137 1572 τε
3183 1521 3274 1573 καὶ
3321 1519 3522 1591 χρυσοῦ
3572 1520 3703 1572 πολύ

2135 1617 2404 1688 κρείττοσι
2447 1615 2749 1686 βάμμασιν,
2787 1618 2844 1668 ὲν
2875 1614 3033 1684 ὑμέσι
3079 1615 3292 1677 λεπτοῖς
3330 1613 3422 1666 καὶ
3455 1612 3704 1666 εύανθέσι

2137 1709 2224 1761 τδν
2256 1709 2312 1774 ἐξ
2339 1707 2502 1762 αὑτοῦ
2533 1708 2731 1779 κόσμον
2756 1709 2812 1760 ἐν
2838 1709 2972 1778 αὐτῇ
3016 1706 3412 1778 καταθέμενος⁹
3442 1707 3518 1770 ὼς
3553 1706 3711 1778 μηδε-

2140 1803 2227 1866 νὸς
2267 1802 2538 1874 τρυφηλοῦ
2576 1803 2855 1873 βασιλέως,
2895 1803 3015 1874 μηδ’
3055 1802 3217 1856 αὑτοῦ
3273 1801 3585 1872 Σολομῶνος
3615 1800 3708 1854 τοῦ

2139 1893 2290 1966 παρὰ
2311 1898 2421 1953 τοῖς
2447 1893 2698 1957 παλαιοῖς
2738 1895 2828 1945 ἐπὶ
2861 1893 3021 1963 σοφία
3050 1894 3144 1945 καὶ
3171 1892 3384 1964 πλούτῳ
3416 1894 3508 1947 καὶ
3532 1897 3708 1964 τρυφῇ

2141 1986 2420 2057 βοηοέντος
2447 1986 2713 2055 τοσαύτην
2743 1984 3030 2055 εὑρεθῆναι
3068 1985 3354 2053 φιλόκαλον
3385 1986 3606 2056 τέχνην,
3636 1984 3713 2046 ὡς

2139 2079 2220 2130 ἐνὶ
2268 2077 2373 2129 et?"
2409 2077 2517 2130 ἀπὸ
2562 2077 2665 2147 γῆς
2707 2077 2922 2146 ὡραίων
2961 2076 3166 2129 ἀνθέων
3200 2077 3512 2146 ὁμοιότατον
3553 2077 3710 2147 περί-

2139 2169 2319 2238 ϐλημα
2355 2168 2678 2237 κτήσασθαι.
2725 2169 2792 2220 Τί
2835 2163 2927 2220 οῦν
2967 2167 3071 2238 χρὴ
3103 2167 3420 2238 θαυμάζειν,
3466 2169 3513 2220 εἰ
3554 2169 3581 2220 ὁ
3621 2168 3714 2222 τὸν

2139 2261 2326 2331 χόρτον
2356 2261 2445 2313 ’οὖ
2473 2261 2642 2331 ἀγροῦ
2677 2262 2765 2314 τὸν
2791 2263 2870 2324 εἰς
2903 2261 3052 2314 οὐδὲν
3078 2263 3363 2333 χρήσιμον,
3395 2256 3453 2314 οῦ
3481 2261 3631 2324 τέλος
3673 2264 3708 2332 ἡ

2138 2349 2224 2402 διὰ
2260 2348 2427 2421 πυρὸς
2464 2349 2658 2418 φθορὰ,
2693 2350 2877 2403 τοῦτον
2915 2351 3188 2420 ἀμφιέσας
3229 2353 3318 2405 τὸν
3348 2352 3564 2424 τρόπον,
3613 2353 3710 2407 καὶ

2141 2438 2268 2507 ύμῖν
2305 2439 2484 2501 αὐτοῖς
2522 2439 2833 2509 ἐνδυμάτων
2880 2440 3150 2510 αἰσθητῶν
3190 2441 3282 2494 ἐπὶ
3320 2441 3410 2494 τοῦ
3447 2443 3710 2512 παρόντος

2142 2531 2255 2601 βῖου
2298 2534 2622 2604 προνοήσει;
2666 2567 2732 2574 —
2776 2533 2961 2597 Οὕτως
2993 2531 3083 2587 οὖν
3125 2536 3376 2588 ἁπάντων
3407 2536 3710 2606 ὀλιγωρεῖν,

2143 2624 2308 2694 μόνης
2347 2625 2402 2677 δὲ
2438 2628 2536 2696 τῆς
2583 2625 2854 2695 βασιλείας
2893 2627 3298 2697 μετατοιεῖσθαι
3339 2628 3668 2698 προσέταττε
3693 2643 3707 2656 ·

2144 2716 2216 2786 μὴ
2249 2715 2356 2786 γὰρ
2385 2716 2604 2787 ζητοῦσι
2628 2719 2726 2785 τὴν
2757 2719 3002 2788 βασιλεία
3070 2721 3190 2791 μηδ’
3229 2721 3429 2791 ἀρετῆς
3459 2721 3715 2791 πρόνοιαν

2142 2807 2483 2876 ποιουμένοις
2526 2808 2677 2861 οὐδὲν
2715 2811 2822 2864 τῶν
2853 2812 3268 2882 ὲπηγ-ελμένων
3313 2812 3463 2865 ἔσται
3489 2829 3501 2841 ο
3537 2813 3715 2882 μόνοις

2139 2897 2196 2950 δὲ
2234 2898 2384 2951 ταῦτ’
2432 2899 2491 2962 ἐξ
2536 2901 2753 2971 ἑτοίμου
2795 2904 3126 2974 παρέσεσθαι
3155 2908 3265 2968 τοῖς
3307 2906 3608 2975 μεριμνῶσι
3648 2906 3716 2958 τὰ

2140 2988 2233 3043 τοῦ
2269 2989 2422 3054 Θεοῦ,
2447 2991 2594 3055 ὅπως
2633 2992 2697 3045 ἂν
2723 2995 2974 3064 ἁρέσαιεν
3000 2996 3171 3066 αύτῷ,
3202 2997 3296 3049 καὶ
3321 3001 3433 3060 τοῖς
3471 2999 3596 3068 περὶ
3620 2997 3717 3066 τὴν

2145 3080 2368 3150 ζήτησιν
2411 3084 2519 3136 τῶν
2567 3087 2888 3155 κρειττόνων
2933 3088 3352 3159 ἡσχολημένοις-
3409 3093 3714 3162 μεριμνῶσι

2144 3169 2252 3240 γὰρ
2277 3171 2346 3224 τὰ
2375 3170 2454 3241 τῷ
2486 3171 2604 3243 Θεῷ
2630 3174 2778 3242 φίλα,
2811 3177 3291 3248 άντιμεριμνὴσειν
3324 3180 3414 3232 τὸν
3455 3181 3606 3232 Θεόν.

2147 3259 2338 3312 ’Ὅπου
2375 3260 2486 3330 γὰρ
2513 3264 2545 3314 ὁ
2589 3266 2892 3336 θησαινρρς
2929 3265 3116 3333 ὑμῶν,
3151 3267 3274 3320 ἐκεῖ
3303 3269 3400 3321 καὶ
3442 3271 3479 3336 ἡ
3505 3269 3717 3328 καρδία

2738 3333 2903 3402 ὑμῶν
2924 3335 3115 3392 ἔσται.

2213 3421 2461 3486 Φυσικῶς
2492 3423 2598 3494 γάρ
2626 3426 2734 3488 πᾶς
2765 3427 3048 3497 ἄνθρωπος
3083 3430 3208 3498 περὶ
3232 3429 3259 3482 ὃ
3282 3430 3564 3495 σπουδάζει
3604 3432 3718 3485 διά-

2145 3529 2353 3578 κειται,
2395 3514 2557 3567 κάκεῖ
2588 3515 2764 3568 πάντα
2805 3517 2893 3569 τὸν
2932 3518 3053 3570 νοῦν
3099 3519 3210 3589 ἔχει
3251 3520 3378 3572 ἔνθα
3421 3521 3719 3592 κεκτῆσθαι

2143 3603 2239 3676 τὴν
2270 3604 2536 3673 ὠφέλειαν
2573 3608 2821 3678 νενόμικε
2849 3627 2859 3637 ·
2905 3609 2992 3663 διὰ
3021 3609 3176 3664 τοῦτο
3209 3614 3305 3666 καὶ
3337 3613 3426 3665 τὸν
3461 3614 3718 3684 λογισμὸν

2145 3698 2339 3765 ἐπάγει
2367 3697 2459 3750 τοῦ
2490 3699 2563 3770 μὴ
2589 3700 2695 3752 δεῖν
2726 3703 2818 3754 ἐπὶ
2843 3703 2944 3771 γῆς
2975 3703 3340 3775 θησαυρίζειν.
3371 3708 3431 3759 Εἰ
3466 3707 3565 3776 μὲν
3609 3707 3720 3777 γάρ

2143 3806 2245 3851 τις,
2277 3789 2458 3857 φησιν,
2485 3793 2545 3842 ὲν
2569 3791 2646 3862 τῷ
2677 3791 2852 3864 θνητῷ
2883 3796 2991 3864 βίῳ
3024 3797 3120 3859 τάς
3153 3801 3370 3867 κτήσεις
3410 3801 3502 3852 καὶ
3533 3802 3716 3853 πᾶσαν

2146 3877 2377 3949 ὓπαρξιν
2403 3880 2733 3951 συνείληχεν,
2763 3885 3071 3956 ἀναρτήσας
3108 3886 3270 3939 αὐτοῦ
3299 3887 3395 3958 τὴν
3425 3891 3602 3943 πᾶσαν
3631 3891 3718 3944 ιλ-

2146 3969 2271 4022 πίδα
2309 3972 2402 4024 ἐπὶ
2445 3973 2512 4025 τά
2545 3975 2786 4045 παρόντα
2828 3975 2922 4028 τοῦ
2965 3978 3079 4051 βίου
3111 3978 3430 4049 πράγματα,
3462 3983 3518 4048 ἐξ
3549 3985 3716 4052 ἀνάγ-

2145 4079 2246 4131 κης
2295 4059 2382 4118 οἷα
2427 4065 2488 4135 δὴ
2533 4065 2749 4136 δεσμοῖς
2789 4069 3059 4134 τοσούτοις
3102 4071 3492 4141 πεπεδημένος,
3543 4076 3719 4128 πάντα

2144 4157 2234 4208 τὸν
2264 4158 2427 4211 αὑτοῦ
2460 4159 2714 4229 λογισμὸν
2748 4161 2839 4212 καὶ
2889 4164 3062 4216 πᾶσαν
3108 4163 3206 4232 τὴν
3247 4163 3482 4217 διάνοιαν
3503 4204 3515 4228 ,
3554 4168 3617 4237 ἣν
3652 4166 3718 4238 δὴ

2145 4249 2372 4318 καρδίαν
2400 4249 2670 4319 ὠνόμασε,
2721 4250 2870 4304 κάτω
2913 4270 3013 4304 που
3057 4254 3192 4323 πρὸς
3225 4258 3287 4325 τῇ
3335 4258 3404 4326 γῇ
3437 4257 3714 4327 κέκτηται,

2148 4341 2310 4392 κάκεῖ
2341 4340 2568 4410 φύρεται
2604 4341 2697 4393 καὶ
2738 4342 3081 4406 καλινδεῖται,
3125 4345 3251 4398 ἔνθα
3294 4347 3589 4418 κεκτῆσθαι
3626 4347 3722 4402 τὸν

2147 4433 2310 4484 αὐτοῦ
2341 4432 2612 4504 θησαυρὸν
2642 4435 2921 4506 νενόμικεν
2942 4452 2954 4465 δ
2989 4437 3036 4489 εί
3069 4437 3125 4490 δὲ
3167 4442 3281 4502 τοῖς
3314 4441 3583 4513 οὐρανίοις
3613 4459 3718 4511 μα-

2154 4528 2389 4598 θήμασιν
2417 4530 2699 4600 ἐντραφεὶς
2732 4530 2906 4583 πάντα
2934 4533 3180 4603 πράττοι,
3210 4535 3302 4588 τὸν
3329 4535 3492 4589 αὑτοῦ
3520 4533 3720 4586 σκοπὸν

2151 4619 2261 4673 ἄνω
2295 4622 2766 4690 προσαναρτήσας,
2806 4619 2899 4674 καὶ
2936 4623 3034 4692 τὴν
3073 4624 3263 4678 ἐλπίδα
3302 4625 3462 4695 ῥίψας
3493 4625 3584 4678 ἐπὶ
3621 4625 3721 4687 τὰς

2150 4710 2432 4780 οὐρανίους
2468 4712 2816 4780 ἐπαγγελίας,
2849 4712 2942 4766 τοῦ
2977 4713 3075 4783 μὲν
3111 4715 3361 4782 συνάγειν
3383 4717 3474 4768 ἐπὶ
3495 4716 3598 4784 γῆς
3631 4716 3722 4768 οὐ·

2151 4802 2339 4872 δεμίαν
2377 4803 2695 4874 ποιούμενος
2735 4807 3024 4877 φροντίδα,
3058 4809 3155 4880 τὴν
3203 4809 3378 4880 ἄκραν
3415 4807 3470 4860 δὲ
3521 4807 3722 4877 μετιὼν

2150 4891 2552 4963 ἁκτημοσύνην,
2581 4895 2672 4946 καὶ
2709 4893 2828 4958 ὅλος
2857 4897 3138 4967 γινόμενος
3168 4897 3302 4967 πρὸς
3333 4901 3444 4960 τοῖς
3479 4897 3723 4969 κρείττο-

2156 4999 2258 5048 σιν,
2295 4985 2352 5036 ὲν
2391 4984 2604 5055 οὐρανῷ
2630 5003 2688 5038 τε
2727 4987 2905 5046 πάντα
2943 4989 3213 5056 συνάγειν,
3249 4989 3409 5042 κάκεῖ
3438 4987 3527 5041 τὸν
3552 4987 3719 5041 αὐτοῦ

2154 5073 2377 5127 πλοῦτον
2427 5075 2810 5146 ταμιεύεσθαι,
2849 5079 2942 5131 καὶ
2977 5081 3158 5133 πᾶσαν
3186 5079 3282 5150 τὴν
3325 5078 3558 5151 ὕπαρξιν
3606 5080 3723 5131 ἐκεῖ

2154 5165 2494 5235 προπέμπειν
2525 5165 2836 5231 σπουδάζων
2857 5184 2870 5198 °
2900 5169 3119 5232 εἰκότων,
3145 5171 3174 5222 ὁ
3201 5169 3438 5234 τοιοῦτος
3471 5168 3629 5221 δνοιτ’
3654 5166 3721 5221 ἂν

2151 5254 2397 5310 ἐντεῦθεν
2425 5257 2523 5327 τῆς
2546 5257 2755 5328 ἀγαθῆς
2778 5260 3011 5324 ἐλπίδος,
3037 5262 3113 5332 τῷ
3135 5261 3233 5330 τὴν
3255 5261 3490 5315 διάνοιαν
3515 5261 3609 5314 καὶ
3628 5259 3719 5312 τὸν

2149 5345 2406 5416 λογισμὸν
2446 5349 2676 5402 οἰκειοῦν
2719 5352 2910 5406 ἑαυτοῦ
2951 5354 3062 5415 τοῖς
3105 5351 3408 5422 οὐρανίοις’
3446 5349 3573 5404 ἔνθα
3613 5351 3717 5419 γὰρ

2151 5435 2260 5506 ἔχει
2285 5436 2373 5489 τὸν
2404 5438 2693 5513 θησαυρὸν,
2718 5443 2834 5495 ἐκεῖ
2864 5443 2957 5495 καὶ
2988 5444 3084 5513 τὴν
3106 5443 3343 5496 διάνοιαν
3371 5443 3479 5508 ἕξει
3498 5460 3510 5472 ·
3539 5443 3614 5506 ὡς
3637 5441 3720 5494 δο-

2150 5530 2263 5579 κεῖν
2300 5530 2395 5598 μὲν
2415 5530 2507 5585 ἐπὶ
2534 5534 2635 5605 γῆς
2666 5535 3080 5606 παρεπιδημεῖν,
3110 5535 3204 5588 καὶ
3235 5535 3313 5606 τῷ
3338 5535 3549 5606 σώματι
3576 5536 3723 5606 μόνῳ

2154 5623 2388 5674 συνεῖναι
2436 5624 2762 5696 ἀνθρώποις,
2813 5631 2878 5698 τῇ
2927 5628 2983 5681 δὲ
3024 5627 3248 5699 δυνάμει
3295 5628 3393 5692 τὰς
3436 5627 3721 5700 οὐρανίους
