4088 6198
405 269 503 328 561

1568 291 2066 348 COMMENTARIA
2103 291 2171 350 IN
2211 293 2465 351 LUCAM.

3549 297 3652 354 56?.

405 393 508 462 ἢδη
543 393 826 467 διατριϐὰς
861 400 1132 468 μετιέναι·
1168 405 1308 459 ὥστε
1352 407 1463 462 ἄνω
1504 411 1722 480 βλέπειν
1754 413 1852 475 δεῖ,
1889 416 1961 467 κα

2083 425 2231 470 ctare
2261 430 2513 483 superna,
2568 431 2740 484 eoque
2768 429 2916 484 spem
2974 413 3242 484 dirigere}
3292 413 3380 468 ubi
3438 415 3651 468 thesau-

405 485 505 549 τὰς
560 487 782 555 ἐλπίδας
836 492 997 563 ἔχειν,
1035 497 1168 551 ὅπου
1227 500 1320 553 καὶ
1360 502 1451 555 τὸν
1497 503 1768 577 θησαυρὸν
1816 509 1978 561 αὑτοῦ

409 582 763 651 συναγήοχεν.

409 671 529 758 Καὶ,
556 675 720 758 ὑμεῖς
752 675 938 756 ὅμοιοι
980 681 1313 758 ἀνέθρώ-ποις
1333 688 1848 758 ,προσδεχομένοις
1876 692 1983 745 τὸν

461 745 663 809 κύριον
695 745 945 813 ἑαυτῶν,
983 745 1127 806 πότε
1150 745 1443 810 ἀναλύᾶει
1473 757 1541 811 ἐκ
1566 745 1682 813 τῖἶῆι·
1711 745 1930 830 γάμων.

497 832 581 883 Ἐν
608 834 814 904 ἑτέροις
853 837 949 909 ἤδη
992 840 1198 906 ἐδίδαξε
1240 844 1368 916 περὶ
1404 847 1511 900 τῶν
1548 848 1742 918 γάμων
1777 849 1978 903 εἰπών’

424 923 698 994 Ὡμοιώθη
732 931 768 994 ἡ
788 929 1077 992 ,βασιλεία
1111 932 1227 987 τῶν
1256 937 1526 1005 οὐρανῶν
1552 939 1840 1007 ἀνθρώπῳ
1864 942 1981 1005 ,βα-

408 1018 581 1078 (nisi.
621 1019 689 1086 ὂς
723 1022 972 1091 ἐποίησε
1022 1027 1248 1096 γάμους
1283 1028 1361 1095 τῷ
1388 1029 1495 1095 υἱῷ
1531 1033 1735 1087 αὐτοῦ.
1775 1034 1859 1096 Ὠς
1890 1029 1982 1088 οὖν

407 1109 504 1180 ἤδη
557 1110 665 1164 τῶν
708 1113 900 1184 γάμων
939 1119 1316 1187 γεγενημένων
1341 1159 1356 1182 ,
1396 1121 1490 1173 καὶ
1534 1122 1628 1174 τοῦ
1681 1124 1980 1193 συμποσίου

404 1199 788 1266 τελεσθέντος,
842 1206 1115 1260 ἐπάνεισιν
1172 1210 1200 1260 6
1248 1209 1437 1282 κύριος
1487 1213 1578 1265 ἐπὶ
1632 1214 1756 1276 τοὺς
1816 1215 1981 1286 ἐγρη-

402 1293 633 1360 γοῴτας
687 1294 938 1359 δούλους,
995 1299 1076 1361 οἳ,
1135 1300 1351 1354 ἐπειδὰν
1411 1303 1673 1374 ἀφίκηται
1731 1305 1890 1369 αὐτὸς
1953 1307 1981 1358 6

401 1383 634 1450 νυμφίος
703 1385 800 1455 τὴν
880 1388 1188 1459 παράληψιν
1244 1391 1344 1461 τῆς
1410 1391 1626 1462 νύμφης
1689 1395 1982 1466 ποιησόμε-

401 1488 525 1535 νος,
570 1473 863 1542 κρούσαντι
905 1477 1050 1548 αύτῴ
1102 1480 1200 1549 τὴν
1250 1481 1346 1551 τῆς
1385 1482 1565 1553 ψυχῆς
1605 1483 1802 1556 θύραν,
1844 1487 1980 1538 ἑτοι-

404 1567 614 1636 μότατα
664 1569 1032 1624 ύπακούσουσι
1098 1573 1192 1627 καὶ
1250 1575 1557 1641 ἀνοίξουσι,
1631 1577 1721 1630 διὰ
1779 1579 1977 1643 παντὸς

400 1661 798 1731 ἐγρηγορότες,
857 1666 946 1716 καὶ
1016 1665 1111 1736 τὴν
1163 1667 1327 1722 αὐτοῦ
1391 1670 1690 1740 παρουσίαν
1757 1671 1975 1741 ἐκδεχό-

400 1770 568 1822 μενοι.
615 1755 882 1824 Ἐπιλέγει
917 1757 1044 1826 γοῦν
1065 1777 1077 1788 ·
1102 1759 1387 1830 Μακάριοι
1427 1765 1481 1815 01
1507 1763 1713 1817 δοῦλοι
1736 1765 1973 1828 ἐκεῖνοι,

397 1843 506 1908 οὓς
543 1845 737 1898 ἐλθὼν
766 1847 1009 1916 εὑρήσει
1042 1853 1499 1921 γρηγοροῦντας.
1552 1857 1660 1908 Καὶ
1710 1858 1826 1921 πῶς
1862 1859 1970 1930 γὰρ

395 1936 456 1986 ού
490 1937 746 2006 μακάριοι
773 1941 819 1992 οἱ
850 1941 1118 2011 τοσαύτης
1155 1944 1439 2012 μέλλοντες
1466 1947 1861 2020 ἀξιωθησεσθαι
1890 1969 1968 2003 τι-

398 2028 538 2097 μῆςς
587 2029 912 2100 Ἐπόμνυται
945 2033 1073 2101 γοῦν
1104 2036 1286 2100 αὐτοῖς
1315 2039 1536 2106 φάσκων
1557 2058 1569 2070 ·
1613 2041 1797 2110 Ἀμὴν
1817 2045 1972 2112 λέγω

394 2119 555 2187 ὑμῖν,
587 2119 674 2174 ὅτι
708 2123 1080 2191 περιζώσεται
1118 2128 1216 2180 καὶ
1247 2130 1561 2184 ἀνακλινεῖ
1586 2134 1808 2199 αὐτοὺς
1829 2175 1843 2195 ,
1871 2135 1971 2188 καὶ

393 2212 708 2280 παρελθὼν
745 2215 1090 2282 διακονήσει
1123 2220 1345 2286 αὐτοῖς.
1382 2223 1558 2277 Νυκτὶ
1589 2225 1643 2277 δὲ
1688 2227 1971 2296 παραϐάλ-

393 2307 498 2360 λων
530 2309 622 2360 τὸν
671 2308 1008 2380 ἀνθρώπινον
1046 2311 1176 2380 βίον,
1224 2311 1299 2376 ὼς
1348 2312 1564 2384 ἀληθῶς
1615 2317 1837 2382 σκότους
1876 2320 1970 2372 καὶ

392 2403 612 2470 ἀγνοίας
635 2404 853 2466 οἰκεῖον,
879 2404 1152 2474 διαφόροις
1179 2405 1464 2473 φυλακαῖς,
1495 2409 1770 2462 τουτέστιν
1799 2409 1970 2480 ὥραις

391 2497 484 2548 καὶ
505 2500 715 2567 καιροῖς
733 2496 830 2567 τῆς
856 2497 1067 2560 νυκτὸς,
1091 2499 1178 2551 τὸν
1198 2499 1292 2568 τῆς
1307 2499 1651 2572 ἀνθρωπίνης
1669 2500 1812 2572 ζωῆς
1833 2519 1971 2574 παρ-

389 2587 597 2649 εικάζει
636 2586 855 2657 χρόνον·
894 2590 949 2640 ἐν
988 2581 1031 2655 ᾧ
1074 2590 1199 2652 τοὺς
1241 2589 1327 2642 διὰ
1373 2591 1572 2654 παντὸς
1603 2593 1968 2663 ἐγρηγορότας

387 2676 476 2730 διὰ
506 2676 567 2728 τὸ
599 2676 792 2747 ἄδηλον
821 2678 920 2748 τῆς
948 2679 1177 2732 ἑκάστου
1204 2680 1457 2750 τελευτῆς
1497 2683 1798 2754 μακαρίους
1833 2685 1969 2736 ἁπο-

389 2767 602 2834 φαίνει·
652 2767 856 2838 ταύτης
905 2770 960 2821 δὲ
1010 2771 1108 2839 τῆς
1151 2773 1466 2841 προτροπῆς
1519 2773 1603 2835 τίς
1659 2775 1725 2826 ἂν
1769 2775 1964 2842 γένοιτ’

386 2860 666 2930 ἁνωτέρα,
719 2860 752 2931 ἢ
807 2861 896 2913 τὸν
947 2861 1212 2932 δεσπότην
1267 2864 1601 2932 ἐπήγγελται
1650 2866 1811 2920 αὐτὸν

385 2951 590 3015 δούλοις
605 2953 960 3024 διακονήσειν,
978 2955 1103 3018 τοὺς
1118 2955 1174 3007 δὲ
1193 2955 1414 3018 δούλους
1435 2957 1756 3030 ἀνακλιθήσε
1765 2959 1884 3012 σθαι
1909 2962 1964 3013 ἐν

387 3046 454 3115 τῇ
485 3045 724 3116 βασιλείᾳ
750 3046 933 3110 αὑτοῦ,
961 3047 1207 3100 τουτέστι
1230 3047 1686 3104 διαναπαύσεσθαι
1711 3067 1724 3115 ;
1754 3052 1965 3122 Προϊὼν

1854 2870 1966 2931 τοῖς

2090 523 2205 560 rum
2236 522 2391 560 sttum
2419 506 2528 575 jam
2565 507 2858 561 acet-Vivit.

2082 685 2128 715 "
2159 685 2223 738 Et
2260 701 2346 739 vos
2381 685 2573 736 similes
2602 686 2898 738 hominibus
2939 685 3354 753 exspectantibus
3382 685 3650 740 dominum

2352 771 2503 808 suum
2534 758 2743 825 quando
2780 766 3068 809 revertatur
3096 772 3128 808 a
3158 756 3370 822 nuptiis.

2151 843 2268 897 Jam
2312 844 2436 898 alibi
2473 844 2655 898 docuit
2691 859 2811 897 cum
2847 847 2911 898 de
2945 843 3148 913 nuptiis
3185 845 3434 897 diceret:
3469 841 3650 898 Simile

2082 948 2153 990 est
2190 952 2403 1002 regnum
2442 933 2688 987 cwluruut
2739 934 2938 986 homini
2987 935 3125 1002 regi,
3156 934 3244 1003 qui
3286 934 3405 1000 fecit
3445 935 3649 1000 nuptias

2087 1027 2194 1096 ﬁlio
2234 1041 2329 1079 suo
2352 1027 2420 1078 θ’.
2457 1025 2735 1094 Tanquam
2769 1025 2931 1094 igitur
2979 1026 3212 1092 peractis
3257 1024 3476 1093 nuptiis,
3517 1041 3648 1078 cott-

2083 1119 2332 1188 vivioque
2361 1117 2626 1182 absoluto,
2660 1117 2798 1171 redit
2835 1116 3084 1170 dominus
3117 1118 3182 1169 ad
3217 1131 3404 1171 servos
3436 1115 3646 1187 vigiles,

2081 1210 2172 1280 qui
2215 1224 2412 1277 sponso
2443 1210 2507 1262 ad
2543 1209 2857 1263 sumendam
2889 1207 2988 1261 sibi
3031 1223 3282 1276 sponsam
3313 1209 3645 1274 adventanti,

2079 1311 2134 1356 et
2171 1316 2313 1355 nunc
2355 1300 2467 1368 jam
2505 1300 2700 1353 animm
2751 1300 2896 1353 lorcs
2931 1297 3194 1368 pulsanti,
3247 1300 3648 1368 promptissime

2081 1395 2556 1463 morigerabuntur
2615 1404 2775 1460 atque
2814 1393 3094 1460 aperient,
3152 1403 3440 1459 propterea
3506 1395 3646 1460 quod

2080 1493 2338 1554 perpetuo
2373 1483 2580 1552 vigiles,
2615 1482 2904 1535 adventum
2937 1482 3052 1551 ejus
3083 1483 3374 1550 praestolati
3413 1483 3645 1538 fuerant.

2077 1580 2165 1631 Ait
2202 1577 2405 1644 igitur:
2443 1574 2595 1627 Beati
2645 1575 2778 1627 servi
2829 1575 2939 1639 illi,
2985 1591 3114 1641 quos
3155 1576 3361 1628 veniens
3396 1577 3648 1630 invenerit

2077 1669 2350 1738 vigilantes
2373 1668 2437 1722 ".
2472 1667 2666 1733 Quidni
2699 1681 2826 1718 vero
2865 1667 2915 1718 hi
2954 1665 3114 1726 benti,
3142 1667 3231 1734 qui
3271 1678 3470 1720 tantum
3509 1684 3649 1722 mer-

2013 1787 2050 1839 Β
2079 1765 2262 1815 cedem
2297 1761 2520 1813 relaturi
2559 1759 2758 1813 erant?
2786 1760 2950 1826 Igitur
2981 1775 3105 1813 cum
3144 1771 3483 1814 sacramento
3519 1775 3646 1816 con-

2078 1855 2292 1907 linunt:
2328 1853 2492 1906 Amen
2523 1855 2638 1906 dico
2676 1853 2834 1915 vobis,
2865 1852 3268 1920 pra’cincturum
3302 1868 3374 1912 se,
3419 1853 3645 1905 discum-

2075 1945 2309 1997 bentibus
2345 1944 2473 2009 illis,
2505 1952 2553 1996 et
2589 1952 2943 1996 transeuntem
2971 1944 3161 1995 eisdem
3196 1942 3637 1998 ministraturum.

2072 2035 2228 2090 Nocti
2277 2047 2456 2089 autem
2499 2051 2820 2105 comparans
2862 2040 3153 2092 humanam
3189 2043 3384 2105 vitam,
3433 2055 3528 2093 ceu
3565 2054 3646 2092 re-

2073 2144 2202 2196 apse
2233 2129 2466 2183 tenebris
2493 2140 2547 2182 ct
2596 2131 2802 2184 inscitia
2847 2130 3259 2192 circumfusam,
3305 2131 3535 2185 diversis
3567 2133 3648 2182 vi-

2073 2221 2248 2290 giliis,
2293 2221 2345 2275 id
2379 2231 2462 2276 est
2506 2221 2658 2276 horis
2703 2221 3142 2290 temporibusque
3191 2223 3493 2285 nocturnis,
3542 2223 3646 2275 hu-

2073 2328 2244 2367 mana:
2275 2313 2396 2367 vita:
2437 2311 2667 2382 spatium
2701 2313 2965 2368 assimilat
2996 2334 3006 2366 :
3043 2316 3095 2365 in
3148 2329 3254 2382 quo
3301 2314 3343 2366 si
3387 2313 3476 2382 qui
3525 2313 3646 2365 sine

2074 2407 2260 2476 requie
2300 2406 2557 2476 vigilant,
2621 2415 2844 2474 propter
2891 2404 3068 2458 obitus
3129 2405 3392 2457 incertum
3439 2420 3647 2464 casum,

2070 2499 2258 2553 beatos
2286 2513 2379 2552 eos
2412 2497 2664 2567 appellat.
2693 2496 2809 2551 Jam
2845 2497 2947 2551 hac
2991 2498 3368 2552 adhortatione
3398 2514 3642 2565 «puellam

2069 2590 2350 2644 sublimior
2393 2604 2514 2644 esse
2565 2591 2774 2658 potest',
2819 2605 2923 2658 qua
2961 2589 3214 2642 nimirum
3270 2591 3520 2641 dominus
3553 2590 3636 2644 di-

2069 2684 2209 2735 citur
2241 2680 2412 2734 servis
2451 2680 2562 2732 suis
2598 2679 3026 2745 ministraturus,
3063 2682 3113 2734 hi
3165 2692 3344 2732 autem
3401 2681 3449 2731 iu
3503 2681 3645 2733 illius

2069 2787 2235 2840 regno
2276 2771 2605 2832 recubituri,
2656 2771 2708 2825 id
2757 2779 2840 2826 est
2895 2772 3079 2840 requie
3134 2773 3394 2841 potituri?
3445 2771 3642 2825 Deinde

2070 2876 2255 2915 rursus
2307 2861 2631 2929 promissum
2680 2862 2820 2916 idem
2863 2861 3134 2926 ﬁrmavit,
3186 2879 3304 2915 cum
3364 2863 3646 2932 discipuli;

2067 2954 2246 3007 dixit:
2296 2950 2409 3022 Ego
2460 2963 2634 3006 autem
2667 2955 2720 3006 in
2775 2955 2946 3006 medio
2996 2954 3154 3008 vestri
3197 2972 3312 3008 sum
3364 2954 3500 3007 sicut
3549 2955 3640 3024 qni

2069 3047 2349 3100 ministrat.
2395 3044 2495 3098 Vos
2533 3047 2719 3115 quippe
2752 3050 2876 3099 estis
2915 3047 3004 3115 qui
3044 3048 3410 3112 permansistis
3440 3062 3640 3099 mecum

380 3137 430 3190 δ’
459 3134 613 3201 αὖθις
645 3140 744 3210 τὴν
786 3138 952 3210 αὐτὴν
981 3140 1435 3211 ὲπισφραγίζεται
1484 3144 1813 3212 ἐπαγγελίαν
1843 3147 1960 3208 τοῖς

2064 3138 2120 3190 in
2165 3139 2538 3192 tentationibns
2579 3139 2706 3192 meis
2745 3155 2763 3192 :
2799 3149 2845 3191 et
2892 3155 2981 3210 ego
3021 3139 3240 3208 dispono
3291 3139 3464 3203 vobis,
3504 3139 3640 3192 sicut

386 3231 658 3301 μαθηταῖς
680 3231 850 3300 λέγων
870 3248 884 3261 ·
933 3232 1073 3301 Ἐγὼ
1107 3233 1159 3286 δ’
1202 3234 1273 3286 ἐν
1294 3233 1463 3303 μέσῳ
1493 3235 1659 3306 ὑμῶν
1681 3239 1797 3306 ειμι
1820 3238 1909 3320 ὡς.
1929 3241 1962 3292 ό

383 3322 696 3376 διακονῶν.
734 3324 926 3391 ἠιεῖς
945 3325 1012 3378 δέ
1041 3326 1181 3379 ἐστε
1221 3328 1276 3380 οἱ
1318 3326 1812 3397 διαμεμενηκότες
1831 3330 1958 3398 μετ’

382 3415 529 3483 ἐμοῦ
546 3415 615 3468 ἐν
631 3415 753 3482 τοῖς
765 3417 1116 3487 πειρασμοῖς
1126 3436 1265 3486 μου·
1284 3419 1442 3489 κάγὼ
1457 3420 1778 3490 διατίθεμαι
1798 3422 1955 3492 ὑμῖν,

383 3510 513 3562 καθ’
547 3508 584 3562 ἁ
628 3508 852 3564 διέθετό
890 3530 991 3580 μοι
1017 3516 1049 3566 ό
1073 3511 1272 3580 Πατήρ
1293 3531 1430 3583 μου,
1476 3515 1836 3578 ,ϐασιλείαν-ο
1879 3516 1958 3567 ἵν’

380 3599 622 3665 ἐσθίητε
651 3601 747 3653 καὶ
787 3602 997 3669 πίνητε
1030 3602 1126 3655 ἐπὶ
1162 3602 1270 3671 τῆς
1313 3603 1600 3672 τραπέζης
1620 3623 1739 3674 μου
1767 3605 1837 3658 ἐν
1881 3603 1956 3674 τῇ

375 3693 666 3760 βασιλείᾳ
689 3711 826 3764 μου.
862 3694 1126 3764 Τοιαύτης
1158 3695 1433 3761 τεύξονται
1467 3697 1864 3768 μακαριότητος
1907 3699 1955 3750 oi

378 3783 576 3848 δοῦλοι,
618 3784 710 3848 οὓς
741 3785 910 3839 ἐλθὼν
950 3787 978 3838 6
1024 3787 1224 3858 Κύριος
1252 3789 1470 3860 εὑρήσει
1512 3789 1951 3862 γρηγοροῦνταςο

380 3876 524 3932 κατὰ
544 3879 652 3950 γὰρ
675 3877 766 3931 τὸν
795 3879 986 3950 Θνητὸν
1019 3879 1203 3932 τοῦτον
1237 3880 1370 3950 βίον,
1407 3883 1500 3934 ἆτε
1541 3883 1729 3945 παῖδες
1761 3881 1838 3936 ἔτι
1864 3883 1953 3936 ὃν-

378 3986 470 4031 τες
499 3972 591 4022 καὶ
632 3973 833 4041 νήπιοι,
865 3972 958 4025 καὶ
989 3975 1152 4042 μήπω
1190 3974 1282 4025 τοῦ
1318 3973 1603 4044 νυμφῶνος
1640 3973 1950 4046 ἠξιωμένοι,

377 4062 465 4112 ἐπ’
497 4062 799 4132 ἀλλοδαπῆς
843 4063 887 4116 δ’
925 4063 1200 4128 οἰκοῦντες
1220 4104 1233 4128 ,
1263 4065 1356 4118 ἆτε
1387 4064 1524 4129 ξένοι
1558 4065 1666 4118 τῶν
1699 4066 1950 4131 ἐνταῦθα,

377 4151 472 4203 καὶ
506 4152 896 4224 παρεπίδημοι,
929 4154 1019 4206 καὶ
1052 4155 1154 4208 ὑπὸ
1198 4155 1563 4225 παιδαγωγοῖς
1609 4157 1702 4210 καὶ
1738 4159 1954 4228 ἐπιτρό-

377 4261 501 4308 ποις
541 4246 987 4317 ἀνατρεφόμενοι,
1014 4247 1111 4300 οὐκ
1145 4242 1289 4318 εἶχον
1326 4248 1555 4302 πάντοτε
1595 4247 1684 4301 τὸν
1721 4249 1951 4319 νυμφίον

381 4337 498 4406 μεθ’
538 4339 762 4392 ἑαυτῶν.
815 4340 905 4392 Διὸ
950 4339 1044 4392 καὶ
1085 4341 1400 4412 ἐνήστευον,
1439 4339 1620 4403 καθὼς
1667 4335 1818 4393 εἶπεν
1868 4341 1950 4394 ὃτι

375 4429 669 4499 ἀρθήσεται
716 4431 813 4483 ἀπ’
860 4431 1036 4483 αὐτῶν
1085 4433 1113 4484 6
1147 4432 1396 4502 νυμφίος,
1427 4431 1520 4484 καὶ
1563 4431 1682 4483 τότε
1722 4432 1948 4501 νηστεὺ-

377 4536 580 4574 σουσιν.
648 4521 786 4573 Ἀλλ’
848 4523 939 4574 ἐπὶ
987 4521 1131 4575 τέλει
1190 4524 1526 4592 αὐξήσαντας
1594 4523 1790 4586 αὐτοὺς
1855 4523 1950 4576 καὶ

369 4612 754 4676 τελειωθέντας
789 4612 1669 4690 παραλήψεσθαιέπαγγέλλεται,
1723 4615 1816 4668 καὶ
1869 4616 1947 4680 είς

367 4705 462 4758 τὸν
495 4705 657 4759 αὑτοῦ
706 4707 1040 4772 συνεισὰξειν
1073 4707 1333 4777 νυμφῶνα
1354 4725 1366 4736 ·
1405 4708 1493 4760 ὅτε
1525 4708 1617 4760 καὶ
1653 4706 1946 4770 ἀνακλίνας

2063 3231 2317 3298 disposuit
2363 3231 2487 3283 mihi
2526 3231 2679 3284 Patet
2723 3247 2892 3294 meus,
2927 3247 3176 3301 regnum;
3219 3242 3273 3284 ut
3316 3231 3641 3286 manducetis

2061 3334 2214 3391 atque
2262 3322 2447 3375 bibatis
2475 3317 2560 3374 'de
2598 3339 2711 3374 mea
2749 3339 2926 3376 mensa
2969 3323 3024 3374 in
3067 3339 3224 3391 regno
3271 3339 3383 3376 meo
3406 3322 3474 3376 ".
3529 3321 3639 3376 "ac

2061 3415 2333 3482 potientur
2382 3415 2638 3468 healitale
2667 3412 2832 3477 servi,
2879 3429 3016 3481 quos
3052 3412 3312 3467 Dominus
3359 3414 3636 3482 vigilantes

2061 3504 2344 3558 invenerit.
2379 3503 2620 3572 Namque
2660 3504 2711 3556 in
2763 3503 2863 3557 hac
2897 3505 3109 3557 mortali
3163 3505 3300 3568 vita,
3349 3521 3446 3558 ceu
3486 3506 3634 3576 pueri

2058 3595 2232 3651 adhuc
2279 3607 2331 3651 et
2363 3595 2596 3650 infantes
2621 3604 2676 3648 ct
2707 3595 2942 3648 nondum
2982 3596 3205 3662 nuptiali
3259 3599 3503 3650 conclavi
3556 3598 3637 3650 di-

2057 3689 2175 3758 gni,
2217 3689 2310 3743 sed
2346 3687 2576 3742 alienam
2612 3687 2775 3740 veluti
2815 3686 3088 3756 regionem
3128 3687 3447 3752 incolentes,
3481 3689 3633 3756 quasi

2055 3780 2323 3849 peregrini
2355 3780 2573 3848 quidam
2601 3792 2655 3833 et
2679 3779 2920 3843 advenae,
2947 3787 3000 3832 et
3030 3777 3128 3832 sub
3164 3779 3429 3832 tutoribus
3456 3780 3634 3832 adhuc

2056 3883 2109 3929 et
2152 3873 2498 3928 curatoribus
2548 3872 2807 3936 enutriti,
2849 3886 3190 3940 nequaquam
3240 3873 3422 3942 Sponsi
3472 3871 3629 3942 pleno

2055 3966 2329 4020 consortio
2375 3964 2680 4020 utebantur.
2728 3964 2905 4031 Quare
2952 3964 3288 4033 jejunabant,
3343 3977 3625 4034 propterea

2055 4060 2195 4129 quod
2249 4059 2379 4129 ipsis
2416 4059 2618 4114 dictmn
2671 4067 2848 4121 esset,
2895 4057 3010 4111 fore
3060 4067 3117 4111 ut
3164 4073 3397 4128 sponsus
3449 4059 3517 4112 ab
3567 4059 3631 4111 iis

2053 4151 2378 4215 auferretur,
2417 4162 2472 4205 et
2511 4162 2620 4205 tum
2667 4149 3065 4220 jejunarcnt".
3115 4153 3496 4206 Verumtamen
3539 4151 3628 4204 ubi

2053 4244 2105 4299 in
2143 4245 2436 4312 perlectam
2479 4254 2693 4297 aetatem
2725 4246 3017 4310 creverint,
3066 4251 3404 4313 recepturum
3449 4259 3506 4298 se
3535 4259 3630 4298 eos

2051 4336 2315 4406 spondet,
2365 4344 2526 4405 atque
2579 4337 2630 4391 iu
2678 4353 2836 4392 suum
2881 4339 3138 4393 conclave
3177 4339 3462 4392 ducturum
3512 4355 3526 4390 :
3566 4355 3630 4392 ac

2055 4438 2165 4482 tum
2201 4429 2266 4484 iis
2315 4429 2779 4484 discumbentibus
2818 4431 3246 4486 ministraturum
3294 4447 3309 4483 :
3360 4430 3450 4499 qui
3503 4446 3627 4498 per-

2055 4527 2210 4589 petua
2248 4520 2638 4575 consuetudine
2663 4522 2780 4592 ejus
2806 4520 2918 4590 jam
2950 4524 3126 4592 potiti,
3157 4521 3360 4575 diutius
3407 4536 3511 4575 non
3544 4521 3629 4592 je-

2047 4611 2348 4680 junabunt,
2379 4613 2473 4667 sed
2504 4613 2779 4669 laboribus
2803 4613 3052 4680 relaxati,
3081 4613 3393 4668 coelestibus
3421 4611 3628 4667 deliciis

2051 4705 2414 4776 perfruentur.

367 4801 582 4864 αὐτοὺς,
615 4801 922 4870 διακονήσει
955 4802 1166 4864 αὐτοῖς’
1189 4803 1237 4853 oi
1269 4801 1344 4865 δὲ,
1379 4801 1624 4865 συνόντες
1657 4801 1802 4872 αὐτῷ
1829 4801 1934 4865 ἀεὶ,
1966 4799 2147 4852 οὐκέτι
2195 4796 2598 4868 νηστεύσουσιν,
2643 4797 2776 4852 ἀλλὰ
2824 4799 3252 4869 ὀιαπαυσάμενοι
3282 4797 3391 4852 τῶν
3451 4801 3633 4871 καμα-

365 4913 494 4958 των,
525 4895 625 4967 τῆς
659 4897 907 4966 οὐρανίου
939 4896 1150 4967 τρυφῆς
1182 4896 1592 4951 ἀπολαύσουσιν.

359 4995 428 5047 El
459 4994 584 5063 ᾐδει
627 4997 658 5048 ὀ
691 4994 1120 5061 οἰκοδεσπότης
1149 4994 1290 5062 ποίᾳ
1326 4993 1444 5063 ὥρᾳ
1473 4998 1508 5049 ό
1533 4994 1795 5061 κλέπτης
1834 4993 1927 5062 ἕρ-

1055 5083 1235 5132 Zarat.

435 5157 531 5209 Διά
565 5157 822 5210 πλειόνων
856 5158 1042 5228 νήφειν
1075 5159 1168 5210 καὶ
1201 5157 1558 5229 ἐγρηγορέναι
1591 5158 1722 5227 ἡμῖν
1759 5170 1936 5226 παρα-

363 5248 672 5313 κελεύεται,
701 5249 762 5302 οὐ
797 5249 953 5320 μόνον
991 5247 1078 5300 διὰ
1110 5249 1208 5318 τὴν
1243 5248 1442 5320 ἀθρόαν
1472 5251 1566 5303 καὶ
1599 5248 1936 5320 ἀπροσδόκη-

359 5355 454 5390 τον
499 5339 676 5408 ἄφιξιν
717 5341 818 5411 τῆς
863 5341 1078 5412 ἡμέρας
1127 5340 1362 5410 Κυρίου,
1409 5341 1546 5394 ἀλλὰ
1579 5343 1673 5394 καὶ
1712 5340 1800 5394 διὰ
1844 5340 1936 5393 τὸν

361 5429 601 5502 κλέπτην
632 5431 721 5484 τὸν
765 5435 879 5495 τοῖς
921 5432 1060 5485 κατά
1119 5431 1247 5484 Θεὸν
1295 5431 1564 5496 πλουσίοις
1607 5431 1702 5486 καὶ
1739 5432 1937 5485 οἰκοδε-

363 5523 590 5587 σπόταις
636 5525 1009 5596 ἐφεδρεύοντα.
1059 5522 1227 5589 Οὗτος
1271 5525 1327 5579 δέ
1373 5528 1520 5582 ἐστιν
1560 5530 1588 5581 6
1621 5527 1808 5600 καιρὸς
1836 5527 1934 5597 τῆς

430 5659 643 5740 “Eae.
670 5675 770 5727 xu,
805 5662 889 5716 36.
964 5663 1008 5693 9"
1050 5661 1238 5717 Matth.
1271 5679 1412 5732 χχιι,
1444 5665 1494 5717 2.
1577 5665 1622 5698 9‘
1657 5664 1789 5721 Luc.
1819 5682 1891 5721 su
1915 5676 1961 5731 5'

2086 5667 2132 5698 οι
2172 5665 2301 5725 Luc.
2335 5682 2474 5734 χχιι,
2503 5649 2693 5730 9.7-30.
2762 5671 2806 5702 ’τ
2847 5671 3034 5728 Matth.
3087 5687 3172 5740 Ix,
3204 5673 3288 5729 ιδ.

364 5746 460 5799 xu,
494 5731 580 5784 59.

2035 4992 2081 5024 ”
2105 4991 2165 5046 Si
2195 4992 2345 5046 sciret
2373 4990 2760 5060 paterfamilias
2791 5007 2893 5060 qua
2916 4991 3047 5044 hora
3084 4991 3171 5060 [ur
3199 5004 3445 5048 venturus
3471 5003 3624 5067 esset.

2111 5152 2293 5207 Multis
2334 5154 2398 5208 de
2429 5152 2609 5208 causis
2656 5153 2794 5223 frugi
2844 5154 2998 5210 nobis
3031 5155 3238 5224 agitare
3274 5156 3436 5208 vitam
3475 5156 3613 5226 vigi-

2039 5246 2260 5315 lareque
2307 5249 2545 5307 mandat.
2590 5259 2695 5300 non
2743 5245 2914 5300 solum
2945 5245 3016 5301 ob
3051 5247 3287 5300 subitum
3321 5247 3623 5317 iu0pinum-

2040 5353 2144 5408 que
2172 5339 2274 5392 diei
2307 5337 2514 5392 Domini
2543 5340 2851 5404 adventum,
2880 5338 2974 5393 sed
2999 5340 3162 5393 etiam
3196 5351 3414 5410 propter
3443 5341 3615 5395 furem

2043 5430 2342 5486 divinorum
2380 5430 2643 5486 bonorum
2687 5429 2947 5484 divitibus
2974 5445 3036 5486 ac
3078 5431 3240 5486 veluti
3289 5431 3615 5502 patribusfa-

2045 5527 2220 5583 milias
2271 5525 2637 5582 insidiantem.
2687 5523 2737 5580 Is
2802 5533 2982 5582 autem
3041 5535 3124 5584 est
3189 5526 3615 5599 uniuscujusque

3387 5671 3452 5746 ”_
3476 5671 3604 5728 CAP.
