4108 6204
483 254 587 318 8θὸ

1146 256 1415 324 EUSEBII
1455 272 1929 333 CJESARIENSIS
1966 279 2119 339 OPP.
2162 281 2340 337 PARS
2378 281 2459 339 Ill.
2502 316 2567 325 —
2610 279 3021 341 EXEGETICA.

3599 288 3712 349 Ξίοᾼ

481 386 674 447 obitus,
713 384 797 438 vel
838 386 998 439 etiam
1048 389 1268 457 angelus
1316 392 1407 459 qui
1458 392 1718 464 cujusque
1769 401 2027 455 morienti:

2149 404 2377 457 ἑκάστου
2407 405 2680 475 τελευτῆς,
2715 404 2748 474 ἢ
2783 406 2876 458 καὶ
2908 406 2936 457 6
2965 406 3170 476 μέλλων
3212 408 3312 477 τὴν
3356 401 3579 461 ἑκάστου
3604 410 3704 479 ψυ-

479 475 712 529 ttnimam
753 486 1078 545 excepturus
1109 490 1211 533 est.
1245 480 1301 535 Si
1338 497 1466 551 ergo
1510 487 1771 543 sciremus
1802 507 2035 560 quonam

479 568 716 633 tempore
754 566 839 622 fur
865 568 954 622 ille
991 580 1248 625 venturus
1276 583 1442 639 esset,
1472 577 1683 631 unicam
1733 580 1875 634 illam
1902 597 2037 651 Opus

479 655 615 709 foret
647 657 832 710 horam
863 660 1174 724 observare,
1205 676 1271 715 ne
1305 674 1516 721 nostras
1550 677 1856 735 pateremur
1896 674 2040 729 aedes

476 744 678 811 perfodi
706 762 736 797 :.
754 761 895 800 nunc
916 750 1037 815 quia
1064 748 1179 803 h:ec
1219 751 1377 816 latet,
1410 767 1667 824 perpetuo
1694 772 2038 827 experrectos

475 849 595 889 esse
621 824 886 904 oportebit
912 856 924 891 :
959 854 1130 907 neque
1156 844 1300 896 enim
1332 848 1580 903 novimus
1612 866 1716 919 qua
1743 851 1830 905 ille
1861 854 2039 923 vigilia

475 927 839 981 incursionem
873 928 1055 985 faciet.
1086 930 1262 998 Quare
1296 948 1519 1003 prorsus
1549 941 1873 1007 vigilandum
1922 957 2035 1010 est,

473 1015 727 1085 omnique
775 1019 1039 1084 custodia,
1086 1032 1139 1073 ut
1181 1024 1253 1076 ait
1294 1025 1709 1083 Prov‘erbiorum
1755 1043 1944 1088 auctor
1968 1036 2035 1098 ”,

470 1107 790 1161 servandum
818 1122 940 1170 cor;
970 1111 1322 1183 universaque
1352 1115 1466 1172 haec
1500 1121 1747 1175 mortalis
1780 1124 1899 1178 vitae
1931 1142 2035 1181 nox

471 1198 731 1254 insomnis
779 1202 1155 1271 transigenda,
1200 1222 1267 1260 ne
1314 1208 1453 1264 forte
1504 1211 1893 1281 direptionibus
1943 1230 2037 1286 pa-

474 1298 701 1357 teamus,
751 1306 888 1347 neve
935 1296 1127 1349 animm
1170 1307 1367 1353 nostrze
1409 1302 1692 1357 thesauros
1723 1304 1883 1360 ell‘odi
1917 1321 2039 1376 per-

473 1384 765 1440 mittamus.
799 1384 891 1440 Sic
916 1388 1057 1441 enim
1087 1390 1333 1459 utrinque
1365 1402 1510 1449 recte
1535 1394 1883 1465 habebimus;
1920 1410 2033 1453 tum

467 1475 594 1542 quia
638 1477 878 1545 proprias
904 1493 1032 1547 opes
1068 1480 1185 1534 tuiti
1234 1480 1663 1549 fuerimus,7tum
1693 1489 1822 1555 quia
1858 1489 2036 1544 Domi-

469 1580 596 1619 num
653 1578 925 1635 nostrum,
972 1586 1093 1625 cum
1138 1576 1344 1629 venerit
1389 1585 1443 1631 et
1495 1579 1792 1646 pulsaverit
1842 1583 2035 1638 animm

470 1667 669 1712 nostra:
697 1660 859 1724 fores,
886 1673 1131 1731 prompte
1156 1665 1508 1733 excipiemus,
1538 1669 1753 1739 copiosa
1787 1671 2031 1743 lampade

468 1749 741 1815 instructi,
770 1752 1089 1824 lumbosque
1118 1757 1398 1813 succincti.

513 1932 599 1983 Ait
636 1931 926 1987 Dominus:
959 1931 1213 2059 Quium:
1256 1946 1344 2061 est?
1364 1937 1534 2005 ﬁdelis
1582 1939 1785 1997 villicus
1826 1953 1872 1997 et
1908 1957 2033 2013 pru-

1205 2022 1294 2061 em

1205 2022 1294 2061 em

533 2082 696 2146 Petro
731 2096 938 2165 roganti
971 2096 1051 2150 sic
1094 2097 1404 2165 respondet,
1438 2108 1497 2153 ut
1532 2101 1727 2156 doceat
1772 2117 1831 2157 se
1880 2104 2033 2158 inde-

467 2182 614 2237 liuite
660 2185 935 2239 universos
968 2186 1254 2241 allocutum
1288 2186 1473 2244 fuisse.
1524 2189 1903 2248 Verumtamen
1936 2210 2029 2249 su-

467 2273 675 2339 periora
704 2273 790 2327 illa
820 2275 960 2329 dicta
992 2275 1229 2342 fuerunt,
1256 2288 1313 2332 ut
1341 2290 1654 2337 constanter
1680 2284 2027 2353 vigitaremus

465 2374 682 2431 propter
733 2364 903 2419 furem
951 2367 1246 2420 cavendum
1292 2379 1349 2422 et
1396 2380 1615 2439 propter
1664 2372 1877 2429 Domini
1924 2378 2023 2432 ad-

462 2462 703 2507 ventum.
730 2452 900 2518 Nunc,
926 2470 1046 2524 quae
1078 2456 1193 2510 ﬁeri
1225 2458 1365 2511 inter
1404 2460 1728 2527 vigilandum
1757 2473 2026 2533 oporteat,

464 2545 771 2600 necessario
815 2545 1003 2611 addit;
1054 2563 1245 2616 nempe
1291 2551 1537 2605 hortatur
1582 2562 1639 2606 ut
1675 2568 1741 2607 ne
1787 2566 2027 2610 nostram

465 2637 857 2701 tantummodo,
887 2653 1072 2691 verum
1117 2640 1278 2693 etiam
1321 2640 1551 2697 alienam
1591 2659 1844 2700 curemus
1885 2647 2032 2700 salu-

462 2736 594 2785 tem.
624 2726 754 2782 Nam
787 2728 996 2784 lumbos
1027 2731 1351 2800 praecingere
1386 2742 1439 2786 et
1482 2732 1779 2803 lampadem
1825 2736 2031 2791 inﬂam-

465 2836 655 2885 mare,
708 2822 980 2889 propriam
1050 2822 1311 2889 cujusque
1377 2825 1661 2880 utilitatem
1740 2829 2027 2897 signiﬁcat.

463 2913 714 2966 Scientiae
757 2913 899 2967 enim
930 2913 1218 2968 luminibus
1244 2925 1456 2984 oportet
1487 2932 1699 2987 semper
1732 2920 2023 2987 illustrari;

465 3011 578 3056 tum
605 3005 768 3057 etiam
797 3006 1051 3073 pudicitia
1076 3006 1328 3074 omnique
1350 3007 1549 3063 virtute
1586 3009 1795 3065 lumbos
1827 3015 2026 3070 mentis

2142 494 2242 562 χὴν
2281 494 2726 564 παραλαμδάνειν
2758 497 2984 564 ἄγγελος
3018 495 3157 549 κατὰ
3194 497 3383 568 καιρὸν
3417 497 3509 549 τοῦ
3542 498 3703 553 θανά-

2140 601 2230 635 του
2277 585 2408 653 (60).
2461 587 2523 638 El
2561 586 2661 656 μὲν
2709 582 2799 639 οὖν
2820 588 3040 657 ⁴ᾔδειμεν
3098 588 3188 641 τὸν
3238 589 3428 659 καιρὸν
3471 589 3569 660 τῆς
3612 592 3706 644 τοῦ

2140 674 2371 728 κλέπτου
2414 679 2740 746 παρουσίας,
2781 681 2881 749 τὴν
2916 677 3062 749 ὤραν
3097 680 3264 750 ἐχρῆν
3294 681 3507 752 ἐκείνην
3543 681 3709 753 μόνην

2140 767 2438 836 ἐπιτηρεῖν,
2473 768 2607 837 πρὸς
2634 769 2693 821 τὸ
2727 768 2799 839 μὴ
2835 769 3048 837 ἀφιέναι
3081 769 3387 841 διορυγῆναι
3425 773 3582 843 ἡμῶν
3619 774 3709 827 τὸν

2140 854 2286 911 οἷκον
2307 876 2319 888 ο
2356 860 2478 911 ἐπεὶ
2520 860 2576 911 δὲ
2608 860 2800 931 ἄδηλός
2829 858 2974 913 ἐστιν
3015 854 3186 925 οὗτος,
3222 862 3399 933 δεήσει
3426 864 3512 917 ἀεὶ
3540 867 3706 936 ἐγρη-

2139 950 2356 1019 γορέναι
2374 968 2386 979 ·
2414 951 2474 1002 οὐ
2512 950 2619 1021 γὰρ
2644 951 2801 1021 ἴσμεν
2828 952 2987 1022 ὁποίᾳ
3012 953 3223 1023 φυλακῇ
3250 953 3582 1023 ἐπιθήσεται.
3617 958 3707 1011 Διὸ

2138 1042 2504 1110 γρηγορητέον
2544 1041 2635 1094 διά
2682 1043 2903 1107 παντὸς,
2946 1046 3039 1097 καὶ
3086 1044 3234 1115 πάσῃ
3280 1046 3490 1118 φυλακῇ
3539 1060 3709 1121 τηρηδ

2137 1134 2254 1184 τέον
2283 1133 2378 1202 τὴν
2410 1133 2635 1204 καρδίαν
2676 1135 2818 1188 κατὰ
2849 1131 2939 1190 τὸν
2968 1138 3385 1210 παροιμιαστὴν,
3419 1141 3511 1193 καὶ
3536 1142 3708 1212 ἀγρυι

2139 1222 2365 1291 πνητέον
2386 1222 2473 1276 διὰ
2498 1224 2677 1295 πάσης
2703 1226 2804 1295 τῆς
2828 1225 2922 1280 τοῦ
2951 1226 3144 1297 θνητοῦ
3176 1227 3291 1299 βίου
3320 1230 3530 1293 νυκτὸς,
3562 1232 3709 1295 ὅπως

2138 1313 2321 1366 ἅσυλοι
2349 1314 2715 1388 διαμένωμεν,
2752 1319 2825 1388 μὴ
2857 1318 3051 1383 ἐῶντες
3079 1320 3390 1393 διορυγῆναι
3410 1321 3565 1392 ἡμῶν
3584 1324 3708 1386 τοὺς

2134 1403 2234 1474 τῆς
2265 1404 2440 1476 ψυχῆς
2474 1406 2779 1480 θησαυρούς
2806 1420 2819 1438 ⁸
2851 1408 2992 1463 οὕτω
3013 1410 3121 1483 γάρ
3156 1411 3305 1465 ἔσται
3336 1408 3466 1482 ἡμῖν
3500 1409 3556 1467 εὖ
3587 1416 3706 1483 κατ’

2137 1496 2442 1566 ἀμφότερα,
2495 1499 2578 1550 ὅτι
2638 1515 2698 1551 τε
2761 1496 2904 1553 σώαν
2965 1504 3305 1573 ὲφυλάξαμεν
3358 1506 3455 1573 τὴν
3505 1506 3705 1558 ἑαυτῶν

2137 1584 2387 1657 ὓπαρξιν,
2432 1592 2524 1642 καὶ
2571 1592 2652 1643 ὅτι
2690 1593 2780 1645 τὸν
2819 1594 3020 1664 Κύριον
3070 1595 3223 1665 ἡμῶν
3272 1598 3563 1650 ἐπιστάντα
3616 1597 3707 1651 καὶ

2140 1677 2441 1747 κρούσαντα
2474 1681 2572 1750 τῆς
2599 1682 2774 1752 ψυχῆς
2801 1685 2955 1753 ἡμῶν
2985 1685 3082 1755 τὴν
3117 1685 3305 1757 θύραν,
3345 1684 3571 1757 ἑτοίμως
3608 1688 3708 1741 ὐπ-

2137 1768 2465 1839 εδεξάμεθα,
2510 1773 2688 1842 πολλῷ
2742 1774 2817 1843 τῷ
2857 1777 2993 1845 φωτὶ
3048 1781 3580 1849 παρεσκευασμένοι,
3615 1780 3708 1835 καὶ

2134 1859 2232 1921 τὰς
2258 1860 2462 1927 ὀσφύας
2493 1863 2811 1933 ὲζωσμένοι.

2134 1946 2279 2002 Ehe
2314 1950 2365 2002 δ’
2396 1956 2426 2004 ό
2461 1955 2700 2029 Κύριος·
2757 1956 2846 2021 Τίς
2878 1956 2991 2029 ἀρα
3021 1958 3190 2011 ἐστὶν
3233 1964 3265 2014 ό
3296 1963 3510 2029 πιστὸς
3563 1966 3709 2018 οὶκο·

2588 2026 2769 2093 νόμος
2803 2027 2901 2078 καὶ
2932 2029 3215 2097 φρόνιμος
3236 2046 3253 2091 ,‘

2209 2111 2351 2180 Πρὸς
2384 2111 2481 2181 τὴν
2508 2111 2773 2182 ἐρώτησιν
2807 2114 3010 2185 Πέτρου
3051 2118 3400 2188 ἀποκρίνεται
3446 2120 3708 2175 διδάσκων

2137 2197 2402 2266 ἀορίστως
2435 2202 2569 2269 πρὸς
2597 2204 2774 2256 πάντα
2826 2205 3073 2275 εἰρῆσθαι
3120 2208 3188 2260 τὰ
3211 2210 3527 2280 λελεγμένα.
3570 2213 3707 2266 Ἀλλ’

2131 2290 2315 2343 ἐκεῖνα
2351 2293 2447 2361 μὲν
2480 2294 2691 2364 εἴρηται
2714 2296 2841 2366 περὶ
2882 2296 2976 2349 τοῦ
3009 2298 3098 2351 διὰ
3134 2301 3328 2364 παντὸς
3354 2304 3705 2376 ἐγρηγορέναι

2131 2382 2312 2435 ἕνεκεν
2345 2385 2443 2455 τῆς
2468 2385 2560 2438 τοῦ
2584 2386 2811 2439 κλέπτου
2851 2387 3095 2461 φυλακῆς
3122 2392 3213 2445 καὶ
3247 2394 3344 2464 τῆς
3378 2395 3535 2449 αὐτοῦ
3563 2412 3704 2466 παρ-

2130 2476 2311 2540 ουσίας
2330 2494 2343 2506 ⁸
2372 2477 2423 2529 τί
2456 2478 2512 2530 δὲ
2537 2478 2639 2549 χρὴ
2667 2480 2922 2550 πράττειν
2956 2483 3378 2554 γρηγοροῦντας,
3413 2485 3504 2538 νῦν
3532 2490 3704 2555 (Ξιναγ⁹

2136 2565 2305 2629 καίως
2360 2568 2699 2639 προστίθησι,
2749 2571 3026 2642 παραινῶν
3076 2574 3149 2645 μὴ
3190 2574 3250 2625 τὸ
3291 2576 3496 2628 ἑαυτῶν
3550 2578 3707 2647 μόνον

2136 2659 2380 2717 σκοπεῖν,
2406 2657 2541 2710 ἀλλὰ
2573 2660 2664 2711 καὶ
2690 2662 2785 2730 τῆς
2830 2662 3031 2733 ἐτέρων
3083 2664 3352 2734 σωτηρίας
3381 2668 3703 2736 φροντίζειν.

2131 2746 2205 2799 Τὸ
2260 2747 2357 2817 μὲν
2406 2750 2512 2820 γάρ
2545 2750 2847 2814 άνεζῶσθαι
2878 2752 2975 2815 τὰς
3025 2754 3248 2823 ὀσφύας,
3281 2758 3489 2810 καὶτὸν
3520 2758 3707 2828 λύχνον

2130 2839 2385 2909 ἀνῆφθαι,
2420 2842 2518 2911 τὴν
2552 2842 2713 2895 αὑτοῦ
2753 2861 2896 2907 τινος
2944 2846 3023 2908 είς
3059 2848 3248 2901 ἑαυτὸν
3287 2850 3549 2919 ὠφέλειαν
3586 2853 3707 2924 ἐδήδ-

2129 2929 2221 2983 λου
2243 2948 2254 2961 ·
2299 2932 2550 2999 γνώσεώς
2583 2952 2639 2986 τε
2689 2936 2798 3007 γὰρ
2830 2938 2966 3005 φωτὶ
2997 2937 3095 2991 -διά
3144 2943 3338 3004 παντὸς
3362 2945 3708 3012 καταυγάζε-

2132 3022 2253 3076 σθαι
2286 3024 2599 3092 ἀναγκαῖον,
2639 3029 2955 3099 σωφροσύνῃ
2991 3046 3049 3081 τε
3083 3031 3176 3083 καὶ
3222 3034 3369 3105 πάσῃ
3414 3036 3581 3107 ἀρετῇ
3612 3037 3704 3091 τοῦ

466 3094 831 3163 praacingere;
887 3097 1119 3164 itemque
1168 3107 1429 3166 perpetuo
1479 3101 1701 3170 vigilare
1752 3103 2027 3174 furemque

2135 3113 2394 3184 λογισμοῦ
2424 3117 2520 3187 τὴν
2544 3118 2711 3184 ὀσφὺν
2732 3094 3127 3190 περιεζῶσθαι,
3158 3094 3513 3197 ἐγρηγορέναι
3616 3129 3703 3183 διὰ

463 3198 673 3249 cavere,
716 3200 782 3239 ne
821 3185 958 3240 clam
989 3186 1205 3240 elfodiat
1240 3189 1433 3242 mentis
1466 3193 1738 3258 aerarium,
1779 3204 1834 3249 et
1877 3211 2029 3251 acer—

466 3286 614 3330 vatas
656 3277 731 3330 ibi
776 3292 907 3345 opes
948 3278 1207 3347 diripiat:
1240 3290 1499 3349 praeterea
1548 3284 1833 3338 Dominum
1879 3288 2026 3342 omni

464 3367 586 3421 vitae
637 3376 874 3436 tempore
924 3370 1247 3438 prmstolari.
1303 3369 1410 3425 Sed
1463 3371 1708 3428 illatenus
1771 3390 1876 3429 non
1948 3385 2030 3431 est

463 3457 861 3513 subsistendum
892 3478 905 3513 :
944 3478 1065 3514 nam
1095 3476 1193 3515 ccu
1244 3464 1436 3534 pignus
1473 3465 1763 3531 quoddam,
1808 3483 2029 3522 conser-

464 3568 652 3607 vorum
686 3567 872 3606 curam
921 3568 949 3605 a
1000 3552 1226 3608 Domino
1272 3568 1460 3608 nostro
1502 3557 1844 3625 accipientes,
1889 3572 2025 3627 prm-

463 3655 609 3700 stare
646 3643 801 3698 iidem
829 3653 1056 3712 oportet,
1080 3653 1134 3698 et
1170 3646 1250 3700 sic
1284 3645 1468 3702 lideles
1492 3663 1555 3700 ac
1586 3651 1877 3715 prudentes
1903 3666 2029 3706 eva-

458 3738 626 3803 dere;
674 3753 741 3791 ne
791 3720 1026 3807 unquam
1072 3738 1461 3808 intempestive,
1512 3743 1607 3795 sed
1649 3741 1839 3798 idoneo
1890 3753 2027 3798 tem-

461 3849 628 3901 pore,
677 3837 957 3890 conservis
1010 3837 1208 3890 nostris
1275 3836 1585 3889 alimoniam
1638 3837 2023 3906 praebeamus:

462 3942 637 3994 neque
673 3930 809 3981 hanc
839 3929 1171 3995 negligenter
1194 3939 1287 3982 aut
1314 3945 1456 3993 sero,
1491 3943 1612 3982 cum
1649 3943 1734 3981 res
1761 3925 2023 3995 postulat;

465 4036 641 4088 neque
677 4036 864 4074 rursus
910 4021 1198 4093 immodice
1243 4022 1329 4075 ubi
1379 4037 1481 4074 non
1530 4028 1612 4074 est
1645 4034 1800 4087 opus.
1847 4019 1939 4073 sed
1974 4028 2027 4072 et

459 4125 557 4165 suo
588 4121 829 4179 tempore
854 4119 908 4164 et
943 4125 1046 4164 non
1076 4109 1193 4165 sine
1222 4110 1458 4164 modulo.
1488 4106 1545 4163 ld
1579 4123 1707 4163 vero
1741 4106 2028 4175 dupliciter

458 4202 762 4258 [sciendum
797 4210 906 4265 est,
956 4215 1146 4263 nempe
1188 4210 1245 4255 et
1286 4199 1535 4254 rationali
1573 4197 1868 4266 juvamine,
1899 4198 2025 4254 dum

458 4310 646 4349 eorum
690 4292 901 4347 animas
940 4293 1202 4348 doctrinm
1249 4292 1441 4362 pabulo
1470 4292 1720 4346 meliores
1761 4290 2023 4355 facimus;

457 4395 515 4439 et
572 4385 832 4439 materiali
878 4385 1040 4439 etiam
1083 4398 1217 4452 ope,
1260 4399 1387 4452 erga
1453 4398 1546 4439 eos
1611 4385 1701 4452 qui
1764 4383 2022 4449 eiusmodi

458 4478 697 4533 subsidio
733 4487 912 4546 egent.
960 4479 1140 4544 Atque
1188 4475 1322 4540 haec,
1359 4477 1600 4543 inquam,
1628 4477 1807 4530 omnia
1855 4476 2025 4531 conti-

457 4581 648 4627 neuter
691 4570 927 4624 curanda
961 4576 1119 4633 sunt,
1165 4578 1224 4621 ut
1264 4566 1308 4620 si
1358 4560 1498 4620 forte
1544 4565 1800 4621 Dominus
1842 4575 2025 4620 noster

455 4666 636 4719 subito
680 4665 977 4717 adventans
1022 4662 1325 4730 demigrare
1369 4675 1551 4713 secum
1584 4674 1684 4713 nos
1726 4654 1931 4729 iubeat,
1968 4659 2019 4713 iu

455 4756 726 4823 praedictis
778 4764 1055 4809 versantes
1103 4769 1200 4806 nos
1251 4749 1657 4819 deprehendat,
1715 4760 2022 4818 sortemque

456 4855 602 4902 recte
631 4848 807 4916 agenti
838 4846 1036 4912 tribuat
1065 4845 1243 4913 priore
1276 4843 1440 4897 multo
1474 4841 1751 4909 majorem.
1781 4838 2022 4909 Namque

452 4940 524 4995 ob
547 4939 758 5009 vigilias
785 4940 973 5007 suique
1003 4938 1263 4992 adventus
1287 4934 1738 5001 exspectationem
1768 4932 2014 5001 spondet,

454 5033 563 5088 illis
590 5029 1071 5095 discumbentibus,
1096 5029 1429 5083 succinctum
1461 5040 1517 5080 se
1549 5024 2011 5079 ministratorum:

452 5128 525 5181 ob
553 5127 760 5182 ﬁdelem
794 5138 920 5178 vero
949 5137 1013 5177 ac
1044 5121 1360 5192 prudentem
1395 5116 1772 5171 villicationem
1816 5123 2016 5183 tempe-

453 5219 762 5288 stivamque
806 5215 1047 5271 demensi
1077 5210 1536 5274 distributionem,
1581 5208 1705 5277 quia
1737 5207 1850 5262 vult
1889 5208 2018 5262 bea-

456 5310 693 5364 tissimos
728 5309 1028 5373 declarare,
1059 5321 1162 5361 non
1195 5303 1352 5358 alicui
1385 5303 1520 5370 parti
1549 5303 1639 5355 sed
1675 5301 2019 5355 facultatibus

454 5396 720 5449 universis
750 5410 809 5450 se
846 5396 1221 5462 praefecturam
1254 5392 1470 5448 felicem
1513 5390 1658 5444 illum
1682 5401 2019 5444 sacramento

450 5514 498 5547 ”
540 5514 696 5568 Prov.
728 5529 800 5580 tv,
827 5515 918 5568 ‘25.
995 5517 1010 5547 ί
1049 5516 1176 5571 CAP.
1207 5530 1307 5577 xu,
1337 5513 1426 5567 ιιι.

527 5611 638 5685 (60)
679 5610 945 5685 Notabilis
977 5612 1217 5665 doctrina
1261 5610 1504 5685 Eusebii,
1534 5608 2015 5685 antiquiss_irni_au-

453 5682 639 5749 eloris,
668 5681 734 5737 de
765 5681 1077 5751 augclorum
1130 5696 1258 5749 erga
1306 5681 1547 5737 homines
1584 5678 1735 5736 cura.
1780 5678 2026 5736 Proiecto

2129 3206 2328 3268 παντὸς
2348 3208 2439 3260 καὶ
2470 3208 2559 3260 τὸν
2592 3210 2828 3279 κλέπτην
2851 3209 3245 3278 διαφυλάττειν,
3286 3215 3359 3287 μὴ
3407 3217 3583 3272 λαθὼν
3621 3220 3699 3272 δι-

2129 3297 2344 3368 ορύξειε
2374 3301 2435 3352 τὸ
2460 3301 2559 3370 τῆς
2584 3302 2760 3372 ψυχῆς
2788 3309 3026 3376 ταμεῖον,
3066 3309 3421 3380 ἀποσυλήσειὲ
3446 3329 3505 3364 τε
3549 3313 3616 3366 τὰ
3645 3314 3705 3368 ἐν

2128 3388 2275 3459 αύτῷ
2302 3392 2639 3460 συνηγμένα·
2672 3394 2748 3446 ἔτι
2781 3412 2843 3462 γε
2874 3398 2972 3467 μὲν
3019 3400 3111 3452 καὶ
3139 3401 3229 3453 τὸν
3273 3403 3463 3455 ἑαυτοῦ
3503 3405 3706 3477 Κύριον

2130 3481 2305 3535 πάντα
2345 3478 2433 3535 τὸν
2474 3486 2572 3553 τῆς
2618 3484 2763 3556 ζωῆς
2806 3490 2993 3559 χρόνον
3044 3492 3376 3563 ἐκδέχεσθαι.
3422 3495 3577 3550 Ἀλλὰ
3629 3498 3704 3568 μὴ

2137 3571 2296 3642 μέχρι
2332 3572 2534 3627 τούτων
2567 3577 2785 3631 ἑστάναι
2807 3597 2821 3611 ο
2855 3581 3183 3654 παραθήκην
3213 3584 3258 3637 δ’
3298 3585 3484 3659 ὥσπερ
3517 3589 3702 3642 ὑποδεσ

2129 3660 2394 3731 ξαμένους
2428 3665 2581 3738 παρὰ
2610 3667 2703 3720 τοῦ
2740 3670 2945 3724 ἑαυτῶν
2978 3674 3248 3727 Δεσπὸτου
3297 3677 3395 3749 τὴν
3440 3680 3547 3732 τῶν
3582 3698 3704 3733 συν·

2126 3751 2325 3807 δούλων
2355 3755 2508 3825 ἡμῶν
2537 3758 2878 3829 κηδεμονίαν,
2907 3763 3194 3830 φυλάττειν
3223 3767 3319 3839 τὴν
3340 3769 3519 3824 πίστιν
3538 3788 3702 3842 προσ-

2129 3846 2273 3916 ήκει,
2317 3846 2458 3901 οὕτω
2502 3867 2561 3902 τε
2604 3854 2827 3917 πιστοὺς
2877 3856 3253 3922 γενέσθαικαὶ
3310 3862 3600 3933 φρονίμους
3628 3864 3704 3928 ὡς

2132 3940 2341 4009 μήποτε
2373 3942 2637 4012 ἀκαίρως,
2661 3945 2821 3999 ἀεὶδὲ
2853 3949 2930 4019 τῷ
2984 3952 3309 4021 προσήκοντι
3369 3955 3564 4025 καιρῷ,
3592 3960 3703 4019 τοῖς

2129 4026 2414 4101 ἡμετέροις
2442 4034 2743 4099 συνδούλοις
2787 4039 2847 4090 τὸ
2882 4044 3184 4112 σιτηρέσιον
3240 4044 3532 4114 διανέμειν,
3566 4050 3701 4117 μήτε

2128 4121 2483 4191 παρορῶντας
2528 4126 2620 4177 καὶ
2670 4127 3141 4200 ὑπερτιθεμένους,
3176 4133 3263 4185 ὅτε
3311 4134 3411 4197 δεῖ,
3456 4136 3581 4207 μήτ’
3637 4138 3697 4189 ού

2127 4210 2398 4282 δεομένοις
2426 4215 2757 4286 παρέχοντας
2789 4220 3052 4290 ἀκαίρως,
3080 4222 3217 4276 ἀλλὰ
3266 4226 3357 4278 καὶ
3406 4226 3580 4297 καιρῷ
3622 4227 3701 4297 τῷ

2130 4305 2480 4375 προσήκοντι,
2518 4309 2611 4360 καὶ
2638 4308 2710 4379 μὴ
2738 4310 2990 4382 ἀμέτρως
3012 4313 3168 4366 τοῦτο
3198 4320 3400 4369 ποιεῖν’
3448 4318 3599 4371 τοῦτο
3638 4319 3699 4373 δὲ

2130 4394 2385 4462 πράττειν
2413 4395 2551 4448 κατὰ
2581 4397 2673 4449 δύο
2701 4398 2951 4469 τρόπους,
2982 4401 3069 4455 διά
3102 4420 3159 4455 τε
3202 4405 3298 4475 τῆς
3336 4405 3701 4479 λογικωτέρας

2129 4484 2395 4553 ὡφελείας
2420 4486 2517 4549 τὰς
2541 4487 2716 4557 ψυχὰς
2742 4486 2921 4543 αὐτῶν
2941 4493 3279 4562 βελτιοῦντας
3310 4503 3428 4563 ταῖς
3466 4500 3555 4554 διὰ
3592 4499 3701 4553 τῶν

2138 4574 2474 4645 μαθημάτων
2498 4582 2743 4648 τροφαῖς,
2770 4578 2863 4661 διε
2888 4600 2949 4635 τε
2972 4584 3071 4653 τῆς
3090 4586 3195 4639 τῶν
3226 4587 3496 4658 αἰσθητῶν
3534 4591 3703 4661 ύπαρ·

2128 4663 2330 4731 χόντων
2362 4662 2495 4733 πρὸς
2522 4668 2648 4730 τοὺς
2680 4662 2874 4731 Evocare
2914 4671 3258 4741 ἐπικουρίας·
3294 4673 3464 4728 ταῦτα
3508 4675 3563 4729 δὲ
3613 4676 3700 4729 διὰ

2129 4753 2327 4815 παντὸς
2356 4754 2617 4822 ἐνεργεῖν,
2656 4756 2760 4820 ἵνα,
2792 4758 2993 4812 εἴποτε
3027 4760 3234 4831 ἀθρόως
3264 4764 3487 4826 ἐπιστάς
3526 4765 3555 4816 ό
3589 4766 3703 4818 Κύ-

2133 4860 2245 4913 ριος
2270 4844 2424 4915 ἡμῶν
2451 4846 2547 4917 τὴν
2573 4844 2884 4919 παράληψιν
2914 4853 3067 4921 ἡμῶν
3087 4857 3305 4918 ποιοῖτο,
3332 4856 3509 4925 εὑρεῖν
3527 4857 3700 4909 ταῦτα

2126 4934 2458 5003 πράττοντας
2493 4936 2658 5006 ἡμᾶς,
2687 4940 3013 5008 ἐπαγγελίαν
3040 4960 3096 4994 τε
3122 4943 3199 5012 τῷ
3224 4945 3315 4997 καὶ
3346 4944 3518 4998 ταῦτα
3551 4964 3687 4999 κατ-

2122 5020 2366 5093 ορθοῦντι
2407 5023 2499 5076 τοῦ
2546 5029 2806 5099 προτέρου
2847 5030 3272 5088 πολλαπλασίονα
3305 5032 3533 5087 δίδωσιν.
3579 5034 3707 5093 Ἐπὶ,

2127 5118 2225 5183 μὲν
2258 5118 2365 5187 γάρ
2388 5116 2463 5187 τῷ
2499 5119 2879 5189 ἐγρηγορέναι,
2928 5125 3021 5176 καὶ
3047 5122 3141 5195 τὴν
3175 5126 3336 5178 αὑτοῦ
3374 5126 3462 5179 διὰ
3499 5133 3704 5197 παντὸς

2128 5210 2442 5277 περιμένειν
2502 5212 2823 5281 παρουσίαν,
2877 5212 3179 5268 ἀνακλίνειδ
3230 5218 3569 5291 ἐπήγγελται
3609 5227 3701 5277 καὶ

2125 5298 2439 5369 διακονῆσαι
2475 5302 2634 5365 αὐτὸς
2659 5303 3099 5376 περιζωσάμενος
3123 5324 3137 5337 ’
3182 5308 3273 5360 ἐπὶ
3313 5308 3373 5366 δέ
3423 5317 3487 5386 τῇ
3533 5318 3695 5386 πιστῇ

2126 5393 2218 5445 καὶ
2246 5392 2472 5465 ἔμφρονι
2495 5396 2773 5467 οἰκονομίᾳ
2795 5399 2963 5468 nisi)
2998 5398 3136 5451 κατὰ
3167 5401 3359 5474 καιρὸν
3387 5406 3697 5478 διανεμήσει

2128 5609 2323 5678 ubique
2353 5611 2643 5670 cernimus.
2676 5611 2927 5665 Ecclesia:
2971 5612 3245 5677 hodiernae
3289 5620 3564 5678 catholicae
3612 5620 3680 5678 do

2135 5682 2365 5736 t'trlnam
2394 5683 2584 5752 priscis
2616 5682 2864 5738 Patribus
2892 5683 3152 5745 ittnlxat‘n.
