4108 6204
388 293 498 351 565
1553 280 2059 341 COMMENTARIA
2092 279 2157 334 IN
2200 276 2433 333 LUCAM
2443 317 2454 330 .
3515 260 3622 317 566

384 411 488 482 τῆς
513 409 744 481 τροφῆς,
779 405 1208 478 τρισμακαρίους
1236 403 1450 476 ἀληθῶς
1478 403 1814 471 ἀποφαίνων,
1870 403 1970 456 οὐκ

2077 400 2375 454 confirmat.
2429 394 2562 449 Hinc
2608 392 2771 446 etiam
2823 387 3066 442 eruditus
3113 382 3271 438 divus
3311 379 3619 446 Apostolus,

508 470 562 554 τί
596 470 781 572 μέρος,
806 470 919 554 dli;
951 470 1285 550 é‘l't‘t'ﬂ'év1w‘l
1317 470 1425 548 τῶν
1477 497 1829 568 ὑπαρχόντων
1859 511 1960 547 κα-

2077 489 2334 560 perfectos
2360 484 2656 542 secundum
2700 481 2887 542 Deum,
2917 476 3147 531 Iuvredes
3182 472 3299 536 Dei,
3333 470 3624 537 Christique

385 561 682 664 ταστήσειν
715 561 808 644 τόν
851 588 1286 662 μακαριζόμενον
1334 589 1470 660 μετὰ
1512 561 1826 659 προσθήκης
1868 583 1961 639 τοῦ

2077 580 2384 641 :oliwredes,
2439 576 2666 631 vocabat
2692 577 2749 640 ¹,
2795 571 3081 636 aiebatque
3122 583 3137 621 :
3172 564 3290 622 Sive
3331 565 3433 617 rita
3458 600 3472 624 ,
3520 561 3625 614 sive

388 654 560 755 dixit“.
593 654 949 736 ἐπιστώσατο.
983 654 1174 734 Ἔνθεν
1229 654 1346 734 καὶ-
1369 683 1397 734 ὀ
1453 654 1595 752 ἱερός
1637 654 1961 740 Ἀπόστολος

2077 689 2234 736 mors,
2281 672 2388 723 sive
2438 665 2750 737 praesentia,
2795 662 2898 715 sive
2950 659 3163 727 futura,
3209 654 3392 708 omnia
3443 659 3626 708 nostra

390 739 757 846 dispelnpévog,
797 776 923 837 τοὺς
955 775 1094 826 κατά
1124 774 1256 826 Θεὸν
1280 739 1516 836 τελείους
1548 739 1960 839 κληρονόμους

2077 778 2187 819 esse
2221 763 2261 816 ³.
2320 759 2463 830 Opes
2509 768 2688 812 autem
2736 754 2880 811 illius
2927 746 3266 818 intelligenda
3302 751 3428 828 sunt
3479 739 3626 810 regni

396 869 546 922 Θεοῦ
569 867 666 921 καὶ
697 866 1220 937 τυγιιληρονόμους
1247 864 1502 934 Χριστοῦ
1520 863 1721 926 ἐκάλει,
1738 863 1831 915 καὶ
1847 861 1963 913 ἕλε-

2077 867 2224 920 bona,
2255 865 2374 922 qua:
2401 848 2591 904 oculus
2621 862 2727 900 non
2758 843 2912 897 vidit.

393 977 508 1029 γεψ
534 961 670 1014 Elrs
706 922 838 1026 (uti),
872 922 992 1012 εἶτε
1036 922 1307 1022 (hirneae:
1350 955 1454 1008 εἴτ’
1484 922 1800 1016 ἐνεστῶτα,
1849 953 1967 1005 εἴτε
2012 946 2336 1018 μέλλοντα,
2410 941 2588 995 πάντα.
2633 936 2789 1009 ἡμῶν
2856 930 3019 995 εἶναι.
3059 931 3398 1001 Ύπάρχοντα
3438 927 3483 982 δ’
3532 922 3627 976 αὑ-

391 1051 486 1106 τοῦ
519 1065 588 1106 ται
624 1053 682 1105 ὲν
735 1054 801 1123 τῇ
848 1050 1095 1121 βασιλείᾳ
1135 1050 1353 1120 νοητὲον
1399 1047 1597 1118 ἀγαθὰ,
1626 1047 1661 1100 ἀ
1685 1045 1958 1116 ὀφθαλμὸς
1984 1041 2082 1095 ούκ
2111 1036 2268 1092 εἶδεν.

583 1149 716 1200 Ἐὰν
746 1146 797 1199 δ’
825 1147 965 1214 sirm
989 1150 1020 1200 ό
1047 1146 1264 1211 δοῦλος
1289 1145 1537 1210 ἐκεῖνος,
1573 1163 1627 1197 κ.
1652 1161 1702 1196 τ.
1737 1144 1787 1196 λ.

475 1240 539 1292 ⁸0
571 1238 667 1310 μὲν
697 1239 883 1301 πιστὸς
915 1238 1009 1292 καὶ
1043 1238 1302 1308 φρόνιμος
1327 1236 1582 1289 τοιούτων
1605 1233 1879 1298 τεύξεται·
1935 1234 1962 1284 ὁ

392 1333 439 1386 δ’
486 1332 725 1394 ἐναντίος
757 1330 930 1400 τούτῳ
954 1328 1125 1400 ὀργῆς
1157 1329 1422 1381 Δεσπότου
1456 1327 1858 1399 πειραθήσεται,
1888 1325 1962 1377 δι-

395 1421 718 1494 χοτομηθεὶς
749 1423 842 1474 καὶ
863 1420 1297 1490 ἀποτεμνόμενος
1325 1419 1416 1472 τοῦ
1445 1417 1693 1488 σώματος
1705 1417 1812 1470 τῶν
1835 1417 1965 1484 ἀγαο

396 1514 507 1569 ιῶν
537 1513 758 1578 δούλων,
794 1513 992 1582 κλῆρόν
1040 1529 1098 1565 τε
1144 1513 1236 1565 καὶ
1277 1511 1467 1583 μερίδα
1504 1511 1791 1582 λαμϐάνων
1824 1508 1962 1580 μετά

395 1601 509 1654 τῶν
541 1599 848 1671 ὑποκριτῶν
880 1600 912 1671 ἢ
942 1599 1050 1652 τῶν
1083 1599 1353 1653 ἀπίστων·
1390 1592 1463 1652 ὧν
1517 1601 1578 1652 τὸ
1622 1599 1772 1662 τέλος
1799 1599 1963 1652 κλαυ-

2389 1130 2541 1195 Quod
2568 1127 2614 1181 si
2648 1124 2838 1177 dixerit
2875 1135 3055 1174 servus.
3091 1117 3202 1181 ille,
3225 1125 3331 1171 etc.

2132 1224 2327 1280 Fidelis
2362 1221 2578 1291 quidem
2621 1225 2675 1271 et
2709 1213 2944 1286 prudens
2991 1210 3102 1264 haec
3149 1209 3285 1264 bona
3326 1221 3622 1276 conseque-

2062 1329 2187 1371 tnr:
2233 1316 2357 1370 huic
2400 1309 2676 1367 dissimilis
2719 1308 2856 1361 iram
2894 1301 3103 1358 Domini
3153 1300 3493 1370 experietur;
3537 1299 3617 1352 di-

2061 1408 2273 1461 videtur
2314 1402 2540 1466 scilicet,
2591 1415 2652 1454 ac
2687 1395 3028 1468 separabitur
3060 1407 3088 1444 a
3125 1392 3386 1444 bonorum
3438 1401 3624 1444 servo-

2068 1515 2183 1553 rum
2213 1509 2456 1565 corpore,
2486 1501 2810 1563 sortemque
2847 1503 3000 1542 suam
3044 1494 3098 1540 et
3127 1491 3332 1554 partem
3364 1496 3486 1538 cum
3524 1479 3628 1547 ity-

2066 1589 2288 1659 pocritis
2322 1588 2436 1647 sive
2478 1583 2782 1638 inlidelibus
2823 1578 3066 1647 recipiet,
3107 1590 3336 1644 quorum
3390 1571 3514 1626 linis
3545 1571 3623 1624 lu-

397 1690 535 1760 θμὸς
566 1689 660 1742 καὶ
685 1661 924 1760 ᾖρυγμὸς
945 1687 1052 1740 τῶν
1084 1688 1327 1740 ὀδόντων.
1353 1689 1490 1742 Ὅσα
1521 1691 1627 1760 γάρ
1651 1661 1763 1751 τοῖς
1785 1687 1962 1740 ὀδοῦσι

2077 1689 2183 1734 ctus
2226 1688 2282 1732 et
2325 1677 2521 1732 stridor
2563 1674 2819 1727 dentium.
2879 1668 3010 1723 Nam
3070 1676 3326 1736 quantmn
3381 1661 3630 1718 dentibus

398 1749 810 1852 acutiqcﬁts,'itat
957 1780 1356 1851 μεθυσκόμενος
1407 1749 1763 1851 ἐπλημμὲλει,
1794 1779 1964 1833 ταῦτα

2077 1770 2339 1826 levoravit
2379 1778 2434 1823 et
2461 1767 2722 1821 ebrietate
2769 1762 3030 1830 peccavit,
3081 1758 3413 1814 tantumdem
3451 1755 3630 1823 plora.

399 1872 799 1926 ἀποκλαύσεται
822 1889 834 1902 ⁸
867 1871 1023 1941 δίκην
1051 1873 1149 1942 τὴν
1182 1874 1559 1943 προσήκουσαν
1584 1871 1760 1935 διδοὺς
1788 1872 1886 1941 τῆς
1906 1889 1964 1924 τε

400 1966 540 2020 κατὰ
561 1965 667 2019 τῶν
698 1965 995 2018 συνδούλων
1021 1964 1381 2035 παρανομίας,
1405 1965 1498 2016 καὶ
1525 1964 1625 2033 τῆς
1669 1964 1965 2018 ἀκολάστου

400 2060 630 2129 τρυφῆς,
654 2055 1103 2129 καταφρονήσεως
1135 2074 1193 2110 τε
1223 2057 1320 2128 τῆς
1362 2059 1443 2120 είς
1481 2058 1570 2110 τὸν
1590 2057 1883 2128 Δεσπότην,
1909 2057 1968 2110 ὃν

400 2147 665 2218 ὡμολόγει
701 2147 797 2217 μὲν
845 2146 919 2217 μὴ
947 2147 1181 2214 ἀγνοεῖν,
1221 2147 1312 2200 καὶ
1361 2147 1475 2218 ᾔδει
1517 2148 1591 2211 ὼς
1631 2147 1738 2220 ἄρα
1767 2147 1968 2221 Κύριον

402 2238 536 2309 ἔχει,
564 2237 954 2292 ἀναϐάλλεσθαι
980 2237 1037 2290 δὲ
1069 2239 1228 2291 αὑτὸν
1263 2239 1361 2310 τὴν
1401 2240 1578 2309 κρίσιν
1618 2242 1698 2303 εἰς
1729 2242 1970 2311 μακροὺς

402 2333 626 2404 χρόνους
647 2332 1062 2404 ὑπολαμϐάνων,
1092 2333 1281 2386 ἑαυτὸν
1307 2335 1510 2404 ἠπάτα.

408 2424 532 2478 Τίνι
582 2421 848 2492 ὁμοιώσω
889 2422 1016 2493 τὴν,
1044 2423 1372 2493 βασιλείαν
1419 2423 1526 2493 τοῦ
1571 2424 1754 2486 Θεοῦ;
1801 2425 1972 2493 ὁμοία

892 2492 1024 2546 ἐστὶ
1051 2491 1219 2562 ζύμῃ,
1253 2511 1304 2547 κ.
1339 2511 1390 2546 τ.
1420 2492 1468 2547 λ.

473 2581 663 2654 Ζύμην
684 2583 782 2654 τὴν
809 2582 915 2638 ἀπὺ
944 2581 1039 2635 τοῦ
1067 2583 1268 2654 σπόρου
1302 2583 1836 2654 τελεσιουργηθεῖσαν
1859 2583 1973 2636 ’δύ-

404 2693 569 2746 ναμιν
597 2677 625 2728 ὀ
649 2675 840 2745 Σωτὴρ
864 2675 1138 2745 ὀνομάζει,
1170 2677 1231 2729 τὸ
1259 2673 1484 2745 Πνεῦμα
1511 2676 1570 2728 τὸ
1603 2675 1755 2744 ἆγιον
1788 2675 1972 2728 τοῦτον

408 2765 750 2838 αἰνιξάμενος
777 2766 868 2820 τὸν
895 2767 1116 2838 τρόπον.
1160 2768 1220 2820 '0
1240 2766 1368 2836 γοῦν
1401 2766 1500 2836 τῆς
1544 2767 1793 2837 οὐρανίου
1824 2765 2000 2835 βασι-κ

407 2861 555 2924 λείας
579 2859 768 2928 Λόγος,
803 2858 940 2930 μετὰ
990 2860 1088 2929 τὴν
1131 2859 1355 2931 πρώτην
1407 2861 1465 2911 ὲν
1498 2859 1741 2929 οὐρανοῖς
1771 2859 1974 2928 σπορὰν

408 2950 684 3021 αὐξηθεὶς,
739 2952 831 3004 καὶ
894 2950 1105 3022 καρπὸν
1158 2951 1390 3015 ἀποδοὺς
1439 2950 1647 3021 ἐντελῆ,
1679 2951 1771 3002 τοῦ
1821 2950 1973 3018 ἁγίου

408 3040 723 3126 Πνεῦματος
776 3041 873 3112 τὴν
911 3040 1266 3126 ἐπιχορηγίαν
1309 3045 1420 3104 τοῖς
1475 3041 1560 3094 διὰ
1604 3040 1710 3093 τῶν
1746 3039 1974 3112 πρώτων

411 3134 776 3204 ὼφελημένοις
829 3133 1077 3204 παρέχει,
1123 3132 1297 3204 ζύμης
1325 3133 1476 3203 δίκην
1519 3132 1744 3204 φύραμα
1776 3132 1975 3204 ζυμού-

415 3240 535 3295 σης.
568 3225 706 3296 Γυνὴ
736 3225 792 3278 δὲ
827 3224 1052 3295 ταύτην,
1085 3227 1117 3296 ἡ
1150 3216 1310 3293 σοφία
1334 3225 1424 3278 τοῦ
1455 3224 1608 3289 Θεοῦ,
1638 3227 1718 3288 είς
1747 3223 1972 3295 ἀλεύρου

415 3317 552 3372 σάτα
604 3317 728 3388 τρία
769 3315 1088 3387 ὲγκρύπτει.
1144 3319 1268 3381 Τοῖς
1295 3315 1425 3385 γοῦν
1471 3317 1852 3388 πορισαμένοις
1911 3319 1975 3371 ὲκ

413 3406 610 3477 πολλῆς
657 3407 972 3476 ἐπιμελείας
1026 3405 1120 3460 καὶ
1163 3406 1263 3476 τῆς
1311 3405 1404 3458 τοῦ
1461 3406 1658 3478 σπόρου
1704 3404 1976 3476 γεωργίας

413 3497 641 3570 ἀλεύρου
673 3499 809 3551 σάτα
856 3497 1003 3569 τρία,
1052 3497 1294 3568 δόγματα
1345 3497 1462 3550 θεῖα
1503 3498 1596 3550 καὶ
1633 3499 1830 3566 γνῶσιν
1878 3497 1974 3569 τὴν

417 3590 544 3660 περὶ
579 3590 791 3661 Πατρός
820 3589 912 3642 καὶ
943 3588 1071 3642 Υίοῦ
1097 3589 1190 3642 καὶ
1220 3588 1374 3656 ἁγίου
1413 3589 1744 3660 Πνεύματος,
1799 3590 1832 3659 ἡ
1879 3589 1973 3642 τοῦ

415 3681 550 3734 Θεοῦ
597 3682 758 3750 σοφία
797 3680 858 3734 τὸ
895 3681 1048 3749 ἆγιον
1103 3679 1328 3751 Πνεῦμα
1375 3684 1625 3752 χορηγεῖε
1683 3681 1792 3752 ἡδ’
1841 3678 1976 3750 αὑτὴ

418 3773 537 3827 καθ’
585 3774 777 3844 ἑτέραν
806 3773 1042 3827 διάνοιαν
1072 3772 1249 3826 πάντα
1286 3773 1376 3826 τὸν
1412 3772 1504 3825 τοῦ
1537 3771 1668 3825 Θεοῦ
1697 3771 1976 3844 ἄνθρωπον

416 3868 480 3920 ὲκ
503 3867 746 3938 σώματος
771 3867 865 3920 καὶ
889 3865 1064 3936 ψυχῆς
1084 3866 1178 3918 καὶ
1210 3865 1515 3936 πνεύματος
1547 3864 1871 3929 συνεστῶτα,
1909 3867 1974 3936 τῇ

417 3960 672 4030 ὲπιχορηγ
686 3959 740 4029 ίᾳ
759 3959 856 4029 τῆς
873 3957 1022 4021 θείας
1039 3957 1383 4028 ὲμπνεύσεως
1400 3957 1578 4027 ζυμοῖ,
1603 3957 1978 4027 ὲγκρύπτουσα

415 4050 516 4120 τὴν
540 4050 599 4114 ἐξ
625 4049 793 4120 αὐτῆς
831 4049 1096 4118 ὠφέλειαν
1127 4051 1205 4112 είς
1233 4048 1459 4120 ἀλεύρου
1493 4048 1627 4100 σάτα
1654 4047 1779 4118 τρία
1803 4047 1870 4100 τὰ
1896 4063 1980 4099 νε-

416 4140 676 4211 νοημένα,
702 4141 804 4206 ἕως
837 4134 896 4193 οὗ
925 4139 1148 4213 ζυμωθῇ
1173 4140 1311 4194 ὅλον.
1336 4139 1488 4193 Οῦτω
1525 4139 1651 4208 γοῦν
1683 4141 1747 4210 τῇ
1782 4140 1976 4210 μετοχῇ

416 4232 518 4301 τῆς
542 4231 790 4303 οὐρανίου
816 4229 992 4302 ζύμης
1016 4231 1259 4302 ποιηθεὶς
1293 4231 1386 4284 καὶ
1417 4229 1704 4302 ζυμωθεὶς,
1736 4229 1980 4302 οὐράνιος

418 4323 516 4378 καὶ
543 4323 910 4394 πνευματικὸς
938 4322 1263 4394 χρηματίσει
1289 4320 1590 4392 ἄνθρωπος,
1620 4321 1714 4376 καὶ
1741 4321 1857 4373 νέον
1884 4319 1981 4389 φύ-

423 4432 593 4487 ραμα,
618 4416 693 4478 ὼς
719 4415 784 4468 ἂν
815 4417 1015 4485 μικρᾶς
1056 4415 1301 4486 κράσεως
1340 4413 1652 4482 γενομένης,
1676 4412 1783 4465 τῶν
1816 4411 1980 4482 τριῶν
2013 4449 2057 4504 D

420 4505 663 4576 ἀλεύρων
701 4504 1122 4575 ἀποδεδομένων,
1170 4504 1263 4556 καὶ
1306 4503 1403 4574 τῆς
1436 4504 1493 4555 ἐν
1528 4504 1709 4566 αὐτοῖς
1750 4501 1983 4573 ἐμπνεύ-

421 4615 575 4660 σεως.
615 4599 721 4654 Καὶ
743 4598 807 4670 δὴ
833 4598 950 4662 νέος
985 4598 1145 4670 ἄρτος
1173 4597 1266 4650 καὶ
1295 4596 1654 4666 πνευματικὸς
1684 4596 1982 4665 γενόμενοι,

420 4689 561 4742 κατά
595 4690 683 4746 τὸν
713 4689 1050 4754 Ἀπόστολον,
1095 4688 1154 4751 ὃς
1201 4704 1386 4759 φησιν,
1423 4685 1527 4752 Εἷς
1567 4686 1743 4753 ἄρτος
1782 4687 1879 4739 καὶ
1919 4685 1986 4740 ἓν

419 4776 591 4846 σῶμά
613 4778 800 4846 ἐσμεν
827 4781 882 4831 οὶ
911 4777 1148 4842 πολλοὶ,
1175 4777 1356 4830 εἰκόνα
1387 4778 1482 4829 καὶ
1504 4776 1755 4846 ὁμοίωσιν
1791 4775 1988 4846 ἀναλη-

417 4868 630 4939 ψόμεθα
652 4868 744 4927 τοῦ
774 4867 1035 4932 ζωοποιοῦ
1059 4869 1166 4923 τῶν
1195 4870 1328 4922 ὅλων
1373 4869 1559 4938 ἄρτου,
1589 4866 1648 4930 ὃς
1683 4869 1746 4920 ὲκ
1776 4866 1868 4918 τοῦ
1899 4867 1988 4920 οὑ·-

423 4959 587 5031 ρανοῦ
617 4958 1007 5030 καταϐέϐηκεν,
1035 4959 1210 5030 ἑαυτῷ
1252 4959 1659 5031 παραπλησίους
1715 4959 1811 5010 καὶ
1839 4959 1986 5027 ἡμᾶς

423 5048 898 5120 ἀπεργασάμενος.
938 5043 1010 5102 Εὖ
1051 5048 1108 5100 δὲ
1145 5050 1362 5116 γυναικὶ
1397 5049 1719 5119 ἀφωμοίωσε
1761 5046 1859 5116 τὴν
1902 5063 1988 5098 σο-

423 5139 550 5207 φίαν
576 5139 670 5192 τοῦ
704 5139 837 5193 Θεοῦ
874 5141 932 5192 ἐν
969 5138 1178 5202 τούτοις
1200 5154 1216 5171 ο
1254 5140 1487 5210 Χριστὸς
1540 5138 1596 5191 δέ
1641 5139 1846 5208 ἐστινὴ
1893 5136 1987 5190 τοῦ

422 5227 557 5280 Θεοῦ
589 5227 814 5299 δύναμις
858 5227 952 5281 καὶ
989 5226 1123 5279 Θεοῦ
1167 5227 1325 5296 σοφία
1364 5223 1708 5295 καταλλήλως
1755 5222 1832 5293 τῷ
1888 5223 1988 5293 τῆς

423 5317 602 5389 ζύμης
626 5318 1003 5390 ὑποδείγματι.
1036 5317 1244 5387 Ὠσπερ
1273 5315 1379 5388 γὰρ
1422 5317 1513 5369 ἐπὶ
1540 5317 1638 5386 τῆς
1675 5314 1989 5386 παραϐολῆς

422 5410 520 5466 τοῦ
562 5411 763 5482 σπόρου
801 5410 1074 5482 γεωργίου
1117 5407 1404 5478 πρόσωπον
1453 5409 1545 5462 καὶ
1589 5407 1831 5478 σπορέως
1890 5408 1992 5459 είσ-

420 5502 578 5572 ῆγεν,
606 5501 705 5555 οὐκ
724 5501 789 5555 ἂν
807 5501 1039 5570 εὐλόγως
1065 5502 1123 5569 έν
1149 5499 1374 5563 ἐκείνοις
1398 5497 1861 5570 μνημονευθείσης
1893 5513 1991 5564 γυ-

2063 1861 2172 1926 bit;
2202 1859 2375 1928 justas
2419 1858 2553 1912 dans
2611 1867 2796 1922 poenas
2859 1850 3159 1918 iniquitatis
3215 1864 3323 1904 sua:
3368 1848 3629 1902 adversus

2064 1965 2381 2014 conservos,
2444 1944 2960 2014 inlemperantisque
3033 1942 3294 2003 luxuriat.
3343 1948 3398 1994 et
3449 1938 3621 2008 spreti

2067 2039 2299 2104 Domini,
2336 2052 2495 2108 quem
2539 2035 2638 2090 sibi
2691 2049 2794 2088 non
2846 2031 3172 2100 incognitum
3218 2028 3511 2083 fatebatur.
3551 2028 3620 2082 Et

2066 2146 2197 2186 sane
2254 2131 2416 2200 probe
2463 2135 2687 2183 noverat
2735 2139 2795 2179 se
2845 2123 3072 2178 Domino
3115 2137 3218 2175 non
3265 2135 3487 2183 carere,
3531 2124 3623 2175 sed

2067 2222 2190 2276 dum
2215 2220 2476 2292 judicium
2507 2218 2574 2272 ab
2604 2230 2670 2270 eo
2700 2212 3003 2268 diutissime
3036 2211 3262 2265 dilatqu
3291 2210 3356 2265 iri
3389 2209 3629 2264 arbitra-

2071 2323 2179 2377 tur,
2208 2322 2382 2369 semet
2415 2311 2526 2380 ipse
2562 2306 2772 2363 fefellit.

2069 2408 2088 2436 ⁵
2119 2405 2214 2460 Cui
2243 2403 2414 2458 simile
2439 2401 2705 2456 (estimatio
2742 2412 2955 2466 regnum
2994 2394 3127 2448 Dei?
3167 2391 3354 2448 Simile
3398 2403 3472 2448 est
3524 2393 3633 2453 fer.

2689 2479 2883 2530 mento,
2911 2476 3015 2520 etc.

2139 2564 2409 2618 Fet-menti
2466 2561 2683 2616 nomine
2758 2558 2990 2628 appellat
3046 2556 3301 2621 Servator
3357 2553 3628 2616 efficacem

2072 2657 2294 2713 seminis
2351 2655 2492 2720 vim,
2545 2659 2789 2706 sanctum
2847 2648 3104 2717 Spiritum
3162 2648 3234 2700 ita
3300 2646 3630 2718 significans.

2072 2749 2236 2819 Igitur
2263 2745 2500 2800 caelestis
2531 2743 2679 2813 regni
2711 2742 2941 2805 Verbum
2974 2747 3091 2809 post
3135 2739 3362 2807 primam
3400 2738 3452 2792 in
3480 2729 3644 2796 caelis,

2074 2843 2338 2894 sationem
2387 2846 2625 2898 auctum,
2669 2833 3004 2902 fructumque
3045 2831 3336 2902 perfectqu
3383 2831 3645 2900 reddens,_

2077 2931 2248 2986 sancti
2283 2930 2516 3000 Spiritus
2549 2921 3003 2982 ministrationem
3042 2924 3106 2977 iis
3151 2923 3240 2992 qui
3273 2937 3300 2975 a
3336 2921 3524 2991 primis
3555 2922 3636 2974 iit-

2076 3025 2422 3080 stitutoribus
2479 3021 2669 3084 imbuti
2720 3018 2936 3073 fuerunt
2983 3017 3216 3086 praebet,
3267 3012 3515 3076 fermeuti
3553 3012 3638 3066 in.

2076 3130 2192 3175 star
2245 3132 2478 3173 massam
2556 3113 2949 3170 fermentanlis.
3011 3109 3201 3171 Mulier
3272 3117 3487 3172 autem,
3541 3105 3637 3161 Dei

2076 3226 2266 3280 nempe
2298 3209 2584 3281 sapientia,
2627 3207 2679 3261 in
2731 3203 2920 3259 farina:
2954 3203 3086 3258 satis
3131 3201 3302 3261 tribus
3336 3198 3634 3254 abscondit.

2075 3303 2183 3361 Illis
2227 3305 2408 3373 itaque
2437 3303 2525 3372 qui
2559 3299 2725 3354 multa
2762 3312 2890 3352 cura
2936 3307 2992 3350 et
3024 3293 3246 3348 seminis
3276 3291 3486 3346 cultura
3520 3298 3636 3344 sata

2077 3394 2264 3450 farinae
2291 3397 2391 3448 tria
2419 3390 2735 3454 obtulerint,
2761 3390 2941 3443 divina
2967 3400 3163 3454 nempe
3181 3385 3422 3451 dogmata
3441 3381 3635 3445 Patris,

2073 3485 2196 3549 Filii
2227 3483 2505 3552 sanctique
2533 3481 2765 3550 Spiritus
2795 3479 3066 3542 notitiam,
3098 3474 3364 3545 sapientia
3398 3474 3487 3528 Dei
3525 3471 3640 3544 Spi-

2077 3579 2240 3632 ritum
2279 3586 2524 3632 sanctum
2574 3572 2880 3642 suppeditat
2916 3587 2932 3624 :
2975 3571 3292 3636 eademque,
3340 3566 3638 3622 secundum

2076 3669 2238 3733 alium
2285 3683 2532 3731 sensum,
2575 3663 2866 3735 quemlibet
2916 3661 3008 3716 Dei
3045 3660 3352 3723 hominem,
3388 3673 3637 3726 corpore.

2077 3762 2256 3818 anima
2295 3760 2593 3831 spirituque
2644 3762 3018 3816 constantem,
3062 3751 3239 3806 divina
3291 3747 3640 3817 inspiratione

2077 3857 2385 3918 fermentat,
2426 3850 2758 3907 abscondens
2801 3846 3084 3900 utilitatem
3126 3857 3278 3897 suam
3327 3841 3378 3895 in
3429 3837 3640 3894 intelle-

2081 3949 2351 4007 ctualibus
2389 3945 2575 4001 farina:
2607 3943 2740 3998 satis
2775 3939 2946 3995 trihns
2993 3939 3160 3992 donec
3203 3944 3370 3989 totum
3405 3931 3642 3987 fermen-

2082 4051 2241 4096 tetur.
2294 4038 2385 4094 Sic
2435 4051 2563 4104 ergo
2613 4033 2847 4088 cmlestis
2900 4029 3145 4083 fermenti
3200 4024 3642 4096 participatione,

2079 4127 2315 4183 caelestis
2361 4127 2451 4179 fiet
2492 4121 2854 4192 spiritalisque
2906 4118 3099 4182 homo,
3134 4131 3378 4186 novaque
3425 4128 3600 4168 massa
3626 4152 3642 4175 ,

2081 4234 2242 4288 parva
2275 4217 2434 4271 veluti
2481 4215 2621 4269 facta
2651 4213 2789 4266 crasi
2833 4226 2898 4265 ex
2937 4211 3127 4263 farinis
3167 4209 3360 4270 tribus,
3391 4216 3446 4261 et
3481 4204 3646 4266 insita

2083 4311 2186 4366 illis
2220 4309 2593 4378 inspiratione.
2637 4303 2820 4359 Novus
2857 4302 3112 4356 nimirum
3165 4316 3263 4355 nos
3309 4299 3434 4352 facti
3483 4297 3645 4365 spiri-.

2084 4401 2204 4455 talis
2232 4401 2403 4469 panis,
2430 4399 2581 4469 juxta
2608 4395 2916 4466 Apostolnm
2947 4394 3210 4447 dicentem
3236 4391 3278 4454 ⁸,
3311 4387 3455 4442 Unus
3490 4390 3640 4456 panis

2089 4506 2346 4560 unumque
2375 4505 2562 4550 corpus
2605 4502 2780 4539 sumus
2810 4483 2985 4548 multi,
3026 4481 3307 4549 imaginem
3339 4477 3644 4534 similitudi-

2089 4595 2319 4650 nemque
2350 4577 2731 4633 contrahemus
2765 4574 3085 4628 vivificantis
3128 4572 3306 4625 omnia
3337 4569 3512 4639 panis,
3555 4568 3647 4637 qui

2086 4675 2151 4728 de
2177 4673 2315 4728 coelo
2343 4669 2639 4731 descendit,
2670 4681 2874 4736 nosque
2899 4666 2997 4720 sibi
3031 4661 3233 4718 similes
3257 4660 3454 4715 effecit.
3483 4660 3650 4713 Recte

2085 4780 2212 4820 vero
2261 4763 2468 4817 mulieri
2513 4759 2847 4829 comparavit
2881 4757 2981 4811 hoc
3015 4757 3130 4809 loco
3169 4752 3486 4820 sapientiam
3524 4751 3646 4814 Dei;

2085 4867 2168 4912 est
2191 4856 2334 4910 enim
2363 4853 2610 4908 Christus
2644 4859 2753 4902 tum
2784 4848 2875 4902 Dei
2908 4849 3098 4909 virtus,
3149 4855 3260 4899 tum
3304 4843 3396 4901 Dei
3433 4841 3649 4911 sapien-

2085 4948 2180 5010 tia,
2211 4944 2456 5000 fermenti
2499 4941 2745 5011 exemplo
2783 4948 3214 5008 reprzcsentatus.
3250 4933 3382 4989 Nam
3411 4934 3553 4987 sicut
3599 4930 3651 4987 iu

2086 5035 2310 5092 seminis
2357 5033 2642 5104 parabola,
2690 5029 2939 5100 agricola:
2993 5041 3274 5096 personam
3343 5021 3650 5098 satorisque

2088 5128 2320 5193 induxit,
2349 5141 2526 5197 neque
2557 5124 2699 5180 enim
2729 5123 2836 5177 illic
2865 5120 3148 5176 commode
3178 5113 3419 5171 mulieris
3449 5112 3652 5166 mentio

2089 5221 2228 5275 facta
2263 5218 2487 5281 fuisset,
2530 5218 2602 5270 ita
2635 5217 2734 5269 hoc
2775 5213 2892 5267 loco
2927 5211 3015 5265 ubi
3063 5210 3129 5264 de
3172 5208 3433 5262 fermento
3475 5217 3653 5258 sermo

2089 5323 2172 5368 est
2201 5312 2254 5366 in
2291 5311 2482 5364 farinae
2515 5317 2629 5361 sata
2666 5305 2766 5360 tria
2791 5302 3054 5372 conjecto,
3091 5299 3368 5370 aptissime
3394 5295 3648 5365 parabola

2093 5406 2144 5460 in
2198 5404 2419 5458 muliere
2458 5400 2682 5468 panillca
2728 5413 2848 5453 eum
2886 5397 2975 5467 qui
3020 5394 3128 5449 illic
3164 5393 3337 5448 dictus
3364 5398 3448 5445 est
3481 5401 3647 5444 scim.

2094 5504 2251 5550 nator
2280 5490 2698 5564 repraesentavit.

534 5681 555 5712 ³
589 5676 748 5734 Rom.
790 5693 902 5742 vni,
926 5678 1006 5732 l7.
1086 5679 1104 5711 ³
1141 5678 1158 5732 1
1191 5679 1312 5734 Cor.
1342 5695 1420 5747 ιιι,
1449 5677 1534 5734 2‘2.
1612 5677 1631 5708 ³
1671 5677 1797 5732 Ωιι».
1827 5689 1921 5740 xn,
1949 5673 1979 5728 -ί

2113 5672 2131 5705 ⁵
2172 5673 2294 5730 αλιι.
2329 5685 2442 5734 xm,
2468 5668 2557 5724 ‘20.
2637 5665 2711 5741 ξι
2744 5665 2868 5723 (lor.
2902 5681 2952 5735 κ,
2988 5663 3067 5718 Π.
