4108 6204
483 276 585 334 587

1186 282 1463 339 EUSEBII
1500 283 1977 345 CESARIENSIS
2013 287 2164 345 OPP.
2200 290 2388 346 PARS
2415 290 2502 347 ιιι.
2541 322 2612 334 -
2651 292 3059 350 EXEGETICA.

3611 292 3713 348 568

480 396 682 461 ναικὸς,
736 395 877 451 οῦτω
922 400 1201 454 κάνταῦθα
1246 403 1337 454 ἐπὶ
1381 401 1559 474 ζύμης
1602 406 1916 476 φυρομένης
1965 409 2047 471 είς
2090 407 2321 478 ἀλεύρου
2357 408 2491 461 σάτα
2527 409 2653 478 τρία
2721 411 3024 463 οἰκειότατα
3084 411 3118 481 ἡ
3171 408 3449 480 παραϐολὴ
3502 415 3715 475 γυναικὶ

478 491 908 568 ἀρτοποιουμένῃ
936 494 1027 550 τὸν
1056 499 1114 550 ἐν
1146 494 1373 561 ἐκείνοις
1403 499 1788 571 ὠνομασμένον
1820 503 2026 574 σπορέα
2052 503 2370 557 ἀπείκασεν.

544 585 657 655 Age
683 601 807 641 vero
845 590 983 657 apud
1027 589 1336 645 Matthaeum
1369 596 1436 657 “,
1480 604 1760 665 postquam
1783 598 2020 651 cmlorun

2218 597 2374 652 Κατὰ
2414 597 2596 668 μέντοι
2628 612 2717 648 τον
2746 592 3018 647 Ματθαίον
3056 591 3170 663 (6|)
3206 593 3594 665 κεκρυμμένην
3625 594 3718 666 ξύ.

477 692 699 745 regnttm
759 680 811 733 in
876 680 1143 737 fermento
1175 696 1678 754 reprzesentaverat,
1727 704 1834 758 quo
1878 690 2048 745 sancti

476 767 710 837 Spiritus
736 772 933 827 donum
971 775 1248 829 denotavit
1276 817 1292 839 ,
1337 786 1393 831 et
1429 780 1759 845 evangelicae
1789 782 2050 837 doctrinae

474 862 780 932 utilitatem,
818 865 869 919 in
902 867 1186 934 subiuncta
1223 870 1331 925 illic
1364 873 1617 940 parabola
1652 871 1795 926 idem
1821 889 2045 946 regnum

474 950 727 1007 thesauro
758 955 934 1010 simile
965 957 1123 1012 dixit.
1172 958 1269 1013 Est
1319 971 1498 1014 autem
1553 978 1777 1033 magnus
1808 964 1898 1019 hic
1928 966 2047 1020 the-

470 1057 663 1097 sattrns
686 1046 980 1099 secundum
1012 1048 1254 1103 ccelestia
1288 1050 1449 1106 eﬂata
1477 1052 1498 1085 '
1531 1053 1709 1123 dignis
1752 1056 2043 1125 repositus,

467 1147 628 1202 quem
661 1135 850 1191 oculus
900 1153 1002 1192 non
1052 1141 1202 1205 vidit,
1255 1144 1457 1213 quique
1504 1146 1705 1200 multos
1735 1146 1881 1201 latet.
1942 1148 2042 1216 Qui

472 1238 601 1279 vero
649 1228 794 1280 hunc
843 1230 1010 1289 novit.
1053 1242 1237 1299 utpote
1271 1235 1360 1304 qui
1404 1234 1497 1290 Dei
1541 1237 1829 1307 imaginem
1877 1240 1927 1293 in
1983 1255 2044 1296 se

468 1319 833 1384 conservavit,
866 1321 1070 1396 gaudiq
1090 1322 1282 1391 elatus,
1301 1340 1397 1380 ceu
1430 1328 1521 1396 qui
1554 1343 1821 1383 summum
1843 1329 2041 1386 bonum

470 1407 753 1473 invenerit,
811 1412 1019 1482 reliqua
1074 1415 1254 1469 omnia
1292 1419 1659 1486 posthabenda
1688 1420 1921 1491 judicat,
1983 1432 2041 1477 ut

469 1495 611 1551 hunc
652 1501 943 1568 possideat.
983 1502 1151 1558 Porro
1180 1507 1436 1561 thesauro
1464 1508 1622 1562 simul
1649 1525 1886 1581 agroque
1929 1527 2042 1567 me-

467 1600 712 1658 morato,
776 1593 1045 1649 hominem
1107 1596 1442 1653 inventorem
1497 1603 1784 1670 apposuit,
1842 1613 1901 1657 ut
1947 1604 2039 1659 Dei

462 1680 759 1736 studiosam
817 1686 1050 1741 hominis
1109 1698 1337 1742 mentem
1391 1691 1680 1761 signiﬁcet.
1730 1695 1897 1765 Igitur
1946 1713 2038 1750 su-

462 1776 759 1842 prascripta
809 1779 1061 1844 parabola
1094 1782 1192 1836 sub
1220 1783 1470 1838 absconsi
1522 1786 1763 1840 thesauri
1816 1789 2038 1844 nomine

460 1863 713 1919 emlestes
736 1878 900 1936 atque
923 1873 1152 1927 eaimias
1179 1874 1401 1928 denotat
1430 1878 1855 1943 promissiones;
1899 1880 2037 1934 mul-

2154 706 2261 760 μην
2296 688 2394 761 τὴν
2439 684 2713 759 βασιλείαν
2764 685 2872 737 τῶν
2917 684 3158 755 οὐρανῶν
3192 682 3488 754 προειπὼν,
3535 684 3602 736 δι’
3648 679 3718 757 ἧς

2148 780 2337 852 ἐδήλου
2383 781 2481 851 τὴν
2515 776 2871 849 ἐπιχορηγίαν
2917 774 3007 827 τοῦ
3054 773 3210 843 ἁγίου
3256 773 3589 845 Πνεύματος,
3622 775 3718 828 καὶ

2146 870 2242 941 τὴν
2284 870 2552 939 ὠφέλειαν
2575 869 2674 941 τὴν
2698 867 2806 923 ἀπὸ
2828 864 2922 919 τοῦ
2950 865 3300 935 εὐαγγελικοῦ
3319 864 3498 933 λόγου,
3513 864 3602 918 διὰ
3618 865 3718 934 τῆς
3770 878 3781 891 ⁸

2148 961 2277 1032 ἑξῆς
2304 961 2622 1035 παραϐολῆς
2664 961 2763 1032 τὴν
2796 958 2962 1030 αὐτὴν
2993 957 3262 1029 βασιλείαν
3295 957 3533 1011 ἑοικέναι
3582 958 3716 1027 φησι

2145 1053 2424 1125 θησαυρῷ.
2464 1052 2561 1123 Εἴη
2599 1051 2643 1104 δ’
2685 1050 2751 1105 ἀν
2785 1048 3054 1122 θησαυρὸς
3082 1048 3251 1119 μέγας
3281 1047 3309 1099 6
3333 1047 3472 1101 κατά
3498 1046 3594 1112 τὰς
3622 1049 3715 1101 οὐ-

2146 1144 2366 1215 ρανίους
2409 1142 2741 1212 ἐπαγγελίας
2766 1144 2881 1206 τοῖς
2934 1140 3102 1206 ἀξίοις
3137 1139 3572 1209 τεταμιευμένος,
3600 1140 3658 1192 δ’
3684 1142 3714 1194 6

2142 1236 2418 1307 ὀφθαλμὸς
2449 1237 2550 1289 οὐκ
2579 1231 2737 1300 εἶδεν,
2769 1234 2828 1299 ὃς
2857 1235 2985 1297 τοὺς
3012 1231 3239 1294 πολλοὺς
3265 1230 3531 1284 λανθάνει.
3572 1231 3630 1285 '0
3655 1232 3713 1286 δὲ

2140 1327 2329 1381 τοῦτον
2357 1328 2576 1399 νοήσας,
2611 1326 2688 1390 ὡς
2710 1326 2771 1379 τὸ
2801 1327 2921 1379 κατ’
2951 1324 3135 1378 εἰκόνα
3165 1322 3259 1377 τοῦ
3285 1321 3420 1376 Θεοῦ
3448 1322 3631 1387 σώζων
3653 1339 3712 1376 εν

2142 1417 2341 1489 ἑαυτῷ,
2372 1419 2547 1489 χαρᾶς
2596 1416 2849 1487 ἔμπλεως
2879 1415 3140 1485 γεγονὼς,
3185 1414 3260 1478 ὡς
3298 1415 3365 1469 ἂν
3405 1415 3465 1468 τὸ
3510 1414 3712 1467 τέλειον

2142 1507 2250 1561 τῶν
2280 1507 2497 1577 ἀγαθῶν
2523 1505 2792 1580 εὑρηκὼς,
2818 1506 2889 1559 τὰ
2910 1506 3073 1561 λοιπά
3105 1505 3281 1561 πάντα
3314 1506 3537 1578 δεύτερα
3567 1506 3711 1559 τίθε-

2140 1616 2249 1664 ται,
2275 1600 2370 1653 xui
2402 1599 2590 1653 τοῦτον
2619 1598 3024 1669 ἀντιλαμϐάνει.
3053 1598 3415 1668 Καταλλήλως
3427 1598 3484 1651 δὲ
3518 1598 3713 1669 θησαυ-

2142 1691 2232 1763 ρὸν
2261 1692 2357 1744 καὶ
2409 1691 2581 1761 ἀγρὸν
2633 1689 2825 1753 είπὼν,
2878 1690 3162 1761 ἄνθρωπον
3191 1689 3339 1760 αὐτῷ
3380 1688 3583 1761 συνῆψε
3620 1690 3711 1742 τὸν

2137 1784 2438 1855 εὑρηκότα*
2473 1783 2616 1837 οῦτω
2662 1782 2908 1855 δηλώσας
2949 1783 3039 1836 τὸν
3084 1785 3141 1837 ὲν
3192 1782 3462 1856 ἀνθρώπῳ
3489 1782 3707 1854 θεοφιλῆ

2136 1874 2280 1928 νοῦν.
2323 1875 2390 1927 Ἠ
2444 1875 2541 1945 μὲν
2588 1871 2681 1929 οὖν
2737 1874 2964 1947 ῥηθεῖσα
3002 1873 3141 1943 αῦτη
3172 1872 3455 1945 παραϐολὴ
3485 1872 3574 1926 διὰ
3616 1870 3709 1926 τοῦ

461 1969 528 2011 tae
554 1960 696 2014 enim
734 1964 1040 2019 mansiones
1086 1968 1224 2036 apud
1256 1966 1467 2024 Patrem
1497 1981 1656 2037 sunt;
1716 1971 2020 2042 divitiaSqut

2140 1965 2410 2038 θησαυροῦ
2433 1966 2525 2020 τοῦ
2557 1966 2939 2038 κεκρυμμένου
2968 1965 3066 2028 τάς
3089 1964 3344 2037 οὐρανίας
3380 1962 3711 2032 ἐπαγγελίας

457 2047 572 2115 Dei,
604 2064 723 2119 quae
747 2062 873 2107 sunt
914 2056 1091 2111 omnis
1140 2058 1267 2113 boni
1309 2059 1631 2131 thesaurus,
1677 2063 2030 2123 demonstrat.

526 2319 655 2384 Quae
689 2335 819 2378 vero
841 2326 1094 2394 sequitur
1117 2327 1140 2361 ⁸
1170 2331 1476 2399 margarita:
1501 2332 1780 2400 parabola,
1807 2346 1871 2387 ea
1900 2332 2030 2390 mihi

453 2410 763 2478 signiﬁcare
786 2415 998 2470 videtur
1030 2420 1404 2487 pretiosiorem
1449 2424 1825 2491 praedictarum
1864 2441 2026 2495 opum

451 2512 678 2569 partem.
739 2503 833 2559 Est
883 2517 1059 2562 autem
1115 2511 1228 2565 haec
1258 2510 1515 2567 divinitas
1548 2512 1852 2583 Unigeniti,
1908 2533 2029 2586 quae

449 2593 660 2648 cunctis
714 2594 768 2650 in
805 2599 1060 2667 praedicto
1110 2603 1364 2658 thesauro
1401 2607 1675 2661 contentis
1708 2608 2029 2677 exquisitior

445 2694 563 2747 est;
594 2698 753 2753 quam
782 2688 873 2755 qui
904 2691 1272 2760 acquisiverit,
1298 2709 1529 2764 superna
1554 2696 1811 2752 beatitate
1834 2699 2026 2768 dignus

446 2785 526 2826 ιιι.
575 2770 863 2846 Margarita
892 2787 1070 2833 autem
1106 2780 1298 2836 merito
1327 2785 1638 2839 nominatur
1679 2787 2020 2845 incantatam

449 2866 539 2919 Dei
572 2865 804 2921 Verbum
833 2886 847 2934 ;
880 2870 1006 2939 quia
1035 2873 1148 2929 hmo
1182 2877 1495 2943 margarita,
1530 2876 1584 2930 in
1621 2892 1784 2933 carne
1820 2879 1947 2934 licet
1970 2891 2024 2936 et

445 2959 682 3013 ostracio
708 2971 870 3029 atque
901 2961 1129 3017 humore
1160 2966 1336 3033 genita
1362 3008 1375 3030 ,
1427 2968 1721 3036 pretiosum
1752 2972 1880 3039 quid
1914 2981 2020 3038 est,

444 3057 499 3100 et
527 3064 635 3117 ιιι-π)
673 3051 922 3106 omnibus
952 3068 1017 3106 ex
1050 3053 1275 3108 humore
1305 3057 1441 3109 natis
1488 3060 1806 3127 corporibus
1854 3062 2021 3118 hono-

445 3139 651 3193 rabilis.
704 3141 868 3197 Certe
906 3145 1197 3213 margarita
1230 3146 1441 3199 videtur
1480 3148 1757 3203 humidunt
1801 3167 2015 3222 corpus,

445 3227 808 3296 splendidum,
852 3232 1166 3287 ccelestibus
1207 3233 1403 3299 simile,
1440 3235 1559 3291 lucc
1590 3253 1654 3293 ac
1680 3240 1872 3308 spiritu
1902 3241 2015 3311 ple-

2140 2059 2323 2131 ἐδήλου
2367 2058 2465 2122 τὰς
2499 2057 2955 2130 ὐπερϐεὸηκυίας,
2986 2056 3176 2111 πολλαὶ
3202 2056 3310 2128 γὰρ
3360 2056 3517 2127 μοναὶ
3560 2054 3711 2127 παρὰ

2138 2152 2216 2222 τῷ
2246 2152 2436 2222 Πατρὶ,
2469 2151 2564 2204 καὶ
2589 2152 2678 2204 τὸν
2724 2153 2781 2204 ὲν
2824 2150 2943 2222 Θεῷ
2976 2150 3228 2214 πλοῦτον,
3267 2148 3536 2221 Θησαυρὸν
3580 2149 3710 2201 ὅντα

2139 2243 2337 2308 παντὸς
2364 2243 2591 2313 ἀγαθοῦ.

2219 2335 2282 2388 Ἠ
2326 2335 2382 2388 δὲ
2419 2334 2556 2405 μετά
2588 2333 2791 2405 ταύτην
2824 2333 2911 2387 διὰ
2955 2334 3049 2388 τοῦ
3104 2333 3437 2406 μαργαρίτου
3479 2330 3708 2386 αἰνίττε-

2137 2427 2260 2480 σθαί
2290 2444 2378 2497 μοι
2410 2427 2559 2480 δοκεῖ
2589 2426 2652 2479 τὸ
2697 2428 3019 2496 τιμιώτερον
3070 2425 3163 2478 τοῦ
3196 2424 3518 2497 δηλωθέντος
3546 2420 3708 2473 πλοῦ-

2134 2537 2247 2572 του.
2306 2518 2404 2590 Εἴη
2446 2518 2491 2571 δ’
2528 2517 2592 2570 ἂν
2640 2516 2896 2588 ὴθεότης
2945 2516 3082 2587 αὐτὴ
3139 2515 3230 2569 τοῦ
3273 2512 3624 2582 Μονογενοῦς,
3670 2512 3705 2582 ἡ

2135 2613 2350 2665 πάντων
2374 2610 2482 2663 τῶν
2512 2612 2567 2664 ὲν
2601 2608 2678 2680 τῷ
2706 2608 3021 2663 ἀποδοθέντι
3056 2608 3311 2681 θησαυρῷ
3351 2604 3708 2676 τεταμιευμέ-

2132 2722 2235 2756 νων
2264 2703 2586 2775 τιμιωτέρα,
2617 2704 2682 2774 ἣν
2721 2704 2749 2757 6
2789 2703 3130 2775 κτησάμενος
3170 2702 3269 2772 τῆς
3313 2699 3571 2754 ἀνωτάτω
3604 2715 3707 2768 μα-

2132 2795 2454 2867 καριότητος
2481 2794 2730 2865 ἠξίωται.
2782 2795 3144 2877 Μαργαρίτης
3191 2795 3247 2847 δὲ
3292 2793 3604 2864 ὠνόμασται
3624 2792 3704 2844 εί-

2131 2886 2301 2948 κότως
2328 2887 2357 2938 ὁ
2391 2885 2695 2956 σαρκωθεὶς
2744 2886 2877 2950 Θεὸς
2915 2886 3114 2955 Λόγος·
3145 2885 3265 2938 ἐπεὶ
3293 2886 3383 2937 καὶ
3414 2885 3443 2936 6
3491 2898 3707 2954 μαργα-

2131 2982 2285 3053 ρίτης
2312 2978 2568 3043 τοιοῦτος,
2608 2981 2664 3032 ὲν
2690 2981 2851 3051 σαρκὶ
2887 2979 2986 3051 μὲν
3020 2979 3112 3032 καὶ
3158 2980 3214 3031 ὲν
3246 2976 3455 3048 ὀστρέῳ
3502 2975 3596 3029 καὶ
3645 2976 3703 3028 ὲν

2128 3074 2317 3144 ὑγροῖς
2343 3071 2702 3142 γεννώμενος,
2736 3071 2917 3142 τίμιον
2939 3071 2994 3125 δέ
3039 3089 3090 3124 τι
3126 3071 3335 3142 χρῆμα,
3367 3069 3459 3121 καὶ
3485 3068 3703 3131 πάντων

2125 3164 2231 3217 τῶν
2261 3166 2318 3215 ὲν
2345 3164 2530 3234 ὑγροῖς
2562 3161 3281 3234 σωμάτων,τιμαλφέστερον
3306 3178 3319 3190 ·
3377 3159 3519 3211 ἔοικε
3571 3156 3701 3225 γοῦν

2125 3251 2262 3308 εἶναι
2293 3257 2353 3326 τῇ
2390 3254 2547 3323 φύσει
2578 3254 2735 3324 σῶμα
2758 3254 2943 3326 ὑγρὸν,
2967 3253 3207 3321 διαυγὲς,
3242 3250 3495 3313 θεοειδὲς,
3526 3248 3701 3319 φωτὸς

444 3335 596 3376 ιιιιηι.
649 3321 741 3376 Sic
771 3325 935 3377 etiam
967 3325 1306 3380 inearnatum
1345 3328 1578 3383 Verbum
1606 3330 1782 3385 lumen
1816 3333 2020 3388 intelle-

2125 3349 2220 3400 καὶ
2249 3321 2557 3417 πνεύματος
2582 3321 2770 3417 γέμον.
2808 3321 2923 3416 iiii}
2960 3345 3005 3398 δ’
3038 3343 3104 3398 ἂν
3128 3345 3222 3397 καὶ
3255 3342 3555 3415 σαρκωθεὶς
3599 3341 3701 3393 Λό-

443 3413 621 3466 etuale
653 3424 759 3479 est,
792 3415 857 3469 tle
893 3417 1106 3471 mortali
1143 3418 1471 3489 humidoque
1503 3437 1732 3493 corpore
1755 3427 2016 3484 emicans.

441 3502 560 3557 Jant
587 3519 707 3559 enm
745 3508 863 3562 alia:
901 3509 1081 3565 multa:
1115 3513 1427 3567 exstiterint
1475 3519 1782 3584 margarita!
1820 3531 2019 3576 sanetae

442 3594 660 3664 lteoqne
713 3610 899 3667 gratas,
943 3601 1223 3672 prophetat
1259 3605 1508 3661 videlicet
1550 3607 1789 3679 justique
1838 3613 2017 3667 homi-

450 3698 565 3751 nes,
596 3689 687 3756 qni
714 3699 767 3742 et
794 3690 891 3757 ipsi
927 3707 1089 3747 carne
1119 3696 1403 3764 constipati
1459 3709 1617 3754 erant
1646 3711 1868 3771 prepter
1895 3719 2017 3757 car-

437 3791 595 3831 neam
636 3780 913 3835 hominum
971 3783 1159 3852 vitam,
1192 3802 1350 3841 nemo
1379 3788 1518 3844 alius
1545 3832 1561 3855 ,
1623 3804 1820 3861 printer
1870 3794 2016 3851 hunc

436 3867 633 3932 solum,
677 3886 802 3925 vere
837 3873 1171 3944 nnigenitus,
1209 3877 1680 3945 splendidissimus
1710 3899 1774 3938 ac
1814 3887 2016 3953 pretio-

437 3961 684 4016 sissimas
720 3963 969 4021 inventus
992 3976 1092 4022 est.
1130 3968 1283 4024 Adeo
1317 3978 1376 4024 ttt
1420 3969 1588 4027 Isaias
1616 3990 1831 4045 quoqtte
1857 3979 1923 4033 de
1948 3993 2013 4035 eo

433 4054 761 4110 vaticinatus
797 4056 960 4113 fuerit
1006 4058 1194 4114 dicens
1226 4077 1239 4114 :
1273 4058 1406 4116 Ecce
1454 4081 1588 4131 pono
1624 4068 1677 4120 in
1718 4067 1849 4122 Sion
1884 4070 2016 4139 lapi-

432 4149 550 4199 dem
572 4148 880 4215 pretiosum,
912 4150 1152 4219 electum,
1189 4155 1515 4225 angularem,
1544 4158 1900 4215 Itonorabt’lem
1917 4180 1938 4228 ;
1963 4172 2011 4218 et

431 4238 523 4307 qui
569 4242 849 4296 crediderit
906 4245 961 4299 in
1014 4263 1171 4311 eum,
1244 4264 1348 4303 non
1404 4253 1753 4322 confundetur
1801 4253 1841 4309 ’.
1909 4255 2010 4323 Qui

434 4347 564 4402 ergo
611 4348 778 4402 regno
824 4336 1088 4391 caelorum
1122 4338 1318 4409 dignus
1363 4340 1578 4397 futurus
1606 4354 1720 4408 est,
1752 4347 2012 4414 prazclare

431 4442 778 4496 comparatur
814 4430 1099 4485 mercatori
1151 4422 1266 4487 viro
1290 4476 1303 4501 ,
1364 4434 1440 4490 rei
1472 4435 1629 4491 bona:
1668 4443 1913 4498 studioso
1955 4452 2010 4499 et

361 4586 366 4592 _
431 4519 625 4588 perito,
660 4533 714 4576 et
762 4521 1054 4577 ntultarum
1100 4525 1470 4582 doctrinarum
1521 4532 1877 4602 exploratori,
1913 4538 2005 4607 qui

430 4612 761 4668 circumiens
792 4614 989 4670 multas
1024 4618 1222 4685 reperit
1276 4621 1619 4689 margaritas,
1666 4630 2003 4685 omnimodas

428 4716 623 4772 nempe
670 4714 984 4760 sanctorunt
1034 4707 1312 4762 hominum
1347 4710 1568 4767 classes.
1618 4715 1726 4769 Sed
1767 4719 2000 4786 pretiosa

432 4790 519 4851 illa
570 4813 782 4868 gemma
831 4802 1068 4869 inventa,
1119 4820 1277 4869 quam
1314 4804 1545 4860 Verbum
1596 4808 1808 4871 obtulit,
1861 4809 1999 4863 hanc

425 4906 548 4943 eum
576 4891 827 4944 omnibus
843 4894 944 4946 sibi
963 4907 1119 4947 antea
1149 4899 1440 4964 compertis
1463 4900 1830 4964 commutavit,
1857 4901 1997 4954 idem

426 4979 631 5037 faciens
663 4981 805 5052 quod
847 4984 995 5055 prior
1034 4984 1119 5039 ille
1148 4986 1260 5054 (qui
1289 5002 1473 5057 agrum
1506 4987 1592 5042 nbi
1632 4988 1828 5043 latchat
1880 4990 1995 5046 the-

424 5088 618 5130 saurus
649 5077 881 5131 venditis
907 5079 1115 5132 cunctis
1144 5079 1527 5151 comparavit).
1556 5080 1729 5148 Atque
1758 5081 1870 5137 hinc
1896 5085 1999 5137 erit

422 5179 648 5221 suntma:
672 5170 947 5224 bcatitatis
972 5171 1220 5236 coronis,
1251 5186 1443 5240 nempe
1481 5173 1523 5224 si
1565 5172 1801 5241 pretiosa
1847 5191 1994 5228 tuar-

422 5257 596 5324 garita
635 5260 977 5328 ornabintur,
1030 5262 1082 5315 id
1130 5273 1211 5317 est
1255 5264 1458 5318 lumine
1490 5263 1795 5318 divinitatis
1832 5265 1990 5321 Verbi

422 5346 706 5415 unigeniti.
739 5349 955 5407 Initium
989 5352 1189 5424 quippe
1219 5354 1318 5408 l’uit
1342 5370 1559 5421 semen;
1596 5354 1786 5410 deinde
1815 5356 1995 5412 fructi-

421 5437 632 5496 licantis
680 5440 940 5498 frumenti
991 5446 1347 5513 get-minutio;
1404 5448 1618 5502 tertium
1676 5447 1933 5505 discretio
1963 5465 1993 5503 a

2121 3456 2215 3509 γος
2240 3438 2495 3505 τοιοῦτος,
2521 3438 2636 3507 φῶς
2668 3437 2850 3508 νοερὸν
2893 3437 2980 3490 διὰ
3015 3435 3208 3506 θνητοῦ
3256 3435 3350 3489 κει)¹
3384 3433 3555 3505 ὑγροῦ
3589 3430 3697 3485 σώ-

2123 3549 2290 3602 ματος
2319 3529 2626 3600 ἐκλάμψαν.
2664 3529 2881 3582 Πολλῶν
2923 3546 2987 3598 γε
3025 3529 3131 3600 μὴν
3162 3528 3257 3582 καὶ
3289 3526 3462 3582 ἄλλων
3487 3542 3699 3598 μαργα·

2120 3622 2281 3695 ριτῶν
2318 3623 2487 3676 ὄντων
2516 3622 2687 3691 ἁγίων
2720 3621 2815 3675 καὶ
2854 3621 3135 3692 θεοφιλῶν,
3172 3619 3466 3692 προφητῶν
3510 3634 3571 3671 τε
3605 3618 3697 3671 καὶ

2114 3714 2337 3768 δικαίων
2370 3713 2601 3785 ἀνδρῶν,
2637 3714 2732 3766 καὶ
2762 3713 2940 3767 αὐτῶν
2991 3714 3049 3766 ὲν
3100 3713 3264 3785 σαρκὶ
3306 3711 3695 3781 πεπιλημένων

2111 3807 2200 3860 διὰ
2223 3807 2313 3859 τὸν
2340 3806 2599 3878 ἕνσαρκον
2626 3805 2736 3859 τῶν
2758 3802 3058 3877 ἀνθρώπων
3099 3804 3230 3875 βίον,
3257 3803 3433 3867 οὐδεὶς
3454 3804 3638 3874 ἕτερος
3656 3802 3691 3874 ἢ

2119 3900 2277 3970 μόνος
2303 3896 2385 3964 εἷς
2410 3892 2566 3963 οὗτος
2604 3898 2820 3971 ἀληθῶς
2861 3897 3151 3969 μονογενὴς
3199 3897 3294 3951 καὶ
3343 3894 3694 3966 πολυφεγγὴς

2113 3992 2204 4045 καὶ
2252 3990 2545 4062 πολύτιμος
2574 3990 2840 4064 εῦρηται’
2909 3988 2984 4053 ὼς
3040 3989 3134 4042 καὶ
3170 3988 3395 4042 Ἡσαΐαν
3438 3986 3691 4041 θεσπίσαι

2116 4081 2244 4152 περὶ
2275 4080 2437 4134 αὐτοῦ
2470 4082 2562 4134 καὶ
2585 4083 2758 4136 εἰπεῖν
2781 4096 2796 4114 ·
2840 4079 2986 4134 Ἰδοὺ
3014 4079 3211 4148 τίθημι
3236 4079 3306 4131 ἐν
3335 4076 3488 4132 Σιὼν
3514 4079 3692 4132 λίθον

2110 4171 2440 4241 πολυτελῆ,
2474 4170 2785 4234 ἐκλεκτόν,
2818 4169 3257 4239 ἀκρογωνιαῖον,
3283 4168 3525 4240 ἔντιμον
3545 4185 3559 4199 ’
3590 4166 3689 4221 καὶ

2110 4263 2147 4314 ὁ
2179 4262 2479 4315 πιστεύων
2525 4263 2613 4327 εὶς
2653 4261 2841 4315 αὐτόν
2867 4262 2937 4313 οὐ
2975 4259 3578 4327 καταισχυνθήσεται.
3628 4258 3687 4311 '0

2110 4353 2175 4425 δὴ
2206 4350 2299 4408 οὖν
2345 4353 2550 4425 μέλλων
2574 4354 2672 4424 τῆς
2697 4352 2974 4423 βασιλείας
3006 4351 3113 4405 τῶν
3135 4351 3377 4419 οὐρανῶν
3397 4349 3688 4416 καταξιοῦ-

2113 4444 2236 4500 σθαι
2272 4444 2565 4516 προσφυῶς
2598 4444 3008 4518 παραϐέϐληται
3054 4445 3280 4517 ἐμπόρῳ
3333 4446 3487 4518 ἀνδρὶ
3533 4445 3687 4515 φιλο-

2108 4536 2257 4607 κάλῳ
2285 4536 2390 4589 τινὶ
2412 4536 2507 4589 καὶ
2541 4535 2828 4608 φιλομαθεί
2859 4537 2953 4590 καὶ
2979 4537 3236 4592 ποικίλων
3266 4538 3566 4609 δοκιμαστῇ
3599 4538 3689 4592 λό-

2108 4644 2239 4696 γων,
2286 4627 2342 4691 ὃς
2370 4627 2595 4699 περιιὼν
2624 4627 2855 4691 πολλοὺς
2912 4628 3013 4699 μὲν
3063 4629 3257 4702 ἀνεῦρε
3317 4631 3681 4702 μαργαρίτας,

2108 4719 2389 4783 παντοίους
2420 4722 2475 4772 ἐν
2499 4719 2806 4793 ἀνθρώποις
2845 4721 3061 4790 ἀγίους⁶
3089 4722 3243 4787 τέλος
3267 4722 3323 4775 δὲ
3345 4723 3433 4775 τὸν
3460 4722 3683 4776 πολύτι-

2111 4826 2209 4883 μον
2238 4811 2432 4883 εὐρών,
2464 4811 2522 4865 ὃν
2564 4814 2592 4866 6
2618 4814 2789 4882 Λόγος
2849 4817 3249 4886 παρεστήσατο,
3304 4814 3521 4868 πάντων
3571 4814 3680 4868 τῶν

2107 4904 2368 4976 πρότερον
2415 4904 2563 4975 αὐτῷ
2611 4906 3029 4976 πεπορισμένων
3060 4906 3249 4961 τοῦτον
3285 4907 3679 4979 ἀντικατηλλά-

2105 4992 2250 5060 ξατο,
2274 4996 2467 5049 ταυτὸν
2490 4994 2567 5067 τῷ
2600 4997 2847 5068 προτέρῳ
2877 4997 3085 5069 πράξας
3137 5001 3202 5070 (6
3230 5001 3406 5055 πάντα
3439 5003 3537 5055 ὅσα
3563 4997 3676 5073 εἶχε

2107 5087 2381 5158 πωλήσας,
2440 5088 2533 5142 xai
2580 5088 2854 5160 ἀγοράσας
2904 5090 2995 5144 τὸν
3045 5091 3213 5164 ἀγρὸν
3265 5094 3511 5165 ἐκεῖνον).
3566 5093 3678 5148 Καὶ

2102 5178 2243 5232 τοῦτ’
2288 5180 2354 5234 ἂν
2382 5181 2466 5252 εἴη
2493 5181 2644 5245 τέλος
2682 5182 2781 5253 τῆς
2825 5183 3001 5256 ἄκρας
3037 5184 3457 5258 μακαριότητος,
3486 5186 3547 5239 τὸ
3578 5203 3677 5240 κα-

2098 5270 2504 5343 τακοσμηθῆναι
2533 5270 2609 5342 τῷ
2640 5272 2985 5345 πολυτιμήτω
3014 5277 3344 5349 μαργαρίτῃ,
3373 5277 3569 5349 δηλαδὴ
3596 5276 3673 5347 τῷ

2102 5361 2240 5430 φωτὶ
2272 5363 2370 5433 τῆς
2409 5362 2659 5433 θεότητος
2690 5363 2785 5416 τοῦ
2825 5366 3140 5435 μονογενοῦς
3166 5367 3369 5436 Λόγου’
3397 5369 3539 5441 ἀρχὴ
3570 5369 3670 5439 μὲν

2102 5454 2210 5527 γὰρ
2241 5451 2307 5527 ἦν
2332 5457 2360 5508 6
2397 5456 2595 5528 σπόρος
2618 5472 2635 5523 ἠ
2690 5451 2787 5510 εἶτ’
2827 5458 3062 5521 ἐπίδοσις
3100 5457 3199 5530 τῆς
3226 5460 3319 5514 τοῦ
3356 5462 3501 5516 σίτου
3530 5479 3637 5535 καρ

489 5547 532 5579 ⁸·
560 5547 751 5608 Matth.
785 5566 919 5619 XIII,
951 5552 1040 5608 55.
1117 5556 1137 5586 ⁷
1180 5556 1308 5611 ibid.
1341 5557 1431 5612 44.
1507 5560 1529 5590 ⁸
1573 5558 1701 5613 ibid.
1735 5559 1824 5614 45.
1902 5562 1922 5593 ’
1964 5560 2020 5618 lsi

2125 5580 2307 5631 txvnt,
2349 5567 2436 5622 lii.

493 5639 623 5721 (ﬁli
651 5643 748 5701 llic
777 5661 996 5721 quoque
1040 5663 1069 5701 a
1112 5650 1258 5706 Luca
1287 5662 1544 5721 provocat
1584 5655 1649 5709 ad
1679 5654 1989 5713 Mattltzeum

427 5711 695 5771 Eusebius
783 5711 1075 5786 quodcum
1135 5736 1230 5791 per
1284 5711 1342 5778 Se
1395 5741 1501 5780 nun
1552 5726 1813 5797 dedecet,
1881 5711 1992 5784 tum

2107 5662 2411 5742 rectissime
2442 5662 2558 5718 ﬁeri
2585 5666 2759 5742 p0l_ttit
2785 5669 2853 5720 ab
2884 5681 2950 5723 eo
2980 5666 3071 5738 qui
3105 5667 3158 5726 in
3188 5668 3666 5742 tetraevangelium

2102 5731 2329 5793 fortasse
2363 5731 2849 5793 commentabatur.
