4108 6204
353 275 450 328 $129

1489 271 1989 328 (If-MLMEN'I‘ﬁgl‘JA
2031 273 2096 326 IN
2136 273 2390 330 LUCAM.

3475 282 3580 336 570

350 391 618 462 ποςορίας
639 408 652 420 '
685 393 780 445 καὶ
811 393 992 463 τρίτον
1025 395 1056 463 ἡ
1087 392 1196 446 ἀπὸ
1214 393 1320 446 τῶν
1345 390 1600 458 ζιζανίων
1621 394 1888 467 διάκρισις
1905 411 1919 425 ⁶

2029 396 2280 459 zizaniis;
2342 404 2594 462 quartum
2651 393 2872 448 seminis
2922 394 2974 448 in
3029 410 3277 463 magnam
3335 397 3578 454 arborem

343 487 660 556 τέταρτονή
692 487 783 537 ἐπὶ
815 486 956 552 μέγα
1003 485 1216 555 δένδρον
1241 486 1332 538 τοῦ
1370 487 1569 556 σπόρου
1601 489 1737 557 φυή·
1787 487 1926 556 πέμ-

347 593 483 629 πτον
513 579 544 646 ἡ
571 575 658 628 διὰ
687 575 780 628 τοῦ
815 576 970 643 ἁγίου
1022 575 1337 645 Πνεύματος
1368 575 1642 646 ζύμωσις⁸
1696 579 1852 630 ἕκτον
1895 580 1924 630 ό

349 667 624 738 θησαυρὸς
655 667 762 718 τῶν
795 667 1060 737 οὐρανίων
1095 666 1430 734 ἐπαγγελιῶν
1455 683 1468 696 ·
1522 667 1744 737 ἕϐδομον
1771 671 1802 738 ἡ
1830 668 1925 720 αύ-

347 760 446 812 τοῦ
477 760 664 829 κτῆσις
702 758 795 812 τοῦ
818 758 952 811 Θεοῦ
982 759 1177 827 Λόγου,
1204 761 1260 810 ἐν
1360 760 1467 822 πᾶς
1499 763 1923 830 κατακοσμεῖται

347 853 376 902 ὁ
409 852 511 920 τῆς
539 850 810 919 βασιλείας
841 850 947 902 τῶν
973 850 1212 922 οὐρανῶν
1243 850 1410 916 ἄξιος.

418 964 604 1016 Ταύτα
625 964 679 1015 οὶ.
716 961 821 1032 πρὸ
849 961 952 1013 τῶν
986 961 1160 1031 ἔργων
1189 963 1539 1028 ἀνεφωνεῖτο·
1575 959 1925 1031 προλέγοντος

346 1057 410 1109 τὲ
453 1055 713 1125 μέλλοντα
745 1053 960 1105 ἔσεσθαι
987 1051 1079 1104 τοῦ
1133 1052 1401 1121 Σωτῆρος,
1441 1051 1476 1104 ἃ
1525 1051 1586 1121 δὴ
1622 1051 1714 1103 καὶ
1739 1051 1925 1113 τέλους

345 1149 446 1199 οὐκ
477 1148 558 1208 εἰς
594 1145 801 1216 μακρὸν
831 1144 919 1196 ἐτύ
937 1160 1107 1213 ὁχιπινε,
1132 1142 1270 1195 ὥστε
1314 1142 1428 1212 μετ’
1457 1143 1516 1194 οὐ
1550 1141 1712 1195 πολὺν
1739 1143 1923 1212 χρόνον

344 1236 646 1306 ὀρθαλμοῖς
693 1233 920 1304 ὁρᾶσθαι
973 1233 1076 1285 τῶν
1136 1231 1311 1300 ἕργῶν
1361 1231 1426 1283 τὰ
1490 1231 1919 1300 ἀποτελέσματα.

346 1327 484 1379 Καθ’
521 1326 648 1396 ὅλης
677 1321 768 1378 οὖν
799 1324 856 1388 ἐξ
887 1324 1094 1376 ἐκείνου
1125 1325 1220 1392 τῆς
1267 1323 1373 1374 τῶν
1413 1321 1710 1392 ἀνθρώπων
1750 1324 1925 1374 οἰκου-

349 1421 523 1489 μένης
549 1420 613 1469 ἐκ
650 1418 748 1487 μὲν
783 1417 1030 1469 ἁπάντων
1069 1415 1175 1467 τῶν
1203 1414 1367 1466 ἐθνῶν
1396 1414 1464 1465 τά
1523 1413 1621 1482 τῆς
1662 1413 1755 1465 τοῦ
1788 1411 1922 1464 Θεοῦ

346 1511 629 1582 βασιλείας
650 1510 710 1562 σύ
720 1510 884 1580 μῦολα
905 1509 1011 1573 ‘62)
1031 1507 1115 1560 διὰ
1129 1507 1235 1559 τῶν
1251 1505 1582 1574 Ἑκκλησιῶν
1596 1505 1757 1558 αὑτοῦ
1773 1503 1924 1556 ἐθεω⁶

351 1610 516 1677 ρεῖτο,
548 1605 756 1676 μυρίων
792 1605 847 1655 ἐν
889 1603 1080 1662 αὑταῖς
1112 1599 1252 1652 κατὰ
1291 1599 1352 1650 τὸ
1384 1599 1648 1668 σωτήριον
1677 1596 1922 1664 Εὐαγγέ-

345 1697 460 1750 λισν
488 1697 771 1767 βιούντων,
815 1697 926 1756 τοῖς
963 1710 1020 1745 τε
1049 1691 1296 1754 παλαιοῖς
1325 1690 1628 1761 προφήταις
1655 1689 1748 1740 καὶ
1777 1687 1923 1756 αὐτῷ

357 1806 408 1857 ,σε
430 1789 510 1858 τῷ
555 1786 802 1857 Ἀϐραὰμ
851 1787 943 1838 καὶ
994 1783 1174 1836 Ἰσαὰκ
1225 1781 1317 1834 καὶ
1360 1781 1437 1850 τῷ
1477 1778 1666 1833 Ἰακὼὸ
1723 1778 1923 1846 ὁμοίιος

347 1880 626 1933 θεωεϐεῖν
648 1875 1107 1946 φιλοτιμουμένων
1128 1893 1140 1903 ’
1173 1875 1295 1926 ἐπεὶ
1339 1874 1594 1934 κάκεῖνοι,
1626 1869 1921 1940 προλαῦόν-

345 1990 437 2033 τες
469 1973 588 2033 τοῖς
630 1970 836 2039 χρόνοις
877 1968 1002 2028 τοὺς
1035 1965 1308 2026 Μωῦσέως
1333 1964 1547 2033 νόμους,
1583 1961 1659 2031 τῷ
1693 1962 1830 2014 κατὰ
1862 1960 1922 2012 τὸ

348 2059 688 2127 Εύαγγέλιον
723 2057 820 2126 βίῳ
843 2073 899 2108 τε
922 2055 1013 2108 καὶ
1044 2054 1228 2124 τρόπῳ
1254 2052 1568 2122 διέλαμψαν,
1603 2053 1699 2120 τῆς
1731 2051 1828 2120 μὲν
1859 2052 1922 2102 ἐκ

348 2149 611 2220 πατέρων
642 2146 877 2215 ἧκούσης
907 2147 984 2207 είς
1014 2145 1208 2206 αὐτοὺς
1249 2142 1505 2194 πολυθέου
1541 2141 1747 2211 πλάνης
1795 2157 1924 2192 κατ-

779 2235 800 2246 -
840 2237 920 2252 κη.

349 2239 679 2309 εγνωκότες,
837 2237 878 2274 δ’
907 2238 998 2290 ἐπὶ
1027 2238 1240 2290 πάντων
1264 2236 1397 2288 Θεοῦ
1421 2235 1520 2305 τὴν
1547 2234 1745 2302 γνῶσιν
1779 2235 1924 2286 ἀνει-

348 2331 606 2400 ληφότες.
653 2329 740 2381 Διὸ
772 2328 836 2399 δὴ
867 2327 971 2380 τῶν
1003 2327 1168 2380 ἐθνῶν
1210 2329 1256 2379 οἱ
1317 2325 1496 2378 πολλοὶ
1529 2325 1620 2378 ἀπ’
1655 2325 1923 2378 ἀνατολῶν

349 2425 441 2476 καὶ
468 2419 694 2490 δυσμῶν
723 2419 870 2489 ἥξειν
903 2418 1162 2490 εἴρηνται,
1208 2419 1301 2471 καὶ
1333 2419 1558 2486 ἰσότιμοι
1605 2416 1924 2486 γενήσεσθαι

349 2517 460 2576 τοῖς
494 2514 647 2581 ἀμελεῖ
679 2512 768 2563 τὸν
815 2510 1064 2581 Ἀὃρααμ
1112 2509 1399 2581 μακαρίοις
1443 2509 1663 2580 ἀνδράσι
1708 2508 1793 2559 διὰ
1829 2507 1924 2577 τὴν

354 2602 472 2670 ίσην
496 2602 734 2662 ἐκείνοις
762 2600 904 2668 ζωήν
932 2614 942 2626 ·
972 2600 1020 2650 οἱ
1053 2598 1096 2649 δ’
1129 2597 1306 2650 αὐτῶν
1337 2597 1554 2648 ἐκείνων
1589 2595 1838 2662 ἀπόγονοί
1866 2611 1924 2647 τε

351 2695 444 2745 καὶ
476 2692 736 2760 διάδοχοι,
767 2692 873 2742 υἱοὶ
922 2690 1020 2759 τῆς
1075 2689 1349 2758 βασιλείας
1373 2687 1458 2739 διά
1495 2687 1619 2749 τοὺς
1651 2686 1925 2757 προπάτο-

355 2802 450 2854 ρας
480 2781 865 2851 ὠνομασμένοι
889 2799 903 2811 σ
938 2781 1162 2849 δυνάμει
1196 2778 1303 2849 γάρ
1334 2779 1426 2830 καὶ
1455 2779 1636 2838 αὐτοῖς
1671 2778 1926 2848 μετουσία

350 2868 416 2944 ἦν
441 2873 649 2944 ὁμοίως
675 2875 783 2934 τοῖς
815 2871 1150 2941 προπάτορσι
1187 2870 1284 2939 τῆς
1330 2869 1579 2939 οὐρανίου
1612 2867 1885 2937 βασιλείας
1908 2883 1922 2897 ·

349 2963 499 3026 ὅπως
553 2963 846 3031 ἀπόϐλητοι
895 2963 999 3014 τῶν
1043 2959 1378 3028 ἐπαγγελιῶν
1433 2959 1703 3027 γεγόνασι,
1733 2957 1927 3027 δεῖγμα

353 3054 586 3126 ἐναργὲς
611 3054 710 3122 τῆς
740 3053 944 3116 πόλεως
967 3055 998 3123 ἡ
1026 3051 1245 3124 ἐρημία,
1263 3049 1354 3102 τοῦ
1385 3049 1526 3120 ἱεροῦ
1557 3051 1588 3120 ἡ
1625 3047 1923 3117 πολιορκία,

357 3144 448 3195 καὶ
481 3141 716 3211 αύτῶνή
758 3145 834 3204 εἰς
880 3141 1054 3193 πάντα
1076 3139 1142 3191 τὰ
1175 3139 1298 3207 ἐθνη
1324 3137 1608 3208 διασπορὰ,
1641 3138 1732 3190 καὶ
1764 3139 1795 3207 ὴ
1824 3136 1926 3188 ὑπὸ

359 3237 466 3295 τοῖς
493 3231 710 3302 ἐχθροῖς
739 3231 968 3289 δουλεία,
1005 3231 1094 3282 καὶ
1117 3231 1206 3282 ἐπὶ
1229 3229 1433 3291 τούτοις
1471 3230 1501 3298 ή
1535 3228 1786 3299 στέρησις
1830 3228 1927 3297 τῆς

359 3323 494 3376 κατὰ
526 3325 598 3374 τὰ
629 3322 832 3392 νόμιμα
861 3320 1035 3373 αὐτῶν
1069 3318 1380 3390 θρησκείας,
1413 3318 1504 3369 τοῦ
1555 3334 1603 3369 τε
1633 3315 1866 3388 Χριστοῦ

360 3415 624 3482 ἀγνωσία,
656 3415 749 3466 καὶ
777 3412 882 3465 τῶν
915 3409 1282 3479 εύαγγελικῶν
1317 3409 1648 3480 μαθημάτων
1691 3410 1723 3479 ἡ
1762 3407 1933 3461 ἁπαλ-

2027 487 2420 540 incrementum
2447 503 2462 551 ;
2494 487 2737 554 quintum
2775 501 2870 555 per
2891 498 3135 541 sanctum
3181 487 3441 558 Spiritum
3474 491 3580 544 fer-

2026 577 2323 639 mentatio;
2359 587 2568 630 sextum
2602 577 2901 631 divinorum
2938 580 3323 647 promissorum
3367 581 3585 636 thesau-

2027 685 2156 734 rus;
2223 669 2510 737 septimum
2569 669 2680 737 ipsa
2730 670 2819 723 Dei
2881 668 3043 724 Verbi
3103 673 3424 739 acquisitio.
3477 688 3586 741 quo

2026 759 2392 829 unusquisque
2425 771 2740 826 exornatur,
2766 761 2857 831 qui
2895 778 3062 832 regno
3093 763 3354 818 caelorum
3389 766 3586 834 dignus

2024 861 2128 904 est.

2096 941 2218 994 llaec
2271 948 2394 994 ante
2441 954 2604 1007 opera
2651 940 2970 1008 loquebatur
3001 939 3276 1004 Servator,
3330 942 3583 996 nimirum

2025 1048 2112 1086 res
2161 1031 2371 1085 futuras
2405 1033 2692 1096 nuntians,
2744 1047 2862 1097 qua:
2923 1047 3110 1100 reapse
3161 1034 3364 1086 exitum
3425 1033 3586 1100 paulo

2024 1134 2137 1192 post
2171 1133 2339 1178 nactte
2360 1124 2598 1187 sunt,ita
2627 1133 2684 1176 ut
2716 1124 2854 1176 haud
2887 1123 3042 1192 longa
3083 1139 3228 1176 mora
3265 1124 3582 1192 interposita

2023 1227 2267 1285 spectare
2301 1216 2471 1268 oculis
2499 1230 2583 1268 res
2600 1224 2781 1284 gestas
2814 1214 3047 1269 licuerit.
3084 1215 3184 1269 Per
3215 1224 3382 1268 totum
3419 1215 3582 1285 igitur

2023 1324 2174 1362 exeo
2205 1317 2442 1376 tempore
2491 1307 2782 1366 mundmn,
2822 1308 2966 1373 regni
3015 1305 3104 1358 Dei
3154 1304 3396 1375 symbola
3445 1305 3584 1371 apud

2023 1415 2212 1454 ontnes
2251 1398 2474 1468 populos
2525 1400 2576 1450 in
2631 1398 2828 1450 Christi
2888 1396 3147 1450 Ecclesiis
3204 1398 3586 1458 cernebantur,

2023 1492 2267 1562 plurimis
2291 1492 2398 1555 jam
2430 1491 2733 1544 hominibus
2759 1490 2824 1541 ad
2859 1490 3111 1542 salutaris
3155 1487 3426 1556 Evangelii
3463 1502 3590 1541 nor-

2024 1600 2163 1636 tuam
2212 1584 2512 1636 viventibus
2542 1623 2557 1644 ,
2623 1593 2676 1638 et
2726 1585 3013 1652 prophetas
3063 1592 3271 1634 veteres
3338 1582 3586 1649 ipsosque

2024 1673 2414 1734 Abrahamum,
2451 1673 2682 1726 lsaacum
2720 1683 2878 1739 atque
2899 1671 3154 1726 Jacobqu
3200 1672 3441 1740 religiosa
3476 1673 3583 1739 pie-

1954 1743 1994 1796 B
2026 1775 2130 1817 tate
2157 1765 2530 1818 teritulautibus
2559 1782 2571 1816 :
2606 1765 2872 1832 siquidem
2902 1774 2954 1815 et
2981 1765 3056 1824 hi,
3081 1772 3323 1830 tempore
3351 1777 3585 1830 prmver-

2025 1866 2194 1910 tentes
2249 1854 2411 1907 Musis
2459 1855 2638 1919 leges,
2704 1857 2810 1905 vita
2875 1854 3185 1917 evangelica
3231 1868 3295 1905 ac
3348 1854 3588 1906 moribus

2023 1948 2387 2001 inclaruerunt
2416 1964 2430 2012 ;
2471 1947 2594 2016 quia
2625 1947 2881 1999 traditum
2914 1946 3015 1998 sibi
3051 1961 3079 1997 a
3107 1945 3405 2013 majoribus
3435 1945 3586 2014 poly-

2025 2041 2235 2094 theismt
2273 2054 2512 2093 errorem
2543 2039 2878 2099 damnautes,
2911 2036 3232 2089 universalis
3279 2033 3370 2087 Dei
3400 2033 3588 2100 cogni-

2026 2134 2221 2186 tionem
2284 2132 2627 2198 adoptarunl.
2685 2131 3024 2197 Quapropter
3070 2129 3221 2180 tunlti
3271 2128 3471 2181 ethnici
3523 2141 3588 2180 ex

2023 2226 2230 2279 oriente
2293 2237 2454 2292 atque
2515 2237 2707 2277 orcaSn
2755 2222 2967 2275 venturi
3031 2220 3306 2282 dicuntur,
3367 2221 3591 2288 parique

2027 2317 2232 2370 honore
2267 2315 2429 2368 futuri
2461 2324 2621 2381 atque
2646 2314 3004 2378 Abrahamus,
3032 2313 3116 2366 vir
3142 2313 3352 2375 beatus,
3378 2324 3593 2380 propter

2023 2409 2198 2461 simile
2236 2407 2357 2459 vitze
2383 2423 2570 2475 genus.
2620 2405 2818 2458 llortttn
2853 2420 2977 2457 vero
3025 2404 3225 2472 posteri
3271 2420 3333 2458 ac
3374 2419 3590 2458 succes-

2025 2513 2195 2560 Sores,
2249 2495 2340 2548 lilii
2390 2497 2538 2564 regni
2596 2495 2662 2547 ob
2716 2510 2844 2547 suos
2895 2496 3270 2562 progenitores
3325 2493 3588 2546 nominati

2025 2599 2168 2641 Sunt.
2211 2585 2454 2654 Namque
2482 2587 2665 2638 intima
2702 2586 2747 2636 vi
2787 2585 2918 2652 ipsis
2942 2599 3156 2651 quoque
3197 2585 3364 2637 inerat
3393 2625 3406 2646 ,
3441 2601 3592 2650 mque

2026 2696 2088 2733 ac
2119 2677 2838 2747 progenitoribus,cmlestis
2882 2680 3030 2746 regni
3076 2679 3438 2744 participatio.
3489 2676 3593 2730 Sed

2026 2773 2168 2826 enim
2200 2772 2340 2838 quod
2370 2786 2397 2821 a
2433 2785 2488 2822 re
2530 2771 2792 2836 promissa
2825 2770 3146 2832 exciderint,
3190 2770 3412 2822 evidens
3451 2767 3593 2834 judi-

2026 2863 2165 2916 cium
2191 2871 2271 2914 est
2299 2861 2444 2913 urbis
2474 2861 2714 2925 vastitas,
2756 2860 2932 2927 templi
2969 2859 3240 2921 obsessio,
3269 2868 3323 2911 et
3359 2859 3591 2926 ipsomm

2028 2971 2122 3023 per
2153 2968 2340 3006 omnes
2374 2961 2557 3018 gentes
2588 2953 2848 3020 dispersio
2870 2992 2884 3016 ,
2937 2952 3168 3006 servitus
3208 2949 3344 3018 apud
3382 2950 3582 3009 hostes.

2031 3045 2355 3113 insuperque
2391 3043 2614 3112 legitimi
2648 3043 2858 3096 illorum
2889 3043 3066 3096 cultus
3091 3044 3319 3096 cessatio
3344 3081 3357 3101 .
3393 3040 3592 3094 Christi

2033 3139 2314 3207 ignoratio,
2349 3147 2398 3191 et
2425 3137 2490 3190 ab
2524 3137 2832 3206 evangelica
2862 3137 3105 3190 doctrina
3142 3135 3418 3188 alienatio.
3474 3133 3596 3186 llzee

2038 3228 2235 3291 omnia,
2302 3229 2540 3296 inqttam,
2596 3229 2744 3296 signa
2798 3229 3082 3296 perspicua
3132 3237 3258 3280 sunt
3306 3241 3490 3280 carum
3545 3226 3595 3278 iu

2038 3311 2229 3384 quibus
2256 3328 2540 3370 versantur
2571 3319 2933 3381 tenebrarum,
2962 3327 3245 3386 propterea
3275 3316 3418 3384 quod
3453 3314 3597 3369 salu-

2041 3409 2138 3460 lztt'i
2169 3407 2355 3460 ltttuini
2395 3409 2657 3460 adversati
2686 3417 2829 3461 sunt.

360 3507 671 3578 λοτρίωσιςο
706 3505 872 3559 ταῦτα
906 3505 1014 3575 γάρ
1045 3505 1256 3556 ἅπαντα
1303 3504 1500 3571 σημεῖα
1533 3503 1746 3572 ἐμφανῆ
1791 3500 1875 3571 εἴη
1933 3498 2000 3552 ἂν
2042 3499 2134 3551 τοῦ
2179 3498 2516 3561 διαλαεόντος
2563 3500 2757 3561 αὐτοὺς
2812 3499 3053 3562 σκότους,
3086 3516 3129 3566 ῳ
3161 3497 3602 3569 περιπεπτώκασι

360 3600 446 3653 διὰ
471 3601 574 3670 τὴν
597 3599 690 3651 τοῦ
719 3599 984 3668 σωτηρίου
1015 3599 1189 3666 φωτὸς
1211 3597 1546 3648 ἐναντίωσιν.

429 3720 506 3772 Δι’
539 3711 602 3770 οὗ
627 3717 772 3770 δοκεῖ
806 3733 893 3786 μοι
914 3715 1022 3784 (6'5)
1041 3714 1099 3766 τὸ
1123 3711 1405 3782 γνώρισμα
1425 3712 1523 3780 τῆς
1545 3711 1817 3781 βασιλείας
1832 3710 1930 3764 αὗ-

360 3812 456 3881 τῆς
514 3809 868 3877 ὑποφαίνειν,
925 3808 1006 3860 ὅτι
1061 3805 1122 3876 δὴ
1169 3804 1427 3873 βασιλέως
1485 3804 1960 3874 ἐντετυπωμένην

362 3903 546 3954 εἰκόνα
587 3897 678 3950 τοῦ
711 3897 963 3970 δηναρίου
1003 3896 1063 3947 τὸ
1104 3896 1363 3965 χάραγμα
1407 3894 1676 3963 σημαίνει.
1719 3892 1931 3963 Ἐπειδὴ

363 3996 541 4048 τοίνυν
585 3993 788 4054 πάντας
830 3991 953 4053 τοὺς
989 3989 1079 4040 ἐπὶ
1131 3988 1218 4040 τὸν
1257 3986 1553 4057 ἀμπελῶνα
1592 3988 1685 4040 καὶ
1729 3987 1788 4038 τὸ
1833 3985 1930 4055 τῆς

364 4085 676 4146 θεοσεῦείας
710 4083 1005 4151 πολίτευμα
1045 4078 1428 4150 παρελθόντας,
1462 4079 1588 4147 μιᾶς
1617 4095 1673 4129 τε
1708 4078 1801 4128 καὶ
1834 4077 1928 4146 τῆς

364 4173 535 4241 αὐτῆς
599 4169 857 4240 ἐργασίας
907 4167 1246 4237 ἁψαμένους,
1284 4166 1381 4235 τῆς
1435 4165 1604 4234 αὐτῆς
1661 4164 1933 4234 βασιλείας

368 4261 657 4328 μετασχεῖν
678 4253 744 4326 ἢν
769 4256 990 4318 δίκαιον,
1019 4255 1204 4308 τούτου
1235 4256 1391 4325 χάριν
1422 4254 1644 4317 εἰκότως
1673 4258 1783 4316 τοῖς
1804 4256 1935 4307 πᾶσι

368 4351 458 4421 τῆς
495 4348 771 4419 βασιλείας
807 4347 867 4399 τὸ
900 4346 1162 4417 σύμϐολον
1195 4347 1252 4398 τό
1288 4345 1540 4416 δηνάριον
1574 4344 1894 4398 ἀποδίδωσιν
1920 4389 1934 4412 ,

368 4434 438 4492 ὢν
463 4443 513 4494 οἱ
553 4441 649 4509 μὲν
678 4441 735 4492 ἐν
767 4439 975 4508 νεότητι
1007 4437 1331 4508 ἐκλήθησαν,
1360 4441 1406 4490 οἱ
1427 4438 1481 4491 δέ
1508 4439 1632 4509 περὶ
1660 4438 1748 4489 τὸν
1778 4439 1937 4508 μέσον

2098 3706 2202 3762 Per
2237 3706 2341 3760 hoc
2377 3703 2590 3758 videtur
2621 3702 2751 3756 mihi
2802 3702 2949 3772 regni
2983 3701 3150 3771 ipsius
3185 3702 3455 3755 notionem
3484 3711 3597 3756 tra-

2027 3801 2175 3864 dere,
2205 3800 2329 3868 quia
2365 3798 2503 3865 regis
2535 3794 3180 3864 impressamimaginem,
3207 3793 3411 3848 denarii
3441 3809 3602 3848 cusus

2030 3900 2185 3961 typus
2219 3891 2462 3943 exhibet.
2494 3888 2628 3956 Quia
2674 3887 2835 3956 igitur
2879 3897 3108 3940 cunctos
3141 3886 3191 3939 in
3232 3885 3438 3939 vineam
3474 3901 3599 3955 pro-

2029 3983 2194 4037 fectos
2241 3993 2296 4037 et
2347 3982 2645 4052 religiosam
2679 3981 2927 4048 pietatem
2960 3979 3233 4047 amplexos
3259 4019 3272 4040 .
3311 3994 3521 4048 unaque
3549 3989 3604 4033 et

2033 4075 2220 4128 eadem
2289 4089 2452 4141 Opera
2510 4071 2819 4141 perfunctos
2858 4109 2873 4134 ,
2955 4073 3140 4124 eodem
3205 4086 3370 4139 regno
3439 4071 3597 4138 potiri

2033 4179 2243 4233 acquum
2270 4176 2409 4228 erat,
2434 4165 2550 4217 ideo
2578 4165 2787 4217 cunctis
2811 4164 2957 4232 regni
2993 4164 3318 4233 symbolum,
3350 4165 3604 4218 denarius

2037 4257 2301 4319 videlicet,
2327 4257 2450 4323 jure
2485 4255 2679 4321 datur;
2712 4271 2938 4324 quorum
2983 4256 3069 4307 alii
3125 4255 3341 4322 quidem
3378 4254 3444 4306 ab
3473 4256 3601 4308 ador

2039 4349 2294 4402 lescentia
2327 4349 2544 4399 fuerunt
2574 4347 2766 4410 vocati,
2803 4347 2892 4399 alii
2921 4348 3066 4400 circa
3100 4347 3331 4399 medium
3362 4347 3606 4401 humana:

2041 4442 2162 4492 vita:
2194 4449 2426 4507 tempus,
2471 4438 2559 4490 alii
2595 4436 2647 4490 iu
2696 4448 2911 4492 tetatem
2959 4438 3068 4505 jam
3120 4437 3326 4491 virilem
3385 4447 3439 4491 et
3489 4454 3608 4506 per-

367 4532 461 4600 τῆς
491 4530 782 4602 ἀνθρώπου
818 4530 960 4599 ζωῆς
990 4528 1198 4598 χρόνον,
1246 4529 1295 4580 οἱ
1330 4527 1386 4579 δέ
1422 4525 1512 4578 τὸν
1545 4526 1712 4596 ἄνδρα
1735 4526 1930 4579 τέλειον

2040 4529 2232 4582 lectam
2266 4526 2525 4595 proverti,
2556 4526 2644 4578 alii
2678 4525 2912 4596 denique
2946 4527 3056 4596 jam
3096 4542 3253 4581 senes
3305 4538 3357 4580 et
3403 4528 3453 4580 in
3488 4528 3608 4581 vita:

372 4622 469 4694 ἤδη
512 4626 605 4674 καὶ
646 4620 1057 4691 ὑπερϐεϐηκότα
1091 4619 1435 4688 ἀνειληφότες
1456 4657 1470 4680 ,
1503 4620 1549 4670 οί
1583 4618 1639 4670 δὲ
1676 4617 1816 4671 κατά
1845 4619 1936 4670 τὸν

366 4703 683 4782 ῖπρεσεύτην
721 4711 882 4763 αὐτὸν
918 4708 1174 4780 γηραλέοι
1217 4708 1399 4760 λοιπὸν
1449 4707 1542 4760 καὶ
1573 4708 1699 4778 περὶ
1731 4707 1938 4777 δυσμάς

372 4802 586 4872 ἔχοντες
615 4803 708 4854 τοῦ
733 4803 868 4872 βίου.
902 4802 1057 4854 Εἴποι
1083 4800 1124 4852 δ’
1155 4800 1218 4853 ἄν
1246 4817 1330 4862 τις
1364 4801 1458 4853 καὶ
1491 4799 1690 4870 ἑτέρως
1713 4797 1939 4869 ἐξηγού-

375 4912 536 4964 μενος
565 4894 920 4965 ἐφαρμόττειν
949 4893 1017 4946 τά
1043 4893 1129 4946 διὰ
1159 4894 1255 4963 τῆς
1288 4891 1598 4963 παραϐολῆς
1639 4890 1941 4961 δηλούμενα

370 4988 482 5048 τοῖς
526 4985 786 5038 ἀνέκαθεν
827 4987 890 5036 ἐκ
929 4983 1149 5053 πρώτης
1203 4982 1294 5035 τοῦ
1337 4983 1452 5052 βίου
1495 4982 1737 5044 στάσεως
1779 4980 1940 5053 μέχρι

377 5078 684 5141 συντελείας
701 5077 1138 5146 καταξιουμένοις
1154 5078 1248 5144 τῆς
1270 5076 1451 5129 ἐνθέου
1475 5075 1734 5147 κλήσεως·
1755 5075 1939 5146 ῶσπερ

375 5164 493 5237 ἅμα
524 5169 663 5238 πρωῒ
687 5168 980 5238 κεκλῆσθαι
1007 5168 1181 5231 λέγειν
1212 5168 1302 5219 ἐπὶ
1325 5167 1418 5238 τὴν
1443 5167 1747 5230 θεοσεϐείας
1779 5169 1941 5238 ἐργα-

379 5258 500 5312 σίαν
525 5262 648 5324 τοὺς
681 5261 819 5313 κατὰ
840 5261 936 5330 τὴν
963 5261 1134 5330 ἀρχὴν
1164 5258 1255 5310 τοῦ
1287 5259 1398 5328 βίου
1441 5258 1686 5332 πρώτους
1719 5259 1940 5312 δικαιω-

380 5347 598 5412 θένταςο
631 5352 913 5424 δευτέρους
938 5351 992 5403 δὲ
1014 5352 1138 5413 τοὺς
1168 5350 1311 5420 ἀμφὶ
1338 5351 1429 5404 τὸν
1464 5349 1632 5422 Ἑνὼχ
1667 5352 1760 5404 καὶ
1792 5351 1936 5403 Νῶε·

447 5557 561 5629 (ὃῖ)
601 5559 1252 5632 Symbolaintelliguntur
1284 5557 1581 5632 praesertim
1621 5573 1812 5632 cruces
1831 5565 1943 5632 .mut

378 5627 756 5717 passiiiiuloqui
803 5631 941 5688 solet
982 5627 1317 5701 Nicephorus
1366 5631 1418 5684 in
1455 5645 1617 5700 opere
1672 5630 1776 5683 l’ro
1829 5627 1930 5683 SS.
1976 5692 2008 5717 Δ,

381 5700 716 5770 imaginibus.

2039 4634 2288 4675 occasum
2323 4609 2558 4670 décidui.
2602 4616 2852 4670 Fortasse
2886 4617 3080 4686 aliquis
3126 4616 3285 4669 aliter
3310 4616 3607 4685 explanatis

2042 4713 2204 4774 dicet,
2260 4725 2560 4780 congruere
2589 4709 2857 4780 parabola:
2909 4709 3269 4778 signiﬁcatum
3308 4710 3500 4776 priscis
3539 4709 3608 4762 ab

2042 4805 2358 4860 exordiente
2397 4807 2592 4858 mundo
2634 4807 2802 4874 usque
2829 4805 2894 4857 ad
2922 4804 3038 4872 ejus
3087 4804 3604 4857 consummationem

2045 4899 2224 4952 divina
2261 4898 2538 4952 vocatione
2574 4899 2807 4966 dignatis
2838 4896 3183 4958 hominibus;
3233 4897 3302 4948 ita
3353 4907 3410 4948 ut
3449 4912 3608 4949 mane

2051 4989 2222 5042 vocati
2285 4989 2538 5041 dicantur
2595 4990 2660 5041 ad
2726 4987 3003 5054 religionis
3055 5001 3188 5054 opus
3226 4985 3299 5038 illi
3329 4985 3417 5053 qui
3455 4985 3610 5039 initio

2047 5080 2226 5132 mundi
2265 5079 2406 5147 jnste
2463 5080 2758 5132 vixerunt:
2797 5077 3029 5130 secundo
3101 5075 3217 5129 loco
3287 5073 3472 5129 Euoch
3548 5091 3610 5127 ac

2042 5168 2152 5222 Noe
2183 5187 2196 5222 :
2230 5174 2384 5224 tertia
2443 5169 2573 5223 hora
2621 5169 2962 5222 Abrahamus
2995 5187 3007 5221 :
3045 5179 3194 5221 sexta
3257 5168 3382 5221 hora
3437 5166 3610 5220 Moses

2040 5270 2093 5316 et
2148 5260 2311 5316 Josue
2360 5282 2423 5316 ac
2473 5263 2683 5330 judices
2721 5276 2735 5313 :
2780 5278 2916 5316 noua
2974 5261 3101 5313 hora
3161 5261 3404 5314 homines
3453 5271 3608 5314 attate

2039 5356 2418 5423 prophetarum
2455 5373 2468 5408 ;
2513 5355 2742 5421 denique
2795 5354 3075 5406 undecima
3107 5353 3237 5405 hora
3267 5353 3342 5405 illi
3366 5355 3457 5422 qui
3487 5362 3608 5421 post

2041 5559 2071 5580 π

2114 5560 2224 5631 (65)
2264 5560 2504 5632 Sequens
2542 5555 2904 5632 fragmentum
2930 5560 3195 5632 usquead
3229 5559 3524 5632 ἀνεφέρετο
3552 5559 3604 5613 in

2041 5629 2225 5688 codice
2252 5634 2293 5684 Α
2323 5631 2514 5685 dicitur
2540 5629 2752 5684 Eusebii
2783 5630 2940 5685 simul
2968 5641 3023 5687 et
3049 5631 3320 5702 Origeuis.
