4108 6204
501 306 601 363 871

1193 296 1461 355 EUSEBII
1501 296 1980 353 οΑεεΑιιιΕΝειδ
2017 297 2168 353 ΟΡΡ.
2210 298 2389 355 PARS
2421 298 2509 354 Ill.
2545 329 2614 339 —
2654 294 3062 351 EXEGETICA.

3624 290 3729 345 572

500 418 667 475 divini
693 415 1000 471 Servatoris
1024 413 1515 467 maniiestationem
1536 411 1878 466 exstiterunt.
1896 411 2063 482 Atque

2170 414 2295 477 τοὺς
2335 414 2461 483 περὶ
2490 413 2588 483 τὴν
2615 412 2802 483 τρίτην
2835 410 2964 472 τοὺς
3003 410 3145 478 ἀμφὶ
3178 407 3267 459 τὸν
3303 402 3579 476 Ἁϐραάμ*
3606 406 3730 468 τοὺς

502 513 604 566 bos
632 523 821 564 omnes
849 509 1042 576 dig-nos
1062 520 1183 559 esse
1212 505 1423 558 habitos
1449 504 1591 557 dicet
1618 518 1722 555 una
1769 504 2060 572 eademque

501 599 771 662 mercede,
802 596 1026 651 denario
1070 595 1393 665 signiﬁcata,
1441 593 1534 662 qui
1590 593 1643 646 in
1698 594 1788 648 Dei
1835 609 2058 664 regnum

503 690 870 745 deferebatur.

2164 507 2220 559 δὲ
2255 507 2383 577 περὶ⁹
2403 506 2499 575 τὴν
2523 506 2687 574 ἓκτην
2704 506 2825 566 τοὺς
2857 501 3000 572 ἀμφὶ
3032 499 3121 551 τὸν
3148 497 3383 551 Μωΰσέα
3406 497 3499 550 καὶ
3529 494 3733 566 Ἰησοῦν

2165 596 2259 650 καὶ
2297 595 2489 667 κριτάς
2510 612 2522 624 ·
2568 595 2693 655 τοὺς
2736 593 2792 644 δὲ
2824 593 2949 661 περὶ
2980 591 3077 660 τὴν
3106 589 3329 657 ὲννάτην
3360 588 3485 649 τοὺς
3525 587 3581 638 ὲν
3620 588 3733 648 τοῖς

2165 689 2377 760 χρόνοις
2407 687 2514 741 τῶν
2549 684 2839 756 προφητῶν
2861 702 2873 714 ·
2903 686 3025 746 τοὺς
3054 683 3109 735 δὲ
3146 682 3273 753 περὶ
3299 681 3395 751 τὴν
3423 679 3739 749 ἑνδεκάτην,

501 785 627 847 τοὺς
657 782 791 854 μετά
829 784 928 852 τὴν
965 783 1226 853 σωτήριον
1260 779 1573 848 θεοφάνειαν
1594 796 1606 808 ·
1644 778 1736 841 οὓς
1765 779 1829 851 δὴ
1862 780 2067 845 πάντας
2096 784 2595 855 καταξιωθήσεσθαι
2629 783 2743 845 ἐνὸς
2771 781 2864 834 καὶ
2895 778 2988 832 τοῦ
3026 778 3187 833 αὑτοῦ
3236 776 3425 848 μισθοῦ
3450 774 3542 828 τοῦ
3596 776 3734 831 κατά

503 879 563 932 τὸ
587 879 834 950 δηνάριον
864 878 1250 948 δεδηλωμένου,
1277 877 1410 945 ὅπερ
1440 876 1518 937 εἰς
1554 875 1651 945 τὴν
1683 874 1774 927 τοῦ
1805 875 1939 928 Θεοῦ
1969 876 2241 946 βασιλείαν
2268 880 2576 949 ἀνεφέρετο.

508 996 549 1026 ¹⁰
592 990 713 1046 Νοη
749 1009 828 1046 me
860 993 1121 1053 videbitis,
1150 992 1312 1043 donec
1342 991 1511 1042 veniat
1546 1004 1660 1040 cum
1683 990 1887 1057 dicetis,
1910 991 2077 1047 Bene-

745 1064 915 1115 dictus
941 1064 1029 1131 qui
1069 1062 1203 1116 venit
1247 1060 1302 1112 in
1347 1060 1550 1111 nomine
1582 1057 1819 1115 Domini.

572 1153 774 1223 Nempe
813 1153 974 1206 iidem
1021 1152 1295 1213 homines,
1338 1149 1659 1217 quibuscum
1720 1151 2075 1219 praesentibus

501 1260 738 1312 prteseus
770 1244 883 1311 ipse
914 1242 1255 1310 loquebatur,
1287 1240 1470 1294 statim
1500 1253 1561 1292 ac
1590 1254 1710 1292 eum
1743 1240 1920 1294 divina
1945 1258 2067 1295 cum

504 1334 676 1402 gloria
734 1343 894 1399 atque
953 1330 1267 1399 angelorum
1324 1329 1581 1382 comitatu
1640 1328 1941 1382 venientem
2001 1330 2070 1385 de

500 1426 638 1478 crelo
673 1425 928 1485 viderint,
967 1430 1227 1491 cogentur
1289 1437 1409 1475 eum
1456 1420 1699 1472 conﬁteri
1729 1420 2067 1474 benedictum

501 1516 591 1581 qui
621 1516 763 1569 venit
794 1516 846 1568 in
871 1516 1086 1568 nomine
1124 1513 1329 1566 Domini
1362 1513 1537 1570 Patris
1564 1519 1665 1571 sui.

505 1609 545 1639 “
582 1611 755 1663 Homo
789 1607 1003 1676 quidam
1051 1605 1171 1674 fecit
1217 1619 1414 1723 trinam
1462 1608 1741 1677 magnam,
1787 1614 1836 1659 et
1869 1605 2068 1659 vocavit

1174 1690 1258 1723 nm
1288 1684 1391 1723 tos.

1174 1684 1391 1728 multos.

572 1765 791 1819 Diversa
827 1775 909 1818 est
939 1764 1052 1818 hzec
1085 1761 1335 1831 parabola
1368 1764 1433 1817 ab
1472 1780 1534 1819 ea
1568 1780 1727 1833 quam
1780 1765 2066 1817 Mattbmus

501 1858 688 1913 scribit
728 1859 791 1910 η.
827 1857 900 1909 lbi
940 1855 1082 1908 enim
1141 1869 1255 1916 rex,
1308 1856 1611 1925 nuptimque
1659 1856 1748 1909 lilii
1800 1856 1958 1925 regii,
2013 1866 2067 1909 et

502 1958 786 2003 vocatores
829 1946 982 2000 multi
1028 1954 1172 2010 sunt,
1208 1953 1261 1997 et
1293 1948 1466 1999 vocati
1501 1964 1603 2000 non
1635 1948 1880 2010 iverunt,
1936 1947 2064 2014 quin

503 2040 612 2092 imo
640 2053 827 2093 servos
854 2037 1192 2092 contumeliis
1218 2036 1440 2090 ali‘ectos
1466 2039 1802 2103 occiderunt,
1838 2045 1891 2090 et
1914 2051 2065 2090 exer-

501 2132 642 2186 citus
695 2140 1067 2185 commovetur
1123 2131 1174 2183 in
1224 2146 1503 2186 servorum
1564 2129 1965 2192 interfectores,
2016 2138 2071 2181 et

501 2223 721 2292 quidam
785 2222 854 2275 ob
916 2233 1114 2275 vestem
1183 2224 1456 2278 sordidam
1526 2220 1752 2288 nuptiali
1821 2220 2068 2273 convivio

502 2312 812 2380 expellitur.
847 2310 945 2364 Hic
984 2322 1164 2367 autem
1210 2329 1349 2368 unus
1381 2314 1539 2366 homo
1565 2311 1922 2365 introducitur
1952 2350 1968 2374 ,
2016 2319 2069 2364 et

502 2417 656 2459 caena
686 2402 916 2466 privata,
958 2412 1012 2456 et
1055 2420 1192 2458 unus
1219 2416 1441 2459 vocator
1477 2404 1730 2469 mittitur,
1786 2414 1841 2457 et
1896 2400 2067 2457 vocati

503 2494 864 2563 deprecantur
894 2497 1263 2549 tantummodo
1298 2495 1657 2557 vocationem,
1685 2494 2069 2564 occupationes

502 2599 629 2639 suas
660 2586 1073 2652 przetendentes.
1111 2587 1371 2656 Quodque
1417 2589 1549 2641 adeo
1590 2588 1915 2655 praecipuum
1954 2595 2060 2650 est,

502 2672 591 2727 illa
616 2674 666 2727 in
697 2674 892 2743 templo
915 2675 1054 2728 dicta
1090 2675 1191 2729 fuit
1214 2678 1353 2744 apud
1391 2676 1675 2745 pontiﬁces
1720 2676 2069 2743 senioresque

501 2764 704 2832 populi,
760 2765 875 2819 lucc
922 2766 973 2819 in
1017 2766 1239 2821 Galilaaa
1278 2767 1423 2820 domi
1470 2768 1749 2835 cujusdam
1810 2765 2071 2835 principis

502 2856 780 2913 Pharisaei.
831 2858 893 2911 Et
945 2858 1160 2926 quidem
1210 2874 1350 2911 unus
1400 2858 1849 2913 discumbentium
1900 2856 2067 2918 audit,

503 2948 698 3003 Beatus
732 2948 833 3001 erit
878 2950 1003 3016 quia
1051 2966 1151 3002 non
1195 2949 1384 3001 habent
1430 2949 1567 3018 quod
1609 2949 1702 3000 tibi
1748 2948 2069 3006 retribuam;

2177 977 2258 1029 Οὐ
2282 975 2367 1044 μή
2391 992 2466 1041 με
2488 973 2656 1039 ἴδητε
2692 973 2803 1037 ἕως
2833 970 2910 1025 ἂν
2936 970 3054 1044 ἢξῃ
3076 968 3179 1044 Δὅτε
3201 967 3433 1044 εἴπητε·
3456 968 3736 1044 ,Εὐλογηο

2341 1038 2524 1113 μένος
2551 1038 2583 1097 ὀ
2611 1044 2931 1112 ἐρχόμενος
2960 1041 3028 1092 ἐν
3056 1041 3295 1107 ὀνόματι
3320 1038 3558 1105 Κυρίου.

2242 1137 2403 1189 Αὐτοὶ
2431 1136 2539 1205 γάρ
2573 1137 2800 1198 ἐκεῖνοι,
2840 1129 2922 1197 οἷς
2950 1132 3069 1185 τότε
3096 1130 3286 1201 παρὼν
3316 1128 3545 1199 παροῦσι
3577 1125 3736 1179 διελέ-

2169 1246 2321 1298 γετο,
2346 1227 2606 1297 θεώμενοι
2634 1225 2795 1279 αὐτὸν
2823 1223 2961 1295 μετὰ
2985 1224 3083 1294 τῆς
3109 1222 3289 1274 ἐνθέου
3319 1219 3493 1289 δόξης,
3524 1218 3614 1271 καὶ
3641 1218 3738 1269 σὺν

2176 1319 2419 1387 ἀγγέλων
2457 1316 2749 1389 δορυφορίᾳ
2775 1316 3065 1387 ἐρχόμενον
3086 1313 3142 1378 ἐξ
3171 1311 3428 1383 οὐρανῶν,
3462 1308 3736 1379 ὁμολογεῖν

2176 1408 2677 1480 ἀναγκασθήσονται
2724 1406 2884 1460 αὐτὸν
2929 1400 3066 1457 εἶναι
3106 1403 3194 1455 τὸν
3241 1400 3597 1470 εύλογημένον
3651 1399 3736 1451 τὸν

2176 1501 2466 1571 ἐρχόμενον
2492 1500 2549 1551 έν
2582 1497 2802 1567 ὀνόματι
2827 1495 3029 1566 Κυρίου
3062 1491 3155 1545 τοῦ
3187 1490 3377 1545 ἑαυτοῦ
3402 1488 3630 1559 Πατρός.

2179 1590 2507 1660 Ἄνθρωπός
2529 1608 2618 1655 τις
2631 1589 2881 1654 ἐποίησε
2895 1586 3140 1660 δεῖπνρτς
3165 1583 3336 1654 μέγα,
3360 1582 3455 1635 καὶ
3484 1579 3739 1633 ἐκάλεσε

2732 1658 2999 1721 πολλούς
3033 1655 3140 1724 (64)
3149 1692 3166 1707 .

2254 1753 2531 1823 Ἀλλοτρία
2578 1752 2713 1822 αὕτη
2762 1752 2794 1820 ή
2842 1746 3122 1818 παραϐολὴ
3166 1744 3301 1815 πρὸς
3332 1741 3429 1813 τὴν
3466 1739 3617 1812 παρά
3662 1737 3737 1808 τῷ

2168 1842 2451 1912 Ματθαίῳ.
2506 1842 2653 1894 Ἐκεῖ
2691 1841 2787 1910 μὲν
2826 1837 2932 1908 γὰρ
2969 1835 3240 1905 βασιλεὺς,
3293 1833 3387 1884 καὶ
3420 1831 3587 1900 γάμοι
3620 1827 3737 1881 υἱοῦ

2170 1931 2451 2002 βασιλέως,
2475 1932 2567 1983 καὶ
2587 1929 2848 2000 κλήτορες
2880 1924 3082 1987 πολλοὶ,
3114 1922 3207 1975 καὶ
3232 1924 3281 1974 οἱ
3320 1920 3608 1992 κληθέντες
3640 1921 3736 1972 οὐκ

2168 2022 2426 2092 ἀπῆλθον,
2455 2020 2587 2073 ἀλλά
2610 2021 2702 2072 καὶ
2732 2018 2856 2079 τοὺς
2876 2015 3092 2082 δούλους
3118 2014 3345 2084 ὕϐρισαν
3370 2012 3462 2064 καὶ
3489 2011 3738 2064 ἀπέκτει-

2168 2132 2286 2176 ναν,
2312 2117 2404 2166 καὶ
2432 2112 2744 2181 στράτευμα
2769 2108 3081 2179 κινούμενον
3101 2104 3239 2159 κατά
3254 2103 3363 2157 τῶν
3388 2102 3740 2175 ἀνῃρηκότων

2167 2206 2291 2265 τοὺς
2320 2201 2558 2264 δούλους,
2593 2201 2687 2252 καὶ
2714 2199 2743 2251 ό
2774 2197 2861 2251 διὰ
2889 2197 2987 2268 τὴν
3023 2192 3272 2266 ῥυπαρὰν
3320 2191 3519 2265 ἐσθῆτα
3548 2188 3738 2243 ἐκϐαλ-

2168 2293 2389 2362 λόμενος
2411 2291 2503 2342 τοῦ
2535 2289 2734 2359 γάμου*
2760 2282 2861 2339 ὧδε
2881 2287 2938 2340 δὲ
2964 2284 3245 2356 ἄνθρωπος
3265 2282 3538 2349 εἰσάγεται
3563 2280 3739 2348 ψιλὸς,

2169 2386 2261 2438 καὶ
2287 2385 2501 2436 δεῖπνον
2524 2381 2727 2444 ἁπλῶς,
2756 2382 2847 2433 καὶ
2872 2374 2949 2443 εἷς
2979 2378 3070 2431 ἐπὶ
3094 2377 3192 2448 τὴν
3224 2376 3413 2446 κλῆσιν
3463 2370 3740 2443 ἐκπέμπε-

2168 2493 2277 2540 ται,
2315 2474 2427 2527 καὶ.
2450 2474 2498 2525 οί
2544 2472 2834 2541 κληθέντες
2879 2469 3268 2541 παραιτοῦνται
3299 2469 3454 2538 μόνον
3488 2466 3584 2536 τὴν
3608 2462 3741 2534 κλῆ-

2171 2584 2277 2630 σιν,
2312 2565 2566 2635 ἀσχολίαν
2594 2562 2981 2633 σκηπτόμενοι.
3004 2562 3078 2613 Τὸ
3102 2560 3157 2614 δὲ
3190 2558 3736 2630 κεφαλαιωδέστερον,

2170 2660 2251 2711 ὅτι
2274 2658 2456 2727 ἐκείνη
2487 2657 2583 2727 μὲν
2615 2657 2671 2708 ὲν
2699 2654 2777 2725 τῷ
2811 2653 2940 2725 ἱερῷ
2970 2653 3189 2706 λέλεκτο
3231 2653 3367 2722 πρὸς
3394 2652 3523 2713 τοὺς
3555 2651 3740 2721 ἀρχιε-

2173 2752 2284 2820 ρεῖς
2324 2749 2417 2800 καὶ
2450 2745 2849 2817 πρεσϐυτέρους
2887 2744 2981 2797 τοῦ
3010 2742 3160 2808 λαοῦ,
3212 2741 3349 2811 αὕτη
3401 2740 3445 2793 δ’
3495 2740 3588 2793 ἐπὶ
3637 2740 3741 2809 τῆς

2170 2839 2452 2902 Γαλιλαίας
2482 2840 2537 2891 ὲν
2556 2836 2700 2907 οἰκίᾳ
2718 2837 2860 2899 τινὸς
2888 2836 3142 2906 ἄρχοντος
3165 2832 3456 2903 Φαρισαίου
3472 2849 3484 2861 ·
3502 2831 3610 2884 τῶν
3634 2830 3741 2901 γὰρ

2174 2927 2643 2997 συνανακειμένων
2666 2944 2750 2988 τις
2776 2924 3011 2985 ἀκούσας
3039 2923 3118 2984 τὸ,
3145 2921 3448 2989 Μακάριος
3484 2921 3620 2991 ἔσῃ,
3652 2920 3742 2973 ὅτι

508 3040 816 3093 retribuetur
852 3040 990 3092 enim
1038 3040 1132 3091 tibi
1172 3040 1225 3091 in
1267 3039 1536 3107 justorum
1583 3041 1958 3092 resurrectione
2002 3037 2063 3091 ¹³.

2175 3025 2285 3076 οὐκ
2318 3023 2569 3089 ἔχουσιν
2607 3018 3048 3073 ἀνταποδοῦναί
3082 3032 3181 3070 σοι
3209 3034 3221 3047 ·
3264 3016 3743 3083 ἀνταποδοθήσε-

506 3128 677 3184 Porro
746 3130 1069 3182 resurrectio
1134 3130 1272 3182 idem
1336 3144 1456 3182 esse
1522 3127 1836 3196 intelligitur
1909 3135 2069 3193 atque

505 3234 726 3289 regnum
762 3221 873 3273 Dei.
918 3219 1035 3273 Jam
1068 3224 1203 3276 vero‘
1242 3222 1289 3276 ei
1335 3224 1423 3289 qui
1473 3222 1708 3289 dixerat,
1743 3218 1935 3271 Beatus
1981 3219 2069 3286 qui

499 3325 688 3377 penem
717 3315 946 3364 conradet
996 3312 1049 3364 in
1092 3328 1248 3382 regno
1283 3311 1377 3365 Dei
1405 3312 1489 3379 ",i
1519 3311 1767 3380 quisnam
1801 3318 1945 3363 esset
1982 3308 2067 3360 hic

503 3399 692 3455 beatus
730 3400 1023 3455 declaravit
1072 3401 1331 3457 Servator
1377 3418 1470 3471 per
1519 3400 1829 3471 parabolam
1863 3399 2065 3460 d'cens,

506 3490 679 3546 Homo
736 3496 949 3565 quidam
984 3511 1182 3549 uenam
1236 3508 1477 3565 magnam
1548 3493 1711 3562 fecit;
1766 3505 1950 3545 rursus
2013 3502 2071 3543 se

505 3581 680 3650 ipsum
717 3586 802 3639 bis
829 3586 1005 3639 verbis
1028 3585 1300 3639 hominem
1344 3584 1642 3638 nominans.

2177 3130 2270 3166 ται
2300 3110 2412 3181 γάρ
2453 3126 2550 3164 σοι
2595 3110 2664 3162 ἐν
2703 3109 2779 3177 τῇ
2806 3106 3132 3163 ἀναστάσει
3181 3106 3297 3160 τῶν
3325 3107 3571 3161 δικαίων
3592 3124 3605 3137 ·
3639 3107 3741 3176 τῆς

2174 3201 2520 3263 ἀναστάσεως
2549 3201 2640 3253 καὶ
2664 3201 2763 3269 τῆς
2790 3198 3058 3269 βασιλείας
3081 3198 3169 3252 τοῦ
3201 3198 3333 3252 Θεοῦ
3372 3201 3500 3269 μιᾶς
3525 3199 3617 3252 καὶ
3644 3200 3743 3271 τῆς

2175 3296 2345 3365 αὐτῆς
2367 3294 2678 3365 νοουμένης.
2717 3293 2857 3364 Πρὸς
2879 3288 2969 3346 οὖν
3003 3293 3092 3345 τὸν
3129 3292 3401 3363 εἰρηκότα,
3439 3291 3741 3361 Μακάριος

2174 3385 2341 3451 ὅστις
2375 3384 2629 3453 cedrum:
2661 3384 2843 3450 ἄρτον
2872 3383 2941 3436 ἐν
2978 3382 3053 3451 τῇ
3083 3384 3367 3449 βασιλείᾳ
3405 3384 3510 3437 τοῦ
3557 3382 3738 3445 Θεοῦ,

2170 3475 2257 3538 τίς
2284 3474 2346 3528 ἂν
2385 3474 2590 3542 γένοιτο
2623 3467 2774 3535 οὗτος
2803 3474 2831 3523 ό
2873 3472 3137 3543 μακάριος
3174 3471 3259 3523 διά
3296 3472 3395 3541 τῆς
3430 3471 3741 3541 παραϐολῆς

2173 3570 2202 3620 ὁ
2229 3565 2420 3635 Σωτὴρ
2458 3564 2757 3635 παρίστησι
2785 3563 2979 3630 λέγων,
3009 3563 3339 3632 Ἄνθρωπός
3367 3580 3455 3628 τις
3491 3563 3740 3631 ἐποίησε

501 3674 749 3746 gaius-or
786 3676 965 3747 μέταυ
1001 3676 1158 3730 πάλιν
1200 3676 1358 3739 αὐτὸς
1391 3675 1580 3728 ἑαυτὸν
1629 3676 1688 3729 ὲν
1726 3675 1933 3735 τούτοις
1968 3670 2245 3739 ἄνθρωπον
2276 3658 2571 3729 ὀνομάζων·

575 3773 647 3829 Ut
697 3784 875 3829 autem
927 3789 1120 3843 magna
1166 3789 1319 3827 ctena
1346 3787 1589 3840 quamam
1642 3772 1713 3825 sit
1764 3770 2058 3837 intelligas,

504 3858 722 3913 interim
767 3848 981 3927 quidem
1018 3870 1201 3926 specta
1246 3861 1350 3914 boc
1387 3861 1439 3912 in
1467 3861 1596 3913 orbe
1621 3860 1870 3913 universo
1909 3858 2068 3928 Spiri—

504 3946 610 4001 tale
653 3948 956 4001 convivium
997 3964 1274 4002 sacrorum
1328 3949 1737 4018 divinorumque
1788 3950 2062 4012 ciborum,

502 4040 645 4107 quod
697 4040 907 4108 ubique»
963 4050 1226 4095 terrarum
1305 4057 1402 4111 per
1455 4040 1710 4095 divinitus
1779 4040 2065 4111 inspiratus

502 4128 812 4197 Scripturas
849 4132 1062 4186 cunctis
1105 4131 1313 4201 populis
1342 4133 1649 4201 exhibetur.
1699 4133 1836 4188 Hinc
1882 4141 2061 4185 autem

2248 3769 2403 3836 Μέγα
2435 3767 2489 3820 δὲ
2524 3765 2685 3819 αὑτοῦ
2715 3765 2926 3818 δεῖπνον
2958 3766 3192 3837 νοήσεις,
3223 3767 3358 3829 τέως
3395 3766 3492 3836 μὲν
3532 3764 3739 3819 ἀπιδὼν

2170 3864 2247 3925 είς
2278 3860 2336 3913 τὸ
2377 3858 2495 3912 καθ’
2527 3858 2653 3926 ὅλης
2687 3857 2787 3926 τῆς
2828 3859 3150 3929 οἰκουμένης
3188 3859 3401 3927 λογικὸν
3440 3860 3739 3929 συμπόσιον

2167 3954 2273 4007 τῶν
2314 3952 2471 4024 ἱερῶν
2518 3952 2611 4005 καὶ
2639 3950 2796 4003 θείων
2820 3950 3032 4021 τροφῶν
3064 3949 3172 4003 τῶν
3200 3950 3474 4021 πανταχοῦ
3514 3951 3619 4021 γῆς
3648 3952 3737 4005 διὰ

2167 4046 2273 4098 τῶν
2321 4042 2688 4097 θεοπνεύστων
2732 4041 3173 4111 ἀναγνωσμάτων
3221 4043 3353 4093 πᾶσι
3406 4045 3516 4105 τοῖς
3560 4041 3736 4095 ἔθνεσι

2169 4133 2646 4207 παραδεδομένων·
2677 4132 2925 4185 ἐντεῦθεν
2956 4132 3010 4184 δὲ
3052 4132 3257 4203 μετάϐα
3291 4135 3354 4202 τῇ
3402 4132 3606 4203 διανοίᾳ
3644 4133 3735 4186 ἐπὶ

503 4232 737 4277 mentem
771 4223 1001 4277 transfer
1032 4224 1095 4276 ad
1125 4232 1495 4293 exspectatqu
1520 4224 1778 4279 caelorum
1812 4236 2060 4291 regnum,

2169 4230 2271 4301 τὴν
2298 4224 2744 4298 προσδοκωμένην
2775 4223 2882 4276 τῶν
2920 4224 3161 4294 οὐρανῶν
3189 4224 3462 4294 βασιλείαν
3486 4242 3499 4256 ’
3533 4226 3624 4278 καὶ
3654 4227 3735 4289 είς

502 4323 666 4381 atque
696 4324 885 4382 reputa
910 4328 1122 4366 ctenam
1165 4313 1309 4367 illam
1361 4330 1488 4368 vere
1537 4330 1804 4384 magnam,
1864 4314 1915 4366 in
1958 4326 2063 4380 qua

498 4420 624 4460 cum
657 4405 883 4473 angelis,
918 4405 1223 4474 divinisque
1265 4407 1520 4460 caelorum
1558 4408 1848 4461 virtutibus
1893 4406 2063 4459 beatze

500 4498 697 4551 animm
728 4499 1091 4567 requiescent,
1124 4498 1543 4568 angelorumque
1564 4514 1699 4567 pane
1718 4500 2020 4552 nutrientur
2045 4514 2059 4551 :

502 4602 607 4656 quo
625 4603 756 4641 sane
787 4600 1024 4657 tempore
1050 4590 1248 4644 dictum
1273 4591 1399 4643 illud
1431 4592 1657 4644 lirmiter
1684 4591 2063 4658 splendideque

498 4679 876 4748 complebilur,
916 4677 1110 4733 Panem
1139 4680 1443 4748 angelorum
1466 4681 1798 4734 manducavit
1820 4682 1970 4733 homo
1994 4681 2057 4736 ¹⁸.

501 4767 682 4835 Neque
709 4768 849 4821 enim
883 4768 1157 4836 multiplex
1188 4769 1291 4821 erit
1330 4768 1419 4822 ille
1450 4769 1635 4835 cibus,
1670 4784 1839 4832 neque
1874 4769 2059 4823 condi-

499 4860 640 4913 turis
666 4868 756 4912 aut
786 4858 1026 4912 obsoniis
1053 4858 1270 4927 egebit;
1306 4859 1397 4911 scd
1439 4872 1542 4911 uno
1567 4872 1703 4926 pane
1736 4857 2057 4911 immortali-

496 4953 625 5005 tatis
676 4960 855 5005 satore
896 4952 1124 5019 vitaeque
1171 4960 1385 5004 aeterna:
1438 4950 1623 5004 datore
1661 4951 1961 5003 nutrientur
1997 4949 2052 5013 ii,

496 5040 564 5095 de
612 5041 806 5111 quibus
846 5041 1106 5097 Servator
1156 5042 1411 5110 loquitur,
1457 5042 1653 5111 quique
1704 5041 1756 5095 in
1804 5043 2054 5112 praesenti

496 5132 603 5185 vita
635 5132 753 5189 aliis
783 5133 1032 5188 alimenta
1076 5134 1425 5203 praebuerint.
1462 5132 1625 5187 Panis
1674 5148 1802 5187 vero
1843 5149 2054 5187 rursum

496 5220 838 5295 intelligitur,
872 5226 962 5297 qui
995 5235 1048 5281 et
1083 5226 1290 5279 animas
1321 5236 1375 5279 et
1405 5225 1625 5295 angelos
1660 5235 1714 5279 et
1763 5225 2057 5282 rationales

492 5316 689 5383 quaein
721 5316 856 5371 caelo
897 5330 1022 5374 sunt
1063 5326 1267 5372 mentes
1301 5316 1411 5371 alit.
1452 5318 1504 5371 Id
1532 5318 1674 5387 quod
1719 5316 1834 5388 ipse
1870 5317 2050 5373 docuit

2168 4320 2373 4372 ἔννοιαν
2398 4316 2515 4369 ἐλθὲ
2548 4316 2636 4367 τού
2668 4316 2786 4367 τότε
2817 4315 3049 4385 μεγάλου
3079 4315 3153 4377 ὡς
3175 4314 3388 4386 ἀληθῶς
3419 4316 3648 4379 δείπνου,
3674 4318 3733 4369 ὲν

2168 4404 2211 4477 ᾧ
2246 4407 2745 4465 συναναπαύσονται
2791 4406 3041 4474 ἀγγέλοις
3074 4408 3166 4459 καὶ
3200 4410 3318 4469 ταῖς
3366 4408 3482 4460 κατ’
3508 4406 3734 4479 οὐρανὸν

2171 4499 2347 4562 θείαις
2380 4499 2672 4567 δυνάμεσιν
2701 4498 2755 4548 αἱ
2792 4496 2901 4549 τῶν
2927 4498 3210 4569 μακαρίων
3234 4500 3419 4570 ψυχαὶ,
3457 4501 3513 4551 ὲν
3543 4493 3735 4571 ᾧτρα-

2170 4592 2427 4661 φήσονται
2465 4588 2541 4657 τῷ
2576 4588 2682 4641 τῶν
2721 4587 2962 4655 ἀγγέλων
2994 4590 3171 4661 ἄρτῳ*
3209 4590 3581 4661 πληρουμένου
3632 4609 3732 4644 κυ-

2172 4682 2302 4752 ρίως
2347 4681 2465 4733 τότε
2535 4681 2629 4733 καὶ
2692 4679 3008 4750 θεοπρεπῶς
3050 4681 3140 4734 τοῦ
3195 4682 3490 4751 φάσκοντος
3539 4682 3728 4751 λόγου·

2170 4774 2374 4840 Ἄρτον
2421 4769 2691 4840 ἀγγέλων
2737 4769 2959 4839 ἔφαγεν
3007 4772 3335 4840 ἄνθρωπος.
3378 4775 3451 4826 Ού
3487 4773 3596 4846 γὰρ
3634 4792 3731 4829 πο-

2165 4861 2375 4933 λυειδὴς
2428 4862 2578 4914 ἔσται
2627 4865 2658 4933 ἡ
2709 4864 2829 4915 τότε
2875 4863 3069 4935 τροφὴ,
3116 4863 3239 4917 οὔτε
3270 4865 3576 4936 ἡδύσματος
3610 4867 3731 4921 οὔτε

2161 4950 2305 5021 ὄψων
2337 4951 2585 5022 δεομένη,
2615 4952 2761 5022 ἄρτῳ
2793 4952 2848 5005 δὲ
2890 4953 3036 5022 μόνῳ
3059 4953 3431 5025 ἀθανατοποιῴ
3466 4955 3556 5008 καὶ
3589 4955 3735 5027 ζωῆς

2163 5042 2378 5095 αἰωνίου
2401 5043 2713 5114 παρεκτικῷ
2738 5045 3101 5115 τραφήσονται
3122 5047 3169 5098 οί
3193 5047 3329 5099 κατὰ
3349 5046 3438 5099 τὸν
3458 5046 3733 5100 ἐνεστῶτα

2165 5133 2275 5204 βίον
2302 5134 2614 5206 θρέψαντες,
2651 5134 2745 5199 οὓς
2771 5136 3052 5205 ὠνόμασεν
3075 5139 3103 5189 ὁ
3129 5139 3338 5210 Σωτήρ.
3388 5139 3444 5192 Ὀ
3477 5139 3534 5192 δὲ
3565 5140 3730 5210 ἄρτος

2164 5225 2325 5279 πάλιν
2351 5226 2433 5297 εἴη
2472 5230 2500 5280 ό
2539 5227 2726 5297 ψυχῶν
2757 5229 2847 5280 καὶ
2888 5229 3130 5298 ἀγγέλων
3159 5231 3248 5282 καὶ
3278 5230 3384 5283 τῶν
3417 5231 3536 5283 κατ’
3564 5231 3729 5301 ούρα-

2163 5318 2251 5372 νδν
2294 5317 2525 5386 λογικῶν
2558 5320 2819 5391 τρόφιμος
2850 5320 3005 5388 λόγος
3026 5336 3041 5352 ⁸
3077 5320 3233 5374 τοῦτο
3275 5321 3405 5389 γοῦν
3435 5322 3597 5387 αὐτὸς
3622 5320 3727 5374 ὲδίο

568 5474 614 5505 “
643 5463 777 5544 Cap.
813 5492 932 5541 xm,
967 5478 1056 5533 55.
1132 5480 1172 5512 "
1211 5479 1339 5536 Luc.
1368 5495 1479 5547 xiv,
1516 5478 1601 5533 l6.
1678 5478 1719 5509 ι’
1747 5477 2162 5547 Mattli.xxu,2.
2241 5480 2285 5510 "
2320 5480 2452 5537 Luc.
2482 5496 2592 5550 xnv,
2633 5481 2716 5536 li.
2797 5480 2839 5511 “
2868 5480 2990 5534 ibid.
3018 5479 3102 5533 15.
3180 5478 3377 5535 “Psal.
3403 5477 3722 5545 uxvu,‘25.

536 5590 680 5670 ,(64)
709 5591 951 5647 Convivii
999 5595 1135 5672 Itagc_
1163 5596 1413 5672 parabola
1464 5595 1721 5672 scribitur
1761 5594 2027 5672 e_tiam_in
2057 5596 2268 5655 Eusebii
2303 5598 2654 5670 Thcophania,
2709 5599 2799 5656 lib.
2838 5614 2909 5666 ιν,
2969 5567 3055 5665 ίϐ,
3124 5598 3219 5656 sed
3248 5608 3442 5672 tamen
3489 5599 3563 5657 ibi
3624 5572 3727 5671 Sit-

503 5664 683 5719 riacus
711 5672 1000 5719 contextus
1032 5667 1097 5721 ab
1122 5664 1223 5723 bac
1244 5668 1431 5723 Graeco
1458 5676 1641 5724 nostro
1672 5666 1832 5722 nimis
1860 5664 2055 5723 diﬂ‘ert.
