4108 6204
366 249 477 314 873

1523 241 2019 304 COMMENTARIA
2058 243 2124 298 ΙΝ
2145 241 2400 300 LUCAM.

3482 233 3590 294 5Ἱὸ

364 391 527 460 δαξεν
547 387 714 448 είπών
735 411 748 423 ·
789 391 936 462 Ἐγώ
964 395 1079 460 ειμι
1103 393 1134 446 ό
1164 391 1341 460 ἄρτος
1357 391 1465 459 τῆς
1499 391 1645 460 ζωῆς
1661 409 1674 422 ·
1711 392 1802 445 τοῦ
1826 393 1924 461 γὰρ

2037 389 2237 454 dicens,
2273 387 2380 456 Ego
2414 401 2529 439 sum
2566 382 2716 451 panis
2735 383 2861 436 :vilw
2892 382 2953 434 “.
2999 381 3131 434 Nam
3164 393 3258 449 per
3304 379 3394 434 Dei
3429 381 3587 434 Verbi

366 492 430 542 ἰν
470 490 608 560 ἀρχῇ
649 487 786 558 πρὸς
823 486 952 538 Θεὸν
996 485 1130 538 Θεοῦ
1173 485 1346 554 Λόγου
1394 485 1690 557 μεταλήψει
1725 488 1930 557 πᾶσαή

367 581 486 634 τῶν
510 580 674 648 ἁγίων
694 577 883 648 λογικὴ
911 576 1068 645 φύσις
1101 575 1458 640 ζωοποιεῖται.
1490 579 1555 629 Ἀ
1588 576 1652 648 δὴ
1679 577 1824 630 δοκεῖ
1845 595 1933 647 μοι

371 672 443 724 ὲκ
491 671 756 742 προτέρων
806 669 1144 739 μαθημάτων
1199 668 1622 738 πεπαιδευμένος
1649 671 1677 721 ὁ
1707 687 1935 722 συνανα-

375 762 623 831 κείμενος
662 760 739 830 τῷ
781 756 955 831 Ἰησοῦ
979 761 1255 832 εἰρηκέναι
1275 777 1288 790 ·
1317 759 1618 828 Μακάριος
1639 758 1806 825 ὅστις
1832 759 1935 828 φά-

371 871 546 924 τηται
579 855 755 923 ἄρτον
776 855 846 908 ἐν
881 853 957 923 τῇ
972 854 1262 922 ,ϐασιλείᾳ
1293 854 1398 910 τοῦ
1437 853 1619 907 Θεοῦ]
1661 853 1794 906 Οὐδὲ
1825 852 1933 924 γὰρ

371 947 486 998 τῶν
509 945 767 1016 τυχόντων
791 963 875 1009 τις
899 941 967 1017 ἦν
996 947 1024 999 ό
1049 945 1250 1015 ταύτην
1287 945 1442 1014 ἀφεὶς
1465 944 1564 1015 τὴν
1593 945 1792 1015 φωνὴν,
1818 941 1932 997 ἀλλ’

369 1034 450 1098 ὠς
473 1031 617 1106 οἶμαι
652 1036 758 1089 τῶν
793 1036 997 1106 σφόδρα
1024 1032 1271 1106 μεγάλων
1311 1034 1405 1089 καὶ
1439 1037 1588 1108 παρά
1615 1035 1694 1106 τῷ
1723 1034 1932 1107 Σωτῆρι

363 1129 532 1197 τιμῆς
555 1127 886 1198 ἠξιωμένων.
920 1128 1011 1180 Διὸ
1039 1129 1135 1182 καὶ
1179 1125 1615 1182 συνανακλίνεται
1640 1126 1808 1196 αύτῷ,
1838 1127 1933 1180 καὶ

361 1222 478 1281 τοῖς
515 1218 680 1271 αὑτοῦ
700 1219 878 1287 λόγοις
907 1218 1138 1282 συνετῶς
1169 1219 1472 1290 προσεῖχεν,
1496 1216 1570 1282 ὼς
1604 1218 1694 1271 καὶ
1717 1218 1814 1288 τὴν
1839 1217 1933 1286 βα-

362 1309 572 1363 σιλείαν
595 1310 702 1363 τῶν
715 1309 954 1382 οὐρανῶν
979 1310 1052 1380 μὴ
1083 1311 1312 1377 ἀγνοεῖν,
1339 1308 1620 1380 γνωρίζειν
1641 1308 1697 1362 δὲ
1730 1308 1822 1361 καί
1842 1306 1931 1361 τὸν

359 1400 528 1471 ἄρτον
576 1401 676 1471 τῆς
721 1401 865 1470 ζωῆς
903 1401 992 1454 τὸν
1031 1401 1319 1472 θρεπτικὸν
1363 1399 1470 1454 τῶν
1516 1400 1616 1470 τῆς
1660 1400 1932 1471 βασιλείας

357 1493 566 1557 ἀξίων·
596 1495 861 1565 τοσαύτην
893 1510 952 1546 τε
999 1493 1151 1562 ἄγειν
1198 1491 1536 1564 παρρησίαν,
1591 1493 1664 1556 ὼς
1711 1489 1801 1545 ἐπὶ
1838 1489 1930 1544 τοῦ

357 1579 616 1654 Σωτῆρος
640 1584 907 1636 ἀνακινεῖν
927 1578 1188 1654 δόγματα,
1216 1583 1309 1635 καὶ
1342 1582 1407 1635 δι’
1443 1581 1600 1634 αὑτὸν
1627 1581 1724 1650 τὴν
1755 1583 1931 1634 πᾶσαν

357 1675 644 1746 εἰρηκέναι
694 1675 1000 1746 παραϐολὴν
1058 1675 1284 1746 Σωτῆρα
1326 1671 1641 1727 διδάσκοντα
1666 1713 1680 1732 ,
1731 1673 1814 1748 τίς
1863 1669 1928 1725 ἃν
1958 1712 2000 1766 Β

353 1767 574 1834 γένοιτο
605 1761 757 1829 οὗτος
788 1769 816 1820 ὁ
851 1766 1062 1837 άληθῶς
1102 1765 1383 1837 μακάριος,
1413 1765 1469 1829 ὃς
1501 1765 1738 1836 φάγηται
1767 1765 1927 1834 ἄρτον

354 1859 414 1912 ἐν
447 1863 518 1929 τῇ
557 1857 801 1930 βασιλείᾳ
829 1858 922 1911 τοῦ
949 1854 1102 1912 Θεοῦ.

428 1951 672 2014 Πολλοὺς
705 1950 800 2021 μὲν
820 1946 910 2004 οὖν
943 1949 1238 2020 κεκλῆσθαι
1267 1949 1412 2018 λέγει
1439 1949 1524 2002 διὰ
1557 1948 1653 2018 τῆς
1687 1933 1928 2019 παραϐο-

352 2042 452 2113 λῆς
508 2042 605 2095 ἐπὶ
629 2043 690 2096 τὸ
720 2044 864 2111 μέγα
888 2043 1120 2103 δεῖπνον,
1159 2044 1251 2094 καὶ
1289 2043 1378 2094 τὸν
1408 2044 1465 2094 ἐν
1493 2041 1665 2112 τούτῳ
1696 2039 1926 2110 δεδωρη-

356 2137 528 2207 μένον
551 2136 733 2206 ἄρτον,
767 2135 839 2206 μὴ
877 2136 980 2206 μὴν
1012 2136 1136 2198 τοὺς
1165 2136 1369 2198 πάντας
1406 2137 1502 2204 τῆς
1541 2135 1758 2204 χάριτος
1808 2135 1927 2185 ἐπι-

351 2228 648 2298 τυγχάνειν
670 2245 683 2256 ·
717 2225 1131 2297 ἀποστερεῖσθαι
1168 2225 1276 2295 γὰρ
1316 2224 1484 2294 αὐτῆς
1516 2223 1622 2276 τῶν
1655 2223 1924 2294 κεκλημέ-

352 2332 458 2372 νων
493 2319 624 2381 τοὺς
657 2319 784 2391 περὶ
816 2319 1000 2390 ἕτερον
1045 2318 1480 2388 ήσχολημένους·
1518 2318 1788 2388 περισπᾷν
1818 2315 1926 2384 γάρ

354 2413 443 2464 καὶ
478 2411 743 2478 ἀφέλκειν
786 2407 884 2480 τῆς
928 2411 1169 2480 κλήσεως
1211 2410 1306 2472 τὰς
1334 2405 1426 2462 τοῦ
1473 2408 1587 2478 βίου
1643 2405 1925 2478 φροντίδας

351 2503 634 2557 διδάσκει·
684 2505 884 2566 ταύτας
933 2503 976 2556 δ’
1031 2498 1168 2554 εἶναι
1211 2501 1592 2572 διαφόρους·ἢ
1643 2500 1750 2570 γὰρ
1799 2499 1925 2571 περὶ

353 2597 616 2666 χρήματα
658 2593 753 2646 καὶ
781 2594 983 2665 ἀγροὺς
1027 2589 1411 2662 ἀσχολούμενοι
1459 2591 1630 2644 ταῦτα
1662 2592 1758 2660 τῆς
1791 2589 1922 2659 κλή-

355 2703 497 2750 σεως
528 2687 1006 2756 προτετιμήκασιν,
1036 2684 1110 2747 ὡς
1149 2683 1586 2755 παραιτήσασθαι
1627 2683 1714 2736 διὰ
1755 2681 1922 2734 ταῦτα

353 2778 449 2846 τὴν
481 2776 695 2846 κλῆσιν,
731 2771 764 2847 ἢ
802 2777 930 2846 περὶ
956 2775 1054 2837 τὰς
1077 2773 1169 2827 τοῦ
1205 2771 1319 2843 βίου
1353 2771 1732 2843 πραγματείας
1760 2788 1924 2824 κατα-

353 2869 686 2940 τριϐόμενοι,
713 2865 746 2937 ἢ
783 2865 963 2936 δεσμῷ
986 2865 1162 2936 γάμου
1198 2863 1291 2918 καὶ
1313 2863 1516 2917 παίδων
1546 2861 1923 2934 ἐμπεπλεγμέ-

353 2973 451 3017 νοι.
496 2957 690 3028 ητισιν
719 2955 898 3019 ἄλλοις
920 2955 1180 3018 τοιούτοις
1207 2952 1604 3025 φροντίσμασιν
1633 2950 1921 3022 ὲνησχολη-

2035 481 2088 534 in
2121 479 2384 548 principio
2415 478 2552 545 apud
2584 479 2747 531 Demu
2777 475 3084 530 exsistentis
3111 473 3588 543 participationem

2033 572 2279 626 universa
2333 579 2644 622 sanctorum
2693 567 2965 621 rationalis
3015 576 3206 620 natura
3252 563 3584 617 viviﬁcatur.

2031 666 2210 730 Atque
2273 661 2385 714 lucc
2443 675 2571 713 sane
2632 658 2842 712 videtur
2897 657 3024 710 mihi
3089 671 3119 710 a
3156 655 3592 725 praecedentibus

2034 752 2298 805 doctrinis
2320 750 2542 802 edoctus
2588 748 2746 801 homo
2786 747 2892 810 ille,
2932 748 3021 816 qui
3057 763 3176 800 cum
3207 743 3330 799 Jesu
3357 746 3592 799 discum-

2032 841 2214 904 bebat,
2253 841 2452 894 dixisse
2483 858 2496 892 :
2529 838 2724 892 Beatus
2741 839 2830 907 qui
2874 853 3056 904 panem
3088 837 3315 889 comedet
3349 837 3404 887 in
3434 851 3590 904 regno

2034 932 2164 986 Dei!
2226 930 2407 998 Neque
2459 932 2601 983 enim
2657 928 2941 998 gregarius
2993 927 3170 995 quivis
3225 927 3361 980 hanc
3410 924 3591 978 emisit

2035 1037 2244 1083 vocem,
2275 1022 2366 1075 sed
2391 1032 2446 1073 ut
2477 1021 2709 1073 arbitror
2735 1017 3044 1086 principalis
3089 1017 3282 1082 aliquis
3327 1015 3468 1068 inter
3493 1029 3590 1069 eos

2035 1113 2124 1180 qui
2166 1126 2194 1163 a
2233 1110 2518 1164 Servatore
2571 1107 2818 1162 honorati
2865 1106 3101 1160 l'uerant.
3153 1104 3332 1169 Quare
3376 1113 3430 1157 et
3463 1120 3586 1158 cum

2033 1203 2122 1258 illo
2148 1202 2512 1263 recumbebat,
2538 1209 2590 1252 et
2611 1198 2728 1267 ejus
2750 1196 3086 1251 sermonibus
3105 1194 3392 1263 prudenter
3414 1193 3591 1245 admo-

2033 1293 2157 1346 dum
2193 1299 2422 1345 mentem
2480 1290 2823 1351 intendebat,
2855 1295 2911 1339 ut
2938 1286 3046 1352 jam
3092 1301 3190 1338 nec
3237 1299 3454 1353 regnum
3497 1282 3586 1336 Dei

2033 1385 2322 1452 ignoraret,
2377 1381 2486 1435 imo
2527 1391 2581 1434 et
2627 1380 2772 1433 illum
2825 1390 3007 1432 nosset
3063 1379 3182 1430 vitae
3233 1391 3446 1446 panem,
3497 1375 3589 1442 qui

2033 1490 2197 1542 regno
2228 1475 2416 1542 dignos
2443 1473 2649 1526 nutrit:
2680 1482 2936 1541 tantaque
2968 1471 3158 1523 ﬁducia
3182 1476 3320 1530 erat,
3352 1479 3409 1520 ut
3446 1465 3589 1535 apud

2033 1561 2202 1630 ipsum
2233 1561 2576 1614 Servalorem
2624 1561 2982 1628 dogmaticam
3033 1558 3382 1625 quaestionem
3441 1571 3590 1610 com-

2034 1654 2258 1707 moverit
2292 1670 2304 1704 :
2337 1668 2502 1721 quare
2525 1663 2576 1706 et
2600 1654 2716 1722 ejus
2755 1653 2921 1720 gratia
2961 1661 3123 1703 tutam
3154 1651 3410 1703 Servator
3435 1649 3590 1702 insti-

2031 1746 2133 1798 tuit
2182 1745 2513 1813 parabolam,
2573 1744 2794 1806 docens.
2844 1744 3090 1812 quisnam
3147 1751 3290 1796 esset
3338 1741 3425 1795 bic
3462 1755 3590 1796 vere

2029 1838 2237 1902 beatus,
2267 1837 2356 1905 qui
2384 1851 2574 1904 panem
2604 1837 2852 1889 comedet
2887 1836 2937 1888 in
2979 1851 3144 1902 regno
3172 1835 3286 1888 Dei.

2098 1927 2291 1982 Multos
2327 1943 2458 1994 ergo
2484 1928 2536 1980 in
2579 1927 2830 1996 parabola
2861 1928 2936 1981 ait
2969 1927 3034 1979 ad
3072 1943 3319 1995 magnam
3373 1941 3584 1981 caenam

2025 2031 2268 2082 vocatos,
2297 2029 2455 2087 atque
2488 2020 2551 2072 ad
2589 2033 2777 2088 panem
2819 2020 2868 2072 in
2905 2019 3005 2072 hac
3038 2020 3338 2087 appositum
3369 2035 3383 2080 ;
3421 2027 3581 2072 caete-

2028 2111 2176 2179 roqui
2202 2111 2337 2164 baud
2366 2127 2553 2163 onmes
2585 2112 2754 2180 gratia
2796 2111 3027 2179 potitos;
3057 2111 3156 2162 bac
3186 2110 3327 2163 enim
3351 2108 3588 2162 caruisse

2026 2209 2244 2254 vocatos
2302 2199 2438 2262 illos,
2472 2201 2560 2268 qui
2621 2201 2742 2255 aliis
2817 2201 3044 2270 negotiis
3091 2200 3308 2254 distenti
3351 2199 3586 2263 fuerunt,

2028 2293 2332 2346 nmltil'ariis
2353 2293 2590 2358 scilicet;
2628 2309 2748 2347 nam
2782 2295 2862 2348 vel
2916 2293 3136 2362 pecunia
3185 2293 3442 2362 agrisque
3491 2308 3588 2347 oc-

2024 2387 2221 2456 cupati,
2253 2386 2520 2440 vucationi
2553 2400 2682 2454 opes
2717 2385 3090 2452 przctulerunl,
3125 2385 3236 2437 imo
3261 2384 3397 2438 adeo
3424 2399 3587 2438 voca-

2029 2478 2225 2532 tionem
2280 2493 2390 2546 prze
2438 2477 2520 2532 his
2565 2480 2840 2545 deprecati
2881 2489 3039 2542 sunt;
3096 2478 3177 2532 vel
3209 2479 3329 2532 vita:
3359 2479 3588 2547 negotiis

2027 2569 2216 2636 pressi,
2246 2568 2327 2620 vel
2369 2570 2679 2636 nuptiarum
2731 2569 3008 2636 prolisque
3049 2568 3275 2622 vinculis
3323 2570 3583 2636 impediti,

2023 2660 2105 2713 vel
2133 2660 2252 2712 aliis
2281 2660 2512 2727 denique
2544 2659 2592 2711 id
2625 2674 2794 2728 genus
2849 2660 2994 2712 curis
3043 2661 3259 2713 irretili.
3305 2661 3478 2727 Atque
3531 2660 3584 2714 in

2026 2749 2126 2802 bos
2155 2749 2257 2801 lata
2291 2749 2558 2802 sententia
2593 2749 2737 2804 hisce
2762 2750 2938 2803 verbis
2965 2760 3050 2803 est
3076 2768 3088 2803 :
3125 2751 3250 2804 Dico
3273 2752 3449 2814 vobis.
3487 2767 3584 2806 ne-

2025 2842 2217 2894 minem
2249 2842 2457 2894 illorum
2497 2843 2760 2906 Virorum,
2803 2841 2918 2910 qui,
2961 2857 3081 2896 cum
3113 2843 3287 2896 vocati
3330 2841 3584 2908 fuissent,

2025 2933 2146 2985 vitae
2169 2933 2548 2999 occupationes
2577 2943 2991 2995 excusaverunt,
3020 2948 3226 2987 cmnam
3277 2951 3449 2988 meam
3489 2951 3587 3005 gu-

357 3023 535 3119 pévor.
586 3048 742 3101 Ἀλλά
775 3047 902 3118 περὶ
933 3046 1028 3117 μὲν
1051 3023 1259 3099 τούτων
1278 3046 1549 3114 ἀπόφασις
1579 3044 1919 3115 ἐξενήνεκται

2026 3033 2308 3079 staturum.
2346 3023 2514 3079 Porro
2545 3025 2678 3079 alios
2716 3041 2776 3078 ea
2805 3024 3059 3081 fruitnros
3093 3030 3169 3080 ait
3215 3028 3373 3082 rebus
3401 3029 3588 3096 hujus.

354 3135 620 3209 λέγουσα·
654 3138 809 3207 Λέγω
863 3138 1016 3209 ὑμῖν,
1056 3139 1134 3192 ὅτι
1181 3137 1352 3201 οὐδεὶς
1401 3137 1505 3189 τῶν
1544 3136 1748 3207 ἀνδρῶν
1785 3136 1921 3189 ὲκείς

356 3249 462 3284 νων
506 3231 613 3283 τῶν
653 3231 1037 3302 κεκλημένων,
1079 3231 1170 3284 καὶ
1208 3230 1295 3283 διὰ
1335 3231 1430 3293 τὰς
1471 3229 1724 3300 βιωτικὰς
1766 3231 1925 3300 ἀτχο-

355 3317 476 3387 λίας
531 3324 1023 3394 παραιτησαμένων
1077 3323 1330 3393 γεύσεταί
1392 3339 1490 3394 μου
1544 3323 1634 3376 τοῦ
1676 3323 1919 3375 δείπνου·

355 3414 578 3487 ἐτέρους
617 3414 672 3468 δὲ
709 3415 821 3468 ἀντ’
850 3414 1028 3468 αὐτῶν
1071 3415 1466 3468 ἀπολαύσεσθαι
1516 3414 1610 3468 τοῦ
1655 3415 1921 3485 μακαρίου

353 3501 574 3559 δείπνου
604 3507 757 3574 φησι,
775 3506 900 3567 τοὺς
929 3505 1001 3576 μὴ
1031 3505 1286 3569 τοιούτοις
1318 3507 1426 3558 τισὶ
1450 3505 1920 3576 προσδεδεμένους,

357 3598 607 3668 πτωχούς
629 3615 780 3661 τινας
817 3599 910 3650 καὶ
937 3599 1268 3669 ἀναπήρους.
1300 3599 1540 3651 Τοιοῦτοι
1564 3598 1619 3650 δὲ
1647 3593 1786 3668 ἦσαν
1819 3598 1922 3652 πά-

354 3687 437 3744 λαι
489 3691 989 3760 είδωλολατροῦντες
1028 3693 1074 3744 οἱ
1109 3691 1165 3757 ἐξ
1199 3690 1366 3744 ἐθνῶν
1396 3690 1499 3743 ὑπὸ
1532 3689 1798 3760 δαιμόνων
1828 3708 1922 3742 πο-⁸

354 3781 538 3851 νηρῶν
573 3782 668 3845 τὰς
713 3780 886 3851 ψυχὰς
925 3780 1318 3852 λελωϐημένον
1367 3778 1458 3844 οὓς
1515 3780 1817 3843 ἀκολούθως
1854 3783 1920 3852 τῇ

356 3874 660 3945 ἐπαγγελίᾳ
703 3873 1128 3946 προσδεξάμενος
1179 3876 1206 3926 ὀ
1256 3874 1548 3944 ἑστιάτωρ,
1599 3875 1775 3926 πᾶσαν
1821 3873 1920 3942 τὴν

356 3969 514 4020 νόσον
542 3966 648 4019 τῶν
680 3965 864 4037 ψυχῶν
889 3964 1084 4028 αὐτῶν,
1119 3966 1210 4020 καὶ
1242 3966 1508 4036 μαλακίαν
1549 3966 1727 4018 πᾶσαν
1771 3965 1921 4018 ἰασά-

359 4075 542 4128 μενος,
591 4058 778 4110 έπειτα
826 4057 925 4128 τῆς
967 4055 1169 4120 οἰκείας
1217 4058 1398 4119 αὐτοῖς
1447 4055 1741 4127 μεταδώσει
1790 4072 1920 4125 τρα-

359 4149 568 4218 πέζης·
601 4147 727 4201 ὥστ’
763 4149 936 4200 εἰπεῖν
980 4147 1204 4210 αὐτούς·
1263 4147 1622 4214 ’Πτοίμιισας
1663 4144 1920 4197 ἐνώπιόν

354 4258 472 4308 μου
503 4238 791 4308 τράπεζαν
814 4240 881 4304 ἐξ
915 4239 1191 4304 ἐναντίας
1217 4238 1332 4292 τῶν
1359 4237 1681 4292 θλιϐόντων
1696 4253 1798 4306 με·
1820 4237 1917 4288 καὶ

360 4333 520 4404 ἄρτον
550 4334 730 4396 αὐτοῖς
762 4333 980 4405 παρέξει
1014 4333 1106 4386 καὶ
1142 4331 1360 4400 λογικὴν
1402 4329 1636 4400 τροφήν·
1670 4327 1914 4381 ἐντεῦθεν

2030 3117 2171 3170 modi
2213 3117 2431 3171 minime
2460 3118 2743 3180 obnoxios,
2778 3135 2970 3188 nempe
3023 3122 3292 3174 tenuiores
3323 3122 3581 3188 quosdam

2025 3223 2077 3264 et
2110 3211 2362 3264 membris
2408 3213 2644 3265 mutilos.
2701 3212 2870 3265 Erant
2925 3221 3100 3266 autem
3140 3213 3190 3266 1ιί
3245 3212 3412 3266 dediti
3458 3212 3582 3267 olim

2027 3302 2180 3355 idolis
2225 3303 2443 3364 etlmici,
2495 3320 2721 3370 quorum
2792 3304 3002 3356 animas
3054 3303 3266 3356 scelesti
3318 3303 3588 3359 daemones

2025 3407 2182 3446 mane
2233 3393 2623 3448 mulctaveraut
2671 3413 2682 3447 :
2723 3410 2856 3464 quos
2886 3397 3116 3450 convivii
3151 3406 3341 3450 auctor
3370 3412 3467 3466 pro
3489 3414 3584 3452 sua

2025 3485 2425 3539 denuntiatione
2490 3495 2782 3553 exceptos,
2851 3489 2995 3540 oumi
3057 3490 3220 3542 animi
3279 3493 3466 3544 morbo
3521 3505 3586 3545 ac

2023 3575 2280 3645 languore
2305 3577 2593 3644 expedivit.
2630 3577 2826 3631 Deinde
2851 3593 2979 3631 vero
3013 3594 3210 3633 mensae
3240 3594 3452 3649 quoque
3483 3584 3580 3635 ad-

2023 3667 2246 3733 bibebit,
2279 3669 2359 3722 ita
2416 3678 2473 3722 ut
2517 3669 2590 3722 illi
2641 3670 2844 3724 dicturi
2873 3670 2976 3723 sint
3003 3689 3014 3723 :
3055 3669 3268 3724 Parasli
3297 3688 3472 3724 corum
3503 3688 3585 3727 me

2022 3775 2252 3812 mensam
2309 3765 2555 3812 adversus
2587 3777 2672 3814 eos
2701 3763 2790 3829 qui
2824 3760 3072 3814 tribulam
3105 3778 3184 3815 me
3223 3762 3286 3815 ".
3327 3761 3461 3816 Tum
3489 3779 3584 3834 pa-

2023 3865 2144 3902 nem
2197 3851 2301 3904 illis
2350 3860 2510 3920 atque
2555 3852 2864 3905 alimoniam
2923 3851 3216 3919 spiritalem
3283 3854 3582 3923 praebebit:

2021 3952 2184 4011 atque
2216 3943 2337 3995 hinc
2389 3943 2559 3995 solido
2597 3942 2709 4010 jam
2745 3943 2866 3996 cibo
2893 3944 3163 4010 impertiet
3195 3959 3307 4011 eos,
3344 3956 3399 4000 et
3425 3947 3583 4002 intel-

2020 4031 2225 4085 lectuali
2266 4033 2594 4087 exhilarabit
2645 4034 2792 4087 vino.
2835 4035 3014 4100 Quare
3071 4037 3286 4092 dicent:
3337 4037 3404 4090 Et
3438 4038 3588 4094 cali:

2021 4138 2141 4181 tuus
2190 4129 2449 4180 inebrians
2487 4141 2641 4195 quam
2699 4129 2986 4191 prwclarns
3016 4131 3198 4183 est”!
3251 4131 3425 4201 Atque
3467 4133 3581 4187 haec

2021 4220 2200 4271 omnia
2233 4217 2371 4272 Deus
2401 4219 2728 4284 suppeditat,
2759 4218 2881 4270 dqu
2914 4220 3043 4288 ipsis
3073 4220 3374 4274 cmlestium
3411 4222 3582 4276 bono-

2024 4325 2138 4362 rum
2166 4310 2357 4361 art-bas
2383 4308 2434 4360 in
2469 4309 2622 4374 hujus
2639 4311 2760 4361 vitae
2789 4311 3102 4364 muneribus
3122 4311 3399 4380 elargitur.
3432 4310 3583 4367 Licet

493 4425 716 4495 στερεᾶς
763 4399 1010 4495 βρῶσεως
1059 4399 1367 4494 μεταδιδούς
1413 4399 1612 4482 αὐτοῖς,
1661 4421 1753 4472 καὶ
1786 4419 1916 4489 οἴνῳ

2026 4414 2230 4470 quoque
2282 4400 2574 4453 secundum
2630 4399 2787 4452 aliam
2833 4401 3328 4469 interpretationem
3375 4403 3578 4469 dicere.

359 4508 413 4565 δὲ
438 4513 634 4576 αὐτοὺς
665 4512 921 4583 εὐφρανεῖ
942 4511 1137 4582 λογικῷ
1159 4529 1171 4542 ·
1203 4511 1330 4565 ὥστ’
1360 4510 1424 4565 ἂν
1455 4513 1624 4563 εἰπεῖν
1652 4527 1665 4541 ·
1709 4509 1816 4563 Καὶ
1852 4509 1917 4561 τὸ

361 4602 640 4673 ποτήριόν
657 4620 772 4659 σου
781 4607 1085 4674 μεθύσκον
1097 4621 1171 4674 με
1198 4603 1336 4656 ὡσεὶ
1362 4600 1708 4672 κράτιστον]
1735 4599 1916 4653 Ταῦτα

359 4692 411 4749 δὲ
443 4697 619 4750 πάντα
662 4697 917 4767 παρέχει,
969 4697 1093 4758 τοὺς
1132 4695 1449 4767 ἀρῤαὸὦνας
1500 4693 1606 4747 τῶν
1654 4693 1917 4764 οὐρανίων

361 4787 576 4855 ἀγαθῶν
599 4787 684 4840 διὰ
718 4787 823 4840 τῶν
855 4787 994 4841 κατά
1029 4787 1117 4839 τὸν
1159 4787 1396 4858 παρόντα
1430 4785 1538 4855 βίον
1565 4786 1914 4856 χαρισμάτων

362 4877 538 4942 αὐτοῖς
578 4878 929 4949 δωρούμενος.
983 4878 1210 4932 Δυνατδν
1247 4877 1302 4930 δὲ
1330 4878 1420 4930 καὶ
1457 4876 1575 4929 καθ’
1602 4876 1791 4948 ἑτέραν
1825 4878 1916 4928 ὲκ-

362 4964 517 5039 δοχὴν
550 4973 740 5033 εἰπεῖν,
773 4971 853 5022 ὅτι
885 4972 932 5022 οἱ
966 4969 1167 5039 πρῶτοι
1201 4969 1298 5039 τῆς
1331 4968 1569 5037 κλήσεως
1597 4967 1908 5036 ἠξιωμένοι,

363 5050 501 5109 οὗτοι
541 5056 585 5109 δ’
619 5053 756 5126 ἦσαν
797 5058 846 5109 οἱ
885 5058 947 5108 ἐκ
993 5056 1092 5124 τῆς
1138 5057 1454 5126 περιτομῆς,
1509 5055 1775 5124 προφάσει
1816 5055 1913 5124 τῆς

364 5150 489 5220 περὶ
518 5149 577 5203 τὸ
619 5153 863 5221 κρεῖττον
891 5149 1143 5219 ἀσχολίας
1185 5150 1280 5220 τὴν
1312 5149 1500 5218 κλῆσιν
1541 5147 1800 5219 ὕϐρισαν·
1837 5148 1911 5211 ὡς

361 5238 467 5311 γὰρ
508 5240 716 5310 ἔχοντες
749 5240 951 5310 ἀγροὺς
988 5238 1057 5291 τὰ
1103 5241 1225 5310 παρ’
1257 5240 1436 5302 αὐτοῖς
1481 5237 1908 5308 ἀναγνώσματα,

363 5330 453 5384 καὶ
483 5331 556 5395 ὡς
595 5332 718 5403 βόας
767 5333 1039 5404 ἀροτῆρας
1084 5332 1402 5401 κεκτημένοι
1445 5333 1569 5394 τοὺς
1607 5333 1906 5402 προφήτας,

2025 4493 2226 4561 primos
2276 4491 2553 4546 vocatione
2601 4493 2884 4562 dignanter
2933 4496 3156 4549 donatos
3198 4495 3359 4549 fuisse
3396 4495 3488 4564 qui
3516 4498 3581 4552 de

2024 4583 2427 4637 circumcisione
2453 4593 2648 4648 erant;
2676 4598 2860 4638 verum
2898 4586 2950 4638 bi
2985 4583 3109 4638 dum
3149 4586 3461 4640 melioribus
3489 4603 3581 4642 oc-

2021 4684 2244 4740 cupatos
2268 4688 2324 4726 se
2352 4673 2622 4739 dictitant,
2661 4675 2992 4728 vocationem
3028 4677 3352 4731 contumelia
3386 4677 3576 4733 aﬂ'ece-

2022 4773 2182 4820 runt:
2217 4767 2578 4835 liabentesque
2610 4767 2772 4821 veluti
2795 4783 2954 4837 agros
2981 4769 3121 4836 apud
3153 4785 3211 4822 se
3243 4769 3573 4838 Scripturas,

2019 4869 2262 4914 aratores
2315 4859 2475 4914 boves
2525 4861 2833 4929 prophetas,
2873 4859 3253 4929 sapientiaeque
3306 4863 3576 4926 convictu,

2021 4951 2202 5004 uxoris
2241 4952 2428 5017 instar,
2476 4961 2706 5015 utentes,
2747 4952 3110 5022 evangelicam
3147 4952 3376 5022 gratiam
3417 4953 3570 5009 ﬂocci

2019 5042 2282 5098 fecerunt.
2318 5045 2418 5110 Qui
2452 5061 2580 5099 vero
2613 5055 2732 5114 post
2765 5045 2882 5100 illos
2911 5060 2977 5099 ex
3016 5044 3338 5114 alienigenis
3363 5045 3574 5116 populis

2019 5142 2192 5194 vocati
2229 5142 2462 5206 fuerunt,
2496 5153 2673 5196 mente
2705 5151 2860 5196 antea
2895 5139 3043 5195 surdi
3090 5141 3347 5210 caecique,
3372 5141 3566 5196 alacri-

2019 5240 2102 5286 ter
2163 5233 2532 5288 obaudierunt.
2597 5234 2776 5300 Quare
2823 5243 2878 5289 et
2937 5233 3318 5288 beatitudinem
3369 5231 3576 5290 conse-l

2015 5336 2264 5392 quentur.

363 5423 452 5474 καὶ
483 5422 558 5486 ὡς
596 5423 663 5478 ἂν
699 5423 858 5493 σοφία
889 5425 992 5476 τινὶ
1025 5417 1112 5475 οἷα
1143 5423 1358 5488 γυναικὶ
1391 5421 1757 5492 συμὸιοῦντες,
1803 5420 1897 5490 τήν
1947 5417 2300 5490 εύαγγελικὴν
2337 5419 2680 5490 ἐξηυτέλισαν
2724 5419 2911 5492 χάριν·
2961 5419 3009 5473 οἱ
3053 5418 3108 5473 δὲ
3161 5421 3276 5492 μετ’
3333 5418 3574 5484 ἐκείνους

433 5613 471 5646 ι·
502 5615 656 5671 Joan.
691 5616 875 5682 v1.35.
954 5619 991 5648 ιτ
1024 5615 1157 5672 ιἐαι.
1187 5632 1317 5686 un,
1351 5618 1401 5674 5.
1481 5592 1673 5674 "initi.
