4108 6204
506 276 617 333 575

1186 270 1458 327 EUSEBII
1495 271 1976 339 CAESARIENSIS
2012 272 2165 328 OPP.
2207 271 2390 326 PARS
2426 271 2623 329 lll;--
2663 267 3076 324 EXEGETICA.

3646 266 3753 322 576

503 392 578 444 ὲκ
611 386 718 440 τῶν
746 381 1057 451 ἀλλοφύλων
1083 380 1252 434 ἐθνῶν
1293 380 1602 452 κληθέντες,
1651 385 1700 436 οί
1751 382 1879 454 πρὶν
1903 383 2001 447 τὰς
2067 382 2304 446 διανοίας
2359 383 2530 451 κωφοὶ
2565 382 2659 435 καὶ
2698 378 2909 445 τυφλοὶ,
2959 376 3254 449 προθύμως
3291 376 3633 447 ὑπήκουσαν·
3671 376 3751 429 διὸ

454 478 463 488 ”
513 480 607 537 καὶ
634 476 728 530 τοῦ
756 471 1104 546 μακαρισμοῦ
1134 471 1449 536 τεύξονται.·

585 566 928 623 Existimabit
954 565 1184 618 fortasse
1213 564 1412 633 aliquis
1437 565 1680 621 eamdem
1708 581 1830 621 esse
1854 565 2075 636 parabo-

2256 565 2470 634 Δὸξειεν
2506 564 2617 636 (65)
2638 564 2703 618 ἄν
2732 580 2817 628 τις
2857 562 2954 634 τὴν
2974 560 3142 632 αὐτὴν
3181 554 3319 612 εἶναι
3348 556 3659 629 παραϐολὴν
3686 560 3754 629 τῇ

510 662 617 715 iam
649 673 769 729 quae
812 658 952 727 apud
993 656 1323 722 Matthaaum,
1350 659 1402 712 in
1432 672 1541 727 qua
1588 673 1682 713 rex
1710 659 1806 715 ﬁlii
1835 659 1918 714 sui
1946 673 2079 728 nup-

514 750 618 804 tias
668 749 819 815 facit,
865 764 1162 819 servosque
1208 751 1437 807 dimittit
1491 754 1777 809 invitatum
1806 754 2079 813 convivas.

516 843 900 897 Verumtamen
939 843 984 897 is
1005 844 1095 910 qui
1128 859 1231 898 non
1256 846 1625 912 perl‘unctorio
1655 847 1835 901 studio
1870 846 2079 917 legerit,

511 936 881 1002 deprehendet
909 938 1106 992 mentis
1145 938 1447 993 attentione
1479 938 1789 1008 parabolam
1842 939 1982 992 hanc
2017 939 2082 993 ab

496 1026 604 1082 ‘illa
638 1043 859 1098 prorsus
894 1027 1129 1084 diﬂ'erre.
1158 1028 1402 1100 Namque
1433 1031 1521 1085 illa
1556 1030 1788 1085 Matthaei
1820 1031 2080 1086 cmlorum

512 1132 639 1175 ante
667 1121 847 1175 omnia
876 1137 1042 1190 regno
1070 1137 1131 1174 ea
1160 1137 1282 1191 qua:
1309 1124 1566 1178 dicuntur
1606 1134 1884 1193 comparat
1929 1141 1943 1189 ;
1993 1124 2079 1178 hic

513 1214 647 1269 nihil
677 1213 940 1281 ejusmodi
968 1215 1047 1268 lit.
1078 1214 1191 1269 Illic
1213 1216 1448 1270 convivii
1501 1225 1695 1270 auctor
1729 1215 1931 1285 regiam
1964 1231 2083 1284 per-

511 1322 700 1362 sonam
740 1308 912 1375 gerit;
970 1307 1055 1360 hic
1092 1307 1335 1375 privatus
1378 1308 1541 1362 homo
1575 1307 1959 1362 introducitur.
2007 1307 2081 1361 lbi

513 1400 727 1466 nuptias
757 1399 851 1452 lilii
881 1415 973 1453 rex
1003 1400 1265 1462 celebrat,
1294 1400 1379 1454 hic
1408 1400 1639 1467 simplex
1676 1415 1832 1456 omna
1863 1411 1968 1455 est.
2003 1399 2080 1454 lbi

517 1490 665 1544 inulti
696 1491 965 1561 legatione
1000 1492 1317 1561 funguntur,
1351 1493 1440 1546 hic
1470 1508 1610 1546 unus
1656 1502 1881 1547 vocator
1914 1492 2083 1546 mitti—

515 1592 622 1637 tur.
652 1584 723 1637 lbi
757 1584 951 1651 partim
985 1584 1240 1639 socordes
1271 1585 1457 1639 venire
1484 1584 1862 1654 neglexerunt,
1886 1582 2081 1651 partim

510 1676 675 1730 etiam
705 1691 889 1731 servos
915 1675 1260 1730 contumeliis
1287 1676 1921 1732 all'cctosiuteremerunt
1945 1692 1960 1738 ;
1995 1675 2083 1729 hic

510 1770 671 1822 unice
697 1767 992 1821 obtendunt
1020 1770 1452 1835 occupationem,
1502 1777 1562 1822 ut
1610 1783 1669 1823 se
1716 1767 1891 1821 vocati
1921 1782 2082 1820 excu-

508 1867 654 1911 sent.
692 1858 897 1911 liursus
933 1856 1005 1911 ibi
1044 1870 1137 1910 rex
1165 1858 1461 1911 exercitum
1492 1867 1795 1912 commovet
1825 1858 2081 1912 adversus

511 1964 791 2003 servorum
824 1964 1042 2003 suorum
1096 1948 1498 2011 interfectores.
1548 1951 1636 2004 hic
1692 1951 1853 2004 homo
1886 1966 2078 2019 quam-

511 2041 593 2094 vis
623 2042 796 2095 iratus
821 2041 1202 2095 recusantibus
1230 2041 1496 2103 invitatis,
1548 2042 1680 2095 nihil
1709 2043 1969 2107 ejusnwdi
1999 2042 2081 2095 fa-

507 2132 621 2185 cit:
655 2146 813 2186 servo
852 2143 1027 2185 tamen
1052 2147 1151 2185 suo
1182 2132 1422 2195 mandat,
1451 2142 1509 2186 ut
1534 2148 1796 2201 pauperes
1823 2145 1876 2187 et
1909 2151 2077 2188 mem-

512 2224 626 2277 bris
652 2224 866 2277 mutilos
902 2234 959 2277 et
1005 2238 1179 2277 caecos
1219 2232 1503 2279 coavocet.
1549 2224 1620 2277 At
1651 2224 1740 2277 ille
1766 2226 1854 2292 qui
1888 2228 1953 2280 ad
1984 2227 2078 2282 lilii

513 2314 725 2380 nuptias
767 2313 950 2367 invitat
986 2328 1098 2378 rex,
1128 2314 1343 2369 famulis
1376 2315 1622 2384 pluribus
1656 2317 1865 2370 utitur:
1904 2333 2079 2388 neque

512 2417 793 2469 pauperes,
823 2404 1077 2458 membris
1109 2406 1354 2469 mutilos,
1408 2421 1606 2468 cansos.
1663 2406 1887 2464 claudos
1922 2414 1988 2464 ad
2018 2426 2079 2465 se

510 2496 692 2564 cogit:
727 2494 868 2548 haud
903 2496 1045 2548 enim
1071 2497 1231 2565 regiis
1262 2482 1465 2563 nuptiis
1502 2498 1635 2551 tales
1674 2500 1942 2556 interesse
1983 2503 2072 2556 in-

508 2586 712 2639 vitatos
752 2587 951 2640 dcettit.
1003 2586 1137 2639 Tum
1189 2602 1220 2641 e
1255 2603 1480 2642 numero
1516 2590 1866 2644 convivarum
1891 2607 2080 2661 quem—

510 2676 633 2728 dam
668 2676 885 2743 indigna
914 2677 1115 2745 nuptiis
1144 2687 1294 2731 veste
1341 2677 1585 2730 indutum
1636 2693 1728 2731 rex
1772 2682 1941 2746 ptmit.
1981 2683 2080 2736 Dc-

512 2768 673 2835 nique
698 2769 841 2836 quod
865 2780 949 2823 est
979 2771 1219 2823 omnium
1263 2770 1623 2840 potissimum,
1662 2771 1894 2826 Mattlnei
1922 2791 2077 2841 para-

506 2856 631 2913 bola
672 2860 813 2911 intra
867 2860 1124 2929 templum
1175 2862 1317 2915 dicta
1356 2860 1479 2928 fuit,
1517 2877 1700 2915 coram
1732 2865 2076 2933 pontiﬁcibus

509 2965 574 3004 ac
606 2950 783 3017 populi
842 2952 1147 3005 senioribus
1200 2954 1565 3007 concionante
1622 2954 1885 3010 Domino:
1921 2956 2077 3011 Lucze

508 3040 765 3106 parabola
795 3041 846 3092 in
877 3040 1095 3095 Galilma
1125 3042 1268 3095 domi
1306 3042 1585 3107 cujusdam
1646 3044 1904 3112 principis
1930 3045 2076 3099 Pha-

509 3131 651 3184 risaei
700 3132 964 3198 privatam
1020 3147 1234 3185 cumam
1282 3132 1525 3201 exhibet,
1565 3135 1891 3189 convivaute
1935 3137 2073 3204 apud

2183 661 2335 731 παρά
2362 658 2441 729 τῷ
2474 656 2759 727 Ματθαίῳ,
2792 657 2849 708 ὲν
2947 652 3194 724 βασιλεύς
3216 652 3332 703 ἐστι
3358 650 3570 720 γάμους
3590 648 3757 702 ποιῶν

2180 750 2258 821 τῷ
2290 748 2391 819 υἱῷ
2418 746 2606 812 αὐτοῦ,
2638 748 2734 800 καὶ
2765 745 2980 808 δούλους
3013 741 3355 797 ἀποστέλλων
3386 739 3610 793 καλέσαι
3630 740 3756 803 τοὺς

2182 841 2573 913 κεκλημένους.
2641 838 2699 892 '0
2752 836 2809 890 δὲ
2873 837 2947 908 μὴ
3004 834 3292 907 παρέργως
3341 831 3624 903 προσέχων
3688 833 3772 901 τῇ·

2182 933 2486 1003 ἀναγνώσει
2522 931 2673 1003 εὖροι
2719 929 2786 983 ἂν
2816 928 3112 998 ἐπιστήσας
3140 926 3228 979 τὸν
3261 924 3385 978 νοῦν
3416 924 3758 977 παντάπασιν

2181 1025 2624 1097 ὴλλοτριωμένην
2652 1021 2855 1091 ταύτην
2886 1019 3115 1089 ἐκείνης.
3151 1018 3214 1070 Ἡ
3242 1018 3338 1088 μὲν
3366 1016 3475 1087 γάρ
3504 1014 3653 1086 παρὰ
3678 1012 3757 1085 τῷ

2181 1118 2444 1187 Ματοαίῳ
2482 1115 2695 1187 πρῶτον
2730 1112 2985 1166 ἁπάντων
3013 1112 3078 1181 τῇ
3109 1108 3349 1179 βασιλείᾳ
3375 1107 3484 1161 τῶν
3512 1104 3757 1178 οὐρανῶν

2183 1207 2457 1280 παρέϐαλε
2483 1205 2551 1259 τὰ
2565 1205 2850 1275 λεγόμενα·
2885 1201 3042 1256 τοῦτο
3065 1201 3108 1253 δ’
3141 1199 3371 1253 ἐνταῦθα
3399 1198 3459 1251 οὐ
3488 1196 3754 1252 λέλεκται.

2182 1302 2357 1355 Κάκεῖ
2391 1298 2489 1368 μὲν
2521 1295 2800 1366 ἀφωμοίου
2835 1294 2927 1347 τὸν
2967 1293 3207 1363 κλήτορα
3248 1289 3476 1361 βασιλεῖ,
3523 1287 3758 1341 ἐνταῦθα

2180 1392 2238 1445 δὲ
2281 1390 2433 1462 ψιλὸν
2466 1389 2747 1459 ἄνθρωπον
2786 1385 3028 1454 είσάγει·
3074 1385 3235 1437 κάκεῖ
3285 1384 3380 1453 μὲν
3424 1381 3632 1451 γάμους
3678 1380 3758 1451 τῷ

2183 1483 2284 1554 υἱῷ
2317 1484 2344 1536 6
2379 1480 2631 1552 βασιλεὺς
2676 1479 2868 1540 ἐτέλει,
2913 1476 3145 1530 ἐνταῦθα
3180 1475 3237 1528 δὲ
3282 1472 3466 1536 ἁπλῶς
3503 1473 3713 1525 δεῖπνον
3737 1487 3754 1503 ·

2182 1578 2342 1629 κάκεῖ
2376 1573 2473 1645 μὲν
2507 1571 2690 1625 πολλοὶ
2721 1568 3158 1631 ἀποστέλλονται,
3196 1564 3429 1619 ἐνταῦθα
3461 1564 3518 1617 δὲ
3558 1559 3635 1627 εἷς
3662 1564 3758 1635 μό-

2181 1682 2266 1728 νος
2306 1664 2399 1717 ὲπὶ
2426 1664 2525 1733 τὴν
2552 1661 2745 1730 κλῆσιν
2769 1659 3111 1729 ἐκπέμπεται
3133 1674 3146 1687 ·
3183 1658 3342 1709 κάκεῖ
3359 1656 3407 1707 οἱ
3434 1655 3533 1725 μὲν
3555 1652 3760 1725 ἀμελὴ-

2184 1772 2372 1818 σαντες
2409 1753 2507 1806 οὐκ
2540 1754 2815 1823 ἀπήντων,
2857 1752 2905 1804 oi
2941 1750 2997 1803 δὲ
3036 1748 3211 1801 λοιποὶ
3247 1747 3338 1800 καὶ
3378 1747 3504 1808 τοὺς
3542 1744 3758 1808 δούλους

2184 1847 2410 1919 ὕϐρισαν
2435 1846 2527 1899 καὶ
2553 1845 2877 1898 ἀπέκτειναν
2895 1859 2909 1869 ’
2944 1840 3175 1896 ἐνταῦθα
3201 1840 3257 1893 δὲ
3302 1839 3459 1909 μόνον
3488 1840 3757 1909 σκήπτον-

2183 1960 2271 1995 ται
2304 1940 2578 2011 ἀσχολίαν,
2609 1936 3031 2009 παραιτούμενοι
3068 1932 3168 2005 τὴν
3193 1930 3384 2002 κλῆσιν
3404 1948 3416 1961 ·
3451 1932 3567 1982 ἐκεῖ
3597 1930 3757 1983 πάλιν

2182 2035 2211 2085 6
2252 2033 2504 2103 βασιλεὺς
2550 2031 2866 2103 στράτευμα
2907 2028 3047 2080 κινεῖ
3094 2024 3233 2078 κατά
3266 2023 3373 2076 τῶν
3407 2024 3759 2094 ἀνῃρηκότων

2182 2124 2304 2184 τοὺς
2323 2119 2485 2173 αὑτοῦ
2513 2118 2753 2182 δούλους·
2788 2115 3020 2170 ἐνταῦθα
3039 2115 3093 2168 δὲ
3127 2117 3155 2166 6
3184 2114 3465 2184 ἅνθρωπος
3486 2113 3761 2185 ὀργισθεὶς

2180 2215 2271 2266 ἐπὶ
2298 2216 2361 2284 τῇ
2395 2213 2717 2283 παραιτήσει
2751 2210 2858 2262 τῶν
2881 2207 3255 2278 κεκλημένων,
3277 2206 3427 2259 οὐδὲν
3451 2208 3547 2277 μὲν
3580 2204 3753 2258 τοιοῦ-

2179 2323 2269 2359 τον
2307 2308 2471 2365 ποιεῖ,
2518 2303 2595 2375 τῷ
2627 2302 2670 2354 δ’
2696 2300 2889 2355 ἑαυτοῦ
2921 2298 3091 2368 δούλῳ
3144 2299 3467 2370 προστάττει
3509 2298 3759 2367 πτωχοὺς

2180 2382 2275 2450 καὶ
2318 2397 2628 2466 ἀναπήρους
2678 2393 2771 2447 καὶ
2811 2391 3042 2460 τυφλοὺς
3092 2392 3421 2459 εἰσαγαγεῖν.
3472 2391 3528 2442 ὐ
3565 2389 3619 2442 δὲ
3662 2389 3759 2443 ἐπὶ

2180 2489 2305 2551 τοὺς
2353 2487 2563 2558 γάμους
2608 2484 2701 2537 τοῦ
2745 2482 2859 2536 υἱοῦ
2898 2481 3180 2552 συγκαλῶν
3226 2480 3496 2552 βασιλεὺς,
3550 2479 3756 2545 δούλοις

2182 2582 2419 2635 πλείοσιν
2451 2578 2742 2651 ὑπερέταις
2773 2576 3052 2649 χρώμενος
3071 2616 3085 2639 ,
3129 2577 3189 2629 ού
3223 2576 3472 2645 πτωχοὺς
3506 2575 3600 2652 καὶ
3626 2575 3760 2629 ἀνα-

2182 2678 2255 2747 πή
2266 2692 2410 2745 ρους,
2439 2672 2551 2726 ἀλλ’
2575 2671 2694 2725 οὐδὲ
2720 2669 2952 2738 τυφλοὺς
2980 2669 3073 2722 καὶ
3089 2668 3294 2741 χωλοὺς
3325 2670 3553 2737 εἰσάγει·
3575 2666 3759 2739 ἐπειδὴ

2184 2768 2304 2840 μηδ’
2332 2766 2569 2838 ἔπρεπεν
2604 2763 2885 2834 ἐπικλήσει
2931 2762 3108 2832 γάμου
3156 2760 3433 2831 βασιλικοῦ
3487 2759 3760 2823 τοιούτους

2180 2863 2434 2932 παρεῖναι
2454 2877 2467 2888 ·
2523 2858 2826 2928 κληθέντων
2860 2855 2917 2908 δὲ
2947 2853 3176 2918 πολλῶν,
3222 2855 3313 2908 τὸν
3347 2854 3544 2921 ἀνάξια
3577 2855 3756 2924 γάμου

2178 2951 2523 3021 ἐνδεδυμένον
2566 2951 2595 3002 6
2641 2948 2887 3019 βασιλεὺς
2929 2949 3269 3018 τιμωρεῖται.
3315 2947 3387 3000 Τὸ
3436 2946 3493 3000 δὲ
3538 2947 3757 3000 πάντων

2178 3044 2733 3115 κεφαλαιωδέστατον,
2757 3044 2838 3096 ὅτι
2876 3043 2909 3112 ἡ
2952 3040 3049 3111 μὲν
3084 3041 3233 3113 παρὰ
3254 3040 3330 3112 τῷ
3361 3039 3622 3111 Ματθαίῳ
3650 3057 3757 3092 πα-

2180 3136 2382 3210 ραϐολὴ
2409 3136 2553 3189 ἔνδον
2576 3138 2632 3187 ὲν
2660 3134 2737 3205 τῷ
2753 3133 2882 3204 ἱερῷ
2905 3132 3147 3196 λέλεκτο,
3173 3133 3306 3204 πρὸς
3325 3133 3449 3195 τοὺς
3468 3131 3760 3204 ἀρχιερέας

506 3234 629 3274 eum
663 3219 973 3275 Servatore.
1011 3222 1148 3291 Ergo
1177 3222 1352 3277 Lucas
1381 3225 1461 3278 sic
1486 3223 1743 3293 pra-fatur
1775 3228 2073 3294 parabolae:

2182 3229 2273 3280 καὶ
2315 3225 2715 3298 πρεσϐυτέρους
2749 3222 2841 3278 τοῦ
2875 3222 3002 3277 λαοῦ
3042 3223 3419 3293 διαλεγομένου
3453 3221 3547 3275 τοῦ
3578 3221 3759 3291 Σωτῆ-

507 3325 698 3378 nempe
724 3307 903 3363 Jesum
928 3313 982 3365 in
1010 3312 1152 3366 ardes
1174 3313 1451 3382 cujusdam
1482 3330 1513 3370 e
1540 3314 1835 3371 Pbarismis
1863 3318 2076 3372 venisse

509 3410 567 3452 ut
623 3401 857 3455 Sabbato
903 3403 1080 3456 cibum
1121 3415 1404 3471 sumeret;
1456 3407 1554 3463 hos
1606 3418 1785 3461 autem
1836 3422 2071 3463 mentem

509 3491 582 3545 illi
620 3493 934 3552 intendisse.
968 3494 1102 3550 Tum
1144 3509 1333 3553 narrat
1380 3500 1661 3571 hydropici
1715 3503 1952 3557 hominis
1979 3520 2077 3557 cu-

507 3585 799 3647 rationem,
829 3594 993 3655 atque
1025 3589 1101 3643 uti
1149 3588 1310 3645 Jesus
1353 3592 1601 3648 docuerit
1647 3598 1937 3665 quominus
1966 3594 2071 3663 pri-

506 3692 624 3732 mos
659 3682 939 3737 accubitus
967 3682 1020 3736 in
1053 3684 1320 3738 conviviis
1348 3686 1642 3750 ambirent,
1702 3701 1879 3756 neque
1930 3687 2075 3740 invi-

507 3776 685 3823 tareut
710 3785 802 3825 eos
833 3788 861 3824 a
889 3774 1088 3842 quibus
1124 3774 1360 3829 vicissim
1414 3775 1676 3831 invitandi
1735 3776 1930 3840 iurent,
1980 3778 2074 3832 sed

503 3872 601 3913 eos
626 3865 804 3928 potius
832 3865 921 3931 qui
964 3867 1300 3920 remunerari
1328 3868 1639 3935 nequirent.
1666 3869 1855 3935 Addit,
1885 3884 2075 3937 quem-

507 3953 627 4006 dam
657 3967 689 4006 e
715 3954 1179 4010 discumbentibns
1209 3958 1321 4011 hmc
1354 3958 1661 4012 audientem
1692 3960 1919 4026 dixisse,
1947 3960 2072 4015 Bea-

502 4055 587 4100 tus
615 4047 705 4115 qui
736 4062 921 4113 panem
948 4052 1178 4102 comedet
1210 4051 1264 4103 in
1294 4066 1451 4117 regno
1488 4049 1582 4103 Dei
1619 4050 1640 4104 .’
1679 4051 1862 4105 Jesum
1890 4061 2070 4109 autem

503 4137 583 4192 sic
605 4152 787 4191 orsum
807 4136 947 4207 loqui
971 4157 982 4192 :
1005 4137 1180 4192 [Ionio
1209 4128 1421 4209 quidam
1447 4142 1568 4209 fecit
1588 4158 1785 4196 omnem
1802 4160 2068 4212 magnam.

505 4229 681 4298 Atque
711 4229 783 4282 ita
810 4227 984 4284 Lucas
1014 4242 1338 4299 praesentem
1386 4235 1699 4301 parabolam
1748 4238 1911 4290 tradit
1945 4253 2073 4291 nar-

506 4330 740 4374 ratamoa
771 4321 1062 4377 Servatore
1091 4324 1140 4377 ei
1163 4324 1252 4393 qui
1281 4325 1513 4389 dixerat,
1540 4325 1739 4380 Beatus
1767 4330 1855 4398 qui
1882 4346 2069 4398 partem

502 4416 738 4468 comedet
778 4416 835 4468 in
867 4432 1025 4482 regno
1062 4416 1175 4477 Dei,
1210 4417 1391 4481 Quare
1418 4422 1639 4475 ontuiuo
1673 4421 1871 4474 fatetur
1888 4423 2070 4476 diver-

505 4519 619 4559 sam
651 4506 787 4560 hanc
814 4521 934 4561 csse
963 4523 991 4560 a
1027 4510 1309 4575 superiore
1355 4509 1688 4576 parabolam.
1737 4511 1841 4567 Sed
1890 4524 2066 4567 tamen

2186 3338 2277 3392 ρος
2300 3337 2312 3351 ·
2340 3321 2373 3391 ἡ
2408 3318 2465 3371 δὲ
2493 3318 2640 3389 παρά
2667 3317 2746 3387 τῷ
2773 3317 2957 3387 Λουκᾷ
2982 3316 3073 3367 ἐπὶ
3101 3314 3200 3384 τῆς
3231 3313 3517 3377 Γαλιλαίας
3538 3315 3594 3367 ὲν
3611 3313 3760 3385 οίκίᾳ

2181 3412 2323 3475 τινὸς
2345 3411 2600 3482 ἄρχοντος
2619 3409 2911 3481 Φαρισαίου
2930 3407 3082 3478 ψιλὸν
3100 3407 3312 3461 δεῖπνον
3339 3406 3757 3471 κατασκευάζει,

2183 3504 2511 3575 έστιωμένου
2549 3502 2683 3572 παρ’
2719 3499 2868 3571 αὐτῷ
2899 3498 2991 3553 τοῦ
3032 3499 3299 3571 Σωτῆρος.
3332 3498 3594 3571 Προλέγει
3626 3498 3759 3568 γοῦν

2183 3599 2281 3669 τῆς
2318 3596 2684 3669 προκειμένης
2725 3592 3041 3665 παραϐολῆς
3084 3593 3113 3645 6
3160 3594 3375 3656 Λουκᾶς
3418 3590 3617 3646 ταῦτα·
3675 3592 3758 3667 δτι

2181 3688 2425 3760 εἰσῆλθεν
2455 3689 2534 3749 είς
2564 3684 2710 3739 οἶκόν
2737 3702 2881 3749 τινος
2896 3683 3184 3755 Φαρισαίου
3212 3682 3523 3754 έστιαθῆναι
3550 3684 3606 3736 ὲν
3624 3682 3760 3735 Σαὸ.

2183 3782 2362 3852 ϐάτῳ·
2403 3781 2452 3833 οἱ
2479 3780 2535 3832 δὲ
2569 3776 2978 3850 παρετηροῦντο
3010 3774 3190 3829 αὐτόν.
3229 3770 3364 3829 Εἶτα
3405 3773 3647 3836 διελθὼν,
3680 3774 3758 3837 ὡς

2181 3870 2484 3944 ὑδρωπικὸν
2500 3869 2849 3940 ἐθεράπευσε,
2868 3868 2961 3922 καὶ
2979 3867 3054 3930 ὡς
3085 3863 3290 3930 ἐδίδαξε
3318 3865 3391 3936 μὴ
3414 3863 3513 3928 τὰς
3541 3882 3757 3935 πρωτο-

2182 3960 2391 4024 κλισίας
2411 3961 2467 4012 ὲν
2484 3962 2593 4023 τοῖς
2608 3959 2842 4022 δείπνοις
2863 3955 3233 4028 μεταδιώκειν,
3264 3953 3397 4027 μηδὲ
3420 3952 3601 4008 καλεῖν
3627 3954 3754 4016 τοὺς

2180 4052 2645 4116 ἀντικαλέσοντας,
2666 4050 2800 4104 ἀλλά
2835 4051 2965 4112 τοὺς
2987 4047 3287 4103 ἀντιδοῦναι
3318 4047 3390 4119 μὴ
3407 4047 3753 4118 δυναμένους,

2189 4144 2462 4215 ἐπιφέρει,
2481 4145 2560 4196 ὅτι
2578 4141 2813 4204 ἀκούσας
2834 4158 2914 4205 τις
2942 4139 3059 4207 τῶν,
3085 4138 3549 4209 συνανακειμένων
3583 4137 3755 4192 ταῦτα

2179 4233 2321 4298 είπε,
2338 4235 2633 4303 Μακάριος
2646 4232 2811 4299 ὅστις
2826 4231 2974 4302 φάγε
2982 4248 3072 4285 ται
3092 4230 3271 4300 ἄρτον
3288 4231 3358 4283 ἐν
3372 4229 3447 4298 τῇ
3467 4229 3754 4296 βασαίείςι

2184 4326 2481 4381 τοῦθεοῦί
2510 4324 2633 4378 Ὁδὲ
2662 4320 2810 4376 εἶπεν
2843 4321 3005 4393 αὐτῷ·
3042 4322 3370 4390 Ἄνθρωπός
3395 4338 3481 4388 τις
3504 4322 3753 4388 ἐποίησε

2186 4420 2431 4474 δεῖπνον
2455 4417 2626 4487 μέγα.
2678 4415 2832 4469 Οὕτω
2860 4414 2903 4468 δ’
2938 4417 2966 4468 6
2991 4415 3202 4476 Λουκᾶς
3263 4414 3361 4485 τὴν
3397 4414 3750 4485 προτεθεῖσαν

2180 4510 2488 4584 παραϐολὴν
2504 4506 2804 4577 ἀνέγραψεν
2830 4504 3077 4578 εἰρῆσθαι
3098 4505 3201 4559 ὑπὸ
3222 4504 3313 4558 τοῦ
3339 4506 3587 4577 Σωτῆρος
3608 4506 3745 4578 πρὸς

503 4596 629 4663 quia
685 4614 750 4651 ne
806 4598 917 4666 ipsa
949 4600 1162 4668 quidem
1204 4616 1232 4653 a
1266 4603 1525 4656 caelorum
1574 4618 1738 4671 regno
1792 4605 2068 4674 abhorret,

2181 4603 2264 4656 τὸν
2294 4601 2570 4672 εἰρηκότα,
2593 4595 2892 4665 Μακάριος
2919 4596 3086 4662 ὅστις
3102 4595 3344 4665 φάγεται
3365 4596 3548 4665 ἄρτον
3573 4599 3644 4652 ἐν
3670 4596 3745 4665 τῇ

503 4689 573 4743 de
608 4702 717 4758 quo
743 4693 917 4745 omnis
946 4690 1100 4746 nobis
1141 4692 1422 4746 institutus
1451 4708 1631 4748 sermo
1656 4705 1760 4758 est,
1793 4696 2073 4755 videamus

506 4795 668 4847 porro
693 4782 822 4851 quid
862 4783 1172 4853 significent
1198 4787 1361 4838 etiam
1396 4801 1457 4839 ea
1497 4801 1614 4854 qua:
1649 4788 1699 4840 in
1732 4788 1831 4841 hac
1869 4803 2071 4858 propo-

504 4882 728 4930 nuntur.
771 4874 918 4929 Unus
943 4876 1372 4930 recumbentium
1405 4886 1459 4930 et
1488 4878 1899 4934 cunvivautium
1945 4896 2071 4935 cum

505 4965 797 5021 Servatore
849 4966 900 5020 in
956 4966 1212 5023 Pharisazi
1290 4968 1494 5033 domo,
1560 4969 1901 5024 sermonibus
1954 4972 2073 5041 ejus

504 5068 825 5122 commotus,
863 5058 1074 5113 beatum
1098 5058 1370 5114 exclamat
1405 5060 1552 5114 illum
1604 5060 1720 5114 fore
1751 5062 1843 5129 qui
1874 5062 1940 5115 ad
1976 5080 2071 5134 pa-

572 5197 684 5268 (65)
724 5198 945 5268 Triplex
994 5204 1076 5252 est
1119 5198 1223 5254 loci
1278 5197 1436 5265 hujus
1498 5198 1810 5264 Eusebiani,
1855 5203 2077 5258 mutatis

503 5282 646 5339 saepe
690 5271 893 5335 verbis,
923 5281 1265 5339 excerptum.
1296 5270 1535 5322 Primum
1564 5270 1613 5321 in
1648 5273 2077 5337 praecedentibus

507 5335 749 5411 dedimus
796 5354 862 5392 ex
913 5335 1107 5411 catena
1132 5340 1390 5411 auunymi
1437 5335 1674 5392 auctoris
1704 5341 1755 5393 in
1782 5344 1968 5411 codice
2013 5343 2073 5396 Β.

505 5408 747 5477 Altertnu
781 5419 864 5462 est
921 5410 1021 5465 hoc
1070 5408 1410 5477 excerptum,
1455 5426 1520 5464 ex
1561 5421 1750 5463 catena
1782 5409 1985 5465 Niceta:
2020 5414 2073 5466 in

505 5476 694 5530 codice
714 5478 779 5531 A.
828 5477 1068 5532 Tertium
1096 5490 1178 5533 est
1210 5476 1262 5533 in
1294 5481 1480 5534 codice
1509 5480 1570 5543 E,
1609 5496 1673 5533 ex
1717 5491 1906 5534 catena
1942 5482 2072 5536 item

507 5543 725 5600 Macarii
768 5547 1213 5620 Chrysucephali,
1271 5553 1362 5618 qui
1412 5566 1531 5604 cum
1580 5549 1760 5605 Niceta
1796 5554 2067 5620 t-otigruit.

509 5625 865 5687 praeterquam
901 5618 1073 5682 initio,
1112 5622 1251 5687 quod
1277 5621 1345 5673 ita
1379 5636 1436 5673 se
1470 5620 1628 5673 habet
1649 5635 1664 5673 :
1686 5619 1903 5684 Πολλοῖς
1919 5618 2070 5674 τισιν

507 5682 651 5752 εδοξε
680 5682 776 5758 τῆν
806 5687 973 5758 αὐτὴν
990 5682 1305 5760 παραϐολὴν
1327 5687 1463 5745 εἶναι
1486 5690 1689 5763 ταύτην
1706 5708 1761 5745 τε
1791 5682 1894 5766 τὴν
1918 5692 2072 5765 παρά

2165 4694 2461 4760 ,ϐασιλείᾳ
2478 4692 2581 4746 τοῦ
2613 4690 2781 4744 Θεοῦ·
2809 4688 2947 4743 ὥστε
2975 4688 3034 4756 ἐξ
3063 4689 3298 4753 ἅπαντος
3323 4690 3601 4761 ὁμολογεῖν
3635 4690 3751 4744 ἑτέ-

2184 4805 2280 4859 ραν
2330 4781 2466 4839 εἷναι
2500 4784 2701 4854 ταύτην
2741 4783 2887 4854 παρὰ
2936 4784 3031 4854 τὴν
3072 4781 3314 4855 πρώτην.
3368 4783 3518 4836 Ἐπεὶ
3559 4782 3615 4836 δὲ
3641 4782 3742 4835 οὐκ

2178 4879 2431 4952 ἀλλοτρία
2480 4878 2734 4949 τυγχάνει
2767 4877 2875 4931 οὐδ’
2902 4876 3037 4947 αὕτη
3068 4880 3166 4947 τῆς
3205 4876 3480 4947 βασιλείας
3504 4874 3612 4927 τῶν
3657 4874 3749 4927 ού-

2181 4972 2389 5044 ρανῶν,
2424 4971 2551 5042 περὶ
2576 4968 2642 5043 ἧς
2674 4972 2803 5041 ἡμῖν
2834 4972 2862 5023 6
2900 4972 3006 5032 πᾶς
3045 4968 3301 5040 ἐνέστηκε
3329 4968 3513 5036 λόγος,
3550 4966 3750 5037 ἴδωμεν

2180 5064 2231 5116 τί
2266 5063 2510 5134 βούλεται
2544 5063 2633 5114 καὶ
2655 5061 2721 5113 τὰ
2742 5059 2830 5114 διὰ
2854 5059 3053 5131 ταύτην
3080 5058 3399 5131 δηλούμενα.
3432 5057 3551 5111 Τῶν
3585 5075 3747 5111 συνα-

2179 5204 2259 5274 τῷ
2285 5203 2485 5273 Λουκᾷ,
2522 5202 2615 5274 καὶ
2643 5200 2743 5271 τὴν
2774 5198 3324 5274 παρ-ἐιᾼτῷ-Ματβαίῳ
3357 5198 3484 5274 περὶ
3520 5197 3614 5274 τοῦ
3650 5198 3744 5266 γά-

2184 5268 2285 5344 μου
2326 5268 2814 5344 διαλαμϐάνουσαν,
2859 5268 2963 5325 ’διὰ
2989 5268 3071 5344 ςτὸ
3128 5268 3382 5344 καὶμὲκεῖ
3416 5268 3745 5344 παραίτησιν

2181 5339 2288 5398 τῶν
2326 5339 2675 5413 κεκλημένων
2718 5340 3087 5413 εὑρίσκεσθαι.
3129 5341 3187 5413 Ὀ
3217 5339 3272 5393 δὲ
3305 5341 3377 5411 μὴ
3426 5339 3739 5413 παρέργως,

2179 5427 2285 5468 etc.
2323 5409 2685 5481 Compluribus
2712 5409 2877 5465 risum
2905 5421 3003 5476 est,
3028 5411 3258 5464 eautdem
3293 5409 3405 5464 esse
3437 5409 3742 5481 perdoctam

2180 5496 2290 5537 tum
2348 5477 2463 5552 quis
2509 5482 2647 5548 apud
2677 5481 2873 5535 Lucam
2922 5490 3039 5552 lunt
3083 5495 3201 5552 qua:
3237 5483 3378 5547 apud
3434 5477 3745 5552 Haulm'ttm

2186 5548 2434 5607 recitatur
2467 5554 2530 5606 de
2566 5554 2780 5619 nuptiis,
2800 5552 2922 5620 quia
2952 5559 3001 5603 et
3023 5550 3077 5620 in
3106 5550 3205 5600 hac
3236 5552 3403 5602 altera
3436 5548 3734 5620 excusati»

2191 5640 2304 5677 nem
2332 5615 3016 5689 rocatorumvcompérimus.
3061 5617 3427 5674 ieremtmnen
3451 5618 3543 5689 qui
3593 5615 3740 5672 haud

2195 5696 2545 5763 perIunctorio
2574 5692 2773 5757 studio,
2796 5699 2899 5745 etc.
