4108 6204
399 283 493 336 577

1557 284 2055 339 (ΖΟΜΜΕΝΤΛΒΙᾹ
2097 282 2166 338 IN
2204 282 2462 338 LUCAM.

3521 291 3627 345 578

390 397 726 470 νακειμένων
752 416 837 462 τις
870 399 946 469 τῷ
967 401 1178 471 Σωτῆρι
1204 402 1261 452 ἐν
1283 403 1350 471 τῇ
1381 398 1473 453 τοῦ
1497 401 1789 472 Φαρισαίου
1816 401 1948 471 οίκίσ

2064 413 2186 452 nem
2210 397 2643 453 manducandum
2687 398 2736 450 in
2789 412 2956 468 regno
2998 397 3090 451 Dei
3135 397 3420 468 dignanter
3465 399 3626 454 luerit

389 492 484 546 καὶ
527 492 994 562 συνεστιωμένων,
1035 494 1100 544 ἐκ
1141 492 1248 545 τῶν
1294 493 1454 545 αὑτοῦ
1497 493 1672 562 λόγων
1703 493 1960 564 κινηθεὶς,

391 583 686 655 μακαρίζει
717 584 807 636 τὸν
842 585 1380 655 καταξιωθησόμενον
1412 589 1602 654 φαγεῖν
1623 587 1782 656 ἄρτον
1813 589 1868 638 ἐν
1897 589 1962 657 τῇ

393 675 642 747 βασιλείᾳ
681 675 772 728 τοῦ
822 675 977 728 Θεοῦ.
1017 673 1180 746 Οἶμαι
1220 677 1263 728 δ’
1305 677 1466 730 αὑτὸν
1501 677 1656 730 τοῦτο
1690 679 1963 748 εἰρηκέναι

391 765 481 818 διὰ
523 766 584 818 τὸ
629 767 895 834 φάναιτὸν
917 767 1144 838 Σωτῆρα
1177 767 1253 838 τῷ
1283 769 1567 837 κεκληκότι
1601 769 1962 823 αὐτόν·”οταν

394 862 556 929 ποιῇς
604 859 837 930 ἄριστον,
874 860 946 930 μὴ
983 859 1262 923 πλουσίους
1307 861 1478 924 κάλει,
1517 861 1652 914 ἀλλά
1695 864 1960 932 πτωχοὺς,

396 954 490 1005 καὶ
547 954 809 1023 μακάριος
861 953 978 1022 ἔσῃ.
1023 952 1166 1024 Πρὸς
1216 952 1400 1006 τοῦτον
1450 950 1540 1007 οὖν
1595 971 1789 1025 φησιν·
1836 957 1963 1008 Ἀν-

395 1046 621 1113 θρωπός
660 1062 749 1110 τις
775 1044 1024 1110 ὲποιήσε
1043 1045 1288 1098 δεῖπνον
1304 1045 1476 1115 μέγα.
1512 1047 1605 1099 καὶ
1638 1047 1704 1100 τὰ
1730 1048 1874 1118 ἑξῆς.

527 1135 811 1200 Ἤρξαντο
842 1135 960 1189 ἀπὸ
986 1132 1128 1204 μιᾶς
1152 1137 1556 1204 παραιτεῖσθαι
1586 1137 1824 1203 πάντες.

479 1224 585 1277 Eni
625 1225 687 1277 τὸ
715 1226 930 1293 λογικὸν
975 1225 1270 1295 συμπόσιον
1301 1227 1397 1279 οὐκ
1437 1228 1770 1296 ἀπήντησαν,
1806 1227 1962 1298 φιλή-

391 1317 526 1370 δονοι
563 1315 759 1386 μᾶλλον
803 1315 951 1378 ὄντες
998 1315 1030 1385 ἢ
1074 1316 1326 1384 φιλόθεοι,
1364 1317 1584 1385 καὶτῆς
1623 1316 1753 1386 ὕλης
1787 1317 1816 1386 ἢ
1869 1317 1960 1369 τοῦ

391 1407 544 1460 Θεοῦ·
579 1407 885 1478 φιληδονίας
917 1407 1014 1476 μὲν
1043 1407 1148 1478 γὰρ
1180 1407 1374 1478 δεῖγμα
1398 1411 1554 1480 γυνή·
1589 1411 1756 1481 ἀγρὸς
1779 1411 1834 1463 δέ
1868 1411 1961 1462 καὶ

390 1494 554 1565 ζεύγη
587 1497 686 1566 τῆς
719 1495 1207 1567 φιλοχρημοσύνης.
1245 1498 1475 1560 Πολλοὺς
1512 1500 1610 1569 μὲν
1644 1496 1734 1552 οὖν
1763 1501 1960 1570 κεκλῆ-

390 1586 512 1640 σθαί
536 1604 666 1655 φησι
697 1587 861 1640 ἐπἰτὸ
888 1589 1028 1658 μέγα
1057 1589 1265 1641 δεῖπνον
1289 1591 1380 1642 καὶ
1401 1591 1458 1642 τὸ
1483 1591 1602 1643 καθ’
1628 1592 1754 1662 ὅλης
1776 1593 1870 1662 τῆς
1886 1595 1962 1647 οἰ-

391 1695 486 1731 κου
495 1679 660 1748 μένης
678 1679 889 1746 λογικὸν
913 1682 1208 1750 συμπόσιον
1224 1682 1329 1734 τῶν
1353 1683 1511 1753 ἱερῶν
1531 1685 1620 1736 καὶ
1640 1683 1794 1736 θείων
1820 1685 1958 1754 Γρα-

2065 489 2348 542 admissus.
2413 487 2548 542 Puto
2603 497 2780 540 autem
2846 488 2943 540 hoc
3001 487 3202 540 dictum
3261 485 3447 549 fuisse,
3502 487 3627 555 quia

2066 585 2324 640 Servatur
2354 584 2602 639 invitanti
2623 599 2680 637 se
2706 585 2916 636 dixerat
2945 601 2955 636 :
2986 584 3116 636 Cum
3166 582 3452 650 prandium
3484 582 3628 636 fece-

2065 677 2160 740 ris,
2191 677 2293 730 noli
2323 677 2516 729 divites
2545 690 2761 738 vocare,
2790 675 2884 728 sed
2906 690 3188 742 pauperes.
3223 685 3278 726 ut
3315 677 3504 729 beatus
3529 675 3628 728 sis.

2065 767 2200 822 lluic
2225 785 2354 838 ergo
2385 768 2712 836 respondens
2740 767 2815 818 ait
2853 781 2866 818 :
2923 764 3093 818 Homo
3119 763 3333 836 quidam
3360 766 3482 836 fecit
3516 781 3626 821 ca-

2065 877 2184 912 nam
2219 875 2484 930 magnam,
2514 869 2569 912 el
2594 855 2819 926 reliqua.

2312 1125 2360 1156 ¹⁹
2397 1125 2672 1193 Coeperunt
2703 1126 2860 1176 simul
2882 1143 3059 1179 omnes
3108 1144 3376 1182 erretisure.

2132 1215 2211 1269 Ad
2261 1217 2529 1271 rationale
2557 1217 2862 1271 convivium
2899 1235 3000 1271 non
3041 1231 3321 1286 venerunt,
3357 1222 3480 1289 quia
3531 1238 3622 1274 vo-

2061 1309 2321 1377 luptatum
2371 1310 2545 1376 potius
2575 1320 2735 1376 atque
2762 1312 3000 1364 materia)
3027 1327 3184 1379 quam
3229 1313 3318 1364 Dei
3351 1323 3626 1368 amatores

2061 1413 2234 1456 erant.
2271 1401 2402 1456 Nam
2437 1403 2730 1470 voluptatis
2758 1414 3136 1468 argumentum
3167 1420 3340 1467 uxor;
3371 1421 3500 1474 ager
3527 1421 3627 1457 au-

2064 1503 2169 1546 tem
2199 1510 2261 1545 ar.
2289 1494 2474 1556 boves,
2508 1494 2768 1549 avaritiae.
2802 1493 2995 1547 Multos
3041 1496 3220 1564 itaque
3250 1508 3467 1549 vocatos
3494 1497 3629 1551 dicit.

2061 1585 2126 1636 ad
2185 1599 2432 1650 magnam
2492 1599 2724 1644 omnem,
2775 1595 2827 1636 et
2879 1587 3138 1638 rationale
3184 1603 3280 1654 per
3313 1590 3620 1643 universum

2059 1673 2241 1724 orbem
2262 1672 2564 1724 convivium
2590 1686 2868 1723 sacrarum
2898 1688 2960 1724 ac
2987 1675 3291 1728 divinarum
3323 1677 3625 1745 Scriptura-

391 1769 526 1836 φῶν,
563 1771 636 1839 μὴ
681 1770 785 1840 μὴν
811 1772 936 1834 τοὺς
963 1773 1166 1836 πάντας
1191 1773 1289 1842 τῆς
1316 1775 1533 1843 χάριτος
1560 1776 1948 1845 ἐπιτυγχάνειν⁴

2059 1778 2201 1824 rum.
2246 1778 2350 1814 non
2407 1773 2581 1814 tamen
2628 1777 2812 1814 omnes
2853 1765 3025 1830 gratia
3074 1767 3257 1832 potiri,
3289 1784 3392 1834 qua
3447 1770 3619 1822 vocati

389 1862 806 1933 ἀποστερεῖσθαι
831 1864 939 1935 γὰρ
971 1866 1138 1934 αὐτῆς
1169 1866 1273 1918 τῶν
1302 1866 1648 1936 κεκλημένων
1679 1869 1802 1928 τοὺς
1833 1866 1958 1937 περὶ

388 1951 552 2022 ἔτερα
579 1954 998 2024 ἡσχολημένους.
1030 1956 1308 2026 Περισπᾷν
1335 1956 1440 2029 γὰρ
1472 1957 1564 2008 καὶ
1585 1954 1834 2024 ἀφέλκειν
1861 1957 1959 2025 τῆς

389 2041 632 2112 κλήσεως
663 2044 760 2107 τὰς
808 2043 901 2096 τοῦ
947 2043 1060 2112 βίον
1107 2045 1389 2116 φροντίδας
1433 2046 1704 2099 διδάσκει’
1758 2045 1958 2108 ταύτας

387 2135 430 2186 δ’
452 2129 588 2188 εἶναι
609 2135 911 2204 διαφόρους
937 2137 969 2206 ἢ
996 2135 1103 2207 γάρ
1128 2139 1255 2208 περὶ
1274 2138 1342 2190 τὰ
1368 2141 1618 2208 κτήματα
1643 2140 1733 2191 καὶ
1758 2138 1958 2208 ἀγροὺς

387 2225 789 2295 ἀσχολούμενοι,
834 2225 1004 2279 ταῦτα
1037 2229 1132 2297 τῆς
1185 2228 1427 2298 κλήσεως
1473 2231 1955 2300 τυροτετιμήκασιν,

388 2316 461 2378 ὡς
490 2318 926 2387 παραιτήσασθαι
953 2318 1220 2388 τολμῆσαι
1247 2319 1334 2374 διά
1357 2319 1527 2373 ταῦτα
1559 2320 1654 2391 τὴν
1681 2321 1890 2390 κλῆσινσ

388 2408 514 2477 περὶ
561 2409 656 2471 τὰς
688 2409 780 2461 τοῦ
823 2410 935 2478 βίου
983 2412 1362 2481 πραγματείας
1412 2413 1954 2485 κατατριϐόμενοιοῆ

413 2497 565 2567 εσμῷ
610 2498 802 2568 γάμων
844 2499 937 2551 καὶ
988 2500 1190 2552 παίδων
1236 2501 1688 2570 ἐμπεπλεγμένοι·
1738 2503 1770 2571 ἦ
1819 2519 1956 2554 τισιν

377 2589 562 2651 ἄλλοις
609 2590 868 2653 τοιούτοις
917 2591 1305 2660 φροντίσμασιν
1334 2592 1708 2661 ήσχολημένοι.
1774 2592 1955 2645 Ταῦτα

384 2681 491 2751 γὰρ
525 2682 616 2733 καὶ
645 2681 870 2736 τοιαὲτα
902 2682 1126 2749 ἐπάγειν
1161 2684 1254 2734 καὶ
1300 2683 1601 2753 περιέλκειν
1634 2681 1790 2735 εἴωθε
1832 2685 1955 2746 τοὺς

383 2771 467 2824 διὰ
513 2771 683 2824 ταῦτα
713 2773 810 2842 τὴν
853 2773 1010 2842 χάριν
1057 2773 1434 2842 παραιτεῖσθαι
1482 2773 1814 2842 τολμῶντας,
1865 2775 1955 2826 καὶ

380 2861 473 2912 τὸν
499 2861 756 2931 κλήτορα,
787 2864 878 2914 καὶ
906 2863 961 2916 τὸ
990 2864 1087 2933 τῆς
1120 2863 1310 2932 καινῆς
1344 2863 1604 2933 διαθήκης
1636 2864 1952 2932 συμπόσιον,

383 2954 474 3004 καὶ
498 2953 596 3022 τὴν
623 2953 844 3022 λογικὴν
872 2956 1094 3024 τροφήνο
1125 2947 1196 3005 ὧν
1223 2955 1474 3007 ἁπάντων
1504 2955 1799 3024 ἐστέρησαν
1830 2956 1954 3007 ἐαυ-

379 3046 525 3105 τοὺς,
558 3045 698 3096 κατὰ
733 3045 831 3113 μὲν
864 3046 964 3114 τὴν
996 3043 1344 3096 ἀποδοθεῖσαν
1379 3046 1691 3116 ἑρμηνείαν,
1737 3047 1785 3098 οἱ
1817 3063 1948 3115 προσ

2062 1856 2339 1923 privantur
2393 1855 2516 1923 quia
2565 1855 2723 1906 rebus
2767 1853 2886 1906 aliis
2928 1871 3110 1908 curam
3156 1858 3488 1925 impendunt.
3531 1859 3622 1911 Et-

2068 1946 2209 1999 enim
2241 1947 2544 1999 distrahere
2579 1957 2742 2012 atque
2772 1957 3018 1999 avertere
3048 1964 3074 1999 a
3108 1951 3392 2003 vocatione
3423 1950 3620 2003 solliri—

2060 2037 2271 2090 tudines
2333 2037 2512 2090 mundi
2566 2038 2747 2096 docnt.
2799 2054 2917 2106 qum
2963 2039 3122 2092 variae
3165 2050 3332 2094 sunt:
3388 2058 3509 2094 nam
3539 2041 3619 2094 vel

2061 2129 2496 2196 possessionibus
2548 2130 2801 2198 agrisilue
2852 2129 3064 2189 intenti.
3113 2147 3205 2183 eas
3237 2147 3321 2184 res
3349 2133 3620 2186 vocationi

2058 2220 2406 2282 anteieruut;
2445 2222 2513 2274 ita
2550 2231 2606 2274 ut
2651 2237 2916 2276 excursare
2966 2240 3023 2276 se
3077 2228 3249 2278 vocati
3288 2228 3489 2280 idcirco
3528 2244 3625 2280 au-

2060 2313 2242 2367 deant.
2277 2313 2368 2366 Vel
2406 2315 2529 2369 vita:
2587 2320 2817 2380 negotiis
2849 2329 3172 2378 atteruntur,
3199 2319 3280 2372 vel
3314 2322 3620 2388 ιιιιριὶιοτιιιιι

2058 2420 2119 2458 ac
2147 2406 2438 2459 liberarum
2474 2408 2701 2461 vinculis
2743 2410 3111 2478 implicantur,
3149 2413 3228 2463 vel
3283 2414 3404 2464 aliis
3447 2413 3624 2481 linjns-

2060 2497 2200 2548 modi
2235 2497 2381 2548 curis
2424 2497 2588 2549 dediti
2613 2510 2759 2552 sunt.
2789 2499 2908 2552 lla'r.
2928 2501 3068 2552 enim
3101 2513 3152 2552 et
3183 2502 3285 2554 alia
3319 2502 3622 2568 huiusmodi

2058 2587 2328 2638 abducere
2358 2603 2418 2640 ac
2445 2587 2749 2641 distrahere
2795 2591 2968 2643 solent
3019 2607 3110 2646 eos
3138 2596 3228 2660 qui
3272 2598 3496 2661 gratiam
3533 2612 3620 2648 re-

2064 2678 2314 2744 pudiare,
2339 2689 2758 2745 vorantmuque,
2791 2698 2890 2736 nec
2940 2699 3045 2734 non
3088 2685 3207 2734 novi
3243 2683 3458 2736 hederis
3492 2699 3621 2736 con-

2055 2767 2278 2829 vivium,
2335 2777 2387 2819 et
2431 2769 2851 2825 intellectualem
2907 2789 3116 2832 escam.
3169 2775 3384 2828 audent.
3415 2777 3622 2840 Quibus

2055 2859 2306 2912 omnibus
2339 2871 2504 2911 Semel
2538 2863 2885 2924 orbavernnt,
2915 2865 3208 2916 secundum
3242 2866 3377 2917 banc
3402 2867 3618 2932 quidem

2058 2949 2580 3016 interpretationem,
2621 2954 2653 3006 ii
2689 2955 2778 3022 qui
2813 2956 3023 3008 cmlesti
3056 2958 3326 3009 vocationi
3374 2957 3626 3025 jucundi-

2059 3051 2194 3096 tatcs
2247 3043 2403 3110 lmjns
2447 3047 2628 3098 mundi
2670 3047 3041 3114 pnetnlerunt,
3078 3048 3292 3099 divitias
3335 3049 3614 3109 nimirum,

378 3137 704 3204 τιμήσαντες
735 3138 831 3207 τῆς
869 3138 1116 3204 οὐρανίου
1153 3138 1391 3207 κλήσεως
1423 3137 1490 3188 τὰ
1536 3137 1661 3206 ήδέα
1688 3136 1780 3188 τοῦ
1809 3154 1943 3207 παρο

2056 3134 2269 3199 negolia
2304 3144 2356 3185 et
2415 3137 2660 3204 nuptias;
2720 3154 2948 3204 quorum
3001 3153 3160 3191 causa
3213 3140 3438 3205 gratiam
3474 3154 3624 3191 recu-

378 3227 529 3290 ὁντος
587 3227 722 3297 βίου,
775 3229 1002 3281 πλοῦτον
1052 3229 1251 3300 δηλαδὴ
1297 3231 1390 3281 καὶ
1433 3229 1812 3298 πραγματείας
1860 3229 1950 3281 καὶ

379 3318 576 3388 γάμον,
628 3322 721 3372 καὶ
761 3320 848 3372 δια
894 3319 1063 3372 ταῦτα
1109 3322 1206 3390 τὴν
1251 3320 1406 3390 χάριν
1451 3321 1945 3389 παραιτησάμενοι⁸

378 3409 517 3461 κατά
544 3410 586 3461 δ’
621 3412 810 3481 ἑτέραν
849 3412 1072 3480 ἐκδοχὴν
1098 3414 1144 3463 οἱ
1175 3411 1377 3480 πρῶτοι
1400 3409 1498 3480 τῆς
1525 3411 1764 3480 κλήσεως
1792 3411 1951 3479 ἠξιω-

384 3502 552 3570 μένοι,
586 3497 728 3554 οὗτοι
755 3503 799 3554 δ’
827 3498 966 3573 ἦσαν
990 3505 1034 3554 οἱ
1067 3504 1127 3554 ἐκ
1161 3501 1482 3573 περιτομῆς,
1508 3503 1556 3553 οἳ
1588 3503 1651 3571 δὴ
1684 3503 1946 3571 προφάσει

378 3591 478 3660 τῆς
504 3595 631 3663 περὶ
677 3593 738 3645 τὸ
771 3597 1012 3662 κρεῖττον
1061 3594 1312 3663 ἀσχολίας
1345 3593 1441 3663 τὴν
1480 3593 1667 3663 κλῆσιν
1701 3592 1944 3663 ὕϐρισαν.

387 3681 474 3742 Ὡς
501 3682 606 3752 γάρ
647 3681 858 3751 ἔχοντες
903 3685 1102 3754 ἀγροὺς
1149 3683 1216 3736 τὰ
1264 3686 1389 3754 παρ’
1434 3685 1612 3746 αὐτοῖς
1662 3683 1946 3752 ἀμφιλαφῆ

375 3773 794 3842 ἀναγνώσματα,
819 3776 912 3827 καὶ
933 3774 1006 3837 ὡς
1032 3774 1156 3843 βόας
1182 3775 1451 3845 ἀροτῆρας
1475 3774 1797 3844 κεκτημένοι
1824 3774 1948 3835 τοὺς

375 3865 503 3934 παρ’
538 3864 718 3927 αὐτοῖς
747 3867 1048 3936 προφήτας,
1080 3865 1172 3918 καὶ
1209 3865 1282 3924 ὼς
1321 3863 1386 3916 ἂν
1420 3865 1579 3934 σοφίᾳ
1622 3865 1727 3917 τιν)⁸
1755 3858 1841 3916 οἶα
1883 3863 1944 3934 δὴ

375 3957 594 4022 γυναικὶ
644 3956 1016 4025 συμϐιοῦντες,
1064 3958 1162 4026 τὴν
1201 3956 1558 4025 εὑαγγελικὴν
1608 3956 1946 4022 ἐξευτέλισαν

364 4047 549 4121 χάριν.
573 4078 642 4087 -
689 4049 904 4118 Ἐπειδὴ
937 4049 992 4101 δὲ
1019 4045 1157 4118 ἦσαν
1186 4047 1327 4101 οὕτω
1353 4052 1543 4118 παχεῖς
1571 4049 1667 4119 τὴν
1697 4049 1942 4120 καρδίαν,

373 4139 644 4207 ἓξυᾳαίνει
679 4141 988 4212 παραόολὴν
1013 4141 1374 4211 ἀποχρώντως
1401 4141 1626 4210 ἔχουσαν
1655 4144 1734 4203 είς
1767 4141 1943 4212 παρά-

370 4231 532 4294 δειξιν
566 4231 664 4300 τῆς
695 4234 776 4284 ἐπ’
809 4234 990 4296 αὐτοῖς
1017 4233 1275 4302 ἐσομένης
1298 4233 1606 4301 οἰκονομίας
1633 4248 1645 4260 ·
1680 4231 1813 4303 πρὸς
1836 4233 1944 4304 γὰρ

369 4321 430 4375 τὸ
454 4323 742 4392 μακάριος
765 4326 876 4392 ἐσιίι
908 4325 1246 4386 ἀποϐλέπων,
1295 4326 1388 4376 καὶ
1433 4324 1566 4394 πρὸς
1596 4323 1656 4375 τὸ
1688 4324 1942 4376 ἀνταπο-

369 4413 688 4480 δοθήσεται
713 4432 812 4470 σοι
852 4419 920 4469 ἐν
956 4415 1026 4484 τῇ
1064 4415 1394 4470 ἀναστάσει
1441 4408 1558 4468 τῶν
1598 4415 1860 4476 δικαίων,
1911 4417 1938 4468 6

370 4508 816 4588 συνανακείμενος
843 4508 1131 4578 μακαρίζει
1154 4508 1242 4559 τὸν
1270 4506 1529 4576 μέλλοντα
1554 4506 1934 4572 καταξιοῦσθαι

366 4599 460 4672 τοῦ
494 4602 548 4652 ἐν
576 4603 639 4670 τῇ
673 4599 915 4672 βασιλείᾳ
965 4601 1148 4672 ἄρτου.
1198 4597 1363 4663 Οὗτος
1400 4599 1454 4652 δὲ
1497 4595 1564 4670 ἦν
1593 4599 1621 4651 6
1654 4600 1782 4651 κατ’·
1819 4599 1941 4650 άντ-

365 4689 617 4742 απῦδοσιν
651 4691 749 4758 τῆς
782 4692 859 4752 είς
887 4691 1012 4752 τους
1041 4691 1282 4760 πτωχοὺς
1329 4687 1752 4758 φιλανθρωπίας,
1787 4688 1842 4738 ἐν
1871 4689 1934 4756 τῇ

364 4779 652 4832 ἀναστάσει
679 4780 786 4832 τῶν
813 4781 1033 4832 δικαίων
1067 4779 1526 4848 ἀποδοθησόμενος
1574 4777 1651 4847 τῷ
1702 4795 1938 4847 μακαρι-

364 4869 596 4940 ζομένῳ,
622 4871 721 4939 τῆς
754 4872 1096 4934 ἀναστάσεως
1125 4872 1216 4923 καὶ
1245 4872 1343 4941 τῆς
1372 4868 1462 4921 τοῦ
1491 4869 1623 4920 Θεοῦ
1658 4867 1927 4936 βασιλείας

366 4962 496 5030 μιᾶς
538 4962 630 5013 καὶ
658 4962 754 5031 τῆς
787 4961 954 5030 αὐτῆς
988 4961 1295 5030 νοουμένης.
1330 4959 1472 5029 Πρὸς
1519 4955 1612 5010 οὖν
1644 4958 1734 5009 τὸν
1779 4959 1928 5027 εἰρη-

2052 3237 2259 3278 Sarunl.
2309 3223 2614 3279 Secundum
2683 3228 2842 3280 aliam
2917 3244 3046 3281 vero
3093 3229 3614 3297 interpretationem,

2052 3319 2258 3385 priores
2293 3319 2364 3369 illi
2400 3319 2685 3386 dignanter
2705 3321 2899 3380 vocati,
2937 3321 2985 3371 id
3013 3330 3091 3372 est
3123 3319 3354 3386 populus
3378 3320 3617 3372 cirrum-

2050 3408 2214 3468 cisus,
2249 3409 2336 3474 qui
2390 3409 2632 3461 melioris
2688 3411 2913 3462 instituti
2971 3420 3229 3478 prmtextn
3279 3412 3614 3464 vocationem

2049 3509 2392 3566 spreverunt.
2448 3498 2579 3551 Nam
2633 3501 2787 3567 quasi
2842 3514 3002 3568 agros
3066 3500 3328 3553 baberent
3371 3503 3616 3567 copiosas

2049 3605 2176 3644 suas
2200 3589 2530 3657 Scripturas,
2553 3601 2605 3643 et
2641 3591 2798 3642 boum
2825 3593 3092 3642 arantium
3122 3591 3293 3643 instar
3325 3592 3612 3657 prophetas

2049 3697 2192 3740 suos.
2223 3691 2278 3736 et
2309 3697 2427 3734 cum
2459 3682 2727 3751 sapientia
2777 3697 2872 3735 sua
2911 3683 3073 3736 veluti
3125 3698 3294 3734 uxore
3324 3685 3614 3736 conviven-

2050 3784 2148 3838 tes,
2178 3774 2541 3842 evangelicam
2575 3773 2800 3842 gratiam
2833 3775 3187 3843 deSpuernnt.
3217 3806 3287 3814 ——
3312 3773 3448 3838 Quia
3487 3789 3613 3826 vero

2055 3875 2336 3934 tantopere
2383 3868 2501 3919 rudi
2545 3867 2706 3920 corde
2752 3876 2928 3929 erant,
2973 3866 3472 3934 nectitparabulam
3506 3865 3614 3919 ido-

2051 3972 2209 4008 neam
2243 3957 2667 4011 demonstrando
2724 3957 2958 4010 futuram
2995 3959 3132 4024 apud
3181 3959 3324 4026 ipsos
3349 3959 3612 4027 gerenda-

2048 4063 2164 4101 rum
2194 4065 2372 4102 rerum
2399 4051 2684 4104 rationem.
2718 4049 2960 4114 Namque
3003 4050 3067 4102 ad
3105 4050 3190 4102 iila
3220 4051 3379 4104 verba
3428 4051 3609 4102 beatus

2043 4139 2145 4190 eris
2194 4150 2355 4205 atque
2391 4140 2454 4191 ad
2509 4139 2596 4190 illa
2629 4139 2945 4190 retribuetur
2981 4141 3077 4191 tibi
3131 4141 3184 4192 in
3230 4141 3610 4192 resurrectione

2034 4227 2318 4296 jnstorum,
2363 4230 2654 4296 reSpiciens
2684 4231 2928 4293 conviva,
2969 4231 3191 4298 {beatum
3225 4231 3462 4299 appellat
3486 4244 3608 4282 eum

2041 4319 2130 4386 qui
2172 4319 2222 4370 in
2255 4334 2415 4389 regno
2443 4319 2634 4386 dignus
2666 4321 2934 4374 eritvesci
2982 4336 3138 4388 pane.
3181 4320 3347 4374 Porro
3408 4321 3496 4375 hic
3533 4322 3609 4374 in-

2043 4409 2304 4477 telligitnr
2339 4409 2428 4475 qui
2461 4411 2668 4462 dandus
2691 4409 2792 4462 erit
2826 4412 3204 4466 remunerandi
3249 4427 3408 4466 causa
3457 4413 3608 4465 beni-

2042 4502 2298 4569 gnitatem
2332 4503 2657 4572 pauperibus
2703 4504 2998 4558 exbibitam
3037 4524 3052 4571 ;
3089 4507 3288 4575 quique
3329 4506 3381 4559 in
3432 4521 3605 4564 resur-

2041 4593 2278 4647 rectione
2309 4593 2578 4662 juslorum
2621 4595 2997 4649 retribuendns
3019 4605 3100 4650 est
3126 4597 3283 4650 beato
3310 4597 3384 4650 illi
3412 4613 3426 4650 :
3480 4613 3604 4650 nam

2039 4685 2366 4739 resurrectio
2416 4685 2555 4739 idem
2598 4702 2718 4740 esse
2772 4685 3089 4754 intelligitur
3127 4704 3191 4741 ac
3235 4704 3456 4758 regnum
3487 4689 3600 4742 Dei.

2040 4777 2246 4831 Dicenti
2277 4793 2424 4848 ergo,
2463 4779 2657 4832 Beatus
2696 4785 2786 4853 qui
2823 4783 3100 4835 manducet
3131 4797 3315 4842 panem
3348 4782 3399 4833 in
3445 4797 3604 4849 regno

2035 4865 2156 4928 Dei.
2208 4871 2513 4936 parabolam
2563 4875 2786 4943 expauit
2817 4874 3075 4928 Servatur
3111 4875 3315 4926 docens
3352 4872 3600 4940 quisnam

2034 4957 2106 5010 sit
2137 4958 2227 5012 ille
2255 4963 2466 5015 beatus.

363 5052 515 5115 κάτα,
540 5052 834 5120 Μακάριος
863 5053 1025 5116 ὅστις
1062 5052 1303 5120 φάγεται
1336 5050 1518 5118 ἄρτον
1558 5049 1628 5101 ὲν
1663 5047 1737 5115 τῇ
1768 5048 2053 5114 βασιλείᾳ
2091 5052 2198 5105 τοῦ
2223 5053 2391 5118 Θεοῦ,
2443 5055 2525 5118 τίς
2557 5057 2621 5109 ἂν
2652 5057 2860 5125 γένοιτο
2910 5048 3064 5120 οὗτος
3102 5058 3130 5109 6
3181 5056 3466 5127 μακάριος,
3511 5047 3598 5111 διά

359 5143 463 5212 τῆς
492 5144 798 5215 παραϐολῆς
823 5145 850 5196 6
883 5143 1070 5212 Σωτὴρ
1104 5144 1447 5213 παρίστησιν.

443 5227 658 5306 Ἐπειδὴ
708 5237 886 5289 τοίνυν
930 5235 1232 5305 ἐκλήθησαν
1287 5235 1470 5287 πολλοὶ¹
1519 5235 1597 5295 είς
1635 5232 1924 5296 τὺτῖπάντα

356 5329 549 5399 ἕτοιμα
581 5329 740 5400 φέρον
779 5329 989 5381 δεῖπνον
1021 5327 1153 5396 (τῆς
1179 5326 1285 5396 γὰρ
1315 5325 1585 5395 βασιλείας
1609 5325 1772 5390 ἀξίως
1794 5328 1822 5378 6
1849 5327 1926 5378 οἰ-

355 5421 685 5492 κοδεσπότης
714 5421 772 5473 τὸ
803 5419 1042 5472 τοιοῦτον
1076 5420 1218 5470 ποιεῖ
1245 5418 1512 5489 δεῖπνον),
1544 5418 1924 5488 παρῃτήσαντο

353 5513 409 5566 δὲ
436 5513 534 5584 τὴν
562 5513 738 5584 χάριν,
770 5529 832 5564 πε
843 5513 894 5583 pi.
921 5513 1018 5583 μὲν
1039 5509 1242 5564 τούτων
1273 5509 1543 5579 ἀπόφασις
1580 5509 1926 5580 ἐξενήνεκται

428 5718 471 5747 ι’
503 5715 630 5771 Luc.
666 5729 772 5781 xw,
807 5713 888 5768 i8.

2100 5233 2364 5300 Quoniam
2409 5234 2590 5304 itaque
2641 5235 2813 5286 vocati
2856 5245 2982 5288 sunt
3029 5235 3180 5287 multi
3229 5237 3295 5288 ad
3347 5247 3591 5306 paratam

2031 5340 2240 5380 canam
2299 5328 2444 5395 (nam
2482 5343 2578 5394 pro
2605 5327 2865 5395 dignitate
2899 5327 3049 5394 regni
3085 5327 3166 5379 Siti
3206 5325 3594 5394 paterfamilias

2030 5432 2240 5472 cmnam
2272 5418 2576 5487 hujusmodi
2610 5419 2786 5483 facit),
2816 5420 2907 5473 sed
2939 5419 3172 5488 gratiam
3211 5421 3592 5489 repudiarunt,

2030 5509 2097 5564 de
2123 5509 2208 5565 his
2237 5509 2342 5564 lata
2373 5509 2638 5565 sententia
2693 5509 2795 5564 fuit
2843 5509 3106 5565 dicendo:
3137 5507 3418 5566 Neminem
3448 5512 3597 5567 viro-
