4108 6204
494 313 597 367 5⁶ῑ9

1182 308 1449 364 EUSEBII
1489 304 1962 363 CIESARIENSIS
1998 302 2149 360 OPP.
2191 301 2370 356 PARS
2406 301 2495 357 111.
2536 335 2603 345 --
2642 302 3049 359 EXEGETICA.

3616 301 3720 358 580

498 449 616 487 rum
647 432 858 486 illorum
888 430 975 500 qui
1006 429 1180 484 vocati
1212 429 1382 489 fuere,
1416 436 1469 481 et
1502 428 1570 481 ob
1594 442 1728 481 suas
1754 426 2047 480 mundanas

2156 426 2187 494 ή
2247 424 2462 493 φήσασα
2512 424 2627 475 ὅτι·
2674 424 2860 486 Οὐδεὶς
2912 424 3020 475 τῶν
3076 422 3285 494 ἀνδρῶν
3340 422 3560 476 ἐκείνων
3611 423 3718 477 τῶν

494 524 876 594 occupationes
930 535 1267 586 recusavere,
1320 534 1530 573 coenam
1588 533 1761 571 meam
1811 525 2054 587 gustatu-

493 634 613 672 rum
643 637 657 673 :
692 617 826 669 alios
857 623 1060 677 autem,
1099 614 1291 666 horum
1336 612 1472 675 loco,
1523 612 1644 664 vitze
1698 612 1932 679 negotiis
1960 610 2053 662 itii-

491 710 635 766 nime
660 708 969 777 implicitos,
995 706 1186 775 dignos
1221 704 1465 757 habitum
1500 703 1563 754 iri
1586 702 1662 755 ait
1684 703 1836 756 beata
1869 716 2050 765 caena,

491 813 680 866 nempe
712 812 971 867 pauperes
1003 794 1261 863 quosdam
1294 802 1346 846 et
1379 807 1549 846 crecos
1584 801 1636 843 et
1677 791 1912 854 mutilos,
1960 792 2049 858 qui

489 888 757 943 vocationi
810 903 913 939 non
968 886 1279 938 restiterunt
1320 899 1333 945 ;
1380 883 1506 951 quia
1555 896 1727 950 neque
1774 884 2048 947 emebant,

490 995 663 1050 neque
710 979 1037 1038 vendebant,
1088 991 1263 1042 neque
1310 975 1511 1043 nuptiis
1558 988 1780 1043 operam
1826 974 2047 1039 dabant,

490 1085 662 1140 neque
720 1071 827 1124 alio
874 1069 1114 1137 quolibet
1176 1066 1395 1135 negotio
1443 1066 1908 1128 distrahebantur,
1956 1065 2048 1119 sed

486 1172 738 1232 prompte
786 1161 1141 1230 expediteque
1212 1157 1444 1227 gratiam
1492 1156 1845 1209 admiserunt.
1905 1155 2050 1221 Quos

488 1252 768 1316 invitator,
802 1250 977 1318 primo
1006 1248 1223 1317 quidem
1256 1246 1555 1298 incolumes
1586 1244 1770 1307 faciet,
1795 1246 1917 1313 quia
1972 1245 2049 1298 fa-

484 1346 587 1400 cile
616 1358 829 1397 omnem
853 1343 1095 1396 morbum
1111 1351 1271 1408 atque
1299 1340 1607 1408 languorem
1640 1347 1815 1392 sanat.
1852 1338 2051 1391 Deinde

483 1448 591 1491 etc.
634 1436 763 1503 Quae
807 1436 988 1488 omnia
1042 1433 1141 1487 sibi
1195 1431 1592 1485 iuterdixerunt
1624 1437 1936 1483 recusantes
1975 1427 2047 1480 illi

484 1528 722 1583 Iudaica:
760 1542 1043 1597 synagogm
1088 1526 1357 1594 principes
1406 1542 1421 1589 ;
1464 1537 1693 1591 quorum
1744 1520 1862 1575 loco
1902 1520 2051 1587 plebs

486 1622 756 1691 morigera
787 1621 907 1686 fuit,
936 1636 1054 1688 quae
1080 1620 1133 1671 in
1177 1617 1371 1686 plateis
1396 1617 1567 1678 urbis,
1592 1628 1783 1680 nempe
1816 1613 1867 1665 in
1894 1610 2051 1683 legali

488 1715 695 1782 politia,
731 1714 963 1765 vivebat.
1001 1742 1067 1750 ——
1090 1710 1341 1764 Fortasse
1393 1717 1569 1763 autem
1598 1706 1683 1759 his
1712 1702 2046 1768 hominibus,

484 1806 730 1861 ethnicos
770 1805 1027 1858 denotare
1057 1802 1289 1865 volebat,
1314 1802 1402 1872 qui
1444 1801 1508 1852 ad
1538 1798 1653 1868 ejus
1684 1795 2047 1865 magisterium

483 1912 637 1953 erant
668 1897 965 1951 accessuri.
1002 1894 1062 1948 Hi
1098 1905 1254 1949 antea
1291 1892 1587 1947 idololatriae
1612 1903 1790 1953 erant,
1820 1903 2047 1958 quorum

484 1991 693 2044 animas
716 1988 839 2043 mali
856 1989 1126 2041 daemones
1150 1987 1477 2038 vitiaverant
1498 1997 1664 2051 ;quos
1686 1989 2051 2033 consentauee

484 2082 785 2137 invitatioui
805 2097 913 2134 sum
929 2080 1227 2147 suscipiens
1242 2078 1579 2137 convivator,
1596 2074 1822 2143 primum
1835 2071 2049 2141 quidem

494 2189 657 2229 sanos
672 2172 1072 2237 incolumesque
1091 2168 1569 2228 eﬂiciet,cwlorum
1583 2164 1766 2217 oculos
1780 2177 2049 2225 reserans,

482 2263 651 2319 omini
686 2262 873 2315 morbo
912 2260 1165 2328 omnique
1200 2258 1440 2327 languori
1478 2256 1774 2309 animarum
1814 2254 2049 2321 ipsorum

484 2356 731 2418 medens;
762 2353 1161 2407 deiudeiisdem
1194 2350 1490 2418 spiritalem
1520 2362 1728 2401 ctenam
1754 2344 2047 2399 exhibebit.

484 2444 648 2500 Primi
681 2446 862 2514 itaque
906 2444 1079 2497 vocati
1120 2452 1246 2496 sunt
1295 2438 1625 2501 circumcisi,
1660 2438 1749 2506 qui
1793 2437 2051 2490 adversus

483 2537 711 2607 gratiam
754 2534 1127 2590 contumeliosi
1169 2533 1407 2587 fuerunt.
1458 2530 1687 2584 Secundi
1736 2528 2050 2597 alienigenae

481 2627 709 2693 etlmici,
738 2627 826 2695 qui
875 2636 1031 2678 antea
1065 2640 1205 2678 caeca
1244 2634 1421 2676 mente
1464 2631 1640 2685 erant,
1672 2630 1726 2675 et
1774 2621 1970 2683 mutili,
1998 2627 2053 2672 et

480 2722 677 2784 claudi,
710 2738 773 2777 ac
811 2722 964 2784 muti,
994 2722 1082 2790 qui
1111 2722 1271 2773 etiam
1310 2718 1565 2771 alacriter
1586 2717 2044 2785 obtemperaruut.

477 2814 598 2871 Jam
644 2814 697 2869 in
742 2814 932 2884 plateis
976 2823 1275 2874 versantes,
1311 2810 1343 2863 ii
1371 2810 1624 2864 credendi
1673 2816 1798 2861 sunt
1827 2806 1916 2875 qui
1946 2805 2049 2859 lata

480 2907 801 2977 perditionis
834 2906 915 2958 via
956 2905 1227 2966 incedunt,
1268 2910 1321 2954 et
1356 2902 1473 2955 sine
1507 2900 1756 2953 doctrina
1791 2898 2052 2968 dogmati-

481 3002 649 3056 busve
676 3000 883 3051 vivunt.
918 2996 1052 3049 Tum
1085 2996 1312 3047 latentes
1343 2992 1392 3046 in
1428 2993 1658 3061 angulis,
1692 2992 1725 3045 ii
1767 2993 1858 3059 qui
1905 2990 2051 3043 mali-

2153 515 2529 585 κεκλημένων,
2572 516 2663 568 καὶ
2699 516 2783 568 διὰ
2822 517 2918 580 τὰς
2970 517 3225 587 βιωτικὰς
3277 516 3531 587 ἀσχολίας
3580 535 3721 587 παρ-

2152 608 2557 677 αιτησαμένων,
2616 608 3033 678 γεύσεταίἺμου
3080 608 3173 661 τοῦ
3221 609 3470 662 δείπνου·
3503 608 3720 679 ἐτέρους

2150 698 2194 751 δ’
2237 699 2355 751 ἀντὶ
2400 699 2601 751 τούτων
2638 700 2763 761 τούς
2802 699 2875 768 μὴ
2907 696 3444 770 περιπεπλεγμένους
3478 701 3599 763 ταῖς
3626 699 3721 752 τοῦ

2154 790 2266 859 βίου
2308 791 2696 862 πραγματίαις,
2730 791 3223 862 κατσξιωθήσεσθαί
3251 809 3382 861 φησι
3414 791 3507 844 τοῦ
3538 809 3717 861 μακαι

2154 884 2270 954 ρίου
2297 884 2532 947 δείπνου,
2569 882 2814 954 πτωχούς
2852 900 3001 946 τινας
3025 885 3117 937 καὶ
3139 885 3371 952 τυφλοὺς
3394 883 3489 936 καὶ
3514 884 3719 953 ἀναπήο

2156 992 2299 1046 ρους,
2344 977 2469 1038 τοὺς
2504 976 2766 1046 μηδαμῶς
2803 976 3314 1047 παραιτησαμένους
3360 976 3459 1045 τῆν
3503 974 3713 1046 κλῆσιν,

2150 1067 2235 1120 διὰ
2258 1068 2317 1120 τὸ
2344 1070 2481 1138 μήτε
2509 1068 2819 1139 ἀγοράζειν,
2858 1069 2990 1139 μήτε
3011 1069 3360 1138 πιπράσκειν,
3392 1069 3527 1137 μήτε
3556 1068 3718 1137 γάμῳ

2153 1160 2449 1230 σχολάζειν,
2485 1159 2609 1229 μήθ’
2639 1160 2727 1227 ὑφ’
2768 1160 2969 1230 ἐτέρων
3008 1158 3170 1211 τινῶν
3207 1158 3463 1211 τοιούτων
3502 1158 3714 1229 περιέλ-

2150 1252 2357 1316 κεσθαι,
2393 1251 2683 1321 προθύμως
2712 1251 2767 1304 δὲ
2805 1253 2896 1304 καὶ
2935 1250 3165 1321 ἑτοίμως
3198 1251 3583 1321 καταδέχεσθαι
3615 1252 3715 1323 τὴν
3792 1290 3797 1295 ς

2150 1342 2327 1413 χάριν·
2358 1340 2449 1403 οὒς
2481 1342 2509 1392 ὁ
2544 1340 2774 1403 καλέσας
2803 1339 3016 1411 πρῶτον
3042 1341 3141 1411 μὲν
3167 1341 3335 1408 ὑγιεῖς
3363 1343 3711 1411 καταστήσει,

2149 1430 2259 1497 οἷός
2291 1451 2349 1485 τε
2378 1433 2451 1486 ῶν
2485 1433 2679 1505 ῥαδίως
2713 1435 2891 1485 πᾶσαν
2923 1434 3074 1486 νόσον
3105 1434 3199 1486 καὶ
3229 1435 3406 1485 πᾶσαν
3445 1434 3715 1503 μαλακίαν

2151 1526 2489 1597 θεραπεύειν·
2528 1525 2734 1589 ἔπειτα,
2773 1536 2879 1578 etc.
2918 1524 2996 1594 (ut
3022 1525 3123 1577 col.
3148 1525 3296 1590 575).
3330 1518 3425 1576 Ὦν
3462 1524 3716 1581 ἁπάντων

2151 1618 2446 1687 ἐστέρησαν
2477 1617 2699 1678 ἑαυτοὺς
2727 1617 2774 1667 οἱ
2803 1615 3287 1685 παραιτησάμενοι,
3312 1616 3408 1685 τῆς
3452 1614 3716 1667 Ἰουδαίων

2154 1708 2471 1777 συναγωγῆς
2500 1710 2547 1759 οἱ
2581 1708 2853 1777 ἄρχοντες·
2894 1708 3009 1773 μεθ’
3045 1708 3136 1770 οὓς
3171 1709 3203 1777 ἡ
3235 1706 3441 1777 πληθὺς
3474 1710 3714 1779 ὑπήκους

2154 1818 2264 1863 σεν,
2304 1801 2379 1863 ὡς
2425 1800 2704 1862 πλατείαις
2739 1799 2942 1861 πόλεως
2978 1801 3043 1868 τῇ
3081 1799 3219 1851 κατά
3266 1799 3427 1868 νόμον
3474 1800 3716 1871 πολιτεία⁵

2152 1891 2319 1955 ζῶσα.
2349 1924 2414 1931 -
2438 1892 2589 1961 Τάχα
2611 1890 2666 1943 δὲ
2688 1889 2777 1941 διά
2803 1889 3003 1941 τούτων
3032 1890 3155 1952 τοὺς
3177 1888 3235 1953 ἐξ
3262 1889 3429 1941 ἐθνῶν
3452 1892 3713 1960 ᾐνίττετο,

2150 1985 2226 2055 τῷ
2270 1983 2449 2037 ,αὐτοῦ
2506 1984 2647 2052 λόγῳ
2699 1982 2975 2052 προσιέναι
3028 1980 3333 2050 μέλλοντας.
3388 1980 3629 2035 Τοιοῦτοι
3660 1984 3716 2037 δὲ

2153 2077 2397 2147 ὑπῆρχον
2424 2078 2471 2128 οί
2493 2077 2621 2146 πρὶν
2649 2074 3027 2144 εἰδωλολάτραι
3051 2072 3154 2124 ὑπὸ
3176 2072 3442 2143 δαιμόνων
3468 2076 3716 2146 πονηριῖιν

2150 2167 2247 2230 τὰς
2277 2166 2452 2236 ψυχὰς
2492 2166 2875 2235 λελωϐημένον
2925 2163 3018 2226 οὓς
3051 2162 3356 2226 ἀκολούθως
3380 2167 3444 2233 τῇ
3476 2166 3714 2233 ἐπαγγε-

2150 2260 2239 2330 λία
2270 2258 2662 2329 ὑποδεξάμενος
2689 2261 2717 2310 ὁ
2750 2256 3035 2326 ἑστιάτωρ,
3070 2254 3262 2325 πρῶτα
3296 2256 3393 2324 μὲν
3426 2255 3594 2319 σώους
3622 2260 3714 2310 καὶ

2152 2353 2319 2419 ὑγιεῖς
2364 2352 2819 2420 ἀποκαταστήσει,
2860 2350 3076 2414 ἀνοίξας
3123 2346 3338 2414 τυφλῶν
3382 2347 3710 2418 ὀφθαλμοὺς,

2152 2444 2330 2496 πᾶσάν
2352 2460 2411 2496 τε
2436 2444 2588 2495 νόσον
2608 2444 2701 2496 καὶ
2721 2444 2901 2495 πᾶσαν
2922 2445 3190 2514 μαλακίαν
3206 2445 3312 2499 τῶν
3331 2442 3513 2512 ψυχῶν
3534 2442 3713 2496 αὐτῶν

2154 2534 2461 2604 ἰασάμενος·
2490 2534 2677 2585 ἔπειτα
2710 2533 2769 2585 τὸ
2799 2535 3164 2603 πνευματικὸν
3196 2536 3377 2597 αὐτοῖς
3407 2532 3714 2604 παραθήσει

2151 2626 2383 2679 δεῖπνον.
2413 2626 2627 2696 Πρῶτοι
2666 2626 2761 2695 μὲν
2794 2622 2885 2678 οὖν
2914 2626 3216 2697 ἐκλήθησαν
3236 2628 3281 2679 οἱ
3310 2628 3372 2678 ἐκ
3394 2624 3713 2696 περιτομῆς,

2149 2720 2197 2772 οἳ
2234 2720 2325 2774 καὶ
2356 2720 2453 2789 τὴν
2488 2720 2644 2790 χάριν
2674 2718 3029 2790 καθύῦρισαν·
3068 2718 3389 2787 δεύτεροιδέ
3425 2719 3540 2787 μετ’
3575 2717 3715 2768 ἐκεί-

2150 2830 2271 2876 νους
2298 2815 2345 2865 οἱ
2368 2814 2429 2865 ὲκ
2450 2812 2556 2865 τῶν
2582 2813 2891 2880 ἀλλοφύλων
2914 2813 3101 2871 ἐθνῶν,
3129 2814 3177 2864 οἱ
3206 2812 3332 2884 πρὶν
3358 2810 3457 2873 τάς
3480 2792 3727 2870 διανοίας

2149 2906 2335 2974 τυσλοὶ
2378 2907 2469 2958 καὶ
2514 2906 2779 2976 ἀνάπηροι
2826 2906 2917 2957 καὶ
2953 2904 3113 2973 χωλοὶ
3147 2904 3241 2956 καὶ
3289 2904 3479 2971 κωφοὶ,
3528 2903 3578 2954 οἳ
3622 2902 3718 2953 καὶ

2154 3000 2442 3071 προθύμως
2490 3000 2821 3069 ὑπήκουσαν·
2878 2993 2984 3050 εἶεν
3022 2998 3065 3051 δ’
3102 2998 3165 3051 ἂν
3210 3000 3266 3050 ἐν
3297 2996 3575 3058 πλατείαις
3615 2995 3714 3063 μὲν

482 3095 608 3147 tiam
643 3089 880 3159 quolibet
909 3097 1165 3157 praetextu
1196 3087 1388 3140 velant.
1430 3084 1863 3152 lieliquidemum
1889 3082 2046 3135 tertio

2150 3090 2195 3140 oi
2232 3089 2328 3159 τὴν
2357 3088 2661 3160 εὐρύχωρον
2688 3089 2786 3158 τῆς
2816 3088 3085 3150 ἀπωλείας
3116 3088 3230 3141 ὁδὸν
3267 3088 3591 3158 βαδίζοντες,
3621 3087 3713 3139 καὶ

480 3184 598 3239 loco
638 3185 703 3237 de
746 3183 847 3234 viis
884 3181 1221 3249 swpibusque
1267 3177 1475 3239 vocati,
1521 3178 1714 3230 animae
1762 3175 1812 3229 in
1864 3175 2047 3229 inferis

479 3278 730 3331 detentae.
795 3273 960 3327 Multa
1027 3272 1172 3326 enim
1234 3278 1358 3324 sunt
1402 3268 1611 3322 illarum
1694 3268 1883 3320 it-inera
1929 3281 2049 3335 qua:

482 3370 608 3423 hinc
670 3368 868 3421 abeunt
924 3364 1118 3435 quibus
1169 3373 1290 3431 post
1363 3361 1605 3430 corporis
1662 3359 2047 3429 depositionem

482 3460 792 3527 praedicavit
840 3456 1118 3510 Servator.
1150 3455 1453 3509 Clementer
1502 3468 1628 3507 vero
1658 3452 1721 3506 iis
1752 3454 1915 3505 etiam
1956 3466 2049 3505 ne-

482 3548 787 3604 cessitatem
818 3546 1066 3614 imponit,
1093 3546 1181 3615 qui
1216 3544 1448 3597 nondum
1495 3558 1588 3597 sua
1630 3542 1902 3595 voluntate
1944 3556 2051 3594 m0-

480 3648 697 3693 vcntur.
727 3637 878 3692 Talis
912 3648 992 3692 est
1016 3653 1167 3695 cinna
1201 3653 1319 3704 qua:
1357 3636 1442 3689 hic
1471 3636 1710 3689 invitatis
1736 3644 1918 3703 parata
1944 3644 2045 3687 est.

482 3730 641 3787 Tales
669 3732 829 3785 etiam
870 3731 1069 3792 vocati,
1100 3744 1329 3797 quorum
1381 3728 1469 3781 alii
1501 3739 1869 3788 contumaces,
1903 3728 2049 3780 ideo-

480 3840 585 3895 que
610 3824 815 3894 jejuni;
848 3824 934 3875 alii
968 3823 1240 3891 morigeri,
1274 3821 1500 3888 ideoque
1549 3820 1789 3872 admissi.
1816 3819 1891 3871 Tu
1922 3834 2047 3872 vero

483 3915 609 3970 mihi
638 3917 760 3969 hinc
789 3924 1019 3968 mentem
1053 3913 1301 3975 transfer,
1321 3923 1429 3967 etc.
1462 3910 1609 3964 Beati
1638 3927 1764 3980 ergo
1785 3912 1875 3979 qui
1907 3928 2048 3965 nunc

483 4009 731 4081 esuriunt
776 4016 831 4060 et
863 4007 1051 4059 sitiunt
1092 4005 1377 4071 justitiam,
1409 4004 1532 4072 quia
1564 4014 1687 4057 tunc
1724 4006 2046 4057 saturabun-

485 4110 593 4164 tur,
623 4114 775 4154 caena
810 4096 955 4166 regia
1002 4096 1303 4165 epulantes,
1330 4105 1382 4149 et
1418 4096 1542 4148 vita:
1589 4109 1777 4163 panem
1825 4097 2046 4164 partici-

372 4242 387 4257 \
482 4202 693 4256 pantes,
743 4191 973 4258 novique
1019 4189 1205 4242 calicis
1271 4187 1533 4240 laetitiam.
1580 4187 1816 4253 Quarum
1868 4204 2045 4241 rerum

482 4284 721 4357 symbola
774 4290 899 4335 ante
957 4282 1261 4350 passionem
1304 4294 1567 4349 peragens
1597 4278 1889 4333 Servator:
1925 4277 2048 4333 Non

484 4376 675 4438 bibant,
705 4374 897 4442 inquit.
933 4372 1120 4424 amado
1152 4386 1219 4424 ex
1244 4372 1340 4423 hoc
1364 4372 1621 4440 genimine
1660 4372 1779 4424 vitia
1806 4388 1964 4441 usque
1993 4373 2046 4424 in

2153 3180 2391 3247 βιοῦντες
2418 3180 2540 3233 ἄνευ
2575 3180 2792 3249 διδαχῆς
2820 3180 2913 3231 καὶ
2945 3179 3258 3249 δογμάτων·
3302 3180 3359 3230 ἐν
3403 3178 3460 3231 δὲ
3495 3177 3712 3246 ῥύμαις.

2150 3273 2198 3324 οί
2250 3271 2621 3333 συστέλλοντες
2658 3271 2752 3344 τὴν
2802 3272 2997 3323 κακίαν
3038 3272 3125 3342 οἶα
3165 3271 3361 3341 δήποτε
3416 3270 3709 3341 προφάσει·

2150 3364 2197 3415 οἱ
2223 3364 2275 3415 δὲ
2308 3364 2500 3423 λοιποὶ,
2548 3366 2593 3415 οἱ
2633 3364 2689 3428 ἐξ
2722 3364 2961 3432 ἐσχάτων
2996 3364 3103 3416 ἀπὸ
3142 3362 3248 3414 τῶν
3285 3362 3419 3415 ὁδῶν
3449 3363 3543 3415 καὶ
3573 3378 3712 3432 φρα-

2150 3456 2305 3525 γμῶν
2348 3455 2665 3525 καλούμενοι
2710 3457 2902 3526 τρίτοι,
2936 3456 2992 3509 αἱ
3040 3456 3094 3506 ἐν
3129 3455 3252 3525 ᾅδου
3291 3454 3479 3527 ψυχαί·
3526 3454 3714 3507 πολλαὶ

2150 3548 2257 3619 γὰρ
2296 3549 2403 3601 ὁδοὶ
2449 3551 2555 3601 τῶν
2591 3548 2909 3612 ἐξελθόντων
2951 3549 3041 3601 τὸν
3077 3550 3189 3619 βίον
3222 3549 3427 3602 τοῦτον·
3463 3544 3551 3611 αἷς
3582 3550 3714 3619 ἐκή-

2152 3641 2275 3710 ρυξε
2310 3639 2445 3709 μετὰ
2478 3641 2573 3710 τὴν
2607 3640 2862 3693 ἀπόθεσιν
2890 3640 2984 3693 τοῦ
3024 3639 3271 3710 σώματος
3302 3644 3329 3694 ὁ
3371 3641 3591 3713 Σωτήρ·
3629 3657 3714 3709 φι-

2149 3732 2483 3803 λανθρώπως
2519 3733 2561 3784 δ’
2605 3734 2849 3804 ἀνάγκην
2882 3734 3144 3804 προσάγει
3174 3737 3286 3796 τοίς
3317 3732 3498 3786 οὐκέτι
3527 3732 3713 3798 αὐτεξο

2152 3827 2370 3889 ουσίοις.
2407 3826 2653 3881 Τοιοῦτον
2690 3828 2785 3897 μὲν
2815 3827 2878 3897 δὴ
2924 3828 2981 3880 τὸ
3018 3826 3250 3890 δεῖπνον,
3293 3828 3429 3897 ὅπερ
3483 3823 3715 3879 ἐνταῦθα

2148 3921 2258 3981 τοῖς
2287 3919 2598 3990 δαιτυμόσιν
2628 3921 2970 3991 ἡτοίμασται·
3000 3921 3093 3975 καὶ
3123 3920 3350 3973 τοιοῦτοί
3376 3936 3519 3983 τινες
3538 3921 3586 3971 οἱ
3617 3935 3716 3970 κα-

2148 4010 2416 4079 λούμενοι,
2441 4013 2486 4064 οἱ
2516 4013 2613 4084 μὲν
2642 4012 2905 4075 ἀπειθεῖς,
2936 4014 3028 4065 καὶ
3056 4013 3142 4065 διὰ
3174 4012 3329 4065 τοῦτο
3356 4012 3713 4083 ἀπομένοντες

2149 4101 2399 4171 ἄγευστοι
2424 4119 2437 4131 ·
2474 4105 2521 4155 οἱ
2558 4102 2613 4154 δὲ
2650 4103 2942 4167 εὐπειθεῖς,
2974 4106 3066 4157 καὶ
3096 4104 3184 4157 ’διά
3213 4105 3367 4157 τοῦτο
3398 4104 3713 4176 προλαμϐα-

2148 4195 2379 4265 νόμενοι.
2415 4196 2486 4249 Σὺ
2524 4196 2579 4248 δέ
2615 4213 2703 4265 μοι
2736 4194 2979 4248 ἐντεῦθεν
3010 4195 3217 4266 μετάόα
3258 4200 3325 4267 τῇ
3351 4196 3578 4268 διανοίᾳ,
3606 4204 3709 4251 etc.

2150 4284 2348 4355 (utcol.
2367 4285 2513 4357 579.).
2534 4288 2807 4357 Μακάριοι
2839 4286 3048 4354 γοῦνόἶ
3077 4286 3170 4339 νῦν
3203 4288 3490 4352 πεινῶντες
3518 4287 3609 4342 καὶ
3633 4287 3712 4339 δι-

2147 4376 2354 4445 ψῶντες
2374 4378 2471 4448 τὴν
2492 4378 2851 4448 δικαιοσύνην,
2870 4381 2949 4433 ὅτι
2973 4380 3091 4437 τότε
3118 4380 3597 4451 χορτασθήσονται,
3619 4378 3713 4432 τοῦ

482 4469 618 4521 diem
650 4439 823 4529 illuni,
855 4482 957 4533 quo
986 4464 1117 4516 illud
1155 4439 1414 4517 vobiscum
1445 4479 1627 4515 novum
1678 4465 1848 4517 bibam
1880 4439 1933 4517 in
1966 4481 2044 4518 re-

2150 4439 2361 4520 δείπνου
2389 4439 2479 4520 τδῦ
2514 4439 2800 4541 βασιλικοῦ.
2824 4439 3215 4543 ἐμφορούμενδι
3250 4472 3341 4524 καὶ
3372 4439 3716 4542 μεταλαμῦά-

482 4575 582 4630 gno
613 4556 791 4613 Patria
826 4558 923 4611 mei
950 4557 1017 4609 '°.
1044 4556 1205 4611 Plena
1236 4567 1316 4610 est
1347 4559 1604 4610 bonarum
1632 4572 1811 4610 rerum
1839 4574 2041 4623 mensa,

483 4669 587 4721 qua
622 4662 909 4706 vescentur
948 4652 980 4703 ii
1017 4651 1335 4718 quibuscum
1377 4649 1552 4703 [trdus
1596 4650 1879 4719 disposnit,
1927 4668 2045 4719 pro-

484 4753 665 4814 pterea
702 4744 841 4813 quod
872 4759 1053 4797 secum
1101 4744 1151 4797 in
1206 4742 1591 4799 tentatiouibus
1630 4743 2042 4810 permanserint,

483 4844 542 4890 ut
585 4837 908 4904 manducent
949 4852 1013 4889 ac
1052 4836 1239 4890 bibant
1281 4835 1332 4888 in
1368 4850 1552 4888 mensa
1600 4834 1736 4903 ejus,
1772 4849 1908 4903 pane
1935 4849 2045 4890 οω-

2147 4577 2327 4637 νοντες
2356 4560 2447 4613 τοῦ
2488 4562 2651 4634 ἄρτου
2685 4562 2782 4630 τῆς
2812 4563 2975 4632 ζωῆς,
3007 4564 3097 4616 καὶ
3125 4564 3223 4632 τῆς
3261 4564 3597 4635 εὐφροσύνης
3620 4563 3715 4617 τοῦ

2149 4653 2333 4707 καινοῦ
2370 4654 2644 4724 ποτηρίου.
2679 4647 2778 4707 Ὧν
2806 4655 2874 4707 τὰ
2910 4654 3153 4725 σύμϐολα
3186 4656 3448 4709 ἐπιτελῶν
3480 4655 3585 4728 πρὸ
3620 4654 3713 4707 τοῦ

2146 4745 2347 4809 πάθους
2379 4749 2406 4798 ὁ
2444 4747 2651 4817 Σωτὴρ,
2700 4749 2780 4800 Οὐ
2829 4747 2914 4816 μὴ
2967 4749 3100 4811 πίω,
3150 4748 3275 4818 ἔφη,
3322 4749 3425 4803 ἀπ’
3471 4747 3599 4815 ἄρτι
3646 4748 3714 4798 ἐκ

2145 4840 2359 4891 τούτου
2381 4837 2485 4890 τοῦ
2509 4839 2877 4907 γεννήματος
2892 4839 3001 4907 τῆς
3022 4839 3291 4910 ἀμπέλου
3311 4840 3420 4909 ἕως
3442 4839 3549 4907 τῆς
3575 4836 3714 4906 ἠμέ-

482 4928 601 4984 lesti
654 4929 953 4981 animarum
986 4935 1295 4980 sanctarum
1343 4928 1604 4978 uutritore
1642 4926 1794 4994 pasti,
1837 4926 2045 4979 viuum-

2150 4950 2251 4999 ρας
2290 4932 2544 4998 ἐκείνης,
2580 4931 2726 4985 ὅταν
2773 4932 2918 4985 αὐτὸ
2951 4934 3101 4986 πίνω
3138 4934 3264 5003 μεθ’
3302 4933 3467 5003 ὑμῶν
3504 4932 3715 4986 καινὸν

480 5021 778 5094 queluovi
848 5020 1135 5089 geniminis
1203 5033 1343 5073 vera:
1413 5018 1537 5072 vitis
1608 5019 2041 5088 participantcs,

486 5131 645 5186 quam
679 5114 793 5183 ipse
818 5113 1057 5167 omnium
1100 5112 1238 5166 Deus
1274 5127 1335 5165 ac
1369 5120 1520 5179 pater
1546 5111 1815 5176 excoleris,
1846 5130 2041 5168 novum

482 5222 547 5259 ex
577 5208 688 5274 ipsa
720 5206 951 5259 fructum
987 5204 1168 5273 dignis
1204 5204 1527 5271 propinabit.

2144 5030 2212 5080 ἐν
2239 5026 2311 5092 τῇ
2345 5027 2629 5093 ,ϐασιλείᾳ
2653 5026 2760 5078 τοῦ
2796 5024 3024 5092 Πατρύς
3056 5025 3219 5094 ἐμοῦ·
3256 5025 3469 5097 πλήρης
3496 5024 3714 5092 ἀγαθῶν

2148 5120 2410 5189 τράπεζα,
2443 5116 2509 5190 ἦς
2541 5118 2939 5189 μεταλήψονται
2966 5111 3046 5181 οἷς
3070 5116 3166 5187 τὴν
3200 5118 3466 5188 διαθήκην
3491 5115 3713 5172 διέθετο.

2148 5210 2233 5266 διὰ
2261 5210 2321 5263 τὸ
2363 5209 2724 5281 μεμενηκέναι
2762 5210 2876 5279 μετ’
2912 5207 3077 5263 αὐτοῦ
3110 5210 3167 5261 ἐν
3199 5211 3309 5271 τοῖς
3361 5209 3710 5283 πειρασμοῖς,

484 5298 551 5355 ἶν’
582 5298 801 5352 ἐσθίωσι
831 5300 925 5354 καὶ
974 5298 1197 5351 πίνωσιν
1244 5295 1336 5349 ἐπὶ
1375 5296 1474 5364 τῆς
1519 5296 1792 5367 τραπέζης
1842 5300 2024 5365 αὐτοῦ,
2082 5305 2230 5375 ἄρτῳ
2280 5302 2377 5371 μὲν
2416 5303 2649 5372 οὐρανίῳ
2678 5302 2865 5372 ψυχῶν
2896 5305 3064 5371 ἁγίων
3124 5300 3398 5371 θρεπτικῷ
3443 5306 3715 5375 τραφησο-

488 5410 660 5465 μενοι,
698 5390 843 5445 οἴνου
877 5392 933 5444 δὲ
975 5390 1070 5445 τοῦ
1117 5388 1302 5444 καινοῦ
1331 5389 1665 5459 γεννήματος
1696 5389 1791 5458 τῆς
1820 5391 2073 5464 ἀληθινῆς
2104 5392 2351 5474 ἀμπέλου
2394 5392 2846 5464 μεταληψόμενοι,
2885 5394 2952 5464 ἢν
2985 5392 3143 5454 αὐτὸς
3169 5393 3197 5443 ὁ
3228 5391 3337 5445 τῶν
3394 5391 3531 5450 ὅλων
3584 5389 3713 5452 Θεὸς

483 5488 578 5542 καὶ
603 5484 793 5556 Πατὴρ
814 5483 1073 5556 γεωργῶν
1102 5485 1161 5539 τὸ
1185 5484 1367 5537 καινὸν
1386 5483 1443 5549 ἐξ
1472 5484 1639 5555 αὐτῆς
1658 5484 1899 5557 γέννημα
1924 5491 2035 5553 τοῖς
2060 5490 2179 5545 τότε
2205 5487 2372 5554 ἀξίοις
2400 5488 2641 5562 παρέξει.

623 5579 665 5610 ²¹
694 5577 849 5643 Quod
876 5576 922 5629 si
956 5578 1008 5629 in
1032 5588 1079 5629 te
1111 5579 1396 5645 peccaverit
1425 5578 1589 5645 frater
1622 5586 1765 5630 tuus.

554 5670 653 5728 llic
681 5668 795 5723 vult
824 5684 939 5734 eos,
977 5669 1067 5738 qui
1119 5668 1331 5738 injuriis
1377 5668 1608 5722 lacessiti
1648 5670 1883 5739 fuerunt,
1913 5686 2041 5744 erga

556 5768 603 5801 ὀ
642 5765 833 5821 Matth.
863 5780 1014 5831 xxvi,
1053 5762 1143 5817 29.
1243 5764 1285 5794 ἰ
1316 5763 1444 5819 Luc.
1484 5780 1614 5832 xvii,
1640 5766 1691 5819 5.

2323 5582 2465 5635 Ἐὰν
2495 5581 2563 5634 δὲ
2594 5580 2822 5650 ἁμάρτῃ
2851 5582 2937 5645 εις
2964 5579 3038 5633 σὲ
3070 5582 3102 5633 o'
3130 5578 3390 5649 ἁδελφός
3419 5596 3555 5633 σου.

2234 5672 2493 5729 Ἐνταῦθα
2537 5674 2662 5736 τούς
2690 5675 2745 5726 ὲν
2792 5674 3041 5745 προκοπῇ
3076 5672 3401 5747 γενομένους
3433 5687 3719 5747 συγχωρησ-
