4108 6204
335 287 422 343 581
1512 288 1849 345 COMMENT
1864 292 1901 345 Α

2016 320 2026 344 ι
2068 292 2131 346 ΙΝ
2171 292 2426 350 LUCAM.

3489 305 3595 361 582

334 404 516 467 τικοὺς
552 398 696 456 εἶναι
730 404 840 467 τοῖς
869 404 1124 457 πταίουσι
1158 404 1427 475 βούλεται,
1461 405 1782 477 Θεραπεῦων
1816 408 1911 461 δει·

2024 408 2319 465 oﬂ'eusores
2358 425 2488 466 suos
2518 411 2902 481 indulgentiam
2938 429 3260 484 expromere
3296 428 3595 489 :sanatque

338 501 427 571 ιὴν
455 498 616 553 νόσον
640 500 697 550 ὲν
722 498 904 560 αὐτοῖς
932 496 1191 560 πολλάκις
1232 498 1605 567 ἐμφυομένην,
1634 500 1913 552 ἐκκόπτων

330 593 432 662 τὴν
481 591 625 645 κατά
660 589 765 643 τῶν
793 589 1094 642 πταιόντων
1125 591 1424 659 ἀποτομήν.
1474 590 1914 661 Κατεπαίρεσθαι

335 683 469 754 γοῦν
501 681 788 750 εἰώθαμεν,
823 680 899 742 ώς
932 681 1069 750 μήτε
1112 679 1487 750 παρακλήσεις
1522 680 1628 732 τῶν
1668 683 1917 751 ἡμαρτη-

337 779 533 838 κότων,
561 764 703 845 μήτε
718 773 822 826 τῶν
847 774 987 843 ὑπὲρ
1010 773 1185 825 αὐτῶν
1204 774 1610 843 πρεσϐευόντων
1640 777 1915 845 ἱκετηρίας

348 868 754 942 παραδέχεσθαι·
797 866 932 937 μηδὲ
981 866 1086 936 μὴν
1138 864 1551 931 ὑπολογίζεσθαι
1588 866 1687 917 ὅσα
1718 865 1780 935 δὴ
1822 866 1915 918 καὶ

353 962 493 1014 tato}.
536 961 582 1013 οί
616 958 889 1026 ἄνθρωποι
940 957 1222 1018 πταίοντες
1260 954 1587 1026 συγγνώμης
1629 956 1727 1025 τῆς
1764 955 1913 1025 παρὰ

352 1052 433 1107 ςοῦ
465 1051 693 1123 μεγάλου
735 1048 922 1120 κριτοῦ
962 1038 1213 1117 δεόμεθά.
1256 1047 1491 1108 Εἰκότως
1521 1042 1613 1099 οῦν
1660 1040 1807 1116 παρὰ
1837 1044 1915 1115 τῷ

342 1144 594 1214 σεσιίατθαίῳ
634 1142 729 1196 καὶ
755 1144 820 1212 τῇ
854 1140 1133 1211 παραϐολῇ
1168 1140 1455 1211 κέχρηται,
1482 1142 1540 1192 ὲν
1640 1140 1912 1208 ὀφειλέται

368 1238 660 1306 ίσάγονται,
712 1236 742 1286 ό
797 1234 892 1304 μὲν
940 1232 1108 1303 μυρία
1152 1232 1387 1285 τάλαντα
1435 1232 1683 1300 ὀφείλων,
1733 1231 1768 1284 ἃ
1821 1230 1915 1283 καὶ

350 1329 533 1401 ,φείθη
562 1327 710 1397 αὐτῷ
748 1326 1123 1397 προσπεσόντι·
1160 1328 1187 1378 ὁ
1230 1324 1285 1378 δὲ
1316 1325 1506 1377 ἑκατὸν
1536 1323 1783 1397 δηνάρια,
1829 1325 1913 1391 ἐφ’

350 1418 414 1487 ιῖς
448 1423 785 1489 ἀπεπνίγετο
818 1418 965 1490 παρά
993 1418 1086 1471 τοῦ
1120 1417 1412 1485 ἀφεθέντος
1438 1416 1505 1469 τὰ
1540 1416 1709 1468 πολλά
1734 1418 1913 1468 ἐκεῖνα

354 1514 589 1567 άλαντα.
618 1502 696 1564 At’
723 1508 791 1583 ἦς
819 1511 1077 1572 διδάσκει,
1111 1511 1192 1562 ὃτι
1242 1509 1314 1579 μὴ
1352 1509 1526 1571 ἄλλως
1550 1512 1730 1578 τυχεῖν
1760 1508 1911 1560 δυνα-

345 1602 425 1656 εόν
452 1605 569 1655 ἐστι
598 1601 697 1671 τῆς
726 1600 1015 1670 βασιλείας,
1048 1599 1148 1652 κᾶν
1175 1598 1343 1652 πολλά
1364 1616 1444 1661 τις
1472 1598 1809 1669 κατορθώσῃ,
1839 1598 1913 1668 μὴ

346 1698 427 1749 έὸν
464 1695 666 1764 ἀγαθὸν
690 1694 821 1747 Θεὸν
857 1694 1233 1765 μιμησάμενος
1264 1692 1402 1744 κατά
1428 1691 1485 1743 τὸ
1515 1692 1910 1761 ἀμνησίκακον·

2023 500 2197 553 dirum
2252 500 2494 554 morbum
2542 516 2915 567 saepenumero
2969 504 3175 559 illorum
3212 508 3407 562 animis
3445 510 3594 567 inna-

2021 601 2283 656 scentem,
2312 600 2473 660 atque
2498 592 2679 645 odium
2709 609 2814 662 quo
2830 595 2931 648 sibi
2964 597 3233 652 maleﬁcos
3263 615 3597 671 prosequun-

2019 693 2106 736 tur
2140 694 2367 741 resecat.
2421 686 2627 756 Quippe
2672 690 2806 741 adeo
2862 690 3178 743 exacerbari
3235 691 3494 757 solemus,
3539 710 3598 754 ut

2018 792 2190 843 neque
2238 782 2579 846 peccantium
2633 782 3062 845 obtestationes,
3104 799 3277 851 neque
3324 785 3598 853 supplices

2019 867 2442 921 intercessorum
2494 887 2683 937 preces
2729 874 3093 935 admittamus,
3154 890 3328 940 neque
3382 887 3599 946 repute-

2019 975 2139 1013 mus
2189 973 2390 1024 quanta
2445 973 2497 1015 et
2550 979 2647 1017 nos
2698 967 2945 1018 humanae
3004 967 3334 1021 conditionis
3376 979 3595 1036 peccata

2019 1053 2223 1119 ignosci
2268 1054 2423 1107 nobis
2463 1070 2489 1106 a
2526 1071 2719 1124 magno
2742 1055 2923 1122 judice
2955 1073 3228 1126 egeamus.
3262 1060 3401 1128 Apte
3435 1060 3598 1129 igitur

2016 1143 2152 1211 apud
2181 1144 2483 1199 Mattbaaum
2507 1149 2551 1179 ”
2581 1150 2835 1215 parat-uola
2879 1148 3139 1203 Servator
3192 1151 3381 1213 utitur,
3416 1152 3465 1204 in
3488 1166 3593 1219 qua

2018 1237 2296 1292 debitores
2320 1240 2746 1297 introducuntur
2776 1260 3006 1312 quorum
3042 1244 3181 1297 alter
3207 1244 3391 1298 decem
3424 1244 3595 1299 millia

2018 1329 2341 1383 talentorum
2388 1332 2636 1395 debebat,
2684 1349 2804 1402 qua:
2858 1335 2958 1404 ipsi
3012 1334 3238 1402 supplici
3294 1336 3595 1390 condonata

2018 1418 2200 1485 fuere;
2238 1425 2372 1474 alter
2405 1435 2581 1475 autem
2608 1434 2822 1477 centum
2872 1425 3143 1489 denarios,
3170 1441 3399 1494 quorum
3433 1442 3593 1481 causa

2017 1511 2384 1564 suﬂ'ocabatur
2430 1515 2495 1565 ab
2532 1529 2616 1575 eo,
2661 1515 2746 1567 cui
2782 1524 2962 1567 tantus
3000 1516 3087 1569 ille
3130 1517 3453 1571 talentorum
3495 1536 3597 1572 nu—

2022 1618 2204 1655 merus
2250 1605 2511 1658 remissus
2552 1604 2747 1658 fuerat.
2779 1611 2891 1671 Qua
2936 1607 3193 1673 parabola
3242 1609 3419 1672 docet,
3454 1611 3595 1665 haud

2024 1693 2193 1747 licere
2246 1710 2470 1763 regnum
2524 1698 2773 1763 adipisci,
2828 1712 3136 1766 quanquam
3188 1700 3387 1768 alioqui
3430 1703 3594 1756 multa

339 1789 639 1860 ,πειδήπερ
672 1790 704 1859 ὴ
744 1786 1006 1857 βασιλεία,
1035 1786 1209 1857 κρίσει
1251 1786 1376 1848 τοὺς
1406 1782 1587 1847 ἀξίους
1619 1783 1911 1853 παραδεχο-

2022 1795 2165 1837 recte
2188 1784 2385 1852 aliquis
2419 1786 2626 1849 fecerit,
2666 1788 2766 1841 nisi
2807 1788 2898 1841 Dei
2933 1789 3226 1843 bonitatem
3271 1791 3592 1858 iniuriarum

339 1882 496 1953 μένη,
526 1883 653 1944 τοὺς
686 1879 758 1951 μὴ
802 1872 1244 1951 συγχωρητικοὺς
1287 1877 1379 1929 καὶ
1423 1876 1514 1928 τὸν
1562 1873 1762 1942 ἀγαθὸν
1806 1873 1914 1925 τῶν

334 1974 471 2027 ὅλων
517 1972 708 2045 κριτὴν
741 1972 881 2025 κατά
924 1970 1081 2023 τοῦτο
1111 1969 1476 2040 μιμουμένους
1519 1967 1577 2019 οῦ
1626 1965 1916 2037 παραδέχε-

335 2085 444 2121 ται.
476 2067 552 2119 Οὑ
582 2066 691 2136 γὰρ
715 2064 779 2118 ἂν
812 2063 924 2134 ἔχει
952 2080 1035 2127 τις
1062 2064 1233 2115 εἰπεῖν
1262 2060 1496 2113 τοσαῦτά
1519 2075 1638 2112 τινα
1664 2057 1916 2128 πεπλημ-

343 2160 637 2232 μεληκέναι
670 2160 749 2221 εἰς
775 2158 985 2218 ἑαυτὸν,
1011 2158 1109 2209 ὅσα
1136 2172 1242 2226 περ
1287 2154 1444 2217 αὐτὸς
1466 2154 1555 2205 τὸν
1582 2152 1759 2204 πάντα
1784 2151 1912 2220 χρό-

338 2270 426 2306 νον
445 2253 542 2322 τῆς
563 2251 726 2304 αὐτοῦ
749 2251 890 2322 ζωῆς
907 2249 1056 2321 παρά
1078 2250 1139 2301 τὸ
1163 2248 1405 2319 βούλημα
1426 2246 1517 2299 τοῦ
1541 2244 1675 2297 Θεοῦ
1704 2243 1913 2316 πράξας

344 2338 621 2414 ὕφειλέτης
645 2343 779 2396 ὲστί·
810 2342 939 2395 ποτὲ
967 2342 1063 2412 μὲν
1088 2340 1197 2411 γὰρ
1219 2340 1307 2393 διά
1326 2338 1417 2391 τοῦ
1440 2338 1598 2405 λόγου
1623 2336 1909 2406 πταίομεν,

338 2438 466 2490 ποτὲ
500 2437 555 2489 δὲ
596 2436 662 2489 δι’
695 2435 933 2506 αἰσχρῶν
967 2435 1059 2487 καὶ
1105 2432 1354 2503 πονηρῶν
1390 2428 1820 2501 ἐπιθυμημάτων
1854 2445 1912 2480 τε

336 2533 431 2585 καὶ
481 2529 753 2602 πράξεων.
802 2528 950 2599 Πλὴν
990 2528 1139 2597 ὅμως
1190 2524 1428 2578 τοσαῦτα
1461 2523 1764 2583 πταίοντες,
1812 2521 1913 2573 οὐκ

336 2620 779 2691 ἀπογινώσκομεν
804 2620 901 2682 τὰς
926 2617 1076 2688 παρά
1104 2617 1181 2687 τῷ
1210 2616 1328 2687 Θεῷ
1354 2615 1589 2677 ἐλπίδας,
1617 2614 1704 2667 διὰ
1729 2613 1789 2665 τὸ
1828 2630 1913 2680 φι-

334 2709 651 2781 λάνθρωπον
680 2709 773 2761 καὶ
798 2706 1117 2771 ἀνεξίκακον
1139 2704 1489 2776 ὲλεημονικόν
1512 2721 1569 2755 τε
1593 2703 1684 2755 καὶ
1712 2718 1912 2771 συγχω-

338 2800 560 2871 ρητικδν
593 2798 686 2851 τοῦ
721 2797 877 2851 Θεοῦ.
924 2797 1131 2849 υῦκοῦν
1170 2798 1358 2849 ἕπεται
1403 2794 1480 2862 τῷ
1526 2791 1673 2860 αὐτῴ
1707 2792 1907 2861 μέτρῳ,

337 2891 431 2945 καὶ
461 2892 607 2961 ἡμᾶς
651 2894 866 2963 μετρεῖν
900 2892 1011 2952 τοῖς
1045 2891 1123 2950 εἰς
1154 2889 1303 2957 ἡμᾶς
1349 2885 1741 2956 ἁμαρτάνουσιο
1778 2883 1910 2952 μηδὲ

338 2982 478 3036 κατά
522 2983 612 3036 τὸν
656 2983 860 3053 Πέτρον
894 2979 1357 3051 ἀκριϐολογεῖσθαι
1398 2980 1461 3048 τῇ
1511 2974 1906 3045 φιλανθρωπία,

336 3072 429 3126 καὶ
476 3070 667 3142 μέχρις
701 3070 923 3141 ἑϐδόμου
957 3068 1187 3140 ἀριθμοῦ
1224 3070 1333 3130 τοῖς
1364 3068 1441 3128 είς
1487 3066 1633 3135 ἡμᾶς
1658 3068 1908 3134 ἡμαρτη-

2019 1879 2297 1933 oblivione
2339 1880 2604 1933 imitetur.
2642 1879 2773 1933 Nam
2828 1896 3048 1949 regnum
3084 1883 3225 1949 quod
3266 1884 3479 1938 nonnisi
3513 1884 3595 1953 ju-

2019 1971 2160 2023 dicio
2206 1972 2460 2040 probatos
2512 1973 2725 2040 recipit,
2763 1973 2954 2026 alienis
2999 1988 3027 2024 a
3078 1974 3367 2028 clementia
3417 1991 3593 2045 neque

2017 2062 2256 2116 omnium
2281 2062 2523 2129 judicent
2563 2064 2662 2118 hac
2697 2065 2893 2118 virtute
2927 2064 3263 2119 imitantibus
3310 2068 3591 2138 haudqua-

2016 2169 2173 2221 quam
2219 2165 2384 2223 patet.
2430 2154 2612 2225 Neque
2656 2157 2800 2209 enim
2844 2157 3153 2225 quempiam
3199 2166 3347 2212 tanta
3391 2159 3444 2212 iu
3488 2175 3587 2215 nos

2015 2260 2268 2314 peccasse
2297 2244 2709 2309 aliirmabimns,
2742 2259 2941 2315 quanta
2975 2259 3180 2301 uosmet
3204 2265 3299 2319 per
3324 2251 3592 2306 universa

2017 2338 2138 2391 vita:
2185 2350 2396 2407 tempus
2440 2340 2703 2394 adversus
2740 2340 2830 2393 Dei
2863 2340 3193 2395 voluntatem
3224 2344 3582 2409 patravitnus,

2016 2429 2245 2500 ideoque
2286 2432 2560 2485 debitores
2621 2434 2913 2487 evasimus.
2974 2432 3106 2486 Nam
3132 2434 3297 2487 modo
3345 2450 3593 2492 sermone

2013 2521 2355 2585 oleitdimus,
2386 2524 2544 2576 modo
2588 2526 2830 2593 turpibus
2863 2526 3180 2591 vitiosisque
3209 2525 3592 2592 cupiditatibus

2012 2624 2174 2683 atque
2212 2616 2438 2667 actibus.
2479 2613 2842 2669 Nihilominus
2886 2617 2977 2684 qui
3030 2626 3176 2669 tanta
3204 2616 3588 2684 delinquimus,

2015 2706 2259 2758 lidnciam
2308 2704 2551 2773 placandi
2605 2706 2695 2757 Dei
2746 2721 2851 2759 non
2882 2705 3205 2769 omittimus,
3235 2722 3392 2774 quem
3429 2706 3590 2762 bene-

2014 2797 2189 2848 volunt
2236 2796 2572 2855 hominibus.
2620 2798 2917 2864 patientem
2952 2813 3015 2850 ac
3062 2798 3466 2853 misericordem
3497 2815 3589 2853 ve-

2013 2888 2222 2955 niaeque
2276 2904 2503 2955 prauum
2552 2888 2772 2942 scimus.
2829 2888 3267 2943 Consentaneum
3302 2901 3385 2943 est
3424 2891 3589 2959 igitur

2013 2988 2070 3029 ut
2098 2984 2281 3032 eadem
2328 2996 2583 3033 tuensura
2637 2980 2722 3043 iis,
2749 2995 2978 3047 quorum
3021 2980 3239 3035 uiTensae
3280 2982 3332 3034 in
3368 2998 3466 3037 nos
3496 2997 3590 3037 ex-

2012 3069 2287 3128 stiterunt,
2333 3069 2632 3139 largiamur
2665 3090 2676 3124 :
2705 3087 2901 3140 neque,
2933 3082 2989 3125 ut
3018 3074 3145 3126 olim
3182 3072 3460 3138 Petrus",
3492 3074 3590 3128 mi-

336 3164 457 3215 κόσι
486 3164 782 3233 συγχωρεῖν
802 3179 815 3191 '
857 3161 996 3213 κατά
1027 3161 1082 3213 δὲ
1116 3160 1206 3212 τὸν
1236 3156 1491 3229 συμπαθῆ
1527 3156 1621 3209 καὶ
1645 3156 1911 3225 ἐλεήμονα

2018 3170 2138 3212 uuta
2182 3161 2551 3215 benevolentia
2598 3163 2789 3226 simus,
2833 3179 3007 3233 neque
3038 3163 3353 3232 injuriarum
3396 3166 3590 3220 remis-

335 3252 565 3324 Σωτῆρα
596 3254 753 3324 μέχρι
780 3252 871 3305 τοῦ
910 3250 1368 3321 ἑϐδομηκοντάκις
1410 3248 1570 3302 ἑπτά·
1608 3249 1667 3300 οὑ
1699 3248 1914 3311 πάντως

340 3345 406 3399 τὰ
419 3345 652 3400 τοσαῦτα
668 3363 733 3398 πε
744 3342 996 3416 ριεργαζο
1004 3344 1193 3413 μένους
1212 3344 1427 3414 ἁμαρτῆ
1438 3360 1602 3412 ματα,
1622 3341 1874 3401 καὶῶσπε
1885 3357 1914 3411 ρ

343 3436 656 3511 ἀναγραφὴν
678 3437 853 3492 αὐτῶν
888 3437 1239 3507 ποιουμένους
1269 3435 1390 3489 καθ’
1416 3437 1653 3504 ἑκάστην
1680 3435 1911 3505 ἡμέραν,

340 3548 401 3583 εκ
429 3530 487 3582 δὲ
527 3530 714 3583 τούτου
756 3529 816 3582 τὸ
853 3529 1234 3600 ἀπεριόριστον
1266 3527 1709 3598 διδασκομένους.
1742 3526 1914 3578 Πυθο-

339 3622 501 3690 μένου
527 3621 634 3692 γὰρ
658 3620 750 3673 τοῦ
775 3620 981 3691 Πέτρου
1008 3622 1098 3673 ἐπὶ
1123 3620 1305 3682 πόσοις
1328 3622 1440 3682 τοῖς
1461 3620 1539 3681 εἰς
1567 3619 1712 3688 ἡμᾶς
1738 3619 1915 3687 ἀμαρ-

339 3713 651 3782 τανομένοις
696 3714 993 3783 συγχωρεῖν
1053 3712 1180 3771 δέοι,
1228 3710 1321 3762 καὶ
1360 3710 1591 3780 ἀριθμὸν
1636 3707 1913 3779 ὁρίσαντος

338 3806 426 3859 τὸν
470 3806 573 3869 ἓως
613 3806 861 3869 ἑπτάκις,
897 3808 925 3857 ό
959 3805 1148 3874 Σωτὴρ
1187 3804 1276 3855 τὸν
1319 3802 1421 3865 ἓως
1456 3800 1913 3872 ἑϐδομηκοντάκις

334 3901 475 3954 ἑπτά
503 3900 785 3970 εἰσήγαγε,
820 3897 937 3951 καθ’
965 3897 1023 3949 ὃν
1046 3897 1123 3949 δεῖ
1150 3897 1242 3948 καὶ
1267 3896 1416 3965 ἡμᾶς
1444 3894 1679 3962 ἀφιέναι,
1709 3892 1913 3954 εἰδότας

337 3992 429 4044 καὶ
458 3990 873 4061 πεπεισμένους,
900 3988 974 4052 ὡς
1007 3988 1157 4040 ἔσται
1187 3986 1377 4055 καιρὸς
1407 3987 1528 4039 καθ’
1560 3986 1617 4037 ὃν
1646 3983 1913 4053 συναρθή-

336 4101 489 4137 σεται
529 4084 662 4154 πρὸς
712 4084 857 4152 ἡμᾶς
890 4082 1045 4149 λόγος
1082 4080 1186 4133 ὑπὸ
1219 4079 1314 4131 τοῦ
1369 4079 1585 4131 πάντων
1638 4075 1822 4146 κριτοῦ
1854 4092 1912 4126 τε

336 4177 431 4228 καὶ
461 4174 742 4245 βασιλέως,
772 4174 990 4227 ἐπειδὰν
1019 4174 1067 4226 oi
1098 4173 1294 4236 πάντες
1321 4170 1689 4241 παραστῶμεν
1720 4166 1796 4235 τῷ
1827 4167 1916 4237 βή-

338 4284 467 4337 ματι
492 4266 678 4329 αὐτοῦ,
708 4268 794 4319 ὅτε
822 4260 866 4333 ᾦ
897 4267 1080 4338 μέτρῳ
1110 4264 1436 4337 μετροῦμεν,
1462 4260 1916 4331 ἀντιμετρηθήσε-

333 4376 425 4412 ται
453 4360 602 4429 ἡμῖν.
653 4359 709 4411 ’0
758 4359 855 4429 μὲν
894 4359 1001 4430 γάρ
1039 4359 1213 4429 μέγας
1254 4356 1506 4427 βασιλεὺς
1534 4353 1782 4407 ἐντεῦθεν
1811 4353 1910 4423 ἤδη

335 4453 501 4506 πᾶσιν
520 4456 654 4523 ἡμῖν
678 4455 787 4515 τοῖς
808 4449 1226 4522 χρεωφειλέταις
1253 4447 1461 4501 πολλῶν
1483 4446 1755 4500 ταλάντων
1773 4444 1912 4497 κατά

2016 3252 2219 3306 sionem
2259 3257 2573 3322 septenario
2618 3272 2843 3310 numero
2889 3266 3261 3322 coarctemus;
3314 3257 3421 3311 imo
3462 3272 3589 3311 vero

2015 3346 2321 3413 septuagies
2372 3349 2573 3414 septies
2622 3363 2743 3402 cum
2802 3349 3068 3402 clemente
3143 3350 3590 3419 misericordique

2018 3434 2306 3490 Servatore
2378 3453 2687 3505 parcamus.
2764 3439 2941 3504 Quare
3007 3438 3240 3494 offensas
3299 3457 3366 3494 ne
3400 3441 3589 3494 sedqu

2016 3527 2355 3589 ventilemus,
2392 3544 2565 3597 neque
2612 3532 2801 3583 harmn
2846 3530 3004 3584 veluti
3052 3532 3502 3585 commentarium
3534 3534 3586 3586 in

2017 3618 2132 3673 dies
2156 3620 2526 3675 coniiciamus.
2558 3620 2707 3674 Nunc
2731 3621 2874 3674 enim
2901 3602 3291 3688 indulgentiam
3333 3623 3451 3676 sine
3482 3623 3589 3678 line

2021 3709 2295 3765 docemur.
2342 3711 2554 3765 Etenim
2603 3712 2973 3781 interrogante
3022 3711 3181 3766 Petro
3214 3712 3429 3779 quoties
3458 3728 3589 3782 pec-
3664 3736 3671 3743 '

2016 3803 2270 3855 cautibus
2314 3805 2575 3857 adversus
2622 3818 2720 3857 nos
2754 3803 3028 3871 indulgere
3067 3813 3369 3871 oporteret,
3400 3820 3586 3858 nume-

2022 3909 2249 3962 rumque
2288 3896 2653 3964 septenarium
2692 3896 3004 3960 deﬁniente,
3038 3894 3297 3951 Servator
3321 3911 3487 3966 usque
3518 3898 3585 3950 ad

2017 3988 2333 4056 Septuagies
2380 3988 2579 4056 septies
2628 3989 2879 4056 produxit
2930 3990 3098 4042 venite
3158 3990 3348 4042 daudze
3377 4007 3404 4041 a
3436 3990 3588 4044 nobis

2018 4094 2336 4141 numerum;
2364 4080 2529 4146 probe
2578 4080 2832 4131 nimirum
2876 4083 3133 4143 consciis,
3164 4091 3374 4149 tempus
3419 4080 3588 4135 aﬂ'ore

2016 4184 2121 4236 quo
2154 4170 2391 4223 rationes
2412 4172 2688 4222 nobiscum
2714 4181 2982 4239 ponentur
3000 4173 3065 4223 ab
3089 4173 3377 4225 universali
3407 4170 3587 4239 judice

2015 4276 2075 4313 ac
2107 4276 2249 4330 rege,
2280 4278 2399 4315 cum
2436 4278 2623 4315 omnes
2673 4273 2804 4333 ante
2839 4262 2961 4329 ejus
3004 4264 3237 4316 tribunal
3290 4265 3587 4317 constitue-

2019 4364 2234 4410 retinet
2267 4369 2369 4421 qua
2419 4370 2671 4406 mensura
2713 4357 2883 4408 mensi
2933 4355 3214 4416 fuerimus,
3271 4366 3585 4411 remettctur

2017 4445 2190 4496 nobis.
2216 4444 2422 4496 Etenim
2455 4460 2595 4499 nunc
2638 4446 2864 4514 magnus
2891 4463 2982 4501 rex
3021 4447 3234 4501 cunctis
3260 4448 3414 4499 nobis
3449 4449 3586 4502 mul-

332 4544 396 4597 τὸ
423 4545 630 4616 πρέπον
650 4543 811 4597 αὐτοῦ
840 4545 904 4613 τῇ
929 4540 1310 4613 φιλανθρωπίᾳ
1334 4540 1393 4591 τὸ
1412 4540 1517 4591 πᾶν
1538 4538 1706 4606 ἀνῆκε
1730 4536 1906 4606 χρέος,

2017 4546 2189 4588 torum
2222 4536 2546 4589 talentorum
2584 4538 2943 4602 debitoribus,
2972 4549 3125 4608 prout
3161 4554 3313 4591 snam
3340 4539 3583 4592 clemeu~

332 4634 457 4698 δοὺς
502 4634 695 4704 ἄφεσιν
743 4633 1152 4703 ἁμαρτημάτων
1202 4632 1295 4683 καὶ
1345 4628 1630 4697 ἐξαλείψας
1677 4627 1735 4679 τὸ
1786 4626 1907 4679 καθ’

331 4726 492 4797 ήμῶν
517 4727 892 4798 χειρόγραφον
936 4727 1096 4795 ἡμεῖς
1129 4723 1172 4775 δ’
1212 4724 1304 4775 ἐπὶ
1346 4721 1571 4792 βραχέσι
1603 4719 1907 4789 πταίσμασι

334 4820 459 4882 τοὺς
503 4818 818 4881 συνδούλους
862 4816 1257 4886 ἀποπνίγομεν,
1292 4816 1385 4867 καὶ
1429 4810 1907 4883 παρακαλούμενοι

331 4912 394 4964 οὐ
446 4910 833 4983 συγχωροῦμεν
864 4909 930 4961 τὰ
958 4911 1038 4971 είς
1085 4909 1231 4979 ἡμᾶς
1277 4905 1632 4974 ἐπταισμένα,
1685 4902 1757 4973 μὴ
1788 4903 1909 4954 ὲπι-

336 5002 658 5074 μετροῦντες
697 5002 765 5055 τὰ
798 5001 886 5053 ἴσα
924 4996 1005 5063 οἷς
1038 4999 1187 5071 παρὰ
1230 4998 1361 5051 Θεοῦ
1396 4997 1771 5066 τετυχήκαμεν
1802 4996 1912 5056 τοῖς

344 5095 619 5167 ἡμετέροις
664 5094 921 5155 οἰκέταις.
955 5092 1204 5159 Εὑὶόγως
1246 5086 1337 5143 οὖν
1370 5088 1743 5157 ἀγανάκτησις
1787 5083 1909 5137 καθ’

336 5188 490 5260 ἡμῶν
514 5188 936 5258 ἐξενεχθήσεται’
981 5186 1073 5237 καὶ
1109 5186 1137 5237 ὁ
1174 5185 1272 5255 τὴν
1301 5185 1481 5236 πᾶσαν
1516 5182 1646 5250 ἡμῖν
1690 5176 1910 5248 ὀφειλὴν

336 5284 492 5351 ἀφεὶς
520 5284 793 5352 Δεσπότης
834 5280 1011 5333 οὐκέτ’
1054 5276 1253 5346 ἀφήσει
1299 5276 1447 5345 ἡμῖν·
1485 5272 1598 5326 ἀλλ’
1645 5264 1689 5338 ᾧ
1730 5269 1910 5341 μέτρῳ

332 5378 760 5447 μεμετρήκαμεν
790 5369 1106 5443 ἀσυμπαθεῖ
1129 5370 1223 5423 καί
1256 5366 1462 5421 ἀνελεεῖ
1497 5364 1593 5418 καὶ
1624 5361 1906 5432 ἀποτόμῳ,

328 5470 687 5539 ὲπιμετρήσει
731 5467 887 5536 ἡμῖν,
912 5463 1004 5517 καὶ⁸
1033 5462 1122 5514 τὸν
1156 5460 1216 5524 ἐξ
1252 5458 1405 5530 ἡμῶν
1452 5460 1593 5513 κατὰ
1621 5455 1729 5509 τῶν
1770 5456 1907 5526 ἡμε-

327 5560 504 5631 τέρων
533 5557 831 5612 συνδούλων
855 5558 978 5628 ὅρον
1007 5553 1129 5609 καθ’
1155 5552 1312 5624 ἡμῶν
1348 5552 1666 5623 ὲπαρτήσει.
1714 5546 1906 5617 Ἐφεύ-

404 5747 638 5803 "Matth
696 5762 848 5815 svnt,
879 5746 968 5802 24.
1044 5749 1090 5779 ’³
1120 5745 1273 5811 ibid.,
1300 5745 1391 5799 21.

2009 4630 2136 4682 tiam
2184 4626 2426 4689 decebat,
2470 4628 2710 4680 debitum
2753 4630 2981 4693 remisit,
3023 4632 3156 4681 dans
3202 4629 3439 4696 peccatis
3496 4644 3585 4682 ve-

2013 4720 2199 4782 niam,
2246 4718 2536 4788 delensque
2590 4720 2850 4788 scriptum
2909 4730 3092 4774 contra
3150 4736 3245 4773 uos
3310 4721 3584 4787 chirogra-

2011 4812 2172 4883 phum
2207 4826 2221 4863 :
2250 4827 2346 4864 nos
2378 4823 2556 4865 autem
2594 4814 2737 4866 leves
2776 4816 2845 4867 ob
2871 4813 3059 4880 culpas
3093 4826 3382 4866 conservos
3412 4811 3583 4867 sntio-

2013 4919 2219 4965 camus,
2244 4913 2408 4971 atque
2443 4904 2710 4958 obsecrati
2758 4905 2979 4958 minime
3013 4905 3337 4958 renuttimus
3366 4920 3485 4972 qua:
3525 4904 3581 4959 in

2017 5010 2115 5049 nos
2137 5006 2357 5062 peccata
2395 4995 2624 5059 fuerint;
2662 4995 3016 5048 familiaribus
3058 4996 3256 5049 nostris
3303 4995 3443 5047 baud
3483 5010 3582 5063 pa-

2016 5090 2092 5139 ria
2139 5086 2400 5141 facientes
2432 5087 2518 5149 iis,
2568 5104 2687 5156 quze
2730 5103 2829 5142 nos
2855 5104 2883 5140 a
2918 5087 3033 5142 Deo
3064 5087 3341 5141 consecuti
3372 5103 3578 5144 sumus.

2014 5178 2209 5232 Merito
2251 5179 2432 5245 itaque
2474 5182 2628 5231 nobis
2657 5180 2925 5232 irascetur
2957 5180 3001 5231 is
3026 5181 3114 5245 qui
3146 5192 3307 5231 omne
3338 5178 3577 5232 debitqu

2014 5269 2168 5323 nobis
2221 5273 2624 5325 condonaverat
2674 5272 2926 5324 Dominus
2973 5289 2985 5323 :
3028 5283 3201 5337 neque
3249 5270 3362 5339 jam
3425 5270 3583 5325 nobis

2014 5375 2229 5433 parcet;
2296 5366 2385 5419 sed
2427 5380 2530 5433 qua
2588 5381 2841 5419 mensura
2900 5364 3071 5418 mensi
3119 5364 3407 5427 fuerimus.
3446 5365 3580 5422 dura

2014 5455 2281 5524 videlicet,
2310 5456 2741 5510 immisericorde
2772 5466 2826 5511 et
2844 5470 3059 5525 aspera,
3087 5457 3273 5511 eadem
3312 5457 3466 5512 nobis
3495 5473 3580 5513 re-

2012 5548 2247 5614 tribuet;
2278 5547 2572 5629 ilatainquc
2604 5562 2634 5601 α
2668 5546 2822 5603 nobis
2867 5549 3125 5604 adversus
3164 5563 3453 5606 conservos
3482 5564 3582 5605 no-
