4108 6204
484 296 591 354 583

1153 291 1421 349 EUSEBII
1460 284 1934 346 CAESARIENSIS
1962 286 2125 344 'OPP.
2165 285 2348 341 PARS
2381 285 2466 340 ill.
2506 315 2575 324 —
2607 281 3016 340 EXEGETICA.

3612 269 3716 326 εει

484 422 626 468 suos
671 410 1017 474 sententiam,
1051 406 1118 461 de
1150 406 1419 460 nobismet
1451 403 1660 473 pariter
1687 402 1848 456 dicet.
1878 400 2050 456 Secus

2156 420 2236 474 ροι
2265 402 2321 456 δέ
2352 419 2435 465 τις
2460 400 2637 471 ἑαυτῷ
2671 398 2890 470 μέθοδον
2912 395 3123 467 ἀγαθῆς
3151 393 3476 462 ἀποφάσεως
3501 387 3600 459 τῆς
3627 375 3718 443 ἐπὶ

481 519 612 559 vero
644 504 772 559 licet
811 503 1007 570 cuique
1045 500 1202 553 bona:
1236 496 1516 551 sententia:
1557 508 1726 563 genus
1761 491 1865 547 sibi
1914 494 2052 562 apud

483 596 612 651 illud
657 593 890 649 tribunal
932 602 1274 657 comparare,
1325 587 1370 640 si
1405 586 1522 654 ipse
1569 593 1724 637 antea
1778 584 1850 637 sit
1899 582 2054 638 beni-

483 702 641 757 gnus,
681 694 734 738 et
764 683 954 737 alienis
978 690 1169 735 contra
1194 693 1251 732 se
1276 676 1514 747 peccatis
1547 675 1838 743 indulgeat.

657 778 705 810 "
732 776 796 829 Et
842 776 1014 827 dicent
1047 773 1192 827 vobis
1216 789 1235 828 :
1261 771 1395 824 Ecce
1422 772 1529 835 hic,
1562 770 1640 825 rel
1668 784 1783 822 erce
1813 767 1941 821 illic.

553 870 677 925 llaec
710 869 1008 922 secundum
1058 862 1366 917 Manlia-um
1417 862 1559 913 dicta
1599 868 1722 913 sunt
1763 859 1829 913 de
1864 856 2052 910 Hiero-

483 962 813 1031 solymorum
862 958 1097 1012 excidio.
1150 956 1331 1021 Quare
1383 952 1492 1005 illic
1536 950 1879 1004 addebatur:
1910 947 2053 1000 Tunc

480 1055 568 1124 qui
600 1053 655 1105 in
704 1050 899 1104 Judwa
932 1060 1074 1113 sunt,
1102 1047 1311 1116 fugiant
1341 1046 1408 1097 ad
1441 1053 1646 1095 montes
1671 1041 1735 1092 “.
1766 1040 2053 1094 Verumta-

482 1163 603 1200 men
644 1147 729 1199 hic
764 1146 827 1199 de
856 1141 1179 1197 Antichristi
1219 1137 1555 1208 temporibus
1582 1135 1843 1189 Servatur
1879 1132 2054 1203 prolo-

482 1238 697 1309 quitur;
735 1237 962 1304 ideoque
990 1235 1152 1288 verba
1189 1233 1276 1286 ilia
1308 1245 1416 1284 non
1443 1227 1842 1297 adjungmitur.

621 1330 668 1362 “
695 1326 931 1380 Primum
964 1334 1164 1394 oportet
1194 1324 1345 1377 illum
1377 1321 1543 1375 multa
1569 1322 1700 1389 pati.

554 1420 648 1475 liis
677 1421 857 1474 verbis
884 1419 1121 1472 futuram
1156 1430 1369 1485 quoque
1403 1414 1695 1482 aliquando
1728 1410 2052 1481 apostasiam

484 1513 663 1568 innuit
690 1512 814 1565 dum
853 1510 929 1563 ait
961 1524 975 1561 :
1015 1507 1252 1561 Primum
1291 1513 1505 1574 oportet
1540 1502 1687 1555 illutn
1728 1501 1891 1555 multa
1920 1502 2049 1570 pati,

481 1615 536 1657 et
576 1601 853 1671 reprobari
900 1613 929 1651 a
976 1596 1329 1667 generatione
1368 1596 1490 1655 hac,
1519 1606 1711 1659 nempe
1750 1591 2050 1645 hominum.

484 1694 615 1749 Nam
667 1692 938 1762 repulsum
980 1699 1142 1757 atque
1188 1686 1551 1755 improbatum
1599 1684 1665 1737 iri
1703 1681 2049 1752 Evangelium

2152 496 2247 549 τοῦ
2286 493 2663 564 δικαιωτηρίου
2695 490 3204 562 ἐξενεχθησομένης,
3234 489 3282 539 εί
3318 477 3602 557 προλαϐὼν
3630 494 3722 549 γε·

2153 605 2295 643 νοιτο
2324 585 2700 657 φιλάνθρωπος
2746 585 2839 636 καὶ
2880 581 2986 635 τῶν
3022 584 3100 645 είς
3136 579 3297 633 αὐτὸν
3341 572 3723 648 ἁμαρτανομέ-

2153 697 2258 735 νων
2288 677 2716 749 συγ-χωρητικός.

2254 773 2363 826 Καὶ
2393 770 2639 841 ἐροῦσιν
2665 769 2836 838 ὑμῖν·
2883 766 3025 822 Ἰδοὺ
3059 760 3194 828 ὦδε,
3240 764 3275 831 ἣ
3308 760 3436 816 ιδοὺ
3470 758 3614 815 ἐκεῖ.

2223 860 2405 914 Ταῦτα
2448 860 2586 914 κατά
2629 860 2727 929 μὲν
2775 858 2866 911 τὸν
2905 855 3175 910 Ματθαῖον
3217 853 3436 920 ἐλέγετο
3472 848 3724 921 περἰητῆς

2153 949 2486 1024 ἐρημώσεως
2549 948 2903 1020 Ἰερουσαλήμ
2935 947 3043 1017 (66)
3068 963 3081 975 ·
3131 945 3212 997 διὸ
3244 945 3338 997 καὶ
3370 942 3719 1013 προσέκειτο·

2159 1044 2294 1097 Τότε
2322 1046 2374 1095 ol
2400 1043 2469 1095 ὲν
2506 1040 2581 1109 τῇ
2632 1041 2889 1106 Ἰουδαίᾳ
2934 1037 3317 1108 φευγέτωσαν
3345 1037 3433 1098 εὶς
3473 1035 3545 1086 τὰ
3591 1032 3719 1102 ὅρη·

2152 1131 2384 1186 ἐνταῦθα
2413 1133 2468 1186 δὲ
2486 1133 2613 1205 περὶ
2642 1132 2748 1185 τῶν
2782 1132 2988 1203 καιρῶν
3015 1130 3107 1184 τοῦ
3140 1125 3506 1197 ’Δντιχρίστου
3532 1123 3724 1195 προλέ-

2152 1242 2267 1295 γει·
2302 1225 2381 1277 διὸ
2407 1226 2468 1277 οὐ
2508 1225 2825 1296 πρόσκειται
2858 1223 3032 1277 τοῦτο.

2399 1315 2637 1383 Πρῶτον
2674 1315 2764 1369 δεῖ
2795 1315 2981 1369 αὐτὸν
3017 1310 3217 1366 πολλὰ
3241 1308 3453 1363 παθεῖν

2220 1408 2522 1462 Αίνίττεται
2541 1409 2596 1461 δὲ
2630 1408 2722 1473 καὶ
2744 1409 2801 1459 ὲν
2828 1406 3040 1467 τούτοις
3064 1406 3163 1475 τήν
3190 1419 3319 1455 ποτε
3351 1397 3720 1469 γενησομένην

2151 1502 2486 1556 ἀποστασίαν
2524 1499 2724 1553 εἰπών·
2762 1499 2983 1570 Πρῶτον
3017 1496 3074 1549 δὲ
3101 1495 3183 1547 δεῖ
3209 1492 3372 1547 αὑτὸν
3407 1490 3577 1544 πολλά
3610 1506 3719 1545 πα-

2152 1594 2263 1646 θεῖν
2296 1593 2389 1646 καὶ
2420 1589 2918 1661 ἀποδοκιμασθῆναι
2963 1587 3071 1641 ἀπὸ
3118 1586 3214 1655 τῆς
3256 1585 3448 1653 γενεᾶς
3492 1580 3717 1651 ταύτης,

2151 1686 2387 1757 δηλονότι
2432 1684 2533 1754 τῆς
2577 1683 2684 1736 τῶν
2720 1681 3047 1753 ἀνθρώπων·
3079 1676 3449 1748 ἀποϐληθῆναι
3486 1674 3595 1744 γὰρ
3627 1672 3720 1724 καὶ

485 1783 620 1852 ejus,
650 1780 1013 1851 pOpulunique
1039 1776 1281 1844 ejusdem
1312 1787 1640 1844 magnopere
1682 1770 1934 1826 amictum
1963 1771 2049 1835 iri,

2154 1778 2652 1850 ἀποδοκιμασθῆναι
2701 1774 2791 1828 τὸν
2837 1774 2965 1843 περὶ
3015 1770 3176 1825 αὐτοῦ
3217 1769 3396 1837 λόγον,
3447 1765 3617 1819 πολλά
3659 1779 3717 1816 τε

482 1874 809 1927 vaticinatus
841 1880 955 1936 est;
989 1871 1104 1923 sive
1132 1870 1183 1921 in
1215 1866 1527 1921 consecutis
1558 1865 1754 1919 deinde
1796 1878 2051 1933 persecu-

484 1965 744 2027 tionibus,
772 1963 971 2034 quibus
1005 1959 1315 2014 furentibus
1351 1966 1608 2013 sexcenta
1644 1957 1760 2025 ipse
1793 1954 2053 2010 Servator

481 2070 672 2126 passus
694 2067 797 2121 est,
833 2054 1142 2108 maledictis
1169 2052 1450 2106 hominum
1478 2050 1784 2117 appetitus;
1811 2049 1927 2102 sive
1954 2047 2053 2101 Ec-

482 2146 644 2200 clesia
675 2146 793 2213 ejus
822 2154 984 2213 atque
1016 2140 1260 2194 doctrina
1308 2153 1433 2193 cum
1483 2138 1856 2206 exagitaretur
1887 2145 2052 2204 atque

482 2243 914 2307 oppugnaretur;
974 2231 1089 2286 sive
1156 2230 1209 2284 in
1271 2228 1508 2282 universi
1565 2227 2050 2293 consummatione,

481 2342 605 2382 cum
636 2323 985 2392 Evangelium
1021 2319 1140 2388 ejus
1181 2319 1404 2373 omnino
1442 2316 1858 2386 improbabitur,
1891 2328 2052 2389 atque

480 2430 549 2470 ex
578 2413 854 2469 hominum
882 2421 1027 2466 creto
1056 2409 1532 2463 exterminabitur.

635 2504 679 2537 ³⁷
706 2500 773 2555 Et
794 2504 926 2556 sicut
953 2501 1145 2554 accidit
1188 2498 1396 2552 Noaclii
1430 2500 1766 2569 (corporibus,
1794 2510 1899 2556 etc.

552 2596 645 2651 Sic
675 2596 839 2664 igitur
873 2591 1106 2662 repulso,
1143 2591 1218 2645 uti
1239 2589 1440 2645 dictum
1469 2598 1573 2655 est,
1603 2605 1699 2658 per
1726 2592 2050 2660 apostasiam

482 2702 732 2746 sermone
776 2685 1114 2755 evangelica,
1172 2698 1325 2736 more
1377 2683 1644 2737 malorum
1693 2698 1811 2752 qua:
1865 2683 2050 2738 diluvii

483 2792 722 2850 tempore
748 2778 1109 2847 contigerunt,
1134 2775 1334 2843 impiis,
1368 2773 1562 2843 inquit,
1601 2774 1912 2830 hominibus
1939 2775 2055 2829 exi-

484 2876 613 2929 tium
636 2873 998 2941 superveniet.
1025 2868 1090 2922 Et
1118 2868 1334 2937 quidem
1372 2868 1513 2921 sicut
1543 2881 1731 2921 omnes
1763 2879 1887 2922 tunc
1924 2883 2051 2938 per-

483 2968 700 3029 ierunt,
740 2964 980 3031 exceptis
1025 2963 1289 3015 duntaxat
1315 2962 1405 3030 qui
1438 2976 1560 3015 cum
1587 2959 1809 3015 Noaclio
1841 2961 1893 3014 in
1925 2975 2050 3014 arca

477 3059 879 3120 constiterant;
910 3054 984 3107 ita
1019 3053 1071 3106 iu
1104 3053 1314 3106 Domini
1348 3054 1606 3118 adventu,
1636 3054 1850 3106 scelesti
1877 3053 2052 3106 liomi-

482 3164 580 3204 nes
621 3162 718 3217 per
751 3144 1039 3215 apostasia:
1078 3152 1289 3212 tempus
1332 3144 1547 3198 luxuria
1593 3153 1648 3198 et
1699 3144 2052 3199 ebrietatibus

483 3249 538 3295 et
576 3239 775 3308 nuptiis
809 3244 863 3291 et
898 3238 1113 3291 caeteris
1149 3238 1270 3290 vita:
1297 3235 1664 3306 voluptatibus
1688 3235 1956 3303 occupati,
1990 3250 2052 3290 ea

485 3330 695 3385 ratione
724 3326 979 3395 peribunt
1006 3341 1110 3395 qua
1142 3325 1215 3379 illi
1255 3325 1459 3380 Noaclii
1484 3336 1644 3381 mtate
1681 3327 1890 3382 diluvio
1922 3327 2046 3382 sub-

485 3420 671 3476 mersi.
699 3419 777 3473 Ne
809 3418 933 3488 quis
955 3427 1132 3471 autem
1160 3417 1498 3472 existimaret
1525 3418 1623 3471 hos
1661 3431 1874 3486 quoque
1900 3416 2054 3485 aquis

482 3516 730 3567 obrutum
770 3510 856 3590 iri,
891 3523 1113 3564 necesse
1146 3508 1249 3562 luit
1298 3508 1411 3562 Loti
1474 3508 1780 3577 exetnplnm
1814 3521 2054 3562 comme-

484 3619 697 3660 morare
724 3622 737 3670 ;
773 3603 943 3668 Sicut,
977 3603 1175 3671 inquit,
1205 3599 1324 3655 Loti
1353 3612 1581 3670 tempore
1600 3602 1819 3654 edebant
1842 3608 1892 3652 et
1916 3599 2054 3653 bibe-

484 3699 631 3761 bant,
683 3706 737 3749 et
783 3693 1036 3763 reliqua:
1073 3689 1242 3744 Porro
1300 3692 1386 3745 die
1438 3708 1541 3760 qua
1596 3688 1758 3744 Lotus
1811 3690 2051 3744 Sodomis

483 3801 719 3856 egressus
755 3791 854 3844 est,
882 3784 1015 3852 ignis
1049 3782 1173 3836 caelo
1199 3780 1331 3849 pluit
1364 3791 1679 3850 cunctosque
1701 3780 1900 3834 incolas
1932 3796 2052 3848 per-

484 3876 638 3930 didit.
675 3873 1022 3944 llujusmodi,
1054 3873 1247 3940 inquit,
1279 3873 1393 3925 dies
1416 3872 1516 3924 erit
1542 3887 1646 3941 qua
1682 3870 1853 3923 Filius
1880 3871 2053 3924 Itami-

484 3971 566 4023 nia
597 3967 915 4020 revelabitur
935 3965 1002 4020 ’⁸.
1035 3965 1242 4031 Quibus
1270 3966 1450 4021 verbis
1503 3967 1728 4036 mystice
1763 3967 2050 4019 admodum

483 4072 547 4112 ac
572 4055 888 4110 terribiliter
919 4055 1095 4119 docet,
1136 4056 1252 4108 lore
1282 4064 1339 4107 ut
1389 4055 1515 4123 igne
1552 4069 1619 4107 ac
1649 4055 1860 4108 sulfure
1903 4054 2054 4110 caelis

484 4151 653 4205 misso
680 4148 874 4218 impios
902 4162 1090 4201 otnnes
1120 4148 1201 4201 ira
1248 4146 1341 4202 Dei
1382 4146 1670 4215 corripiat.
1697 4147 1904 4201 Idcirco
1949 4145 2049 4200 ini-

484 4241 605 4311 pios
634 4240 774 4293 hanc
819 4238 960 4292 diem
1003 4240 1194 4292 adesse
1237 4251 1459 4306 orantes
1498 4237 1809 4308 prophetica
1838 4252 1940 4290 vox
1974 4237 2056 4289 in-

486 4341 674 4402 crepat
744 4331 975 4385 dicens:
1010 4329 1104 4383 Va:
1147 4330 1567 4385 desiderantibus
1612 4332 1750 4383 diem
1806 4329 2013 4382 Domini
2032 4328 2053 4382 .'

2151 1872 2341 1926 παθεῖν
2366 1870 2454 1923 τὸν
2480 1870 2642 1923 αὐτοῦ
2668 1867 2815 1931 λαὸν,
2850 1864 3132 1918 ἐθέσπισεν
3151 1879 3165 1893 ⁸
3195 1862 3303 1915 εἴτε
3350 1862 3408 1912 ὲν
3444 1861 3554 1922 τοῖς
3584 1856 3721 1928 μετά

2149 1962 2321 2015 ταῦτα
2351 1960 2629 2030 διωγμοῖς,
2677 1956 2798 2011 καθ’
2827 1954 2920 2018 οὒς
2962 1953 3130 2025 μυρία
3169 1949 3435 2005 πέπονθεν
3467 1947 3625 2009 αὑτός
3659 1962 3717 1998 τε

2153 2052 2634 2124 βλασφημούμενος
2657 2052 2685 2104 ὁ
2711 2048 2898 2120 Σωτὴρ
2927 2044 3079 2117 παρά
3101 2047 3213 2107 τοῖς
3244 2040 3569 2113 ἀνθρώποις,
3596 2040 3630 2108 ἦ
3656 2055 3717 2091 τε

2163 2144 2457 2215 Ἐκκλησία
2500 2141 2664 2195 αὑτοῦ
2694 2142 2786 2194 καὶ
2819 2143 2846 2194 ό
2871 2139 3027 2206 λόγος
3058 2134 3409 2205 ἐλαυνόμενος
3434 2133 3528 2184 καὶ
3557 2130 3715 2184 πολε-

2154 2236 2447 2308 μούμενος·
2482 2234 2592 2288 εἴτε
2624 2234 2760 2305 πρὸς
2805 2232 2880 2302 τῷ
2926 2231 3142 2284 πάντων
3180 2228 3343 2291 τέλει,
3377 2226 3495 2279 καθ’
3524 2226 3553 2277 ὂ
3581 2226 3717 2278 ἀπο-

2150 2326 2606 2397 δοκιμασθήσεται
2631 2324 2860 2395 πάμπαν
2882 2318 3208 2391 ἀποϐληθεὶς
3234 2317 3344 2372 ἀπὸ
3366 2317 3461 2387 τῆς
3490 2315 3595 2368 τῶν
3622 2316 3718 2367 ἀνα

2152 2420 2382 2491 θρώπων
2408 2420 2619 2487 γενεᾱὶςι

2152 2512 2259 2566 Kal
2276 2510 2467 2576 καθὼς
2485 2508 2718 2579 ἐγένετο
2738 2524 2807 2560 εν
2827 2506 2952 2570 ταῖς
2972 2503 3216 2573 ἡμέραις
3240 2501 3343 2555 τοῦ
3364 2499 3508 2565 Νῶε,
3528 2515 3644 2552 κ.τ.
3659 2496 3714 2552 λ.

2222 2602 2381 2656 Οὕτω
2420 2602 2619 2665 τοίνυν,
2666 2600 2741 2663 ὡς
2787 2598 3022 2670 εἴρηται,
3076 2593 3431 2664 ἐκϐληθέντος
3483 2590 3570 2645 διὰ
3622 2590 3721 2660 τὴν

2152 2694 2485 2749 ἀποστασίαν
2519 2692 2612 2746 τοῦ
2665 2692 2824 2760 λόγου
2876 2689 2969 2743 τοῦ
3014 2685 3390 2756 εὐαγγε>.ικοῦ,
3439 2683 3581 2736 κατά
3623 2681 3720 2752 τὴν

2152 2787 2407 2858 ὁμοίωσιν
2449 2785 2557 2838 τῶν
2596 2784 2689 2838 ἐπὶ
2718 2782 2809 2836 τοῦ
2859 2777 3242 2848 κατακλυσμοῦ
3276 2773 3718 2846 συμϐεϐηκότων,

2153 2880 2182 2932 ὀ
2207 2877 2345 2931 κατά
2376 2876 2484 2929 τῶν
2509 2874 2719 2929 ἀσεϐῶν
2745 2873 2962 2944 ὄλεθρος
2992 2871 3361 2941 ἐπιστήσεται,
3387 2866 3540 2937 φησί.
3584 2864 3721 2917 Ἀλλ’

2154 2968 2229 3031 ὡς
2250 2967 2370 3020 τότε
2402 2967 2607 3029 πάντας
2644 2965 2740 3035 μὲν
2768 2963 3065 3026 ἀπώλεσεν,
3100 2962 3161 3018 οὐ
3188 2960 3292 3031 μὴν
3322 2959 3417 3013 καὶ
3443 2960 3567 3022 τοὺς
3603 2974 3723 3010 συν-

2154 3059 2425 3130 ηγμένους
2463 3059 2579 3127 ἅμα
2633 3056 2709 3127 τῷ
2752 3057 2873 3110 Νῶε
2920 3058 2976 3108 ὲν
3036 3057 3102 3125 τῇ
3152 3052 3391 3122 κιϐωτῷ,
3444 3050 3588 3104 οὓτω
3628 3050 3723 3103 καὶ

2156 3152 2247 3204 ἐπὶ
2283 3151 2385 3220 τῆς
2429 3149 2593 3203 αὑτοῦ
2633 3148 2931 3220 παρουσίας
2977 3149 3027 3201 οί
3079 3147 3175 3218 μὲν
3209 3145 3425 3209 ἀσεϐεῖς
3455 3143 3597 3198 κατά
3632 3143 3721 3196 τὸν

2155 3240 2340 3311 καιρὸν
2370 3239 2469 3309 τῆς
2507 3238 2839 3301 ἀποστασίας
2877 3241 3107 3309 τρυφαῖς
3147 3236 3240 3290 καὶ
3280 3235 3472 3307 μέθαις
3500 3234 3594 3286 καὶ
3626 3232 3723 3301 γά-

2157 3330 2394 3401 μοις-κιὶ
2417 3333 2535 3392 ταῖς
2558 3330 2649 3382 τοῦ
2676 3329 2788 3398 βίου
2814 3328 3026 3400 ἡδοναῖς
3053 3326 3502 3399 κατατριϐόμενοι
3524 3324 3722 3395 ὁμοίως

2152 3427 2261 3487 τοῖς
2299 3424 2390 3476 ἐπὶ⁵
2414 3421 2506 3475 τοῦ
2532 3422 2654 3474 Νῶε
2687 3421 3147 3482 κατακλυσθέντες
3172 3417 3516 3472 ἀπολοῦνται.
3554 3417 3722 3486 ’Υπὲρ

2152 3516 2208 3569 δὲ
2239 3517 2334 3569 τοῦ
2370 3517 2443 3586 μή
2472 3533 2593 3568 τινα
2623 3516 2840 3586 νομίσαι
2871 3515 2939 3567 δι’
2967 3514 3156 3576 ὓδατος
3182 3513 3274 3567 καὶ
3305 3511 3526 3574 τούτους
3552 3527 3721 3563 κατα-

2154 3607 2570 3678 κλυσθήσεσθαι,
2606 3607 2918 3676 ἀναγκαίως
2945 3605 3024 3674 τῷ
3063 3607 3155 3658 ἐπὶ
3182 3605 3274 3658 τοῦ
3305 3602 3430 3658 Λὼτ
3460 3603 3722 3673 κέχρηται

2155 3699 2584 3772 παραδείγματι,
2615 3697 2820 3763 Καθὼς
2840 3696 3098 3766 ἐγένετο,
3128 3695 3321 3765 λέγων,
3345 3695 3415 3747 ἐν
3436 3693 3564 3760 ταῖς
3592 3693 3727 3761 ὴμέ-

2146 3807 2282 3859 ραις
2298 3788 2447 3853 Λὼτ,
2466 3788 2939 3857 ἤσθιον,ἕπινον,
2968 3788 3062 3840 καὶ
3089 3786 3156 3839 τὰ
3169 3785 3314 3855 ἑξῆς·
3336 3778 3416 3856 τῌ
3442 3782 3510 3835 δὲ
3536 3782 3724 3852 ἡμέρᾳ

2153 3878 2374 3947 ἐξῆλθε
2415 3877 2545 3933 Λὼτ
2584 3878 2703 3932 ἀπὸ
2744 3875 3021 3945 Σοδόμων
3045 3875 3245 3945 ἔϐρεξε
3280 3875 3399 3943 πῦρ
3423 3875 3523 3927 ἀπ’
3552 3876 3749 3945 οὐρα-ο

2155 3969 2266 4024 νοῦ
2301 3969 2399 4023 καὶ
2439 3968 2715 4023 ἀπώλεσε
2760 3968 3011 4034 πάντας.
3059 3966 3219 4021 Κατὰ
3256 3966 3327 4019 τὰ
3361 3966 3514 4019 αὐτὰ
3554 3964 3725 4018 ἔσται

2153 4056 2193 4133 ᾗ
2234 4063 2423 4131 ἡμέρᾳ
2462 4065 2495 4116 ὁ
2537 4063 2668 4127 Υἱὸς
2708 4062 2814 4117 τοῦ
2854 4059 3168 4129 ἀνθρώπου
3213 4059 3719 4113 ἀποκαλύπτεται·

2159 4156 2361 4226 σφόδρα
2396 4156 2720 4227 ἀπορῤήτως
2763 4154 2857 4207 καὶ
2903 4152 3149 4224 φοϐερῶς
3179 4151 3442 4204 διδάσκων
3476 4152 3558 4204 ὃτι
3594 4149 3725 4220 πυρὶ

2156 4248 2250 4299 καὶ
2288 4247 2416 4317 θείῳ
2445 4249 2540 4301 ἀπ’
2571 4246 2799 4318 οὐρανοῦ
2833 4245 3312 4316 καταπεμπομένῳ
3346 4244 3472 4306 τοὺς
3513 4240 3726 4302 ἀσεϐεῖς

2156 4328 2437 4408 πάνταςνὴ
2486 4339 2621 4409 ὀργὴ
2662 4337 3070 4409 μετελεύσεται’
3109 4335 3189 4390 διὸ
3228 4338 3338 4399 τοῖς
3390 4334 3488 4404 μὲν
3516 4333 3726 4405 ἡμέραν

489 4419 641 4477 ϐ’ιηῖ
680 4418 831 4473 Vobis
856 4422 968 4473 Ita'c
995 4420 1126 4486 dies,
1157 4421 1389 4474 tenebrat
1412 4431 1458 4475 et
1487 4436 1592 4474 non
1620 4418 1736 4483 lux,
1767 4421 1878 4474 dies
1916 4432 2051 4473 tene-

2155 4430 2359 4500 ταύτην
2391 4429 2677 4498 ἐπιστῆναι
2710 4427 3022 4498 εὐχομένοις
3070 4425 3321 4480 ἀσεϐέσιν
3348 4426 3381 4496 ἡ
3415 4421 3726 4494 προφητικὴ

487 4515 702 4569 brorum
725 4521 773 4566 et
803 4512 1070 4581 caliginis,
1091 4513 1200 4566 dies
1235 4513 1553 4565 calamitatis
1586 4521 1635 4565 et
1669 4514 1961 4565 exterminii
1984 4511 2050 4571 ’9.

489 4604 693 4661 Sedulo
717 4614 899 4658 autem
927 4604 1189 4658 Servator
1219 4604 1307 4658 hic
1336 4618 1549 4673 quoque
1578 4605 1741 4669 cavit,
1766 4603 2053 4673 quominus

487 4701 696 4756 diceret
751 4701 927 4768 ignem
961 4708 1016 4753 et
1052 4698 1225 4753 sul-fur
1269 4707 1430 4752 antea
1464 4698 1603 4752 curio
1633 4698 1834 4767 pluisse
1868 4698 1920 4749 in
1949 4697 2051 4749 im‘

488 4794 608 4866 pios
656 4791 1020 4846 Sodomorum
1063 4793 1429 4873 eives,quam
1477 4789 1645 4845 Lotus
1675 4804 1925 4859 egressus
1958 4803 2051 4843 eo-

489 4903 609 4944 rum
635 4894 778 4940 cwtu
807 4894 1176 4953 separaretur.
1210 4881 1302 4937 Sic
1325 4882 1583 4937 diluvium
1623 4896 1796 4951 neque
1828 4882 2054 4935 inunda-

489 4979 589 5047 vit,
645 4992 818 5046 neque
870 4975 1060 5029 mersit
1104 4973 1387 5028 universos
1421 4973 1569 5026 orbis
1618 4973 1842 5038 incolas,
1872 4973 2053 5040 prius-

490 5088 651 5142 quam
707 5068 955 5125 Noachus
1008 5070 1059 5121 in
1110 5080 1292 5120 arcani
1332 5066 1601 5119 introiret.
1635 5063 1712 5117 lta
1752 5079 1971 5133 prorsus
2001 5064 2053 5116 in

491 5167 677 5222 mundi
719 5162 1185 5222 consummatione
1232 5161 1370 5215 haud
1404 5170 1528 5213 ante
1571 5170 1892 5212 eventurum
1931 5174 2052 5227 per-

492 5242 732 5315 euntium
767 5259 1052 5328 impiorum
1084 5255 1344 5307 diluvium
1398 5253 1496 5313 ait,
1528 5266 1687 5319 quam
1740 5251 1790 5302 in
1840 5248 2048 5303 ctelesti

495 5366 621 5407 arca
657 5360 1054 5420 congregemur
1093 5347 1390 5402 incolumes
1437 5345 1765 5414 quicumque
1813 5353 1940 5395 tunc
1978 5341 2047 5411 pii

495 5444 742 5500 homines
768 5453 945 5509 erunt,
983 5454 1206 5512 prorsus
1237 5447 1294 5492 ut
1320 5436 1524 5491 Noacbi
1568 5432 1868 5503 exetnplum
1904 5446 2052 5486 reno-

2159 4521 2309 4592 φωνὴ
2336 4519 2741 4573 ὲπανατείνεται
2770 4517 3026 4586 λέγουσα·
3055 4517 3199 4571 Οὐαὶ
3221 4519 3273 4569 οι
3298 4513 3729 4582 ἐπιθυμοῦντες

2157 4611 2272 4681 τὴν
2301 4610 2528 4681 ἡμέραν
2577 4610 2834 4679 Κυρίου]
2876 4610 3003 4666 Ἵνα
3047 4610 3105 4663 τί
3122 4626 3140 4674 ;
3172 4608 3340 4677 Ὑμῖν
3370 4607 3525 4674 αὕτη
3556 4607 3728 4665 ἔσται

2157 4703 2393 4767 σκότος,
2427 4700 2525 4755 καὶ
2560 4703 2632 4755 οὐ
2663 4698 2808 4770 φῶς,
2838 4700 3030 4770 ἡμέρα
3054 4702 3315 4765 σκότους
3346 4697 3443 4753 καὶ
3473 4698 3721 4768 γνόφου,

2155 4794 2343 4865 ἡμέρα
2379 4794 2779 4862 ταλαιπωρίας
2833 4791 2931 4847 καὶ
2994 4791 3353 4862 ἀφανισμοῦ.
3414 4788 3628 4860 Σφόδρα
3668 4786 3724 4839 δὲ

2156 4888 2395 4960 ἀκριϐῶς
2429 4889 2521 4941 καὶ
2548 4885 2780 4940 ἐνταῦθα
2812 4887 3077 4957 ἐτήρησεν
3099 4889 3127 4939 ὁ
3152 4885 3340 4955 Σωτὴρ
3377 4884 3436 4936 οὐ
3466 4882 3728 4954 πρότερον

2156 4979 2216 5031 τὸ
2250 4978 2360 5050 πῦρ
2403 4976 2570 5030 εἰπὼν
2603 4976 2696 5031 ἀπ’
2737 4975 2964 5049 οὐρανοῦ
3013 4976 3107 5029 καὶ
3153 4976 3214 5028 τὸ
3261 4975 3400 5028 θεῖον
3433 4971 3729 5042 κατεληλυ-

2161 5069 2306 5122 θέναι
2340 5070 2429 5122 ἐπὶ
2458 5072 2581 5133 τοὺς
2607 5070 2665 5121 ὲν
2692 5067 2944 5138 Σοδόμοις
2975 5066 3212 5129 ἀσεϐεῖς,
3243 5065 3276 5136 ἢ
3309 5065 3399 5117 τὸν
3430 5062 3553 5117 Λὼτ
3584 5062 3729 5129 ἐξελ-

2158 5157 2288 5221 θεῖν,
2325 5161 2418 5211 καὶ
2455 5157 2789 5229 χωρισθῆναι
2839 5155 2896 5222 ἐξ
2936 5156 3134 5211 αὐτῶν.
3179 5153 3333 5209 Uine)
3366 5153 3461 5206 καὶ
3499 5153 3592 5206 ἐπὶ
3633 5150 3725 5204 τοῦ

2156 5250 2536 5321 κατακλυσμοῦ
2569 5251 2629 5302 οὐ
2659 5249 2922 5320 πρότερον
2952 5248 3185 5317 ἐπῆλθεν
3209 5242 3363 5308 οὗτος
3396 5244 3491 5299 καὶ
3521 5246 3723 5304 πάντας

2155 5341 2401 5396 ἀπώλεσε
2429 5345 2553 5407 τοὺς
2584 5342 2724 5396 κατά
2755 5343 2857 5413 γῆν
2885 5340 3186 5402 οἰκοῦντας,
3217 5339 3250 5409 ἢ
3286 5339 3376 5391 τὸν
3404 5336 3529 5390 Νῶε
3559 5333 3723 5388 εἰσελ-

2158 5434 2268 5489 θεῖν
2308 5438 2387 5499 εἰς
2423 5435 2520 5506 τὴν
2564 5433 2814 5488 κιϐωτόν.
2862 5432 3016 5486 Κατά
3044 5430 3111 5484 τὰ
3142 5430 3282 5483 αὑτά
3311 5429 3484 5482 τοίνυν
3511 5427 3603 5493 καὶ
3633 5422 3723 5477 ἐπὶ

563 5626 611 5662 ³⁸
633 5626 763 5683 Luc.
795 5643 924 5692 xvn,
949 5624 1042 5682 95.
1080 5626 1125 5657 "
1149 5624 1335 5680 Matth.
1366 5638 1513 5687 χχιι,
1534 5615 1626 5676 ili.
1703 5620 1748 5651 “
1778 5619 2051 5674 Lucam.

2156 5655 2172 5674 .
2246 5619 2288 5650 ’⁷
2326 5618 2457 5673 ibid.
2658 5614 2850 5670 “Luc.
2887 5628 3014 5679 xvu,
3043 5611 3227 5667 9&30.
3306 5612 3350 5645 ’τ
3371 5612 3536 5665 Amos
3561 5624 3613 5674 v,
3641 5604 3726 5661 18.

565 5723 676 5799 (66)
708 5721 907 5778 Confer
938 5722 1298 5793 Theophanis:
1332 5720 1690 5791 fragmentum
1720 5732 1772 5786 x,
1792 5716 1895 5772 col.
1916 5714 2046 5770 655.
