4108 6204
318 323 418 391 885

1516 320 2018 386 COMMENTARIA
2053 328 2118 383 ΙΝ
2138 394 2141 397 Α
2158 329 2290 385 LUC
2300 328 2406 384 AM.

3444 328 3599 404 586‘

313 448 409 519 τῆς
440 441 753 509 συντελείας
779 442 840 498 οὐ
869 438 1135 518 πρότερον
1160 440 1376 499 ἔσεσθαι
1399 445 1490 499 τὸν
1516 444 1893 517 κατακλυσμὸν

1999 454 2169 502 vetur.
2199 445 2404 511 Quibus
2430 444 2593 501 etiam
2619 448 2897 505 commode
2937 452 3147 507 dicetur
3175 454 3553 522 propheticum

312 540 415 611 τῆς
461 536 736 601 ἀπωλείας
766 537 874 592 τῶν
907 537 1117 591 ἀσεϐῶν
1151 554 1335 609 φησιν,
1370 538 1403 608 ἢ
1449 538 1775 609 συναχθῆναι
1809 540 1888 602 είς

312 634 417 705 τὴν
459 631 779 704 ἐπουράνιον
828 632 922 685 τοῦ
970 632 1105 685 Θεοῦ
1141 631 1392 695 κιϐωτὸν,
1436 632 1528 685 καὶ
1561 631 1888 701 διασωθῆναι

312 729 443 791 τοὺς
468 726 586 780 τότε
611 724 1070 797 εὑρεθησομένους
1091 725 1185 778 τοῦ
1210 724 1345 778 Θεοῦ
1379 724 1716 795 ἀνθρώπους,
1748 724 1888 778 κατά

315 818 379 872 τὸ
409 819 755 890 παράδειγμα
781 817 842 871 τὸ
871 819 964 871 ἐπὶ
1010 817 1104 871 τοῦ
1139 817 1262 871 Νῶε
1282 834 1295 847 ’
1330 813 1411 881 οἷς
1438 818 1529 871 καὶ
1568 817 1887 889 λεχθήσεται

316 911 461 966 κατά
504 909 690 982 καιρόν
739 911 800 963 τὸ
848 909 1185 984 προφητικὸν
1232 912 1432 963 ἐκείνω
1476 907 1700 975 Βάδιζε,
1737 910 1886 976 λαός

309 1020 451 1073 μου,
482 1002 721 1056 εἴσελθε
756 1004 842 1066 εὶς
864 1002 931 1056 τὸ
953 1002 1193 1073 ταμεῖόν
1217 1014 1355 1066 σου,
1388 1002 1483 1055 καὶ
1506 1002 1575 1053 τὰ
1605 1001 1749 1072 ἑξῆς,
1774 1001 1885 1066 ἕως

311 1088 389 1149 οὗ
437 1093 719 1162 παρέλθοι
763 1095 802 1161 ἡ
846 1093 992 1164 ὀργὴ
1039 1094 1291 1162 Κυρίου·
1326 1094 1514 1165 ὥσπερ
1550 1092 1645 1145 καὶ
1672 1092 1765 1145 ἐπὶ
1792 1091 1885 1146 τοῦ

310 1184 435 1238 Λὼτ
460 1184 735 1257 ἐποίησεν,
769 1188 856 1240 ἴνα
900 1187 972 1258 μὴ
1011 1178 1060 1239 oi
1104 1185 1298 1238 δίκαιοι
1345 1184 1744 1239 συναπόλωνται
1776 1185 1890 1247 τοῖς

310 1277 595 1331 ἀσεϐέσιν
629 1278 802 1343 οὕτως
835 1278 927 1332 καὶ
975 1279 1066 1331 ὲπὶ
1096 1279 1195 1348 τῆς
1239 1277 1546 1340 συντελείας
1575 1275 1666 1329 τοῦ
1694 1276 1889 1340 αἰῶνος

312 1370 372 1422 οὐ
406 1369 672 1441 πρότερον
702 1369 837 1441 αὕτη
874 1369 1044 1433 ἔσται,
1075 1369 1107 1440 ἢ
1152 1369 1363 1432 πάντας
1411 1370 1535 1432 τοὺς
1565 1368 1656 1420 ἐπὶ
1684 1368 1785 1439 γῆς
1813 1368 1892 1420 δι-

312 1462 500 1526 καίους
540 1464 636 1517 καὶ
677 1462 948 1526 θεοσεϐεῖς
978 1462 1337 1533 ἀφορισθῆναι
1375 1461 1483 1514 τῶν
1518 1460 1751 1523 ἀσεϐῶν,
1797 1460 1890 1514 καὶ

1995 538 2122 592 illud
2155 554 2168 590 :
2204 535 2370 601 Vade,
2411 537 2597 607 popula
2618 552 2780 603 meus,
2812 544 2952 596 intra
2970 542 3023 596 in
3047 545 3349 601 cubiculum
3382 556 3552 615 tuum,

1994 641 2048 686 et
2097 630 2332 699 reliqua;
2385 631 2546 685 donec
2582 642 2811 686 transeat
2867 635 3158 705 indignatio
3213 637 3425 692 Domini
3446 640 3541 694 3°:

1992 739 2091 779 ceu
2143 724 2277 779 Loto
2330 725 2546 787 accidit,
2580 741 2646 781 ne
2699 728 2824 781 boni
2876 743 2996 783 cum
3055 729 3313 799 improbis
3368 742 3542 787 morte

1994 817 2330 873 irretiantur.
2370 817 2447 872 Ita
2489 818 2673 873 sreculi
2716 821 3112 875 consummatio
3137 837 3242 877 non
3275 833 3401 878 ante
3430 839 3557 879 eve-

1995 909 2122 975 niet,
2156 925 2315 979 quam
2342 910 2470 979 justi
2498 919 2763 981 quotquot
2789 911 2841 964 in
2872 911 3004 966 orbe
3031 922 3193 966 erunt
3222 926 3284 968 ac
3316 912 3551 984 religiosi

1996 1001 2060 1055 ab
2081 1001 2339 1071 improbis
2368 1002 2773 1068 discernantur,
2802 1012 2965 1071 atque
2994 1002 3047 1056 in
3074 1004 3279 1058 ctelesti
3305 1004 3397 1059 Dei
3430 1021 3558 1060 arca

1994 1094 2404 1147 concludantur.
2426 1092 2579 1149 Tunc
2604 1095 2748 1148 enim
2774 1096 2990 1150 nemine
3008 1096 3119 1167 jam
3144 1097 3286 1152 inter
3310 1097 3558 1155 homines

1990 1184 2136 1254 justo
2186 1186 2501 1255 superstite,
2556 1186 2649 1241 sed
2712 1186 3027 1258 irreligiosis
3083 1188 3333 1244 omnibus
3393 1199 3555 1261 atque

1996 1279 2239 1334 scelestis
2283 1280 2383 1334 sub
2418 1279 2738 1334 Antichristi
2784 1280 2980 1335 vexillo
3019 1281 3357 1353 degentibus,
3387 1292 3550 1352 atque

1997 1370 2267 1438 apostasia
2311 1378 2421 1422 toto
2459 1370 2592 1424 orbe
2639 1369 2854 1436 diﬂ‘usa,
2883 1370 2963 1425 ira
2998 1372 3214 1427 demum
3253 1372 3345 1428 Dei
3372 1372 3561 1443 plenos

1996 1461 2290 1516 sceleribus
2322 1462 2565 1517 homines
2594 1462 2830 1518 invadet.

312 1558 644 1630 συναχθῆναι
683 1561 761 1622 εἰς
809 1559 905 1629 τὴν
956 1558 1272 1630 ἐπουράνιον
1304 1558 1398 1612 τοῦ
1453 1558 1586 1611 Θεοῦ
1650 1557 1916 1645 κιϐωτόν·
1988 1554 2127 1611 οὕτω
2175 1558 2282 1627 γὰρ
2342 1558 2536 1630 μηκέτι
2594 1559 2821 1630 μηδενὸς
2872 1561 3077 1614 δικαίου
3142 1563 3201 1616 ὲν
3258 1561 3565 1634 ἀνθρώποις

311 1652 721 1724 εὑρισκομένου,
756 1653 971 1706 πάντων
1000 1652 1056 1704 δὲ
1083 1651 1256 1705 ἀθέων
1282 1651 1491 1705 ἀσεϐῶν
1522 1651 1628 1704 τῶν
1649 1650 1753 1704 ὑπὸ
1780 1650 1874 1704 τοῦ
1926 1651 2284 1722 ’Λντιχρίστου
2314 1651 2628 1720 γεγονότων,
2656 1651 2756 1722 τῆς
2797 1671 2855 1705 τε
2883 1654 3217 1719 ἀποστασίας
3256 1657 3374 1711 καθ’
3439 1657 3566 1728 ὅλης

312 1744 414 1816 τῆς
445 1745 767 1817 οίκουμένης
811 1746 1180 1818 κραησάσης,
1225 1747 1259 1816 ἡ
1298 1743 1391 1797 τοῦ
1423 1744 1555 1798 Θεοῦ
1582 1744 1718 1817 ὀργὴ
1758 1746 1885 1808 τοὺς
1922 1744 2136 1808 ἀσεϐεῖς
2178 1744 2576 1815 μετελεύσεται.

432 1839 537 1891 Ἐν
572 1836 772 1907 ἐκείνῃ
810 1838 886 1905 τῇ
923 1836 1112 1908 ἡμέρᾳ
1142 1838 1208 1903 ὃς
1241 1834 1520 1908 ἂνμὲσται
1547 1836 1645 1889 ἐπὶ
1674 1835 1780 1891 τοῦ

837 1906 1119 1977 δώματος,
1152 1926 1206 1961 κ.
1244 1925 1294 1960 τ.
1328 1906 1377 1959 λ.

388 1996 648 2073 Σημαίνει
681 2001 738 2054 δὲ
782 1998 870 2055 διὰ
900 2001 1102 2055 τούτων
1146 2000 1236 2053 τὸν
1279 2000 1420 2053 κατά
1470 2000 1578 2052 τῶν
1622 1997 1889 2053 θεοσεϐῶν

313 2095 805 2166 ὲπενεχθησόμενον
824 2093 1061 2165 διωγμόν
1083 2093 1186 2146 ὑπὸ
1209 2093 1303 2146 τοῦ
1325 2091 1440 2145 υἱοῦ
1464 2092 1564 2162 τῆς
1596 2091 1885 2155 ἀπωλείας.

321 2188 570 2260 Ἦμέραν
592 2188 649 2242 δὲ
676 2187 889 2259 ἐκείνην
920 2185 1173 2257 ὀνομάζει
1203 2185 1293 2239 τὸν
1324 2185 1511 2257 χρόνον
1546 2184 1637 2237 τὸν
1665 2184 1769 2257 πρὸ
1792 2183 1891 2254 τῆς

316 2281 647 2345 συντελείας,
682 2284 738 2335 ὲν
769 2273 813 2348 ᾦ
838 2296 1031 2351 φησιν·
1075 2279 1138 2331 '0
1166 2280 1401 2348 φεύγων
1431 2277 1517 2347 μὴ
1548 2274 1892 2345 ἐπιστρεφέ-

315 2393 415 2439 τω,
466 2372 620 2444 μηδὲ
661 2370 923 2443 μιμητὴς
967 2371 1220 2441 γινέσθω
1262 2370 1373 2438 τῆς
1417 2370 1700 2440 γυναικὸς
1740 2368 1888 2436 Λὼτ,

315 2468 439 2537 ἥτις
470 2465 607 2537 μετά
637 2465 699 2518 τὸ
728 2467 917 2535 φυγεῖν
946 2464 1040 2518 καὶ
1065 2462 1169 2528 ἔξω
1190 2462 1443 2531 γενέσθαι
1468 2463 1566 2534 τῆς
1589 2460 1891 2532 Σοδομιτῶν

317 2558 524 2631 χώρας,
558 2559 855 2630 στραφεῖσα
888 2558 967 2619 είς
992 2554 1059 2609 τὰ
1095 2554 1288 2620 ὀπίσω,
1320 2553 1696 2625 ἀπενεκρώθη,
1723 2553 1888 2624 στήλη

321 2652 449 2715 ἁλὸς
497 2650 781 2722 γενομένη.
845 2648 1103 2718 Ἀφειδεῖν
1156 2647 1263 2721 γὰρ
1311 2646 1433 2699 τότε
1485 2648 1750 2718 προσήκει
1795 2646 1893 2716 οὐχ

318 2744 671 2816 ὑπαρχόντων
705 2741 881 2813 μόνον,
903 2739 1039 2794 ἀλλά
1061 2741 1152 2794 καὶ
1183 2741 1281 2811 τῆς
1316 2731 1522 2792 ἑαυτῶν
1551 2739 1693 2808 ζωῆς
1720 2755 1777 2791 τε
1798 2738 1894 2791 καὶ

316 2836 493 2908 ψυχῆς
533 2835 656 2898 τοὺς
700 2835 758 2887 ὲν
799 2834 945 2905 μέσῳ
979 2834 1077 2903 τῆς
1117 2831 1449 2894 ἀποστασίας
1480 2828 1893 2899 καταληφθησο-

322 2928 537 3000 μένους,
571 2928 797 2997 μήποτε,
832 2925 1180 2996 βουληθέντες
1224 2926 1322 2994 τῆς
1364 2922 1572 2975 ἑαυτῶν
1610 2921 1893 2993 περιποιής

320 3020 516 3080 αρισθαι
549 3019 879 3091 προσκαίρου
912 3016 1077 3088 ζωῆς,
1111 3016 1206 3069 σὺν
1236 3013 1406 3087 ταύτῃ
1435 3014 1528 3067 καὶ
1555 3011 1653 3084 τὴν
1679 3010 1895 3065 αἰώνιον

319 3111 464 3182 ζωὴν
534 3108 874 3174 ἀπολέσειαν,
941 3108 1006 3176 τῇ
1060 3103 1363 3175 ἀποστασία
1422 3103 1647 3164 ἑαυτοὺς
1714 3116 1895 3172 παρα-

317 3204 520 3267 δόντες.

324 3296 515 3362 Ταύτῃ
533 3292 608 3361 τῇ
622 3292 794 3346 νυκτὶ
814 3291 1054 3345 ἔσονται
1072 3288 1179 3341 δύο
1198 3286 1295 3340 ἐπὶ
1313 3286 1526 3353 κλίνης
1536 3282 1697 3354 μιᾶς,
1710 3302 1745 3337 κ
1778 3301 1828 3335 τ.
1842 3282 1892 3335 λ.

388 3385 601 3455 Σφόδρα
628 3384 685 3437 δὲ
715 3378 1040 3452 θαυμαστῶς
1076 3378 1167 3431 τὸν
1210 3378 1307 3449 τῆς
1344 3374 1676 3437 ἀποστασίας
1708 3372 1897 3445 καιρὸν

318 3478 416 3531 καὶ
442 3478 541 3549 τὴν
588 3476 846 3545 στέρησιν
886 3470 980 3525 τοῦ
1023 3470 1210 3543 νοεροῦ
1252 3468 1465 3539 λογικοῦ
1511 3464 1687 3538 φωτός
1726 3465 1899 3519 νύκτα

321 3576 598 3646 ὠνόμασε’
634 3560 827 3634 νυκτὸς
852 3568 960 3640 γὰρ
988 3568 1082 3621 καὶ
1110 3566 1331 3629 σκότους
1365 3564 1561 3637 χείρων
1589 3565 1622 3634 ἡ
1646 3561 1766 3614 τότε
1791 3559 1897 3613 τῶν

323 3666 625 3739 ἀνθρώπων
656 3663 808 3715 ἔσται
836 3660 1166 3722 κατάστασις
1206 3656 1294 3710 διά
1322 3657 1420 3727 τὴν
1451 3654 1897 3725 ἐπικρατήσασαν

319 3758 498 3814 αὐτῶν
533 3755 716 3811 ἀνοιάν
743 3771 804 3806 τε
826 3754 920 3806 καὶ
963 3750 1189 3821 πλάνην.
1218 3747 1307 3800 Διό
1340 3762 1493 3818 φησι·
1526 3741 1687 3813 Λέγω
1722 3741 1895 3811 ὑμῖν

319 3851 435 3904 Δύο
463 3849 709 3902 ἔσονται
739 3843 837 3897 ἐπὶ
865 3842 1078 3908 κλίνης
1102 3839 1200 3893 καὶ
1229 3838 1337 3892 δύο
1361 3836 1457 3890 ἐπὶ
1479 3832 1777 3905 μυλῶνος,
1811 3825 1899 3897 εἷς

319 3936 929 4011 παραλαμϐανόμενος
959 3933 1039 3996 ὡς
1071 3930 1383 3998 ἀλλότριος
1420 3925 1529 3994 τῆς
1564 3923 1766 3995 ὀργῆς,
1796 3919 1897 3975 καὶ

319 4029 777 4101 εἷς’άεριέμενος,
808 4026 964 4080 ὥστε
1005 4022 1081 4093 τῇ
1126 4020 1271 4092 ὀργῇ
1310 4018 1899 4088 παραδοθησόμενος,

323 4131 356 4183 ὀ
396 4125 772 4193 θησαυρίσας
795 4116 985 4184 ἑαυτῷ
1014 4115 1199 4187 ὀργὴν
1236 4115 1306 4167 ἐν
1341 4112 1530 4181 ἡμέρᾳ
1568 4108 1777 4180 ὀργῆςο
1832 4107 1897 4160 δι’

322 4212 397 4273 ὧν
428 4217 721 4286 παρίστησι
750 4213 840 4266 τὸν
871 4208 1148 4281 χωρισμὸν
1170 4205 1277 4259 τῶν
1304 4203 1472 4272 ἀγίων
1521 4202 1613 4255 καὶ¹
1638 4196 1899 4267 θεοφιλῶν

322 4308 511 4382 ψυχῶν
545 4306 636 4360 τὸν
666 4304 772 4358 ἀπὸ
794 4303 899 4355 τῶν
926 4298 1158 4355 ἀσεϐῶν.
1189 4296 1306 4349 Ἵνα
1339 4294 1448 4366 γὰρ
1480 4292 1553 4365 μὴ
1578 4288 1900 4361 ἀδιακρίτως

322 4400 623 4457 ἐπελθοῦσα
674 4400 707 4469 ἡ
762 4395 898 4467 ὀργὴ
936 4395 1029 4447 καὶ
1068 4391 1176 4445 τῶν
1226 4387 1446 4442 δικαίων
1494 4382 1897 4456 παραλήψεται,

322 4491 610 4566 προλαϐὼν
647 4490 675 4542 ὁ
714 4488 846 4551 Θεὸς
880 4486 1066 4557 ὥσπερ
1104 4483 1194 4535 τὸν
1241 4479 1364 4535 Λὼτ
1406 4476 1746 4549 προεξήγαγε
1799 4473 1899 4541 τῆς

323 4554 573 4656 Σοδόμων
611 4579 1010 4652 καταστροφῆς.
1038 4554 1169 4628 ἽΤὸν
1216 4572 1377 4627 αὑτὸν
1415 4570 1612 4641 τρόπον
1650 4566 1743 4620 καὶ
1793 4566 1898 4636 πρὸ
1928 4554 1973 4609 Ῐ)

323 4680 423 4751 τῆς
450 4676 774 4737 συντελείας,
808 4673 935 4744 πρὶν
965 4668 1208 4723 ἐπελθεῖν
1237 4665 1332 4736 τὴν
1368 4661 1509 4716 κατά
1537 4660 1643 4714 τῶν
1685 4657 1895 4712 ἀσεϐῶν

324 4772 515 4845 ὀργὴν,
534 4771 621 4823 ἵνα
646 4768 720 4840 μὴ
743 4767 837 4820 σὺν
864 4763 940 4836 τῷ
963 4764 1150 4833 κόσμῳ
1174 4756 1575 4830 κατακριθῶσιν
1602 4754 1652 4806 οἱ
1673 4753 1893 4816 δίκαιοι,

323 4862 601 4939 χωρισμὸς
627 4863 775 4915 ἔσται
803 4858 909 4913 τῶν
934 4853 1195 4926 θεοφιλῶν
1218 4850 1422 4923 ψυχῶν,
1453 4846 1696 4917 ἀγγέλων
1727 4844 1895 4907 αὑτὰς

320 4952 855 5029 διαχωριζόντωνδκαὶ
872 4962 946 5003 πα
955 4944 1355 5021 ραληψομένωνο
1377 4940 1516 4994 ὥστε
1541 4941 1597 4992 ὲν
1618 4939 1720 5029 μιᾷᾼ
1735 4953 1897 5029 στρω-

323 5027 432 5123 μνῆ
460 5027 604 5101 δυοῖν
645 5042 1052 5113 κατακειμένων
1088 5040 1182 5091 ἕνα
1229 5035 1326 5107 μὲν
1356 5028 1444 5088 τὸν
1479 5031 1570 5085 τοῦ
1590 5027 1723 5123 Θεοῦ
1750 5028 1896 5123 ἀξιον

320 5120 865 5212 παραλαμϐάνεσθαι,
903 5135 993 5186 τὸν
1019 5132 1077 5184 δὲ
1112 5130 1297 5199 ἕτερον
1347 5121 1790 5185 καταλείπεσθαι,
1818 5120 1894 5183 ὼς

323 5236 473 5301 ἀξιον
516 5233 613 5302 τῆς
648 5232 764 5283 τότε
800 5224 1246 5295 καταληψομένης
1291 5222 1415 5283 τοὺς
1444 5217 1659 5277 ἀσεϐεῖς
1702 5212 1891 5285 ὀργῆς.

324 5328 432 5380 Καὶ
456 5326 550 5378 ἐπὶ
570 5324 675 5376 τῶν
701 5323 787 5391 ὑφ’
815 5320 893 5375 ἑνὶ
919 5316 1118 5389 μυλῶνι
1145 5311 1475 5382 ἀληθουσῶν,
1506 5311 1535 5363 ό
1559 5306 1717 5370 αὐτὸς
1740 5306 1894 5374 λόγος

328 5416 500 5472 ἔσται.
553 5414 879 5486 Ἀληθούσας
924 5411 981 5464 δὲ
1027 5408 1271 5478 ὠνόμασε
1317 5403 1414 5468 τὰς
1455 5404 1545 5457 τὸν
1580 5400 1769 5471 εὐτελῆ
1802 5401 1894 5452 καὶ

2124 1835 2167 1866 ³¹
2198 1835 2503 1907 Quicunque
2534 1835 2626 1891 illa
2656 1837 2742 1891 die
2769 1838 2928 1908 fuerit
2953 1839 3005 1893 in
3035 1850 3189 1909 tecto,
3210 1854 3318 1898 etc.

2068 1988 2180 2045 lloc
2205 1990 2350 2046 dicto
2380 1992 2653 2063 signiﬁcat
2688 1998 3120 2065 persecutionem
3170 2014 3331 2069 quam
3378 2001 3569 2056 adver-

1999 2097 2092 2136 sus
2126 2081 2297 2138 bonos
2332 2085 2630 2141 concitabit
2677 2089 2996 2158 perditionis
3051 2090 3212 2147 (ilius.
3267 2092 3381 2147 Diei
3433 2108 3564 2150 vero

1997 2174 2139 2230 illius
2166 2176 2384 2231 nomine
2419 2178 2657 2246 appellat
2701 2189 2933 2249 tempus,
2975 2183 3119 2252 quod
3147 2186 3566 2240 consummatio-

1998 2281 2120 2320 nem
2171 2268 2418 2337 proxime
2452 2272 2751 2338 praecedet;
2786 2287 2893 2340 quo
2946 2282 3210 2341 tempore,
3262 2275 3358 2336 ait.
3402 2289 3561 2331 nemo

1999 2360 2276 2429 respiciat,
2306 2378 2482 2430 neque
2511 2364 2631 2417 Loti
2660 2380 2885 2418 uxorem
2918 2366 3182 2432 imitetur,
3206 2382 3327 2437 quae
3358 2368 3411 2422 in
3436 2366 3562 2437 fuga

1998 2463 2280 2523 postquam
2328 2454 2729 2511 Sodomitarum
2782 2457 2917 2511 ﬁnes
2953 2470 3280 2527 excesserat,
3320 2475 3441 2514 cum
3479 2477 3567 2517 re-

1998 2546 2210 2615 spicere
2266 2547 2541 2614 voluisset,
2575 2550 2627 2602 in
2670 2560 2898 2604 mortem
2946 2551 3158 2617 incidit,
3215 2558 3394 2605 statua
3433 2552 3565 2609 salis

1999 2638 2211 2693 eil‘ecta.
2265 2639 2525 2709 Prodigos
2557 2642 2702 2695 enim
2741 2650 2868 2697 tunc
2897 2656 3017 2697 esse
3056 2652 3272 2713 Oportet
3324 2659 3432 2698 non
3483 2646 3565 2701 rei

1998 2728 2284 2787 familiaris
2320 2733 2715 2797 tantummodo,
2745 2747 2931 2787 verum
2966 2734 3125 2789 etiam
3157 2735 3280 2790 vitae
3300 2750 3413 2791 sua:
3447 2736 3565 2790 ani-

2001 2837 2208 2891 maeque
2240 2822 2373 2895 (67),
2413 2837 2506 2878 eos
2536 2823 2626 2892 qui
2684 2824 2736 2877 in
2789 2825 3074 2894 apostasize
3112 2835 3325 2881 aetatem
3375 2828 3564 2881 incur-

2001 2928 2154 2984 rent;
2184 2932 2249 2972 ne
2282 2916 2408 2972 dum
2458 2916 2696 2970 animam
2731 2932 2883 2971 suam
2930 2932 3256 2974 conservare
3290 2928 3565 2990 tempora-

2000 3007 2145 3078 lique
2178 3010 2297 3064 vitae
2329 3022 2553 3080 parcere
2597 3010 2832 3073 student,
2860 3012 2999 3066 hanc
3030 3010 3192 3066 sim'ul
3223 3021 3276 3066 et
3303 3022 3562 3066 aeternam

2001 3101 2169 3155 vitam
2201 3102 2469 3167 amittant,
2501 3102 2626 3157 dum
2668 3118 2729 3158 se
2768 3104 3053 3173 apostasia:
3109 3104 3284 3160 victos
3330 3105 3563 3175 permit-

1925 3206 1968 3264 ο
2003 3200 2139 3247 tunt.

2160 3284 2203 3318 “
2232 3285 2336 3340 Illa
2365 3296 2512 3341 nocte
2537 3287 2641 3341 duo
2663 3297 2815 3341 erunt
2848 3288 2903 3341 in
2936 3288 3067 3343 lecto
3090 3306 3215 3354 uno,
3254 3298 3363 3345 etc:

2066 3376 2291 3432 litriiice
2319 3378 2602 3433 admodum
2634 3381 2918 3447 apostasia:
2956 3391 3163 3451 tempus
3193 3396 3255 3436 ac
3289 3384 3570 3444 rationalis

1998 3468 2280 3523 orbitatem
2328 3469 2545 3524 luminis
2586 3481 2799 3526 noctem
2855 3472 3161 3541 appellavit.
3204 3472 3372 3530 Nocte
3420 3479 3566 3534 enim

2001 3561 2348 3630 tenebrisque
2372 3562 2640 3616 deteriora
2672 3574 2832 3618 erunt
2861 3574 2986 3618 tunc
3027 3565 3307 3619 hominum
3346 3567 3563 3638 ingenia

1998 3664 2215 3724 propter
2239 3652 2462 3709 oﬂusam
2492 3655 2557 3710 iis
2583 3656 2873 3713 amentiam
2918 3666 3077 3726 atque
3096 3672 3357 3717 errorem.
3374 3659 3567 3726 ‘Quare

1999 3746 2072 3799 ait
2105 3761 2117 3800 :
2154 3745 2291 3802 Dico
2326 3746 2476 3801 vobis
2507 3763 2520 3800 :
2562 3748 2675 3802 Duo
2701 3758 2859 3803 erunt
2889 3749 2941 3803 in
2976 3748 3134 3814 lecto,
3164 3760 3217 3803 et
3252 3750 3357 3805 duo
3391 3751 3443 3805 in
3478 3751 3566 3821 pi-

2000 3834 2209 3904 strino;
2241 3854 2376 3893 unus
2416 3840 2795 3903 assumendus,
2823 3840 2948 3910 quia
2997 3840 3090 3894 ira:
3123 3842 3448 3909 immerens;
3480 3842 3564 3897 al-

2001 3936 2085 3981 ter
2116 3929 2520 3999 telinquendus,
2552 3940 2739 4001 utpote
2777 3914 2959 3987 ultrici
2999 3931 3095 3987 ira:
3140 3933 3443 3999 obnoxius,
3477 3935 3572 4005 qui

2001 4019 2103 4074 sibi
2133 4021 2380 4078 videlicet
2400 4023 2536 4078 iram
2566 4024 2953 4078 tltesaurizavit
2979 4025 3031 4078 in
3063 4025 3205 4080 diem
3229 4026 3341 4081 ἱνα).
3366 4026 3568 4093 Quam-

2001 4113 2187 4167 obrem
2226 4114 2369 4168 sistit
2405 4125 2718 4169 sanctarum
2758 4115 2976 4186 Deoque
3027 4117 3317 4171 chararum
3358 4118 3567 4172 anima-

2000 4217 2120 4257 rum
2165 4205 2233 4260 ab
2277 4204 2537 4277 improbis
2585 4208 2926 4263 divisionem.
2979 4209 3191 4265 Etenim
3252 4226 3321 4267 ne
3367 4222 3572 4267 temere

2001 4298 2389 4368 superveniens
2424 4299 2555 4353 ultio
2577 4300 2753 4371 justos
2789 4316 3006 4371 quoque
3035 4302 3283 4359 homines
3325 4304 3567 4373 corripe-

2003 4397 2107 4457 ret,
2133 4390 2282 4443 dedit
2316 4401 2527 4446 mature
2551 4406 2765 4461 operam
2797 4393 2939 4447 Deus
2970 4402 3027 4447 ut
3069 4392 3264 4449 Lotum
3302 4389 3569 4449 Sodomo-

2003 4494 2123 4533 rum
2146 4479 2311 4533 exitio
2341 4479 2683 4539 subduceret.
2747 4480 3008 4537 Similiter
3054 4484 3395 4554 impendente
3430 4499 3566 4541 con-

2004 4573 2403 4636 summatione,
2433 4575 2743 4644 priusquam
2800 4577 2997 4648 impios
3041 4578 3173 4633 ultio
3221 4578 3471 4645 invadat,
3501 4594 3571 4635 ne

2004 4683 2124 4720 cum
2158 4668 2356 4721 mundo
2384 4666 2519 4735 justi
2550 4668 2895 4736 damnentur,
2923 4669 3212 4725 discrimen
3240 4670 3331 4725 ﬁet
3357 4671 3565 4726 anima-

2002 4771 2120 4810 rum
2158 4756 2263 4812 Deo
2286 4758 2597 4823 chararum,
2637 4761 2844 4830 angelis
2872 4775 2964 4815 eas
3009 4759 3372 4816 dividentibus
3398 4771 3561 4831 atque

2001 4852 2399 4908 assumentibus
2430 4868 2443 4905 :
2484 4853 2556 4907 ita
2588 4862 2646 4907 ut
2678 4869 2708 4907 e
2737 4852 2945 4908 duobus
2987 4853 3039 4908 in
3081 4858 3268 4908 eodem
3302 4854 3441 4909 lecto
3477 4857 3566 4925 ja-

2002 4946 2269 5014 ceulibus,
2297 4963 2434 5002 unus
2463 4948 2653 5018 dignus
2686 4957 3013 5013 assumatur,
3046 4948 3186 5002 alter
3214 4948 3561 5018 derelinqua-

2006 5048 2120 5101 tur,
2148 5047 2333 5107 utpote
2380 5039 2599 5096 ultionis
2646 5056 2765 5111 qua:
2813 5051 2938 5096 tunc
2984 5042 3049 5097 de
3099 5041 3278 5111 impiis
3326 5050 3571 5095 sumetur

2004 5145 2237 5185 merens.
2270 5129 2526 5202 Idemque
2552 5135 2759 5189 accidet
2786 5135 2993 5188 duabus
3019 5148 3236 5203 quoque
3260 5133 3310 5187 in
3334 5132 3566 5202 pistrino

2002 5223 2470 5280 commolentibus.
2505 5226 2764 5280 Molentes
2806 5236 2983 5280 autem
3029 5226 3155 5279 dicit
3208 5224 3472 5292 feminas,
3510 5236 3568 5280 ut

2003 5316 2263 5384 signiticet
2291 5318 2431 5383 vilis,
2453 5319 2809 5389 pauperrimae
2830 5328 2993 5386 atque
3022 5317 3219 5372 intima:
3239 5319 3567 5375 conditionis

2002 5400 2267 5458 homines.
2293 5400 2545 5461 Jacentes
2570 5416 2750 5459 autem
2780 5406 2830 5458 in
2862 5405 3014 5460 lectis
3050 5405 3204 5472 dicit,
3237 5421 3336 5476 pro
3367 5408 3568 5464 liberae

404 5602 449 5634 ³⁸
482 5601 586 5655 lsa.
615 5615 766 5662 χχιιι,
790 5595 882 5652 9.0.
958 5596 999 5626 ³¹
1034 5595 1164 5649 Luc.
1198 5607 1331 5657 ιιι-ιι,
1370 5591 1459 5646 51.
1538 5586 1581 5619 ³⁸
1628 5587 1761 5643 Luc.
1786 5601 1919 5654 xvn,
1943 5584 2032 5641 ⁸54.

401 5738 655 5810 (67)Quo
687 5753 847 5810 sensu
898 5736 1089 5810 animae
1139 5750 1354 5810 quoque
1396 5749 1525 5803 su:e_
1551 5732 1806 5804 orodigus
1856 5731 2053 5800 aliquis
2114 5746 2235 5789 esse
2273 5732 2465 5802 possit,
2502 5731 2719 5804 .videsis
2759 5731 2897 5802 apud
2932 5731 3220 5788 Eusebium
3268 5730 3319 5784 in
3368 5729 3568 5787 nostris

332 5800 683 5881 τὴὶορίιᾶηἱιε
708 5808 1043 5879 fragmentis,
1074 5800 1176 5861 col.
1216 5804 1340 5859 671.

649 5904 918 5965 ΡΔτιιοι.
966 5901 1081 5965 Gn.
1128 5900 1358 5963 XXIV.

3180 5886 3253 5947 19
