4098 6200
535 341 645 405 ωτ
1200 335 1461 390 EUSEBII
1499 333 1961 389 CAESARIENSIS
1997 334 2147 391 OPP.
2188 333 2364 389 PARS
2397 334 2490 389 111.
2512 333 2598 375 ἰ*
2636 332 3049 393 EXEGETICA.
3647 336 3755 393 588

540 462 608 518 lis
659 471 713 515 et
756 460 911 513 lautae
958 456 1079 511 vitae
1137 456 1477 511 mortalibus.
1536 454 1684 510 Hanc
1726 456 1892 525 ipsam
1949 456 2096 511 locu-
2123 462 2158 518 Α

2134 462 2168 517 Α
2197 456 2448 527 πενιχρὸν
2475 455 2565 508 καὶ
2590 454 2813 526 ἔσχατον
2843 458 2900 508 ὲν
2925 454 3228 526 ἀνθρώποις
3251 453 3596 520 διαντλοῦσας
3622 457 3752 528 βίον·

542 552 743 606 tionem
773 551 934 603 habet
965 546 1162 615 Moysis
1192 545 1491 614 Scriptura,
1523 545 1614 598 ubi
1643 544 1840 599 dicitur
1870 560 2094 614 perven-

2193 544 2284 595 ὲπὶ
2323 544 2507 613 κλίνης
2532 544 2585 596 δὲ
2601 545 2725 605 τοὺς
2754 544 2843 595 τὸν
2882 545 3161 615 ἐλεύθερον
3187 547 3280 599 καὶ
3306 547 3490 599 ἄνετον
3510 546 3621 616 βίον
3644 564 3762 616 μετ-

540 652 660 697 tura
708 639 943 693 vindicta
987 652 1017 689 a
1063 635 1362 690 Pharaonis
1405 637 1763 708 primogenito
1813 650 1983 705 usque
2028 637 2092 689 ad

2195 635 2535 706 ερχομένους.
2566 634 2731 686 Τοῦτο
2751 635 2805 686 δὲ
2830 639 3165 706 παραστήσει
3187 639 3219 707 ή
3240 636 3514 700 Μωῦσέως
3575 639 3761 710 γραφὴ

539 732 827 787 mo‘lentem
860 726 1269 796 pinsentemque
1303 728 1357 781 in
1391 727 1641 797 pistrino.
1684 727 1918 783 Extremi
1948 728 2093 783 enim

2196 726 2252 777 ὲν
2350 742 2510 796 φησιν
2538 727 2568 777 6
2593 725 2750 793 λόγος
2785 725 2932 794 ἥξειν
2972 728 3068 798 τὴν
3094 727 3259 798 ὀργὴν
3289 727 3393 779 ἀπὸ
3419 730 3763 798 πρωτοτόκου

540 824 786 879 humanae
815 818 1141 873 conditionis
1173 818 1408 886 termini,
1436 820 1722 887 opulentus
1746 819 2017 884 videlicet,
2043 829 2098 874 et

2195 819 2413 890 Φαραὼ,
2465 820 2558 873 καὶ
2589 820 2692 881 ἓως
2726 820 2820 889 τῆς
2870 819 3170 890 ἀληθούσης
3218 822 3312 873 καὶ
3357 821 3663 890 πεσσούσης
3706 825 3766 877 ὲν

540 912 758 969 humilis
787 922 945 979 atque
971 909 1239 978 abiectus,
1275 910 1359 965 his
1389 912 1568 966 verbis
1611 913 1967 982 attinguntur.
2006 913 2097 967 Sic

2196 911 2273 981 τῷ
2308 911 2525 982 μυλῶνι.
2562 910 2642 961 Τὰ
2672 909 2778 981 γὰρ
2804 910 2946 980 ἄκρα
2974 910 3079 962 τῶν
3112 911 3229 963 κατ’
3262 910 3583 982 ἀνθρώπους
3611 912 3762 981 βίων,

538 1022 681 1061 nunc
734 1017 944 1075 quoque
1001 1002 1132 1056 duos
1173 1002 1225 1055 in
1272 1001 1413 1058 lecto
1464 1018 1571 1057 uno
1597 1005 1915 1059 memoravit
1950 1003 2099 1058 Scri-

2196 1002 2287 1055 τοῦ
2331 1019 2389 1054 τε
2435 1001 2642 1065 ἐνδόξου
2688 1002 2778 1054 τοῦ
2820 1002 3231 1074 ἀπερῤιμμένου
3267 1003 3361 1054 καὶ
3399 1004 3648 1072 ἐσχάτου,
3677 1004 3770 1058 διὰ

539 1110 694 1169 ptura
716 1138 732 1162 ,
763 1104 820 1152 ut
853 1094 1091 1151 liberalis
1122 1094 1243 1147 vita:
1266 1095 1509 1149 homines
1542 1096 1793 1151 innueret
1820 1113 1835 1162 ;
1872 1112 2097 1166 quorum

2198 1095 2400 1148 τούτων
2443 1096 2470 1146 ὀ
2500 1093 2653 1162 λόγος
2682 1096 3019 1165 παρέστησεν
3042 1109 3055 1122 ·
3089 1092 3260 1156 οὕτως
3288 1090 3378 1146 οῦν
3409 1096 3501 1146 καὶ
3534 1095 3767 1149 ἐνταῦθα

539 1204 679 1243 unus
725 1195 1064 1249 assumatur,
1112 1186 1199 1253 qui
1228 1186 1341 1250 .Dei
1393 1186 1661 1241 electione
1701 1188 1929 1258 dignus;
1964 1188 2101 1243 alter

2198 1186 2291 1240 δύο
2333 1186 2424 1238 ἐπὶ
2468 1185 2651 1256 κλίνης
2695 1187 2820 1256 μιᾶς
2866 1186 3146 1254 εἰσήγαγε,
3187 1184 3311 1246 τοὺς
3351 1184 3448 1254 τὴν
3479 1184 3769 1256 ἐλευθέραν

541 1280 893 1349 relinquetur,
919 1279 1008 1347 qui
1042 1290 1214 1347 poena:
1248 1286 1331 1331 est
1358 1277 1551 1333 aiIinis.
1596 1277 1861 1334 Similiter
1895 1279 2098 1333 molen-

2200 1277 2345 1348 ζωήν
2380 1278 2658 1347 μετιόντας
2691 1276 3031 1346 αἰνιξάμενος
3050 1291 3062 1304 °
3100 1276 3128 1326 6
3158 1270 3237 1337 εἷς
3261 1274 3767 1347 παραληφθήσεται,

541 1377 623 1421 tes
650 1368 768 1422 duae
819 1367 1196 1432 intelliguntur
1224 1382 1343 1435 quae
1369 1367 1511 1420 inter
1543 1369 1790 1423 homines
1813 1370 2098 1424 obscuram

2200 1371 2228 1421 6
2254 1369 2399 1435 ἄξιος
2423 1368 2523 1437 τῆς
2549 1368 2654 1420 ἀπὸ
2680 1368 2772 1419 τοῦ
2816 1367 2948 1419 Θεοῦ
2980 1366 3234 1435 ὲκλογῆς·
3265 1368 3292 1418 6
3315 1366 3370 1419 δὲ
3407 1367 3591 1439 ἕτερος
3634 1369 3772 1438 ἀφε-

538 1469 595 1512 et
650 1472 937 1527 pauperem
990 1458 1154 1511 vitam
1209 1459 1416 1523 agitant
1464 1475 1477 1511 :
1518 1474 1745 1528 quarum
1798 1461 1926 1515 item
1982 1476 2100 1531 quae

2202 1462 2440 1531 θήσεται,
2470 1459 2707 1530 δηλονότι
2745 1460 2773 1511 6
2807 1461 2901 1528 τῆς
2931 1458 3095 1527 ὀργῆς
3118 1459 3315 1521 οἰκεῖος
3336 1475 3348 1487 ·
3378 1457 3637 1523 ὡσαύτως
3675 1460 3772 1513 δύο

537 1549 682 1619 justa
708 1557 812 1615 est,
840 1546 1163 1615 as'sumetur,
1194 1549 1362 1604 altera
1392 1548 1742 1618 relinquetur.

2195 1553 2494 1623 ἀλήθουσαι
2528 1546 2636 1603 εἷεν
2669 1549 2732 1603 ἂν
2776 1551 2831 1602 αἱ
2877 1551 2934 1602 ὲν
2963 1547 3267 1618 ἀνθρώποις
3308 1548 3399 1601 τὸν
3440 1549 3628 1621 ἄτιμον
3673 1551 3773 1604 καὶ

2203 1643 2453 1713 πενιχρὸν
2482 1642 2591 1711 βίον
2618 1640 2897 1711 μετιοῦσαι
2915 1657 2928 1670 ·
2958 1633 3032 1695 ὧν
3053 1640 3213 1693 πάλιν
3240 1643 3271 1711 ή
3300 1641 3560 1711 κρείττων
3589 1659 3771 1713 παρα-

2202 1734 2556 1804 ληφθήσεται,
2585 1734 2617 1803 ή
2645 1733 2700 1784 δὲ
2727 1731 2887 1802 ἑτέρα
2911 1731 3262 1802 ἀφεθήσεται.

541 1816 587 1849 ⁸³
613 1817 805 1891 Dicunt
838 1816 920 1870 ei:
944 1815 1193 1891 Ubinam,
1224 1813 1609 1891 DominehQui
1640 1815 1945 1891 respondit;
1966 1814 2065 1870 Ubi
2126 1798 2159 1854 Ῑ

2149 1799 2175 1853 3
2203 1798 2497 1891 Λέγοτνσιν
2520 1798 2706 1886 αὐτῷ·
2746 1798 2888 1881 Ποῦ,
2923 1798 3131 1888 Kt‘ple;
3171 1822 3233 1873 '0
3265 1821 3332 1874 δὲ
3356 1818 3525 1876 εἶπεν
3546 1803 3767 1887 ιίὺτοῖσ

634 1887 790 1957 fuerit
826 1901 1040 1957 corpus,
1080 1885 1207 1938 illuc
1230 1884 1678 1953 congregabantur
1708 1897 1754 1939 et
1780 1886 1993 1954 aquilae.
2238 1894 2252 1911 '

2238 1884 2427 1945 Ὅπου
2451 1892 2515 1945 τὸ
2537 1884 2725 1960 σῶμα,
2739 1891 2860 1945 ἐκεῖ
2880 1884 3366 1959 συναχθήσονται
3386 1894 3481 1946 καὶ
3503 1897 3554 1945 οἱ
3571 1884 3750 1946 ἀετοί.

613 1977 1019 2035 Sciscitantibus
1065 1976 1338 2044 discipulis
1378 1992 1393 2030 :
1434 1973 1676 2040 Ubinam,
1707 1974 1968 2030 Domine?
2004 1992 2101 2032 vo-

2282 1983 2697 2055 Ἐρωτησάντων
2743 1984 2849 2035 τῶν
2900 1981 3183 2052 μαθητῶψ
3216 1985 3428 2051 Κύριε,
3483 1983 3631 2047 ⁸ττοῦ;
3680 1985 3774 2036 καὶ

542 2074 885 2140 lentibusque
905 2084 1232 2140 cognoscere
1259 2108 1274 2135 ,
1311 2069 1527 2124 ubinam
1565 2069 1703 2123 alter
1747 2083 1813 2122 ex
1851 2070 1955 2124 illis
1988 2084 2093 2125 non

2204 2075 2565 2145 βουληθέντων
2614 2074 2800 2145 μαθεῖν
2846 2073 2949 2126 ποῦ
3000 2074 3489 2146 καταλειφθήσεται
3520 2078 3547 2128 ὁ
3589 2076 3777 2145 ἕτερος

545 2163 839 2231 assumptis
875 2161 1241 2229 relinquetur:
1280 2157 1420 2225 Ubi,
1448 2159 1650 2227 inquit,
1687 2158 1847 2227 fuerit
1891 2176 2099 2227 corpus,

2201 2164 2306 2217 τῶν
2339 2166 2459 2235 (μὴ)
2498 2163 2987 2235 παραληφθέντων·
3042 2164 3253 2227 Ὅπου,
3286 2166 3441 2235 φησι,
3478 2164 3544 2217 τὸ
3582 2164 3773 2233 σῶμα,

544 2254 630 2308 vel
668 2254 921 2315 cadaver,
952 2260 1011 2304 ut
1046 2250 1120 2303 ait
1149 2248 1460 2315 Matthaus,
1484 2248 1611 2302 illuc
1648 2252 2105 2319 congregabantur

2202 2258 2235 2328 ἢ
2274 2256 2337 2309 τὸ
2382 2255 2587 2325 πτῶμα
2635 2256 2773 2309 κατὰ
2806 2255 3101 2321 Ματθαῖον,
3125 2255 3251 2308 ἐκεῖ
3282 2255 3779 2324 συναχθήσονται

546 2356 595 2400 et
625 2345 815 2416 aquila:
839 2343 884 2374 “
917 2358 935 2398 :
982 2357 1048 2396 ex
1085 2342 1274 2395 avibus
1325 2341 1509 2395 nescio
1541 2340 1736 2409 quibus
1779 2342 2102 2397 cadaverum

2205 2349 2300 2401 καὶ
2332 2351 2384 2401 οὶ
2414 2350 2599 2401 ἀετοί·
2626 2348 2813 2420 ὧσπερ
2834 2348 3054 2411 οἰωνούς
3077 2365 3227 2411 τινας
3250 2348 3622 2419 νεκροὸόρους,
3644 2348 3779 2410 τοὺς

546 2430 835 2503 voracibus
881 2434 1152 2505 principes
1185 2432 1354 2505 ,hujus
1404 2432 1586 2487 szeculi
1634 2432 1793 2487 ducta
1829 2448 2106 2503 compara-

2204 2441 2464 2512 ἄρχοντας
2500 2440 2593 2493 τοῦ
2626 2440 2817 2504 αἰῶνος
2848 2441 3038 2494 τούτου
3079 2440 3442 2511 αἰνιξάμενος,
3481 2441 3605 2503 τοὺς
3650 2441 3777 2492 τότε

550 2532 695 2586 tione
726 2528 1036 2600 signiﬁcans
1056 2567 1072 2593 ,
1102 2527 1192 2597 qui
1225 2534 1442 2581 sanctos
1475 2524 1567 2580 Dei
1618 2535 1741 2580 tunc
1772 2540 2107 2596 persequen-

2203 2532 2487 2595 διώκοντας
2519 2534 2643 2595 τοὺς
2669 2534 2855 2601 ἁγίους
2878 2532 2969 2585 τοῦ
2985 2534 3117 2586 Θεοῦ
3140 2552 3152 2564 ·
3174 2530 3249 2587 ὧν
3272 2534 3367 2586 ἐπὶ
3395 2534 3455 2585 τὸ
3483 2533 3613 2586 αὐτὸ
3645 2550 3778 2585 συν-

549 2638 681 2681 tur:
720 2626 913 2699 quibus
963 2637 1071 2677 uno
1130 2622 1183 2676 in
1243 2620 1363 2675 loco
1412 2621 1637 2687 coactis,
1687 2621 1877 2675 eodem
1907 2622 2109 2691 pariter

2206 2623 2513 2694 αχθέντων,
2587 2626 2703 2675 ἐκεῖ
2754 2625 2845 2676 καὶ
2900 2626 3027 2695 παρ’
3079 2626 3259 2688 αὐτοῖς
3309 2624 3699 2695 συναχθήσεται
3750 2624 3780 2678 6

550 2714 1016 2787 compelleturille
1043 2714 1133 2783 qui
1166 2712 1417 2781 indignus
1444 2711 1653 2766 delectu
1676 2720 1780 2765 est.
1807 2712 1902 2767 Est
1924 2722 2107 2767 autem

2207 2714 2419 2778 ἀνάξιος
2451 2714 2547 2785 τῆς
2574 2714 2955 2785 παραλήψεως.
2992 2710 3098 2767 Ἦν
3129 2716 3174 2767 δ’
3206 2710 3359 2778 οὗτος
3398 2714 3505 2767 τῶν
3541 2716 3632 2767 ἐπὶ
3665 2714 3778 2768 xit.

544 2811 841 2883 iacentium
893 2809 944 2863 in
994 2808 1168 2871 lecto,
1218 2806 1392 2872 alter;
1434 2805 1521 2859 vel
1557 2805 1910 2871 molentium,
1953 2820 2054 2859 una
2091 2823 2104 2858 :

2207 2824 2303 2877 νης
2328 2806 2688 2859 καθευδόντων
2721 2808 2748 2858 ὁ
2776 2807 2987 2877 ἓτερος’
3024 2808 3056 2878 ή
3098 2806 3203 2859 τῶν
3234 2806 3545 2877 ἀληθουσῶν
3572 2810 3605 2879 ἡ
3643 2807 3742 2878 μία
3761 2823 3776 2836 ³

550 2900 640 2975 qui
696 2902 859 2956 etiam
906 2899 1185 2952 tradentur
1234 2893 1578 2963 congregatis
1629 2892 1915 2947 adversum
1965 2892 2108 2961 ipsos

2207 2898 2255 2952 οἳ
2286 2900 2378 2952 καὶ
2408 2898 2871 2969 παραδοθήσονται
2896 2899 3008 2960 τοῖς
3032 2896 3438 2967 ὲπισυναχθεῖσι
3460 2900 3578 2951 κατ’
3601 2897 3779 2951 αὐτῶν

542 2992 765 3065 aquilis.
790 2990 1012 3060 Aquilas
1036 3001 1187 3054 vero,
1224 2985 1717 3055 Hierosolymorum
1763 3000 1979 3055 quoque
2010 2986 2110 3040 ob-

2210 2991 2405 3053 ἀετοίς.
2450 2990 2663 3051 Ἀετοὺς
2692 2989 2747 3041 δὲ
2774 2989 2866 3041 καὶ
2890 2990 3015 3051 τοὺς
3045 2990 3145 3059 τῆς
3184 2990 3537 3061 Ἰερουσαλὴμ
3566 2991 3778 3061 πολιορσ

548 3097 794 3142 sessores
819 3079 1171 3151 propheticus,
1204 3091 1384 3132 sermo
1431 3074 1753 3145 appellavit;
1794 3075 1956 3130 veluti
1987 3090 2107 3133 cum
2136 3128 2166 3153 Α,

2160 3129 2175 3149 ,
2212 3081 2381 3151 κητὰς
2407 3084 2435 3135 6
2460 3081 2791 3153 προφητικός
2816 3081 2973 3148 λόγος
2996 3081 3273 3153 ὠνόμασεν
3289 3100 3301 3111 ·
3327 3082 3401 3144 ὡς
3419 3084 3507 3135 ὅτε
3534 3084 3658 3153 περὶ
3684 3079 3778 3133 τοῦ

550 3128 1139 3229 Νεὺυοὴοθοιιθεοτυω
1202 3167 1333 3220 dicit
1387 3166 1639 3233 grandem
1696 3175 1747 3219 et
1799 3128 2168 3235 magnarumC

2161 3129 2177 3185 ⁵
2212 3128 2675 3243 Ναϐοῦχοδοΐνόσόρ
2730 3128 2901 3242 λέγει’,
2944 3128 3005 3227 "0
3044 3128 3215 3237 ἀετὸς
3259 3177 3291 3227 ὀ
3321 3128 3506 3242 μέγας
3541 3177 3573 3227 ό
3596 3128 3779 3244 Σιεγα-

540 3264 758 3321 ἀιαηιηι
782 3262 1012 3329 aquilam
1034 3260 1100 3312 ³⁵.
1148 3257 1259 3325 Nisi
1314 3256 1452 3311 forte
1501 3256 1606 3309 alio
1661 3272 1819 3311 sensu
1872 3256 2113 3310 vindices

2212 3261 2606 3330 λοπτέρυγοςο
2632 3262 2714 3331 μή
2764 3264 2878 3314 ποτ’
2908 3258 2999 3316 οὖν
3042 3262 3162 3315 καθ’
3207 3263 3403 3332 ἑτέραν
3449 3262 3686 3316 διάνοιαν
3722 3263 3783 3317 αἱ

540 3348 883 3423 ίιιΙιιηὶοθεειιιο
933 3357 1255 3420 potestates,
1293 3363 1411 3417 quae
1465 3348 1661 3416 impios
1709 3347 1981 3412 invadent,
2030 3346 2115 3401 bis

2213 3350 2575 3420 τιμωρητικαὶ
2613 3350 2706 3401 καὶ
2736 3350 3050 3403 κολαστικαὶ
3079 3350 3355 3420 δυνάμεις,
3388 3353 3444 3403 αἱ
3490 3354 3612 3417 τοὺς
3653 3355 3783 3406 ἀσεο

541 3427 731 3535 iverbis
756 3420 1078 3499 denotamur
1105 3458 1121 3496 :
1154 3439 1347 3508 quibus
1385 3453 1451 3491 ne
1485 3437 1626 3492 forte
1669 3439 1971 3503 tradamur,
2002 3453 2116 3492 mo-

2215 3439 2327 3500 δεῖς
2380 3438 2850 3509 μετελευσόμεναι,
2898 3440 2985 3493 διὰ
3033 3440 3141 3492 τῶν
3194 3441 3425 3493 ἐνταῦθα
3476 3442 3786 3513 λεγομένων

542 3527 645 3608 inet
671 3534 862 3591 deinde
890 3532 1143 3587 Servator
1176 3540 1234 3583 ut
1262 3528 1517 3599 precibus
1549 3541 1767 3598 operam
1798 3528 2007 3584 demus.

2213 3531 2385 3583 ἀετῶν
2417 3530 2761 3602 ὲδηλώθησαν
2780 3549 2793 3561 ·
2827 3527 2911 3596 αἷς
2944 3533 3029 3584 ἵνα
3057 3534 3129 3603 μὴ
3164 3534 3575 3605 παραδοθῶμεν,
3607 3535 3732 3606 ἑξῆς
3756 3536 3786 3587 6

2215 3624 2403 3694 Σωτὴρ
2432 3626 2683 3693 παραινεῖ
2708 3625 2888 3693 εὐχαῖς
2923 3626 3232 3694 σχολάζειν.

643 3721 688 3752 ³⁸
707 3720 889 3774 ’.Ιαάεπ
918 3715 1129 3787 quidam
1161 3720 1272 3765 erat
1292 3752 1305 3774 ,
1336 3710 1427 3779 qui
1456 3709 1621 3762 Deum
1649 3726 1749 3762 non
1791 3709 2021 3763 timebat.

2355 3716 2563 3784 Kpitrig
2598 3733 2685 3781 τις
2718 3712 2793 3784 ἦν
2826 3718 2929 3768 τὸν
2960 3717 3106 3770 Θεὸν
3132 3718 3219 3786 μὴ
3252 3719 3640 3786 φοϐούμενος.

625 3812 787 3866 Addit
818 3810 981 3864 etiam
1013 3803 1317 3875 parabolam
1348 3801 1616 3870 dejudice
1654 3802 1970 3870 iniquitatis,
2009 3817 2116 3873 quo

2298 3807 2678 3860 Ἑπισυνάπτει
2719 3807 2847 3875 γοῦν
2892 3809 2985 3861 καὶ
3034 3808 3345 3880 παραϐολὴν
3378 3809 3475 3879 τὴν
3522 3808 3651 3878 περὶ
3694 3807 3787 3860 τοῦ

540 3876 840 3965 ⁷οοη1ἰτωει
868 3900 1133 3954 orandum
1182 3910 1395 3964 semper
1446 3894 1697 3963 nullaque
1739 3896 1951 3964 ignavia
1998 3912 2117 3952 ces-

2220 3900 2400 3973 κριτοῦ
2423 3902 2519 3971 τῆς
2536 3900 2765 3966 ἀδικίας,
2787 3901 2919 3971 πρὸς
2940 3902 2999 3953 τὸ
3014 3901 3123 3953 δεῖν
3146 3902 3371 3954 πάντοτε
3393 3898 3789 3971 προσεύχεσθαι
3836 3904 3838 3909 ’

543 3984 805 4051 ιδηαυω.
838 3990 990 4058 Quod
1035 3988 1211 4042 autem
1252 3987 1328 4040 ait
1358 3986 1398 4017 ³⁷
1431 4004 1444 4039 :
1473 3984 1605 4039 Num
1652 3981 1817 4040 Filius
1865 3987 2114 4056 hominis,

2217 3993 2309 4045 καὶ
2338 3993 2411 4063 μὴ
2460 3994 2734 4044 ὲκκακεῖν.
2782 3992 2853 4043 Τὸ
2900 3992 2955 4044 δὲ
2989 3994 3182 4045 εἰπεῖν·
3210 3988 3355 4063 τΑρα
3394 3988 3562 4044 ἐλθὼν
3594 3990 3621 4039 ὁ
3660 3987 3788 4049 Υἱός

554 4103 681 4144 cum
734 4084 965 4148 venerit,
1029 4080 1186 4136 (idem
1232 4080 1285 4134 in
1335 4081 1469 4135 orbe
1521 4078 1804 4132 inveniet?
1851 4078 2116 4133 defectum

2216 4082 2307 4135 τοῦ
2336 4082 2620 4154 ἀνθρώπου
2650 4083 2868 4153 εὑρήσει
2896 4082 2991 4153 τὴν
3019 4084 3200 4137 πίστιν
3223 4083 3315 4135 ἐπὶ
3335 4080 3433 4152 τῆς
3456 4084 3591 4152 γῆς;
3618 4080 3788 4133 ἔκλει-

558 4179 686 4235 ﬁdei
726 4177 966 4231 futurum
1000 4174 1256 4237 ostendit,
1286 4162 1356 4225 ita
1393 4182 1450 4226 ut
1482 4185 1639 4225 nemo
1661 4171 1835 4246 lidclis
1866 4171 2115 4239 supersit,

2216 4175 2307 4245 ψιν
2335 4175 2482 4246 δηλοῖ
2513 4176 2607 4245 τῆς
2641 4174 2893 4238 πίστεως,
2918 4174 2993 4237 ὡς
3022 4174 3224 4244 μηδένα
3265 4173 3451 4226 πιστὸν
3503 4171 3790 4244 εὑρεθήσε-

558 4280 653 4323 aut
704 4268 792 4321 vix
842 4280 997 4320 rarus
1046 4264 1263 4333 aliquis,
1321 4264 1466 4317 circa
1520 4243 1767 4317 secundae
1798 4262 1915 4329 ejus
1947 4263 2121 4315 mani-

2221 4243 2361 4330 σθαι,
2456 4243 2636 4318 εἴη-του
2673 4266 2781 4336 ἄρα
2808 4265 3029 4318 σπάνιόν
3060 4243 3176 4317 τινα
3204 4264 3343 4318 κατὰ
3367 4265 3457 4318 τὸν
3484 4243 3582 4336 τῆς
3607 4262 3792 4318 δευτέ-

558 4358 863 4419 festationis
908 4365 1142 4411 aetatem.
1189 4354 1243 4408 ld
1297 4369 1459 4423 porro
1514 4354 1801 4424 apostatici
1862 4353 2119 4421 temporis

2224 4375 2320 4429 ρας
2354 4357 2514 4411 αὑτοῦ
2550 4358 2862 4425 θεοφανείας
2896 4357 3291 4427 γρόνον.”οπερ
3328 4358 3464 4427 μέγα
3497 4356 3792 4425 τεκμήριον

558 4466 810 4521 magnum
839 4447 1046 4518 signum
1076 4446 1179 4500 erit
1199 4486 1214 4512 ,
1243 4462 1362 4499 cum
1395 4458 1519 4498 raro
1547 4452 1798 4498 occurret
1830 4442 1920 4512 qui
1961 4442 2117 4496 ﬁdem
2150 4468 2176 4523 Ῑ

2176 4450 2473 4520 )τυγχάνει
2514 4448 2608 4500 τοῦ
2652 4446 2840 4519 καιροῦ
2871 4448 2970 4516 τῆς
3011 4447 3363 4511 ἀποστασίας,
3414 4450 3469 4500 ὲν
3499 4441 3543 4514 ᾧ
3573 4448 3794 4510 σπάνιος

560 4545 793 4599 retineat
821 4558 835 4595 :
866 4539 975 4593 imo
1002 4552 1130 4593 vero
1162 4552 1229 4591 ne
1259 4551 1398 4590 unus
1444 4535 1662 4604 quidem
1718 4533 1947 4588 fortasse
1993 4533 2118 4597 erit,

2224 4538 2373 4591 ἔσται
2397 4541 2424 4591 6
2450 4538 2873 4609 εὑρεθησόμενος
2899 4537 3111 4600 πιστός·
3136 4538 3277 4608 τάχα
3302 4538 3355 4589 δὲ
3379 4537 3499 4591 οῦδὲ
3521 4532 3600 4601 εἷς
3622 4536 3793 4600 ἔσται,

560 4642 843 4703 propterea
892 4630 1033 4698 quod
1086 4627 1173 4681 alii
1214 4627 1473 4695 assumpti
1521 4624 1759 4688 fuerint,
1796 4624 1886 4677 alii
1920 4623 2117 4685 relicti,

2222 4632 2309 4683 διὰ
2337 4631 2396 4682 τὸ
2446 4631 2569 4693 τοὺς
2617 4631 2717 4699 μὲν
2764 4628 3310 4700 παραληφθήσεσθαι,
3347 4631 3472 4693 τοὺς
3517 4630 3572 4682 δὲ
3623 4646 3796 4682 κατα-

562 4726 754 4794 aquilis
786 4737 976 4792 nempe
1009 4720 1276 4775 tradendi.
1315 4718 1403 4773 Sic
1432 4732 1560 4787 ergo
1609 4717 1780 4770 deleta
1834 4717 1977 4769 inter
2025 4714 2121 4769 ho-

2224 4721 2607 4793 λειφθήσεσθαι
2631 4724 2741 4783 τοῖς
2768 4721 2944 4785 ἀετοῖς
2971 4720 3542 4793 παραδοθησομὲνους·
3574 4719 3715 4773 οὕτω
3738 4735 3796 4771 τε

562 4818 736 4873 mines
771 4816 895 4881 (ide,
925 4816 1038 4885 ipse
1073 4813 1448 4883 superveniet,
1505 4820 1719 4865 sanctos
1750 4824 1876 4863 suos
1928 4808 2017 4877 qui
2055 4807 2122 4860 ab

2226 4812 2283 4878 ἐξ
2320 4811 2617 4883 ἀνθρώπων
2660 4811 3016 4883 ἐκλειπούσης
3058 4812 3158 4882 τῆς
3200 4812 3454 4875 πίστεως,
3489 4812 3649 4875 αὐτὸς
3690 4810 3799 4863 λοι-

562 4909 743 4980 impiis
766 4908 874 4962 leto
904 4906 1066 4961 dediti
1099 4906 1315 4967 fuerint,
1343 4903 1729 4957 vindicaturus.
1757 4898 1913 4955 Brevi
1946 4909 2123 4953 autem

2228 4905 2326 4958 πὺν
2348 4906 2695 4975 ἐπιστήσεται
2719 4903 2816 4974 τὴν
2840 4904 3113 4973 ἐκδίκησιν
3132 4904 3485 4975 ποιησόμενος
3508 4904 3614 4955 τῶν
3632 4902 3799 4971 άγίων

561 5004 822 5059 ultionem
848 5000 1105 5072 patrabit,
1136 5006 1421 5068 propterea
1446 4996 1587 5065 quod
1620 4995 1673 5047 hi
1720 4994 1810 5048 diu
1858 5002 2125 5061 noctuque

2232 4994 2391 5049 αὑτοῦ
2420 4995 2527 5049 τῶν
2570 4996 2673 5048 ὑπὸ
2713 4996 2819 5047 τῶν
2850 4994 3061 5048 ἀσεϐῶν
3102 4995 3475 5067 ἀνῃρημένων,
3524 4996 3612 5048 Ἐν
3648 4996 3797 5064 τάχει

563 5098 629 5151 ad
661 5110 782 5150 eum
811 5094 1066 5149 clamant.
1094 5089 1161 5144 Et
1188 5089 1402 5159 quidem
1444 5098 1501 5141 ut
1530 5089 1594 5141 ad
1630 5103 1688 5142 se
1728 5086 1962 5141 clament
1982 5128 1997 5149 ,
2026 5088 2122 5140 do-

2231 5085 2287 5137 δὲ
2336 5086 2548 5155 ποιήσει
2594 5084 2689 5155 τὴν
2736 5084 3031 5154 ἐκδίκησιν,
3060 5084 3149 5137 διὰ
3186 5085 3247 5137 τὸ
3290 5085 3416 5154 βοᾷν
3460 5084 3594 5156 πρὸς
3636 5083 3798 5137 αὑτὸν

563 5189 676 5242 cuit
702 5201 796 5243 eos
825 5200 920 5257 per
953 5182 1265 5254 parabolam
1297 5180 1363 5234 de
1387 5176 1567 5247 judice
1597 5177 1917 5246 iniquitatis.

2234 5176 2423 5238 νυκτὸς
2455 5176 2549 5228 καὶ
2582 5176 2789 5245 ἡμέρας
2814 5195 2826 5206 ’
2866 5176 2993 5248 βοᾷν
3035 5176 3088 5229 δὲ
3116 5177 3249 5247 πρὸς
3289 5176 3451 5228 αὑτὸν
3486 5175 3685 5239 ἐδίδαξε
3712 5173 3798 5239 διρι

2234 5268 2329 5341 τ’ής
2362 5270 2672 5341 παραϐολῆς
2705 5271 2797 5323 τοῦ
2829 5270 3015 5341 κριτοῦ
3044 5271 3141 5340 τῆς
3185 5270 3413 5333 ἀδικίας.

563 5364 611 5397 ’⁸
626 5363 796 5418 Homo
810 5366 1019 5434 quidam
1042 5362 1229 5416 nobilis
1252 5362 1378 5414 abiit
1422 5361 1476 5413 in
1500 5358 1758 5427 regionem
1787 5357 2124 5434 ianginquam

2238 5364 2566 5434 Ἄνθρωπός
2595 5381 2683 5434 τις
2715 5362 2967 5434 εὐγενὴς
2996 5362 3283 5434 ἐπορεύθη
3326 5364 3412 5434 εἰς
3455 5360 3667 5434 χώραγ-
3682 5373 3798 5427 μα·-

863 5438 1094 5502 accipere
1122 5435 1219 5488 sibi
1260 5446 1497 5502 regnum,
1539 5440 1584 5483 et
1615 5430 1820 5481 reverti.
2270 5428 2420 5500 χρᾶν
2443 5438 2479 5487 ,λ

2270 5428 2420 5500 χρᾶν
2443 5428 2855 5498 ,λαϐεἷιίὲαυέῷ
2870 5428 3213 5498 βασιλείαν,
3245 5431 3341 5484 καὶ
3370 5428 3763 5498 ὑποστρέψαι.

637 5526 716 5583 En
741 5541 858 5595 quae
887 5525 939 5579 in
972 5528 1072 5581 hac
1104 5523 1354 5595 parabola
1387 5521 1673 5577 edoccmur
1701 5536 1714 5571 :
1751 5518 1987 5573 futurum
2023 5520 2128 5574 sci-

2307 5524 2551 5579 Τοσαῦτα
2602 5525 2690 5579 διὰ
2742 5525 2839 5595 τῆς
2894 5522 3204 5593 παραϐολῆς
3255 5523 3654 5595 διδασκόμεθα,
3700 5520 3804 5593 τὴν

640 5768 682 5800 ⁸³
706 5766 831 5822 Luc.
861 5763 1097 5831 “11,37.
1174 5761 1214 5793 ³⁵
1258 5760 1443 5817 Matth.
1473 5778 1619 5829 xxiv,
1645 5761 1733 5818 i8.
1812 5760 1852 5793 "
1880 5758 2071 5813 Ezech.
2105 5772 2259 5823 mit,
2286 5756 2338 5809 ‘5.
2442 5754 2484 5785 ³⁸
2518 5753 2648 5809 Luc.
2680 5768 2830 5819 xvm,
2852 5752 2906 5809 2.
2987 5752 3027 5783 ³⁷
3054 5752 3179 5805 ibid.
3210 5752 3259 5805 8.
3340 5750 3532 5803 “an.
3560 5762 3668 5806 xu.
3704 5743 3806 5803 Ω.
