4108 6204
343 344 456 408 539

1538 335 2032 398 COMMENTARIA
2069 336 2133 392 IN
2168 335 2425 393 LUCAM.

349 460 654 531 μέλλουσαν
677 457 842 513 αὐτοῦ
867 458 960 512 καὶ
987 458 1208 529 μηδέπω
1231 456 1506 531 παροῦσαν
1525 457 1794 528 βασιλείαν
1807 454 1936 526 (68),

2044 452 2170 508 licet
2195 453 2396 508 Christi
2448 453 2796 524 nondumque
2841 469 3080 526 praesens
3133 473 3378 530 regnum,
3427 477 3599 532 quan-

350 553 463 609 κᾶν
489 550 751 622 αἰσθητὴν
775 551 978 621 ταύτην
999 549 1144 613 τινὲς
1169 549 1548 619 ἐφαντάζοντο,
1583 549 1680 620 τὴν
1705 547 1810 602 ἀπὸ
1832 547 1934 617 γῆς

348 645 439 708 εἰς
462 644 684 714 οὐρανὸν
710 642 1039 713 μετάστασίν
1062 659 1120 694 τε
1141 643 1233 695 καὶ
1248 639 1532 711 ἀνάληψιν,
1557 640 1654 712 τὴν
1681 639 1938 711 δευτέραν

351 738 460 790 καὶ
501 735 701 799 ἔνδοξον
745 735 910 788 αὑτοῦ
943 734 1282 802 θεοφάνειαν,
1310 732 1407 805 τὴν
1434 731 1683 804 κριτικὴν
1717 732 1811 784 καὶ
1845 727 1936 784 τοῦ

356 830 486 885 κατ’
517 825 672 890 ἀξίαν
703 825 915 895 ἑκάστῳ
952 825 1341 895 διανεμητικὴν
1387 823 1654 889 ἐξουσίαν,
1697 821 1796 892 τὴν
1831 821 1938 874 τῶν

358 920 580 974 οἰκείων
602 916 762 971 αὑτοῦ
789 917 882 969 καὶ
909 917 1114 969 πιστῶν
1143 914 1550 988 θεραπευόντων
1569 912 1936 984 εὐδοκίμησιν,

357 1011 462 1084 τὴν
504 1009 609 1062 τῶν
651 1009 724 1079 μὴ
757 1007 1014 1060 τοιούτων
1045 1008 1406 1075 κατάγνωσιν,
1437 1005 1534 1076 τὴν
1564 1003 1672 1057 τῶν
1709 1003 1939 1056 πολιτῶν

352 1099 457 1156 τοῦ
489 1100 749 1169 βασιλέως
783 1099 902 1152 κατ’
937 1096 1099 1150 αὐτοῦ
1145 1098 1430 1168 συσκευὴν,
1476 1097 1576 1166 τὴν
1621 1094 1940 1165 μετελευσο-

357 1191 531 1262 μένην
557 1191 754 1253 αύτοὺς
783 1189 1018 1256 ἐπαξίως
1042 1183 1115 1242 ὧν
1143 1188 1373 1260 ἔδρασαν
1411 1187 1564 1257 δίκην
1590 1204 1602 1217 ο
1637 1184 1806 1239 ταῦτα
1831 1185 1938 1256 γὰρ

352 1282 495 1353 ὁμοῦ
541 1282 721 1335 πάντα
753 1280 841 1334 ὃιά
880 1279 987 1332 τῶν
1019 1278 1340 1332 ὲκτεθεισῶν
1379 1277 1570 1347 φωνῶν
1595 1277 1800 1346 ἐδήλου.
1829 1277 1939 1328 Καὶ

358 1369 578 1438 πρῶτον
612 1368 713 1438 μὲν
746 1368 1027 1439 ἄνθρωπον
1061 1367 1219 1430 αὐτὸς
1246 1366 1433 1420 ἑαυτὸν
1461 1365 1705 1436 ὠνόμαζε
1731 1365 1818 1418 διὰ
1841 1365 1939 1436 τὴν

360 1460 501 1514 κατὰ
533 1461 712 1532 σάρκα
735 1460 1005 1531 γέννησιν,
1036 1459 1133 1529 τὴν
1160 1458 1301 1512 κατὰ
1343 1458 1621 1530 ἄνθρωπον
1655 1457 1800 1528 αὐτῷ
1849 1475 1942 1510 συ-

291 1569 302 1582 ’
359 1553 606 1605 στᾶσαν*
659 1551 847 1604 ἔπειτα
893 1551 1108 1619 εὐγενῆ,
1137 1549 1248 1602 ἀλλ’
1297 1548 1449 1602 ούπω
1483 1548 1701 1618 βασιλέα
1754 1549 1938 1601 ἑαυτὸν

360 1643 568 1707 ἐκάλει,
605 1643 695 1696 διὰ
744 1642 804 1694 τὸ
851 1642 1074 1713 μηδέπω
1101 1644 1166 1712 τῇ
1201 1641 1447 1711 βασιλικῇ
1492 1641 1618 1712 ἀξίᾳ
1662 1640 1803 1694 κατὰ
1839 1641 1938 1712 τὴν

361 1733 584 1804 πρώτην
622 1731 938 1801 θεοφάνειαν
974 1729 1294 1801 κεχρῆσθαι.
1329 1729 1442 1798 Τῆς
1469 1729 1513 1781 δ’
1543 1729 1820 1798 εὐγενείας
1844 1729 1940 1780 αὑ-

2040 559 2199 612 quam
2254 545 2308 599 id
2354 545 2606 600 sensibile
2658 546 2897 602 nonnulli
2950 557 3155 605 temere
3198 551 3600 622 opinabantur;

2041 637 2447 694 translationem
2476 654 2506 694 e
2535 647 2676 695 terra
2705 639 2757 693 in
2786 640 3014 708 coelum,
3049 642 3103 698 id
3143 653 3226 699 est
3274 648 3601 717 assumptio-

2041 745 2200 796 nem;
2249 733 2541 787 secundam
2579 734 2695 804 ejus
2739 735 3031 805 gloriosam
3076 737 3602 808 manifestationem;

2035 816 2378 886 iudiciariam
2406 829 2460 875 et
2491 836 2647 877 suum
2675 826 2866 895 cuique
2889 825 2979 893 jus
3009 827 3319 883 reddentem
3359 841 3603 900 potesta-

2041 917 2184 974 tem;
2217 909 2559 966 familiarium
2585 929 2804 970 suorum
2824 916 3166 987 ﬁdeliumque
3194 933 3469 977 servorum
3491 924 3606 979 col-

2040 997 2442 1068 laudationem;
2478 1018 2664 1059 eorum
2691 1008 2783 1077 qui
2839 1022 2999 1064 secus
3051 1026 3110 1065 se
3157 1014 3422 1082 gesserint
3469 1030 3600 1072 con-

2041 1090 2477 1158 demnationem;
2512 1096 2710 1150 civium
2751 1099 2804 1152 in
2838 1113 3016 1169 regem
3059 1116 3214 1155 suum
3239 1105 3602 1173 conspiratio-

2041 1194 2164 1235 nem
2195 1191 2249 1236 et
2279 1184 2604 1252 condignam
2629 1185 2785 1242 factis
2812 1205 3027 1258 poenam
3068 1209 3081 1246 :
3114 1191 3229 1248 haec
3261 1196 3403 1250 enim
3440 1198 3600 1252 simul

2038 1276 2218 1327 omnia
2249 1277 2520 1344 praedictis
2548 1279 2729 1334 verbis
2759 1282 3116 1350 signiﬁcabat.
3160 1287 3226 1340 Et
3267 1289 3444 1356 primo
3481 1291 3603 1359 qui-

2040 1361 2160 1417 dem
2191 1365 2461 1421 hominem
2491 1383 2549 1422 se
2579 1371 2908 1438 appellavit,
2939 1385 3156 1441 propter
3193 1377 3466 1433 carnalem
3500 1395 3600 1434 na-

2042 1451 2304 1506 tivitatem
2330 1493 2344 1518 ,
2372 1469 2490 1523 qua:
2519 1457 2619 1525 ipsi
2654 1468 2713 1512 ut
2746 1460 2950 1515 homini
2991 1465 3234 1534 contigit.
3266 1466 3468 1522 Deinde
3501 1483 3602 1524 no-

2038 1541 2201 1597 bilem
2251 1559 2310 1598 se
2365 1546 2541 1612 dixit,
2591 1564 2696 1604 non
2751 1567 2953 1620 regem,
3000 1557 3123 1621 quia
3167 1557 3313 1624 regia
3361 1559 3599 1614 nondum

2038 1629 2300 1700 dignitate
2362 1635 2414 1687 in
2469 1636 2642 1703 prima
2691 1653 2789 1692 sua
2847 1643 3280 1700 manifestatione
3328 1647 3600 1701 utebatur.

2039 1720 2350 1780 Nobilitatis
2380 1737 2556 1781 autem
2589 1728 2705 1796 ejus
2738 1739 2902 1787 testes
2944 1735 2999 1799 ii,
3031 1737 3121 1805 qui
3155 1753 3321 1807 genus
3356 1739 3499 1795 illius
3535 1754 3602 1795 ac

362 1795 457 1880 τόῡ
487 1795 756 1896 μάρτυρες
783 1824 832 1876 oi
856 1821 952 1875 τοῦ
978 1795 1167 1890 γένους
1191 1821 1286 1874 καὶ
1309 1795 1408 1890 τῆς
1431 1822 1496 1873 ὲκ
1524 1795 1800 1891 προγόνων
1823 1820 1937 1873 δια-

2039 1814 2236 1868 seriem
2267 1817 2669 1886 progenitorum
2693 1821 2910 1891 scriptis
2940 1825 3217 1882 historicis
3251 1832 3600 1885 commenda-

362 1914 522 1985 δοχῆς
545 1915 642 1985 τὴν
676 1914 914 1985 ἱστορίαν
937 1915 1119 1984 γραφῇ
1146 1911 1613 1983 παραδεδωκότες·
1651 1905 1724 1965 ὧν
1767 1914 1796 1965 6
1840 1912 1937 1982 μέν

361 2022 468 2067 τις,
493 2006 594 2075 τὴν
620 2005 758 2058 κατά
800 2003 1116 2074 ἀνθρώπους
1149 2002 1424 2070 εὐγένειαν
1455 2003 1618 2055 αὐτοῦ
1646 2003 1934 2073 παριστὰς,

362 2095 516 2148 ἔνθεν
535 2097 597 2168 δή
625 2097 784 2149 ποθεν
810 2095 1185 2165 εὐηγγελίζετο
1199 2094 1392 2162 λέγων’
1415 2095 1629 2159 Βίϐλος
1648 2095 1938 2162 γενέσεως

374 2184 582 2253 Ἰησοῦ
626 2183 878 2252 Χριστοῦ
911 2183 1044 2237 υἱοῦ
1088 2183 1282 2248 Δαϐὶδ,
1346 2181 1479 2235 υἱοῦ
1537 2181 1798 2251 Ἁϐραάμ·
1839 2177 1936 2234 εἷθ’

366 2279 496 2348 ἑξῆς
530 2276 739 2340 τούτοις
797 2275 894 2346 τὴν
929 2275 1276 2344 γενεαλογίαν
1314 2274 1380 2327 δι’
1415 2275 1690 2346 ἐπιδήμων
1731 2273 1938 2345 ἀνδρῶν

365 2369 460 2424 καὶ
489 2367 580 2422 διὰ
623 2365 900 2438 βασιλικοῦ
940 2365 1130 2435 γένους
1173 2365 1258 2417 ἐπ’
1289 2365 1449 2417 αὐτὸν
1485 2367 1737 2433 κατάγων
1785 2365 1937 2435 ἵστη-

369 2477 481 2514 σινο
510 2461 540 2512 6
564 2458 621 2510 δὲ
665 2457 761 2528 τὴν
794 2457 1054 2510 ἀνωτάτω
1096 2455 1189 2509 καὶ
1231 2454 1336 2525 πρὸ
1374 2453 1588 2508 πάντων
1625 2453 1834 2508 αἰώνων
1875 2457 1940 2508 ὲκ

367 2551 503 2604 Θεοῦ
548 2549 795 2617 γέννησιν
833 2549 996 2601 αὐτοῦ
1023 2547 1306 2612 διδάσκων,
1341 2549 1440 2617 τὴν
1478 2545 1690 2618 ἀληθῶς
1718 2547 1938 2618 πρώτην

368 2638 462 2689 καὶ
492 2636 658 2707 μόνην
689 2634 964 2704 εὐγένειαν
996 2634 1278 2705 παρεδίδου
1315 2634 1513 2703 λέγων’
1558 2637 1654 2688 Ἑν
1681 2635 1834 2703 ἀρχῇ
1862 2635 1940 2703 ἦν

370 2730 403 2781 ό
436 2728 645 2796 Λόγος,
665 2727 762 2780 καί
788 2729 822 2780 ό
838 2727 1027 2794 Λόγος
1049 2722 1128 2796 ἦν
1159 2725 1308 2793 πρὸς
1340 2724 1447 2778 τὸν
1477 2726 1640 2791 Θεὸν,
1669 2727 1768 2780 καί
1798 2726 1940 2792 Θεὸς

368 2815 449 2888 ἦν
480 2821 512 2872 ό
544 2819 753 2887 Λόγος.
778 2815 978 2871 Πάντα
1011 2816 1084 2870 δι’
1118 2817 1300 2870 αὑτοῦ
1334 2816 1585 2886 ἐγένετο.

454 2909 742 2980 ’Λλλά-γάρ
763 2902 916 2972 οὗτος
940 2911 970 2961 ὁ
1001 2909 1105 2980 πρὸ
1134 2908 1345 2961 πάντων
1368 2907 1577 2961 αἰώνων
1599 2907 1728 2973 Θεὸς
1747 2910 1934 2977 Λόγος,

371 3004 657 3074 γενόμενος
683 3001 964 3073 ἄνθρωπος
998 3000 1239 3070 εὐγενὴς,
1278 3000 1370 3053 καὶ
1401 2999 1490 3052 τὸν
1519 2999 1614 3052 σὺν
1636 3000 1938 3072 ἀνθρώποις

2035 1913 2258 1971 verunt;
2305 1921 2438 1975 quos
2473 1908 2611 1963 inter
2635 1911 2852 1979 quidam
2890 1914 3016 1968 dum
3074 1918 3360 1974 humanam
3393 1919 3599 1978 Christi

2038 1996 2380 2054 nobilitatem
2431 2001 2683 2068 exhibet,
2730 2006 2808 2060 sic
2850 2007 3194 2077 Evangelium
3249 2029 3408 2070 orsus
3468 2025 3597 2071 est:

2039 2085 2194 2141 Liber
2241 2093 2590 2159 generationis
2643 2095 2770 2149 Jesu
2818 2097 3012 2153 Christi
3049 2103 3146 2170 ﬁlii
3197 2104 3450 2172 Davidis,
3496 2107 3601 2177 ﬁlii

2037 2177 2322 2232 Abraltami
2368 2181 2431 2234 ³³.
2489 2182 2689 2239 Deinde
2719 2189 3028 2260 genealogia
3060 2207 3157 2262 per
3183 2195 3470 2264 populares
3497 2199 3600 2253 ho-

2039 2267 2215 2321 mines
2266 2285 2540 2340 genusque
2593 2276 2796 2344 regium
2853 2293 3023 2348 usque
3075 2281 3139 2334 ad
3191 2283 3464 2339 Christum
3508 2289 3602 2342 de-

2040 2359 2196 2412 ducta
2219 2400 2235 2425 ,
2279 2361 2332 2412 in
2369 2361 2467 2416 hoc
2501 2373 2774 2432 postremo
2818 2371 3082 2426 consistit.
3109 2372 3264 2429 Alius
3289 2385 3470 2432 autem
3505 2393 3599 2434 su-

2038 2464 2260 2518 pernam
2289 2452 2405 2522 ejus
2425 2463 2548 2509 ante
2575 2458 2753 2512 omnia
2789 2461 2984 2516 saecula
3016 2477 3079 2516 ex
3121 2466 3224 2519 Deo
3266 2469 3598 2524 nativitatem

2040 2541 2259 2608 docens,
2290 2544 2619 2601 nobilitatem
2663 2548 2800 2615 ejus,
2844 2568 2963 2619 quae
3002 2568 3131 2608 vere
3161 2557 3334 2622 prima
3374 2560 3600 2629 solaque

2039 2640 2143 2694 est,
2186 2633 2406 2686 tradidit
2437 2635 2663 2690 dicens:
2707 2637 2768 2690 In
2793 2640 3051 2709 principio
3092 2654 3203 2696 erat
3250 2643 3505 2711 Verbum,
3547 2659 3598 2701 et

2047 2715 2270 2772 Verbum
2314 2729 2430 2773 erat
2477 2726 2614 2789 apud
2652 2724 2848 2790 Deum,
2893 2738 2946 2783 et
3005 2729 3146 2786 Deus
3189 2749 3301 2788 erat
3347 2734 3593 2790 Verbum.

2044 2806 2233 2862 Omnia
2258 2822 2346 2879 per
2367 2811 2538 2879 ipsum
2565 2813 2709 2881 facta
2739 2830 2856 2871 sunt
2885 2819 2949 2872 δί’.

2108 2899 2276 2956 Porro
2323 2901 2411 2957 hic
2469 2913 2594 2959 ante
2648 2909 2826 2962 omnia
2882 2913 3076 2967 saecula
3141 2917 3281 2973 Deus
3339 2919 3595 2990 Verbum,

2043 2990 2218 3048 factus
2246 2995 2404 3051 homo
2435 2995 2648 3063 nobilis,
2682 3014 3050 3074 peragensque
3088 3007 3227 3064 inter
3257 3011 3503 3068 homines
3531 3015 3596 3069 il-

368 3095 651 3161 διεξελθὼν
711 3094 822 3165 βίον
870 3094 959 3146 τὸν
1014 3093 1382 3163 ἐμφερόμενον
1427 3094 1546 3154 ταῖς
1597 3093 1725 3164 περὶ
1775 3093 1937 3147 αὐτοῦ

2040 3082 2128 3139 lud
2157 3087 2278 3140 vitae
2306 3104 2496 3156 genus,
2527 3094 2667 3160 quod
2703 3093 2755 3146 in
2787 3099 3096 3167 evangelica
3129 3103 3328 3173 scripta
3361 3105 3612 3165 relatum.

371 3190 749 3259 εὐαγγελικαῖς
781 3188 1038 3259 γραφαῖς,
1102 3185 1237 3256 μετά
1289 3186 1385 3256 τὴν
1430 3185 1580 3258 παρὰ
1630 3185 1935 3257 ἀνθρώποις

371 3283 620 3354 αὐτάρκη
669 3279 968 3351 διατριϐὴν,
1008 3277 1242 3332 ἐπανιὼν
1283 3279 1417 3349 πρὸς
1453 3279 1543 3331 τὸν
1589 3279 1780 3332 ἑαυτοῦ
1821 3281 1933 3333 Ila-

371 3374 525 3444 τέρα,
557 3370 826 3443 ἐπορεύθη
855 3373 932 3434 είς
964 3371 1145 3442 χώραν
1189 3369 1402 3441 μακράν
1434 3371 1616 3425 λαϐεῖν
1638 3372 1814 3442 ἐαυτῷ
1844 3373 1937 3443 βα-

373 3465 574 3518 σιλείαν
605 3465 698 3518 καὶ
729 3462 1084 3534 ὑποστρέψαι.
1117 3461 1314 3534 Χώραν
1350 3462 1405 3515 δὲ
1446 3463 1659 3535 μακράν
1689 3465 1786 3536 τὴν
1827 3466 1936 3518 ἀπὸ

373 3555 477 3624 γῆς
503 3556 582 3618 είς
610 3554 834 3626 οὐρανὸν
857 3555 1038 3609 ἄνοδον
1069 3555 1252 3623 ἐδήλου
1272 3554 1406 3626 (69)·
1425 3554 1606 3609 λαϐεῖν
1635 3575 1692 3610 τε
1721 3559 1818 3628 τὴν
1841 3558 1936 3628 βα-

375 3648 576 3700 σιλείαν
610 3648 776 3718 αὐτὴν
804 3647 1016 3717 ἐκείνην
1049 3648 1231 3716 φησὶν,
1265 3648 1331 3717 ἣν
1358 3650 1386 3700 6
1424 3651 1704 3721 προφήτης
1740 3650 1936 3721 Δανιὴλ

373 3741 613 3811 ᾐνίττετο
649 3740 850 3810 λέγων·
887 3740 995 3796 Καὶ
1048 3739 1174 3793 ἰδοὺ
1211 3740 1343 3806 Υἱὸς
1375 3741 1684 3810 ἀνθρώπου
1712 3741 1810 3794 ἐπὶ
1842 3759 1936 3795 νε-

375 3831 577 3903 φελῶν
611 3834 930 3902 ἐρχόμενος
975 3828 1086 3902 ἦν’
1129 3831 1228 3885 καὶ
1271 3832 1429 3897 αὐτῷ
1472 3833 1647 3901 ἐδόθη
1692 3834 1730 3900 ἢ
1778 3835 1932 3903 ἀρχὴ

374 3925 474 3978 καὶ
499 3925 538 3991 ἠ
570 3925 728 3993 τιμὴ,
761 3925 857 3978 καὶ
904 3926 940 3991 ἠ
975 3925 1282 3989 βασιλεία.
1321 3921 1393 3978 Εὖ
1435 3925 1490 3978 δὲ
1529 3926 1621 3979 καὶ
1648 3927 1708 3978 τὸ
1728 3928 1936 3980 λαϐεῖν

374 4015 588 4088 εἴρηται
610 4033 623 4045 ·
648 4018 863 4079 πάντως
892 4017 999 4088 γὰρ
1026 4016 1118 4070 τοῦ
1151 4016 1362 4086 Πατρδς
1389 4016 1615 4081 διδόντος
1641 4017 1931 4089 ἐλάμϐανε,

375 4107 516 4162 κατά
536 4109 597 4162 τό
626 4124 638 4137 ⁸
667 4109 914 4176 Αἶτησαι
956 4109 1088 4177 παρ’
1117 4109 1282 4177 ἐμοῦ,
1318 4110 1413 4162 καὶ
1455 4107 1623 4162 δώσω
1661 4125 1758 4164 σοι
1789 4112 1932 4180 ἔθνη

374 4199 488 4268 τὴν
506 4202 906 4269 κληρονομίαν
931 4217 1065 4254 σου·
1092 4199 1128 4253 ἀ
1157 4200 1220 4271 δὴ
1251 4200 1470 4254 δοθέντα
1496 4201 1640 4272 αὐτῷ
1670 4204 1818 4274 παρά
1841 4204 1932 4256 τοῦ

376 4292 610 4346 Παλαιοῦ
637 4293 743 4348 τῶν
776 4294 993 4365 ἡμερῶν
1023 4291 1429 4363 ὑποδεξάμενος,
1467 4289 1619 4357 αὖθις
1655 4294 1931 4366 ἐπανήξει.

376 4384 464 4436 Διό
505 4401 636 4455 φησι
669 4384 851 4437 λαϐεῖν
891 4386 1066 4455 ἐαυτῷ
1111 4385 1384 4454 βασιλείαν
1427 4387 1519 4439 καὶ
1563 4387 1929 4458 ὑποστρέψαι·

374 4477 466 4530 καὶ
489 4480 636 4541 ὅπως
658 4477 714 4531 δὲ
741 4480 1022 4548 ποιήσεται
1044 4478 1141 4548 τὴν
1165 4479 1439 4541 ἐπάνοδον,
1467 4479 1494 4530 6
1521 4479 1660 4542 θεῖος
1677 4480 1934 4533 Ἀπόστο-
1969 4489 2015 4547 D

375 4571 462 4635 λος
501 4571 752 4640 διασαφεῖ
784 4570 981 4638 λέγων’
1038 4571 1156 4622 Ὅτι
1197 4570 1379 4636 αὐτὸς
1414 4574 1446 4624 ό
1485 4572 1696 4639 Κύριος
1730 4572 1800 4623 ἐν
1841 4589 1934 4625 κε-

372 4665 683 4734 λεύσματι,
706 4664 775 4717 ἐν
796 4662 965 4732 φωνῇ
997 4663 1390 4732 ἀρχαγγέλου,
1423 4663 1520 4717 καὶ
1551 4664 1621 4716 ἐν
1647 4663 1932 4734 σάλπιγγι

375 4755 523 4810 Θεοῦ
547 4755 941 4822 καταϐήσεται
989 4755 1106 4809 ἀπὸ
1145 4755 1425 4823 οὐρανοῦ.
1471 4757 1533 4807 Ἦ
1562 4756 1618 4809 δὲ
1657 4757 1934 4828 ἀποδημία

373 4849 466 4902 καὶ
503 4847 603 4920 τὴν
647 4848 1018 4919 μακροθυμίαν
1067 4847 1230 4918 δηλοῖ.
1285 4847 1430 4900 "East.
1471 4847 1527 4900 δὲ
1575 4849 1733 4901 αὐτὸν
1772 4850 1936 4916 ἀναγ-

373 4941 543 5005 καίως
604 4942 683 5004 είς
739 4941 836 5012 τὴν
893 4941 1220 5011 δηλωθεῖσαν
1274 4940 1486 5010 μακράν
1540 4939 1720 5010 χώραν
1787 4942 1933 4994 στεί-

372 5033 587 5098 λασθαι,
618 5036 778 5088 κάκεῖ
804 5034 990 5106 χρόνον
1015 5031 1288 5104 διατρίψαι
1318 5031 1524 5085 πολλῶν
1554 5033 1712 5085 ἕνεκα
1731 5048 1744 5060 ο
1777 5031 1852 5095 ώς
1871 5031 1936 5084 ἂν

372 5127 430 5180 ὲν
453 5126 532 5197 τῷ
563 5127 763 5198 μεταξὺ
787 5130 834 5180 οί
858 5124 1020 5180 αὑτοῦ
1046 5124 1370 5195 θεράποντες
1408 5125 1501 5196 τῆς
1544 5125 1748 5178 ἑαυτῶν
1773 5126 1938 5195 ἐργα-

373 5217 495 5281 σίας
515 5218 612 5290 τὴν
631 5219 858 5290 δοκιμὴν
890 5217 1045 5271 δοῖεν.

442 5451 488 5482 ”
509 5449 699 5505 Matth.
740 5467 778 5517 ι,
807 5453 855 5506 Ι.
930 5449 973 5483 ⁸⁸³
1003 5451 1156 5506 Joan.
1186 5467 1221 5515 ι,
1254 5449 1302 5501 l.

441 5667 570 5745 (68)_
604 5665 904 5745 sequentia
946 5664 1266 5745 conferenda
1326 5671 1449 5745 sunt
1507 5677 1651 5745 cura
1699 5663 1913 5745 Eusebii

379 5732 722 5814 [beopbenid'
767 5736 905 5814 apud
949 5750 1047 5814 nos
1090 5737 1392 5814 fragmento
1416 5747 1545 5814 uti.
1594 5732 1659 5786 Et
1700 5735 1910 5814 quidem

373 5803 660 5864 Eusebium
689 5803 882 5876 qutein
913 5805 1030 5859 aliis
1057 5805 1308 5875 operibus
1342 5804 1584 5870 dixerat,
1617 5803 1913 5859 contulisse

1382 5451 1423 5480 “
1450 5449 1583 5504 Dan.
1611 5466 1704 5514 vn,
1729 5450 1818 5504 l3.
1894 5452 1936 5482 “
1960 5451 2102 5507 Psal.
2131 5466 2188 5516 ll,
2214 5453 2263 5508 8.‘

2040 3185 2143 3236 est,
2177 3188 2455 3248 postquam
2491 3183 2624 3238 satis
2653 3198 2775 3238 cum
2831 3191 3147 3246 mortalibus
3187 3204 3431 3250 versatus
3472 3197 3594 3262 fuit,

2040 3267 2105 3321 ad
2130 3267 2344 3324 Patrem
2375 3288 2527 3327 suum
2563 3277 2794 3342 rediens,
2825 3281 3095 3348 profectus
3126 3294 3207 3340 est
3238 3286 3290 3339 in
3319 3288 3595 3356 regionem

2041 3358 2410 3431 longinquam,
2447 3377 2503 3419 ut
2567 3383 2732 3437 regno
2781 3387 2879 3427 suo
2931 3387 3154 3445 accepto
3208 3389 3595 3436 reverteretur.

2039 3449 2157 3504 Jam
2187 3455 2462 3522 regionem
2497 3461 2840 3530 longinquam
2888 3464 3017 3518 dicit
3052 3482 3151 3535 pro
3200 3469 3372 3524 reditu
3403 3471 3458 3525 in
3487 3487 3601 3526 cte-

2042 3541 2147 3596 ltun
2185 3561 2198 3596 :
2237 3561 2455 3615 regnum
2492 3563 2619 3602 vero
2651 3562 2924 3620 acceptum
2959 3555 3087 3609 illud
3120 3557 3298 3626 ipsum
3327 3560 3422 3624 ait,
3453 3563 3601 3630 quod

2040 3636 2300 3704 propheta
2348 3637 2533 3695 Daniel
2586 3641 2856 3699 innuebat'
2889 3647 3072 3702 dicens
3117 3665 3132 3702 :
3177 3649 3240 3702 Et
3282 3665 3409 3706 ecce
3429 3651 3599 3710 Filius

2041 3727 2274 3783 hominis
2303 3729 2355 3784 in
2391 3733 2620 3789 nubibus
2649 3737 3002 3804 adventabat;
3046 3739 3254 3809 ipsique
3288 3741 3469 3796 datum
3512 3755 3600 3800 est

2042 3819 2326 3890 inperium
2392 3836 2446 3879 et
2498 3827 2670 3882 honor
2711 3839 2766 3884 et
2819 3846 3040 3902 regnum
3094 3833 3157 3886 δ’.
3223 3833 3387 3890 Recte
3432 3840 3597 3894 etiam

2042 3912 2241 3966 dictum
2271 3925 2352 3970 est
2380 3918 2650 3987 accipere;
2675 3933 2896 3988 prorsus
2931 3923 3072 3975 enim
3101 3939 3129 3977 a
3167 3923 3328 3980 Patre
3359 3927 3410 3980 id
3437 3930 3600 3984 dante

2042 4008 2268 4075 accepit,
2300 4011 2590 4063 secundum
2631 4010 2758 4066 illud
2784 4013 2870 4071 “z
2907 4013 3125 4070 Postula
3167 4029 3199 4070 a
3240 4035 3339 4082 me,
3375 4031 3421 4072 et
3460 4022 3597 4076 dabo

2043 4099 2138 4150 tibi
2161 4110 2332 4166 gentes
2352 4101 2702 4156 Itwreditatem
2729 4117 2868 4158 tuam
2893 4121 2910 4158 :
2933 4121 3093 4175 quam
3125 4109 3285 4163 simul
3309 4124 3371 4164 ac
3394 4112 3461 4164 ab
3481 4112 3596 4164 An-

2041 4189 2193 4258 tiquo
2219 4192 2425 4246 dierum
2458 4197 2759 4264 acceperit,
2791 4199 2970 4252 statim
3022 4213 3341 4257 revertetur.
3388 4201 3598 4258 Idcirco

2042 4283 2141 4348 ait,
2172 4285 2236 4338 ad
2273 4289 2642 4356 accipiendum
2675 4290 2776 4344 sibi
2825 4307 3046 4362 regnum
3095 4306 3149 4350 et
3197 4299 3594 4352 revertendum.

2041 4371 2278 4438 Quanam
2314 4388 2493 4431 autem
2535 4381 2742 4434 ratione
2766 4382 2993 4438 reditum
3019 4384 3269 4440 Christus
3297 4387 3485 4453 l'aciet,
3517 4389 3599 4441 di-

2041 4479 2139 4521 vus
2160 4469 2446 4536 Apostolus
2465 4471 2802 4528 demonstrat
2831 4475 2913 4529 his
2938 4478 3116 4531 verbis
3149 4497 3161 4531 :
3196 4477 3457 4542 Quoniam
3485 4480 3595 4544 ipse

2041 4559 2294 4616 Dominus
2336 4563 2390 4615 in
2428 4563 2612 4632 jussu,
2659 4567 2713 4619 in
2754 4584 2873 4622 voce
2922 4572 3257 4640 archangeli,
3300 4583 3346 4625 et
3383 4574 3438 4625 in
3471 4578 3598 4626 tuba

2045 4655 2139 4708 Dei
2176 4655 2444 4711 descendet
2469 4663 2532 4712 de
2569 4660 2694 4714 ecelo
2726 4661 2791 4718 ⁸³.
2819 4663 2936 4718 Jam
2958 4664 3044 4720 ille
3071 4667 3248 4720 abitus
3277 4667 3594 4736 patientiam

2037 4761 2250 4817 quoque
2294 4754 2638 4819 exspectandi
2669 4755 2958 4823 significat.
2997 4758 3060 4811 Et
3097 4757 3310 4826 quidem
3347 4773 3597 4815 necessa-

2040 4837 2176 4892 rium
2230 4848 2346 4892 erat
2405 4850 2459 4894 ut
2509 4843 2623 4911 ipse
2677 4844 2779 4899 iter
2837 4847 2888 4899 in
2928 4847 3272 4916 longinquam
3320 4849 3591 4918 regionem

2038 4930 2365 4999 susciperet,
2399 4932 2580 5002 ibique
2618 4936 2705 4988 diu
2737 4948 3017 5000 maneret,
3051 4953 3212 5008 quum
3253 4940 3373 4994 aliis
3415 4941 3597 4996 multis

2037 5019 2103 5072 de
2134 5021 2331 5086 causis,
2363 5031 2471 5076 tum
2507 5034 2566 5077 ut
2598 5025 2811 5080 interim
2843 5027 2982 5082 servi
3024 5029 3138 5096 ejus
3174 5029 3446 5085 industriae
3485 5045 3595 5084 sua:

2039 5112 2419 5169 documentum
2445 5115 2683 5172 ederent.

2346 5450 2441 5503 .“l
2469 5451 2658 5507 Thess.
2714 5451 2907 5522 n',,l5.

2031 5679 2141 5716 non
2168 5664 2331 5718 semel
2357 5665 2408 5717 in
2441 5663 2851 5730 Theoplmninm.
2880 5666 2960 5721 vel
2992 5665 3104 5720 vice
3133 5679 3281 5721 versa
3303 5707 3316 5730 ,
3353 5667 3589 5721 animad-

2020 5735 2188 5806 ventit
2207 5735 2275 5806 cl:
2292 5731 2445 5806 _Leus
2469 5734 2518 5806 in
2540 5735 3016 5806 sua'_TIieopItauite
3042 5737 3260 5806 Anglice
3295 5739 3550 5791 editione.

2089 5803 2198 5874 (69)
2238 5802 2318 5858 Cf.
2344 5803 2482 5871 apud
2513 5819 2609 5859 nos
2634 5802 3040 5876 Theophaniam,
3075 5802 3174 5862 co'l.
3207 5806 3329 5871 687,
3367 5807 3463 5862 lin.
3497 5806 3598 5878 48."
