4098 6200
646 432 692 465 ⁸⁸
741 428 946 483 Vacalis
972 436 1144 480 autem
1178 426 1352 480 decem
1375 427 1534 480 servis
1554 426 1683 491 suis,
1724 425 1867 480 dedit
1890 427 1963 481 eis

1126 498 1298 550 decem
1324 513 1491 549 muas.

590 589 702 649 Per
734 595 834 648 bos
872 591 1055 660 itaque
1101 588 1194 657 qui
1230 602 1382 642 mnas
1419 598 1778 656 acceperunt,
1804 590 2095 661 discipulos

525 702 654 743 suos
688 681 988 747 denotavit,
1023 680 1221 750 quibus
1244 678 1486 749 singulas
1526 693 1681 733 muas
1713 681 1935 736 tradens
1957 721 1972 745 ,
2000 696 2097 751 pa-

523 794 746 850 remque
800 786 853 832 et
879 774 1108 831 similem
1158 772 1683 828 administrationem
1729 776 2092 840 committens,

520 868 787 940 negotiari
825 881 917 921 eos
939 864 1124 932 jussit,
1150 863 1320 917 donec
1352 863 1467 933 ipse
1508 864 1575 918 de
1610 862 1901 936 longinqua
1934 879 2094 935 pere-

523 961 828 1035 grinatione
877 957 1096 1013 rediret.
1124 953 1427 1026 Negotiatio
1448 964 1627 1011 autem
1659 956 1799 1011 nulla
1826 956 1932 1012 alia
1952 967 2090 1024 erat,

521 1056 627 1110 nisi
661 1053 809 1125 regni
842 1051 962 1121 ejus
984 1047 1296 1118 pmdicatio
1337 1048 1403 1101 ad
1432 1062 1621 1103 omnes
1652 1047 1898 1103 homines
1942 1065 1971 1103 a
2010 1049 2093 1103 di-

519 1145 741 1217 scipulis
764 1142 875 1199 suis
902 1139 1227 1210 peragenda.
1256 1138 1427 1192 Porro
1454 1153 1615 1191 unum
1647 1137 1777 1206 quid
1807 1139 1909 1194 hoc
1949 1148 2090 1205 erat,

519 1237 645 1307 quia
676 1250 838 1289 unum
871 1233 1113 1287 omnium
1141 1230 1510 1299 magisterium
1531 1271 1546 1294 ,
1579 1245 1686 1285 una
1730 1230 1863 1287 ﬁdes
1886 1274 1901 1295 ,
1927 1249 2091 1288 unum

518 1329 780 1400 baptisma
804 1366 819 1389 ,
854 1340 958 1380 una
991 1323 1235 1379 doctrina
1277 1323 1344 1378 ".
1394 1322 1684 1391 Propterea
1721 1340 1821 1378 una
1872 1327 2087 1395 quidem

515 1421 840 1487 mna,varia
872 1427 1051 1472 tamen
1103 1431 1263 1486 opera
1306 1416 1523 1482 evasit,
1570 1417 1864 1486 negotiatio
1906 1418 2087 1488 splen-

513 1516 659 1578 dida,
699 1524 753 1568 et
787 1511 905 1580 ejus
940 1512 1015 1565 rei
1053 1510 1261 1565 fruetus
1289 1510 1462 1564 dives.
1488 1510 1666 1578 Atque
1694 1511 1889 1564 horum
1921 1526 2087 1566 causa

514 1607 863 1675 longinquam
897 1602 1386 1674 peregrinationem
1433 1600 1629 1675 nobilis
1668 1600 1758 1656 ille
1789 1603 1871 1655 vir
1909 1616 2089 1656 susce-

512 1704 611 1772 pit.
664 1699 817 1755 Unde
868 1696 1070 1752 dictum
1109 1707 1192 1749 est
1232 1694 1284 1748 ei
1313 1709 1345 1747 a
1394 1693 1599 1748 Patre:
1648 1692 1782 1749 Sede
1823 1712 1854 1749 a
1887 1694 2086 1748 dextris

1202 303 1471 361 EUSEBII
1509 296 1983 360 CIESARIENSIS
2019 295 2171 362 OPP.
2204 296 2394 362 PARS
2432 308 2519 365 Ill.
2548 338 2616 350 -—
2654 308 3068 366 EXEGETICA.

2129 431 2179 488 Α
2203 429 2481 494 Καλέσας
2507 428 2576 481 δὲ
2598 428 2741 483 δέκα
2773 430 3032 493 δούλους
3060 426 3299 493 ἑαυτοῦ,
3324 422 3546 481 ἔδωκεν
3567 425 3773 492 αὐτοῖς

3664 312 3769 369 592

2810 499 2955 552 δέκα
2996 498 3119 567 μνᾶ
3125 518 3176 563 ς.

2285 592 2577 663 Ἐσήμαινε
2608 591 2783 645 τοίνυν
2808 590 2896 644 διὰ
2923 590 3031 644 τῶν
3069 590 3340 644 λαθόντων
3365 589 3465 653 τὰς
3493 589 3629 660 μνᾶς
3648 589 3775 654 τοὺς

2202 684 2395 738 ἑαυτοῦ
2435 684 2699 756 μαθητὰς,
2726 681 2806 748 οἷς
2834 684 2934 738 ἀνὰ
2980 682 3106 755 μίαν
3138 685 3272 755 μνᾶν
3318 681 3615 755 παραδοὺς.
3653 681 3774 753 ἴσην

2200 795 2259 831 τε
2281 778 2574 849 καὶὸμοίαν
2601 780 2765 832 πᾶσιν
2793 778 3097 849 ἐγχειρίσας
3126 777 3224 850 τὴν
3251 773 3558 847 οἰκονομίαν
3577 814 3592 841 ,
3629 792 3771 846 πρα-

2200 870 2607 942 γματεύσασθαι
2624 869 3075 943 παρεκελεύσατο,
3113 870 3217 934 ἓως
3263 860 3373 941 (70)
3404 866 3469 921 ἂν
3504 865 3774 938 ἐπανέλθῃ

2199 965 2298 1035 τῆς
2327 966 2541 1036 μακρᾶς
2568 964 2894 1037 ἀποδημίας.
2935 964 2998 1017 Ἠ
3032 964 3088 1016 δὲ
3113 960 3462 1035 πραγματεία
3499 960 3599 1013 οὐκ
3636 958 3769 1031 ἄλλη

2198 1076 2281 1122 τις
2300 1052 2368 1130 ἦν
2388 1058 2523 1111 ἀλλὰ
2544 1048 2606 1112 τὸ
2638 1060 2898 1131 κήρυγμα
2918 1058 2979 1111 τὸ
3004 1057 3131 1126 περὶ
3158 1056 3257 1126 τῆς
3288 1053 3453 1108 αὐτοῦ
3499 1052 3771 1123 βασιλείας

2198 1152 2279 1213 είς
2306 1152 2511 1214 πάντας
2548 1150 2865 1222 ἀνθρώπους
2898 1150 3001 1204 ὑπὸ
3045 1148 3154 1202 τῶν
3187 1147 3365 1201 αὐτῶν
3396 1145 3560 1200 αὐτοῦ
3594 1146 3771 1219 μαθη-

2196 1244 2306 1296 τῶν
2332 1244 2788 1315 κατηγγελμένον.
2827 1244 2962 1296 Ἀλλ’
2993 1242 3050 1297 ἓν
3076 1243 3172 1313 μὲν
3203 1237 3270 1313 ἦν
3302 1238 3481 1306 τοῦτο,
3516 1241 3636 1293 ἐπεὶ
3675 1242 3769 1295 καὶ

2200 1337 2298 1408 μία
2321 1336 2426 1390 τῶν
2461 1338 2674 1391 πάντων
2698 1336 3033 1400 διδασκαλία,
3064 1336 3159 1389 καὶ
3198 1333 3294 1405 μία
3344 1334 3545 1396 πίστις,
3587 1332 3680 1387 καὶ
3708 1333 3768 1387 ἓν

2198 1430 2477 1501 βάπτισμα
2509 1430 2602 1484 καὶ
2621 1433 2649 1484 6
2673 1431 2832 1495 αὐτὸς
2850 1431 3017 1499 λόγος
3041 1430 3185 1501 (71)·
3221 1427 3301 1481 διὸ
3330 1427 3422 1481 καὶ
3446 1427 3543 1497 μία
3576 1428 3609 1499 ἡ
3638 1428 3765 1498 μνᾶ,

2195 1522 2449 1594 διάφορος
2476 1523 2531 1576 δέ
2558 1523 2740 1587 αὐτοῖς
2758 1526 2791 1595 ἡ
2811 1524 3044 1596 ἐργασία
3070 1523 3308 1593 ἐγένετο,
3326 1520 3420 1574 καὶ
3446 1521 3480 1592 ἡ
3512 1537 3771 1592 πραγμα-

2192 1615 2312 1667 τεία
2332 1614 2577 1687 λαμπρὰ,
2618 1616 2647 1668 ὃ
2683 1616 2731 1668 τ’
2762 1616 2854 1668 ἐπὶ
2898 1614 3072 1690 ταύτῃ
3118 1615 3285 1686 πόρος
3328 1612 3601 1679 πλούσιος.
3656 1614 3767 1668 Καὶ

2192 1703 2367 1759 ταῦτα
2388 1704 2486 1775 μὲν
2517 1700 2583 1775 ἦν
2618 1698 2691 1758 ὧν
2730 1704 2891 1759 ἕνεκα
2914 1705 3010 1777 τὴν
3034 1704 3249 1777 μακρὰν
3293 1703 3511 1774 πορείαν
3546 1703 3575 1754 6
3607 1703 3763 1771 εὐγε-

510 1794 662 1859 meis,
700 1792 860 1844 donec
900 1803 1091 1855 ponam
1123 1787 1360 1840 inimicos
1413 1794 1530 1839 tuos
1567 1785 1851 1840 scabellum
1892 1786 2071 1854 pedm

2183 1798 2281 1868 νὴς
2313 1796 2592 1853 ἐστέλλετο
2634 1799 2938 1871 ἅνθρωπος.
2984 1798 3145 1852 Ὅθεν
3195 1796 3412 1865 ἐλέγετο
3462 1795 3610 1866 αὐτῷ
3662 1796 3765 1849 ὑπὸ

508 1883 799 1941 tuorum“.
830 1882 1058 1948 Quinam
1084 1894 1212 1933 vero
1242 1879 1352 1933 sint
1374 1878 1428 1933 bi
1458 1878 1684 1945 inimici,
1713 1879 1759 1934 si
1792 1880 1913 1949 quis
1938 1879 2082 1933 scire

508 1983 654 2038 avet,
689 1969 961 2041 parabolae
988 1976 1277 2023 contextus
1322 1969 1568 2033 docebit,
1602 1969 1689 2022 ubi
1734 1970 1881 2023 cives
1925 1970 2081 2023 indu-

505 2076 705 2123 cuntur
734 2063 878 2133 regis
904 2076 1120 2126 osores,
1157 2062 1381 2130 ejusque
1428 2061 1713 2130 imperium
1765 2062 2075 2117 detrectan-

505 2171 611 2223 tes,
644 2170 697 2214 et
722 2155 938 2213 edcouti
990 2154 1217 2208 audacia
1265 2153 1565 2222 etfrenique
1623 2169 1719 2209 ore
1782 2156 2072 2211 dicentes:

502 2252 766 2308 Nolumus
808 2248 951 2304 hunc
980 2258 1207 2316 regnare
1239 2258 1402 2313 super
1452 2260 1571 2300 nos.
1631 2244 1735 2301 Sed
1768 2247 1818 2301 bi
1844 2287 1859 2312 ,
1909 2262 2081 2317 quan-

502 2362 663 2417 quam
695 2344 863 2407 cives,
908 2355 1089 2410 regem
1143 2339 1418 2405 abnuunt;
1458 2339 1574 2408 ipse
1624 2350 1805 2396 autem
1851 2357 1881 2396 a
1916 2341 2079 2397 Patre

500 2437 657 2493 audit
691 2458 704 2493 :
733 2434 875 2491 Sede
926 2447 954 2486 a
990 2431 1193 2486 dextris
1211 2430 1366 2492 meis,
1408 2431 1579 2487 donec
1631 2432 1725 2485 tibi
1766 2434 1950 2488 hostes
1988 2448 2079 2501 pe-

500 2528 658 2584 dibus
698 2532 1104 2596 supponantur;
1140 2525 1378 2595 itemque
1413 2540 1429 2578 :
1476 2523 1854 2579 Dominam-in
1902 2526 2072 2580 medio

498 2603 833 2675 inﬁnitarum
870 2625 1083 2670 tuorum
1106 2616 1174 2670 ⁸⁷.

2184 1888 2280 1941 τοῦ
2329 1888 2541 1959 Πατρός
2574 1904 2587 1918 ⁶
2618 1888 2814 1943 Κάθου
2863 1888 2931 1942 ἐκ
2977 1887 3189 1951 δεξιῶν
3223 1904 3365 1955 μου,
3414 1885 3525 1949 ἕως
3575 1885 3652 1938 ἂν
3685 1883 3765 1938 θῶ

2185 1980 2328 2045 τοὺς
2374 1982 2624 2051 ἐχθρούς
2668 1996 2785 2035 σου
2830 1980 3162 2035 ὑποπόδιον
3206 1973 3325 2033 τῶν
3367 1977 3571 2031 ποδῶν
3624 1991 3761 2030 σου.

2184 2077 2375 2139 Ποίους
2396 2078 2473 2143 δὲ,
2500 2078 2553 2129 εἴ
2581 2095 2663 2142 τις
2702 2077 2923 2131 πύθοιτο
2961 2076 3151 2147 μαθεῖν
3194 2075 3414 2141 ἐθέλων,
3451 2073 3701 2145 ἐχθροὺς,
3734 2071 3765 2123 6

2184 2167 2271 2220 διὰ
2305 2169 2403 2238 τῆς
2458 2169 2773 2240 παραϐολῆς
2811 2168 3009 2233 διδάξει
3044 2168 3232 2235 λόγος,
3281 2165 3617 2236 συμπολίτας
3653 2164 3767 2216 ela-

2186 2259 2334 2327 άγων
2359 2260 2451 2313 τοῦ
2488 2261 2750 2330 βασιλέως
2784 2260 3069 2331 μισοῦντας
3086 2260 3247 2313 αὑτὸν
3275 2258 3367 2312 καὶ
3396 2255 3768 2328 παραιτουμέ-

2183 2369 2307 2416 νους
2339 2352 2502 2406 αὑτοῦ
2535 2353 2631 2424 τὴν
2669 2354 2863 2424 ἀρχὴν,
2889 2353 3067 2423 γυμνῇ
3090 2368 3148 2405 τε
3178 2353 3243 2422 τῇ
3278 2348 3481 2419 κεφαλῇ
3504 2348 3765 2415 λέγοντας

2181 2447 2274 2498 καὶ
2296 2445 2535 2517 ἀχαλίνῳ
2559 2447 2786 2519 στόματι
2807 2462 2820 2476 ο
2847 2447 2919 2499 Οὐ
2957 2444 3183 2516 θέλομεν
3226 2427 3414 2497 τοῦτον
3456 2439 3760 2513 βασιλεύειν

2180 2536 2267 2606 ἐφ’
2305 2540 2470 2608 ἡμᾶς.
2534 2539 2671 2592 Ἀλλ’
2702 2540 2751 2592 οί
2790 2537 2909 2610 μὲν,
2956 2537 3159 2607 καίπερ
3197 2534 3349 2597 ὄντες
3392 2531 3625 2598 πολῖται,
3667 2529 3762 2584 τὸν

2179 2622 2401 2692 βασιλέα
2435 2625 2711 2697 ἠρνοῦντο,
2744 2626 2773 2677 6
2805 2625 2862 2678 δὲ
2894 2625 2997 2678 ὑπὸ
3026 2624 3120 2678 τοῦ
3157 2623 3367 2695 Πατρὸς
3411 2621 3617 2675 ἀκούειο
3644 2620 3763 2674 Κά-

501 2710 594 2764 θου
628 2711 693 2764 ἐκ
731 2706 919 2772 δεξιῶν
964 2724 1084 2777 μου,
1122 2707 1225 2770 ἓως
1274 2708 1337 2761 ἂν
1381 2708 1486 2761 ὑπὸ
1534 2708 1699 2772 πόδας
1755 2709 1983 2763 τεθῶσιν
2029 2711 2078 2764 oi
2116 2712 2301 2785 ἐχθροί
2354 2732 2466 2769 σου·
2505 2720 2618 2769 καί·
2648 2717 3050 2786 Κατακυρίευε
3085 2716 3155 2769 ἐν
3182 2713 3349 2785 μέσῳ
3388 2712 3505 2767 τῶν
3528 2709 3761 2781 ἐχθρῶν

497 2824 635 2864 σου.

567 2903 690 2958 Jam
722 2902 848 2971 quia
882 2916 1107 2971 regnum
1143 2899 1259 2969 ejus
1298 2902 1606 2956 abnuerunt
1652 2903 1858 2959 inimici
1899 2904 2069 2975 ipsius

496 2996 668 3059 cives,
702 2994 897 3048 merito
930 2993 1012 3047 eis
1037 2992 1258 3047 aiebat:
1293 2993 1582 3060 Auferetur
1608 3012 1640 3048 a
1673 2997 1811 3049 vobis
1856 3012 2069 3067 regnum

2260 2906 2414 2959 Ἐπεὶ
2437 2904 2493 2959 δέ
2530 2906 2741 2978 ἔξαρνοι
2780 2906 2881 2977 τῆς
2913 2906 3185 2977 βασιλείας
3222 2903 3388 2957 αὑτοῦ
3427 2903 3674 2971 ἐγένοντο
3707 2901 3755 2955 οε

2178 2999 2361 3071 ἐχθροὶ
2395 2999 2557 3053 αὑτοῦ
2595 3000 2828 3063 πολῖται,
2863 3000 3085 3062 εἰκότως
3114 2989 3249 3070 πρδς
3273 2997 3469 3059 αὐτοὺς
3494 2995 3749 3065 ἔφασκεν

497 3088 616 3149 Dei,
651 3098 699 3142 et
730 3088 942 3141 dabitur
979 3088 1115 3156 genti
1159 3088 1375 3156 facienti
1427 3090 1629 3147 fructus
1666 3091 1781 3158 ejus
1804 3092 1866 3147 ⁸⁸.
1912 3093 2069 3159 Quaa-

2190 3090 2525 3161 Ἄρθήσεται
2563 3092 2663 3161 ἀφ’
2694 3091 2862 3161 ὑμῶν
2903 3090 2941 3159 ή
2982 3090 3271 3156 ,Βασιλεία
3303 3088 3407 3143 τοῦ
3447 3088 3616 3150 Θεοῦ,
3654 3085 3754 3139 καί

496 3194 622 3235 nam
652 3192 781 3233 vero
806 3188 951 3233 esset
990 3193 1122 3249 gens
1151 3194 1317 3250 regno
1362 3181 1521 3250 digna
1546 3220 1561 3245 ,
1607 3182 1932 3251 signiﬁcavit
1979 3186 2069 3255 qui

497 3272 638 3328 dixit
680 3287 694 3324 :
732 3269 953 3327 Postula
992 3289 1024 3326 a
1046 3288 1162 3336 me,
1203 3282 1249 3326 et
1284 3272 1418 3326 dabo
1445 3274 1539 3327 tibi
1571 3282 1745 3343 gentes
1786 3276 2071 3331 hwredita-

496 3374 597 3417 tem
618 3372 786 3418 tuam.
821 3364 1235 3420 Demonstrabat
1261 3374 1462 3429 autem,
1486 3366 1631 3420 cives
1657 3366 1907 3424 inimicos
1931 3368 2069 3437 ejus,

495 3457 639 3511 haud
667 3456 802 3512 alios
823 3470 943 3512 esse
984 3471 1147 3527 quam
1181 3457 1489 3514 Judaaorum
1526 3469 1763 3529 gentem,
1789 3461 1877 3530 qui
1908 3461 2069 3529 primi

495 3562 525 3600 a
558 3547 861 3603 Servatoris
883 3550 1055 3618 gratia
1100 3550 1359 3621 praeventi
1398 3550 1674 3605 contraria
1716 3552 1763 3605 ei
1803 3552 2069 3608 retribue-

494 3647 643 3693 runt.
684 3637 809 3694 Ideo
843 3640 908 3693 de
938 3639 1071 3709 ipsis
1114 3640 1429 3711 prophetica
1488 3640 1669 3696 aiebat
1703 3659 1715 3694 :
1757 3640 1890 3695 Mala
1933 3642 2066 3696 mihi

492 3732 868 3787 retribuerunt
899 3748 912 3783 :
949 3747 1048 3801 pro
1082 3747 1148 3787 eo
1175 3741 1231 3786 ut
1261 3747 1345 3786 me
1369 3732 1680 3801 diligerent,
1710 3733 2067 3788 detrahebant

494 3823 660 3888 mihi,
697 3832 753 3877 et
807 3826 978 3892 gratis
1030 3832 1494 3893 oppugnaverunt,
1543 3823 1835 3894 dolosaque
1884 3823 2065 3892 lingua

491 3923 682 3969 contra
711 3930 795 3969 me
821 3924 945 3969 sunt
970 3914 1130 3971 locuti
1154 3957 1168 3980 ,
1196 3925 1253 3970 et
1282 3915 1625 3970 sermonibus
1671 3915 1780 3969 odii
1827 3915 2064 3970 circum-

492 4006 753 4062 dederunt
779 4021 864 4061 me
885 4006 969 4072 ";
1028 4022 1223 4078 nempe
1268 4007 1597 4076 blasphemis
1647 4022 1785 4078 quos
1838 4008 1893 4062 in
1938 4022 2063 4062 eum

484 4097 714 4169 jaculari
757 4098 932 4154 solent
958 4101 1318 4167 sermonibus,
1351 4100 1707 4169 imprecantes
1736 4100 1809 4166 ei,
1841 4101 2064 4170 ipsoque

488 4206 653 4262 opere
674 4193 1061 4262 prOpemodum
1085 4192 1324 4248 dicentes
1354 4209 1367 4244 ι
1399 4191 1655 4248 Nolumus
1676 4193 1817 4248 hunc
1838 4208 2064 4263 regnare

491 4298 659 4354 super
682 4297 801 4339 nos.
832 4282 1122 4353 Propterea
1152 4300 1257 4340 non
1286 4299 1454 4354 regno
1503 4293 1723 4339 tantum
1753 4284 2063 4356 spoliabun-

489 4385 614 4441 tur,
651 4392 835 4433 verum
868 4378 1033 4432 etiam
1076 4378 1312 4433 debitam
1368 4377 1655 4447 lmpietati.
1684 4393 1796 4433 suae
1843 4392 2061 4448 poenam

2172 3184 2492 3251 δοθήσεται
2539 3186 2695 3239 ἔθνει
2741 3185 3009 3240 ποιοῦντι
3055 3183 3197 3249 τοὺς
3240 3184 3506 3254 καρποὺς
3541 3181 3750 3251 αὐτῆς.

2172 3278 2330 3330 Ποῖον
2354 3276 2410 3329 δὲ
2438 3272 2506 3349 ἦν
2538 3276 2597 3330 τὸ
2629 3276 2779 3341 ἔθνος
2811 3277 2869 3331 τὸ
2902 3278 3003 3347 τῆς
3049 3277 3324 3348 βασιλείας
3360 3276 3528 3343 ἄξιον,
3565 3276 3752 3348 ἐδήλου

2169 3370 2197 3423 6
2227 3368 2426 3425 εἰπών’
2460 3372 2716 3441 Αἴτησαι
2749 3372 2884 3439 παρ’
2916 3371 3081 3439 ἐμοῦ,
3124 3372 3223 3425 καὶ
3264 3369 3438 3424 δώσω
3465 3386 3567 3424 σοι
3603 3369 3751 3437 ἔθνη

2168 3461 2285 3530 τὴν
2311 3462 2715 3530 κληρονομίαν
2738 3475 2873 3515 σου.
2925 3461 3143 3533 Ἐδήλου
3172 3463 3227 3515 δὲ
3265 3461 3487 3522 πολίτας
3524 3458 3750 3530 ἐχθροὺς

2169 3550 2332 3605 αὑτοῦ
2353 3548 2450 3621 οὐχ
2472 3550 2691 3623 ἐτέρους
2713 3551 2806 3604 τοῦ
2845 3550 3109 3605 Ἰουδαίων
3148 3550 3351 3615 ἔθνους,
3386 3551 3435 3603 οἳ
3469 3548 3551 3619 δὴ,
3589 3545 3745 3618 πρῶ-

2166 3652 2248 3695 τοι
2280 3641 2379 3711 τῆς
2408 3639 2503 3694 τοῦ
2541 3643 2791 3713 Σωτῆρος
2831 3643 3049 3714 χάριτος
3081 3642 3391 3713 ἠξιωμένοι,
3434 3643 3546 3703 τοῖς
3592 3642 3745 3692 ἐναν-

2166 3734 2299 3796 τίοις
2331 3732 2492 3787 αὑτὸν
2536 3732 2829 3804 ἠμύναντο.
2879 3734 2969 3787 Διὸ
3007 3736 3134 3807 περὶ
3178 3734 3356 3787 αὐτῶν
3398 3729 3751 3802 προφητικῶς

2166 3826 2376 3895 ελεγενο
2423 3822 2920 3882 Ἀνταπεδίδοσάν
2936 3844 3037 3897 μοι
3066 3828 3317 3897 πονηρά*
3343 3825 3475 3880 ἀντὶ
3509 3821 3750 3894 ἀγαπᾷν

2159 3938 2257 3990 με,
2293 3919 2684 3975 ὲνδιέϐαλλόν
2705 3937 2803 3990 με,
2833 3920 2932 3975 καὶ
2958 3918 3347 3989 ἐπολέμησαν
3370 3917 3614 3986 δωρεὰν,
3643 3915 3743 3969 καὶ

2163 4012 2479 4080 ἐλάλησαν
2516 4013 2645 4066 κατ’
2695 4010 2843 4082 ἐμοῦ
2891 4011 3138 4082 γλώσσῃ
3180 4009 3375 4077 δολία,
3420 4009 3743 4079 καὶλόγοις

2158 4107 2383 4175 μίσους
2430 4105 2807 4159 ἐκύκλωσαν⁸
2859 4103 2925 4157 δι’
2963 4095 3038 4157 ὧν
3083 4101 3480 4175 προϐάλλεσθαι
3518 4099 3739 4154 εἰώθασι

2164 4196 2285 4248 κατ’
2315 4194 2482 4249 αὐτοῦ
2527 4194 2861 4266 βλασφήμων
2890 4192 3085 4262 λόγων,
3122 4190 3507 4263 κατευχόμενοί
3539 4208 3597 4243 τε
3638 4189 3741 4243 αὑ-

2164 4284 2280 4348 τοῦ,
2311 4286 2404 4339 καὶ
2440 4283 2597 4355 μόνον
2630 4286 2730 4338 οὐκ
2758 4284 2940 4346 αὐτοῖς
2978 4280 3226 4351 λέγοντες
3273 4284 3383 4344 τοῖς
3418 4280 3632 4351 ἔργοις·
3662 4277 3739 4333 Οὐ

2165 4376 2391 4449 θέλομεν
2416 4376 2603 4430 τοῦτον
2633 4372 2947 4446 βασιλεῦσαι
2973 4375 3056 4443 ἐφ’
3079 4375 3243 4445 ἡμᾶς.
3273 4372 3366 4425 Διὸ
3386 4372 3450 4442 δὴ
3482 4373 3542 4425 οὐ
3578 4370 3743 4443 μόνον

489 4469 748 4524 referent.
800 4468 959 4525 Cives
1019 4484 1147 4525 vero
1197 4469 1315 4524 illos
1371 4469 1425 4523 in
1493 4468 1747 4539 parabola
1800 4468 2057 4539 appellat,

2173 4470 2262 4541 τῆς
2287 4468 2559 4540 βασιλείας
2585 4466 3025 4541 στερηθήσονται,
3055 4466 3191 4519 ἀλλὰ
3232 4461 3325 4519 καὶ
3359 4465 3632 4519 πείσονται
3670 4464 3740 4518 τὰ

488 4562 686 4632 quippe
713 4577 779 4617 ex
804 4562 991 4616 eadem
1022 4561 1349 4632 cognatione
1384 4560 1646 4615 oriundus
1670 4600 1685 4625 ,
1711 4561 1967 4630 quoniam
2006 4570 2060 4614 et

486 4655 603 4725 ipse
628 4671 695 4710 ex
722 4654 910 4711 iisdem
949 4654 1387 4726 progenitoribus
1410 4668 1581 4723 genus
1602 4654 1835 4709 ducebat
1869 4668 2059 4708 secun-

483 4750 612 4807 dum
640 4750 821 4804 carnis
847 4749 1208 4814 nativitatem,
1233 4759 1287 4805 et
1306 4751 1430 4820 quia
1455 4764 1609 4817 aeque
1633 4748 1731 4802 sub
1755 4746 1869 4818 lege
1893 4747 2055 4802 vitam

484 4843 737 4915 degebat.
780 4842 957 4912 Atque
1003 4844 1114 4896 haec
1158 4842 1315 4912 primi
1362 4840 1479 4911 ejus
1522 4842 1784 4895 adventus
1841 4840 2055 4909 propria

484 4942 652 5001 sunt.!
692 4933 821 5002 Quae
861 4950 982 4990 cum
1022 4936 1279 4989 Servator
1326 4934 1400 4988 ita
1459 4933 1771 4996 docuisset,
1806 4932 2055 4999 deinceps

420 5018 423 5023 ’
480 5029 717 5085 reditum
763 5044 918 5084 suum
959 5028 1252 5098 gloriosum
1296 5037 1459 5097 atque
1490 5025 1720 5095 regalem
1770 5024 1931 5086 sistit,
1976 5030 2056 5077 te-

483 5132 635 5178 stans
681 5120 797 5176 fore
849 5128 909 5174 ut
955 5120 1021 5174 de
1070 5118 1323 5173 omnibus
1371 5127 1500 5171 tunc
1537 5115 1742 5184 justum
1792 5115 2053 5185 judicium

481 5223 755 5269 exerceat.
788 5213 922 5269 Nam
958 5213 1022 5269 iis
1046 5213 1137 5283 qui
1170 5212 1308 5267 bene
1330 5225 1391 5265 ac
1418 5210 1648 5265 ﬁdeliter
1685 5223 1865 5262 mnam
1914 5206 2050 5261 mul-

483 5304 879 5373 tiplicaverint,
920 5321 1218 5377 congruum
1266 5303 1543 5375 praemium
1594 5301 1911 5364 conferens,
1947 5301 2045 5355 do-

480 5397 680 5451 minari
710 5411 893 5452 secum
920 5407 975 5455 et
1000 5411 1335 5468 conregnare
1359 5394 1616 5451 concedet
1659 5412 1673 5448 :
1721 5394 1769 5448 ei
1802 5408 1929 5447 vero
1952 5390 2043 5460 qui

480 5501 579 5558 per
607 5489 909 5544 socordiam
948 5499 1112 5560 atque
1149 5488 1419 5557 ignaviam
1455 5486 1783 5542 dominicum
1824 5483 2043 5538 manda-

547 5649 596 5682 “
622 5647 755 5704 Luc.
783 5664 896 5713 xix,
924 5648 1010 5703 15.
1086 5651 1129 5683 ⁸⁸
1154 5652 1351 5720 pres.
1381 5666 1453 5720 tv,
1476 5650 1530 5707 5.

548 5772 660 5844 (70)
684 5771 816 5829 Cod.
855 5771 986 5826 ἐστ’.

2158 4562 2411 4635 ἐπίχειρα
2440 4564 2540 4632 τῆς
2567 4561 2746 4614 αὐτῶν
2781 4558 3115 4621 δυσσεϐείας.
3164 4558 3395 4622 Πολίτας
3436 4558 3491 4610 δέ
3541 4557 3738 4620 αὐτοὺς

2155 4654 2243 4707 διὰ
2276 4648 2374 4724 τῆς
2410 4652 2725 4725 παραϐολῆς
2764 4648 3068 4721 ὠνόμαζεν,
3104 4650 3198 4704 ἆτε
3230 4646 3294 4720 δὴ
3335 4652 3399 4703 ἐκ
3429 4649 3531 4718 τῆς
3564 4648 3739 4718 αὐτῆς

2154 4742 2507 4815 ὁρμωμένους
2530 4741 2678 4813 αὐτῷ
2708 4740 3047 4810 συγγενείας·
3077 4742 3200 4793 ἐπεὶ
3231 4740 3323 4793 καὶ
3351 4739 3512 4802 αὐτὸς
3539 4741 3604 4792 ἐκ
3628 4738 3737 4791 τῶν

2155 4836 2333 4890 αὐτῶν
2357 4830 2579 4908 ὡρμᾶτο
2608 4834 2967 4907 προπατόρων
2996 4834 3137 4888 κατὰ
3157 4835 3254 4905 τὴν
3281 4833 3541 4904 ἔνσαρκον
3568 4831 3736 4885 αὑτοῦ

2153 4927 2385 4998 γένεσιν,
2419 4929 2509 4981 καὶ
2538 4927 2764 4998 ἐπείπερ
2795 4925 2895 4995 τῆς
2923 4926 3154 4997 νομίμου
3184 4924 3380 4997 ὁμοίως
3403 4926 3586 4988 αὐτοῖς
3608 4942 3736 4995 μετα

2148 5018 2236 5092 ῄει
2274 5020 2562 5083 πολιτείας.
2611 5019 2795 5072 Ταῦτα
2842 5019 2938 5089 μὲν
2980 5014 3072 5072 οὖν
3118 5017 3499 5089 παραστατικὰ
3545 5017 3612 5071 ἂν
3645 5016 3732 5087 εἴη

2151 5114 2251 5183 τῆς
2284 5112 2503 5183 πρώτης
2532 5110 2696 5164 afach
2722 5110 2977 5179 ἀφίξεως.
3018 5111 3170 5163 Ἐπεὶ
3197 5110 3252 5162 δὲ
3278 5107 3450 5164 ταῦτα
3481 5110 3510 5161 6
3534 5107 3730 5179 Σωτὴρ

2155 5204 2343 5257 τοῦτον
2378 5202 2579 5269 ἐδίδαξε
2609 5201 2700 5255 τὸν
2723 5202 2941 5273 τρόπον,
2984 5184 3290 5263 ἀκολούθως
3335 5198 3434 5270 τὴν
3470 5197 3728 5251 ἐπάνοδον

2157 5297 2320 5352 αὑτοῦ
2340 5298 2438 5368 τὴν
2466 5295 2673 5361 ἔνδοξον
2704 5297 2798 5349 καὶ
2827 5296 3110 5368 βασιλικὴν
3155 5293 3415 5365 παρίστη,
3453 5290 3724 5365 μαρτυρό-

2156 5409 2312 5463 μενος
2351 5391 2541 5444 ὁποίαν
2587 5390 2706 5445 τότε
2746 5391 3026 5459 ποιήσεται
3067 5388 3165 5459 τὴν
3208 5387 3350 5442 κατὰ
3392 5387 3608 5441 πάντων
3644 5384 3724 5437 δι-

2150 5481 2490 5553 καιοκρισίαν
2512 5500 2523 5511 ’
2557 5485 2669 5545 τοῖς
2705 5483 2800 5553 μὲν
2835 5482 2941 5552 γὰρ
2972 5475 3031 5534 εὖ
3076 5481 3169 5534 καὶ
3210 5479 3415 5544 πιστῶς
3453 5479 3549 5551 τὴν
3586 5477 3729 5549 μνᾶν

1606 5650 1651 5683 ⁵⁵
1676 5649 1816 5707 Psal.
1840 5665 1948 5717 cu,
1975 5650 2025 5705 t.

2179 5650 2307 5712 ibid,
2332 5650 2390 5706 2.
2468 5651 2512 5683 “
2540 5650 2725 5709 Matth.
2749 5667 2861 5720 ut,
2886 5651 2979 5707 ιδ.
3051 5651 3095 5685 δ’
3119 5650 3259 5707 Psal.
3281 5664 3437 5716 cvm,
3456 5646 3514 5703 2.

2224 5771 2333 5841 (7|)
2356 5770 2434 5827 lta
2462 5771 2583 5828 cod.
