4098 6200
405 332 513 389 593

1580 330 2077 390 COMMENTARM
2116 335 2183 390 1N
2223 317 2486 395 LUCAM.’

3537 343 3643 400 ενι

400 450 870 508 πολυπλασιάσασι
902 450 997 522 τὴν
1044 449 1358 522 πρέπουσαν
1403 450 1685 515 ἀποδιδοὺς
1723 451 1965 523 ἀμοιϐὴν,

2085 461 2194 506 tum
2225 452 2545 523 neglexerit,
2588 462 2643 507 et
2674 453 2832 508 otiari
2876 452 3169 522 feriarique
3202 454 3522 523 praetulerit,
3548 472 3641 510 ne-

402 544 692 616 συνάρχειν
735 542 880 613 αὐτῷ
917 543 1010 595 καὶ
1059 542 1475 612 συμϐασιλεύειν
1526 544 1801 615 ἐπιτρέψει
1826 562 1839 574 ο
1894 542 1972 613 τῷ

398 637 461 693 ἃ
485 639 605 693 κατ’
632 639 781 691 ὄκνον
809 635 904 689 καὶ
934 634 1067 707 ρᾳθυ
1076 634 1201 705 μίαν
1225 634 1519 705 ὴμεληκότι
1547 637 1645 706 τῆς
1666 636 1757 689 τοῦ
1778 638 1976 690 Δεσπό-

400 745 498 783 του
542 727 1009 801 παρακελεύσεως,
1053 726 1249 798 ἀργίαν
1324 744 1382 778 τε
1459 729 1551 779 καὶ

403 823 800 895 πραγματείας,
832 820 1035 892 πικρὰν
1059 823 1358 891 ἐπαρτήσει
1384 822 1557 892 δίκην.

511 916 652 969 Ἵσθι
676 912 968 977 ἐξουσίαν
1004 912 1163 983 ἔχων
1187 912 1387 966 ἐπάνω
1423 912 1569 967 δέκα
1602 916 1853 970 πόλεων.

472 1004 741 1060 Βασιλεῖαι
764 1004 873 1077 γὰρ
900 997 1083 1070 αὗται,
1102 1005 1402 1076 πρέπουσαι
1435 1008 1775 1078 προαγωγαὶ,
1806 1007 1978 1077 ἀρχὰς

396 1096 696 1169 ἀνθρώπων
723 1097 819 1150 καὶ
846 1097 1142 1169 ἡγεμονίας
1184 1096 1293 1150 τῶν
1349 1096 1711 1169 ἀτελεστέρων
1745 1097 1826 1150 ἐτι
1871 1097 1974 1165 ψυ-

395 1190 503 1262 χῶν
530 1192 642 1254 τοῖς
686 1191 744 1242 ἐν
773 1190 940 1261 ὀλίγῳ
972 1190 1069 1260 τὴν
1102 1190 1331 1261 δοκιμὴν
1370 1191 1825 1261 παρεσχημένοις,
1877 1192 1975 1242 ἐπ-

394 1282 557 1349 αξίως
604 1274 678 1334 ὧν
726 1281 1246 1354 ἐπραγματεύσαντο
1272 1280 1410 1334 κατὰ
1446 1281 1537 1333 τὸν
1583 1280 1796 1352 πρῶτον
1833 1280 1968 1351 βίον,

392 1372 767 1445 χαριζόμεναι.
793 1374 997 1437 Μάθοις
1029 1373 1072 1425 δ’
1108 1373 1175 1427 ἂν
1200 1374 1307 1427 τῶν
1338 1373 1644 1445 εἰρημένων
1679 1372 1881 1426 δούλων
1908 1372 1971 1425 τὸ

392 1468 632 1538 γνήσιον,
668 1467 765 1521 καὶ
787 1467 847 1519 τὺ
880 1466 1069 1520 πιστὸν
1105 1467 1201 1537 τῆς
1230 1464 1610 1537 πραγματείας
1654 1464 1835 1537 ἔργοις
1867 1464 1968 1516 αὐ-

392 1561 505 1622 τοῖς
534 1557 895 1629 παραλαϐών·
946 1558 1021 1621 ὡς
1057 1561 1144 1623 είς
1177 1557 1383 1613 πᾶσαν
1416 1556 1531 1625 τὴν
1558 1556 1674 1627 γῆν
1709 1555 1969 1625 ἐξῆλθεν

393 1655 426 1704 ό
455 1651 715 1721 φθόγγος
736 1649 952 1716 αὐτῶν,
990 1650 1085 1706 καὶ
1114 1653 1202 1715 είς
1241 1650 1314 1704 τὰ
1358 1652 1581 1718 πέρατα
1622 1649 1733 1717 τῆς
1768 1652 1965 1703 οἰκον-

2080 559 2184 613 que
2220 546 2530 615 negotiandi
2564 545 2803 600 laborem
2847 544 3088 615 perferre
3112 547 3363 611 voluerit,
3390 550 3642 603 acerbam

2083 650 2299 703 ptenam
2325 637 2580 703 imponet.

1633 728 1827 799 σχολὴν
1888 728 2224 798 ἠγαπηκότι,
2281 729 2414 800 μηδέ
2466 730 2774 802 βουληθέντι
2829 732 2919 785 τὸν
2976 732 3134 785 πόνον
3189 733 3475 802 ὑπομεῖναι
3541 726 3645 802 τῆς

2115 915 2159 946 ⁸ο
2202 912 2325 967 Esto
2370 922 2670 981 potestatem
2710 913 2903 968 habens
2939 929 3096 982 super
3134 914 3306 966 decem
3346 915 3599 969 civitates.

2148 1008 2328 1077 llegna
2366 1006 2612 1061 videlicet
2654 1007 2767 1061 hinc
2796 1017 2943 1070 sunt,
2978 1008 3220 1076 decoram
3235 1024 3299 1061 ue
3335 1011 3639 1076 provectio-

2073 1115 2190 1166 nes,
2227 1116 2348 1167 quae
2391 1100 2671 1168 imperium
2717 1099 2767 1153 in
2812 1099 3079 1164 homines,
3107 1110 3160 1154 et
3196 1100 3635 1167 imperfeclarnm

2072 1194 2244 1247 adhuc
2276 1192 2575 1247 animarum
2602 1192 2852 1245 ducatum
2876 1231 2890 1255 ,
2926 1192 2993 1246 iis
3023 1193 3111 1261 qui
3148 1192 3200 1246 in
3239 1207 3295 1246 re
3340 1192 3440 1246 levi
3472 1207 3634 1261 expe-

2073 1285 2359 1339 rimentum
2401 1284 2744 1351 praebuerint,
2780 1298 2875 1353 pro
2917 1284 3213 1352 superioris
3243 1283 3364 1338 vita:
3404 1284 3629 1345 meritis,

2071 1376 2387 1430 attribuunt.
2463 1376 2765 1446 Cognosces
2830 1387 3007 1430 autem
3072 1375 3450 1444 przedictorum
3519 1387 3637 1429 ser-

2070 1482 2256 1521 vorum
2310 1466 2660 1536 probitatem,
2722 1475 2775 1521 et
2819 1467 3124 1537 negotiandi
3187 1466 3518 1529 ﬁdelitatem,
3568 1481 3636 1519 ex

2069 1558 2317 1627 operibus
2361 1558 2492 1626 ipsis
2541 1572 2807 1626 arguens;
2888 1572 3079 1626 nempe
3139 1557 3279 1625 quod
3326 1558 3381 1610 in
3433 1572 3638 1611 omnem

2069 1658 2264 1701 terram
2307 1650 2432 1701 exiit
2483 1665 2641 1705 sonus
2692 1665 2891 1712 eorum,
2955 1660 3000 1701 et
3052 1650 3104 1701 in
3129 1648 3257 1717 ﬁnes
3288 1658 3442 1702 terra:
3484 1647 3637 1702 verba
3693 1636 3699 1643 ”

388 1740 580 1811 μένης
608 1742 682 1794 τὰ
712 1741 949 1810 ῥήματα
976 1738 1191 1794 αὐτῶν.
1237 1741 1312 1793 Δι’
1356 1739 1534 1793 αὐτῶν
1589 1738 1697 1810 γὰρ
1748 1738 1965 1793 ἐκείνων

2066 1740 2298 1808 ipsorum
2332 1740 2399 1793 ⁸³.
2469 1738 2574 1793 Per
2633 1738 2751 1795 illos
2822 1741 2962 1793 enim
3019 1741 3325 1794 Servatoris
3383 1741 3632 1805 comites,

391 1834 499 1888 τῶν
524 1832 616 1887 τοῦ
638 1833 890 1903 Σωτῆρος
925 1832 1237 1903 γνωρίμων,
1270 1832 1361 1885 καὶ
1382 1831 1468 1884 διὰ
1498 1832 1605 1884 τῶν
1628 1830 1766 1903 μετά
1792 1832 1965 1885 ταῦτα

316 1992 323 1997 _
389 1927 481 1981 τὸν
504 1928 687 1998 ὅμοιον
705 1927 932 1991 ἐκείνοις
960 1926 1395 2001 ἐπανῃρημένων
1421 1924 1599 1996 ζῆλον,
1626 1926 1684 1991 ἐξ
1713 1926 1966 1980 ἁπάντων

388 2016 499 2071 τῶν
530 2016 698 2070 ἐθνῶν
724 2017 1087 2089 άφορισθεῖσα
1109 2016 1186 2088 τῷ
1211 2015 1331 2087 Θεῷ
1379 2016 1692 2087 Ἐκκλησία,
1714 2018 1770 2068 ἐν
1802 2015 1967 2085 ὀλίγῳ

390 2110 566 2183 χρόνῳ
597 2110 697 2183 τὴν
726 2109 1015 2181 σύμπασαν
1038 2110 1360 2181 οἰκουμένην
1395 2108 1655 2180 ἐπλήρου.
1694 2108 1806 2161 Καὶ
1842 2106 1964 2160 καθ’

389 2202 573 2276 ἕτερον
595 2202 654 2255 δέ
679 2203 881 2273 τρόπον
909 2201 1005 2274 τὴν
1034 2201 1296 2274 ἐργασίαν
1324 2203 1636 2273 ποιήσονται
1665 2200 1711 2253 oi
1741 2199 1830 2252 τὸν
1858 2216 1963 2253 σω-

390 2294 573 2365 τήριον
599 2293 757 2361 λόγον
770 2292 861 2346 τὸν
887 2292 1236 2361 εύαγγελικὸν
1261 2292 1659 2354 πιστευθέντες,
1686 2290 1752 2343 δι’
1788 2290 1965 2362 ἔργων

391 2385 486 2437 καὶ
505 2384 789 2456 πράξεων,
808 2384 921 2454 βίου
952 2402 1011 2437 τε
1042 2384 1135 2437 καὶ
1164 2384 1436 2447 πολιτείας
1472 2382 1831 2455 θεοπρεποῦς,
1866 2382 1965 2445 τὰς

388 2474 483 2529 τοῦ
515 2476 671 2544 λόγου
699 2476 1046 2541 διδασκαλίας
1076 2476 1534 2547 ἀποπληροῦντες.
1573 2470 1670 2529 Ὧν
1706 2475 1833 2538 τοὺς
1866 2475 1964 2544 μέν

388 2566 659 2639 διαφόρως
687 2568 1118 2639 ἐργασαμένους,
1150 2568 1429 2639 διαφόροις
1452 2572 1638 2638 τιμαῖς
1674 2567 1964 2638 ἀμείψεται

387 2660 643 2725 όδίκαιος
686 2662 897 2732 κριτὴς,
937 2660 1229 2716 ἀποδώσων
1270 2661 1482 2731 ἑκάστῳ
1519 2662 1617 2731 τὴν
1656 2661 1965 2732 προσήκου-

388 2765 490 2804 σαν
521 2752 577 2803 ἐν
601 2750 826 2819 ἀγαθοῖς
852 2751 1102 2823 ἀμοιϐήν·
1134 2751 1214 2823 τῷ
1250 2752 1295 2806 δ’
1334 2750 1667 2823 ἐγκρύψαντι
1705 2751 1830 2812 τοὺς
1873 2750 1962 2803 λό-

388 2857 521 2910 γους
572 2840 665 2894 καὶ
711 2840 1072 2912 καταδήσαντι
1119 2844 1247 2911 παρ’
1300 2840 1495 2909 ἐαυτῷ,
1560 2839 1722 2910 μηδέν
1753 2856 1810 2891 τε
1849 2839 1963 2910 είρ-

389 2932 646 3003 γασμένῳ
675 2932 894 3003 πονηρῷ
922 2933 1093 3003 δούλῳ
1140 2934 1234 2986 καὶ
1263 2932 1498 3004 ὀκνηρῷ,
1538 2931 1830 3002 τάπίχειρα
1866 2930 1965 3000 τῆς

388 3025 652 3095 πονηρίας
675 3024 900 3077 ἐποίσει.
932 3056 1000 3065 --
1032 3025 1104 3077 Τὸ
1134 3025 1331 3077 ἐπάνω
1352 3024 1483 3077 δέκα
1512 3023 1543 3094 ἢ
1574 3024 1730 3075 πέντε
1759 3022 1963 3075 πόλεων

2063 1847 2264 1902 perque
2304 1846 2396 1887 eos
2429 1834 2520 1901 qui
2570 1842 2753 1900 postea
2800 1848 2982 1900 parem
3031 1832 3202 1885 zelum
3262 1840 3633 1900 susceperunt,

2063 1940 2130 1980 ex
2173 1925 2378 1981 cunctis
2435 1924 2683 1994 gentibus
2728 1926 2924 1979 selecta
2984 1923 3091 1978 Deo
3150 1922 3411 1986 Ecclesia,
3480 1922 3631 1977 brevi

2066 2025 2305 2086 tempore
2355 2016 2685 2086 universum]
2721 2017 2975 2072 mundum
3027 2016 3270 2085 replevit.
3324 2014 3445 2069 Alio
3496 2030 3633 2084 quo-

2064 2121 2169 2178 que
2236 2109 2396 2163 modo
2470 2108 2741 2178 negotium
2824 2124 2980 2163 suum
3045 2108 3243 2163 facient
3315 2109 3352 2161 ii
3433 2106 3635 2177 quibus

2064 2201 2371 2270 evangelica
2389 2201 2692 2256 Servatoris
2713 2201 2955 2256 doctrina
2981 2201 3271 2256 commissa
3295 2199 3417 2265 fuit,
3438 2215 3633 2268 nempe

2066 2293 2305 2346 moribus
2329 2301 2383 2345 et
2405 2293 2522 2345 vita!
2546 2291 2774 2359 actibus,
2806 2303 2860 2345 et
2888 2292 3046 2360 digna
3070 2291 3176 2346 Deo
3200 2292 3631 2355 conversatione,

2064 2384 2323 2439 doctrina:
2361 2393 2623 2453 praecepta
2658 2383 3029 2452 adimplentes.
3070 2383 3216 2450 Quos
3250 2383 3464 2438 diverse
3511 2399 3635 2452 ope-

2065 2487 2267 2540 rantes,
2299 2476 2526 2530 diversis
2557 2476 2789 2553 praemiis
2822 2476 3001 2542 justus
3044 2475 3223 2542 judex,
3253 2477 3632 2531 remunerabi-

2066 2578 2170 2631 tur,
2217 2569 2349 2622 dans
2395 2567 2590 2635 cuique
2624 2580 2917 2634 congruam
2969 2566 3044 2620 rei
3097 2567 3233 2620 bene
3270 2576 3433 2636 gesta:
3473 2568 3633 2621 retri-

2062 2660 2356 2714 butionem.
2396 2658 2780 2712 Verumtamen
2825 2657 2971 2711 illum
3003 2657 3094 2727 qui
3147 2658 3398 2712 traditam
3428 2658 3630 2712 doctri-

2063 2766 2189 2807 nam
2234 2750 2488 2805 celaverit
2531 2759 2690 2819 atqne
2745 2749 2882 2817 apud
2937 2764 2996 2804 se
3049 2749 3367 2813 obvolverit,
3428 2750 3630 2805 malum

2064 2842 2300 2906 scilicet,
2338 2841 2584 2912 ignavum
2620 2840 2861 2909 nihilque
2888 2850 3199 2910 cperantem
3246 2856 3493 2909 servum,
3537 2842 3631 2895 do-

2065 2935 2170 2987 bita
2196 2934 2443 3003 nequitiae
2472 2949 2580 2988 sum
2613 2949 2766 3003 paena
2798 2941 3172 3002 prosequetur.
3196 2964 3267 2973 —
3292 2934 3483 2988 Decem
3538 2936 3637 2987 vel.

2064 3027 2300 3096 quinque
2354 3027 2567 3081 urbium
2637 3025 2955 3095 praefectura
3024 3025 3291 3099 signiﬁcat
3344 3026 3635 3097 imperium.

387 3118 565 3188 ἀρχήν
612 3134 734 3169 τινα
788 3118 880 3169 καὶ
927 3116 1171 3181 ἐξουσίαν
1234 3116 1381 3187 δηλοί
1434 3116 1799 3186 δοθησομένην
1854 3116 1964 3176 τοῖς

2067 3120 2335 3190 quoddam
2384 3134 2445 3174 ac
2491 3127 2834 3190 potestatem,
2884 3133 3004 3188 qua:
3057 3097 3259 3173 sanctis
3300 3118 3473 3173 danda
3526 3120 3643 3173 erit.

388 3209 564 3276 ἁγίοις
620 3208 763 3262 κατά
823 3209 1225 3281 ὑποδεεστέρων
1278 3208 1370 3262 καὶ⁹
1433 3208 1524 3260 τοῦ
1595 3205 1962 3261 διευθύνεσθαι

386 3299 576 3364 ἀξίων.
1508 3312 1513 3316 ’

471 3391 628 3445 Ἀλλά
659 3391 766 3462 γὰρ
806 3392 915 3448 τῶν
956 3394 1055 3463 μὲν
1104 3389 1269 3444 αὐτοῦ
1322 3390 1667 3462 θεραπόντων
1709 3390 1964 3460 τοιαύτην

386 3484 673 3555 ποιήσεται
700 3483 797 3555 τὴν
834 3484 1123 3555 διάκρισινο
1159 3482 1267 3536 τῶν
1301 3482 1358 3535 δέ
1390 3482 1463 3553 μὴ
1500 3484 1596 3553 τῆς
1629 3484 1797 3553 αὐτῆς
1842 3482 1963 3539 δου-

384 3574 533 3638 λείας
556 3574 993 3645 κατηξιωμένων,
1035 3575 1206 3637 ἄλλως
1236 3574 1291 3627 δέ
1326 3575 1565 3629 πολιτῶν
1590 3575 1754 3627 αὑτοῦ
1792 3591 1964 3642 γεγε-

386 3667 656 3737 νημένων,
707 3668 764 3720 ἐν
807 3666 1017 3739 ἐχθρῶν
1046 3666 1101 3719 δὲ
1131 3666 1227 3719 καὶ
1271 3666 1568 3735 μισούντων
1610 3665 1770 3718 αὐτὸν
1810 3665 1971 3737 χώρᾳ.

384 3760 614 3823 ἐαυτοὺς
646 3760 1077 3825 καταλεξάντων,
1121 3760 1413 3831 πρεσϐείαν
1453 3776 1511 3812 τε
1548 3759 1962 3813 ἀπεσταλκότων

386 3851 805 3925 ἀπαρνουμένην
835 3850 997 3904 αὐτοῦ
1027 3850 1124 3921 τὴν
1157 3849 1454 3921 βασιλείαν,
1490 3851 1670 3902 ὁποῖον
1698 3848 1846 3901 ἐσται
1871 3849 1960 3901 τέ-

391 3944 506 4009 λος,
536 3943 775 4015 παρίστη
810 3943 876 3996 δι’
910 3937 986 3996 ὧν
1038 3940 1400 3994 ἐπανελθόντα
1440 3940 1528 4001 τὸν
1562 3939 1783 4009 βασιλέα
1824 3939 1963 3993 κατά

383 4039 487 4110 τὴν
516 4037 771 4108 δευτέραν
808 4037 901 4089 καὶ
933 4035 1210 4105 βασιλικὴν
1263 4032 1425 4086 αὑτοῦ
1482 4032 1819 4101 θεοφάνειαν,
1866 4048 1962 4101 φο-

386 4129 551 4202 ϐερὰν
596 4128 868 4197 ἀπόφασιν
911 4126 1138 4192 ἐξοίσειν
1187 4124 1306 4178 κατ’
1339 4122 1515 4177 αὐτῶν
1556 4121 1819 4192 προύλεγε
1862 4120 1971 4191 τὴν

384 4224 669 4294 φήσασαν’
702 4220 847 4291 Πλὴν
881 4220 1006 4282 τοὺς
1046 4217 1271 4289 ἐχθρούς
1303 4233 1401 4287 μου
1437 4214 1695 4277 ἐκείνους,
1734 4215 1859 4276 τοὺς
1888 4213 1960 4284 μὴ

387 4310 723 4383 θελήσαντάς
749 4327 815 4381 με
842 4308 1153 4380 βασιλεῦσαι
1193 4308 1279 4360 ἐπ’
1312 4305 1526 4370 αὐτοὺς,
1565 4304 1797 4373 ἀγάγετε
1835 4296 1957 4361 ὧδε,

385 4403 482 4457 καὶ
506 4384 889 4471 κατασφάξατε
918 4397 1222 4470 ἔμπροσθέν
1249 4414 1347 4467 μου
1367 4394 1499 4465 (72).

679 4494 774 4545 Ἑν
802 4491 944 4558 ποίᾳ
967 4490 1219 4558 ἐξουσίᾳ
1243 4489 1429 4543 ταῦτα
1454 4486 1640 4550 ποιεῖς
1662 4501 1679 4546 ;

456 4585 626 4649 Αὐτὸς
660 4584 759 4655 μὲν
790 4583 925 4655 ἔργα
975 4581 1161 4651 θεῖκῆς
1202 4580 1482 4651 δυνάμεως
1538 4575 1821 4640 ἐπιτελῶν,
1867 4592 1955 4629 τε-

386 4678 610 4751 ραστίας
655 4678 749 4730 καὶ
802 4674 1134 4747 παραδόξους
1184 4674 1409 4743 πράξεις
1454 4671 1804 4734 ἐνεδείκνυτο,
1850 4669 1957 4723 ἐδίο

382 4768 554 4824 δασκέ
597 4786 657 4822 τε
706 4768 933 4839 οὐράνια
982 4766 1298 4838 μαθήματα·
1358 4766 1408 4817 οἱ
1456 4765 1502 4817 δ’
1546 4763 1956 4835 ἀποθαυμάζειν

384 4863 525 4926 δέον,
558 4860 843 4934 γνωρίζειν
878 4877 939 4913 τε
984 4861 1049 4913 ἐκ
1076 4858 1181 4912 τῶν
1216 4859 1390 4927 λόγων
1418 4858 1513 4910 καὶ
1546 4859 1656 4911 τῶν
1684 4858 1969 4929 πράξεων,-

384 4952 462 5015 ὡς
485 4952 592 5023 ἄρα
612 4952 772 5016 αὐτὸς
800 4953 885 5023 εἴη
914 4953 944 5003 6
965 4951 1194 5023 Χριστὸς
1217 4952 1245 5004 6
1279 4948 1383 5003 ὑπὸ
1415 4948 1523 5001 τῶν
1547 4947 1839 5020 προφητῶν
1861 4964 1954 5001 κε-

385 5044 749 5115 κηρυγμένος,
787 5043 942 5097 τοῦτο
976 5042 1074 5112 μὲν
1108 5043 1208 5095 οὐκ
1238 5042 1525 5113 ἔπραττον,
1563 5041 1648 5093 ἐπ’
1676 5041 1954 5111 ἀνατροπῇ

387 5134 446 5187 δέ
477 5134 570 5187 τοῦ
606 5134 839 5206 πλήθους
865 5116 1182 5195 ἐπιστάντες
1202 5130 1431 5202 ἀθρόως,
1461 5130 1738 5200 ἐπετίμων
1761 5128 1959 5182 πυνθα-

387 5226 601 5295 νόμενοι
625 5226 683 5279 ἐν
712 5225 841 5297 ποίᾳ
861 5223 1077 5295 ἐξουσίᾳ
1112 5222 1197 5293 είη
1226 5223 1398 5277 ταῦτα
1425 5222 1614 5286 ποιῶν,
1666 5222 1759 5275 καὶ
1805 5220 1958 5291 παρά

374 5318 529 5398 ’τίνος
548 5317 756 5389 εἰλήφει
786 5317 883 5389 τὴν
914 5316 1008 5371 τοῦ
1036 5317 1104 5370 τὰ
1126 5316 1301 5369 τοιάδε
1330 5316 1587 5387 πράττειν
1611 5314 1780 5381 ἀδεῶς
1809 5314 1957 5380 ἐξου-

389 5410 531 5463 σίαν.

717 5502 1015 5571 Ἐρωτήσω
1044 5500 1198 5573 ὑμᾶς
1213 5499 1392 5569 κάγὼ,
1417 5517 1471 5553 κ.
1500 5517 1551 5553 τ.
1583 5498 1633 5554 λ.

471 5591 829 5657 ’Δνεξικάκως
862 5593 955 5646 καὶ
982 5594 1170 5665 πράως
1218 5590 1417 5654 αὐτοὺς
1446 5589 1732 5660 δεξάμενος
1768 5590 1797 5641 6
1834 5588 1947 5642 Κύ-

466 5686 675 5745 “’[ιυο.
702 5703 815 5753 xu,
845 5687 931 5741 i7.
1007 5688 1049 5719 "
1087 5688 1228 5743 Psal.
1258 5703 1415 5752 xvut,
1456 5687 1508 5742 5.
1584 5687 1627 5718 "
1652 5685 1785 5739 Luc.
1820 5701 1909 5747 xx,
1952 5684 2003 5738 ‘2.

469 5774 590 5851 (τὶ)
616 5780 816 5839 Confer
838 5781 1242 5870 Theophaniam,
1274 5784 1410 5853 apud
1438 5797 1532 5837 nus
1564 5784 1668 5838 col.
1704 5780 1805 5834 690
1836 5780 1927 5833 fin.

1986 4448 2049 4506 ι)

2064 3228 2226 3282 super
2259 3213 2584 3267 inﬁrmiores
2616 3221 2778 3282 atque
2807 3210 3184 3266 emendatione
3212 3210 3425 3280 dignos.

2134 3391 2262 3447 Tale
2309 3392 2489 3460 itaque
2530 3390 2598 3445 de
2652 3389 2822 3445 servis
2865 3388 2977 3445 suis
3024 3387 3285 3456 judicium
3333 3390 3623 3444 exercebit.

2063 3483 2281 3539 Illorum
2317 3494 2495 3536 autem
2526 3483 2617 3551 qui
2658 3496 2829 3550 neque
2867 3482 2919 3534 in
2948 3494 3229 3534 servorum
3257 3478 3375 3548 ejus
3399 3496 3643 3534 numero.

2061 3591 2183 3629 esse
2212 3575 2529 3637 voluerunt,
2559 3587 2866 3642 quanquam
2905 3571 3051 3624 cives
3091 3570 3258 3639 ipsius
3288 3580 3501 3636 essent,
3533 3572 3643 3626 sed.

2063 3670 2114 3722 i-n
2148 3668 2381 3722 hostium
2426 3678 2587 3737 atque
2628 3679 2844 3719 osorum
2889 3663 3131 3732 partibus
3175 3676 3234 3716 se
3269 3663 3623 3727 collocarunt.

2063 3758 2494 3827 legationemque
2543 3757 2803 3811 miserunt
2842 3763 2899 3806 ut
2942 3768 3165 3824 regnum
3199 3752 3315 3822 ejus
3360 3752 3635 3807 detrecIa-.

2064 3860 2217 3915 rent,
2242 3850 2461 3920 quinam
2491 3849 2671 3903 exitus
2703 3848 2772 3901 sit
2814 3846 3026 3902 futurus
3047 3885 3062 3909 ,
3102 3846 3340 3901 ostendit
3374 3858 3629 3909 narrans,

2064 3956 2241 4011 regem
2276 3955 2576 4003 reversum,
2609 3939 2841 3993 secunda
2866 3936 3114 3991 videlicet
3140 3937 3301 4006 regali
3330 3937 3418 3990 Dei
3449 3937 3624 3989 maui-

2062 4032 2380 4097 festatione,
2412 4031 2707 4085 terribilem
2751 4027 3071 4083 sententiam
3115 4028 3465 4082 laturumbis
3499 4043 3623 4081 ver-

2064 4125 2147 4179 bis
2174 4142 2188 4177 :
2212 4124 2585 4179 Verumtamen
2612 4120 2856 4175 inimicos
2884 4133 3032 4173 meos
3062 4118 3182 4173 illos
3209 4158 3225 4183 ,
3266 4118 3357 4187 qui
3396 4132 3481 4171 me
3527 4130 3625 4171 no-

2064 4215 2278 4268 luerunt
2310 4226 2533 4283 regnare
2569 4226 2729 4280 super
2773 4226 2860 4277 se,
2907 4210 3157 4265 adducite
3188 4210 3292 4264 huc
3326 4219 3380 4263 et
3418 4208 3623 4261 interfl-

2064 4305 2169 4359 cite
2202 4318 2383 4361 coram
2424 4318 2525 4358 me.

2394 4491 2440 4521 "
2471 4487 2533 4542 In
2566 4506 2669 4558 qua
2705 4500 2959 4558 potestate
2990 4491 3099 4545 lucc
3139 4489 3309 4558 facit?

2130 4580 2245 4649 Ipse
2290 4581 2508 4649 quidem
2540 4581 2734 4636 divina:
2764 4582 2979 4637 virtutis
3006 4595 3168 4650 opera
3209 4588 3433 4651 patrans
3454 4620 3467 4645 ,
3499 4591 3623 4647 por-

2061 4679 2207 4725 tenta
2256 4680 2311 4725 et
2353 4670 2627 4726 mirabiles
2681 4682 2833 4725 actus
2876 4672 3101 4735 edebat;
3145 4670 3412 4738 simulque
3458 4668 3622 4724 caele-

2057 4776 2191 4820 stem
2218 4766 2515 4843 doctrinam
2550 4767 2815 4821 tradebat.
2847 4767 2927 4821 llli
2961 4775 3139 4819 autem
3169 4766 3257 4834 qui
3302 4766 3415 4819 lmc
3446 4764 3622 4833 suspi—

2055 4872 2178 4912 cere
2233 4859 2577 4925 debuissent,
2640 4866 2807 4927 atque
2854 4874 2918 4911 ex
2987 4858 3146 4911 dictis
3201 4858 3472 4927 gestisque
3534 4871 3630 4909 co-.

2057 4965 2313 5020 gnoscere
2345 4951 2487 5005 hunc
2509 4964 2629 5004 esse
2653 4950 2927 5004 Christum
2960 4950 3025 5003 de
3053 4964 3159 5018 quo
3184 4947 3459 5017 prepheta:
3490 4946 3626 4999 vati-

2059 5044 2221 5096 cinati
2271 5041 2525 5109 fuerant;
2580 5042 2800 5097 minime
2836 5056 3014 5095 rerum
3048 5042 3098 5095 id
3131 5042 3409 5106 fecerunt;
3438 5054 3623 5093 verum

2057 5136 2124 5188 ad
2170 5136 2547 5189 concitandam
2592 5135 2801 5206 plebem
2848 5134 3027 5190 subito
3061 5133 3335 5197 conversi,
3380 5132 3625 5198 increpa-

2059 5228 2189 5280 bant
2220 5242 2367 5293 eum,
2415 5228 2811 5297 interrogantes
2862 5242 3093 5297 quanam
3139 5225 3463 5280 auctoritate
3511 5226 3625 5279 haec

2056 5315 2293 5382 faceret,
2347 5318 2430 5373 vel
2475 5334 2504 5372 a
2573 5333 2805 5387 quonam
2860 5326 3008 5371 tanta
3062 5318 3318 5385 przeditus
3364 5316 3624 5371 facultate

2058 5408 2273 5477 fuisset,
2313 5420 2369 5465 ut
2403 5411 2515 5465 haec
2543 5411 2887 5465 conﬁdenter
2920 5420 3122 5480 ageret.

2367 5504 2414 5535 ⁸⁸
2446 5502 2790 5573 Interrogabo
2829 5513 2875 5556 et
2909 5520 3002 5574 ego
3035 5521 3122 5558 ros
3143 5544 3157 5569 ,
3196 5513 3303 5558 ctc.

2125 5592 2401 5649 Patienter
2430 5608 2493 5648 ac
2520 5605 2798 5651 mansuete
2838 5600 3105 5667 postulata
3136 5613 3319 5653 eorum
3347 5596 3628 5665 excipiens

2083 5686 2127 5719 ³³
2163 5689 2291 5743 ibid.
2332 5690 2385 5745 5.
