4088 6198
406 268 508 324 595

1111 266 1381 326 EUSEBII
1421 257 1898 326 CE'Siml'ENSiS
1935 269 2085 327 opp.
2127 255 2445 326 P’ARS'nC‘
2470 247 2551 311 -Ξ
2580 261 2984 326 exeamus.

3062 198 3153 210 ...μ-ο

3531 258 3632 325 ως

405 388 684 454 Dominus,
715 388 1024 445 sciscitatur
1057 387 1169 457 ipse
1198 404 1409 457 quoque
1452 389 1516 443 de
1551 389 1754 444 Joanne
1796 391 1966 460 hapti-

2086 406 2182 453 ιιος
2210 389 2454 458 ἀνερωτᾷ
2479 388 2602 458 περί
2649 389 2891 441 ’ῐωάννου
2915 385 3006 440 τοῦ
3028 384 3353 447 Βαπτιστοῦ,
3382 383 3442 437 ὠ
3476 387 3634 439 πόθεν

406 488 621 546 zatore;
658 496 756 535 nec
797 480 936 533 unde
972 479 1017 532 is
1050 489 1229 544 esset,
1261 483 1353 535 sed
1386 482 1523 535 unde
1566 482 1815 550 baptismi
1844 496 1967 536 nor-

408 587 551 625 mam
595 571 905 639 accepisset.
953 570 1083 623 Nam
1119 572 1222 625 sibi
1261 573 1359 639 ipsi
1391 572 1757 627 testimonium
1791 574 1970 643 perhi-

410 664 565 727 bere,
607 664 823 731 plenum
871 663 980 717 odii
1013 664 1285 733 negotium
1323 665 1669 719 existimabat
1700 675 1752 719 et
1790 676 1971 719 osten-

411 752 646 809 tationis.
694 742 999 822 Czeteroqui
1050 756 1365 823 provocatio
1416 755 1480 808 ad
1520 754 1784 810 Joannem
1840 757 1971 811 taci-

410 855 516 898 tam
544 845 857 900 continebat
886 846 1087 901 Christi
1118 846 1628 901 manifestationem.
1680 847 1972 904 Universus

408 936 549 989 enim
579 937 807 1005 populus
839 935 1113 991 fatebatur
1144 937 1410 993 Joannem
1441 940 1699 993 divinitus
1726 940 1968 995 missum.

406 1026 575 1083 Porro
612 1028 701 1082 hic
730 1030 870 1082 idem
916 1028 1280 1084 testimonium
1311 1030 1634 1099 praebuerat,
1677 1031 1817 1085 unde
1846 1029 1973 1085 Ser—

406 1130 565 1175 vator
607 1131 923 1190 potestatem
955 1122 1271 1191 accepisset.
1312 1121 1446 1176 Cum
1486 1124 1627 1176 enim
1661 1122 1711 1177 ei
1757 1123 1972 1191 quidam

407 1212 742 1268 nuntiassent
768 1212 949 1267 Jesum
982 1214 1277 1282 baptizare,
1313 1214 1615 1282 hujusmodi
1656 1230 1971 1284 responsum

408 1306 575 1359 edidit
608 1322 620 1357 :
658 1304 774 1360 Non
808 1315 978 1374 potest
1010 1305 1169 1359 homo
1194 1321 1224 1358 a
1268 1307 1444 1376 seipso
1498 1308 1787 1377 quidquam
1836 1308 1975 1363 acci-

411 1411 572 1465 pere,
619 1396 720 1449 nisi
766 1396 816 1449 ei
863 1396 1044 1449 datum
1089 1394 1252 1450 fuerit
1292 1396 1356 1449 de
1391 1396 1527 1451 caelo
1566 1396 1813 1467 desuper.
1868 1397 1975 1454 Vos

413 1488 544 1541 mihi
584 1488 714 1541 dicti
749 1487 852 1540 mei
892 1495 1057 1541 teSLes
1096 1488 1249 1551 estis,
1278 1503 1364 1542 me
1395 1488 1665 1543 Christum
1697 1505 1803 1544 non
1832 1505 1974 1558 esse,

316 1574 323 1583 '
412 1587 780 1632 verumtamen
825 1579 952 1633 huic
981 1579 1285 1634 adventanti
1313 1581 1643 1650 praemissum
1665 1581 1739 1647 ἐς
1782 1590 1836 1636 et
1860 1598 1980 1637 rur-

412 1684 506 1723 sus
533 1688 546 1723 :
583 1670 685 1734 Qui
708 1672 983 1723 desursum
1009 1674 1163 1733 venit,
1194 1688 1355 1741 supra
1380 1689 1556 1726 omnes
1580 1682 1656 1726 est
1675 1674 1753 1739 ";
1785 1673 1979 1728 denuo-

2069 482 2153 548 είη
2182 481 2361 543 αὐτὸς,
2404 479 2540 531 ἀλλὰ
2591 479 2750 531 πόθεν
2798 480 2887 530 τὸν
2927 477 3020 530 τοῦ
3056 476 3429 546 βαπτίσματος
3476 476 3638 545 νόμον

2070 571 2300 642 είλήφοι.
2340 570 2413 622 Τὸ
2446 569 2543 639 μὲν
2574 568 2682 639 γὰρ
2717 568 2876 620 αὑτὸν
2928 569 3058 638 περὶ
3091 566 3282 619 ἐαυτοῦ
3343 568 3642 639 μαρτυρεῖν

2073 663 2309 734 ἐπαχθὲς
2334 664 2517 731 ἠγεῖτο
2542 662 2633 713 καὶ
2668 658 3100 729 περιαυτολόγον·
3132 659 3191 711 τὸ
3229 659 3273 711 δ’
3319 659 3412 711 ἐπὶ
3459 658 3642 711 Ἰωάν-

2073 775 2169 828 νην
2196 756 2541 826 ἀναπέμπειν
2571 756 2852 825 λεληθυῖαν
2873 757 2971 826 τὴν
3004 755 3131 826 περί
3165 753 3356 808 ἐαυτοῦ
3392 753 3645 807 διδασκα-

2072 850 2190 903 λίαν
2223 852 2523 920 περιεῖχεν·
2549 848 2865 918 ὡμολόγητο
2896 848 3003 919 γὰρ
3044 847 3193 917 παρὰ
3227 847 3387 902 παντί
3414 844 3493 915 τῷ
3530 844 3651 914 λαῷ

2086 944 2336 1013 Ἰωάννης
2388 941 2447 1006 ἐξ
2493 939 2739 1012 οὐρανῶν
2790 939 3136 1009 ὡρμημένος.
3186 934 3350 1001 Οῦτος
3384 938 3441 991 δὲ
3486 938 3648 1002 αὐτὸς

2074 1033 2367 1105 ἐμαρτύρει
2405 1032 2483 1103 τῷ
2512 1033 2723 1104 Σωτῆρι
2763 1032 2926 1085 πόθεν
2960 1031 3045 1101 εῐη
3083 1031 3180 1101 τὴν
3232 1028 3477 1094 ἐξουσίαν
3508 1029 3649 1099 εἰλη-

2076 1127 2210 1196 φώς.
2251 1126 2337 1191 Ὠς
2382 1127 2490 1198 γὰρ
2534 1124 2875 1197 ἀπήγγελλον
2924 1122 3071 1193 αύτῷ
3116 1140 3279 1186 τινες,
3312 1124 3392 1175 ὅτι
3444 1124 3649 1193 Ἰησοῦς

2078 1215 2346 1288 βαπτίζει,
2383 1217 2699 1288 ἀποκριθεὶς
2726 1211 2881 1269 εἶπεν
2913 1215 3127 1277 αὐτοῖς’
3185 1214 3259 1265 Οὑ
3307 1212 3528 1266 δύναται
3557 1214 3651 1267 ἄνη

2077 1309 2291 1381 θρωπος
2338 1308 2634 1381 λάμϐάνειν
2692 1310 2784 1379 ἀφ’
2842 1308 3035 1361 ἑαυτοῦ
3102 1306 3271 1370 οὐδὲν,
3329 1305 3423 1358 ἐὰν
3481 1306 3554 1376 μὴ

2076 1400 2357 1471 δεδομένον
2418 1401 2566 1472 αὐτῷ
2628 1402 2693 1454 ἐκ
2750 1398 2843 1453 τοῦ
2912 1398 3145 1470 οὐρανοῦ
3204 1398 3430 1453 ἄνωθεν.
3488 1398 3653 1449 Αὐτοὶ

2078 1491 2234 1561 ὑμεῖς
2292 1491 2625 1563 μαρτυρεῖτέ
2683 1508 2795 1562 μοι,
2857 1490 2938 1543 ὅτι
2968 1486 3122 1543 εἷπον
3144 1506 3161 1522 ·
3194 1491 3307 1544 Ούκ
3333 1489 3448 1558 είμί
3485 1488 3594 1556 ἐγὼ
3624 1487 3654 1541 ό

2076 1583 2343 1655 Χριστὸς,
2403 1583 2520 1636 ἀλλ’
2571 1585 2654 1636 ὅτι
2714 1582 3123 1652 ἀπεσταλμένος
3174 1581 3290 1652 είμὶ
3346 1578 3654 1651 ἔμπροσθεν

2079 1672 2288 1727 ἐκείνου
2313 1691 2326 1704 ο
2358 1676 2455 1727 καὶ
2496 1673 2677 1728 πάλιν
2716 1673 2771 1725 '0
2816 1673 3043 1727 ἄνωθεν
3096 1673 3419 1741 ἐρχόμενος
3457 1671 3656 1724 ἐπάνω

413 1776 560 1830 que:
597 1760 758 1814 Pater
794 1762 966 1830 diligit
997 1760 1220 1828 Filium,
1254 1774 1303 1816 et
1334 1765 1512 1817 omnia
1548 1765 1763 1818 tradidit
1798 1767 1980 1818 manui

2086 1766 2324 1821 πάντων
2364 1766 2525 1821 ἐστί’
2569 1766 2663 1818 καὶ
2710 1760 2886 1828 αὖθιςο
2954 1765 3007 1817 '0
3055 1764 3257 1833 Πατὴρ
3303 1761 3507 1831 ἀγαπᾷ
3549 1763 3658 1817 τὸν

411 1853 525 1921 ejus
547 1852 613 1905 ⁸⁸.
648 1851 752 1917 Qui
775 1853 936 1906 credit
964 1854 1015 1906 in
1035 1852 1260 1919 Filium,
1287 1854 1437 1909 habet
1462 1857 1615 1909 vitam
1642 1866 1890 1911 wternam
1911 1858 1978 1915 ⁵⁷.

412 1943 578 2015 Igitur
603 1960 667 2002 ex
690 1944 917 2001 Joannis
946 1947 1255 2001 testimonio
1284 1948 1628 2017 perspicuum
1667 1959 1818 2015 erat,
1846 1965 1982 2020 qua-

414 2055 538 2121 nam
580 2049 843 2109 potestate
869 2040 982 2094 haec
1015 2038 1269 2094 Servator
1301 2040 1530 2109 laceret,
1561 2053 1616 2097 et
1647 2042 1892 2113 quisnam
1930 2046 1981 2101 ei

414 2130 523 2184 vim
558 2130 865 2200 hujusmodi
896 2130 1210 2199 impertitus
1244 2129 1455 2187 fuisset.

593 2307 639 2339 ⁵⁸
670 2306 839 2361 Erunt
868 2308 1016 2376 signa
1048 2306 1100 2360 in
1139 2306 1248 2360 sole
1281 2318 1328 2360 et
1360 2306 1485 2361 luna
1518 2324 1579 2361 ac
1614 2306 1797 2362 stellis.

489 2395 640 2452 Tunc
666 2399 806 2452 enim
832 2398 968 2454 facta
1000 2399 1109 2467 jam
1140 2400 1380 2455 mortalis
1411 2399 1568 2467 hujus
1596 2402 1716 2455 vitae
1742 2416 1985 2455 consum-

417 2490 677 2554 matione,
698 2499 1057 2560 praetereunte
1080 2491 1237 2561 hujus
1256 2493 1439 2546 mundi
1470 2493 1659 2561 ﬁgura,
1685 2503 1743 2546 ut
1759 2494 1835 2548 ait
1851 2496 1987 2564 Apo-

417 2582 587 2639 stolus
606 2583 672 2650 “,
699 2597 894 2637 novum
922 2581 1174 2638 sarculum
1198 2582 1466 2638 succedet.
1492 2583 1623 2637 Nam
1653 2600 1749 2655 pro
1775 2586 1985 2642 cunctis

417 2676 603 2732 sensui
648 2676 824 2731 obviis
873 2675 1270 2741 luminaribus,
1311 2677 1400 2746 qui
1455 2678 1692 2732 anterius
1731 2678 1983 2733 saeculum

418 2767 779 2830 illustrabant,
816 2768 1151 2837 Splendescet
1181 2768 1435 2837 deinceps
1463 2768 1577 2838 ip-e
1605 2770 1986 2839 apparebitque

420 2858 679 2915 Servator
704 2869 911 2923 noster,
943 2860 1216 2929 princeps,
1243 2868 1297 2914 et
1324 2860 1610 2927 luminare,
1645 2870 1699 2916 et
1730 2877 1823 2916 rex
1862 2863 1986 2917 novi

418 2949 598 3004 saeculi
636 2950 1066 3004 constituendus.
1121 2948 1295 3005 Tanta
1330 2965 1495 3020 porro
1534 2952 1641 3005 erit
1686 2953 1987 3009 divinitatis

2092 1859 2245 1924 Υἱὸν,
2277 1859 2374 1912 καὶ
2406 1858 2603 1912 πάντα
2627 1858 2884 1913 δέδωκεν
2926 1858 2995 1913 ἐν
3041 1856 3117 1925 τῇ
3159 1856 3308 1926 χειρὶ
3348 1853 3554 1909 αὑτοῦ.
3600 1854 3655 1906 Ὀ

2083 1952 2381 2006 πιστεύων
2402 1954 2490 2016 είς
2511 1951 2615 2005 τὸν
2656 1951 2794 2005 Υἰόν
2816 1950 2939 2019 ἔχει
2975 1949 3126 2018 ζωὴν
3166 1948 3422 2003 αἰώνιον.
3450 1944 3658 2001 Οὐκοῦν

2082 2045 2189 2098 ἀπὸ
2216 2044 2316 2114 τῆς
2352 2044 2595 2098 Ἰωάννου
2632 2043 2760 2114 περὶ
2792 2042 2955 2099 αὐτοῦ
2983 2041 3286 2113 μαρτυρίας
3314 2039 3471 2110 δῆλος
3501 2034 3569 2109 ἦν
3598 2039 3659 2091 ἐν

2083 2135 2211 2207 ποίᾳ
2244 2135 2461 2208 ἐξουσίᾳ
2493 2135 2669 2191 ταῦτα
2696 2134 2961 2207 ἔπραττεν
2987 2136 3015 2189 ό
3046 2134 3255 2205 Σωτὴρ,
3286 2134 3379 2187 καὶ
3402 2132 3486 2196 τίς
3508 2130 3658 2203 αύτῷ

2082 2227 2300 2285 δεδώκει
2319 2228 2417 2300 τὴν
2442 2228 2696 2300 τοιαύτην
2722 2230 2989 2296 ἐξουσίαν.

2088 2323 2289 2375 Ἔσται
2317 2322 2532 2390 σημεῖα
2564 2322 2633 2374 ἐν
2664 2321 2814 2389 ἡλίῳ
2852 2320 2949 2375 καὶ
2982 2319 3234 2387 σελήνῃ,
3259 2318 3375 2389 καὶ,
3394 2318 3657 2387 ἄστροις.

2157 2414 2469 2486 Τηνικαῦτα
2500 2415 2608 2487 γὰρ
2653 2416 2752 2487 τῆς
2794 2414 3101 2477 συντελείας
3154 2412 3246 2465 τοῦ
3298 2410 3491 2483 θνητοῦ
3542 2410 3661 2480 βίου

2083 2506 2401 2577 γενομένης,
2435 2506 2796 2579 παρελθόντος
2822 2524 2891 2563 τε,
2903 2505 2997 2558 τοῦ
3028 2506 3302 2575 σχήματος
3321 2502 3417 2556 τοῦ
3451 2502 3663 2573 κόσμου

2083 2597 2271 2651 τούτου
2309 2597 2450 2651 κατὰ
2489 2597 2580 2651 τὸν
2615 2597 2951 2659 Ἀπόστολον,
2998 2596 3114 2659 νέος
3156 2594 3288 2648 αἰὼν
3320 2592 3663 2663 διαλήψεται..

2098 2689 2241 2740 Ἀντί
2287 2688 2396 2761 γὰρ
2454 2688 2672 2744 πάντων
2714 2690 2822 2744 τῶν
2869 2688 3143 2761 αἰσθητῶν
3199 2688 3500 2757 φωστήρων
3554 2685 3663 2738 τῶν

2087 2781 2216 2851 πρὶν
2245 2781 2584 2851 φωτιζόντων
2623 2783 2713 2836 τὸν
2759 2782 2863 2853 πρὸ
2906 2782 3094 2835 τούτου
3147 2779 3316 2833 αἰῶνα
3363 2775 3663 2847 ἐπιλάμψει

2086 2870 2269 2926 λοιπὸν
2326 2873 2489 2938 αὐτὸς
2563 2875 2657 2929 καί
2712 2875 3101 2944 ἐπιφανήσεται
3163 2874 3191 2924 ό
3248 2869 3436 2941 Σωτὴρ
3482 2866 3659 2940 ἡμῶν,

2086 2964 2325 3035 ἀρχηγὸς
2363 2965 2457 3017 καὶ
2488 2965 2730 3036 φωστὴρ,
2769 2965 2867 3017 καὶ
2881 2962 3127 3033 βασιλεὺς
3165 2960 3257 3013 τοῦ
3304 2959 3423 3013 νέου
3469 2956 3662 3019 αἰῶνος

402 3042 483 3099 ’ἱιι
518 3057 582 3095 eo
618 3041 730 3105 vis,
769 3050 985 3109 tamque
1013 3041 1214 3096 eximia
1256 3040 1498 3111 eiusdem
1541 3043 1734 3112 gloria,
1766 3053 1822 3099 ut
1848 3062 1982 3115 pra:-

2086 3056 2578 3127 καταστησόμενος.
2612 3054 2858 3127 Τοσαύτη
2890 3054 2945 3107 δέ
2978 3070 3061 3116 τις
3106 3051 3313 3122 ἔσταιή
3342 3051 3440 3121 τῆς
3479 3048 3665 3118 θεότη-

417 3141 626 3187 sentem
673 3129 841 3186 solem
879 3146 942 3185 ac
984 3132 1161 3187 lunam
1208 3143 1262 3188 et
1292 3143 1485 3189 eaztcra
1520 3135 1639 3190 coeli
1676 3136 1982 3203 luminaria,

2088 3162 2177 3208 τος
2240 3121 2412 3200 αὑτοῦ*
2453 3147 2699 3217 δύναμις,
2761 3121 2858 3199 καί
2908 3145 2941 3217 ἡ
3008 3141 3413 3213 ἀνυπέρϐλητος
3493 3138 3665 3194 αὑτοῦ

418 3223 632 3293 potiore
664 3238 763 3278 suo
797 3222 1001 3278 lumine
1033 3223 1342 3278 obvelatura
1376 3226 1447 3280 sit
1473 3236 1526 3279 et
1554 3239 1831 3297 apertura.

2090 3234 2233 3300 δόξα,
2267 3236 2342 3299 ῶς
2372 3238 2463 3290 τὸν
2503 3237 2598 3291 νῦν
2649 3237 2797 3307 ἣλιον
2848 3236 2942 3289 καὶ
2982 3233 3079 3304 τὴν
3119 3233 3343 3303 σελήνην
3390 3232 3483 3284 καὶ
3535 3231 3666 3295 τοὺς

416 3320 635 3384 λοιποὺς
682 3322 738 3375 ἐν
777 3321 989 3393 οὐρανῷ
1029 3321 1319 3392 φωστῆρας
1356 3321 1444 3375 διὰ
1490 3322 1586 3394 τὴν
1626 3324 1720 3377 τοῦ
1771 3327 2076 3397 κρείττονος
2149 3332 2449 3402 παράθεσιν
2513 3331 2890 3403 ἀποκρυϐῆναι
2932 3329 3027 3383 καὶ
3066 3327 3399 3397 καλυφθῆναι
3463 3327 3527 3395 τῇ
3557 3323 3660 3377 αύ-

419 3417 514 3472 τοῦ
541 3417 787 3488 δυνάμει.

785 3511 829 3543 ⁶⁰
859 3512 990 3577 Quae
1020 3511 1215 3565 mundo
1246 3515 1623 3581 supervenient.

493 3602 698 3673 Nempe
742 3619 833 3658 rcs
874 3616 1164 3657 eventuras
1216 3606 1328 3672 ipse
1373 3606 1640 3675 explicat,
1694 3608 1817 3661 dum
1868 3623 1990 3662 mox

424 3690 608 3746 addit:
642 3691 777 3746 Nam
808 3691 1036 3745 virtutes
1065 3692 1321 3746 catlorum
1348 3696 1846 3753 commovebuntur.
1899 3700 1993 3753 Et-

425 3782 572 3836 enim
618 3798 741 3836 cum
769 3782 859 3836 Dei
893 3782 1061 3837 Filius
1088 3799 1209 3837 cum
1244 3786 1441 3841 virtute
1483 3787 1756 3857 gloriaque
1791 3791 1990 3860 ingenti

424 3872 634 3936 veniet,
666 3882 829 3941 atque
858 3888 924 3927 ex
967 3874 1130 3944 impia
1175 3877 1513 3945 superbaque
1544 3880 1833 3949 tyrannide
1867 3897 1991 3950 per-

425 3960 644 4015 ditionis
687 3961 852 4016 lilium
885 3963 1099 4033 dejiciet
1130 3967 1413 4033 prmsentia
1442 3982 1537 4021 sua
1560 4010 1574 4032 ,
1612 3984 1846 4040 eumque
1874 3974 1987 4040 spi-

426 4052 531 4105 ritu
583 4052 696 4107 oris
746 4054 828 4107 sui
880 4056 1146 4123 perimet;
1205 4068 1332 4112 tunc
1359 4057 1668 4114 caelestibus
1712 4062 1989 4129 Spiritibus

425 4148 798 4216 supremisqne
844 4159 899 4204 et
933 4152 1190 4220 angelicis
1232 4153 1324 4208 Dei
1375 4153 1639 4209 ministris
1666 4154 1858 4209 Filium
1895 4156 1988 4210 Dei

423 4240 879 4308 stipantibuscum
911 4256 1085 4311 eoque
1114 4244 1548 4309 adventantibus,
1583 4255 1729 4310 tunc,
1750 4246 1988 4315 inquam,

2344 3515 2466 3569 Τῶν
2510 3511 2931 3582 ὑπερχομένων
2974 3509 3047 3577 τῇ
3080 3507 3411 3575 οἰκουμένῃ.

2162 3608 2300 3660 Τίνα
2344 3606 2403 3659 δὲ
2441 3605 2507 3659 τὰ
2542 3604 2902 3675 ἐπερχόμενα,
2938 3600 3227 3672 ἑρμηνεύει
3252 3597 3565 3650 συνάπτων’
3593 3596 3668 3650 Αι

2092 3697 2203 3767 γὰρ
2247 3694 2530 3765 δυνάμεις
2562 3692 2681 3747 τῶν
2712 3692 2982 3760 οὐρανῶν
3018 3686 3522 3754 σαλευθήσονται.
3557 3684 3671 3739 Τοῦ

2092 3788 2202 3859 γὰρ
2248 3786 2375 3841 Υἱοῦ
2409 3786 2502 3840 τοῦ
2528 3785 2662 3839 Θεοῦ
2700 3785 2835 3856 μετά
2858 3785 3134 3853 δυνάμεως
3162 3782 3256 3834 καὶ
3281 3780 3437 3851 δόξης
3466 3777 3671 3848 πολλῆς

2096 3881 2543 3950 ἐπιστησομένου,
2570 3880 2662 3933 καὶ
2691 3879 2788 3949 τὴν
2818 3877 2972 3935 ἄθεον
2996 3877 3088 3930 καὶ
3112 3874 3449 3945 μεγάλαυχον
3475 3888 3668 3942 τυραν-

2098 3970 2214 4023 νίδα
2254 3970 2346 4022 τοῦ
2382 3968 2501 4025 υἱοῦ,
2530 3969 2627 4039 τῆς
2659 3967 2931 4031 ἀπωλείας
2966 3968 3255 4037 καταργεῖν
3288 3963 3569 4034 μέλλοντος
3599 3963 3663 4031 τῇ

2098 4062 2386 4132 ἐπιφανείᾳ
2430 4060 2529 4130 τῆς
2579 4057 2877 4130 παρουσίας
2915 4056 3099 4119 αὑτοῦ,
3143 4054 3445 4108 ἀναλίσκειν
3494 4068 3551 4104 τε
3587 4049 3665 4119 τῷ

2099 4155 2367 4226 πνεύματι
2419 4153 2512 4207 τοῦ
2563 4154 2824 4223 στόματος
2870 4150 3054 4213 αὑτοῦ,
3097 4150 3205 4202 τῶν
3240 4166 3296 4201 τε
3334 4145 3665 4217 ἐπουρανίων

2102 4247 2422 4316 πνευμάτων
2464 4245 2557 4298 καὶ
2581 4243 2686 4297 τῶν
2708 4245 2865 4297 θείων
2894 4244 2986 4297 καὶ
3008 4240 3310 4310 ἀγγελικῶν
3343 4236 3667 4307 λειτουργῶν

423 4333 632 4386 accidet
676 4342 732 4386 ut
770 4334 1031 4387 cmlernm
1073 4337 1302 4390 virtutes
1341 4349 1805 4395 commoveantur.
1841 4339 1982 4395 Tunc

2096 4338 2190 4392 τοῦ
2225 4338 2357 4392 Θεοῦ
2385 4338 2474 4390 τὸν
2504 4337 2633 4390 Υίδν
2672 4336 2765 4389 τοῦ
2799 4334 2943 4387 Θεοῦ.
2967 4331 3403 4404 δορυφορούντων
3447 4330 3540 4382 καὶ
3572 4328 3668 4381 σὺν

424 4421 553 4474 illud
579 4423 741 4476 etiam
772 4424 1070 4478 veridicum
1092 4427 1285 4482 evadet
1309 4448 1321 4482 :
1357 4428 1595 4484 Attollite
1620 4441 1820 4498 portas,
1850 4433 1991 4497 prin-

420 4514 589 4580 cipes,
630 4523 863 4579 vestras,
911 4525 961 4568 et
1008 4517 1238 4570 introibit
1262 4517 1370 4572 Rex
1414 4521 1597 4589 gloria:
1628 4521 1694 4575 η.
1746 4521 1988 4588 Quonam

424 4618 556 4658 vero
596 4603 873 4670 introibit,
921 4606 1023 4661 nisi
1068 4606 1121 4661 in
1159 4621 1349 4662 recens
1379 4609 1634 4665 saeculum
1686 4626 1993 4682 novumque

421 4693 650 4747 orbem?
708 4693 854 4749 Sane
896 4695 1256 4752 invisibilibus
1294 4698 1736 4771 incorporeisqne
1767 4703 1996 4757 virtutia

422 4784 521 4840 lius
544 4823 558 4848 ,
594 4799 712 4853 quae
742 4787 837 4839 toti
869 4786 1007 4842 ccelo
1037 4788 1419 4855 moderantur,
1463 4805 1494 4844 e
1522 4806 1617 4845 sua
1642 4800 1844 4845 aaterna
1880 4800 1990 4846 sta-

425 4878 571 4933 tione
596 4880 908 4944 commotis,
937 4880 1109 4948 ipsum
1143 4880 1340 4935 caelum
1372 4883 1682 4938 universum
1716 4894 1771 4939 et
1794 4884 1877 4939 sol
1924 4900 1990 4941 ac

421 4968 544 5022 luna
578 4968 852 5040 stellaque
878 4971 1206 5034 transibunt,
1244 4973 1515 5041 patefacto
1545 4982 1708 5042 casto,
1740 4986 1795 5031 et
1814 4977 1993 5045 januis

421 5076 542 5131 quae
570 5064 638 5118 ab
679 5062 812 5119 orbe
860 5066 1078 5119 condito
1116 5065 1314 5122 clausa:
1346 5066 1595 5133 fuerant,
1633 5068 1746 5139 jam
1779 5086 1993 5127 resera-

424 5153 531 5220 tis;
581 5166 740 5223 atqne
794 5160 866 5210 ita
925 5158 1334 5227 supercmlestia
1380 5160 1658 5230 patebunt.
1694 5172 1991 5218 aeternum-

420 5260 527 5314 que
580 5246 673 5299 Dei
738 5265 958 5319 rrgnnm
1015 5252 1366 5321 conspicuum
1406 5255 1613 5306 cunctis
1658 5257 1805 5308 erit:
1850 5254 1987 5323 quod

421 5351 553 5390 sane
585 5353 803 5407 regnum
842 5351 899 5394 ut
946 5341 1054 5395 cito
1091 5342 1261 5410 adsit,
1296 5343 1435 5399 votis
1474 5359 1594 5401 esse
1637 5344 1987 5414 ﬂagitandum

423 5430 679 5484 Servator
721 5429 934 5499 docuit,
974 5434 1102 5490 dum
1139 5435 1192 5488 in
1238 5451 1398 5505 prece
1443 5436 1532 5490 illa
1576 5437 1757 5491 dicere
1786 5436 1987 5507 jussit:

490 5594 536 5626 ”
565 5593 720 5649 Jnan.
755 5613 833 5657 ιιι.
865 5596 953 5651 26.
1030 5600 1076 5631 ⁸³
1110 5600 1237 5655 ibid.
1283 5604 1368 5657 3i.

1449 5605 1492 5638 ³⁸
1520 5606 1647 5664 ibid.
1686 5607 1773 5663 35.

422 5680 532 5731 xm,
568 5664 654 5722 26.
736 5668 774 5697 “
802 5666 939 5721 Psal.
976 5684 1126 5734 xxiii,
1160 5670 1209 5724 7.

1842 5607 1928 5687 ωτι
1961 5606 2092 5664 ibid.
2119 5605 2205 5661 36.

2095 4430 2242 4500 αὐτῷ
2269 4429 2675 4500 παρεσομένων,
2707 4428 2764 4479 αἰ
2793 4426 3045 4496 δυνάμεκ
3067 4423 3174 4476 τῶν
3202 4419 3444 4493 οὐρανῶν
3475 4419 3669 4472 σαλευ-

2094 4520 2380 4590 θήσονται·
2409 4518 2484 4581 ὡς
2511 4517 2629 4571 τότε
2663 4515 3002 4588 πληροῦσθαι
3025 4514 3106 4568 τόο
3135 4516 3338 4598 ᾌρατε
3360 4513 3581 4577 πύλας,
3615 4527 3673 4565 ο.

2092 4610 2397 4679 ἄρχοντες,
2425 4607 2609 4679 ὑμῶν,
2639 4609 2735 4662 καὶ
2756 4608 3162 4662 εἰσελεύσεται
3188 4608 3220 4659 ό
3245 4601 3545 4667 Βασιλεὺς
3562 4599 3673 4670 τῆς

2095 4702 2299 4769 δόξης.
2332 4702 2440 4755 Ποῦ
2469 4701 2524 4754 δὲ
2550 4700 2911 4754 εἰσελεύσεται
2945 4699 2978 4770 ἢ
3004 4700 3083 4761 εἰς
3114 4697 3206 4750 τὸν
3232 4697 3349 4749 νέον
3375 4694 3549 4749 αἰῶνα
3576 4691 3673 4748 καὶ

2092 4795 2190 4864 τὴν
2219 4793 2407 4865 καινὴν
2451 4793 2809 4863 οἱκουμένην;
2843 4791 2950 4845 Καὶ
2990 4790 3054 4861 δὴ
3089 4789 3197 4842 τῶν
3234 4787 3513 4857 δυνάμεων
3564 4786 3672 4839 τῶν

2095 4888 2319 4958 ἀφανῶν
2361 4887 2455 4940 καὶ
2486 4886 2813 4958 ἀσωμάτων,
2870 4885 2935 4938 δι’
2978 4878 3052 4938 ὧν
3102 4886 3131 4939 ό
3178 4881 3397 4952 σύμπας
3442 4878 3673 4950 οὐρανὸς

2094 4980 2395 5046 διοικεῖται,
2422 4979 2520 5051 τῆς
2560 4975 2619 5041 ἐξ
2659 4976 2852 5039 αἰῶνος
2885 4975 3127 5037 στάσεως
3172 4967 3670 5043 παρακινηθεισῶν,

2096 5071 2191 5124 καὶ
2214 5070 2375 5134 αὐτὸς
2396 5072 2425 5125 ὁ
2454 5070 2673 5140 σύμπας
2697 5068 2921 5140 οὐρανὸς
2942 5067 3090 5139 ἥλιός
3115 5082 3175 5119 τε
3202 5064 3296 5119 καὶ
3325 5062 3543 5133 σελήνη,
3575 5059 3672 5114 καὶ

2095 5164 2323 5235 ἀστέρες
2350 5162 2791 5235 παρελεύσονται,
2824 5159 3171 5229 ἀνοιγομένου
3186 5157 3279 5210 τοῦ
3299 5152 3552 5226 ούρανοῦ,
3578 5150 3670 5205 καὶ

2096 5254 2203 5307 τῶν
2257 5253 2319 5320 ἐξ
2361 5255 2555 5317 αἰῶνος
2607 5253 3001 5323 κεκλεισμένων
3039 5248 3204 5304 αὑτοῦ
3260 5246 3440 5301 πυλῶν
3472 5259 3671 5299 αναπε-

2097 5347 2460 5417 ταννυμένων,
2506 5346 2580 5409 ὡς
2627 5345 2694 5399 ἂν
2725 5346 2935 5414 ὀφθεῖεν
2982 5343 3047 5395 τὰ
3078 5340 3397 5412 ὑπουράνια,
3433 5337 3525 5391 καὶ
3556 5333 3671 5405 ήέξ

2098 5439 2291 5502 αἰῶνος
2353 5438 2445 5492 τοῦ
2474 5438 2607 5491 Θεοῦ
2653 5438 2895 5508 βασιλεία
2921 5433 3183 5505 φανηθείη
3232 5435 3343 5495 τοῖς
3372 5430 3567 5484 πᾶσινο
3599 5425 3669 5497 ἢν

2313 5606 2357 5638 ⁵⁸
2384 5605 2513 5664 Lttt'.
2553 5623 2661 5674 ut,
2703 5607 2792 5662 ‘25.
2899 5608 2942 5637 ’9
2976 5606 2990 5660 Ι
3020 5602 3142 5661 Cor.
3170 5617 3263 5668 \‘ll,
3296 5600 3381 5654 5|.
3463 5599 3507 5629 ⁶⁰
3534 5595 3675 5654 LUC.

2814 5784 2843 5793 ‘.
2854 5780 2857 5781 ν
