4088 6198
427 278 527 335 597

1597 284 2093 343 COHMENTARIA
2128 288 2194 344 1N
2232 290 2488 355 LUCAM.

3552 304 3656 361 598

426 390 489 461 δὴ
517 390 612 444 καὶ
641 388 1097 467 προσεύχεσθαιῇ
1124 395 1287 465 τάχος
1312 396 1614 469 ἐπιστῆναι,
1648 400 1809 462 αὐτὸς
1836 403 1864 454 ὁ
1893 402 2001 454 Σω-

2107 406 2353 462 Adveniat
2382 426 2611 479 regnum
2634 420 2823 476 tuum,-
2872 413 2973 481 βαι
2996 414 3232 471 voluntas
3262 427 3354 470 tua
3374 455 3389 480 ,
3431 420 3563 474 sicut
3600 423 3658 477 in

427 481 535 551 τὴρ
570 481 797 547 ἐδίδαξε,
848 481 1024 550 λέγειν
1068 486 1124 537 ἐν
1153 488 1216 555 τῇ
1247 492 1521 559 προσευχῇ
1553 491 1997 561 παρακελευόμε-

429 590 522 636 νος
544 589 560 604 ο
602 573 843 627 Ἑλθέτω
868 575 907 640 ἦ
922 576 1209 638 βασιλεία
1233 593 1370 642 σου,
1401 581 1702 650 γενηθήτω
1732 583 1794 636 τὸ
1827 585 2001 651 θέλῃς

430 663 519 731 μά
552 680 668 718 σου
702 666 779 730 ὡς
810 665 881 717 ἐν
914 667 1143 733 οἰφανῷ
1177 669 1273 723 καὶ
1304 670 1401 722 ἐπὶ
1436 670 1545 740 τῆς
1573 671 1683 742 γῆς
1704 691 1719 707 ο
1759 674 1903 727 οὔτω
1942 693 2001 731 τε

435 755 544 809 τῶν
574 756 821 827 φθαρτῶν
843 758 937 811 καὶ
967 762 1290 829 σωματικῶν
1324 763 1713 833 παρελθόντων,
1748 765 1814 819 τὰ
1840 767 2003 838 νοητά

438 848 533 901 καὶ
560 848 779 919 οὐράνια
807 849 1160 921 ἐπιστήσεται
1183 870 1196 883 ο
1231 855 1318 906 ὅτε
1356 854 1448 908 καὶ
1478 856 1821 925 ήάσάλευτος
1846 858 2001 927 βασι-

436 938 554 999 λεία
593 939 682 993 τοῦ
730 942 924 1011 μηκέτι
958 943 1423 1015 παρελευσομένου
1471 947 1663 1011 αἰῶνος
1707 950 2005 1022 καθηγήσε-

437 1048 559 1094 ται,
577 1031 759 1094 καινός
790 1050 849 1084 τε
892 1034 984 1087 καὶ
1016 1036 1136 1099 νέος
1165 1037 1410 1107 οὐρανὸς,
1437 1039 1507 1109 γῆ
1527 1056 1587 1092 τε
1614 1040 1772 1111 καινὴ
1804 1044 2002 1112 συστή-

437 1140 585 1175 σεται
609 1124 749 1177 κατὰ
776 1125 864 1177 τὸν
890 1128 1137 1197 φήσαντα
1167 1132 1478 1202 προφήτην·
1508 1133 1716 1185 Ἔσται
1746 1134 2015 1205 οἰφανὸςν

434 1212 640 1278 καινὸς
680 1213 778 1267 καὶ
824 1215 861 1280 ἡ
894 1215 968 1284 γῆ
998 1216 1197 1285 καινὴ,
1253 1217 1292 1272 ἆ
1337 1219 1451 1289 ἐγὼ
1484 1218 1631 1273 ποιῶ
1667 1221 1874 1289 μένειν
1909 1222 2000 1274 ἐν·

435 1304 623 1361 ᾡπιόν
638 1322 777 1373 μου,
793 1305 956 1376 λέγει
972 1308 1205 1377 Κύριος.

471 1402 539 1452 Al
563 1399 675 1469 γὰρ
708 1401 988 1471 δυνάμεις
1018 1403 1137 1458 τῶν
1162 1405 1431 1475 οὐρανῶν
1466 1410 1971 1479 σαλευθήσονται.

467 1492 569 1556 ,Δί
610 1493 702 1546 τὸν
744 1486 1007 1567 πρότερον
1042 1498 1216 1552 αἰῶνα
1258 1500 1712 1573 διακονησάμεναι
1743 1505 2001 1576 δυνάμεις

436 1583 496 1641 ὲν
527 1586 591 1654 τῇ
630 1587 879 1641 συστάσει
905 1589 1000 1642 τοῦ
1032 1591 1291 1663 προτέρου
1317 1592 1543 1663 κόσμου,
1572 1597 1683 1658 τοῖς
1721 1612 1781 1648 τε
1810 1596 2001 1669 αἰσθη-

437 1678 548 1738 τοῖς
595 1677 786 1747 μέρεσι
840 1679 951 1733 τοῦ»
974 1682 1171 1745 παντὸς
1197 1684 1797 1756 ὲπιστατήσασαιντὸτε
1821 1687 1884 1758 δὴ
1909 1705 2003 1741 σα-

2102 500 2229 552 οωιο
2256 510 2303 552 et
2349 502 2404 553 in
2446 510 2606 556 terra.
2641 504 2816 572 Atque
2863 505 2935 558 ita
2960 545 2973 569 ,
3009 508 3446 575 corruptibilibus
3472 526 3660 583 corpu.

2104 592 2323 661 reisque
2355 594 2513 647 rebus
2551 595 2868 661 prmteritis,
2905 597 3281 651 intellectualia
3326 610 3381 654 et
3417 601 3660 657 cmlestia

2104 681 2415 738 succedent.
2442 681 2596 738 Tunc
2628 686 2788 739 etiam
2826 685 3204 741 inconcussum
3260 704 3480 758 regnum
3529 708 3662 761 pra:-

2102 773 2209 828 erit
2252 774 2446 829 sarculo
2499 791 2769 845 nunquam
2840 780 3163 843 transituro;
3228 796 3532 851 novumque
3597 800 3661 840 ac

2103 881 2292 920 recens
2346 867 2562 931 coelum,
2621 880 2869 940 terraque
2924 886 3059 924 nova
3082 871 3338 933 exsistet;
3390 873 3527 928 sicut
3584 878 3663 932 ait

2103 960 2360 1027 propheta
2388 976 2401 1011 :
2432 958 2631 1013 Coel-um
2678 963 2774 1013 erit
2822 979 3008 1014 novum
3030 1001 3044 1024 ,
3091 979 3321 1033 novaque
3368 975 3507 1019 terra
3535 980 3555 1018 :
3580 978 3665 1021 at-

2102 1065 2198 1117 que
2232 1050 2341 1103 Ιιιεε
2388 1066 2478 1118 ego
2519 1068 2697 1104 coram
2750 1068 2829 1105 me
2866 1068 3166 1127 permanere
3210 1055 3487 1119 mandabo,
3535 1057 3662 1110 dicit

2101 1139 2448 1194 Dominus”.

2264 1405 2309 1436 ⁸³
2332 1404 2474 1461 Nam
2511 1407 2724 1460 virtutes
2750 1407 2999 1461 castorum
3029 1409 3507 1466 commovebuntur.

2175 1496 2303 1563 Quae
2356 1498 2521 1567 priori
2571 1498 2768 1553 saeculo
2814 1500 3190 1554 deserviebant
3230 1501 3487 1567 virtutes,
3538 1500 3665 1556 dum

2102 1589 2251 1657 prior
2282 1586 2370 1644 ille
2395 1590 2624 1643 mundus
2662 1590 3007 1655 subsisteret,
3048 1601 3102 1645 et
3129 1592 3354 1662 singulis
3386 1595 3503 1664 ejus
3538 1608 3665 1662 par-
3710 1640 3717 1649 .

2104 1677 2248 1733 tibus
2280 1680 2579 1749 praepositae
2618 1680 2869 1744 fuerant,
2910 1693 3034 1737 tunc
3090 1683 3305 1738 demum
3352 1700 3664 1741 commove-

434 1767 805 1839 λευθήσονται,
862 1771 936 1835 ὼς
984 1772 1050 1826 ἂν
1112 1775 1416 1846 κρείττονος
1448 1749 1675 1847 ’τύχοιεν
1736 1749 2001 1845 στάσεως.

2107 1770 2326 1836 buntur,
2356 1780 2414 1826 ut
2439 1773 2713 1827 meliorem
2753 1775 3039 1829 stationem
3078 1777 3476 1829 nanciscantur.
3513 1775 3667 1831 Nune

437 1857 586 1923 Τέως
620 1860 718 1931 μὲν
743 1862 849 1934 γάρ
867 1862 1173 1923 δουλεύουσι
1201 1866 1457 1939 φθαρτοῖς
1490 1867 1702 1939 σώμασι
1731 1869 2005 1927 διακονού-

436 1963 615 2016 μεναι,
649 1950 786 2003 κατὰ
809 1950 864 2002 δὲ
896 1952 984 2005 τὸν
1017 1954 1134 2007 νέον
1166 1956 1338 2013 αἰῶνα
1363 1956 1882 2031 ἐλευθερωθήσονται
1908 1963 2002 2015 καὶ

436 2041 596 2102 αὐτα)⁸
640 2042 748 2095 ἀπὸ
780 2045 877 2114 τῆς
906 2044 1146 2110 δουλείας
1172 2046 1270 2118 τῆς
1302 2047 1505 2117 φθορᾶς
1544 2050 1623 2112 εἰς
1651 2049 1751 2121 τὴν
1793 2051 2004 2111 ὲλευθετ

438 2126 559 2202 ρίαν
598 2126 698 2198 τῆς
728 2129 882 2202 δόξης
905 2131 1017 2189 τῶν,
1045 2133 1259 2188 τέκνων.
1279 2135 1372 2188 τοῦ
1411 2135 1568 2197 Θεοῦ.
1611 2138 1731 2197 Ἐπὶ
1772 2139 1869 2209 μὲν
1896 2141 2002 2214 γὰρ

436 2217 530 2271 τοῦ
562 2221 826 2291 παρόντος
854 2225 1095 2288 στενάζει
1117 2228 1151 2296 ή
1182 2226 1355 2294 κτίσις
1377 2231 1442 2299 τῇ
1478 2229 1651 2301 φθορᾷ
1688 2230 1795 2285 τῶν
1822 2232 2006 2304 αἰσθη-

437 2309 545 2363 τῶν
580 2312 842 2382 σωμάτων
873 2315 1213 2382 δουλεύουσα,
1274 2319 1369 2372 καὶ
1416 2319 1514 2390 τὴν
1561 2322 1765 2376 οἰκείαν
1817 2323 2003 2376 στάσιν

442 2399 795 2467 φυλάττουσα,
858 2404 914 2459 ὲν
1047 2407 1379 2479 κατέστησεν
1411 2411 1578 2481 αὐτὴν
1619 2414 1647 2465 ὁ
1678 2412 1772 2469 τοῦ
1807 2415 2003 2479 παντὸς

438 2492 642 2564 Κύριος
660 2510 674 2524 ’
709 2495 829 2548 τότε
850 2497 925 2562 δὲ,
954 2499 1093 2552 κατὰ
1111 2499 1208 2572 τὴν
1241 2502 1504 2573 σωτήριον
1525 2504 1835 2573 θεοφάνειαν
1857 2507 2006 2569 ὲλευτ-

440 2582 735 2654 θερωθεῖσα
758 2585 853 2656 τῆς
887 2586 981 2643 νῦν
1004 2590 1272 2676 στάσεως,
1304 2592 1395 2645 ἐπὶ
1413 2594 1480 2649 τὰ
1506 2594 1738 2665 κρείττω
1768 2597 2007 2676 μεταδήῇ

443 2691 611 2729 σεται.

451 2768 813 2851 Ἄρχομένωνς
844 2770 913 2851 δε
943 2774 1166 2851 τούτων
1192 2775 1481 2851 γίνεσθαι,
1524 2779 1873 2851 ἁγακύψατε
1905 2781 2005 2835 καὶ

788 2840 1042 2911 ἐπάρατε
1062 2845 1168 2908 τὰς
1182 2840 1448 2915 κεφαλὰς
1469 2840 1653 2918 ὑμῶν.

510 2931 669 2999 Λέγει
697 2932 754 2985 δὲ
782 2933 951 2988 ταῦτα
980 2935 1089 3005 (75)
1129 2938 1262 3009 πρὸς
1308 2940 1432 3003 τοὺς
1483 2940 1746 3011 μαθητάς,
1798 2943 1892 3011 οὐχ
1931 2943 2006 3006 ὼς

2103 1863 2245 1917 enim
2295 1864 2674 1935 corruptilibus
2728 1865 2970 1923 serviunt
3024 1868 3365 1934 corporibus,
3424 1870 3516 1924 sed
3570 1868 3663 1922 illo

2103 1954 2299 2009 saeculo
2326 1955 2742 2010 vindicabuntur
2770 1966 2824 2011 et
2851 1957 2988 2026 jpstB
3016 1972 3082 2012 ex
3110 1959 3328 2013 servitio
3359 1968 3521 2029 atque
3548 1974 3666 2014 cor-

2103 2044 2308 2114 ruptela
2340 2046 2395 2101 in
2424 2045 2725 2101 libertatem
2768 2047 2950 2116 gloriae
2982 2048 3208 2103 filiorum
3242 2050 3358 2105 Dei.
3404 2049 3462 2111 In
3526 2067 3664 2121 prae-

2103 2139 2245 2193 senti
2301 2139 2443 2193 enim
2497 2149 2744 2194 creatura
2795 2139 3101 2210 ingemiscit
3151 2140 3277 2195 dum
3330 2142 3664 2197 sensibilium

2102 2244 2387 2298 corporum
2441 2231 2606 2285 servit
2663 2231 3018 2301 corruptelae,
3069 2247 3331 2301 suamque
3374 2235 3665 2289 stationem

2104 2323 2335 2388 retinet,
2372 2323 2423 2376 in
2466 2339 2569 2393 qua
2604 2340 2723 2378 eam
2771 2339 2955 2377 rerum
2992 2325 3232 2378 omnium
3273 2324 3530 2381 Dominus
3555 2325 3667 2380 col-

2104 2413 2316 2468 locavit.
2348 2414 2497 2469 Tunc
2530 2431 2654 2469 vero
2682 2416 2734 2470 in
2761 2414 3065 2475 Servatoris
3090 2417 3180 2470 Dei
3210 2417 3669 2484 manifestatione.

2104 2520 2135 2561 a
2164 2508 2412 2576 praesenti
2442 2508 2690 2577 expedita
2719 2515 2904 2573 statu,
2930 2506 3295 2567 inhmeliorem
3329 2510 3597 2569 transibit,

2149 2771 2192 2801 “
2224 2770 2321 2824 llis
2354 2780 2523 2824 autem
2557 2768 2675 2837 ﬁeri
2701 2770 3093 2852 incipientibus,
3118 2773 3367 2843 respicite
3392 2783 3441 2829 et
3471 2773 3635 2830 levate

2686 2852 2854 2909 capita
2895 2853 3084 2896 vestra.

2177 2931 2302 2987 Haec
2329 2931 2404 2986 ait
2432 2931 2728 3002 discipulis.
2758 2947 2862 2985 non
2889 2932 3031 3002 quod
3061 2932 3192 3003 ipsis
3221 2941 3365 2989 esset
3407 2948 3574 3004 usque
3597 2936 3667 2989 ad

440 3022 731 3092 μέλλοντας
763 3025 958 3090 αὐτοὺς
988 3026 1265 3099 ζήσεσθαι,
1309 3030 1402 3083 καὶ
1433 3032 1765 3101 παραμένειν
1802 3032 1878 3104 τῷ
1906 3033 2005 3105 βίῳ

2109 3024 2288 3080 saeculi
2318 3024 2843 3079 consummationem
2880 3024 2986 3076 vita
3019 3022 3388 3092 superfutura,
3417 3024 3509 3080 sed
3539 3025 3665 3095 quia

443 3115 603 3186 μέχρι
635 3116 732 3185 τῆς
761 3118 1086 3184 συντελείας,
1139 3119 1251 3173 ἀλλ’
1286 3120 1359 3184 ὡς
1401 3122 1518 3185 ἐνὸς
1563 3122 1712 3186 ὄντος
1759 3102 2005 3194 σώματος

2109 3117 2270 3171 iidem
2302 3117 2578 3171 nobiscum
2608 3130 2773 3169 unum
2808 3130 3003 3184 corpus
3050 3116 3432 3184 constituunt,’
3459 3132 3667 3173 necnon

438 3207 617 3259 αὐτῶν
656 3225 716 3260 τε
746 3209 837 3262 καὶ
864 3210 1040 3281 ἡμῶν,
1079 3211 1186 3265 τῶν
1219 3229 1277 3265 τε
1315 3213 1452 3284 μετὰ
1494 3214 1666 3268 ταῦτα
1709 3216 1867 3288 μέχρι
1908 3216 2008 3287 τῆς

438 3297 743 3361 συντελείας
788 3302 866 3358 εἰς
901 3302 1061 3354 αὐτὸν
1104 3305 1562 3370 πεπιστευκότων,
1610 3307 1703 3360 καὶ
1748 3306 1813 3360 δι’
1847 3308 2006 3362 αὑτὸν

438 3387 580 3440 κατὰ
613 3388 701 3440 τὸν
723 3390 961 3461 παρόντα
992 3392 1102 3461 βίον
1132 3395 1637 3465 τεταπεινωμένων.
1694 3398 1825 3451 Τότε
1874 3400 2006 3468 γοῦν

436 3477 795 3544 ἀπολαϐόντες
817 3482 913 3545 τὰς
935 3485 1263 3552 ἐπαγγελίας
1295 3486 1377 3556 ἐφ’
1412 3481 1497 3551 αἷς
1526 3486 1846 3560 ἠλπίζομεν,
1872 3490 2007 3545 ἀναο

436 3568 680 3640 κύψομεν
733 3572 782 3624 οἱ
821 3573 940 3626 τότε
974 3578 1389 3645 συγκεκυφότες,
1436 3578 1529 3632 καὶ
1569 3580 1880 3651 ὲπαροῦμεν
1909 3582 2006 3645 τὰς

440 3662 681 3732 κεφαλὰς
703 3666 735 3736 ἡ
745 3663 861 3735 μῶν
885 3666 935 3718 οἱ
962 3667 1127 3721 πάλαι
1148 3671 1620 3741 τεταπεινωμένοι.
1658 3672 1722 3725 Ἦ
1744 3672 1851 3742 γὰρ
1874 3673 2007 3725 ἀπο-

438 3753 704 3826 λύτρωσις
729 3756 884 3826 ήμῶν
917 3758 949 3828 ἡ
982 3758 1395 3832 προσδοκωμένη
1432 3761 1571 3833 αὐτὴ
1610 3764 1792 3833 ἐκείνη
1830 3762 2002 3831 ἔσται,

439 3845 507 3917 ἢν
534 3846 629 3898 καὶ
658 3847 692 3915 ή
722 3848 867 3898 πᾶσα
883 3847 1057 3911 κτίσις
1087 3849 1357 3921 προσδοκᾷ
1371 3851 1508 3905 κατὰ
1536 3850 1633 3923 τὴν
1649 3848 2005 3924 ἀποστολικὴν

438 3933 801 3999 διδασκαλίαν,
836 3936 903 4007 ἣν
932 3936 1024 3988 καὶ
1057 3937 1266 4001 Παῦλος
1291 3940 1720 4013 ἀπεκδεχόμενος
1763 3928 2004 4007 στενάζει

438 4028 558 4088 ταῖς
601 4027 883 4097 σωτηρίοις
922 4032 1125 4098 φωναῖς
1161 4030 1442 4084 δουλεύων.
1479 4034 1615 4085 Πότε
1641 4034 1696 4087 δὲ
1733 4035 1938 4103 ἐγγίζει
1969 4038 2002 4106 ή

440 4119 830 4191 ἀπολύτρωσις,
854 4122 1093 4193 ἀκριϐῶς
1112 4123 1346 4190 ἐδίδαξεν
1369 4124 1554 4190 εἰπὼν,
1577 4127 1658 4179 ὃτι
1684 4125 1895 4180 τούτων
1907 4129 2007 4198 άνρς

438 4209 680 4280 χομένων
704 4212 966 4279 γίνεσθαι.
1004 4214 1095 4286 Μὴ
1137 4214 1245 4286 γὰρ
1278 4216 1614 4287 ἀρχομένων,
1650 4217 1765 4271 ἀλλ’
1792 4219 1890 4290 ἤδη
1927 4221 2005 4284 εἰς

440 4301 575 4372 ἔργα
601 4303 919 4375 χωρούντων
943 4304 1050 4357 τῶν
1082 4305 1403 4377 λεγομένων,
1441 4308 1622 4360 οὐκέτι
1657 4308 1891 4377 ἐγγίζειν
1930 4311 2007 4362 εξ-

438 4392 534 4456 κὺς
566 4392 661 4463 τὴν
680 4394 1077 4466 ἀπολύτρωσιν,
1110 4397 1223 4450 ἀλλ’
1246 4397 1426 4469 ἔργοις
1451 4399 1827 4454 ἐπιτελεῖσθαι.
1868 4401 1925 4454 ὐ
1948 4402 2004 4454 δὲ

439 4483 580 4548 θεῖος
622 4484 939 4549 Ἀπόστολος
964 4490 1057 4541 καὶ
1082 4486 1207 4560 ὅλης
1235 4488 1405 4558 αὐτῆς
1422 4489 1522 4559 τῆς
1554 4491 1779 4554 κτίσεως
1806 4493 2007 4545 ἀπολύ-

436 4590 638 4646 τρωσιν
668 4575 761 4628 καὶ
793 4576 1101 4647 ἐλευθερίαν
1126 4578 1245 4631 τότε
1279 4578 1602 4649 γενήσεσθαι
1635 4580 1894 4645 διδάσκει,
1924 4581 2011 4636 διά

437 4666 533 4718 τὸν
576 4666 832 4737 μέλλοντα
889 4670 982 4721 καὶ
1030 4669 1199 4740 αὐτῆς
1254 4670 1500 4737 γίνεσθαι
1542 4672 1634 4724 ἐπὶ
1675 4671 1736 4724 τὸ
1769 4677 2011 4745 κρεῖττον

443 4761 975 4830 μετασχηματισμόν.
1030 4762 1119 4815 Διό
1182 4778 1343 4832 φησιο
1400 4763 1508 4816 Καὶ
1564 4763 1715 4831 αὐτὴ
1748 4766 1786 4833 ή
1819 4767 2013 4833 κτίσις

436 4850 972 4918 ἐλευθερωθήσεται
1000 4852 1118 4906 ἀπὸ
1146 4851 1256 4921 τῆς
1273 4852 1550 4919 δουλείας
1567 4852 1672 4921 τῆς
1688 4856 1910 4923 φθορᾶς
1924 4860 2010 4923 εἰς

434 4940 552 5009 τὴν
579 4942 924 5011 ἐλευθερίαν
949 4943 1059 5012 τῆς
1097 4943 1280 5012 δόξης
1308 4944 1427 4998 τῶν
1451 4945 1675 4998 τέκνων
1701 4946 1806 4999 τοῦ
1837 4947 2005 5001 Θεοῦ.

449 5033 765 5105 Ἀφθάρτων
789 5035 896 5107 γὰρ
926 5037 1179 5090 ἁπάντων
1225 5037 1317 5090 καὶ
1346 5036 1626 5094 ἀθανάτων
1663 5037 1771 5089 τῶν
1805 5038 2004 5092 τέκνων

434 5123 533 5177 τοῦ
573 5124 715 5178 Θεοῦ
760 5126 850 5179 τὸν
888 5128 1005 5180 νέον
1035 5129 1368 5197 οἰκησάντων
1396 5128 1584 5191 αἰῶνα,
1631 5128 1797 5200 ἐχρῆν
1838 5128 2007 5199 δήπου

437 5215 535 5270 καὶ
572 5216 670 5289 τὴν
694 5217 869 5271 κτίσιν
911 5219 1079 5291 αὐτὴν
1108 5219 1205 5291 τὴν
1238 5220 1333 5273 νῦν
1364 5224 1431 5291 τῇ
1456 5221 1664 5292 φθαρτῇ
1707 5221 1867 5290 φύσει
1893 5222 2013 5275 δου-

435 5309 714 5378 λεύουσαν,
730 5311 1099 5383 εἰςοάφθαρτον
1126 5311 1311 5364 οὐσίαν
1336 5312 1675 5384 μεταϐαλεῖν,
1693 5313 1788 5384 τῆς
1812 5314 2015 5386 παρού-

453 5417 558 5472 σης
606 5404 991 5467 καταστάσεως
1032 5402 1499 5475 ὲλευθερωθεῖσαν.
1524 5405 1807 5477 Εὑκαίρως
1832 5406 2010 5477 μέντοι

432 5493 540 5566 τῷτ
567 5495 676 5549 Καὶ
699 5497 833 5551 τότε
865 5497 1246 5577 ὄψονεᾳιητὸν
1282 5496 1417 5550 Υἱὸν
1446 5498 1552 5551 τοῦ
1578 5498 1889 5567 ἀνθρώπου
1915 5499 2009 5566 ἐρ-

2110 3218 2368 3280 quotquot
2397 3207 2661 3279 usquead
2700 3207 3219 3263 consummationem
3247 3207 3465 3262 Christo
3486 3207 3668 3263 credi-

2110 3302 2212 3356 turi
2241 3310 2386 3367 sunt,
2413 3311 2573 3370 atque
2602 3298 2717 3368 ejus
2745 3313 2906 3353 causa
2931 3308 3250 3366 praesentem
3285 3299 3449 3352 vitam
3488 3298 3541 3353 in
3576 3298 3671 3352 bu-

2110 3393 2335 3448 militate
2360 3392 2679 3447 traducturi.
2709 3390 2859 3446 Tunc
2893 3391 3077 3461 igitur,
3110 3406 3168 3445 re
3197 3405 3357 3460 quam
3389 3405 3671 3461 speramus

2110 3484 2414 3553 impetrata,
2450 3483 2700 3537 tollemus
2720 3481 2906 3535 oculos
2932 3482 3021 3549 qui
3046 3481 3307 3535 hactenus
3333 3482 3480 3537 humi
3509 3481 3668 3535 deﬁxi

2108 3582 2284 3639 erant,
2312 3583 2579 3642 caputque
2605 3571 2873 3641 erigemus
2900 3571 2991 3640 qui
3021 3570 3150 3625 olim
3178 3570 3416 3639 depressi
3443 3570 3664 3623 fuimus.

2108 3663 2233 3719 Haec
2259 3674 2341 3719 est
2372 3663 2515 3721 enim
2546 3676 2703 3733 quam
2736 3670 3110 3731 exspectamus
3132 3660 3472 3727 redemptio;
3507 3673 3667 3733 quam

2107 3755 2313 3826 reliqua
2354 3756 2515 3810 etiam
2562 3765 2812 3810 creatura
2858 3755 3036 3810 omnis
3083 3753 3467 3825 pmstolatur,
3517 3753 3671 3822 juxta

2107 3848 2458 3919 apostolicam
2506 3847 2831 3913 doctrinam,
2874 3861 2976 3916 qua
3006 3845 3204 3900 Paulus
3235 3846 3397 3901 etiam
3440 3844 3675 3900 imbutus

2108 3941 2410 4011 ingemiscit
2427 3942 2470 3972 “
2498 3938 2805 3995 Servatoris
2832 3938 3055 3993 vocibus
3075 3936 3467 3993 obsecundans.
3491 3934 3677 4003 Quan-

2107 4031 2301 4087 donam
2343 4041 2519 4084 autem
2566 4028 3053 4099 appropinquatum
3112 4028 3184 4082 sit
3222 4026 3554 4095 redemptio,
3594 4038 3677 4078 ac-

2108 4134 2291 4180 curate
2335 4125 2516 4179 docuit
2552 4124 2736 4178 dicens
2770 4140 2783 4175 :
2817 4121 2916 4176 His
2950 4123 3067 4191 ﬁeri
3113 4119 3500 4189 incipientibus.
3537 4116 3673 4171 Cum

2110 4218 2253 4272 enim
2276 4216 2386 4285 jam
2410 4216 2550 4269 dicta
2575 4229 2736 4285 opera
2769 4215 3080 4282 decurrent,
3124 4213 3268 4269 haud
3312 4212 3529 4266 videtur
3555 4223 3675 4279 pro-

2108 4307 2371 4376 pinquare
2401 4304 2720 4374 redemptio,
2757 4306 2852 4360 sed
2889 4320 3051 4375 opere
3078 4305 3193 4375 ipso
3218 4301 3499 4371 compleri.
3534 4300 3673 4369 Apo-

2114 4401 2283 4455 stolns
2307 4409 2485 4454 autem
2518 4400 2685 4454 totius
2709 4413 2926 4468 quoque
2956 4407 3216 4452 creatura:
3246 4393 3675 4463 redemptionem

2112 4507 2175 4545 ac
2202 4491 2502 4545 libertatem
2539 4501 2664 4545 tunc
2696 4489 2809 4545 fore
2840 4490 3017 4556 docet,
3049 4494 3271 4559 propter
3315 4486 3552 4541 futuram
3578 4483 3678 4539 sci-

2107 4583 2234 4637 licet
2267 4582 2384 4649 ejus
2420 4598 2633 4652 quoque
2675 4583 2728 4637 in
2766 4582 2958 4636 melius
2988 4577 3548 4633 transformationem.
3586 4574 3677 4629 ld-

2108 4677 2256 4730 circo
2288 4676 2404 4729 ait:
2443 4674 2509 4728 Et
2548 4676 2663 4744 ipsa
2701 4683 2944 4727 creatura
2982 4670 3331 4726 vindicabimr
3365 4686 3393 4723 ε
3435 4668 3676 4722 servitute

2108 4768 2454 4836 corruptionis
2516 4767 2571 4819 in
2622 4765 2911 4819 libertatem
2960 4764 3142 4834 gloria:
3197 4761 3427 4830 ﬁliorum
3485 4758 3582 4813 Dei
3606 4756 3673 4812 ⁸⁸.

2114 4855 2246 4911 Nam
2279 4871 2400 4910 cum
2442 4869 2629 4910 omnes
2677 4852 3110 4923 incorruptibiles
3142 4860 3321 4921 atque
3345 4847 3677 4905 immortales

2114 4948 2395 5014 Sant'tiqtle
2430 4956 2487 4999 et
2531 4945 2672 4999 beati
2727 4944 2820 4998 iiiii
2867 4943 2962 4998 Dei
2999 4957 3197 4996 novum
3238 4940 3488 4994 saeculum
3529 4940 3677 4993 inco-

2112 5038 2243 5103 lent,
2274 5050 2401 5092 tunc
2434 5054 2569 5107 opus
2599 5040 2701 5092 erit
2731 5038 2901 5105 ipsam
2931 5049 3146 5106 quoque
3174 5033 3355 5087 mundi
3388 5030 3675 5096 fabricam,

2113 5143 2234 5197 quae
2277 5142 2418 5182 nune
2463 5127 2797 5197 corruptibili
2831 5134 3036 5181 natura:
3073 5124 3309 5180 obnoxia
3345 5132 3449 5189 est,
3490 5123 3543 5178 in
3585 5123 3681 5177 im-

2115 5217 2396 5272 mortalem
2435 5216 2680 5272 converti
2729 5216 3091 5270 substantiam
3143 5225 3305 5283 atque
3348 5227 3377 5266 a
3423 5210 3684 5283 praesenti

2116 5309 2424 5363 conditione
2480 5306 2749 5376 expediri.
2798 5305 3139 5376 Tempestive
3192 5313 3369 5359 autem
3402 5302 3623 5358 dictioni
3662 5321 3677 5357 :

2118 5401 2261 5456 Tunc
2291 5402 2530 5456 videbunt
2564 5397 2611 5451 ιε’
2615 5399 2765 5451 ilium
2794 5397 3020 5452 hominis
3051 5398 3333 5452 venientem
3379 5396 3433 5449 in
3459 5393 3710 5457 nubibus,

2115 5512 2231 5549 cum
2274 5496 2461 5565 gloria,
2498 5505 2737 5563 appones
2765 5490 3004 5545 Danielis
3038 5489 3459 5561 prophetiam",
3497 5487 3550 5541 in
3577 5501 3707 5555 qua-

510 5656 559 5688 ⁶²
585 5655 689 5709 lsa.
725 5673 846 5724 va,
882 5658 969 5711 Π.
1045 5658 1088 5690 ⁸³
1117 5658 1246 5713 Luc.
1272 5674 1383 5722 xxi,
1411 5658 1500 5713 ‘26.
1572 5658 1618 5689 “
1644 5658 1772 5712 an.
1808 5674 1918 5720 3m,
1947 5657 2036 5711 28.
2095 5657 2138 5689 ⁶⁸
2180 5655 2335 5709 Rom.
2368 5667 2468 5715 vn,
2492 5650 2586 5706 24.
2661 5649 2707 5681 "
2738 5649 2893 5707 Rom.
2927 5663 3042 5715 vni,
3074 5648 3168 5704 9.1.
3202 5648 3277 5721 ,⁵⁷
3311 5646 3443 5702 Dan.
3471 5657 3569 5707 vn,
3594 5641 3690 5701 13.

515 5749 633 5826 (75),
663 5753 905 5823 Sequens
930 5754 1287 5824 fragmentum
1320 5756 1515 5826 partim
1546 5756 1943 5825 congruiLcuut
1977 5754 2220 5823 proxime
2255 5745 2701 5821 praecedentibus.
