4098 6200
470 259 574 325 B99

1157 255 1428 313 EUSEBII
1464 253 1940 312 CAESARIENSIS
1962 252 2112 312 OPP.
2152 252 2334 309 PARS
2371 253 2454 310 111.
2487 283 2558 294 -
2596 248 3004 308 EXEGETICA.

3591 239 3695 298 600

468 380 597 443 item
631 378 800 435 Filius
838 377 1108 443 hominis,
1144 387 1200 432 et
1226 378 1433 444 nubes,
1478 384 1531 432 et
1558 377 1741 431 datum
1772 375 1908 431 Filio
1946 377 2008 432 bo

2140 375 2396 445 χύμενον
2433 373 2503 427 ὲν
2552 369 2773 442 νεφέλῃ
2813 366 2963 440 μετὰ
2987 364 3191 431 δόξης,
3236 359 3571 435 παραθήσεις
3598 358 3699 430 τὴ)

466 472 630 531 minis
662 485 880 540 regnum
920 467 1283 537 spectabatur.
1324 468 1428 523 Sed
1458 468 1600 523 enim
1637 477 1763 522 tunc
1810 467 2024 536 quidem

466 579 607 620 unus
654 562 917 632 propheta
966 560 1147 615 divino
1190 558 1390 630 Spiritu
1449 560 1735 615 instinctus
1790 558 2023 613 futuram

466 665 579 706 rem
607 650 891 715 cernebat;
940 654 996 702 at
1021 648 1505 704 consummationis
1536 658 1776 717 tempore
1814 664 2021 719 omnes,

463 753 524 797 nt
556 740 632 794 ait
664 738 920 794 Servator
946 740 1009 807 ⁸⁸,
1039 740 1296 795 videbunt
1326 755 1447 795 eum
1472 740 1774 803 venientem
1803 739 1853 795 in
1884 740 2024 794 nube

460 848 583 890 cum
616 833 818 887 virtute
858 848 1047 902 magna
1100 834 1312 886 viviiica
1369 844 1425 887 et
1477 833 1854 887 illuminatrice
1900 831 2023 885 novi

462 922 667 990 saeculi,
713 936 944 993 cumque
984 924 1155 995 gloria
1197 940 1413 996 magna,
1443 925 1620 981 Patris
1652 924 1903 983 videlicet
1948 922 2023 977 di—

457 1017 705 1072 vinitate.

2131 465 2226 520 τοῦ
2247 463 2443 535 Δανιὴλ
2480 462 2833 535 προφητείαν,
2864 460 2930 512 δι’
2956 454 3023 531 ἧς
3047 455 3139 509 καὶ
3169 455 3197 508 6
3218 454 3344 517 Υἱὸς
3368 450 3463 505 τοῦ
3493 448 3702 521 ἀνθρώ-ε

2134 576 2258 621 που,
2299 556 2393 610 καὶ
2427 558 2460 626 ή
2488 554 2703 625 νεφέλη,
2746 551 2838 605 καὶ
2868 552 2901 621 ἡ
2928 548 3002 619 τῷ
3026 548 3119 602 τοῦ
3151 544 3434 618 ἀνθρώπου
3475 541 3700 613 δοθηιιποε⁵

2137 651 2270 723 μένη
2304 648 2547 718 βασιλεία
2573 645 2875 717 ὲθεωρεῖτο.
2921 640 3078 694 Ἀλλὰ
3106 638 3226 692 τότε
3252 638 3347 709 μὲν
3371 633 3450 700 εἷς
3488 634 3701 707 προφή-

2130 758 2230 811 της
2255 739 2382 811 θείῳ
2407 737 2681 808 Πνεύματι
2711 732 3130 805 θεοφορούμενος
3172 730 3231 783 τὸ
3266 729 3455 800 μέλλον
3484 725 3701 780 ἔσεσθαι

2129 836 2345 887 ἐθεᾶτοο
2388 832 2529 886 κατὰ
2566 831 2624 884 δὲ
2667 828 2757 882 τὸν
2789 828 2888 898 τῆς
2921 825 3222 887 συντελείας
3253 823 3441 895 καιρὸν
3478 820 3702 889 πάντες,

2129 922 2203 987 ὥς
2260 939 2422 993 φησιν
2483 922 2511 974 6
2545 918 2772 990 Σωτὴρ,
2842 917 3006 971 αὐτὸν
3054 917 3270 987 ὄψονται
3310 914 3601 986 ἐρχόμενον
3640 913 3701 964 ὲν

2127 1015 2324 1089 νεφέλῃ
2354 1014 2487 1085 μετὰ
2515 1014 2796 1086 δυνάμεως
2821 1011 3021 1081 πολλῆς
3050 1008 3439 1079 ζωοποιητικῆς
3477 1006 3571 1058 καὶ
3590 1021 3702 1074 φω-

456 1115 704 1183 τιστικῆς
730 1113 823 1166 τοῦ
849 1113 967 1166 νέου
993 1114 1204 1179 αἰῶνος,
1235 1114 1328 1168 καὶ
1359 1114 1496 1185 μετὰ
1517 1114 1672 1185 δόξης
1704 1113 1923 1183 πολλῆς,
1950 1111 2046 1183 τῆς
2068 1110 2339 1182 πατρικῆς
2367 1109 2561 1180 δηλαδὴ
2586 1108 2854 1180 θεότητος.

531 1210 885 1277 Quandonam
914 1224 1040 1265 vero
1062 1211 1173 1265 haec
1206 1210 1372 1265 (ient?
1394 1210 1524 1265 Cum
1556 1212 1791 1281 gentium
1825 1220 2031 1278 tempo-

457 1319 518 1367 ra
554 1303 817 1373 completa
845 1304 1061 1359 fuerint.
1112 1304 1320 1358 Etenim
1349 1304 1595 1359 absoluto
1622 1306 1761 1374 quod
1806 1305 1869 1359 iis
1899 1304 2031 1359 deﬁ-

2200 1206 2337 1259 Πότε
2389 1205 2443 1258 δὲ
2490 1205 2663 1258 ταῦτα
2714 1203 2901 1268 an-at;
2940 1201 3106 1254 Ὅταν
3150 1197 3474 1270 πληρωθῶσι
3520 1198 3700 1270 καιροὶ

2126 1298 2317 1353 ἐθνῶν.
2354 1295 2758 1368 Περαιωθείσης
2785 1294 2894 1366 γὰρ
2921 1293 3022 1363 τῆς
3056 1292 3364 1363 ὡρισμένης
3392 1292 3504 1354 τοῖς
3523 1290 3700 1343 ἔθνεσι

455 1394 628 1449 nilum
686 1393 865 1449 fuerat
908 1405 1125 1449 natatum
1176 1395 1371 1465 spatio,
1417 1396 1569 1462 signa
1620 1398 2006 1449 consummand

2124 1389 2481 1464 προθεσμίας,
2511 1389 2659 1442 ἔσται
2688 1390 2886 1458 σημεῖα
2906 1386 3005 1456 τῆς
3026 1384 3119 1438 τοῦ
3143 1384 3346 1455 κόσμου
3370 1382 3696 1447 συντελείας.

456 1488 639 1542 mundi
708 1491 1016 1544 exstabunt.
1071 1487 1441 1557 Cujuscemodi
1501 1503 1628 1540 vero
1676 1488 1823 1557 signa
1886 1487 2022 1551 haec,

2121 1483 2346 1539 Ποταπὰ
2376 1482 2431 1536 δὲ
2461 1484 2678 1553 σημεῖα,
2708 1480 2786 1551 τῷ
2816 1478 3078 1548 Ματθαίῳ
3099 1478 3127 1530 6
3150 1477 3362 1540 Λουκᾶς
3384 1474 3703 1548 παρεχώρηε

453 1576 702 1633 Matthch
763 1578 807 1609 ⁸³
862 1578 1036 1633 Lucas
1090 1579 1373 1632 dicendum
1427 1579 1691 1646 permisit.
1745 1578 2008 1648 Oportebi‘

2125 1593 2215 1627 σεν
2264 1574 2513 1641 ἐξειπεῖν.
2574 1572 2771 1644 Ἐχρῆν
2820 1570 2949 1642 γὰρ,
2993 1567 3275 1640 μέλλοντος
3323 1566 3416 1620 τοῦ
3465 1567 3697 1637 μεγάλου

454 1672 617 1737 enim,
668 1686 860 1742 magno
916 1671 1182 1739 luminari,
1240 1674 1356 1743 ipso
1410 1674 1623 1743 inquam
1672 1672 1782 1728 Deo
1823 1671 2019 1739 Verbo,

452 1777 576 1821 cum
602 1763 797 1819 virtute
819 1765 1092 1834 gloriaque
1110 1764 1273 1819 multa
1300 1765 1525 1820 alterum
1547 1765 1828 1819 adventum
1864 1780 2017 1819 sumn

452 1863 757 1920 ostensnro,
805 1855 1119 1911 subtrahere
1160 1865 1332 1913 semet
1383 1872 1445 1915 ac
1490 1858 1681 1913 cedere
1722 1856 1908 1920 solem,
1937 1856 2017 1909 Iu-

451 1958 683 2014 namqne
722 1954 775 1999 et
809 1954 998 2001 caetera
1029 1947 1229 2010 sidera,
1261 1956 1320 2001 ut
1349 1946 1466 2002 loco
1505 1925 1742 2001 Omnium
1783 1950 1893 2016 ipse
1926 1946 2017 2001 Fi-

448 2032 554 2089 lius
575 2034 807 2091 hominis
836 2036 1038 2103 lucens,
1070 2052 1265 2092 novum
1287 2037 1537 2093 saeculum
1568 2039 1847 2103 illuminel,
1873 2039 2018 2107 prio-

450 2137 513 2184 ro
540 2127 721 2182 mundi
746 2128 913 2198 ﬁgura
943 2137 1324 2198 praetereunte,
1352 2132 1641 2184 secundum
1666 2129 2014 2199 apostolicum

448 2218 815 2281 testimonium
851 2222 990 2290 quod
1021 2224 1139 2277 ait:
1179 2222 1421 2277 Prwlerit
1464 2225 1603 2278 enim
1649 2224 1819 2293 ﬁgura
1858 2223 2014 2292 hujus

448 2307 633 2366 mundi
658 2311 726 2365 η.
760 2310 889 2367 Cum
917 2308 1044 2382 ergo
1062 2315 1174 2368 haec
1200 2314 1366 2382 lignra
1397 2315 1707 2382 praeteribit,
1742 2317 1897 2370 simul
1923 2318 2015 2368 nb-

449 2401 601 2463 ibunt
658 2402 737 2456 sol
788 2418 848 2457 ac
878 2403 1004 2458 luna
1047 2413 1099 2459 et
1136 2405 1326 2461 stellte.
1351 2404 1801 2459 Obtenebrabitur
1833 2419 2009 2465 autem

450 2501 575 2548 tunc
630 2492 730 2556 sol,
777 2508 879 2546 non
908 2496 1046 2571 quod
1073 2511 1226 2550 suum
1254 2494 1430 2548 lumen
1468 2495 1884 2557 amissurussit,
1920 2497 2014 2553 sed

447 2586 847 2656 comparatione
892 2584 1114 2654 majoris
1169 2586 1504 2640 obscuratus.
1568 2586 1707 2654 Ergo
1774 2586 2011 2639 laborum

445 2678 609 2733 veluti
644 2694 861 2733 suorum
902 2678 1180 2744 prwmium
1219 2681 1411 2746 capiet,
1449 2688 1503 2732 ut
1527 2679 1618 2732 ﬁat
1648 2679 2007 2748 septemplex;

446 2770 668 2839 ipsaque
692 2769 812 2825 luna
845 2780 901 2824 ut
925 2770 1004 2823 sol
1041 2768 1177 2835 erit;
1213 2769 1379 2827 stellae
1405 2770 1632 2839 denique
1668 2770 1913 2822 eamdem
1957 2770 2008 2823 in

443 2860 637 2917 melius
678 2859 1075 2929 provectionem
1105 2859 1473 2929 experientur.
1528 2860 1632 2915 Sed
1675 2870 1847 2913 tamen
1886 2868 2011 2912 tunc

2126 1663 2427 1733 φωστῆρος,
2467 1660 2630 1714 αὐτοῦ
2664 1662 2720 1714 δὲ
2752 1659 2844 1713 τοῦ
2876 1658 3009 1712 Θεοῦ
3044 1658 3217 1725 Λόγου
3252 1655 3384 1727 μετὰ
3418 1656 3699 1727 δυνάμεως

2121 1754 2217 1811 καὶ
2251 1752 2405 1823 δόξης
2430 1751 2628 1822 πολλῆς
2653 1752 2751 1822 τῆν
2778 1751 3033 1823 δευτέραν
3064 1748 3228 1803 αὑτοῦ
3263 1748 3529 1801 ποιεῖσθαι
3560 1765 3699 1819 παρ-

2120 1844 2305 1902 ουσίαν
2342 1843 2766 1897 ὑποστέλλεσθαι
2819 1844 2914 1897 καὶ
2975 1844 3358 1914 ὑπαναχωρεῖν
3412 1841 3504 1895 τὸν
3545 1841 3698 1912 ἥλιον

2120 1936 2215 1991 καὶ
2247 1938 2344 2010 τὴν
2378 1936 2625 2009 σελήνην,
2661 1938 2754 1991 καὶ
2784 1937 2912 2008 τοὺς
2944 1937 3197 2009 ἀστέρας,
3234 1936 3319 1989 ἵνα
3340 1934 3459 1989 ἀντὶ
3480 1934 3699 1989 πάντων

2120 2030 2279 2094 αὐτὸς
2320 2033 2347 2084 6
2382 2031 2511 2095 Υἱὸς
2537 2030 2627 2084 τοῦ
2651 2029 2937 2103 ἀνθρώπου
2970 2030 3330 2102 καταλάμψας
3362 2029 3570 2100 φωτίσῃ
3604 2028 3697 2082 τὸν

2118 2123 2236 2176 νέον
2296 2124 2484 2188 αἰῶνα,
2548 2124 2643 2177 τοῦ
2703 2126 2967 2198 προτέρου
3019 2126 3292 2196 σχήματος
3342 2122 3434 2176 τοῦ
3487 2123 3695 2193 κόσμου

2121 2216 2479 2287 παρελθόντος
2508 2217 2647 2270 κατὰ
2674 2217 2773 2288 τὴν
2796 2217 3155 2287 άποστολικὴν
3181 2216 3497 2287 μαρτυρίαν,
3520 2215 3552 2285 ἦ
3587 2232 3695 2287 φη-

2122 2328 2199 2363 σι·
2236 2309 2486 2378 Παράγει
2533 2311 2641 2378 γὰρ
2686 2309 2754 2363 τὸ
2788 2308 2996 2379 σχῆμα
3036 2310 3140 2363 τοῦ
3181 2311 3409 2378 κόσμου
3438 2308 3689 2361 τούτουο

2120 2400 2337 2453 ἐπειδὰν
2366 2396 2457 2453 οὖν
2491 2400 2646 2454 τοῦτο
2683 2400 2941 2473 παρέλθοι
2981 2401 3040 2453 τὸ
3073 2402 3275 2472 σχῆμα,
3314 2397 3688 2471 συμπαρελεύ-

2122 2508 2274 2544 σεται
2303 2492 2449 2561 αὐτῴ
2478 2493 2570 2545 καὶ
2602 2493 2629 2544 ὁ
2648 2492 2796 2562 ῆλιος
2824 2492 2916 2544 καὶ
2950 2494 2981 2563 ἡ
3020 2493 3237 2564 σελήνη,
3264 2492 3356 2545 καὶ
3378 2490 3687 2562 οἱάστέρες.

2118 2583 2531 2653 Σκοτισθήσεται
2564 2583 2619 2636 δὲ
2653 2585 2681 2636 ὁ
2712 2583 2861 2653 ἣλιος
2889 2582 3029 2646 τότε,
3065 2585 3161 2653 οὐχ
3196 2583 3334 2635 ὥστε
3368 2580 3693 2652 στερηθῆναι

2115 2676 2208 2731 τοῦ
2244 2676 2442 2728 οἰκείου
2481 2676 2675 2744 φωτὸς,
2720 2674 2852 2728 ἀλλὰ
2900 2674 3194 2747 παραθέσει
3244 2674 3337 2727 τοῦ
3382 2673 3691 2745 κρείττονος

2118 2768 2560 2838 ἀμαυρούμενος·
2598 2766 2830 2837 ἀμοιϐῆς
2870 2769 2999 2835 γοῦν
3048 2766 3155 2819 τῶν
3211 2765 3375 2819 αὐτοῦ
3427 2766 3693 2836 καμάτων

2118 2859 2210 2910 καὶ
2238 2857 2397 2920 αὐτὸς
2423 2856 2689 2921 τεύξεται,
2727 2857 3108 2911 ὲπταπλασίων
3142 2857 3530 2928 γενησόμενος·
3564 2858 3598 2929 ἦ
3626 2875 3689 2910 τε

444 2951 525 3015 sol
557 2961 610 3007 et
640 2951 763 3006 luna
793 2950 1125 3017 otiabuutur,
1184 2966 1357 3020 neque
1413 2952 1550 3004 ulins
1596 2952 1699 3005 erit
1736 2952 2006 3005 stellarum

2117 2950 2310 3020 σελήνη
2346 2950 2437 3003 καὶ
2469 2950 2604 3021 αὑτὴ
2634 2950 2782 3003 ἔσται
2803 2952 2877 3013 ὡς
2905 2952 2932 3002 ὁ
2953 2950 3103 3021 ἥλιος
3122 2968 3135 2980 °
3175 2951 3267 3003 καὶ
3294 2954 3340 3004 οἱ
3375 2951 3601 3023 ἀστέρες
3628 2951 3688 3005 δὲ

444 3060 594 3111 usus,
646 3045 770 3113 quia
814 3045 924 3112 jam
983 3059 1085 3097 nox
1128 3058 1232 3097 non
1272 3045 1406 3101 erit:
1442 3044 1640 3103 etenim
1685 3045 1763 3097 ba:
1797 3058 2008 3112 quoque

444 3134 725 3204 quiescent
775 3150 877 3188 una
933 3150 1053 3189 cum
1107 3134 1244 3191 cado
1283 3136 1539 3189 servitute
1597 3134 1848 3189 liberatae.
1921 3136 2009 3189 Sic

443 3227 608 3296 igitur
655 3240 848 3280 novum
896 3226 1146 3281 sreculum
1199 3227 1403 3295 absque
1455 3226 1587 3290 sole,
1621 3225 1742 3281 luna
1814 3225 2009 3279 stellis-

442 3333 548 3389 que
608 3318 731 3381 erit.
792 3318 1007 3383 luminis
1065 3318 1235 3375 nostri
1283 3318 1368 3377 die
1410 3330 1629 3381 sanctas
1678 3320 1885 3375 animas
1942 3320 2006 3376 il-

442 3409 720 3473 iustrante.

508 3676 764 3742 Qumnam
805 3690 934 3731 vero
976 3686 1361 3744 superventura
1392 3676 1500 3730 sint
1530 3676 1726 3729 mundo
1763 3686 1883 3746 post
1909 3676 2005 3730 lu—

439 3770 722 3824 minarium
759 3768 1213 3834 obscuratiouem,
1258 3780 1311 3822 et
1357 3770 1726 3836 quamobrem,
1772 3777 1826 3822 et
1864 3770 2004 3823 unde

438 3877 684 3930 pressura
709 3861 945 3930 gentium
971 3870 1227 3915 eventura
1258 3862 1345 3927 sit,
1372 3861 1607 3915 declarat
1634 3876 1751 3914 mox
1779 3862 1997 3917 dicens:

438 3950 560 4006 Prw
585 3952 887 4021 confusione
918 3954 1120 4009 sonitus
1159 3954 1317 4005 maris
1358 3964 1402 4006 et
1440 3955 1689 4022 ﬂuctuum
1726 3956 2004 4008 arescenti-

437 4046 529 4107 bus
558 4045 871 4105 hominibus.
914 4044 977 4097 Et
1024 4046 1151 4098 mihi
1184 4044 1394 4101 videtur
1422 4048 1616 4100 docere
1658 4047 1847 4101 futurae
1878 4059 2001 4103 tunc

436 4135 809 4189 conversionis
834 4134 1044 4191 initium
1075 4134 1189 4201 fore
1215 4136 1281 4189 ab
1308 4138 1537 4191 burnidae
1562 4139 1875 4195 substantiae
1907 4138 2000 4192 de-

436 4223 597 4281 fectu.
632 4223 742 4281 liae
764 4226 906 4278 enim
934 4226 985 4279 in
1016 4225 1205 4290 primis
1233 4227 1483 4294 absorpta
1521 4227 1601 4280 vel
1630 4238 1899 4293 concreta,
1927 4229 1997 4281 ila

2111 3039 2211 3108 τῆς
2238 3040 2427 3108 ὁμοίας
2446 3040 2720 3105 τεύξονται
2751 3042 2843 3093 ἐπὶ
2866 3042 2925 3093 τὸ
2954 3045 3199 3113 κρεῖττον
3224 3041 3539 3113 μεταϐολῆς.
3562 3042 3689 3115 Ἀρ-

2111 3134 2266 3205 γήσει
2297 3133 2353 3186 δὲ
2382 3134 2500 3186 τότε
2528 3137 2554 3187 6
2572 3135 2719 3206 ἣλιος
2743 3136 2834 3188 καὶ
2866 3137 2897 3207 ἡ
2930 3137 3122 3207 σελήνη
3146 3152 3161 3166 '
3189 3136 3301 3189 ἀλλ’
3326 3136 3444 3188 οὐδὲ
3468 3136 3685 3206 ἄστρων

2109 3240 2191 3287 τις
2226 3223 2374 3277 ἔσται
2402 3226 2520 3277 τότε
2544 3226 2721 3297 χρεία,
2756 3226 2948 3289 νυκτὸς
2973 3227 3044 3298 μὴ
3066 3226 3258 3296 οὔσης
3282 3226 3684 3280 ἀναπαύσονται

2108 3316 2163 3368 δὲ
2188 3318 2278 3369 καὶ
2304 3318 2454 3369 αὐτοὶ
2480 3318 2931 3389 ἐλευθερωθέντες
2955 3320 3050 3372 σὺν
3076 3319 3153 3389 τῷ
3176 3318 3389 3391 οὐρανῷ
3408 3336 3421 3349 ·
3451 3318 3592 3371 οὕτω
3621 3336 3685 3371 τε

2107 3409 2134 3459 6
2151 3409 2266 3471 νέος
2298 3407 2428 3461 αἰὼν
2458 3408 2671 3479 ἀνήλιος
2701 3408 2850 3462 ἔσται
2871 3412 2963 3463 κα)⁵
2982 3410 3257 3481 ἀσέληνος,
3281 3411 3373 3463 καὶ
3394 3410 3683 3480 ἄναστρος,

2110 3499 2320 3569 ἡμέρας
2357 3498 2447 3550 τοῦ
2477 3499 2743 3571 ἡμετέρου
2778 3500 2954 3568 φωτὸς
2983 3500 3083 3564 τὰς
3118 3500 3277 3570 ἁγίας
3310 3499 3683 3568 καταυγαζού-

2110 3605 2207 3658 σης
2237 3589 2432 3658 ψυχάς.

2176 3682 2306 3735 Τίνα
2336 3699 2399 3750 γε
2438 3681 2543 3752 μὴν
2575 3680 2641 3735 τὰ
2673 3683 3012 3755 ἐπερχόμενα
3138 3683 3429 3757 οἰκουμένῃ
3461 3684 3596 3755 μετὰ
3618 3683 3683 3738 τὸ

2104 3775 2231 3838 τοὺς
2266 3774 2555 3845 φωστῆρας
2591 3775 2954 3847 σκοτισθῆναι,
3006 3777 3101 3830 καὶ
3145 3776 3232 3829 διὰ
3257 3777 3332 3840 τί,
3388 3776 3480 3829 καὶ
3514 3775 3681 3828 πόθεν

2104 3871 2137 3943 ἡ
2172 3869 2369 3939 συνοχὴ
2400 3868 2506 3922 τῶν
2540 3867 2706 3921 ἐθνῶν
2742 3869 2911 3932 ἔσται,
2948 3868 3273 3941 παρίστησιν
3307 3868 3430 3938 ἑξῆς
3468 3867 3676 3935 λέγων’

2118 3963 2213 4014 Ἐν
2259 3963 2475 4029 ἀπορίᾳ
2514 3962 2795 4030 ἡκούσης
2827 3962 3144 4029 θαλάσσης
3173 3960 3268 4014 καὶ
3298 3960 3495 4015 σάλου
3526 3961 3676 4015 ἀπο-

2105 4056 2425 4123 ψυχόντων
2446 4054 2787 4123 ἀνθρώπων.
2819 4056 2928 4109 Καί
2954 4074 3040 4127 μοι
3069 4055 3215 4107 δοκεῖ
3240 4054 3339 4123 τῆς
3370 4054 3491 4108 τότε
3519 4071 3678 4124 γενη⁹

2108 4148 2340 4220 σομένης
2375 4148 2467 4201 τοῦ
2499 4150 2697 4212 παντὸς
2729 4149 2937 4220 τροπῆς
2956 4149 3053 4219 τὴν
3081 4147 3253 4219 ἀρχὴν
3288 4147 3501 4201 ἔσεσθαι
3534 4144 3679 4201 διδά-

2108 4259 2256 4305 σκειν
2289 4242 2395 4294 ἀπὸ
2425 4242 2714 4311 ἐκλείψεως
2742 4243 2839 4313 τῆς
2874 4243 3045 4313 ὑγρᾶς
3078 4241 3281 4304 οὐσίας.
3321 4240 3535 4312 Ταύτης
3568 4241 3677 4310 γὰρ

434 4326 499 4371 ut
537 4331 711 4387 neque
740 4318 946 4376 sonitus
969 4317 1079 4388 jam
1108 4319 1270 4379 maris
1309 4319 1644 4382 exaudiatur,
1692 4337 1866 4390 neque
1900 4320 2001 4372 llu-

2114 4331 2329 4402 πρὼτης
2362 4333 2719 4404 ἀναποθείσης
2743 4334 2775 4404 ἣ
2800 4334 3195 4405 ἀποπαγείσης,
3221 4334 3295 4397 ὡς
3332 4333 3521 4405 μηκέτ’
3542 4330 3677 4405 ἦχον

431 4416 611 4462 ctuum
648 4408 763 4476 ejus
788 4408 1082 4462 commotio
1122 4409 1191 4462 ob
1242 4409 1465 4462 nimium
1497 4420 1681 4463 aestum
1720 4412 1831 4477 ﬁat,
1876 4413 1999 4465 reli-

430 4514 549 4569 qua:
591 4500 773 4554 mundi
819 4510 997 4569 partes
1043 4501 1183 4554 haud
1226 4500 1426 4555 diutius
1465 4513 1720 4555 consueta
1757 4502 1996 4559 fruentes

429 4591 777 4660 vaporatione
798 4605 863 4653 ex
888 4590 1108 4645 humido
1123 4590 1392 4645 elemento
1414 4593 1627 4661 emissa,
1647 4595 1993 4650 mutationem

427 4684 943 4754 conversionemque
973 4685 1261 4754 patientur,
1296 4684 1447 4752 cujus
1478 4686 1554 4740 rei
1588 4687 1738 4756 signa
1775 4690 1824 4741 in
1860 4689 1992 4753 sole,

428 4774 549 4839 litua
599 4775 874 4846 stellisque
921 4778 1225 4831 exstabunt.
1288 4776 1421 4833 Nam
1466 4778 1545 4832 sic
1581 4778 1717 4833 facta
1760 4783 1990 4841 universi

425 4868 790 4936 perversione,
847 4870 1139 4946 mundique
1193 4871 1676 4936 causummatione,
1723 4875 1994 4930 exteriore

426 4957 525 5021 hac
575 4958 744 5031 ﬁgura
794 4968 1152 5030 praetereunte
1213 4960 1426 5033 (priora
1476 4963 1619 5016 enim
1669 4963 1890 5021 abibunt
1938 4976 1994 5021 ut

426 5052 726 5120 posteriora
773 5054 1192 5126 subintroeant),
1238 5071 1576 5128 consequens
1616 5057 1722 5113 erit
1767 5070 1827 5113 ut
1870 5062 1993 5116 coeli

426 5157 638 5217 quoque
670 5145 1013 5209 luminarium
1042 5149 1328 5206 conversio
1358 5150 1600 5220 quaedam
1624 5152 1857 5209 eveniat.

2106 4423 2377 4496 θαλάσσης
2410 4426 2756 4489 ἀκούσεσθαι,
2788 4426 2921 4498 μηδὲ
2954 4426 3044 4478 τὸν
3076 4426 3184 4480 τῶν
3213 4429 3470 4499 κυμάτων
3504 4428 3677 4498 αὐτῆς

2107 4517 2264 4570 σάλον
2300 4518 2540 4587 γίνεσθαι
2581 4518 2646 4571 δι’
2687 4518 2893 4589 αὐχμὸν
2926 4519 3349 4591 ὑπερϐάλλοντα,
3400 4521 3469 4575 τὰ
3513 4521 3677 4574 λοιπὰ

2105 4609 2242 4682 μέρη
2278 4609 2370 4662 τοῦ
2412 4611 2614 4681 κόσμου
2662 4612 2856 4682 μηκέτι
2897 4611 2997 4681 τῆς
3029 4613 3287 4681 συνήθους
3328 4614 3678 4685 μεταλαμϐά-

2101 4718 2257 4754 νοντα
2289 4701 2698 4772 ἀναθυμιάσεως
2729 4705 2792 4755 ὲκ
2824 4703 2923 4773 τῆς
2946 4707 3117 4775 ὑγρᾶς
3145 4706 3330 4769 οὐσίας
3354 4708 3669 4776 ἀναπεμπο-

2103 4793 2287 4864 μένης,
2324 4794 2527 4865 τροπὴν
2548 4795 2640 4847 καὶ
2671 4794 2968 4865 μεταϐολὴν
2990 4798 3261 4850 πείσεταιτ
3293 4798 3367 4861 ὡς
3388 4800 3452 4850 ὲκ
3480 4797 3676 4850 τούτου

2099 4887 2385 4956 γενήσεται
2433 4889 2629 4957 σημεῖα
2663 4889 2720 4939 ὲν
2768 4886 2901 4959 ἡλίῳ
2931 4890 3023 4941 καὶ
3050 4889 3267 4961 σελήνῃ,
3304 4890 3395 4943 καὶ
3429 4889 3668 4959 ἄστροις.

2114 4976 2486 5048 Ἀνακλήσεώς
2508 4995 2567 5031 τε
2590 4978 2697 5050 γὰρ
2728 4978 2821 5032 τοῦ
2844 4980 3046 5045 παντὸς
3078 4983 3393 5055 γενομένης,
3421 4982 3513 5035 καὶ
3545 4998 3669 5034 συν-

2099 5069 2310 5135 τελείας
2356 5069 2450 5123 τοῦ
2490 5071 2713 5141 κόσμου,
2764 5073 2857 5126 καὶ
2896 5074 3233 5147 παράγοντος
3265 5074 3358 5128 τοῦ
3395 5077 3673 5147 σχήματος

2094 5162 2286 5216 τούτου
2317 5161 2411 5215 τοῦ
2442 5164 2763 5234 φαινομένου
2796 5166 3205 5237 (παρελεύσεται
3255 5168 3362 5240 γὰρ
3382 5167 3450 5220 τὰ
3476 5167 3669 5240 πρῶτα

2097 5254 2161 5307 ἵν’
2199 5255 2393 5325 ἐπιστῇ
2424 5253 2491 5307 τὰ
2522 5254 2815 5328 δεύτερα),
2857 5258 3147 5312 ἀκόλουθον
3186 5255 3252 5330 ἦν
3287 5260 3382 5313 καὶ
3411 5258 3521 5313 τῶν
3548 5260 3665 5312 κατ’

2092 5345 2317 5415 οὐρανὸν
2349 5347 2647 5419 φωστήρων
2678 5351 2883 5421 τροπήν
2912 5368 3031 5404 τινα
3053 5349 3286 5403 ἔσεσθαι.

2161 5435 2344 5490 Ταῦτα
2370 5437 2427 5490 δὲ
2459 5439 2550 5492 ἐπὶ
2580 5439 2719 5493 τέλει
2747 5442 2855 5495 τῶν
2874 5444 3080 5513 χρόνων
3107 5442 3277 5507 ἔσται,
3304 5444 3402 5516 τῆς
3421 5446 3659 5499 ἀποσταε

2090 5526 2211 5592 σίας
2233 5530 2649 5605 ἐνεργουμένης.
2680 5532 2993 5607 Μελλούσης
3017 5533 3124 5607 γὰρ
3149 5535 3216 5588 τὰ
3238 5536 3335 5607 τῆς
3365 5535 3657 5611 θεομαχίας

495 5413 614 5478 lianc
642 5416 694 5471 in
733 5417 839 5472 line
870 5428 1168 5490 temporum
1195 5430 1373 5487 erunt,
1408 5436 1529 5477 cum
1570 5427 1839 5495 apustasia
1870 5424 1978 5483 fiet.

426 5504 549 5561 Nam
602 5522 723 5562 cum
763 5510 1055 5581 impietatis
1096 5524 1335 5569 monstra
1383 5512 1690 5570 Servatoris
1723 5517 1982 5572 adventus

491 5691 747 5758 “Matth.
785 5710 935 5762 xxvi,
964 5693 1053 5753 64.
1130 5698 1372 5773 εθιλιιιιιιι
1419 5716 1581 5775 μιν,
1614 5702 1706 5759 29.
1790 5708 1834 5738 ⁷⁰
1867 5707 1884 5762 l
1921 5708 2050 5764 Cor.
2084 5726 2181 5777 vn,
2231 5711 2319 5775 5i.
