4098 6200
352 346 441 406 601
1553 354 1933 413 COMMENTA

2033 360 2060 415 λ
2098 360 2167 416 ΙΝ
2202 359 2457 418 LUCAM.
3487 384 3592 439 θοοὶ

353 466 551 539 τέρατα
582 471 878 542 καταργείν
925 467 1027 539 τῆς
1061 468 1383 538 ὲπιφανείας
1412 471 1507 525 τοῦ
1544 475 1814 547 Σωτῆρος,
1858 477 1927 531 τὰ

2033 480 2275 549 perimet,
2327 482 2422 537 irae
2471 481 2623 538 initia
2655 482 2784 541 hinc
2820 498 2997 554 erunt,
3039 504 3103 546 ex
3150 502 3283 548 testu
3312 492 3519 551 scilicet
3539 508 3595 554 et

351 558 643 632 τῆςοόργῆς
672 560 925 632 προοίμια
972 561 1036 613 ὲκ
1096 560 1261 615 τῶνδε
1308 562 1552 634 ἄρξεται,
1603 568 1662 631 ἐξ
1702 568 1924 639 αὐχμῶν

2033 574 2223 629 marini
2251 576 2458 631 sonitus
2490 578 2815 635 cessatione.
2848 581 2963 648 Quo
2989 583 3147 653 laeto,
3177 601 3427 656 pressura
3462 603 3596 659 gen-

342 650 549 722 δηλαδὴ
594 651 686 705 καὶ
729 651 961 722 ἀπορίας
1014 652 1148 722 ἤχου
1187 651 1492 726 θαλάσσης·
1537 650 1598 709 οὗ
1632 660 1924 730 γενομένου

2034 667 2163 722 ιίυιη
2207 683 2304 738 per
2329 670 2515 724 orbem
2558 670 2678 740 erit,
2714 677 3084 733 arescentibus
3123 650 3433 735 nominibus
3463 650 3597 750 ‘pra:

349 743 777 814 ἐπακολουθήσει
805 744 1001 815 συνοχὴ
1020 743 1127 797 τῶν
1156 745 1248 798 ἐπὶ
1270 746 1373 817 γῆς
1404 746 1594 813 ὲθνῶν,
1621 750 1927 822 ἀποψυχόν-

2033 758 2224 812 timore
2279 769 2332 815 et
2380 776 2566 815 eorum
2615 768 3012 836 exspectatione
3052 784 3171 838 quae
3219 772 3419 827 mundo
3469 782 3597 829 sunt

350 850 463 888 των
490 834 783 907 ἀνθρώπων
810 836 918 889 ἀπὸ
949 835 1114 906 φόϐου
1150 837 1242 889 καὶ
1276 838 1601 909 προσδοκίας
1627 843 1735 897 τῶν
1761 844 1926 916 ἐπερ-

2033 858 2311 903 eventura.
2353 848 2607 917 Quaenam
2640 869 2769 910 vero
2795 857 2905 912 brcc
2935 857 3063 923 sint,
3098 858 3173 913 ait
3203 874 3325 915 mox
3364 875 3596 933 pergens

354 924 595 996 χομένων
619 928 683 996 τῇ
704 926 1016 1001 οἰκουμένῃ.
1047 927 1178 981 Τίνα
1206 928 1263 981 δὲ
1285 929 1355 982 τά
1376 932 1470 983 ἐπε
1481 932 1733 1003 ρχόμενα,
1760 935 1930 1005 ἑρμη-

2036 938 2215 994 dicere
2261 956 2274 992 :
2316 939 2452 996 Nam
2511 944 2736 1002 virtutes
2772 948 3029 1003 (telorum
3067 953 3594 1010 commovebuntur:

351 1016 496 1070 νεύει
551 1019 831 1073 συνάπτων
881 1020 1007 1092 έξῆς
1043 1020 1137 1074 καὶ
1205 1020 1407 1091 λέγων·
1460 1028 1529 1078 Al
1589 1025 1699 1095 γὰρ
1749 1026 1929 1081 δυνά-

2034 1027 2169 1083 Filio
2191 1030 2282 1085 Dei
2313 1033 2519 1089 scilicet
2552 1051 2672 1090 cum
2712 1037 2878 1108 gloria
2910 1040 3248 1106 adventante,
3279 1043 3595 1114 superbam-

337 1126 476 1179 μείς
542 1108 660 1163 τῶν
720 1111 989 1180 οὐρανῶν
1043 1113 1559 1181 σαλευθήσονται·
1623 1117 1718 1170 τοῦ
1795 1118 1925 1173 Υἱοῢ

2034 1136 2138 1190 que
2163 1121 2254 1177 ﬁlii
2274 1123 2443 1194 eulpae
2475 1128 2808 1196 tyrannidem
2828 1129 3050 1201 jamjam
3072 1108 3599 1199 eversuro;ctnlesti-

352 1203 439 1258 τοῦ
494 1202 629 1256 Θεοῦ
689 1203 827 1275 μετά
878 1204 1033 1277 δόξης
1070 1207 1517 1278 ἑπιστησομένου,
1560 1208 1655 1262 καὶ
1696 1209 1797 1280 τὴν
1831 1227 1927 1281 με-

2032 1212 2133 1269 bus
2166 1230 2286 1270 eum
2317 1220 2598 1275 ordinibus
2630 1222 3035 1279 comitantibus.

350 1299 617 1394 γάλαυχον
637 1300 929 1373 τυραννίδα
948 1300 1042 1355 τοῦ
1065 1301 1181 1355 υἱοῦ
1207 1302 1307 1374 τῆς
1367 1302 1638 1376 ἁμαρτίας
1698 1309 1993 1378 καταργεῖν
2035 1309 2338 1380 μέλλοντος,
2377 1312 2486 1367 τῶν
2515 1331 2573 1368 τε
2617 1315 3021 1391 ὑπερθυρανίων
3055 1320 3347 1391 ταγμάτων
3375 1320 3599 1394 δορυφο-

352 1391 604 1466 ρούντων.

346 1486 455 1543 Καὶ
492 1481 626 1561 εἷπε
673 1485 1022 1561 παραϐολὴν
1063 1486 1285 1561 αὐτοῖς⁸
1320 1489 1498 1544 Ἴδετε
1532 1491 1648 1559 τὴν
1697 1491 1921 1561 συκῆν,

414 1574 468 1610 κ.
503 1574 553 1611 τ.
575 1556 625 1609 λ.
658 1557 820 1633 Οὕτω
851 1558 948 1612 καὶ
976 1558 1145 1629 ὑμεῖς
1175 1559 1322 1615 ὅταν
1355 1561 1519 1629 ἴδητε
1552 1556 1738 1617 ταῦτα
1764 1556 1923 1633 γικόέ

408 1644 586 1697 μενα,
610 1644 665 1681 κ.
684 1644 733 1680 τ.
749 1626 799 1682 λ.

415 1719 556 1771 Ποῖα
582 1716 754 1772 ταῦτα
785 1718 1045 1791 γινόμενα
1077 1719 1192 1774 ἀλλ’
1222 1720 1257 1793 ἢ
1288 1722 1358 1775 τὰ
1380 1722 1786 1795 προλεγόμενα;
1825 1724 1926 1778 Ἱε-

2098 1493 2142 1525 τι
2168 1493 2413 1573 ὒίεςὶτᾳιιε
2434 1497 2509 1549 eis
2527 1498 2851 1573 parabolant.
2882 1499 3066 1557 Videte
3089 1503 3391 1573 ﬁculneam,
3420 1513 3528 1561 etc.

2240 1561 2337 1619 Itd
2362 1575 2410 1619 et
2442 1561 2535 1621 vos
2554 1583 2671 1621 cum
2705 1571 2933 1625 videritis
2958 1573 3068 1627 [nec
3089 1561 3231 1642 'ﬁeri,
3258 1561 3379 1669 etcz‘

2103 1723 2359 1792 Quaenam
2420 1739 2550 1780 vero
2604 1725 2743 1781 facta
2798 1726 3082 1797 intelligit?
3124 1730 3496 1812 Hierosolyma
3532 1734 3602 1789 ab

346 1810 630 1884 ρουσαλὴμ
654 1810 1000 1882 πατουμένην
1042 1812 1149 1867 ὑπὸ
1189 1813 1378 1879 ὲθνῶν,
1403 1815 1501 1886 τὴν
1536 1815 1925 1887 συμπλήρωσιν

2033 1814 2258 1870 ethnicis
2313 1814 2661 1881 conculcata,
2718 1823 2963 1887 tempora
3015 1820 3255 1889 gentium
3306 1810 3598 1892 completa,

340 1903 453 1957 τῶν
481 1902 690 1975 καιρῶν
720 1902 828 1956 τῶν
861 1903 1048 1970 ἐθνῶν,
1101 1906 1227 1970 τοὺς
1270 1906 1369 1977 τῆς
1409 1906 1741 1970 ἀποστασίας
1798 1906 1924 1978 χρόε

342 2012 490 2059 νους,
530 1994 600 2048 τά
631 1996 689 2049 ὲν
717 1997 828 2059 τοῖς
869 1996 1153 2069 φωστῆρσι
1186 1997 1279 2051 καὶ
1317 2001 1429 2061 τοῖς
1453 1998 1671 2069 ἄστροις
1702 2000 1922 2069 σημεῖα,

342 2087 443 2159 τὴν
491 2086 586 2139 ἐπὶ
630 2089 734 2158 γῆς
777 2086 1005 2159 συνοχὴν
1049 2087 1156 2143 τῶν
1186 2089 1377 2155 ὲθνῶν,
1413 2090 1512 2161 τὴν
1544 2089 1783 2160 ἔκλειψιν
1828 2090 1924 2146 καὶ

346 2180 582 2251 ἀπορίαν
627 2179 720 2234 τοῦ
760 2181 891 2252 ἦχου
923 2180 1016 2235 τοῦ
1049 2182 1213 2236 σάλου
1258 2182 1358 2254 τῆς
1389 2182 1683 2252 Θαλάσσης.
1717 2182 1922 2248 Ταῦτα,

346 2274 531 2343 φησὶν,
584 2272 797 2327 ἅπαντα
832 2274 959 2328 ὅταν
998 2272 1149 2344 ἴδητε
1193 2274 1474 2345 γινόμενα,
1515 2273 1810 2344 γινώσκετε
1844 2274 1925 2329 ὅτι

344 2367 440 2418 ἐπὶ
485 2364 679 2437 θύραις
725 2365 871 2419 ἐστὶν
904 2367 937 2437 ή
970 2365 1215 2436 βασιλεία
1258 2365 1353 2420 τοῦ
1388 2366 1546 2432 Θεοῦ,
1598 2366 1760 2438 ἑτέρα
1792 2362 1926 2421 οὖσα

348 2457 497 2529 παρά
536 2457 606 2510 τά
632 2457 1013 2530 προλεχθέντα.
1050 2458 1131 2512 Τὰ
1167 2458 1265 2529 μὲν
1293 2459 1402 2531 γὰρ
1435 2458 1693 2531 προοίμια
1729 2456 1796 2531 ἦν
1832 2460 1928 2514 καὶ

351 2549 647 2621 μελλόντων
676 2549 895 2619 ἀγαθῶν
924 2553 1144 2621 σημεῖα,
1167 2551 1244 2615 ὡς
1265 2551 1359 2605 καὶ
1390 2552 1440 2604 οἱ
1456 2554 1555 2623 τῆς
1584 2550 1756 2621 συκῆς
1785 2553 1928 2605 ἀπα-

347 2641 429 2696 λοὶ
452 2641 639 2697 κλάδοι
660 2643 754 2696 καὶ
784 2641 851 2695 τὰ
880 2641 1053 2712 φύλλα
1084 2646 1282 2714 σημεῖα
1304 2641 1397 2697 τοῦ
1427 2643 1711 2715 μέλλοντος
1734 2642 1929 2714 θέρους

347 2738 446 2807 τῆς
467 2753 527 2789 τε
563 2735 672 2789 τῶν
711 2735 913 2790 λοιπῶν
943 2736 1123 2805 φυτῶν
1156 2736 1252 2789 καὶ
1284 2735 1613 2809 σπερμάτων
1646 2752 1927 2807 καρποφο-

352 2827 504 2900 ρίας·
545 2827 615 2883 τά
644 2827 701 2882 δὲ
720 2827 813 2882 τοῦ
847 2828 1129 2899 μέλλοντος
1150 2828 1364 2898 καὶτῆς
1396 2829 1456 2882 ὲν
1487 2828 1636 2899 αὐτῷ
1668 2844 1929 2899 συστησο-

353 2919 521 2992 μένης
576 2918 852 2991 βασιλείας
891 2919 1134 2993 οὐρανῶν
1183 2920 1442 2993 προοίμια
1486 2922 1580 2974 καὶ
1617 2923 1815 2992 σημεῖα
1858 2921 1929 2976 τά

351 3009 715 3081 προλεχθέντα
745 3006 834 3082 ἦν.
865 3011 1014 3083 Αὕτη
1042 3011 1099 3064 δὲ
1132 3013 1165 3083 ἡ
1195 3011 1438 3082 βασιλεία
1475 3011 1568 3065 καὶ
1599 3012 1667 3065 τά
1696 3014 1753 3067 ἐν
1788 3012 1924 3086 αὐτῇ

350 3102 532 3155 οὐκέτι
570 3102 715 3175 λόγῳ
746 3104 1073 3175 παραδοτέα,
1108 3104 1231 3157 οὐδὲ
1259 3104 1468 3176 θνητῶν
1492 3107 1682 3169 ἀκοαῖς
1710 3104 1921 3159 λεκτέα.

354 3193 552 3265 Διόπερ
591 3169 1004 3268 ἀποσιωπητέον
1033 3169 1229 3252 ταῦτα.
1293 3169 1627 3267 ’ὀφθαλμὸς
1671 3198 1781 3268 γὰρ
1818 3200 1929 3252 οὐκ
1956 3169 2001 3229 C‘

353 3283 494 3355 εἶδε,
516 3286 615 3342 καὶ
640 3284 751 3354 οὖς
777 3292 887 3344 οὐκ
910 3289 1161 3359 ἤκουσε,
1184 3289 1283 3345 καὶ
1305 3290 1403 3344 ἐπὶ
1430 3290 1681 3361 καρδίαν
1706 3290 1931 3360 ἀνθρώς-

356 3395 475 3434 που
528 3383 639 3435 οὐκ
687 3381 867 3449 ἀνέϐη
902 3381 1020 3436 ὅσα
1055 3381 1387 3452 ἡτοίμασεν
1408 3386 1440 3436 ό
1470 3382 1769 3453 Θεὸςγτοῖς
1794 3384 1933 3454 ἁγα-

358 3469 553 3526 αῶσιν
591 3476 797 3528 αὐτόν.
825 3474 971 3547 Πλὴν
996 3474 1184 3548 ῶσπερ
1223 3474 1364 3528 κατά
1396 3474 1486 3528 τὸν
1520 3475 1788 3527 ἐνεστῶτα
1820 3474 1931 3543 βίον

353 3564 501 3635 ἥλιος
524 3565 659 3636 μετά
685 3565 992 3638 χειμερίους
1019 3565 1225 3639 τροπὰς
1254 3566 1412 3637 ἔαρος
1440 3565 1790 3635 ἐνισταμένου
1812 3566 1930 3637 θερ-

358 3655 463 3733 μὴν
487 3658 681 3711 ἀκτῖνα
708 3657 935 3729 βάλλων,
956 3657 1025 3712 τά
1049 3658 1154 3712 ὑπὸ
1174 3660 1276 3730 γῆν
1302 3659 1653 3731 κρυπτόμενα
1677 3657 1931 3721 ζωοποιεῖ

356 3746 667 3818 σπέρματα,
693 3746 787 3800 τοῦ
813 3747 1077 3819 προτέρου
1106 3747 1471 3818 μεταϐαλόντα
1492 3750 1784 3820 σχήματος,
1810 3766 1929 3803 νεα-

357 3839 426 3913 ρὰ
452 3839 509 3891 δὲ
528 3837 651 3908 φύει
670 3839 764 3891 καὶ
781 3839 1023 3910 τέθηλεν,
1054 3840 1258 3910 ὡραίαν
1285 3840 1378 3893 καὶ
1408 3840 1677 3912 πολυανθῆ
1704 3842 1800 3913 τὴν
1822 3839 1930 3895 τῶν

355 3932 481 4003 ἄρτι
511 3931 753 4001 φυέντων
785 3930 1019 4004 βλάστην
1054 3932 1431 4003 παρεχόμενα·
1476 3932 1617 3986 κατὰ
1644 3931 1734 3986 τὸν
1772 3932 1931 3986 αὐτὸν

352 4024 555 4096 τρόπον
585 4026 678 4078 καὶ
712 4026 745 4095 ἡ
773 4023 978 4089 ἔνδοξος
1011 4024 1104 4077 τοῦ
1135 4023 1471 4091 Μονογενοῦς
1500 4023 1594 4077 τοῦ
1628 4024 1762 4077 Θεοῦ
1810 4025 1935 4095 ἄφι-

360 4118 464 4187 ξις,
498 4118 673 4187 φωτὸς
708 4117 991 4187 ζωογόνοις
1015 4118 1195 4170 ἀκτῖσι
1244 4117 1333 4171 τὸν
1371 4117 1487 4171 νέον
1530 4117 1700 4170 αἰῶνα
1733 4133 1939 4170 καταυ-

355 4209 596 4277 γάσασα,
626 4208 694 4261 τά
727 4206 1141 4280 ἀποκρυφθέν-,τα
1172 4206 1339 4260 πάλαι
1358 4205 1497 4260 κατὰ
1518 4205 1933 4278 τὸνέμπροσθεν

356 4302 551 4367 αἰῶνα,
586 4303 680 4356 καὶ
709 4314 765 4354 εν
792 4300 870 4371 τῷ
896 4300 1057 4354 παντὶ
1088 4299 1275 4371 κόσμῳ
1291 4290 1742 4353 διασκεδασθέντα
1768 4297 1937 4369 σπέρ-

360 4411 529 4465 ματα,
561 4393 806 4446 τουτέστι
842 4393 966 4455 τοὺς
1005 4392 1062 4445 ὲν
1096 4391 1199 4462 γῆς
1227 4389 1441 4461 χώματι
1480 4390 1932 4462 κεκοιμημένους,

2030 1907 2312 1978 apostasia:
2356 1916 2594 1972 aetatem,
2632 1908 2685 1962 in
2724 1907 2834 1964 sole
2869 1909 3145 1981 stellisque
3173 1911 3349 1983 signa,
3380 1913 3434 1968 in
3466 1914 3601 1970 orbe

2026 2013 2331 2069 pressuram
2378 2000 2635 2069 gentium,
2682 2000 2951 2056 defectum
3004 2005 3349 2074 quietemque
3387 2005 3600 2061 sonitus

2025 2091 2323 2161 ﬂuetusque
2348 2091 2566 2147 marini.
2599 2092 2743 2158 Haec,
2786 2093 2980 2164 inquit,
3011 2096 3191 2150 omnia
3227 2111 3349 2152 cum
3381 2098 3497 2153 ﬁeri
3519 2097 3603 2152 vi-

2026 2182 2237 2249 deritis,
2277 2189 2392 2237 tum
2440 2183 2655 2238 demum
2698 2184 2888 2240 adesse
2934 2186 2986 2240 in
3016 2186 3221 2242 l'oribus
3256 2203 3480 2258 regnum
3505 2189 3602 2246 Dei

2026 2274 2254 2342 scitote;
2303 2284 2356 2329 et
2387 2274 2602 2344 quidem
2644 2291 2673 2330 a
2712 2276 2873 2332 dictis
2906 2278 3065 2333 rebus
3102 2279 3256 2349 plane
3302 2281 3599 2337 diversum.

2026 2367 2119 2423 Illa
2156 2368 2301 2423 enim
2353 2369 2656 2426 futurorum
2701 2370 2965 2428 bonorum
3015 2375 3232 2429 exordia
3280 2374 3502 2433 fuerunt
3544 2384 3603 2433 et

2028 2461 2267 2529 indicia;
2305 2462 2463 2517 sicuti
2501 2465 2671 2519 teneri
2721 2464 2861 2521 ﬁcus
2902 2467 3037 2521 rami
3087 2476 3141 2522 et
3177 2467 3323 2536 folia,
3362 2479 3601 2527 venturae

2029 2557 2234 2610 aestatis
2263 2556 2415 2626 signa
2441 2565 2587 2621 sunt,
2615 2564 2668 2610 et
2691 2568 3008 2611 caeterarum
3030 2557 3281 2613 arborum
3311 2561 3604 2616 seminum-

2027 2662 2132 2717 que
2159 2647 2392 2702 l'ructum
2419 2648 2763 2717 portendunt.
2796 2646 2983 2702 Futuri
3006 2658 3182 2702 autem
3208 2651 3413 2717 saeculi,
3439 2660 3603 2722 atque

2028 2736 2083 2791 in
2130 2752 2195 2793 eo
2236 2736 2598 2793 constituendi
2645 2737 2903 2793 caelorum
2953 2739 3103 2810 regni
3136 2742 3397 2810 prooemia
3440 2752 3602 2813 atque

2029 2828 2224 2886 indicia
2259 2829 2347 2884 illa
2386 2829 2626 2884 fuerunt.
2667 2829 2721 2884 ld
2759 2844 2891 2886 vero
2920 2845 3171 2899 regnum,
3198 2832 3424 2903 ejusque
3461 2836 3603 2893 bona

2028 2920 2171 2976 haud
2206 2922 2316 2992 jam
2352 2936 2604 2977 sermone
2650 2922 2787 2977 tradi
2831 2933 3054 2993 queunt,
3092 2939 3267 2995 neque
3299 2927 3365 2981 ad
3402 2936 3609 2982 morta-

2030 3013 2159 3068 lium
2186 3029 2347 3069 aures
2375 3014 2681 3084 praedicari.
2726 3013 3089 3081 Quamobrem
3142 3020 3208 3074 de
3239 3019 3324 3074 his
3367 3020 3607 3075 reticen-

2031 3105 2155 3159 dum
2181 3113 2283 3159 est.
2317 3101 2500 3175 Neque
2524 3104 2663 3158 enim
2692 3104 2875 3158 oculus
2902 3106 3052 3172 vidit,
3084 3122 3245 3177 neque
3269 3107 3414 3159 auris
3444 3106 3604 3159 audi-

2034 3198 2125 3265 vit,
2169 3214 2329 3267 neque
2373 3199 2429 3251 in
2462 3214 2552 3252 cor
2591 3198 2816 3252 hominis
2855 3199 3111 3265 ascendit,
3142 3215 3260 3269 qua:
3288 3200 3606 3270 praeparauit

2034 3289 2174 3344 Deus
2197 3290 2528 3361 diligentibus
2549 3307 2667 3345 eum
2686 3291 2754 3343 τ’.
2788 3288 3170 3345 Verumtamen
3200 3292 3355 3346 sicuti
3389 3292 3441 3345 in
3469 3307 3607 3363 prte-

2036 3380 2175 3437 senti
2212 3394 2391 3436 rerum
2435 3389 2578 3435 statu
2610 3380 2689 3435 sol
2732 3388 2853 3449 post
2891 3380 3148 3434 hibernas
3200 3382 3604 3449 conversiones,

2036 3487 2164 3527 vere
2206 3472 2460 3539 instante,
2500 3471 2850 3529 calidioribus
2880 3470 3055 3537 ,radiis
3090 3471 3325 3537 emissis,
3381 3472 3607 3529 latentia

2034 3563 2134 3617 Sub
2161 3561 2276 3616 solo
2306 3563 2512 3615 semina
2544 3561 2799 3624 viviﬁcat,
2832 3575 2950 3629 qua:
2986 3559 3165 3628 priore
3202 3559 3374 3628 ﬁgura
3405 3561 3605 3629 posita,

2036 3652 2247 3707 novella
2282 3660 2614 3707 enascuntur
2664 3665 2729 3705 ac
2773 3648 3052 3719 pullulant,
3117 3648 3507 3720 pulchrumque
3552 3660 3608 3706 et

2036 3744 2283 3800 ﬂoridum
2339 3745 2576 3800 recentis
2629 3753 2837 3799 natura:
2885 3759 3104 3814 germen
3155 3742 3480 3808 ostendunt;
3528 3744 3608 3806 ita

2037 3838 2304 3907 gloriosus
2334 3835 2608 3908 Unigeniti
2638 3837 2900 3891 adventus
2942 3834 3137 3890 viviﬁci
3182 3834 3401 3890 luminis
3443 3834 3611 3947 rdiis

2039 3946 2239 3986 novum
2288 3931 2543 3987 saeculum
2595 3929 2894 3993 illustrans,
2923 3928 3128 3984 occulta
3176 3929 3303 3984 olim
3342 3928 3522 4000 prio’re
3554 3930 3610 3985 in

1974 4084 1977 4085 ν
2041 4024 2239 4083 saeculo
2270 4033 2432 4093 atque
2456 4024 2588 4078 orbe
2617 4024 2869 4077 universo
2904 4022 3143 4092 dispersa
3177 4023 3406 4087 semina,
3440 4023 3490 4077 id
3526 4033 3610 4078 est

2043 4114 2291 4171 homines
2336 4115 2389 4170 in
2444 4125 2604 4172 terra:
2668 4116 2929 4186 sepulcris
2975 4117 3239 4180 conditos,
3298 4114 3611 4169 melioribus

2039 4221 2201 4277 quam
2229 4216 2387 4261 antea
2428 4207 2747 4277 corporibus
2780 4206 3059 4275 formaque
3088 4205 3399 4276 augustiore
3437 4206 3610 4258 dona~

2041 4310 2146 4364 tos,
2190 4301 2244 4354 in
2290 4299 2461 4353 lucem
2490 4300 2697 4354 emittet
2731 4317 2745 4353 :
2784 4299 3044 4369 pulsaque
3093 4308 3288 4364 morte,
3314 4297 3426 4367 ipsa
3456 4295 3610 4351 dein-

2041 4404 2168 4457 ceps
2193 4388 2299 4442 vita
2331 4388 2454 4442 novi
2477 4389 2653 4442 saeculi
2680 4387 2963 4456 imperium
2994 4387 3215 4442 tenebit.

358 4458 634 4560 κρείττοσι
670 4486 914 4558 σώμασιν
948 4487 979 4559 ἧ
1019 4458 1167 4540 mea
1185 4458 1260 4541 τά-
1281 4458 1543 4559 πρότερον
1582 4458 1848 4556 θειότερόν
1881 4502 1939 4538 τε
1990 4483 2584 4557 μετεσχηματισμένοις
2639 4483 2719 4547 είς
2752 4481 2867 4552 φῶς
2901 4458 3156 4555 προάξει·
3197 4482 3292 4544 καὶ
3333 4481 3427 4535 τοῦ
3458 4480 3613 4537 θανά-

357 4600 454 4636 του
500 4582 957 4654 καταργηθέντος,
1012 4583 1150 4653 αὐτὴ
1190 4582 1376 4635 λοιπὸν
1411 4584 1445 4653 ἡ
1488 4581 1602 4655 ζωὴ
1632 4581 1936 4654 βασιλεύσει
1971 4581 2066 4635 τοῦ
2102 4581 2222 4643 νέου
2250 4580 2465 4644 αἰῶνος.

658 4680 741 4732 Οὐ
763 4678 849 4748 μὴ
884 4678 1148 4749 παρέλθῃ
1176 4678 1213 4747 ἡ
1248 4679 1423 4747 γενεὰ
1459 4678 1631 4747 αὕτη.

436 4769 573 4823 Ποία
602 4769 764 4839 γενεὰ
802 4769 915 4823 ἀλλ’
949 4772 982 4842 ὴ
1040 4770 1197 4841 καινὴ
1238 4771 1333 4825 καὶ
1373 4770 1496 4834 νέα,
1523 4770 1592 4841 ἢν
1622 4771 1783 4836 αὐτὸς
1814 4788 1939 4825 συν-

360 4862 659 4932 εστήσατο;
688 4861 816 4934 περὶ
835 4856 901 4935 ἦς
929 4863 985 4914 ὲν
1014 4864 1369 4935 προφητείαις
1402 4864 1614 4936 εἷρητο’
1650 4864 1940 4934 Γραφήτω

362 4953 517 5020 αὔτη
550 4952 659 5025 (74)
676 4956 763 5020 είς
788 4953 1000 5024 γενεὰν
1015 4954 1242 5023 ἑτέραν,
1259 4956 1357 5010 καὶ
1384 4955 1533 5021 λαός
1549 4958 1581 5009 ό
1603 4954 1940 5025 κτιζόμενος

360 5048 597 5102 αἰνέσει
624 5050 729 5103 τὸν
766 5049 1015 5121 Κύριονο
1061 5051 1155 5103 καὶ
1194 5049 1390 5103 πάλιν
1446 5045 1945 5117 Ἀναγγελήσεται

359 5141 448 5208 τῷ
469 5142 665 5211 Κυρίῳ
692 5140 869 5212 γενεὰ
890 5141 928 5209 ἠ
957 5138 1268 5210 ἐρχομένη.
1303 5140 1502 5211 Διόπερ
1541 5137 1824 5201 δεικτικῶς
1866 5139 1945 5203 εἰς

360 5235 495 5297 τοὺς
525 5233 855 5295 ἀποστόλους
881 5230 1068 5297 αὐτοῦ,
1091 5230 1183 5284 καὶ
1205 5231 1304 5301 τὴν
1334 5229 1393 5296 ἐξ
1416 5229 1595 5283 αὐτῶν
1617 5227 1713 5282 καὶ
1743 5228 1807 5282 δι’
1837 5229 1939 5283 αὐ-

360 5326 475 5381 τῶν
507 5327 626 5380 καθ’
660 5326 785 5397 ὅλης
812 5327 909 5398 τῆς
940 5324 1260 5395 οἰκουμένης
1303 5320 1707 5393 συστησομένην
1750 5320 1942 5393 καινὴν

362 5419 561 5489 γενεὰν
588 5420 686 5490 τῆς
715 5419 873 5488 ἁγίας
912 5416 1233 5489 Ἐκκλησίας
1259 5414 1421 5468 αὑτοῦ
1446 5413 1687 5487 ἀφορῶν,
1717 5413 1899 5483 ἔλεγεν
1921 5433 1934 5445 ·

376 5514 459 5567 οὐ
481 5513 569 5583 μὴ
603 5513 872 5591 παρέλθῃ
909 5512 947 5581 ἡ
980 5510 1155 5583 γενεὰ
1178 5509 1351 5578 αὕτη,
1379 5508 1489 5575 ἕως
1511 5509 1587 5563 ἂν
1620 5506 1815 5562 πάντα
1853 5508 1945 5579 γέ-

1960 4680 2007 4736 D

2313 4677 2358 4708 ⁷³
2379 4676 2502 4731 Non
2530 4677 2812 4746 prwteribit
2840 4675 3102 4747 generatio
3134 4673 3265 4727 lucc.

2115 4770 2373 4840 Quaenam
2433 4780 2516 4825 est
2573 4771 2688 4825 haec
2741 4769 3041 4840 generatio,
3088 4766 3191 4821 nisi
3224 4780 3361 4819 nova
3406 4764 3491 4819 illa
3528 4780 3613 4821 re-

2040 4881 2274 4937 censque
2329 4866 2397 4919 ab
2429 4878 2494 4919 eo
2527 4863 2852 4919 constituta?
2886 4861 2951 4917 de
2988 4876 3090 4931 qua
3135 4859 3188 4914 in
3223 4858 3494 4912 vaticiniis
3533 4856 3615 4911 di-

2045 4966 2191 5012 ctum
2226 4964 2310 5011 est
2340 4974 2354 5010 :
2389 4954 2810 5011 Scribaturna'c
2852 4954 2905 5006 in
2951 4952 3284 5022 generatione
3333 4950 3521 5013 altera,
3566 4957 3617 5002 et

2043 5048 2265 5118 populus
2319 5049 2407 5118 qui
2451 5058 2661 5101 creatur
2699 5045 2934 5099 laudabit
2967 5041 3347 5110 Dominum";
3395 5055 3618 5096 rursus-

2046 5155 2151 5210 que
2180 5158 2194 5195 :
2223 5139 2638 5195 Annuntiabitur
2660 5136 3168 5205 Dominageneratio
3190 5134 3487 5190 uentura".
3514 5131 3619 5187 Ita-

2050 5249 2155 5304 que
2179 5233 2457 5289 evidenter
2485 5234 2553 5288 ad
2576 5246 2702 5288 suos
2728 5230 2999 5301 apostolos
3028 5238 3190 5298 atque
3215 5228 3281 5282 ad
3316 5226 3618 5283 institutam

2047 5341 2113 5379 ex
2143 5326 2275 5394 ipsis
2305 5334 2359 5380 et
2390 5340 2487 5395 per
2510 5324 2657 5395 ipsos
2687 5323 2739 5377 in
2762 5322 2894 5378 orbe
2916 5321 3169 5376 universo
3192 5332 3386 5375 novam
3418 5326 3620 5373 sancta:

2047 5417 2301 5485 Ecclesia:
2352 5417 2753 5489 generationem
2792 5414 3039 5470 Christus
3071 5411 3363 5481 respiciens
3397 5409 3616 5471 aiebat;

2052 5509 2175 5564 Non
2217 5511 2501 5580 prmteribit
2543 5509 2808 5577 generatio
2846 5510 2979 5575 hac,
3019 5506 3182 5560 donec
3233 5504 3411 5560 omnia
3456 5502 3614 5580 ﬁant.

440 5675 482 5707 "
514 5674 647 5747 Lug.
685 5688 798 5738 χιι,
844 5671 1032 5727 29-31.
1105 5672 1149 5704 τ’
1178 5671 1195 5726 1
1222 5670 1350 5728 Cor.
1382 5686 1444 5735 ll,
1483 5671 1537 5727 9.
1611 5672 1656 5703 ⁷³
1689 5671 1818 5727 Luc.
1858 5686 1928 5724 xx

2033 5669 2105 5725 52.
2182 5671 2374 5725 "Psal.
2419 5685 2493 5735 Cl,
2539 5668 2625 5724 19.
2700 5668 2746 5700 ⁷⁸
2776 5667 2917 5723 Psal.
2953 5684 3061 5731 χιι,
3106 5665 3195 5721 32.

447 5765 565 5835 ('74)
594 5763 839 5834 Videtur,
868 5763 971 5823 nisi
998 5764 1172 5836 fallor,
1230 5764 1495 5823 Eusebius
1532 5763 1676 5821 haud
1741 5762 2057 5820 neutraliter
2110 5764 2248 5837 αὕτη
2309 5762 2627 5835 intelligere,
2661 5771 2718 5818 ut
2754 5760 2868 5829 alii,
2899 5761 2991 5819 scd
3021 5760 3086 5818 de
3114 5760 3226 5835 ipsa
3255 5758 3610 5831 generatione

365 5850 475 5914 seu
496 5846 673 5897 aetate.
