4098 6200
406 376 423 392 ﬁ
510 315 613 371 eos

1181 307 1453 365 EUSEBII
1492 306 1975 366 CAESARIENSIS
2012 306 2162 362 OPP.
2204 304 2387 361 PARS
2423 304 2523 361 lli;
2550 334 2618 345 -—
2655 304 3061 363 EXEGETICA.

3644 311 3749 367 σοι

510 434 819 491 Mansurum
849 432 1044 501 quippe
1075 444 1139 482 ac
1170 430 1488 483 duraturum
1523 428 1775 497 populum
1809 443 1963 483 suum
1989 429 2079 483 Ec-

2184 443 2379 493 νηται.
2405 428 2687 496 Διαμενεῖν
2720 427 2827 497 γάρ
2872 443 3005 496 φησι
3057 425 3148 479 καὶ
3185 424 3489 496 διαρκέσειν
3514 424 3601 479 τὸν
3625 426 3751 481 λαὸν

505 525 835 595 clesiamque
868 532 1087 578 eatenus
1124 522 1274 586 dicit,
1309 520 1485 590 quoad
1516 513 1629 590 ipsa
1669 522 1945 589 generatio
1983 537 2073 575 su-

506 627 718 685 perstes
747 615 921 668 adhuc
950 613 1129 665 omnia
1153 612 1419 679 inspiciat,
1450 626 1513 666 ac
1535 613 1941 680 prazdictionum
1979 614 2073 668 do-

510 706 827 767 mitticarum
854 715 1103 757 eventum
1129 702 1297 756 oculis
1334 702 1745 772 contempletur.

686 797 733 830 "
753 796 939 851 Cavete
968 813 1031 850 ne
1068 796 1201 865 forte
1226 807 1509 865 graventur
1532 796 1691 849 corda
1731 807 1901 850 vestra

1118 869 1172 918 in
1194 866 1434 933 crapula.

579 954 879 1025 Discipulos
910 955 1162 1008 admonet
1193 963 1251 1006 ut
1274 954 1502 1021 prompti
1536 954 1643 1008 sint
1670 963 1831 1023 atque
1860 953 1925 1007 ad
1959 954 2078 1023 ejus

509 1048 794 1103 adventum
832 1048 1208 1116 excipiendum
1264 1046 1436 1113 parati
1489 1061 1503 1099 :
1556 1045 1708 1114 cujus
1766 1062 1957 1115 nempe
1994 1047 2073 1101 rei

507 1139 679 1208 gratia
732 1148 953 1193 cunctos
1006 1138 1296 1206 magisterii
1348 1138 1429 1192 sui
1468 1151 1746 1191 sermones
1801 1135 2069 1192 faciebat:

508 1228 829 1298 sobriasque
864 1243 926 1281 ac
951 1230 1139 1297 vigiles
1181 1243 1301 1281 esse
1340 1226 1515 1293 jubet,
1558 1238 1613 1280 et
1662 1236 1828 1281 totam
1871 1239 2073 1280 morta-

508 1318 577 1372 lis
618 1318 743 1372 vita:
791 1332 998 1373 noctem
1042 1319 1317 1372 insomnes
1374 1319 1670 1386 transigere
1720 1336 1734 1371 :
1795 1328 2075 1387 propterea

508 1413 650 1478 quod
701 1410 1178 1464 consummationis
1229 1418 1437 1476 tempus
1486 1409 1685 1462 nemini
1723 1407 1791 1462 sit
1830 1410 2077 1477 explora-

398 1524 403 1531 -
512 1511 645 1554 tum.
679 1530 749 1539 -
782 1501 1046 1561 Cavenda,
1086 1499 1276 1567 inquit,
1310 1499 1460 1553 vobis
1495 1508 1579 1554 est
1623 1500 1854 1569 crapulm
1888 1516 2078 1569 grave-

510 1594 598 1655 do,
643 1605 699 1646 ut
725 1593 945 1663 vigilare
980 1594 1231 1663 possitis;
1270 1608 1335 1646 ne
1370 1593 1585 1661 in0pina
1620 1607 1712 1647 vos
1741 1593 1960 1647 invadat
1987 1593 2075 1647 illa

509 1686 622 1739 dies
651 1701 663 1736 :
694 1686 845 1755 cujus
884 1701 1044 1739 causa
1080 1700 1233 1739 sacer
1265 1686 1427 1739 etiam
1445 1685 1732 1754 Apostolus
1763 1684 2079 1739 hortabatur

2175 518 2340 572 αὑτοῦ
2374 519 2465 571 καὶ
2493 519 2591 587 τὴν
2633 517 2959 587 Ἐκκλησίαν
2992 520 3071 580 εἰς
3104 519 3278 570 έκεῖνο
3322 518 3512 587 καιροῦ
3542 520 3622 581 είς
3660 520 3749 571 ὅτε

2174 611 2533 681 αὐτοπτήσειε
2562 608 2759 670 πάντα,
2788 608 2998 671 καὶτὰς
3026 608 3276 672 ὲκῦάσεις
3297 609 3405 662 τῶν
3432 608 3528 661 τοῦ
3570 610 3753 681 Σωτῆ-

2177 718 2269 773 ρος
2299 701 2653 772 προρρήσεων
2680 698 2973 769 ὀφθαλμοῖς
3007 700 3327 771 παράλαόοι.

2172 793 2507 862 Προσέχετε
2550 790 2785 863 ἑαυτοῖς
2812 791 3041 860 μήποτε
3076 792 3465 859 ,βαρυνθῶσιν
3493 794 3658 863 ὑμῶν
3691 798 3752 850 al

2630 862 2867 931 καρδίαι
2892 863 2961 914 ἐν
2982 864 3300 931 κραιπάλῃ.

2245 953 2510 1025 Διεγείρει
2541 954 2666 1016 τοὺς
2699 952 2946 1023 μαθητὰς
2978 954 3070 1006 ἐπὶ
3128 954 3187 1006 τὸ
3236 955 3463 1007 πάντοτε
3510 956 3754 1027 ἑτοίμους

2175 1040 2313 1097 εἶναι
2342 1043 2928 1115 παρασκευαζομένους
2963 1046 3044 1109 είς
3083 1045 3180 1114 τὴν
3228 1046 3393 1098 αὑτοῦ
3430 1050 3751 1117 παρουσίαν,

2174 1138 2259 1205 ἐφ’
2285 1136 2350 1204 ἢν
2373 1137 2530 1199 αὐτὸς
2570 1138 2718 1207 ἡμᾶς
2761 1136 3061 1208 παρορμῶν
3098 1138 3224 1200 τοὺς
3259 1138 3462 1201 πάντας
3487 1140 3584 1209 τῆς
3609 1140 3755 1194 διδα-

2179 1229 2405 1292 σκαλίας
2438 1231 2671 1281 ἐποιεῖτο
2702 1228 2892 1296 λόγους
2912 1246 2925 1258 ·
2971 1230 3162 1299 νήφειν
3190 1246 3251 1282 τε
3274 1230 3367 1282 καὶ
3398 1232 3755 1301 ἐγρηγορέναι

2179 1322 2632 1394 παρακελεύεται,
2692 1322 2785 1375 καὶ
2817 1322 3115 1391 ἀγρυπνεῖν
3168 1322 3256 1375 διὰ
3308 1323 3485 1394 πάσης
3528 1326 3623 1395 τῆς
3655 1325 3754 1380 τοῦ

2177 1414 2372 1485 θνητοῦ
2408 1414 2522 1485 βίου
2556 1413 2765 1476 νυκτὸς,
2794 1414 2879 1466 διὰ
2907 1414 2966 1466 τὸ
3002 1413 3188 1485 μηδενὶ
3216 1414 3486 1486 γνώριμον
3518 1417 3607 1470 τὸν
3636 1436 3757 1471 και-

2181 1505 2269 1575 ρὸν
2297 1505 2397 1575 τῆς
2424 1505 2727 1569 συντελείας
2754 1505 3034 1576 ὑπάρχειν.
3071 1532 3135 1544 -
3166 1504 3305 1557 Ἀλλ’
3338 1507 3469 1576 ὑμῖν
3491 1524 3573 1575 γε,
3598 1509 3750 1579 φησὶ,

2182 1598 2481 1667 φυλακτέον
2518 1598 2579 1650 τὸ
2606 1597 2853 1651 ἐντεῦθεν
2887 1598 3069 1668 βάρος,
3098 1598 3185 1650 ἵνα
3215 1599 3513 1670 δυνήσησθε
3546 1600 3753 1671 νήφειν,

2184 1690 2393 1760 μήποτε
2426 1691 2616 1759 ἐπιστῇ
2656 1688 2920 1757 αἰφνίδιος
2952 1690 3035 1756 ἐφ’
3086 1690 3229 1757 ὑμᾶς
3259 1690 3505 1760 ήὴμέρα»
3533 1691 3713 1762 ἐκείνη
3737 1710 3751 1723 ·

508 1776 751 1829 scribens
793 1791 808 1828 :
849 1774 1088 1840 Fratres,
1130 1776 1293 1845 probe
1314 1776 1483 1840 scitis,
1522 1776 1661 1829 diem
1693 1775 1926 1835 Domini,
1960 1786 2077 1829 tan-

2184 1782 2307 1852 περὶ
2344 1776 2412 1851 ἦς
2469 1781 2561 1832 καὶ
2600 1781 2629 1831 6
2664 1780 2804 1849 ἱερὸς
2843 1777 3162 1842 Ἀπόστολος
3218 1781 3448 1850 παρῄνει
3500 1780 3755 1850 γράφων⁹

508 1882 671 1935 quam
699 1866 870 1921 furem
892 1869 941 1921 in
965 1877 1138 1931 nocte,
1158 1877 1441 1921 venturam
1458 1869 1525 1921 "’.
1545 1868 1675 1923 Cum
1703 1884 1828 1923 vero
1843 1869 2076 1923 dixerint

508 1971 615 2027 pax
662 1968 718 2013 et
770 1962 1057 2027 securitas,
1101 1971 1226 2013 tunc
1255 1961 1565 2030 repentinus
1604 1961 1683 2016 eis
1736 1964 2077 2030 superveniet

508 2051 782 2106 interitus.
830 2052 938 2106 Vos
970 2061 1149 2107 autem
1188 2054 1325 2105 haud
1376 2054 1667 2107 versamini
1716 2055 1770 2107 in
1815 2055 2074 2123 tenebris,

508 2140 585 2194 ita
608 2148 664 2192 ut
690 2156 786 2194 vos
817 2142 930 2195 dies
956 2140 1045 2193 illa
1080 2150 1332 2209 tanquam
1364 2140 1453 2193 fur
1477 2144 1935 2211 comprehendat:
1961 2161 2077 2198 om-

508 2246 608 2286 nes
638 2234 781 2285 enim
820 2248 914 2286 vos
950 2232 1041 2285 lilii
1071 2232 1205 2287 lucis
1225 2233 1377 2298 estis,
1404 2232 1604 2303 ﬁliique
1626 2236 1812 2289 deii”.
1846 2235 2077 2306 Vigilan-

508 2324 636 2379 dum
672 2334 755 2379 est
791 2325 952 2396 igitur
990 2340 1093 2380 non
1130 2325 1300 2381 solum
1337 2327 1405 2381 ob
1439 2328 1675 2383 subitum
1718 2339 1880 2400 atque
1925 2332 2075 2385 inex-

510 2425 810 2485 spectatum
849 2418 1058 2473 Domini
1093 2419 1405 2487 adventum,
1434 2435 1619 2475 verum
1660 2422 1823 2477 etiam
1861 2434 2079 2493 pr0pter

508 2508 649 2563 furis
682 2509 923 2565 insidias.
960 2510 1067 2567 Fur
1113 2522 1287 2566 autem
1327 2512 1457 2566 hora
1504 2513 1765 2582 cujusque
1798 2516 2080 2570 mortualis

510 2602 850 2673 intelligitur,
887 2605 969 2658 vel
1001 2606 1162 2659 etiam
1199 2606 1287 2661 ille
1310 2607 1401 2678 qui
1441 2607 1700 2677 cujusque
1723 2610 1957 2663 animam
1981 2626 2076 2665 ex-

510 2707 769 2765 cepturus
822 2706 907 2751 est
943 2698 1185 2767 angelus.
1243 2698 1378 2753 Tum
1440 2700 1532 2769 qui
1583 2700 1686 2754 sibi
1729 2704 2078 2769 attenderint,

511 2796 770 2856 tanquam
801 2803 994 2857 caprea
1023 2790 1271 2858 laqueum
1302 2790 1571 2859 vitabunt,
1597 2792 1677 2847 vel
1708 2804 1766 2847 ut
1794 2796 1909 2850 avis
1935 2797 2082 2852 deci-

510 2880 695 2950 pulam
747 2898 761 2935 :
818 2881 909 2950 qui
966 2896 1089 2935 vero
1135 2883 1354 2951 crapula
1400 2886 1607 2954 gravati
1672 2886 1871 2941 fuerint
1918 2900 2082 2959 atque

512 2973 568 3027 in
608 2983 835 3027 mortem
873 2974 1157 3043 consopiti,
1194 2974 1247 3028 in
1285 2976 1583 3045 periculum
1625 2978 1899 3049 inopinum
1950 2982 2082 3039 inei-

513 3062 662 3119 dent.

617 3330 665 3361 ⁷⁸
706 3329 926 3401 Vigilate
952 3333 1125 3403 itaque
1154 3335 1295 3389 omni
1328 3344 1555 3407 tempore
1582 3350 1808 3407 orantes,
1841 3351 1946 3399 etc.

585 3419 681 3475 llis
708 3438 1014 3478 consonans
1038 3425 1326 3494 Apostolus
1356 3427 1535 3482 aiebat
1566 3448 1577 3482 :
1616 3430 1899 3499 Propterea
1934 3435 2079 3488 acci-

511 3512 620 3577 pite
646 3525 973 3568 armaturam
998 3516 1116 3582 Dei,
1142 3528 1197 3570 ut
1214 3520 1424 3586 possitis
1459 3524 1696 3575 resistere
1725 3523 1779 3577 in
1802 3526 1885 3578 die
1918 3527 2077 3591 malo,

513 3606 637 3659 etin
660 3608 900 3661 omnibus
920 3609 1135 3677 perfecti
1162 3623 1319 3667 stare.
1341 3612 1488 3669 State
1505 3630 1629 3685 ergo
1660 3618 1913 3672 succincti
1946 3618 2084 3673 lunt-

514 3696 606 3751 bos
630 3709 822 3754 vestros
850 3700 902 3754 in
928 3704 1229 3758 veritate".

689 3878 736 3911 ⁸ο
756 3878 819 3931 Ut
848 3880 1169 3935 manducetis
1197 3892 1243 3935 et
1266 3883 1455 3937 bibatis
1495 3886 1551 3939 in
1573 3901 1749 3939 mensa
1776 3902 1911 3942 mea.

584 3970 866 4041 Signiﬁcat
888 3973 1095 4041 plenam
1125 3974 1383 4029 bonorum
1406 3991 1669 4040 mensam,
1689 3977 1840 4045 cujus
1866 3979 2087 4047 partici-

513 4078 609 4133 pes
645 4074 803 4118 erunt
832 4064 867 4117 ii
895 4065 1213 4133 quibuscum
1254 4067 1431 4123 faadus
1480 4070 1594 4132 icit,
1630 4081 1914 4137 propterea
1944 4073 2085 4140 quod

514 4170 697 4211 secum
724 4158 1120 4226 permanserint
1152 4159 1204 4211 in
1241 4160 1645 4215 tentationibus.
1677 4162 1753 4215 Ex
1779 4161 1895 4230 ejus
1926 4163 2089 4232 igitur

517 4263 704 4303 mensa
736 4248 1134 4303 manducabunt
1166 4260 1221 4304 et
1256 4252 1435 4306 bibent
1464 4270 1478 4317 ;
1524 4269 1662 4322 pane
1697 4255 1947 4310 videlicet
1975 4271 2090 4311 cce-

516 4337 638 4394 lesti
676 4340 974 4394 animarum
1022 4342 1289 4397 nutritore
1330 4347 1507 4412 pasti;
1545 4347 1763 4416 polique
1813 4348 1937 4403 vino
1964 4349 2088 4403 novi

2193 1873 2467 1941 Ἀδελφοὶ,
2506 1873 2680 1925 οἴδατε
2730 1872 2992 1943 ἀκριϐῶς,
3024 1874 3103 1925 ὅτι
3134 1875 3165 1943 ἡ
3212 1872 3395 1943 ἡμέρα
3421 1873 3647 1943 Κυρίου,
3681 1875 3757 1937 ὠς

2182 1965 2420 2036 κλέπτης
2469 1966 2533 2018 έν¹
2562 1964 2738 2026 νυκτὶ,
2777 1964 2949 2027 οὕτως
2990 1965 3225 2036 ἔρχεται.
3258 1964 3426 2018 Ὅταν
3453 1965 3510 2017 δὲ
3533 1966 3759 2019 εἴπωσιν

2181 2057 2367 2126 εἰρήνη
2394 2056 2489 2109 καὶ
2519 2055 2807 2124 ἀσφάλεια,
2842 2055 2962 2108 τότε
2986 2055 3241 2123 αἰφνίδιος
3264 2055 3445 2119 αὐτοῖς
3474 2056 3758 2126 ἐφεσταται

2181 2144 2416 2215 ὄλεθρος.
2462 2144 2648 2214 Ὑμεῖς
2676 2145 2731 2197 δὲ
2771 2145 2868 2196 οὐκ
2895 2144 3015 2196 έστὲ
3068 2145 3125 2195 ἐν
3178 2144 3377 2208 σκότει,
3415 2144 3501 2196 ἵνα
3532 2144 3677 2212 ὑμᾶς
3722 2146 3757 2214 ἠ

2182 2235 2364 2306 ἡμέρα
2392 2236 2467 2299 ὠς
2495 2235 2730 2305 κλέπτης
2756 2235 3035 2307 καταλάϐῃ
3054 2252 3066 2264 ο
3102 2236 3298 2298 πάντες
3330 2234 3437 2305 γὰρ
3466 2236 3626 2305 ὑμεῖς
3653 2236 3761 2289 υἱοὶ

2183 2329 2360 2399 φωτός
2392 2331 2514 2382 ὲστε
2548 2330 2641 2382 καὶ
2672 2330 2780 2381 υἱοὶ
2812 2329 3044 2401 ἡμέρας.
3080 2330 3461 2401 Γρηγορητέονν
3482 2326 3574 2383 οὖν
3625 2331 3761 2401 ἡμῖν

2183 2418 2242 2470 οὐ
2280 2418 2436 2488 μόνον
2463 2418 2550 2470 διὰ
2581 2418 2678 2489 τὴν
2708 2418 2909 2489 ἀθρόαν
2968 2420 3061 2471 καὶ
3097 2420 3494 2491 ἀπροσδόκητον
3522 2421 3615 2474 τοῦ
3659 2424 3760 2475 Δε-

2187 2512 2380 2564 σπότου
2413 2511 2616 2581 ἄφιξιν,
2670 2512 2804 2565 ἀλλὰ
2840 2513 2932 2566 καὶ
2964 2514 3051 2566 διὰ
3103 2514 3193 2566 τὸν
3238 2513 3473 2584 κλέπτην
3501 2516 3595 2568 τὸν
3636 2518 3763 2585 ἐφε-

2184 2604 2459 2675 δρεύοντα.
2496 2606 2553 2658 Ὀ
2578 2605 2635 2657 δὲ
2682 2604 2920 2674 κλέπτης
2954 2607 3101 2659 ἐστὶν
3126 2608 3154 2659 6
3188 2606 3376 2676 καιρὸς
3402 2607 3503 2677 τῆς
3530 2608 3761 2662 ἑκάστου

2184 2693 2442 2764 τελευτῆς
2461 2712 2473 2723 ·
2511 2694 2544 2765 ἢ
2573 2696 2667 2747 καί¹
2694 2696 2721 2747 ὁ
2755 2694 2962 2765 μέλλων
2988 2694 3084 2765 τὴν
3120 2695 3347 2748 ἑκάστου
3380 2695 3561 2766 ψυχὴν
3584 2714 3764 2768 παρα-

2187 2788 2483 2859 λαμϐάνειν
2545 2787 2795 2856 ἄγγελος.
2845 2788 2933 2851 Ὠς
2982 2787 3148 2856 παγὶς
3190 2786 3296 2859 γὰρ
3340 2790 3377 2858 ή
3427 2788 3521 2841 τοῦ
3555 2790 3763 2861 Κυρίου

2188 2882 2465 2952 παρουσία
2497 2880 2845 2957 ἐπελεύσεται
2874 2881 2966 2932 ἐπὶ
3016 2880 3221 2941 πάντας
3236 2880 3369 2942 τοὺς
3393 2881 3451 2932 ἐν
3582 2883 3651 2950 γῇ
3671 2898 3684 2909 ·
3711 2882 3761 2934 οῖ

2192 2973 2288 3042 μὲν
2310 2968 2402 3025 οὖν
2437 2973 2793 3043 προσέχοντες
2821 2973 3029 3035 ἑαυτοῖς
3060 2969 3338 3035 σώζονται,
3362 2970 3550 3043 ὥσπερ
3566 2971 3762 3041 ὣρκάς

2192 3066 2255 3117 ὲκ
2283 3064 2511 3135 βρόχων,
2541 3065 2633 3117 καὶ
2665 3063 2851 3135 ῶσπερ
2880 3064 3067 3134 ὄρνεον
3102 3065 3165 3116 ὲκ
3202 3063 3446 3131 παγίδος
3496 3065 3543 3115 οἱ
3596 3062 3651 3114 δὲ
3694 3067 3759 3134 τῇ

2110 3140 2151 3195 C
2189 3156 2327 3229 μέθῃ
2356 3156 2734 3227 βεϐαρημένοι,
2762 3156 2855 3209 καὶ
2884 3157 2963 3218 εἰς
2992 3154 3219 3207 θάνατον
3238 3153 3637 3217 ὑπνώττοντες,
3667 3156 3761 3206 ὲκ-

2184 3247 2467 3301 πίπτουσιν
2492 3251 2571 3311 είς
2596 3248 2853 3319 ἀδόκητον
2883 3247 3144 3302 κίνδυνον.

2194 3340 2567 3409 Ἀτρυπνεῖτε
2591 3338 2705 3395 οὖν
2726 3341 2794 3393 ἐν
2822 3341 2999 3393 παντὶ
3018 3340 3199 3409 καιρῷ
3224 3341 3514 3411 δεόμενοι,
3548 3356 3601 3393 κ.
3629 3357 3679 3392 τ.
3710 3338 3761 3393 λ.

2256 3433 2479 3498 Τούτοις
2508 3434 2747 3504 συνᾴδων
2779 3435 2807 3487 ὁ
2847 3433 3169 3496 Ἀπόστολος
3202 3433 3355 3501 ἔλεγε
3380 3452 3393 3464 ·
3445 3431 3548 3485 Διὰ
3587 3429 3767 3484 τοῦτο

2183 3525 2509 3580 ἀναλάϐετε
2525 3526 2638 3594 τὴν
2658 3527 3003 3579 πανοπλίαν
3023 3526 3127 3579 τοῦ
3148 3525 3316 3589 Θεοῦ,
3342 3526 3445 3577 ἵνα
3462 3520 3766 3589 δυνηθῆτε

2185 3616 2540 3684 ἀντιστῆναι
2578 3616 2648 3669 ὲν
2677 3614 2753 3685 τῇ
2777 3616 2966 3684 ἡμέρᾳ
2998 3615 3073 3685 τῇ
3107 3614 3358 3683 πονηρᾷ,
3402 3616 3499 3668 καί
3530 3614 3767 3668 ἅπαντα

2185 3708 2685 3778 κατεργασάμενοι
2713 3707 2953 3777 στῆναι.
2994 3708 3182 3777 Στῆτε
3212 3704 3326 3763 οὖν
3366 3705 3765 3776 περιζωσάμ-

2187 3818 2279 3855 νσι
2303 3801 2417 3869 τὴν
2440 3801 2641 3870 ὀσφὺν
2667 3801 2835 3869 ὑμῶν
2869 3802 2938 3855 ὲν
2970 3802 3240 3869 ἀληθείᾳ.

2190 3894 2312 3947 Ἵνα
2341 3894 2577 3961 ἐσθίητε
2630 3894 2728 3947 καὶ
2764 3896 2975 3962 πίνητε
3017 3895 3112 3947 ἐπὶ
3146 3893 3257 3961 τῆς
3282 3892 3573 3962 τραπέζης
3620 3910 3762 3961 μου.

2264 3986 2530 4039 Τοιούτων
2563 3985 2717 4040 ἔσται
2764 3986 2977 4058 πλήρης
3027 3986 3247 4054 ἀγαθῶν
3284 3986 3557 4057 τράπεζα,
3580 3981 3648 4057 ἦς
3670 4003 3768 4056 με-

2188 4079 2518 4149 ταλήψονται
2551 4074 2634 4143 οἷς
2670 4080 2770 4151 τὴν
2793 4079 3066 4152 Διαθήκην
3090 4080 3293 4133 διέθετο
3320 4078 3407 4132 διὰ
3431 4079 3492 4131 τὸ
3525 4094 3771 4149 μεμενη-

2190 4170 2342 4224 κέναι
2378 4173 2492 4243 μετ’
2535 4172 2701 4225 αὐτοῦ
2758 4174 2815 4226 ἐν
2847 4176 2961 4235 τοῖς
2994 4175 3319 4243 πειρασμοῖς
3342 4190 3355 4205 ο
3403 4174 3491 4225 ἵνα
3544 4170 3766 4223 ὲσθίωσι

2193 4262 2287 4315 καὶ
2320 4246 2515 4316 πίωσιν
2549 4265 2641 4316 ἐπὶ
2692 4268 2790 4334 τῆς
2814 4264 3089 4334 τραπέζης
3123 4265 3497 4338 αύτοῦδνᾶρτῳ
3534 4265 3632 4334 μὲν
3669 4262 3765 4316 οὐ·

2194 4354 2363 4426 ρανίῳ
2384 4356 2568 4426 ψυχῶν
2604 4356 2775 4425 ἀγίων
2808 4356 3114 4427 θρεπτικῶς
3148 4356 3575 4429 τραφησόμενοι,
3621 4356 3767 4408 οἴνου

516 4432 774 4503 germinis
805 4434 928 4489 vitis
960 4451 1101 4491 verte
1136 4454 1167 4500 ,ι
1223 4441 1541 4507 propinante
1580 4441 1694 4509 ipso
1724 4442 2079 4511 agricolarum

2190 4447 2248 4499 δὲ
2303 4448 2396 4500 τοῦ
2448 4449 2632 4502 καινοῦ
2685 4451 3021 4521 γεννήματος
3054 4449 3154 4519 τῆς
3209 4448 3471 4519 ἀληθινῆς
3516 4449 3765 4519 ἀμπέλου

515 4525 756 4578 omnium
787 4525 912 4589 Deo,
944 4528 1032 4597 qui
1073 4531 1337 4586 novellum
1374 4548 1434 4586 ex
1471 4535 1585 4603 ipsa
1614 4532 1847 4589 fructum
1879 4535 1964 4601 his
2000 4537 2087 4606 qui

519 4624 650 4671 tunc
683 4617 827 4687 digni
861 4631 1040 4687 crunt,
1073 4624 1369 4679 exhibebit.

796 4729 838 4759 δ’
867 4731 934 4782 At
963 4732 1050 4786 ille
1094 4736 1293 4801 negavit
1334 4735 1511 4817 dicens
1547 4754 1571 4791 :~
1596 4737 1809 4805 Mulier,

1089 4820 1192 4857 ηοη
1233 4822 1347 4859 ηονι
1378 4824 1516 4863 eum.

479 4875 512 4961 Ἰ
590 4890 800 4947 Videsis
849 4903 1180 4965 quantopere
1213 4899 1424 4953 veritati
1463 4900 1678 4955 studeat
1720 4902 2084 4974 evangelista;

518 4984 788 5056 quomodo
831 4983 994 5042 Petro
1039 4986 1178 5041 haud
1217 4988 1569 5055 gratiﬁcetur,
1604 4991 1696 5045 sed
1727 4992 1931 5060 lapsum
1972 4995 2088 5061 ejus

519 5074 746 5128 candide
781 5084 1016 5129 enarret.
1047 5074 1304 5132 Videlicet
1336 5079 1476 5146 quod
1508 5080 1683 5133 cancri
1716 5082 1976 5149 magistro
2002 5088 2088 5139 de-

519 5174 663 5217 serto
695 5165 1024 5236 diﬂugerint,
1059 5166 1149 5222 ille
1172 5156 1349 5225 autem
1387 5172 1638 5226 omnibus
1672 5171 1737 5226 iis
1768 5177 2088 5244 praepositus

521 5257 794 5323 apostolus
816 5270 977 5329 atque
1000 5262 1313 5333 discipulus,
1330 5264 1418 5317 ille
1445 5264 1699 5335 inclytus,
1730 5266 1968 5335 inqnant,
1992 5268 2091 5325 Pe-

2206 4540 2635 4611 μεταληψόμενοι
2662 4559 2675 4571 ·
2708 4542 2773 4613 ἢν
2799 4542 2959 4604 αὐτὸς
2991 4542 3019 4592 ὁ
3046 4541 3154 4593 τῶν
3180 4541 3316 4593 ὅλων
3344 4540 3475 4603 Θεὸς
3505 4539 3767 4612 γεωργῶν

2192 4632 2253 4684 τὸ
2274 4632 2455 4685 καινὸν
2478 4632 2534 4698 ἐξ
2566 4631 2736 4703 αὐτῆς
2770 4634 3010 4705 γέννημα
3034 4635 3145 4696 τοῖς
3176 4632 3296 4685 τότε
3328 4632 3499 4696 ἀξίοις
3518 4632 3764 4702 παρέξει.

2204 4741 2259 4793 '0
2289 4740 2357 4794 δὲ
2386 4742 2691 4809 ἠρνήσατο
2724 4744 2929 4811 αὐτὸν,
2963 4744 3158 4813 λέγων
3184 4762 3196 4775 ·
3246 4744 3455 4808 Γύναι,
3485 4745 3596 4797 οὐκ
3634 4737 3767 4796 οἴδα

2873 4815 3081 4868 αὐτόν.

2263 4903 2402 4975 Ὅρα
2447 4904 2503 4961 δὲ
2541 4905 2602 4957 τὸ
2642 4905 2928 4974 φιλάληθες
2961 4904 3054 4958 τοῦ
3098 4905 3506 4974 εὐαγγελιστοῦ,
3535 4904 3652 4967 πῶς
3704 4905 3767 4956 οὐ

2193 4997 2611 5068 καταχαρίζεται
2649 4997 2725 5067 τῷ
2773 4999 2981 5069 Πέτρῳ,
3012 4998 3145 5052 ἀλλὰ
3190 4998 3251 5050 τὸ
3303 4997 3471 5059 πάθος
3499 4995 3662 5048 αὑτοῦ
3692 4996 3770 5059 ῶς

2193 5086 2302 5159 ἔχει
2330 5090 2612 5159 διηγεῖται,
2642 5092 2723 5144 ὃτι
2750 5093 2799 5143 οἱ
2837 5092 2933 5162 μὲν
2962 5092 3110 5146 ἄλλοι
3156 5090 3509 5152 ἀπολιπόντες
3557 5089 3648 5141 τὸν
3691 5089 3769 5140 δι-

2196 5179 2461 5237 δάσκαλον
2498 5182 2719 5253 ᾤχοντο,
2754 5186 2781 5237 ὁ
2832 5184 2889 5237 δὲ
2946 5185 3162 5237 πάντων
3196 5183 3374 5237 αὐτῶν
3402 5182 3775 5253 προκεκριμέ-

2198 5290 2286 5336 νος
2315 5274 2609 5338 ἁπόστολός
2642 5294 2702 5328 τε
2733 5276 2833 5329 καὶ
2858 5276 3123 5347 μαθητὴς.
3166 5276 3556 5337 αὑτὸςὲκεῖνος
3584 5276 3612 5326 ὀ
3634 5272 3778 5343 ﬁcti».

522 5356 658 5411 trus,
688 5353 872 5418 procul
897 5356 1227 5412 cruciatibus
1256 5367 1311 5413 et
1335 5360 1745 5429 magistratuum
1778 5360 1958 5425 minis,
2010 5373 2079 5418 tet

2201 5381 2358 5433 μενος
2372 5366 2593 5437 Πέτρος,
2615 5366 2860 5436 βασάνων
2883 5368 3037 5430 ἐκτὸς
3052 5367 3144 5419 καὶ
3167 5365 3494 5435 ἀρχοντικῆς
3520 5363 3778 5433 ἁπειλῆςι

521 5434 794 5495 Christum
826 5448 1125 5516 negaverit.

2196 5456 2377 5526 τρίτον
2405 5458 2565 5513 αὑτὸν
2597 5458 2907 5530 ἐξωμόσατο
2937 5460 3069 5529 (75).

592 5529 952 5622 ξξδῐςυιξῶιιι,
980 5537 1071 5591 51.
1147 5541 1190 5571 ⁷⁷
1217 5540 1235 5595 l
1258 5540 1448 5597 Thess.
1477 5556 1531 5606 v,
1566 5543 1621 5598 2.
1697 5544 1769 5575 ’τ’
1809 5543 1941 5599 ibid,
1978 5544 2029 5610 4.,
2051 5545 2079 5599 5

2184 5546 2225 5578 ⁷⁸
2254 5547 2384 5604 Luc.
2425 5568 2541 5617 ut,
2573 5553 2660 5609 56.
2712 5529 2782 5585 ί⁷⁹
2817 5552 3014 5622 Ephcs.
3048 5550 3214 5617 \‘l,l5.
3290 5550 3336 5581 ⁸⁸
3367 5549 3494 5604 Luc.
3521 5564 3652 5614 ml,
3676 5546 3778 5603 '50.

523 5597 564 5629 ⁸¹
600 5597 726 5657 ibid.
755 5601 844 5655 57.

596 5696 1111 5785 (ἴδηξξιεξξξξηιιυιη
1152 5706 1251 5761 hoc
1288 5715 1556 5778 sumptum
1615 5710 1823 5767 videtur
1886 5710 2375 5785 cmebngrania,
2423 5716 2517 5774 lib.
2572 5733 2624 5785 v,
2658 5714 2853 5772 40.1bi
2907 5724 3083 5773 tamen
3131 5716 3394 5775 Eusebius
3438 5725 3689 5770 versatur
3717 5714 3776 5770 iu

526 5766 701 5821 Marco
730 5783 838 5831 XIV,
871 5770 936 5823 ϋϋ
