4098 6200
1137 217 1186 226 ἠν

365 285 466 342 605

899 476 1402 543 ἀστραπτούσιιις.

435 568 632 638 Χαρᾶς
667 569 758 620 καὶ
807 567 1042 634 γέλωτος
1095 572 1298 638 σημεῖα
1330 570 1687 642 γνωρίσματά
1741 589 1799 624 τε
1842 573 1939 642 τῆς

368 659 640 730 σωτηρίου
681 659 1025 722 ἀναστάσεως
1070 659 1200 731 ὸρᾷν
1232 660 1557 730 παρέχονται
1585 665 1674 714 καὶ
1716 663 1803 715 διὰ
1844 665 1939 734 τῆς

369 751 572 821 λευκῆς
596 749 902 824 περιϐολῆς,
945 749 1092 807 ὥστε,
1120 751 1212 802 κα)⁸
1239 751 1347 803 ἀπὸ
1375 750 1467 803 τοῦ
1495 755 1764 822 σχήματος
1798 771 1929 824 συμ-

371 843 552 897 ϐαλεῖν
584 841 680 904 τὰς
711 846 972 910 γυναῖκας
1009 843 1070 895 τὸ
1114 843 1334 912 φαιδρὸν
1369 842 1468 912 τῆς
1503 843 1790 914 ἐγέρσεως,
1843 847 1938 899 καὶ

368 935 471 1005 τῆς
498 935 588 988 τοῦ
618 936 804 1004 Πάσχα
838 935 1032 1006 ἑορτῆς
1061 936 1156 987 σὺν
1183 937 1294 996 τοῖς
1326 934 1665 1004 λευχείμοσιν
1689 937 1938 1005 ἀγγέλοις

372 1026 734 1098 ἀπάρξασθαι.
795 1026 1035 1096 Μωῦσῆς
1071 1026 1168 1096 μὲν
1209 1027 1314 1098 γὰρ
1366 1026 1576 1096 πληγὰς
1627 1028 1935 1096 Αἰγυπτίων

371 1119 576 1189 μέλλων
599 1119 961 1173 διακονεῖσθαι
993 1119 1335 1190 καταλλήλως
1365 1121 1422 1170 ἐν
1445 1120 1602 1188 φλογὶ
1642 1121 1811 1192 πυρὸς
1843 1121 1934 1172 τὸν

367 1208 459 1261 ἐπὶ
483 1207 584 1276 τῆς
633 1207 797 1277 βάτου
843 1209 1068 1276 ἄγγελον
1093 1206 1266 1278 ἑώρα·
1301 1210 1341 1260 ὁ-
1359 1209 1403 1260 δ’
1446 1209 1610 1272 αὐτὸς
1647 1209 1935 1280 μοχθηροῖς

365 1297 588 1368 ἀνδράσι
614 1298 937 1368 νομοθετῶν,
972 1298 1082 1368 πῦρ
1108 1300 1497 1353 καταναλίσκον
1526 1300 1616 1352 τὸν
1643 1300 1773 1353 Θεὸν
1797 1297 1931 1354 εἶναι

366 1387 570 1455 ἔλεγεν,
622 1387 996 1457 τιμωρητικὸν
1037 1387 1131 1439 καὶ
1186 1387 1446 1459 κολαστὴν
1494 1391 1674 1453 αὐτοῖς
1715 1388 1931 1442 ἔσεσθαι

365 1478 528 1531 αὑτὸν
553 1477 946 1546 αἰνιττόμενοςο
979 1476 1058 1529 διὸ
1091 1477 1182 1529 καὶ
1233 1480 1290 1531 ἐν
1323 1478 1495 1548 στύλῳ
1537 1479 1705 1549 πυρὸς
1751 1481 1932 1549 ἠγεῖτο

369 1568 550 1623 αὐτῶν
583 1570 611 1621 ὁ
633 1569 785 1631 Θεός.
817 1567 972 1620 Οῦτω
1004 1570 1114 1631 τοῖς
1156 1569 1376 1622 ἀσεϐέσι
1401 1570 1650 1638 γενέσθαι
1680 1573 1805 1636 τοὺς
1832 1573 1932 1641 ἀγ-

366 1662 558 1731 γέλους
583 1662 755 1732 πυρὸς
784 1661 953 1730 φλόγα
978 1659 1210 1725 ἐδίδαξεν
1238 1660 1404 1715 εἰπών
1424 1680 1435 1691 ·
1485 1663 1539 1714 ’0
1569 1663 1754 1717 ποιῶν
1787 1665 1939 1730 τοὺς·

1391 286 1870 345 rnAcmsrun
1927 289 1993 344 ιρι
2035 289 2250 348 EPIST.
2283 291 2374 346 AD
2409 258 2620 349 unus.

359 404 480 461 Δύο
524 403 744 474 ἄνδρες
807 405 1153 472 ἐπέστησαν
1220 407 1428 474 αὐταῖς
1476 409 1545 462 ἐν
1604 410 1935 476 ἐσθήσεσιν
1964 420 2010 473 Α

3486 286 3596 356 οὐθ’

2245 412 2421 464 "Duo
2453 414 2551 466 uiri
2582 422 2831 466 steterunt
2861 411 3142 467 κιαι-αισι
3170 411 3233 466 in
3262 421 3398 467 recte

2702 482 2938 549 fulgenti.

2112 570 2329 625 Latitiae
2351 569 2650 641 “gaudiique
2673 571 2847 638 signa,
2888 580 2941 624 et
2972 569 3275 626 Servatoris
3309 585 3595 642 resurgen-

2039 663 2108 716 tis
2143 661 2345 715 indicia!
2375 662 2580 714 obtutui
2610 659 2863 714 exhibent
2892 660 3116 713 vestium
3146 659 3397 724 candore,
3435 659 3508 713 ita
3533 669 3596 714 ut

2037 766 2103 805 ex
2126 750 2308 804 habitu
2340 765 2552 819 quoque
2577 752 2943 816 coniectarent
2966 749 3218 804 mulieres
3242 750 3595 805 resurrectio-

2039 845 2122 897 nis
2149 843 2497 906 hilaritatem,
2531 841 2910 909 Pascbalisqne
2941 841 3063 894 festi
3105 857 3226 895 cum
3261 841 3454 895 albatis
3493 857 3595 896 an-

2037 935 2168 1004 gelis
2215 935 2448 988 initium.
2501 934 2710 1004 Moyses
2733 944 2918 987 contra
2954 932 3596 1004 Egyptiacarumplaga—

2039 1041 2155 1078 rntn
2185 1025 2396 1078 futurus
2427 1025 2696 1090 minister,
2733 1024 2785 1076 in
2817 1024 3027 1078 ﬂamma
3067 1025 3209 1093 ignis
3238 1024 3485 1094 angelum
3510 1025 3595 1078 in«

2039 1125 2119 1167 tra
2151 1115 2339 1168 rubum
2371 1125 2674 1170 versantem
2703 1115 3041 1184 spectavit".
3090 1114 3232 1170 Idem
3287 1116 3467 1182 pravis
3496 1116 3594 1170 bo-

2037 1207 2274 1262 minibus
2321 1206 2490 1274 legem
2526 1209 2791 1270 scribens,
2830 1209 2995 1261 Deum
3024 1207 3337 1276 jappellabat
3373 1206 3595 1260 edacem

2036 1298 2232 1366 ignem,
2264 1300 2564 1366 punitorem
2596 1315 2659 1353 ac
2691 1300 2955 1354 vindicem
2985 1299 3113 1367 ipsis
3138 1299 3252 1351 fore
3278 1299 3504 1353 innuens
3523 1295 3592 1353 “.
3675 1325 3682 1334 ·

2034 1391 2214 1454 Quare
2254 1389 2306 1442 in
2352 1390 2502 1456 ignea
2537 1391 2782 1444 columna
2829 1392 3164 1459 praecedebat
3205 1390 3324 1446 illos
3367 1391 3504 1444 Deus
3524 1390 3593 1444 ⁸⁸.

2033 1482 2124 1535 Sic
2158 1481 2316 1535 etiam
2347 1483 2525 1550 impiis
2567 1482 2679 1536 fore
2731 1483 2948 1552 angelos
2975 1484 3126 1552 quasi
3163 1483 3297 1552 ignis
3324 1482 3595 1536 ﬂammam

2033 1571 2422 1624 demonstravit
2458 1572 2678 1626 dicens:
2710 1572 2812 1636 Qui
2850 1573 2974 1640 facit
2999 1573 3264 1625 ministros
3293 1588 3416 1625 suos
3435 1573 3594 1640 ﬂam-

2031 1677 2169 1716 mam
2199 1663 2332 1732 ignis
2354 1662 2422 1716 ⁸⁸.
2459 1663 2564 1716 Sed
2603 1679 2708 1717 non
2744 1666 2842 1718 hac
2873 1665 3054 1735 Specie
3088 1664 3338 1719 viderunt
3376 1662 3596 1732 angelos

366 1749 752 1819 λειτουργοὺς
799 1749 984 1803 αὑτοῦ
1013 1749 1202 1817 πυρὸς
1230 1751 1443 1819 φλόγα.
1486 1750 1623 1804 Ἀλλ’
1653 1752 1714 1804 οὐ
1760 1751 1934 1804 τοιού-

2040 1752 2088 1806 ἰη
2115 1760 2466 1806 monumento
2503 1751 2777 1816 mulieres,
2812 1753 2904 1808 sed
2935 1753 3131 1806 hilares
3154 1762 3319 1822 atque
3347 1766 3595 1816 serenos.

364 1861 490 1908 τους
538 1845 595 1902 αί
649 1847 902 1912 γυναῖκες
930 1844 1053 1910 τοὺς
1081 1842 1210 1895 εἴσω
1259 1843 1352 1896 τοῦ
1407 1845 1686 1914 μνήματος
1722 1844 1926 1917 ἐώρων,

365 1935 632 2006 γαληνοὺς
656 1935 720 1987 δέ’
746 1951 897 1997 τινας
922 1935 1014 1986 καὶ
1041 1934 1312 2004 φαιδροὺς,
1339 1935 1480 1997 οἴους
1508 1936 1673 2006 ἐχρῆν
1702 1937 1792 1990 ἐπὶ
1828 1939 1928 1989 Δεο-

372 2026 570 2080 σπότου
595 2027 736 2098 χαρᾷ
770 2025 863 2078 καὶ
896 2024 1138 2096 βασιλείᾳ
1166 2024 1463 2094 φαίνεσθαι.
1504 2027 1625 2079 Ἐπὶ
1678 2028 1774 2098 μὲν
1820 2028 1928 2100 γὰρ

364 2118 446 2188 τῷ
470 2117 632 2170 πάθει
663 2117 756 2170 τοῦ
788 2117 1038 2186 Σωτῆρος
1067 2119 1095 2169 ὁ
1117 2117 1264 2186 ἣλιος
1297 2116 1527 2182 ἐξέλιπε,
1558 2119 1745 2182 σκότος
1772 2137 1930 2190 περι-

366 2209 546 2264 εαλὼν
565 2209 643 2280 τῷ
673 2212 852 2270 παντὶ,
883 2208 1090 2279 θρήνων
1117 2226 1176 2261 τε
1204 2211 1295 2261 καὶ
1320 2209 1545 2272 πένθους
1566 2210 1806 2280 σύμϐολα
1819 2213 1931 2275 τοῖς

371 2300 660 2371 σταυροῦσι
689 2299 778 2351 τὸν
809 2298 932 2351 Υἱὺν
953 2299 1045 2350 τοῦ
1069 2298 1203 2350 Θεοῦ
1237 2299 1446 2362 δεικνύς
1471 2316 1485 2328 ·
1518 2301 1610 2352 καλ⁵
1631 2301 1802 2363 οὐδεὶς
1833 2303 1931 2370 μὲν

371 2391 616 2460 ἐφαίνετο
655 2392 763 2443 τῶν
806 2389 1049 2459 ἀγγέλων
1093 2389 1152 2443 τὸ
1184 2390 1484 2461 τηνικαῦτα
1520 2392 1595 2455 ὡς
1634 2393 1779 2454 εἰκὸς
1823 2395 1932 2456 τοῖς

376 2481 871 2552 μαθηταῖ;,ὁμοίως
892 2483 986 2535 καὶ
1014 2481 1187 2535 αὐτῶν
1208 2476 1308 2534 ὧδε
1342 2485 1502 2535 κάκεῖ
1527 2483 1932 2539 διασκεδασθέν-

368 2591 495 2626 των.
521 2575 585 2625 Ei
622 2573 667 2626 δ’
701 2575 807 2644 ἄρα
855 2575 948 2626 καὶ
989 2573 1219 2644 ὀφθῆναί
1259 2592 1378 2628 τινα
1422 2575 1606 2645 ἐχρῆν,
1636 2576 1777 2648 τάχα
1828 2592 1930 2628 που

369 2665 469 2737 τὴν
513 2665 759 2718 ἐναντίαν
789 2669 900 2729 τοῖς
931 2665 1267 2737 λευχείμοσιν
1316 2665 1619 2737 ἀνθρώποις
1667 2668 1764 2739 τὴν
1806 2670 1935 2721 ἀνα-

372 2755 561 2828 στολὴν
605 2756 942 2821 ἂνεδείξατοο
983 2758 1178 2810 αὐτίκα
1228 2758 1358 2826 γοῦν
1404 2760 1496 2811 ἐπὶ
1527 2758 1605 2829 τῷ
1651 2759 1811 2812 πάθει
1838 2759 1935 2830 οὐχ

371 2848 520 2918 ἥλιος
554 2847 710 2919 μόνον
752 2849 1076 2915 ἐσκότασεν,¹
1097 2848 1231 2903 ἀλλά
1259 2849 1352 2902 καὶ
1387 2850 1416 2901 ὁ
1443 2849 1629 2920 Σωτὴρ
1657 2853 1806 2919 φωνῇ
1840 2865 1936 2919 με-

373 2941 515 3014 γάλῃ
535 2942 740 3012 κράξας
761 2941 936 3011 ἀφῆκε
961 2941 1022 2994 τὸ
1054 2941 1286 3012 πνεῦμα,
1317 2941 1378 2993 τὸ
1427 2943 1820 3012 καταπέτασμα
1839 2942 1932 2996 τοῦ

373 3033 501 3088 ναοῦ
532 3032 753 3105 ἐσχίσθη
779 3035 856 3097 είς
880 3033 990 3092 δύο,
1022 3033 1300 3104 μονονουχὶ
1325 3035 1806 3105 περιρῤηξαμένων
1843 3035 1936 3087 καὶ

373 3102 680 3180 αὐτῶντῶν
706 3102 872 3179 πάλαι
890 3126 950 3178 τὸ
987 3102 1126 3198 ἱερὸν
1168 3102 1512 3180 ἐνοικούντων
1535 3102 1800 3194 ἀγγέλων,
1836 3143 1933 3179 πε-
1961 3102 2008 3163 c

375 3215 828 3287 ριρῤηξάντωντε
871 3216 929 3268 τὸ
975 3215 1168 3286 σεμνὸν
1216 3213 1462 3284 ῦφασμα,
1493 3215 1567 3278 ὼς
1605 3215 1688 3281 ἂν,
1733 3215 1936 3286 γυμνὸς

374 3307 469 3358 καὶ
498 3307 701 3377 ἔρημος
722 3305 1068 3376 ἀπολειφθεὶς
1112 3307 1209 3378 τῆς
1244 3309 1419 3361 αὐτῶν
1459 3309 1721 3379 φρουρᾶς,
1760 3309 1789 3360 ὁ
1827 3308 1936 3361 τῶν

374 3399 590 3454 ἀϐάτων
617 3401 710 3454 καὶ⁵
734 3401 940 3454 ἀδύτων
961 3401 1144 3466 τόπος,
1177 3401 1393 3473 ’ἐτοιμος
1416 3402 1628 3473 ἐχθροῖς
1654 3402 1748 3455 καὶ
1781 3401 1939 3455 πολε-

379 3492 520 3560 μίοις
571 3493 890 3563 κατασταίη.
935 3494 1090 3548 Ἀλλά
1141 3494 1312 3549 ταῦτα
1357 3497 1454 3566 μὲν
1499 3497 1590 3549 ἐπὶ
1635 3497 1712 3566 τῷ
1776 3495 1936 3549 πάθει

377 3579 716 3634 ουνέσαινεν·
752 3581 843 3634 ἐπὶ
887 3581 942 3636 δὲ
972 3586 1038 3654 τῇ
1074 3585 1324 3656 σωτηρίῳ
1347 3586 1657 3650 ἀναστάσει,
1681 3586 1756 3649 ὡς
1795 3587 1939 3657 ζωῆς

376 3663 594 3731 ἄγγελοι
642 3666 737 3717 καὶ
773 3666 871 3735 τῆς
897 3667 1240 3731 ἀναστάσεως
1269 3669 1525 3740 κήρυκες,
1550 3670 1641 3722 τὸν
1673 3670 1838 3724 τόπον
1877 3664 1940 3724 οῦ

375 3745 552 3799 ἔκειτο
577 3747 638 3798 τὸ
664 3748 819 3818 σῶμα
847 3753 1144 3821 περιεῖπον,
1184 3751 1244 3816 ἐξ
1275 3754 1441 3824 αὐτῆς
1469 3753 1654 3826 ὥσπερ
1699 3755 1796 3826 τῆς
1843 3757 1940 3808 ἐπ-

375 3837 524 3907 αφῆς
549 3839 640 3896 τοῦ
666 3841 830 3894 τόπου
877 3842 1181 3914 ἁγιωσύνης
1212 3845 1513 3914 κρείττονος
1545 3846 1576 3915 ἢ
1602 3846 1720 3898 κατ’
1747 3848 1942 3912 αὐτοὺς

381 3931 761 4001 μετασχόντες,
785 3935 878 3986 καὶ
915 3934 1015 4004 τῆς
1038 3935 1382 3999 ἀναστάσεως
1425 3936 1588 3990 αὐτοῦ
1631 3938 1945 3992 κοινωνοῦν-

2033 1842 2329 1908 cujusmodi
2354 1857 2448 1897 eos
2471 1842 2638 1896 videri
2670 1845 2951 1912 Oportebat
2988 1845 3039 1896 in
3081 1843 3291 1902 Domini
3322 1843 3598 1911 gaudioet

2031 1949 2213 2003 regno.
2240 1934 2293 1987 In
2319 1932 2624 1988 Servatoris
2650 1933 2866 2001 quidem
2906 1934 3050 1986 obitu
3085 1933 3163 1987 sol
3198 1932 3418 1995 defecit,
3449 1942 3598 1986 tene-

2030 2026 2139 2080 brae
2172 2025 2409 2092 undique
2443 2038 2502 2078 se
2526 2024 2887 2084 intendentes,
2935 2023 3292 2076 Iamentornm
3333 2032 3388 2076 et
3422 2021 3599 2076 luctus

2030 2115 2268 2186 symbols
2307 2114 2749 2185 crucifigentibus
2778 2115 2972 2170 Filium
3009 2115 3102 2168 Dei
3137 2114 3600 2168 demonstrarunt.

2029 2208 2318 2278 Nullusque
2347 2225 2412 2265 eo
2445 2219 2687 2278 tempore
2727 2209 2947 2278 angelus
2973 2207 3285 2276 apparuisse
3313 2204 3608 2274 discipulis;

2031 2300 2261 2366 videtur,
2298 2301 2430 2369 ipsis
2460 2315 2674 2370 quoque
2713 2301 2813 2354 hac
2857 2300 2979 2353 illac
3018 2297 3356 2366 dispersione
3403 2297 3602 2350 distra-

2031 2394 2155 2448 ctis.
2192 2393 2422 2460 Quodsi
2457 2409 2617 2462 quem
2653 2408 2912 2461 apparere
2961 2406 3098 2461 opus
3139 2391 3345 2452 fuisset,
3383 2397 3602 2443 contra-

2033 2485 2190 2547 riam,
2221 2495 2278 2538 ut
2315 2485 2567 2548 arbitror,
2594 2485 2787 2539 albatis
2823 2484 3133 2537 hominibus
3173 2489 3377 2535 vestem
3404 2493 3515 2549 prze
3541 2493 3603 2533 se

2035 2577 2300 2629 tulissent.
2335 2573 2452 2628 Jam
2479 2575 2734 2643 primum,
2764 2574 2816 2627 in
2841 2573 3086 2641 passione
3127 2587 3233 2625 non
3255 2570 3602 2625 sol‘tantum-

2035 2669 2192 2720 modo
2225 2667 2545 2720 obscuratns
2572 2675 2676 2729 est,
2719 2665 2813 2719 sed
2863 2672 2917 2719 et
2955 2663 3212 2718 Servator
3249 2676 3440 2730 magna
3466 2672 3613 2714 voce-

2035 2757 2344 2812 exclamans
2377 2758 2626 2825 spiritum
2656 2755 2858 2821 emisit,
2900 2754 3080 2823 templi
3124 2753 3298 2809 velum
3348 2751 3600 2807 bifariam

2036 2850 2288 2915 scissum,
2335 2850 2463 2920 ipsis
2497 2849 2877 2919 propemodum
2907 2847 3168 2918 dispersis
3209 2845 3300 2916 qui
3345 2844 3600 2915 templum

2039 2941 2343 2996 incolebant
2363 2940 2592 3008 angelis,
2624 2941 2716 3010 qui
2747 2949 2802 2995 et
2833 2939 2960 2994 illud
2989 2938 3356 2993 venerandum
3391 2946 3602 2990 textum

2038 3032 2333 3097 sciderunt,
2371 3040 2428 3084 ut
2466 3031 2638 3087 nudus
2676 3047 2740 3086 ac
2797 3035 3043 3086 desertus
3086 3028 3331 3099 ipsornm-
3357 3027 3604 3084 custodia

2042 3123 2260 3177 relictus
2288 3123 2376 3178 ille
2406 3137 2727 3177 arcanarum
2779 3131 2940 3192 atque
2985 3121 3379 3175 inaccessarum
3423 3133 3604 3174 rerum

2040 3213 2210 3278 locus,
2254 3214 2692 3283 belligerantibus
2723 3213 2966 3268 hostibus
2993 3212 3210 3282 pervius
3231 3220 3455 3280 pateret;
3497 3208 3606 3264 Sed

2041 3305 2157 3360 hinc
2177 3305 2392 3374 quidem
2423 3304 2694 3374 passionis
2723 3313 2965 3373 tempore
2998 3303 3360 3373 contigerunt.
3384 3300 3607 3355 Verum-

2041 3405 2218 3450 tamen
2249 3394 2537 3450 Servatore
2570 3405 2906 3464 resurgente,
2947 3409 3043 3448 ceu
3069 3395 3190 3448 vita:
3213 3393 3407 3456 nuntii,
3437 3401 3494 3446 et
3521 3407 3623 3448 το·-

2041 3483 2394 3539 snrrcctionis
2423 3498 2722 3553 praecones,
2772 3484 2947 3538 locum
2989 3483 3078 3537 ubi
3132 3481 3609 3550 corpusjacuerat

2044 3577 2336 3645 Stipabant,
2363 3575 2480 3645 ipso
2506 3574 2903 3644 quodammodo
2934 3573 3036 3628 loci
3063 3581 3320 3628 contactu
3345 3571 3608 3626 sanctita-

2047 3676 2152 3723 tem
2178 3667 2391 3737 propria
2434 3666 2692 3738 majorem
2737 3665 3141 3737 participautes,
3181 3679 3247 3718 ac
3280 3661 3491 3716 Domini
3520 3676 3609 3716 re-

2046 3759 2367 3816 surrectioni
2412 3757 2894 3814 communicantes.
2940 3755 3064 3811 Ideo
3092 3755 3272 3809 vultus
3305 3752 3504 3806 hilares
3541 3765 3607 3807 ac

2045 3847 2401 3917 laatabundos,
2439 3859 2494 3905 et
2528 3849 2705 3905 albam
2741 3860 2943 3904 vestem
2975 3847 3113 3903 festo
3161 3845 3466 3902 Servatoris
3500 3843 3618 3900 diei.

2050 3941 2458 3996 convenientem
2488 3941 2789 4011 gestabant.

376 4038 489 4086 τες.
516 4024 604 4076 Διὸ
635 4024 833 4095 φαιδρὰ
865 4025 959 4078 καὶ
1007 4025 1295 4095 μειδιῶντα
1331 4027 1618 4097 πρόσωπα,
1650 4028 1834 4100 σχῆμά
1857 4045 1918 4081 τε
1943 4029 2208 4100 σωτηρίου
2237 4028 2431 4102 ἑορτῆς
2451 4029 2784 4101 παρέφαινον
2805 4025 3288 4097 λευχειμονοῦντες.

559 4236 833 4294 EUSEBII
863 4239 1338 4297 FRAGMENTUM
1379 4243 1468 4297 EX
1503 4242 1749 4298 CODICE
1789 4243 1940 4298 MED]

2040 4245 2298 4300 .ANENSI
2323 4285 2337 4310 ,
2377 4243 2445 4298 IN
2485 4241 2628 4310 QUO
2666 4241 2796 4296 EST
2835 4241 3112 4296 CA'I'ENA
3151 4238 3434 4295 PATRUM

1257 4337 1661 4395 GRIECORUM
1702 4337 1769 4391 IN
1813 4339 2203 4395 EPISTOLAM
2239 4339 2335 4391 AD
2369 4334 2735 4393 HEBREOS.

1690 4452 1841 4524 (Mn,
1879 4454 2038 4521 ibid.,
2068 4469 2121 4524 p.
2146 4453 2297 4522 207.)

467 4570 548 4625 Ad
589 4586 708 4640 cap.
745 4567 864 4638 XII,
891 4569 976 4625 I8.
1008 4570 1363 4626 ΕΥΣΕΒΙΟΥ.
1392 4572 1621 4641 Λέγεται
1647 4573 1755 4646 γὰρ
1780 4573 1940 4628 κατά-

2118 4573 2354 4630 Eusentt.
2391 4571 2600 4627 Dicitur
2649 4571 2792 4625 Deus
2843 4567 2894 4622 in
2951 4573 3184 4621 montem
3230 4562 3620 4625 descendisse,

384 4662 543 4727 ϐασις
581 4662 698 4718 θεία
725 4663 817 4714 ἐπὶ
854 4661 914 4715 τὸ
944 4661 1068 4733 ὅρος
1092 4663 1368 4731 γεγονέναι
1397 4663 1514 4717 καθ’
1549 4664 1608 4718 ὃν
1641 4665 1948 4736 ἐνομοθέτει

386 4755 593 4826 καιρὸν,
608 4745 695 4806 ἵνα
722 4753 921 4816 πάντες
943 4753 1242 4807 θεάσωνται
1267 4753 1364 4826 τὴν
1389 4756 1665 4827 ἐνέργειαν
1682 4757 1776 4810 τοῦ
1790 4755 1943 4810 Θεοῦ·

383 4847 680 4910 κατάϐασις
705 4845 813 4916 γάρ
839 4846 979 4918 αῦτη
1002 4850 1177 4918 σαφής
1206 4850 1374 4912 ἐστιν,
1408 4849 1465 4900 ού
1496 4849 1569 4919 μὴ
1601 4848 1950 4921 τοπική.Τῶν

385 4939 514 5007 γοῦν
565 4938 848 5014 φυομένων
879 4940 1017 4991 κατά
1055 4941 1115 4992 τὸ
1157 4940 1279 5012 ὅρος
1317 4941 1660 5010 φλεγομένων
1683 4941 1947 5016 σφοδρῶς,

385 5032 533 5084 οῦδὲν
561 5031 618 5084 τὸ
640 5031 750 5100 πῦρ
772 5028 1071 5092 ἐξανάλωσε
1093 5050 1104 5060 ’
1165 5033 1476 5101 σαλπίγγων
1515 5050 1572 5084 τε
1627 5035 1798 5102 φωναὶ
1830 5051 1950 5102 σφο-

382 5122 638 5194 δρότερον
671 5123 1049 5195 συνηκούοντο,
1069 5122 1142 5194 μὴ
1165 5126 1537 5196 προκειμένων
1564 5127 1811 5199 ὀργάνων
1838 5145 1950 5180 τοι-

381 5210 575 5278 ούτων,
613 5213 746 5283 μηδὲ
769 5212 864 5266 τοῦ
890 5213 1254 5284 φωνήσαντος,
1307 5213 1439 5267 ἀλλὰ
1485 5215 1603 5286 θείᾳ
1637 5221 1943 5289 κατασκευῇ

381 5303 685 5375 γινομένων
739 5305 1012 5358 ἁπάντων.
1053 5305 1212 5357 Ὥστε
1259 5306 1426 5373 σαφὲς
1473 5303 1611 5361 εἶναι
1645 5309 1733 5361 διὰ
1772 5309 1946 5364 ταῦτα

380 5396 484 5465 τὴν
527 5395 824 5449 κατάϐασιν
873 5397 1019 5451 θείαν
1058 5397 1357 5464 γεγονέναι,
1392 5400 1484 5451 καὶ
1522 5400 1610 5451 τὸν
1637 5399 1768 5454 Θεὸν
1818 5403 1943 5455 ἄνευ

381 5488 527 5552 τινὸς
581 5487 851 5541 δεικνύναι
893 5490 990 5558 τὴν
1043 5489 1236 5543 ἑαυτοῦ
1267 5489 1354 5544 διὰ
1402 5492 1617 5544 πάντων
1667 5494 1946 5564 μεγαλειό-

379 5596 542 5652 τητα.

483 5693 503 5725 ¹
529 5691 658 5747 an.
687 5707 832 5758 xxiv,
861 5691 910 5746 4.
989 5693 1031 5724 ⁸³
1056 5692 1224 5752 Exod.
1267 5711 1349 5761 tu,
1373 5695 1425 5747 Et.
1506 5697 1549 5728 “
1578 5695 1731 5751 Deut.
1772 5711 1842 5762 tv,
1871 5695 1958 5749 El.

2051 4679 2162 4735 quo
2201 4674 2440 4734 tempore
2474 4662 2562 4719 lex
2598 4660 2926 4723 tradebatur,
2965 4667 3022 4712 ut
3052 4655 3232 4711 cuncti
3264 4654 3473 4710 scilicet
3517 4651 3611 4707 Dei

2053 4756 2345 4814 efﬁcaciam
2391 4754 2657 4810 viderent.
2699 4748 2995 4819 Ceteroqui
3029 4748 3144 4802 haec
3182 4745 3485 4812 descensio,
3517 4759 3613 4797 en—

2054 4860 2220 4904 terna:
2262 4847 2586 4904 ostensionis
2645 4844 2779 4911 fuit,
2836 4859 2938 4898 non
2990 4839 3201 4895 localis.
3253 4836 3611 4906 Quamobrem

2054 4937 2364 4994 ardentibus
2407 4937 2534 4991 licet
2574 4935 2843 4998 omnibus,
2869 4946 2986 5002 qua:
3029 4931 3082 4984 in
3114 4937 3296 4984 monte
3342 4927 3614 4996 genuina-

2053 5031 2217 5096 bant,
2261 5030 2393 5085 nihil
2440 5038 2618 5083 tamen
2668 5029 2791 5099 igne
2854 5024 3290 5082 consumebatur.
3342 5019 3616 5106 Tubarum

2055 5135 2268 5191 quoque
2299 5121 2518 5185 sonitus
2550 5119 2850 5191 gravissimi
2897 5116 3272 5178 audiebantur,
3301 5126 3611 5182 quanquam

2060 5211 2238 5266 nullus
2287 5211 2358 5267 ibi
2421 5227 2553 5268 usus
2612 5211 3087 5265 instrumentorum
3140 5215 3297 5269 erat,
3347 5217 3614 5272 nemoque

2051 5305 2320 5370 clamans,
2361 5305 2456 5360 sed
2510 5303 2602 5359 Dei
2657 5301 3027 5357 tantummodo
3067 5313 3230 5370 opera
3275 5297 3392 5353 haec
3429 5296 3615 5364 omnia

2052 5397 2271 5452 ﬁebant.
2304 5395 2483 5463 Quare
2530 5394 2864 5464 exploratum
2911 5399 3026 5455 est,
3074 5389 3307 5444 divinam
3354 5387 3613 5457 hujusce-

2056 5490 2196 5544 modi
2226 5489 2390 5543 iuisse
2412 5489 2838 5550 descensionem,
2867 5483 3145 5552 Deumque
3163 5479 3366 5551 alisque
3390 5480 3498 5534 ullo
3519 5479 3620 5534 ad-

2056 5581 2312 5636 miniculo
2341 5595 2492 5633 suam
2526 5579 2575 5632 in
2588 5577 2834 5632 omnibus
2847 5575 3148 5632 ostendisse
3167 5572 3618 5644 magnitudinem.

2037 5695 2080 5725 ⁸⁵
2123 5693 2287 5748 Exod.
2325 5708 2478 5758 uni,
2509 5692 2596 5748 “ll.
2675 5693 2718 5725 ⁸⁸
2750 5690 2890 5747 Psal.
2916 5705 3032 5756 cui,
3065 5689 3117 5743 4.
