4098 6200
510 310 604 368 6οἹ
1214 314 1478 371 EUSEBII
1516 314 1986 371 CASSARIENSIS
2022 316 2173 373 OPP.
2214 315 2392 371 PARS
2432 316 2593 371 lV.-—-
2631 313 3051 373 DOGMATICA.
3612 313 3713 367 608

529 463 3703 503 Ἦ

476 551 485 565 ’
586 671 1441 853 EUSEBII
1503 674 2223 857 OPERA
2280 670 3615 858 DOGMATICA.

1422 1151 1623 1274 DE
1711 1148 2782 1278 THEOPHANIA.

1224 1386 1448 1457 (Angela
1483 1386 1609 1455 MAI,
1648 1386 1975 1441 Bibliotheca
2008 1402 2139 1441 nova
2177 1385 2421 1455 Patrum,
2462 1386 2552 1454 ιν,
2594 1388 2696 1443 110
2733 1400 2786 1444 et
2824 1388 2975 1458 310.]
3049 1423 3057 1431 -

1799 1687 2423 1783 MONITUM.

562 1910 715 1967 Inter
760 1919 950 1965 ctetera
992 1907 1204 1966 Eusebii
1235 1908 1578 1963 Cwsariensis
1611 1927 1767 1981 opera
1808 1910 1957 1964 divus
1996 1908 2367 1980 Hieronymus,
2400 1914 2477 1969 De
2512 1913 2644 1968 viris
2683 1914 2756 1968 ill.
2792 1930 2905 1984 cap.
2931 1914 3020 1981 81,
3052 1915 3216 1969 libros
3258 1916 3481 1985 quinque
3516 1914 3721 1986 Θεοφα-

487 2002 671 2071 νεῑας,
718 2005 772 2059 id
814 2014 889 2058 est
943 2004 1015 2056 De
1056 2003 1143 2056 Dei
1194 2000 1661 2067 manifestalione,
1707 2003 2082 2057 nominauerat.
2116 2001 2250 2056 Item
2295 2003 2460 2073 Syrus
2512 2003 2797 2060 Ebediesus
2844 2007 2897 2061 in
2940 2016 3210 2061 auctorum
3256 2009 3520 2077 catalogo,
3569 2024 3719 2076 quem

491 2095 815 2153 Echellensis
848 2098 1037 2167 primo,
1067 2097 1253 2151 deinde
1280 2096 1595 2151 Assemanus
1632 2098 1936 2162 ediderunt,
1984 2098 2119 2149 idem
2161 2095 2373 2150 Eusebii
2404 2115 2531 2167 opus
2564 2110 3054 2154 commemoraverat
3090 2101 3153 2153 de
3198 2096 3383 2153 Crwca
3413 2101 3482 2152 ad
3522 2100 3717 2170 Syria-

485 2204 600 2242 cam
653 2190 888 2258 Knguam
929 2188 1263 2241 translatum.
1311 2186 1484 2242 (ἔτωεί
1524 2189 1796 2257 originalis
1835 2188 2091 2257 deperditi
2138 2189 2316 2255 viginti
2358 2208 2449 2259 ego
2490 2190 2783 2259 fragmenta
2824 2193 2877 2245 in
2922 2190 3187 2245 Vaticanis
3228 2190 3491 2245 codicibus
3535 2192 3722 2245 obser-

486 2288 627 2340 vata,
653 2279 791 2332 inter
815 2276 1037 2332 Veteres
1065 2295 1199 2333 meos
1231 2279 1530 2345 Scriptores
1558 2287 1595 2330 t.
1624 2277 1673 2342 1,
1699 2279 1781 2332 ed.
1810 2295 1935 2343 sec.,
1962 2295 2099 2332 anno
2123 2279 2279 2344 1851,
2304 2289 2350 2332 et
2381 2290 2419 2334 t.
2460 2278 2622 2342 VIII,
2650 2299 2739 2335 an.
2766 2282 2921 2349 1855,
2948 2283 3356 2351 divulgaveram.
3381 2284 3513 2338 Ecce
3541 2293 3717 2336 autem

485 2370 840 2440 signiﬁcatam
873 2371 1020 2424 nobis
1055 2372 1117 2424 ab
1148 2371 1406 2425 Ebediesu
1443 2371 1722 2441 Syriacam
1765 2372 2049 2426 Eusebiani
2087 2373 2253 2440 operis
2294 2372 2716 2438 translationem,
2765 2376 2869 2427 duo
2900 2376 3133 2443 perdocti
3164 2386 3210 2429 et
3253 2376 3475 2430 illustres
3524 2386 3719 2430 nostra

485 2464 658 2519 wtatis
697 2463 851 2532 Angli
885 2478 911 2517 e
943 2463 1161 2516 tenebris
1208 2464 1428 2533 denique
1455 2474 1723 2530 eruerunt,
1752 2462 2003 2517 Tatamus
2034 2474 2185 2534 atque
2231 2463 2400 2527 Leus;
2433 2480 2652 2534 quorum
2698 2465 2787 2518 ille
2836 2482 2899 2519 ea:
2936 2465 3255 2536 Egyptiaco
3304 2468 3357 2521 in
3388 2468 3564 2522 Nitria
3602 2486 3718 2520 mo-

485 2556 715 2610 nasterio
755 2555 991 2610 Scetensi
1027 2554 1255 2607 codicem
1298 2571 1434 2608 anno
1467 2554 1602 2611 1839
1648 2556 1701 2608 in
1735 2554 1979 2624 Angliam
2017 2556 2237 2619 detulit;
2280 2555 2413 2607 alter
2453 2564 2651 2607 autem.
2676 2554 2952 2623 Syriacum
2991 2557 3128 2610 hunc
3171 2568 3365 2611 textum
3406 2576 3542 2613 anno
3580 2558 3724 2615 1842

485 2644 747 2713 Londini,
786 2652 833 2698 et
883 2654 1125 2714 sequente
1173 2660 1311 2697 anno
1353 2643 1630 2713 Anglicum
1673 2645 1903 2713 ejusdem
1958 2645 2441 2712 interpretationem
2502 2643 2859 2715 Cantabrigia:
2900 2663 3015 2701 cum
3070 2649 3291 2704 eruditis
3340 2650 3721 2719 prolegomenis

484 2740 798 2810 scholiisque
834 2740 1115 2809 impressit.
1140 2739 1207 2793 Et
1245 2738 1497 2809 Syriacus
1527 2740 1733 2810 quidem
1768 2749 1937 2793 textus
1973 2740 2205 2793 nondum
2232 2739 2299 2793 ad
2336 2755 2437 2806 me,
2478 2743 2617 2811 quod
2647 2742 2817 2807 doleo,
2860 2743 3120 2810 pervenit;
3160 2762 3275 2799 cum
3314 2756 3490 2802 tamen
3532 2749 3724 2817 Angli-

484 2853 600 2891 cum
640 2835 905 2888 desinente
944 2850 1082 2887 anno
1118 2832 1255 2887 1846
1284 2832 1549 2886 commode
1581 2831 1788 2886 demum
1835 2844 2017 2885 nactus
2056 2831 2270 2901 fuerim,
2309 2848 2523 2901 eumque
2573 2834 2804 2888 studiose
2844 2834 3089 2904 legerim,
3127 2837 3303 2890 statim
3346 2843 3557 2907 cognovi
3601 2841 3723 2909 [ra-

484 2940 690 3000 gmenta
723 2928 908 2984 (ἔνθεα
938 2944 1055 2997 qua:
1089 2945 1179 2997 ego
1206 2927 1398 2981 multos
1429 2937 1549 2980 ante
1577 2944 1743 2981 annos
1771 2927 2061 2993 edideram,
2096 2944 2276 2996 reapse
2308 2930 2375 2983 ad
2405 2927 2621 2983 Eusebii
2652 2928 3077 2999 Theophaniam,
3108 2941 3260 2997 prout
3296 2933 3530 2998 ipsorum
3568 2935 3709 2989 tituli

484 3026 740 3092 ferebant,
778 3024 1034 3093 pertinere
1065 3024 1209 3091 (nam
1238 3023 1402 3077 sicubi
1438 3023 1639 3077 codices
1666 3024 1765 3077 mei
1799 3040 1914 3076 cum
1952 3023 2173 3092 Syriaco
2204 3040 2304 3077 non
2333 3025 2463 3078 satis
2494 3033 2812 3094 congruunt,
2853 3026 2905 3079 id
2946 3027 3053 3080 suis
3085 3026 3212 3081 locis
3242 3038 3422 3095 postea
3461 3029 3711 3100 dicetur).

487 3119 594 3175 Sed
628 3129 675 3173 et
724 3119 933 3187 insuper
968 3118 1227 3186 comperi,
1261 3117 1555 3185 fragmenta
1598 3117 1736 3187 alia,
1777 3134 1866 3171 nec
1896 3120 2069 3171 brevia
2112 3135 2202 3172 nec
2240 3119 2567 3187 paenitenda,
2606 3135 2723 3189 qua:
2756 3134 2847 3188 ego
2886 3120 2939 3173 in
2999 3118 3266 3174 Vaticanis
3309 3132 3613 3176 catenarum
3643 3125 3713 3175 ad

487 3214 686 3270 Lucum
728 3213 995 3268 codicibus
1037 3214 1130 3267 sub
1178 3212 1393 3266 Eusebii
1437 3222 1638 3266 tantum
1694 3213 1899 3266 nomine
1943 3229 2280 3280 aspexeram,
2325 3213 2544 3283 ideoque
2588 3223 2838 3282 tanquam
2881 3213 3166 3267 Eusebiani
3209 3215 3276 3267 ad
3328 3214 3523 3269 Lucam
3573 3233 3718 3270 com-

486 3308 729 3363 mentarii
768 3316 1030 3377 segmenta
1064 3310 1119 3361 in
1158 3308 1405 3377 pra-dicto
1438 3306 1637 3377 Script.
1659 3316 1767 3363 vel.
1798 3318 1937 3361 tomo
1971 3309 2137 3377 primo
2171 3318 2531 3373 attezueram;
2557 3309 2809 3376 comperi,
2846 3312 3087 3377 inquam,
3124 3310 3235 3363 hazc
3275 3327 3479 3380 quoque
3523 3314 3720 3380 partim

485 3420 549 3459 ea:
577 3403 923 3473 Theophania
969 3403 1132 3473 fuisse
1170 3405 1424 3470 detracta,
1461 3404 1517 3457 id
1555 3405 1693 3475 quod
1739 3402 1986 3474 Syriacus
2040 3415 2210 3458 textus
2252 3403 2328 3458 vel
2378 3404 2547 3474 potius
2594 3402 2916 3471 Anglicanus
2962 3420 3039 3457 me
3092 3405 3262 3458 docet.
3304 3403 3437 3469 Qua:
3471 3422 3550 3459 res
3598 3423 3720 3459 cum

486 3514 566 3552 me
600 3514 911 3567 magnOpere
953 3499 1339 3567 delectavisset,
1377 3501 1621 3553 constitui
1668 3502 1907 3569 protinus
1952 3499 2135 3554 σταται
2180 3500 2359 3553 omnia
2394 3498 2759 3567 Theophanis:
2802 3515 2834 3551 a
2872 3515 2952 3552 me
2992 3500 3117 3552 olim
3174 3500 3375 3555 detecta
3423 3502 3729 3571 fragmenta

485 3606 622 3645 nunc
662 3608 994 3661 congregare,
1028 3591 1216 3646 Latina
1246 3594 1402 3646 etiam
1433 3594 1625 3661 facere,
1654 3603 1808 3663 atque
1841 3604 1894 3645 ut
1930 3593 2172 3645 monebat
2212 3591 2447 3659 impressi
2476 3591 2695 3661 Anglice
2740 3591 2909 3659 operis
2939 3592 3130 3657 series,
3174 3591 3301 3646 locis
3335 3594 3572 3663 quodque
3606 3596 3718 3648 suis

482 3685 758 3742 collocare.
783 3685 923 3740 Nam
966 3686 1335 3741 Vaticanarum
1374 3698 1677 3741 catenarum
1707 3697 1945 3741 auctores
1979 3684 2192 3741 Eusebii
2232 3686 2631 3755 Theophaniam
2662 3694 2809 3738 extra
2860 3685 2977 3739 libri
3025 3687 3259 3740 ordinem
3287 3701 3382 3755 pro
3423 3687 3716 3749 suo.libito

483 3789 868 3848 excerpserunt,
904 3781 979 3833 vel
1019 3781 1190 3848 potius
1224 3788 1375 3847 prout
1420 3778 1748 3848 evangelicae,
1786 3794 1940 3846 quam
1986 3779 2085 3846 ipsi
2129 3779 2494 3848 sequebantur,
2529 3777 2762 3831 historias
2802 3792 2986 3831 cursus
3031 3778 3293 3847 poscebat.
3330 3779 3585 3846 Exemplo
3644 3781 3717 3835 sit

485 3872 721 3924 narratio
749 3872 812 3924 de
840 3872 1034 3923 Christi
1069 3872 1280 3923 Domini
1314 3878 1501 3935 morte,
1539 3885 1696 3939 quam
1729 3867 1985 3923 Eusebius
2008 3870 2154 3938 [libro
2203 3869 2355 3922 tertio
2394 3868 2561 3922 medio
2604 3871 2811 3935 scribit,
2856 3869 3071 3924 Nicetas
3113 3877 3321 3932 autem,
3370 3870 3522 3923 unius
3542 3888 3581 3940 5e
3626 3890 3719 3927 ca-

484 3963 621 4016 tenis
667 3972 876 4028 auctor,
923 3963 1015 4017 sub
1051 3963 1207 4031 ﬁnem
1245 3978 1354 4017 sua:
1404 3963 1786 4016 lucubrationis
1815 3971 1871 4015 ut
1914 3978 2011 4029 par
2055 3971 2169 4017 erat
2201 3962 2406 4031 posuit,
2452 3978 2629 4029 nempe
2664 3964 2718 4016 in
2761 3964 2955 4033 pagina
2996 3961 3193 4014 codicis
3242 3966 3596 4017 trecentesima
3632 3982 3717 4020 se-

483 4060 674 4125 ptima,
715 4072 833 4125 qua:
869 4072 899 4106 α
936 4054 1041 4123 ﬁne
1072 4056 1152 4109 sui
1192 4054 1468 4109 voluminis
1510 4069 1695 4124 parum
1733 4053 1895 4106 abest.
1945 4050 2144 4107 Niceten
2180 4054 2407 4108 codicem
2462 4055 2579 4110 Vat.
2611 4055 2741 4109 1611
2787 4056 2959 4108 littera
2988 4052 3033 4105 A
3073 4053 3305 4122 designo.
3333 4052 3563 4108 Macarii
3595 4071 3712 4108 vero

484 4149 921 4222 Chrysocephali,
966 4151 1184 4204 diversa:
1233 4160 1429 4203 catena:
1481 4148 1744 4215 auctoris,
1790 4148 1877 4218 qui
1921 4147 2049 4201 item
2085 4146 2489 4217 Theophaniam
2532 4148 2843 4203 nominatim
2897 4145 3186 4214 aliquando
3219 4145 3448 4213 expilet,
3486 4148 3725 4209 codicem

496 4239 614 4295 Vat.
654 4239 794 4296 1610
823 4242 1009 4295 denoto
1045 4241 1222 4296 littera
1263 4241 1325 4297 Ε.
1352 4240 1500 4295 Alias
1543 4242 1747 4295 demum
1780 4249 1990 4293 catenas
2029 4240 2182 4303 duas,
2227 4238 2343 4293 Vat.
2387 4238 2506 4294 Pal.
2543 4239 2663 4293 Vat.
2700 4239 2769 4293 20
2802 4247 2849 4293 et
2883 4237 3059 4293 Ottob.
3099 4235 3222 4291 Vat.
3265 4237 3388 4302 100,
3422 4254 3539 4307 quae
3580 4240 3708 4293 mihi

484 4334 767 4403 symbolam
806 4334 1215 4404 fragmentorum
1250 4335 1433 4389 horum
1467 4335 1825 4401 contulerunt,
1858 4335 2044 4388 litteris
2076 4334 2115 4388 Β
2141 4344 2188 4387 et
2216 4334 2256 4388 L
2285 4336 2602 4389 demonstro.
2648 4334 2870 4388 Unicum
2918 4332 3139 4402 denique
3180 4334 3407 4400 primum
3451 4332 3715 4403 fragmen-

485 4440 595 4487 tum
634 4446 698 4484 σε
722 4432 876 4485 codd.
916 4430 1296 4485 Mediolanensi
1330 4444 1377 4486 et
1423 4432 1699 4486 Parisiaco
1731 4432 1887 4487 simul
1926 4433 2121 4503 adfuit.
2162 4431 2315 4486 Hanc
2346 4432 2517 4502 itaque
2554 4432 2855 4487 Graecorum
2902 4429 3247 4498 Theophania:
3293 4428 3711 4500 fragmentorum

487 4528 835 4593 tempestivam
862 4527 1035 4581 hercle
1071 4529 1347 4582 editionem
1385 4545 1521 4582 nunc
1543 4546 1698 4595 curo,
1728 4539 1838 4583 tum
1877 4540 1933 4582 ut
1968 4528 2183 4582 Eusebii
2214 4530 2440 4582 nativum
2472 4537 2691 4591 textum,
2726 4537 2979 4593 quantum
3022 4526 3105 4595 {as
3133 4532 3232 4589 est,
3278 4530 3342 4580 ab
3376 4528 3590 4582 interitu
3629 4543 3714 4581 re-

486 4634 687 4683 vacem;
710 4629 822 4672 tum
850 4630 901 4672 ut
943 4618 1105 4689 Syrus
1144 4620 1397 4687 interpres
1440 4620 1617 4691 sicubi)
1643 4631 1863 4674 mentem
1898 4621 2130 4674 auctoris
2170 4635 2275 4672 non
2305 4628 2380 4672 est
2419 4628 2687 4671 assecutus
2722 4618 2877 4685 (quod
2906 4618 2954 4671 ei
2996 4620 3277 4673 identidem
3319 4620 3573 4672 accidisse
3599 4617 3713 4670 sine

457 4707 645 4781 3dubio
691 4709 1204 4780 animadvertimus),
1255 4710 1552 4764 authentico
1597 4711 1905 4762 documento
1950 4708 2269 4763 emendetur.
2312 4706 2426 4760 Nec
2472 4723 2598 4760 sane
2645 4708 2824 4760 dubito
2871 4707 2997 4776 quin
3050 4707 3270 4777 opellam
3315 4724 3481 4761 meam
3532 4708 3610 4763 vir
3640 4708 3707 4761 cl-

487 4802 623 4859 Leus
653 4804 773 4859 boni
803 4807 1069 4873 consulat,
1112 4822 1289 4877 meque
1330 4808 1377 4860 ei
1416 4821 1726 4875 magnopere
1774 4804 1967 4873 favere,
2008 4813 2205 4856 certum
2248 4803 2454 4857 habeat.
2496 4801 2626 4856 Hac
2667 4804 2910 4867 interim;
2948 4818 3169 4872 namque
3212 4814 3260 4857 et
3306 4803 3440 4856 alios
3478 4814 3587 4855 tum
3619 4803 3711 4856 abs

460 4893 613 4961 ‘Leo,
666 4904 777 4949 tum
819 4898 883 4949 ab
920 4898 1152 4967 ejusdem
1202 4899 1385 4970 gloria:
1423 4900 1564 4952 socio
1606 4898 1673 4952 cl.
1717 4896 1805 4952 W.
1845 4895 2125 4961 Curetono,
2161 4914 2341 4951 sacras
2384 4906 2660 4963 auctores,
2703 4896 2990 4965 prtesertim
3041 4912 3285 4967 magnum
3323 4896 3711 4960 Athanasium,

463 4989 737 5073 'L'yrillum
782 5002 939 5062 atque
986 4994 1373 5064 Ephrwmium,
1411 5004 1800 5063 exspectamus;
1829 5011 1956 5067 quos
1988 5009 2122 5049 nunc
2170 4995 2380 5065 quidem
2419 4994 2624 5063 cupidis
2672 4995 2801 5049 votis
2842 4996 3160 5063 expetimus;
3190 4992 3367 5048 statim
3411 5009 3470 5047 ac
3503 5007 3618 5051 vero
3654 4992 3710 5047 in

488 5095 812 5155 conspectum
850 5088 1101 5156 venerint,
1131 5091 1568 5145 exosculabimur.
