4098 6200
393 287 495 347 609

1729 272 1816 328 DE
1855 262 2316 328 ΤΗἙΟΡΗᾸΝΙΑ.

3512 276 3617 333 610

405 435 3580 472 Mm

726 597 1444 726 ΕΥΣΕΒΙΟΥ
1504 595 1862 713 ΠΕΡΙ
1912 590 2211 705 ΤΗΣ
2269 588 3271 708 ΘΕΟΦΑΝΕΙΑΣ.

1193 966 1753 1086 EUSEBII
1830 958 2814 1079 CIESARIENSIS

823 1209 1255 1305 OPERIS
1329 1208 1476 1298 DE
1552 1202 2348 1296 THEOPHANIA
2421 1198 3182 1291 FRAGMENTA.

1082 1529 1140 1583 Α⁹
1173 1528 1268 1599 (¹)ο
1658 1546 1661 1549 '
1976 1538 2025 1593 A

456 1630 535 1705 (2)
569 1629 778 1697 ’Ὥσπερ
802 1624 858 1679 δὲ
883 1623 975 1677 ἐπὶ
993 1620 1085 1676 τοῦ
1112 1621 1231 1675 καθ’
1257 1620 1405 1691 ἡμᾶς
1445 1617 1902 1691 παραδείγματος,
1926 1619 1955 1671 6

388 1724 488 1796 μὲν
512 1723 739 1794 ἀόρατος
767 1717 859 1771 καὶ
886 1712 1093 1785 ἀφανὴς
1120 1714 1176 1765 ἒν
1204 1714 1337 1782 ἡμῖν
1371 1709 1514 1776 νοῦς,
1558 1710 1615 1764 ὃν
1643 1711 1792 1773 ὅστις
1824 1709 1955 1763 ποτὲ

385 1817 480 1871 καὶ
521 1816 700 1877 ὁποῖος
742 1811 818 1864 ὢν
856 1809 959 1880 τὴν
1002 1806 1188 1861 οὐσίαν
1224 1804 1477 1875 ὑπάρχει,
1512 1803 1685 1867 οὐδεὶς
1733 1802 1953 1856 πώποτε

382 1906 683 1979 ἀνθρώπων
716 1903 876 1971 ἔγνω,
909 1899 1157 1971 βασιλεὺς
1182 1897 1226 1949 δ’
1257 1891 1345 1951 οἶα
1371 1899 1428 1948 ἐν
1454 1896 1784 1966 ἀπορρήτοις
1823 1893 1955 1947 εἴσω

382 2002 496 2062 τοῖς
541 1995 702 2051 αὑτοῦ
741 1992 987 2064 ταμείοις
1018 1989 1405 2059 καθιδρυμένος
1441 1986 1510 2039 τὰ
1547 1990 1820 2059 πρακταῖα
1856 1986 1951 2055 (2‘)

385 2090 715 2163 βουλεύεται·
743 2086 898 2155 λόγος
921 2085 964 2138 δ’
999 2083 1057 2147 ἐξ
1083 2081 1245 2135 αὐτοῦ
1284 2082 1516 2153 πρόεισι,
1557 2079 1845 2150 μονογενὴς
1866 2072 1953 2131 οἷα

383 2182 587 2254 πατρὸς
618 2180 675 2247 ἐξ
714 2178 920 2233 ἀδύτων
965 2173 1148 2246 μυχῶν
1190 2170 1605 2241 γεγεννημένος,
1649 2169 1707 2233 ὃς
1750 2169 1814 2241 δὴ
1859 2167 1953 2221 καὶ

381 2273 601 2345 πρῶτος
632 2270 740 2325 τῶν
770 2267 1047 2340 πατρικῶν
1088 2268 1201 2329 τοῖς
1234 2266 1365 2318 πᾶσι
1401 2260 1723 2316 καθίσταται
1746 2260 1952 2330 νοημάι

382 2384 490 2420 των
514 2362 761 2434 ἄγγελος,
787 2363 865 2423 εἰς
902 2357 1131 2430 φανερόν
1162 2373 1221 2408 τε
1249 2353 1506 2426 κηρύττει
1532 2353 1599 2408 τὰ
1625 2354 1683 2407 ὲν
1708 2353 1955 2425 ἀπορρή-

377 2475 495 2522 τοις
521 2457 599 2527 τῴ
637 2456 804 2528 πατρὶ
840 2450 1255 2525 βεϐουλευμένα,
1299 2448 1479 2520 ἔργοις
1520 2465 1579 2502 τε
1621 2447 1859 2500 ἐπιτελεί
1884 2445 1953 2500 τὰ

384 2550 742 2621 βουλεύματα,
779 2542 983 2618 προῖὼν
1012 2546 1090 2608 εἰς
1130 2543 1230 2607 τὰς
1269 2543 1485 2597 πάντων
1526 2539 1714 2603 ἀκοάς
1756 2538 1855 2591 εἷθ’
1903 2542 1951 2595 οἱ

386 2642 483 2713 μὲν
512 2640 613 2709 τῆς
640 2642 703 2692 ὲκ
730 2636 822 2692 τοῦ
846 2637 1001 2705 λόγου
1029 2632 1531 2707 μεταλαμϐάνουσιν
1552 2630 1834 2699 ὠφελείας,
1863 2626 1951 2683 τὸν

381 2731 427 2785 δ’
465 2730 644 2800 ἀφανῆ
684 2729 778 2801 καὶ
817 2728 1044 2799 ἀόρατον
1087 2726 1209 2780 νοῦν
1252 2725 1343 2779 τὸν
1382 2721 1476 2776 τοῦ
1514 2722 1673 2790 λόγου
1715 2720 1946 2792 πατέρα,

381 2823 557 2885 οὐδεὶς
580 2820 796 2873 πώποτε
820 2818 1107 2890 ὀφθαλμῶν
1133 2813 1261 2870 εῖδεδ
1288 2814 1428 2869 κοιτά
1452 2812 1622 2866 ταῦτα
1643 2810 1726 2882 δὴ,
1753 2810 1949 2880 μᾶλλον

2128 1613 2284 1670 Sicut
2321 1615 2461 1670 enim
2489 1652 2505 1679 ,
2549 1622 2608 1667 ut
2659 1610 2967 1679 exemplum
3020 1623 3049 1662 a
3103 1609 3258 1664 nobis
3304 1622 3620 1681 Sumamus,

2056 1722 2206 1760 mens
2240 1708 2290 1760 in
2324 1706 2479 1761 nobis
2510 1702 2800 1759 invisibilis
2827 1702 3110 1769 latenSQUe
3147 1710 3227 1755 est
3252 1741 3267 1766 ,
3318 1718 3479 1771 quam
3508 1720 3621 1759 cu-

2048 1798 2282 1867 jusmodi
2332 1797 2441 1861 sit,
2478 1797 2698 1864 cuiusve
2745 1793 3101 1859 subStantiuz,
3151 1794 3331 1849 nullus
3382 1804 3619 1865 unquam

2055 1894 2214 1946 homo
2241 1889 2525 1958 cognovit;
2558 1887 2651 1942 sed
2684 1902 2746 1941 ea
2779 1886 2944 1939 veluti
2979 1899 3073 1938 rex
3098 1885 3317 1953 quidam
3352 1890 3404 1941 in
3436 1902 3620 1943 secre-

2054 1984 2123 2038 tis
2148 1985 2261 2037 suis
2285 1981 2634 2036 conclavibus
2661 1979 2861 2034 sedens
2886 2018 2900 2045 ,
2928 1978 3055 2047 quid
3086 1978 3392 2037 faciendum
3424 1979 3495 2034 sit
3526 1981 3620 2035 de-

2053 2075 2277 2141 liberat;
2321 2074 2516 2129 deinde
2543 2085 2724 2127 sermo
2747 2085 2815 2124 ex
2849 2070 2963 2139 ipsa
2987 2070 3187 2138 prodit,
3239 2070 3395 2140 quasi
3429 2071 3620 2141 unige-

2052 2167 2198 2221 nitus
2228 2182 2257 2220 a
2286 2176 2441 2236 patre
2474 2166 2528 2220 in
2566 2161 2864 2218 reconditis
2894 2162 3265 2233 penetralibus
3295 2174 3617 2234 generatus;

2052 2258 2328 2327 quietiam
2378 2257 2586 2327 primus
2636 2266 2987 2327 paternarum
3039 2255 3500 2311 consultationum
3560 2254 3623 2314 ﬁt

2052 2350 2301 2415 nuntius,
2327 2357 2488 2418 atque
2514 2350 2566 2403 in
2590 2357 2833 2419 apertum
2865 2348 3190 2419 depraadicat
3215 2363 3413 2403 arcana
3451 2350 3621 2419 patris

2048 2442 2297 2507 consilia,
2327 2451 2382 2497 et
2406 2455 2570 2511 opere
2596 2456 2709 2495 rem
2738 2442 3090 2496 deliberatam
3119 2439 3355 2510 perlicit,
3390 2442 3517 2497 dum
3550 2443 3618 2498 ad

2050 2534 2292 2587 omnium
2341 2547 2502 2589 aures
2545 2533 2792 2605 perfert;
2851 2532 3067 2585 interim
3126 2541 3306 2585 tamen
3368 2533 3617 2590 homines

2050 2624 2266 2693 quidem
2316 2625 2467 2680 verbi
2517 2623 2747 2679 utilitate
2809 2622 3084 2687 fruuntur,
3142 2624 3235 2678 sed
3288 2623 3613 2680 invisibilem

2052 2726 2287 2771 mentem
2335 2717 2485 2771 verbi
2519 2726 2795 2786 parentem
2848 2728 3072 2786 prorsus
3120 2716 3293 2772 oculis
3331 2732 3435 2772 non
3486 2732 3610 2774 cer-

2051 2817 2217 2874 nunt;
2244 2807 2367 2871 hoc,
2394 2808 2635 2876 inquam,
2660 2808 2840 2872 modo,
2883 2807 2991 2861 imo
3011 2806 3177 2861 etiam
3202 2823 3363 2878 supra
3395 2822 3610 2864 omnem

382 2916 430 2969 δ’
463 2915 713 2969 ἐπέκεινα
740 2912 920 2983 πάσης
953 2911 1156 2973 εἰκόνος
1182 2908 1276 2962 καὶ
1314 2904 1773 2977 παραδείγματος,
1804 2902 1833 2953 6
1856 2901 1949 2955 τοῦ

2052 2898 2339 2968 imaginem
2369 2907 2529 2968 atque
2561 2898 2885 2967 exemplum,
2909 2898 3142 2967 supremi
3181 2898 3273 2954 Dei
3304 2901 3613 2967 regnato'ris

383 3002 768 3076 mpéaatléw;
825 2999 957 3053 Θεοῦ
1010 2997 1211 3060 τέλειος
1255 2994 1443 3063 Λόγος,
1505 2986 1591 3044 οἷα
1634 2988 1947 3060 μονογενὴς.

380 3097 443 3150 οὐ
488 3094 791 3167 προφορικῇ
830 3089 1055 3160 δυνάμει
1090 3084 1378 3148 συνεστὼς,
1408 3081 1517 3134 οὐδ’
1554 3080 1617 3132 ὲκ
1650 3076 1947 3142 συλλαϐῶν,

382 3188 662 3257 ὀνομάτων
703 3202 762 3242 τε
785 3183 879 3236 καὶ
914 3180 1170 3252 ῥημάτων
1203 3177 1301 3248 τὴν
1328 3174 1486 3244 φύσιν
1514 3169 1951 3239 κατεσκευασμέ-

382 3296 493 3343 νος,
522 3277 627 3331 οὐδ’
671 3278 727 3329 ὲν
756 3277 905 3345 φωνῇ
944 3272 1009 3325 δι’
1051 3270 1211 3341 ἀέρος
1246 3264 1587 3339 πληττομὲνῃ
1623 3261 1951 3334 σημαινόμε-

379 3389 492 3438 νος,
518 3370 650 3425 Θεοῦ
682 3370 740 3422 δὲ
778 3367 870 3421 τοῦ
899 3367 989 3419 ἐπὶ
1027 3364 1243 3417 πάντων
1279 3360 1385 3425 ζῶν
1409 3358 1503 3411 καὶ
1527 3355 1752 3428 ἐνεργὴς
1772 3354 1949 3423 ὑπάρ-

381 3482 492 3536 χων
530 3463 657 3525 Υἱὸς
694 3460 885 3530 Λόγος,
926 3459 1046 3511 κατ’
1085 3454 1269 3511 οὐσίαν
1310 3460 1369 3505 τε
1401 3447 1645 3520 ὑφεστὼς
1686 3442 1774 3500 οἷα
1813 3443 1947 3499 Θεοῦ

376 3557 609 3628 δύναμις
641 3553 737 3609 καὶ
763 3552 896 3607 Θεοῦ
947 3549 1126 3619 σοφία,
1158 3547 1370 3619 πρόεισι
1415 3543 1510 3616 μὲν
1534 3542 1636 3613 τῆς
1678 3538 1950 3611 πατρικῆς

381 3649 656 3722 θεότητος,
674 3643 880 3715 ἀγαθοῦ
897 3644 953 3697 δὲ
973 3639 1175 3713 πατρὸς
1192 3630 1391 3707 ἀγαθὸν
1409 3634 1663 3706 τυγχάνει
1682 3631 1946 3700 γέννημα,

379 3739 649 3811 αὑτοζωὴ,
681 3736 947 3807 αὐτοφῶς,
984 3734 1229 3803 γέννημα
1275 3728 1459 3799 νοερὸν
1489 3725 1665 3796 φωτὸς
1693 3724 1945 3794 ἁλήκτου,

377 3832 469 3887 διὰ
490 3832 704 3885 πάντων
731 3827 943 3899 χωρῶν,
973 3828 1030 3879 ὲν
1060 3821 1192 3876 πᾶσι
1221 3837 1278 3872 τε
1303 3818 1379 3872 ὢν
1408 3820 1503 3871 καὶ
1550 3816 1731 3869 πάντα
1754 3816 1948 3866 ἐπιπο-

384 3926 690 3998 ρευόμενος.

1128 4003 1203 4057 Β’.

454 4105 529 4174 (3)
569 4095 735 4165 Οὗτος
761 4102 789 4153 ὁ
816 4097 944 4169 παρ’
968 4097 1097 4167 ἡμῖν
1130 4090 1559 4163 θεολογούμενος,
1590 4084 1950 4157 προφητικαϊς

376 4196 584 4253 ἄνωθεν
617 4194 722 4266 πρὸ
755 4190 956 4263 μυρίων
993 4187 1198 4258 χρόνων
1233 4182 1478 4253 ἐγνώσθη
1504 4197 1563 4232 τε
1587 4179 1682 4232 καὶ
1709 4191 1947 4266 προεκη-

2050 2990 2348 3062 perfectum
2399 2990 2633 3045 Verbum
2660 3031 2673 3053 ,
2702 3004 2797 3045 ceu
2832 2990 3167 3061 unigenitum
3190 3032 3205 3057 ,
3234 3007 3339 3047 non
3369 3006 3436 3047 ex
3482 3009 3611 3063 pro-

2050 3083 2350 3137 nuntiativa
2388 3082 2567 3151 aliqua
2602 3084 2800 3138 virtute
2829 3084 3133 3141 consistens
3159 3127 3174 3153 ,
3223 3099 3398 3153 neque
3446 3084 3613 3156 sylla-

2048 3173 2237 3228 barum
2266 3214 2281 3239 ,
2313 3173 2591 3229 nominum
2615 3213 2629 3239 ,
2660 3176 3058 3246 verborumque
3095 3187 3344 3232 naturam
3373 3192 3570 3246 gerens
3592 3216 3611 3247 ,

2049 3281 2149 3321 nec
2173 3282 2275 3336 Ope
2298 3268 2446 3322 vocis
2468 3281 2533 3322 ex
2561 3269 2702 3324 aeris
2740 3269 3081 3337 percussione
3104 3271 3485 3342 signiﬁcatum,
3520 3271 3615 3327 sed

2048 3360 2144 3416 Dei
2180 3362 2416 3431 supremi
2444 3362 2632 3417 vivens
2672 3377 3013 3432 operansque
3058 3363 3229 3419 Filius
3260 3363 3494 3419 Verbum
3518 3379 3614 3420 ex-

2048 3452 2265 3519 sistens,
2294 3462 2345 3508 et
2380 3452 2594 3523 quidem
2621 3452 3070 3517 substantialiter,
3108 3464 3294 3524 utpote
3320 3454 3413 3509 Dei
3442 3455 3615 3513 virtus

2050 3552 2210 3613 atque
2238 3543 2500 3612 sapientia
2525 3583 2540 3608 ,
2569 3558 2633 3597 ex
2664 3554 2882 3612 paterna
2907 3543 3188 3599 divinitate
3229 3546 3407 3615 prodit
3432 3586 3446 3609 ,
3484 3546 3611 3601 boni

2049 3637 2219 3705 patris
2248 3635 2448 3690 bonum
2479 3650 2727 3707 germen.
2758 3635 2867 3689 vita
2898 3649 2997 3705 per
3037 3651 3128 3702 se,
3159 3651 3223 3691 ac
3253 3635 3363 3702 lux,
3396 3636 3611 3692 intele-

2048 3727 2242 3783 ctualis
2279 3736 2654 3798 perpetuaeque
2682 3727 2816 3781 lucis
2844 3728 3119 3796 genimen,
3154 3742 3250 3798 per
3281 3728 3463 3783 omnia
3492 3728 3607 3783 dis-

2047 3835 2294 3886 currens,
2335 3820 2535 3890 ubique
2571 3833 2827 3891 praesens,
2856 3828 3049 3875 cuncta
3086 3816 3413 3889 pervadens.

2698 4024 2703 4029 ·
2797 3996 2862 4052 ll.

2118 4088 2237 4153 Hic,
2274 4100 2430 4158 quem
2468 4101 2567 4141 nos
2596 4084 2763 4141 Deum
2814 4087 3045 4142 dicimus
3071 4127 3085 4153 ,
3119 4085 3489 4153 vocibusajam
3520 4086 3611 4140 dit:

2049 4193 2177 4236 ante
2203 4182 2478 4250 complura
2500 4180 2693 4235 saecula
2728 4180 2963 4233 innotuit
2992 4189 3047 4234 et
3087 4180 3481 4248 praenuntiatus
3509 4177 3612 4233 fuit

383 4288 557 4363 ρύχθη
598 4254 800 4357 φωναές
819 4254 907 4334 ’,οἳ
937 4254 1041 4334 καί
1053 4278 1143 4332 τὸν
1173 4277 1335 4331 τόπον
1359 4274 1461 4343 τῆς
1502 4267 1817 4339 θεοφανείας
1843 4265 1951 4363 ,αὐ-

2051 4271 2468 4342 pr0phetarum,
2496 4269 2588 4340 qui
2627 4276 2682 4322 et
2714 4268 2889 4322 locum
2923 4267 3121 4321 divinae
3154 4267 3271 4335 ejus
3297 4264 3613 4319 manifesta-

376 4357 497 4444 ;roﬁ,
522 4378 615 4433 καί
649 4375 871 4449 χρόνους
899 4373 997 4444 τῆς
1034 4368 1288 4439 ἀφίξεως,
1316 4366 1411 4419 καὶ
1436 4362 1636 4435 τρόπον
1668 4359 1759 4412 τοῦ
1802 4357 1938 4449 βίου,

377 4476 475 4531 καὶ
505 4445 780 4544 δυνάμεις,
815 4467 909 4522 καὶ
952 4466 1163 4535 λόγους,
1204 4452 1298 4516 καὶ
1334 4454 1730 4529 κατορθώματα
1755 4445 1940 4544 ᾉαὺτοῢ

378 4538 762 4638 προλαϐόντες,
787 4556 986 4629 βίϐλοις
1004 4557 1048 4608 ἱε
1057 4555 1175 4626 ραϊς
1192 4548 1540 4620 ἐγκατέθεντο
1559 4544 1630 4638 ό)
1640 4585 1652 4597 .
1670 4572 1736 4583 -
1748 4540 1825 4638 :1‘6
1836 4538 1905 4638 γά
1911 4556 1941 4609 ρ

392 4629 601 4728 Ἰησοῦς
628 4652 820 4713 ἰάσεως
843 4647 937 4701 καὶ
963 4642 1231 4714 σωτηρίας
1257 4638 1529 4711 προσφυὲς
1556 4636 1722 4728 ὄνομα
1745 4631 1809 4728 διν
1834 4629 1937 4728 εἴη·

382 4722 605 4820 σωτῆρα
630 4745 738 4815 γὰρ
767 4743 859 4796 καὶ
888 4739 1150 4810 σωτήριον
1173 4736 1208 4807 ἡ
1250 4730 1515 4802 Ἑϐραίων
1540 4726 1689 4797 φωνὴ
1712 4725 1801 4777 τὸν
1843 4722 1943 4793 Ἰηι

384 4841 508 4897 σοῦν
534 4837 724 4892 εἴωθεν
750 4833 950 4888 καλεῖν.

1128 4919 1201 4973 l".

452 5028 530 5098 (5)
576 5023 689 5080 Καὶ
713 5020 938 5080 θάνατος
966 5014 1038 5084 (6)
1071 5008 1127 5064 δὲ
1154 5012 1183 5063 6
1210 5007 1497 5079 βοώμενος,
1527 4998 1585 5056 ὃν
1612 5001 1677 5071 δὴ
1705 4998 1939 5098 ὑποστῆ-

380 5094 473 5181 ναι
504 5094 566 5174 τὸ
594 5116 688 5172 τοῦ
730 5114 901 5181 Λόγου
940 5106 1162 5176 ἄγαλμα
1200 5101 1351 5174 παρὰ
1388 5099 1501 5161 τοῖς
1531 5097 1695 5149 πᾶσιν
1730 5094 1939 5163 ἀνωμο-

454 5259 532 5332 tu
558 5256 619 5312 ιιι
648 5253 834 5332 maiae
858 5243 1268 5332 Hesterna“:
1288 5235 1790 5332 A92";_E;_§§;..P;
1815 5231 1931 5332 ,ἓξὲ

382 5332 438 5407 ιη
455 5304 887 5407 visuris».
912 5315 1268 5407 autem;
1291 5304 1939 5407 2132335933'1‘2212112

381 5378 690 5469 ἒὲεςῖἷιὰὶιὸ
722 5378 922 5469 :titulus
956 5383 1263 5469 .Edaso’lou
1281 5460 1293 5469 ⁸
1308 5378 1940 5469 εὐαγγξζιιέἦςρςεοξαέ

722 5444 1071 5538 Darisiaco
1100 5460 1351 5538 ut_ceI:len
1365 5444 1673 5538 iesjt'AEiAnAed.‘
1693 5444 1937 5538 (ira

380 5514 885 5612 ἱιῒῗὲὀᾷιῖιέίίδὸες
933 5514 1969 5612 scandesBassaris-{Rimas-

582 5583 846 5663 ’ἰέτᾶξῦἶῆ
862 5583 1348 5668 bogfrag'mentum
1377 5583 1790 5668 _(_-.ongrui_t_cum
1839 5583 1941 5668 Sy-

383 5657 917 5743 rica'c'amseIinAvnglica
944 5657 1291 5736 Theophaniw
1324 5657 1582 5722 editione,
1610 5657 1706 5711 lib.
1746 5670 1787 5721 ι,
1818 5667 1935 5723 cap.

380 5749 478 5817 33,
503 5765 556 5820 p.
585 5746 669 5802 l2.

2049 4361 2251 4427 tionis,
2283 4364 2337 4415 et
2365 4360 2620 4415 adventus
2654 4368 2895 4427 tempora
2921 4398 2936 4425 ,
2970 4366 3025 4411 et
3068 4356 3193 4410 vita:
3224 4356 3513 4417 rationem,
3556 4360 3611 4406 et

2048 4450 2328 4516 miracula,
2366 4460 2421 4505 et
2446 4463 2720 4504 sermones
2741 4489 2755 4514 ,
2793 4459 2848 4503 et
2875 4449 3091 4517 egregia
3121 4448 3384 4509 facinora,
3410 4445 3607 4499 vatici-

2048 4543 2138 4597 nio
2169 4549 2633 4610 praeoccupantes,
2665 4540 2834 4596 sacris
2877 4540 3032 4595 libris
3074 4538 3606 4593 commendaverunt.

2046 4662 2116 4673 —-
2141 4633 2274 4687 Nam
2295 4632 2451 4687 Jesus
2489 4632 2757 4687 sanationi
2791 4641 2955 4703 atque
2982 4630 3142 4687 saluti
3169 4644 3467 4698 congruum
3503 4641 3607 4681 no-

2046 4740 2167 4779 men
2200 4734 2301 4779 est.
2335 4722 2665 4780 Salvatorem
2696 4722 2838 4776 enim
2866 4710 2959 4775 hac
2997 4720 3289 4775 salutarem
3336 4717 3473 4774 solet
3502 4715 3607 4770 lin-
3654 4778 3657 4783 ,

2046 4832 2149 4886 gua
2185 4814 2531 4872 Hebraeorum
2559 4815 2742 4870 dicere
2774 4813 2979 4867 Iesum.
3654 4808 3660 4886 ς

2776 4905 2866 4960 Ill.

2117 4997 2260 5054 Mors
2294 5014 2508 5069 quoque
2531 4998 2618 5053 illa
2652 4997 2882 5053 celebris
2911 5027 2927 5060 ,
2958 5009 3122 5066 quam
3168 4990 3337 5049 Verbi
3384 4989 3605 5048 simula-

2046 5104 2196 5144 crum
2231 5089 2545 5155 pertulisse,
2580 5089 2632 5140 in
2660 5084 2909 5140 confesso
2936 5082 3075 5153 apud
3118 5094 3306 5135 omnes
3342 5088 3449 5145 est,
3497 5092 3603 5132 non

2086 5227 2188 5352 ἐξ)
2239 5222 2552 5296 TlteOphan.
2604 5222 2725 5294 Syr.
2759 5222 2875 5277 sive
2922 5220 3206 5291 Anglican.
3242 5217 3335 5275 lib.
3382 5229 3424 5285 1,
3481 5231 3597 5288 cap.

2113 5366 2209 5435 (ξ’)
2241 5364 2495 5435 Fortasse
2523 5360 2923 5435 leg.1tpatxv§a.
2958 5359 3114 5435 Enn.

2113 5411 3112 5509 (ardeam;sirintcurva;
3135 5428 3194 5484 Ε.
3227 5428 3263 5483 r.
3294 5423 3381 5486 65.
3410 5429 3464 5484 b.
3494 5427 3599 5485 Th.

2045 5504 2168 5579 Syr.
2197 5508 2289 5579 lib.
2322 5504 2672 5579 lll,ACa_l)._2_5.

2116 5579 2192 5647 (4)
2221 5578 2351 5631 Cod.
2392 5576 2451 5628 Ε.
2488 5574 2648 5647 μεθῇς
2764 5569 2867 5647 'l_‘l_n.
2902 5569 3024 5647 ξπ.
3056 5584 3139 5633 Ill,

2118 5638 2196 5719 is)
2224 5647 2360 5719 goq.
2390 5646 2454 5698 A.
2482 5644 2520 5697 ι.
2539 5643 2668 5719 507.
2695 5646 2749 5719 b_.
2776 5640 2876 5719 'l‘h.
2904 5638 3134 5719 S'yr‘._m,
3159 5639 3355 5705 41,42,
3382 5638 3474 5693 45.

2116 5710 2192 5789 (ὕ)
2228 5715 2360 5772 Cod.
2393 5715 2652 5770 mendose
2674 5711 2836 5774 αὑτός
2871 5728 2968 5782 pro
2997 5710 3246 5773 θάνατος.
