4098 6200
892 222 977 231 ,ρ-εν
994 220 1009 225 ⁷

510 273 616 335 (⁸11

1215 282 1479 341 nussum
1518 274 1989 338 CAESARIEN-Sls
2022 277 2177 337 ὈΡΡ.
2218 267 2395 335 PAR’S
2431 282 2520 337 tv.
2560 317 2629 329 .-
2665 281 3083 339 DOGMATICA.

3647 284 3754 341 612

519 395 637 448 sine
686 396 889 468 ingenti
929 399 1173 470 prodigio
1209 402 1330 468 fuit,
1365 404 1605 470 nihilque
1637 417 1923 455 commune
1958 417 2070 456 cum

2180 399 2423 471 λόγηται,
2472 401 2659 456 πολλοῦ
2718 404 2931 474 μετέχει
2985 401 3080 455 τοῦ
3122 400 3419 473 θαύματος,
3468 404 3528 455 οὐ
3582 404 3755 469 κοινὸς

518 485 742 555 reliquis
770 488 977 542 habuit.
1018 489 1204 558 Neque
1249 493 1392 544 enim
1429 495 1618 546 morbo
1657 495 1958 549 exstinctus
1996 504 2079 549 est

517 578 784 642 Christus,
811 588 904 631 aut
935 578 1146 647 laqueo,
1173 592 1267 635 aut
1292 584 1433 652 igne,
1460 600 1632 653 neque
1665 585 1716 638 in
1753 587 1869 650 ipso
1901 589 2079 643 crucis

517 679 719 737 tropzro
752 684 903 737 teque
932 685 993 722 ac
1011 673 1189 725 caeteri
1225 674 1452 728 maleﬁci
1477 675 1626 729 Terro
1657 678 1899 730 succisus
1922 676 2026 731 fuit
2058 696 2073 743 ;

515 774 691 828 neque
723 760 818 815 abs
864 763 1052 831 quovis
1083 764 1302 820 homine
1347 767 1685 821 mortiferum
1720 768 1918 838 aliquid
1957 786 2079 838 pas-

514 868 627 917 sus,
659 853 947 908 violentam
978 858 1234 910 sustinuit
1262 873 1445 912 necem
1473 877 1487 927 ;
1533 860 1624 914 sed
1675 871 1798 916 tunc
1847 873 2079 916 tantum-

513 946 675 999 modo
698 961 823 1001 cum
863 948 976 1014 ipse
1008 959 1199 1016 sponte
1222 964 1483 1019 organum
1518 967 1671 1003 suum
1708 954 1940 1009 inimicis
1971 965 2078 1009 tra-

512 1035 686 1100 didit;
720 1052 952 1105 moxque
988 1038 1115 1092 illud
1166 1041 1233 1094 de
1274 1052 1417 1095 terra
1450 1043 1756 1097 suscitavit.
1790 1045 1999 1114 Quippe
2031 1047 2077 1102 is

513 1127 690 1181 valide
738 1128 1050 1183 exclamans
1074 1171 1089 1196 ,
1134 1129 1392 1202 Patrique
1420 1136 1670 1202 spiritum
1697 1140 2077 1194 commendare

513 1234 573 1273 se
600 1220 804 1283 dicens,
834 1221 948 1289 ipse
980 1232 1155 1276 semet
1191 1224 1465 1278 dimittens
1501 1242 1729 1295 corpore
1760 1244 1857 1283 suo
1885 1246 2074 1285 exces-

512 1308 605 1361 sit.
639 1308 760 1363 ldeo
788 1312 949 1363 etiam
989 1321 1112 1364 ante
1149 1324 1400 1379 mortem,
1436 1314 1794 1373 familiaribus
1827 1322 1941 1375 suis
1975 1323 2075 1377 hoc

422 1418 445 1425 ’ί
512 1399 914 1468 signiﬁcaverat
944 1404 1129 1458 dicens
1161 1419 1176 1458 :
1205 1405 1374 1460 Nemo
1412 1408 1546 1460 tollit
1576 1412 1804 1464 animant
1841 1430 2006 1467 meam
2043 1434 2075 1469 a

509 1507 613 1555 me,
667 1492 755 1544 sed
804 1509 894 1562 ego
948 1495 1158 1563 ipsemet
1193 1513 1307 1550 eam
1340 1516 1475 1563 pono
1504 1516 1522 1553 :
1553 1513 1859 1569 potestatem
1914 1506 2075 1559 habeo

514 1586 740 1651 ponendi
768 1603 880 1640 eam
905 1627 921 1654 ,
964 1598 1010 1640 et
1043 1599 1348 1658 potestatem
1377 1593 1543 1648 habeo
1592 1597 1784 1651 iterum
1836 1602 2073 1655 sumendi

509 1690 627 1730 eam
658 1677 723 1732 ⁸⁷.

583 1856 719 1924 Quid
751 1874 879 1929 ergo
908 1870 1030 1930 post
1056 1862 1169 1918 haec
1185 1863 1297 1932 jam
1324 1876 1608 1935 superest,
1651 1871 1758 1925 nisi
1784 1872 1963 1942 ipsum
1994 1883 2074 1929 to-

513 1946 621 2001 tius
662 1950 735 2002 rei
769 1961 950 2017 caput,
982 1967 1274 2021 qnamnam
1301 1970 1521 2011 causam
1549 1959 1819 2027 habuerit,
1853 1979 2074 2017 enarra-

510 2053 572 2093 re
598 2040 620 2092 ?
643 2040 1042 2111 famigeratum,
1082 2045 1321 2113 inquam,
1355 2049 1478 2102 vita:
1506 2050 1689 2114 linem,
1726 2062 1781 2107 et
1809 2055 2074 2121 passionis

507 2136 729 2186 modum
759 2150 772 2197 ;
820 2149 1027 2190 necnon
1058 2148 1181 2205 post
1207 2154 1392 2193 necem
1424 2180 1439 2204 ,
1476 2146 1893 2198 resurrectionis
1928 2146 2073 2216 ejus-

507 2225 629 2279 dem
678 2228 878 2294 grande
928 2229 1271 2287 miraculum.
1315 2232 1592 2301 Siquidem
1625 2236 1789 2306 igitur
1816 2238 1922 2293 alio
1976 2242 2075 2295 ali-

506 2331 615 2385 quo
650 2316 825 2381 modo,
863 2329 983 2386 post
1013 2335 1163 2375 suam
1192 2339 1314 2377 cum
1357 2326 1667 2383 hominibus
1693 2333 2072 2387 conversatio-

508 2420 654 2471 nem,
682 2417 902 2476 repente
933 2410 1217 2467 invisibilis
1246 2415 1502 2479 abiisset,
1540 2430 1712 2473 semet
1739 2421 1854 2489 ipse
1890 2439 2073 2477 suum-

509 2513 615 2567 que
642 2514 960 2568 corporeum
996 2502 1342 2558 simulacrum
1370 2506 1507 2561 clam
1544 2510 1869 2568 subtrahens
1893 2555 1907 2577 ,
1949 2514 2072 2586 fuga

508 2600 741 2643 mortem
780 2592 951 2645 vitare
988 2606 1275 2664 satagens;
1305 2608 1360 2653 et
1392 2600 1588 2655 deinde
1636 2604 1750 2671 ipse
1784 2609 2071 2662 mortalem

469 2690 720 2748 .partem
752 2697 903 2736 suam
955 2688 1258 2756 corruptela
1307 2698 1363 2744 et
1411 2692 1773 2750 destructione
1821 2713 2076 2753 consum.

507 2771 730 2839 psisset,
750 2787 809 2825 ea
842 2788 927 2827 res
960 2790 1056 2844 par
1079 2777 1441 2844 phantasmati
1467 2784 1721 2839 omnibus
1747 2788 1860 2840 visa
1892 2801 2069 2859 esset;

508 2875 683 2929 neque
730 2878 827 2931 pro
855 2878 948 2917 sua
979 2866 1241 2935 dignitate
1270 2870 1489 2939 egisset,
1542 2880 1630 2943 qui
1676 2886 1795 2931 erat
1819 2879 1912 2935 Dei
1942 2880 2073 2935 Ver-

507 2948 637 3003 bum
676 2952 856 3006 vivens
913 2964 1072 3022 atque
1128 2956 1332 3024 virtus;
1392 2977 1567 3030 neque
1617 2968 1877 3023 rescitum
1928 2984 2073 3027 esset

2182 496 2292 556 τοῖς
2336 493 2544 557 λοιποῖς
2587 497 2968 565 γεγενημένος·
3008 496 3083 548 οὐ·
3111 495 3220 566 γὰρ
3260 496 3399 566 νόσῳ
3439 495 3756 567 διαφθαρεὶς

2184 584 2306 636 οὐδὲ
2347 583 2545 655 βρόχῳ,
2571 585 2691 637 ούδέ
2722 586 2874 657 πυρὶ,
2923 586 3043 639 οὑδὲ
3093 586 3198 656 μὴν
3240 586 3357 639 κατ’
3401 586 3533 639 αὐτὸ
3562 588 3622 640 τὸ
3659 588 3754 642 τοῦ

2181 675 2415 747 σταυροῦ
2467 676 2728 747 τρόπαιον
2775 674 2974 746 ὁμοίως
3024 681 3135 741 τοῖς
3177 679 3381 742 λοιποῖς
3429 679 3757 751 κακούργοις

2179 768 2509 839 ὑποτμηθεὶς
2546 768 2768 840 σιδήρῳ,
2802 770 2910 821 οὐδ’
2948 769 3081 833 ὅλως
3111 771 3247 842 πρός
3277 789 3419 835 τινος
3454 772 3756 845 ἀνθρώπων

2181 860 2369 913 παθών
2412 878 2464 913 τι
2501 859 2609 912 τῶν
2649 862 2894 931 ἀναιρεῖν
2932 861 3220 926 εἰωθότων,
3262 863 3441 932 βιαίαν
3495 866 3754 937 ὑπέμεινε

2178 952 2449 1023 τελευτήν·
2503 952 2617 1006 ἀλλ’
2652 953 2726 1015 ὼς
2768 952 2931 1016 αὐτὸς
2979 955 3136 1024 μόνον
3180 954 3318 1009 ἐκὼν
3362 958 3645 1029 παρεδίδου
3694 961 3756 1014 τὸ

2181 1040 2343 1092 αὐτοῦ
2387 1040 2611 1111 ὄργανον
2651 1044 2763 1104 τοῖς
2798 1042 3239 1096 ἐπιϐουλεύουσιο
3275 1043 3337 1098 τὸ
3372 1048 3469 1116 μὲν
3508 1048 3616 1100 ἀπὸ
3653 1051 3757 1121 γῆς

2179 1130 2483 1201 ἀνωρθοῦτο
2512 1132 2724 1185 αὐτίκα·
2752 1135 2780 1185 ό
2806 1133 2863 1185 δὲ
2889 1136 3143 1205 φωνήσας
3170 1137 3331 1207 μέγα,
3364 1139 3457 1191 καὶ
3479 1140 3556 1210 τῷ
3580 1143 3755 1212 Πατρὶ

2177 1220 2238 1271 τὸ
2281 1222 2494 1290 πνεῦμα
2539 1223 2933 1294 παρατίθεσθαι
2976 1219 3166 1288 εἰπὼν,
3215 1226 3413 1296 ἄφετος
3456 1230 3616 1293 αὐτὸς
3658 1233 3753 1301 ἀφ’

2177 1313 2371 1365 ἑαυτοῦ
2401 1314 2497 1384 τὴν
2525 1318 2588 1367 ἐκ
2614 1314 2708 1367 τοῦ
2741 1316 3003 1386 σώματος.
3016 1317 3361 1390 ἀναχώρησιν
3392 1323 3642 1374 ἑποιείτο’
3673 1324 3756 1376 διὸ

2178 1410 2239 1479 δή
2269 1411 2372 1480 πρὸ
2404 1411 2496 1464 τοῦ
2534 1413 2765 1467 θανάτου
2795 1418 2906 1478 τοῖς
2934 1414 3095 1467 αὑτοῦ
3119 1416 3411 1487 γνωρίμοις
3440 1418 3599 1471 τοῦτο
3623 1420 3754 1473 αὐτὸ

2179 1504 2459 1573 παρεδίδου
2494 1505 2758 1559 διδάσκων
2808 1509 2901 1561 καὶ
2945 1507 3137 1575 λέγων·
3189 1508 3397 1574 Οὐδεὶς
3448 1510 3598 1578 αἴρει
3639 1510 3757 1577 τὴν

2177 1595 2387 1665 ψυχή-ν
2410 1616 2528 1666 μου
2555 1599 2654 1653 ἀπ’
2685 1599 2853 1668 ἐμοῦ,
2892 1602 3029 1655 ἀλλ’
3056 1602 3170 1670 ἐγὼ
3198 1603 3397 1670 τίθημι
3424 1603 3626 1671 αὐτὴν
3649 1605 3753 1658 ἀπ’

2177 1688 2455 1751 ἐμαυτοῦ·
2488 1689 2778 1753 ἐξουσίαν
2813 1692 2930 1762 ἔχω
2957 1692 3143 1746 θεῖναι
3184 1693 3399 1763 αὐτὴν,
3430 1696 3529 1748 καὶ
3569 1696 3754 1751 πάλιν

2173 1782 2464 1847 ἐξουσίαν
2486 1784 2602 1852 ἔχω
2634 1785 2841 1839 λαϐεῖν
2866 1786 3077 1853 αὑτήν.

2246 1876 2323 1947 (7)
2367 1877 2430 1929 Τί
2459 1874 2550 1932 οὖν
2576 1879 2667 1930 ἐπὶ
2708 1879 2920 1945 τούτοις
2956 1880 3221 1941 λείπεται,
3250 1881 3283 1952 ἢ
3311 1882 3442 1934 αὐτὸ
3468 1882 3535 1953 δὴ
3566 1883 3627 1935 τὸ
3658 1883 3751 1937 τοῦ

2176 1969 2375 2032 παντὸς
2435 1970 2729 2040 κεφάλαιον
2786 1973 2976 2025 ὁποίαν
3036 1972 3193 2043 ἔσχεν
3237 1975 3416 2027 αἰτίαν
3483 1975 3751 2041 ἐξειπεῖν;

2174 2060 2317 2129 λέγω
2358 2062 2413 2113 δὲ
2446 2063 2506 2114 τὸ
2546 2062 2977 2134 πολυθρύλλητον
3018 2064 3110 2116 τοῦ
3154 2064 3268 2134 βίου
3313 2065 3483 2128 τέλος,
3526 2068 3630 2120 καῖ’
3657 2066 3751 2120 τοῦ

2176 2155 2381 2218 πάθους
2413 2155 2501 2208 τὸν
2545 2156 2765 2226 τρόπον,
2803 2158 3018 2229 καὶτῆς
3052 2158 3189 2228 μετὰ
3225 2158 3314 2211 τὸν
3358 2159 3585 2213 θάνατον
3621 2162 3753 2215 ἀνα-

2174 2243 2413 2307 ϐιώσεως
2439 2245 2603 2298 αὐτοῦ
2627 2246 2686 2298 τὸ
2709 2247 2850 2317 μέγα
2875 2247 3077 2318 θαῦμα.
3106 2250 3166 2301 Εἰ
3194 2251 3290 2320 μὲν
3314 2246 3404 2304 οὖν
3431 2251 3602 2313 ἄλλως
3632 2272 3754 2317 πως

2179 2336 2316 2406 μετὰ
2351 2336 2448 2400 τὰς
2491 2340 2549 2390 ὲν
2594 2337 2898 2409 ἀνθρώποις
2939 2340 3219 2411 διατριϐὰς
3258 2343 3463 2413 ἀφανὴς
3509 2344 3754 2413 γεγονὼς

2175 2428 2430 2499 ἐξαίφνης
2474 2430 2712 2502 άπέπτη,
2754 2432 3063 2503 ὑποκλέψας
3118 2434 3290 2507 λάθρα
3329 2437 3514 2489 ἐαυτὸν
3552 2438 3649 2490 καὶ
3686 2438 3751 2492 τδ

2174 2522 2370 2573 οἰκεῖον
2395 2521 2639 2591 ἄγαλμα,
2676 2526 2820 2593 φυγῇ
2862 2525 2953 2576 τὸν
2995 2525 3220 2579 θάνατον
3262 2527 3538 2599 διαδράναι
3585 2548 3754 2582 σπου-

2174 2613 2363 2676 δάσας,
2385 2614 2620 2668 κᾶπειτά
2649 2632 2749 2667 που
2776 2616 2835 2669 τὸ
2860 2617 3049 2689 θνητὸν
3078 2621 3237 2685 αὐτὸς
3261 2622 3326 2674 δι’
3349 2622 3541 2675 ἐαυτοῦ
3573 2623 3752 2695 φθορᾷ

2177 2707 2269 2758 καὶ
2297 2707 2540 2778 ἀπωλείᾳ
2563 2708 2887 2779 συνεψήσας,
2913 2711 3156 2781 φάσματι
3180 2712 3246 2765 ἂν
3270 2714 3429 2783 ἐῴκει
3455 2716 3568 2777 τοῖς
3593 2718 3747 2768 πᾶσι’

2176 2800 2269 2852 καὶ
2299 2801 2397 2852 οὐκ
2423 2799 2488 2852 ἂν
2510 2800 2670 2863 αὐτὸς
2695 2803 2843 2872 αὐτῷ
2865 2802 2932 2855 τὰ
2958 2802 3235 2874 πρέποντα
3262 2806 3610 2877 διεπράξατο,
3640 2806 3748 2871 ζῶν

2180 2892 2276 2960 μὲν
2304 2893 2581 2961 τυγχάνων
2607 2894 2699 2945 καὶ
2732 2892 2865 2945 Θεοὸ
2899 2894 3069 2962 Λόγος
3109 2895 3201 2947 καὶ
3236 2895 3488 2966 δύναμις,
3528 2897 3645 2950 οὔτ’
3680 2900 3748 2953 ἂν

2175 2983 2417 3054 ἐγνώσθη
2439 2986 2546 3054 ὅπη
2570 2985 2698 3037 ποτέ
2719 2986 2927 3056 ὑπῆρχε
2949 2988 3221 3057 χωρήσας,
3242 2986 3353 3038 οὒτ’
3379 2988 3444 3040 ἂν
3470 2988 3747 3061 ἐπιστώθη

508 3057 745 3109 quonam
782 3049 1142 3113 excessisset;
1198 3065 1371 3118 neque
1417 3054 1467 3107 id
1521 3058 1785 3112 creditum
1820 3073 1965 3117 esset
2001 3065 2069 3118 ab

2175 3049 2285 3137 τοῖς
2341 3049 2417 3145 μή
2457 3049 3133 3146 παρειληφόσιν,”ούτ”άν
3172 3077 3400 3131 θανάτου
3441 3079 3540 3151 τὴν
3586 3049 3748 3149 φύσιν

511 3138 620 3192 illis
647 3140 843 3207 quibus
875 3142 1235 3210 significatum
1274 3160 1377 3199 non
1407 3145 1596 3201 fuisset
1629 3166 1643 3214 ;
1694 3165 1865 3219 neque
1911 3163 2067 3209 natu-

510 3229 701 3283 raliter
728 3229 902 3285 morte
930 3232 1121 3289 fortior
1165 3236 1539 3305 apparuisset;
1582 3254 1753 3308 neque
1787 3244 2070 3312 [propriam

511 3331 769 3374 naturam
799 3338 828 3375 a
866 3326 1203 3380 mortalitate
1235 3329 1609 3395 liberavisset;
1654 3346 1825 3401 neque
1871 3350 1933 3388 ea
1983 3352 2071 3392 res

510 3412 708 3464 toto‘ab
745 3413 1052 3470 hominibus
1085 3417 1327 3472 habitato
1357 3417 1488 3471 orbe
1510 3420 1757 3473 exaudita
1777 3433 1960 3488 esset;
1986 3440 2073 3477 ne-

510 3517 616 3570 que
635 3504 915 3573 discipulis
942 3506 1056 3559 suis
1082 3509 1270 3562 mortis
1294 3520 1660 3578 contemptum
1677 3517 2068 3583 persuasisset;

511 3607 687 3661 neque
715 3595 1005 3663 magisterii
1037 3596 1120 3648 sui
1156 3597 1388 3652 alumnis
1417 3600 1535 3653 vitae
1554 3613 1671 3670 post
1699 3602 1901 3656 obitum
1932 3606 2072 3672 apud

509 3682 679 3736 Deum
737 3686 953 3754 agendae
988 3701 1134 3753 spem
1183 3688 1469 3743 obtulisset
1500 3707 1516 3754 ;
1552 3706 1726 3758 neque
1760 3709 2070 3748 sermonum

508 3791 729 3830 suorum
761 3779 1025 3845 promissa
1061 3779 1495 3848 adimplevisset;
1532 3798 1706 3852 neque
1742 3788 2072 3854 propheticis

511 3868 579 3922 de
630 3883 689 3922 se
725 3869 1165 3935 praedictionibus
1209 3887 1500 3940 congruum
1547 3875 1750 3929 exitum
1790 3880 2072 3944 praestitis-

510 3969 627 4023 set;
660 3972 832 4026 neque
862 3970 1191 4027 postremum
1218 3963 1457 4016 omnium
1503 3965 1808 4020 conﬂictum
1836 4008 1851 4034 ,
1881 3972 2069 4027 videli-

510 4058 598 4104 cet
621 4050 881 4106 adversus
913 4064 1163 4120 mortem,
1196 4058 1603 4112 decertavisset.

552 4142 810 4214 {Propter
864 4146 977 4200 [nec
1043 4150 1262 4213 omnia,
1320 4152 1445 4219 quia
1508 4168 1727 4222 prorsus
1788 4159 2070 4225 oportebat

507 4236 738 4291 mortale
763 4252 1023 4305 organum
1048 4277 1063 4301 ,
1098 4252 1217 4308 post
1247 4240 1520 4297 sullicieus
1569 4246 1924 4302 ministerium
1962 4252 2069 4307 Deo

513 4324 688 4381 Verbo
715 4328 1039 4393 exhibitunn,
1062 4330 1217 4384 linem
1252 4334 1362 4386 Deo
1378 4334 1597 4403 dignum
1628 4340 1891 4405 nancisci,
1923 4342 2063 4407 ideo,

508 4419 753 4489 inquam,
795 4421 901 4475 tale
933 4423 1120 4475 mortis
1148 4438 1316 4491 genus
1343 4426 1524 4494 elegit.

508 4513 993 4567 consummationis
1050 4514 1286 4569 rationes
1353 4523 1718 4575 tantunnnodo
1775 4524 2062 4591 adessent,

508 4618 701 4671 nempe
730 4604 811 4658 vel
849 4608 1169 4675 corruptelae
1201 4619 1362 4677 atque
1412 4612 1576 4665 exitio
1612 4624 1777 4666 totum
1810 4616 2023 4670 tradere
2047 4658 2063 4683 ,

509 4702 672 4762 atque
698 4696 770 4749 ita
799 4698 1167 4764 turpissimum
1198 4699 1374 4755 facere
1408 4703 1528 4756 vita:
1572 4703 1767 4769 liuent;
1803 4707 1883 4758 vel
1906 4710 2061 4763 morti

508 4786 840 4853 superiorem
877 4799 1048 4842 semet
1070 4791 1374 4855 ostendere,
1412 4793 1592 4846 divina
1621 4796 1815 4849 virtute
1844 4798 2065 4853 immor-

509 4876 619 4928 tale
665 4874 940 4931 eﬂiciendo
988 4882 1129 4947 quod
1187 4884 1411 4937 mortale
1459 4898 1607 4952 erat;
1663 4891 1810 4957 prior
1851 4892 2063 4959 quidem

507 4966 696 5019 modus
748 4969 1192 5035 promissiouibns
1246 4976 1450 5030 alienus
1507 4989 1657 5044 erat;
1716 4996 1837 5034 nam
1895 4999 2066 5053 neque

508 5054 649 5125 ignis
674 5060 948 5127 proprium
988 5073 1070 5117 est
1120 5065 1435 5134 frigescere,
1471 5086 1642 5138 neque
1676 5074 1811 5128 lucis
1843 5077 2066 5133 obteue-

506 5148 689 5217 brari,
748 5168 925 5223 neque
955 5156 1075 5210 vita:
1128 5160 1296 5222 mori,
1338 5174 1511 5228 neque
1558 5164 1754 5219 divina:
1789 5170 2065 5239 sapientia:

508 5239 825 5310 insipienter
871 5262 1046 5316 agere.
1083 5248 1189 5303 Cur
1228 5251 1369 5304 cnim
1403 5252 1470 5317 is,
1516 5254 1605 5321 qui
1659 5258 1871 5313 caeteris
1900 5264 2060 5320 vitam

580 5354 625 5383 ⁸⁷
654 5353 809 5411 Joan.
849 5375 901 5424 ι,
946 5362 1032 5417 18.

685 5470 816 5554 qod.
842 5474 902 5525 Α.
931 5474 968 5554 l‘.
1002 5477 1124 5530 302.
1227 5478 1329 5554 Th.
1359 5479 1483 5554 Syr.
1515 5498 1595 5545 Ill,
1622 5483 1691 5538 45
1712 5501 1828 5554 seq.

581 5541 797 5624 (εδ-’ἰῆς
823 5546 1227 5624 causisinortis
1255 5541 1450 5605 Chriin
1496 5541 1689 5608 nollem
1735 5541 2062 5624 in'Anglica-

494 5611 854 5694 .na'editione
904 5616 1114 5694 additas
1158 5620 1324 5694 fuisse
1358 5625 1660 5681 nurnerales
1700 5639 1874 5692 notas,
1900 5611 2059 5694 quasi

509 5681 728 5738 totidem
754 5683 859 5737 sint
896 5687 1076 5753 Operis
1113 5690 1366 5757 capitula.

2177 3167 2350 3237 ἐφάνη
2380 3167 2662 3238 κρείττων,
2691 3167 2802 3220 οὔτ’
2830 3168 2895 3221 ἂν
2931 3169 2991 3220 τὸ
3018 3169 3207 3237 θνητὸν
3231 3171 3330 3239 τῆς
3365 3171 3571 3233 οἰκείας
3597 3172 3751 3241 ἠλευ-

2178 3257 2335 3330 θέρου
2366 3259 2597 3328 φύσεως,
2627 3260 2742 3313 οὔτ’
2789 3259 2853 3314 ἂν
2887 3261 3006 3314 καθ’
3043 3261 3169 3331 ὅλης
3209 3265 3306 3332 τῆς
3338 3262 3640 3333 ἀνθρώπων
3668 3264 3747 3315 οἱ-

2176 3366 2272 3402 κου
2282 3351 2445 3420 μένης
2467 3352 2727 3421 ἠκούσθη,
2750 3352 2860 3405 οὔτ’
2883 3352 2949 3405 ἂν
2983 3352 3213 3405 θανάτου
3242 3357 3597 3425 καταφρονεῖν
3623 3355 3748 3418 τοὺς

2176 3443 2338 3496 αὑτοῦ
2378 3444 2622 3514 μαθητὰς
2654 3444 2890 3508 ἔπεισεν,
2942 3443 3051 3497 οὔτ’
3102 3444 3169 3497 ἂν
3203 3446 3298 3515 τῆς
3348 3447 3483 3516 μετὰ
3520 3446 3748 3501 θάνατον

2179 3534 2326 3604 παρὰ
2353 3533 2469 3603 Θεῴ
2503 3532 2646 3605 ζωῆς
2678 3538 2787 3597 τοῖς
2821 3534 2916 3605 τὴν
2947 3535 3111 3588 αὑτοῦ
3139 3536 3483 3589 διδασκαλίαν
3528 3538 3747 3607 μετιοῦ-

2179 3643 2261 3678 σιν
2289 3625 2517 3697 [ἐλπίδα]
2564 3628 2961 3698 παρεστήσατο,
2997 3627 3108 3681 οὔτ’
3137 3628 3202 3682 ἂν
3235 3630 3343 3681 τῶν
3380 3631 3543 3683 αὑτοῦ
3575 3631 3748 3700 λόγων

2176 3718 2272 3781 τὰς
2313 3718 2640 3785 ἐπαγγελίας
2673 3720 2931 3790 ἐπλήρου,
2963 3720 3072 3773 οῠτ’
3116 3722 3181 3774 ἂν
3220 3724 3338 3787 ταῖς
3380 3727 3746 3794 προφητικαῖς

2177 3811 2303 3881 περὶ
2338 3810 2499 3864 αὑτοῦ
2528 3814 2859 3882 προρρήσεσι
2889 3813 3151 3883 σύμφωνα
3178 3818 3403 3884 παρεῖχε
3432 3814 3500 3867 τὰ
3545 3817 3743 3869 ἁποτε·

2176 3904 2442 3973 λέσματα,
2490 3903 2601 3956 οὒτ’
2642 3904 2705 3957 ἂν
2752 3905 2841 3957 τὸν
2869 3905 3095 3958 ὕστατον
3148 3907 3401 3959 ἁπάντων
3430 3908 3615 3975 ἀγῶνα
3636 3909 3748 3979 διη-

2178 3995 2381 4066 θλήκει·
2418 3991 2569 4060 οὗτος
2591 3997 2633 4049 δ’
2661 3992 2728 4069 ἦν
2761 3998 2789 4050 ὁ
2810 3997 2947 4052 κατὰ
2976 3998 3067 4051 τοῦ
3104 4000 3331 4053 θανάτου
3369 4000 3465 4072 (8).

2245 4176 2333 4228 Διὸ
2385 4176 2447 4249 δὴ
2488 4176 2689 4230 τούτων
2741 4178 2898 4229 ἕνεκα
2953 4178 3187 4241 πάντων,
3236 4179 3420 4250 ἐπειδὴ
3465 4180 3633 4250 ἐχρῆν
3684 4180 3744 4245 ἐξ

2176 4266 2409 4330 ἅπαντος
2437 4264 2497 4320 τὸ
2530 4267 2719 4337 θνητόν
2752 4269 2977 4338 ὄργανον
3027 4268 3161 4337 μετὰ
3205 4269 3303 4339 τὴν
3346 4270 3591 4341 αὐτάρκη
3624 4271 3743 4323 δια-

2175 4360 2355 4410 κονίαν
2400 4361 2465 4429 ἦν
2504 4360 2579 4430 τῷ
2630 4360 2748 4429 Θεῷ
2785 4360 2939 4428 Λόγῳ
2977 4360 3354 4431 διηκονήσατο,
3393 4362 3577 4425 τέλους
3626 4362 3747 4415 θεο-

1574 4428 1701 4481 Nam
1753 4446 1917 4499 quum
1956 4438 2070 4488 dum
2102 4441 2146 4498 Ι)
2175 4449 2415 4519 πρεποῦς
2447 4453 2648 4518 τυχεῖν,
2685 4449 2856 4521 ταύτῃ
2894 4467 2968 4520 πη
3002 4448 3149 4519 αὐτῷ
3176 4450 3268 4501 καὶ
3296 4450 3322 4499 ό
3351 4449 3577 4512 θάνατος
3602 4447 3743 4520 ᾠκο-

2171 4542 2399 4605 νομεῖτο.
2434 4541 2588 4592 Δυοῖν
2614 4540 2720 4609 γὰρ
2760 4538 3095 4609 λειπομένων
3121 4538 3198 4609 τῷ
3224 4537 3387 4604 τέλει,
3419 4538 3451 4608 ἢ
3499 4538 3675 4609 φθορᾷ
3705 4538 3739 4608 ἢ

2169 4631 2410 4701 ἀπωλείᾳ
2449 4631 2777 4703 παραδοῦναι
2806 4632 2866 4684 τὸ
2898 4632 3027 4696 πᾶν,
3064 4631 3155 4684 καὶ
3195 4632 3479 4701 αἰσχίστην
3506 4632 3738 4701 ποιήσα-

2171 4722 2290 4773 σθαι
2317 4721 2411 4792 τὴν
2429 4722 2521 4774 τοῦ
2554 4722 2668 4792 βίου
2696 4724 3098 4794 καταστροφὴν,
3129 4723 3161 4793 ἢ
3197 4723 3424 4776 θανάτου
3454 4721 3739 4793 κρείττονα

2167 4811 2355 4863 ἑαυτὸν
2391 4816 2572 4883 φῆναι,
2601 4814 2753 4885 θεῖκῇ
2781 4814 3006 4883 δυνάμει
3030 4815 3089 4866 τὸ
3118 4814 3307 4885 θνητὸν
3333 4814 3596 4867 ἀθάνατον
3629 4830 3736 4865 πα-

2167 4905 2591 4975 ραστησάμενον·
2631 4906 2689 4957 τὸ
2728 4907 2825 4976 μὲν
2860 4906 3073 4977 πρῶτον
3114 4906 3382 4959 ἀνοίκειον
3426 4904 3525 4974 τῆς
3558 4906 3733 4973 ἐπαγ-

2164 4997 2367 5063 γελίας·
2403 4997 2462 5049 οὐ
2502 4996 2610 5069 γὰρ
2642 4997 2705 5068 δὴ
2738 4999 2906 5071 πυρὸς
2950 5000 3146 5051 οἰκεῖον
3178 4997 3239 5051 τὸ
3269 4997 3459 5067 ψύχειν
3487 4995 3585 5067 (9).
3612 4997 3735 5050 οὐδὲ

2171 5089 2342 5157 φωτὸς
2373 5089 2433 5141 τὸ
2480 5089 2760 5154 σκοτίζειν,
2810 5090 2980 5156 οὕτως
3018 5092 3137 5144 οὐδὲ
3173 5091 3315 5161 ζωῆς
3354 5090 3414 5142 τὸ
3446 5088 3730 5151 θανατοῦν,

2169 5181 2286 5233 οὐδὲ
2329 5181 2420 5233 τοῦ
2459 5181 2592 5234 Θεοῦ
2620 5183 2791 5251 Λόγου
2829 5186 2886 5236 τδ
2914 5184 3233 5257 παραλόγως
3278 5185 3536 5254 ἐνεργεῖν
3580 5182 3729 5232 ποῖον

2168 5267 2259 5324 οὖν
2295 5269 2405 5343 εἶχε
2438 5273 2592 5343 λόγον
2622 5274 2709 5327 τὸν
2740 5275 2947 5346 ἑτέροις
2983 5274 3125 5345 ζωὴν
3155 5274 3638 5344 ἐπαγγελλόμενον,
3666 5267 3727 5321 τὸ

2242 5499 2258 5559 (
2267 5496 2319 5563 9)
2350 5495 2519 5551 Verba
2544 5495 2757 5568 ψύχειν,
2799 5497 3083 5561 σκοτίζειν,
3110 5498 3393 5562 θανατοῦν,
3426 5514 3530 5553 non
3554 5499 3728 5551 activo

2170 5571 2265 5619 sed
2296 5579 2488 5620 neutro
2529 5584 2691 5621 sensu
2724 5570 2810 5623 hic
2843 5582 2965 5623 esse
3007 5570 3322 5639 accipienda
3355 5572 3524 5639 Syrus
3563 5569 3729 5623 inter-

2168 5653 2289 5706 pres
2322 5639 2677 5691 demonstrat.
