4098 6200
401 244 501 302 61⁸5

1748 240 1836 301 DE
1876 198 2361 302 THEOPHANIA.‘

2478 175 2524 187 Vw.

3531 252 3638 310 6η

395 364 599 418 οἰκεῖον
645 364 874 436 ὄργανον
916 358 1269 436 φθειρόμενον
1325 365 1601 438 παριδεῖν;
1656 364 1863 419 Οὐκοῦν
1914 364 1974 418 τὸ

2085 366 2400 435 promiserat
2423 404 2438 429 ,
2487 375 2746 435 organum
2779 378 2933 422 suum
2965 369 3367 440 corruptionem
3402 375 3510 441 pati
3546 391 3641 429 nc-

393 454 652 527 δεύτερον
678 458 964 526 ἀναγκαῖον
986 453 1074 527 ἦν,
1102 458 1245 525 λέγω
1269 457 1325 510 δὲ
1349 458 1407 511 τὸ
1439 457 1665 511 Θανάτου
1696 458 1976 528 κρείττονα

399 548 597 601 ἑαυτὸν
629 550 807 619 φῆναι.
841 548 963 612 Πῶς
992 545 1084 602 οὖν
1112 549 1281 620 ἐχρῆν
1304 546 1459 601 τοῦτο
1485 548 1841 619 ποιήσασθαι;
1870 550 1977 602 Λα-

403 638 615 709 Θραίως
641 641 745 711 ἄρα
766 641 857 693 καὶ
884 639 1251 710 κλοπιμαξωςζ
1285 641 1316 710 ἦ
1339 644 1449 702 τοῖς
1469 642 1632 693 πᾶσιν
1657 640 1977 711 ἀριπρεπῶς

405 734 504 786 καὶ
539 733 823 805 διαδήλως;
876 733 1036 785 Ἀλλὰ
1079 733 1289 786 σκότιον
1334 733 1431 803 μὲν
1462 732 1556 785 καὶ
1584 733 1809 803 κρύφιον
1849 732 1978 785 αὐτὸ

409 825 649 897 πραχθὲν
681 826 741 877 τὸ
764 825 1113 897 κατόρθωμα,
1142 825 1328 895 μηδενὶ
1370 825 1425 877 δὲ
1453 825 1711 893 γνωσθὲν,
1739 825 1887 877 οὐδὲν
1912 826 1978 879 ἂν

409 918 602 990 ὢνησε·
638 918 824 988 βοηθέν
848 918 903 970 δὲ
935 920 1028 971 καὶ
1053 917 1315 970 άκουσθὲν
1344 918 1425 980 εἰς
1448 918 1677 983 πάντας,
1704 919 1817 980 τοῖς
1846 918 1978 970 πᾶσι

405 1012 507 1081 τὴν
546 1012 608 1063 ἐκ
645 1010 737 1063 τοῦ
783 1011 1060 1081 θαύματος
1106 1014 1364 1082 παρεῖχεν
1414 1010 1697 1078 ὠφέλειαν.
1742 1010 1979 1073 Εἰκότως

404 1102 534 1174 ἄρα,
563 1102 749 1173 ἐπειδὴ
798 1104 963 1173 ἐχρῆν
997 1103 1057 1155 τὸ
1094 1102 1259 1154 αὐτοῦ
1300 1101 1527 1173 ὀργανον
1551 1104 1793 1173 κρεῖττον
1819 1101 1979 1154 Θανά-

404 1212 496 1247 του
524 1195 709 1265 φῆναι,
743 1194 840 1247 καὶ
872 1194 1028 1246 τοῦτο
1052 1192 1253 1265 πρᾶξαι
1285 1194 1359 1264 μὴ
1396 1194 1475 1256 εἰς
1501 1193 1562 1245 τὸ
1596 1192 1832 1263 λεληθὸς,
1864 1193 1978 1245 ἀλλ’

406 1286 492 1339 ἐπ’
520 1286 704 1355 ὄψεσιν
729 1284 1052 1356 ἀνθρώπων,
1083 1286 1142 1337 οὐ
1180 1285 1367 1354 φεύγει
1398 1285 1494 1355 μὲν
1519 1285 1608 1337 τὸν
1640 1284 1884 1337 Θάνατον’
1912 1281 1979 1355 ἦν

404 1376 515 1449 γὰρ
554 1376 618 1430 ἂν
643 1376 833 1439 δειλὸς,
870 1377 963 1429 καὶ
1005 1375 1232 1429 Θανάτου
1265 1376 1461 1447 χείρων
1495 1375 1773 1447 ἐνομίσθη*
1801 1376 1887 1429 διὰ
1925 1376 1981 1428 δὲ

403 1471 502 1539 τῆς
530 1470 665 1540 πρὸς
700 1469 791 1522 τὸν
834 1469 1058 1522 Θάνατον
1095 1468 1433 1538 συμπλοκῆς,
1459 1463 1544 1521 οἷα
1575 1468 1709 1539 πρὸς
1740 1470 1982 1536 ἀνταγω-

405 1560 593 1632 νιστὴν
628 1560 759 1630 (11)),
795 1563 855 1614 τὸ
903 1560 1096 1632 Θνητὸν
1146 1560 1411 1614 ἀθάνατον
1454 1560 1711 1632 παρίστη,
1757 1560 1982 1613 ὕστατον

406 1653 595 1719 ἀγῶνα
618 1652 803 1706 τοῦτον
829 1653 969 1723 ὑπὲρ
1004 1653 1103 1722 τῆς
1129 1654 1383 1707 ἁπάντων
1420 1652 1687 1723 σωτηρίας
1722 1653 1813 1705 καὶ
1846 1654 1980 1706 ἀθα-

406 1745 600 1807 νασίας
632 1745 1066 1815 ἀναδεδεγμένος.

482 1923 593 1995 (11)
644 1923 700 1977 Ὀ
730 1924 826 1995 μὲν
851 1923 960 1995 γὰρ
989 1923 1201 1996 πρῶτος
1224 1922 1373 1994 αὐτῷ
1394 1922 1595 1995 [ἁγὼν]
1628 1924 1770 1977 κατὰ
1791 1924 1982 1995 δαιμό-

406 2034 513 2069 νων
543 2017 821 2087 ἐνηργεῖτο
856 2017 946 2068 ἐπὶ
977 2016 1290 2087 καθαιρέσει
1320 2018 1419 2087 τῆς
1453 2015 1715 2069 πολυθέου
1749 2016 1981 2088 πλάνηςο

408 2110 531 2161 ἐπεὶ
549 2108 607 2161 δέ
635 2109 662 2159 ὀ
690 2108 822 2179 πρὸς
852 2108 1035 2160 τούσδε
1061 2109 1210 2171 τέλος
1232 2103 1377 2178 εἶχεν
1407 2107 1577 2176 ἀγὼν,
1612 2108 1864 2178 δεύτερος
1891 2110 1983 2160 ἐπὶ

407 2198 557 2252 λύσει
584 2199 681 2269 τῆς
702 2199 793 2251 τοῦ
819 2199 1045 2253 Θανάτου
1072 2199 1524 2262 καταδυναστείας
1556 2199 1786 2267 ἐγίνετο’
1809 2201 1857 2253 οἱ
1886 2200 1983 2270 μὲν

410 2291 518 2362 γάρ
550 2291 671 2343 κατ’
714 2290 877 2343 αὐτοῦ
927 2290 1249 2360 συνηγμένοι
1294 2290 1563 2361 δαίμονες,
1606 2292 1634 2344 ὅ
1681 2309 1739 2345 τε
1782 2292 1984 2343 τούτων

411 2383 675 2453 ἐξάρχων,
702 2382 770 2435 τά
800 2381 945 2434 νῶτα
971 2382 1111 2435 κατὰ
1136 2382 1235 2453 τὴν
1275 2382 1495 2455 πρώτην
1530 2382 1677 2453 αὑτῷ
1712 2384 1985 2455 συμϐολὴν

413 2475 929 2545 παραχωρήσαντες,
953 2474 1043 2526 τὸν
1087 2474 1335 2545 δεύτερον
1377 2472 1536 2528 ἆθλον
1578 2476 1861 2537 ἐσκόπουν,
1890 2476 1983 2529 τοῦ

416 2563 530 2633 βίου
566 2564 749 2617 λοιπὸν
787 2565 883 2635 τὴν
923 2564 1162 2633 ὑστάτην
1205 2566 1585 2635 καταστροφὴν
1622 2566 1983 2637 ἐκδεχόμενοι,

412 2654 509 2707 καὶ
542 2646 642 2722 τὴν
681 2652 778 2705 τοῦ
812 2653 1005 2725 θνητοῦ
1044 2654 1299 2725 τελευτὴν
1341 2655 1530 2724 ὁμοίαν
1568 2654 1785 2707 ἔσεσθαι
1823 2658 1985 2709 πᾶσιν

414 2745 719 2816 ἀνθρώποις
743 2746 1192 2817 καραδοκοῦντες·
1228 2749 1288 2800 ού
1315 2748 1423 2819 γάρ
1450 2747 1515 2800 ἂν
1546 2746 1765 2801 πώποτε
1790 2749 1985 2819 Θνητὴν

417 2837 573 2906 φύσιν
619 2838 845 2891 Θανάτου
888 2840 1174 2906 κρείττονα
1250 2838 1502 2907 γενέσθαι
1556 2840 1980 2911 προσεδόκησαν*

414 2929 444 2979 ό
462 2928 517 2980 δὲ
543 2928 677 2997 μετὰ
705 2926 771 2980 τὰ
797 2928 987 2999 πρῶτα
1016 2929 1156 2982 κατὰ
1189 2929 1455 2999 δαιμόνων
1487 2930 1724 3001 τρόπαια
1764 2930 1864 3000 ἤδη
1892 2931 1986 2983 καὶ

415 3019 557 3073 κατὰ
584 3018 675 3072 τοῦ
698 3019 923 3074 Θανάτου
947 3022 1330 3092 παρετάττετο.
1359 3022 1529 3074 Ὣσπε
1538 3038 1567 3091 ρ
1586 3020 1643 3074 δέ
1662 3021 1809 3084 εῐτις
1825 3021 1988 3074 ἄκαυ-

419 3128 540 3163 στον
580 3114 710 3182 ἡμῖν
754 3114 849 3165 κα).
892 3115 1063 3185 πυρὸς
1112 3117 1178 3185 τῇ
1227 3114 1386 3183 φύσει
1429 3118 1673 3185 κρεῖττον
1719 3114 1887 3180 δεῖξαί
1935 3133 1987 3167 τι

422 3204 613 3266 σκεῦος
644 3204 854 3274 ἢθελεν,
879 3207 979 3259 οὐκ
1008 3206 1180 3270 ἄλλως
1204 3205 1269 3259 ἂν
1306 3206 1368 3258 τὸ
1394 3205 1579 3275 Θαῦμα
1608 3207 1988 3277 παρεστήσατο

419 3294 453 3366 ἢ
478 3296 606 3367 πυρὶ
628 3298 900 3368 παραδοὺς
920 3300 981 3352 τὸ
1011 3300 1145 3369 μετὰ
1173 3302 1380 3371 χεῖρας,
1407 3298 1641 3351 κᾶπειτα
1685 3297 1821 3351 σῶον
1858 3298 1989 3351 αὐτὸ

422 3388 515 3441 καὶ
546 3388 867 3460 ἀδιάφθορον
898 3389 989 3441 τοῦ
1036 3392 1205 3461 πυρὸς
1247 3391 1440 3457 ἐξελών
1477 3392 1608 3462 (t2)-
1643 3393 1784 3446 κατὰ
1816 3393 1988 3447 ταῦτα

420 3480 484 3551 δὴ
512 3482 601 3533 καὶ
636 3483 663 3533 ὁ
696 3482 803 3533 τῶν
838 3482 972 3535 ὅλων
1012 3482 1272 3547 ζωοποιὸς
1313 3484 1445 3537 Θεοῦ
1478 3486 1670 3553 Λόγος,
1706 3486 1767 3539 τὸ
1796 3486 1987 3557 Θνητὸν

423 3572 665 3642 ὄργανον,
722 3566 766 3639 ᾧ
817 3572 950 3644 πρὸς
1016 3572 1315 3643 ἀνθρώπων
1372 3574 1638 3647 ἐκέχρητο
1691 3576 1985 3646 σωτηρίαν,

425 3668 663 3734 κρεῖττον
696 3663 921 3717 Θανάτου
958 3664 1121 3733 φῆναι
1164 3665 1461 3735 βουληθεὶς,
1509 3664 1568 3719 εῦ
1620 3666 1764 3737 μάλα
1796 3667 1987 3738 χρησί-

430 3774 533 3826 μην
558 3758 715 3827 ὑπῄει
748 3756 844 3826 τὴν
871 3757 1196 3826 οἰκονομίαν,
1228 3758 1288 3809 τὸ
1318 3756 1476 3826 σῶμα
1510 3758 1643 3828 πρὸς
1685 3758 1854 3829 βραχὺ
1890 3775 1989 3811 κα-

428 3849 664 3901 ταλιπὼν
695 3850 825 3918 (15),
861 3852 954 3901 καὶ
980 3850 1039 3901 τὸ
1066 3849 1256 3917 Θνητὸν
1288 3849 1364 3919 τῷ
1396 3850 1607 3919 Θανάτῳ
1637 3851 1794 3903 πάλιν
1824 3852 1987 3919 ὑφαι-

431 3940 705 4012 ρούμενος,
740 3943 818 4003 εἰς
862 3941 1201 4010 παράστασιν
1233 3941 1329 4010 τῆς
1372 3939 1552 3992 ἐνθέου
1586 3940 1883 4010 δυνάμεως.
1924 3942 1988 3994 Ἡ

429 4034 527 4103 μὲν
560 4030 649 4087 οὖν
680 4032 865 4104 πρώτη
900 4033 1044 4085 αἰτία
1070 4028 1138 4102 ἦν
1165 4030 1320 4102 αῦτη.

498 4125 605 4195 (1.1)
644 4126 875 4195 Δευτέρα
902 4125 958 4176 δὲ
988 4124 1085 4193 τῆς
1118 4124 1173 4175 ἐν
1214 4121 1291 4192 τῷ
1336 4120 1546 4191 σώματι
1586 4121 1986 4192 κατοικησάσης

428 4218 607 4272 ἐνθέου
639 4219 914 4287 δυνάμεως
944 4215 1183 4280 ἔνδειξις.
1232 4213 1446 4284 Ἐπειδὴ
1479 4214 1583 4283 γὰρ
1623 4212 1683 4265 τὸ
1723 4214 1988 4285 πρότερον

428 4308 551 4371 τοὺς
580 4308 682 4360 ὑπὸ
721 4305 812 4358 τοῦ
848 4306 1075 4359 Θανάτου
1116 4303 1496 4374 νενικημένους
1532 4303 1727 4373 ἄνδρας
1764 4302 1989 4375 θνητοὺς

430 4398 660 4470 ἀληθῶς,
706 4399 799 4450 καὶ
832 4396 1004 4449 κοινὸν
1048 4396 1193 4459 τέλος
1238 4395 1709 4465 ὑποδεδεγμένους,
1748 4395 1988 4459 ὲθεὶαζον

429 4492 723 4563 ἄνθρωποι,
751 4491 935 4561 ἥρωάς
982 4506 1039 4541 τε
1080 4490 1173 4540 καὶ
1220 4488 1373 4551 Θεοὺς
1419 4487 1717 4557 ὠνόμαζον·
1767 4489 1990 4553 εἰκότως

427 4587 664 4640 διδάσκει
714 4586 869 4655 μόνον
912 4581 1099 4635 τοῦτον
1130 4584 1187 4634 ἐν
1222 4581 1435 4649 Θανάτῳ
1476 4580 1607 4633 Θεὸν
1636 4581 1807 4652 ἀληθῆ
1854 4577 1990 4634 εἶναι

428 4679 725 4749 ὁμολογεῖν,
748 4678 837 4729 τὸν
857 4678 924 4728 τὰ
945 4674 1169 4747 βραδεῖα
1192 4675 1288 4744 τῆς
1311 4672 1450 4726 κατὰ
1472 4672 1563 4725 τοῦ
1589 4673 1816 4726 Θανάτου
1838 4674 1991 4743 νίκης

430 4770 853 4843 ἀναδησάμενοι).
888 4770 995 4839 (15)
1030 4767 1198 4838 Τρίτη
1226 4766 1269 4818 δ’
1306 4766 1370 4819 ἂν
1400 4766 1483 4837 εἴη
1519 4766 1664 4819 αἰτία
1695 4764 1787 4817 τοῦ
1816 4782 1990 4834 σωτη-

502 4912 610 4982 (10)
643 4910 738 4964 llic
776 4910 831 4982 in
863 4908 1079 4982 Anglica
1114 4904 1487 4982 translatione,
1545 4918 1597 4972 p.
1632 4905 1753 4982 188,
1791 4919 1845 4959 v.
1891 4904 1981 4969 16,

429 4974 679 5050 νίᾶεοίὺει
712 4980 813 5032 this
836 4974 1127 5050 contemtor:
1164 4975 1283 5027 with
1318 4975 1493 5036 death,
1521 4991 1578 5027 as
1626 4974 1748 5027 with
1788 4990 1820 5026 a
1870 4989 1991 5026 con-

432 5047 749 5118 temporary.
781 5047 1150 5118 conﬂictu/tat:
1189 5061 1304 5118 cum
1329 5054 1531 5118 morte,
1582 5054 1828 5118 tanquam
1874 5060 1990 5118 cunt

430 5114 887 5188 contemporaneo.
915 5116 1189 5188 Syriacus
1216 5114 1358 5188 quid
1385 5116 1593 5188 habeat
1614 5114 1815 5179 nescio,
1864 5114 1989 5188 quia

434 5189 573 5245 libro
606 5177 786 5244 careo.
822 5186 926 5241 Sed
974 5177 1128 5239 certe
1170 5177 1293 5239 vera
1348 5184 1510 5237 lectio
1556 5182 1738 5237 Graeca
1772 5177 1992 5242 estfoia

431 5260 569 5330 πρὸς
592 5257 1013 5330 ἀνταγωνιστήν,
1043 5266 1432 5330 _tanquam_f_um
1459 5255 1776 5330 adrersqrio.
1813 5252 1993 5330 Itaque

433 5322 719 5384 translatio
740 5322 1088 5383 emendanda
1133 5334 1236 5379 est.
1286 5322 1436 5376 Mitto
1483 5324 1615 5376 alios
1658 5322 1804 5378 locos
1834 5362 1848 5386 ,
1900 5322 1992 5389 qui

432 5415 585 5468 arque
636 5399 903 5452 interdum
935 5399 1001 5451 ad
1029 5394 1273 5468 Grecam
1325 5395 1607 5468 veritatem
1662 5391 1992 5468 reformandi

429 5462 719 5533 videntur;
753 5483 925 5536 neque
954 5467 1095 5520 enim
1135 5479 1235 5532 ego
1264 5463 1654 5536 criticumago
1693 5463 1787 5536 sed
1816 5462 1994 5515 edito-

435 5554 570 5592 rem.
603 5530 854 5593 Vicissim
887 5546 1089 5600 tamen,
1122 5530 1186 5587 ut
1222 5548 1393 5602 nuper
1429 5532 1564 5602 dixi,
1595 5530 1853 5602 Syriacus
1887 5542 1993 5585 tex-

431 5617 521 5663 tus
544 5608 788 5665 Grecum
820 5606 1103 5659 illuminat.
1148 5605 1215 5659 Et
1255 5601 1468 5673 quidem
1522 5601 1776 5683 (imicus,
1810 5610 1992 5683 utpote

435 5696 599 5749 quem
652 5688 958 5735 catenarum
1010 5685 1260 5730 auctores
1323 5688 1420 5742 pro
1469 5680 1546 5727 rei
1592 5680 1992 5740 opportunttatc

2078 457 2350 527 gligeret?
2401 456 2541 526 Ergo
2566 459 2835 527 posterior
2869 460 3061 516 modus
3110 465 3449 518 necessarius
3500 466 3637 530 fuit,

2078 550 2258 612 morti,
2288 549 2536 619 inquam,
2600 553 2932 618 superiorem
2969 569 3028 608 se
3066 554 3462 609 demonstrare.
3488 557 3636 622 Quaa-

2076 654 2206 695 ‘nam
2242 656 2371 695 vero
2398 643 2604 697 ratione
2656 644 2707 696 id
2732 647 2953 715 exsequi
2978 661 3111 716 opus
3143 649 3307 701 erat?
3337 648 3557 703 CIamne
3578 662 3644 713 ac

2079 734 2262 788 furtim
2293 734 2317 786 ?
2369 750 2436 788 an
2490 750 2674 790 coram
2707 739 2960 796 onmibus
2992 741 3268 809 splendide
3314 758 3377 797 ac
3409 743 3643 796 manifea-

2080 827 2214 880 ste?
2266 828 2427 894 Atqui
2475 829 2588 882 haec
2616 844 2701 883 res
2733 833 2947 899 egregia
2997 832 3043 886 si
3094 835 3324 888 obscure
3353 844 3405 889 et
3432 835 3646 890 occulte

2080 930 2198 974 acta
2224 920 2435 983 fuisset,
2465 923 2684 974 conscio
2712 924 2945 987 nemine,
2978 924 3111 977 nihil
3148 926 3438 994 profuisset
3472 941 3647 980 :con-

2082 1022 2161 1065 tra
2195 1027 2320 1066 vero
2350 1010 2670 1080 famigcrata
2704 1022 2866 1082 atque
2905 1016 3154 1067 omnibus
3201 1016 3455 1068 exaudita
3485 1056 3499 1079 ,
3542 1016 3645 1069 mi-

2080 1104 2266 1158 raculo
2315 1118 2413 1158 suo
2444 1104 2688 1173 paritura
2742 1114 2864 1158 erat
2912 1107 3273 1177 universalem
3329 1106 3641 1161 utilitatem.

2082 1197 2246 1249 Recte
2294 1196 2480 1265 igitur,
2535 1198 2789 1265 quoniam
2841 1198 3125 1264 oportebat
3172 1198 3339 1266 ipsius
3382 1209 3642 1266 organum
3704 1234 3715 1255 ,

2079 1286 2243 1339 morti
2270 1288 2519 1356 superius
2552 1302 2836 1357 apparere,
2872 1299 3032 1355 atque
3068 1288 3119 1341 id
3156 1303 3258 1340 non
3288 1287 3423 1341 clam
3460 1289 3553 1340 sed
3592 1287 3647 1340 in

2084 1390 2372 1447 conspectu
2400 1380 2677 1432 hominum
2713 1380 2849 1443 ﬁeri,
2887 1390 3113 1433 mortem
3155 1393 3257 1432 non
3307 1379 3479 1449 fugit;
3514 1378 3647 1433 alio-

2082 1468 2173 1535 qui
2211 1470 2356 1521 visus
2386 1481 2529 1524 esset
2561 1471 2802 1533 timidus,
2827 1482 2885 1547 et
2918 1482 3090 1526 morte
3120 1472 3349 1525 debilior
3373 1471 3646 1534 creditus;

2082 1562 2174 1614 sed
2200 1562 2449 1616 conﬂictu
2483 1578 2603 1616 cum
2643 1576 2839 1626 morte,
2876 1574 3127 1632 tanquam
3161 1570 3281 1617 eum
3314 1564 3647 1627 adversario,

2084 1650 2220 1706 inito
2245 1692 2259 1715 ,
2287 1653 2429 1720 quod
2457 1654 2683 1706 mortale
2721 1663 2839 1706 erat
2879 1653 2945 1706 ad
2975 1654 3436 1707 immortalitatem
3470 1663 3647 1708 trans-

2011 1722 2055 1781 Β
2101 1744 2242 1805 tulit,
2277 1752 2577 1798 extremum
2612 1745 2756 1799 hunc
2791 1760 3019 1814 agonem
3068 1760 3167 1815 pro
3206 1746 3447 1800 omnium
3477 1747 3652 1801 salute

2081 1847 2137 1891 et
2164 1837 2577 1891 immortalitate
2606 1838 2927 1905 suscipiens.

2156 1927 2289 1981 Nam
2323 1928 2553 1996 prinium
2590 1928 2666 1981 illi
2708 1936 2984 1982 certamen
3032 1927 3134 1981 fuit
3160 1937 3347 1983 contra
3382 1931 3653 1984 daemones

2082 2017 2152 2073 ob
2202 2014 2542 2088 polytheismi
2608 2032 2848 2073 errorem
2901 2019 3327 2083 destruendum;
3378 2034 3486 2089 quo
3517 2035 3639 2090 per-

2086 2120 2208 2165 acto
2234 2150 2248 2173 ,
2305 2110 2651 2163 subsecutum
2687 2119 2769 2163 est
2800 2110 3097 2165 secundum
3133 2108 3202 2162 ob
3255 2108 3654 2163 dissolvendam

2084 2204 2273 2257 mortis
2326 2204 2772 2257 dominationem.
2826 2200 3145 2269 Conglobati
3203 2200 3346 2255 enim
3399 2200 3661 2255 adversus

2084 2310 2206 2350 eum
2235 2295 2508 2348 daemones
2535 2308 2656 2347 cum
2675 2304 2773 2346 suo
2796 2292 2954 2354 duce,
2974 2300 3258 2359 postquam
3281 2290 3453 2360 primo
3473 2288 3659 2359 praelia

2088 2396 2237 2456 terga
2271 2395 2568 2450 verterant,
2604 2384 2902 2439 secundum
2934 2382 3320 2446 observabant,
3350 2382 3479 2435 vitae
3502 2380 3659 2435 Chri-

2086 2480 2152 2533 sti
2190 2480 2445 2546 deinceps
2478 2488 2776 2531 extremam
2808 2476 3215 2541 catastropham
3253 2484 3656 2543 exspectantes,

2086 2571 2334 2625 mortalis
2369 2570 2603 2623 hominis
2653 2569 2812 2621 tinem
2862 2567 3089 2637 reliquis
3136 2567 3389 2621 omnibus
3424 2564 3657 2620 similem

2088 2663 2200 2716 fore
2232 2669 2513 2728 sperantes
2547 2676 2559 2711 :
2599 2672 2775 2726 neque
2809 2659 2952 2711 enim
2986 2670 3221 2724 unquam
3244 2656 3661 2712 existimassem

2086 2750 2361 2804 mortalem
2391 2760 2635 2802 naturam
2668 2749 2825 2801 morti
2859 2745 2972 2801 fore
3001 2746 3363 2815 superiorem.
3404 2745 3477 2797 At
3498 2744 3659 2799 Chri-

2086 2852 2201 2896 stus
2235 2850 2349 2910 post
2381 2840 2590 2909 priores
2634 2840 2701 2894 de
2734 2838 3068 2894 daamonibus
3104 2837 3307 2892 relatas
3347 2837 3656 2903 manubias,

2082 2929 2190 2998 jam
2220 2939 2410 2984 contra
2448 2929 2619 2997 ipsam
2657 2942 2885 2982 mortem
2923 2928 2974 2981 in
3007 2926 3178 2981 aciem
3226 2925 3499 2995 prodibat.
3537 2923 3659 2981 Sic-

2095 3031 2153 3075 ut
2197 3032 2378 3075 autem
2414 3021 2457 3075 si
2491 3022 2613 3091 quis
2649 3021 2758 3089 igni
2807 3019 3124 3089 impervium
3155 3028 3322 3086 atque
3373 3017 3661 3086 insupera-

2092 3116 2201 3171 bile
2251 3130 2349 3170 vas
2408 3113 2623 3183 aliquod
2654 3113 3031 3167 demonstrare
3065 3109 3267 3176 vellet,
3315 3109 3457 3163 haud
3506 3108 3661 3163 aliter

2090 3210 2228 3264 hanc
2256 3223 2369 3263 rem
2402 3209 2597 3261 miram
2647 3202 3046 3272 comprobaret,
3072 3216 3232 3271 quam
3263 3199 3493 3255 ﬂammat
3548 3208 3660 3253 tra-

2089 3302 2224 3355 dens
2248 3300 2391 3368 quod
2426 3313 2538 3367 pra:
2570 3297 2818 3351 manibus
2843 3295 3092 3357 haberet,
3132 3307 3196 3347 ac
3234 3292 3428 3347 deinde
3453 3290 3666 3345 incolu-

2090 3406 2175 3446 me
2216 3390 2647 3456 inviblatumqne
2680 3390 2803 3456 igne
2856 3387 3167 3449 retrahens;
3208 3385 3280 3438 ita
3310 3384 3475 3439 etiam
3518 3384 3664 3454 quod

2088 3480 2269 3535 omnia
2296 3479 2537 3532 viviticat
2566 3476 2659 3531 Dei
2691 3477 2951 3540 Verbum,
2987 3474 3213 3529 mortale
3235 3489 3523 3544 organum,
3552 3489 3663 3544 quo

2090 3574 2155 3628 ad
2187 3574 2465 3627 hominum
2512 3570 2743 3625 salutem
2792 3582 2924 3622 usus
2970 3566 3145 3620 fuerat
3172 3606 3187 3627 ,
3227 3576 3399 3619 morte
3435 3566 3665 3621 validius

2090 3668 2464 3722 demonstrare
2491 3662 2678 3717 volens
2700 3700 2715 3724 ,
2744 3659 2877 3713 utile
2930 3658 3217 3712 admodum
3250 3656 3538 3711 consilium
3567 3671 3663 3710 ce-

2089 3759 2208 3828 pit,
2258 3772 2453 3825 corpus
2507 3756 2655 3809 brevi
2715 3761 2959 3821 tempore
3014 3750 3330 3812 deserendi;
3368 3752 3662 3816 rurSIisque

2091 3851 2231 3918 quod
2287 3854 2557 3900 mortuum
2609 3855 2730 3898 erat
2783 3842 2939 3896 morti
2975 3839 3236 3909 eripiendi
3266 3878 3280 3903 ,
3317 3846 3375 3892 ut
3404 3839 3640 3892 divinam

2089 3943 2341 3996 virtutem
2393 3940 2720 3995 ostenderet.
2768 3938 2946 4008 Atque
2994 3936 3108 3990 haec
3140 3935 3311 4005 prima
3362 3932 3479 4004 (cur
3508 3933 3673 4011 mori.

2088 4029 2343 4098 voluerit)
2374 4045 2535 4083 causa
2562 4028 2680 4083 fuit.

2163 4121 2409 4175 Secunda
2464 4118 2564 4173 fuit
2602 4133 2761 4172 causa
2790 4158 2806 4183 ,
2857 4127 2913 4171 ut
2969 4119 3371 4172 demonstraret
3416 4114 3651 4168 divinam

2090 4212 2343 4266 virtutem
2377 4212 2431 4264 in
2464 4225 2562 4264 suo
2610 4224 2835 4278 corpore
2867 4210 3221 4264 inhabitasse.
3251 4208 3384 4261 Nam
3421 4205 3548 4275 quia
3577 4205 3662 4259 vi-

2091 4314 2211 4359 ctos
2260 4313 2415 4358 antea
2448 4311 2620 4356 morte
2653 4302 2798 4355 viros
2825 4340 2839 4364 ,
2870 4316 2996 4356 vere
3038 4299 3295 4355 mortales
3323 4306 3378 4351 et
3417 4310 3661 4351 commu-

2094 4412 2213 4451 nem
2248 4396 2405 4449 llnem
2438 4394 2677 4460 sortitos,
2721 4392 3003 4462 apotheosi
3030 4394 3362 4447 donaverant
3390 4386 3659 4449 homines,

2094 4499 2148 4543 et
2180 4490 2378 4542 heroas
2406 4486 2643 4554 deosque
2682 4486 3112 4547 nominaverant,
3136 4482 3326 4536 merito
3352 4494 3448 4533 nos
3481 4478 3661 4543 docet,

2096 4581 2240 4634 hunc
2273 4594 2439 4632 unum
2468 4576 2521 4629 in
2571 4584 2745 4630 morte
2794 4574 2966 4628 Deum
3001 4589 3184 4628 verum
3226 4587 3345 4627 esse
3392 4570 3659 4635 conﬁteri,

2098 4670 2189 4739 qui
2220 4668 2455 4737 praemiis
2488 4668 2673 4721 relatae
2718 4668 2784 4721 de
2823 4675 2997 4719 morte
3026 4663 3270 4717 victoriae
3300 4670 3469 4715 semet
3501 4674 3663 4714 exor-

2099 4770 2346 4815 naverat.
2399 4760 2582 4813 Tertia
2613 4759 2872 4813 habeatur
2918 4755 3108 4810 mortis
3158 4752 3467 4807 Servatoris
3496 4763 3661 4805 causa

2092 4908 2507 4969 excerpserunt,
2544 4898 2739 4969 multas
2771 4894 2951 4965 operis
2973 4900 3153 4961 partes
3180 4889 3385 4943 amisit.

2162 4972 2554 5041 (“)Syro'm
2592 4968 2793 5041 55,57:
2992 5033 3023 5041 .,
3077 5040 3083 5041 ,
3234 5028 3273 5041 ..
3378 5026 3427 5041 ..

2164 5028 2274 5111 (12)
2327 5028 2476 5111 Hane
2509 5028 2917 5111 similitudinem
2958 5033 3092 5087 citat
3124 5045 3189 5111 ex
3232 5028 3474 5111 Eusebio.
3495 5028 3658 5080 etiam

2094 5112 2151 5167 S.
2169 5097 2421 5165 "l‘h'omas
2448 5109 2703 5177 Aquinas
2728 5107 2778 5159 in
2805 5114 2997 5177 catena
3025 5100 3338 5177 s‘ualfatina
3370 5098 3437 5151 ad
3457 5097 3655 5177 Lucam

2094 5184 2179 5237 ed.
2233 5182 2297 5235 de
2344 5169 2545 5233 Rubei's
2594 5187 2635 5231 t.
2668 5175 2726 5237 V,
2773 5190 2825 5243 p.
2871 5174 2997 5243 36g.
3039 5169 3301 5243 Videlicet
3346 5183 3413 5222 ex
3451 5169 3660 5243 catenis

2094 5234 2318 5316 Gratiis,
2345 5266 2449 5303 non
2481 5234 2819 5316 originalitér
2845 5259 2910 5299 ex
2936 5240 3293 5308 Theopltania,
3318 5253 3481 5309 quam
3510 5234 3659 5291 Tho-

2096 5336 2212 5375 mas
2248 5333 2521 5375 nunauam
2563 5316 2715 5371 vidit.

2167 5391 2305 5461 (i5)

2097 5473 2237 5518 ῑοιιε.

2169 5531 2280 5603 (lt)
2316 5530 2436 5603 ξπ.
2465 5544 2545 5589 ιιι,

2173 5532 2257 5603 (14
2316 5531 2436 5600 Syr.
2465 5544 2545 5589 ιιι,
2584 5531 2674 5579 58.

2173 5531 2285 5671 (15)
2317 5599 2441 5669 Syr.
2470 5614 2551 5661 ιιι,
2584 5597 2674 5651 59.

2430 5400 2583 5457 empe
2647 5385 2829 5440 anima
2889 5380 3202 5439 destitutum
3261 5394 3382 5437 esse
3432 5377 3659 5451 permit-
