4098 6200
487 218 594 277 615

1159 198 1423 271 EUSEBII
1462 196 1922 269 CESARIENSIS
1957 198 2105 267 opp.
2148 211 2326 267 psus
2362 197 2452 268 'tv.
2493 244 2563 254 —
2596 214 3019 273 DOGMATICA.

3610 224 3725 285 616

487 354 647 415 quam
670 337 911 408 mystica:
938 332 1129 391 litterae
1153 333 1450 389 continent.
1476 332 1734 399 Quaenam
1757 332 1841 387 ha
1866 332 1890 386 ?
1929 331 2019 389 lio-

2145 332 2263 404 ρίου
2300 333 2527 387 θανάτου
2562 337 2626 407 ἢν
2669 336 2969 407 ἀπόρρητοι
3006 334 3154 405 λόγοι
3188 324 3523 410 περιέχουσι.
3548 341 3722 408 ,Τίνες

486 432 587 486 stia
618 438 735 483 erat
783 443 879 497 pro
908 426 1149 480 universi
1180 424 1397 493 generis
1451 424 1561 477 vita
1596 423 1755 476 morti
1806 424 1994 479 devota
2026 463 2042 488 ,

485 523 660 577 hostia
695 536 792 591 pro
821 528 930 573 toto
960 518 1239 572 hominum
1270 532 1433 587 grege
1458 514 1756 583 immolata,
1788 515 2042 573 diabolici

482 614 681 671 erroris
706 611 1080 665 averruncatio
1107 626 1121 661 :
1154 624 1264 678 qua
1293 607 1539 662 videlicet
1569 606 1771 671 oblata,
1790 608 2042 663 universa

482 702 732 771 deinceps
766 700 1096 768 impurorum
1126 698 1426 752 dtemonum
1461 697 1700 766 potentia
1732 698 2037 764 corruebat,

479 794 761 862 omnisque
780 806 932 846 error
954 789 1339 858 dissipabatur.
1372 788 1514 857 Ergo
1540 789 1653 843 haec
1687 788 1943 842 salutaris
1973 804 2040 842 ex

479 885 790 940 hominibus
822 883 1061 946 victima,
1087 883 1263 951 ipsum
1289 881 1539 937 videlicet
1573 894 1893 951 corporeum
1916 879 2039 933 Ver-

476 977 533 1035 bi
559 991 820 1046 organum
849 1014 864 1040 ,
894 989 990 1044 pro
1020 975 1328 1028 hominibus
1376 973 1791 1035 immolabatur;
1822 972 1887 1025 de
1936 986 2038 1040 qua

476 1084 650 1126 sacrze
681 1070 879 1123 littera:
898 1067 1169 1130 clamant;
1213 1069 1370 1121 modo
1400 1064 1613 1134 quidem
1650 1082 1663 1117 :
1700 1062 1835 1118 Ecce
1869 1081 2036 1128 agnus

482 1159 575 1216 Dei
612 1162 699 1230 qui
752 1161 885 1213 tollit
932 1170 1200 1228 peccatum
1246 1159 1428 1211 mundi
1482 1142 1561 1223 8d“;
1598 1157 1754 1211 modo
1806 1166 2031 1211 autem:

480 1251 748 1322 Tanquam
777 1253 885 1305 ovis
916 1252 983 1304 ad
1017 1251 1321 1304 occisionem
1357 1250 1542 1302 ductus
1572 1258 1646 1301 est
1680 1248 1745 1302 ⁸⁸.
1778 1248 2036 1303 Causam-

479 1360 579 1415 que
628 1344 705 1398 rei
757 1344 950 1397 docent
974 1384 989 1408 ,
1026 1342 1221 1395 ibidem
1256 1342 1495 1395 dicentes
1531 1359 1543 1394 :
1577 1338 1677 1392 Hic
1700 1349 2032 1407 peccata'no-

477 1442 584 1489 stra
610 1434 761 1503 gerit,
797 1442 843 1486 et
868 1449 962 1500 pro
985 1432 1128 1485 nobis
1162 1430 1333 1493 dolet;
1358 1440 1406 1483 et
1430 1445 1523 1483 nos
1549 1429 1891 1498 reputavimus
1916 1444 2033 1481 eum

476 1524 741 1593 olagatum
784 1535 829 1577 et
879 1524 1143 1593 afﬂictum.
1188 1514 1309 1588 Ipse
1370 1532 1544 1574 autem
1601 1520 1898 1574 vulneratus
1956 1528 2030 1573 est

475 1624 685 1685 propter
708 1616 1008 1685 iniquitates
1038 1621 1265 1674 nostras,
1299 1611 1583 1681 languidus
1615 1612 1785 1679 {actus
1807 1620 1882 1664 est
1908 1626 2031 1678 pro-

2142 417 2321 487 οὖτοις
2359 427 2550 495 ἱερεῖον
2594 422 2659 495 ἦν
2694 426 2978 497 ἀντίψυχον
3016 428 3108 482 τοῦ
3161 430 3340 483 κοινοῦ
3380 430 3580 499 γένους.
3608 450 3720 488 πα-

2147 517 2486 587 ραδιδόμενον
2510 517 2588 587 τῷ
2615 516 2845 588 Θανάτῳ,
2885 520 3073 589 ἱερεῖον
3103 519 3242 592 ὑπὲρ
3271 520 3372 593 τῆς
3407 525 3589 595 κοινῆς
3608 526 3720 581 τῶν

2141 604 2440 676 ἀνθρώπων
2462 606 2659 677 ἀγέλης
2688 607 3135 678 σφαγιαζόμενον,
3159 610 3478 684 δαιμονικῆς
3508 614 3719 687 πλάνης

2140 696 2529 764 ἀποτρόπαιον·
2560 696 2749 749 τούτου
2776 696 2883 767 γὰρ
2912 699 3308 771 ἀνενεχθέντος,
3350 706 3498 757 πᾶσα
3530 703 3718 761 λοιπὸν

2142 785 2174 855 ἡ
2218 785 2326 838 τῶν
2379 786 2626 856 ἀνάγνων
2666 788 2932 858 δαιμόνων
2983 790 3210 861 δύναμις
3256 793 3567 866 καθῃρεῖτο,
3619 798 3715 851 καὶ

2141 880 2290 931 πᾶσα
2315 877 2489 949 πλάνη
2527 882 2769 951 παρεῖτο.
2825 878 2897 932 Τὸ
2944 880 3039 951 μὲν
3069 877 3161 935 οὖν
3214 884 3481 955 σωτήριον
3528 884 3587 951 ἐξ
3618 888 3714 941 ἀν·

2142 967 2378 1040 θρώπων
2406 970 2572 1042 θῦμα,
2609 972 2740 1025 αὐτὸ
2765 971 2828 1044 δὴ
2866 971 2959 1025 τοῦ
2988 973 3161 1041 Λόγου
3205 977 3513 1045 σωματικὸν
3546 979 3713 1050 ὄργα-

2138 1078 2249 1128 νον,
2279 1063 2420 1135 ὑπὲρ
2458 1062 2758 1135 ἀνθρώπων
2787 1064 3134 1136 καθιεροῦτο’
3168 1062 3227 1121 οὗ
3269 1068 3394 1139 πέρι
3420 1069 3590 1138 λόγων
3637 1072 3713 1125 ἱε-

2141 1153 2249 1224 ρῶν
2283 1154 2446 1224 βοῶσι
2476 1155 2677 1224 φωναί·
2704 1156 2832 1209 ποτὲ
2862 1156 2979 1228 μέν⁸
3009 1157 3131 1211 Ἴδε
3160 1162 3193 1213 ό
3220 1158 3407 1229 ἀμνὸς
3432 1162 3535 1216 τοῦ
3560 1163 3709 1217 Θεοῦ

2137 1248 2170 1299 ό
2211 1247 2392 1313 αἴρων
2428 1245 2543 1315 τὴν
2578 1249 2867 1317 ἁμαρτίαν
2905 1248 3011 1302 τοῦ
3046 1252 3299 1319 κόσμου’
3330 1252 3457 1304 ποτὲ
3498 1252 3576 1305 δέ·
3612 1254 3709 1320 Ὠς

2135 1336 2429 1402 πρόϐατον
2454 1336 2552 1390 ἐπὶ
2575 1337 2817 1406 σφαγὴν
2845 1338 3021 1407 ἤχθη.
3059 1339 3168 1391 Καὶ
3202 1340 3262 1392 τό
3288 1356 3350 1407 γε
3374 1340 3544 1393 αἴτιον
3563 1340 3706 1395 διδά-

2136 1444 2355 1482 σκουσιν
2402 1430 2774 1499 ὲπιλέγουσαι·
2830 1428 3017 1498 Οὗτος
3060 1432 3167 1498 τὰς
3207 1432 3495 1501 ἁμαρτίας
3536 1433 3706 1503 ἡμῶν

2131 1521 2315 1589 φέρει,
2355 1520 2453 1574 καὶ
2485 1523 2615 1590 περὶ
2652 1523 2820 1591 ἡμῶν
2852 1522 3153 1587 ὀδυνᾶται,
3183 1523 3284 1577 καὶ
3311 1524 3479 1592 ἡμεῖς
3506 1525 3702 1596 ἐλογι-

2133 1611 2360 1680 σάμεθα
2379 1612 2563 1667 αὑτὸν
2581 1615 2732 1667 εἶναι
2756 1615 2826 1667 ἐν
2850 1614 3053 1685 πληγῇ
3077 1616 3172 1669 καὶ
3198 1616 3269 1668 ἐν
3285 1616 3559 1671 κακώσει.
3586 1620 3704 1674 Αὐ-

472 1684 583 1777 pter
613 1684 808 1761 scelera
864 1716 1062 1759 nostra.
1112 1703 1406 1773 Disciplina
1453 1705 1597 1773 pacis
1654 1714 1845 1757 nostra:
1879 1718 2019 1771 super

2133 1702 2234 1768 τὸς
2262 1703 2329 1756 δὲ
2359 1706 2795 1775 ἐτραυματίσθη
2831 1707 2926 1761 διὰ
2965 1684 3068 1774 τὰς
3109 1709 3359 1778 ἀνομίας
3380 1710 3570 1779 ἡμῶν,
3598 1710 3699 1766 καὶ

472 1815 612 1865 eum,
646 1800 804 1853 livore
830 1798 943 1867 ejus
964 1797 1139 1850 sanati
1171 1812 1263 1849 nos
1290 1810 1489 1852 sumus.
1523 1793 1710 1847 Cuncti
1757 1797 1888 1846 sicut
1919 1809 2033 1846 oves

465 1892 781 1954 erravimus,
811 1889 1164 1958 unusquisque
1201 1904 1231 1939 a
1263 1888 1344 1941 via
1380 1902 1476 1939 sua
1524 1886 1822 1939 declinavit.
1855 1884 2033 1937 Domi-

466 1992 569 2040 nus
596 1984 814 2037 tradidit
840 1983 985 2037 illum
1017 1981 1157 2054 [pro]
1176 1981 1396 2050 peccatis
1422 1982 1611 2034 nostris
1643 1980 1710 2034 9°.
1736 1980 2031 2049 Corporale

466 2078 648 2147 itaque
676 2075 837 2129 Verbi
887 2089 1147 2143 organum
1202 2074 1300 2127 bas
1334 2073 1402 2127 ob
1450 2086 1643 2127 causas
1694 2072 2029 2125 immolatum

468 2168 594 2225 fuit.
637 2167 860 2238 Magnus
896 2175 1076 2219 tamen
1120 2164 1355 2233 pontifex
1384 2204 1399 2228 ,
1441 2179 1565 2218 cum
1598 2163 1669 2218 sit
1698 2163 1943 2218 diversus
1996 2175 2028 2218 a

466 2260 707 2324 victima,
739 2257 832 2311 Dei
854 2256 1059 2311 scilicet
1084 2254 1345 2317 Verbum,
1376 2254 1550 2309 virtus
1574 2294 1590 2317 ,
1625 2262 1787 2323 atque
1821 2253 2029 2323 sapien-

466 2352 562 2418 tia,
586 2350 727 2404 haud
748 2348 835 2403 diu
865 2357 1033 2417 posta
1063 2357 1231 2401 morte
1270 2357 1538 2401 mortuum
1567 2346 1857 2410 revocavit,
1877 2361 2027 2401 eum-

466 2457 572 2512 que
622 2442 925 2497 communis
974 2450 1171 2494 nostra:
1201 2438 1395 2493 salutis
1425 2439 1845 2505 inchoationem,
1876 2439 2027 2493 vita:—

464 2548 573 2604 que
606 2532 901 2588 secundum
939 2531 1104 2585 Deum
1137 2541 1301 2600 atque
1345 2530 1770 2585 immortalitatis
1802 2531 2026 2600 partici-

461 2639 582 2697 pem
619 2622 917 2689 constituit,
949 2622 1225 2683 victoriale
1258 2620 1525 2677 adversus
1561 2630 1791 2677 mortem
1825 2635 1888 2676 ac
1921 2623 2026 2676 daa-

461 2718 763 2774 moniacam
798 2716 967 2772 aciem
1018 2716 1314 2785 trophteum
1341 2754 1357 2781 ,
1390 2724 1445 2769 et
1474 2715 1774 2785 priscorum
1811 2714 2022 2769 sacriﬁ-

462 2808 670 2863 ciorum
722 2806 1169 2869 destructorem;
1231 2818 1390 2873 quem
1449 2806 1689 2860 omnium
1744 2804 2021 2859 hominum

462 2899 636 2967 gratia
677 2896 1038 2951 resuscitavit.
1074 2894 1303 2965 [Idcirco
1346 2896 1509 2951 etiam
1547 2895 1796 2950 Christus
1850 2895 2023 2950 nomi-

459 3000 621 3044 natus
648 2987 795 3058 fuit.]
849 2987 983 3041 Nam
1030 2987 1277 3042 Christus
1320 3001 1534 3050 nomen,
1563 2986 1922 3041 sacerdotium
1948 2989 2020 3041 si-

456 3079 573 3134 mul
604 3086 657 3134 et
691 3092 912 3147 regnum
940 3077 1210 3148 signiﬁcat
1236 3079 1375 3148 apud
1410 3075 1684 3133 Hebraeos.
1714 3076 1841 3133 Haec
1876 3078 2017 3132 enim

460 3168 589 3239 ungi
623 3167 890 3223 solebant.

527 3450 734 3506 Praeter
759 3446 1114 3519 supradictas,
1144 3444 1245 3500 alia
1279 3459 1489 3516 quoque
1521 3443 1726 3498 exstitit
1751 3457 1847 3496 cur
1887 3441 2014 3496 Ser-

455 3550 611 3599 vator
634 3550 937 3597 moreretur
970 3540 1400 3607 maxima'causa
1422 3577 1438 3603 ,
1485 3550 1605 3606 qua:
1627 3535 1739 3603 jam
1786 3536 2011 3589 dicetur.

454 3634 590 3690 Nam
614 3634 738 3704 quia
779 3646 1001 3687 necesse
1046 3639 1199 3694 erat,
1249 3630 1415 3700 ipsius
1453 3626 1745 3696 discipulos
1785 3625 2017 3695 propriis

453 3726 631 3783 oculis
678 3739 904 3781 cernere
929 3724 1054 3779 vita:
1085 3731 1211 3792 post
1255 3720 1460 3776 obitum
1490 3717 1823 3773 manifestam
1855 3716 2015 3769 resti-

455 3817 715 3871 tutionem
747 3854 763 3879 ,
817 3826 883 3869 ex
947 3828 1053 3882 qua
1109 3826 1262 3866 suam
1314 3809 1640 3877 suspendere
1694 3821 1839 3876 spem
1898 3805 2015 3860 illos

451 3892 734 3972 docuerat,
770 3904 996 3974 ctcujus
1026 3918 1190 3959 causa
1235 3901 1303 3955 ad
1344 3898 1620 3971 religionis
1664 3899 1848 3968 jugum
1889 3897 2018 3951 sub-

451 3996 685 4052 eundum
739 3994 987 4048 hortatus
1021 3992 1228 4058 fuerat;
1275 3991 1465 4045 merito
1506 3990 1643 4044 hanc
1672 4002 1781 4042 rem
1813 3985 2016 4057 perspi-

450 4100 553 4145 cue
576 4087 860 4142 videndam
898 4084 1110 4139 illorum
1142 4084 1313 4139 oculis
1359 4081 1669 4151 objiciebat.
1719 4079 2014 4149 Oportebat

448 4178 593 4233 enim
621 4191 714 4231 eos
743 4175 833 4245 qui
867 4174 1007 4244 piam
1034 4174 1198 4229 vitam
1250 4180 1405 4227 erant
1450 4169 1772 4239 suscepturi,
1817 4167 1920 4222 hoc
1958 4168 2011 4220 in

446 4268 638 4341 primis
687 4280 1028 4335 summopere
1072 4264 1438 4319 necessarium
1485 4264 1861 4317 documentum
1896 4258 2011 4311 evi-

445 4360 596 4417 denti
637 4359 831 4415 intuitu
852 4357 1348 4427 compreheudere;
1398 4355 1670 4426 praecipue
1722 4366 1850 4407 vero
1894 4350 2008 4405 illos
2040 4389 2084 4447 ο

445 4452 537 4523 qui
572 4453 624 4507 in
667 4452 919 4507 universo
964 4450 1162 4505 mundo
1196 4449 1515 4517 quantocius
1553 4455 1709 4502 erant
1747 4444 2003 4516 pradica-

446 4544 574 4611 ωτι,
605 4545 1039 4615 pr0positamque
1075 4556 1103 4596 a
1131 4539 1346 4596 Christo
1386 4540 1635 4611 gentibus
1677 4537 1999 4600 doctrinam,

548 4634 594 4668 ⁸⁸
620 4633 775 4690 Joan.
799 4650 839 4700 ι,
879 4634 971 4690 ‘29.
1045 4628 1090 4665 ⁸9
1129 4632 1233 4687 lsa.
1267 4647 1384 4713 Litt,
1416 4631 1469 4685 7.
1544 4629 1590 4663 ⁸ο
1622 4630 1749 4687 ibid.
1780 4624 1895 4684 4-7.

514 4730 627 4805 (l6)
674 4732 830 4805 Patet
876 4729 1071 4801 Syrum
1118 4729 1465 4805 interpretem
1490 4728 1701 4805 legisse
1754 4726 2005 4805 πράξεως

443 4799 571 4877 (_vel_
610 4799 885 4870 πράξεων
908 4799 960 4877 ,
994 4800 1420 4877 quandoquidem
1476 4799 1696 4877 A_ng_lice
1749 4800 2005 4877 scribitur

441 4867 622 4933 deeds,
680 4867 855 4940 opera.
907 4867 1025 4925 Sed
1061 4870 1240 4940 verior
1294 4870 1771 4940 lectioAhabeatur
1828 4867 2002 4940 (ἕτερθί

445 4944 614 4996 nostri
662 4937 837 4994 textus
876 4938 1253 5012 παρατάξεως,
1290 4955 1448 5012 quam
1475 4937 1591 5012 loci-
1619 4938 2001 5012 sententia‘po-

442 5013 624 5082 stulat.
645 5012 733 5082 (Et
757 5006 972 5082 quidem
991 5026 1115 5079 pars
1133 5010 1292 5082 hujus
1308 5006 1593 5082 iragmenti
1619 5006 1815 5082 legitur
1838 5007 1999 5082 etiam

443 5081 497 5135 in
524 5077 711 5136 catena
738 5077 943 5137 codicis
988 5077 1098 5133 tum
1132 5078 1547 5134 Mediolauensis
1584 5088 1691 5131 tum
1741 5077 2000 5131 Parisiaci

445 5150 498 5220 in
519 5151 615 5220 Ep.
639 5152 704 5205 ad
736 5151 897 5206 llebr.
928 5150 1045 5205 acl.
1077 5148 1331 5203 Cramero
1359 5148 1524 5212 edita,
1548 5163 1601 5214 p.
1626 5146 1751 5220 580.
1780 5146 1796 5215 )
1825 5146 2001 5220 Atque

441 5214 546 5275 hoc
564 5214 695 5274 'ioco
723 5224 1009 5290 antequam
1060 5222 1124 5274 ad
1157 5220 1277 5289 Syri
1304 5220 1610 5290 interpretis
1640 5217 1724 5290 vel
1770 5219 1992 5271 tuendo-

442 5303 561 5341 rum
604 5292 687 5343 vel
713 5287 1082 5346 diversitaturn
1113 5287 1475 5343 necessariam
1510 5287 1795 5341 identidem
1836 5301 1990 5339 coar-

441 5357 713 5428 gutionem
740 5361 1071 5429 progredior,
1114 5361 1201 5414 aio
1248 5360 1526 5414 enimvero
1572 5358 1776 5429 priscos
1825 5357 1994 5429 inter-

440 5426 638 5495 pretes,
662 5426 956 5497 praesertim
980 5429 1284 5485 Orientales
1314 5429 1441 5496 (sed
1473 5426 1584 5483 nec
1602 5426 1820 5480 Latinos
1847 5426 1994 5479 exci-

438 5496 549 5568 pio)
574 5498 625 5568 in
665 5499 1049 5553 transferendis
1078 5497 1385 5554 Graecorum
1429 5499 1642 5566 scriptis
1673 5496 1813 5551 haud
1862 5497 1993 5568 satis

436 5566 737 5637 emendate.
763 5582 881 5636 quae
906 5569 1137 5621 humana
1167 5567 1454 5623 inlirmitas
1483 5577 1596 5632 est,
1643 5581 1700 5637 se
1742 5566 1990 5637 gessisse.

435 5632 616 5690 Testis
646 5632 946 5692 luculentus
989 5638 1159 5690 nostri
1204 5639 1330 5691 item
1368 5638 1581 5692 Eusebii
1617 5632 1997 5691 Chro'nicorum

439 5703 701 5763 librorutu
730 5706 1018 5762 Armenius
1044 5707 1328 5775 interpres,
1352 5709 1442 5776 qui
1470 5723 1589 5763 cum
1624 5707 1853 5777 plurima
1883 5705 1998 5762 [eli-

2126 1797 2562 1866 μεμαλάκισται
2601 1799 2698 1852 διὰ
2744 1800 2851 1866 τὰς
2894 1803 3180 1869 ἁμαρτίας
3220 1802 3406 1871 ἡμῶν.
3454 1805 3699 1858 Παιδεία

2130 1888 2372 1956 εἰρήνης
2395 1882 2563 1958 ἡμῶν
2582 1890 2672 1943 ἐπ’
2706 1894 2908 1945 αὐτόν’
2946 1892 3024 1957 τῷ
3050 1892 3293 1961 μώλωπι
3312 1894 3500 1948 αὐτοῦ
3529 1896 3699 1965 ἡμεῖς

2132 1978 2394 2048 ιάθημεν.
2435 1980 2662 2045 Πάντες
2693 1982 2771 2047 ὼς
2803 1982 3062 2049 πρόϐατα
3088 1984 3529 2055 ἐπλανήθημεν,
3566 1988 3702 2043 ἐκαρ-

2130 2088 2274 2157 στος
2300 2070 2412 2139 τὴν
2441 2072 2585 2126 ὁδὸν
2612 2074 2795 2127 αὐτοῦ
2816 2074 3125 2143 ἐπλανήθη
3142 2094 3154 2106 ·
3179 2077 3277 2129 καὶ
3300 2080 3517 2146 Κύριος
3553 2098 3703 2150 παρ-

2126 2162 2349 2216 έδωκεν
2399 2164 2583 2217 αὑτὸν
2615 2165 2741 2231 ταῖς
2789 2166 3097 2234 ἁμαρτίαις
3135 2169 3322 2238 ἡμῶν.
3358 2158 3431 2224 Τὸ
3475 2174 3572 2241 μὲν
3602 2170 3698 2229 οὖν

2129 2255 2432 2324 σωματικὸν
2461 2256 2555 2308 τοῦ
2587 2256 2759 2324 Λόγου
2790 2258 3017 2327 ὄργανον
3039 2260 3127 2313 διὰ
3148 2261 3348 2325 ταύτας
3377 2262 3697 2335 ςιαθιεροῦτο

2125 2344 2224 2427 τάς
2256 2346 2455 2411 αίτίας·
2490 2348 2518 2399 ὁ
2549 2348 2605 2401 δὲ
2642 2349 2810 2418 μέγας
2851 2352 3157 2422 ἀρχιερεὺς,
3204 2353 3388 2424 ἕτερος
3431 2354 3506 2407 ὢν
3538 2356 3693 2427 παρά

2124 2436 2185 2490 τὸ
2219 2438 2429 2507 ἱερεῖον,
2461 2437 2594 2491 Θεοῦ
2628 2438 2795 2507 Λόγος
2830 2442 2922 2493 κοιλ⁵
2962 2441 3205 2512 δύναμις,
3242 2444 3335 2497 καὶ
3378 2445 3557 2514 σοφία,
3591 2447 3695 2501 οὐκ

2126 2526 2205 2589 εἰς
2241 2524 2458 2596 μακρὰν
2505 2527 2565 2579 τὸ
2597 2527 2790 2598 θνητὸν
2821 2529 3135 2582 ἀνεκαλεῖτο
3167 2531 3260 2583 τοῦ
3304 2530 3555 2599 Θανάτου,
3599 2536 3695 2588 καὶ

2123 2615 2278 2669 τοῦτο
2306 2615 2407 2685 τῆς
2433 2616 2616 2686 κοινῆς
2830 2620 3099 2691 σωτηρίας
3124 2620 3221 2691 τὴν
3254 2623 3525 2695 ἀπαρχὴν,
3550 2622 3696 2697 ζωῆς

2124 2709 2308 2764 ἐνθέου
2332 2710 2425 2764 καὶ
2446 2710 2743 2777 ἀθανασίας
2774 2712 2994 2783 μέτοχον
3021 2716 3280 2785 παρίστη,
3305 2717 3562 2787 τρόπαιον
3584 2720 3697 2772 ἑπι-

2123 2802 2292 2856 νίκιον
2336 2802 2476 2856 κατὰ
2518 2801 2611 2855 τοῦ
2663 2802 2891 2856 θανάτου
2928 2804 3020 2856 καὶ
3066 2805 3204 2859 κατά
3236 2804 3334 2877 τῆς
3376 2808 3696 2881 δαιμονικῆς

2124 2891 2476 2960 παρατάξεως
2498 2891 2629 2961 (16),
2659 2892 2752 2944 καὶ
2772 2892 2878 2945 τῶν
2897 2893 3062 2946 πάλαι
3086 2893 3281 2947 θυσιῶν
3303 2896 3692 2967 ἀποτρόπαιον,
3746 2930 3751 2931 ν

2122 2984 2278 3037 τοῦτο
2312 2985 2448 3056 ὑπὲρ
2482 2985 2736 3038 ἁπάντων
2766 2984 3064 3054 ἀνθρώπων
3106 2984 3409 3058 ἀνεγείρας.
3444 2987 3559 3059 [Διὸ
3597 2990 3694 3044 καὶ

2121 3076 2351 3148 Χριστὸς
2395 3076 2734 3147 ὡνομάσθη.]
2771 3076 2842 3130 Τὸ
2871 3077 2979 3147 γὰρ
3014 3076 3247 3148 Χριστὸς
3276 3080 3444 3149 ὄνομα
3485 3097 3695 3152 σημαν-

2118 3169 2267 3223 τικὸν
2314 3170 2609 3241 ἱερωσύνης
2659 3170 2775 3241 ἅμα
2822 3171 2914 3224 καὶ
2974 3170 3247 3241 βασιλείας
3298 3172 3447 3244 παρὰ
3502 3174 3692 3228 παισὶν

2130 3260 2393 3333 Ἑϐραίων
2452 3262 2517 3315 ἂν
2570 3262 2809 3330 γένοιτοο
2858 3263 3029 3317 ταῦτα
3081 3264 3188 3335 γὰρ
3232 3260 3370 3335 ἦσαν
3413 3265 3484 3319 τὰ
3538 3266 3693 3338 κριός

2121 3366 2257 3422 μενα
2290 3350 2424 3422 (t7).

2187 3442 2297 3513 (i8)
2328 3440 2471 3515 Πρὸς
2509 3447 2620 3506 τοῖς
2660 3445 2966 3515 εἰρημένοις
2994 3446 3086 3499 καὶ
3123 3446 3255 3517 ἄλλη
3279 3464 3363 3510 τις
3394 3448 3592 3516 γένοιτ’
3622 3448 3691 3507 ἂν

2113 3534 2207 3587 τοῦ
2242 3534 2507 3605 σωτηρίου
2545 3534 2773 3589 θανάτου
2808 3538 3036 3606 μεγίστη
3062 3538 3205 3591 αἰτία
3233 3540 3264 3609 η
3296 3538 3687 3613 λεχθησομένη.

2116 3626 2225 3696 (19)
2260 3625 2474 3697 Ἐπειδὴ
2500 3625 2607 3697 γὰρ
2627 3629 2736 3691 τοῖς
2757 3628 2916 3681 αὑτοῦ
2944 3632 3221 3700 φοιτηταῖς
3245 3630 3539 3701 ὀφθαλμοῖς
3562 3631 3689 3688 ἰδεῖν

2113 3716 2404 3784 ἀναγκαῖον
2439 3712 2506 3788 ἦν
2544 3717 2685 3788 ζωῆς
2716 3718 2812 3788 τῆς
2866 3719 3001 3788 μετά
3034 3719 3257 3773 θάνατον
3301 3721 3550 3792 ἐναργῶς
3583 3740 3690 3777 παι

2113 3806 2465 3877 λιγγενεσίαν,
2507 3809 2591 3877 ἐφ’
2626 3809 2690 3879 ἢν
2738 3808 2835 3872 τὰς
2862 3810 3038 3863 αὐτῶν
3072 3810 3288 3875 ἐλπίδας
3330 3814 3565 3885 ἀναρτᾷν
3597 3815 3688 3867 αὐ-

2110 3900 2237 3962 τοὺς
2265 3899 2524 3964 ἐδίδασκε,
2559 3900 2624 3952 δι’
2652 3900 2717 3970 ἢν
2752 3901 2843 3954 καὶ
2876 3902 3211 3973 προῦτρεπεν
3246 3905 3440 3969 αὐτοὺς
3468 3906 3683 3976 ἔχεσθαι

2111 3988 2203 4041 τοῦ
2239 3989 2335 4059 τῆς
2369 3987 2671 4051 θεοσεϐείας
2706 3988 2794 4057 Cu}
2808 3988 2869 4042 οὗ
2897 4006 2909 4019 ⁸
2947 3992 3166 4055 εἰκότως
3198 3993 3382 4046 τοῦτον
3414 3997 3543 4065 όρᾷν
3582 3996 3682 4047 αὐ-

2111 4082 2220 4142 τοῖς
2252 4078 2547 4150 ὀφθαλμοῖς
2588 4079 2829 4151 ἀκριϐῶς
2857 4084 3135 4152 παρεῖχεν.
3188 4083 3384 4155 Ἐχρῆν
3416 4084 3523 4153 γάρ
3555 4085 3683 4148 τοὺς

2114 4167 2401 4237 μέλλοντας
2434 4168 2631 4238 εὐσεϐῆ
2665 4168 2902 4239 μετιέναι
2935 4168 3046 4238 βίον
3082 4169 3237 4223 τοῦτο
3267 4172 3478 4242 πρῶτον
3516 4173 3682 4241 ἀναγ-⁸

2110 4256 2391 4311 καιότατον
2436 4258 2665 4329 μάθημα
2696 4258 2761 4310 δι’
2802 4258 3064 4329 ἐναργοῦς
3096 4259 3269 4330 ὅψεως
3302 4262 3636 4333 παρώαὸεῖν
3662 4278 3676 4294 ο

2111 4349 2202 4401 καὶ
2225 4349 2356 4402 πολὺ
2395 4350 2589 4419 μᾶλλον
2628 4350 2861 4414 ἐκείνους
2881 4352 3005 4415 τοὺς
3029 4354 3107 4416 είς
3138 4352 3351 4407 ἅπαντα
3374 4355 3472 4426 τὴν
3503 4358 3681 4409 οἰκουά

2114 4440 2281 4511 μένην
2317 4440 2603 4510 μέλλοντας
2647 4443 2767 4495 ὅσον
2802 4440 2954 4496 οὔπω
2991 4444 3298 4515 κηρύττειν,
3334 4448 3426 4499 καί
3453 4447 3551 4518 τὴν
3585 4448 3679 4501 ὑπ’
3719 4456 3732 4545 t

2108 4529 2270 4584 αὐτοῦ
2301 4532 2431 4584 πᾶσι
2461 4534 2571 4596 τοῖς
2613 4532 2788 4586 ἔθνεσι
2816 4534 3212 4607 προδληθεῖσαν
3248 4538 3589 4593 διδασκαλίαν
3617 4554 3678 4593 τε
3716 4529 3723 4603 ,³

2117 4739 2251 4789 citer
2292 4734 2651 4799 transtulerit,
2682 4735 2734 4787 in
2765 4735 2944 4789 multis
2976 4744 3155 4789 tamen
3185 4736 3461 4790 evidenter
3487 4750 3676 4807 pecca,

2113 4808 2231 4864 vit:
2272 4819 2432 4873 quam
2483 4819 2581 4871 ego
2632 4808 2947 4858 mendorum
2990 4808 3199 4873 copiam
3254 4809 3304 4858 in
3359 4806 3672 4874 praefatione

2112 4874 2436 4941 scholiisque
2502 4874 2755 4927 editionis
2799 4874 3211 4929 Mediolanensis
3253 4877 3539 4929 lectoribus
3575 4878 3670 4929 tle-

2112 4944 2402 4998 monstravi
2434 4953 2597 5011 atque
2629 4945 2860 4998 correxi.
2900 4948 3031 4998 ltem
3065 4946 3134 4999 cl.
3168 4946 3351 4999 doctor
3389 4944 3549 5009 Leus,
3576 4946 3668 5012 qui

2111 5025 2330 5083 propter
2356 5013 2457 5066 hoc
2483 5029 2617 5081 opus
2645 5012 2989 5081 Theophania:
3027 5015 3383 5070 Eusebianum
3414 5017 3479 5068 de
3499 5017 3671 5069 sacris

2109 5086 2307 5138 litteris
2335 5083 2713 5136 immortaliter
2737 5084 2967 5154 meritus
2995 5096 3098 5146 est,
3136 5086 3329 5154 Syrum
3368 5098 3522 5154 suum
3564 5099 3668 5139 non

2107 5154 2273 5209 semei
2299 5154 2644 5233 interpretetur
2667 5152 2749 5209 vel
2772 5155 2842 5208 ob
2876 5152 3264 5210 obscuritatem
3303 5153 3385 5208 vel
3437 5154 3569 5210 alias
3600 5156 3669 5207 ob

2097 5238 2295 5279 causas
2333 5232 2579 5291 castigat.

2170 5294 2278 5362 (17)
2306 5292 2563 5363 Syriacus
2598 5301 2773 5347 textus
2802 5295 3006 5349 accedit
3027 5293 3248 5362 propius
3280 5293 3344 5347 ad
3378 5293 3663 5348 Eusebium

2101 5361 2398 5415 Demonstr.
2426 5363 2625 5431 Evang.
2656 5378 2726 5421 Iv.
2748 5365 2832 5431 H,
2857 5366 2943 5418 ed.
2971 5361 3167 5433 Vi’geri,
3202 5379 3255 5431 p.
3292 5365 3389 5433 [76
3421 5386 3432 5419 ;
3468 5364 3663 5430 Διόπερ

2099 5432 2194 5554 καὶ
2227 5433 2478 5503 χριστοὺς
2518 5429 2800 5504 ὀνομάζειν
2821 5429 3021 5496 αὐτοὺς
3039 5429 3266 5496 ’πάντας
3294 5429 3361 5504 ῆν
3396 5429 3662 5501 Ἑϐραίοις

2102 5520 2139 5554 ω
2196 5520 2273 5554 ον.

2102 5520 2273 5570 φιλον.

2173 5572 2283 5643 (18)
2315 5573 2378 5625 Α.
2413 5571 2451 5626 l'.
2475 5572 2600 5626 500.
2631 5574 2684 5628 ι).
2720 5573 2845 5643 Syr.
2878 5589 2960 5639 Ill,
2992 5572 3079 5627 60.

2177 5642 2288 5714 (i9)
2306 5643 2476 5725 Aliter
2503 5644 2705 5713 Syrus;
2730 5642 2872 5700 uuod
2909 5660 3013 5701 non
3048 5646 3235 5701 urobo.
