4098 6200
366 295 466 357 tm
1749 295 1834 360 ‘nE
1870 293 2340 361 'l‘llEOl’HANlA.
3523 309 3626 368 ets

361 425 461 478 καὶ
482 417 819 494 θεογνωσίαν
841 429 919 490 είς
955 427 1162 491 πάντας
1186 427 1576 498 καταγγέλλειν
1609 431 1722 500 (‘20)
1752 429 1961 502 ἀνθρὼ-

2067 431 2266 499 Deique
2320 431 2604 491 notitiam,
2665 432 2872 488 cunctis
2935 432 3246 489 hominibus
3315 434 3627 492 nuntiaturi.

361 531 538 580 πους·
569 516 665 580 οὓς
702 517 764 589 δὴ
793 520 999 588 πεῖσμα
1039 520 1294 590 μέγιστον
1328 521 1509 575 λαϐεῖν
1543 524 1710 592 ἐχρῆν
1741 524 1839 596 τῆς
1867 541 1961 594 με·

2069 523 2366 592 Discipulos
2421 523 2605 593 itaque
2645 538 2910 578 summam
2959 525 3155 579 habere
3204 526 3453 580 ﬁduciam
3501 543 3637 596 opus

361 607 438 661 τά
465 607 565 660 τὸν
593 607 820 662 θάνατον
845 611 1011 681 ζωῆς,
1045 611 1123 675 ὡς
1149 611 1216 665 ἂν
1253 614 1429 678 ἀδεεῖς
1461 616 1554 668 καὶ
1588 615 1779 684 ἄφοϐοι
1811 615 1961 671 θανά-

2066 624 2184 669 erat
2210 616 2276 669 de
2305 617 2411 669 vita
2438 625 2559 684 post
2595 615 2800 671 obitum
2834 620 3227 685 recuperanda,
3264 631 3320 674 ut
3353 621 3633 692 intrepidi,

366 714 468 751 του
500 698 595 752 τὸν
627 699 766 753 κατά
794 703 893 772 τῆς
927 695 1190 758 πολυθέου
1224 705 1432 778 πλάνης
1455 708 1642 776 ἀγῶνα
1670 709 1965 780 προθύμως

371 790 715 858 ἀναδέξοιντο
738 801 753 824 δ
808 795 884 866 μὴ
928 795 1037 866 γὰρ
1083 796 1314 851 θανάτου
1348 804 1708 872 καταφρονεῖν
1744 801 1968 873 μελετή-

376 897 593 948 σαντες,
625 884 726 938 ούκ
751 885 818 939 ἂν
849 885 1070 941 πώποτε
1099 887 1235 959 πρὸς
1259 889 1328 942 τὰ
1352 891 1502 944 δεινά
1524 892 1966 962 παρεσκευάζον-

373 987 457 1026 το.
498 976 588 1028 Διὸ
615 976 678 1048 δὴ
707 979 1026 1047 ἀναγκαίως
1055 980 1293 1046 ὁπλίζων
1326 983 1524 1046 αὐτοὺς
1565 983 1707 1036 κατὰ
1742 985 1841 1056 τῆς
1871 984 1966 1038 τοῦ

375 1065 604 1122 θανάτου
629 1068 950 1134 δυναστείας
987 1071 1047 1124 οὐ
1073 1071 1361 1142 ῥηματίοις
1384 1075 1478 1128 καὶ
1505 1079 1710 1143 φωναῖς
1748 1077 1969 1150 παρεδί-

371 1158 464 1211 δου
494 1159 554 1211 τὸ
599 1159 848 1232 μάθημα,
882 1155 1003 1216 οὐδὲ
1042 1162 1221 1233 λόγοις
1251 1165 1452 1234 ὁμοίως
1492 1167 1848 1239 ἀνθρωπείοις
1875 1170 1966 1222 τὸν

371 1249 503 1318 περὶ
549 1249 730 1321 ψυχῆς
761 1247 1061 1315 ἀθανασίας
1099 1253 1340 1318 πιθανῶς
1381 1257 1474 1309 καὶ
1521 1256 1580 1322 ὲξ
1607 1258 1832 1312 είκότων
1853 1260 1967 1331 (ει)

371 1339 713 1394 συντάττων⁸
749 1341 900 1413 αύτῷ
930 1343 986 1396 δὲ
1022 1343 1168 1416 ἔργῳ
1190 1344 1259 1400 τὰ
1289 1346 1432 1400 κατά
1459 1348 1554 1402 τοῦ
1594 1347 1824 1404 θανάτου
1868 1353 1968 1404 ἑπ-

372 1429 582 1484 εδείκνυ
606 1431 791 1496 αὐτοῖς
815 1432 1070 1503 τρόπαια.

443 1522 556 1593 (‘22)
587 1518 696 1575 Ἦν
724 1525 826 1594 μὲν
854 1525 960 1596 γὰρ
990 1525 1154 1580 πάλαι
1182 1529 1445 1602 πρότερον
1468 1525 1698 1604 φοϐερὸς
1723 1535 1837 1595 τοῖς
1868 1535 1970 1587 πᾶ-

371 1630 456 1666 σιν
477 1616 508 1666 ὁ
525 1614 621 1668 τοῦ
651 1615 846 1687 θνητοῦ
877 1617 1065 1686 γένους
1088 1619 1281 1692 ὀλετὴρ
1309 1620 1659 1688 θάνατος,καὶ
1682 1623 1833 1687 λύσις
1859 1626 1971 1678 ὲνο-

376 1701 564 1774 μίξετο
591 1705 690 1776 τῆς
724 1705 852 1778 ὅλης
884 1707 1172 1780 ἀνθρώπου
1208 1709 1442 1778 φύσεως,
1478 1713 1656 1785 ψυχῆς
1700 1715 1835 1785 ὁμοῦ
1873 1717 1967 1769 καὶ

375 1795 647 1867 σώματος,
700 1800 733 1868 ή
771 1798 960 1853 τούτου
1005 1800 1324 1855 δυναστεία·
1371 1780 1622 1870 ούδὲ-
1649 1780 1864 1878 ἦν-τῶν
1903 1808 1963 1873 ἐξ
2001 1780 2040 1834 Β

371 1888 570 1952 αἰῶνος
603 1884 714 1953 οἷός
747 1907 805 1943 τε
839 1891 988 1944 τουτὶ
1026 1889 1086 1944 τὸ
1130 1893 1400 1966 φόϐητρον
1434 1897 1492 1963 ἐξ
1528 1896 1828 1970 ἀνθρώπων
1867 1899 1963 1953 ἀν-

371 1981 534 2035 ελεῖνο
578 1984 780 2046 πάντες
808 1983 852 2036 δ’
889 1985 1195 2056 ὲπτήχεσαν
1226 1987 1375 2059 φόϐῳ
1408 1991 1593 2060 μικροὶ
1614 1991 1709 2045 καὶ
1737 1991 1961 2062 μεγάλοι

372 2070 466 2124 τὸν
501 2071 728 2128 θάνατον
749 2091 763 2104 ο
803 2073 904 2127 οὐκ
927 2069 996 2145 ἦν
1045 2092 1105 2127 τε
1139 2075 1233 2130 τοῦ
1272 2080 1442 2134 κακοῦ
1491 2083 1835 2155 παραμύθιον
1870 2089 1962 2142 ἀν·

372 2163 633 2236 θρώποις,
677 2167 738 2220 ού
765 2164 942 2237 λόγος,
968 2172 1028 2225 οὐ
1060 2169 1280 2245 τρόπος,
1308 2175 1368 2227 οὐ
1397 2174 1530 2246 βίος,
1565 2177 1625 2230 οὐ
1661 2179 1840 2249 σοφῶν
1876 2181 1962 2236 λο-

373 2257 590 2326 γισμὸς,
613 2257 675 2310 ού
710 2258 952 2314 παλαιῶν
985 2263 1414 2335 συγγράμματα,
1448 2266 1508 2318 ού
1549 2270 1843 2338 προφητῶν
1874 2271 1961 2325 θεά

375 2348 680 2418 σπίσματα,
702 2351 795 2403 καὶ
815 2352 1062 2421 ἀγγέλων
1093 2355 1401 2424 ἐπιφάνειαι
1419 2367 1433 2387 ⁸
1463 2358 1680 2412 πάντων
1703 2359 1759 2414 δὲ
1783 2359 1960 2434 κρείτ-

373 2453 482 2490 των
507 2439 601 2492 καὶ
616 2439 888 2512 ἀνώτερος
907 2442 1006 2515 τὴν
1028 2444 1403 2501 κατὰπάντων
1429 2448 1584 2521 νίκην
1617 2451 1832 2522 ἐπεῖχεν
1847 2453 1959 2525 (95)

373 2531 404 2583 ὁ
435 2530 682 2596 θάνατος,
721 2529 942 2604 ὑψηλὸς.
991 2538 1350 2610 μεγάλαυχος,
1398 2537 1742 2614 ὑπερήφανος
1764 2559 1778 2575 ⁶
1895 2546 1960 2618 δὴ
1998 2603 2001 2606 ,

376 2622 906 2696 καταδεδουλωμένον
935 2624 997 2680 τὸ
1030 2628 1221 2702 θνητὸν
1251 2633 1409 2701 γένος
1442 2636 1723 2701 παντοίαις
1743 2638 1959 2693 ἐκαλιν-

375 2711 517 2767 δεῖτο
544 2717 927 2788 παρανομίαις,
959 2723 1312 2791 μιαιφονίαις,
1347 2725 1807 2803 ἀθεμιτουργίαις,
1836 2730 1960 2784 δυσ-

379 2805 636 2873 σεϐείαις,
667 2811 985 2884 πολυπλόκῳ
1003 2815 1180 2890 πλάνῃ
1204 2834 1218 2848 ·
1248 2818 1454 2872 τούτων
1475 2819 1584 2893 γὰρ
1604 2815 1673 2892 ἦν
1700 2823 1957 2877 ἁπάντων

379 2896 605 2964 θάνατος
633 2901 825 2965 αἴτιος.
869 2899 956 2967 Ὦς
982 2905 1090 2978 γὰρ
1134 2907 1329 2978 μηκέτι
1353 2908 1504 2972 ὄντες
1538 2910 1677 2982 μετὰ
1706 2910 1954 2977 θάνατον,

377 2989 447 3042 τὰ
472 2991 680 3062 μυρίων
703 2993 948 3049 θανάτων
980 2996 1105 3064 ἄξια
1128 2997 1361 3070 δρῶντες
1392 3000 1579 3072 διῆγον
1598 3018 1612 3032 °
1645 3003 1738 3057 xui
1768 3003 1845 3068 ὡς
1871 3005 1958 3056 εὐ-

378 3081 564 3147 θύναις
601 3084 850 3156 οὐδαμῶς
878 3087 1225 3159 ὕποκείμενοι
1257 3090 1344 3144 διὰ
1377 3092 1478 3164 τὴν
1501 3093 1567 3146 ἐκ
1601 3093 1696 3147 τοῦ
1727 3094 1957 3149 θανάτου

377 3173 550 3239 λύσιν,
576 3174 688 3246 βίον
710 3175 849 3241 ἔζων
867 3179 1120 3236 ἀϐίωτον.
1152 3181 1258 3246 Οὓς
1281 3181 1344 3254 δὴ
1365 3182 1698 3257 κατελεήσας
1717 3188 1746 3239 ὁ
1763 3187 1955 3256 Λόγος,

375 3265 470 3320 ἰπὶ
503 3268 609 3338 τὴν
646 3269 856 3340 ἄμυναν
891 3271 1156 3329 ἔσπευσεν
1177 3292 1192 3307 ·
1229 3271 1330 3329 εἷθ’
1362 3270 1449 3330 οἷα
1493 3275 1744 3347 βασιλεὺς
1773 3280 1959 3350 φιλαν-

377 3357 722 3427 θρωπότατος
748 3363 844 3416 τὸν
873 3364 1013 3419 κατὰ
1042 3365 1137 3420 τοῦ
1162 3365 1390 3421 θανάτου
1421 3366 1638 3439 ἔλεγχον
1661 3369 1729 3421 δι’
1747 3369 1956 3443 ἀνθρὼ-

379 3465 484 3502 που
524 3451 740 3520 φύσεως
773 3455 1105 3525 ἐμηχανᾶτο,
1151 3455 1265 3529 ζωὴ
1310 3457 1409 3528 μὲν
1451 3459 1614 3523 αὐτὸς
1650 3461 1954 3531 τυγχάνων,

379 3543 473 3595 καὶ
498 3543 632 3597 Θεοῦ
665 3547 858 3615 Λόγος,
895 3549 989 3602 καὶ
1011 3549 1148 3604 Θεοῦ
1181 3549 1409 3622 δύναμις
1429 3567 1444 3582 ⁶
1476 3549 1590 3606 ἀλλ’
1619 3554 1681 3606 οὐ
1713 3553 1834 3624 δίχα
1862 3554 1956 3613 τοῦ

381 3633 740 3705 βοηθουμένου
786 3636 848 3692 τὸ
872 3639 982 3693 τῶν
1021 3639 1324 3713 ἀνθρώπων
1373 3641 1644 3716 φόϐητρον
1691 3645 1957 3714 διελέγξαι

379 3723 587 3797 κρίνας.
638 3729 729 3781 Διὸ
773 3730 838 3803 δὴ
881 3731 1032 3804 ὅπλῳ
1089 3735 1432 3806 χρησάμενος
1470 3735 1814 3809 ἀνθρωπείῳ,
1867 3739 1959 3792 καὶ

377 3816 554 3888 θνητῷ
575 3817 790 3889 σώματι
815 3823 844 3874 ὁ
876 3822 1187 3894 ἀσώματος,
1218 3826 1308 3878 τὸν
1349 3825 1578 3880 θάνατον
1602 3827 1688 3880 διὰ
1715 3828 1809 3881 τοῦ
1832 3829 1958 3900 θνη-

376 3907 470 3961 τοῦ
493 3912 934 3983 κατηγωνίσατο·
972 3915 1067 3968 καὶ
1096 3917 1241 3986 μέγα
1272 3916 1454 3988 θαῦμα
1505 3921 1618 3981 τοῖς
1645 3921 1810 3972 πᾶσιν
1850 3922 1958 3974 ἀπ-

376 3998 566 4067 έδειξε,
605 4001 862 4073 τρόπαιον
885 4002 1183 4069 ἀθανασίας
1211 4005 1351 4060 κατὰ
1376 4006 1470 4060 τοῦ
1505 4006 1731 4061 θανάτου
1751 4007 1838 4060 διὰ
1863 4007 1957 4061 τοῦ

376 4088 572 4161 θνητοῦ
605 4093 771 4146 ὅπλου
796 4094 999 4166 στήσας
1029 4095 1160 4165 (24).
1203 4095 1378 4166 Ἠφίει
1415 4097 1516 4168 μὲν
1543 4097 1648 4168 γάρ
1679 4098 1740 4150 τὸ
1765 4097 1958 4169 θνητὸν

375 4180 454 4241 εἰς
485 4180 650 4252 βορὰν
672 4183 749 4254 τῷ
771 4184 944 4256 θηρίῳ
963 4184 1074 4256 (25)
1092 4202 1104 4214 ·
1136 4183 1198 4239 τὸ
1223 4186 1268 4239 δ’
1282 4186 1481 4240 αὐτίκα
1506 4185 1585 4257 τῷ
1609 4186 1767 4258 ίκρίῳ
1794 4200 1958 4260 προσ-

373 4270 566 4341 ηλοῦτο
616 4271 1155 4349 ἀνασταυρούμενονσ
1205 4276 1282 4342 ὡς
1320 4276 1386 4330 ἂν
1419 4281 1534 4340 τοῖς
1578 4279 1744 4331 πᾶσιν
1787 4279 1820 4352 ἠ
1864 4278 1956 4332 τοῦ

377 4361 570 4435 θνητοῦ
589 4367 914 4440 γνωρισθείη
949 4368 1130 4438 φύσις,
1165 4369 1298 4440 μηδέ
1326 4387 1444 4422 τινα
1477 4368 1627 4423 λάθοι
1651 4370 1711 4422 τὸ
1732 4370 1959 4442 πραττό-

2068 706 2270 775 ahsque
2297 705 2404 760 ullo
2432 706 2621 761 mortis
2645 719 2787 761 metu
2817 705 3074 764 adversus
3106 711 3456 781 polytlteisnti
3487 725 3633 768 erro-

2071 814 2181 852 rem
2209 808 2482 853 ccrtamen
2519 798 2768 853 alacriter
2796 803 3149 870 susciperent.
3192 801 3327 856 Nam
3362 803 3464 859 nisi
3495 819 3636 858 mor-

2071 901 2175 944 tem
2240 901 2584 946 contemnere
2641 893 3040 958 assuevissent,
3108 907 3379 964 nunquam
3444 907 3635 951 contra

2072 981 2331 1036 terribilia
2380 993 2439 1034 se
2488 980 2868 1036 accinxissent.
2915 980 3271 1049 Quamobrem
3323 985 3636 1040 necessario

2071 1072 2189 1128 illos
2214 1086 2433 1126 armans
2462 1071 2726 1125 adversus
2757 1073 2944 1126 mortis
2985 1074 3301 1141 potentiam,
3346 1074 3487 1130 haud
3514 1085 3639 1144 pro-

2069 1164 2194 1218 latis
2239 1173 2336 1219 ore
2385 1162 2591 1217 voculis
2632 1162 2932 1218 doctrinam
2967 1163 3108 1217 hanc
3157 1162 3420 1228 tradebat,
3461 1179 3639 1233 neque

2069 1267 2380 1310 sermonum
2410 1269 2561 1307 more
2585 1253 2946 1308 humanorum
2987 1259 3053 1308 de
3095 1256 3288 1309 animae
3315 1255 3632 1310 immortali-

2071 1351 2181 1400 tate
2221 1347 2590 1401 verisimiliter
2617 1345 2953 1411 disserebat,
2985 1348 3078 1400 sed
3114 1346 3230 1417 ipso
3260 1361 3423 1415 opere
3465 1347 3636 1401 relata

2069 1439 2137 1493 de
2159 1450 2333 1494 morte
2374 1449 2574 1507 tropaea
2604 1438 2710 1494 illis
2737 1438 3072 1493 ostendebat.

2139 1531 2283 1586 Sane
2346 1541 2462 1585 erat
2510 1531 2635 1584 olim
2689 1531 2897 1584 cunctis
2945 1529 3204 1585 terribilis
3253 1529 3343 1584 illa
3394 1531 3638 1586 mortalis

2072 1623 2283 1688 generis
2312 1622 2582 1692 pernicies
2616 1639 2795 1687 mors;
2833 1631 2887 1678 et
2911 1621 3192 1676 dissolutio
3226 1621 3639 1676 existimabatur

2071 1713 2337 1768 universae
2367 1714 2605 1768 hominis
2636 1724 2861 1776 natur-aa,
2888 1713 3081 1766 animae
3105 1713 3264 1767 simul
3292 1723 3346 1768 et
3368 1715 3634 1781 corporis,

2071 1805 2258 1858 mortis
2297 1811 2607 1873 potentatus
2631 1822 2646 1864 :
2700 1821 2965 1874 nentoque
2994 1818 3060 1857 ex
3091 1806 3235 1857 omni
3263 1819 3377 1858 aevo
3403 1807 3631 1862 exstite-

2072 1905 2172 1961 rat,
2197 1897 2286 1964 qui
2320 1895 2424 1949 hoc
2459 1896 2952 1950 lerriculamentum
2986 1913 3050 1949 ex
3098 1897 3407 1950 hominibus
3444 1895 3630 1951 tollere

2069 1997 2271 2054 posset,
2317 1987 2608 2055 cunctique
2675 2005 2701 2039 ιι
2761 2003 2956 2057 magno
3005 2002 3176 2054 usque
3233 1987 3298 2041 ad
3348 1987 3628 2041 minimmn

2071 2076 2260 2128 mortis
2288 2076 2480 2129 timore
2530 2077 2988 2142 percellebantur;
3041 2077 3278 2147 nihilque
3324 2091 3438 2132 erat
3487 2081 3632 2148 quod

2069 2165 2194 2221 huic
2220 2166 2362 2222 malo
2389 2168 2638 2223 solatium
2667 2170 2966 2234 conferret,-
3004 2184 3106 2222 non
3136 2184 3332 2230 sermo,
3369 2184 3474 2223 non
3513 2187 3630 2224 mu-

2069 2257 2168 2312 dus
2193 2256 2420 2328 aliquis,
2458 2275 2563 2315 non
2609 2262 2937 2332 sapientium
2987 2261 3248 2326 consilia,
3289 2277 3393 2317 non
3425 2263 3633 2332 prisco-

2071 2365 2186 2403 rum
2220 2350 2441 2414 litteraz,
2473 2365 2577 2406 non
2609 2354 2998 2424 prophetarum
3038 2354 3260 2412 oracula
3283 2394 3300 2421 ,
3332 2369 3438 2409 non
3468 2368 3634 2424 ange-

2069 2441 2242 2497 lorum
2280 2444 2642 2513 apparitiones
2673 2460 2689 2497 :
2725 2446 2818 2502 sed
2853 2448 3110 2502 omnibus
3151 2447 3342 2502 fortior
3385 2455 3439 2500 et
3472 2461 3634 2515 supe-

2070 2535 2179 2588 rior
2203 2535 2557 2590 universalem
2588 2537 2871 2593 victoriam
2895 2540 3172 2594 obtinebat
3201 2553 3368 2602 mors,
3391 2539 3632 2602 excelsa.

2067 2625 2439 2696 gloriabunda,
2484 2628 2746 2696 superba.
2799 2629 2887 2684 cui
2935 2630 3299 2699 mancipatum
3338 2630 3630 2684 humanum

2067 2731 2258 2785 genus,
2285 2719 2339 2770 in
2365 2720 2512 2773 omni
2543 2717 2884 2774 volutabatur
2913 2721 3139 2786 scelere,
3161 2721 3418 2783 caedibus.
3453 2719 3634 2774 nefan-

2065 2809 2150 2864 dis
2181 2812 2467 2880 operibus,
2497 2811 2897 2881 irretigiositate
2921 2854 2936 2878 ,
2963 2812 3358 2882 multiplicique
3383 2827 3630 2868 errorum

2065 2915 2279 2969 genere.
2330 2903 2538 2972 Quippe
2582 2904 2776 2959 borum
2823 2906 3064 2961 omnium
3101 2920 3247 2962 mors
3277 2919 3442 2961 causa
3468 2915 3629 2960 erat:

2067 3003 2300 3059 namque
2355 2993 2622 3056 homines.
2677 3009 2774 3049 ceu
2823 3004 2945 3064 post
2999 2997 3204 3051 obitum
3256 2996 3388 3051 nihil
3449 3008 3632 3052 essent

2068 3079 2251 3146 futuri,
2319 3083 2481 3152 digna
2528 3085 2756 3141 inﬁnitis
2803 3087 3066 3141 mortibus
3118 3088 3630 3158 perpetrabant:ac

2061 3171 2226 3228 veluti
2253 3173 2385 3230 nulli
2403 3189 2576 3244 pinnat
2599 3165 2820 3232 obnoxii
2839 3216 2854 3243 ,
2879 3188 3098 3249 prOpter
3126 3193 3243 3234 eam
3271 3193 3430 3247 quam
3459 3189 3635 3232 morte

2062 3264 2176 3320 ﬁeri
2203 3265 2493 3322 credebant
2527 3266 2955 3332 dissolutionem,
2987 3269 3149 3323 vitam
3178 3269 3296 3324 sine
3335 3271 3438 3346 vita
3469 3270 3631 3335 dege-

2061 3353 2211 3409 bant.
2269 3353 2416 3421 Quos
2467 3357 2730 3412 miserans
2781 3357 3061 3422 Verbum,
3122 3359 3190 3414 ad
3262 3360 3632 3414 auxiliandum

2061 3444 2356 3501 festinavit.
2391 3447 2589 3502 Deinde
2624 3455 2682 3501 ut
2709 3463 2807 3503 rex
2839 3449 3297 3505 clementissimus
3337 3452 3627 3506 coercitio-

2061 3553 2180 3593 nem
2237 3539 2425 3594 mortis
2473 3553 2571 3608 per
2615 3539 2851 3597 hominis
2923 3549 3169 3596 naturain
3233 3543 3451 3598 molitus
3501 3555 3632 3610 est;

2059 3642 2290 3698 cumque
2339 3631 2385 3685 is
2429 3631 2540 3684 vita
2596 3631 2711 3700 ipsa
2766 3633 2876 3700 sit,
2925 3641 2981 3686 et
3024 3632 3116 3689 Dei
3175 3631 3435 3699 Verbum,
3466 3645 3633 3702 atque

2061 3724 2322 3794 potentia,
2377 3741 2483 3781 nou
2536 3726 2653 3780 sine
2705 3735 2883 3781 tamen
2944 3726 3058 3794 ipsa
3122 3725 3479 3788 humanitate,
3539 3731 3628 3780 cui

2059 3831 2214 3886 opem
2243 3815 2469 3880 ferebat,
2501 3826 2764 3872 terrorem
2798 3818 3077 3872 hominum
3112 3818 3179 3872 de
3218 3817 3396 3871 medio
3425 3815 3617 3871 tollen-

2061 3907 2186 3961 dum
2205 3909 2487 3977 judicavit.
2521 3909 2903 3976 Quamobrem,
2925 3909 3089 3963 armis
3135 3918 3292 3962 utens
3341 3908 3616 3972 humanis,

2060 3999 2274 4056 mortali
2311 4001 2362 4054 in
2410 4016 2639 4070 corpore
2680 4003 3059 4071 incorporeum
3109 3999 3339 4055 Verbum
3401 4009 3630 4055 mortem

2061 4106 2121 4147 re
2141 4093 2358 4148 mortali
2391 4094 2697 4157 debellavit,
2729 4094 3040 4164 gramieque
3068 4093 3387 4148 miraculum
3413 4093 3625 4146 cunctis

2058 4186 2389 4247 ostentavit,
2437 4185 2858 4240 immortalitatis
2892 4195 3148 4256 tropaeum
3186 4187 3443 4240 adversus
3486 4197 3630 4238 mora

2062 4286 2168 4332 tem
2201 4278 2521 4332 mortalibus
2549 4277 2716 4331 armis
2746 4288 3009 4334 statuens.
3038 4279 3248 4346 Quippe
3267 4292 3417 4331 suam
3443 4277 3627 4337 voraci

2059 4366 2251 4422 bellum
2286 4367 2568 4420 mortalem
2602 4377 2812 4436 partem
2838 4367 3090 4433 tradidit,
3118 4383 3239 4435 qua:
3271 4365 3452 4420 statim
3481 4363 3630 4433 ligno

379 4471 556 4526 μενον,
591 4458 665 4530 μὴ
697 4458 1016 4532 ἀνθρώπων,
1065 4461 1138 4532 μὴ
1168 4461 1436 4533 δαιμόνων
1454 4477 1467 4490 ·
1497 4463 1662 4532 ἐχρῆν
1685 4461 1794 4534 γὰρ
1823 4463 1957 4517 πάνυ

2064 4458 2230 4514 clavis
2259 4459 2468 4514 conﬁxa
2507 4459 2629 4525 fuit,
2661 4471 2716 4514 ut
2739 4461 2822 4514 sui
2855 4460 3106 4529 corporis
3147 4467 3335 4512 natura
3384 4453 3627 4510 mortalis

374 4563 473 4611 τας
502 4549 748 4618 ἀκριϐῶς
777 4550 835 4604 τὸ
862 4550 1052 4623 θνητὸν
1089 4552 1236 4617 ἰδεῖν,
1262 4553 1339 4617 ὡς
1383 4555 1441 4607 ὲν
1473 4555 1714 4625 μεγίστῳ
1741 4552 1954 4626 θεάτρῳ

375 4637 474 4709 τὴν
502 4640 706 4694 οἰκείαν
732 4642 1032 4713 ὁμολογοῦν
1054 4644 1214 4713 φύσιν
1235 4663 1248 4675 ·
1285 4645 1350 4697 ἵν’
1381 4645 1506 4717 ἑξῆς
1534 4643 1777 4699 ἐπελθὼν
1801 4645 1830 4698 ὁ
1854 4644 1952 4699 θά-

374 4745 552 4794 νατος,
569 4724 657 4784 οἷα
678 4729 782 4803 θὴρ
807 4732 999 4796 δεινὸς,
1015 4727 1126 4798 οἷός
1154 4735 1236 4797 τίς
1263 4733 1381 4788 ποτ’
1406 4728 1495 4805 ἦν,
1517 4734 1707 4787 ἑαυτὸν
1727 4733 1921 4807 ἐλέγξῃ
1939 4750 1951 4762 ⁸

375 4822 614 4876 κᾶπειτα
640 4823 739 4893 τῆς
761 4823 906 4895 ζωῆς
928 4827 964 4895 ἡ
994 4825 1242 4896 δύναμις,
1278 4824 1416 4894 μετά
1448 4825 1676 4880 θάνατον
1701 4824 1957 4878 ἐπελθοῦ-

373 4929 466 4976 σα,
509 4917 624 4979 τοῖς
655 4918 821 4968 πᾶσιν
862 4911 1016 4978 αὖθις
1060 4916 1159 4988 τὴν
1191 4915 1332 4970 κατά
1373 4914 1467 4968 τοῦ
1510 4915 1740 4970 θανάτου
1781 4933 1958 4987 παραα-

373 5009 640 5078 στησηται
694 5010 884 5080 νίκην,
932 5009 993 5062 τὸ
1048 5009 1238 5078 θνητὸν
1285 5008 1550 5062 ἀθάναπν
1601 5005 1952 5071 ἀποδείξασα.

450 5281 558 5353 (20)
578 5283 747 5353 Syrus
765 5283 977 5338 videtur
1009 5282 1207 5352 legisse
1245 5276 1578 5338 ἀνατέλλειν.

449 5355 564 5424 (sit)
592 5357 828 5424 Apparet
860 5355 1058 5424 Syrum
1089 5355 1283 5424 legisse
1313 5355 1560 5409 εἰκόνων.

448 5423 564 5495 (22)
604 5427 729 5495 Syr.
755 5440 838 5488 ιιι,
874 5423 962 5480 6t.

450 5517 564 5589 (23)
592 5516 763 5588 Syrus
794 5518 952 5588 paulo
984 5517 1143 5572 aliter
1175 5517 1457 5587 periodum
1488 5517 1696 5573 dividit.

450 5607 561 5679 (24)
605 5608 998 5679 [lactenushoc
1042 5607 1400 5679 iragmentum
1438 5610 1671 5679 (nempe
1707 5608 1780 5679 ab
1840 5606 1946 5679 illis

377 5674 560 5751 verbis
602 5674 670 5750 ἦν
712 5678 812 5749 μὲν
847 5674 1167 5751 γὰρᾼπάλᾱι
1213 5674 1478 5750 πρότερον
1519 5674 1943 5751 φοϐερόςκριρ.)

382 5747 644 5821 recitatur
672 5747 738 5802 ad
762 5747 949 5802 eodem
976 5748 1160 5804 Niceta
1193 5747 1358 5802 etiam
1385 5747 1436 5803 in
1463 5747 1742 5804 catettu'ad
1767 5747 1942 5817 Epist.-

626 5848 893 5910 lfn‘uoc.
941 5842 1060 5903 (in.
1114 5842 1344 5902 XXIV.

2059 4548 2130 4604 ab
2173 4551 2427 4604 omnibus
2453 4560 2856 4621 agnosceretur,
2897 4565 2996 4605 nec
3026 4561 3356 4620 quemquam
3389 4559 3476 4600 res
3503 4551 3622 4598 acta

2057 4637 2246 4693 lateret
2296 4638 2409 4693 sive
2463 4641 2732 4694 hominem
2800 4640 2916 4694 sive
2966 4640 3285 4693 dmmonem.
3363 4636 3627 4690 Intererat

2057 4733 2201 4788 enim
2244 4742 2303 4786 ut
2340 4746 2531 4788 omnes
2564 4741 2822 4787 accurate
2859 4731 3102 4786 viderent
3128 4744 3249 4784 eum
3281 4727 3371 4798 qui
3415 4725 3618 4782 morie-

2059 4823 2238 4888 batur,
2265 4822 2536 4893 prepriam
2573 4822 2918 4877 conﬁtentem
2942 4861 2959 4885 ,
3009 4829 3262 4889 tanquam
3313 4819 3368 4871 in
3408 4825 3636 4886 specta--

2057 4915 2181 4969 culo
2225 4914 2482 4977 maximo,
2535 4922 2810 4976 naturam;
2875 4922 2934 4966 ut
2991 4910 3185 4966 deinde
3241 4908 3625 4978 superveniens

2061 5021 2231 5070 mors,
2264 5021 2362 5058 ceu
2401 5005 2518 5058 dira
2545 5005 2725 5060 bellua
2752 5041 2770 5068 ,-
2791 5017 3037 5072 quamam
3071 5002 3300 5071 ipsamet
3331 5009 3491 5061 esset,
3529 5012 3623 5068 per

2056 5280 2123 5342 ad
2161 5273 2324 5340 ilebr.
2352 5293 2472 5348 cap.
2521 5271 2733 5344 tt,-l7;.
2771 5280 3042 5348 sedrecte
3071 5276 3288 5348 quidem
3340 5276 3391 5330 in
3438 5278 3625 5330 codice

2053 5345 2441 5421 Mediolattensi
2470 5367 2533 5404 ex
2568 5346 2942 5416 Εὑαγγελικῆς
2978 5345 3314 5421 θεοφανείᾳςΣ
3369 5348 3626 5403 mendose

2054 5429 2232 5475 autem
2270 5421 2320 5474 itt
2355 5416 2640 5488 Parisiaeo
2676 5426 2758 5488 (ut
2799 5426 2941 5488 certe
2987 5425 3071 5470 est
3113 5416 3255 5486 apud
3276 5417 3620 5482 Crutnet'utn,

2051 5505 2103 5560 Ρ.
2131 5491 2258 5561 ιῖϐ)
2311 5485 2693 5558 Εὑαγγελικῆς
2721 5485 3070 5551 ἀποδείξεως.

2121 5605 2232 5675 (‘25)
2274 5602 2491 5662 Bellum.
2524 5601 2576 5655 id
2605 5603 2908 5675 est-morti,
2949 5619 3053 5660 non
3096 5603 3279 5656 belluis
3313 5611 3373 5656 ιιι
3427 5601 3618 5674 Syrus,

2053 5691 2144 5731 seu
2189 5671 2331 5741 angi.
2363 5675 2568 5743 beasts.
2613 5671 2815 5743 Nempe
2854 5675 3010 5743 paulo
3050 5675 3188 5730 intra
3228 5688 3372 5726 mors
3412 5671 3614 5727 disin'tu

2053 5749 2252 5801 dicitur
2292 5742 2486 5798 bellua.-

3267 5835 3349 5894 ΞΘ
