4098 6200
472 282 584 336 Ὁ19
1144 259 1406 317 EUSEBH
1443 254 1918 314 CASSARIENSIS
1955 252 2104 309 OPP.
2145 249 2325 305 PARS
2360 250 2450 304 ιν.
2490 280 2557 290 -
2597 244 3014 303 DOGMATICA.
3600 235 3703 320 620

483 406 540 445 se
596 386 891 457 proderet:
928 391 1305 452 postremoque
1356 380 1479 433 vitae
1537 378 1749 441 virtus,
1807 383 2035 427 mortem

2153 371 2251 441 [26)
2300 368 2473 437 Ἡφίει
2504 368 2612 436 (27)
2641 367 2817 420 τοίνυν
2847 365 2981 435 πρὸς
3010 360 3183 433 βραχὺ
3206 358 3267 411 τὸ
3303 355 3460 457 σωμα
3484 356 3522 457 3)
3550 351 3708 405 τούτο

485 485 789 543 subsecuta,
818 479 1029 533 cunctis
1051 475 1294 529 vicissim
1340 489 1491 527 suam
1525 472 1783 524 adversus
1810 476 2035 521 mortem

2153 460 2503 532 Βιακρατοῦσα
2534 457 2625 510 τοῦ
2650 456 2781 510 Θεοῦ
2810 457 2981 522 Λόγου
3004 451 3250 521 δύναμις·
3277 444 3385 516 (‘28)
3407 444 3466 497 τὸ
3479 443 3523 496 δ’
3540 444 3707 511 ἀνηρ-

482 574 763 629 victoriam
794 570 968 639 palam
1002 568 1224 629 faceret,
1268 566 1395 619 dum
1440 564 1667 619 mortale
1710 575 1903 629 corpus
1935 559 2038 613 im-

2153 554 2371 624 τημένον
2393 551 2484 603 ἐπὶ
2496 547 2588 601 τοῦ
2606 547 2759 612 ξύλου
2784 548 3121 616 παραχρῆμα
3150 540 3339 611 νεκρὸν
3364 532 3450 607 ἦν’
3470 534 3585 588 ἀλλ’
3614 533 3711 602 οὐχ

483 664 709 720 mortale
743 662 853 730 jam
880 661 1114 714 siSIeret.
1163 658 1374 711 Dimisit
1414 656 1593 724 itaque
1626 654 1769 707 brevi
1801 662 2037 719 tempore

2153 643 2359 709 5Λόγος
2390 642 2418 693 ὁ
2449 639 2705 704 ζωοποιὺς
2728 637 2788 689 τὸ
2819 636 3174 706 νεκρούμενον
3208 628 3275 702 ἦν
3299 646 3311 659 ο
3340 628 3401 680 τὸ
3428 625 3484 679 δὲ
3520 624 3711 694 θνητὸν

482 770 696 824 corpus,
728 728 789 807 ea
823 767 941 821 qua:
972 751 1072 804 hoc
1098 747 1400 812 possidebat
1436 746 1525 800 Dei
1558 744 1714 799 Verbi
1746 743 1950 803 virtus;
1983 748 2039 792 et

2153 734 2240 805 τὴν
2261 733 2465 786 οἰκείαν
2487 730 2751 802 ὡμολόγει
2783 728 2959 797 φύσιν.

482 809 763 904 confestim
797 809 922 899 illud
945 847 1083 912 quod
1120 845 1187 896 de
1224 841 1369 909 ligno
1442 838 1747 909 pendebat,
1813 842 2082 888 mortuum
2146 838 2257 893 cst;
2314 842 2418 880 non
2475 835 2651 878 tamen
2705 821 2982 875 viviticum
3036 816 3269 871 Verbum
3349 809 3718 865 exstinctum;

482 958 609 1012 pars
661 937 1029 994 tantummodo
1072 935 1276 989 Christi
1320 932 1562 986 mortalis
1603 940 1848 985 naturam
1887 938 2039 980 suam
2080 923 2400 977 testabatur.
3641 986 3699 1012 π

555 1031 812 1100 Sepnlero
850 1027 1142 1083 secundum
1181 1026 1457 1080 hominum
1489 1024 1631 1095 leges
1658 1023 1886 1077 traditus
1916 1019 2037 1077 fuit.

2212 1014 2321 1085 (29)
2347 1013 2604 1083 Μνήματι
2639 1008 2695 1062 δὲ
2725 1006 2868 1061 κατὰ
2906 1004 3103 1074 νόμους
3146 997 3447 1069 ἀνθρώπων
3490 991 3715 1063 παρεδί-

484 1123 612 1178 Erat
674 1132 852 1177 autem
904 1118 1210 1189 sepulcrum
1278 1116 1530 1186 spelunca
1582 1131 1751 1186 nuper
1804 1115 1857 1169 in
1908 1127 2040 1168 saxo

2153 1084 2258 1162 501:0
2282 1124 2294 1136 '
2323 1106 2384 1159 τὸ
2408 1105 2463 1158 δέ
2486 1103 2675 1175 μνῆμα
2703 1100 2964 1170 σπήλαιον
2991 1090 3059 1166 ἦν
3088 1094 3208 1164 ἄρτι
3233 1089 3371 1144 κατὰ
3402 1088 3606 1157 πέτρας
3629 1084 3716 1135 λε-

486 1210 687 1271 excisa,
716 1207 918 1261 nullum
954 1208 1131 1260 adhuc
1166 1202 1399 1259 cadaver
1434 1176 1677 1272 experta,
1723 1204 1848 1273 quia
1875 1216 2041 1272 opor-

2153 1197 2487 1268 λαξευμένον,
2530 1192 2681 1248 οὔπω
2732 1190 2982 1261 σώματος
3035 1184 3222 1254 ἐτέρου
3278 1176 3710 1273 πεπειραμένον·

484 1301 633 1355 tebat
664 1301 878 1354 unicum
911 1297 1145 1353 loculum
1202 1298 1291 1349 uni
1343 1294 1561 1350 insolito
1594 1303 1807 1351 mortuo
1851 1295 2040 1351 deser-

2153 1292 2252 1346 ίδει
2276 1289 2385 1361 γὰρ
2414 1287 2558 1359 μόνῳ
2591 1284 2703 1356 (50)
2738 1278 3016 1352 σχολάζειν
3046 1275 3124 1346 τῷ
3156 1274 3302 1346 μόνῳ
3325 1268 3621 1361 παραδόξῳλ
3640 1284 3719 1320 νε-

489 1394 624 1446 vire.
655 1391 901 1461 Miraque
931 1389 1046 1444 visu
1080 1397 1196 1443 erat
1223 1400 1369 1456 petra
1404 1388 1639 1455 spatioso
1685 1387 1739 1441 in
1775 1387 1897 1442 loco
1927 1385 2041 1443 sola

2153 1381 2283 1454 κρῷ.
2308 1359 2604 1450 Θαυμαστὴ
2644 1376 2700 1428 δὲ
2731 1374 2855 1427 ἰδεῖν
2878 1373 2911 1442 ἡ
2945 1371 3118 1441 πέτρα
3152 1369 3209 1420 ἐν
3235 1363 3538 1439 ἠπλωμένῳ
3558 1359 3719 1431 χώρῳ

486 1494 708 1538 exstans
737 1492 939 1546 erecta,
991 1489 1314 1549 antrumque
1355 1479 1568 1532 unicum
1612 1480 1755 1534 intus
1799 1480 2040 1545 habens;

2153 1453 2287 1546 μόνη
2323 1473 2501 1541 δρθιος
2524 1466 2887 1537 άνεσταμένηο
2937 1462 3032 1516 καὶ
3073 1460 3229 1530 μόνον
3270 1454 3337 1527 ἦν
3368 1457 3559 1526 ἄντρον
3590 1453 3720 1505 είεω

491 1592 558 1631 ne
583 1576 629 1630 si
656 1575 792 1629 forte
821 1574 971 1643 plura
999 1587 1224 1640 corpora
1266 1571 1607 1641 excepisset,
1641 1569 1756 1640 ejus
1781 1571 1871 1640 qui
1909 1543 2047 1626 mor-

2153 1543 2207 1621 ἐν
2238 1543 2373 1637 αύτῇ
2422 1562 2766 1633 περιέχουσα,
2808 1557 2883 1619 ὼς
2922 1554 2988 1609 ἂν
3035 1554 3129 1625 μὴ,
3172 1548 3381 1603 πολλῶν
3427 1543 3716 1643 γενομένη,

489 1677 595 1722 tem
636 1666 1035 1727 debellaverat,
1080 1635 1773 1717 miraculum-obscuraret.
1798 1635 2047 1717 docebat

2153 1660 2245 1714 τοῦ
2271 1635 2370 1712 τὸν⁷
2388 1657 2612 1711 θάνατον
2641 1645 3154 1717 καταγωνισαμένου
3178 1640 3477 1711 ἐπισκιάσῃ
3498 1638 3558 1690 τὸ
3590 1635 3720 1689 θαῦ-

490 1759 560 1813 ibi
592 1758 890 1811 evstinctns
922 1756 966 1810 is
992 1755 1082 1823 qui
1115 1762 1232 1808 erat
1264 1752 1493 1806 viventis
1527 1752 1687 1806 Verbi
1736 1768 1995 1822 organum
2028 1771 2041 1807 :

2153 1771 2246 1825 μα.
2269 1751 2379 1823 (51)
2402 1750 2615 1803 Ἐκειτο
2644 1744 2742 1816 μὲν
2772 1742 2835 1813 δὴ
2858 1739 3044 1811 νεκρὸς
3073 1736 3281 1802 αὐτόθι,
3305 1734 3366 1786 τὸ
3389 1731 3483 1785 τοῦ
3519 1729 3718 1794 ζῶντος

489 1864 678 1904 saxum
704 1848 893 1917 ingens
925 1845 1239 1902 occludebat
1295 1843 1625 1911 speluncam.
1662 1843 1804 1898 Mors
1843 1846 2045 1898 interea

2153 1820 2323 1914 λόγου
2362 1844 2631 1915 ὄργανον·
2680 1835 2825 1898 λίθος
2874 1834 2917 1886 δ’
2963 1830 3217 1885 ἀπέκλειε
3265 1822 3627 1897 παμμεγέθης
3659 1820 3722 1873 τὸ

491 1938 720 1991 mirifice
751 1936 1105 2006 gloriabatur,
1137 1948 1235 1988 ceu
1264 1933 1307 1988 si
1345 1933 1489 1988 hunc
1520 1933 1662 1987 haud
1705 1948 1860 1989 secus
1885 1950 2046 2003 quam

2153 1937 2429 2008 σπήλαιον.
2459 1932 2570 1985 Ka).
2594 1928 2760 1991 πολὺς
2784 1922 2849 1997 ἦν
2872 1926 2929 1978 ἐν
2953 1923 3123 1993 τούτῳ
3148 1918 3387 1991 γαυριῶν
3415 1919 3443 1970 ὁ
3469 1917 3719 1977 θάνατος,

492 2028 727 2097 reliquos
755 2044 818 2081 ex
872 2025 1018 2081 omni
1045 2039 1159 2079 aevo
1187 2024 1572 2098 superavisset.
1612 2022 1719 2078 Sed
1741 2025 1885 2080 enim
1912 2039 2047 2078 non-

491 2119 617 2172 dum
662 2119 913 2172 triduano
944 2126 1185 2185 tempore
1226 2126 1452 2180 exacto,
1487 2116 1592 2169 vita
1624 2125 1795 2170 semet
1849 2116 2047 2171 iterum

492 2208 927 2278 conspiciendam
981 2206 1211 2273 obtulit,
1264 2216 1385 2276 post
1446 2203 1796 2261 sufﬁcientem
1860 2212 2050 2260 mortis

491 2298 917 2365 coargutionem.
949 2296 1081 2350 Nam
1121 2298 1166 2352 si
1195 2298 1357 2353 citius
1397 2311 1680 2367 resurgere
1708 2298 2049 2368 properavis-

493 2399 596 2457 set,
654 2404 718 2444 ne
767 2390 1067 2444 exstinctus
1112 2390 1328 2460 quidem
1389 2389 1627 2444 creditus
1680 2388 1891 2443 fuisset.
1944 2388 2048 2443 Sed

493 2480 747 2548 quoniam
779 2493 905 2532 vere
933 2478 1176 2533 sublatus
1216 2479 1309 2547 (in
1354 2480 1613 2547 crucem)
1665 2478 1785 2541 fuit,
1817 2494 2049 2547 vereque

493 2582 755 2635 mortuus,
781 2579 938 2640 atque
956 2570 1231 2640 aliquanto
1252 2570 1505 2641 temporis
1521 2570 1801 2625 intervallo
1822 2580 2048 2625 mortem

496 2679 618 2718 vere
648 2664 920 2737 sustinuit,
952 2663 1076 2717 hinc
1105 2663 1381 2717 enimvero
1411 2661 1552 2730 quod
1595 2661 1774 2716 omnia
1817 2662 2051 2717 vivificat

496 2754 587 2809 Dei
649 2752 923 2817 Verbum,
984 2753 1289 2806 universam
1350 2752 1659 2806 hominibus
1719 2753 2047 2822 propositam

492 2860 641 2914 spem
674 2860 767 2912 per
792 2844 957 2906 illius,
1002 2843 1092 2914 qui
1124 2852 1236 2897 tum
1270 2850 1515 2897 mortuus
1558 2842 1770 2907 fuerat,
1800 2857 2050 2899 resurre-

494 2939 749 2999 ctionem,
788 2934 1102 2989 ostentavit.
1153 2932 1433 3003 [Cumque
1459 2932 1574 3000 ejus
1606 2948 1801 3001 corpus
1842 2934 2052 3003 deposi-

498 3037 610 3080 tum
659 3025 847 3081 fuisset
876 3040 905 3079 a
953 3023 1343 3088 familiaribus,
1399 3025 1745 3093 honestthue
1794 3027 2048 3080 traditum

496 3126 805 3185 sepulturae.
845 3126 966 3183 post
1012 3114 1248 3170 triduum
1300 3116 1475 3170 denuo
1526 3116 1817 3185 resumpsit
1881 3116 2049 3182 illud;

497 3223 790 3277 rursusque
818 3221 980 3262 carne
1014 3215 1193 3262 semet
1219 3216 1271 3261 et
1310 3220 1540 3277 corpore
1577 3205 1841 3273 indutum,
1871 3205 2052 3277 cujus-

495 3325 635 3379 modi
692 3332 847 3377 antea
910 3322 1109 3386 fuerat,
1158 3320 1437 3390 discipulis
1464 3320 1847 3375 demonstravit
1882 3340 1895 3375 :
1928 3322 2050 3391 qni-

494 3413 716 3467 buscum
768 3411 1030 3481 tantisper
1082 3408 1481 3477 confabulans,
1549 3420 1710 3480 atque
1778 3411 2051 3481 aliquanto

496 3514 736 3573 tempore
778 3518 1035 3566 versans,
1080 3517 1202 3555 mox
1236 3500 1364 3554 illuc
1420 3500 1561 3555 unde
1611 3513 1831 3557 venerat
1885 3504 2049 3570 abiit;

494 3596 618 3652 (εωΙί
679 3597 842 3659 viam,
890 3595 1261 3664 spectantibus
1310 3593 1454 3657 illis,
1501 3593 1866 3665 ingrediens]
1912 3594 2048 3660 Quid

494 3700 623 3757 ergo
666 3696 786 3755 post
828 3684 982 3738 haec?
1036 3682 1184 3737 llaud
1243 3683 1353 3751 jam
1401 3698 1499 3752 ego
1545 3690 1818 3751 gestarum
1872 3697 2048 3736 rerum

494 3786 745 3830 narrator
789 3774 879 3829 tibi
928 3775 1050 3835 sim,
1108 3780 1474 3825 verumtamen
1526 3768 1617 3836 qui
1658 3768 1754 3822 has
1782 3767 2050 3833 viderunt,

495 3868 550 3922 hi
581 3868 742 3921 totius
770 3863 963 3934 negotii
1003 3872 1168 3917 teetes
1198 3858 1371 3914 idonei
1412 3858 1553 3923 sint;
1579 3859 1669 3926 qui
1703 3857 1963 3927 sanguine
1990 3872 2053 3911 ac

494 3959 619 4011 vita:
646 3956 990 4017 detrimento,
1018 3963 1260 4008 actorum
1296 3949 1602 4012 veritatem,
1634 3963 1792 4017 quam
1829 3963 2051 4018 aspexe-

494 4058 643 4112 rant,
674 4045 1166 4107 confirmavernnt;
1192 4049 1472 4109 totumque
1500 4040 1686 4094 orbem
1736 4053 1798 4092 ea
1826 4077 1842 4103 ,
1891 4053 2051 4107 quam

499 4142 595 4210 ipsi
622 4139 1008 4210 pradicabant,
1039 4134 1299 4203 religione
1342 4132 1729 4200 impleverunt.
1762 4129 1825 4183 Hi
1868 4131 2055 4198 utique

498 4233 967 4289 resurrectionem,
1001 4241 1159 4296 quam
1190 4224 1361 4280 oculis
1388 4231 1784 4292 spectaverant,
1814 4222 2057 4276 testimo-

497 4323 603 4377 niis
631 4322 744 4378 suis
771 4328 1089 4374 sanxerunt.
1145 4315 1328 4385 Neque
1372 4315 1516 4369 enim
1578 4313 1755 4368 verbis
1805 4328 1869 4368 ac
1926 4326 2056 4366 voce

2148 2029 2222 2093 ὡς
2253 2028 2318 2081 ἃν
2344 2025 2529 2079 τοῦτον
2566 2020 2702 2093 μετὰ
2728 2019 2837 2071 τῶν
2870 2016 2929 2081 ἐξ
2974 2016 3167 2077 αἰῶνος
3203 2011 3335 2066 ἐλὼν
3373 2008 3680 2078 ὑποχείριον
3701 2022 3716 2036 ο

2149 2119 2259 2173 ἀλλ’
2283 2117 2434 2169 οὔπω
2470 2115 2761 2185 τριήμερπ
2795 2108 2993 2181 παρῄει
3035 2107 3243 2178 χρόνος,
3279 2105 3372 2157 καὶ
3402 2103 3435 2171 ὴ
3469 2100 3582 2169 ζωὴ
3617 2100 3722 2153 πά-

2148 2212 2230 2264 λιν
2275 2207 2470 2278 ἑαυτὴν
2520 2206 2704 2273 ἔφαινε
2753 2201 2891 2274 μετὰ
2933 2200 3023 2254 τὸν
3068 2199 3313 2269 αὐτάρκη
3355 2193 3447 2247 τοῦ
3491 2191 3721 2245 θανάτου

2149 2301 2382 2370 ἔλεγχον.
2426 2298 2487 2350 Εἰ
2520 2295 2629 2364 γὰρ
2668 2293 2734 2364 δὴ
2765 2294 2954 2346 θᾶττον
2995 2290 3196 2361 ἀνέστη
3242 2287 3472 2357 φθάσας,
3516 2284 3615 2336 ούκ
3654 2280 3721 2334 ἂν

2149 2393 2269 2446 ούδέ
2306 2388 2532 2452 τεθνεὼς
2571 2385 2828 2457 ἐνομίσθη
2849 2402 2862 2412 ·
2900 2383 3012 2436 ἀλλ’
3047 2384 3136 2436 ὅτε
3171 2399 3234 2450 γε
3278 2378 3490 2447 ἀληθῶς
3523 2374 3721 2444 ὑσᾲοῦτο

2151 2486 2285 2556 (5'3),
2313 2484 2407 2537 καὶ
2427 2479 2637 2552 άληθῶς
2663 2476 2963 2546 ἐτεθνήκει,
2999 2478 3057 2528 ὲν
3088 2474 3262 2546 χρόνῳ
3296 2472 3352 2526 δὲ
3376 2471 3464 2524 τὸν
3495 2469 3720 2522 θάνατον

2148 2577 2361 2649 άληθῶς
2382 2573 2719 2635 ὐπώέδεκτο,
2750 2569 2869 2623 τότε
2896 2567 2961 2639 δὴ
2989 2568 3109 2619 τότε
3130 2568 3158 2619 ὁ
3176 2566 3283 2619 τῶν
3312 2564 3561 2617 ἁπάντων
3588 2561 3722 2623 ζωο-

2150 2671 2301 2734 ποιὸς
2326 2667 2420 2722 τοῦ
2451 2664 2587 2720 Θεοῦ
2618 2664 2789 2731 Λόγος
2821 2661 2917 2731 τὴν
2944 2661 3122 2713 πᾶσαν
3150 2656 3454 2726 ἀνθρώποις
3493 2655 3723 2705 ἀποκει-

2154 2764 2322 2834 μένην
2353 2759 2540 2815 ἐλπίδα
2564 2756 2652 2811 διὰ
2685 2757 2783 2826 τῆς
2815 2752 2906 2806 τοῦ
2937 2752 3056 2805 τότε
3082 2748 3275 2821 θνητοῦ
3306 2742 3721 2815 παλιγγενεσίας

2150 2855 2509 2908 ἐπεδείκνυτο.
2544 2848 2677 2922 [Καὶ
2709 2847 2816 2918 (55)
2850 2844 2942 2898 τοῦ
2970 2843 3218 2913 σώματος
3238 2840 3399 2894 αὑτοῦ
3430 2837 3724 2910 ληφθέντος

2152 2946 2286 3018 πρὸς
2316 2944 2424 2997 τῶν
2455 2940 2743 3012 γνωρίμων
2779 2938 2874 2991 καὶ
2906 2938 2971 3007 τῇ
3005 2934 3355 3007 προσηκούσῃ
3391 2930 3719 3003 παραδοθένο

2150 3055 2242 3101 τος
2276 3037 2441 3106 ταφῇ,
2476 3033 2712 3105 τριταῖος
2753 3024 2908 3091 αὖθις
2943 3026 3292 3096 ἀπελάμϐανε
3334 3024 3490 3079 τοῦτο
3540 3024 3722 3085 αὐτός.

2151 3133 2263 3189 Καὶ
2285 3129 2445 3183 πάλιν
2475 3125 2636 3188 αὐτὸς
2667 3123 2853 3176 ἐαυτὸν
2889 3120 3169 3190 ἔνσαρκον,
3215 3119 3457 3188 ἔνσωμον
3485 3115 3645 3169 αὑτὸν
3678 3116 3723 3165 ὲ-

2153 3227 2348 3285 κεῖνον,
2372 3214 2481 3282 οἶος
2508 3218 2603 3271 καὶ
2632 3216 2692 3269 τὸ
2720 3213 2934 3285 πρῶτον
2958 3208 3048 3283 ἦν,
3079 3215 3189 3275 τοῖς
3213 3211 3430 3273 οἰκείοις
3460 3209 3723 3280 μαθηταῖς

2151 3318 2421 3371 δείκνυσιν
2440 3330 2453 3343 ⁸
2486 3307 2565 3375 οἷς
2593 3309 2686 3363 καὶ
2709 3309 2800 3361 ἐπὶ
2829 3306 2998 3378 βραχὺ
3028 3304 3310 3375 ὁμιλήσας,
3336 3304 3428 3356 καί
3455 3318 3573 3354 τινα
3596 3316 3721 3350 συν-

2150 3408 2432 3481 διατρίψας
2446 3402 2872 3476 χρόνον,ἄνεισιν
2900 3397 3021 3451 ὅθεν
3050 3398 3140 3449 καὶ
3168 3396 3370 3466 παρῆν,
3403 3395 3494 3446 ὑπ’
3526 3390 3725 3461 ὀφθαλ-

2156 3504 2289 3575 μοὺς
2317 3498 2492 3554 αὐτῶν
2527 3496 2623 3567 τὴν
2662 3496 2741 3557 εἰς
2766 3492 3025 3562 οὐρανοὺς
3072 3489 3297 3559 πορείαν
3334 3481 3722 3554 στειλάμενος.)

2152 3595 2266 3667 (54)
2297 3594 2363 3646 Τί
2397 3588 2489 3645 οὖν
2514 3590 2605 3642 ἐπί
2646 3585 2852 3647 τούτοις
2879 3584 3121 3650 γίνεται;
3150 3578 3342 3631 Οὐκέτι
3371 3575 3479 3645 ἐγώ
3509 3592 3588 3627 σοι
3627 3589 3722 3631 γε-

2152 3664 2344 3758 νοίμην
2377 3684 2441 3740 ἂν
2469 3682 2575 3736 τῶν
2609 3676 3009 3749 πεπραγμένων
3052 3670 3366 3732 διδάσκαλος
3388 3686 3401 3699 ·
3433 3670 3482 3721 οἰ
3515 3667 3571 3719 δὲ
3599 3664 3723 3717 τού-

2152 3794 2258 3831 των
2291 3776 2520 3830 ἐπόπται
2552 3768 2659 3826 εἶεν
2693 3771 2758 3824 ἂν
2790 3768 3005 3821 πάντων
3029 3765 3298 3836 ἀξιόχρεοι
3338 3762 3635 3833 μάρτυρες,
3673 3758 3721 3808 οἱ

2151 3869 2215 3923 δι’
2240 3869 2467 3937 αἵματος
2494 3865 2586 3919 καὶ
2608 3862 2786 3933 ψυχῆς
2822 3863 2889 3931 τῇ
2917 3859 3012 3929 θέᾳ
3050 3858 3155 3911 τῶν
3186 3853 3584 3926 πεπραγμένων
3624 3849 3722 3918 τὴν

2153 3962 2413 4033 ἀλήθειαν
2443 3958 2859 4026 πιστωσάμενοι,
2906 3952 2999 4004 καὶ
3025 3951 3123 4019 τὴν
3154 3947 3441 4017 σύμπασαν
3469 3942 3721 4014 οἰκουμέ-

2155 4071 2251 4125 νην
2284 4053 2382 4124 τῆς
2413 4051 2547 4123 πρὸς
2580 4048 2757 4104 αὐτῶν
2786 4041 3232 4115 κατηγγελμένης
3275 4036 3581 4098 θεοσεϐείας
3622 4050 3723 4086 κα-

2155 4148 2547 4217 ταπλήσαντες.
2582 4144 2644 4196 Οἳ
2670 4141 2725 4195 δὲ
2747 4139 2876 4208 γοῦν
2902 4137 2998 4208 τὴν
3020 4135 3202 4197 αὐτοῖς
3230 4130 3523 4201 ὀφθαλμοῖς
3551 4144 3721 4180 καταο

2155 4239 2447 4310 ληφθεῖσαν
2505 4232 2917 4304 παλιγγενεσίαν
2968 4231 3086 4290 ταῖς
3145 4222 3349 4279 ἑαυτῶν
3404 4220 3723 4293 παρέδωκαν

2161 4332 2483 4405 μαρτυρίαις
2506 4348 2518 4360 ·
2547 4330 2646 4382 οὐκ
2682 4323 2750 4397 ἦν
2780 4324 2887 4394 γὰρ
2915 4323 3092 4384 αὐτοῖς
3129 4319 3256 4389 άχρι
3287 4315 3444 4383 λόγου
3482 4313 3576 4367 καὶ
3611 4330 3725 4381 φωο

496 4447 653 4490 tenus
678 4433 821 4488 facta
849 4432 936 4487 illa
972 4434 1356 4499 cognoverant,
1396 4439 1624 4495 quorum
1668 4433 1831 4478 testes
1881 4422 2049 4477 exsti-

2153 4430 2250 4497 νης
2280 4426 2583 4495 ἀκουόμενα
2623 4422 2692 4473 τὰ
2723 4417 3086 4490 πραττόμενα,
3130 4412 3242 4466 ἀλλ’
3276 4410 3375 4481 ἥδη
3421 4407 3514 4461 καί
3543 4406 3726 4477 ἔργοις

498 4536 697 4591 terunt,
725 4526 817 4581 sed
851 4538 1034 4579 coram
1059 4522 1184 4577 dum
1221 4519 1412 4574 fierent
1444 4513 1790 4584 contemplati
1820 4512 2052 4576 fuerant,

497 4633 765 4688 manuque
804 4618 938 4670 adeo
969 4613 1271 4682 tetigerant.
1321 4608 1502 4675 Quare
1550 4615 1607 4660 et
1667 4604 1838 4659 oculis
1878 4612 1932 4657 et
1976 4601 2052 4657 rei

497 4709 729 4763 veritate
795 4703 1119 4760 evidentiam
1183 4698 1499 4761 consecuti,
1571 4695 1918 4761 victoriaeque
1987 4693 2054 4745 de

500 4808 671 4853 morte
721 4798 902 4851 relata“:
959 4793 1173 4863 tropaeis
1232 4788 1398 4854 visis,
1446 4786 1641 4841 merito
1689 4790 2052 4850 contemptum

499 4889 688 4944 mortis
718 4886 1127 4940 condidicerunt
1159 4902 1173 4937 :
1205 4895 1367 4937 uuam
1396 4893 1508 4933 rem
1532 4878 1703 4946 ipsam
1736 4889 1862 4929 suos
1891 4872 2053 4928 disci-

571 5048 682 5121 (26)
720 5049 781 5121 B_.
832 5046 870 5101 ι.
912 5046 1015 5121 507
1053 5045 1109 5099 b.

568 5106 1115 5192 (ivu'l‘ranstulerat
1158 5112 1282 5177 alio,
1321 5110 1629 5192 nempe_ad
1669 5108 1872 5192 codicis
1902 5106 2053 5192 pagi-

500 5177 620 5242 nain
640 5177 741 5244 507
772 5191 826 5252 b,
858 5189 959 5241 hoc
980 5186 1215 5253 quinque
1239 5177 1491 5253 versuum
1524 5180 1879 5253 fragmentum
1902 5177 2053 5253 Nicer

502 5268 580 5311 tas
615 5260 667 5311 in
700 5246 924 5322 catena;
963 5246 1103 5324 quod
1129 5246 1308 5317 'nnnc,
1339 5252 1477 5306 duce
1519 5246 1666 5306 textu
1697 5249 1938 5321 Syriaco,
1984 5246 2052 5300 ad

501 5329 784 5381 Stationem
813 5329 1085 5395 propriam
1115 5324 1271 5378 redit.

571 5396 682 5465 (9.8)
711 5386 1131 5465 Ani'ma'Christi
1180 5406 1376 5465 corpus
1402 5388 1704 5465 de_stitnit_,_
1726 5401 1832 5465 non
1854 5464 1857 5465 ν
1879 5386 2052 5465 ipsum

502 5456 732 5519 Verbum
773 5480 869 5519 seu
900 5465 989 5517 Dei
1020 5464 1208 5518 virtus.
1250 5456 1609 5528 Quamobrem
1655 5458 1741 5512 hic
1785 5456 2053 5528 intellige,

501 5535 698 5590 Christi
736 5535 1164 5598 humanitatem,
1201 5526 1409 5586 nonnisi
1456 5529 1637 5586 Verbo
1688 5526 2054 5599 permittente,

502 5614 767 5659 mortuam
799 5618 938 5657 esse.

573 5672 681 5747 (29)
714 5679 779 5729 Δ.
820 5672 859 5725 ι’.
889 5672 1010 5727 510.
1049 5671 1168 5741 Syr.
1193 5686 1276 5737 tu,
1301 5670 1389 5725 6f.

2162 4496 2442 4589 ἐθεωρεῖτο
2472 4516 2563 4569 καὶ
2586 4510 2895 4583 ἐψηλαφᾶτό
2925 4525 2987 4577 γε
3016 4504 3256 4574 ἀκριϐῶς
3288 4502 3425 4574 πρὸς
3451 4500 3558 4553 τῶν
3593 4496 3725 4550 ταῦ-

2161 4630 2227 4664 τα
2254 4606 2748 4682 μεμαρτυρηκότων
2773 4622 2785 4635 ·
2815 4601 2894 4656 διὸ
2914 4601 2969 4654 δὲ
2994 4600 3086 4653 καὶ
3110 4595 3341 4665 αὐτοψίᾳ
3378 4594 3472 4646 καὶ
3498 4589 3726 4660 ἀληθείᾳ

2161 4705 2222 4758 τὸ
2250 4704 2473 4774 ἐναργὲς
2509 4697 2910 4769 κατειληφότες,
2942 4693 3035 4747 καὶ
3072 4692 3172 4761 τῆς
3197 4688 3339 4742 κατὰ
3367 4684 3461 4739 τοῦ
3492 4683 3723 4737 θανάτου

2164 4799 2316 4868 νίκης
2338 4796 2405 4849 τὰ
2448 4794 2680 4864 τρόπαια
2711 4787 3042 4858 τεθεαμένοι,
3084 4785 3305 4843 εἰκότως
3337 4778 3536 4851 ἔμαθον
3567 4790 3727 4831 κατα-

2163 4892 2377 4961 φρονεῖν
2399 4887 2491 4942 τοῦ
2528 4886 2756 4940 θανάτου
2777 4901 2791 4913 ·
2836 4880 2998 4935 ταὺτὸ
3024 4879 3079 4932 δέ
3125 4878 3216 4931 καὶ
3250 4876 3373 4938 τοὺς
3407 4871 3583 4926 αὐτῶν
3610 4885 3725 4940 φοι-

2232 5028 2706 5105 (50)lta__omnino
2734 5023 3172 5105 (ira-acuscodes.
3219 5018 3388 5105 Syrus
3418 5009 3724 5105 paulohali-

2157 5084 2573 5171 tenle'git'illud
2592 5096 2906 5171 παραδόξῳ.
2944 5093 3079 5149 Hinc
3108 5084 3326 5160 Anglice
3356 5103 3388 5139 a
3417 5084 3648 5137 wonder.

2363 5170 2534 5323 rtfts
2545 5169 2818 5323 ῗιίίέιίεχέι
2850 5236 2953 5323 hoc
2974 5227 3278 5323 verbn'mhde
3302 5222 3716 5323 rest-trrgcatiogg.

2158 5289 2426 5381 Ph‘ilol’ogi
2446 5289 2728 5376 'iiidiééht.
2774 5305 2879 5381 Sed
2928 5312 3100 5381 certe_
3120 5298 3436 5381 Joannis-tt,
3457 5363 3469 5381 ‘
3490 5289 3714 5381 753,35,

2159 5363 2420 5437 fibris—tu:
2443 5363 2510 5434 de
2543 5394 2638 5430 sua
2671 5384 2844 5430 morte
2868 5377 2918 5428 in
2956 5371 3137 5440 crucis
3158 5366 3421 5435 supplicio
3456 5363 3718 5440 loquens,

2162 5451 2457 5509 hocwerbo
2485 5439 3280 5517 odoﬁaeatgequtari,ntitnr._
3393 5502 3425 5517 ﬂ
3510 5516 3519 5517 ί

2234 5502 2699 5589 (55)(1ιιαὲὐῃοὶε
2740 5502 2951 5576 claudo,
2989 5502 3052 5566 ea
3095 5508 3287 5563 absunt
3323 5520 3352 5560 a
3393 5502 3553 5575 Syro,
3594 5502 3719 5569 quia

2162 5588 2393 5654 fortasse
2418 5588 2630 5642 aliunde
2653 5588 3026 5654 obrepserunt.

2175 5736 2187 5751 .
2220 5652 2347 5745 :(54)
2383 5658 2504 5730 Syr.
2543 5671 2626 5725 Ill,
2653 5655 2741 5709 ϐξ.
