4098 6200
401 228 493 279 εει
1779 239 1865 294 DE
1905 242 2367 303 THEOPHANIA.
3545 264 3649 319 622

394 341 563 413 τητάς
592 343 886 409 ἐδίδασκον,
911 347 1006 415 τῆς
1031 347 1295 403 ἀθανάτου
1325 353 1467 424 ζωῆς
1508 357 1655 410 παοά
1683 359 1773 412 τοῦ
1802 362 1939 414 Σωτῐ

2043 399 2054 427 ι
2086 367 2239 434 pulos
2262 369 2619 433 edocuerunt,
2654 373 3087 444 quandoquidem
3125 375 3443 434 immortalis
3470 383 3588 437 vita:
3614 401 3644 438 a

393 452 488 500 ρος
512 436 796 508 εἰληφότες
818 440 884 491 τὰ
912 440 1169 509 ἐχέγγυα.

1150 533 1222 589 Δ’.

466 627 584 697 (55)
621 627 888 693 Ἐπίδοξος
921 623 987 698 ἦν
1026 646 1109 693 τις
1148 629 1287 701 ἀνὴρ
1325 628 1431 679 τῶν
1466 628 1523 679 ὲν
1559 631 1883 700 στρατείαις,
1912 632 1973 684 ἀ-

394 716 668 789 ξιώματος
698 721 787 773 καὶ
820 721 994 791 ἀρχῆς
1031 721 1345 792 Ῥωμαϊκῆς
1383 721 1780 792 ἐπειλημμένος
1822 726 1935 794 (56)
1957 744 1969 754 ·

397 813 584 883 ἐπειδὴ
623 814 678 866 δὲ
714 814 742 865 ὁ
767 814 950 876 δοῦλος
988 813 1154 866 αὐτοῦ
1188 815 1411 883 γνήσιος
1455 814 1687 884 πάρετος
1726 815 1793 867 τὰ
1835 817 1969 887 μέλη

394 906 531 981 οἴκοι
556 906 799 978 βέϐλητο,
833 907 1057 960 συνιδὼν
1077 908 1193 971 οἵας
1220 908 1249 958 ὁ
1288 906 1477 977 Σωτὴρ
1504 908 1581 969 είς
1607 906 1825 977 ἐτέρους
1854 910 1972 961 ἐπε-

391 998 629 1052 δείκνυτο
653 999 930 1069 δυνάμεις,
960 999 1183 1069 ἰώμενος
1202 1000 1326 1061 τοὺς
1354 998 1677 1068 κάμνοντας,
1707 1000 1886 1054 πᾶσάν
1910 1019 1968 1053 τε

389 1090 542 1143 νόσον
569 1091 662 1143 καὶ
690 1093 869 1145 πᾶσαν
902 1091 1171 1162 μαλακίαν
1199 1091 1519 1159 ἀκούμενος,
1571 1090 1814 1163 λογισμῷ
1844 1095 1965 1165 κρί-

386 1200 483 1246 νας
523 1183 598 1254 μὴ
626 1185 746 1237 κατ’
782 1185 1066 1255 ἄνθρωπον
1096 1181 1236 1237 εἶναι
1266 1184 1326 1235 τὸ
1351 1183 1553 1254 θαῦμα,
1588 1185 1869 1256 πρόσεισιν
1890 1188 1966 1251 ὡς

383 1274 522 1345 Θεῷ,
549 1277 647 1329 οὐκ
671 1278 748 1339 είς
786 1278 846 1329 τὸ
875 1277 1194 1347 φαινόμενον
1226 1275 1317 1327 τοῦ
1357 1274 1605 1345 σώματος
1642 1274 1846 1329 ἀπιδὼν
1874 1277 1965 1348 ὅρ-

383 1387 567 1434 γανον,
591 1370 657 1423 δι’
689 1366 748 1424 οὗ
779 1369 878 1433 τὰς
915 1370 1131 1440 ὁμιλίας
1168 1367 1474 1439 ἀνθρώποις
1505 1369 1757 1431 ἐποιεῖτο,
1800 1371 1879 1431 εἰς
1906 1369 1963 1421 δὲ

380 1463 471 1516 τὸν
502 1464 682 1535 ἀφανῆ
710 1464 843 1517 Θεὸν
876 1464 967 1517 τὸν
1005 1463 1092 1517 διὰ
1126 1462 1220 1515 τοῦ
1252 1459 1445 1532 θνητοῦ
1483 1461 1581 1523 τὰς
1611 1461 1816 1523 οἰκείας
1837 1462 1962 1532 ἀρε-

380 1553 477 1617 τὰς
513 1555 893 1623 ὑποφαίνοντα.
925 1555 1014 1608 Διὸ
1045 1555 1210 1608 ὲδείτο
1236 1555 1328 1607 καὶ
1371 1553 1531 1616 αὐτὸς
1573 1553 1664 1606 ἐπὶ
1689 1554 1766 1624 τῷ
1811 1555 1959 1607 παιδὶ

378 1647 478 1716 τῆς
504 1646 692 1717 θεῐκῆς
723 1647 1040 1718 εὐεργεσίας
1080 1650 1258 1716 τυχεῖν
1287 1648 1421 1715 ('57).
1456 1647 1565 1699 Kal.
1608 1648 1655 1699 οί
1694 1648 1791 1717 μὲν
1826 1665 1960 1719 πρε-

380 1741 632 1812 σϐύτεροι
670 1741 779 1793 τῶν
823 1742 1085 1794 Ἰουδαίων
1121 1739 1331 1811 μικρῶν
1359 1738 1520 1792 ἕνεκα
1546 1739 1645 1810 τὴν
1682 1739 1839 1811 χάριν
1876 1743 1957 1793 ai-

376 1834 550 1898 τοῦσι,
589 1834 696 1887 τῶν
730 1836 807 1897 είς
841 1834 939 1905 τὴν
978 1832 1297 1903 συναγωγὴν
1334 1830 1634 1901 γενομένων
1670 1832 1956 1904 ἀναλωμά-

375 1946 484 1981 των
506 1944 519 1957 °
547 1930 575 1981 ὁ
599 1928 656 1981 δὲ
689 1927 890 1999 Κύριος
924 1927 1024 1979 οὐκ
1047 1928 1138 1979 ἐπὶ
1172 1925 1344 1994 τούτῳ
1367 1924 1577 1977 δίδωσιν
1604 1924 1814 1989 ἑαυτὸν,
1838 1926 1952 1979 ἀλλ’

375 2022 469 2073 ἐπὶ
513 2020 591 2091 τῷ
629 2020 762 2073 πολὺ
794 2019 1017 2091 μείζονι,
1063 2020 1243 2071 πίστιν
1275 2015 1707 2087 κατεργάσασθαι
1734 2016 1818 2070 διά
1856 2019 1953 2088 τῆς

373 2115 655 2185 δυνάμεως
715 2117 794 2177 εἰς
840 2114 1046 2175 πάντας
1095 2109 1413 2182 ἀνθρώπους
1464 2108 1814 2179 βουλόμενος·
1860 2108 1952 2161 καὶ

374 2208 700 2278 χαρίσασθαι
744 2208 843 2279 μὲν
876 2207 954 2277 τῷ
1000 2206 1369 2277 ἑκατοντάρχῃ
1402 2203 1721 2274 ἐπιτηδείως
1756 2203 1948 2275 ἔχοντι,

375 2300 789 2372 καθηγήσασθαι
814 2301 869 2353 δὲ
899 2301 992 2354 καὶ
1014 2302 1125 2363 τοῖς
1153 2298 1330 2362 ἄλλοις
1356 2296 1443 2350 διὰ
1466 2296 1655 2350 τούτου
1686 2296 1819 2368 πρὸς
1852 2298 1950 2367 τὴν

376 2394 577 2448 πίστιν,
613 2395 722 2447 Καὶ
754 2392 1082 2463 οὑδήπουθεν
1104 2393 1286 2460 ἀγνοεῖ
1310 2391 1368 2443 τὸ
1403 2390 1614 2461 μέλλον,
1642 2392 1723 2443 ὅτι
1768 2390 1949 2460 μέλλει

372 2487 670 2558 πυθόμενος
692 2487 721 2538 ὁ
741 2486 1131 2556 ἑκατόνταρχος
1156 2482 1374 2552 ἐφικνού
1383 2500 1539 2552 μενον
1557 2485 1635 2545 εἰς
1656 2482 1753 2553 τὴν
1772 2484 1947 2535 οἰκίαν

371 2580 783 2651 παραιτεῖσθαι·
809 2579 923 2632 ἀλλ’
947 2578 1100 2641 εἰδὼς
1123 2578 1219 2648 τὴν
1253 2576 1546 2647 μέλλουσαν
1578 2575 1636 2641 ἐξ
1664 2575 1946 2638 εὐλαϐείας

369 2674 719 2746 παραίτησιν,
760 2671 994 2726 ἐπινεύει
1018 2674 1082 2741 τῇ
1119 2672 1279 2740 πιστῇ
1312 2668 1553 2732 ἀξιώσει,
1594 2666 1829 2737 ἑκατέρᾳ
1858 2684 1943 2719 κι-

367 2768 516 2835 νήσει
554 2765 649 2820 τοῦ
693 2764 980 2837 ἀνθρώπου
1011 2765 1072 2817 τὸ
1118 2766 1313 2817 οἰκεῖον
1354 2759 1711 2832 ὲφαρμόζωνο
1747 2763 1811 2830 τῇ
1846 2761 1943 2829 μὲν

366 2856 589 2922 ἀξιώσει
625 2857 723 2928 τὴν
765 2857 1093 2925 ἐπαγγελίαν
1135 2858 1226 2909 καὶ
1256 2855 1353 2926 τὴν
1386 2852 1760 2924 ἀκολούθησιν,
1794 2855 1859 2923 τῇ
1885 2852 1941 2905 δὲ

366 2953 693 3022 παραιτήσει
716 2950 811 3021 τὴν
843 2950 1091 3020 δύναμιν,
1126 2949 1201 3011 ὡς
1232 2948 1325 3001 καὶ
1372 2947 1447 3018 μὴ
1500 2944 1940 3017 παραγενόμενος

368 3043 649 3096 ἰάσασθαι·
682 3042 820 3097 ὥστε
840 3044 937 3113 οὐχ
973 3043 1057 3095 ἵνα
1081 3042 1178 3114 τὴν
1197 3039 1388 3095 ἑαυτοῦ
1412 3040 1715 3109 πρόγνωσιν
1737 3038 1939 3092 ἐπιδεί-

364 3134 452 3206 ξῃ.
484 3135 581 3206 τὴν
609 3136 815 3189 ἐκείνου
841 3136 1061 3199 δικαίως
1094 3136 1161 3188 ἂν
1195 3133 1519 3188 διεκώλυσεν
1555 3134 1753 3204 ἀρετήν
1777 3149 1790 3162 '
1825 3132 1938 3185 ἀλλ’

362 3226 581 3296 ἀτύφως
605 3228 746 3281 κατὰ
758 3228 848 3281 τὸν
868 3226 1203 3299 ἀνθρώπινον
1223 3226 1439 3297 τρόπον,
1464 3226 1540 3289 ὼς
1568 3226 1631 3297 δὴ
1657 3224 1863 3293 ἀγνοῶν
1878 3226 1939 3278 τὸ

366 3319 577 3387 μέλλον,
619 3320 923 3379 ἀκολουθεῖ.
962 3321 1048 3373 ἵνα
1078 3318 1260 3390 χώραν
1292 3319 1391 3389 τῆς
1414 3317 1674 3382 εὐλαὸοὖς
1710 3318 1939 3390 ἀποκρί-

365 3412 500 3477 σεώς
542 3432 602 3467 τε
648 3415 742 3468 καὶ
778 3414 1086 3485 προθέσεως
1121 3414 1314 3484 ἐκείνῳ
1355 3411 1664 3477 καταλίποι,
1712 3412 1806 3466 καὶ
1838 3411 1937 3483 τὴν

361 3508 643 3579 πόρρωθεν
674 3509 813 3561 ἴασιν
834 3506 1071 3561 αἰτοῦντι
1098 3507 1389 3578 παράσχοι.

428 3684 665 3739 Τοιαῦτα
703 3686 795 3739 τοῦ
834 3686 1010 3758 πράου
1048 3688 1298 3757 Σωτῆρος
1333 3688 1407 3751 ὡς
1439 3686 1533 3740 καὶ
1577 3686 1683 3758 πρὸ
1714 3688 1811 3756 τῆς
1843 3703 1932 3739 τε-

360 3778 586 3847 ραστίας
618 3778 897 3848 δυνάμεως
932 3778 1001 3831 τὰ
1045 3778 1322 3847 θαυμάσια
1344 3796 1356 3808 ο
1405 3777 1706 3848 θαυμάσιος
1735 3776 1843 3847 γὰρ
1875 3779 1931 3829 ὲν

358 3867 565 3930 τούτοις
593 3867 691 3919 οὐκ
718 3866 934 3920 ἔλαττον
959 3866 992 3937 ἦ
1026 3868 1084 3918 ὲν
1108 3866 1186 3937 τῷ
1222 3866 1319 3937 τὴν
1347 3866 1498 3919 νόσον
1528 3865 1802 3928 ἰάσασθαι,
1838 3865 1932 3917 καὶ

358 3958 449 4010 τὸν
472 3957 700 4011 θάνατον
726 3958 1050 4027 ἀποστῆσαι.
1088 3956 1198 4028 (58)
1231 3956 1362 4009 Μεθ’
1395 3957 1525 4027 ὅσης
1559 3956 1655 4027 μὲν
1687 3953 1930 4018 ἐξουσίας

355 4048 388 4115 ἠ
420 4046 517 4099 τοῦ
549 4047 795 4116 Σωτῆρος
840 4048 1262 4117 προσενήνεκται
1294 4043 1465 4115 φωνὴ,
1496 4043 1699 4113 ὁπόσης
1739 4060 1798 4096 τε
1834 4060 1929 4094 πε-

357 4137 610 4208 πλήρωτο
652 4137 963 4207 δυνάμεωςῐ
1014 4137 1135 4189 ὅσον
1187 4152 1247 4187 τε
1291 4135 1351 4187 τὸ
1401 4132 1780 4203 φιλάνθρωπον
1834 4133 1928 4185 καὶ

356 4226 644 4296 πρόχειρον
673 4228 753 4289 είς
778 4225 1125 4297 εὐεργεσίαν,
1161 4225 1236 4288 ὡς
1268 4224 1327 4291 ἐξ
1352 4223 1567 4293 ἑτοίμου
1598 4222 1924 4290 ἐπαγγείλα-

356 4316 479 4370 σθαι
504 4317 602 4388 τὴν
625 4317 786 4371 αὑτοῦ
817 4317 1144 4387 παρουσίανί
1178 4312 1300 4370 Οἷον
1325 4316 1382 4368 δὲ
1413 4314 1506 4367 καὶ
1530 4314 1591 4367 τὸ
1617 4312 1802 4385 θαῦμα
1826 4314 1923 4383 τῆς

2085 458 2373 516 Servatore
2399 462 2721 518 documenta
2753 478 2899 519 certa
2927 482 3296 538 perceperant.

2814 558 2902 613 IV.

2148 638 2353 697 Nobilis
2404 644 2623 713 quidam
2678 649 2761 701 vir
2814 661 2931 704 erat
2991 653 3043 704 in
3108 652 3353 709 Rotnano
3404 658 3643 712 exercitu

2076 731 2320 785 ordinem
2346 734 2549 803 ducens
2570 746 2626 790 et
2658 739 2969 808 dignitatem
3019 745 3278 813 adeptus;
3327 746 3482 813 cujus
3519 764 3641 802 cum

2076 822 2302 877 dilectus
2352 825 2586 882 famulus
2644 832 2873 901 paralysi
2927 834 3177 891 laborans
3228 838 3369 893 domi
3409 838 3635 908 jaceret,

2074 915 2318 967 conscius
2347 917 2504 969 simul
2534 921 2709 988 qualia
2749 922 3001 978 Servalor
3048 941 3172 997 erga
3214 929 3347 983 alios
3386 946 3638 1001 exprom-

2072 1002 2266 1070 psisset
2299 1007 2561 1076 prodigia,
2613 1023 2845 1079 a-grolos
2898 1030 3115 1082 sanans,
3140 1033 3459 1089 omnemque
3492 1037 3636 1075 mor-

2072 1093 2194 1147 bum
2228 1112 2294 1151 ae
2326 1098 2636 1168 languorem
2664 1104 2961 1172 depellens,
2996 1119 3174 1162 meme
3205 1120 3459 1179 reputans
3493 1113 3635 1166 haud

2067 1200 2187 1240 esse
2216 1190 2506 1245 humanum
2532 1194 2580 1245 id
2610 1212 2778 1265 genus
2819 1198 3199 1253 miraculorqu
3229 1242 3242 1261 ,
3282 1202 3493 1256 accedit
3525 1214 3633 1256 tan-

2066 1293 2226 1347 quam
2290 1283 2353 1335 ad
2408 1284 2609 1346 Deum,
2662 1286 2802 1341 haud
2851 1299 3099 1358 spectans
3134 1291 3341 1346 visibile
3388 1295 3633 1362 corporis

2066 1386 2361 1439 organum,
2394 1390 2499 1443 quo
2544 1392 2665 1430 cum
2725 1379 3031 1434 hominibus
3068 1397 3347 1439 sermones
3394 1386 3631 1446 serebat.

2062 1465 2158 1515 sed
2188 1463 2510 1519 invisibilem
2552 1467 2732 1536 potius
2784 1469 2950 1524 Deum
2983 1470 3073 1539 qui
3127 1472 3337 1526 mortali
3371 1473 3422 1526 in
3453 1473 3633 1542 Specie

2060 1554 2332 1621 propriam
2365 1557 2617 1611 virtutem
2644 1560 3063 1615 demonstrabat.
3090 1562 3448 1629 Quamobrem
3477 1580 3633 1635 roga-

2063 1646 2153 1699 bat
2183 1656 2237 1701 et
2289 1649 2401 1716 ipse
2450 1660 2507 1702 ut
2554 1665 2721 1718 puero
2773 1666 2870 1704 suo
2922 1650 3157 1707 divinam
3216 1654 3631 1711 beneficentiam

2064 1738 2394 1809 impetraret.
2438 1741 2502 1795 Et
2523 1741 2829 1799 Iudaeorum
2868 1746 3083 1815 quidem
3120 1748 3386 1813 seniores,
3421 1749 3521 1801 levi
3559 1751 3631 1806 de

2058 1847 2218 1887 causa
2252 1834 2571 1890 beneficium
2604 1836 2657 1891 id
2688 1840 3059 1906 postulabant,
3109 1856 3299 1910 nempe
3334 1842 3461 1909 quia
3501 1857 3625 1896 cen-

2057 1924 2693 1998 turiolimpensaswrga
2743 1931 2979 1998 ipsorum
3013 1946 3337 2002 synagogam
3370 1932 3619 1997 fecisset;

2056 2016 2313 2072 Dominus
2344 2030 2522 2073 autem
2555 2020 2696 2074 haud
2727 2022 2775 2076 ei
2816 2023 2889 2077 rei
2916 2039 3102 2078 curam
3149 2026 3480 2090 intendebat,
3526 2026 3621 2078 sed

2055 2107 2223 2161 multo
2269 2110 2493 2174 majori,
2532 2128 2724 2182 nempe
2764 2125 2823 2169 ut
2864 2118 3021 2169 tidem
3050 2118 3299 2185 potentiae
3341 2132 3453 2171 suae
3482 2119 3620 2184 apud

2053 2210 2274 2256 cunctos
2312 2202 2561 2259 homines
2615 2218 2904 2263 astrueret.
2952 2210 3082 2262 Dum
3118 2210 3262 2263 enim
3312 2210 3615 2265 centurioni

2050 2293 2191 2347 bona
2257 2305 2437 2349 mente
2496 2297 2719 2365 prtedito
2768 2297 3002 2363 favebat,
3057 2301 3269 2354 caeteris
3326 2300 3486 2354 simul
3551 2303 3617 2354 ad

2050 2386 2450 2453 suscipiendam
2489 2388 2648 2444 ﬁdem
2680 2389 2785 2444 dux
2825 2391 3005 2445 ﬂebat.
3030 2391 3218 2460 Neque
3244 2408 3373 2448 sane
3401 2394 3617 2465 ignora-

2047 2475 2139 2531 bat
2183 2478 2296 2533 lore
2342 2488 2399 2533 ut
2436 2481 2683 2535 centurio
2728 2497 3005 2537 accessum
3041 2482 3155 2550 ejus
3187 2484 3253 2538 ad
3311 2500 3435 2539 suas
3474 2487 3616 2540 mdes

2048 2566 2454 2635 deprecaretur,
2489 2571 2584 2623 sed
2620 2579 2822 2635 tamen,
2853 2573 3032 2627 sciens
3061 2573 3181 2627 licet
3234 2573 3465 2629 futuram
3496 2576 3614 2645 ejus

2045 2658 2350 2728 religiosam
2374 2658 2833 2728 deprecationem,
2867 2662 3112 2731 ingenua:
3139 2666 3379 2733 petitioni
3400 2669 3609 2730 annuit,

2045 2750 2262 2818 utrique
2296 2750 2530 2805 hominis
2556 2760 2681 2805 voto
2717 2767 2869 2807 suam
2901 2757 3323 2811 accommodans
3363 2758 3613 2815 volunta-

2044 2850 2185 2903 tem;
2218 2840 2466 2908 petitioni
2510 2843 2726 2912 quidem
2770 2845 3178 2913 promissionem
3230 2856 3284 2903 et
3319 2850 3611 2918 profectio-

2042 2947 2195 2999 nem;
2233 2934 2601 3002 deprecationi
2632 2946 2839 3003 autem,
2868 2939 3156 3007 quominus
3185 2940 3325 3001 iret.
3357 2944 3609 3012 potentiae

2042 3027 2148 3081 vim
2192 3044 2296 3098 qua
2331 3031 2449 3085 sine
2496 3032 2782 3099 praesentia
2827 3032 3149 3088 medicinam
3212 3035 3359 3091 fecit.
3420 3036 3609 3109 Neque

2038 3120 2206 3185 enim,
2249 3129 2308 3175 ut
2342 3136 2493 3176 suam
2520 3124 2894 3193 pmvisionem
2928 3128 3259 3191 ostenderet,
3289 3129 3430 3185 illius
3460 3143 3608 3187 recte

2038 3211 2290 3267 virtutem
2316 3213 2713 3284 impedivisset;
2741 3218 2833 3271 sed
2857 3217 2975 3272 sine
2992 3216 3153 3283 fastu,
3180 3222 3413 3277 limuauo
3433 3239 3603 3287 more.

2035 3304 2186 3371 quasi
2223 3319 2332 3359 rem
2365 3306 2597 3360 futuram
2629 3308 2908 3375 ignorans,
2948 3312 3283 3378 sequebatur
3319 3317 3602 3370 centurio-

2036 3410 2182 3459 netu,
2209 3406 2266 3449 ut
2296 3395 2472 3451 locum
2498 3398 2597 3466 piae
2625 3398 2766 3454 illius
2789 3401 3121 3469 responsioni
3157 3417 3220 3457 ac
3248 3406 3602 3472 propositioni

2037 3485 2369 3556 relinqueret
2392 3525 2409 3551 ,
2453 3496 2509 3543 et
2542 3488 2905 3548 valetudinem
2951 3494 3163 3549 eminus
3196 3497 3358 3549 etiam
3391 3500 3597 3565 petenti

2032 3577 2315 3645 przeberet.

2102 3666 2166 3722 Hi
2197 3679 2324 3725 sunt
2359 3670 2624 3727 mansueti
2656 3669 2985 3737 Servatoris.
3012 3675 3182 3744 magis
3234 3677 3398 3731 etiam
3428 3695 3594 3747 quam

2032 3762 2395 3832 prodigiorum
2426 3765 2687 3833 potentia,
2712 3765 3014 3820 admirandi
3043 3778 3214 3823 actus.
3244 3768 3408 3825 Plane
3437 3771 3487 3824 in
3514 3774 3597 3847 his

2030 3858 2169 3911 haud
2219 3858 2399 3913 minus
2449 3856 2550 3911 fuit
2594 3857 2891 3921 mirabilis,
2947 3874 3107 3927 quam
3167 3876 3288 3915 cum
3346 3862 3593 3918 morbum

2028 3948 2231 4013 depulit
2280 3958 2616 4019 mortemque
2665 3948 2962 4018 prohibuit.
3013 3948 3225 4016 Quanta
3277 3963 3425 4008 certe
3471 3970 3591 4010 eum

2028 4050 2294 4110 potestate
2320 4040 2626 4095 Servatoris
2656 4055 2758 4094 vox
2790 4043 3006 4111 prodiit,
3036 4055 3346 4115 quantaque
3380 4048 3430 4099 vi
3454 4064 3593 4117 pras-

2028 4131 2172 4184 dital
2227 4139 2429 4199 quanta
2465 4132 2678 4184 demum
2735 4131 3041 4200 benignitas
3076 4144 3239 4203 atque
3268 4138 3333 4190 ad
3364 4137 3587 4193 benefa-

2030 4220 2278 4274 ciendum
2304 4220 2643 4289 proclivitas,
2692 4236 2814 4275 eum
2841 4237 2900 4276 se
2926 4225 3330 4291 paratissimum
3362 4228 3427 4281 ad
3458 4245 3587 4298 pro-

2027 4313 2371 4367 ﬁciscendum
2426 4313 2744 4367 nuntiavit!
2809 4312 3063 4370 Profecto
3130 4317 3372 4373 beneﬁcii
3428 4321 3587 4391 hujus

353 4410 691 4480 εὐεργεσίας,
719 4410 825 4464 οὐδ’
853 4410 999 4463 ἔστιν
1030 4408 1265 4475 ἐπαξίως
1292 4407 1501 4476 νοῆσαι.
1531 4406 1604 4459 Τὸ
1625 4404 1732 4475 γὰρ
1763 4405 1919 4475 μόνον

2043 4401 2493 4455 idiuirabilitatem
2521 4418 2681 4457 nemo
2712 4403 2871 4472 digne
2895 4406 3201 4460 :estimabit.
3235 4406 3366 4461 Nam
3399 4411 3583 4465 dicere

353 4499 715 4569 φθέγξασθαι,
751 4502 846 4554 καὶ
879 4501 992 4571 ἅμα
1023 4500 1165 4570 λόγῳ
1206 4499 1305 4569 τὴν
1340 4498 1482 4551 ἴασιν
1528 4496 1607 4567 τῷ
1654 4497 1746 4550 τοῦ
1787 4499 1916 4550 ἑκα-

350 4586 644 4657 τοντάρχου
687 4588 835 4641 παιδὶ
870 4590 1203 4658 παρασχεῖν,
1254 4588 1347 4640 καὶ
1380 4584 1684 4649 ἀπαλλάξαι
1739 4604 1914 4657 παρα-

346 4679 533 4747 χρῆμα
562 4676 655 4729 τοῦ
704 4679 879 4730 νοσεῖν
912 4678 999 4731 τὸν
1028 4676 1179 4747 παρά
1222 4675 1393 4745 βραχὺ
1430 4673 1508 4744 τῷ
1550 4674 1760 4744 θανάτῳ
1788 4692 1917 4727 κατ-

350 4770 639 4839 ισχημένον
664 4810 678 4833 ,
729 4770 845 4833 πῶς
876 4771 936 4823 οὐ
969 4769 1099 4822 Θεὸν
1132 4767 1343 4839 ἀληθῶς
1371 4766 1459 4820 διὰ
1502 4766 1701 4837 θνητῆς
1731 4770 1914 4838 φωνῆς

345 4860 717 4931 φθεγξάμενον
747 4862 984 4933 παρίστη
1010 4859 1150 4931 (59);
1182 4860 1254 4913 Οὐ
1295 4859 1545 4929 πάρεστι,
1572 4858 1755 4920 καὶὼς
1777 4876 1917 4929 παρ-

342 4954 422 5006 ὼν
477 4956 719 5025 ἑνεργεῖο
775 4954 949 5020 λόγων
978 4954 1085 5022 γὰρ
1135 4951 1270 5005 Θεοῦ
1318 4951 1411 5003 καὶ
1459 4949 1636 5020 ἔργων
1671 4950 1821 5003 οὐδὲν
1852 4952 1913 5004 τὸ

346 5046 572 5118 μεταξῶ
607 5048 715 5099 Καὶ
742 5046 805 5099 οὐ
837 5046 994 5117 μέχρι
1018 5045 1188 5113 λόγων
1217 5046 1405 5114 γέγονε
1428 5043 1505 5115 τῷ
1531 5043 1912 5112 ἐκατοντάρχῳ

340 5142 371 5191 ὁ
400 5137 637 5201 ἔπαινος,
658 5138 794 5191 ἀλλά
824 5138 917 5191 καὶ
946 5136 1037 5189 τὸν
1065 5137 1319 5190 νοσοῦντα
1352 5138 1480 5206 ὑγιῆ
1512 5136 1790 5191 ἀπέδωκεν
1819 5136 1912 5189 ἐπὶ

336 5230 440 5299 τῆς
467 5231 732 5294 πίστεως,
762 5231 856 5283 καὶ⁵
887 5228 1137 5299 λαμπρὸν
1174 5230 1322 5299 αὐτῴ
1354 5229 1542 5283 πλέκει
1579 5228 1670 5280 τὸν
1712 5228 1911 5297 στέφα-

412 5385 526 5455 (55)
557 5386 689 5441 Cod.
710 5384 772 5440 L.
812 5384 851 5439 l'.
881 5386 934 5439 4.
965 5385 1021 5437 b.
1045 5382 1171 5455 Syr.
1201 5384 1292 5435 lib.
1332 5398 1405 5446 tv,
1437 5382 1495 5437 2.

411 5452 523 5532 (ξϐ)
550 5456 875 5532 vocabulum
897 5452 1298 5532 ἐπειλημμένος
1319 5453 1587 5532 quomodo
1606 5452 1901 5532 explicetur

334 5542 399 5582 ex
421 5525 566 5599 Syro
589 5527 954 5599 Anglice,_was
984 5527 1035 5599 in
1059 5525 1090 5577 tt
1120 5525 1252 5599 state
1278 5525 1339 5599 of
1354 5540 1621 5599 s_uspe_nse.
1638 5539 1742 5599 non
1768 5525 1903 5576 satis

339 5593 614 5666 intelligo;
664 5593 763 5647 nisi
818 5596 956 5648 forte
990 5598 1159 5665 Syrus
1205 5596 1330 5658 legit
1364 5593 1789 5663 ἀπειλημμένος,
1851 5602 1904 5645 et

338 5672 551 5723 uuidem
587 5666 848 5720 translata
887 5667 1337 5730 interpunctioue.

2025 4494 2417 4560 tantummodo,
2451 4503 2507 4548 et
2532 4510 2637 4550 una
2668 4511 2788 4550 cum
2839 4500 3007 4552 verbo
3055 4500 3342 4555 sanitatem
3390 4514 3581 4557 centu-

2021 4586 2191 4639 rionis
2242 4602 2411 4655 puero
2455 4585 2663 4656 largiri,
2716 4604 2779 4642 ae
2828 4600 3048 4658 repente
3095 4593 3281 4645 morbo
3327 4596 3582 4661 expedire

2017 4694 2139 4733 eum
2166 4678 2256 4747 qui
2292 4679 2343 4731 iu
2383 4679 2574 4734 mortis
2626 4680 2815 4734 limine
2850 4682 3188 4746 versabatur,
3225 4684 3409 4752 quidni
3454 4702 3578 4740 vere

2018 4769 2184 4824 Deum
2219 4771 2454 4825 humana
2500 4786 2631 4826 voce
2688 4771 2992 4871 loquentqpn
3040 4774 3377 4829 demonstrat
3409 4778 3431 4830 ?
3465 4777 3578 4833 Non

2018 4861 2190 4925 adest,
2235 4871 2291 4915 et
2333 4861 2496 4917 veluti
2547 4878 2785 4931 praesens
2838 4861 3130 4933 opékalur:
3164 4882 3283 4919 nam
3312 4869 3454 4923 inter
3486 4870 3576 4923 Dei

2018 4952 2177 5005 verba
2200 4962 2255 5006 et
2285 4967 2449 5020 opera
2475 4953 2608 5006 nihil
2639 4953 2882 5009 interest.
2918 4952 3102 5025 Neque
3125 4957 3242 5012 laus
3270 4963 3574 5015 centurioni

2015 5043 2211 5096 tributa
2255 5044 2543 5097 verborum
2577 5055 2734 5099 tenus
2765 5046 2884 5107 fuit,
2919 5052 3013 5100 sed
3041 5058 3096 5101 et
3125 5066 3326 5119 agrum
3352 5068 3573 5120 puerum

2014 5137 2082 5189 ob
2119 5136 2265 5190 illius
2293 5138 2448 5191 Iidem
2481 5142 2713 5200 sanavit.
2749 5149 2912 5207 atque
2952 5141 3022 5194 ita
3070 5142 3408 5211 splendidum
3437 5164 3566 5217 prae-

2013 5228 2181 5282 mium
2227 5228 2478 5282 coutulit.
2537 5230 2681 5283 Dixit
2720 5231 2887 5297 enim,
2939 5248 3179 5301 moxque
3226 5251 3387 5305 Opera
3435 5256 3571 5309 pra--

2076 5381 2187 5452 (57)
2239 5381 2371 5436 Exin
2423 5383 2696 5455 aliquanto
2742 5395 2914 5442 tractu
2967 5389 3191 5447 Graecus
3238 5402 3417 5453 textus
3452 5409 3569 5455 tan-

2008 5455 2283 5523 tummodo
2314 5455 2429 5506 sine
2454 5454 2695 5523 Syriaco.

2078 5522 2191 5600 (ἓὲ)
2218 5524 2288 5600 ᾼς,
2314 5526 2349 5575 r-
2387 5522 2516 5585 ηις
2547 5523 2607 5577 ι.
2641 5524 2681 5579 r.
2802 5526 2873 5593 ii;
2917 5528 3137 5600 εγω,⁸
3164 5536 3215 5590 δ,

2085 5591 2196 5671 (ξθ)
2232 5591 2324 5644 llic
2351 5608 2565 5671 quoque
2588 5591 2795 5671 septem
2830 5591 3161 5657 fere'vermis
3193 5609 3568 5671 desiderantur

2009 5663 2065 5715 in
2098 5661 2258 5731 Syro,
2292 5665 2370 5715 vel
2408 5673 2555 5715 certe
2588 5664 2640 5717 iu
2666 5665 2857 5721 ϐηρρο
2889 5675 3184 5730 abundant.
