4098 6200
472 232 575 302 623

1137 241 1404 299 EUSEBII
1442 237 1919 296 CAESARIENSIS
1956 236 2105 292 ΟΡΡ,
2145 238 2322 291 PARS
2365 237 2449 290 IV.
2491 270 2559 279 —-
2600 235 3017 293 DOGMATICA.

3610 232 3717 285 εει

474 358 726 413 dictionis
785 366 935 414 testis
987 359 1272 413 subsecuta
1326 368 1450 425 est;
1490 374 1610 411 nam
1670 373 1804 427 puer
1855 358 2032 411 statim

2152 376 2242 409 νον.
2279 354 2410 410 Εἷπε
2441 357 2568 427 γὰρ,
2608 358 2702 409 καὶ
2735 356 2794 407 τὸ
2838 354 2997 423 ἔργον
3032 347 3360 420 ἠκολούθησε
3410 348 3723 418 μαρτυροῦν

474 449 766 506 convaluit.

544 541 694 609 Quod
740 541 783 594 si
832 538 953 609 quis
1000 537 1139 592 hanc
1186 553 1301 592 rem
1356 554 1499 609 aegre
1535 541 1639 594 sibi
1694 540 1762 594 ob
1806 538 2035 609 prodigii

475 632 899 705 magnitudinem
926 629 1276 698 persuadeat,
1337 631 1477 684 haud
1526 640 1707 684 tamen
1741 629 1808 684 de
1856 631 2042 700 praedi-

476 725 659 780 ctione
691 729 839 777 recte
871 720 1161 787 dubitabit,
1208 737 1273 775 ex
1316 739 1420 792 qua
1466 723 1769 777 evidentior
1802 722 1923 777 facti
1948 722 2042 775 de-

476 812 799 870 monstratio
831 811 1139 873 coniicitur,
1167 812 1209 865 si
1244 812 1368 880 quis
1400 822 1635 881 reputet,
1663 812 1882 865 unicum
1930 810 2040 863 Ro-

475 922 694 963 manum
722 906 1003 962 hominem
1044 904 1210 959 fuisse
1244 906 1336 973 qui
1369 907 1434 959 ad
1474 903 1824 958 Servatorem
1854 919 2041 958 acces-

474 1002 565 1069 sit,
608 1002 810 1072 quique
860 998 1116 1068 majorem
1154 1000 1317 1053 etiam
1379 1002 1659 1070 magisque
1696 1000 2037 1063 henevolam,

473 1108 634 1163 quam
679 1090 903 1147 Judaica
954 1089 1313 1153 natio,°fecit
1350 1089 1557 1144 Christi
1607 1089 2037 1155 confessionem;

474 1195 662 1240 noster
712 1197 844 1238 vero
886 1181 1152 1238 Servator
1205 1180 1406 1236 multos
1461 1196 1559 1253 pro
1615 1196 1743 1243 uno,
1798 1196 1949 1245 alque
1979 1198 2042 1234 ar.

473 1275 635 1341 hunc,
692 1274 758 1328 ad
809 1288 869 1328 se
919 1287 1237 1327 accessuros
1282 1270 1514 1325 allii-mat
1567 1287 1635 1326 ex
1688 1272 2042 1326 orientalibus

474 1366 806 1438 regionibus,
834 1366 1069 1433 itemque
1095 1379 1163 1418 ex
1188 1364 1633 1427 occidentalibus,
1660 1366 1750 1434 qui
1778 1364 1846 1417 oh
1883 1380 2038 1418 suam

472 1458 669 1513 Christi
693 1457 1054 1529 cognitionem
1078 1464 1131 1511 et
1155 1456 1575 1521 confessionem,
1605 1456 1746 1510 haud
1777 1456 2039 1509 tttitmrent

472 1567 501 1605 a
552 1552 663 1606 Deo
714 1559 1118 1619 consequentur
1152 1550 1412 1603 honorem
1460 1564 1624 1617 quam
1687 1547 2039 1603 Hebra'orum

472 1651 746 1712 parentes.
778 1639 1020 1711 Namque
1036 1649 1092 1695 et
1115 1641 1309 1694 horum
1343 1640 1677 1709 patriarcha,
1707 1638 1922 1693 celeber
1954 1637 2043 1693 ille

2141 453 2205 523 τῇ
2239 450 2573 521 προρρήσειο
2608 449 2699 501 καὶ
2738 447 2862 517 ίάθη
2892 449 2921 499 ὁ
2955 447 3083 507 παῖς
3115 442 3330 495 αὐτίκα.

2224 541 2362 593 Ἀλλ’
2387 542 2434 592 εί
2465 540 2599 611 πρὸς
2624 539 2780 592 τοῦτό
2802 555 2886 602 τις
2912 537 3218 597 δυσπίστως
3246 533 3357 604 ἔχει
3389 532 3478 587 διὰ
3502 533 3601 605 τὴν
3625 532 3723 587 τοῦ

2142 631 2420 702 θαύματος
2484 629 2816 703 ὑπερϐολὴν,
2884 627 2995 682 ἀλλ’
3063 628 3164 678 οὐκ
3218 626 3311 678 ἐπὶ
3364 626 3723 696 προρρήσεως

2144 724 2439 793 σκήπτοιτο
2469 722 2535 775 ἂν
2568 720 2836 789 εὐλόγως,
2865 720 2949 787 ἐφ’
3043 717 3241 789 μείζων
3274 717 3303 767 ὁ
3337 716 3436 785 τῆς
3470 715 3722 787 πράξεως

2142 814 2360 885 ἔλεγχος
2392 812 2862 883 ἀποδειχθήσεται,
2895 812 3052 874 εἴτις
3092 814 3147 863 ἐν
3180 808 3255 879 νῷ
3282 808 3458 872 λάϐοι,
3494 809 3571 872 ὡς
3600 808 3721 860 τότε

2145 904 2242 974 μὲν
2268 901 2349 967 εἷς
2391 903 2659 974 Ῥωμαῖος
2686 899 2753 973 ἦν
2782 905 2810 955 ὁ
2834 900 2912 971 τῷ
2943 902 3156 971 Σωτῆρι
3191 898 3608 971 προσεληλυθὼς
3635 916 3719 968 χι-

2142 995 2381 1066 λίαρχος,
2409 996 2437 1046 ὁ
2462 994 2526 1064 δὴ
2552 993 2772 1064 μείζονα
2800 992 2894 1044 καὶ
2926 991 3434 1062 εὐγνωμονεστέραν
3462 989 3557 1043 τοῦ
3594 992 3723 1043 Ἰου-

2141 1087 2305 1140 δαίων
2343 1087 2527 1149 ἔθνους
2559 1085 2930 1156 ἐνδειξάμενος
2964 1084 3061 1153 τὴν
3093 1084 3172 1145 είς
3204 1084 3364 1136 αὐτὸν
3392 1082 3678 1153 ὁμολογίαν
3702 1099 3719 1113 ·

2141 1181 2170 1231 ὁ
2199 1180 2242 1232 δ’
2274 1179 2540 1251 ἡμέτερος
2573 1177 2760 1249 Σωτὴρ
2791 1176 3016 1238 πολλοὺς
3043 1176 3157 1229 ἀνθ’
3193 1175 3310 1238 ἐνὸς
3353 1174 3567 1228 ἔσεσθαι
3594 1176 3722 1238 τοὺς

2144 1273 2263 1325 κατ’
2309 1274 2512 1325 ἐκεῖνον
2554 1270 2843 1341 μέλλοντας
2892 1269 3041 1338 αὐτῷ
3090 1267 3373 1337 προσιέναι
3408 1269 3473 1319 ἐκ
3516 1268 3624 1321 τῶν
3658 1285 3721 1321 τε

2144 1360 2278 1432 πρὸς
2315 1361 2388 1413 ἓω
2422 1360 2511 1413 καὶ
2564 1358 2829 1431 ἀνατολὴν
2875 1360 3175 1429 κλιμάτων,
3205 1358 3313 1410 τῶν
3346 1375 3404 1410 τε
3438 1358 3579 1412 κατά
3603 1358 3723 1413 δυόο

2146 1470 2305 1522 μενον
2344 1453 2492 1523 ἥλιον
2535 1452 2825 1505 οἰκούντων
2869 1450 3146 1513 θεσπίζει,
3199 1450 3324 1512 τοὺς
3359 1450 3449 1503 διά
3490 1453 3591 1521 τῆς
3643 1452 3723 1513 είς

2142 1545 2303 1596 αὐτὸν
2338 1541 2685 1611 ἐπιγνώσεως
2717 1560 2773 1594 τε
2818 1542 2913 1594 καὶ
2954 1541 3245 1611 ὁμολογίας
3282 1540 3385 1610 τῆς
3418 1541 3540 1612 ῖσης
3571 1540 3725 1611 παρά

2143 1632 2262 1704 Θεῷ
2292 1633 2456 1703 τιμῆς
2485 1636 2596 1694 τοῖς
2635 1631 2897 1697 Ἐϐραίων
2931 1631 3275 1703 προπάτορσι
3312 1630 3723 1702 καταξιωθησο-

473 1728 837 1793 Abrahamus,
858 1744 925 1784 ex
956 1728 1273 1796 irreligiosis
1310 1729 1625 1797 parentibus
1668 1738 1842 1794 ortus,
1874 1729 2039 1782 vitam

2152 1726 2371 1797 μένους·
2408 1727 2489 1778 ὄτι
2535 1725 2599 1797 δὴ
2643 1726 2906 1779 κάκείνων
2943 1728 2971 1779 6
3014 1724 3342 1796 προπάτωρ,
3378 1723 3540 1788 αὐτὸς
3581 1724 3645 1797 δὴ
3691 1726 3723 1778 ὁ

477 1822 851 1886 commutavit,
880 1836 909 1874 a
938 1819 1283 1891 polytheismi
1319 1834 1508 1874 errore
1538 1821 1820 1886 recedens,
1848 1837 2045 1874 unum-

477 1927 583 1985 que
644 1912 1005 1969 universalem
1060 1913 1226 1967 Deum
1270 1912 1385 1980 ipse
1436 1913 1676 1980 agnovit.
1714 1911 1852 1979 Quin
1880 1912 2042 1965 etiam

488 2007 605 2077 ejus
634 2005 760 2061 filiis
788 2007 972 2061 lsaaco
1005 2016 1166 2073 atque
1212 2002 1414 2058 Jacobo
1448 2002 1654 2058 similes
1702 2004 1847 2058 fores
1882 2004 2043 2057 innu-

487 2112 667 2152 meros
692 2111 786 2166 per
806 2099 1109 2151 universum
1135 2095 1343 2158 orbem,
1380 2095 1683 2162 prmsertim
1713 2111 1839 2148 vero
1862 2094 2046 2150 orien—

486 2189 558 2243 tis
590 2198 646 2243 et
671 2188 882 2243 occidui
918 2186 1049 2242 solis
1075 2188 1325 2255 populos,
1361 2186 1633 2256 praedixit.
1666 2186 1904 2255 Denique
1932 2203 2044 2240 mo-

478 2278 647 2332 menti
716 2277 941 2331 maximi
1011 2277 1329 2345 superaddit
1408 2275 1493 2332 his
1580 2278 2038 2346 prmdictinnem;

480 2384 671 2439 nempe
694 2372 836 2439 quod
874 2366 1043 2424 Judaei
1087 2369 1210 2438 ipsi,
1238 2368 1345 2423 Deo
1372 2370 1659 2425 charorum
1699 2368 1907 2423 illorum
1950 2385 2047 2438 poo

479 2462 630 2523 steri,
675 2462 765 2531 qui
812 2460 1181 2515 Abrahamum
1228 2461 1526 2529 iactabant,
1574 2460 1821 2517 lsaacum
1876 2472 2039 2532 atque

478 2552 764 2617 Jacobum,
797 2563 1019 2621 propter
1046 2566 1199 2605 suam
1237 2551 1499 2607 adversus
1541 2552 1707 2606 Deum
1737 2552 2045 2606 vecordiam

479 2655 533 2697 et
561 2642 1021 2704 incredulitatem,
1070 2656 1169 2696 ceu
1222 2642 1466 2697 scientiae
1516 2641 1721 2697 lumine
1751 2643 1957 2707 orbati,
1994 2646 2045 2695 in

482 2736 737 2790 tenebras
767 2734 1070 2789 exteriores
1096 2733 1399 2802 expellendi
1430 2742 1613 2789 essent
1642 2751 1657 2786 :
1690 2733 1769 2788 sic
1792 2732 2045 2787 nimirum

480 2825 809 2893 imperitiam
843 2824 1083 2889 illorum,
1111 2837 1488 2891 summamque
1538 2822 1838 2887 inscitiam,
1869 2831 1924 2879 et
1957 2837 2049 2877 sa-

482 2919 677 2973 lutaris
710 2916 929 2970 luminis
969 2916 1255 2969 orbitatem
1304 2918 1626 2986 praedicens.
1674 2914 1812 2970 Hinc
1866 2931 2046 2971 rerum

481 3018 697 3078 oportet
728 3009 932 3061 exitum
985 3008 1445 3072 animadvertere,
1495 3017 1662 3076 atque
1711 3010 1845 3063 adeo
1875 3008 2048 3062 oculis

483 3098 862 3169 contemplari,
915 3098 1185 3166 quomodo
1214 3096 1404 3161 Judaei,
1433 3098 1526 3167 qui
1555 3099 1821 3154 dictorum
1875 3099 2051 3153 homi-

484 3210 613 3251 num
664 3195 773 3249 Deo
803 3195 1091 3249 charorum
1140 3208 1312 3263 genus
1365 3207 1487 3248 esse
1527 3191 1848 3263 gloriantur,
1895 3190 2049 3259 ejecti

482 3286 688 3341 fuerint
721 3301 826 3341 non
857 3300 1023 3356 regno
1068 3286 1160 3340 Dei
1212 3286 1606 3351 tantummodo,
1656 3301 1847 3340 verum
1883 3285 2049 3338 etiam

481 3395 637 3433 sacra
668 3380 903 3450 ipsorum
940 3377 1212 3449 regalique
1244 3377 1523 3446 metropoli
1549 3395 1560 3430 :
1591 3377 1841 3446 exemplo
1869 3386 2050 3432 autem

483 3470 664 3537 unius,
691 3470 782 3539 qui
822 3469 949 3525 olim
984 3470 1049 3523 ad
1086 3468 1432 3524 Servatorem
1485 3470 1743 3535 accessit,
1775 3469 2051 3525 centurio-

482 3564 589 3625 nis,
620 3561 1035 3617 innumerabilis
1066 3546 1345 3617 hominum
1384 3562 1679 3616 multitudo
1704 3577 1770 3617 ex
1819 3561 2052 3617 nationi-

482 3655 587 3712 bus
626 3656 861 3718 cunctis,
906 3671 1058 3725 atque
1106 3671 1169 3710 ac
1216 3657 1324 3723 ille,
1379 3656 1597 3712 Christo
1655 3654 1909 3725 adjuncta
1958 3652 2051 3717 sit,

484 3765 605 3820 quze
635 3750 702 3803 ab
726 3764 790 3803 eo
815 3751 1026 3813 educta,
1062 3750 1311 3805 eumdem
1347 3763 1506 3817 quem
1551 3747 1741 3817 inclyti
1790 3745 1865 3799 illi
1912 3745 2052 3815 apud

484 3839 741 3895 Hebrzeos
777 3840 900 3901 viri,
932 3839 1099 3895 Deum
1124 3855 1439 3911 agnoscere,
1478 3855 1661 3908 parem
1691 3839 1801 3893 illis
1831 3839 1899 3892 ab
1933 3836 2053 3892 uui-

484 3931 684 3987 versali
712 3947 836 4000 rege
869 3934 980 3988 Deo
1009 3934 1316 3989 mercedem
1356 3934 1597 4002 recipere
1619 3932 1777 4002 digna
1812 3931 1930 3985 fuit.

492 4024 763 4098 Ἑϐραίοις
804 4025 1128 4097 λαμψὰντων
1165 4025 1372 4098 ἀνδρῶν
1404 4025 1729 4093 ἐπιγνόντων
1757 4022 1910 4089 Θεὸν,
1944 4020 2045 4091 τῆς
2084 4020 2204 4091 ἴσης
2242 4023 2421 4083 αὐτοῖς

482 4124 600 4194 θεῷ
633 4121 889 4193 ἀμοιϐῆς.

1241 4218 1303 4272 ν.

556 4308 940 4364 ΜοιιιιίιιΡειτο
962 4309 1215 4362 Dominus
1229 4309 1362 4361 utad
1382 4308 1614 4376 praedam
1637 4309 1767 4362 retia
1784 4306 2048 4370 demittat;

481 4401 1026 4470 quiquidemjussum
1049 4400 1379 4468 exsequitur.
1414 4400 1547 4454 Cum
1578 4412 1757 4454 autem
1803 4414 2051 4468 magnam

483 4490 711 4559 piscium
736 4488 1132 4543 multitudinem
1152 4488 1565 4555 conclusissem,
1584 4500 1639 4543 et
1656 4489 1785 4543 retia
1819 4488 2053 4556 pondere

484 4590 708 4649 gravata
724 4581 1185 4649 dirumperentur,
1200 4594 1353 4648 opem
1374 4590 1563 4649 petunt
1581 4595 1609 4633 a
1624 4582 1797 4633 vicina
1828 4579 2052 4631 navicu-

484 4674 532 4723 la
555 4687 570 4735 ;
595 4680 754 4738 atque
769 4671 841 4723 ita
858 4670 1114 4724 extractis
1128 4668 1363 4737 piscibus
1383 4679 1663 4737 utramque
1692 4668 1943 4737 scapham
1963 4682 2053 4720 re-

485 4760 1334 4831 pleverunt,intantumntmergi
1364 4761 1814 4829 periclitarentur.
1849 4759 2051 4824 Quant-

484 4856 671 4907 uhrem
716 4852 1070 4907 admiratione
1107 4851 1300 4907 Petrus
1349 4852 1654 4922 perculsus,
1687 4851 1963 4920 indignum
1991 4866 2049 4906 se

483 4945 844 5000 continebatur
857 4955 915 4998 ut
931 4942 1187 4999 Servatur
1203 4945 1268 4997 ad
1288 4960 1347 4999 se
1372 4946 1599 4999 veniret.
1625 4943 1717 4999 Ille
1733 4953 1936 5006 autem,
1960 4943 2049 5012 qui

484 5052 740 5107 tanquam
778 5036 945 5091 futuri
976 5037 1235 5106 temporis
1257 5038 1547 5106 imaginem
1578 5038 1676 5104 ipsi
1716 5038 2052 5100 ostenderat,

486 5128 985 5198 interpretationem
1008 5142 1220 5198 quoque
1248 5127 1399 5191 facit,
1436 5126 1651 5196 aitque:
1684 5127 1809 5181 Noli
1836 5129 2053 5191 timere;

486 5217 674 5271 abhinc
702 5220 837 5272 enim
869 5218 971 5272 eris
996 5216 1229 5271 homines
1251 5218 1318 5270 ad
1358 5217 1519 5269 vitam
1555 5216 1785 5285 capiens.
1831 5208 2055 5272 Cunctis

485 5323 616 5364 vero
643 5310 838 5363 simul:
881 5308 1059 5364 Venite
1084 5320 1197 5379 post
1230 5325 1329 5375 me,
1363 5308 1659 5381 faciamque
1686 5326 1772 5364 vos
1817 5310 2049 5379 piscato-

492 5416 571 5455 res
599 5402 887 5455 hominum.
920 5402 1178 5459 Galilazos
1224 5403 1495 5470 homines,
1543 5403 1677 5457 viles
1731 5402 2055 5467 rusticanos,

493 5494 628 5549 nihil
662 5505 861 5562 praeter
887 5494 1147 5565 Syrorum
1175 5496 1473 5550 dialectum
1508 5497 1765 5561 scientes,
1800 5505 1919 5551 arte
1949 5496 2050 5550 hu-

565 5608 675 5681 (iO)
709 5608 844 5681 Cod.
874 5609 943 5673 Α,
980 5610 1135 5681 [.83.
1168 5612 1290 5681 Syr.
1326 5613 1415 5668 lib.
1442 5628 1515 5673 tv,
1538 5612 1593 5667 6.

566 5678 678 5752 (ιιι)
713 5678 980 5735 llactenus
1009 5678 1366 5750 fragmentum
1401 5686 1663 5742 recitatur
1690 5683 1874 5742 Graece
1896 5684 2059 5741 etiam

2149 1816 2420 1887 βοώμενος
2466 1816 2715 1887 Ἀϐραὰμ
2747 1819 2811 1870 ἐκ
2841 1816 3435 1889 πατέρων’⁶ὁρμώμενος
3468 1818 3722 1872 δεισιδαιο

2150 1911 2324 1979 μόνων
2358 1909 2712 1980 μετεϐάλλετο
2739 1911 2829 1963 τὸν
2867 1910 2998 1980 βίον,
3030 1911 3127 1981 τῆς
3162 1912 3261 1981 μὲν
3295 1912 3556 1964 πολυοέου
3588 1911 3727 1966 πλά·

2147 2020 2243 2072 νης
2270 2003 2648 2073 ἀναχωρήσας,
2692 2002 2785 2055 ἕνα
2810 2003 2866 2055 δέ
2899 2003 2989 2055 τὸν
3037 2004 3129 2055 ἐπὶ
3180 2004 3398 2056 πάντων
3429 2003 3562 2056 Θεὸν
3597 2006 3725 2059 ἐπιο

2147 2094 2306 2159 γνοὺς
2343 2092 2456 2145 ὁδί·
2486 2094 2591 2167 ’καὶ
2623 2096 2734 2156 τοῖς
2766 2093 2928 2146 αὑτοῦ
2973 2096 3129 2147 παισὶ
3161 2094 3239 2164 τῷ
3286 2094 3468 2147 Ἰσαάκ
3508 2097 3603 2147 καὶ
3646 2095 3731 2167 τῷ

2161 2183 2353 2236 Ἰακὼϐ
2390 2184 2605 2254 ὁμοίους
2655 2184 2871 2238 ἔσεσθαι
2909 2186 3133 2257 μυρίους
3175 2185 3295 2238 καθ’
3336 2186 3463 2255 ὅλης
3509 2186 3609 2255 τῆς
3639 2186 3723 2239 ol-

2147 2275 2439 2345 κουμένης,
2475 2276 2568 2327 καὶ
2599 2275 2804 2328 τούτων
2834 2276 3065 2345 μάλιστα
3088 2276 3156 2329 τά
3186 2277 3322 2347 πρὸς
3347 2277 3419 2329 Et»
3445 2275 3592 2347 ἔθνη,
3626 2278 3727 2333 καὶ

2147 2365 2272 2427 τοὺς
2328 2364 2468 2417 κατὰ
2512 2365 2767 2434 δυόμενον
2809 2366 2957 2435 ἣλιον
3002 2365 3284 2429 οικοῦντας
3327 2365 3719 2437 προαγορεύει·

2150 2456 2470 2527 προστίθησί
2515 2474 2569 2509 τε
2603 2456 2813 2520 τούτοις
2845 2458 2905 2510 τὸ
2938 2458 3191 2528 μέγιστον
3221 2459 3319 2529 τῆς
3348 2461 3722 2530 προρρήσεωςο

2149 2550 2302 2601 αὐτοὶ
2341 2549 2578 2602 Ἰουδαῖοι
2606 2548 2714 2602 τῶν
2753 2550 3017 2619 θεοφιλῶν
3059 2552 3283 2604 ἐκείνων
3318 2552 3604 2618 ἀπόγονοι,
3632 2553 3728 2604 τὸν

2162 2639 2412 2712 Ἀϐραὰμ
2444 2640 2737 2711 αὐχοῦντες
2774 2642 2869 2695 καὶ
2894 2642 2986 2695 τὸν
3028 2642 3212 2696 Ἰσαάκ
3244 2642 3338 2695 καὶ
3373 2642 3464 2696 τὸν
3507 2642 3725 2706 Ἰακὼϐ,

2149 2732 2236 2785 διὰ
2277 2732 2373 2803 τὴν
2420 2733 2499 2797 είς
2538 2732 2698 2786 αὑτὸν
2732 2734 2954 2802 ἀλογίαν
3001 2751 3059 2787 τε
3096 2736 3190 2789 καὶ
3220 2736 3501 2798 ἀπιστίαν,
3540 2735 3616 2799 ὼς
3658 2735 3728 2789 ἂν

2150 2826 2243 2879 τοῦ
2284 2826 2381 2897 τῆς
2415 2826 2669 2893 γνώσεως
2702 2828 2883 2897 φωτὸς
2923 2828 3379 2899 ἀπεστερημένοι,
3430 2827 3732 2899 ἀπόϐλητοι

2150 2920 2466 2990 γενήσονται
2497 2923 2576 2983 εἰς
2611 2920 2677 2972 τὸ
2718 2921 2906 2983 σκότος
2949 2921 3010 2974 τὸ
3056 2920 3339 2992 ἐξώτερον,
3375 2921 3474 2993 τὴν
3504 2922 3730 2992 ἄγνοιαν

2151 3011 2328 3065 αὐτῶν
2377 3014 2469 3064 καὶ
2498 3013 2597 3082 τὴν
2644 3012 2878 3083 ἐσχάτην
2912 3012 3180 3084 ἀμαθίαν,
3214 3013 3310 3066 τοῦ
3358 3031 3418 3068 τε
3463 3015 3734 3086 σωτηρίου

2155 3104 2330 3172 φωτὸς
2359 3104 2456 3174 τὴν
2492 3105 2747 3175 στέρησιν
2777 3098 2877 3159 ὧδέ
2919 3124 2992 3177 πη
3036 3111 3518 3179 προαναφωνήσας.
3565 3107 3735 3161 Ἔνθα

2152 3196 2215 3267 δὴ
2245 3197 2532 3266 ἐπιστῆσαι
2566 3199 2679 3260 τοῖς
2709 3197 3112 3267 ἀποτελέσμασι
3160 3200 3424 3269 προσήκει
3456 3199 3549 3253 τὸν
3582 3181 3729 3261 νοῦν.

2152 3287 2449 3357 ὀφθαλμοῖς
2476 3305 2534 3339 τε
2565 3291 2747 3351 αὐτοῖς
2776 3289 3130 3357 παραλαϐεῖν,
3157 3291 3232 3353 ὼς
3264 3291 3504 3344 Ἰουδαῖοι
3537 3292 3655 3363 μὲν,
3678 3295 3733 3346 οἰ

2151 3378 2257 3430 τῶν
2290 3378 2593 3449 εἰρημένων
2626 3379 2887 3447 θεοφιλῶν
2922 3380 3129 3450 ἀνδρῶν
3167 3380 3323 3447 γένος
3356 3377 3495 3435 εἷναι
3532 3398 3731 3453 σεμνυ-

2152 3470 2387 3540 νόμενοι,
2425 3470 2675 3541 ἐκϐλητοι
2707 3472 2989 3539 γεγόνασιν
3033 3473 3093 3525 οὐ
3128 3473 3225 3542 τῆς
3264 3472 3357 3527 τοῦ
3398 3473 3533 3526 Θεοῦ
3576 3473 3731 3545 βασι-

2154 3561 2302 3625 λείας
2337 3563 2516 3633 μόνον,
2549 3562 2681 3615 ἀλλά
2709 3565 2802 3617 καὶ
2822 3564 2918 3634 τῆς
2947 3564 3124 3617 αὐτῶν
3153 3565 3304 3635 ἱερᾶς
3331 3566 3423 3617 καὶ
3450 3564 3735 3637 βασιλικῆς

2158 3656 2558 3726 μητροπόλεως·
2582 3657 2672 3709 ἐπὶ
2695 3656 2750 3710 δὲ
2782 3656 2897 3719 ἐνὸς
2920 3656 3013 3709 τοῦ
3042 3657 3209 3709 πάλαι
3232 3658 3308 3727 τῷ
3328 3657 3542 3727 Σωτῆρι
3564 3673 3733 3729 προσ-

2156 3744 2469 3815 εληλυθότος
2537 3746 2811 3816 χιλιάρχου
2859 3748 3063 3817 ἀφατος
3114 3749 3322 3818 ἀνδρῶν
3375 3748 3607 3820 ἀριθμὸς
3673 3748 3737 3814 ἐξ

2158 3838 2410 3890 ἁπάντων
2445 3837 2552 3889 τῶν
2581 3838 2748 3889 ἐθνῶν
2774 3839 2975 3908 ὁμοίως
3007 3839 3199 3910 ἐκείνῳ
3222 3839 3299 3909 τῷ
3323 3838 3541 3911 Χριστῷ
3566 3856 3734 3912 προσ..

2159 3930 2364 3993 ιόντων,
2407 3932 2499 3981 καὶ
2521 3930 2610 3982 διὰ,
2633 3930 2731 3999 τῆς
2755 3930 2914 3982 αὑτοῦ
2946 3931 3289 3994 διδασκαλίας
3329 3933 3419 3985 τὸν
3450 3933 3559 3986 τῶν
3600 3933 3731 4004 παρ’

2492 4022 2717 4085 ἐκείνοις
2786 4023 3040 4092 ἠξίωνται
3093 4025 3242 4095 παρὰ
3286 4025 3362 4095 τῷ
3405 4024 3735 4097 παμϐασιλεῖ

2908 4207 2979 4259 Ε’.

2232 4302 2344 4372 (40)
2369 4299 2826 4369 Παρακελεύεταιγ
2838 4300 2935 4369 μὲν
2961 4300 3038 4369 τῷ
3070 4299 3259 4371 Πέτρῳ
3290 4302 3319 4353 ὁ
3348 4300 3551 4370 Κύριος
3578 4301 3737 4370 χαλά-

2164 4411 2251 4446 σαι
2292 4395 2371 4455 είς
2403 4392 2578 4463 ἄγραν
2607 4391 2675 4443 τὰ
2719 4391 2941 4445 δίκτυα·
2979 4394 3007 4444 ὁ
3052 4392 3108 4443 δὲ
3156 4392 3216 4445 τὸ
3264 4391 3737 4463 προστεταγμένον

2160 4486 2356 4538 ἐποίει.
2401 4484 2490 4546 Ὡς
2517 4483 2572 4535 δέ
2609 4481 2959 4536 συνέκλεισαν
2992 4483 3192 4554 πλῆθος
3231 4483 3428 4553 ἰχθύων
3453 4483 3611 4547 πολὺ,
3644 4484 3737 4537 καὶ

2158 4578 2514 4649 διερρήγνυτο
2538 4575 2605 4627 τὰ
2633 4574 2824 4629 δίκτυα
2862 4574 2939 4644 τῷ
2985 4576 3176 4645 πλήθει
3208 4575 3538 4646 βαρούμενα.
3571 4592 3717 4645 προσ

2161 4670 2451 4723 καλοῦνται
2503 4670 2599 4739 μὲν
2648 4671 2727 4731 είς
2784 4666 3030 4739 βοήθειαν
3072 4670 3197 4733 τοὺς
3233 4669 3290 4720 ἐν
3329 4669 3406 4738 τῷ
3438 4668 3735 4737 γειτνιῶντι

2160 4762 2363 4832 πλοίῳ·
2422 4756 2517 4813 εἶτ’
2573 4761 2969 4822 ἀνελκύσαντες
3015 4762 3142 4824 τοὺς
3206 4761 3411 4832 ἰχθύας,
3440 4762 3733 4833 πληροῦσιν

2162 4855 2327 4924 ἄμφω
2363 4853 2431 4906 τὰ
2475 4854 2689 4924 σκάφη,
2722 4853 2797 4915 ὼς
2836 4852 3161 4906 κινδυνεύειν
3200 4854 3339 4907 αὑτά
3383 4853 3735 4923 βυθισθῆναι·

2162 4948 2244 5015 ἐφ’
2278 4941 2359 5008 οἷς
2384 4948 2411 4998 ὁ
2439 4946 2639 5015 Πέτρος
2671 4944 3067 5013 ἀποθαυμάσας
3095 4945 3389 5017 ἐξεπλάγη,
3427 4944 3646 5011 ἀνάξιόν
3680 4961 3735 4997 τε

2155 5040 2346 5092 ἐαυτὸν
2384 5039 2482 5109 τῆς
2507 5037 2780 5107 σωτηρίου
2805 5036 3111 5099 ἐπιϐάσεως
3139 5037 3405 5107 ὡμολόγει
3433 5037 3573 5107 (41).
3613 5037 3672 5091 '0
3694 5037 3725 5089 δ

2155 5130 2343 5199 ὥσπερ
2393 5129 2663 5195 ἐπιδείξας
2724 5126 2875 5197 αὑτῷ
2920 5126 3016 5198 τὴν
3068 5128 3163 5181 τοῦ
3221 5128 3503 5198 μέλλοντος
3531 5130 3717 5182 είκὸνα

2155 5218 2409 5285 διασαφεῖ
2435 5217 2532 5288 τὴν
2564 5218 2890 5289 ἑρμηνείαν,
2922 5217 3017 5270 καί
3047 5234 3179 5288 φησι
3218 5217 3355 5289 πρὸς
3393 5219 3555 5272 αὐτόν
3581 5236 3595 5249 ·
3640 5217 3732 5275 Mf;

2163 5309 2350 5379 φοϐοῦ
2369 5324 2385 5341 °
2407 5311 2524 5364 ἀπὸ
2547 5311 2651 5366 τοῦ
2679 5311 2797 5365 νῦν
2815 5312 3163 5380 ἀνθρώπους
3184 5311 3299 5382 ἔσῃ
3316 5311 3544 5381 ζωγρῶν
3563 5329 3576 5340 ⁸
3602 5311 3735 5381 πρὸς

2163 5402 2220 5456 δὲ
2263 5401 2467 5466 πάντας
2492 5420 2505 5434 ·
2545 5404 2724 5458 Δεῦτε
2768 5404 2960 5457 ὀπίσω
2995 5421 3137 5473 μου,
3174 5403 3270 5456 καὶ
3310 5404 3542 5471 ποιήσω
3584 5399 3739 5471 ὑμᾶς

2167 5494 2355 5562 ἁλιεῖς
2408 5495 2750 5564 ἀνθρώπων.
2812 5495 3125 5559 Γαλιλαίους
3193 5495 3425 5568 ἄνδρας,
3480 5494 3740 5559 εὐτελεῖς,

2169 5632 2200 5666 .1
2230 5613 2297 5668 cl.
2329 5614 2436 5667 Leo
2470 5630 2524 5683 p.
2561 5614 2688 5675 216,
2730 5630 2795 5668 ex
2837 5616 2957 5667 cod.
3007 5613 3238 5670 Vindoh.
3270 5615 3374 5670 Sed
3416 5615 3586 5670 multo
3619 5613 3739 5665 luu-

2172 5687 2293 5753 gins
2318 5688 2666 5753 prosequitur
2699 5685 2749 5738 itt
2781 5686 2970 5739 codice
3000 5696 3185 5741 nostro
3225 5686 3395 5741 Vatic.
3426 5690 3489 5741 Α.
3526 5688 3559 5739 f.
3604 5684 3691 5737 83.
