4098 6200
349 293 453 349 6Ξ5

1738 298 1825 352 DE
1865 294 2324 353 THEOPIIANIA.

3503 287 3606 341 6'16

347 409 672 481 ἀγροίκους,
707 409 857 465 οὐδὲν
893 410 1052 464 πλέον
1089 410 1186 483 τῆς
1212 411 1400 483 Σύρων
1431 419 1614 486 φωνῆς
1644 416 1929 486 ἐπισταμέ-

2047 413 2186 477 mili,
2225 413 2278 467 id
2306 420 2389 466 est
2419 407 2733 482 piscatoria,
2762 422 2866 462 non
2887 405 3004 460 sine
3029 416 3191 458 causa
3223 399 3477 456 Servator
3511 419 3606 456 no-

349 521 499 566 νους,
538 503 678 556 ἀλλά
709 503 803 556 καὶ
841 503 900 556 τδ
937 503 1271 576 ἐπιτήδευμα
1309 506 1563 560 ταπεινὸν
1595 509 1692 579 τῆς
1734 507 1938 571 ἁλιείας

355 594 827 664 μετερχομένους,
873 594 1098 659 εί-κότως
1146 597 1175 648 ὁ
1220 597 1415 670 Σωτὴρ
1463 597 1624 670 ἡμῶν
1674 598 1938 670 θηρευτὰς

351 681 453 735 ἀνθ
466 682 664 754 ρώπων
694 684 785 737 καὶ
817 686 1066 755 κήρυκας
1091 686 1193 757 τῆς
1222 687 1388 742 αὐτοῦ
1409 689 1754 754 διδασκαλίας
1781 689 1937 761 ποιή-

355 791 473 828 σειν
516 776 898 847 ἐπηγγέλλετο,
931 778 1025 831 καὶ
1052 779 1351 849 πεποίηκεν
1375 781 1436 834 ού
1466 781 1805 852 ψευσάμενος
1842 781 1937 852 τὴν

357 865 671 938 ὑπόσχεσιν,
703 867 974 939 παριστὰς
1011 869 1146 922 Θεοῦ
1175 871 1405 941 δύναμιν
1449 871 1806 943 ἑνεργητικὴν
1843 869 1937 924 τοῦ

357 958 702 1030 πράγματος.
747 959 811 1012 Εἰ
845 960 942 1030 μὲν
973 959 1113 1033 γὰρ,
1148 962 1363 1030 λογίους
1405 963 1556 1027 τινας
1590 963 1682 1016 καὶ
1720 964 1936 1030 σοφοὺς,

357 1049 391 1121 ἢ
423 1050 514 1104 καὶ
555 1050 664 1104 τῶν
713 1052 865 1124 παρὰ
907 1053 1180 1118 Ἰουδαίοις
1231 1054 1533 1124 ἀνθρώπων
1580 1053 1804 1118 ἐνδόξων
1845 1056 1939 1108 καὶ

355 1143 624 1197 πλουσίων
662 1145 1094 1216 προσαγόμενος,
1132 1146 1344 1211 τούτοις
1385 1147 1652 1218 ἐκέχρητο
1684 1147 1938 1201 διδασκά-

352 1233 467 1298 λοις
491 1235 600 1288 τῶν
628 1236 795 1290 αὑτοῦ
827 1236 1022 1305 λόγων,
1055 1235 1157 1292 κᾶν
1179 1238 1326 1304 εἰκὸς
1351 1235 1419 1310 ἦν
1453 1239 1938 1312 ἀνθρωπινώτερον

353 1324 734 1396 ἐπινενοῆσθαι
766 1326 827 1379 τὸ
869 1329 1133 1398 πρᾶγμα·
1171 1328 1314 1381 οὕτω
1345 1329 1477 1398 γοῦν
1506 1330 1555 1382 οἰ
1585 1329 1802 1392 πλείους
1831 1329 1938 1382 τῶν

354 1415 659 1488 ἀνθρώπων
693 1415 946 1470 εἰώθασιν
975 1416 1391 1481 ὑποτάττεσθαι,
1433 1417 1466 1490 ἢ
1517 1419 1794 1489 χρήμασιν
1834 1417 1940 1470 ὑπὸ

354 1507 627 1563 πλουσίων
668 1507 1060 1580 δελεαζόμενοι,
1105 1509 1138 1579 ἦ
1174 1507 1349 1578 λόγων
1385 1509 1644 1581 περιϐολῇ
1675 1510 1768 1562 καὶ
1801 1525 1936 1578 φαν-

351 1597 516 1670 τασίᾳ
550 1598 743 1668 σοφίας
763 1599 1131 1672 ἀπατώμενοι,
1154 1601 1187 1671 ἢ
1219 1601 1492 1673 ὑπεροχὰς
1519 1599 1743 1665 ἐνδόξων
1768 1616 1936 1671 προσ-

349 1687 521 1744 ὡπων
572 1690 1100 1762 καταπληττόμενοι.
1136 1692 1192 1744 Ὀ
1228 1691 1284 1744 δὲ
1327 1692 1400 1762 μὴ
1432 1691 1693 1754 τοιούτοις
1729 1692 1937 1763 χρησά-

2041 514 2174 572 ster,
2211 513 2500 559 venatores
2548 501 2830 558 hominum
2858 509 3082 567 suaeque
3119 495 3380 551 doctrina:
3403 507 3607 564 praeco-

2043 610 2139 652 nes
2183 610 2242 652 se
2287 593 2561 650 facturum
2606 591 3004 661 pollicebatur;
3038 586 3299 658 fecitque,
3329 585 3472 641 haud
3512 585 3612 639 fal-

2043 689 2159 744 lens
2188 689 2540 760 promissum,
2573 685 2667 741 Dei
2707 699 2900 755 nempe
2933 682 3229 753 potentiam
3261 681 3336 736 rei
3365 677 3608 736 eﬂ‘ectri-

2042 794 2156 833 cem
2212 791 2560 844 expromens.
2613 774 2747 828 Nam
2810 773 2856 829 si
2911 771 3184 828 litteratos
3208 768 3419 840 aliquos
3441 777 3497 825 et
3523 783 3612 823 sa.

2040 872 2279 941 pientes.
2325 869 2406 924 vel
2453 870 2613 923 etiam
2666 880 2734 920 ex
2789 865 2991 920 Iudaeis
3037 861 3244 918 nobiles
3310 861 3611 932 divitesque

2040 964 2186 1017 viros
2210 960 2444 1032 eligens,
2474 959 2557 1013 his
2577 974 2705 1013 usus
2726 967 2872 1012 esset
2897 955 3169 1027 magistris
3188 954 3446 1010 doctrinae
3473 969 3608 1022 sum,

2041 1053 2225 1120 utique
2261 1050 2554 1104 humanum
2586 1049 2766 1118 potius
2803 1047 3075 1117 negotium
3111 1044 3164 1099 id
3193 1043 3338 1100 credi
3379 1053 3608 1113 poterat.

2041 1142 2132 1196 Sic
2158 1141 2302 1196 enim
2333 1140 2576 1210 plerique
2605 1139 2888 1192 hominum
2922 1135 3100 1192 solent
3126 1143 3296 1191 semet
3319 1135 3608 1202 subjicere,

2039 1233 2123 1288 vel
2173 1233 2399 1303 pecunia
2453 1247 2482 1285 a
2540 1230 2799 1286 divitibus
2855 1227 3122 1295 inescati,
3170 1226 3258 1281 vel
3303 1226 3609 1282 litterarum

2039 1324 2220 1392 specie
2249 1333 2300 1377 et
2333 1322 2616 1391 sapientiae
2655 1321 2932 1391 praestigio
2968 1318 3200 1389 decepti,
3245 1317 3330 1373 vel
3361 1317 3611 1374 eminen-

2037 1415 2166 1468 tiam
2197 1429 2558 1484 personarum
2595 1413 2887 1468 illustrium
2921 1411 3277 1468 admirantes.
3304 1409 3465 1467 Iesus
3508 1425 3612 1466 au-

2041 1515 2146 1561 tem
2197 1521 2318 1562 cum
2367 1507 2506 1560 haud
2560 1504 2761 1559 talibus
2804 1506 2876 1558 sit
2921 1519 3054 1558 usus
3097 1502 3398 1573 discipulis,
3449 1502 3543 1558 sed
3574 1516 3608 1556 e

2040 1599 2320 1653 contrario
2371 1596 2700 1666 pauperibus
2745 1606 2798 1650 et
2848 1594 3133 1661 obscuris,
3192 1610 3258 1650 ac
3300 1594 3610 1650 litteratura

2042 1690 2246 1753 idiotis,
2277 1689 2454 1757 lingua
2506 1686 2682 1758 Syris,
2717 1687 2906 1741 habitu
2939 1686 3147 1752 humili,
3179 1700 3454 1756 operaque
3489 1685 3610 1749 vili,

354 1799 517 1853 μενος
563 1781 854 1852 μαθηταῖς,
893 1782 1200 1837 τούναντίον
1241 1782 1298 1835 δὲ
1340 1783 1534 1854 πένησι
1573 1785 1667 1836 καὶ
1703 1781 1929 1849 ἀδόξοις,

2032 1781 2367 1852 exploratum
2393 1789 2474 1835 est
2499 1794 2622 1833 enm
2653 1779 2887 1834 divinam
2929 1787 3138 1832 tantum
3170 1777 3482 1834 adhibuisse
3510 1792 3613 1847 po-

353 1873 450 1926 καὶ
475 1872 567 1926 τὸν
603 1872 759 1942 λόγον
786 1872 1041 1938 ἰδιώταις,
1077 1874 1270 1944 Σύροις
1310 1892 1370 1927 τε
1393 1875 1492 1946 τὴν
1523 1875 1726 1946 φωνὴν,
1759 1877 1852 1928 καὶ
1875 1875 1936 1928 τὸ

353 1962 543 2032 σχῆμα
572 1965 870 2027 ταπεινοῖς,
901 1964 995 2018 καὶ
1027 1963 1298 2017 εὐτελέσιν
1325 1963 1490 2036 ἔργῳ,
1517 1964 1676 2035 δῆλος
1702 1960 1769 2036 ἦν
1799 1965 1933 2036 μόνῃ

351 2058 418 2125 τῇ
450 2055 604 2126 θεῖκῇ
633 2055 858 2126 δυνάμει
882 2055 1184 2128 χρώμενος,
1209 2056 1275 2127 ἢν
1297 2055 1594 2123 ἐνεδείξατο
1621 2055 1811 2126 πρῶτα
1837 2056 1936 2127 μὲν

352 2150 505 2218 φωνῇ
571 2148 668 2218 μιᾷ
722 2147 1236 2219 προσκαλεσάμενος
1294 2148 1492 2212 αὐτοὺς
1552 2147 1647 2202 καὶ
1711 2149 1936 2202 ἀκολού-

353 2240 481 2302 θους
519 2239 632 2309 (42)
663 2239 828 2294 αὑτοῦ
864 2241 1233 2312 καταστήσας,
1269 2241 1506 2296 κᾶπειτα
1531 2242 1933 2313 ἐπαγγειλάμε-

350 2346 445 2393 νος
478 2329 816 2400 σαγηνευτάς
849 2332 943 2384 καὶ
981 2330 1155 2394 ἁλιεῖς
1202 2330 1507 2402 ἀνθρώπων
1539 2333 1786 2405 ποιήσειν
1833 2333 1933 2386 αύ-

348 2423 498 2486 τοὺς,
531 2422 597 2476 ἵν’
638 2423 754 2476 ἀνθ’
795 2416 870 2476 ὧν
905 2419 1046 2494 εἶχον
1094 2424 1351 2489 δικτύων,
1397 2423 1654 2487 λαϐόντες
1680 2426 1812 2495 παρ’
1838 2425 1936 2478 αύ-

347 2513 446 2568 τοῦ
475 2515 573 2584 τὴν
603 2515 712 2568 ἀπὸ
738 2515 1008 2570 παντοίων
1035 2515 1212 2584 λόγων
1245 2515 1486 2587 νομικῶν
1512 2532 1571 2569 τε
1606 2515 1700 2569 καὶ
1727 2532 1935 2588 προφη-

353 2605 487 2669 τῶν,
512 2605 618 2659 τῶν
642 2623 701 2658 τε
725 2606 824 2676 τῆς
848 2605 1032 2662 ἐνθέου
1054 2606 1406 2670 διδασκαλίας
1440 2605 1607 2660 αὐτοῦ
1634 2605 1934 2660 πλακείσαν

2045 1873 2265 1927 tentiam
2321 1887 2334 1936 ;
2395 1885 2559 1940 quam
2599 1869 2836 1923 ostendit
2887 1868 3068 1937 primo
3099 1866 3315 1935 quidem
3350 1867 3476 1921 dum
3505 1881 3610 1920 una

2041 1964 2228 2020 vocula
2258 1979 2352 2019 eos
2387 1963 2638 2018 invitavit
2664 1961 3014 2031 asseclasque
3046 1976 3174 2017 suos
3225 1961 3379 2026 fecit,
3415 1961 3610 2016 deinde

2039 2059 2308 2127 spondens
2353 2066 2604 2126 captores
2652 2057 3065 2126 piscatoresque
3135 2055 3413 2110 hominum
3472 2070 3504 2110 a
3549 2069 3612 2112 se

2041 2147 2240 2202 factum
2300 2149 2404 2212 iri;
2463 2157 2519 2202 ut
2561 2163 2659 2217 pro
2715 2147 2920 2202 retibus
2969 2159 3089 2217 quae
3136 2160 3279 2201 nunc
3331 2146 3609 2212 tenebant,

2039 2250 2316 2295 sumentes
2358 2242 2426 2295 ab
2466 2255 2533 2294 eo
2580 2238 2886 2294 litterarum
2935 2237 3178 2293 omnium
3235 2235 3488 2307 legalium
3543 2251 3609 2293 ac

2036 2331 2469 2402 propheticarum
2504 2369 2520 2391 ,
2586 2345 2798 2385 necnon
2869 2327 3064 2384 divina:
3123 2327 3293 2398 ipsius
3345 2327 3612 2384 doctrina:

2034 2438 2312 2492 sagenam,
2344 2423 2396 2477 in
2443 2423 2693 2476 humana:
2733 2420 2858 2476 vitae
2912 2434 3063 2475 mare
3113 2419 3405 2489 iactarent,
3449 2427 3610 2490 quot-

2034 2524 2170 2585 quot
2197 2525 2549 2570 occurrerent
2597 2513 2903 2580 irretirent,
2939 2527 3136 2582 genere
3167 2513 3311 2566 omni
3361 2513 3610 2568 rationa-

2037 2606 2167 2659 lium
2199 2605 2426 2676 piscium
2467 2605 2601 2659 retia
2627 2619 2724 2658 sua
2755 2603 3036 2658 rationalia
3069 2603 3425 2671 complentes.

351 2703 598 2773 σαγήνην
640 2701 980 2772 ἐμϐάλλωσιν
1013 2704 1092 2765 εἰς
1125 2700 1223 2773 τὴν
1261 2700 1356 2755 τοῦ
1387 2701 1724 2773 ἀνθρωπείου
1773 2700 1888 2772 βίου
1922 2699 2213 2762 θάλατταν,
2245 2699 2340 2753 καὶ
2381 2698 2747 2769 περιϐάλωσιν
2797 2698 2953 2761 ὅσους
2981 2697 3048 2751 ἂν
3078 2696 3302 2768 εὕρωσι,
3338 2696 3609 2771 πληροῦν-

348 2810 442 2856 τες
477 2792 545 2846 τὰ
582 2793 789 2846 ἑαυτῶν
817 2793 1008 2862 λογικᾶ
1042 2793 1232 2847 δίκτυα
1258 2794 1456 2856 παντὸς
1495 2791 1684 2861 γένους
1711 2791 1944 2860 λογικῶν
1971 2791 2188 2862 ἰχθύων.

434 2887 592 2942 Ἀλλά
636 2887 808 2941 ταῦτα
855 2890 950 2960 μὲν
991 2889 1079 2942 διὰ
1132 2889 1316 2960 φωνῆς
1366 2889 1674 2958 ἀκουόμενα
1709 2889 1926 2960 ῥήματα

2101 2889 2277 2957 Atque
2323 2887 2436 2942 haec
2491 2902 2558 2940 ex
2614 2889 2660 2962 vi
2715 2887 2863 2941 vocis
2920 2894 3128 2941 tantum
3186 2885 3390 2948 audita,
3440 2882 3600 2940 verba

349 2981 445 3032 καὶ
489 2979 672 3050 ψόφοι,
709 2983 800 3035 καὶ
829 2982 989 3036 πλέον
1019 2983 1262 3055 ὑπῆρχεν
1301 2982 1486 3036 οὐδέν·
1528 2983 1627 3052 τῆς
1670 2981 1714 3034 δ’
1743 2980 1926 3034 ἐνθέου

347 3069 630 3139 δυνάμεως
669 3071 732 3124 τὸ
778 3070 936 3143 ἔργον
977 3073 1076 3126 οὐκ
1118 3076 1198 3136 εἰς
1250 3075 1468 3145 μακρὰν
1516 3073 1923 3143 παρεστήσατο·

349 3161 490 3214 αύτά
531 3162 595 3234 δὴ
637 3162 809 3218 ταῦτα
852 3165 921 3218 τά
972 3165 1060 3218 διά
1101 3165 1208 3219 τῶν
1250 3166 1424 3235 λόγων
1479 3166 1929 3238 προηγορευμένα

348 3256 466 3317 τοῖς
511 3253 692 3325 ἔργοις
739 3257 1078 3321 ἐπιτελέσας,
1132 3258 1209 3321 ώς
1249 3260 1308 3312 ἐν
1363 3257 1556 3330 βραχεῖ
1606 3259 1782 3330 χρόνῳ
1825 3260 1928 3330 τὴν

354 3344 648 3414 σύμπασαν
692 3346 992 3420 ἀνθρώπων
1023 3350 1352 3422 οἰκουμένην
1393 3349 1560 3421 μυρία
1600 3350 1777 3422 πλήθη
1817 3350 1928 3404 τῶν

355 3436 795 3514 σαγηνευθέντων
821 3440 926 3492 ὑπὸ
946 3440 1054 3493 τῶν
1085 3440 1308 3496 ἰδιωτῶν
1335 3441 1539 3495 τούτων
1564 3441 1770 3514 ἀνδρῶν
1793 3444 1924 3514 κτή-

353 3529 569 3593 σασθαι,
603 3529 956 3602 πληρωθῆναί
986 3550 1045 3586 τε
1075 3533 1408 3607 Ἐκκλησιῶν
1436 3535 1616 3588 πάντα
1637 3534 1928 3588 τόπονἘλ-

350 3618 526 3691 λήνων
560 3637 622 3682 τε
669 3623 762 3676 καὶ
809 3623 1132 3696 βαρϐάρων,
1165 3624 1252 3678 διὰ
1286 3626 1412 3696 μίαν
1443 3626 1659 3696 ἐκείνην
1697 3629 1926 3696 ἐπαγγε-

351 3711 472 3767 λίαν
499 3713 600 3784 τῆς
633 3713 818 3787 θεῖκῆς
846 3720 1051 3788 φωνῆς,
1077 3717 1145 3770 δι’
1177 3713 1247 3790 ἦς
1274 3719 1335 3770 ού
1372 3717 1602 3786 διδάξειν
1651 3719 1773 3781 τοὺς
1801 3719 1928 3771 ἐαυ-

348 3806 444 3858 τοῦ
481 3806 746 3878 μαθητάς,
771 3808 884 3861 ἀλλ’
924 3809 1086 3872 αὐτὸς
1126 3810 1370 3878 ποιήσειν
1399 3809 1594 3872 αὐτοὺς
1621 3809 1805 3872 ἁλιέας
1835 3809 1924 3862 ἀν-

351 3895 585 3968 θρώπων
623 3898 1008 3974 ἐπηγγείλατοζ
1038 3899 1188 3951 Ὢστ’
1217 3899 1279 3952 ού
1318 3899 1568 3969 προέγνω
1611 3899 1769 3971 μόνον
1799 3899 1926 3954 οὒτε

351 3989 629 4060 προέφησε
666 3991 729 4044 τὸ
762 3991 972 4062 μέλλον,
1004 3991 1140 4045 ἀλλά
1165 3991 1261 4044 καί
1293 3993 1522 4062 ποιητὴς
1557 3991 1651 4046 τοῦ
1676 3991 1926 4063 τηλικού-

347 4095 444 4132 του
476 4079 897 4151 κατορθώματος
936 4081 1350 4151 ἀποπέφανται·
1391 4078 1513 4136 εῐπέ
1546 4100 1605 4136 τε
1643 4083 1722 4153 τῷ
1759 4083 1920 4155 λόγῳ,

349 4169 445 4222 καὶ
477 4171 742 4242 πεποίηκε
774 4171 850 4243 τῷ
882 4172 1044 4245 ἔργῳ·
1085 4174 1396 4245 παρέστησέ
1435 4191 1493 4227 τε
1527 4175 1588 4228 τὸ
1619 4174 1808 4245 μέλλον
1837 4175 1923 4229 διὰ

351 4263 620 4334 συμϐόλου
648 4265 742 4318 καὶ
776 4265 1001 4330 εἰκόνος,
1036 4266 1131 4320 καὶ
1165 4265 1233 4319 δι’
1279 4266 1450 4337 αὐτῆς
1495 4267 1772 4338 ἐνεργείας
1814 4268 1919 4320 ἀπ·
1956 4300 1998 4354 D

347 4356 652 4428 επλήρωσε.
675 4356 798 4420 Τοῖς
822 4355 931 4436 γὰρ
959 4355 1126 4410 πάλαι
1155 4356 1417 4428 πρότερον
1441 4358 1498 4408 ἐν
1529 4357 1718 4427 σκοτία
1744 4355 1919 4426 φωτὸς

347 4451 622 4523 ἀληθείας,
650 4451 743 4506 καὶ
769 4450 904 4504 Θεοῦ
933 4451 1184 4520 γνώσεως
1211 4453 1268 4506 ὲν
1298 4451 1451 4504 νυκτὶ
1475 4451 1914 4521 καταπονηθεῖσι,

346 4541 442 4593 καὶ
487 4542 688 4613 μηδένα
730 4542 863 4613 πρὸς
901 4543 1169 4613 σωτηρίαν
1203 4539 1464 4613 θηρεῦσαι
1505 4542 1914 4613 δεδυνημένοις,

345 4632 662 4703 ἐπιλάμψας
698 4633 757 4688 τὺ
798 4634 990 4690 ἑαυτοῦ
1034 4635 1255 4704 φέγγος,
1299 4637 1356 4688 ἐν
1417 4636 1600 4707 ἡμέρᾳ
1651 4636 1743 4688 καὶ
1777 4637 1916 4704 φωτὶ

345 4724 653 4794 γενομένοις
681 4725 1025 4796 προστάττει,
1049 4727 1112 4785 ού
1140 4729 1202 4797 τῇ
1232 4726 1408 4796 οἰκείᾳ
1432 4727 1727 4798 ἐπιστήμῃ,
1757 4726 1834 4798 τῷ
1859 4728 1914 4780 δὲ

345 4813 511 4867 αὑτοῦ
553 4816 755 4886 ῥήματι
793 4815 1146 4886 θαρσοῦντας,
1192 4816 1503 4870 ἐπιϐάλλειν
1543 4817 1620 4888 τῷ
1667 4817 1813 4890 βυθῷ
1849 4819 1918 4873 τὰ

343 4901 554 4956 δίκτυα.
597 4906 660 4958 Οἱ
687 4905 744 4958 δὲ
775 4903 1011 4965 τοσαῦτα
1041 4907 1344 4976 συνήγαγον
1373 4907 1574 4980 ίχθύων
1611 4907 1811 4978 πλήθη,
1843 4909 1918 4970 ώς

342 4993 768 5066 διαρῤήγνυσθαι
799 4997 899 5068 μὲν
922 4997 990 5051 τὰ
1021 4997 1316 5069 θηρευτικὰ
1340 4999 1564 5070 ὄργανα,
1595 4999 1917 5053 κινδυνεύειν

341 5082 402 5136 δὲ
436 5085 515 5148 είς
546 5083 706 5154 βυθὸν
736 5090 932 5158 χωρεῖν
970 5087 1078 5140 άπὸ
1109 5087 1202 5140 τοῦ
1235 5089 1433 5162 φόρτου
1462 5088 1531 5141 τὰ
1560 5088 1737 5142 πλοῖα.

429 5175 581 5231 Ἐπεὶ⁴
616 5178 673 5232 δὲ
704 5179 879 5233 ταῦθ⁹⁶
899 5179 1071 5243 οὕτως
1111 5182 1551 5252 προσταττόμενα
1580 5181 1687 5236 τὸν.
1711 5182 1913 5254 Πέτρον

342 5266 424 5328 είς
452 5264 710 5337 ἔκπληξιν
741 5269 834 5321 καὶ
875 5269 1037 5337 φόϐον
1074 5269 1136 5324 οὐ
1174 5269 1265 5322 τὸν
1291 5271 1520 5341 τυχόντα
1563 5267 1716 5340 ἦγεν·
1757 5272 1914 5325 Ἀλλά

341 5354 515 5409 ταῦτά
538 5373 616 5422 σε,
655 5359 789 5428 φησὶ
817 5359 952 5431 πρὸς
980 5359 1140 5414 αὐτὸν
1171 5363 1200 5413 ό
1228 5361 1434 5434 Σωτὴρ,
1475 5364 1639 5433 μήπω
1681 5362 1914 5434 ἐκπλητ-

343 5444 508 5498 τέτω·
549 5447 761 5501 παιδιαὶ
783 5448 889 5519 γὰρ
914 5449 990 5502 ἔτι
1017 5448 1190 5504 ταῦτα
1223 5449 1316 5506 καὶ
1353 5451 1650 5522 μελλόντων
1688 5454 1908 5518 εἰκόνες·

343 5537 393 5590 οι
415 5537 474 5591 δὲ
501 5540 600 5610 μὲν
623 5539 804 5609 ἰχθύες
824 5541 1039 5596 ἄναυδοι
1071 5545 1162 5598 καὶ
1184 5543 1388 5611 ἄλογοι,
1419 5545 1702 5601 καὶταῦτα
1730 5547 1909 5618 σκάφη

2031 2988 2185 3034 erant
2233 2988 2290 3034 et
2336 2979 2563 3042 sonitus,
2641 2987 3014 3048 praetereaque
3069 2977 3231 3032 nihil.
3295 2975 3404 3032 Sed
3455 2978 3601 3032 enim

2030 3072 2232 3130 divina:
2259 3073 2476 3128 virtutis
2506 3071 2789 3126 ellicientia
2822 3071 2960 3126 haud
2987 3071 3156 3127 multo
3204 3081 3330 3142 post
3365 3079 3479 3126 rata
3505 3085 3603 3126 ex-

2031 3165 2210 3220 hibuit
2254 3182 2270 3228 ;
2333 3179 2454 3219 cum
2508 3165 2624 3220 haec
2671 3164 2784 3233 ipsa
2843 3162 3079 3219 verbalia
3127 3164 3395 3234 promissa
3443 3162 3606 3219 factis

2030 3257 2339 3328 complevit,
2366 3259 2440 3312 ita
2473 3269 2530 3312 ut
2556 3259 2703 3313 brevi
2739 3269 2981 3328 tempore
3007 3258 3324 3313 universum
3373 3257 3598 3313 humani

2029 3349 2304 3405 incolatus
2334 3353 2547 3412 orbem,
2578 3351 3029 3418 innumeramque
3063 3349 3462 3404 multitudinem
3506 3365 3602 3403 ca-

2031 3452 2248 3511 ptorum
2290 3441 2358 3494 ab
2387 3440 2472 3494 his
2518 3440 2700 3495 idiotis
2748 3442 3054 3504 hominum,
3088 3438 3338 3494 Christus
3372 3441 3601 3508 adeptus

2028 3534 2119 3595 sit,
2168 3531 2438 3602 plenaque
2470 3532 2728 3588 Ecclesiis
2776 3531 3053 3586 evaserint
3107 3531 3222 3585 loca
3269 3531 3451 3584 omnia
3485 3539 3598 3584 tum

2028 3624 2338 3680 Graecorum
2393 3635 2503 3678 tum
2562 3625 2724 3679 etiam
2778 3625 3158 3689 barbarorum,
3202 3630 3422 3692 propter
3452 3619 3598 3676 illam

2029 3717 2203 3773 unicae
2253 3718 2452 3773 divina:
2497 3717 2644 3774 vocis
2685 3717 3127 3789 promissionem,
3192 3730 3296 3785 qua
3349 3714 3492 3768 haud
3539 3730 3598 3769 se

2030 3811 2320 3880 discipulos
2370 3826 2501 3866 suos
2541 3811 2854 3874 docturnm,
2918 3811 3011 3865 sed
3058 3823 3251 3878 reapse
3295 3807 3596 3877 piscatcres

2030 3901 2307 3954 hominum
2342 3901 2662 3956 cﬂ‘octurmn
2711 3901 3021 3972 spopondit.
3073 3899 3439 3968 Quamobrem
3489 3915 3597 3955 non

2027 3993 2300 4063 “nescivit
2334 3995 2492 4048 modo
2530 3994 2609 4048 Vel
2640 3993 2893 4062 praedixit
2926 4007 3039 4048 rem
3072 3992 3331 4059 futuram,
3373 3992 3468 4047 sed
3516 3990 3598 4047 ef-

2027 4084 2201 4137 fector
2227 4082 2478 4139 facinoris
2503 4084 2636 4139 tanti
2667 4083 2958 4152 apparuit,
3015 4083 3265 4154 dixitque
3298 4082 3501 4148 verbis,
3539 4092 3595 4137 et

2026 4193 2189 4246 opere
2215 4190 2503 4235 exsecutus
2531 4189 2648 4243 est;
2682 4179 2844 4248 idque
2874 4179 3012 4244 fore,
3043 4179 3289 4250 symbolo
3324 4177 3598 4248 portendit

2029 4281 2192 4342 atque
2218 4271 2474 4340 Imagine,
2528 4271 2799 4341 simulque
2844 4271 2957 4340 ipsa
2999 4270 3238 4326 eﬂicacia
3283 4269 3596 4339 complevit.

2028 4362 2271 4434 Namque
2303 4367 2402 4420 hos
2432 4364 2748 4434 discipulos,
2785 4364 2875 4430 qui
2913 4373 3072 4418 antea
3103 4362 3354 4417 veritatis
3393 4361 3598 4416 lumine

2028 4457 2307 4524 carebant,
2355 4467 2411 4511 et
2460 4471 2556 4525 per
2595 4467 2803 4511 noctem
2863 4457 3044 4510 divina
3099 4454 3289 4510 notitia
3321 4465 3596 4510 carentem

2029 4547 2436 4610 laboraverant,
2470 4547 2848 4617 neminemque
2889 4547 2954 4600 ad
2999 4545 3226 4600 salutem
3265 4544 3464 4599 lucrari
3495 4560 3596 4615 po-

2027 4648 2264 4705 tuerant,
2326 4640 2442 4708 ipse
2496 4639 2698 4694 lumine
2740 4654 2838 4693 suo
2876 4639 3188 4699 illustrans.
3227 4646 3283 4692 et
3323 4637 3378 4692 in
3403 4637 3596 4692 diurna

2026 4734 2145 4786 luce
2193 4731 2545 4797 constituens,
2583 4731 2739 4802 jubet
2800 4748 2904 4787 non
2950 4732 3166 4802 propria
3227 4730 3456 4800 peritia,
3500 4733 3597 4786 sed

2024 4825 2191 4894 ipsius
2213 4825 2378 4879 verbo
2395 4824 2650 4892 conﬁsos,
2671 4826 2802 4878 retia
2825 4827 2875 4879 in
2906 4825 3124 4896 pelagus
3145 4823 3348 4893 jacere.
3378 4821 3440 4878 Hi
3467 4838 3597 4876 vero

2021 4924 2222 4969 tantam
2282 4916 2615 4985 collegerunt
2671 4917 2898 4985 pisvium
2954 4915 3396 4978 multitudinem,
3449 4922 3597 4968 utet

2025 5006 2312 5076 piscatoria
2357 5008 2718 5062 instrumenta
2753 5016 3156 5076 rnmperentur,
3189 5014 3245 5062 et
3277 5007 3409 5077 ipsa:
3445 5005 3594 5059 navi-

2020 5097 2152 5151 cola:
2185 5098 2424 5167 dentergi
2457 5099 2692 5167 pondere
2730 5098 3192 5170 periclitarentur.

2092 5188 2227 5254 Quia
2275 5203 2402 5241 vero
2446 5189 2572 5242 talia
2631 5190 2913 5258 imperata,
2958 5188 3177 5245 Petrum
3227 5188 3279 5243 in
3310 5199 3584 5257 stuporem

2021 5287 2338 5347 metumque
2384 5296 2488 5332 non
2536 5280 2807 5333 modicum
2836 5279 3224 5346 abduxerant;
3261 5279 3415 5335 Haud
3447 5281 3585 5346 hac,

2021 5369 2195 5438 inquit
2243 5369 2290 5423 ei
2342 5369 2622 5434 Servator,
2687 5383 3017 5440 magnopere
3070 5379 3123 5426 te
3165 5382 3584 5427 commoveant:

2019 5457 2226 5516 ludicra
2257 5462 2402 5516 enim
2437 5464 2548 5516 haec
2585 5473 2713 5516 sunt
2750 5463 2953 5527 adhuc,
2980 5470 3035 5518 et
3067 5463 3370 5520 futurarum
3403 5479 3586 5521 rerum

2022 5548 2285 5620 imagines
2331 5570 2344 5606 :
2395 5553 2570 5622 pisces
2617 5553 2831 5618 quidem
2885 5552 3042 5620 muti,
3087 5563 3143 5611 et
3197 5553 3586 5620 irrationales;

413 5653 525 5742 (ιε)
553 5653 878 5740 Vocabulum
907 5656 1228 5721 ἀκολούθους
1263 5659 1436 5729 magis
1469 5660 1688 5730 proprie
1747 5661 1935 5716 vcllem
1976 5675 2004 5714 a
2071 5663 2213 5735 Syro
2267 5665 2429 5720 fuisse
2471 5667 2756 5722 redditum.
2808 5667 2882 5723 Ita
2933 5669 3098 5726 etiam
3144 5671 3284 5742 quod
3342 5672 3588 5741 sequitur

345 5725 699 5796 σαγηνευτάς.
