4098 6200
502 332 603 387 6ἓ¹7

1173 330 1440 386 EUSEBII
1483 331 1958 389 CAESARIENSIS
1997 334 2147 390 OPP.
2185 334 2363 391 PARS
2401 337 2488 393 IV.
2529 369 2595 378 —
2630 336 3049 396 DOGMATICA.

3618 342 3720 398 628

502 452 689 519 ineque
715 450 971 504 navicula:
1018 465 1077 503 ac
1124 450 1257 503 retia
1303 465 1367 503 ex
1410 450 1631 503 inanimi
1668 451 1895 505 materia
1926 466 2058 505 con-

2171 454 2259 506 καὶ
2304 453 2493 507 δίκτυα
2535 455 2593 520 ἐξ
2638 456 2841 526 ἀψύχου
2887 456 3018 527 ὕλης
3055 453 3556 525 κατεσκευασμένα’
3611 456 3722 508 ἀλλ’

500 553 666 598 stant.
721 543 824 598 Sed
876 560 981 598 non
1015 544 1088 596 ita
1136 559 1195 597 se
1242 545 1443 599 habent
1474 558 1560 598 res
1585 544 1653 599 ab
1683 545 1816 613 ipsis
1849 544 2058 616 signiti-

502 644 659 689 cata}.
686 633 853 689 Paulo
879 645 996 702 post
1023 635 1228 703 itaque,
1262 637 1371 689 imo
1402 651 1529 691 vero
1563 651 1632 691 ex
1665 636 1765 691 hoc
1799 645 2059 705 tempore,

500 724 611 778 eris
658 723 903 778 homines
938 725 1003 777 ad
1037 725 1201 779 vitam
1229 726 1485 795 capiens:
1536 728 1606 781 ab
1636 727 1737 781 hac
1770 727 2058 782 laborifera

500 824 557 868 et
606 813 940 869 infructuosa
996 816 1297 885 piscatione
1359 820 1662 888 expeditus,
1718 819 2059 874 rationalium

502 906 879 972 animantium,
915 921 1016 959 non
1051 918 1230 962 autem
1279 908 1707 975 irrationalium,
1752 910 1923 966 factus
1972 926 2063 965 ca-

500 1007 682 1065 ptator
711 1015 725 1051 :
788 1014 960 1067 neque
1003 997 1113 1066 jam
1155 1016 1219 1053 ex
1253 1002 1418 1055 maris
1458 1001 1676 1072 abysso,
1707 1002 1797 1056 sed
1824 1018 1891 1057 ex
1921 1003 2060 1058 salsa

505 1093 690 1143 mundi
717 1090 1101 1155 amaritudine,
1133 1102 1187 1146 et
1220 1093 1517 1147 tenebrosis
1551 1093 1971 1164 irreligiositatis
1998 1110 2063 1151 ac

504 1180 763 1249 nequitiae
799 1180 1017 1236 latebris
1062 1184 1127 1235 ad
1178 1182 1607 1237 intellectualem
1636 1185 1808 1237 lucem
1840 1200 2061 1254 purum-

502 1286 613 1336 que
646 1286 823 1325 aerem
854 1274 1233 1342 reSpirandnm
1257 1276 1542 1343 protrabes
1569 1290 1662 1330 eos
1689 1292 1824 1343 quos
1856 1286 1908 1330 tu
1933 1292 2063 1345 pra:-

504 1363 720 1417 daberis
748 1383 759 1417 :
787 1364 892 1418 imo
932 1366 1181 1420 incolumi
1215 1366 1325 1420 vita
1354 1369 1555 1436 capies,
1601 1376 1865 1436 quatenus
1894 1368 2059 1422 vitam

501 1455 628 1517 illis,
664 1471 764 1509 non
803 1468 1027 1510 mortem
1059 1455 1271 1511 aﬂ'eres.
1313 1457 1380 1512 Et
1409 1458 1602 1512 marini
1634 1458 1853 1527 quidem
1887 1460 2063 1528 pisces

504 1548 557 1598 in
591 1547 826 1601 tenebris
851 1556 1015 1614 atque
1046 1548 1241 1618 abysso
1264 1558 1423 1603 antea
1462 1551 1731 1615 viventes,
1784 1550 1966 1605 statim
1998 1566 2063 1605 ac

505 1636 683 1691 lucem
713 1640 961 1706 aerisque
996 1639 1404 1707 respirationem
1431 1640 1774 1710 participant,
1800 1650 2059 1709 pereunt:

505 1733 563 1778 at
605 1741 734 1780 vero
758 1727 1021 1790 homines,
1050 1728 1139 1795 qui
1174 1743 1203 1781 a
1231 1736 1282 1781 te
1304 1730 1604 1795 capientur,
1636 1744 1705 1783 ex
1747 1729 2064 1800 ignorantiae

2162 545 2222 598 οὐ
2259 546 2479 598 τοιαῦτα
2514 545 2718 599 τούτων
2762 547 2829 599 τά
2880 547 3313 617 παραδείγματα.
3360 547 3569 617 Μικρδν
3599 548 3728 615 γοῦν

2164 635 2404 707 ὕστερον,
2438 636 2635 707 μᾶλλον
2659 637 2715 688 δὲ
2747 638 2992 691 ἐντεῦθεν
3017 639 3115 711 ἤδη
3144 640 3236 691 καὶ
3264 639 3372 691 ἀπὸ
3398 637 3494 691 τοῦ
3524 638 3617 691 νῦν
3644 640 3730 691 ἀν-

2163 724 2412 799 θρώπους
2437 726 2531 797 ἔσῃ
2565 727 2809 799 ζωγρῶν·
2842 730 2941 795 τῆς
2968 728 3064 797 μὲν
3102 726 3382 798 μοχθηρᾶς
3404 725 3608 800 ταύτης
3638 730 3730 781 καὶ

2161 815 2467 885 ἀνωφελοῦς
2492 818 2823 886 ἀπαλλαγεὶς
2849 817 3073 879 άλιείας,
3097 816 3327 885 λογικῶν
3352 816 3409 869 δὲ
3430 816 3582 880 ζώων
3610 817 3730 869 ἀντὶ

2161 906 2267 958 τῶν
2297 906 2503 975 ἀλόγων
2535 906 2803 978 θηρευτὴς
2838 906 3145 976 γινόμενος·
3183 906 3275 957 καὶ
3313 905 3495 957 οὐκέτι
3536 906 3600 957 ἐκ
3633 905 3730 975 βυ-

2163 996 2270 1049 θῶν
2304 995 2589 1067 θαλάττης,
2623 999 2686 1049 ἐκ
2712 997 2768 1049 δὲ
2790 995 2889 1065 τῆς
2917 995 3162 1065 ἁλμυρᾶς
3195 992 3286 1045 τοῦ
3324 993 3438 1063 βίου
3484 995 3726 1065 πικρίας,

2163 1090 2226 1140 ὲκ
2254 1089 2477 1141 σκοτίων
2505 1106 2563 1141 τε
2594 1089 2779 1158 μυχῶν
2816 1088 3106 1154 ἀθεότητος
3137 1087 3233 1140 xui.
3263 1087 3460 1149 κακίας
3492 1088 3571 1149 εἰς
3616 1088 3736 1156 φῶς

2163 1180 2346 1251 νοερὸν
2377 1182 2470 1235 καὶ
2501 1182 2747 1248 καθαρὰν
2776 1181 2944 1249 πνοὴν
2980 1179 3293 1241 άνελκύσεις
3335 1179 3459 1242 τοὺς
3497 1180 3601 1233 ὑπὸ
3634 1180 3730 1232 σοῦ

2164 1270 2613 1342 θηρευσομένους,
2652 1272 2848 1341 μᾶλλον
2871 1271 2926 1322 δὲ
2966 1272 3267 1342 ζωγρήσεις
3307 1273 3501 1336 αὐτοὺς
3523 1273 3609 1325 διά
3637 1274 3732 1326 τοῦ

2164 1355 2309 1432 ζωὴν
2345 1363 2526 1425 αὐτοῖς
2555 1363 2664 1434 (45)
2695 1363 2808 1416 ἀλλ’
2835 1363 2894 1415 οὐ
2937 1363 3163 1415 θάνατον
3196 1364 3493 1434 προξενεῖν.
3536 1365 3595 1417 Ol
3633 1365 3737 1433 μὲν

2163 1452 2272 1523 γάρ
2303 1454 2366 1505 ὲκ
2392 1452 2660 1520 πελάγους
2694 1452 2892 1521 ἰχθύες,
2924 1454 2980 1504 ὲν
3017 1452 3192 1522 σκότῳ
3229 1453 3321 1505 καὶ
3361 1452 3503 1523 βυθῷ
3541 1454 3735 1523 πρότε-

2165 1562 2256 1617 ρον
2289 1544 2507 1609 ζῶντες,
2544 1543 2737 1596 αὐτίκα
2771 1544 2944 1611 φωτὸς
2985 1544 3081 1597 κα)⁵
3124 1544 3292 1613 πνοῆς
3337 1544 3737 1614 μεταλαχόντες

2161 1636 2509 1690 ἀπόλλυνται⁸
2540 1637 2589 1689 οί
2624 1635 2699 1699 δὲ,
2734 1635 2790 1700 ἐξ
2824 1634 3121 1706 ἀνθρώπων
3149 1635 3250 1687 ὑπὸ
3281 1636 3373 1688 σοῦ
3404 1636 3735 1707 θηρευθησό-

2170 1743 2353 1799 μενοι,
2386 1730 2449 1781 ἐκ
2481 1728 2702 1789 σκότους
2731 1725 2949 1793 ἀγνοίας
3002 1726 3423 1795 μεταϐάλλοντες
3470 1727 3562 1778 ἐπὶ
3591 1728 3739 1799 ζωὴν

504 1818 742 1871 tenebris
772 1819 837 1872 ad
864 1818 1028 1873 divini
1059 1820 1272 1889 generis
1291 1821 1453 1873 vitam
1487 1822 1691 1890 piscatu
1723 1832 1809 1877 tuo
1831 1821 2064 1876 transfe-

2171 1819 2345 1871 ἔνθεον
2376 1818 2821 1889 ἁγρευθήσονται.
2852 1815 2943 1867 Διὸ
2974 1816 3067 1869 καὶ
3100 1814 3325 1887 ζωγρῶν
3374 1816 3474 1890 ἔσῃ
3505 1817 3613 1869 άπὸ
3640 1819 3740 1870 τοῦ,

509 1918 716 1965 rentur.
748 1910 868 1964 Ideo
899 1919 952 1965 tu
985 1914 1239 1981 deinceps
1275 1914 1340 1965 ad
1370 1914 1531 1967 vitam
1583 1914 1824 1970 homines
1861 1917 2065 1986 capies.

574 2001 699 2057 llzec
736 2003 915 2057 divina
948 2005 1143 2061 virtute
1172 2007 1418 2073 praedixit
1456 2007 1739 2071 Servator,
1774 2010 1890 2063 haec
1936 2009 2069 2063 lide-

504 2092 626 2147 liter
662 2109 897 2163 vereque
924 2108 952 2147 a
983 2110 1041 2148 se
1081 2095 1225 2149 dicta
1277 2096 1415 2150 idem
1450 2095 1858 2150 demonstravit.
1900 2095 2069 2150 Nimi-

505 2199 627 2237 rum
662 2185 855 2238 retium
890 2187 975 2238 ille
997 2185 1285 2253 jaculator.
1321 2188 1580 2257 piscator,
1618 2186 1805 2256 Syrus,
1836 2203 1932 2258 pro
1978 2202 2070 2242 ca-

503 2285 661 2343 ptura
699 2277 946 2342 piscium,
985 2289 1211 2345 quantas
1258 2278 1535 2333 hominum
1560 2280 1832 2349 myriadas
1862 2280 2070 2349 ceperit

506 2362 801 2417 ineﬂ‘ahilis
828 2364 1086 2418 doctrinm
1111 2365 1313 2420 retibus
1333 2365 1511 2418 divina
1544 2366 1742 2419 virtute
1773 2365 2063 2427 contextis,

510 2455 899 2524 comprehendi
959 2471 1183 2511 numero
1226 2457 1433 2526 nequit.
1476 2458 1708 2520 Arcana,
1750 2456 1817 2510 ab
1861 2456 1929 2510 iis
1951 2471 2069 2524 quae

505 2559 892 2618 apparuerunt,
940 2551 1406 2604 demonstrantur.
1461 2548 1598 2603 Nam
1652 2565 1775 2618 qua:
1831 2549 2068 2617 spatiosa

508 2639 689 2692 mundi
720 2648 871 2703 mtas,
916 2648 1041 2692 ante
1069 2638 1380 2694 Servatoris
1414 2638 1507 2693 Dei
1554 2638 2066 2702 manifestationem,

505 2745 613 2782 non
643 2729 855 2793 attulit;
886 2744 1004 2799 qua:
1035 2744 1207 2799 neque
1239 2728 1468 2800 Moyses,
1520 2728 1867 2783 Hebrzeorum
1901 2728 2067 2799 legis-

507 2824 672 2889 lator,
714 2839 887 2893 neque
935 2832 1057 2892 post
1105 2822 1320 2891 Moysen
1381 2822 1655 2891 propheta:
1704 2820 1795 2875 Dei
1846 2821 2068 2875 multum

508 2915 814 2969 laborantes
844 2930 938 2984 per
965 2924 1132 2969 totam
1156 2925 1365 2969 noctem
1393 2926 1517 2969 ante
1534 2914 1732 2971 Christi
1756 2915 2068 2977 adventum,

510 3005 723 3061 efﬁcere
754 3014 1075 3074 potuerant;
1120 3006 1233 3060 haec
1281 3006 1555 3074 Galilteus,
1590 3022 1815 3076 pauper,
1859 3004 2068 3073 loquela

468 3154 471 3158 ,
511 3097 795 3162 barbarus,
816 3097 977 3162 idem,
1001 3097 1239 3166 inquam,
1274 3098 1358 3151 ille
1388 3099 1577 3152 Petrus
1601 3098 1849 3153 confecit.
1869 3097 2066 3151 Rerum

514 3198 694 3242 autem
726 3203 756 3242 a
802 3188 963 3243 Petro
1014 3198 1136 3241 tunc
1186 3199 1529 3257 peractarnm
1584 3189 2070 3243 demonstrationes

511 3292 659 3346 sunt,
685 3298 804 3350 quae
827 3298 950 3336 mox
981 3282 1348 3336 inclaruerunt
1376 3282 1659 3346 Ecclesiae,
1706 3282 1876 3336 multo
1904 3281 2071 3351 magis

513 3373 858 3427 rationaliunt
904 3374 1128 3443 piscium
1180 3374 1390 3441 plenaz,
1444 3389 1602 3442 quam
1658 3373 1761 3427 illa:
1814 3374 2072 3429 navicula:

515 3465 962 3528 irrationalinm;
998 3466 1292 3532 cuiusmodi
1333 3477 1417 3520 est
1460 3466 1819 3520 Ca'sariensis
1871 3467 1922 3520 in
1970 3466 2073 3520 Pa-

511 3556 720 3609 laestina
745 3554 1007 3622 Ecclesia,
1038 3557 1164 3610 item
1193 3557 1488 3611 Antiochiae
1507 3558 1804 3627 Syriaticzn,
1835 3557 2070 3626 itemque

510 3647 681 3715 ipsius
702 3645 957 3702 Romanae
984 3648 1134 3702 urbis
1166 3648 1425 3704 Ecclesia.
1457 3649 1562 3704 llas
1591 3650 1734 3705 enim
1767 3650 1939 3719 ipsum
1964 3650 2073 3703 Pe-

510 3739 957 3807 trnmEcclesias,
973 3752 1024 3796 et
1042 3743 1453 3796 circumstantes
1476 3757 1662 3797 omnes
1682 3744 2069 3813 composuisse,

510 3831 771 3885 traditum
814 3832 1088 3885 memoriae
1118 3844 1201 3886 est
1242 3848 1258 3886 :
1310 3849 1517 3886 necnon
1563 3844 1618 3887 et
1662 3833 1781 3887 illas
1826 3832 2070 3904 Egypti,

511 3906 782 3991 eumipsa
839 3924 1202 3977 Alexandrina
1260 3926 1398 3978 idem
1452 3925 1674 3993 pariter,
1706 3925 1806 3979 etsi
1842 3940 1946 3979 non
1978 3940 2073 3995 per

510 4013 772 4082 seipsum,
824 4029 918 4083 per
980 4013 1219 4069 Marcum
1271 4024 1446 4069 tamen
1503 4016 1821 4086 discipulum
1877 4031 2070 4081 suum,

510 4106 816 4160 constituit.
861 4105 1102 4175 Namque
1147 4107 1191 4161 is
1236 4106 1450 4160 interim
1508 4121 1604 4177 per
1646 4107 1852 4162 Italiam
1882 4118 1935 4162 et
1964 4124 2074 4162 om-

514 4212 615 4251 nes
644 4198 786 4251 circa
811 4198 952 4251 illam
975 4208 1163 4268 gentes
1189 4200 1582 4266 occupabatur;
1605 4199 1697 4253 sed
1722 4215 1877 4253 suum
1904 4200 2074 4253 alum-

514 4304 645 4341 num
670 4289 906 4344 Marcum
938 4290 1229 4344 edocendze
1260 4289 1477 4360 [Egypti
1505 4290 1653 4360 genti
1691 4290 2074 4360 capietidaaque

512 4381 824 4434 destinavit.

586 4583 700 4649 (45)
733 4583 785 4636 1η
817 4582 899 4635 his
929 4584 1285 4637 commatibus
1315 4583 1491 4637 variat
1514 4583 1851 4653 aliquantum
1878 4600 1971 4639 seu
2016 4585 2073 4639 fit

515 4655 698 4707 0|)Sl‘lll
715 4670 776 4705 us
806 4655 995 4722 Syrus.

610 4724 698 4787 ιι)
734 4729 796 4776 Α.
825 4726 862 4775 r.
896 4723 991 4778 85.
1020 4724 1068 4776 b.
1105 4722 1227 4792 Syr.
1266 4722 1355 4783 ιγ,
1385 4723 1439 4776 6.

610 4793 707 4865 451
726 4793 855 4865 (loti.
887 4804 1069 4865 noster
1092 4792 1310 4846 Graecus
1338 4797 1401 4845 A.
1437 4794 1474 4846 ί.
1509 4794 1580 4848 8'5
1614 4796 1664 4849 b.
1716 4796 1875 4848 habet
1906 4794 2069 4865 ἀλλή-

516 4862 644 4915 λων.
672 4861 780 4936 _Sed
809 4862 979 4932 Syrus
1002 4863 1277 4936 interpres
1297 4865 1413 4917 sine
1449 4865 1612 4936 dubio
1643 4865 1771 4928 legit
1818 4861 2070 4936 ἀρρήτων

517 4934 763 5002 (quodet
797 4948 895 4985 nos
932 4932 1310 5002 przetulimus),
1337 4935 1590 5002 quoniam
1634 4932 1867 5003 Anglice
1894 4932 2077 4990 'video

515 5003 802 5068 coma/ring
832 5004 1041 5057 Itidden.

590 5072 702 5143 (46)
736 5076 905 5143 Syrus
941 5074 1080 5125 haud
1133 5072 1464 5129 intellexrsse
1520 5074 1732 5143 videtur
1763 5075 2077 5133 dictionem,

520 5142 793 5214 βάρϐαρος
822 5143 919 5213 τὴν
949 5143 1152 5214 φωνήν,
1186 5142 1227 5196 si
1260 5153 1404 5196 certe
1432 5142 1566 5196 dicit
1605 5142 1669 5216 by
1716 5162 1892 5198 means
1922 5145 1983 5212 υ[
2010 5146 2077 5196 its

517 5229 678 5265 υοιεε.

595 5281 722 5352 (47)
743 5281 798 5335 ln
836 5283 1065 5352 Syriaco
1094 5281 1353 5352 opusculo
1381 5297 1412 5334 a
1443 5296 1529 5334 me
1561 5280 1735 5350 edito(
1749 5281 1946 5345 Scripl.
1979 5294 2076 5336 vet.

521 5358 565 5403 t.
611 5351 675 5420 Χ)
712 5354 852 5419 quod
877 5350 1201 5409 inscribitur
1252 5350 1490 5405 Conone:
1531 5368 1622 5407 seu
1657 5353 1896 5407 doctrina
1941 5355 2080 5417 Apo-

522 5421 798 5485 stolorum,
828 5422 1023 5476 dicitur
1056 5424 1193 5491 p.7:
1232 5424 1436 5487 Accepit
1474 5438 1686 5491 manum
1705 5422 2080 5491 sacerdotalem

525 5490 900 5556 Apostolorum
930 5489 1091 5544 Roma
1127 5494 1383 5559 civitnsiet
1432 5503 1540 5545 tota
1569 5489 1749 5555 Italia,
1787 5503 1940 5559 atque
1977 5489 2080 5543 Hi-

520 5562 731 5625 spania,
776 5577 838 5613 ac
878 5560 1159 5615 Britannia
1199 5570 1249 5614 et
1293 5558 1491 5625 Gallia,
1532 5558 1910 5630 cum‘reliqu’is
1963 5561 2081 5613 aliis

525 5630 820 5697 regionibus
844 5632 1105 5699 ﬁnitimis,
1146 5634 1209 5684 ab
1239 5632 1363 5699 ipso’
1398 5630 1606 5685 Simone
1649 5627 1844 5699 Cepha,
1869 5630 1957 5699 qui
1989 5647 2079 5683 as-

526 5703 769 5769 cenderat
808 5701 874 5755 ab
918 5701 1218 5764 Antiochia,
1269 5710 1318 5752 et
1365 5701 1465 5767 [uit
1506 5712 1876 5769 praeceptor-ac
1914 5708 2083 5769 rector

526 5771 579 5822 in
624 5766 878 5834 Ecclesia,
910 5785 1062 5836 quam
1088 5770 1155 5822 ibi
1184 5771 1481 5835 wdiﬁcavit,
1508 5766 1564 5825 ει
1592 5772 1648 5825 in
1672 5766 1928 5826 ﬁnitimis.
1960 5768 2076 5825 Jant

2166 1910 2260 1963 νῦν
2285 1910 2621 1980 ἀνθρώπους.

2240 2004 2350 2073 (44)
2378 2002 2561 2056 Ταῦτα
2588 2002 2739 2075 θεῖκῇ
2767 2002 2993 2074 δυνάμει
3030 2003 3431 2073 προηγόρευσεν
3456 2002 3484 2053 6
3515 2001 3737 2071 Σωτήρ⁸

2165 2095 2335 2147 ταῦτα
2365 2097 2476 2157 τοῖς
2503 2094 2683 2165 ἔργοις
2722 2094 2888 2147 πιστὰ
2927 2095 3019 2147 καὶ
3052 2094 3223 2165 άληθῆ
3258 2092 3525 2158 ἐπέδειξεν
3568 2092 3596 2143 6
3642 2092 3738 2144 αὑ-

2164 2187 2254 2249 τός
2275 2202 2288 2216 °
2338 2187 2503 2245 ἤγουν
2541 2186 2876 2256 άμφιϐολεὺς
2909 2188 3134 2249 ἐκεῖνος,
3184 2187 3212 2238 6
3245 2186 3449 2248 ἁλιεὺς,
3486 2187 3515 2237 6
3545 2184 3735 2254 Σύρος⁹

2165 2278 2285 2331 ἀντὶ⁹
2313 2279 2411 2348 τῆς
2442 2277 2549 2331 τῶν
2584 2277 2777 2347 ἰχθύων
2808 2278 2999 2349 θήρας,
3031 2278 3160 2342 ὅσας
3192 2270 3488 2345 ἀνθρώπων
3533 2277 3740 2346 ἐσαγή-

2168 2384 2320 2419 νευσε
2352 2367 2619 2437 μυριάδας
2643 2366 2813 2435 λόγων
2844 2368 3168 2438 ἀπορρήτων
3195 2367 3431 2430 δικτύοις
3461 2366 3611 2435 θεῖκῇ
3642 2366 3739 2417 δυο

2168 2457 2325 2528 νάμει
2359 2457 2658 2521 πλακεῖσιν,
2703 2472 2801 2511 ουκ
2843 2457 2988 2509 ἔστιν
3026 2457 3243 2529 ἀριθμῷ
3294 2458 3601 2530 περιλαϐεῖν
3643 2458 3739 2510 δυ-

2169 2547 2344 2601 νατόν.
2382 2546 2539 2615 Ὄψις
2565 2546 2608 2598 δ’
2640 2547 2891 2617 ἀρρήτων
2932 2544 3043 2615 (45)
3071 2546 3139 2598 τὰ
3168 2547 3496 2615 φαινόμενα·
3544 2546 3579 2599 ἃ.
3625 2547 3737 2616 γάρ

2168 2640 2197 2690 6
2232 2637 2437 2707 μακρὸς
2464 2634 2596 2689 αἰὼν
2624 2636 2716 2689 τοῦ
2748 2636 2862 2706 βίου
2889 2638 2995 2708 πρὸ
3024 2636 3124 2703 τῆς
3147 2637 3240 2689 τοῦ
3271 2639 3516 2708 Σωτῆρος
3543 2636 3740 2704 θεόφα-

2169 2729 2313 2791 νείας
2342 2730 2442 2781 οὐκ
2474 2729 2722 2798 ἤνεγκεν,
2757 2728 2792 2782 ἃ
2834 2730 2966 2799 μήτε
3001 2732 3238 2800 Μωῦσῆς
3268 2731 3295 2781 6
3323 2730 3432 2781 τῶν
3474 2730 3738 2802 Ἐϐραίων

2170 2819 2480 2890 νομοθέτης,
2511 2821 2647 2890 μήτε
2673 2822 2721 2873 οἱ
2751 2820 2884 2890 μετὰ
2915 2822 3148 2874 Μωῦσέα
3177 2820 3271 2873 τοῦ
3301 2821 3434 2873 Θεοῦ
3466 2822 3738 2892 προφῆται

2172 2911 2342 2964 πολλὰ
2384 2912 2650 2982 καμόντες
2688 2913 2775 2965 διὰ
2815 2913 2993 2983 πάσης
3036 2914 3229 2976 νυκτὸς
3267 2918 3367 2985 τῆς
3420 2915 3739 2983 ἐπιφανείας

2172 3003 2335 3057 αὐτοῦ
2378 3003 2827 3075 καταπράξασθαι
2861 3005 2935 3076 μὴ
2967 3004 3299 3076 δεδύνηνται,
3326 3005 3497 3059 ταῦτα
3524 3010 3552 3059 6
3584 3007 3621 3058 Γ
3624 3007 3738 3059 αλι-

2173 3095 2338 3159 λαῖος,
2385 3097 2414 3148 6
2444 3096 2629 3165 πένης,
2660 3098 2687 3149 6
2732 3096 3002 3167 βάρϐαρος
3046 3098 3141 3169 τὴν
3177 3098 3356 3170 φωνὴν
3392 3099 3523 3169 (46),
3576 3100 3737 3162 αὐτὸς

2174 3188 2379 3248 ἐκεῖνος
2407 3188 2435 3239 6
2472 3186 2675 3257 Πέτρος
2703 3188 3097 3259 κατεπράξατο.
3136 3192 3340 3259 Δεῖγμα
3379 3190 3434 3242 δὲ
3468 3189 3576 3242 τῶν
3617 3190 3738 3244 τότε

2172 3275 2621 3329 ἐπιτελεσθέντων
2648 3278 2783 3347 πρὸς
2807 3278 3013 3349 Πέτρου
3042 3281 3096 3331 αί
3117 3282 3195 3342 εἰς
3217 3279 3376 3351 δεῦρο
3408 3280 3737 3350 διαλάμπου·

2174 3385 2261 3421 σαι
2279 3368 2612 3439 Ἐκκλησίαι,
2649 3368 2782 3421 πολὺ
2812 3368 3008 3438 μᾶλλον
3039 3369 3147 3421 τῶν
3184 3370 3304 3423 τότε
3332 3370 3555 3438 σκαφῶν
3589 3370 3737 3439 λογι-

2172 3460 2283 3513 κῶν
2309 3459 2504 3529 ἰχθύων
2545 3460 2876 3529 πληθύουσαι
2896 3478 2907 3490 ·
2937 3455 3024 3513 οἷα
3049 3463 3081 3531 ἡ
3112 3463 3253 3515 κατὰ
3277 3462 3611 3530 Καισάρειαν
3639 3463 3736 3532 τῆς

2173 3551 2532 3621 Παλαιστίνης
2573 3553 2848 3621 τυγχάνει,
2896 3547 2982 3604 οἶα
3033 3554 3065 3625 ἡ
3120 3555 3211 3606 ἐπὶ
3263 3554 3588 3623 Ἀντιοχείας
3638 3554 3736 3622 τῆς

2172 3642 2311 3695 κατὰ
2352 3641 2447 3713 τὴν
2492 3641 2708 3712 Συρίαν.
2744 3638 2832 3697 οἷα
2873 3646 2905 3712 ἠ
2959 3644 3051 3696 ἐπὶ
3095 3642 3265 3714 αὐτῆς
3302 3647 3399 3716 τῆς
3455 3644 3737 3715 Ῥωμαίων

2173 3735 2377 3797 πόλεως
2411 3734 2541 3804 (47)·
2574 3734 2733 3787 τάσδε
2777 3735 2883 3806 γὰρ
2915 3736 3077 3799 αὐτὸς
3101 3738 3128 3789 6
3159 3737 3360 3807 Πέτρος
3384 3753 3481 3799 τας
3509 3735 3736 3805 Ἐκκλη-

2173 3827 2312 3888 σίας,
2340 3827 2432 3879 καὶ
2455 3825 2553 3887 τὰς
2580 3827 2713 3896 ἀμφ’
2738 3826 2906 3890 αὐτάς
2934 3828 3147 3889 ἁπάσας
3173 3829 3574 3898 συστησάμενος
3604 3846 3734 3899 μνηο

2177 3918 2455 3987 μονεύεται
2495 3917 2639 3988 (48),
2700 3917 2929 3981 καὶτὰς
2987 3921 3071 3971 ἐπ’
3128 3920 3404 3987 Αἰγύπτου
3457 3921 3550 3973 καὶ
3617 3923 3737 3974 κατ’

2174 4009 2340 4079 αὐτὴν
2368 4009 2466 4079 τὴν
2483 4008 2884 4079 Ἀλεξάνδρειαν
2906 4009 3067 4062 πάλιν
3105 4010 3283 4074 αὐτὸς,
3316 4011 3377 4061 οὐ
3405 4010 3508 4079 μὴν
3542 4011 3609 4063 δι’
3640 4012 3733 4063 αὐ-

2172 4101 2286 4164 τοῦ,
2303 4102 2389 4155 διὰ
2411 4102 2466 4154 δὲ
2492 4102 2717 4173 Μάρκου
2738 4101 2829 4155 τοῦ
2859 4102 3285 4173 μαθητευθέντος
3310 4102 3457 4172 αὑτῷ
3480 4105 3725 4173 κατεστή-

2176 4212 2327 4247 σατο.
2369 4194 2538 4255 Αὐτὸς
2574 4193 2670 4263 μὲν
2700 4193 2806 4265 γὰρ
2850 4195 2990 4264 ἀμφὶ
3029 4195 3127 4264 τὴν
3168 4194 3395 4247 Ἰταλίαν
3439 4195 3531 4247 καὶ
3562 4196 3735 4247 πάντα

2175 4286 2243 4340 τά
2280 4286 2423 4356 ἀμφὶ
2468 4286 2666 4356 ταύτην
2712 4286 2834 4355 ἔθνη
2881 4286 3135 4355 ἐσχόλαζε
3182 4285 3314 4353 (49),
3356 4286 3444 4338 τὸν
3483 4288 3527 4338 δ’
3573 4286 3736 4337 αὑτοῦ

2179 4379 2436 4448 φοιτητὴν
2474 4377 2698 4447 Μάρκον
2723 4375 2829 4429 τῶν
2854 4377 2969 4429 κατ’
3001 4376 3271 4445 Αἴγυπτον
3303 4376 3615 4431 διδάσκαλον
3644 4377 3736 4429 καὶ

2100 4482 2151 4542 ι)
2180 4467 2510 4538 σαγηνευτὴν
2538 4466 2891 4536 ἀποδέδειχεν.

2182 4600 2309 4639 vero
2358 4585 2498 4654 quod
2531 4585 2633 4639 hoc
2668 4583 3009 4650 Opusculum,
3060 4584 3110 4637 in
3158 4583 3402 4638 Romano
3447 4585 3735 4637 chartat‘eo

2178 4656 2364 4709 codice
2397 4671 2519 4709 cum
2552 4656 2811 4708 Ebediesu
2835 4654 3012 4707 saeculi
3047 4670 3142 4707 xm
3166 4665 3386 4707 auctore
3413 4655 3736 4721 copulatum,

2182 4742 2321 4778 nunc
2375 4725 2426 4778 in
2468 4725 2653 4777 codice
2708 4724 2891 4777 smeult
2937 4725 3073 4776 sexti
3119 4735 3210 4775 aut
3260 4724 3467 4790 septimi
3505 4741 3532 4775 a
3565 4724 3735 4776 doctis

2182 4810 2394 4863 quoque
2443 4794 2631 4857 Anglis
2683 4805 3014 4861 compertum
3072 4794 3249 4851 fuerit,
3322 4809 3450 4844 sane
3492 4794 3735 4863 gaudeo;

2181 4865 2257 4915 sic
2292 4861 2432 4917 enim
2455 4863 2572 4928 ejus
2600 4879 2718 4915 cum
2753 4874 2910 4914 wlate
2950 4876 3177 4927 augetur
3217 4864 3528 4915 aucturitas.
3585 4861 3735 4926 Quod

2181 4942 2356 4987 autem
2390 4935 2442 4986 in
2474 4934 2762 4986 editionem
2803 4931 3050 4984 Latinam
3099 4948 3270 4984 ineam
3326 4931 3603 4998 irrepserit
3648 4929 3731 4981 Βὶο

2180 5004 2358 5073 thynia
2416 5019 2511 5069 pro
2556 5001 2855 5064 Britannia,
2917 5012 3257 5073 cumtamen
3292 5001 3570 5073 tneaiipsa

2182 5068 2323 5126 riuca
2358 5068 2525 5127 editio
2564 5080 2708 5125 recte
2755 5074 2945 5125 haheat
2969 5087 3020 5139 p.
3058 5071 3177 5132 174,
3218 5069 3492 5139 Brittania,
3522 5078 3579 5120 ut
3628 5068 3734 5137 Sy-

2183 5159 2272 5195 rus
2318 5148 2519 5198 itmster
2602 5142 2930 5209 pronuntiat,
2972 5138 3059 5193 ’id
3115 5158 3216 5193 non
3267 5141 3382 5193 sine
3429 5138 3645 5209 aliquat
3681 5147 3732 5209 ut

2180 5215 2341 5278 pnto,‘
2385 5211 2577 5283 mentis
2604 5206 2944 5283 'evagatiune
2984 5211 3065 5263 vel
3125 5222 3364 5283 typornin
3402 5206 3594 5283 tuendo
3619 5206 3731 5283 ﬁeri

2179 5277 2370 5347 potuit.
2434 5281 2697 5347 (Namque
2747 5280 2948 5349 Aloysii
2996 5277 3273 5333 Assemani
3312 5277 3560 5349 Latinum
3610 5277 3711 5349 seri

2193 5361 2360 5416 ptum,
2386 5345 2515 5418 quid
2550 5345 2765 5419 habeat,
2803 5345 2976 5419 néque
3026 5363 3169 5419 nunc
3192 5348 3560 5419 metnini,_nec
3593 5345 3729 5419 scire

2185 5416 2451 5490 interest.)
2490 5418 2620 5490 Quis
2668 5420 2808 5489 enim
2860 5416 3010 5490 inter,
3035 5417 3261 5490 Galliam
3316 5416 3729 5490 etHispaniam2

2184 5480 2696 5558 Bithynin'm’potius'
2731 5505 2889 5557 quam
2921 5487 3250 5558 Britanniam
3283 5487 3428 5558 serio
3462 5480 3731 5558 collucet!

2254 5551 2366 5627 (ιθ)
2397 5559 2495 5611 Hic
2514 5551 2847 5625 aliquantum
2876 5558 3123 5609 abludita
3139 5554 3330 5627 Graeco
3358 5555 3547 5627 Syrus.
3567 5551 3733 5627 Porro

2182 5621 2358 5684 semel
2377 5629 2551 5682 adhuc
2578 5621 2682 5697 aio,
2724 5643 2806 5680 me
2831 5627 3111 5697 Syriacum
3141 5625 3335 5697 librum
3371 5621 3500 5695 (quo
3530 5621 3734 5689 careo),

2183 5699 2392 5770 nonnisi
2415 5713 2500 5770 ex
2535 5696 2832 5770 Anglii-ana
2850 5696 3661 5770 interpretatione,cognoscere.

2254 5769 2365 5826 (49)
2396 5768 2581 5824 Adhuc
2603 5783 2631 5819 ιι
2663 5767 2836 5825 Graeci
2870 5776 3045 5821 textus
3070 5782 3228 5820 sensu
3274 5766 3506 5820 deﬂeuit
3544 5766 3732 5819 SVrus.
