4098 6200
388 298 493 351 629

1720 295 1808 349 DE
1847 290 2301 350 THEOPHANIA.

3512 290 3616 347 650

461 414 662 485 Ὅμοια
691 415 736 468 δ’
767 412 832 467 ἂν
875 412 1024 483 εὕροι
1059 432 1141 478 τις
1169 414 1246 486 τῷ
1292 415 1500 486 Πέτρῳ,
1538 416 1625 468 τὸν
1671 416 1796 469 νοῦν
1834 416 1954 466 ἐπι-

2133 412 2270 468 Petri
2319 413 2488 484 gestis
2525 412 2747 477 similia,
2791 412 2835 466 si
2877 413 2997 482 quis
3051 411 3210 467 modo
3248 420 3479 466 mentem
3524 414 3616 467 sd-

387 504 616 575 στήσας,
649 504 739 557 καὶ
762 504 852 557 ἐπὶ
879 503 988 555 τῶν
1015 503 1218 556 λοιπῶν
1245 503 1338 556 τοῦ
1372 504 1623 574 Σωτῆρος
1661 505 1816 574 ἡμῶν
1857 523 1958 576 μα-

389 595 595 666 θητῶν,
629 597 720 660 οὓς
751 597 1210 667 ἐπαγγειλάμενος
1265 600 1510 669 ποιήσειν
1541 597 1710 660 ἁλιεῖς
1751 597 1959 669 ἀνθρώι-

393 705 535 752 πων,
571 687 713 759 ἔργῳ
738 687 1002 757 τὸνλόγον
1036 688 1262 755 ἔδειξενο
1297 689 1466 742 εἰσέτι
1508 690 1638 757 γοῦν
1681 690 1773 742 καὶ
1819 689 1910 743 νῦν
1932 691 1962 742 ὁ

396 780 559 843 αὐτὸς
591 781 799 850 ἐνεργεῖ
823 781 916 834 καὶ
945 783 1112 844 ποιεῖ,
1153 781 1429 852 πανταχοῦ
1459 781 1561 850 γῆς
1604 779 1813 852 παρὼν,
1868 782 1962 835 καὶ

399 869 584 942 [κατὰ]
631 871 808 923 πᾶσαν
842 870 942 940 τὴν
979 867 1279 941 ἀνθρώπων
1330 870 1653 940 οἰκουμένην
1683 871 1752 922 τὰ
1796 870 1959 923 αὑτοῦ

400 962 584 1030 λογικά
607 962 797 1014 δίκτυα
831 961 942 1032 (50)
972 961 1194 1033 πληρῶν
1218 963 1282 1014 ἐκ
1308 962 1504 1024 παντὸς
1525 961 1714 1031 γένους
1733 962 1962 1031 λογικῶν

403 1052 594 1123 ἰχθύων
621 1054 714 1105 καὶ
744 1051 1031 1122 βαρϐάρων
1062 1069 1120 1105 τε
1154 1054 1246 1106 καὶ
1272 1053 1554 1123 Ἑλλήνων,
1587 1054 1842 1107 ἀνασπῶν
1866 1053 1959 1108 τοῦ

395 1147 490 1216 τῆς
511 1144 702 1208 κακίας
733 1143 899 1214 βυθοῦ
944 1145 1036 1197 καὶ
1061 1142 1156 1196 τοῦ
1186 1143 1286 1213 τῆς
1314 1143 1601 1216 ἀθεότητος
1632 1145 1853 1208 σκότους
1866 1146 1964 1209 τάς

391 1237 500 1290 τῶν
525 1234 828 1307 ἀνθρώπων
859 1234 1054 1306 ψυχὰς,
1093 1235 1330 1289 ἀνέλκων
1349 1253 1408 1289 τε
1444 1236 1614 1300 αὑτὰς
1637 1237 1727 1289 ἐπὶ
1761 1236 1820 1290 τὸ
1849 1239 1964 1306 φῶς

392 1329 492 1400 τῆς
526 1329 615 1382 ὑπ’
652 1326 820 1382 αὐτοῦ
857 1327 1252 1400 παραδοθείσης
1273 1328 1453 1382 ἐνθέου
1483 1328 1752 1397 γνώσεως.
1811 1328 1963 1382 Οὕτω

391 1421 447 1474 δὲ
477 1421 572 1474 καὶ
609 1421 854 1474 Ἰωάννου
885 1418 980 1473 τοῦ
1011 1419 1130 1473 υἱοῦ
1178 1419 1484 1484 Ζεϐεδαίου,
1514 1420 1572 1474 ὃν
1603 1419 1694 1473 ἐπὶ
1720 1419 1817 1490 τῆς
1849 1422 1965 1474 ἀλι-

391 1512 530 1576 είας,
579 1511 696 1582 ἅμα
730 1509 808 1581 τῷ
840 1510 1009 1582 πατρὶ
1054 1511 1150 1564 καῖ⁹
1196 1510 1273 1582 τῷ
1325 1509 1539 1580 ἀδελφῷ
1572 1511 1964 1582 καταρτίζοντα

393 1604 461 1658 τὰ
481 1604 672 1657 δίκτυα
700 1601 1050 1674 θεασάμενος,
1086 1603 1187 1673 τῆς
1215 1603 1386 1673 αὐτῆς
1413 1603 1612 1673 ἠξίωσε
1637 1603 1877 1676 κλήσεὼς
1905 1622 1962 1656 τε

396 1697 490 1751 καὶ
525 1695 872 1764 ἐπαγγελίας,
897 1694 1019 1748 καθ’
1053 1695 1182 1766 ὅλης
1207 1695 1307 1766 τῆς
1346 1695 1666 1769 οἰκουμένης
1695 1695 1962 1766 ἐκλάμπει

395 1787 649 1859 τοῦνομα,
681 1786 774 1839 καὶ
802 1787 852 1839 oi
879 1785 1026 1854 λόγοι
1042 1785 1140 1849 τὰς
1167 1785 1274 1838 τῶν
1304 1786 1602 1857 ἀνθρώπων
1631 1786 1805 1857 ψυχὰς
1834 1804 1964 1840 κατ-

395 1879 725 1947 αυγάζουσι,
766 1876 851 1930 διὰ
899 1876 999 1947 τῆς
1037 1876 1202 1930 αὐτοῦ
1237 1877 1631 1950 παραδοθείσης
1664 1877 1756 1932 τοῦ
1787 1879 1962 1947 Εὐαγ-

395 1961 574 2029 γελίου
624 1966 862 2035 γραφῆς,
899 1967 1130 2037 παντοίᾳ⁵
1185 1967 1400 2040 γλώττῃ
1447 1967 1728 2039 Ἑλληνικῇ
1777 1984 1836 2021 τε
1868 1969 1964 2022 καὶ

399 2055 658 2127 βαρϐάρῳ
723 2059 1153 2131 μεταϐληθείσης
1203 2061 1336 2131 (51),
1399 2063 1479 2125 εἰς
1532 2059 1853 2126 ἐξακουστὸν
1904 2081 1962 2116 τε

399 2149 530 2201 πᾶσι
557 2151 669 2212 τοῖς
700 2149 904 2204 ἔθνεσιν
927 2151 1011 2221 ἐφ’
1045 2153 1282 2224 ἑκάστης
1304 2154 1512 2224 ἡμέρας
1533 2155 1960 2226 κηρυττομένης.

469 2239 581 2309 (59.)
611 2247 679 2292 α’.
698 2241 1028 2315 Ἐπειδήπερ
1047 2245 1103 2296 ἐν
1122 2244 1476 2316 προφητείαις
1496 2246 1865 2318 ἀναγράπτοις
1884 2248 1964 2312 εἰς

399 2329 563 2384 αὐτοῦ
601 2331 887 2402 πρόσωπον
908 2333 1120 2405 εἴρηται
1149 2336 1522 2406 προφητικῶς,
1546 2337 1806 2406 Ἀἵτησαι
1825 2339 1962 2407 παρ’

399 2422 564 2489 ἐμοῦ,
596 2422 695 2476 καὶ
725 2423 894 2476 δώσω
927 2440 1026 2478 σοι
1055 2425 1201 2495 ἔθνη
1235 2427 1350 2496 τὴν
1377 2430 1782 2499 κληρονομίαν
1816 2446 1961 2496 σου,

399 2513 497 2566 καὶ
530 2512 644 2580 τὴν
667 2513 1040 2583 κατάσχεσιν
1075 2531 1190 2570 σου
1218 2518 1290 2571 τὰ
1327 2518 1551 2586 πέρατα
1577 2519 1688 2588 τῆς
1716 2520 1850 2589 τῆς,
1879 2520 1966 2574 διὰ

401 2604 572 2669 τοῦτο,
617 2604 692 2667 ὡς
735 2605 801 2658 ἂν
832 2605 934 2673 τῆς
977 2609 1320 2678 προφητικῆς
1356 2611 1658 2682 μαρτυρίας
1685 2610 1830 2682 ἔργῳ
1871 2612 1964 2665 νῦν

401 2695 794 2767 πληρωθείσης,
825 2700 956 2768 φησὶ
976 2701 1087 2762 τοῖς
1102 2699 1265 2754 αὐτοῦ
1295 2701 1579 2772 μαθηταῖς,
1599 2703 1739 2756 κατὰ
1765 2705 1862 2776 μὲν
1877 2706 1968 2759 τὸν

402 2787 698 2850 Ματθαῖον,
727 2789 930 2857 Ἐδόθη
950 2809 1053 2858 μοι
1077 2790 1244 2846 πᾶσα
1263 2793 1512 2857 ἐξουσία
1531 2796 1610 2860 ὠς
1632 2796 1702 2849 ἐν
1736 2797 1966 2865 οἰιρανῷ

403 2882 499 2933 καὶ
527 2881 622 2934 ἐπὶ
654 2879 766 2951 γῆς
785 2899 799 2913 ·
833 2881 973 2936 κατὰ
1005 2882 1062 2936 δὲ
1087 2882 1180 2935 τὸν
1208 2885 1442 2949 Λουκᾶν,
1469 2886 1550 2939 ὅτι
1582 2887 1663 2940 δεῖ
1689 2905 1757 2958 κη
1769 2887 1963 2959 ρυχθῆ-

402 2989 490 3024 ναι
537 2972 626 3029 ἐπὶ
673 2970 751 3042 τῷ
803 2971 1027 3043 ὀνόματι
1075 2973 1239 3027 αὑτοῦ
1293 2977 1578 3046 μετάνοιαν
1625 2978 1723 3033 καὶ
1775 2978 1967 3049 ἄφεσιν

402 3063 684 3134 ἁμαρτιῶν
723 3065 802 3127 είς
831 3065 1008 3119 πάντα
1040 3067 1107 3120 τὰ
1133 3066 1281 3138 ἔθνηο
1313 3068 1425 3121 τῶν
1465 3067 1563 3139 μὲν
1587 3069 1695 3141 γὰρ
1733 3059 1852 3124 κατ’
1880 3072 1969 3124 οὐ-

405 3151 567 3222 ρανὸν
613 3151 672 3216 ἐξ
701 3153 897 3218 αἰῶνος
936 3157 1122 3226 ἐπεῖχε
1169 3158 1266 3230 τὴν
1313 3157 1618 3228 βασιλείαν,
1663 3161 1771 3214 τῶν
1800 3161 1846 3214 δ’
1874 3163 1966 3215 ἐπὶ

403 3243 505 3314 γῆς
535 3242 629 3296 νῦν
671 3243 819 3314 αὐτῷ
854 3244 1094 3299 δεδόσθαι
1130 3248 1261 3318 φησὶ
1306 3250 1402 3320 τὴν
1428 3251 1621 3323 ἀρχήν.
1655 3252 1827 3305 Πάλαι
1871 3253 1968 3324 μὲν

404 3332 533 3404 γὰρ,
566 3333 643 3397 ὡς
663 3337 900 3408 Μωῦσῆς
931 3342 1219 3409 μαρτυρεῖ,
1265 3340 1485 3409 ἄγγελοι
1523 3341 1656 3395 Θεοῦ
1681 3339 1819 3414 ἦσαν
1844 3346 1968 3409 τοὺς

405 3424 498 3477 ἐπὶ
528 3428 629 3495 γῆς
655 3427 1133 3499 ἐγκεχειρισμένοι⁸
1153 3431 1539 3504 διατραπείσης
1558 3433 1613 3486 δὲ
1644 3434 1739 3504 τῆς
1765 3436 1971 3508 ἀνθρω-

408 3515 636 3587 πότητος
666 3517 757 3570 ἐπ)⁸
789 3519 885 3590 τὴν
923 3520 1180 3575 πολύθεον
1222 3521 1447 3594 πλάνην,
1500 3525 1721 3579 καὶτῶν
1749 3529 1970 3582 ἐπιστα-

406 3605 638 3661 τούντων
659 3609 904 3679 ἀγγέλων
938 3613 1103 3682 μηδὲν
1134 3613 1270 3685 πρὸς
1294 3617 1450 3670 τοῦτο
1482 3619 1788 3689 ἐπικουρεῖν
1813 3619 1970 3674 δυνα-

411 3699 604 3770 μένων,
649 3702 812 3766 αὐτὸς
853 3702 918 3774 δὴ
964 3703 1150 3758 λοιπὸν
1175 3707 1203 3759 ὁ
1231 3706 1339 3760 τῶν
1376 3708 1510 3762 ὅλων
1539 3710 1726 3782 Σωτὴρ
1756 3711 1844 3764 διὰ
1871 3712 1972 3782 τῆς

405 3792 570 3846 αὐτοῦ
605 3792 944 3863 θεοφανείας,
980 3797 1116 3866 μετὰ
1137 3797 1235 3869 τὴν
1263 3798 1404 3852 κατὰ
1431 3800 1522 3852 τοῦ
1555 3800 1783 3856 θανάτου
1817 3802 1972 3874 νίκην

405 3880 665 3945 διδάσκει,
709 3884 789 3936 ὅτι
834 3885 1021 3956 μηκέτ’
1055 3886 1326 3954 ἀγγέλοις,
1375 3888 1490 3941 ἀλλ’
1522 3889 1670 3960 αὐτῷ
1715 3892 1849 3962 πρὸς
1875 3892 1971 3946 τοῦ

409 3971 617 4043 Πατρδς
645 3975 679 4045 ἡ
711 3975 817 4028 τῶν
839 3976 931 4028 ἐπὶ
957 3978 1058 4047 γῆς
1074 3975 1242 4030 ἐθνῶν
1265 3977 1480 4043 ἐξουσία
1507 3978 1732 4034 δέδοται.
1753 3982 1844 4036 Διὸ
1864 3986 1974 4047 τοῖς

407 4062 570 4115 αὑτοῦ
590 4064 855 4136 μαθηταῖς
873 4067 932 4120 οὐ
953 4069 1116 4137 πρότε
1125 4084 1234 4136 ρον,
1263 4068 1400 4122 ἀλλὰ
1419 4069 1512 4122 νῦν
1539 4071 1979 4143 παρεκελεύσατο

411 4156 709 4226 περιελθεῖν
728 4158 820 4211 καὶ
840 4159 1175 4232 μαθητεῦσαι
1192 4161 1367 4214 πάντα
1382 4160 1451 4214 τά
1465 4162 1611 4232 ἔθνη.
1641 4163 1974 4234 ’Λναγκαίως

408 4245 466 4297 δέ
520 4248 839 4320 προστίθησι
895 4250 955 4303 τὸ
1017 4253 1308 4323 μυστήριον
1355 4255 1456 4324 τῆς
1507 4253 1970 4328 ἁποκαθάρσεωςο

409 4340 576 4410 ἐχρῆν
592 4340 700 4412 γὰρ
731 4341 856 4406 τοὺς
878 4341 936 4409 ἐξ
955 4342 1123 4397 ἐθνῶν
1158 4343 1610 4416 ἐπιστραφέντας,
1646 4348 1845 4413 παντὸς
1879 4367 1975 4422 μο-

1991 1753 2038 1814 Β

2062 516 2254 570 vertat,
2288 506 2522 560 inveniet
2550 513 2868 560 cancrorum
2926 516 3140 572 quoque
3172 501 3484 557 Servatoris
3534 501 3616 556 di-

2059 595 2385 664 scipulorum
2418 602 2587 664 gesta,
2626 609 2762 663 quos
2799 608 2922 647 cum
2957 592 3295 662 promisisset
3323 592 3622 662 piscatores

2063 689 2338 744 hominum
2386 686 2586 750 facere,
2647 685 2916 742 sermonis
2964 686 3246 740 veritatem
3307 699 3471 753 opere
3521 685 3619 738 de-

2061 779 2402 836 monstravit.
2438 779 2520 834 Ad
2553 780 2694 834 hanc
2724 780 2886 848 igitur
2919 792 3090 848 usque
3123 778 3266 832 diem
3299 777 3439 832 idem
3490 791 3620 847 Ope-

2064 883 2215 927 ratur
2259 881 2314 926 et
2362 870 2544 936 efﬁcit,
2585 871 2782 939 ubique
2807 885 3068 940 praesens,
3097 879 3152 924 et
3185 885 3280 939 per
3308 868 3618 923 universum

2064 964 2284 1019 humani
2325 963 2589 1018 incolatus
2621 962 2807 1018 orbem
2844 961 3128 1018 rationalia
3160 962 3292 1017 retia
3319 975 3416 1016 sua
3467 961 3616 1015 omni

2065 1072 2264 1128 genere
2296 1055 2643 1111 rationalium
2678 1053 2904 1124 piscium
2938 1052 3176 1124 replens,
3205 1051 3514 1108 Graecorum
3561 1062 3620 1107 et

2064 1145 2448 1210 barbarorum,
2476 1145 2543 1200 de
2571 1144 2836 1215 profundo
2868 1143 3146 1211 nequitiae,
3197 1143 3488 1198 extrahens
3519 1142 3619 1196 bo-

2062 1238 2269 1292 minum
2309 1235 2518 1293 scilicet
2564 1236 2775 1290 animas
2819 1235 2884 1290 de
2931 1233 3183 1288 atheismi
3220 1233 3479 1298 tenebris,
3499 1249 3620 1289 eas-

2063 1345 2168 1399 quc
2211 1329 2279 1383 ad
2321 1328 2503 1384 lumen
2543 1329 2753 1382 traditae
2781 1325 2850 1381 ab
2884 1340 2944 1383 se
2965 1325 3060 1380 Dei
3086 1325 3291 1380 notitiae
3327 1324 3617 1382 extollens.

2066 1423 2157 1478 Sic
2192 1423 2356 1477 etiam
2378 1419 2601 1475 Joannis
2633 1419 2893 1474 Zchedaeo
2928 1419 3117 1490 geniti,
3154 1433 3312 1488 quem
3357 1418 3408 1472 in
3443 1419 3621 1487 pisca-

2066 1513 2216 1568 tione
2241 1512 2414 1567 visum
2432 1526 2554 1566 cum
2583 1519 2807 1580 parente
2826 1525 2887 1565 ac
2908 1509 3078 1564 fratre
3104 1510 3237 1565 retia
3269 1508 3620 1573 reﬁcientem,

2063 1605 2252 1659 eadem
2277 1603 2560 1658 vocatione
2585 1617 2648 1656 ac
2673 1601 2940 1672 promisso
2966 1601 3221 1670 dignatus
3241 1609 3346 1668 est,
3374 1599 3619 1662 Joannis,

2068 1693 2312 1764 inquam,
2351 1707 2446 1762 per
2489 1693 2800 1748 universum
2855 1691 3043 1747 orbem
3089 1705 3283 1747 nomen
3332 1690 3622 1758 splendet;

2065 1787 2218 1856 cujus
2244 1786 2371 1840 item
2413 1797 2689 1841 sermones
2729 1782 3008 1837 hominum
3061 1783 3271 1836 animas
3319 1780 3624 1834 illuminant

2063 1877 2117 1933 in
2147 1878 2343 1933 tradita
2387 1876 2455 1932 ab
2498 1889 2564 1932 eo
2602 1873 2880 1946 Evangelii
2912 1872 3203 1942 scriptura,
3233 1887 3354 1942 quae
3375 1871 3427 1926 in
3462 1886 3626 1926 omne

2065 1971 2259 2026 idioma
2281 1970 2527 2027 Gnaeum
2557 1967 3008 2038 barbaricumque
3047 1979 3331 2030 conversa,
3361 1964 3429 2018 ad
3459 1971 3624 2017 aures

2065 2063 2306 2120 omnium
2335 2062 2576 2134 gentium
2600 2059 2848 2131 quotidie
2878 2058 3158 2115 recitatur.

2135 2248 2186 2302 l.
2241 2246 2378 2312 Quia
2422 2245 2474 2299 in
2521 2243 2738 2314 scriptis
2763 2241 3035 2298 vaticiniis
3075 2240 3140 2294 de
3182 2238 3351 2311 ipsius
3396 2253 3623 2309 persona

2064 2337 2379 2408 prophetica
2407 2336 2607 2391 dictum
2636 2345 2720 2390 est
2760 2351 2775 2389 :
2805 2333 3032 2388 Postula
3075 2349 3106 2386 a
3144 2346 3244 2397 me,
3287 2339 3337 2384 et
3365 2329 3500 2384 dabo
3529 2330 3625 2384 tibi

2062 2442 2235 2501 gentes
2271 2430 2624 2490 hwreditatem
2658 2438 2825 2494 tuam,
2863 2436 2912 2481 et
2939 2425 3312 2493 possessionem
3349 2433 3491 2476 luam
3517 2431 3628 2475 ter-

2064 2523 2499 2589 minosterraa",
2530 2532 2812 2590 propterea
2857 2523 3110 2590 tanquam
3155 2519 3202 2574 si
3251 2515 3624 2586 propheticum

2066 2614 2432 2670 testimonium
2452 2611 2724 2678 nunciam
2760 2612 2812 2665 in
2841 2625 2950 2666 rem
2981 2609 3230 2665 collatum
3262 2607 3472 2669 fuisset,
3494 2606 3628 2660 dicit

2064 2703 2340 2774 discipulis
2363 2703 2498 2765 suis,
2523 2701 2817 2758 secundum
2840 2701 3146 2756 Mattbarum
3176 2699 3469 2769 quidem”,
3487 2697 3626 2752 Data

2066 2807 2140 2851 est
2170 2796 2298 2849 mihi
2323 2794 2492 2850 ontnis
2521 2801 2752 2862 potestas
2781 2794 2835 2846 iu
2881 2793 3008 2847 caelo
3063 2801 3108 2845 et
3139 2791 3194 2844 in
3222 2801 3363 2844 terra
3388 2831 3403 2854 ,
3437 2803 3628 2845 secun-

2065 2889 2190 2944 dum
2218 2903 2344 2944 vero
2361 2887 2558 2943 Lucam
2577 2886 2645 2952 ”,
2667 2886 2742 2940 ait
2770 2885 3047 2956 praedicari
3069 2892 3320 2953 oportere
3341 2883 3394 2938 in
3413 2880 3628 2937 nomine

2064 2979 2180 3048 ejus
2214 2978 2584 3050 pmnitentlam
2607 2985 2662 3032 et
2690 2976 3084 3039 remissionem,
3111 2977 3174 3029 ad
3199 2989 3389 3030 omnes
3418 2983 3624 3044 gentes.

2067 3073 2203 3130 Nam
2245 3070 2543 3128 caelestium
2589 3069 2803 3141 quidem
2849 3069 2917 3123 ab
2963 3079 3166 3124 αξιοι-ιιο
3207 3067 3629 3122 dominationem

2072 3166 2327 3230 tenebat;
2364 3163 2700 3218 terrestrium
2727 3170 2932 3224 autem,
2963 3174 3106 3214 nunc
3136 3158 3238 3213 sibi
3273 3158 3452 3212 datum
3477 3155 3628 3225 prin-

2068 3255 2303 3324 cipatum
2342 3252 2494 3310 dicit.
2522 3251 2660 3309 Olim
2682 3251 2900 3320 quippe,
2934 3257 3070 3304 teste
3104 3247 3285 3320 Moyse
3325 3247 3390 3313 ⁸⁸,
3421 3245 3629 3316 angelis

2069 3346 2164 3401 Dei
2193 3343 2479 3400 commissa
2499 3351 2618 3397 erat
2649 3351 2804 3395 terra:
2846 3338 3144 3394 incolarum
3180 3352 3310 3392 cura
3337 3354 3352 3390 :
3385 3337 3478 3392 sed
3508 3352 3629 3392 cum

2068 3449 2238 3506 genus
2263 3433 2552 3488 humanum
2577 3431 2644 3486 ad
2667 3429 3002 3501 polytheismi
3033 3442 3269 3482 errorem
3302 3427 3629 3493 deﬂexisset,

2069 3538 2334 3594 nemoque
2357 3539 2422 3579 ex
2452 3521 2748 3592 praepositis
2775 3519 2981 3590 angelis
3007 3533 3160 3588 opem
3193 3517 3352 3572 ullam
3377 3519 3548 3575 hacin
3574 3536 3632 3574 re

2068 3627 2326 3688 pmstare
2346 3623 2545 3684 posset,
2566 3613 2678 3681 ipse
2695 3611 2886 3666 deinde
2911 3611 3148 3666 omnium
3178 3609 3632 3666 Servatordivina

2071 3724 2166 3765 sua
2201 3705 2658 3770 manifestatione,
2720 3713 2843 3775 post
2898 3702 3118 3757 relatam
3158 3703 3224 3758 de
3257 3712 3430 3758 morte
3460 3703 3633 3758 victo-

2071 3802 2206 3858 riam
2257 3801 2432 3862 docet,
2469 3797 2610 3854 haud
2647 3797 2758 3866 jam
2808 3797 3009 3851 diutius
3037 3795 3273 3866 angelis,
3311 3798 3405 3851 sed
3455 3795 3554 3866 ipsi
3599 3811 3631 3849 a

2071 3893 2231 3948 Patre
2271 3902 2589 3964 potestatem
2624 3891 2674 3944 in
2707 3901 2861 3946 terra:
2883 3898 3069 3960 gentes
3091 3891 3294 3944 «latam.
3320 3888 3522 3944 Idcirco
3550 3889 3633 3942 tli-

2071 3985 2292 4056 scipulis
2316 3985 2427 4040 suis
2454 3985 2593 4038 haud
2629 3991 2813 4044 antea,
2865 3980 2958 4036 sed
3016 3996 3198 4047 nunc,
3228 3981 3500 4035 manzlavit
3531 3980 3636 4034 cir-

2071 4077 2279 4134 cumire
2308 4086 2468 4146 atque
2497 4075 2713 4130 erudire
2744 4089 2931 4128 omnes
2964 4081 3175 4143 gentes.
3195 4071 3507 4128 Νοοεεεπιυ
3530 4088 3634 4125 au-

2072 4180 2180 4228 tem
2207 4168 2539 4242 purgationis
2570 4166 2887 4237 mysterium
2924 4165 3109 4234 adjicit
3134 4183 3149 4223 ι
3176 4164 3389 4234 oportet
3403 4175 3455 4218 at
3487 4165 3630 4218 enim

2071 4276 2360 4322 conversos
2385 4277 2450 4316 ex
2476 4260 2730 4322 ethnicis,
2748 4257 2898 4312 omni
2921 4257 3127 4311 macula
3150 4265 3206 4310 et
3229 4256 3634 4325 inquinamento

2071 4370 2170 4432 per
2210 4352 2377 4424 ipsius
2411 4351 2661 4405 virtutem
2705 4349 2943 4418 purgari,
2993 4349 3253 4404 diabolico
3289 4348 3539 4402 nimirum
3577 4359 3634 4400 et

410 4428 614 4501 λυσμοῦ
646 4431 739 4487 καὶ
767 4432 1072 4506 μιάσματος
1097 4435 1184 4490 διὰ
1204 4437 1304 4507 τῆς
1335 4437 1498 4492 αὑτοῦ
1522 4437 1800 4510 δυνάμεως
1832 4443 1966 4499 ἀπο-

2075 4428 2405 4505 idololatriae
2435 4458 2621 4498 errore
2662 4451 2717 4497 et
2755 4441 3242 4498 abominatiouihos
3268 4441 3476 4497 cunctis
3504 4439 3632 4496 olim

479 4522 522 4553 "
556 4521 693 4576 Psal.
729 4539 788 4587 ll,
817 4525 870 4580 8.
991 4527 1036 4559 ’³
1069 4525 1259 4582 Matth.
1313 4544 1500 4597 xxvm,
1541 4530 1628 4586 l8.

629 4614 759 4697 (loti.
785 4615 881 4697 Gr.
909 4617 1018 4670 τῶν
1035 4619 1214 4697 ἀὐτοῦ
1235 4621 1473 4697 ⁸λογικῶν
1496 4623 1747 4680 δικτύων.

490 4686 592 4766 [51)
624 4686 1006 4766 Atiiiiladfgrte
1033 4689 1246 4766 Eusebii
1302 4686 1666 4766 testimonium
1721 4695 1786 4750 de
1829 4698 1977 4752 anti-

414 4755 686 4836 quissimis
846 4756 1136 4813 Bibliorum
1161 4761 1212 4814 in
1236 4763 1474 4816 omnium
1503 4765 1740 4832 gentium
1767 4766 1977 4836 linguas

416 4824 872 4878 translationibus.

487 4893 833 4971 (52)”Rursus
861 4895 987 4948 mihi
1010 4895 1244 4962 jucunda
1283 4915 1369 4953 res
1409 4902 1622 4964 accidit,
1657 4905 1795 4971 quod
1849 4905 1972 4959 dum

412 4963 630 5016 Eusebii
687 4963 848 5026 locos,
889 4976 1148 5033 quotquot
1200 4978 1323 5021 sunt
1365 4971 1413 5022 in
1454 4963 1646 5025 Nicetis:
1676 4963 1746 5025 ad
1774 4973 1973 5029 Lucam

412 5043 602 5087 catena
631 5049 755 5095 ms..
809 5051 874 5090 ex
919 5033 1123 5090 Graecis
1175 5036 1394 5094 Latinos
1441 5042 1693 5103 facerem,
1748 5043 1976 5098 feliciter

411 5104 624 5185 agnovi,
658 5114 987 5185 postremum
1013 5108 1249 5185 praedicti
1285 5109 1497 5185 Eusebii
1531 5111 1727 5185 locum,
1763 5113 1813 5185 in
1841 5129 1976 5182 peu-

413 5173 601 5251 ultlmo
632 5173 844 5251 scilicet
877 5184 1036 5241 atque
1061 5175 1258 5251 _u_|tim_o
1293 5180 1490 5251 codicis
1537 5181 1659 5236 folio
1691 5173 1969 5251 scripittiii,

411 5242 682 5316 pertinere
717 5243 933 5316 totidem
963 5245 1142 5316 verbis
1171 5247 1236 5316 ad
1289 5245 1637 5316 Theopltanim
1665 5242 1856 5316 librum
1888 5242 1963 5316 tv,

410 5325 569 5390 capp.
597 5309 781 5390 8,e_t_§),
809 5317 982 5390 ιιι-οιιι⁵
1018 5313 1070 5390 in
1099 5315 1322 5390 Anglice
1368 5309 1439 5372 cl.
1479 5313 1745 5390 Samuelis
1780 5319 1870 5374 Lei
1903 5309 1968 5378 ei

412 5380 926 5460 Syriaeogiiliomate
970 5380 1417 5460 interpretatione
1464 5389 1682 5460 legitur,
1704 5391 1788 5460 Aab
1815 5391 1968 5446 initio

407 5450 619 5521 paginae
646 5450 753 5504 324
771 5455 1023 5527 usquead
1047 5450 1254 5527 initium
1278 5455 1403 5527 item
1431 5450 1638 5527 pagina:
1660 5458 1785 5514 299-.
1820 5460 1970 5517 Nunc

407 5535 540 5575 vero
574 5531 843 5594 repertum
876 5538 904 5574 a
941 5523 1092 5594 nobis
1119 5524 1380 5592 originale
1423 5523 1666 5582 Graecum
1697 5528 1967 5594 fragmen-

410 5600 547 5668 tum.
585 5591 638 5643 in
660 5598 858 5670 .nostra
890 5593 1102 5658 quidem
1137 5591 1479 5662 Theophauiw
1519 5599 1754 5653 editione
1781 5591 1968 5654 Graeca

411 5670 554 5730 Inter
584 5669 830 5730 quintum
872 5670 1190 5730 seuumque
1241 5680 1518 5718 uulnerum
1577 5683 1628 5730 p.
1664 5669 1753 5721 {~21
1797 5670 1969 5722 collo-

415 5729 646 5783 candum
697 5729 818 5784 erit.
867 5729 1034 5783 Porro
1099 5729 1338 5788 Nicetam
1401 5729 1754 5802 Theophnuiw-
1793 5751 1970 5804 partes

1751 4531 1800 4564 ”
1829 4531 2116 4605 Lamum,
2134 4538 2224 4594 ιτ.

2311 4537 2358 4570 ⁸⁸
2388 4533 2544 4590 Deut.
2581 4549 2754 4600 xxx",
2783 4532 2837 4588 8.

2078 4630 2236 4686 modo
2270 4643 2391 4684 cum
2424 4627 2540 4697 ipso
2571 4627 2750 4694 operis
2778 4626 2954 4686 titulo.
2986 4623 3146 4697 modo
3175 4633 3385 4697 tantum
3415 4623 3632 4678 Eusebii

2077 4701 2313 4768 ascripto
2358 4693 2574 4752 noniiine
2614 4693 2734 4768 '(utd
2763 4697 2849 4768 hic
2897 4695 3041 4764 fecit)
3083 4696 3312 4768 recitare
3359 4693 3412 4746 itt
3444 4702 3630 4768 catena

2078 4786 2179 4825 ms.
2213 4762 2452 4829 solitum,
2505 4762 2772 4834 jam'alibi
2812 4783 2913 4821 non
2947 4762 3111 4820 semel
3140 4765 3395 4834 diximus.
3455 4762 3634 4828 Quare

2077 4851 2132 4894 et
2160 4856 2279 4903 nos,
2322 4850 2447 4893 ante
2479 4833 2721 4903 cnguitas
2755 4851 2846 4891 seu
2900 4836 3175 4899 Anglicam
3219 4848 3312 4888 seu
3354 4833 3632 4902 Syriacam

2077 4912 2257 4977 aperis
2285 4910 2567 4967 editiones.
2623 4906 2768 4960 locos
2797 4907 2936 4958 nmlo
2985 4904 3196 4958 Eusebii
3252 4904 3466 4977 nomine
3498 4918 3636 4977 praef

2078 4973 2240 5043 (litos,
2275 4977 2622 5045 Tlaeoplmuire
2681 4977 2950 5028 ascribere
2982 4991 3085 5045 non
3125 4973 3456 5045 potuiumsg
3491 4974 3632 5045 quod

2077 5041 2450 5117 nuncAnglici
2501 5045 2624 5117 libri
2679 5047 2936 5100 beneficio
2985 5043 3309 5117 enauimus:
3346 5051 3405 5117 ιιι
3432 5041 3633 5117 ᾼιιςιυε
3673 5100 3676 5104 ,

2075 5119 2310 5172 vicissim
2332 5111 2537 5177 "editor.
2589 5116 2771 5170 Graeca
2815 5124 2996 5168 nostra
3029 5113 3313 5183 originaliu
3346 5111 3396 5164 in
3437 5112 3632 5165 librum

2073 5203 2249 5249 somn,
2290 5202 2412 5241 cum
2435 5188 2482 5240 ei
2518 5185 2856 5240 commodum
2897 5185 3028 5246 erit,
3065 5184 3312 5245 libenter,
3343 5191 3402 5234 ut
3433 5196 3634 5244 remur,

2073 5257 2380 5312 transferet.
2434 5256 2512 5310 Ne
2548 5256 2677 5324 quid
2715 5269 2842 5308 vero
2882 5255 2967 5308 hic
3025 5264 3352 5324 repetamus,
3402 5251 3637 5324 lectores

2072 5337 2286 5382 nostros
2335 5326 2402 5380 ad
2449 5322 2716 5396 disputata
2762 5325 3012 5396 superius
3060 5323 3111 5375 in
3147 5322 3360 5396 Munitis
3401 5322 3637 5396 iteitnque

2072 5397 2124 5450 in
2167 5390 2602 5450 adnotationibus
2652 5390 2882 5463 sparsim
2918 5393 3086 5463 dicta,
3121 5390 3638 5463 able_gatttus._(_ierte

2075 5467 2200 5523 hinc
2221 5476 2460 5535 apparet,
2482 5461 2703 5519 citatum
2736 5464 2878 5517 aliud
2907 5478 2950 5535 ιιΔ
2971 5462 3039 5515 cl.
3066 5461 3211 5535 Sam.
3231 5461 3339 5517 Leo
3368 5479 3420 5535 p.
3449 5461 3561 5535 224
3585 5463 3637 5518 in

2075 5537 2202 5590 adn.
2242 5530 2596 5603 fragmentum
2643 5544 2884 5586 nostrum
2933 5530 3094 5599 (apud
3121 5533 3237 5602 {nos
3270 5549 3341 5588 σὺ
3373 5530 3542 5602 7658),
3571 5535 3637 5584 ad

2075 5605 2218 5660 hunc
2254 5605 2598 5673 Theophanis
2642 5603 2838 5668 locum,
2873 5614 2929 5656 ut
2959 5605 3072 5672 ipse
3122 5603 3319 5673 vellem
3345 5605 3487 5664 mihi
3533 5617 3636 5657 mn

2078 5689 2253 5744 posse.
