4098 6200
417 237 513 290 631

1118 227 1402 287 ΕΗΞΕΒΙῘ
1425 226 1991 294 (ΖΑΞΒᾹΙΗΕΧΒΙΒὉῚ

2130 231 2310 286 PARS
2347 229 2434 289 ΝΖ
2473 266 2541 276 -
2578 233 2995 290 DOGMATICA.

3542 236 3646 289 65S

412 353 688 406 devinctos
705 368 728 416 ;η
745 363 885 402 nunc
909 356 1088 403 autem
1115 349 1290 416 primo
1314 363 1380 404 ex
1405 351 1613 418 impura
1645 352 1978 418 scelestaque

2091 351 2434 422 καθαίρεσθαι
2488 353 2550 404 ἐκ
2599 353 2698 422 τῆς
2746 351 3064 421 δαιμονικῆς
3121 367 3211 402 και
3263 348 3648 421 είδωλολάτρου

412 445 519 494 vita
558 450 860 495 rev-ecatos.
915 440 1090 507 Atque
1148 450 1205 492 ιιι
1255 440 1340 495 his
1388 442 1654 495 suadeant
1703 443 1973 508 admonet,

412 542 534 601 post
597 532 1010 601 purgationem,
1093 532 1305 600 mystici
1373 531 1667 601 magisterii
1734 533 1786 585 vi
1855 547 1980 602 per-

413 633 612 687 actam,
643 623 781 676 haud
814 622 924 690 jam
957 632 1224 693 przecepta
1268 622 1517 686 Judaica.
1563 639 1740 694 neque
1781 623 1982 692 Moysis

417 715 676 785 legitima,
714 715 808 770 sed
859 729 978 784 quae
1035 715 1147 783 ipse
1193 715 1260 768 iis
1303 699 1978 786 prm-iperet,observare.

415 805 540 860 llaec
567 805 817 862 videlicet
839 821 946 860 uno
966 821 1062 860 ore
1087 806 1266 860 cuncti
1292 808 1420 861 dum
1441 823 1536 876 per
1563 817 1750 877 gentes
1775 807 1984 862 discur-

415 907 596 951 rerent
632 898 917 952 tradebant
939 899 1248 953 constitutis
1278 898 1329 952 in
1362 901 1613 954 universo
1636 898 1770 954 orbe
1795 898 1984 954 Eccle-

413 989 532 1043 siis.
579 989 753 1058 Atque
788 998 845 1041 ut
885 1005 1021 1058 opus
1064 1000 1206 1054 erat,
1253 990 1523 1053 hortatur,
1579 999 1634 1044 et
1692 990 1982 1043 alacriores

413 1079 578 1134 allicit
603 1081 669 1134 ad
697 1082 972 1135 adeundas
1001 1093 1318 1135 venatorum
1346 1096 1496 1136 more
1521 1091 1730 1153 gentes,
1767 1091 1820 1136 et
1847 1083 1983 1134 uni-

413 1189 629 1228 versum
669 1176 943 1229 hominum
980 1191 1150 1244 genus
1185 1173 1561 1238 erudiendum,
1616 1173 1797 1227 addita
1856 1189 1978 1242 pro-

415 1262 707 1317 missione:
744 1263 879 1317 Ecce
913 1279 1003 1334 ego
1030 1265 1290 1318 vobiscum
1317 1279 1467 1329 sum;
1523 1265 1822 1318 secundum
1857 1278 1983 1317 vero

415 1353 637 1414 Lucam.
659 1354 924 1424 Spiritum
955 1358 1247 1427 spondens.
1297 1357 1422 1412 Hzec
1456 1371 1635 1412 autem
1672 1355 1986 1425 promissioe

416 1445 501 1500 nis
551 1445 715 1499 verba
775 1447 948 1514 reipsa
994 1448 1338 1500 cumulavit:
1392 1463 1514 1502 nam
1565 1447 1746 1500 divina
1784 1446 1985 1501 virtute

415 1537 611 1604 nitique
662 1547 876 1602 astans,
932 1540 1202 1608 inspirans
1242 1539 1406 1594 simul
1444 1549 1499 1594 et
1533 1553 1850 1608 cooperans,
1893 1552 1984 1592 ue-

2083 442 2310 512 πλάνης,
2353 443 2622 512 μιάσμασί
2663 461 2723 496 τε
2759 442 3033 504 παντοίοις
3073 439 3478 512 ἐνισχημένους,
3523 441 3650 511 ἄρτι

2079 550 2138 586 τε
2169 533 2382 604 πρῶτον
2403 532 2462 600 ἐξ
2485 533 2782 590 ἀκολάστου
2817 533 2909 586 καὶ
2932 531 3246 603 παρανόμου
3280 530 3394 601 βίου
3423 530 3649 601 μεταδε-

2080 624 2399 696 δλημένους,
2435 623 2669 687 Τούτους
2695 625 2750 678 δὲ
2782 627 2875 678 καὶ
2911 624 3180 678 διδάσκειν
3215 623 3471 694 παραινεῖ
3514 621 3651 692 μετὰ

2080 717 2178 788 τὴν
2202 716 2574 786 ἀποκάθαρσιν
2616 716 2714 786 τὴν
2746 715 2835 770 διὰ
2873 716 2969 786 τῆς
3001 715 3164 770 αὐτοῦ
3201 717 3467 786 μυστικῆς
3505 714 3652 768 διδα-

2083 809 2328 875 σκαλίας,
2349 809 2410 861 οὐ
2434 809 2502 862 τά
2528 809 2793 862 Ἰουδαϊκὰ
2810 809 3257 880 παραγγέλματα,
3274 806 3394 860 οὐδὲ
3410 807 3477 860 τὰ
3502 806 3653 877 παρὰ

2081 901 2304 954 Μωϋσεῖ
2342 899 2570 970 νόμιμα,
2602 900 2717 954 ἀλλ’
2752 902 2852 954 ὅσα
2887 901 3070 963 αὐτοῖς
3111 898 3409 953 ἐνετείλατο
3450 899 3651 968 φυλάτ-

2081 1008 2214 1044 τειν.
2250 990 2432 1044 Ταῦτα
2461 991 2505 1042 δ’
2537 987 2605 1060 ἦν
2637 991 2672 1046 ἃ
2714 993 2779 1064 δὴ
2824 991 3128 1062 συμφώνως
3156 993 3203 1044 οί
3247 990 3446 1054 πάντες
3491 992 3652 1044 ἐκπε-

2087 1081 2384 1152 ριελθόντες
2426 1082 2603 1135 πάντα
2636 1083 2704 1136 τά
2748 1082 2872 1154 ἔθνη
2927 1081 3340 1154 παραδεδώκασι
3370 1084 3490 1145 ταῖς
3528 1082 3650 1135 καθ’

2082 1172 2210 1241 ὅλης
2237 1172 2338 1242 τῆς
2369 1175 2689 1245 οἰκουμένης
2704 1174 3069 1245 Ἑκκλησίαις.
3107 1174 3440 1243 ’Λναγκαίως
3473 1174 3528 1227 δέ
3557 1175 3652 1228 αὐτ

2083 1265 2210 1328 τοὺς
2231 1265 2548 1336 προτρέπει,
2583 1266 2676 1318 καὶ
2703 1266 3140 1337 προθυμοτέρους
3163 1262 3533 1335 ἀπεργάζεται
3561 1265 3651 1316 ἐπὶ

2083 1356 2143 1409 τὸ
2165 1355 2427 1429 θηρεῦσαι
2457 1356 2760 1428 περιελθεῖν
2796 1375 2854 1411 τε
2879 1358 3058 1412 πάντα
3083 1357 3149 1410 τὰ
3172 1356 3319 1427 ἔθνη,
3352 1357 3446 1410 καὶ
3481 1355 3655 1428 μαθη-

2081 1447 2271 1502 τεῦσαι
2309 1449 2418 1501 πᾶν
2454 1447 2608 1516 γένος
2641 1447 2962 1519 ἀνθρώπων,
2990 1448 3056 1501 δι’
3084 1443 3150 1519 ἧς
3182 1447 3474 1518 πεποίηται
3517 1448 3653 1520 πρὸς

2083 1539 2281 1602 αὐτους
2319 1540 2663 1617 ὑποσχέσεως
2705 1539 2902 1592 εἰπών’
2954 1541 3063 1594 Καὶ
3095 1539 3221 1594 ἰδοὺ
3247 1540 3361 1609 ἐγώ
3386 1542 3502 1608 ειμι
3525 1538 3654 1608 μεθ’

415 1629 545 1697 gotii
581 1644 891 1684 successum
921 1631 1285 1695 conﬁrmavit,
1303 1643 1502 1699 eosque
1533 1629 1819 1700 magistros
1844 1628 1982 1698 apud

2091 1628 2243 1698 ὑμῶν
2264 1647 2276 1660 ·
2313 1630 2455 1683 κατὰ
2479 1631 2535 1684 δὲ
2566 1632 2797 1694 Λουκᾶν,
2828 1631 2890 1684 τὸ
2923 1631 3144 1702 Πνεῦμα
3173 1629 3651 1700 ἐπαγγειλάμενος.

415 1735 602 1775 omnes
644 1733 832 1789 gentes
865 1723 1075 1778 traditae
1106 1739 1134 1775 a
1179 1738 1239 1778 se
1277 1723 1549 1792 religionis
1574 1721 1869 1775 constituit.

2011 1705 2054 1758 Β
2083 1721 2270 1792 Τούτῳ
2290 1721 2346 1775 δέ
2367 1721 2443 1792 τῷ
2458 1722 2554 1792 τῆς
2577 1722 2902 1790 ἐπαγγελίας
2920 1723 3062 1793 λόγῳ
3078 1723 3234 1792 ἔργον
3255 1723 3481 1787 ἐπιθεὶς,
3498 1723 3653 1794 θεῖκῇ

415 1832 475 1869 τε
496 1815 718 1886 δυνάμει
745 1818 958 1887 ἑκάστῳ
993 1816 1186 1882 συνὼν,
1220 1817 1510 1887 συμπνέων
1531 1834 1588 1869 τε
1611 1816 1793 1879 αὐτοῖς
1820 1815 1913 1868 καὶ
1938 1814 2233 1885 συνεργῶν,
2274 1815 2612 1870 ἐπιστώσατο
2642 1815 2700 1869 τὸ
2726 1816 3072 1888 κατόρθωμα,
3095 1817 3447 1880 διδασκάλους
3471 1834 3530 1870 τε
3561 1816 3656 1870 αὑ-

414 1909 541 1972 τοὺς
573 1909 680 1961 τῶν
702 1909 868 1968 ἐθνῶν
901 1910 1154 1964 ἁπάντων
1194 1910 1295 1980 τῆς
1328 1911 1418 1962 ὑπ’
1447 1909 1610 1962 αὑτοῦ
1644 1907 2041 1979 παραδοθείσης
2067 1905 2370 1971 θεοσεϐειας
2399 1907 2871 1980 ἀποδεικνύμενος.

489 2001 542 2061 2.
569 1999 679 2054 Hac
704 2002 776 2054 illi
798 2002 1154 2071 promissione
1172 2002 1485 2070 nixi,opere
1514 2003 1628 2070 ipso
1659 2001 1803 2054 illius
1823 2002 1986 2055 verba

419 2092 808 2163 complebant:
851 2093 1099 2162 protinus
1149 2094 1292 2146 enim
1340 2092 1472 2146 nihil
1513 2101 1808 2154 morantes,
1841 2092 1986 2144 omni

418 2199 542 2238 cum
559 2185 840 2239 alacritate
859 2185 925 2237 ad
945 2184 1180 2253 gentium
1205 2185 1566 2254 magisterium
1587 2184 1986 2238 discurrebant.

421 2273 556 2328 Tum
585 2275 702 2342 ipso
730 2276 805 2330 rei
832 2284 1025 2330 eventu
1051 2278 1314 2345 persuasi,
1341 2275 1618 2344 oculisque
1655 2276 1990 2330 eutu.viven-

423 2379 529 2422 tem
556 2376 842 2423 cernentes
863 2367 955 2438 qui
987 2365 1146 2437 paulo
1175 2377 1332 2423 antea
1375 2368 1676 2424 exstinctus
1709 2367 1906 2435 fuerat,
1935 2377 1992 2423 et

419 2473 581 2528 quem
613 2473 736 2512 cum
775 2457 1148 2527 jurejurando,
1171 2468 1392 2528 propter
1423 2473 1484 2513 ea
1512 2473 1632 2527 quae
1659 2457 1988 2523 acciderant,

422 2557 750 2619 negaverant
771 2565 786 2614 ;
806 2550 965 2614 hunc,
991 2548 1232 2618 inquam,
1258 2557 1561 2618 spectantes
1578 2548 1856 2602 evidenter
1872 2561 1992 2616 per-

422 2639 794 2709 sonaliterque
832 2649 1172 2709 przcsentem,
1215 2653 1267 2695 et
1316 2657 1468 2696 more
1497 2640 1658 2696 solito
1711 2638 1991 2708 alloquen-

425 2743 556 2798 tem,
579 2742 636 2786 et
657 2747 718 2788 ea
741 2747 863 2803 quae
893 2732 1006 2802 jam
1040 2749 1139 2790 nos
1166 2733 1400 2790 diximus
1440 2735 1839 2805 promittentem
1881 2749 1894 2784 :
1938 2731 1989 2785 in

422 2831 662 2890 tantum,
691 2833 748 2878 ut
793 2841 821 2879 a
856 2826 1122 2894 promisso
1152 2840 1210 2879 se
1240 2825 1490 2879 excidere
1532 2823 1672 2877 haud
1703 2837 1864 2892 posse
1887 2836 1993 2876 co—

425 2927 771 2985 gnoscerent,
820 2927 1038 2986 propter
1074 2916 1308 2971 oblatam
1340 2917 1510 2970 oculis
1572 2916 1988 2986 apparitiouem.

425 3008 560 3074 Quae
588 3009 689 3064 nisi
741 3009 811 3062 ita
839 3025 898 3063 se
925 3010 1206 3075 haberent,
1251 3008 1491 3077 profecto
1513 3007 1576 3060 ad
1607 3015 1872 3075 praecepta
1904 3005 1990 3059 illa

429 3101 783 3170 torpuissent,
838 3101 1154 3155 rusticitatis
1202 3115 1314 3154 sua:
1371 3107 1426 3154 et
1501 3099 1731 3152 idiotica;
1771 3097 1994 3164 loquela:

429 3193 658 3258 conscii,
706 3192 862 3263 cujus
911 3207 1074 3247 causa
1123 3191 1354 3247 oﬂicium
1409 3192 1641 3246 fortasse
1696 3191 1995 3244 detrectas-

2161 1999 2223 2069 β’.
2247 2000 2428 2072 Ταυτῃ
2452 1999 2582 2068 γοῦν
2603 2001 3066 2073 ἐπιθαρσήσαντες
3082 2003 3147 2073 τῇ
3166 2001 3485 2072 ἐπαγγελίᾳ.
3505 2001 3652 2073 ἔργῳ

2088 2092 2211 2155 τοὺς
2239 2093 2402 2146 αὐτοῦ
2435 2092 2628 2160 λόγους
2661 2095 2963 2166 ἐπλήρουν·
3005 2095 3200 2149 αὐτίκα
3229 2095 3390 2166 μηδὲν
3431 2093 3660 2164 ὑπερθέ-

2093 2206 2262 2259 μενοι,
2287 2191 2382 2242 σὺν
2425 2206 2572 2260 πασῃ
2621 2191 2896 2263 προθυμίᾳ
2941 2190 3229 2262 περιῆλθον
3279 2191 3369 2243 ἐπὶ
3407 2192 3505 2262 τὴν
3548 2191 3661 2255 τῶν

2090 2282 2256 2336 ἐθνῶν
2271 2281 2634 2336 διδασκαλίαν·
2656 2281 2800 2354 ἔργῳ
2821 2283 2918 2354 μὲν
2935 2281 3082 2354 αὐτῷ
3098 2282 3498 2354 παραλαϐόντες
3518 2281 3658 2353 (53),

2092 2373 2184 2428 καὶ
2205 2373 2500 2441 ὀφθαλμοῖς
2529 2373 2762 2444 δρῶντες
2783 2373 2962 2439 ζῶντα
2988 2373 3078 2427 τδν
3104 2375 3209 2446 πρὸ
3247 2373 3436 2446 μικροῦ
3473 2373 3658 2427 θανόν-

2089 2483 2179 2528 τα,
2211 2465 2305 2519 καὶ
2326 2464 2384 2518 δν
2410 2463 2755 2535 ἐξωμόσαντο
2780 2465 3146 2538 ἀρνησάμενοι
3174 2466 3262 2520 διὰ
3293 2465 3361 2519 τά
3384 2465 3660 2537 συμϐεϐης

2092 2556 2244 2618 κὸτα,
2271 2555 2458 2608 τοῦτον
2485 2555 2645 2613 αὑτὸν
2665 2555 2911 2627 ἐναργῶς
2941 2557 3034 2609 καὶ
3055 2555 3494 2628 αὐτοπροσώταυς
3525 2572 3664 2626 παρ-

2091 2647 2218 2701 όντα
2251 2647 2344 2700 καὶ
2387 2645 2629 2717 συνήθως
2681 2646 3218 2718 προσδιαλεγόμενον,
3267 2645 3663 2715 ἐπαγγελλόμε-

2091 2737 2182 2792 νόν
2209 2755 2269 2791 τε
2291 2737 2473 2800 αὐτοῖς
2495 2737 2562 2791 τά
2599 2737 3000 2809 προλελεγμένα
3016 2755 3029 2767 ·
3065 2739 3165 2792 οὐκ
3191 2737 3404 2809 ἔχοντες
3429 2738 3486 2790 δέ
3516 2738 3664 2801 ὅπως

2090 2831 2156 2883 ἂν
2177 2829 2532 2900 άποστήσωσι
2563 2827 2661 2898 τῆς
2685 2828 3014 2897 ἐπαγγελίας
3043 2828 3128 2882 διὰ
3153 2828 3253 2899 τὴν
3285 2825 3660 2899 θεωρουμένην

2091 2920 2230 2990 ὀψιν.
2265 2916 2344 2978 Ἦ
2374 2919 2484 2992 γάρ
2514 2922 2578 2975 ἂν
2604 2922 2695 2975 καὶ
2724 2919 3054 2991 ἀπώκνησαν
3088 2920 3221 2990 πρὸς
3256 2919 3315 2971 τὸ
3362 2919 3663 2988 ἐπίταγμα,

2092 3012 2382 3083 ἀγροικίαν
2411 3013 2622 3076 ἑαυτοῖς
2648 3014 2742 3065 καὶ
2767 3012 2940 3080 λόγων
2975 3010 3240 3064 ἰδιωτείαν
3272 3008 3667 3078 συγγινώσκον-

2091 3120 2203 3167 τες,
2238 3104 2305 3156 δι’
2335 3109 2402 3176 ἢν
2434 3103 2573 3173 τάχα
2602 3102 2666 3159 ἂν
2688 3103 2781 3157 καὶ
2810 3102 3194 3176 παρῃτήσαντο
3217 3119 3231 3132 ·
3268 3101 3491 3163 εἰκότως
3513 3099 3663 3167 λογιο

2095 3195 2338 3264 σάμενοι,
2361 3211 2436 3256 ως
2464 3195 2560 3264 οὐχ
2587 3192 2696 3246 οἷόν
2725 3211 2784 3246 τε
2812 3189 2882 3264 ἦν
2908 3191 3237 3264 Σύρουςτὴν
3263 3190 3529 3259 γλῶτταν.
3569 3190 3664 3247 καὶ

428 3293 582 3346 sent;
617 3292 763 3339 recte
806 3283 1105 3351 cogitantes
1130 3283 1243 3338 ﬁeri
1289 3283 1432 3338 haud
1479 3296 1636 3351 posse
1661 3291 1721 3335 ut
1749 3279 1991 3335 homines

2096 3283 2257 3336 πλέον
2288 3284 2495 3346 ἁλιείας
2527 3283 2691 3354 μηδὲν
2709 3282 3123 3353 ἐπισταμένους,
3155 3281 3503 3342 διδασκάλους
3532 3278 3669 3348 ὁμοῦ

432 3381 609 3449 lingua
642 3378 788 3448 Syri,
830 3389 884 3432 et
919 3387 1110 3446 prmter
1156 3387 1330 3432 artem
1380 3376 1724 3444 piscatoriam
1755 3375 1993 3428 omnium

430 3469 627 3538 ignari,
664 3469 902 3542 magistri
943 3469 1397 3523 constituerentur
1418 3466 1998 3524 Graecorum-simulet

431 3560 823 3626 Romanorum,
841 3555 1213 3631 Egyptiorum
1245 3571 1300 3615 et
1322 3560 1628 3625 Persarum,
1653 3561 1995 3630 aliarumque

431 3657 666 3725 gentium
698 3654 1072 3714 barbararum,
1100 3653 1346 3722 legesque
1377 3652 1581 3706 l’erreut
1609 3667 1790 3706 coram
1821 3651 1995 3720 legum

431 3751 695 3806 latoribus
757 3752 1112 3820 regibusque,
1179 3748 1481 3801 contrarias
1534 3749 1598 3800 iis
1656 3746 1998 3815 opinionibus

431 3857 552 3910 quae
589 3841 655 3893 de
678 3839 949 3908 primariis
976 3839 1078 3892 diis
1110 3853 1176 3890 ex
1207 3837 1350 3889 omni
1385 3850 1500 3890 τρνο
1525 3837 1862 3888 exstiterant.
1892 3836 1996 3888 Sed

433 3933 548 3984 btet:
578 3944 794 3984 versare
825 3929 1007 3982 anitno
1039 3944 1143 3982 non
1175 3928 1372 3980 licebat
1410 3927 1538 3990 illis,
1567 3927 1657 3994 qui
1682 3942 1866 3980 vocem
1905 3925 1996 3980 Dei

432 4021 666 4076 dicentis
689 4021 972 4076 audierant
1001 4037 1014 4074 :
1041 4018 1174 4080 Ecce
1223 4035 1314 4088 ego
1358 4018 1614 4071 vobiscum
1667 4034 1814 4082 sum;
1858 4033 1994 4087 quo-

434 4112 580 4167 niam
621 4111 900 4166 evidenter
946 4121 1270 4182 aspexerant
1329 4109 1599 4178 loquentis
1660 4109 1995 4162 divinitatem

433 4205 594 4262 morti
614 4204 946 4274 superiorem
979 4204 1307 4272 apparuisse.
1341 4202 1474 4257 Hinc
1503 4216 1596 4257 eos
1626 4201 1999 4256 inobedientia:

433 4299 600 4354 timor
630 4298 868 4362 incessit,
896 4297 1122 4366 ideoque
1158 4295 1410 4366 periculis
1441 4309 1500 4350 se
1517 4294 1882 4362 obiectabant,
1908 4309 1994 4348 ac-

433 4401 588 4460 cepta
620 4405 648 4442 a
680 4390 937 4460 magistro
968 4389 1128 4443 arrba
1151 4389 1276 4448 vitae
1307 4397 1423 4457 post
1458 4398 1685 4442 mortem
1725 4388 1995 4452 vivendzc;

433 4495 740 4551 magnoque
771 4481 950 4534 animo
997 4488 1222 4535 cunctas
1250 4494 1436 4550 gentes
1474 4478 1718 4541 obibant,
1754 4480 1997 4547 magistri

2109 3375 2371 3447 Ἑλλήνων
2383 3375 2496 3430 ικαὶ
2546 3374 2849 3448 Ῥωμαίων,
2880 3373 3191 3442 Αἰγυπτίων
3228 3391 3289 3426 τε
3322 3375 3417 3426 καὶ
3441 3372 3668 3443 Περσῶν

2098 3467 2190 3520 καὶ
2232 3467 2340 3519 τῶν
2374 3467 2574 3520 λοιπῶν
2604 3467 2893 3540 βαρϐάρων
2925 3464 3091 3520 ἐθνῶν
3135 3463 3487 3528 καταστῆναι,
3520 3467 3669 3517 ἀντι-

2097 3559 2453 3630 νομοθετῆσαί
2493 3577 2553 3612 τε
2598 3562 2711 3624 τοῖς
2744 3558 3055 3630 ἁπανταχοῦ
3103 3559 3207 3628 γῆς
3249 3559 3565 3629 νομοθέταις
3607 3575 3666 3611 τε

2098 3653 2191 3706 καὶ⁸
2225 3651 2521 3721 βασιλεῦσι,
2557 3651 2818 3705 τάναντία
2851 3654 2962 3715 τοῖς
2986 3651 3113 3722 περὶ
3137 3650 3244 3703 τῶν
3274 3649 3501 3720 πῴηων
3529 3649 3670 3701 θεῶν

2098 3747 2161 3797 ἐκ
2202 3744 2294 3797 τοῦ
2337 3743 2536 3806 παντὸς
2582 3743 2774 3807 αἰῶνος
2821 3739 3181 3813 δεδογμένοις.
3227 3741 3364 3794 Ἀλλ’
3398 3741 3498 3793 οὐκ
3541 3739 3670 3808 ἐξῆν

2097 3838 2278 3900 αὐτοῖς
2301 3834 2475 3890 ταῦτα
2506 3835 2848 3899 διανοεῖσθαι,
2881 3835 3145 3889 ἀκούσασι
3183 3835 3280 3906 μὲν
3314 3833 3450 3887 Θεοῦ
3487 3833 3670 3901 φωνῆς

2096 3927 2361 3998 λεγούσης
2385 3929 2587 3991 αὐτοῖς,
2626 3927 2778 3982 ἰδοὺ
2815 3925 2930 3996 ἐγὼ
2973 3929 3099 3996 μεθ’
3138 3926 3303 3996 ὑμῶν
3326 3928 3442 3995 ειμι
3461 3963 3475 3988 ,
3500 3924 3670 3996 ὁρῶσι

2097 4020 2154 4074 δέ
2189 4020 2394 4091 ἐναργῆ
2429 4020 2524 4090 τὴν
2557 4019 2649 4072 τοῦ
2681 4019 2966 4082 λαλοῦντος
2994 4018 3219 4087 θεότητα
3263 4017 3541 4088 κρείττονα
3577 4018 3671 4067 θα-

2099 4114 2260 4168 νάτου
2296 4113 2586 4182 φανθεῖσαν
2606 4129 2618 4142 ο
2660 4112 2741 4164 διὸ
2774 4112 2866 4164 καὶ
2888 4111 3002 4175 δέος
3047 4111 3229 4174 αὐτοῖς
3263 4110 3360 4178 τῆς
3389 4107 3668 4178 παρακοῆς

2099 4204 2269 4276 εἰσῄει
2296 4205 2429 4274 (54).
2462 4204 2652 4256 Ἔνθεν
2674 4204 2837 4274 ὁμόσε
2859 4205 2970 4266 τοῖς
3000 4201 3260 4265 κινδύνοις
3295 4200 3552 4273 ἐχώρουν,
3573 4201 3672 4268 τῆς

2101 4297 2240 4368 μετὰ
2265 4297 2492 4349 θάνατον
2523 4295 2664 4366 ζωῆς
2693 4295 2842 4367 παρὰ
2864 4294 2958 4347 τοῦ
2984 4294 3301 4348 διδασκάλου
3325 4293 3575 4355 λαῦόντες
3604 4291 3674 4345 τὰ

2101 4387 2370 4458 ἐχέγγυα’
2405 4385 2673 4456 προῆλθόν
2702 4403 2760 4438 τε
2797 4384 3074 4457 εὐθαρσῶς
3103 4385 3196 4438 ἐπί
3230 4383 3329 4456 τὴν
3362 4383 3670 4437 τῶν-ἁπάν-

2099 4497 2206 4532 των
2241 4478 2408 4532 ἐθνῶν
2449 4477 2715 4548 περίοδον,
2747 4476 2842 4529 τοῦ
2880 4492 3031 4544 σφων
3070 4473 3386 4529 διδασκάλου
3417 4473 3515 4538 τὰς
3544 4475 3674 4526 ὐποφ

434 4572 516 4626 sui
563 4573 949 4640 promissiones
990 4587 1155 4641 opere
1196 4571 1584 4626 conlirmantes
1616 4570 1728 4640 ('55)
1760 4587 1773 4623 :
1804 4571 1991 4638 quibus

2106 4571 2316 4641 σχέσεις
2356 4569 2534 4640 ἔργοις
2576 4567 2954 4639 πιστούμενοι·
2990 4561 3071 4631 οἷς
3103 4567 3196 4620 καὶ
3218 4567 3354 4638 ἔφη·
3394 4567 3580 4636 Ὑμεῖς
3614 4564 3672 4618 δέ

432 4665 596 4719 etiam
619 4666 865 4728 dixerat:
899 4661 1007 4718 Vos
1040 4664 1170 4718 estis
1203 4663 1393 4718 borum
1420 4672 1606 4726 testes,
1641 4663 1831 4717 mortis
1857 4664 2000 4717 vide-

435 4755 563 4810 licet
586 4769 649 4810 ac
674 4755 1109 4810 resurrectionis.

505 4851 558 4905 5.
591 4849 722 4904 Cum
752 4863 882 4918 ergo
919 4847 1088 4902 semel
1142 4846 1473 4902 declarasset
1517 4855 1768 4916 oportere
1816 4846 1867 4900 in
1904 4862 2004 4900 no.

436 4945 584 4998 mine
612 4942 730 5010 ejus
771 4941 1049 5011 praedicari
1092 4941 1468 5009 pmnitenliam
1502 4945 1552 4995 in
1586 4940 1795 4995 cunctis
1832 4939 2006 5010 genti-

437 5037 570 5100 bus;
613 5035 713 5090 nisi
738 5034 875 5088 facta
908 5033 1088 5088 verbis
1121 5041 1302 5100 postea
1324 5033 1742 5091 consensissent.
1768 5047 1834 5086 ne
1859 5032 2004 5086 illum

437 5131 656 5199 quidem
683 5143 711 5183 a
739 5129 965 5183 mortuis
989 5127 1255 5182 revixisse
1278 5126 1644 5180 crederemus.
1697 5125 1792 5179 Sin
1829 5127 2006 5194 potius

439 5221 508 5277 ad
539 5223 676 5278 banc
712 5236 880 5292 usque
913 5222 1052 5275 diem
1079 5230 1291 5275 etnnnc
1317 5219 1477 5272 etiam
1503 5216 1782 5296 praedictio
1813 5217 1864 5268 in
1895 5232 2004 5269 rem

515 5395 628 5463 (κδ)
654 5393 821 5448 Aliter
844 5393 930 5447 hic
950 5393 1293 5462 interpungit,
1319 5398 1819 5459 consequenterque
1846 5390 2010 5441 inter-

441 5475 685 5542 pretatur
709 5464 884 5542 editor
906 5465 1126 5542 :l'ttglus.

521 5535 634 5601 (54)
659 5534 782 5586 Abit
810 5536 860 5586 iu
889 5527 1051 5586 aliuiu
1080 5548 1299 5600 νισι-5ης
1332 5546 1550 5583 sensum
1587 5529 1799 5601 Anglii-it
1827 5543 1888 5580 ex

443 5599 593 5667 riaeo
651 5603 1025 5669 interpretatio
1063 5599 1091 5653 :'
1115 5602 1417 5667 “expecting
1465 5602 1591 5652 wich
1631 5600 1857 5650 however
1891 5599 2008 5666 they

444 5679 550 5739 (md
571 5674 894 5737 rntcrtnincd
922 5672 1054 5728 fear.
1093 5671 1340 5735 (Syriaco
1372 5681 1518 5733 textu
1556 5684 1638 5727 me
1668 5684 1853 5730 carere
1903 5684 2007 5723 mm

2109 4666 2233 4720 ἐστε
2277 4661 2550 4732 μάρτυρες
2594 4660 2818 4723 τούτων,
2849 4659 2943 4711 τοῦ
2964 4657 3193 4712 θανάτου
3224 4657 3422 4729 δηλαδὴ
3453 4657 3546 4710 καὶ
3576 4655 3676 4726 τῆς

2109 4755 2471 4816 ἀναστάσεως.

2181 4845 2388 4914 (55-56)
2417 4852 2483 4914 γ’.
2518 4844 2698 4910 Ἀπαξ
2721 4841 2813 4898 οὖν
2835 4841 3257 4914 ἀποφηναμένου
3275 4843 3384 4896 δεῖν
3400 4839 3676 4912 κηρυχθῆ⁴

2111 4937 2202 4989 ἐπὶ
2220 4937 2296 5006 τῷ
2319 4937 2539 5006 ὀνόματι
2559 4936 2720 4991 αὐτοῦ
2743 4936 3027 5004 μετάνοιαν
3053 4935 3145 4987 ἐπὶ
3168 4935 3346 4988 πάντα
3373 4933 3439 4986 τὰ
3458 4933 3606 5002 ἔθνη,
3625 4933 3672 4983 εί

2109 5047 2195 5081 ναι
2215 5029 2288 5099 μὴ
2304 5025 2392 5082 τοῦ
2403 5046 2528 5100 ργον
2559 5028 2958 5098 ἐπηκολούθηκε
2977 5026 3054 5096 τῷ
3070 5026 3229 5096 λόγῳ,
3254 5026 3387 5096 μηδέ
3417 5023 3481 5078 τὰ
3495 5024 3593 5092 τῆς
3610 5024 3673 5075 ἐκ

2109 5121 2315 5191 νεκρῶν
2353 5119 2695 5182 ἀναϐιώσεως
2722 5119 2892 5173 ἀὑτοῦ
2941 5117 3274 5172 πιστευέσθω
3295 5133 3308 5146 ·
3340 5117 3387 5169 εἰ
3421 5115 3478 5166 δέ
3509 5113 3672 5168 εἰσέτι

2112 5214 2203 5273 καιί
2246 5211 2340 5270 νῦν
2375 5212 2442 5268 τὰ
2487 5212 2584 5281 τῆς
2628 5213 2982 5282 προρρήσεως
3017 5213 3095 5273 εἰς
3137 5209 3295 5281 ἔργον
3339 5208 3525 5278 χωρεῖ,
3555 5206 3583 5257 ὃ
3614 5220 3670 5256 τε

2120 5389 2281 5443 semel
2307 5389 2430 5441 alibi
2471 5389 2626 5458 dixi.)

2189 5459 2400 5524 (55-56)
2427 5459 2522 5512 llic
2557 5455 3026 5528 piizetertnittitura
3056 5455 3235 5528 Nieeta
3254 5455 3530 5528 cc'ogarior
3549 5467 3670 5520 pars

2118 5530 2386 5597 aliquanta
2420 5526 2703 5583 Ettsehiani
2729 5537 2922 5589 textus,
2951 5541 3068 5594 quae
3092 5526 3280 5597 legitur
3303 5528 3352 5578 iu
3381 5526 3670 5597 Anglican;

2117 5596 2369 5667 editione,
2392 5601 2442 5666 ν’.
2476 5600 2598 5654 2:17.
2635 5597 2874 5672 Tltcopli,
2909 5611 2981 5662 tv,
3010 5597 3058 5650 9.
3093 5596 3246 5670 Angl.
3281 5612 3331 5666 ιι.
3363 5596 3489 5657 Ὴὸ.
