4098 6200
409 318 518 375 635

1755 320 1840 374 DE
1881 321 2344 379 THEOPHANIA.

3537 329 3644 383 651-

408 430 569 500 λόγος
599 430 763 484 αὑτοῦ
792 430 902 496 ζῶν
932 432 1024 484 καὶ
1049 431 1286 504 ἐνεργῶν
1316 433 1436 486 καθ’
1459 431 1586 503 ὅλης
1618 423 1717 503 τῆς
1737 433 1978 503 οἰκουμέ-

2087 436 2452 500 convertitur;
2488 435 2712 506 ejusque
2750 437 2995 502 verbum,
3031 438 3212 492 vivum
3243 447 3298 490 et
3328 436 3507 495 ellicas
3549 459 3645 512 per

411 541 514 595 νης
546 523 840 593 ὀφθαλμοῖς
870 525 1084 594 ὁρᾶται,
1121 523 1240 594 ὥρα
1275 523 1409 595 μηδὲ
1434 523 1510 594 τῷ
1538 524 1629 576 τὸν
1661 523 1818 591 λόγον
1863 541 1987 594 προ-

414 614 598 684 εμένῳ
632 616 893 668 άπιστεῖν.
927 606 1002 666 Οὗ
1026 614 1134 685 γὰρ
1161 614 1435 684 ἠδύναμις
1463 615 1610 678 ζῶσα
1639 615 1734 668 καὶ
1761 615 1986 684 ἐνεργὴς

412 709 631 779 ὁρᾶται,
656 706 841 759 τοῦτον
878 708 1090 778 ἀνάγκη
1122 708 1271 761 πᾶσα
1294 707 1428 761 πολὺ
1455 709 1717 779 πρότερον
1745 706 1864 776 ζῇν,
1894 705 1986 758 καὶ

413 799 555 852 Θεοῦ
590 798 732 870 ζωὴν
773 798 958 852 τοῦτον
992 798 1228 852 ἐκτελεῖν
1273 799 1407 871 (57).
1445 796 1506 854 οὗ
1535 799 1710 862 ζῶντα
1747 799 1814 852 τά
1851 799 1987 868 ἔργα

423 893 682 964 σύμφωνα
705 895 823 954 ταῖς
839 893 1041 960 φωναῖς
1055 891 1455 944 ἀποδείκνυται.
1476 892 1659 943 Πᾶσαν
1674 889 1804 958 γοῦν
1816 889 1984 960 ἀκοὴν

419 981 682 1036 παντοίων
715 981 883 1035 ὲονῶν
900 981 1008 1048 (58)
1027 984 1074 1034 oi
1090 981 1252 1035 αὐτοῦ
1266 982 1413 1050 λόγοι
1433 980 1645 1050 διῆλθον
1661 979 1986 1051 μεταὸαλλό-

420 1092 569 1144 μενοι
614 1073 710 1126 καὶ
752 1073 1284 1144 μεθερμηνευόμενα
1331 1075 1410 1137 είς
1445 1073 1702 1127 παντοίαν
1739 1071 1986 1140 γλῶτταν

427 1165 742 1236 Ἑλληνικήν
781 1182 839 1216 τε
879 1165 973 1217 καὶ
1011 1165 1314 1237 βάρϐαρον·
1349 1165 1424 1228 ὼς
1458 1162 1779 1228 ἐξάκουστον
1819 1161 1984 1217 αὐτοῦ

410 1256 508 1326 τὴν
526 1255 874 1309 διδασκαλίαν
895 1257 1030 1309 πᾶσι
1057 1257 1169 1320 τοῖς
1204 1255 1382 1308 ἔθνεσι
1401 1255 1716 1326 γενομένην,
1752 1256 1830 1316 εἱς
1865 1256 1986 1307 ἐπι-

412 1346 650 1418 στροφὴν
705 1347 800 1399 καὶ
850 1346 1136 1416 μετάνοιαν
1186 1347 1411 1415 ἀγαγεῖν
1457 1347 1625 1416 μυρία
1670 1345 1844 1417 πλήθη
1875 1345 1984 1398 τῶν

415 1438 677 1508 πρότερον
709 1438 767 1489 ὲν
798 1438 1039 1507 πολυθέῳ
1062 1437 1237 1508 πλάνῃ
1263 1437 1781 1509 καὶείδωλολατρεία
1813 1437 1916 1508 πλη
1927 1455 1986 1508 μ-

414 1527 589 1596 μελῶς
622 1529 716 1580 καὶ
748 1528 997 1598 ἀσέμνως
1017 1529 1292 1598 βιούντων.
1325 1530 1398 1582 Οὐ
1422 1530 1684 1600 πρότερον
1699 1529 1754 1582 δὲ
1771 1531 1980 1598 ἄφεσιν,

407 1616 530 1672 εἶτα
547 1621 849 1690 μετάνοιαν,
863 1621 999 1674 ἀλλά
1008 1621 1296 1691 μετάνοιαν
1313 1623 1544 1693 πρῶτον,
1559 1621 1674 1675 εἶτα
1685 1623 1781 1693 τὴν
1793 1624 1984 1691 ἄφεσιν

413 1713 700 1782 κηρύττειν
724 1715 1171 1787 παρακελεύεται.
1192 1715 1316 1778 Τοῖς
1335 1713 1444 1785 γὰρ
1458 1715 1699 1785 γνησίοις
1721 1714 1983 1785 πρότερον

412 1801 598 1852 κακῶν
631 1803 918 1871 μετάνοιαν
946 1803 1342 1874 ἐνδειξαμένοις
1357 1807 1390 1874 ἡ
1411 1807 1676 1877 σωτήριος
1701 1805 1860 1876 χάρις
1880 1806 1978 1874 τὴν

412 1893 756 1964 συγχώρησιν
801 1896 911 1947 τῶν
961 1896 1358 1967 πεπραγμένων
1409 1897 1749 1967 ἐδωρήσατο·
1791 1898 1856 1949 δι’
1885 1896 1980 1961 οὓς

413 1986 505 2037 καὶ
552 1985 644 2036 τὸν
689 1985 913 2039 θάνατον
947 1987 1248 2052 ἀνεδέξατο,
1284 1985 1476 2058 λύτρον
1519 1987 1710 2040 ἑαυτὸν
1765 1987 1980 2048 ἐπιδοὺς

410 2078 506 2128 καὶ
546 2076 836 2148 ἀντίψυχον
872 2077 979 2130 τῶν
1015 2079 1309 2150 μελλόντων
1332 2079 1397 2131 δι’
1422 2077 1586 2131 αὐτοῦ
1617 2077 1977 2148 σωθήσεσθαι.

407 2162 566 2216 Οὕτω
603 2165 736 2235 δῆτά
767 2169 814 2218 οἱ
841 2167 1004 2220 αὐτοῦ
1038 2167 1297 2239 μαθηταὶ,
1329 2168 1520 2240 ἄνδρες
1560 2168 1774 2238 ἄπειροι
1808 2167 1979 2236 λόγων

405 2251 560 2318 ὅντες
590 2255 684 2308 καὶ
724 2255 954 2326 πάμπαν
990 2258 1214 2322 ἰδιῶται,
1269 2260 1496 2332 πένητές
1540 2276 1598 2312 τε
1623 2262 1715 2313 καὶ
1744 2259 1980 2322 εὐτελεῖς

410 2342 470 2394 τὺ
499 2344 684 2414 σχῆμα
704 2345 838 2418 (59),
871 2349 936 2418 τῇ
961 2348 1183 2419 δυνάμει
1207 2349 1300 2402 τοῦ
1331 2347 1468 2420 μετὰ
1499 2348 1724 2402 θάνατον
1746 2348 1979 2418 θεωρου-

412 2434 574 2503 μένου
610 2437 705 2490 καὶ
736 2439 994 2509 ἐμφανῶς
1037 2441 1220 2504 αὐτοῖς
1265 2441 1717 2512 συναυλιζομένου
1750 2441 1980 2512 ἐπιθαρ-

413 2529 691 2600 σήσαντες.
707 2531 813 2585 ἀπὸ
827 2533 924 2603 τῆς
936 2533 1290 2606 Ἰερουσαλὴμ
1306 2534 1512 2598 πόλεως
1531 2534 1822 2606 ἀρξάμενοι
1838 2532 1980 2588 κατὰ

409 2621 511 2684 τὰς
534 2621 696 2676 αὑτοῦ
732 2625 1180 2696 παρακελεύσεις,
1220 2628 1305 2680 ἵνα
1347 2627 1726 2698 ἀναπολόγητα
1751 2625 1837 2697 εἴη
1867 2627 1979 2688 τοῖς

423 2713 690 2779 Ἰουδαίοις
711 2717 1092 2789 ἀπιστήσασιν,
1124 2721 1216 2772 ἐπὶ
1236 2720 1411 2774 πάντα
1439 2718 1791 2792 προῆλθοντά
1824 2717 1974 2787 ἔθνη,

412 2803 504 2855 καὶ
538 2803 605 2858 τά
644 2810 1085 2877 προστεταγμένα
1119 2810 1366 2876 ἐποίουν,
1402 2810 1759 2880 κηρύττοντες
1810 2806 1976 2877 μετά-

405 2912 556 2948 νοιαν
587 2900 699 2962 τοῖς
732 2900 886 2964 πᾶσι,
918 2901 1013 2952 καὶ
1045 2901 1198 2954 λύσιν
1222 2901 1330 2955 τῶν
1360 2900 1623 2973 πρότερον
1667 2899 1767 2968 τῆς
1801 2897 1979 2969 ψυχῆς

407 2986 886 3061 ἀμπλακημάτων.

481 3255 591 3327 (60)
616 3258 978 3330 Συνηγμένων
1009 3261 1106 3331 μὲν
1143 3259 1236 3315 οὖν
1273 3262 1364 3316 ἐπὶ
1393 3262 1452 3315 τὸ
1486 3261 1618 3315 αὐτὸ
1651 3262 1707 3315 ὲν
1734 3263 1844 3325 τοῖς
1884 3260 1981 3313 Ἰε-

408 3348 724 3421 ροσολύμοις
748 3351 857 3404 τῶν
908 3353 1182 3425 ἀρχόντων
1214 3354 1308 3407 τοῦ
1349 3353 1612 3408 Ἰουδαίων
1637 3353 1841 3416 ἔθνους,
1877 3353 1977 3422 ἁρ-

409 3441 638 3512 χιερέων
663 3460 722 3497 τε
765 3445 860 3498 καὶ
911 3447 1398 3517 νομοδιδασκάλων,
1441 3448 1499 3502 ὲν
1537 3445 1686 3517 αύτῷ
1721 3445 1797 3516 τῷ
1849 3445 1978 3515 ἱερῷ

408 3531 730 3603 ποιούμενος
761 3534 861 3599 τὰς
895 3536 1200 3608 διατριϐὰς,
1229 3539 1299 3593 τὰ
1346 3538 1606 3609 μέλλοντα
1632 3539 1813 3600 αὐτοῖς
1856 3539 1976 3589 κατ’

408 3621 573 3676 αὐτοῦ
600 3623 921 3694 τολμᾶσθαι,
941 3627 1034 3680 καὶ
1063 3627 1154 3681 τὸν
1181 3629 1272 3680 ἐπὶ
1293 3631 1357 3699 τῇ
1389 3629 1562 3700 τόλμῃ
1595 3627 1976 3698 καταληψόμε-

404 3729 497 3766 νον
523 3715 717 3780 αὐτοὺς
733 3715 949 3790 ὄλεθρον
983 3721 1427 3790 ὲπεσκιασμένως
1447 3721 1632 3773 τοῦτον
1657 3720 1749 3773 τὸν
1778 3719 1979 3790 τρόπον

402 3804 494 3858 διὰ
520 3807 620 3877 τῆς
665 3809 979 3881 παραϐολῆς
1030 3812 1434 3883 προηγόρευσεν
1459 3830 1471 3841 ·
1507 3813 1839 3879 ’Ἄνθρωπός
1886 3829 1977 3877 τις

406 3892 487 3968 ἦν
533 3901 981 3968 οἰκοδεσπότης,
1035 3903 1206 3968 ὅστις
1262 3904 1596 3971 ἐφύτευσεν
1631 3902 1974 3972 ἀμπελῶνα,

408 3989 506 4043 καί
529 3992 797 4060 φραγμὸν
815 3993 975 4059 αὐτῷ
999 3993 1326 4062 περιέθηκε,
1356 3993 1453 4047 καὶ
1476 3994 1704 4063 ὤρυξεν
1726 3996 1796 4048 ἐν
1818 3994 1977 4060 αὐτῷ

399 4081 621 4150 ληνὸν,
652 4084 751 4136 καὶ
789 4083 1138 4154 ᾠκοδόμησε
1182 4087 1431 4156 πύργον,
1478 4087 1577 4140 καὶ
1603 4087 1845 4151 ἐξέδοτο
1872 4091 1979 4144 αὺ-

408 4175 514 4226 τὸν
539 4177 836 4244 γεωργοῖς,
866 4178 963 4231 καὶ
987 4178 1391 4248 ἀπεδήμησεν.
1431 4179 1562 4233 Ὅτε
1608 4179 1675 4234 δὲ
1724 4181 1977 4250 ἤγγισεν

407 4267 442 4318 ὀ
473 4267 675 4334 καιρὸς
722 4267 838 4321 τῶν
875 4269 1137 4338 καρπῶν,
1171 4271 1492 4325 ἀπέστειλε
1533 4272 1674 4338 τοὺς
1717 4271 1977 4343 δούλους

405 4361 592 4415 αὑτοῦ
624 4362 773 4431 πρὸς
797 4363 936 4427 τοὺς
963 4365 1256 4435 γεωργοὺς
1299 4365 1507 4420 λαϐεῖν
1533 4367 1677 4432 τοὺς
1707 4370 1973 4436 καρποὺς

2087 525 2393 578 universum
2426 526 2612 580 orbem
2645 527 3032 596 conspicimus,
3055 531 3299 594 sequitur
3319 540 3466 585 utne
3498 536 3644 590 verbi

2085 617 2302 684 quidem
2358 618 2564 671 auctori
2614 619 2774 673 [idem
2812 621 3147 691 derogemus.
3201 620 3334 677 Nam
3367 625 3518 695 cujus
3565 628 3648 682 vis

2087 707 2270 762 vivens
2319 716 2375 760 et
2423 707 2669 761 ell‘ectris
2718 709 2984 773 cernitur,
3022 709 3164 764 hunc
3211 727 3435 767 necesse
3471 724 3554 768 est
3593 725 3650 769 et

2086 798 2252 854 multo
2287 800 2467 866 potius
2495 800 2696 862 vivere,
2747 809 2800 853 et
2839 799 2929 854 Dei
2964 801 3129 854 vitam
3185 801 3324 857 hunc
3365 815 3644 872 prmstare,

2084 890 2238 959 cujus
2267 893 2385 944 viva
2423 905 2584 960 opera
2629 892 2812 945 verbis
2843 895 3197 947 consonantia
3253 907 3643 954 monstrantur.

2084 981 2162 1033 Ad
2196 980 2436 1034 oumium
2469 980 2649 1046 itaque
2682 981 3075 1049 quantumlibet
3106 984 3374 1038 variarum
3402 987 3644 1055 gentium

2083 1071 2324 1124 auditum
2393 1086 2672 1124 sermones
2721 1071 2838 1140 ejus
2873 1073 3224 1138 devenerunt,
3285 1077 3527 1130 translati
3591 1079 3643 1130 in

2083 1163 2376 1231 quamlibet
2427 1163 2660 1233 linguam
2714 1173 2876 1231 atque
2902 1163 3195 1232 explauatl,
3233 1166 3348 1221 sive
3374 1166 3641 1232 Graecam,

2083 1256 2197 1310 sive
2248 1256 2628 1310 barbaricam:
2664 1263 2721 1307 ut
2756 1270 2949 1325 nempe
2989 1257 3230 1312 doctrina
3278 1259 3394 1330 ejus
3436 1263 3646 1316 cunctis

2084 1345 2296 1415 pupulis
2342 1347 2727 1410 iuuotesccret,
2756 1362 2864 1414 quo
2896 1359 3340 1403 converterentur
3386 1366 3447 1405 ac
3506 1353 3644 1405 resi-

2083 1435 2352 1501 piscerent
2386 1434 2680 1486 innumerae
2715 1436 3106 1500 multitudines,
3133 1453 3252 1504 qua:
3274 1450 3430 1493 antea
3464 1441 3514 1494 in
3553 1458 3646 1510 po-

2083 1527 2352 1598 lytbeismi
2383 1542 2572 1581 errore
2612 1537 2666 1580 et
2705 1529 2968 1582 idolorum
3001 1529 3147 1584 cultu
3187 1531 3348 1600 impie
3395 1543 3646 1602 turpiter-

2081 1635 2186 1690 que
2249 1601 2521 1674 vivebant.
2592 1620 2778 1689 Neque
2832 1631 2987 1675 antea
3040 1623 3175 1677 dixit
3246 1601 3641 1691 remissionem,

2082 1721 2264 1781 postea
2294 1711 2688 1781 paenitentiam,
2739 1713 2834 1766 sed
2865 1714 3239 1779 paenitentiam
3296 1717 3470 1785 primo
3501 1717 3640 1782 loco,

2082 1802 2274 1855 deinde
2301 1801 2675 1857 remissionem
2710 1805 3005 1873 praedicare
3022 1803 3203 1871 jussit.
3236 1805 3365 1860 Nam
3401 1808 3645 1865 ﬁdelibus

2079 1893 2169 1962 qui
2201 1903 2356 1948 antea
2383 1903 2728 1962 peccatorum
2764 1895 3134 1964 paenitentiam
3177 1913 3286 1966 pra:
3313 1914 3372 1953 se
3402 1900 3640 1966 tulerint,

2081 1986 2386 2039 Servatoris
2418 1986 2588 2056 gratia
2629 1988 2840 2041 veniam
2888 1990 3280 2058 praeteritorum
3320 1992 3501 2046 donat.
3553 1993 3640 2046 Et-

2077 2073 2219 2126 enim
2274 2083 2494 2142 propter
2538 2074 2656 2129 illos
2689 2085 2914 2130 mortem
2956 2079 3069 2146 ipse
3117 2081 3352 2147 excepit,
3411 2083 3640 2149 pretiuru

2079 2173 2248 2218 semet
2291 2165 2577 2220 conferens
2625 2167 2695 2221 ob
2728 2168 3030 2222 animarum
3075 2172 3494 2240 redemptionem
3527 2189 3646 2243 qua:

2078 2255 2348 2309 salvandaa
2393 2266 2540 2310 sunt.
2593 2255 2684 2311 Sic
2721 2257 2935 2312 demum
2964 2259 3080 2329 ejus
3100 2261 3370 2332 discipuli,
3402 2261 3648 2319 homines

2079 2345 2382 2419 linguarum
2417 2349 2590 2419 ignari
2630 2362 2684 2407 et
2715 2353 2936 2408 omnino
2977 2353 3173 2418 idiotas,
3225 2369 3490 2425 pauperes
3528 2356 3649 2410 vili-

2079 2454 2182 2508 que
2215 2443 2415 2510 specie,
2440 2443 2626 2497 virtuti
2660 2444 2802 2499 illius
2831 2461 2990 2514 quem
3025 2455 3144 2515 post
3178 2459 3403 2502 mortem
3431 2456 3645 2516 specta-

2078 2541 2286 2594 verant,
2313 2533 2513 2599 quique
2540 2531 2824 2586 manifeste
2852 2548 2973 2585 cum
3001 2533 3132 2602 ipsis
3151 2541 3516 2588 conversatus.
3530 2533 3645 2588 fue-

2078 2633 2182 2689 rat,
2208 2625 2562 2684 conﬁdentes.
2603 2634 2762 2694 capto
2793 2624 2890 2679 abs
2930 2625 3315 2695 Hierosolymis
3349 2626 3524 2689 initio,
3561 2641 3647 2681 se-

2078 2718 2310 2770 cundum
2339 2717 2504 2785 ipsius
2530 2717 2701 2783 iussa,
2745 2724 2803 2770 ut
2852 2715 2965 2783 jam
2997 2717 3252 2785 deinceps
3297 2718 3645 2772 excusatione

2079 2819 2328 2863 carerent
2359 2808 2533 2884 Judaei
2563 2809 2847 2874 increduli,
2902 2813 2966 2864 ad
2992 2819 3219 2864 cunctas
3266 2819 3454 2879 gentes
3481 2799 3643 2865 deve-

2079 2909 2292 2965 nerunt,
2348 2913 2404 2956 et
2458 2902 2720 2967 mandata
2768 2903 2868 2957 sibi
2929 2901 3246 2968 eﬂ‘ecerunt,
3294 2903 3646 2968 praedicantes

2076 2996 2324 3052 omnibus
2351 2997 2740 3066 paenitentiam,
2771 3009 2826 3054 et
2858 2999 3095 3064 priorum
3135 2998 3326 3053 animae
3358 2998 3642 3054 criminum

2002 3117 2049 3174 ο
2079 3088 2490 3144 absolutionem.

2820 3181 2909 3235 Vl.

2153 3274 2290 3329 Cum
2326 3284 2513 3329 essent
2547 3274 2714 3344 igitur
2741 3273 3129 3344 Hierosolymis
3159 3273 3468 3342 congregati
3513 3287 3645 3341 gen-

2084 3367 2152 3420 tis
2175 3365 2414 3421 Judaicte
2445 3368 2741 3435 principes,
2782 3366 3065 3434 pontiﬁces
3097 3382 3159 3421 ac
3192 3366 3323 3435 legis
3370 3366 3644 3433 doctores,

2081 3462 2362 3515 diversans
2406 3462 2457 3514 in
2498 3463 2696 3530 templo
2749 3461 3005 3516 Christus
3055 3461 3232 3516 scelus
3282 3462 3333 3514 in
3374 3476 3434 3516 se
3479 3462 3546 3516 ab
3577 3463 3644 3516 iis

2080 3545 2426 3616 patrandum,
2453 3559 2508 3602 et
2535 3557 2946 3603 conseculuram
2975 3549 3150 3604 scelus
3183 3563 3488 3617 supremam
3525 3567 3642 3619 pa!-

2081 3655 2226 3702 nam,
2277 3655 2472 3695 arcano
2513 3642 2592 3696 sic
2622 3657 2717 3709 per
2746 3641 3052 3710 parabolam
3092 3641 3417 3695 vaticinatum
3449 3650 3528 3696 est
3558 3643 3638 3697 ":

2084 3731 2254 3785 Homo
2303 3743 2419 3786 erat
2453 3733 2862 3801 paterfamilias,
2893 3734 2981 3799 qui
3026 3732 3278 3801 plantavit
3320 3731 3542 3796 vineam,
3590 3743 3638 3786 et

2082 3842 2252 3891 sepem
2279 3825 2627 3878 circumdedit
2656 3825 2730 3890 ei,
2759 3834 2807 3878 et
2831 3824 2963 3891 fodit
2998 3826 3050 3878 in
3076 3841 3136 3878 ea
3161 3823 3414 3888 torcular,
3450 3834 3497 3878 et
3524 3825 3624 3877 redi

2080 3917 2259 3985 ﬁcavit
2285 3918 2564 3982 turrim,et
2597 3909 2818 3969 tradidit
2868 3931 2982 3968 eam
3028 3914 3296 3984 agricolis,
3341 3923 3390 3968 et
3436 3930 3643 3984 peregre

2081 4010 2344 4077 profectus
2395 4017 2492 4062 est.
2536 4008 2667 4063 Cum
2711 4017 2882 4062 autem
2927 4018 3124 4075 tempus
3157 4007 3423 4074 fructuum
3454 4023 3642 4072 appro-

2079 4103 2401 4169 pinquasset,
2426 4104 2566 4155 misit
2606 4117 2777 4154 servos
2803 4118 2924 4155 suos
2950 4103 3018 4154 ad
3051 4100 3311 4170 agricolas
3345 4109 3399 4152 ut
3436 4100 3639 4164 accipe-

2081 4203 2194 4245 rent
2252 4192 2455 4261 [ructus
2491 4193 2628 4261 ejus.
2681 4189 2748 4244 Et
2805 4193 3050 4262 agricola:
3098 4193 3428 4260 apprehensis
3479 4191 3641 4246 servis

2077 4285 2212 4352 ejus,
2265 4284 2426 4336 alium
2465 4287 2824 4352 pulsaverunt,
2884 4286 3047 4338 alium
3115 4287 3431 4348 occiderunt,
3475 4282 3641 4336 alium

2079 4394 2194 4430 vero
2233 4378 2620 4442 tapidaverunt.
2657 4375 2855 4430 lterum
2895 4379 3040 4431 misit
3082 4377 3215 4430 alios
3258 4393 3428 4430 servos
3461 4374 3638 4444 plures

403 4452 612 4507 αὐτοῦ.
670 4454 778 4508 Καὶ
826 4457 1113 4522 λαϐόντες
1163 4462 1214 4513 οἱ
1263 4461 1504 4528 γεωργοί
1541 4459 1682 4525 τοὺς
1716 4459 1977 4528 δούλους

2080 4470 2365 4536 prioribus,
2393 4480 2442 4522 et
2472 4472 2708 4538 fecerunt
2737 4471 2864 4536 ipsis
2896 4470 3160 4523 similiter.
3201 4466 3498 4521 Novissime
3533 4483 3634 4520 au-

402 4543 612 4606 αὐτοῦ,
643 4545 716 4603 ὃν
733 4545 851 4614 μὲν
878 4548 1132 4616 ἔδειραν,
1157 4549 1230 4603 ὃν
1276 4551 1345 4603 δὲ
1395 4552 1772 4617 ἀπέκτειναν,
1803 4554 1876 4608 ὃν
1905 4555 1972 4609 δὲ

400 4637 857 4703 ἐλιθοϐόλησαν.
881 4638 1069 4693 Πάλιν
1083 4642 1439 4696 ἀπέστειλεν
1467 4644 1695 4710 ἄλλους
1713 4643 1972 4710 δούλους

404 4727 690 4792 πλείονας
737 4727 852 4780 τῶν
907 4729 1169 4796 πρώτων,
1235 4731 1334 4783 καὶ
1401 4733 1700 4798 ἐποίησαν
1767 4735 1973 4801 αὐτοῖς

401 4816 702 4884 ὡσαύτως.
743 4820 1020 4887 Ὕστερον
1071 4821 1137 4873 δὲ
1181 4821 1498 4875 ἀπέστειλε
1548 4823 1698 4892 πρὸς
1751 4826 1972 4892 αὑτικὺς

401 4907 510 4959 τὸν
555 4910 688 4962 υίόν
743 4911 948 4976 αὐτοῦ,
1002 4917 1229 4982 λέγων·
1290 4915 1802 4983 Ἐντραπήσονται
1866 4929 1972 4970 τον

400 5000 538 5052 υἱόν
562 5020 701 5069 μου.
736 5005 802 5056 οι
828 5003 895 5057 δὲ
921 5006 1184 5074 γεωργοὶ,
1217 5007 1445 5074 ἰδόντες
1485 5009 1593 5062 τὸν
1623 5008 1778 5073 υἱὸν,
1802 5007 1974 5065 εἷπον

401 5089 474 5142 ἐν
507 5091 769 5161 ἑαυτοῖςο
822 5091 1010 5160 Οὗτός
1055 5097 1224 5150 ἐστιν
1263 5103 1295 5152 ὀ
1341 5104 1743 5171 κληρονόμοςο
1781 5103 1971 5168 δεῦτε,

394 5186 839 5254 ἀποκτείνωμεν
862 5186 1068 5250 αὐτὸν,
1091 5188 1188 5241 καὶ
1215 5189 1606 5260 κατάσχωμεν
1625 5191 1740 5261 τὴν
1760 5199 1978 5268 κληροφ

472 5321 519 5353 ’⁸
549 5319 734 5376 Matth.
766 5338 878 5386 ut,
909 5323 978 5376 55
1004 5337 1124 5394 seq.

2078 4572 2177 4614 tem
2209 4563 2352 4614 misit
2381 4563 2450 4614 ad
2480 4577 2565 4614 eos
2599 4562 2768 4629 ﬁlium
2797 4579 2973 4626 suum,
3003 4563 3178 4614 dicens
3201 4576 3219 4612 :
3249 4558 3636 4611 Reverebuntur

2079 4655 2247 4722 ﬁlim»
2277 4671 2466 4708 meum.
2488 4653 2749 4724 Agricola:
2791 4665 2961 4708 autem
2992 4653 3218 4708 videntes
3253 4651 3443 4719 ﬁlium,
3486 4650 3638 4702 dixe-

2080 4754 2197 4796 runt
2259 4747 2398 4798 intra
2443 4761 2497 4798 se
2543 4761 2561 4798 :
2601 4744 2700 4797 llic
2752 4754 2828 4798 est
2884 4747 3067 4806 turres,
3105 4742 3286 4804 uenite,
3336 4741 3637 4794 occidamus

2076 4851 2217 4900 eum,
2265 4847 2312 4889 et
2359 4853 2667 4904 occupemus
2703 4839 3056 4892 haereditate»:
3091 4835 3224 4904 ejus.
3261 4831 3327 4886 Et
3356 4831 3638 4900 apprehen-

2078 4946 2192 4981 sum
2231 4946 2348 4982 eum
2383 4929 2644 4998 ejecerunt
2671 4943 2818 4984 extra
2840 4932 3059 4994 vincant,
3089 4938 3135 4981 et
3166 4928 3483 4983 occiderunt.
3505 4922 3636 4976 Cum

2079 5036 2200 5087 ergo
2251 5024 2445 5074 venerit
2490 5024 2734 5075 dominus
2787 5022 2966 5084 vincar,
3014 5020 3140 5086 quid
3189 5018 3342 5087 faciet
3389 5015 3636 5084 agricolis

2080 5111 2232 5163 illis?
2262 5111 2419 5164 Aiunt
2453 5115 2502 5165 ei
2524 5130 2542 5166 :
2573 5113 2742 5166 Malos
2775 5113 2911 5166 male
2955 5113 3152 5178 perdet,
3177 5119 3225 5162 et
3249 5109 3445 5162 rineam
3487 5121 3635 5158 suam

2083 5203 2254 5256 tradet
2302 5204 2423 5257 aliis
2456 5205 2725 5272 agricolis,
2764 5205 2852 5271 qui
2890 5204 3100 5257 reddent
3142 5203 3192 5254 ei
3241 5201 3466 5267 fructum
3506 5205 3639 5249 tem-~

466 5437 580 5500 (57)
611 5437 978 5522 ῐξιιιρσιειοίοιιι
1009 5441 1114 5522 (1λίρί
1153 5458 1166 5495 :
1195 5441 1370 5522 et‘llei
1393 5446 1548 5499 vitam
1580 5447 1762 5522 virere.
1801 5449 1854 5522 id
1882 5463 1964 5504 est
2068 5454 2273 5522 Anglus
2305 5471 2319 5508 :
2353 5455 2512 5510 These
2541 5453 2622 5504 his
2661 5452 2827 5522 words
2863 5451 2981 5522 then
3002 5449 3150 5518 θείης
3183 5449 3374 5522 “md:

392 5524 574 5581 parem
610 5509 802 5581 divina:
829 5512 983 5563 vitam
1014 5513 1217 5581 degere.
1247 5515 1518 5569 Christum
1543 5519 1771 5570 scilicet.
1801 5519 1964 5573 l’aulo

395 5577 556 5657 alite}:
594 5579 850 5657 Anglicus
887 5577 1108 5657 tentus
1135 5587 1238 5637 and
1281 5585 1392 5636 that
1435 5586 1495 5640 hc
1542 5587 1689 5656 bring
1722 5598 1773 5641 to
1814 5591 1961 5657 effect

393 5648 484 5715 the
520 5648 680 5714 lit-ing
711 5647 882 5715 things
907 5652 965 5715 of
983 5650 1115 5703 God.

463 5714 576 5788 (58)
604 5717 715 5773 Non
747 5714 953 5776 vdctui'
978 5722 1364 5795 legissesvrus
1388 5742 1498 5778 voc.
1522 5727 1709 5788 ἐθνῶν,
1742 5729 1964 5789 ideoque

2143 5519 2255 5594 (59)
2288 5521 2736 5598 Αιιιγὺὶςιιυειιιίῑιί
2765 5531 2849 5573 est
2877 5519 3216 5598 aliquantum
3257 5536 3320 5574 ex
3354 5519 3490 5592 Syro
3518 5519 3631 5573 An-

2072 5595 2189 5664 glus
2219 5590 2245 5646 ι’
2268 5597 2426 5660 necdg
2447 5594 2552 5664 (as),
2571 5591 2688 5659 theg
2719 5590 2926 5664 ψει-εις(
2945 5590 3076 5664 their
3097 5593 3382 5646 character.

2145 5666 2256 5734 (ὺο)
2296 5667 2354 5718 Α.
2393 5658 2428 5718 l'.
2457 5658 2577 5715 ibi}.
2614 5658 2670 5715 ll.
2700 5662 2821 5729 Syr.
2864 5658 2948 5724 IV,
2977 5659 3052 5712 l3.
