4098 6200
476 249 604 363 635.

1171 300 1437 357 EUSEBII
1478 301 1958 359 CIESARIELVSIS
1993 302 2144 357 OPP.
2186 302 2366 358 PARS
2403 302 2490 359 IV.
2530 335 2599 344 —
2633 299 3054 357 DOGMATICA.

3608 297 3708 352 636

476 429 686 495 poribus
710 427 843 479 suis.
879 423 1012 478 Dicit
1045 423 1152 478 illis
1183 423 1340 479 Iesus
1367 441 1385 479 :
1441 425 1725 497 Nunquam
1754 427 1952 496 legistis
1984 428 2037 481 in

2161 428 2357 497 ρομίαν
2387 425 2593 480 αὑτοῦ.
2622 426 2730 480 Kal
2759 426 3050 488 λαϐόντες
3079 420 3266 475 αὐτὸν
3283 419 3574 483 ἐξέϐαλον
3599 417 3712 480 ἕξω

481 518 802 583 Scripturis:
841 513 1087 583 Lapidem
1144 531 1296 584 quem
1337 517 1744 584 reprobarerunt
1768 518 2045 584 (edi/icun—

479 620 576 674 tes,
607 609 689 661 hic
719 608 894 676 factus
927 617 1003 660 est
1046 607 1102 660 in
1149 617 1304 675 caput
1349 608 1531 676 anguli
1560 610 1585 664 Ρ
1619 608 1664 660 Α
1703 607 1924 661 Domino
1959 609 2043 677 [a-

477 711 618 753 etum
649 711 722 753 est
754 701 918 762 istud,
945 709 1088 752 etest
1110 699 1348 753 mirabile
1381 701 1434 752 in
1462 701 1628 754 oculis
1661 702 1850 753 nostris
1873 701 1898 753 Ζ)
1917 700 2046 752 Ideo

479 795 600 844 dico
629 793 794 854 vobis,
829 792 969 860 quod
1021 792 1296 858 auferetur
1320 808 1352 844 a
1391 792 1530 846 vobis
1587 808 1800 861 regnum
1849 791 1966 854 Dei,
1996 799 2046 844 et

481 885 695 936 dabitur
727 885 868 952 genti
897 885 1113 952 facienti
1151 884 1354 951 [ructus
1385 883 1522 952 ejus.
1558 884 1651 937 Est
1693 886 1805 937 hazc
1830 884 2048 952 quidem

483 976 730 1043 parabola
776 976 966 1032 similis
1013 976 1106 1038 illi,
1160 992 1280 1036 una:
1323 977 1465 1045 apud
1517 977 1704 1030 Isaiam
1748 977 1830 1031 his
1875 979 2051 1033 verbis

483 1066 771 1118 scribitur:
804 1063 964 1118 Vinea
991 1067 1093 1134 fuit
1122 1065 1311 1120 dilecto
1335 1067 1388 1120 in
1413 1083 1599 1130 cornu,
1627 1067 1679 1119 in
1701 1068 1882 1135 pingui
1913 1067 2047 1122 loco.

487 1155 672 1223 Sepem
712 1161 759 1212 ei
803 1159 1149 1223 circumdedi,
1191 1175 1406 1226 eamque
1428 1159 1643 1225 uallari,
1672 1169 1719 1212 et
1740 1161 1970 1223 consevi,
2002 1169 2051 1213 et

485 1251 674 1302 turrim
701 1251 979 1317 ludiﬁcari,
1013 1259 1060 1303 et
1087 1250 1324 1302 torcular
1355 1249 1490 1315 fodi.
1528 1250 1841 1319 Exspectant
1877 1263 2050 1304 autem

489 1350 546 1393 ut
592 1358 747 1412 uvam
790 1342 1042 1410 gigneret,
1093 1350 1443 1394 verumtamen
1479 1342 1660 1411 spinas
1709 1344 1940 1396 reddidit
1983 1343 2051 1395 ⁸⁸.

487 1433 596 1487 δειι
637 1434 780 1486 enim
830 1435 1100 1500 propheta:
1147 1433 1400 1500 parabola
1434 1435 1500 1487 ad
1552 1434 1719 1498 vincte
1762 1435 2054 1502 reprehen-

487 1525 693 1578 sionem
723 1524 1126 1578 acconuuodata
1161 1533 1262 1578 est.
1294 1523 1358 1577 Et
1397 1524 1616 1591 quidem
1664 1524 1922 1594 propheta
1957 1525 2054 1579 de-

489 1615 716 1668 claravit
745 1616 871 1682 quid
907 1631 970 1667 eo
1007 1617 1226 1667 nomine
1273 1613 1674 1680 signiﬁcaretur
1702 1631 1715 1668 :
1743 1612 1872 1666 Nam
1911 1613 2055 1666 vinea

489 1705 706 1758 Domini
748 1707 1096 1769 exercituum,
1140 1706 1330 1757 domus
1372 1703 1591 1757 Israelis
1619 1715 1694 1757 est
1722 1705 1791 1757 ⁸⁷.
1819 1703 2058 1758 (latero-

2145 519 2254 574 τοῦ
2282 516 2656 589 ἀμπελῶνος,
2686 517 2780 570 καὶ
2813 516 3186 570 ἀπέκτειναν.
3220 513 3397 565 Ὅταν
3428 505 3540 564 οὖν
3569 510 3715 576 ἔλθῃ

2147 616 2180 667 ό
2212 611 2417 680 κύριος
2445 609 2549 663 τοῦ
2585 607 2953 676 ἀμπελῶνος,
2991 607 3048 659 τί
3097 605 3336 675 ποιήσει
3374 602 3499 668 τοῖς
3532 618 3710 670 γεωρ-

2147 702 2277 774 γοῖς
2329 701 2627 766 ἐκείνοις;
2665 697 2963 767 Λέγουσιν
3003 695 3189 761 αὐτῷ·
3250 692 3484 758 Κακοὺς
3523 690 3722 756 κακῶς

2147 793 2436 850 ἀπολέσει
2467 791 2688 856 αὐτούς
2708 806 2722 820 ·
2763 788 2863 842 καὶ
2890 788 2995 840 τὸν
3033 784 3354 854 ἀμπελῶνα
3398 782 3722 836 ἐκδώσεται

2149 886 2362 952 ἄλλοις
2395 882 2685 954 γεωργοῖς,
2717 881 2934 946 οἵτινες
2961 875 3384 932 ἀποδώσουσιν
3410 872 3569 939 αὐτῷ
3582 872 3722 937 τοὺς

2150 978 2416 1047 καρποὺς
2449 976 2662 1040 ἐντοῖς
2697 971 2924 1044 καιροῖς
2969 968 3184 1024 αὐτῶν.
3237 968 3407 1038 Λέγει
3450 966 3654 1032 αὺτοῖς
3689 969 3722 1019 ό

2165 1069 2424 1136 Ἰησοῦς·
2455 1068 2755 1122 Οὐδέποτε
2784 1063 3078 1134 ἀνέγνωτε
3129 1061 3198 1115 ἐν
3247 1059 3375 1125 ταῖς
3417 1057 3682 1128 Γραφαῐς
3711 1077 3724 1090 ο

2153 1161 2337 1216 Λίθον
2368 1158 2442 1212 ὃν
2463 1157 2920 1226 ἀπεδοκίμασαν
2952 1155 3008 1206 οι
3047 1149 3523 1220 οἰκοδομοῦντες,
3549 1144 3734 1215 οὗτος

2153 1251 2407 1322 ἐγενήθη
2469 1253 2557 1318 εὶς
2613 1248 2890 1318 κεφαλὴν
2956 1245 3176 1316 γωνίας
3192 1260 3212 1309 ;
3281 1243 3448 1310 Παρὰ
3505 1241 3735 1310 Κυρίου

2154 1346 2391 1416 ἐγένετο
2423 1343 2596 1410 αὕτη,
2632 1342 2731 1396 καὶ
2776 1338 2911 1393 ἔστι
2945 1333 3261 1406 θαυμαστή
3301 1333 3372 1387 ἐν
3401 1328 3736 1401 ὀφθαλμοῖς

2157 1435 2325 1506 ἡμῶν
2351 1453 2367 1500 ;
2398 1435 2500 1488 Διὰ
2528 1434 2704 1488 τοῦτο
2751 1431 2906 1499 λέγω
2938 1428 3102 1498 ὑμῖν,
3133 1426 3222 1480 ὅτι
3263 1424 3587 1494 ἀρθήσεται
3629 1422 3730 1490 ἀφ’

2155 1523 2324 1594 ὑμῶν
2354 1524 2392 1590 ἠ
2416 1523 2704 1588 ,Βασιλεία
2731 1520 2836 1575 τοῦ
2873 1517 3043 1585 Θεοῦ,
3075 1517 3174 1570 καὶ
3205 1512 3525 1581 δοθήσεται
3574 1512 3733 1565 ἔθνει

2159 1617 2428 1673 ποιοῦντι
2461 1615 2599 1681 τοὺς
2629 1610 2894 1681 καρποὺς
2914 1606 3127 1675 αὐτῆς.
3160 1607 3315 1659 Ἐστι
3340 1604 3397 1658 δὲ
3434 1606 3466 1676 ή
3495 1602 3736 1674 παραϐο-

2160 1713 2226 1783 λὴ
2281 1707 2544 1779 συγγενὴς
2594 1709 2660 1777 τῇ
2713 1702 2865 1774 παρὰ
2910 1700 2986 1772 τῷ
3018 1701 3234 1770 Ἡσαΐᾳ,
3267 1700 3394 1769 παρ’
3451 1691 3495 1765 ᾧ
3547 1694 3735 1748 τοῦτον

486 1798 624 1866 quin
666 1797 974 1851 Servatoris
1008 1796 1260 1864 parabole
1296 1795 1502 1849 idcirco
1545 1795 1610 1847 ad
1649 1795 1791 1848 illius
1823 1797 2058 1864 prophe-

2161 1776 2272 1876 ἔχει
2300 1776 2404 1856 τὸν.
2445 1776 2676 1872 τρόπον·
2726 1793 3026 1866 Ἀμπελὼν
3073 1791 3319 1861 ἐγενήθη
3381 1787 3461 1854 τῷ
3507 1789 3735 1858 ἠγαπη-

491 1891 610 1942 tica:
666 1889 968 1957 exemplum
1013 1889 1153 1942 dicta
1211 1887 1332 1951 fuit,
1382 1895 1440 1940 ut
1487 1902 1516 1940 a
1559 1888 1808 1956 przeseuti
1856 1903 2057 1942 corona

491 1980 818 2034 audientiqu
855 1978 1284 2049 intelligeretur:
1320 1995 1424 2032 non
1451 1988 1630 2033 tamen
1659 1981 1723 2033 de
1759 1980 1870 2048 ipsa
1907 1983 2060 2034 viuca

488 2086 670 2125 Sermo
706 2072 975 2138 loquitur:
1007 2085 1239 2137 namque
1265 2070 1376 2134 ipse
1421 2070 1687 2138 propheta
1734 2071 2051 2125 vaticinium

493 2161 799 2230 hujusmodi
849 2171 1340 2229 pr:eoccupaverat.
1387 2160 1517 2226 Quae
1563 2173 1743 2216 autem
1798 2163 2058 2231 propheta

492 2254 806 2315 reticuerat,
853 2266 915 2304 ea
968 2249 1223 2305 Servatur
1277 2252 1330 2304 in
1403 2253 1655 2320 parabola
1718 2254 1900 2322 ponit;
1965 2253 2052 2307 illa

493 2357 683 2409 nempe
700 2342 765 2395 de
804 2340 1145 2404 vinitoribus,
1172 2339 1262 2407 qui
1310 2339 1642 2410 intelligendi
1672 2343 2062 2396 suntseniores

494 2432 671 2501 populi
713 2442 766 2484 et
803 2431 1107 2501 pontiﬁces,
1149 2431 1419 2500 principes
1454 2443 1617 2502 atque
1640 2434 1909 2489 doctores.
1955 2433 2062 2488 lio-

497 2540 614 2576 rum
650 2523 790 2577 enim
831 2539 992 2576 causa
1027 2523 1276 2591 contigit,
1311 2536 1366 2576 ut
1395 2523 1564 2576 malos
1590 2526 1795 2578 lructus
1838 2525 2062 2594 populus

493 2616 751 2670 elliceret.
786 2616 1145 2682 Quamobrem
1183 2616 1294 2684 ipsa
1344 2617 1496 2670 vinea
1539 2625 1690 2669 vasta
1734 2617 1923 2671 relicta
1956 2629 2060 2679 est.

496 2709 751 2762 nimirum
785 2708 1047 2762 llebraiCa
1095 2707 1211 2775 ejus
1259 2711 1518 2778 temporis
1557 2725 1728 2780 gens:
1763 2710 2064 2779 vallumque

496 2801 639 2855 illius
686 2803 921 2854 dirutum
968 2801 1088 2861 fuit,
1131 2801 1404 2868 principes
1435 2802 1687 2854 nimirum
1725 2803 1816 2871 qui
1846 2816 2062 2870 gentem

494 2895 622 2947 olim
653 2893 1020 2964 protegebant.
1065 2895 1379 2962 incolasque
1408 2893 1568 2947 simul
1600 2909 1722 2947 cum
1765 2895 1897 2950 urbe
1947 2911 2064 2950 ser-

497 2988 717 3039 vabant.
785 2983 849 3037 Et.
891 2986 1054 3038 turris
1086 2985 1325 3054 quidem,
1371 2985 1546 3053 ipsum
1592 2987 1846 3054 templum
1896 2995 2058 3039 erat:

2152 1897 2315 1967 μένῳ
2341 1896 2411 1948 ἐι·
2440 1893 2659 1960 κέρατι,
2691 1891 2759 1942 ἐν
2790 1892 2950 1954 τόπῳ
2973 1887 3134 1938 πίονι
3155 1902 3167 1914 ·
3203 1882 3302 1936 καὶ
3335 1881 3606 1950 φραγμὸν
3637 1894 3736 1931 πε-

2150 1987 2423 2055 ριέθηκα,
2443 1985 2539 2038 καὶ
2569 1980 2946 2052 ὲχαράκωσα,
2977 1978 3073 2030 καὶ
3109 1976 3434 2044 ἐφύτευσα,
3460 1972 3557 2024 καὶ
3594 1972 3735 2038 πύρ-

2159 2095 2268 2147 γον
2292 2076 2666 2144 ᾠκοδόμησα,
2701 2071 2798 2124 καὶ
2827 2067 3155 2137 προλήνιον
3183 2062 3403 2132 ὤρυξα,
3421 2061 3516 2115 καί
3538 2061 3739 2130 ἔμεινα

2158 2168 2264 2221 τοῦ
2317 2165 2567 2234 ποιῆσαι
2616 2160 2962 2231 σταφυλὴν,
3011 2159 3260 2224 ἐποίησε
3317 2153 3384 2207 δὲ
3449 2153 3738 2218 ἀκάνθας.

2173 2259 2309 2312 Ἀλλ’
2337 2261 2369 2329 ή
2408 2258 2504 2328 μὲν
2531 2256 2681 2326 παρὰ
2707 2254 2784 2324 τῷ
2815 2253 3070 2324 προφήτῃ
3108 2249 3198 2302 τὸν
3231 2246 3528 2320 ἀμπελῶνα
3555 2246 3740 2299 διαϐέ-

2161 2350 2386 2419 ϐληκεν·
2423 2347 2481 2401 ὃν
2517 2348 2611 2400 καὶ
2659 2345 2973 2416 ἡρμήνευσε
3015 2342 3098 2405 τίς
3149 2358 3278 2393 ποτε
3310 2334 3398 2410 ἦν,
3422 2336 3588 2390 είπὼν
3610 2355 3622 2366 ο
3675 2338 3740 2389 '0

2161 2440 2269 2512 γὰρ
2300 2437 2582 2508 ἁμπελὼν
2598 2435 2816 2504 Κυρίου
2855 2433 3096 2488 Σαϐαὼθ
3142 2428 3306 2496 οἶκος
3337 2429 3438 2483 τοῦ
3479 2429 3738 2496 Ἰσραήλ.

2175 2533 2239 2586 Ἠ
2263 2531 2320 2584 δὲ
2352 2530 2446 2582 τοῦ
2502 2528 2749 2598 Σωτῆρος
2806 2524 3089 2596 παραϐολὴ
3139 2523 3351 2593 εἴρηται
3400 2521 3495 2591 μὲν
3538 2518 3741 2588 ὁμοίως

2162 2623 2368 2692 ἐκείνῃ,
2403 2619 2477 2682 ῶς
2500 2619 2565 2673 ἂν
2591 2615 2915 2688 γνωρισθείη
2949 2618 3060 2678 τοῖς
3110 2614 3343 2684 παροῦσι
3385 2612 3480 2664 καὶ
3526 2611 3743 2680 ἀκροῶ·

2167 2712 2343 2783 μένοις
2362 2727 2375 2740 ’
2400 2711 2460 2764 οὑ
2489 2709 2596 2781 μὴν
2632 2709 2759 2780 περὶ
2785 2707 2877 2760 τοῦ
2907 2704 3225 2777 ἀμπελῶνος
3255 2703 3520 2764 λέλεκται,
3557 2698 3744 2757 ἐπειδὴ

2163 2807 2192 2858 ὁ
2224 2804 2507 2876 προφήτης
2551 2802 2648 2873 τὴν
2688 2801 2815 2872 περὶ
2861 2799 3049 2852 τούτου
3101 2796 3405 2868 πρόρρησιν
3455 2790 3746 2863 προλαϐὼν

2165 2898 2395 2969 εἰρήκει.
2438 2895 2616 2963 "Amp
2662 2893 2718 2946 δὲ
2773 2890 2848 2961 τῷ
2882 2890 3135 2961 προφήτῃ
3196 2883 3522 2953 σεσιώπητο,
3572 2880 3745 2934 ταῦτα

2167 2989 2328 3051 αὐτὸς
2357 2988 2415 3039 ὲν
2438 2989 2505 3058 τῇ
2533 2983 2814 3055 παραϐολῇ
2846 2981 3028 3052 τίθησι
3053 2997 3066 3009 ·
3117 2979 3259 3046 λέγω
3295 2977 3350 3030 δὲ
3381 2976 3450 3027 τὰ
3482 2975 3612 3044 περὶ
3637 2971 3746 3025 τῶν

500 3075 739 3128 torcular
781 3091 929 3136 vero,
989 3075 1184 3130 altare.
1238 3073 1363 3128 Haec
1389 3076 1572 3129 omnia
1626 3075 1864 3130 l‘umlitus
1889 3078 2058 3130 deleta

2166 3078 2427 3150 γεωργῶν
2461 3077 2553 3130 τοῦ
2584 3075 2934 3146 ἀμπελῶνος·
2971 3067 3116 3127 οὗτοι
3152 3071 3208 3123 δὲ
3253 3065 3392 3138 ἦσαν
3425 3068 3473 3119 οἱ
3508 3063 3743 3136 πρεσϐύ-

500 3167 716 3220 inertmt
769 3176 989 3234 propter
1042 3175 1310 3233 patratum
1363 3182 1392 3219 a
1447 3166 1776 3220 vinitoribus
1816 3169 2059 3220 caedem:

497 3257 589 3323 qui
637 3271 823 3310 servos
878 3256 1044 3309 scnwl
1090 3268 1142 3311 et
1193 3257 1392 3310 iterum
1426 3258 1492 3310 ad
1533 3272 1591 3310 se
1637 3257 1853 3320 missos,
1901 3257 2063 3312 variis

502 3360 693 3414 nempe
754 3348 1044 3416 prophetas
1092 3348 1448 3415 temporibus,
1506 3348 1840 3402 occiderunt.
1895 3345 2063 3402 Vetus

496 3453 714 3508 quoque
743 3439 1023 3507 Scriptura
1061 3441 1185 3494 huic
1217 3444 1454 3496 sermoni
1489 3439 1804 3509 suﬂ'raginm
1849 3442 1960 3494 dat.
1997 3441 2063 3494 Et

498 3531 713 3600 quidem
757 3536 1012 3601 propheta
1066 3533 1208 3588 Elias
1238 3535 1289 3587 in
1326 3548 1424 3587 sua
1455 3534 1520 3587 ad
1556 3533 1719 3586 Deum
1750 3547 1908 3602 prece
1938 3532 2015 3586 ait
2043 3551 2058 3587 :

500 3622 740 3687 Domine,
773 3627 1049 3690 prop/tetas
1073 3629 1467 3691 interemerunt,
1489 3626 1686 3679 altaria
1710 3626 2062 3693 su/foderunt,

497 3726 656 3784 atque
686 3732 779 3783 ego
806 3717 950 3770 solus
981 3718 1195 3772 relictus
1244 3736 1380 3783 sum,
1436 3731 1484 3772 et
1523 3736 1693 3771 meam
1743 3719 1904 3785 ipsius
1947 3719 2066 3770 ani-

500 3823 637 3858 mam
674 3820 933 3862 conantur
958 3812 1156 3878 eripere
1187 3811 1252 3862 ³⁸.
1294 3809 1384 3864 Sic
1433 3811 1575 3863 enim
1604 3812 1654 3863 in
1681 3824 1842 3878 prece
1871 3824 1966 3861 sua
1997 3809 2063 3862 de

498 3900 734 3956 Judaicae
759 3905 935 3972 gentis
966 3905 1293 3973 principibus
1319 3904 1576 3972 propheta
1599 3901 1925 3972 expostulat.
1954 3899 2059 3953 Sed

500 3994 642 4045 enim
699 3995 784 4060 hi,
843 3996 980 4050 baud
1025 3998 1259 4051 contenti
1305 3997 1680 4066 prophetarum
1732 3994 1905 4056 caede,
1967 4007 2062 4061 po-

500 4097 702 4142 stremo
755 4093 925 4160 ipsum
967 4091 1176 4154 Filium,
1215 4105 1318 4146 non
1353 4105 1481 4145 sane
1512 4090 1686 4153 inscii,
1740 4089 1847 4142 imo
1896 4087 2062 4156 probe

500 4184 650 4246 gnari
683 4181 823 4236 hunc
849 4197 970 4236 esse
995 4183 1282 4247 hzeredem,
1303 4183 1566 4252 supplicio
1591 4182 1910 4236 atfecerunt.

2167 3171 2428 3244 τεροιτοῦ
2455 3170 2585 3224 λαοῦ
2610 3171 2704 3224 καὶ
2745 3172 2794 3222 οἱ
2837 3169 3130 3240 ἀρχιερεῖς,
3162 3165 3419 3235 ἄρχοντες
3469 3161 3561 3214 καὶ
3604 3157 3743 3253 διδά-

2171 3262 2356 3316 σκαλοι
2375 3279 2388 3292 ·
2423 3263 2472 3314 οἳ
2504 3261 2567 3331 δὴ
2588 3260 2680 3314 καὶ
2711 3259 2790 3329 τῷ
2816 3258 3006 3329 πλήθει
3037 3255 3312 3324 παραίτιοι
3341 3251 3597 3319 γεγόνασι
3647 3251 3746 3312 της

2167 3353 2275 3406 τῶν
2298 3351 2549 3423 πονηρῶν
2578 3349 2802 3422 καρπῶν
2837 3347 3042 3417 ὲκφυῆς
3062 3363 3076 3376 ο
3103 3345 3169 3398 δι’
3187 3344 3279 3406 οὓς
3311 3343 3404 3395 καὶ
3427 3344 3456 3394 ὁ
3485 3333 3746 3410 ἀμπελὼν

2169 3445 2586 3500 καταλέλειπται
2640 3443 2878 3514 ἔρημος,
2933 3438 3180 3493 τουτέστι
3241 3436 3302 3488 τὺ
3337 3434 3510 3504 παρὸν
3566 3427 3746 3483 αὐτῶν

2163 3538 2333 3601 ἔθνος,
2353 3539 2447 3590 καὶ
2462 3539 2490 3590 ὁ
2512 3535 2702 3588 τούτου
2725 3532 3000 3604 καθῃρέθη
3022 3527 3348 3602 φραγμὸς,οί
3369 3525 3534 3578 πάλαι
3548 3519 3747 3593 δηλαδὴ

2163 3629 2256 3683 τοῦ
2285 3629 2468 3693 ἔθνους
2494 3625 2930 3697 προμαχοῦντες,
2964 3624 3058 3677 καὶ
3084 3624 3174 3675 τὸν
3218 3619 3347 3672 λαὸν
3391 3615 3748 3686 φυλάττοντες

2167 3723 2264 3776 σὺν
2291 3719 2438 3790 αὐτῷ
2459 3719 2536 3790 τῷ
2569 3719 2750 3788 τόπῳ·
2798 3718 2826 3771 ὃ
2864 3733 2924 3769 τε
2959 3718 3015 3769 ὲν
3061 3711 3212 3782 αὺτῷ
3255 3710 3482 3780 πύργος,
3518 3704 3682 3767 αὐτὸς
3715 3704 3745 3754 ὀ

2162 3809 2332 3874 νεώς·
2365 3811 2459 3863 καὶ
2495 3811 2523 3862 ὁ
2553 3808 2732 3879 ληνὸς,
2775 3807 2835 3860 τὸ
2882 3807 3268 3876 θυσιαστήριον
3335 3799 3518 3854 Ταῦτα
3573 3797 3750 3850 πάντα

2167 3903 2335 3974 ἄρδην
2361 3902 2426 3955 ὲκ
2461 3900 2673 3972 βάθρων
2707 3900 2847 3971 ήρθη
2897 3900 2983 3952 διὰ
3013 3899 3112 3970 τὴν
3153 3897 3263 3949 τῶν
3293 3891 3552 3965 γεωργῶν
3604 3904 3749 3940 ιιιαι-

2169 3997 2360 4064 φονίαν
2377 4011 2390 4024 °
2419 3995 2467 4047 οἳ
2484 3993 2546 4064 δὴ
2571 3992 2818 4064 πρώτους
2841 3992 3058 4055 δούλους
3082 3991 3176 4044 καὶ
3200 3987 3482 4058 δευτέρους
3508 3983 3749 4034 ἀποστα-

2166 4087 2358 4151 λέντας
2388 4087 2523 4158 πρὸς
2557 4085 2772 4150 αὐτοὺς,
2801 4084 2998 4154 δηλαδὴ
3032 4085 3154 4146 τοὺς
3187 4080 3328 4134 κατὰ
3373 4077 3596 4149 χρόνους
3625 4088 3750 4142 προ-

2166 4183 2363 4251 φήτας,
2391 4177 2615 4231 ἀνεῖλον.
2651 4178 2934 4247 Μαρτυρεῖ
2961 4173 3038 4244 τῷ
3065 4173 3204 4241 λόγῳ
3234 4171 3326 4223 καὶ
3350 4171 3384 4239 ή
3418 4165 3584 4221 πάλαι
3609 4163 3750 4232 Γρα-

501 4275 602 4340 φή·
643 4275 734 4327 κα)⁸
766 4275 1059 4345 προφητῶν
1081 4275 1137 4328 δὲ
1183 4275 1366 4339 Ἠλίας
1403 4277 1460 4329 ὲν
1495 4277 1624 4346 εὐχῇ
1657 4275 1792 4346 πρὸς
1820 4275 1910 4328 τὸν
1939 4276 2068 4329 Θεὸν
2097 4275 2290 4345 λέγων’
2321 4275 2517 4341 Κύριε,
2564 4270 2697 4336 τοὺς
2756 4265 3065 4337 προφήτας
3114 4263 3494 4321 ἀπέκτειναν,
3536 4254 3636 4309 καὶ
3675 4253 3747 4306 τὰ

496 4366 896 4435 θυσιαστήρια
928 4365 1338 4436 κατέσκαψαν,
1374 4368 1533 4436 κάγὼ
1568 4368 1936 4436 ὑπελείφθην
1954 4370 2161 4438 μόνος.
2195 4367 2289 4420 καὶ
2315 4364 2554 4432 ζητοῦσι
2575 4365 2687 4431 τὴν
2715 4361 2923 4432 ψυχήν
2943 4378 3062 4428 μου
3090 4355 3297 4412 λαϐεῖν
3319 4351 3531 4418 αὑτήν.
3563 4348 3752 4403 Ταῦτα

511 4458 629 4526 (οὖν
651 4461 679 4512 ὁ
713 4461 996 4532 προφήτης
1022 4459 1128 4512 τῶν
1152 4462 1426 4532 ἀρχόντων
1451 4462 1544 4515 τοῦ
1587 4463 1849 4518 Ἰουδαίων
1889 4463 2074 4526 ἔθνους
2098 4462 2187 4515 διὰ
2213 4462 2308 4531 τῆς
2329 4460 2494 4529 εὐχῆς
2531 4459 2840 4527 κατηγορεῖ.
2875 4456 2935 4506 0i
2961 4453 3017 4504 δὲ
3038 4451 3111 4520 μὴ
3127 4447 3486 4520 ἀρκεσθέντες
3513 4447 3578 4514 τῇ
3605 4441 3749 4495 κατὰ

500 4549 608 4603 τῶν
653 4553 946 4623 προφητῶν
979 4553 1278 4624 μιαιφονίᾳ,
1321 4553 1545 4624 ὕστερον
1596 4556 1687 4608 καὶ
1716 4557 1874 4610 αὐτὸν
1899 4556 1990 4610 τὸν
2033 4556 2179 4619 Υίδν,
2210 4555 2310 4606 οὐκ
2357 4550 2699 4619 ἀγνοοῦντες,
2734 4547 2846 4600 ἀλλ’
2879 4543 2936 4600 εὖ
2969 4546 3112 4617 μάλα
3150 4542 3244 4596 καί
3282 4539 3525 4610 ἀκριϐῶς
3550 4536 3752 4599 εἰδότες

499 4644 662 4700 αὐτὸν
703 4640 840 4698 εἶναι
877 4643 969 4698 τὸν
1006 4646 1361 4718 κληρονόμον,
1392 4646 1619 4701 ἀνεῖλον.

575 4734 695 4786 llzec
724 4733 980 4786 Senator
1003 4744 1128 4788 ante
1151 4733 1455 4803 paSsionem
1481 4750 1632 4788 suam
1665 4737 1730 4788 de
1774 4749 1832 4786 se
1869 4735 2058 4785 innue-

2238 4728 2425 4780 Ταῦτα
2474 4726 2531 4778 δὲ
2579 4725 2606 4777 ὁ
2655 4723 2846 4793 Σωτὴρ
2879 4722 2983 4792 πρὸ
3015 4719 3108 4774 τοῦ
3161 4719 3366 4783 πάθους
3413 4718 3576 4781 αὐτὸς
3621 4718 3752 4789 *περὶ⁵

504 4831 612 4892 hat,
645 4839 1014 4897 prteoccupata
1053 4846 1147 4898 per
1179 4830 1600 4897 praesensionem
1637 4829 1831 4884 notitia
1879 4827 2068 4884 futuri.

505 4921 568 4974 Et
599 4921 816 4988 quidem
858 4921 928 4974 ita
959 4921 1258 4975 disserebat
1293 4920 1344 4973 in
1373 4921 1572 4989 templo
1599 4933 1827 4974 versans
1884 4933 2068 4973 coram

500 5010 786 5066 coaetaneis
820 5012 935 5064 suis
961 5011 1302 5073 vinitoribus,
1336 5011 1670 5078 principibus
1695 5009 1944 5063 nimirum
1969 5024 2066 5077 po-

502 5103 644 5171 puli:
679 5103 954 5171 sapienter
977 5103 1264 5155 admodum
1309 5101 1409 5155 hac
1445 5100 1700 5169 parabola
1734 5114 1958 5161 curans,
2007 5109 2065 5151 ut

503 5196 536 5246 ii
583 5195 905 5248 sententiam
944 5203 1128 5246 contra
1191 5207 1249 5244 se
1291 5191 1434 5252 ipsos
1478 5188 1705 5255 ferrent,
1750 5189 2060 5258 priusquam

503 5287 867 5357 intelligerent
904 5284 1213 5354 parabolam
1246 5283 1310 5335 de
1334 5283 1464 5351 ipsis
1493 5282 1658 5349 loqui.
1714 5279 1921 5332 Idcirco
1958 5279 2063 5332 hoc

504 5375 770 5430 sermonis
799 5376 1075 5429 involucra
1103 5389 1230 5427 usus
1262 5381 1366 5434 est,
1395 5382 1453 5424 ut
1480 5371 1576 5440 ipsi
1611 5379 1782 5424 semet
1807 5369 2063 5423 condem-

503 5476 695 5522 narent
737 5484 750 5518 :
792 5465 1241 5535 quemadmodum
1308 5462 1490 5527 Davidi
1559 5461 1774 5524 accidit,
1829 5474 1949 5512 cum
1999 5459 2064 5513 de

577 5558 623 5590 "
660 5558 764 5613 lsa.
800 5556 1001 5620 v.1,2.
1074 5557 1117 5587 ’⁷
1143 5556 1276 5611 ibid.
1308 5553 1358 5608 7.
1434 5555 1478 5587 "
1509 5551 1570 5606 Ill
1615 5552 1746 5621 Reg.
1772 5567 1886 5616 XIX,
1910 5551 1996 5603 10.

501 5723 532 5775 6
567 5649 1181 5774 {91)Syrusiuterpres
1232 5649 1436 5704 videtur
1487 5648 1680 5716 legisse
1734 5645 1822 5700 διὰ
1883 5662 2058 5716 παρα-

537 5740 564 5775 ο
599 5740 683 5775 τις.

537 5740 683 5793 οΑης.

2169 4819 2360 4873 ἑαυτοῦ
2390 4819 2655 4890 ᾐνίττετο,
2693 4814 3093 4886 προλαμϐάνων
3133 4813 3244 4883 (61)
3283 4813 3344 4865 τὸ
3390 4812 3580 4882 μέλλον
3608 4811 3751 4866 κατὰ

2166 4906 2494 4976 πρόγνωσιν.
2546 4905 2654 4957 Kal
2696 4903 2846 4972 λέγει
2878 4903 3051 4954 ταῦτα
3087 4903 3144 4954 ὲν
3177 4901 3323 4972 αὐτῷ
3353 4901 3644 4972 διατρίϐων
3671 4900 3752 4970 τῷ

2166 4995 2295 5066 ἱερῷ
2328 4999 2439 5059 τοῖς
2465 4997 2582 5049 κατ’
2611 4995 2772 5048 αὐτὸν
2805 4995 3070 5064 γεωργοῖς
3115 4990 3206 5044 τοῦ
3244 4990 3589 5062 ἀμπελῶνος,
3637 4993 3751 5053 τοῖς

2161 5087 2256 5140 τοῦ
2279 5088 2408 5141 λαοῦ
2446 5085 2752 5159 προεστῶσι
2776 5101 2790 5115 ·
2824 5085 3029 5154 σιρόδρα
3053 5082 3246 5166 σαφῶς
3265 5081 3355 5135 διὰ
3385 5082 3480 5151 τῆς
3511 5081 3750 5151 παραδο-

2160 5181 2257 5250 λῆς
2286 5180 2480 5243 αὐτοὺς
2512 5178 2631 5232 καθ’
2667 5176 2870 5230 ἑαυτῶν
2900 5175 2996 5246 τὴν
3035 5174 3306 5241 ἀπόφασιν
3348 5170 3740 5238 ἐξενέγκασθαι

2166 5271 2618 5344 παρασκευάζων,
2653 5269 2805 5321 οῠπω
2838 5268 3135 5328 συνιέντας,
3170 5266 3251 5317 ὅτι
3285 5265 3410 5335 περὶ
3449 5264 3626 5317 αὐτῶν
3655 5263 3730 5314 εἴ-

2169 5382 2316 5437 ρητο.
2339 5365 2437 5417 Διὰ
2459 5363 2616 5416 τοῦτο
2643 5361 2750 5432 γάρ
2789 5361 2883 5414 καλ⁵
2913 5359 3003 5413 διὰ
3040 5356 3357 5426 παραϐολῆς
3387 5357 3626 5427 εἴρηκεν,
3659 5354 3745 5406 ἵνα

2167 5457 2320 5512 αὐτοὶ
2345 5456 2442 5526 τὴν
2469 5455 2647 5525 ψῆφον
2675 5453 3029 5522 ἐξενέγκωσιν
3056 5448 3168 5519 (62)
3190 5465 3204 5479 ⁸
3234 5448 3263 5501 ὃ
3291 5465 3351 5500 τε
3395 5449 3492 5502 καλ⁵
3530 5447 3621 5501 ἐπὶ
3647 5445 3744 5506 τοῦ

2239 5642 2350 5710 (6‘2)
2393 5641 2552 5695 Multa
2587 5657 2705 5710 qtae
2760 5657 2812 5714 tn
2860 5640 3050 5693 Grieco
3107 5633 3366 5707 posthinc
3408 5643 3748 5714 sequuntur,

2177 5715 2426 5769 continua
2456 5729 2674 5780 prorsus
2705 5712 2990 5774 scriotura,
3023 5725 3270 5773 nexuque
3329 5721 3525 5761 sensus
3579 5712 3752 5764 cotis-
