4098 6200
418 310 525 369 637

1756 312 1846 370 DE
1888 317 2347 375 TllEOPHANIA.

3553 319 3657 375 638

421 431 589 484 Δα6“ιδ
615 430 855 507 γέγονεν,
875 432 963 483 ὅτε
999 432 1177 502 ἔκρινε
1209 431 1306 503 τὴν
1330 432 1643 506 παραϐολὴν
1675 436 1768 489 τοῦ
1794 437 1997 492 Νάθαν.

2104 440 2369 495 Nathanis
2394 437 2653 511 parabola
2680 438 2943 507 judicium
2974 437 3117 492 tulit.
3161 434 3544 491 Verumtamen
3580 436 3656 491 illi

437 521 658 593 Ἐπειδὴ
689 522 744 575 δέ
780 521 1007 591 ᾔσθοντο
1041 522 1148 576 τῶν
1205 523 1532 595 εἰρημένων,
1568 525 1688 577 τότε
1728 521 1878 580 εἷπον
1924 529 1997 599 μὴ

426 615 655 681 γένοιτο.
692 612 860 665 Τοῦτο
887 614 1066 683 μέντοι
1112 615 1212 687 ήδη
1240 616 1418 687 τρίτον
1449 616 1597 687 παρά
1625 618 1887 689 Ματθαίῳ
1912 618 2000 671 διά

428 704 597 775 τριῶν
615 703 934 775 παραϐολῶν
945 704 1039 758 τοῦ
1057 706 1376 777 ἀμπελῶνος
1401 708 1801 779 ἐμνημόνευσεν
1818 725 1831 739 ·
1865 708 2000 764 ἀλλά

432 796 520 849 διὰ
569 797 664 866 μὲν
692 798 788 867 τῆς
816 796 1039 868 πρώτης
1066 797 1354 870 διαφόρους
1404 799 1625 872 κλήσεις
1668 800 1856 871 ἐδήλου
1892 801 1998 856 τῶν

433 890 523 941 ἐπὶ
550 890 646 960 τὴν
688 889 945 961 ἐργασίαν
981 891 1075 943 τοῦ
1115 892 1431 962 ἀμπελῶνος
1483 892 1856 964 παρελθόντων
1877 911 1889 923 ’
1919 889 1999 957 οἷς

437 985 597 1035 πᾶσιν
627 982 686 1047 ἐξ
716 984 829 1036 ἴσου
871 984 1060 1054 μισθὸν
1112 986 1342 1038 ἐνεδίδου
1381 986 1442 1039 rb
1469 986 1721 1058 δηνάριον
1746 1004 1759 1017 ο
1810 988 1898 1040 διά
1944 987 2001 1040 δὲ

432 1077 531 1146 τῆς
574 1076 853 1148 δευτέρας,
899 1077 992 1129 δύο
1044 1077 1174 1131 υἱῶν
1222 1078 1413 1147 κλῆσιν
1446 1080 1713 1151 ᾐνίττετοο
1759 1080 1853 1133 τοῦ
1900 1081 2000 1150 μὲν

428 1166 760 1237 ἀρνουμένου
786 1166 852 1220 τά
892 1166 1102 1238 πρῶτα,
1127 1168 1218 1220 ἐπὶ
1252 1168 1394 1221 τέλει
1426 1168 1481 1222 δὲ
1528 1171 1624 1241 τὴν
1649 1171 1892 1241 ὑπακοὴν
1917 1173 1999 1223 ἐν·

426 1258 797 1327 δεικνυμένου,
825 1260 916 1312 καὶ
934 1262 1014 1322 εἰς
1045 1260 1135 1312 τὸν
1163 1261 1458 1330 ἀμπελῶνα
1487 1262 1871 1334 ἐργαζομένουο
1902 1264 1995 1317 τοῦ

425 1348 481 1402 δέ
513 1352 579 1419 τῇ
614 1350 832 1420 ἐναντία
877 1351 1215 1421 κεχρημένου
1264 1352 1618 1423 προαιρέσειο
1677 1354 1764 1406 διὰ
1798 1354 1854 1406 δέ
1900 1354 1999 1423 τῆς

427 1440 709 1511 παρούσης
744 1441 1059 1512 παραϐολῆς
1093 1443 1380 1512 μετάθεσιν
1409 1444 1647 1514 παντελῆ
1685 1444 1778 1498 τοῦ
1822 1446 1998 1515 ἀμπε-

425 1531 595 1595 λῶνος
631 1534 659 1585 ό
690 1533 845 1601 λόγος
882 1533 1118 1587 διδάσκει
1163 1535 1271 1588 ἀπὸ
1305 1535 1582 1607 προτέρων
1617 1536 1877 1606 γεωργῶν
1908 1538 1998 1589 ἐπὶ

425 1623 709 1693 δευτέρους
727 1642 740 1654 ο
779 1625 871 1677 καὶ
898 1625 995 1696 τὴν
1028 1627 1207 1679 αἰτίαν
1247 1626 1612 1699 σημαίνειτῆς
1638 1629 1994 1699 μεταθέσεως.

426 1714 610 1783 Κάμοὶ
635 1715 783 1768 δοκεῖ
817 1717 1221 1786 μετατεθεῖσθαι
1251 1720 1348 1789 μὲν
1396 1720 1505 1772 ἀπὸ
1534 1719 1629 1772 τοῦ
1670 1721 1999 1789 ἐπαγγειλα-

2099 548 2158 585 re
2185 533 2397 585 demum
2449 530 2737 595 intellecta,
2782 531 3131 584 infortunium
3192 545 3221 582 a
3268 543 3327 583 se
3388 528 3658 597 deprecati

2100 634 2244 678 sunt.
2280 623 2451 677 Porro
2476 624 2612 692 apud
2648 621 2958 676 Mattbteum
2995 621 3167 675 tribus
3199 622 3265 673 de
3299 620 3454 677 vinea
3504 632 3663 687 para-

2100 717 2238 771 bolis
2292 717 2366 771 rei
2418 717 2577 784 hnjus
2624 716 2830 769 mentio
2864 715 2955 768 lit:
2988 728 3296 783 quanquam
3337 713 3511 781 prima
3539 712 3661 780 qui-

2101 808 2219 863 dem
2250 808 2295 838 "
2332 807 2493 861 variae
2522 807 2731 860 illorum
2768 805 3079 858 vocationes
3109 804 3511 870 expriu'ntntur,
3569 802 3661 868 qui

2101 902 2166 953 ad
2213 898 2381 953 vincte
2410 898 2675 952 culturam
2707 906 3107 959 convenerunt;
3160 895 3355 964 quibus
3409 896 3663 949 omnibus

2100 1007 2199 1061 par
2237 992 2443 1045 denarii
2478 1006 2685 1045 merces
2710 990 2968 1044 attributa
3003 997 3104 1042 cst.
3138 989 3319 1042 Altera
3354 985 3608 1056 parabola
3644 986 3661 1016 ί

2101 1084 2327 1138 duorum
2372 1084 2581 1137 vocatio
2618 1084 2850 1136 ﬁliorum
2888 1082 3211 1143 ostenditur,
3255 1094 3482 1149 quorum
3527 1076 3664 1130 alter

2100 1176 2274 1245 primo
2331 1162 2495 1229 haud,
2526 1174 2822 1243 morigerus
2877 1172 3000 1237 fuit,
3038 1172 3131 1227 sed
3183 1173 3395 1224 demum
3428 1167 3659 1224 oliicium

2101 1267 2374 1337 praestitit,
2402 1277 2562 1335 atque
2592 1266 2643 1318 in
2688 1266 2840 1319 vinea
2870 1274 3124 1332 operatus
3149 1273 3232 1317 cst
3259 1282 3272 1317 :
3319 1263 3458 1317 alter
3481 1272 3659 1317 autem

2100 1361 2241 1413 lilius
2273 1361 2606 1413 contrarium
2641 1358 2911 1427 ingenium
2946 1372 3055 1425 prae
3094 1370 3153 1408 se
3194 1355 3333 1409 tulit.
3377 1354 3482 1407 Sed
3522 1370 3661 1424 pra:-

2099 1462 2250 1506 sente
2274 1451 2487 1505 demum
2519 1451 2767 1518 parabola
2807 1450 3122 1502 translatam
3155 1449 3374 1501 omnino
3406 1446 3663 1501 Servator

2101 1543 2257 1595 docet
2304 1542 2476 1594 vinea:
2532 1541 2850 1595 locationem
2898 1554 2927 1591 a
2974 1539 3245 1606 prioribus
3295 1538 3547 1605 agricolis
3595 1538 3663 1591 ad

2099 1633 2478 1701 posteriores;
2519 1646 2846 1698 causamque
2912 1629 3285 1684 translationis
3347 1630 3539 1698 aperit.
3597 1628 3664 1682 Et

2102 1723 2231 1777 mihi
2280 1723 2492 1776 videtur
2542 1722 2802 1775 translata
2858 1721 3024 1774 vinea:
3080 1721 3278 1775 locatio
3328 1722 3395 1774 ab
3427 1735 3490 1773 eo
3531 1719 3661 1782 lilio,

430 1804 592 1873 μένου
627 1807 723 1875 μὲν
750 1785 1081 1876 ἐργάσασθαι
1116 1785 1262 1872 υἱοῦ..
1292 1809 1366 1881 μὴ
1404 1812 1507 1882 μὴν
1533 1812 1693 1883 ἔργον
1717 1785 1996 1877 ἐπιθέντος

2104 1817 2188 1886 qui
2224 1830 2281 1870 se
2318 1824 2663 1884 operaturum
2694 1816 2916 1884 recepit,
2944 1829 3066 1867 mox
3107 1814 3272 1867 verba
3317 1813 3369 1866 in
3405 1827 3517 1866 rem
3553 1826 3661 1865 non

422 1895 503 1965 τῷ
523 1897 665 1967 λόγῳ
687 1915 702 1928 ·
742 1899 989 1953 δεδόσθαι
1023 1901 1080 1952 δὲ
1126 1900 1205 1971 τῷ
1237 1904 1600 1974 ἀρνησαμένῳ
1629 1908 1747 1957 κατ’
1798 1904 1995 1976 ἀρχὰς,

427 1989 573 2060 ἔργῳ
600 1990 655 2042 δὲ
681 1992 771 2043 ἐπὶ
800 1992 940 2045 τέλει
967 1993 1027 2045 rb
1065 1993 1312 2058 εὐπειθὲς
1339 1996 1715 2068 ἐνδειξαμένῳ.

496 2159 832 2231 Σαφέστερος
857 2161 901 2213 δ’
917 2161 982 2215 ἂν
1005 2164 1088 2233 εἴη
1112 2165 1140 2217 ό
1162 2163 1340 2233 λόγος,
1373 2167 1422 2218 εί
1471 2165 1532 2219 rb
1559 2167 1807 2232 θεοσεϐὲς
1850 2168 1989 2222 πολί-

426 2268 603 2321 τευμα
643 2252 703 2303 rb
741 2252 840 2321 τῆς
879 2253 1013 2305 Θεοῦ
1050 2253 1326 2323 βασιλείας
1356 2260 1552 2312 οίκεῖον
1582 2260 1674 2313 τὸν
1703 2261 1998 2332 ἀμπελῶνα

429 2340 567 2397 εἶναι
593 2334 943 2416 ἐκλάϐὀιμενο
978 2348 1275 2419 προτέρους
1306 2348 1361 2403 δὲ
1398 2351 1561 2404 αὐτοῦ
1589 2354 1863 2425 γεωργοὺς
1900 2353 1997 2406 οὐκ

427 2435 604 2506 ὀρθῶς
632 2437 1003 2510 κεχρημένους
1032 2442 1096 2510 τῇ
1124 2441 1375 2514 ἐργασίᾳ,
1406 2444 1534 2507 τοὺς
1558 2445 1819 2516 πρότερον
1847 2446 1997 2518 παρὰ

441 2528 712 2593 Ἰουδαίοις
741 2531 838 2601 τῆς
872 2531 1020 2595 θείας
1074 2533 1327 2602 γνώσεως
1368 2535 1827 2606 κατηξιωμένους,
1872 2539 1998 2603 τοὺς

431 2622 628 2684 αὐτοὺς
655 2620 812 2684 όντας
858 2623 937 2675 ἐνὶ
978 2623 1086 2677 τῶν
1122 2623 1250 2677 υἱῶν
1282 2625 1361 2695 τῷ
1391 2626 1826 2699 διαϐεϐλημένῳ·
1874 2629 1996 2682 δευ-

428 2715 619 2784 τέρους
661 2715 716 2767 δέ
751 2717 1048 2787 γεωργοὺς,
1077 2718 1204 2782 τοὺς
1256 2719 1347 2772 τὸν
1402 2721 1745 2793 ὀφειλόμενον
1787 2725 1998 2795 καρπὸν

431 2804 572 2858 κατὰ
605 2807 791 2877 καιρὸν
815 2807 1182 2873 ἀποδιδόντας,
1210 2812 1337 2873 τοὺς
1377 2809 1437 2874 ἐξ
1461 2811 1625 2866 ἐθνῶν
1648 2814 1733 2867 διὰ
1765 2813 1997 2882 Χριστοῦ

429 2897 528 2965 τὴν
561 2896 651 2949 τοῦ
680 2896 813 2950 Θεοῦ
840 2897 1042 2966 γνῶσιν
1067 2900 1439 2971 ἀνειληφότας,
1472 2904 1597 2965 τοὺς
1621 2904 1816 2964 αὐτοὺς
1841 2904 1999 2968 ὄντας

429 2987 507 3056 τῷ
531 2987 627 3057 υἱῴ
651 2989 728 3059 τῷ
756 2991 815 3041 rb
844 2989 1093 3053 εὐπειθὲς
1118 2992 1211 3045 καὶ
1228 2993 1466 3064 ὑπήκοον
1494 2994 1570 3065 τῷ
1597 2997 1765 3067 πατρὶ
1812 2997 1998 3069 ἔργοις

2100 1906 2371 1970 contulit;
2410 1906 2604 1959 tradita
2649 1915 2828 1959 autem
2861 1905 2935 1959 illi
2976 1906 3066 1974 qui
3105 1905 3261 1959 initio
3298 1904 3514 1973 quidem
3543 1900 3662 1956 olli-

2100 2000 2242 2053 cium
2276 1998 2619 2059 detrectavit,
2649 1998 2742 2052 sed
2776 2012 2896 2051 mox
2932 2012 3097 2066 opere
3125 1997 3484 2052 obedientiam
3527 2010 3663 2065 prae-

2098 2091 2254 2145 stitit.

2173 2181 2282 2235 Sed
2319 2181 2461 2235 cnim
2494 2179 2664 2251 magis
2704 2180 3023 2249 perspicuus
3069 2194 3247 2234 sermo
3292 2177 3405 2244 lict,
3458 2177 3505 2232 si
3541 2174 3664 2230 reli-

2098 2278 2301 2347 giosam
2336 2278 2528 2341 vitam,
2550 2291 2671 2346 qua:
2700 2275 2864 2330 divini
2892 2275 3041 2344 regni
3070 2274 3284 2345 propria
3318 2281 3422 2335 est,
3453 2273 3662 2326 vineam

2098 2381 2219 2422 esse
2259 2367 2605 2436 putabimus:
2654 2373 2816 2435 atque
2861 2365 2937 2418 ita
2987 2362 3197 2433 priores
3244 2360 3361 2429 ejus
3404 2358 3662 2421 cultores,

2099 2461 2187 2530 qui
2220 2460 2542 2526 nonjustam
2564 2471 2780 2526 operam
2807 2456 2858 2510 in
2891 2469 2953 2508 ea
2987 2452 3420 2515 collocaverunt,
3450 2448 3664 2504 Judzeos

2098 2568 2220 2608 esse
2264 2551 2573 2611 credemus,
2605 2546 2696 2615 qui
2741 2545 2901 2615 primi
2953 2534 3131 2598 divina
3167 2542 3357 2597 notitia
3381 2540 3666 2610 dignanter

2102 2642 2396 2698 collustrati
2458 2639 2735 2694 fuerunt:
2793 2638 2958 2704 hique
3010 2650 3166 2703 pares
3212 2643 3338 2687 sunt
3389 2632 3465 2685 illi
3508 2629 3661 2685 alteri

2100 2733 2237 2797 lilio,
2266 2748 2426 2802 quem
2471 2728 2815 2800 evangelicus
2844 2740 3024 2782 sermo
3052 2726 3295 2779 damnat.
3330 2722 3664 2777 Posteriores

2100 2835 2281 2880 autem
2312 2824 2569 2886 cultores,
2603 2821 2694 2892 qui
2725 2820 2962 2874 debitum
3003 2816 3237 2871 fructum
3283 2830 3382 2869 suo
3421 2823 3665 2880 tempore

2100 2911 2757 2975 exbibuerunt,ctlmicos
2787 2906 3243 2971 existimabimus,
3269 2905 3356 2975 qui
3384 2917 3481 2972 per
3507 2901 3663 2958 Chri-

2103 3019 2244 3062 stum
2296 3008 2391 3062 Dci
2444 3006 2685 3060 notitiam
2723 3010 3067 3072 receperunt,
3096 2997 3409 3065 similesque
3443 2995 3518 3049 illi
3555 2995 3664 3048 lilio

431 3081 866 3151 ὲπιδεδειγμένῳ.
894 3082 966 3135 Τὸ
996 3083 1052 3135 δὲ
1077 3082 1249 3137 αἴτιον
1275 3084 1368 3137 τοῦ
1399 3086 1664 3158 ληφθῆναι
1701 3092 1829 3161 παρ’
1854 3092 1998 3145 ἐκεί-

2104 3109 2414 3165 evaserunt,
2446 3100 2536 3169 qui
2580 3095 2715 3167 patri
2747 3093 3065 3162 obsequium
3097 3102 3152 3146 et
3179 3090 3541 3145 obedientiam
3579 3103 3667 3142 re-

432 3190 537 3224 νων
567 3173 656 3225 τὸν
699 3173 1017 3242 ἀμπελῶνα,
1070 3177 1191 3227 ἐπεὶ
1236 3177 1309 3247 μὴ
1354 3176 1570 3248 εἴρηται
1618 3179 1706 3232 διὰ
1750 3182 1849 3252 τῆς
1886 3183 1996 3237 τῶν

430 3263 560 3319 υἱῶν
581 3266 913 3337 παραϐολῆς,
935 3267 1245 3336 ἀναγκαίως
1264 3267 1351 3321 διά
1371 3271 1469 3340 τῆς
1501 3271 1638 3342 μετά
1658 3276 1846 3344 χεῖρας
1862 3294 2002 3350 παρ-

436 3357 635 3427 ίστησι.
686 3358 855 3411 Τοῦτο
887 3359 931 3411 δ’
965 3355 1034 3430 ἦν
1060 3360 1117 3413 τὸ
1154 3360 1227 3432 μὴ
1276 3363 1415 3415 κατὰ
1453 3363 1543 3430 τὸν
1583 3364 1770 3419 δέοντα
1813 3371 2000 3440 καιρὸν

430 3450 717 3503 ἀποδοῦναι
768 3452 895 3513 τοὺς
950 3455 1194 3522 καρποὺς
1245 3453 1320 3524 τῷ
1366 3456 1747 3529 οἰκοδεσπότῃ’
1789 3462 1882 3514 καὶ
1937 3463 1999 3515 οὐ

430 3544 588 3596 τοῦτο
615 3546 792 3614 μόνον,
826 3544 960 3597 ἀλλά
994 3547 1086 3597 καὶ
1112 3546 1172 3598 rb
1197 3547 1581 3603 ἐπιϐουλεῦσαι
1600 3554 1711 3615 τοῖς
1741 3554 2003 3607 ἀπεσταλ-

439 3636 615 3707 μένοις
644 3638 733 3690 ἐπὶ
768 3638 926 3707 λήψει
955 3637 1061 3690 τῶν
1084 3640 1306 3711 καρπῶν
1343 3641 1578 3705 δούλοις·
1612 3644 1705 3696 καὶ
1738 3645 1796 3696 οὐ
1842 3645 2001 3698 τοῦτο

438 3731 616 3800 μόνον,
652 3730 790 3783 ἀλλά
818 3732 912 3783 καὶ
950 3732 1011 3783 rb
1038 3730 1135 3801 υἱῴ
1164 3734 1349 3803 χεῖρας
1382 3734 1656 3788 ἐπιϐαλεῖν
1699 3737 1962 3807 τολμῆσαι
1982 3754 1995 3767 ⁸

432 3823 492 3876 ὃν
521 3824 848 3892 ἐπιγνόντες,
883 3824 979 3877 καὶ
1022 3823 1183 3877 αὐτὸν
1220 3820 1357 3877 εἶναι
1387 3826 1617 3887 τὸνυὶδν
1658 3827 1753 3880 τοῦ
1800 3829 2001 3880 οἰκοδε-

436 3916 632 3969 σπότου
666 3916 1114 3986 ὁμολογήσαντες,
1142 3917 1289 3985 ὅμως
1318 3919 1547 3981 ἀνεῖλον,
1592 3920 1779 3971 ἀσεϐεῖ
1798 3922 2002 3991 χρησά-

440 4029 587 4078 μενοι
612 4010 877 4081 λογισμῴ.
913 4010 1032 4063 Τῶν
1062 4011 1118 4063 δὲ
1139 4010 1305 4081 τριῶν
1337 4010 1660 4081 παραϐολῶν
1690 4010 1783 4064 τοῦ
1827 4013 2003 4082 ἀμπε-

436 4102 623 4167 λῶνος,
649 4103 747 4172 τὴν
779 4102 875 4172 μὲν
928 4101 1147 4173 πρώτην
1189 4105 1300 4165 τοῖς
1338 4103 1501 4155 αὑτοῦ
1533 4103 1802 4174 μαθηταῖς
1830 4104 2000 4175 παρέ-

439 4195 583 4257 θετο,
607 4197 663 4248 ἐν
676 4198 740 4265 τῇ
764 4195 1020 4266 Γαλιλαία
1038 4197 1133 4248 σὺν
1157 4196 1339 4258 αὐτοῖς
1362 4195 1680 4265 ποιούμενος
1701 4196 1999 4267 διατριϐάς·

434 4288 622 4359 διόπερ
651 4289 852 4351 πάντας
882 4287 1198 4360 ἀνθρώπους
1239 4288 1473 4359 ἐργάτας
1505 4290 1691 4358 εἰσῆγε
1733 4287 2005 4358 διαφόροις

433 4380 605 4452 ὥραις
646 4381 1041 4451 κεκλημένουςο
1098 4380 1469 4444 ὑπακούοντάς
1516 4396 1574 4433 τε
1613 4382 1741 4444 τοὺς
1772 4381 2000 4443 πάντας,

2106 3194 2219 3262 ipsa
2266 3199 2491 3246 testatus
2532 3197 2641 3243 est.
2678 3186 2793 3242 Jam
2835 3200 3056 3239 causam
3111 3182 3306 3237 ablatae
3341 3180 3445 3235 illis
3475 3180 3665 3242 vineae,

2101 3287 2230 3355 quia
2274 3285 2327 3338 in
2382 3282 2615 3336 ﬁliorum
2668 3279 2921 3349 parabola
2970 3277 3229 3331 Servator
3260 3290 3362 3327 non
3402 3272 3557 3335 dixit,
3587 3272 3668 3325 id-

2102 3374 2249 3427 circo
2288 3384 2511 3426 necesse
2538 3368 2638 3422 fuit
2664 3378 2721 3420 ut.
2758 3367 2881 3429 hac,
2913 3382 3033 3433 qua:
3061 3365 3114 3417 in
3157 3363 3406 3417 manibus
3441 3371 3545 3425 est,
3575 3375 3668 3429 pa-

2103 3462 2284 3518 rabola
2328 3459 2677 3531 patefaceret.
2724 3457 2897 3511 Causa
2936 3471 3064 3510 vero
3116 3452 3234 3515 l‘nit,
3283 3454 3537 3520 quianon
3567 3466 3667 3505 suo

2105 3570 2347 3627 tempore
2387 3554 2596 3608 fructus
2623 3552 2842 3607 domino
2897 3549 3106 3602 debitos
3147 3545 3499 3599 obtulerunt:
3531 3559 3667 3612 prae-

2104 3657 2357 3715 tereaque
2408 3642 2585 3698 servis
2636 3642 2701 3694 ad
2744 3638 3076 3709 colligendos
3122 3636 3329 3689 fructus
3382 3632 3667 3687 submissis

2101 3741 2328 3794 exitium
2360 3736 2529 3791 moliti
2554 3744 2673 3789 sunt
2698 3748 2712 3787 :
2742 3731 2966 3787 necdum
2997 3730 3081 3784 bis
3105 3724 3667 3790 maleﬁciiscontenti,

2106 3833 2211 3888 lilio
2243 3831 2343 3899 ipsi
2378 3825 2570 3882 atl‘erre
2596 3840 2788 3881 manus
2831 3838 2934 3876 non
2971 3819 3320 3877 dubitarunt:
3354 3830 3510 3885 quem
3537 3830 3668 3870 sane

2104 3924 2365 3994 agnitum,
2395 3931 2557 3990 atque
2585 3917 2784 3973 domini
2810 3915 2977 3969 lilium
3003 3930 3106 3967 non
3125 3909 3433 3972 diliitentes,
3463 3906 3663 3961 nihilo-

2105 4018 2282 4071 minus
2328 4016 2491 4083 impio
2531 4010 2759 4067 consilio
2795 4009 3204 4062 interemerunt.
3258 4004 3434 4071 Atque
3473 4002 3665 4054 harum

2106 4111 2176 4163 de
2209 4109 2358 4161 vinea
2393 4104 2769 4174 parabolarmn
2810 4100 2970 4156 trium
3005 4098 3231 4167 primam
3261 4092 3537 4160 discipulis
3559 4092 3670 4145 suis

2106 4200 2358 4255 recitavit
2396 4198 2672 4258 Scrvator,
2696 4196 2819 4247 dum
2851 4193 2903 4246 iu
2939 4190 3159 4246 Galilaaa
3212 4202 3333 4243 cum
3378 4185 3444 4239 iis
3486 4198 3671 4237 versa-

2109 4304 2278 4349 retur.
2314 4292 2497 4356 Quare
2536 4298 2590 4340 et
2616 4302 2804 4341 omnes
2834 4285 3077 4340 homines
3101 4281 3235 4336 dixit
3263 4278 3491 4333 diversis
3523 4274 3671 4329 horis

2106 4383 2170 4437 ad
2199 4396 2415 4449 operam
2445 4389 2659 4432 vocatos
2680 4395 2694 4442 ;
2718 4377 2807 4445 qui
2835 4374 3011 4430 cuncti
3045 4372 3440 4440 obtemperant,
3467 4380 3674 4436 parem-

435 4478 531 4531 καὶ
568 4476 752 4547 μισθὸν
773 4476 1143 4547 λαμϐάνοντας
1173 4475 1263 4527 τὸν
1296 4475 1455 4528 αὐτόν
1475 4492 1487 4505 ·
1518 4475 1615 4545 τὴν
1653 4473 1709 4525 δὲ
1751 4472 2001 4543 δευτέραν

2114 4490 2216 4543 que
2248 4472 2549 4530 mercedem
2592 4470 2830 4537 capiunt.
2859 4466 3166 4521 Secundam
3207 4459 3513 4529 parabolam
3546 4457 3674 4511 Hie-

436 4570 494 4623 ἐν
533 4568 792 4639 Ἱεροσολύ
802 4586 921 4638 μοις
945 4568 1252 4638 γενόμενος,
1275 4567 1419 4620 ἔνδον
1442 4583 1500 4619 τε
1530 4568 1586 4618 ἐν
1612 4564 1755 4635 αὐτῷ
1770 4564 1846 4635 τῷ
1876 4564 2004 4636 ἱερῷ

435 4662 721 4723 διδάσκων,
746 4663 860 4723 τοῖς
890 4660 1233 4731 ἀρχιερεῦσιν
1272 4660 1466 4727 ἐπῆγε,
1503 4659 1595 4711 xui.
1625 4662 1737 4722 τοῖς
1778 4658 2007 4729 πρεσϐυ-

435 4754 614 4824 τέροις
670 4753 763 4807 τοῦ
821 4752 971 4818 λαοῦ,
1026 4751 1163 4824 μετά
1203 4750 1397 4804 πολλοῦ
1435 4750 1529 4802 τοῦ
1572 4750 2005 4820 παραστήματος

438 4845 764 4913 ἐλεγκτικῶς
804 4846 979 4915 φήσας
1004 4844 1138 4913 πρὸς
1169 4844 1386 4905 αὐτοὺς,
1416 4842 1489 4906 ὡς
1526 4843 1634 4913 ἄρα
1679 4844 1728 4894 οί
1779 4841 2005 4893 τελῶναι

441 4940 533 4991 καὶ
557 4940 612 4991 αἱ
635 4939 830 5009 πόρναι
856 4939 1143 5008 προάγοιεν
1169 4937 1362 4997 αὐτοὺς
1380 4937 1458 4997 είς
1481 4936 1578 5004 τὴν
1604 4934 1874 5004 βασιλείαν
1900 4932 2008 4984 τῶν

438 5028 711 5099 οὐρανῶν·
749 5028 843 5082 καὶ
870 5028 1058 5098 τρίτην
1091 5027 1147 5079 δέ
1173 5028 1283 5088 τοῖς
1327 5026 1508 5087 αὐτοῖς
1542 5023 1852 5090 ἀναγκαίως
1887 5039 2014 5091 προ-

513 5142 757 5197 “hlattlt.
798 5158 888 5204 xx,
932 5140 1076 5195 I-l6.
1156 5140 1172 5170 ⁸
1204 5138 1391 5193 Matth.
1442 5152 1553 5202 XXI,
1583 5134 1775 5189 28-30.

440 5274 857 5340 simo,devariis
889 5272 1459 5340 vinem'parabolis,ea
1491 5272 1685 5324 absunt
1716 5285 1744 5322 a
1776 5269 2002 5340 Syriaca

443 5343 817 5409 Thraphania';
835 5345 1061 5411 ideoque
1085 5357 1148 5395 ex
1171 5342 1578 5396 commentariis
1597 5341 1774 5407 potius
1792 5340 2007 5394 Eusebii

438 5415 495 5469 iu
528 5413 816 5482 Evangelia
843 5414 944 5467 huc
974 5428 1098 5468 esse
1138 5411 1396 5482 translata
1426 5411 1621 5482 aliquis
1655 5410 2007 5482 existimabit.

441 5486 549 5539 Sed
575 5480 725 5538 certe
759 5485 809 5536 in
850 5485 1033 5537 codice
1074 5484 1142 5539 Α.
1170 5497 1224 5550 p.
1250 5480 1378 5536 262.
1405 5481 1613 5535 1)πὲῢᾶ
1669 5496 1741 5541 3.,
1776 5490 1834 5532 ut
1875 5480 2011 5541 dixi,

436 5555 674 5608 sineulla
695 5555 1087 5621 intercapedine
1124 5552 1320 5620 iacent,
1348 5565 1536 5605 nomen
1556 5566 1660 5618 que
1683 5550 1892 5604 Eusebii
1921 5565 2012 5617 ge-

444 5636 590 5678 runt.
626 5623 754 5677 Mihi
795 5634 972 5676 autem
1009 5635 1187 5691 partes
1218 5622 1314 5675 has
1355 5632 1460 5675 tam
1489 5630 1636 5675 arcte
1657 5622 2015 5682 cohaerentes,

442 5705 553 5747 tutu
595 5694 887 5754 sententia,
930 5701 1039 5745 tum
1091 5694 1225 5752 loco,
1259 5706 1517 5760 separare
1567 5704 1659 5743 aut
1699 5691 2009 5756 discerpere

442 5779 661 5824 Drorsus
688 5780 790 5819 non
818 5763 1029 5818 licebat.
1070 5762 1177 5818 lloc
1198 5763 1302 5829 aio,
1340 5762 1463 5833 quia
1491 5762 1715 5817 credere
1758 5760 1841 5814 vel
1879 5773 2002 5828 spe-

2111 4561 2414 4631 rosolymis,
2449 4559 2574 4612 dum
2604 4559 2741 4610 intra
2767 4556 3020 4626 templum
3051 4555 3290 4616 doceret,
3332 4564 3511 4602 coram
3544 4562 3675 4616 pon-

2112 4654 2351 4707 tilicibns
2408 4652 2693 4721 populique
2748 4649 3066 4704 senioribus
3118 4647 3301 4710 dixit;
3355 4654 3408 4697 et.
3458 4642 3671 4710 quidem

2111 4744 2625 4799 conﬁdentissimum
2690 4743 2894 4795 addidit
2950 4738 3395 4808 increpationcm,
3444 4733 3561 4788 fore
3617 4741 3675 4785 ut

2113 4837 2261 4906 ipsos
2287 4836 2559 4904 publicani
2590 4850 2652 4889 ac
2689 4832 3007 4888 meretrices
3050 4832 3103 4884 in
3153 4829 3415 4883 calorum
3454 4839 3674 4893 regnum

2114 4927 2506 4997 praecederent.
2541 4924 2777 4979 Tertiam
2807 4923 3039 4989 denique
3066 4919 3203 4988 apud
3232 4919 3447 4973 eosdem
3487 4929 3675 4967 ncces-

2118 5020 2264 5075 sario
2317 5018 2630 5087 parabolam
2674 5017 2914 5088 protulit,
2963 5028 3154 5071 causas
3228 5011 3557 5072 edissercns,
3607 5010 3676 5062 ob

2112 5282 2233 5321 rare
2260 5266 2383 5322 licet
2400 5266 2679 5337 Syriacam
2705 5263 3091 5333 Tlieaphaniam
3125 5261 3262 5329 apud
3280 5260 3493 5337 _Syrum_
3510 5260 3680 5337 inter-

2113 5347 2316 5407 pretem
2363 5330 2628 5405 intcgram
2670 5330 2980 5407 esseanon
3025 5344 3204 5407 autem
3244 5332 3533 5407 aliquando
3566 5330 3679 5407 for-

2116 5403 2258 5462 tasse
2308 5403 2603 5461 brevia—tam
2660 5404 2798 5472 (sive
2848 5420 2943 5471 per
2991 5403 3065 5456 rei
3106 5404 3510 5472 compendium,
3564 5403 3679 5456 sive

2116 5493 2211 5547 per
2238 5474 2634 5543 amissionem),
2655 5470 2795 5547 sicut
2825 5470 2972 5547 certe
3001 5472 3195 5547 accidit
3230 5470 3420 5547 lgnatii
3472 5483 3677 5547 marty-

2118 5542 2193 5601 ris
2219 5547 2486 5615 epistolis,
2511 5559 2650 5611 quas
2676 5542 2846 5615 Syrus
2882 5544 3146 5615 interpres
3176 5544 3448 5615 breviores
3475 5542 3678 5595 Gracis

2118 5612 2383 5671 interdum
2421 5615 2628 5666 recitat.
2676 5612 2862 5667 Nonne
2912 5629 3039 5665 vero
3087 5612 3412 5676 Qnu'stiones
3463 5626 3677 5678 quoque

2118 5684 2334 5739 Eusebii
2359 5682 2703 5752 euangelicos,
2738 5685 2787 5735 in
2811 5684 2996 5737 codice
3022 5682 3136 5735 Vat.
3170 5681 3413 5734 Palatino
3442 5680 3677 5752 studiose

2118 5756 2185 5813 ab
2215 5748 2699 5823 anonymo'vetcrc
2730 5756 3021 5822 breviatas,
3051 5769 3147 5808 nos
3177 5753 3272 5821 Ipsi
3300 5748 3603 5806 edidimus?
