4098 6200
420 302 528 362 639

1139 290 1408 349 EUSEBII
1445 287 1928 346 CA‘ZSARIENSIS
1965 285 2114 342 OPP.
2156 281 2340 337 PARS
2377 279 2468 337 IV.
2505 309 2576 323 -—
2612 272 3032 332 DOGMATICA.

3561 266 3665 322 διο

421 437 559 493 quas
583 418 843 475 cmlorum
893 429 1118 484 regnum
1162 415 1248 469 his
1305 423 1573 482 ereptum,
1604 413 1670 465 ad
1711 411 1848 466 alios
1875 417 1993 463 erat

2098 404 2252 474 φέρει
2297 401 2396 464 τάς
2441 397 2621 461 αἰτίας
2670 392 2962 466 παριστὰς,
2994 390 3061 444 δι’
3097 387 3161 452 ἃς
3187 386 3410 459 ἔμελλεν
3439 385 3517 448 εἰς
3561 385 3668 438 ἑτέ-

421 509 862 567 transferendum
892 524 905 559 ε
939 517 1160 573 tresque
1190 505 1414 558 omnino
1445 518 1639 558 causas
1679 503 1988 568 recensuit;

420 605 674 674 primam,
703 602 772 655 de
801 597 1071 653 fruct-ibus
1103 612 1239 666 quos
1274 596 1505 667 improbi
1537 596 1791 667 agricolae
1820 597 1991 652 abne-

417 701 726 762 gaverunt:
755 705 932 759 neque
958 690 1104 746 enim
1130 689 1397 758 imperata
1426 689 1692 752 fecerunt,
1723 689 1816 743 sed
1846 687 1993 758 leges

415 788 496 844 eis
547 785 688 840 latas
738 783 1102 838 violaverunt.
1146 781 1380 837 Causam
1441 780 1695 842 alteram,
1747 779 1988 834 facinora

417 881 679 933 adversus
703 876 996 945 prophetas
1028 875 1202 929 dixit:
1233 875 1286 928 hi
1315 873 1515 944 quippe
1553 872 1825 943 praemissi
1874 872 1992 926 fue-

418 980 543 1024 rant
574 969 719 1024 servi
745 967 860 1021 Dei.
903 967 1140 1021 Tertiam
1171 966 1404 1034 denique
1427 980 1648 1018 causam
1678 965 1862 1019 attulit
1898 981 1993 1036 pa-

417 1061 761 1116 trisfamilias
813 1059 983 1113 lilium
1015 1075 1236 1113 caesum.
1269 1058 1632 1124 Quamobrem
1668 1057 1772 1112 fusi
1815 1061 1994 1114 omnis

416 1153 696 1224 sanguinis
746 1167 921 1219 poena:
968 1151 1036 1205 ab
1085 1150 1152 1205 iis
1216 1161 1593 1218 reposcemur,
1644 1165 1674 1204 a
1732 1151 1995 1220 sanguine

411 1245 546 1314 justi
592 1243 782 1300 Abelis
813 1258 984 1313 usque
1015 1244 1082 1297 ad
1120 1244 1439 1314 sanguinem
1473 1240 1772 1298 Zachariae.

487 1513 612 1570 "ac
655 1513 1002 1582 pontiﬁcibus
1029 1521 1194 1581 atque
1229 1511 1533 1568 senioribus
1570 1514 1620 1566 in
1655 1513 1846 1569 faciem
1886 1515 1992 1568 ob-

411 1606 575 1674 iecta,
625 1622 729 1661 non
765 1605 1037 1660 mediocre
1072 1607 1156 1662 his
1205 1607 1460 1675 probrum
1501 1609 1778 1661 creabant.
1813 1610 1992 1674 Quare

416 1697 676 1751 admirari
701 1697 823 1750 licet
865 1695 1236 1761 Servatorem,
1270 1697 1360 1764 qui
1390 1705 1584 1766 pneter
1616 1708 1809 1752 creterra
1842 1709 1993 1765 pote—

416 1799 613 1845 statem
664 1804 884 1860 quoque
935 1790 1205 1845 sermonis
1243 1804 1434 1858 magna
1492 1806 1614 1844 cum
1664 1794 1991 1845 auctoritate

415 1883 727 1946 cxserebat,
765 1893 930 1952 atque
975 1885 1150 1936 instar
1198 1883 1400 1951 judicis
1433 1898 1646 1950 prauam
1683 1884 1872 1937 iisdem
1911 1899 1994 1937 sa-

415 1975 755 2039 pientissime
783 1991 966 2030 coram
1004 1975 1354 2030 decernebat.
1402 1973 1537 2030 Huic
1581 1985 1762 2030 autem
1789 1975 1993 2031 Serva-

417 2068 550 2123 toris
588 2067 754 2122 nostri
797 2068 1072 2135 parabolze
1101 2077 1389 2134 consonat,
1435 2070 1508 2121 uti
1535 2068 1735 2122 dictum
1762 2078 1868 2132 est,
1899 2068 1985 2122 illa

417 2158 588 2213 lsaim.
619 2159 723 2214 Sed
763 2169 944 2214 tamen
970 2162 1230 2230 propheta
1271 2163 1484 2216 vineam
1520 2162 1805 2232 obiurgat,
1847 2161 1990 2215 nulla

415 2250 684 2305 cultorum
734 2251 875 2305 facta
919 2255 1194 2307 mentione
1221 2275 1233 2307 :
1261 2261 1316 2308 at
1347 2267 1474 2306 vero
1501 2253 1760 2309 Servatur
1790 2256 1990 2310 vinito-

416 2356 502 2396 res
521 2356 705 2395 coram
741 2342 990 2412 ubjurgat
1012 2353 1175 2412 atque
1219 2355 1528 2410 praesentes.
1554 2344 1617 2398 Hi
1649 2362 1810 2415 porro
1837 2358 1995 2404 erant

417 2433 689 2503 principes
720 2433 994 2506 ducesque
1033 2438 1251 2507 pupuli:
1287 2439 1426 2505 apud
1457 2455 1594 2509 quos
1615 2440 1779 2494 etiam
1815 2441 1994 2496 scelus

415 2531 676 2585 adversus
709 2546 768 2587 se
797 2531 865 2585 ab
903 2531 987 2586 his
1021 2531 1345 2600 patraudmn
1388 2535 1880 2588 commemoravit:
1914 2533 1994 2590 fo-

417 2638 582 2693 reqne
609 2623 686 2678 ait
712 2635 771 2679 nt
805 2625 960 2678 vinea
997 2624 1063 2678 iis
1099 2623 1570 2695 auferatur,atque
1591 2626 1712 2680 aliis
1751 2628 1996 2682 tradatur

415 2714 734 2770 cultoribus.
792 2715 927 2770 Exin
981 2715 1330 2779 enncleabat,
1375 2731 1618 2784 quaenam
1658 2720 1784 2773 vitis
1805 2731 1990 2782 esset;

419 2819 610 2875 nempe
633 2805 723 2858 Dei
746 2820 967 2876 regnum
986 2806 1160 2860 vinea:
1179 2806 1393 2860 nomine
1408 2807 1630 2875 intelligi
1653 2809 1992 2866 declarabat:

417 2899 558 2967 quod
581 2898 797 2966 quidem
833 2898 924 2953 Dei
951 2914 1175 2968 regnum
1222 2914 1318 2966 per
1349 2901 1491 2969 piam
1526 2901 1834 2972 religionem
1864 2905 1992 2958 olim

417 2990 757 3061 principibus
782 2989 983 3058 prioris
1032 2991 1212 3060 populi
1253 2992 1623 3046 concreditum
1651 2994 1847 3048 fuerat.
1889 2995 1994 3050 Sed

2100 515 2228 570 ρους
2271 493 2650 567 μετατίθεσθαι
2697 488 3074 561 ἀφαιρουμένη
3110 485 3167 552 ἐξ
3205 482 3382 537 αὐτῶν
3431 482 3465 552 ἡ
3521 481 3670 551 βασι-

2098 590 2218 644 λεία
2237 589 2347 643 τῶν
2380 584 2648 659 οὐρανῶν.
2678 585 2838 654 Τρεῖς
2859 582 2915 634 δὲ
2941 579 3039 642 τὰς
3079 577 3256 638 πάσας
3286 573 3468 636 αἰτίας
3499 589 3670 626 κατα-

2097 684 2265 751 λέγει·
2300 679 2525 752 πρώτην
2561 678 2682 748 μὲν,
2711 677 2808 744 τὴν
2838 673 2963 743 περὶ
2986 671 3112 733 τοὺς
3154 668 3397 739 καρποὺς
3423 666 3672 734 ἀγνωμο-

2101 775 2266 846 σύνην
2293 774 2401 827 τῶν
2423 769 2712 842 γεωργῶν·
2746 768 2806 821 οὐ
2841 766 2950 836 γὰρ
2986 764 3249 834 ἔπραττον
3273 757 3413 813 κατὰ
3431 757 3499 811 τὰ
3528 774 3669 828 παρ-

2096 867 2410 938 ηγγελμένα
2454 865 2636 926 αὐτοῖς
2665 861 2804 932 (65),
2837 856 3152 930 παραδάται
3181 853 3234 905 δὲ
3257 852 3550 921 ἐτύγχανον
3578 848 3672 902 τοῦ

2096 961 2339 1024 δοθέντος
2397 960 2578 1021 αὐτοῖς
2620 955 2784 1026 νόμου
2804 969 2819 984 ⁸
2851 950 3106 1022 δευτέραν
3139 947 3214 1011 δὲ,
3246 945 3340 1017 τὴν
3388 943 3531 997 κατά
3567 943 3674 994 τῶν

2100 1052 2392 1124 προφητῶν
2424 1048 2716 1118 ἐπιϐουλήν
2733 1064 2745 1076 ο
2770 1038 2915 1098 οὗτοι
2943 1042 3053 1113 γάρ
3071 1036 3207 1112 ἦσαν
3227 1040 3275 1092 οἱ
3307 1034 3675 1109 προαπεσταλ-

2101 1145 2252 1215 μένοι
2288 1144 2383 1197 τοῦ
2432 1140 2567 1196 Θεοῦ
2614 1139 2824 1194 δοῦλοι·
2875 1135 2971 1189 καὶ
3010 1132 3222 1205 τρίτην,
3267 1130 3365 1200 τὴν
3401 1125 3540 1181 κατά
3583 1125 3674 1177 τοῦ

2098 1235 2214 1288 υἱοῦ
2237 1235 2330 1288 τοῦ
2362 1231 2744 1287 οἰκοδεσπότου
2789 1226 3123 1300 μιαιφονίαν,
3148 1224 3212 1277 δι’
3235 1224 3301 1293 ἣν
3325 1220 3662 1290 ὲκδικηθήσε-

2097 1345 2186 1381 ται
2220 1328 2277 1394 ἐξ
2303 1327 2482 1381 αὐτῶν
2521 1327 2630 1378 πᾶν
2677 1317 2838 1393 αἷμα,
2868 1320 2976 1374 ἀπὸ
3023 1318 3254 1388 αἵματος
3275 1313 3440 1367 Ἀδελ
3467 1312 3562 1365 τοῦ
3599 1312 3677 1364 δι-

2099 1421 2254 1472 καίου
2295 1417 2486 1489 μέχρις
2512 1417 2743 1487 αἵματος
2779 1412 3067 1484 Ζαχαρίου.

2170 1511 2357 1564 Ταῦτα
2380 1511 2436 1562 δὲ
2462 1511 2540 1572 εἰς
2563 1510 2855 1580 πρόσωπον
2873 1506 2982 1567 τοῖς
2997 1498 3311 1572 ἀρχιερεῦσι
3327 1497 3420 1550 καὶ
3443 1492 3676 1566 πρεσδυς

2097 1604 2276 1676 τέροις
2325 1602 2592 1672 λεγόμενα
2635 1601 2695 1652 οὐ
2733 1597 2959 1670 μικροὺς
2997 1596 3182 1656 αὐτοῖς
3219 1588 3479 1661 παρεῖχεν
3517 1587 3671 1655 ὲλέγ-

2099 1713 2244 1766 χους.
2273 1696 2362 1748 Διὸ
2387 1693 2479 1747 τοῦ
2506 1694 2757 1763 Σωτῆρος
2779 1690 3032 1760 θαυμάσα
3049 1686 3182 1739 ιὲστι
3213 1684 3350 1756 μετά
3369 1683 3476 1736 τῶν
3501 1680 3675 1736 ἄλλων

2095 1789 2186 1840 καὶ
2207 1786 2304 1858 τὴν
2336 1786 2581 1854 ἐξουσίαν
2619 1786 2712 1838 τοῦ
2758 1783 2917 1851 λόγου
2964 1780 3103 1852 μετά
3149 1778 3347 1849 πολλῆς
3389 1775 3674 1840 αὐθεντὶας

2093 1879 2534 1951 ἀποφηναμένου,
2569 1878 2663 1930 καὶ
2689 1876 2877 1948 κριτοῦ
2909 1875 3064 1946 δίκην
3098 1873 3196 1944 τὴν
3223 1873 3342 1926 κατ’
3387 1869 3566 1924 αὐτῶν
3595 1887 3675 1921 τι-

2096 1973 2305 2045 μωρίαν
2337 1977 2416 2035 εἰς
2445 1973 2505 2024 τὸ
2537 1970 2716 2024 αὐτῶν
2750 1969 3036 2040 πρόσωπον
3081 1964 3217 2036 μετὰ
3247 1963 3552 2034 βαθυτάτης
3587 1978 3677 2014 σο-

2093 2067 2222 2136 φίας
2250 2065 2644 2133 ὲξενεγκόντος.
2689 2062 2731 2116 Τ
2737 2066 2768 2134 ᾖ
2803 2060 3052 2131 παρούσῃ
3084 2059 3177 2113 τοῦ
3221 2059 3474 2128 Σωτῆρος
3516 2055 3673 2126 ἡμῶν

2091 2158 2370 2231 παραϐολῇ
2404 2157 2615 2229 συνᾴδει
2637 2160 2668 2228 ἡ
2691 2157 2842 2228 παρά
2866 2155 2943 2226 τῷ
2958 2151 3260 2222 Ἡσαΐα,ῶς
3279 2150 3490 2222 εἴρηται
3515 2149 3675 2218 (65⁸).

2093 2251 2240 2322 Πλὴν
2273 2253 2306 2322 ὴ
2337 2253 2438 2322 μὲν
2467 2250 2562 2304 τοῦ
2592 2251 2870 2322 προφήτου
2889 2248 2980 2300 τὸν
3001 2245 3297 2317 ἀμπελῶνα
3321 2243 3678 2312 διεμέμφετο,

2091 2346 2198 2398 τῶν
2244 2343 2505 2416 γεωργῶν
2552 2345 2774 2415 μνήμην
2815 2340 3063 2412 οὐδαμῶς
3110 2336 3451 2408 πεποιημένη
3475 2351 3487 2364 ο
3540 2336 3569 2387 ό
3615 2333 3674 2385 δὲ

2093 2438 2285 2509 Σωτὴρ
2307 2439 2432 2501 τοὺς
2461 2438 2737 2508 γεωργοὺς
2765 2436 3073 2505 ἀπηλέγχεν
3097 2435 3176 2496 εἰς
3199 2431 3480 2502 πρόσωπον
3504 2425 3666 2480 ἑστῶ-

2092 2550 2190 2595 τας
2247 2531 2342 2585 καὶ
2391 2531 2684 2602 παρόντας.
2735 2525 2893 2583 Οὗτοι
2926 2528 2970 2580 δ’
3011 2522 3151 2598 ἦσαν
3192 2525 3242 2577 οἱ
3276 2524 3530 2592 ἄρχοντες
3579 2520 3676 2573 καὶ

2092 2624 2386 2696 ἡγούμενοι
2411 2623 2505 2676 τοῦ
2535 2623 2665 2676 λαοῦ
2689 2640 2702 2653 ·
2736 2616 2815 2685 οἷς
2843 2619 2977 2692 ὁμοῦ
3005 2618 3101 2672 καὶ
3133 2618 3200 2687 ἢν
3224 2619 3534 2686 ποιήσονται
3552 2612 3675 2664 κατ’

2095 2717 2257 2772 αὐτοῦ
2288 2717 2579 2788 ἐπιϐουλὴν
2623 2715 2840 2785 ἐδήλου·
2885 2715 2978 2767 καὶ
3009 2711 3083 2774 ὡς
3119 2708 3417 2781 ἀρθήσεται
3451 2707 3544 2759 ἀπ’
3581 2705 3677 2756 αὐ-

2094 2811 2200 2864 τῶν
2244 2813 2273 2865 ὁ
2330 2809 2608 2881 ἁμπελὼν,
2669 2809 2760 2862 καὶ
2805 2807 3084 2877 δοθήσεται
3118 2803 3324 2872 ἑτέροις
3386 2800 3676 2869 γεωργοῖς,

2094 2900 2382 2973 προῦλεγεο
2407 2901 2682 2971 διασαφῶν
2718 2900 2914 2970 ἐφεξῆς
2937 2898 3019 2960 τίς
3050 2913 3176 2949 ποτε
3210 2896 3292 2965 εἴη
3323 2896 3351 2946 ὁ
3389 2890 3674 2962 ἀμπελὼν,

2096 2995 2190 3048 καὶ
2217 2994 2482 3049 διδάσκων
2514 2993 2612 3064 τὴν
2645 2992 2923 3064 βασιλείαν
2968 2988 3062 3041 τοῦ
3104 2986 3237 3039 θεοῦ
3271 2981 3407 3038 εἶναι
3447 2983 3537 3036 τὸν
3572 2983 3680 3053 ἀμο

419 3083 563 3135 eaim
604 3098 724 3132 (τιιιιι
776 3082 828 3134 lti
863 3098 1038 3150 neque
1064 3084 1275 3138 debitos
1320 3083 1531 3138 fruetus
1565 3088 1892 3154 redderent,
1940 3100 1993 3143 et

2098 3087 2313 3140 πελῶνα
2334 3104 2350 3118 ⁸
2381 3088 2502 3158 ἥτις
2534 3085 2780 3157 βασιλεία
2811 3081 2946 3136 Θεοῦ
2980 3081 3067 3134 διά
3089 3079 3182 3132 τοῦ
3213 3065 3498 3139 θεοσεϐοῦς
3529 3074 3678 3127 πολι-

416 3179 616 3239 φηδιοι·
653 3170 784 3240 legis
831 3171 1213 3236 violationem,
1270 3174 1505 3229 caedibus
1553 3191 1769 3246 quoque
1816 3188 1990 3233 semet

421 3260 819 3330 impiavissent,
848 3262 1040 3316 merito
1082 3261 1340 3318 Servatur
1374 3265 1512 3320 hanc
1539 3266 1591 3320 in
1629 3266 1746 3321 illus
1782 3277 1994 3324 senten—

421 3355 549 3406 tiam
579 3354 719 3418 tulit,
750 3354 937 3409 dicens
966 3373 980 3408 :
1014 3353 1300 3424 Propterea
1349 3357 1468 3412 dico
1517 3360 1682 3424 vobis,
1721 3362 1992 3430 auferetur

421 3463 452 3496 η
485 3446 625 3498 vobis
663 3433 886 3514 regnum
929 3445 1065 3512 Dei,
1105 3459 1151 3501 et
1197 3448 1410 3501 dabitur
1451 3452 1591 3519 genti
1631 3469 1749 3522 quae
1787 3452 1992 3522 [ructus

421 3538 533 3604 ejus
554 3537 1178 3606 exhibebit.—Quoniam
1220 3557 1349 3597 vero
1387 3542 1522 3597 dixit
1551 3547 1851 3600 occiderunt
1879 3547 1996 3618 (do-

423 3627 551 3681 tniui
585 3627 798 3699 filium).
831 3647 937 3684 non
956 3631 1065 3701 jam
1088 3633 1359 3688 videretur
1387 3636 1653 3701 parabolae
1676 3637 1843 3692 series
1867 3637 1995 3707 pati,

424 3719 596 3786 ipsum
645 3722 762 3776 fore
807 3735 1131 3790 praesentem
1165 3741 1361 3795 parum.
1400 3743 1502 3796 qua
1550 3729 1671 3781 mali
1723 3730 1992 3797 agricolae,

423 3814 625 3868 domini
683 3816 763 3870 sui
813 3816 1226 3880 interfectores,
1260 3821 1453 3874 merito
1502 3821 1765 3887 plectendi
1816 3833 1992 3876 erant.

419 3903 583 3976 Atqui
617 3921 799 3960 revera
828 3924 947 3964 esse
975 3911 1229 3966 eumdem
1265 3922 1497 3968 constat.
1531 3915 1654 3982 quia
1690 3915 1802 3982 ipse
1828 3914 1994 3982 jndex

421 4005 528 4050 est.

2092 3179 2358 3250 τεύματος
2389 3179 2558 3232 πάλαι
2591 3177 2854 3249 πρότερον
2879 3177 2989 3235 τοῖς
3015 3174 3240 3243 ἄρχουσι
3280 3169 3372 3222 τοῦ
3414 3166 3678 3239 προτέρου

2093 3273 2220 3327 λαοῦ
2250 3273 2630 3326 ἐπεπίστευτο.
2687 3268 2906 3339 Ἐπειδὴ
2956 3266 3086 3338 μηδὲ
3129 3265 3254 3326 τοὺς
3289 3263 3677 3332 δέονταςκαρ-

2096 3369 2230 3430 ποὺς
2259 3365 2602 3428 ἀπεδίδοσαν,
2646 3363 2781 3435 πρὸς
2817 3361 2874 3414 δὲ
2919 3362 2985 3429 τῇ
3029 3356 3122 3410 τοῦ
3167 3356 3332 3426 νόμου
3373 3350 3677 3422 παραϐάσει

2098 3458 2428 3529 μιαιφονῐαις
2457 3458 2680 3520 ἑαυτοὺς
2709 3455 3118 3525 περιέσπειραν,
3153 3449 3378 3511 εἰκότως
3422 3446 3518 3516 τὴν
3559 3445 3678 3497 κατ’

2100 3550 2278 3603 αὐτῶν
2317 3551 2345 3602 ό
2387 3550 2579 3620 Σωτὴρ
2626 3548 2946 3615 ὲξενέγκατο
2988 3544 3261 3612 ἀπόφασιν
3287 3581 3300 3604 ,
3347 3537 3531 3591 εἰπών·
3578 3537 3677 3589 Διά

2099 3643 2273 3697 τοῦτο
2307 3643 2462 3713 λέγω
2500 3642 2660 3711 ὑμῖν,
2689 3639 3020 3708 ’ἀρθήσεται
3065 3636 3165 3704 ἀρ’
3213 3631 3378 3702 ὑμῶν
3421 3631 3459 3696 ἠ
3493 3630 3678 3693 βασι-

2099 3735 2234 3787 λεία
2293 3734 2398 3787 τοῦ
2454 3732 2624 3796 Θεοῦ,
2680 3733 2777 3785 καὶ
2836 3728 3157 3795 δοθήσεται
3199 3726 3357 3779 ἔθνει
3407 3720 3679 3775 ποιοῦντι

2098 3828 2240 3894 τοὺς
2272 3828 2540 3898 καρποὺς
2564 3825 2752 3894 αὐτῆς
2785 3825 2916 3895 (63).
2940 3852 3011 3861 —-
3034 3821 3144 3891 (65)
3172 3817 3388 3886 Ἐπειδὴ
3421 3815 3476 3868 δὲ
3506 3810 3678 3875 εἶπεν,

2098 3920 2181 3972 ὅτι
2210 3919 2586 3985 ἀπέκτειναν,
2625 3917 2801 3972 οὐκέθ’
2832 3919 2864 3988 ἡ
2898 3913 3185 3969 ἀκολουθία
3220 3911 3320 3981 τῆς
3369 3905 3678 3978 παραϐολῆς

2099 4012 2243 4083 ἔχειν
2276 4012 2496 4066 δύναται
2522 4011 2683 4065 αὐτὸν
2711 4009 2849 4063 εἶναι
2880 4009 2970 4061 τὸν
2992 4005 3359 4077 παρεσόμενον
3395 4001 3486 4053 ἐπὶ
3510 4015 3672 4069 τιμω-

420 4087 542 4164 ρίᾳ,
573 4089 640 4162 ἢν
673 4087 811 4164 ἦσαν
835 4093 1033 4148 δίκαιοι
1067 4095 1322 4168 ὑποσχεῖν
1351 4097 1511 4149 κακοὶ
1541 4097 1775 4168 γεωργοὶ
1807 4099 1899 4151 καὶ
1934 4104 2112 4169 φονεῖς
2175 4104 2268 4157 τοῦ
2303 4103 2583 4157 δεσπότου.
2623 4105 2745 4155 Ὅτι
2791 4100 2848 4153 δὲ
2909 4097 3070 4160 αὐτός
3104 4096 3241 4157 ἐστι,
3289 4090 3477 4162 δῆλον·
3517 4087 3678 4150 αὐτὸς

420 4184 533 4257 γάρ
563 4188 774 4258 κριτής-

493 4279 655 4348 Lapis
686 4283 885 4336 dicitur
928 4282 1185 4339 Dominus
1208 4293 1428 4354 propter
1452 4293 1724 4339 terrenum
1744 4299 1940 4354 corpus
1972 4304 1985 4340 :

2167 4281 2276 4354 (66)
2299 4281 2454 4346 Λίθος
2475 4283 2505 4334 ό
2522 4252 2723 4353 Κύριος
2738 4279 2952 4348 λέγεται
2971 4277 3082 4348 (67)
3097 4273 3186 4327 διὰ
3200 4273 3260 4326 τὸ
3276 4270 3477 4340 γεῶδες
3495 4271 3672 4341 σῶμαο

424 4370 562 4441 lapis
612 4373 818 4442 absque
867 4391 1118 4429 manuum
1174 4378 1474 4432 ministerio
1515 4377 1776 4443 excisus,
1834 4387 1992 4444 prout

2098 4375 2239 4438 λίθος
2262 4375 2588 4446 τεμνόμενος
2617 4373 2744 4427 ἄνευ
2769 4369 2991 4442 χειρῶν,
3016 4368 3157 4421 κατὰ
3182 4366 3282 4437 τὴν
3313 4362 3513 4432 Δανιὴλ
3545 4363 3679 4432 ὅρα-

425 4463 596 4518 fertur
622 4465 672 4518 in
705 4465 937 4521 Danielis
954 4469 1157 4522 visione
1177 4471 1220 4530 '.
1257 4479 1476 4538 propter
1511 4483 1664 4522 suam
1697 4469 1762 4524 do
1790 4470 1995 4539 virgine

425 4555 759 4612 nativitatem
792 4576 804 4611 :
842 4574 1014 4628 neque
1047 4561 1189 4613 enim
1227 4560 1300 4612 illi
1330 4576 1464 4628 opus
1499 4559 1596 4631 fuit
1643 4562 1877 4614 humano
1912 4577 1995 4616 se-

427 4648 592 4713 mine,
618 4650 825 4704 cmlesti
851 4651 1046 4704 virtute
1069 4653 1370 4721 genituram
1397 4653 1516 4722 ejus
1547 4654 1958 4708 administrante
1978 4697 1992 4720 ,

426 4747 762 4810 matremque
793 4743 980 4797 habuit
1035 4743 1345 4811 nuptiarum
1398 4757 1677 4814 expertem
1724 4747 1992 4814 puellam,

425 4849 544 4904 quae
597 4851 736 4890 novo
777 4835 920 4890 inter
958 4835 1204 4891 homines
1257 4852 1407 4891 more
1453 4840 1517 4893 de
1566 4838 1768 4908 Spiritu
1806 4850 1996 4893 sancto

426 4927 695 4998 concepit.
731 4927 892 4999 Lapis
929 4939 1080 4992 erat,
1119 4945 1223 4984 non
1259 4945 1448 4984 aurum
1485 4946 1662 4999 neque
1683 4940 1992 5000 argentum,

429 5036 602 5091 neque
629 5036 718 5077 rex
745 5021 936 5092 aliquis
960 5021 1246 5091 gloriosus,
1287 5024 1352 5078 iis
1391 5021 1586 5078 similis
1610 5022 1698 5092 qui
1731 5039 1826 5093 per
1852 5023 1998 5092 ejus-

509 5141 529 5170 ’
573 5141 701 5194 Dan.
733 5157 792 5204 ll,
817 5139 909 5196 45.

506 5252 620 5322 (65)
649 5255 785 5308 Cod.
826 5255 891 5307 A.
928 5255 965 5309 l'.
991 5253 1120 5310 265.

506 5321 642 5391 (65')
671 5324 937 5378 Nimirqu
968 5328 1065 5378 sub
1093 5326 1262 5380 initiis
1294 5323 1452 5391 hujus
1485 5335 1751 5377 enarrata:
1788 5322 2008 5392 parabo.

396 5436 402 5441 .
439 5392 524 5452 Ire.
567 5394 654 5466 ubi
686 5406 836 5466 certe
882 5397 1052 5466 Syrus
1101 5396 1456 5464 congruebat.
1487 5394 1627 5466 Ergo
1660 5396 2009 5466 totumhoc.

441 5463 653 5516 etiamsi
695 5465 748 5516 in
778 5463 938 5533 Syro'
967 5463 1325 5534 desideretur,
1372 5466 1440 5522 σοι
1475 5465 1617 5520 idem
1657 5463 2014 5533 Theophaaite

441 5549 642 5602 corpus
677 5535 949 5601 pertinere
976 5539 1206 5594 videtur.

513 5602 627 5675 (lii)
652 5604 944 5675 _llucusqnc
977 5608 1093 5660 sine
1137 5609 1239 5660 ulli
1277 5607 1690 5675 interruptione.
1726 5604 1794 5658 ab
1841 5604 1997 5658 initio

445 5673 711 5741 parabolae
733 5714 748 5738 ,
777 5681 942 5729 codex
978 5678 1041 5728 Α.
1085 5676 1367 5744 Reliquum
1419 5673 1547 5731 vero
1591 5677 1947 5744 fragmentum
1980 5717 1993 5731 .

410 5759 592 5814 .a'que
613 5746 714 5798 sub
737 5748 951 5804 nomine
990 5747 1202 5800 Eusebii
1237 5749 1286 5800 iu
1308 5748 1490 5803 codice
1515 5749 1701 5803 eodem
1727 5748 1993 5807 laudatur,

2100 4483 2205 4528 σιν,
2238 4464 2327 4518 διά
2357 4464 2455 4535 τὴν
2482 4467 2545 4516 ὲκ
2579 4461 2846 4534 παρθένου
2885 4460 3168 4529 γέννησιν·
3217 4457 3277 4509 οὐ
3328 4453 3438 4524 γάρ
3461 4451 3679 4524 ἐδέησεν

2097 4559 2246 4629 αὐτῷ
2290 4558 2497 4627 σπορᾶς
2547 4555 2912 4626 ἀνθρωπίνης,
2963 4552 3218 4624 οὐρανίου
3273 4549 3555 4618 δυνάμεως
3613 4545 3680 4600 τά

2102 4652 2222 4706 κατ’
2251 4651 2412 4704 αὐτὸν
2439 4647 2897 4719 οἰκονομουμένης
2917 4663 2930 4676 °
2957 4647 3052 4698 καὶ
3089 4646 3270 4715 μήτηρ
3293 4641 3440 4710 αὐτῷ
3468 4637 3679 4709 ἀπειρό-

2101 4764 2275 4818 γαμος
2329 4745 2486 4816 κόρη,
2529 4744 2712 4798 καινὸν
2761 4742 3026 4813 τρόπονῆ
3069 4740 3190 4793 καθ’
3226 4739 3374 4809 ἡμᾶς
3426 4735 3485 4800 ἐξ
3522 4734 3680 4803 ἀγξου

2103 4841 2417 4911 Πνεύματος
2455 4839 2676 4893 κύουσα.
2731 4835 2890 4899 Λίθος
2938 4832 3026 4906 ἦν,
3079 4833 3190 4886 ἀλλ’
3233 4833 3294 4883 οὐ
3333 4829 3531 4901 χρυσὸς
3573 4825 3680 4880 οὐδ’

2105 4934 2362 5004 ἄργυρος,
2397 4931 2518 4986 οὐδὲ
2553 4928 2804 5000 βασιλεύς
2843 4945 2927 4991 τις
2960 4923 3185 4989 ἔνδοξος,
3234 4923 3416 4991 ὅμοιος
3442 4920 3555 4979 τοῖς
3596 4915 3681 4969 διὰ

2105 5026 2214 5083 τῶν
2258 5025 2474 5078 τοιῶνδε
2513 5022 2795 5094 συμϐόλων
2830 5021 2981 5092 παρά
3025 5017 3102 5088 τῷ
3149 5013 3343 5084 Δανιὴλ
3381 5008 3681 5079 δεδηλωμέ-

2113 5253 2209 5307 sed
2235 5252 2288 5305 in
2327 5254 2517 5319 pagina
2543 5266 2694 5302 versa
2737 5249 2862 5303 265.
2890 5249 2943 5303 lt.

2181 5321 2294 5390 (ea)
2323 5324 2454 5377 Cod.
2483 5324 2545 5374 A.
2571 5321 2606 5374 ι.
2634 5319 2760 5374 265.
2788 5321 2840 5390 ο.

2183 5386 3144 5462 (66)Cud.A.f.‘264.Syr.tv,l-i.
3347 5453 3356 5462 .
3467 5449 3494 5462 Α

2186 5449 2297 5533 ζϋῖδ
2325 5463 2395 5515 De
2437 5467 2535 5533 hoc
2566 5463 2796 5530 mystico
2841 5449 2978 5533 saxo
3017 5457 3176 5533 verba
3219 5453 3418 5533 03mm
3465 5449 3675 5533 ίίῖ¹¹¹⁸μῖ¹ξ

2117 5522 2450 5598 ΤΙιὶορῚιηηῦη
2501 5522 2723 5601 Syriaca
2787 5545 2840 5582 tv
2860 5571 2883 5601 ._
2921 5527 3032 5590 l4;
3084 5525 3178 5601 sed
3234 5522 3455 5601 Graecus
3508 5528 3677 5601 tostus

2118 5605 2218 5656 sub
2253 5587 2467 5656 Eusebii
2508 5587 2726 5655 nomine.
2775 5615 2810 5650 a.
2847 5587 3032 5652 Niceta
3082 5597 3288 5648 relatus
3322 5591 3495 5646 multo
3529 5587 3677 5656 plura

2115 5675 2335 5739 recitat,
2401 5675 2514 5727 sive
2574 5688 2638 5726 ex
2700 5668 3032 5736 Tlteophmtia
3080 5667 3196 5721 sive
3237 5678 3304 5718 cx
3351 5666 3681 5717 commenta-

2119 5747 2234 5800 riis.
