4098 6200
399 245 490 299 641
1711 247 1799 300 DE
1838 247 2302 305 THEOI’HANIA.

3555 257 3662 320 642

394 379 526 427 νοις·
559 375 700 416 asta
714 379 797 424 τις
821 359 1048 430 γυμνὸς,
1070 359 1164 412 καὶ
1184 360 1403 430 εὐτελὴς
1431 362 1524 415 καὶ
1553 363 1655 416 ἀπε
1665 366 1962 435 ρριμμένος

2094 371 2235 424 modi
2264 371 2507 439 symbola
2562 388 2591 424 a
2624 371 2842 427 Danie.e
2872 374 3229 428 demonstrati
3276 373 3524 443 fuerunt;
3560 394 3662 432 nu-

387 455 600 525 διὸκαὶ
635 454 782 517 λίθος
827 453 1274 522 προσκόμματος,
1332 455 1424 506 καὶ
1477 455 1652 526 πέτρα
1690 458 1981 513 σκανδάλου

391 548 794 620 ἀπηγόρευται.
855 545 912 600 ’0
967 546 1064 616 μὲν
1113 541 1206 598 οὖν
1257 545 1340 610 τίς
1381 563 1563 617 φησιν·
1619 550 1781 602 Οὕτω
1820 551 1980 621 λέγει

395 643 644 710 Κύριος·
691 639 833 693 Ἰδοὺ
854 639 968 708 ἐγὼ
986 638 1262 707 ἐμϐάλλω
1285 643 1372 706 εἰς
1401 640 1506 694 τὸν
1533 641 1807 711 θεμέλιον
1830 643 1982 698 Σιὼν

393 732 570 784 λίθον
583 725 910 796 πολυτελῆ,
929 725 1236 789 ἐκλεκτὸν,
1253 727 1697 796 ἀκρογωνιαῑον,
1718 730 1975 798 ἔντιμον·

397 823 494 875 καὶ
541 824 573 876 ό
612 821 911 874 πιστεύων
941 820 1034 872 ἐπ’
1063 819 1252 872 αὑτὸν
1299 821 1372 873 οὐ
1413 818 1500 888 μὴ
1544 822 1974 890 καταισχυνθῇ·

392 914 422 964 ό
443 913 499 965 δὲ
530 912 646 984 βοᾷ·
695 911 878 965 Λίθον
909 909 980 962 ὃν
1010 909 1465 979 ἀπεδοκίμασαν
1501 915 1554 964 οἱ
1603 912 1980 982 οἰκοδομοῦν-

395 1023 512 1072 τες·
540 1007 632 1058 καὶ
672 1007 856 1060 Λίθον
886 1003 953 1056 δὲ
979 1005 1440 1073 προσκόμματος
1468 1003 1840 1071 κεκλήκασιν
1869 1009 1978 1060 αὺ-

391 1100 520 1151 to'r.
571 1099 798 1160 Ἡσαΐας
840 1097 898 1150 δὲ
957 1097 1259 1168 ἀποτολμᾷ,
1307 1098 1397 1150 καὶ
1434 1098 1525 1150 τὸν
1576 1097 1777 1169 Κύριον
1817 1099 1976 1152 αὑτὸν

390 1187 526 1243 εἶναι
561 1192 651 1242 τὸν
680 1189 827 1242 λίθον
864 1187 1125 1252 διδάσκει,
1161 1181 1379 1259 ὧδέ-πη
1426 1189 1695 1254 θεσπίζων
1716 1209 1728 1221 ·
1755 1193 1976 1260 Κύριον

387 1282 576 1337 αὐτὸν·
597 1282 887 1352 ἁγιάσατε
903 1299 917 1312 ·
943 1281 1042 1334 καὶ
1073 1280 1256 1346 αὐτὸς
1281 1280 1454 1335 ἔσται
1476 1298 1592 1335 σου
1622 1285 1827 1352 φόϐος.
1847 1284 1974 1338 Κᾶν

387 1377 479 1429 ἐπ’
514 1373 676 1439 αὑτῷ
713 1373 1011 1439 πεποιθὼς
1047 1368 1142 1444 ᾖς,
1195 1375 1366 1428 ἔσται
1410 1389 1509 1429 σοι
1547 1378 1635 1442 εἰς
1685 1378 1969 1447 ἁγίασμα,

387 1467 484 1521 καὶ
524 1469 636 1535 οὐχ
684 1467 766 1531 ὡς
803 1467 975 1519 λίθου
1019 1468 1430 1535 προσκόμματι
1473 1467 1968 1536 συναντήσεσθε,

387 1561 513 1615 οὐδ’
537 1563 618 1625 ὡς
650 1557 869 1627 πέτρας
889 1557 1169 1628 πτώματι.
1227 1559 1279 1610 '0
1304 1558 1370 1612 δὲ
1409 1556 1574 1626 οἶκος
1618 1561 1855 1630 Ἰσραὴλ
1901 1563 1970 1616 ἐν

387 1653 615 1722 naria,
647 1653 750 1705 καὶ
798 1653 870 1706 ἐν
902 1651 1257 1722 κοιλάσματι
1304 1655 1357 1705 οἱ
1402 1652 1722 1722 καθήμενοι
1756 1655 1828 1706 ἐν
1882 1656 1969 1709 Ἰε-

2090 465 2212 527 dus,
2242 465 2483 532 inquam,
2518 476 2668 532 erat,
2709 466 2828 520 vilis
2871 477 3032 536 alque
3075 465 3356 534 abiectus;
3405 481 3573 536 quare
3606 479 3662 525 et

2088 555 2225 624 lapis
2257 555 2575 610 oli'ensionis
2608 573 2674 611 ac
2723 570 2872 626 petra
2904 560 3146 614 scandali
3179 561 3356 614 dietus
3389 568 3494 616 est.
3530 561 3632 629 Qui

2087 651 2208 704 dam
2238 667 2365 720 ergo
2389 650 2562 704 dicit'
2599 669 2611 704 :
2647 651 2737 706 Sic
2777 655 2848 706 ait
2886 653 3164 718 Dominus,
3197 653 3334 709 Ecce
3360 673 3455 726 ego
3511 657 3662 710 mitto

2084 738 2139 790 in
2164 739 2562 805 fundamentum
2595 740 2771 795 Sionis
2813 743 3042 809 lapidem
3083 747 3390 812 pretiosum,
3413 746 3659 811 electura,
3692 741 3696 745 ’

2084 833 2411 900 angularem,
2441 834 2821 888 Itonorabilent.
2876 835 2941 887 Et
2965 838 3056 904 qui
3091 838 3372 890 crediderit
3418 837 3474 891 in
3508 854 3652 904 eum,

2084 941 2186 978 non
2217 927 2587 991 confundetur.
2625 927 2740 998 Ipse
2787 943 2917 982 vero
2939 930 3139 982 clamat
3172 948 3183 982 :
3223 928 3475 999 Lapidem
3503 948 3659 1000 quem

2084 1022 2485 1088 reprobaverunt
2510 1020 2831 1089 a’diﬁcantes
2854 1020 2896 1076 ⁸.
2930 1021 3016 1088 Et,
3054 1022 3307 1091 Lapidem
3345 1024 3658 1092 o/fensionis

2079 1127 2197 1164 eum
2238 1115 2566 1182 appellarunt
2601 1115 2641 1168 '.
2680 1113 2850 1168 Isaias
2880 1130 3006 1170 \‘PI‘O
3029 1117 3184 1169 audet
3211 1118 3390 1185 dicere
3427 1115 3657 1186 lapidem

2082 1206 2244 1268 lnmc,
2273 1206 2579 1274 ipsumcsse
2607 1207 2914 1270 Dominum,
2938 1208 3011 1262 ita
3039 1208 3304 1262 deﬁniens
3337 1226 3349 1261 :
3375 1207 3656 1260 Dominum

2081 1300 2250 1366 ipsum
2285 1301 2652 1368 sancti/irate;
2683 1313 2729 1354 et
2751 1304 2860 1368 ipse
2902 1303 2998 1354 erit
3033 1319 3197 1369 paror
3229 1312 3370 1356 tuus.
3425 1299 3494 1354 Ει
3536 1300 3583 1355 si
3609 1300 3660 1353 ei

2079 1391 2308 1457 conﬁsus
2333 1393 2519 1460 fueris,
2545 1395 2645 1445 erit
2678 1404 2694 1444 t
2723 1395 2774 1446 bi
2796 1395 2850 1446 in
2883 1394 3378 1461 sanctiﬁcationem,
3407 1409 3570 1461 neque
3597 1401 3656 1446 ut

2076 1485 2131 1536 in
2177 1484 2400 1550 lapidem
2444 1487 2754 1554 oﬂ'endicnli
2798 1489 3113 1556 impingetis,
3159 1503 3322 1554 neque
3359 1488 3413 1539 in
3453 1501 3653 1555 petram

2078 1573 2276 1638 lapsus.
2317 1572 2514 1626 Domus
2549 1589 2724 1627 autem
2764 1575 2983 1629 lsraelis
3007 1579 3061 1629 in
3090 1575 3298 1644 laqueo,
3332 1576 3656 1630 habitatores

2083 1663 2411 1718 Hierusalem
2440 1667 2494 1718 in
2544 1667 2729 1736 fovea;
2760 1680 3034 1736 propterea
3087 1671 3395 1736 impotentes
3421 1678 3574 1722 erunt
3605 1668 3650 1726 ‘.

382 1743 737 1815 ρουσαλήμ·
779 1745 877 1799 διὰ
930 1745 1104 1799 τοῦτο
1145 1743 1662 1810 ἀδυνατήσουσιν.
1719 1747 1859 1798 Ἀνθ’
1912 1742 1963 1801 οἶ

2073 1756 2178 1811 Pro
2210 1759 2407 1827 quibus
2436 1735 2604 1830 magis
2659 1735 2942 1829 perspicue
2985 1759 3350 1831 Symmachus
3378 1761 3651 1829 interpre-

388 1839 720 1909 σαφέστερος
745 1839 774 1890 ὁ
796 1838 1089 1908 Σύμμαχος
1117 1837 1450 1908 ἡρμήνευσε·
1485 1837 1702 1904 Κύριον
1728 1836 1846 1890 τῶν
1868 1838 1970 1890 δυ-

384 1929 642 1998 νάμεων,
681 1929 870 1983 αὐτὸν
900 1927 1204 1998 ἁγιάσατε·
1238 1927 1336 1980 καὶ
1364 1927 1546 1992 αὐτὸς
1586 1927 1756 1980 ἔσται
1791 1930 1974 1996 φόϐος

384 2021 554 2091 ὑμῶν
617 2019 716 2074 καὶ
783 2020 1116 2088 κραταίωμα
1188 2011 1387 2089 ὑμῶν,
1466 2019 1563 2072 καὶ
1643 2020 1814 2073 ἔσται
1885 2024 1973 2088 εἰς

388 2114 676 2183 ιὶγίασμα·
705 2112 788 2176 εις
813 2109 882 2162 δὲ
929 2111 1102 2163 λίθον
1121 2108 1579 2177 προσκόμματος
1614 2108 1710 2160 καὶ
1762 2110 1849 2174 εὶς
1877 2108 1974 2161 πέ-

384 2221 531 2273 τραν
575 2200 926 2254 σκανδάλου
967 2201 1089 2267 τοῖς
1126 2200 1308 2254 δυσὶν
1347 2201 1535 2264 οἴκοις
1585 2199 1840 2269 Ἰσραὴλ,
1885 2203 1971 2267 εἰς

384 2295 605 2364 παγίδα
634 2294 731 2348 καὶ
752 2297 839 2359 εἰς
871 2292 1221 2347 σκάνδαλον
1247 2291 1324 2356 τῷ
1359 2292 1624 2346 οἰκοῦντι
1652 2293 1722 2346 ἐν
1762 2293 1970 2362 Ἰερου-

383 2386 610 2457 σαλήμ.
646 2387 813 2440 Ἔνθα
841 2387 1129 2456 γενόμενος
1156 2385 1452 2456 ἐπίστησον
1483 2385 1605 2438 τινα
1647 2386 1839 2456 τρόπον
1873 2387 1969 2438 αύ-

381 2478 475 2532 τὸν
504 2478 594 2530 τὸν
627 2477 826 2549 Κύριον
847 2476 954 2528 τῶν
981 2476 1263 2546 δυνάμεων
1288 2478 1401 2538 τοῖς
1443 2476 1538 2546 μὲν
1568 2478 1654 2528 ἐπ’
1684 2475 1846 2529 αὑτὸν
1873 2493 1968 2528 πε-

383 2570 625 2624 ποιθόσιν
651 2569 868 2623 ἔσεσθαι
900 2569 979 2633 εἰς
1002 2569 1252 2639 ἁγίασμά
1285 2584 1470 2638 φησιν,
1505 2567 1620 2620 ἀλλ’
1649 2569 1746 2638 οὐχ
1776 2567 1851 2631 ὼς
1889 2566 1967 2619 λι-

385 2664 478 2717 θον
518 2663 962 2736 προσκόμματος,
986 2661 1106 2714 οὐδὲ
1134 2660 1209 2724 ὠς
1248 2660 1452 2730 πέτραν
1495 2658 1814 2730 πτώματος·
1856 2663 1966 2722 τοῖς

381 2757 437 2810 δὲ
472 2757 546 2829 μὴ
573 2756 658 2809 ἐπ’
690 2757 847 2809 αὑτὸν
894 2754 1174 2809 πεποιθόσι
1217 2753 1364 2806 λίθον
1410 2753 1833 2823 προσκόμματος
1871 2753 1965 2805 καὶ

380 2848 587 2922 πέτραν
629 2847 922 2921 πτώματος
960 2844 1285 2918 γενήσεσθαι
1319 2847 1515 2909 δοκεῖν,
1555 2839 1816 2899 διδάσκει.
1853 2845 1964 2898 Καὶ

381 2942 525 3005 τινες
544 2937 708 3006 οὗτοι,
741 2940 1094 3012 προφητεύει,
1131 2941 1316 3010 σαφῶς
1339 2939 1583 3010 δηλώσας
1613 2939 1740 3003 τοὺς
1765 2941 1843 3002 εἰς
1870 2939 1962 2991 τὸν

381 3037 613 3110 Χριστὸν
662 3038 1058 3108 ἐπιστήσαντας
1099 3036 1204 3090 τῶν
1253 3038 1316 3090 ὲκ
1350 3037 1667 3108 περιτομῆς.
1706 3034 1866 3096 Λίθος
1905 3035 1962 3090 δὲ

379 3131 475 3182 καὶ
527 3129 700 3192 ἄλλως
748 3129 1114 3200 ἐχρημάτιζεν
1164 3130 1192 3181 ό
1239 3129 1428 3202 Σωτὴρ
1478 3129 1566 3182 διὰ
1615 3129 1674 3182 τὸ
1715 3129 1960 3200 θεμέλιος

379 3223 622 3295 ἀρραγὴς
673 3223 763 3276 καὶ
799 3226 1054 3294 πετραίος
1096 3221 1494 3294 ύποϐεϐλῆσθαι
1529 3225 1594 3294 τῇ
1637 3223 1785 3293 πάσῃ
1818 3223 1960 3275 οξκο-

378 3314 540 3386 δομίᾳ
573 3315 670 3385 τῆς
717 3314 856 3367 κατὰ
897 3315 1028 3367 Θεὸν
1073 3314 1366 3379 πολιτείας.
1417 3315 1704 3384 Θεμέλιον
1743 3315 1955 3379 ἄλλον,

380 3408 544 3478 φησὶν
585 3409 613 3459 ὁ
648 3408 787 3471 θεῖος
831 3407 1184 3472 Ἀπόστολος,
1233 3408 1434 3474 οὐδεὶς
1481 3407 1728 3461 δύναται
1771 3409 1957 3462 θεῖναι

385 3501 537 3569 παρὰ
564 3501 668 3553 τὸν
711 3502 1006 3570 κείμενον,
1052 3501 1119 3566 ὅς
1167 3501 1337 3554 ἐστιν
1397 3499 1629 3570 Ἰησοῦς
1675 3503 1954 3570 Χριστός·

378 3594 474 3647 καὶ
498 3589 669 3656 αὖθις·
719 3594 783 3648 'Il
807 3593 874 3646 δὲ
905 3593 1088 3662 πέτρα
1114 3590 1194 3664 ἦν
1217 3597 1249 3648 ὀ
1266 3595 1538 3664 Χριστός.
1560 3593 1720 3657 Λίθος
1740 3611 1957 3665 τοιγαρ-

376 3684 471 3738 οῦν
507 3687 600 3740 καὶ
638 3688 814 3757 πέτρα
854 3687 948 3740 καὶ
1000 3686 1252 3757 θεμέλιος
1297 3687 1392 3740 τοῦ
1442 3687 1583 3740 κατὰ
1618 3687 1748 3741 Θεὸν
1806 3688 1954 3740 πολι-

374 3779 642 3850 τεύματος
682 3778 843 3842 αὐτὸς
890 3775 990 3851 ἦν·
1031 3781 1125 3833 καὶ
1162 3780 1308 3843 λίθος
1351 3781 1760 3852 ἀκρογωνιαῖος,
1800 3781 1953 3832 ἐκλε-

375 3870 526 3935 κτὸς,
554 3872 787 3942 ἔντιμος,
827 3871 1032 3942 μηδένα
1062 3873 1172 3924 τῶν
1199 3875 1280 3936 εἰς
1312 3872 1474 3926 αὑτὸν
1511 3871 1816 3941 ἡλπικότων
1859 3873 1952 3926 καὶ

375 3963 817 4016 πεπιστευκότων
862 3965 1149 4034 αἰσχύνων·
1181 3967 1210 4018 ό
1246 3965 1289 4016 δ’
1329 3963 1488 4027 αὐτὸς
1516 3964 1660 4028 λίθος
1689 3961 1755 4035 ἦν
1786 3983 1951 4036 προσ-

376 4057 658 4128 κόμματος
699 4055 793 4110 xui.
847 4057 1022 4129 πέτρα
1069 4057 1360 4111 σκανδάλου
1411 4057 1498 4110 διὰ
1549 4057 1610 4109 τὸ
1662 4057 1852 4119 πάθος,
1906 4051 1950 4125 ᾧ

375 4149 741 4220 προσκόπτειν
767 4151 893 4212 τοὺς
923 4149 1286 4212 ἀπιστοῦντας
1327 4149 1634 4220 συμϐαίνει·
1681 4150 1774 4202 καὶ
1806 4149 1950 4213 λίθος

373 4240 435 4292 ὃν
481 4240 885 4312 ἀπεδοκίμασαν
929 4246 978 4296 οἱ
1031 4241 1454 4312 οἰκοδομοῦντες.
1520 4243 1734 4314 Ταύτην
1788 4243 1948 4307 αὐτὸς

375 4332 828 4403 ὲπισφραγὶξεται
874 4335 972 4407 τὴν
1013 4335 1308 4407 ὲρμηωείαν
1354 4335 1442 4388 διὰ
1479 4337 1576 4407 τῆς
1613 4336 1945 4408 παραϐολῆς,

2075 1860 2221 1902 tatus
2249 1861 2331 1904 est
2365 1850 2686 1904 :Dominum
2721 1855 3000 1916 uirtutum,
3043 1853 3212 1920 ipsum
3252 1851 3585 1919 sancti/irate
3630 1869 3649 1906 :

2071 1954 2118 1997 et
2142 1946 2248 2011 ipse
2272 1945 2366 1997 erit
2403 1961 2567 2011 ναι·ον
2595 1956 2758 1998 vester
2794 1955 2842 1998 et
2865 1946 3147 2015 fortitudo,
3174 1947 3376 2014 eritque
3416 1947 3469 1999 in
3518 1963 3648 2000 sau-

2070 2038 2484 2104 ct-i/icationem;
2521 2037 2656 2105 lapis
2700 2055 2816 2092 vero
2848 2039 3155 2107 o/fendiculi
3209 2049 3257 2092 et
3309 2050 3457 2105 petra
3492 2054 3650 2093 scan-

2070 2133 2179 2183 dali
2209 2130 2414 2184 duabus
2453 2131 2694 2184 domibus
2739 2131 2982 2195 lsraelis,
3019 2131 3235 2202 laqueus
3265 2143 3312 2184 et
3335 2130 3648 2184 scandalum

2069 2223 2257 2278 incon
2299 2222 2656 2279 Hierusalem.
2696 2226 2870 2290 Atque
2896 2225 2996 2278 hoc
3031 2223 3151 2278 loco
3175 2224 3486 2288 considera,
3513 2237 3650 2292 quo-

2071 2315 2229 2369 modo
2278 2317 2452 2384 ipsum
2513 2314 2798 2370 Dominum
2845 2316 3104 2369 virtutum
3159 2313 3556 2369 conlidentibus
3597 2313 3646 2368 ei

2070 2408 2304 2461 futurum
2339 2421 2462 2462 esse
2507 2407 2637 2462 dicit
2666 2409 2716 2461 in
2743 2407 3232 2462 sanctificationem
3259 2446 3275 2471 ,
3310 2422 3418 2460 non
3449 2415 3634 2459 autem

2068 2499 2120 2553 in
2148 2497 2456 2552 olfendiculi
2510 2499 2739 2568 lapidem
2772 2539 2787 2562 ,
2823 2507 2878 2552 et
2912 2499 2963 2552 in
2997 2507 3201 2567 petram
3234 2497 3438 2564 lapsus.
3474 2497 3651 2550 Secus

2067 2605 2193 2644 vero
2219 2590 2436 2644 minime
2467 2590 2514 2643 ei
2556 2589 2978 2650 conlidentibus.
3015 2589 3246 2658 lapidem
3276 2589 3518 2641 futurum
3559 2587 3646 2640 of-

2067 2681 2319 2735 fendiculi
2347 2721 2361 2743 ,
2409 2689 2464 2735 et
2494 2692 2702 2748 petram
2743 2679 2947 2748 lapsus,
2979 2680 3147 2734 videri
3195 2680 3372 2733 docet.
3408 2677 3645 2744 Quinam

2064 2784 2243 2825 autem
2298 2771 2348 2824 bi
2381 2773 2519 2832 sint,
2550 2771 2903 2834 vatcinatur,
2947 2769 3232 2824 manifeste
3259 2771 3646 2826 demonstrans

2064 2863 2444 2917 circumcisum
2500 2863 2588 2932 qui
2652 2864 2913 2917 adversus
2968 2861 3243 2916 Christum
3295 2863 3646 2917 consurrexit

2063 2955 2334 3025 populum.
2390 2955 2563 3009 Aliter
2615 2969 2830 3024 quoque
2862 2954 2998 3024 lapis
3054 2964 3134 3008 est
3166 2953 3448 3018 Servator,
3503 2955 3632 3024 quia

2063 3063 2161 3102 ceu
2200 3046 2605 3102 fundamentum
2659 3046 2931 3101 immobile
2978 3062 3041 3100 ac
3073 3045 3364 3114 lapideum,
3396 3047 3644 3114 supposi-

2073 3153 2156 3196 tus
2209 3139 2308 3194 fuit
2355 3142 2610 3194 universo
2665 3140 2894 3194 aulillcio
2947 3139 3070 3193 vita:
3119 3139 3418 3194 secundum
3474 3139 3640 3193 Deum

2065 3234 2305 3304 agendae.
2334 3231 2762 3286 Fundamentum
2798 3231 2947 3284 aliud
2974 3273 2988 3297 ,
3021 3232 3094 3285 ait
3126 3231 3282 3286 divus
3318 3230 3638 3300 Apostolus.

2068 3341 2212 3378 nemo
2259 3333 2424 3393 potest
2471 3339 2661 3387 ponere
2694 3334 2885 3389 pra’ter
2930 3321 3047 3390 jam
3081 3323 3350 3389 positum,
3384 3321 3524 3391 quod
3563 3333 3639 3374 est

2065 3416 2302 3469 Christus
2333 3414 2488 3468 Iesus
2515 3415 2559 3468 ⁷.
2589 3415 2652 3467 Et
2684 3429 2873 3468 rursus
2913 3430 2926 3466 :
2959 3412 3119 3466 Petra
3158 3423 3332 3466 autem
3354 3424 3466 3466 erat
3494 3411 3641 3467 Chri-

2063 3520 2171 3561 stus
2201 3507 2240 3559 ⁸.
2275 3507 2433 3575 Lapis
2487 3516 2664 3575 itaque
2701 3515 2754 3560 et
2803 3515 2955 3575 petra
2986 3515 3039 3559 et
3075 3505 3482 3558 fundamentum
3515 3509 3640 3558 vitae

2062 3600 2354 3654 secundum
2393 3599 2559 3652 Deum
2587 3595 2829 3667 agenda},
2852 3597 2963 3664 ipse
2984 3605 3137 3659 erat;
3169 3595 3304 3665 lapis
3335 3597 3632 3666 angularis,

2061 3693 2284 3754 electus,
2317 3690 2668 3754 honorabilis,
2699 3689 2967 3743 neminem
3004 3689 3056 3740 in
3091 3702 3156 3741 eo
3177 3688 3510 3755 sperantium
3547 3695 3634 3739 at-

2060 3798 2163 3853 que
2179 3783 2559 3838 conﬁdentiam
2590 3781 2946 3836 confundens.
2969 3779 3175 3834 Rursus
3203 3779 3339 3832 idem
3363 3777 3497 3846 lapis
3518 3787 3636 3831 erat

2059 3875 2442 3930 olIendiculiet
2485 3883 2632 3943 petra
2661 3874 2902 3928 scandali
2949 3882 3168 3943 propter
3197 3871 3526 3940 passionem,
3578 3871 3632 3925 in

2059 3985 2220 4038 quam
2272 3967 2544 4022 oli‘endere
2591 3967 2886 4021 incredulis
2935 3965 3168 4028 accidit;
3211 3974 3262 4017 et
3314 3963 3450 4033 lapis
3473 3978 3631 4032 quem

2060 4063 2486 4127 reprobaverunt
2546 4059 2892 4114 aediﬁcantes.
2958 4059 3107 4112 Hanc
3163 4058 3278 4126 ipse
3346 4057 3632 4111 conﬁrmat.

2059 4152 2557 4222 interpretationem
2581 4165 2678 4220 per
2709 4149 3015 4220 parabolam
3044 4191 3058 4214 ,
3092 4150 3303 4202 vineam
3337 4147 3631 4215 agricolas-

2056 4260 2163 4312 que
2200 4243 2482 4304 inducens.
2541 4255 2836 4309 servosque
2875 4242 3068 4294 missos
3107 4241 3310 4310 primos
3335 4249 3390 4293 et
3434 4239 3630 4293 alteros

2056 4339 2123 4388 ab
2168 4334 2422 4405 agricolis
2457 4334 2652 4398 injuria
2705 4332 2975 4388 affectos:
3020 4343 3399 4401 postremoque
3449 4331 3618 4385 lilium

373 4426 670 4496 ἀμπελῶνα
701 4428 794 4481 καὶ
816 4431 1094 4500 γεωργοὺς
1115 4430 1349 4498 εἰσάγων
1367 4429 1582 4493 δούλους
1606 4447 1664 4482 τε
1688 4431 1949 4483 ἀπεσταλ-

2071 4447 2081 4477 ι
2109 4439 2260 4490 patre
2293 4427 2536 4488 missum,
2579 4436 2630 4479 et
2661 4425 2729 4479 ab
2763 4426 2939 4494 impiis
2966 4425 3219 4496 agricolis
3256 4423 3625 4477 interfectum.

377 4519 570 4589 μένους
590 4521 836 4593 πρώτους
856 4523 946 4574 καὶ
972 4521 1256 4593 δευτέρους
1276 4522 1660 4594 ὑϐριζομένους
1685 4523 1818 4594 πρὸς
1843 4522 1953 4576 τῶν

373 4612 654 4682 γεωργῶν·
673 4615 764 4667 καὶ
789 4613 937 4677 τέλος
971 4614 1112 4666 ’Υἱὺν
1140 4616 1421 4685 ἀγαπητὸν
1452 4616 1554 4667 ὑπὸ
1584 4617 1681 4686 μὲν
1712 4615 1806 4668 τοῦ
1839 4617 1952 4669 Πα-

381 4704 503 4774 τρὸς
553 4707 987 4777 ἐκπεμπόμενον,
1035 4709 1138 4760 ὑπὸ
1165 4708 1220 4761 δὲ
1249 4709 1461 4761 ἀσεϐῶν
1516 4711 1775 4781 γεωργῶν
1811 4709 1945 4761 ἁπο-

2059 4517 2187 4573 Post
2210 4536 2370 4587 quam
2392 4517 2704 4588 parabolam
2733 4518 2913 4582 infert,
2937 4519 3063 4585 quid
3091 4518 3179 4577 sit,
3204 4515 3450 4580 Lapidem
3474 4529 3626 4579 quem

2059 4615 2458 4681 reprobaverunt
2501 4613 2824 4680 aidiﬁcaittes
2854 4653 2869 4679 ,
2922 4612 3003 4665 hic
3057 4610 3231 4678 [actus
3273 4620 3346 4662 est
3377 4609 3433 4662 in
3468 4617 3627 4677 caput

2056 4707 2238 4766 annuli
2263 4705 2305 4756 ’.

379 4797 742 4868 κτιννύμενον.
776 4799 908 4852 Μεθ’
941 4800 1010 4870 ἢν
1032 4800 1341 4872 παραϐολὴν
1370 4802 1639 4872 ἐπιφέρει,
1676 4803 1726 4854 τί
1757 4803 1872 4856 ἐστι
1912 4801 1994 4862 τὸ,
2033 4800 2213 4854 Λίθον
2271 4797 2342 4851 δν
2379 4797 2832 4865 ἀπεδοκίμασαν
2858 4799 2910 4848 οι
2939 4790 3410 4862 οἰκοδομοῦντες,
3443 4787 3622 4855 οὗτος

375 4887 625 4958 ἐγενήθη
651 4893 737 4958 εὶς
759 4891 1032 4960 κεφαλὴν
1059 4893 1294 4962 γωνίας.

1109 4985 1182 5038 Ζ’.

445 5071 556 5146 (68)
595 5073 812 5144 Ἐπειδὴ
841 5073 1007 5127 δὲκαὶ
1033 5077 1165 5146 περὶ
1197 5063 1292 5128 τοῦ
1313 5077 1480 5129 τόπου
1515 5077 1747 5147 ἔχρησεν
1784 5075 1812 5127 ὁ
1846 5074 1942 5128 τοῦ

369 5165 509 5219 Θεοῦ
531 5165 723 5236 Λόγος,
750 5167 884 5238 φέρε
907 5166 1103 5237 ἴδωμεν
1134 5167 1233 5232 τάς
1262 5168 1426 5222 αὑτοῦ
1451 5169 1579 5240 περὶ
1613 5166 1800 5221 τούτου
1833 5185 1945 5238 φω-

369 5256 487 5320 νάς.
506 5257 581 5310 οὐ
600 5259 857 5330 φέροντες
881 5257 1048 5312 αὐτοῦ
1076 5259 1175 5330 τὴν
1199 5261 1400 5332 σεμνὴν
1429 5260 1798 5324 διδασκαλίαν,
1819 5260 1940 5315 οὔτε

367 5349 471 5420 τὴν
501 5350 804 5422 πρόρρησιν
819 5351 930 5423 (69)
946 5353 1042 5405 καὶ
1053 5352 1178 5414 τοὺς
1194 5350 1470 5423 ἐλέγχους,
1488 5355 1537 5406 οἱ
1553 5352 1660 5406 τῶν
1675 5353 1941 5407 Ἰουδαίων

442 5465 465 5496 ⁸
493 5464 615 5519 lsai.
640 5481 827 5531 ιινιιι,
851 5465 936 5520 16.

370 5550 541 5601 εινιι,
565 5536 660 5592 22.

441 5648 554 5723 (liti)
575 5649 706 5723 God.
734 5651 796 5720 l\_.
823 5647 858 5723 [τ
885 5649 1006 5723 lilii.
1041 5649 1163 5723 Syr.
1192 5667 1264 5714 Iv,
1301 5651 1386 5705 18.

445 5717 556 5790 (69)
583 5717 802 5775 Videtur
828 5717 1100 5777 declinare
1123 5739 1151 5776 a
1203 5738 1361 5777 sensu
1392 5722 1579 5789 Syrus.
1619 5722 1708 5787 qui
1764 5720 1932 5774 dirui.

2786 4975 2894 5032 ΥΠ.

2121 5075 2258 5142 Quia
2280 5087 2411 5128 vero
2436 5072 2504 5126 de
2524 5071 2642 5127 loco
2665 5070 2828 5125 etiam
2860 5083 3137 5122 oracumm
3177 5065 3344 5119 edidit
3375 5063 3465 5118 Dei
3495 5064 3624 5118 Vera-

2048 5167 2215 5234 bum,
2263 5163 2634 5236 agesisipslns
2679 5163 2780 5216 hac
2829 5162 2894 5214 de
2942 5173 3002 5213 re
3025 5173 3182 5212 voces
3212 5157 3614 5211 animadverta—

2051 5274 2190 5315 mus.
2223 5257 2355 5313 Cum
2387 5272 2484 5312 nec
2517 5257 2633 5324 ejus
2664 5253 3022 5307 venerandam
3067 5250 3365 5303 doctrinam
3396 5290 3423 5314 ,.
3441 5263 3615 5317 neque

2048 5350 2390 5413 vaticinium.
2420 5363 2595 5416 neque
2617 5343 3066 5413 reprehensiones
3092 5356 3246 5410 sequo
3271 5341 3452 5394 animo
3500 5339 3611 5395 fer-

1024 5463 1048 5496 ⁸
1074 5463 1217 5520 Psal.
1246 5466 1524 5530 cxvnﬂﬁ.
1598 5468 1620 5500 ‘
1643 5466 1766 5526 lsai.
1791 5484 1908 5534 \‘tll,
1935 5469 1956 5522 l

2101 5466 2267 5524 ‘ibid.
2302 5465 2390 5522 l3.
2468 5465 2487 5496 ⁷
2512 5463 2528 5518 Ι
2550 5462 2675 5517 Cor.
2705 5461 2889 5527 tu,ll.
2957 5459 2979 5488 '
3012 5457 3030 5512 l
3059 5457 3188 5518 Cor.
3211 5473 3266 5522 ι,
3288 5455 3340 5511 ι.
3421 5455 3444 5487 ⁹
3467 5454 3610 5511 Psal.

2046 5653 2348 5720 gationem,
2406 5661 2511 5702 non
2573 5655 2750 5702 autem
2801 5647 3229 5718 prtrdictionem,
3281 5653 3580 5713 mterpreta

2044 5734 2145 5776 lllt'.
