4098 6200
450 267 557 322 645

1150 265 1417 324 ΕυδΕΒιῐ
1455 263 1932 321 ωΕδΑιιιΕΝειε
1971 263 2009 320 0

2111 263 2344 322 ..PARS
2380 263 2468 318 IV.
2507 297 2576 307 —
2615 263 3034 321 DOGMATICA.
3571 262 3669 318 ‘3“

449 395 567 438 rent
598 381 901 437 Juda'orum
948 381 1216 451 principes
1249 422 1264 444 ,
1314 383 1444 435 urbe
1475 383 1620 436 illum
1677 383 1830 436 abire
1854 399 2009 436 rura-

2111 384 2396 454 άρχοντες,
2439 383 2538 454 τῆς
2582 383 2787 448 πόλεως
2833 381 3211 451 ἀπαλλαγῆναι
3243 380 3481 433 ἐποίουν.
3527 380 3584 431 ’0
3630 359 3671 432 δ’

448 486 594 531 runt.
650 473 939 528 Discedens
987 484 1164 525 autem
1208 472 1594 543 Hierosolymis
1620 473 1872 527 Christus
1913 477 2008 530 bas

448 567 614 620 edidit
643 575 828 619 contra
863 562 1046 615 urbem
1101 578 1262 616 voces
1296 583 1309 617 :
1345 563 1703 631 Hierusalem,
1749 565 2008 620 Hierusa-

447 657 568 716 lem,
607 668 958 719 sa'peimmero
999 653 1173 718 optavi
1218 653 1361 720 ﬁlios
1400 664 1516 706 tuos
1550 671 1896 724 congregare,
1929 667 2009 709 at-

449 759 620 798 tamen
648 761 732 796 ros
759 743 1026 796 reuuislis.
1060 742 1142 794 Eu
1175 744 1489 814 relinquitur
1526 746 1670 798 vobis
1697 748 1884 799 domus
1929 763 2011 800 re-

447 849 556 889 stro
583 837 787 888 (lacerta
815 835 877 888 ίο.
905 833 1021 886 Jatn
1050 849 1154 887 non
1188 834 1278 888 Dei
1313 836 1525 889 dommn
1565 839 1818 904 templum
1857 838 2006 900 illud,

449 926 928 992 sanetuarimuque
962 940 1082 978 esse
1121 927 1517 990 demonstrans,
1553 929 1645 981 sed
1676 927 1888 981 illorutn
1921 929 2011 982 do-

447 1032 614 1080 mum,
647 1025 866 1084 propter
893 1016 1068 1068 scelus
1092 1015 1372 1069 infandum
1401 1016 1544 1085 quod
1571 1027 1868 1072 eoosecuto
1890 1035 2006 1073 mox

450 1119 686 1177 tempore
722 1109 916 1161 ibidem
948 1117 1214 1174 patratum
1249 1118 1332 1160 est
1365 1125 1379 1160 :
1413 1122 1603 1176 nempe
1651 1108 1885 1162 immane
1915 1109 2010 1163 Ju-

447 1202 681 1255 daeorum
707 1210 892 1254 contra
921 1199 1264 1253 Servatorem
1295 1199 1582 1268 piaculum.
1605 1200 1772 1254 Porro
1793 1217 2010 1255 necesse

445 1301 561 1347 erat
594 1308 698 1347 non
737 1293 884 1346 urbis
933 1291 1103 1346 solmn
1141 1290 1382 1354 incolas,
1428 1306 1612 1344 vermn
1655 1293 1816 1345 etiam
1859 1295 2007 1361 pavi-

448 1397 686 1439 mentum
722 1383 870 1447 illud,
903 1398 1012 1452 quo
1043 1391 1320 1451 tantopere
1349 1381 1760 1452 gloriabantur;
1787 1384 2006 1454 dignum

448 1475 650 1528 referre
677 1474 902 1541 pretium
934 1472 1232 1525 facinorum
1279 1474 1347 1524 ab
1405 1472 1596 1526 incolis
1646 1484 2005 1542 patratorum.

447 1564 500 1618 ιιι
530 1564 672 1630 quod
707 1579 810 1615 non
856 1564 1026 1616 multo
1058 1574 1176 1631 post
1208 1564 1429 1627 accidit,
1461 1578 1582 1615 cum
1634 1563 1864 1618 Romani
1918 1581 2008 1618 nr-

448 1658 564 1711 bem
591 1658 760 1733 adorti
791 1697 804 1720 ,
848 1657 992 1711 cives
1023 1656 1139 1724 eius
1183 1658 1374 1726 partim
1414 1656 1536 1710 belli
1565 1655 1686 1724 jure
1721 1657 2004 1711 intereme-

447 1759 593 1811 runt,
627 1750 820 1819 partim
857 1750 1101 1818 captivos
1139 1751 1514 1814 abduxerunt;
1555 1759 1610 1804 et
1640 1759 1837 1818 prater
1868 1748 2007 1803 fante

445 1851 688 1904 necatos,
742 1840 1002 1909 reliquam
1035 1841 1428 1896 multitudinem
1456 1843 1574 1897 loco
1599 1845 1927 1898 abstractam
1955 1845 2005 1898 in

441 1935 593 1988 orbis
629 1943 786 1986 terra:
831 1934 1141 1986 vastitatem
1197 1934 1607 2002 disperserunt:
1647 1935 1878 2005 denique
1915 1951 2009 1990 eo-

448 2042 565 2080 rum
617 2027 832 2079 domnm
882 2042 975 2080 seu
1016 2025 1268 2094 templum
1307 2026 1718 2091 inﬂammantes,
1750 2029 1800 2081 iu
1829 2029 2008 2082 deser-

448 2117 710 2171 tissimam
743 2115 1089 2170 solitudinem
1145 2125 1550 2169 converterunt.
1598 2117 1742 2170 Sane
1776 2117 1886 2170 haec
1915 2133 2009 2185 po-

445 2218 592 2262 stero
661 2217 900 2276 tempore
964 2206 1358 2275 contigerunt;
1409 2207 1500 2259 sed
1555 2206 1696 2260 enim
1733 2207 2008 2271 Servator,

447 2299 588 2353 Deus
609 2298 816 2353 scilicet
839 2299 1090 2361 Verbum,
1121 2297 1460 2364 prtescientia
1491 2307 1665 2357 utens.
1688 2314 1807 2366 qua:
1828 2299 2005 2352 futura

445 2400 601 2444 erant
629 2389 1014 2458 suprascriptis
1045 2388 1229 2442 verbis
1263 2397 1387 2440 ante
1412 2389 1698 2444 nuntiavit.
1733 2388 1893 2444 Urbis
1913 2405 2008 2442 au-

448 2493 553 2536 tem
603 2481 742 2534 filios
776 2480 1008 2549 appellat
1041 2489 1254 2551 gentem
1292 2477 1570 2533 Judaicam
1593 2518 1608 2542 ,
1640 2480 1854 2534 donmm
1880 2495 2010 2534 vero

441 2588 631 2626 eorum
666 2573 798 2626 dicit
849 2586 948 2641 pro
1002 2570 1220 2640 templo.
1285 2570 1488 2625 Deinde
1523 2579 1751 2624 testatur
1782 2570 1900 2624 fore
1951 2581 2009 2624 ut

447 2668 682 2732 ipsorum
719 2663 871 2733 culpa
929 2663 1062 2716 diris
1107 2665 1321 2717 casibus
1366 2663 1714 2728 irretiantur;
1765 2663 2009 2730 quando-

445 2757 660 2825 quidem
715 2754 827 2823 ipse
860 2754 1004 2807 baud
1049 2753 1214 2808 semel
1260 2761 1487 2808 conatus
1543 2751 1721 2809 fuerat
1769 2754 2004 2808 sobolem

441 2863 630 2904 eorum
661 2849 760 2902 sub
793 2845 1009 2916 pietatis
1036 2843 1222 2913 jugum
1257 2843 1494 2906 mittere,
1535 2843 1657 2896 dum
1690 2857 1875 2897 curam
1911 2857 2006 2897 eo-

446 2944 688 2998 rumdem
712 2947 1020 3008 perpetuam
1043 2946 1273 3005 gereret,
1305 2949 1402 3004 per
1423 2935 1666 3001 singulos
1698 2935 1996 3004 prophetas

445 3030 794 3100 singulasque
839 3037 1025 3081 aetates
1075 3042 1104 3079 a
1148 3025 1418 3094 pravitate
1469 3039 1563 3078 eos
1612 3026 1897 3078 retrabeus
1942 3039 2004 3079 ac

451 3131 739 3172 revocans.
776 3113 1044 3169 Caeterum
1085 3115 1138 3168 bi
1165 3115 1377 3168 vocanti
1414 3112 1634 3167 minime
1660 3114 2004 3184 obtempera-

448 3217 672 3272 verunt;
731 3204 1254 3274 quamobrem-tulit
1308 3205 1362 3259 in
1397 3217 1492 3260 eos
1545 3204 1630 3259 bis
1677 3204 1856 3259 verbis
1887 3219 2011 3259 sen-

451 3298 669 3353 tentiam
696 3315 711 3352 :
739 3296 873 3351 Ecce
896 3296 1205 3367 relinquitur
1227 3297 1365 3350 vobis
1385 3297 1569 3349 domus
1584 3305 1756 3350 vestra
1783 3297 2005 3352 deserta.

448 3390 818 3444 Solertissime
851 3403 978 3443 vero
1026 3403 1132 3444 non
1181 3387 1370 3443 urbem
1419 3387 1693 3442 desertam
1741 3387 1855 3443 fore
1896 3388 2006 3452 ait,

445 3481 542 3536 sed
569 3481 785 3535 domum
813 3494 933 3548 qua:
967 3479 1036 3532 ibi
1063 3487 1206 3546 erat,
1237 3478 1288 3534 id
1323 3489 1404 3533 est
1431 3479 1707 3548 templum,
1731 3479 1873 3550 quod
1895 3479 2006 3545 jam

449 3587 556 3626 non
583 3586 739 3626 suum
797 3584 970 3639 neque
1014 3569 1106 3624 Dei
1151 3569 1510 3625 habitaculum
1547 3571 1732 3626 haberi
1761 3570 1891 3636 vult,
1916 3571 2008 3624 sed

450 3666 660 3719 illorum
701 3679 822 3719 esse
864 3663 960 3717 ait.
1013 3662 1293 3716 Desertum
1344 3678 1474 3717 vero
1515 3664 1655 3717 haud
1692 3663 1848 3717 aliter
1895 3663 2009 3718 fore

446 3756 912 3822 vaticinatur,uisi
943 3757 1067 3824 quia
1109 3764 1368 3809 consueta
1405 3755 1491 3808 illa
1528 3755 1623 3810 Dei
1653 3771 1781 3810 cura
1819 3771 1884 3810 ae
1922 3771 2009 3824 pa-

448 3850 680 3905 trocinio
721 3848 1056 3916 spoliandum
1101 3857 1242 3902 erat.
1293 3847 1476 3900 Mirari
1511 3858 1688 3901 autem
1721 3848 1862 3902 subit
1895 3864 2008 3902 ser-

450 3941 626 3995 monis
655 3939 926 4004 effectum,
961 3939 1084 4008 quia
1119 3953 1387 4005 nunquam
1415 3937 1552 3992 alias
1592 3937 1658 3992 ad
1691 3948 1893 3992 tantam
1922 3954 2009 3992 so-

447 4033 728 4088 litudinem
777 4033 822 4086 is
855 4032 1002 4085 locus
1055 4031 1302 4084 redactus
1352 4029 1480 4095 fuit;
1531 4044 1599 4084 ne
1645 4039 1756 4082 tum
1791 4029 2006 4099 quidem

447 4139 570 4178 eum
603 4122 672 4176 ob
698 4123 1023 4191 impietatem
1050 4121 1345 4175 iucolarmn
1384 4129 1542 4188 atque
1575 4120 1930 4175 idololatriam
1955 4131 2010 4175 et

448 4215 832 4285 prophetarum
872 4217 1083 4280 cades,
1135 4215 1188 4268 in
1221 4213 1637 4283 Babyloniorum
1690 4223 2005 4282 potestatem

451 4307 597 4360 venit
635 4322 650 4359 :
697 4305 788 4359 illo
836 4307 982 4359 enim
1026 4315 1266 4374 tempore
1303 4304 1712 4374 septuageuaria
1757 4302 1861 4356 fuit
1905 4304 2005 4358 loci

449 4398 710 4452 solitudo.
739 4398 917 4464 Quare
950 4413 1014 4450 ue
1050 4396 1286 4450 fataliter
1311 4396 1526 4466 quidem
1561 4405 1691 4448 tunc
1714 4394 1780 4448 iis
1805 4394 2004 4450 dictum
2043 4418 2087 4474 υ

453 4488 575 4552 fuit,
611 4486 949 4558 Relinquitur
974 4489 1116 4542 vobis
1142 4487 1325 4540 domus
1357 4497 1526 4540 vestra
1557 4487 1761 4540 deserta
1791 4501 1809 4538 :
1839 4501 2012 4555 neque

448 4583 593 4637 enim
645 4582 901 4636 derelicta
933 4619 948 4645 ,
999 4582 1104 4634 imo
1158 4580 1519 4634 visitationem
1573 4578 1831 4648 opiferam
1864 4578 2008 4633 haud

454 4672 620 4726 multo
657 4680 777 4741 post
801 4681 1026 4739 experta
1055 4679 1156 4732 est,
1192 4683 1298 4737 quo
1326 4678 1566 4736 tempore
1589 4667 2008 4736 splendidiorem

451 4763 632 4832 priore
653 4772 793 4818 statu
827 4762 1264 4816 instaurationem
1304 4759 1632 4828 impetravit,
1683 4761 1754 4813 ita
1791 4772 1848 4813 ut
1875 4776 2011 4830 pra:-

453 4853 648 4908 dixerit
670 4853 928 4922 propheta
964 4852 1184 4920 quidam
1210 4892 1225 4916 ,
1278 4860 1602 4920 postremam
1630 4851 1820 4904 domus
1856 4850 2012 4917 hujus

453 4947 678 5017 gloriam
730 4943 909 5014 priore
957 4943 1302 4998 illustriorem
1351 4939 1470 4995 fore
1519 4941 1582 4994 “.
1635 4941 2009 4994 Verumtamen

453 5049 574 5106 post
608 5037 914 5092 Servatoris
947 5035 1117 5090 nostri
1150 5033 1390 5098 etl'atum,
1418 5042 1751 5102 quantopere
1769 5032 2010 5087 derelieti

450 5131 619 5188 τιυάαεί
651 5132 873 5196 fuerint,
921 5140 1286 5199 quantamque
1331 5130 1382 5182 in
1432 5128 1776 5182 solitudinem
1826 5127 2014 5180 domus

453 5239 641 5278 eorum
685 5225 936 5289 venerit,
971 5225 1036 5277 iis
1073 5223 1286 5292 quidem
1325 5223 1416 5290 qui
1451 5221 1568 5275 loca
1611 5219 1700 5272 illa
1758 5220 2007 5284 lustrant,

453 5317 590 5368 visio
620 5315 730 5383 ipsa
769 5325 823 5370 et
854 5324 928 5370 tot
960 5329 1224 5368 annorum
1254 5311 1586 5366 diuturnitas
1610 5308 1813 5362 oraculi
1849 5323 2010 5361 even-

455 5417 568 5458 tum
617 5410 950 5460 demonstrat
1000 5424 1014 5460 :
1059 5406 1258 5461 etenim
1311 5415 1519 5472 tempus
1570 5419 1674 5456 non
1732 5400 1892 5468 duplo
1923 5414 2009 5452 so-

453 5497 595 5562 lmn,
644 5513 804 5567 quain
848 5497 1316 5567 septuagenarium
1361 5482 1709 5549 desolationis
1761 5494 1859 5546 sub
1908 5490 2010 5543 Ba-

525 5614 567 5644 ¹⁰
593 5611 780 5666 Matth.
805 5609 1170 5673 xxm,57-58.
1215 5609 1225 5678 1
1264 5609 1304 5640 ¹¹
1328 5612 1462 5679 Agg.
1486 5624 1548 5671 tt,
1582 5607 1670 5662 10.

2109 475 2406 546 ἀναχωρῶν
2426 475 2534 528 τῶν
2584 475 2647 527 Ίε
2657 474 2842 545 ροσολύ
2851 492 2964 544 μων
2987 473 3200 527 τοίασδε
3242 474 3518 544 προήκατο
3537 470 3675 525 κατὰ

2108 567 2209 636 τῆς
2258 567 2463 630 πόλεως
2507 567 2707 635 φωνάς·
2754 564 3184 633 Ἰερουσαῑὶιμ,
3238 559 3675 631 Ἰερουσαλὴμ,

2111 657 2367 724 ποσάκις
2399 657 2671 724 ἠθέλησα
2694 657 3155 727 ἐπισυναγαγεῖν
3195 655 3375 709 τέκνα
3407 672 3554 718 σου,
3581 656 3678 710 καὶ

2109 752 2221 803 οὐκ
2251 748 2605 816 ἠθελήσατε.
2661 748 2803 802 Ἰδοὺ
2835 749 3067 816 ἀφίεται
3091 748 3230 816 ὑμῖν
3256 749 3287 800 ό
3317 742 3480 811 οἶκος
3514 745 3680 814 ὑμῶν

2109 840 2351 908 ἔρημος·
2384 840 2564 893 οὐκέτι
2600 836 2744 892 οἷκον
2774 839 2908 891 Θεοῦ
2942 839 3031 891 τὸν
3064 837 3196 892 νεὼν
3231 838 3323 890 καὶ
3357 837 3418 889 τὸ
3447 837 3507 888 ἐν
3530 836 3679 906 αύτῴ

2110 930 2523 1000 ἀγίασμα,ἀλλά
2559 931 2736 984 αύτῶν
2767 926 2905 983 εἶναι
2928 925 3072 982 οἷκον
3089 929 3518 998 ἀποφηνάμενος·
3556 929 3681 998 μιά-

2113 1039 2314 1091 σματος
2329 1023 2436 1092 γὰρ
2458 1021 2683 1090 ἐναγοῦς
2703 1023 2758 1073 ἐν
2789 1020 2866 1090 τῷ
2889 1021 3027 1090 μετά
3043 1019 3215 1072 ταῦτα
3231 1019 3403 1089 χρόνῳ
3417 1018 3677 1089 δρασθέν-

2110 1131 2198 1176 τος
2231 1114 2320 1166 ὑπ’
2345 1112 2540 1176 αὐτῶν,
2565 1112 2720 1165 τοῦτο
2759 1112 2802 1163 δ’
2839 1109 2905 1180 ἦν
2931 1112 2990 1164 τὸ
3020 1110 3286 1180 τολμηθὲν
3315 1110 3498 1174 αὐτοῖς
3546 1109 3679 1176 ἄγος

2111 1206 2249 1258 κατά
2283 1205 2376 1258 τοῦ
2409 1205 2680 1275 Σωτῆρος,
2716 1205 2881 1274 ἐχρῆν
2914 1199 3084 1274 δήπου
3129 1201 3202 1272 μὴ
3233 1201 3388 1272 μόνον
3423 1202 3549 1264 τοὺς
3574 1201 3672 1270 τῆς

2110 1297 2314 1360 πόλεως
2352 1298 2670 1367 οἰκήτορας,
2706 1295 2839 1348 ἀλλά
2878 1295 2969 1348 καὶ
3005 1293 3135 1346 αὐτὸ
3168 1293 3226 1344 τὸ
3270 1293 3480 1360 ἔδαφος,
3517 1292 3599 1360 ἐφ’
3631 1285 3674 1359 ᾧ

2113 1386 2252 1457 μέγα
2297 1385 2574 1458 ὲιρρόνουν,
2625 1385 2914 1456 τάπίχειρα
2971 1377 3044 1436 ὧν
3097 1384 3324 1454 ἔδρασαν
3375 1383 3672 1452 οἰκήτορες,

2111 1480 2330 1531 παθεῖν·
2367 1477 2402 1530 ἃ.
2432 1477 2494 1547 δὴ
2531 1477 2621 1529 καὶ
2654 1476 2985 1529 πεπόνθασιν
3017 1476 3115 1527 οὐκ
3146 1476 3224 1536 εἰς
3271 1473 3499 1544 μακρὸν,
3541 1473 3675 1525 Ῥωο

2113 1570 2285 1641 μαίων
2323 1568 2652 1621 ἐπελθόντων
2675 1571 2738 1638 τῇ
2772 1567 2942 1629 πόλει,
2976 1567 3070 1619 καὶ
3102 1566 3210 1618 τῶν
3229 1565 3523 1634 οἰκητόρων
3552 1565 3676 1625 τοὺς

2113 1662 2208 1731 μὲν
2242 1660 2472 1730 πολέμου
2505 1659 2652 1729 νόμῳ
2672 1658 3149 1727 κατασφαξάντων,
3184 1659 3307 1719 τοὺς
3332 1656 3376 1708 δ’
3400 1654 3676 1724 αἰχμαλώ-

2107 1769 2230 1815 τους
2261 1751 2670 1819 ἀπαγαγόντων,
2694 1751 2818 1812 τοὺς
2840 1749 2893 1801 δέ
2917 1747 3058 1819 λιμῶ
3088 1747 3530 1818 διαφθειράντων,
3548 1746 3675 1808 τοὺς

2066 1892 2080 1911 ,
2105 1843 2148 1894 δ’
2198 1843 2583 1895 ἀπελασάντων
2636 1841 2728 1892 καὶ
2757 1842 2834 1902 εἰς
2874 1841 3048 1892 πάντα
3087 1839 3247 1891 τόπον
3288 1837 3672 1890 διασκεδασόω-

2105 1952 2211 1986 των
2240 1932 2370 2003 (70),
2403 1934 2492 1986 τὸν
2519 1933 2561 1983 δ’
2587 1927 2731 1984 οἷκον
2761 1931 2937 1984 αὐτῶν
2967 1932 3058 1983 καὶ
3081 1930 3169 1982 τὸν
3195 1927 3327 1982 νεὼν
3358 1928 3676 2000 ἐμπρησάν-

2105 2042 2232 2089 των,
2255 2025 2330 2088 εἰς
2369 2024 2569 2093 ἔσχατά
2591 2041 2648 2076 τε
2677 2022 2908 2092 ἐρημίας
2930 2021 3346 2091 περιϐαλόντων.
3385 2019 3546 2075 Ἀλλὰ
3568 2019 3675 2092 γὰρ

2105 2116 2306 2170 τούτων
2328 2118 2384 2168 ἐν
2411 2119 2522 2178 τοῖς
2552 2115 2687 2184 μετά
2718 2113 2887 2168 ταῦτα
2919 2115 3130 2185 χρόνοις
3160 2112 3488 2182 γενομένων,
3537 2128 3672 2182 προ-

2106 2209 2282 2261 λαϐὼν
2315 2210 2343 2260 ὁ
2386 2209 2576 2278 Σωτὴρ
2617 2208 2676 2259 τὸ
2725 2206 2913 2277 μέλλον
2946 2209 3008 2276 τῇ
3054 2204 3377 2278 προγνώσει,
3425 2201 3510 2258 οἷα
3543 2205 3674 2268 Θεὸς

2107 2303 2297 2369 Λόγος,
2348 2301 2418 2352 τά
2462 2299 2850 2370 συμϐησόμενα
2885 2298 3244 2370 προαγορεύει
3274 2297 3363 2350 διὰ
3394 2297 3498 2349 τῶν
3540 2315 3673 2368 προ-

2107 2394 2391 2464 κειμένων.
2410 2391 2583 2443 Τέκνα
2603 2391 2656 2443 δὲ
2689 2392 2787 2460 τῆς
2818 2389 3023 2453 πόλεως
3046 2389 3296 2460 ὀνομάζει
3318 2389 3378 2442 τὸ
3410 2387 3672 2442 Ἰουδαίων

2110 2485 2216 2537 πᾶν
2249 2482 2430 2545 ἔθνος·
2465 2477 2609 2534 οἶκον
2629 2480 2684 2532 δὲ
2718 2479 2897 2532 αὐτῶν
2934 2479 3201 2534 ἀποκαλεῖ
3238 2479 3326 2533 τὸν
3357 2477 3509 2532 νεών.
3540 2473 3675 2530 Εἶτα.

2110 2573 2463 2645 μαρτύρεται,
2495 2573 2573 2624 ὅτι
2594 2571 2745 2643 παρὰ
2760 2571 2855 2641 τὴν
2888 2571 3064 2624 αὐτῶν
3093 2571 3270 2624 αἰτίαν
3284 2570 3351 2623 τὰ
3381 2568 3676 2640 σκυθρωπά

2105 2667 2300 2728 αὐτοὺς
2325 2664 2736 2735 μετελεύσεται·
2773 2664 3068 2736 ἐπειδήπερ
3102 2664 3263 2726 αὐτὸς
3295 2663 3392 2732 μὲν
3422 2661 3674 2724 πολλάκις

2106 2759 2522 2825 ἐπισυναγαγεῖν
2542 2757 2719 2809 αὐτῶν
2738 2756 2806 2808 τὰ
2819 2756 2982 2808 τέκνα
3010 2754 3115 2807 ὑπὸ
3141 2754 3229 2806 τὸν
3255 2754 3352 2824 τῆς
3372 2751 3677 2814 θεοσεϐείας

2107 2850 2266 2918 ζυγὸν
2295 2848 2635 2918 βεϐούληται,
2669 2843 2754 2901 οἷα
2786 2850 2848 2900 ἐκ
2878 2846 2970 2900 τοῦ
3001 2848 3200 2910 παντὸς
3227 2847 3478 2918 πρόνοιαν
3501 2844 3679 2898 αὐτῶν

2108 2940 2492 3011 πεποιημένος,
2521 2940 2586 2992 δι’
2625 2941 2853 2993 ἑκάστου
2881 2955 2940 2991 τε
2967 2939 3247 3010 προφήτου
3283 2937 3376 2989 καὶ⁸
3409 2935 3531 2988 καθ’
3558 2936 3682 2989 ἐκά-

2109 3049 2238 3102 στην
2255 3031 2442 3098 γενεὰν
2467 3029 2805 3100 ἐπιστρέφων
2821 3027 3018 3090 αὐτοὺς
3039 3028 3130 3080 καὶ
3146 3024 3600 3097 ἀνακαλούμενος·
3625 3026 3675 3076 οἱ

2114 3121 2170 3173 δὲ
2193 3121 2292 3174 οὐκ
2325 3123 2513 3192 ἤθελον
2540 3117 2843 3172 ὑπακοῦσαι
2874 3120 2939 3190 τῇ
2975 3117 3192 3188 κλήσει·
3230 3111 3289 3169 οὗ
3311 3115 3374 3186 δὴ
3398 3115 3555 3188 χάριν
3581 3115 3680 3185 τὴν

2114 3213 2234 3266 κατ’
2272 3213 2450 3266 αὐτῶν
2505 3212 2786 3280 ἀπόφασιν¹
2836 3209 3220 3281 προενήνεκται
3263 3207 3431 3262 εἰπών
3456 3225 3471 3238 ·
3527 3205 3678 3267 Ἰδοὺ

2113 3304 2347 3372 ἀφίεται
2400 3303 2545 3372 ὑμῖν
2582 3305 2614 3356 ό
2652 3298 2817 3366 οἶκος
2860 3299 3026 3370 ὑμῶν
3075 3301 3311 3369 ἕρτῃιος.
3362 3299 3574 3370 Σφόδρα
3621 3300 3680 3354 δὲ

2113 3392 2352 3464 ἀκριϐῶς
2373 3393 2431 3444 οὐ
2450 3392 2545 3463 τὴν
2565 3391 2716 3444 πόλιν
2740 3390 2943 3460 ἔρημον
2969 3388 3184 3441 ἔσεσθαί
3211 3388 3394 3458 φησιν,
3426 3387 3562 3442 ἀλλὰ
3586 3387 3677 3441 τὸν

2114 3489 2171 3537 ἐν
2211 3485 2345 3554 αὐτῇ
2381 3479 2550 3546 οἷκον,
2589 3483 2786 3553 δηλαδὴ
2819 3482 2908 3534 τὸν
2941 3479 3106 3534 νεών·
3139 3481 3196 3533 ὃν
3228 3480 3409 3533 οὐκέτι
3451 3479 3676 3544 ἑαυτοῦ,

2113 3575 2225 3629 ἀλλ’
2251 3574 2371 3628 οὐδὲ
2390 3573 2482 3626 τοῦ
2516 3572 2651 3626 Θεοῦ
2695 3569 2840 3625 οἷκον
2867 3571 3108 3642 βούλεται
3138 3570 3515 3641 χρηματίζειν,
3559 3568 3674 3622 ἀλλ’

2113 3665 2290 3720 αὐτῶν
2318 3659 2453 3717 εἷναί
2475 3680 2656 3732 φησιν.
2691 3661 2932 3731 Ἕρημον
2959 3659 3030 3725 δὲΔ
3051 3658 3209 3711 αὑτὸν
3243 3656 3458 3710 ἔσεσθαι
3488 3654 3678 3708 θεσπί-

2114 3756 2217 3820 ζει,
2249 3757 2348 3810 οὐκ
2379 3756 2549 3818 άλλως
2571 3756 2605 3826 ἢ
2634 3753 2852 3822 ὑπὸτῆς
2881 3751 3144 3823 πρότερον
3167 3747 3566 3819 ἐπισκοπούσης
3583 3749 3680 3802 αύ-

2112 3852 2201 3904 τὸν
2239 3849 2492 3922 προνοίας
2530 3846 3110 3917 καταλειφθησόμενον.
3158 3844 3267 3895 Καὶ
3295 3841 3358 3914 δὴ
3404 3841 3679 3912 θαυμάσαι

2113 3944 2225 3996 ἔστι
2272 3943 2365 3995 τοῦ
2417 3941 2576 4010 λόγου
2624 3940 2686 3992 τὸ
2731 3938 3099 4007 ἀποτέλεσμα,
3136 3935 3306 4004 ὁτιδὴ
3345 3934 3464 4005 μηδ’
3493 3934 3678 3986 ἄλλοτε

2115 4034 2332 4086 πώποτε
2370 4033 2637 4104 τοσαύτην
2677 4031 2962 4100 ὑπέμεινεν
2996 4027 3230 4098 ἐρημίαν
3272 4027 3300 4077 ὁ
3341 4025 3535 4088 τόπος,
3571 4023 3679 4077 οὐδ’

2114 4127 2200 4179 ὅτε
2235 4125 2322 4179 διὰ
2373 4125 2470 4188 τὰς
2516 4121 2957 4195 ὑπερϐαλλούσας
3013 4117 3191 4172 αὐτῶν
3227 4115 3541 4178 δυσσεϐείας
3586 4116 3681 4168 καὶ

2114 4216 2573 4287 εἰδωλολατρείας,
2616 4215 2711 4278 τάς
2743 4231 2800 4266 τε
2831 4212 2973 4266 κατά
2998 4211 3104 4263 τῶν
3138 4207 3430 4281 προφητῶν
3467 4223 3680 4278 μιαιφο-

2113 4309 2250 4372 νίας,
2286 4308 2388 4360 ὐπὺ
2409 4307 2686 4361 Βαϐυλῶνι
2712 4306 2845 4376 ἥλω·
2877 4302 3370 4374 ἑϐδομηκονταετὴς
3393 4299 3501 4370 γάρ
3520 4301 3552 4350 ὁ
3571 4301 3680 4362 πᾶς

2114 4399 2210 4469 τῆς
2240 4399 2572 4470 ἐρημώσεως
2605 4397 2696 4450 τοῦ
2726 4397 2890 4449 τόπου
2916 4396 3101 4465 χρόνος
3134 4392 3251 4446 κατ’
3290 4390 3527 4452 ἐκείνους
3559 4389 3680 4457 ἐγε-

2115 4489 2271 4559 νήθη.
2321 4488 2413 4539 Διὸ
2462 4489 2561 4540 ούκ
2603 4486 2669 4539 ἂν
2722 4487 2925 4558 κυρίως
2963 4482 3155 4555 ἐλέχθη
3200 4482 3382 4544 αὐτοῖς
3419 4481 3538 4532 τότε
3595 4479 3679 4542 τὸ,

2129 4580 2384 4647 Ἀρίεται
2406 4579 2547 4647 ὑμῖν
2569 4583 2600 4632 ό
2617 4576 2776 4644 οἶκος
2798 4577 2963 4646 ὑμῶν
2982 4578 3218 4645 ἕρημος·
3247 4575 3308 4626 οὐ
3340 4575 3446 4645 γὰρ
3459 4573 3676 4644 ἀφείθη·

2115 4673 2270 4742 ἔτυχε
2315 4673 2370 4726 δὲ
2414 4673 2720 4742 ἐπισκοπῆς
2763 4675 2876 4743 μετ’
2908 4673 2966 4724 οὐ
3005 4672 3170 4723 πολὺν
3213 4670 3422 4740 χρόνον,
3465 4665 3585 4720 καθ’
3620 4664 3680 4718 ὃν

2115 4763 2461 4826 ἀνανεώσεως
2510 4763 2748 4833 μείζονος
2792 4763 2824 4833 ἢ
2858 4762 2998 4815 κατά
3034 4760 3131 4831 τὴν
3161 4759 3430 4830 προτέραν
3452 4755 3680 4826 ἠξιώθη,

2116 4855 2190 4917 ὡς
2229 4854 2484 4926 προεῖπόν
2516 4871 2658 4916 τινες
2695 4853 2800 4905 τῶν
2832 4851 3144 4922 προφητῶν,
3176 4851 3256 4902 ὅτι
3307 4851 3371 4916 δὴ
3395 4850 3608 4901 Ἔσται
3643 4847 3683 4912 ἦ

2117 4945 2263 5010 δόξα
2291 4944 2394 4997 τοῦ
2425 4945 2592 4998 οἴκου
2616 4947 2827 4997 τούτου
2871 4944 2908 5009 ’ἡ
2957 4941 3181 5011 ἐσχάτη
3221 4940 3373 5007 ὑπὲρ
3402 4937 3517 5005 τὴν
3544 4951 3684 5003 προ-

2119 5036 2314 5104 τέραν.
2346 5036 2500 5089 Μετά
2527 5037 2584 5088 δέ
2613 5037 2708 5106 τὴν
2725 5035 2815 5087 τοῦ
2850 5036 3096 5105 Σωτῆρος
3124 5031 3277 5103 ὑμῶν
3305 5029 3503 5100 φωνὴν,
3536 5030 3685 5090 ὅπως

2120 5129 2439 5200 ἀφείθησαν,
2488 5131 2516 5182 ὅ
2560 5147 2618 5180 τε
2661 5125 2803 5191 οἶκος
2842 5127 3019 5180 αὐτῶν
3068 5129 3147 5188 εἰς
3190 5125 3412 5195 ἔσχατον
3447 5121 3684 5191 ἐρημίας

2117 5221 2302 5290 ἤλασε,
2339 5224 2447 5283 τοῖς
2500 5223 2578 5283 εἰς
2615 5221 2738 5281 τοὺς
2771 5219 2968 5281 τόπους
3014 5202 3515 5287 ἀφικνουμένοις⁹ἡ
3559 5211 3681 5280 Mt:

2116 5313 2249 5383 αὐτὴ
2283 5312 2375 5366 τοῦ
2401 5312 2557 5381 λόγου
2593 5311 2788 5381 μᾶλλον
2828 5310 3062 5363 δείκνυσι
3088 5308 3150 5360 τὸ
3179 5305 3558 5374 ἀποτέλεσμα·
3587 5303 3679 5356 καὶ

2113 5407 2141 5457 ὁ
2189 5404 2376 5474 χρόνος
2420 5404 2473 5456 δὲ
2527 5403 2788 5473 πολυετὴς
2833 5401 3069 5470 γεγονὼς
3112 5399 3206 5452 καὶ
3237 5397 3464 5470 μακρὸς,
3496 5395 3570 5456 ὡς
3604 5393 3678 5462 μὴ

2119 5495 2276 5563 μόνον
2320 5495 2635 5549 διπλασίονα
2673 5491 2810 5548 εἶναι
2855 5493 2950 5562 τῆς
2991 5485 3534 5561 ὲὸδομηκονταξτοῦς’
3553 5485 3680 5554 έΡτΓ

525 5707 634 5771 (70)
693 5706 773 5758 Ab
822 5705 921 5757 hoc
977 5718 1132 5755 st-usu
1173 5703 1426 5756 recedunt
1457 5701 1637 5766 verba,
1671 5697 1776 5760 and
1799 5700 1970 5750 others
2009 5695 2126 5763 they
2153 5692 2470 5762 persecuted.
