4098 6200
383 266 486 322 645

1719 266 1807 322 DE
1846 264 2308 324 THEOPHANIA.

3516 286 3620 342 646

381 381 530 452 μίας,
570 381 670 453 τῆς
705 381 798 456 ἐπὶ
837 381 1114 434 Βαϐυλῶνι
1147 383 1540 454 γεγενημένης,
1575 382 1710 436 ἀλλὰ
1750 385 1844 436 καὶ
1871 400 1928 435 τε

2062 383 2253 454 bylone
2306 389 2540 457 spatium
2576 428 2593 454 ,
2653 391 2745 444 sed
2815 391 3115 461 quadruplo
3179 393 3342 448 etiam
3403 397 3615 464 majus,

377 469 748 543 τ’ραπλασίονα
801 471 1146 542 ὑπερϐαίνειν
1199 472 1299 545 τὴν
1349 474 1442 526 τοῦ
1497 475 1748 544 Σωτῆρος
1802 473 1956 543 ἡμῶν

381 564 658 634 ἀπόφασιν
679 562 977 617 πιστοῦται.

455 657 568 710 Καὶ
611 655 721 726 (7i)
748 657 827 708 ὅτι
860 654 959 725 μὲν
975 655 1266 720 ἀξιοθέατα
1300 651 1366 726 ἦν
1395 657 1573 710 πάντα
1599 655 1666 709 τὰ
1695 656 1794 726 τῆς
1812 657 1955 709 οἰκο-

383 749 575 819 δομῆς,
603 748 670 801 τά
699 763 756 799 τε
787 750 886 816 τῆς
914 747 1077 817 ἄλλης
1109 749 1449 818 κατασκευῆς
1487 748 1581 801 τοῦ
1614 747 1798 800 αὐτόθι
1827 745 1950 810 νεὼ,

384 841 630 912 δηλοῦσιν
657 845 712 895 αἰ
739 841 987 912 ἱστορίαι·
1012 840 1300 910 δείγματος
1331 839 1386 891 δὲ
1418 840 1576 910 χάριν
1598 839 1761 892 εἰσέτι
1795 838 1952 908 δεῦρο

385 935 606 1004 λείψανά
629 952 747 987 τινα
777 933 1141 1002 πεφύλακται,
1165 932 1233 984 δι’
1255 925 1329 984 ὧν
1354 931 1420 984 τὰ
1453 933 1571 1002 ἴχνη
1597 930 1948 1000 καταλαμϐά-

384 1045 528 1080 νεται
556 1026 661 1078 τῶν
681 1025 844 1080 πάλαι
879 1024 1434 1094 κατασκευασμάτων.
1464 1025 1687 1080 Παντων
1718 1025 1773 1077 δὲ
1815 1023 1946 1077 θαυ-

384 1117 692 1186 μασιωτέρα
722 1115 980 1187 τυγχάνει
1015 1117 1047 1185 ὴ
1091 1114 1246 1185 θεῖκὴ
1279 1115 1429 1186 φωνὴ
1453 1114 1551 1184 τῆς
1579 1114 1672 1167 τοῦ
1701 1115 1948 1187 Σωτῆρος

377 1211 532 1282 ἡμῶν
567 1209 922 1281 προγνώσεως
941 1227 955 1240 ο
985 1211 1104 1262 Ὅτι
1135 1210 1231 1279 μὲν
1256 1208 1398 1279 ἀμφὶ
1425 1209 1486 1261 τὸ
1515 1209 1662 1280 ἱερὸν
1680 1209 1942 1273 ἐϐάδιζεν,

375 1302 486 1355 οἰ-δ’
514 1301 679 1355 αὑτοῦ
705 1301 962 1373 μαθηταὶ,
986 1300 1078 1354 τοῦ
1112 1301 1398 1372 περιϐόλου
1426 1300 1526 1362 τὰς
1540 1301 1828 1372 οἰκοδομὰς
1855 1302 1945 1354 αὐ-

374 1393 466 1447 τοῦ
484 1411 543 1447 τε
568 1393 662 1447 τοῦ
690 1392 835 1465 ἱεροῦ
868 1393 926 1446 τὸ
954 1393 1180 1463 μέγεθος
1211 1394 1305 1447 καὶ
1335 1392 1398 1446 τὸ
1430 1393 1624 1458 κάλλος
1669 1393 1941 1455 ὑπερθαυ-

376 1482 654 1553 μάζοντες,
685 1484 952 1536 ἐδείκνυον
977 1483 1140 1554 αὐτῷ.
1186 1483 1243 1536 '0
1261 1483 1317 1536 δέ
1347 1484 1691 1555 κατολλήλως
1707 1487 1818 1546 τοῖς
1843 1483 1942 1546 τὰς

371 1576 658 1646 οἰκοδομὰς
701 1576 1168 1647 ἐκπεπληγμένοις
1210 1577 1544 1647 ἀπεφήνατο,
1581 1578 1636 1629 ἐν
1679 1572 1758 1640 οἷς
1785 1575 1942 1630 ἐθαυ-

375 1668 625 1739 μάζοντο,
660 1667 776 1730 πῶς
796 1668 856 1720 οὐ
895 1667 968 1739 μὴ
999 1667 1155 1741 μείνῃ
1184 1667 1444 1732 λίθοςγέπί
1469 1667 1612 1721 λίθον
1645 1668 1940 1737 ἀκαθαίρε-

2057 487 2178 546 post
2193 479 2499 536 Servatoris
2523 484 2694 538 nostri
2716 484 3039 539 sententiam
3063 484 3254 552 fuisse,
3281 486 3618 557 exploratum

2054 579 2158 624 est.

2125 659 2191 714 Et
2213 662 2354 729 quod
2395 663 2610 732 quidem
2640 666 2758 719 visu
2785 666 3059 722 mirabiles
3090 677 3272 722 essent
3303 668 3620 726 aediﬁcatio-

2055 767 2188 818 nes,
2234 755 2521 823 omnisque
2561 757 2801 825 reliquus
2841 758 3020 826 templi
3077 759 3222 813 illius
3280 771 3615 828 apparatus,

2053 843 2290 900 historiae
2319 847 2714 902 demonstrant.
2743 848 2928 903 Intlicii
2965 860 3141 904 autem
3177 852 3372 918 gratia,
3409 852 3616 920 aliquot

2052 934 2228 988 adhuc
2251 936 2490 1004 reliquizu
2513 949 2926 1004 conservantur,
2957 955 3019 994 ex
3052 941 3246 1009 quibus
3264 951 3498 995 veterum
3524 958 3614 996 or-

2050 1036 2426 1080 namentorum
2466 1030 2685 1096 vestigia
2733 1042 3052 1085 noscuntur.
3089 1029 3192 1086 Sed
3231 1047 3339 1100 pra:
3361 1033 3612 1086 omnibus

2048 1118 2318 1172 mirabilis
2368 1128 2450 1174 est
2494 1121 2849 1176 vaticinantis
2891 1122 3062 1175 nostri
3098 1122 3400 1177 Servatoris
3429 1122 3610 1178 divina

2047 1219 2172 1260 vox.
2197 1206 2330 1261 Nam
2369 1225 2490 1263 cum
2533 1210 2646 1278 ipse
2681 1211 2826 1266 circa
2857 1212 3114 1279 templum
3144 1211 3465 1278 ambularet,
3493 1214 3610 1282 ejus

2046 1307 2223 1352 autem
2254 1299 2502 1369 discipuli
2542 1303 2680 1370 septi
2725 1303 2952 1356 aedilicia
2984 1314 3038 1356 et
3075 1303 3244 1372 ipsius
3269 1305 3451 1373 templi
3481 1305 3609 1360 'ma-

2043 1389 2379 1457 gnitudincm
2407 1402 2568 1460 atque
2595 1393 2933 1464 splendorem
2967 1410 3293 1463 magnopere
3340 1396 3610 1452 admiran-

2045 1489 2125 1534 tes
2160 1481 2640 1550 demonstrarent,
2696 1486 2930 1540 vicissim
2987 1488 3097 1555 ipse
3141 1488 3208 1542 iis
3257 1490 3349 1559 qui
3383 1490 3605 1546 ardilicia

2043 1572 2737 1645 suspiciebantafﬁrmavit,
2771 1581 2822 1633 in
2862 1581 2946 1634 bis
2975 1597 3208 1651 quorum
3253 1585 3352 1654 ipsi
3384 1595 3606 1654 stupore

2044 1661 2366 1716 tenebantur
2420 1680 2526 1718 non
2575 1681 2948 1723 remansurum
3003 1671 3236 1738 lapidem
3278 1689 3438 1742 supra
3473 1674 3607 1743 lapi-

368 1720 492 1821 τος.-
529 1720 638 1812 δεῖν
667 1720 776 1829 γὰρ
809 1720 905 1810 διὰι
923 1720 1011 1811 τὲί
1031 1720 1477 1830 τολμηθησόμενα
1514 1762 1626 1823 τοίς
1657 1720 1928 1830 οἰκήτορσι

2798 1720 2842 1723 _,
3003 1720 3235 1738 "1------
3278 1720 3438 1742 -.-νη
3473 1720 3576 1743 --ρ

2043 1750 2188 1815 dem,
2215 1755 2344 1821 quin
2371 1757 2550 1808 omnia
2589 1760 3016 1816 destruerentnr.
3055 1763 3264 1817 Etenim
3295 1766 3604 1819 necessario

370 1850 606 1921 παντελῆ
648 1849 850 1925 φθορὰν
883 1851 976 1904 καὶ
1019 1852 1252 1922 ἐρημίαν
1291 1851 1383 1904 τὸν
1437 1850 1598 1904 τόπον
1626 1852 1933 1922 ὑπομεῖναι,

370 1943 463 1996 ἆτε
492 1942 556 2012 δὴ
577 1941 786 1995 ἀσεϐῶν
815 1943 1023 2015 ἀνδρῶν
1055 1945 1342 2015 γενόμενον
1370 1943 1701 2015 οἰκητήριον.
1747 1945 1933 2007 Ὅπως

366 2032 423 2085 δέ
454 2033 522 2086 τὰ
552 2033 652 2102 τῆς
687 2036 1039 2108 προρρήσεως
1071 2038 1150 2100 εἰς
1175 2036 1313 2108 ἔργα
1349 2035 1846 2110 προκεχωρηκενξό
1860 2047 1932 2093 *τε

366 2128 476 2190 πᾶς
508 2126 642 2190 νεὼς
667 2127 758 2180 καὶ
794 2129 823 2182 ό
859 2127 1160 2199 περίϐολος,
1184 2129 1254 2182 τά
1281 2147 1340 2183 τε
1369 2132 1435 2184 ἐν’
1459 2130 1607 2201 αὐτῷ
1637 2131 1808 2202 σεμνὰ
1838 2132 1932 2185 καὶ

365 2219 668 2288 περικαλλῆ
707 2218 992 2290 ἱδρύματα,
1027 2219 1203 2273 πάντα
1218 2220 1372 2289 λόγον
1411 2221 1787 2275 καλύπτουσαν
1816 2221 1928 2292 (72)

366 2307 598 2378 ἐρημίαν
629 2307 687 2372 ἐξ
711 2308 916 2361 ἐκείνου
940 2308 1034 2362 καὶ
1069 2310 1149 2372 εἰς
1168 2309 1325 2380 δεῦρο
1357 2310 1666 2381 ὑπέμεινενο
1697 2310 1848 2377 αῦξει
1870 2329 1928 2364 τε

367 2401 504 2452 κατὰ
531 2401 771 2472 χρόνους,
815 2402 908 2454 καί
945 2402 1257 2472 ἐπινέμεται
1293 2403 1326 2474 ὴ
1355 2403 1449 2457 τοῦ
1482 2404 1640 2473 λόγου
1679 2404 1924 2477 δύναμις,

361 2491 441 2554 ὼς
471 2492 602 2563 μηδέ
641 2491 784 2562 ἴχνος
812 2492 1073 2564 Θεμελίων
1111 2493 1168 2548 ἐν
1205 2512 1313 2548 τισι
1344 2495 1626 2564 φαίνεσθαι
1657 2497 1862 2562 τόποις,
1897 2497 1926 2551 ὃ

366 2583 539 2650 ἔξεστι
573 2583 648 2654 τῷ
689 2583 992 2656 βουλομένῳ
1033 2586 1477 2658 παραλαμῦἁνειν
1514 2589 1825 2662 ὀφθαλμοῖς.
1861 2592 1924 2644 Ei

363 2675 419 2728 δὲ
453 2677 584 2746 φαίη
613 2694 697 2740 τις
727 2676 866 2749 μέρη
900 2677 1020 2730 τινα
1049 2678 1128 2731 ἔτι
1164 2681 1502 2745 συνεστάναι,
1527 2681 1661 2735 ἀλλὰ
1687 2683 1780 2737 καλ⁸
1806 2685 1926 2737 τού-

363 2786 473 2820 των
517 2769 622 2840 χρὴ
656 2770 958 2842 προσδοκᾷν
995 2772 1083 2824 τὸν
1121 2771 1462 2842 ἀφανισμὸν,
1505 2774 1772 2845 ὁσημέραι
1827 2778 1925 2846 τῆς

364 2861 597 2930 ἐρημίας
642 2861 929 2933 αὐξούσης,
986 2863 1079 2916 καὶ
1123 2864 1223 2933 τῆς
1252 2865 1545 2935 εἰρημένης
1571 2867 1923 2936 προρρήσεως

364 2952 655 3023 ἀπορρήτῳ
678 2952 903 3023 δυνάμει
950 2956 1120 3008 εἰσαεί
1146 2955 1490 3027 ἐνεργούσης.
1522 2952 1652 3010 Οἶδα
1681 2956 1734 3008 δέ
1765 2975 1922 3010 τινων

2045 1841 2179 1905 fore,
2214 1854 2272 1897 ut
2311 1859 2533 1915 propter
2563 1849 2929 1904 habitatorum
2985 1852 3252 1918 facinora,
3296 1857 3602 1912 universale

2041 1935 2262 1989 exitium
2289 1953 2351 1992 ac
2395 1942 2702 1995 vastitatem
2737 1943 2782 1997 is
2820 1943 2970 1999 locus
3014 1957 3316 2013 pateretur,
3349 1952 3474 2018 quia
3503 1952 3602 2004 im-

2039 2040 2253 2094 piorum
2314 2030 2594 2086 hominnut
2642 2046 2895 2090 evaserat
2945 2039 3335 2094 habitaculum.
3391 2042 3600 2096 Revera

2037 2133 2157 2172 cum
2204 2129 2407 2177 exitum
2459 2133 2614 2178 nacta
2663 2134 2746 2180 est
2795 2129 3096 2195 praedictio,
3133 2139 3305 2185 totum
3341 2135 3598 2203 templum

2036 2225 2158 2265 cum
2196 2225 2350 2283 septo
2376 2231 2494 2274 suo.
2518 2230 2573 2270 et
2598 2219 2808 2273 cunctis
2833 2219 2938 2275 illis
2978 2222 3270 2290 splendidis
3314 2234 3476 2292 atque
3513 2241 3604 2280 or-

2037 2307 2342 2362 natissimis
2363 2308 2632 2373 auliliciis,
2689 2311 3018 2366 inell'abilcm
3065 2315 3212 2369 dictu
3264 2317 3598 2382 vastitatem,

2033 2409 2098 2450 ex
2127 2411 2192 2451 eo
2229 2407 2470 2468 tempore
2493 2415 2556 2454 ac
2588 2401 2839 2471 deinceps
2863 2413 3139 2472 expertum
3178 2415 3261 2460 est
3289 2423 3302 2460 :
3331 2423 3450 2476 qua:
3492 2408 3602 2462 imo

2034 2503 2130 2557 per
2153 2498 2394 2558 tempora
2420 2491 2732 2558 augebitur,
2777 2493 3106 2561 depascentc
3154 2495 3330 2550 locum
3357 2498 3598 2552 vaticinii

2035 2582 2296 2647 potentia,
2340 2591 2398 2635 ut
2438 2580 2550 2650 jam
2590 2596 2657 2636 ne
2695 2583 2918 2653 vestigia
2957 2585 3176 2654 quidem
3219 2586 3598 2644 fundamento-

2033 2686 2151 2724 rum
2182 2671 2378 2726 alicubi
2407 2685 2724 2741 appareant.
2751 2674 2966 2742 idquod
3003 2676 3200 2730 volenti
3225 2678 3444 2732 cuilibet
3470 2695 3596 2750 spe-

2031 2774 2179 2818 ctare
2215 2778 2398 2817 coram
2441 2763 2648 2819 licebit.
2671 2764 2825 2832 Quod
2865 2768 2907 2820 si
2938 2768 3058 2834 quis
3089 2769 3256 2832 dicat.
3292 2782 3474 2840 partes
3495 2771 3597 2826 ali-

2029 2864 2161 2922 quot
2201 2855 2377 2910 adbuc
2418 2854 2751 2921 subsistere,
2801 2858 2899 2912 has
2962 2874 3177 2928 quoque
3227 2861 3366 2916 idem
3415 2874 3598 2919 manet

2028 2945 2275 3011 exitium,
2304 2959 2593 3003 crescente
2626 2949 2866 3017 quotidie
2888 2949 3199 3014 solitudine,
3236 2953 3475 3022 dictique
3500 2971 3594 3010 va-

363 3041 598 3106 ἀκοῦσας
648 3045 1096 3115 ἐρμηνευσάντων
1156 3047 1255 3116 τὴν
1308 3046 1709 3118 προειρημένην
1740 3047 1921 3118 φωνὴν

2034 3039 2199 3091 ticinii
2222 3039 2521 3094 insensibili
2547 3040 2596 3093 vi
2623 3055 2836 3109 semper
2864 3053 3108 3111 urgente.
3136 3043 3352 3098 Memini
3380 3060 3595 3114 quoque

362 3133 586 3204 ἑτέρως·
646 3134 720 3206 μὴ
759 3135 868 3208 γὰρ
910 3137 1038 3208 περὶ
1080 3137 1295 3191 πάντων
1325 3139 1433 3192 τῶν
1477 3139 1922 3210 οἰκοδομημάτων

2034 3147 2110 3184 me
2130 3133 2319 3185 audire
2349 3133 2613 3200 quosdam
2659 3132 2974 3200 praedictum
3003 3136 3285 3190 oraculum
3317 3137 3479 3192 aliter
3507 3139 3586 3193 in-

362 3226 627 3297 είρῆσθαι,
659 3227 793 3280 ἀλλὰ
827 3229 954 3300 περί
994 3247 1137 3293 τινος
1178 3230 1392 3301 μέρους,
1426 3229 1455 3283 ὃ
1504 3231 1569 3302 δὴ
1596 3232 1644 3284 οἱ
1685 3231 1922 3302 μαθηταὶ

361 3318 527 3371 αὒτοῦ
553 3319 921 3392 Θαυμάζοντες
953 3321 1501 3394 ἐπεδείκνυσνἻπὺτῷο
1551 3324 1691 3380 κατῗ-
1715 3324 1920 3379 ἐκείνου

362 3410 470 3482 γὰρ
504 3408 871 3482 ἐξενηνοχέναι
889 3414 1050 3466 αὐτὸν
1082 3414 1178 3486 τὴν
1205 3417 1527 3488 πρόρρησιν.

1095 3571 1177 3624 Η’.

457 3640 544 3711 75)
563 3638 719 3693 Ἰδὼν
739 3639 852 3707 τὴν
873 3641 1070 3704 πόλιν,
1086 3641 1388 3695 ἔκλαυσεν
1411 3641 1502 3693 ἐπ’
1517 3640 1690 3708 αὐτῇ,
1709 3641 1918 3710 λέγων,

358 3731 470 3796 ὅτι,
504 3734 568 3785 El
596 3731 783 3800 ἔγνως
820 3730 919 3786 καὶ
947 3730 1050 3796 σὺ,
1084 3732 1186 3786 καί
1213 3748 1278 3802 γε
1308 3733 1378 3785 ἐν
1410 3731 1481 3800 τῇ
1514 3732 1703 3802 ἡμέρᾳ
1736 3734 1920 3800 ταύτῃ

359 3823 431 3876 τὰ
454 3822 602 3891 πρός
625 3819 873 3890 εἰρήνην
895 3837 993 3875 σοι
1011 3838 1024 3851 ·
1055 3821 1170 3875 νῦν
1201 3821 1269 3874 δὲ
1304 3823 1519 3890 ἐκρύϐη
1549 3821 1666 3876 ἀπὸ
1701 3823 1920 3890 ὀφθαλ-

357 3911 485 3982 tuin-
511 3913 804 3967 σου..”οτι
835 3911 1094 3979 ἥξουσιν
1125 3911 1333 3980 ἡμέραι
1363 3912 1460 3964 ἐπὶ
1494 3911 1588 3975 σὲ,
1625 3911 1720 3964 καὶ
1759 3925 1920 3979 περι-

357 4003 748 4058 κυκλώσουσι
774 4018 850 4056 σε
870 4006 922 4056 οἰ
949 4001 1148 4070 ἐχθροί
1179 4017 1299 4063 σοι,
1341 4003 1460 4055 καὶ
1488 4001 1822 4067 συνέξουσί
1848 4018 1920 4056 σε

359 4093 674 4157 πάντοθεν,
703 4092 802 4146 καὶ
830 4090 1146 4160 ἐδαφιοῦσι
1175 4104 1248 4144 σε
1276 4089 1372 4144 καί
1405 4088 1476 4143 τὰ
1504 4089 1683 4143 τέκνα
1707 4105 1823 4144 σου
1852 4089 1922 4142 ἐν

359 4189 478 4240 σοί.
523 4185 625 4260 [Τὰ
662 4184 760 4256 μὲν
795 4183 1164 4256 προλεγόμενα
1203 4182 1330 4254 περὶ
1359 4180 1452 4234 τοῦ
1477 4179 1607 4234 ναοῦ
1630 4177 1697 4252 ἦν
1787 4180 1919 4234 ταῦ-

356 4296 428 4333 τα
458 4279 515 4332 δέ
547 4278 675 4348 περὶ
710 4279 807 4348 τῆς
847 4277 1053 4339 πόλεως
1096 4273 1263 4345 αὐτῆς
1299 4272 1632 4337 ἐθεσπίζετο,
1676 4275 1742 4344 ἣν
1786 4271 1919 4326 Θεοῦ

2025 3229 2420 3291 terpretantes;
2449 3224 2657 3280 scilicet
2695 3240 2799 3278 non
2833 3225 2898 3278 de
2938 3233 3052 3280 toto
3083 3226 3312 3281 a‘diﬁcio
3335 3227 3592 3283 Servato-

2026 3329 2138 3369 rem
2161 3330 2282 3371 esse
2309 3315 2570 3381 locutum,
2601 3316 2695 3371 sed
2721 3316 2787 3372 de
2818 3315 2904 3370 illa
2930 3327 3105 3385 parte.
3141 3333 3301 3386 quam
3334 3320 3382 3374 ei
3426 3321 3590 3376 disci-

2023 3407 2132 3474 puli
2161 3407 2466 3460 mirabundi
2503 3408 2899 3473 ostendebant;
2932 3409 2996 3460 de
3030 3409 3130 3461 bac
3157 3409 3412 3463 nimirum
3439 3423 3592 3480 parte

2023 3497 2300 3552 Christum
2323 3497 2660 3567 praedixisse.
2739 3564 2847 3617 Vl"

2100 3635 2293 3690 Vident
2329 3636 2605 3700 civitatem,
2624 3565 2934 3703 [lavinitlyicr
2959 3613 3104 3688 illaut
3129 3634 3344 3691 dicens:
3376 3637 3514 3702 Quia
3544 3642 3591 3694 si

2024 3730 2348 3798 cognovisset
2380 3739 2426 3782 et
2459 3738 2538 3793 tu,
2574 3737 2622 3781 et
2651 3729 2859 3798 quidem
2885 3729 2982 3781 hac
3019 3729 3122 3790 die.
3154 3744 3272 3794 quia
3303 3730 3370 3780 ad
3409 3745 3588 3797 pacem

2024 3822 2153 3885 tibi;
2176 3837 2314 3874 nunc
2339 3830 2510 3873 autem
2537 3820 2840 3872 abscondita
2871 3829 2990 3873 sunt
3019 3819 3082 3872 ab
3107 3820 3268 3873 oculis
3295 3821 3421 3873 tuis.
3451 3820 3588 3885 Quia

2024 3915 2131 3968 dies
2153 3915 2247 3968 tibi
2265 3913 2844 3983 supervenient,quibus
2867 3914 3066 3966 inimici
3095 3914 3170 3965 tui
3193 3913 3588 3968 circumdabant

2026 4015 2093 4070 te,
2125 4018 2172 4062 ct
2198 4007 2609 4076 coangustabunt
2650 4016 2699 4060 te
2743 4009 2973 4075 undique
2997 4047 3010 4069 ,
3048 4016 3096 4059 ct
3127 4008 3195 4058 ad
3239 4017 3431 4074 terram
3467 4024 3589 4076 pro-

2026 4107 2254 4151 tlerncnt
2301 4107 2369 4160 te,
2400 4106 2447 4149 ct
2485 4096 2622 4163 ﬁlios
2655 4097 2745 4162 qui
2780 4098 2833 4148 in
2883 4107 2929 4149 te
2983 4108 3103 4149 sunt
3161 4096 3222 4148 “.
3274 4093 3587 4167 [Superiora

2024 4189 2238 4257 quidem
2268 4189 2335 4243 de
2377 4188 2574 4258 templo
2605 4187 2860 4256 praedicta
2905 4185 3196 4259 lucrunt;]
3250 4187 3364 4242 ltaac
3408 4195 3584 4242 autem

2027 4281 2280 4335 Christus
2328 4281 2397 4335 de
2462 4280 2574 4349 ipsa
2627 4278 2758 4332 urbe
2800 4279 3218 4346 vaticinabatur,
3271 4293 3432 4347 quam
3489 4278 3584 4334 Dei

359 4371 513 4425 πόλιν
537 4371 814 4441 ὠνόμαζον
835 4371 884 4422 οἰ
920 4369 1160 4422 Ἰουδαῖοι
1190 4367 1276 4420 διὰ
1305 4365 1394 4419 τὸν
1417 4367 1472 4419 ἐν
1505 4366 1640 4437 αὐτῇ
1665 4365 1758 4419 τοῦ
1785 4365 1920 4420 Θεοῦ

2034 4375 2215 4425 urbem
2247 4371 2591 4440 appellabant
2617 4368 2806 4434 Judtei,
2827 4379 3049 4439 propter
3073 4370 3346 4424 conditura
3387 4368 3459 4423 ibi
3489 4368 3584 4424 Dei

359 4463 641 4535 ἱδρυμένον
681 4460 835 4516 νεών.
888 4459 1264 4514 Ἀποκλαίεται
1313 4458 1449 4529 δῆτα
1495 4456 1592 4529 τὴν
1635 4455 1922 4528 σύμπασαν

355 4555 512 4609 πόλιν
537 4557 567 4608 ὁ
589 4552 985 4624 φιλάνθρωπος,
1015 4551 1110 4621 οὐχ
1127 4548 1269 4602 οὕτω
1289 4547 1357 4601 τὰ
1371 4547 1774 4618 οἰκοδομήματα
1803 4546 1922 4599 οὐδὲ

355 4647 616 4716 τοῦδαφος
644 4646 794 4709 αὐτὸ,
825 4643 899 4708 ὡς
931 4643 1029 4708 τὰς
1061 4641 1236 4713 ψυχὰς
1266 4640 1373 4695 τῶν
1412 4639 1576 4694 πάλαι
1625 4639 1921 4711 οἰκητόρων

355 4741 451 4793 καὶ
494 4739 593 4810 τὴν
639 4736 912 4792 ἀπώλειαν
949 4723 1125 4788 αῦτῶν
1179 4732 1374 4786 ἐλεῶν·
1412 4730 1546 4785 ἀλλὰ
1590 4731 1683 4784 καὶ
1721 4732 1788 4783 τὰ
1823 4733 1921 4802 τῆς

355 4831 591 4902 ἐρημίας
613 4830 788 4884 αὐτῶν
821 4827 1114 4901 παρίστησι
1145 4826 1317 4894 λέγων
1341 4842 1354 4855 ·
1403 4827 1469 4878 El
1508 4823 1694 4894 ἔγνως
1725 4825 1826 4878 καί
1857 4839 1922 4892 γε

357 4926 438 4978 σὺ
476 4926 546 4977 ἐν
587 4922 661 4992 τῇ
694 4922 878 4992 ἡμέρᾳ
905 4921 1086 4988 ταύτῃ
1123 4919 1194 4971 τὰ
1215 4917 1364 4985 πρῦς
1391 4914 1636 4985 εἰρήνην
1668 4921 1785 4967 σοι.
1827 4916 1924 4984 Ση-

383 5017 539 5069 ·.αίνει
575 5016 630 5069 δὲ
662 5015 758 5087 τὴν
793 5011 954 5067 αὐτοῦ
998 5009 1297 5082 παρουσίαν
1329 5009 1413 5060 ἐπ’
1443 5008 1629 5077 εἰρήνῃ
1659 5006 1748 5058 τοῦ
1782 5004 1912 5075 σύμο

374 5125 558 5172 ταντος
606 5108 809 5177 κόσμου
838 5102 1222 5174 γεγενημένην.
1255 5101 1424 5162 Αὐτὸς
1453 5098 1560 5169 γὰρ
1589 5093 1657 5168 ἦν
1703 5099 1829 5168 περὶ
1861 5089 1921 5149 οὗ

376 5201 597 5272 ,⁴ρηται·
643 5197 947 5254 Ἀνατελεῖ
972 5196 1042 5250 ἐν
1063 5193 1190 5259 ταῖς
1216 5191 1463 5261 ἡμέραις
1490 5190 1672 5247 αὐτοῦ
1703 5188 1921 5244 δικαιο-

433 5297 474 5325 ¹¹
508 5293 632 5346 Luc.
666 5307 778 5354 xix,
810 5287 996 5362 ῥΙ-Η.
1075 5285 1117 5317 ³³
1159 5284 1275 5338 Isai.
1307 5299 1426 5347 xcv,
1466 5280 1519 5336 8.

452 5387 542 5453 7|)
579 5385 642 5438 Α.
693 5384 728 5437 ί.
759 5383 883 5437 267.
933 5383 1056 5453 Syr.
1105 5395 1178 5453 tv,
1220 5379 1301 5431 18.
1332 5377 1496 5453 'l_'ul_us
1532 5375 1620 5453 qui
1679 5377 1921 5453 sequitur

379 5440 723 5521 m-‘us'nsque
783 5456 848 5505 ad
903 5440 1267 5521 ἐξενηνοχέναι
1315 5446 1492 5521 αὐτὸν-
1525 5445 1922 5521 τὴνῌπρόρρη-

367 5546 462 5585 ιιν,
519 5517 720 5577 diserte
760 5523 813 5576 in
861 5517 1055 5573 codice
1107 5517 1421 5571 inscribitur
1451 5517 1528 5569 sic
1575 5517 1919 5572 εΕὺσεϐἰοὺ

365 5591 768 5664 εὐαγγελικῆς
786 5592 1142 5664 Oeae-arctat:
1167 5592 1239 5642 A'.
1273 5587 1481 5664 Eusebii
1511 5603 1574 5640 ex
1593 5585 1919 5664 Evangelia:

367 5659 726 5734 Thro'p'ltanite
757 5663 887 5734 libro
915 5672 1119 5734 quarto.
1154 5659 1311 5734 Atqui
1343 5659 1504 5734 etiam
1528 5659 1915 5734 princetleutem

365 5726 560 5793 lucum.
588 5734 691 5788 etsi
731 5734 775 5786 is
815 5731 866 5785 in
896 5726 1079 5784 codice
1110 5726 1317 5784 nonnisi
1341 5727 1538 5782 nudum
1575 5726 1789 5778 Eusebii
1819 5740 1914 5777 no-

2031 4463 2306 4531 templum.
2353 4461 2497 4517 Sane
2532 4461 2771 4516 clemens
2821 4461 3078 4515 Servatur
3109 4459 3254 4528 luget
3278 4460 3588 4515 universam

2029 4556 2334 4620 civitatem;
2369 4567 2542 4622 neque
2569 4562 2675 4606 tam
2703 4551 2925 4606 tedilicia
2955 4566 3016 4605 ac
3045 4549 3216 4604 solum
3253 4547 3388 4616 ejus,
3427 4563 3586 4617 quam

2027 4647 2236 4700 animas
2279 4642 2600 4709 incolarum,
2659 4629 3230 4711 horumqueicxitium
3279 4639 3584 4693 miseratur.

2027 4739 2163 4793 Tum
2191 4737 2422 4791 futuram
2449 4733 2562 4803 ejus
2595 4733 2934 4789 solitudinem
2975 4738 3320 4800 repraesentat
3358 4730 3584 4784 dicens:

2029 4830 2094 4885 Si
2130 4827 2450 4899 cognovisset;
2501 4838 2548 4881 et
2589 4838 2643 4878 tu
2682 4827 2766 4878 die
2800 4826 2932 4890 hac,
2972 4838 3088 4891 qtuc
3116 4822 3186 4874 ad
3242 4837 3418 4889 pacem
3470 4821 3584 4874 tibi.

2029 4921 2350 4988 Signilicans
2381 4919 2629 4972 videlicet
2657 4918 2941 4970 adventum
2985 4928 3138 4966 suutu
3176 4913 3428 4967 universo
3469 4911 3587 4966 orbi

2027 5029 2122 5084 per
2153 5027 2211 5066 se
2235 5025 2352 5065 esse
2384 5011 2702 5079 paciterum.
2753 5007 2865 5076 Ipse
2904 5004 3044 5057 enim
3075 5011 3158 5056 est
3180 5003 3247 5056 de
3275 5017 3382 5070 quo
3411 5011 3589 5056 exsta-

2026 5104 2119 5158 bat
2156 5100 2455 5164 oraculum,
2484 5100 2598 5167 fore
2632 5109 2685 5151 ut
2711 5098 2763 5149 in
2784 5095 2964 5147 diebus
2992 5091 3104 5160 ejus
3127 5091 3359 5144 oriretur
3386 5089 3587 5152 iustitia

2028 5211 2072 5251 et
2098 5195 2240 5265 pacis
2262 5193 2414 5262 copia
2437 5191 2502 5245 ¹⁸.
2532 5189 2742 5259 iteapse
2775 5188 2819 5240 is
2859 5192 3079 5238 venerat
3119 5197 3304 5250 pacem
3327 5180 3588 5251 proximis

2030 5392 2150 5431 men
2192 5374 2364 5446 gerit,
2403 5371 2571 5427 nihilo
2615 5379 2792 5446 tamen
2829 5366 3005 5420 minus
3039 5380 3105 5420 ex
3139 5362 3473 5433 Thcopltania
3519 5361 3586 5417 ad

2028 5438 2259 5501 littera'm
2301 5438 2571 5511 sumptum
2607 5438 2860 5511 vidimus.

2096 5516 2208 5583 (7‘2)
2237 5505 2562 5592 _Syr_us'lcgit
2592 5506 2978 5571 καλύπτονταη
3008 5505 3293 5578 relulitque
3319 5507 3435 5579 ejus
3465 5518 3585 5559 seu-

2028 5603 2143 5642 sum
2186 5585 2250 5637 ad
2283 5585 2430 5650 prius
2459 5595 2688 5650 comma.

2101 5655 2211 5726 (7'5)
2243 5645 2375 5707 Cod.
2409 5652 2468 5703 Α.
2509 5649 2551 5701 f.
2585 5647 2711 5700 “260.
2738 5645 2789 5699 b.
2823 5647 2946 5717 Syr.
2979 5661 3051 5712 tv,
3091 5646 3170 5700 l9.
