4098 6200
497 258 600 314 847

1153 254 1420 312 EUSENI
1459 254 1937 311 ('JESA-RIENSIS
1973 254 2124 311 OPP.
2167 253 2347 308 PARS
2387 253 2474 309 IV.
2518 287 2587 295 —
2629 256 3052 312 DOGMATICA.

3640 259 3746 314 658

495 392 558 429 ae
585 373 884 444 longinquis
923 372 1333 441 prtedicatnrus.
1383 375 1562 442 Quare
1610 385 1664 429 et
1720 376 1804 428 his
1853 376 1942 445 qui
2001 392 2039 430 St

2163 375 2322 441 σύνη
2346 375 2440 428 καὶ
2465 374 2697 441 πλῆθος
2722 375 2983 445 είρήνης·
3008 373 3254 444 ἐληλύθει
3267 389 3327 425 τε
3345 373 3424 436 είς
3440 373 3572 425 αὐτὸ
3589 375 3746 429 τοῦτο

497 475 810 531 receperunt
832 464 908 516 ait
943 481 956 517 :
990 460 1182 518 Pacem
1210 467 1448 535 relinquo
1493 469 1654 531 vobis,
1683 483 1861 531 pacem
1892 481 2039 519 mean

2169 464 2405 536 κηρῦξαι
2423 468 2653 537 εἰρήνην
2677 473 2788 530 τοῖς
2823 468 2990 536 ἐγγὺς
3015 468 3236 528 καὶτοῖς
3251 465 3476 536 ’μακράν
3493 481 3508 495 ο
3547 469 3660 529 τοῖς
3682 484 3746 520 τε

489 559 558 611 do
595 555 736 608 vobis
778 554 823 586 “
853 572 866 608 :
901 570 1061 623 quam
1098 570 1229 610 sane
1277 556 1447 625 ipsius
1502 572 1688 626 pacem
1735 571 2038 625 exceperint

2165 559 2626 630 παραδεχομένοις
2644 561 2803 612 αὐτόν
2831 577 2993 631 φησιν
3013 577 3026 589 ·
3055 557 3320 628 Εἰρήνην
3336 553 3552 628 ἀφίημι
3580 559 3744 628 ὑμῖν,

485 645 688 700 ethnici
729 645 818 714 qui
856 661 951 715 per
981 645 1170 701 orbem
1219 649 1533 702 universum
1588 648 1636 702 ei
1696 647 2061 702 crediderunt.

482 740 853 793 Circumcisus
912 754 1039 793 vero
1105 741 1377 809 populus,
1431 741 1559 795 dum
1619 741 1666 795 ei
1719 755 2060 811 nequaquam

479 825 678 890 credit,
716 824 854 879 haud
883 827 1134 896 cognovit
1195 843 1316 897 quae
1370 829 1489 898 paci
1541 844 1654 883 sua!
1683 830 2056 884 conferebant.

483 917 662 981 Quare
701 918 845 972 addit
877 916 1139 974 Servator
1165 936 1182 972 :
1215 918 1374 973 Nunc
1400 930 1572 973 autent
1604 921 1911 974 abscondito
1939 932 2060 976 sunt

478 1009 540 1059 ub
571 1009 740 1062 oculis
761 1011 905 1074 tuis;
932 1011 1056 1080 quia
1077 1013 1189 1066 dies
1221 1014 1313 1065 tibi
1347 1014 1726 1080 supervenient,
1747 1025 1794 1068 et
1829 1017 2058 1068 circum-

478 1096 681 1152 dabant
716 1110 764 1153 te
795 1101 995 1154 inimici
1041 1103 1138 1155 tui.
1185 1101 1436 1156 Profecto
1464 1117 1585 1172 qua:
1621 1103 1723 1158 illis
1757 1105 1914 1174 paulo
1937 1116 2056 1176 post

485 1203 897 1262 superventuraa
953 1203 1114 1249 erant
1162 1194 1346 1250 clades
1399 1194 1454 1248 in
1521 1196 1674 1250 urbis
1730 1197 2052 1261 obsidione,

483 1296 766 1356 propterea
799 1287 943 1358 quod
981 1303 1168 1357 pacem
1203 1290 1618 1358 prtenuntiatam
1665 1304 1770 1343 non
1807 1292 2054 1360 excepis-

484 1388 622 1442 sent,
680 1379 782 1443 hae,
835 1381 1079 1449 inquam,
1122 1381 1306 1436 clades
1348 1381 1560 1435 illorum
1611 1381 1780 1436 oculis
1839 1383 2052 1436 interim

482 1472 958 1536 subdueebantur,
1015 1479 1107 1543 qui
1155 1474 1287 1528 nihil
1339 1475 1603 1544 ejusmodi
1653 1475 2049 1544 praevidebant;

481 1565 595 1634 ipse
618 1574 796 1620 tamen
828 1567 1045 1621 easdem
1081 1566 1372 1621 manifesto
1407 1567 1662 1620 vaticinio
1703 1567 2050 1635 prmcinebat,

2163 651 2412 719 εἰρήνην
2430 651 2544 720 τὴν
2557 651 2711 721 ἐμὴν
2735 650 2936 719 δίδωμι
2954 650 3124 719 ὑμῖν·
3151 651 3341 720 ἥντινα
3367 651 3592 722 είρήνην
3619 645 3746 704 εαυ-

2162 744 2256 797 τοῦ
2285 744 2408 798 καθ’
2434 743 2562 814 ὅλης
2593 745 2692 814 τῆς
2723 743 3045 813 οἰκουμένης
3075 745 3155 806 είς
3184 742 3343 796 αὑτὸν
3375 743 3744 798 πιστεύσαντα

2161 835 2286 907 ἔθνη
2317 835 2669 905 παρεδέξατο.
2701 834 2758 888 '0
2776 835 2832 887 δὲ
2857 836 2920 887 ἐκ
2937 835 3233 904 περιτομῆς
3251 835 3398 898 λαὸς,
3427 835 3500 906 μή
3524 836 3744 890 πιστεύι

2162 943 2260 990 σας
2293 927 2373 988 είς
2402 927 2581 989 αὑτὸν,
2605 927 2704 978 οὐκ
2735 926 2877 994 ἔγνω
2901 925 2968 978 τὰ
2995 925 3130 996 πρὸς
3151 926 3373 996 εἰρήνην
3397 925 3613 980 ἑαυτοῦ.
3649 925 3741 980 Διὸ

2159 1021 2254 1072 καὶ
2282 1019 2556 1087 ἐπιλέγει·
2586 1019 2717 1072 Νῦν
2743 1018 2813 1071 δὲ
2854 1019 3073 1086 ἐκρύϐη
3105 1017 3224 1070 ἀπὸ
3260 1017 3380 1070 τῶν
3411 1019 3737 1088 ὀφθαλμῶν

2158 1126 2273 1164 σου
2293 1127 2306 1140 ·
2340 1110 2429 1163 ὅτι
2458 1110 2717 1178 ἥξουσιν
2745 1109 2958 1179 ἡμέραι
2986 1109 3083 1162 ἐπὶ
3119 1109 3213 1171 σὲ,
3249 1109 3344 1162 καὶ
3373 1111 3740 1176 περικυκλώέ

2157 1204 2344 1256 σουσί
2375 1216 2448 1255 σε
2483 1205 2536 1255 οὶ
2574 1202 2774 1272 ἐχθροί
2809 1219 2946 1256 σου.
2993 1201 3072 1254 Τὰ
3099 1200 3229 1269 γοῦν
3257 1199 3513 1271 μέλλοντα
3537 1205 3738 1267 αὐτοὺς

2157 1293 2563 1365 καταλήψεσθαι
2612 1293 2806 1364 μικρὸν
2841 1293 3065 1363 ὕστερον
3098 1294 3156 1347 ἐν
3183 1295 3246 1363 τῇ
3280 1294 3398 1345 κατ’
3431 1293 3610 1347 αὐτῶν
3637 1311 3735 1347 πσ-

2155 1387 2388 1459 λιορκίᾳ,
2407 1386 2496 1440 διὰ
2520 1387 2579 1439 τὸ
2612 1386 2685 1457 μὴ
2721 1383 3113 1456 προσδέξασθαι
3143 1385 3340 1448 αὐτοὺς
3369 1385 3468 1455 τὴν
3496 1403 3734 1456 προκατ-

2155 1478 2510 1547 αγγελθεῖσαν
2539 1478 2720 1539 αὐτοῖς
2758 1476 3001 1546 εἰρήνην,
3039 1473 3244 1545 ἐκρύϐη
3271 1474 3379 1526 ἀπὸ
3405 1473 3514 1527 τῶν
3535 1475 3734 1543 ὀφθαλ-

2158 1571 2274 1641 μῶν
2294 1569 2490 1622 αὐτῶν.
2530 1570 2754 1621 Ἐκεῖνοι
2791 1566 2889 1637 μὲν
2916 1561 3007 1619 οὖν
3031 1565 3206 1618 ταῦτα
3231 1565 3291 1616 οὺ
3323 1565 3596 1637 προείδον·
3633 1568 3732 1619 αὑ-

479 1657 716 1710 foturam
763 1657 1129 1711 Romanorum
1161 1659 1499 1712 obsidionem
1536 1661 1783 1725 innitens,
1823 1660 2039 1730 lteiliqtlt

2152 1663 2244 1726 τὸς
2262 1663 2317 1714 δὲ
2340 1661 2478 1715 αὐτὰ
2509 1661 2598 1713 διὰ
2619 1662 2718 1731 τῆς
2750 1660 3105 1730 προρρήσεως
3128 1656 3370 1720 θεσπίζει
3397 1656 3727 1727 σαφέστατα,

480 1749 745 1803 rationem
777 1748 948 1818 ipsam
979 1749 1239 1818 graphice
1271 1765 1573 1818 exponens.
1621 1749 1737 1802 Jam
1783 1753 2039 1820 quomoda

2155 1718 2252 1825 τὴν
2281 1753 2385 1807 ὑπὸ
2429 1718 2712 1824 Ῥωμαίων
2751 1718 3063 1821 πολιορκίαν
3085 1718 3498 1802 κατώαθοῦσαν
3532 1718 3729 1812 αὐτοὺς

477 1850 696 1911 peracta
746 1840 859 1895 haec
898 1841 1118 1903 fuerint,
1165 1856 1497 1910 cognoscere
1550 1842 1677 1896 licet
1709 1858 1771 1897 ex
1830 1841 2039 1914 Josephi

2157 1848 2532 1922 προσημὰνας,
2564 1844 2657 1898 καὶ
2688 1841 3008 1910 ὑπογράψας
3026 1839 3116 1892 τὸν
3143 1838 3342 1920 τρόπον
3368 1837 3466 1890 τοῦ
3499 1839 3618 1892 κατ’
3641 1839 3732 1892 αὺ-

485 1935 753 1997 historiis,
785 1933 902 2002 qui,
931 1931 1194 1988 ilebraico
1224 1949 1419 2001 genere
1459 1945 1619 2004 alque
1663 1937 1712 1990 in
1761 1937 1871 2007 ipsa
1901 1938 2039 1993 Juda

2155 1942 2260 1994 τῶν
2293 1938 2654 2010 γενησομένου
2689 1935 2945 2004 πολέμου.
2973 1934 3156 1994 Ὅπως
3181 1931 3236 1984 δὲ
3262 1931 3353 1983 ἐπὶ
3388 1930 3562 2000 πέρας
3585 1929 3724 2001 ἢχθη

477 2027 618 2081 tribu
646 2028 885 2096 genitus,
912 2026 1112 2081 nobilis
1138 2029 1266 2082 item
1294 2037 1460 2098 atque
1501 2029 1641 2082 inter
1666 2044 1793 2083 suos
1827 2032 2039 2100 popula-

2152 2033 2345 2094 ταῦτα,
2394 2031 2656 2102 πάρεστιν
2704 2028 2811 2080 ἀπὸ
2830 2029 2928 2096 τῆς
2969 2023 3228 2093 Ἰωσήπου
3266 2020 3486 2093 γραφῆς
3532 2019 3724 2075 ἀναλέο

476 2132 565 2173 res
608 2133 704 2187 per
753 2119 1053 2173 obsidionis
1089 2129 1327 2187 tempora
1376 2119 1578 2184 clarus,
1641 2119 1780 2175 facta
1838 2125 2039 2193 singula

2154 2124 2370 2193 ξασθαι,
2401 2124 2459 2186 ὃς
2485 2123 2548 2192 δὴ
2585 2120 2832 2181 Ἰουδαῖος
2857 2116 2952 2181 ὢν,
2988 2114 3201 2185 καὶτῆς
3231 2115 3362 2185 παρ’
3389 2114 3571 2177 αὐτοῖς
3598 2114 3730 2166 ἰου-

474 2209 682 2263 calamo
705 2221 1020 2277 persecutus
1046 2219 1148 2273 est,
1180 2219 1572 2264 consentaneus
1599 2213 1868 2269 vaticiniis
1889 2231 2039 2271 even-

2151 2217 2342 2286 δαῖκῆς
2373 2213 2543 2284 φυλῆς
2571 2208 2830 2279 γεγονὼς,
2862 2206 2970 2260 τῶν
3005 2224 3062 2259 τε
3094 2206 3377 2276 ἐπισήμων
3408 2203 3502 2257 καὶ
3529 2204 3729 2271 ἐπιφα-

475 2310 562 2354 tus
585 2299 870 2354 exhibens.
918 2299 1069 2366 Quod
1121 2300 1289 2370 igitur
1329 2299 1449 2354 belli
1499 2301 1716 2356 casibus
1751 2305 2039 2362 ceciderint

2149 2311 2254 2365 νῶν
2291 2311 2349 2360 ἐν
2385 2306 2462 2376 τῷ
2497 2305 2636 2358 ἔθνει
2674 2303 2815 2355 κατὰ
2854 2302 2978 2363 τοὺς
3011 2299 3234 2369 χρόνους
3261 2296 3362 2366 τῆς
3390 2295 3723 2367 πολιορκίας,

474 2397 662 2444 sancta
702 2389 790 2444 illa
834 2401 889 2444 et
928 2387 1134 2445 famosa
1163 2388 1554 2460 Hierosolyma,
1606 2406 1693 2446 res
1724 2392 1834 2464 ipsa
1881 2405 2039 2451 testa-

2146 2404 2354 2455 ἕκαστα
2405 2395 2513 2449 τῶν
2556 2391 2956 2463 πεπραγμένων
2999 2387 3272 2460 ἱστόρησε,
3305 2385 3568 2456 σύμφωνα
3597 2387 3724 2448 ταῖς

477 2491 582 2536 tur.

2147 2491 2535 2566 προκειμέναις
2593 2484 2929 2560 προρρήσεσι
2972 2479 3040 2533 τὰ
3089 2478 3492 2548 ἀποτελέσματα
3535 2491 3720 2548 παρα-

475 2576 698 2646 στήσας.
733 2575 856 2628 Ὅτι
889 2574 987 2646 μέν
1012 2570 1105 2629 οὖν
1133 2576 1250 2638 ταῖς
1277 2574 1341 2626 ἐκ
1376 2574 1470 2628 τοῦ
1504 2577 1741 2649 πολέμου
1788 2589 2095 2657 συμφοραῖς
2128 2584 2545 2658 περιπέπτωκεν
2574 2580 2608 2648 ή
2645 2576 2776 2643 ἁγία
2815 2573 2910 2626 καὶ
2951 2571 3232 2641 διαϐόητος
3263 2568 3628 2641 Ἰερουσαλὴμ,
3657 2567 3722 2635 ἐξ

473 2671 652 2726 αὐτῶν
685 2669 864 2724 ἔνεστι
899 2671 1004 2725 τῶν
1029 2671 1365 2744 πραγμάτων
1399 2671 1545 2728 ἰδεῖν.

1211 2760 1302 2816 IX.

543 2851 671 2905 Cum
711 2863 884 2906 autem
923 2853 1153 2908 videritis
1207 2857 1588 2910 circumdatam
1622 2860 1688 2910 ab
1731 2863 2043 2916 exercitibus

474 2942 843 3006 Hierusalem,
883 2953 1007 2996 tunc
1069 2945 1249 2998 scitote
1287 2947 1714 3015 appropinquare
1762 2951 2043 3005 desolatio-

2899 2755 2977 2808 θ’.

2222 2857 2332 2926 (74)
2369 2857 2543 2907 ’Όταν
2569 2852 2638 2906 δὲ
2675 2850 2839 2918 ίδητε
2866 2843 3286 2912 κυκλουμένην
3314 2839 3434 2895 ὑπὸ
3467 2856 3718 2908 στρατο-

2147 2951 2344 3004 πέδων
2374 2948 2487 3015 τὴν
2525 2943 2931 3012 Ἰερουσαλὴμ.
2964 2938 3098 2991 τότε
3121 2933 3322 3006 γνῶτε,
3353 2931 3442 2985 ὅτι
3471 2931 3719 3002 ἤγγικεν

472 3050 588 3087 nem
620 3032 755 3100 ejus.
789 3031 934 3086 Tunc
954 3041 1048 3102 qut
1067 3035 1121 3086 in
1151 3033 1347 3087 Judwa
1381 3045 1526 3100 sunt,
1556 3038 1758 3106 fugiant
1787 3041 1855 3092 ad
1891 3057 2039 3093 mon-

2143 3041 2436 3110 ἐρήμωσις
2459 3034 2669 3104 αὐτῆς.
2708 3034 2843 3088 Τότε
2878 3033 2929 3084 ol
2953 3030 3023 3083 ἐν
3054 3026 3129 3095 τῇ
3163 3025 3412 3092 Ἰουδαίᾳ
3435 3021 3718 3094 φευγέτω-

472 3135 583 3187 tes;
608 3131 657 3176 et
681 3124 772 3192 qui
790 3124 844 3176 in
867 3124 1035 3177 medio
1067 3123 1491 3192 ejus,discedant
1507 3143 1526 3189 ;
1561 3137 1608 3179 et
1629 3129 1782 3197 quiin
1812 3131 2037 3199 regioni-

473 3215 587 3280 bus,
617 3229 719 3266 non
750 3214 939 3266 intrent
972 3213 1026 3265 in
1047 3227 1201 3277 eam;
1231 3213 1355 3282 quia
1382 3215 1493 3267 dies
1534 3215 1748 3269 ultionis
1789 3219 1844 3270 lii
1893 3228 2036 3281 sunt,

471 3317 527 3357 ut
560 3305 880 3373 impleantur
902 3304 1078 3358 omnia
1102 3319 1219 3372 quae
1256 3304 1446 3365 scripta
1477 3305 1712 3374 fuerunt.
1755 3305 1841 3360 Vw
1864 3319 2037 3363 autem

471 3399 859 3468 prtegnantibus
914 3409 960 3453 et
1003 3398 1318 3453 lactantibus
1367 3400 1420 3452 in
1475 3399 1585 3452 illis
1639 3399 1857 3454 diebus!
1922 3403 2038 3456 Erit

469 3492 608 3544 enim
649 3506 890 3559 pressura
929 3507 1121 3560 magna
1165 3507 1322 3559 super
1380 3503 1573 3545 terram
1599 3533 1615 3558 ,
1679 3505 1726 3547 et
1762 3495 1844 3548 ira
1886 3511 2039 3562 super

470 3581 661 3652 populo
699 3584 816 3638 hoc.
840 3580 909 3635 Et
943 3584 1056 3636 acie
1078 3585 1240 3653 gladii
1265 3588 1472 3652 cadent,
1497 3595 1543 3639 et
1567 3587 1756 3654 captivi
1786 3590 2040 3641 ducentur

469 3675 526 3726 in
550 3689 728 3728 omnes
757 3687 952 3744 gentes.
1005 3673 1068 3728 Et
1108 3673 1442 3730 Hierusalem
1483 3678 1774 3730 calcabitur
1805 3695 1836 3730 ιι
1871 3681 2037 3746 genti-

471 3767 585 3832 bus,
637 3766 800 3819 donec
847 3766 1165 3836 impleantur
1214 3779 1449 3836 tempora
1505 3769 1775 3820 nationum
1833 3770 1894 3821 ¹³.
1944 3770 2037 3826 llis

472 3857 653 3912 verbis
680 3855 940 3912 Dominus
974 3858 1168 3912 indicia
1198 3859 1404 3928 profert
1436 3859 1552 3927 ejus
1585 3860 1840 3928 temporis
1866 3898 1882 3923 ,
1930 3877 2037 3930 quo

471 3951 560 4003 ille
586 3949 738 4003 locus
768 3951 838 4004 ad
861 3951 1225 4005 omnimodam
1258 3952 1565 4006 vaStitatem
1595 3955 1871 4008 vocandus
1894 3966 2031 4008 erat.

469 4036 637 4093 Nemo
673 4040 890 4110 quippe,
941 4041 1039 4106 ait,
1089 4051 1213 4107 post
1258 4055 1409 4105 eam,
1471 4057 1590 4110 qua:
1623 4053 1882 4097 eventura
1929 4055 2032 4110 est,

467 4130 860 4200 obsessionem,
889 4141 945 4186 et
971 4131 1074 4187 loci
1100 4133 1406 4189 vastitatem
1435 4133 1560 4188 inde
1589 4145 2029 4201 consecuturam,

467 4237 647 4288 nemo,
673 4223 1166 4293 inquam,alteram
1217 4233 1494 4294 exspectet
1554 4226 2031 4293 instaurationem;

465 4313 837 4382 cujuscemodi
867 4313 990 4384 Cyri
1029 4313 1316 4368 Persarum
1345 4314 1487 4382 regis
1518 4315 1848 4384 temporibus
1887 4317 2032 4369 acci-

2140 3149 2262 3186 σαν
2283 3135 2370 3196 εις
2395 3130 2465 3183 τὰ
2485 3129 2589 3196 ὄρη
2610 3143 2622 3156 ·
2653 3125 2748 3178 καὶ
2772 3127 2823 3176 οι
2852 3122 2921 3175 ἐν
2950 3120 3120 3190 μέσῳ
3143 3117 3333 3189 αὐτῆς
3363 3115 3721 3185 ἐκχωρείτωά

2140 3239 2293 3278 σαν·
2329 3220 2427 3274 καὶ
2457 3221 2510 3271 οἱ
2534 3217 2604 3270 ἐν
2625 3215 2752 3281 ταῖς
2784 3212 3000 3282 χώραις
3039 3211 3126 3280 μὴ
3160 3207 3598 3262 είσελθέτωσαν
3627 3207 3721 3272 είς

2139 3311 2366 3377 αὐτήνσ
2421 3307 2510 3360 ὅτι
2554 3303 2763 3373 ἡμέραι
2805 3298 3167 3366 ἐκδικήσεως
3198 3291 3376 3350 αὗταί
3419 3296 3560 3354 εισι,
3603 3289 3716 3345 τοῦ

2140 3399 2483 3468 πλησθῆναι
2514 3397 2747 3451 ἅπαντα
2773 3391 2842 3445 τὰ
2869 3387 3260 3460 γεγραμμένα.
3309 3383 3454 3438 Οὐαί
3494 3381 3562 3436 δὲ
3585 3380 3716 3447 ταῖς

2138 3496 2209 3547 ἐν
2260 3490 2469 3562 γαστρὶ
2518 3488 2804 3554 ἐχούσαις
2864 3483 2962 3535 καὶ
3015 3479 3147 3546 ταῖς
3201 3476 3596 3546 θηλαζούσαις
3641 3474 3715 3528 ἐν

2136 3587 2391 3650 ἐκείναις
2411 3582 2540 3647 ταῖς
2564 3576 2845 3648 ἡμέραις]
2870 3577 3076 3627 Ἔσται
3096 3573 3204 3643 γὰρ
3231 3569 3460 3639 ἀνάγκη
3480 3567 3713 3638 μεγάλη

2137 3678 2233 3731 ἐπὶ
2264 3669 2373 3744 τῆς
2400 3672 2532 3744 γῆς,
2565 3671 2660 3724 καὶ
2689 3668 2834 3738 ὀργὴ
2867 3668 2937 3720 ἐν
2968 3664 3046 3730 τῷ
3073 3662 3200 3728 λαῷ
3231 3663 3437 3727 τούτῳ.
3466 3659 3574 3713 Καὶ
3605 3673 3712 3711 πε-

2137 3769 2384 3823 σοῦνται
2406 3765 2474 3818 ἐν
2499 3766 2744 3832 στόματι
2772 3758 3091 3828 μαχαίρας,
3114 3753 3210 3807 καί
3232 3748 3714 3820 αἰχμαλωτισθή-

2136 3877 2345 3916 vortat
2375 3860 2460 3924 είς
2486 3855 2680 3909 πάντα
2701 3852 2771 3906 τὰ
2801 3852 2964 3918 ἔθνη.
2985 3849 3093 3902 Kal
3129 3842 3512 3914 'lspovcaliut
3541 3841 3711 3894 ἔσται

2137 3949 2475 4020 πατουμένη
2525 3945 2643 4001 ὑπὸ
2695 3942 2903 4006 ἐθνῶν,
2956 3940 3090 4009 ἄχρι
3132 3930 3484 4020 πληρωθῶσι
3517 3928 3710 4020 καιροέ

2134 4016 2344 4098 ἐθνῶνξ
2399 4038 2496 4092 Διὰ
2545 4037 2650 4090 τῶν
2701 4031 3076 4103 προκειμένων
3137 4025 3337 4095 σημεῖα
3387 4019 3569 4073 δίδωσι
3613 4016 3712 4070 τοῦ

2135 4133 2327 4205 καιροῦ
2385 4134 2479 4202 τῆς
2520 4124 2814 4188 παντελοῦς
2859 4120 3092 4195 ἐρημίας
3138 4115 3232 4169 τοῦ
3273 4108 3472 4167 τόπου.
3505 4109 3712 4205 Μηδεὶς

2134 4201 2263 4298 γὰρ,
2307 4201 2457 4294 φησὶ,
2494 4219 2845 4292 προσδοκάτω
2893 4211 3032 4286 μετὰ
3061 4211 3158 4281 τὴν
3196 4204 3460 4277 ἐσομένην
3497 4201 3712 4298 πολιορῖ

2135 4291 2279 4382 κίαν,
2430 4291 2653 4383 τὴνέπὶ
2679 4309 2883 4378 ταύτην
2926 4300 3295 4374 γενησομένην
3337 4297 3574 4370 ἐρημίαν
3614 4291 3709 4347 τοῦ

464 4405 564 4470 dit,
597 4417 708 4460 tum
756 4405 919 4460 etiam
969 4405 1072 4460 sub
1122 4405 1391 4460 Antiocho
1420 4405 1636 4472 illustri,
1694 4416 1749 4460 et
1802 4407 2033 4477 denique

2143 4411 2320 4472 τόπου,
2348 4407 2537 4476 ἑτέραν
2567 4404 2733 4472 αὐτῆς
2758 4398 2973 4453 ἔσεσθαι
3007 4394 3332 4450 ἀνανέωσιν·
3365 4393 3438 4455 ὡς
3471 4390 3563 4441 ἐπὶ
3599 4388 3709 4441 τῶν

465 4497 566 4552 sub
601 4495 879 4566 Pompeio.
910 4493 1065 4565 Saepe
1093 4495 1236 4548 enim
1265 4495 1490 4549 bellicas
1519 4495 1857 4551 incursiones
1879 4512 2034 4566 passa

465 4590 616 4656 urbs,
649 4588 904 4657 majorem
929 4595 1109 4658 postea
1145 4587 1462 4655 dignitatem
1491 4589 1850 4656 recuperavit.
1884 4587 2035 4643 Nunc

468 4690 644 4734 tamen
663 4690 958 4735 extremam
991 4679 1109 4734 urbi
1133 4679 1435 4732 vastitatem
1459 4691 1616 4748 atque
1648 4681 2033 4734 internecivum

466 4770 734 4826 excidium
758 4771 948 4825 adesse
971 4769 1253 4834 creditote,
1308 4783 1433 4823 cum
1469 4785 1588 4823 eam
1617 4771 1685 4824 ab
1706 4771 2032 4824 exercitibus

465 4869 740 4921 obsessam
780 4863 1048 4918 videritis.
1072 4861 1190 4917 Jam
1219 4877 1349 4916 vero
1378 4863 1688 4916 vastitatem
1720 4862 2030 4934 Hierosoly-

468 4971 678 5013 morum
716 4955 846 5011 dicit
883 4955 1057 5024 ipsom
1102 4954 1285 5024 templi
1324 4953 1730 5018 exterminium,
1772 4970 1834 5008 ac
1882 4955 2032 5009 eat-ri-

468 5050 799 5113 moniarnm,
851 5062 972 5118 quae
1015 5048 1223 5117 jamdiu
1281 5047 1358 5102 ibi
1416 5061 1481 5100 ex
1539 5047 1785 5100 inslituto
1836 5045 2033 5117 Moysis

466 5140 888 5210 peragebantur.
929 5137 1299 5192 abolitionem.
1347 5136 1490 5190 Cave
1520 5137 1665 5192 enim
1695 5147 1848 5205 putes
1884 5138 2032 5191 urbis

470 5231 637 5296 ipsius
682 5231 917 5286 futuram
963 5229 1305 5284 solitudinem
1359 5226 1443 5281 his
1489 5226 1672 5282 verbis
1711 5227 2027 5297 significari,

467 5321 622 5388 quasi
648 5335 804 5376 nemo
839 5321 893 5374 in
917 5336 980 5376 ea
1009 5319 1262 5388 deinceps
1307 5317 1648 5372 habitaturus
1686 5327 1853 5374 esset.
1891 5320 2028 5374 Dicit

465 5410 608 5464 enim
641 5409 779 5464 infra
803 5452 818 5475 ,
860 5414 974 5466 fore
1010 5421 1067 5466 ut
1110 5412 1246 5466 urbs
1275 5410 1413 5463 haud
1442 5409 1552 5478 jam
1583 5410 1678 5463 abs
1711 5408 1907 5464 ludatis
1934 5411 2027 5466 sed

467 5504 536 5558 ab
566 5503 798 5560 ethnicis
825 5505 1172 5560 incoleretur.
1229 5502 1549 5558 Solitudinis
1584 5513 1763 5558 autem
1797 5503 2026 5558 nomine

538 5595 582 5627 “
613 5595 768 5650 .lo:in.
800 5612 909 5661 xw,
942 5595 1036 5650 27.
1103 5597 1144 5628 ⁸⁸
1171 5595 1300 5650 Luc.
1332 5611 1446 5650 xxi.
1471 5595 1558 5647 ΞΟ.

535 5689 646 5764 (Ἠ)
675 5689 806 5744 Co’l.
842 5693 901 5743 Α.
937 5688 973 5743 l'.
997 5687 1121 5742 270.
1161 5688 1284 5758 Syr.
1314 5703 1386 5753 tv,
1421 5686 1615 5742 εο-ει.

2139 4498 2344 4571 χρόνων
2376 4496 2556 4566 Κύρου
2581 4492 2674 4546 τοῦ
2703 4489 2926 4562 Περσῶν
2957 4485 3219 4558 βασιλέως
3247 4483 3458 4553 γέγονε,
3484 4480 3585 4571 καὶ
3621 4497 3712 4571 μεθ

2137 4569 2204 4642 τὰ
2246 4588 2419 4642 ταῦτα
2463 4586 2548 4637 ἐπ’
2588 4581 2857 4652 Ἀντιόχου
2905 4573 3253 4646 Ἐπιφανοῦς,
3303 4573 3397 4625 καὶ
3424 4570 3584 4623 πάλιν
3615 4569 3712 4622 ἐπὶ

2137 4681 2440 4752 Πομπηΐου.
2467 4676 2730 4738 Πολλάκις
2751 4673 2858 4744 γὰρ
2882 4671 2980 4742 ήδη
3015 4666 3326 4739 πολιορκίας
3355 4661 3710 4752 ὑπομείναςᾲὸ

2133 4750 2332 4835 τόπος,
2347 4770 2588 4842 μείζονος
2618 4764 2823 4837 ἠξιώθη
2858 4761 2993 4833 μετὰ
3016 4758 3184 4813 ταῦτα
3205 4755 3390 4826 τιμῆς.
3431 4751 3594 4806 Ἀλλὰ
3613 4750 3709 4804 νῦν

2134 4867 2232 4938 τὴν
2264 4864 2495 4935 ἐσχάτην
2542 4863 2638 4932 τῆς
2683 4859 2888 4919 πόλεως
2925 4855 3161 4925 ἐρημίαν
3212 4850 3306 4902 καὶ
3344 4848 3435 4900 τὸν
3466 4842 3709 4938 παντελῆ

2133 4935 2438 5027 ἀερανισμδν
2491 4949 2874 5008 ἐπελεύσεσθαι
2927 4947 3060 5015 αὐτῇ
3113 4940 3437 5013 γινώσκητε,
3487 4935 3709 4989 ἐπειδὰν

2134 5050 2281 5122 ἴδητε
2306 5047 2475 5118 αὐτὴν
2502 5047 2608 5099 ὑπὸ
2635 5039 3010 5115 στρατοπέδων
3038 5027 3709 5122 πολιορκουμένην.;Ερή-

2137 5115 2308 5210 μωσιν
2340 5135 2396 5191 δὲ
2435 5115 2537 5206 τῆς
2582 5128 2935 5205 Ἰερουσαλὴμ
2975 5122 3228 5196 ὀνομάζει
3275 5120 3370 5173 τοῦ
3409 5115 3558 5189 ἱεροῦ
3616 5116 3709 5169 τὸν

2134 5207 2457 5299 ἀφανισμὸν,
2494 5227 2584 5279 καὶ
2617 5224 2725 5278 τῶν
2773 5225 2830 5275 ἐν
2874 5218 3021 5290 αὐτῷ
3060 5217 3223 5270 πάλαι
3267 5211 3528 5284 πρότερον
3566 5207 3705 5262 κατὰ

2134 5322 2226 5374 τὸν
2255 5321 2529 5384 Μωῦσέως
2560 5319 2723 5388 νόμον
2766 5311 3192 5383 ἐπιτελουμένων
3236 5307 3334 5378 τὴν
3363 5302 3698 5388 καθαίρεσιν.

2133 5413 2226 5483 Μὴ
2252 5412 2360 5484 γὰρ
2387 5413 2452 5484 δὴ
2489 5412 2588 5481 τῆς
2618 5385 2822 5471 πόλεως
2847 5405 3015 5474 αὐτῆς
3043 5399 3278 5472 ἐρημίαν
3297 5394 3484 5467 νόμιζε
3513 5385 3699 5461 δηλοῦ-

2136 5504 2258 5558 σθαι
2296 5505 2382 5559 sui
2420 5504 2642 5569 τούτων,
2668 5501 2743 5564 ὼς
2775 5495 2998 5570 μηδενὸς
3033 5494 3090 5546 ὲν
3119 5493 3255 5561 αὐτῇ
3291 5486 3490 5560 μηκέτι
3522 5494 3701 5538 κατοι-
