4098 6200
405 247 510 299 639

1742 254 1830 309 DE
1868 254 2330 309 THEOPHANIA.

3536 258 3642 314 6ὗο

404 362 664 431 κήσοντος
684 377 699 390 ⁸
741 361 983 432 ἐπιλέγει
1028 363 1072 417 δ’
1106 360 1197 419 οῦν
1227 367 1376 438 ἑξῆς,
1406 368 1489 421 ὅτι
1526 371 1966 441 κατοικηθήσεται

2082 371 2333 439 intelligit
2357 369 2763 425 derelictionem
2794 383 2825 421 a
2851 369 2987 431 suis,
3040 380 3104 421 ac
3157 382 3432 422 sacrarum
3461 384 3643 423 rerum

404 454 438 523 ή
469 452 641 516 πόλις,
675 455 738 507 οὺ
764 455 861 522 μὲν
886 457 990 508 ὑπὸ
1024 458 1310 523 Ἰουδαίων,
1338 460 1449 513 ἀλλ’
1480 462 1583 514 ὑπὸ
1596 462 1783 518 ἐθνῶν.
1826 464 1975 532 Ἐρή-

407 561 581 613 μωσιν
602 543 659 595 δὲ
692 544 861 614 αὐτῆς
889 546 1155 599 ἀποκαλεῖ
1178 549 1239 600 τὸ
1262 551 1457 620 μηκέτι
1486 551 1589 606 ὑπὸ
1608 550 1715 604 τῶν
1738 552 1971 615 οἰκείων,

409 634 543 704 μηδὲ
566 634 705 688 κατὰ
727 635 823 707 τὴν
854 637 1085 707 νόμιμον
1106 638 1358 709 λατρείαν
1388 642 1755 711 συστήσασθαι
1785 644 1971 714 αὑτήν.

410 725 594 789 Ὅπως
617 727 673 780 δὲ
705 728 796 779 καὶ
820 727 993 781 ταῦτα
1028 729 1163 801 ὲπλη
1174 731 1348 799 ροῦτο,
1384 733 1533 786 οὐδὲν
1554 733 1634 786 δεῖ
1658 735 1865 787 πόλλων
1892 735 1976 787 λό-

408 833 547 883 γων·
575 818 800 889 πάρεστι
829 819 936 891 γὰρ
968 820 1057 873 ὑπ’
1084 820 1270 890 ὄψεσιν
1299 825 1431 894 ὁρᾷν
1463 824 1744 888 Ἰουδαίους
1775 826 1871 895 μὲν
1897 827 1976 889 εἰς

410 907 585 959 πάντα
618 907 683 960 τὰ
714 907 842 978 ἔθνη
884 909 1389 981 διεσκεδασμένους,
1444 914 1767 982 ἀλλοφύλους
1793 916 1847 969 δὲ
1880 917 1975 969 καὶ

407 998 706 1066 ἀλλογενεῖς
764 1001 1052 1072 οἰκήτορας
1098 1003 1196 1072 τῆς
1244 1005 1410 1059 πάλαι
1460 1006 1558 1076 μὲν
1602 1007 1972 1078 Ἰερουσαλὴμ,

407 1090 501 1142 νῦν
522 1090 566 1142 δ’
589 1091 694 1143 ἀπὸ
713 1091 806 1144 τοῦ
830 1092 1187 1164 πολιορκητοῦ
1206 1095 1386 1149 Αἰλίου
1425 1096 1698 1167 Ἀδριανοῦ
1720 1096 1851 1167 (74‘)
1882 1100 1976 1151 Αί-

404 1182 519 1246 λίας
552 1187 1063 1257 μετωνομασμένης.
1098 1189 1170 1240 Τὸ
1192 1189 1321 1256 γοῦν
1349 1190 1647 1261 παράδοξον
1671 1191 1766 1244 τοῦ
1798 1191 1975 1245 θεσπί-

406 1290 605 1345 σματος
635 1276 781 1329 τοῦτ’
816 1278 881 1331 ἂν
915 1278 1021 1348 εἴη,
1065 1280 1145 1332 ὅτι
1178 1298 1283 1351 περ
1330 1282 1568 1335 Ἰουδαῖοι
1624 1282 1742 1353 μὲν,
1790 1286 1971 1353 φησὶν,

404 1367 999 1439 αἰχμαλωτισθήσονται
1029 1372 1109 1433 είς
1138 1371 1313 1425 πάντα
1340 1373 1406 1425 τὰ
1437 1373 1561 1444 ἔθνη
1583 1392 1596 1404 ο
1625 1376 1750 1444 περὶ
1779 1374 1835 1427 δὲ
1868 1375 1974 1427 τῶν

402 1458 591 1523 ἐθνῶν,
622 1460 716 1513 καὶ
758 1462 1107 1534 Ἰερουσαλὴμ
1132 1464 1282 1518 ἔσται
1308 1467 1616 1539 πατουμένη
1647 1467 1737 1519 ὑπ’
1780 1467 1969 1522 ἐθνῶν.

413 1545 804 1622 Ἐκπληκτικὸν
840 1554 895 1606 δὲ
920 1555 989 1607 τὸ
1009 1556 1370 1626 ἀποτέλεσμα,
1395 1556 1528 1625 εἴγε
1573 1558 1810 1610 Ἰουδαῖοι
1840 1559 1973 1628 πλη-

403 1642 621 1713 ροῦντες
660 1644 757 1715 τὴν
796 1647 1089 1716 σύμπασαν
1117 1648 1419 1721 ἀνθρώπων
1453 1651 1796 1722 οἰκουμένην,
1831 1651 1972 1703 ὥστε

403 1734 497 1788 καὶ
538 1736 725 1807 μέχρις
763 1737 1036 1792 Αἰθιόπων
1065 1742 1307 1812 χωρῆσαι
1340 1743 1434 1794 καὶ
1476 1742 1718 1806 Σκυθῶν,
1762 1744 1854 1796 καὶ
1886 1743 1974 1795 αύ-

400 1824 633 1877 τῶντῶν
664 1827 914 1897 περάτων
952 1830 1049 1899 τῆς
1088 1830 1211 1899 γῆς,
1244 1832 1301 1884 ὲν
1332 1831 1469 1903 μόνῃ
1512 1834 1574 1902 τῇ
1606 1832 1783 1884 αὐτῶν
1818 1831 1968 1885 πόλει

399 1916 493 1968 καὶ
522 1917 599 1987 τῷ
628 1918 790 1971 πάλαι
822 1919 1244 1992 θρησκευομένῳ
1286 1924 1416 1994 παρ’
1450 1922 1633 1985 αὐτοῖς
1668 1922 1838 1992 τόπῳ,
1873 1922 1970 1993 οὐχ

397 2001 498 2060 οἷοί
529 2008 589 2061 τέ
609 2011 743 2063 εἰσιν
765 2010 1079 2066 ἐπιϐαίνειν.
1101 2013 1210 2066 Καὶ
1244 2014 1291 2065 εί
1316 2014 1413 2083 μὲν
1445 2010 1512 2084 ἦν
1543 2013 1820 2076 παντελῶς
1846 2012 1973 2084 ἕρη-

401 2116 498 2169 μος
544 2103 576 2171 ἡ
616 2101 767 2166 πόλις
816 2104 911 2158 καὶ
952 2104 1221 2176 ἀοίκητος,
1265 2087 1666 2177 κᾶνύπενόησέ
1699 2123 1781 2169 τις
1825 2106 1970 2158 τοῦτ’

399 2188 537 2247 εἶναι
568 2195 628 2247 τὸ
652 2195 851 2249 αἴτιον⁸
878 2196 973 2249 νῦν
996 2198 1050 2250 δὲ
1075 2198 1178 2250 ὑπὸ
1203 2198 1505 2266 ἀλλογενῶν
1538 2199 1630 2251 καὶ
1657 2197 1969 2267 ἀλλοφύλων

398 2286 567 2340 ἐθνῶν
627 2288 721 2340 τοῦ
785 2289 949 2342 τόπου
1006 2291 1427 2361 κατοικουμένου
1454 2330 1469 2354 ,
1542 2291 1726 2362 μόνοις
1786 2291 1968 2353 αὐτοῖς

398 2377 591 2442 ἄϐατος
636 2382 916 2451 τυγχάνει,
981 2382 1056 2446 ὡς
1107 2383 1229 2453 μήτ’
1282 2379 1340 2447 ἐξ
1398 2384 1665 2437 αὐτόπτου
1711 2383 1967 2438 δύνασθαι

397 2469 456 2521 τὸ
512 2471 761 2542 πατρῷον
811 2472 992 2527 αὐτῶν
1052 2473 1243 2543 ἔδαφος
1288 2473 1547 2545 θεωρεῖν*
1596 2474 1631 2529 ἃ
1671 2474 1735 2546 δὴ
1780 2474 1967 2527 τοῦτον

2078 462 2320 530 legitimo
2355 461 2460 513 ritu
2494 461 2887 527 operandarnm
2920 459 3101 511 linem.
3128 455 3283 521 Quod
3313 461 3429 511 haec
3464 469 3642 513 autem

2079 554 2150 607 ita
2168 569 2226 607 se
2245 552 2553 614 habuerint,
2583 550 2764 603 multis
2782 550 2961 604 verbis
2988 548 3315 603 conﬁrmare
3342 565 3449 601 non
3480 551 3646 603 inter-

2079 651 2181 697 est.
2224 640 2407 705 Palam
2474 640 2675 707 quippe
2718 638 2904 691 videre
2948 647 3031 692 est
3080 636 3290 691 Judazos
3339 637 3538 706 passim
3594 639 3647 691 in

2080 734 2222 789 omni
2249 742 2409 804 gente
2437 732 2708 800 dispersos
2728 770 2742 795 ,
2770 741 3059 785 extraneos
3096 744 3227 784 vero
3272 738 3437 808 atque
3470 729 3651 782 alieni-

2080 838 2243 895 genas
2272 823 2476 878 versari
2508 823 2560 876 in
2594 821 2745 885 urbe,
2779 836 2899 890 quae
2930 820 3058 874 olim
3090 819 3486 889 Hierosolyma,
3507 834 3650 873 nunc

2080 916 2148 969 ab
2182 923 2551 984 expugnatore
2596 912 2739 967 [Elio
2798 906 3222 965 Adriano'ASlia
3263 910 3649 965 transfortnato

2081 1006 2294 1061 nomine
2324 1006 2465 1060 dicta
2489 1015 2592 1059 est.
2645 1006 2785 1074 Ergo
2826 1002 3104 1059 oraculum
3145 1002 3347 1057 idcirco
3386 1003 3444 1055 [it
3482 1004 3650 1056 mira-

2080 1100 2203 1165 bile,
2231 1098 2354 1169 quia
2381 1096 2571 1161 Judaei,
2604 1098 2802 1167 inquit,
2824 1098 2965 1150 inter
2986 1110 3173 1149 omnes
3194 1094 3421 1163 populos
3450 1095 3646 1163 captivi

2080 1191 2507 1260 dispergentur:
2551 1188 2616 1242 ad
2677 1198 2866 1257 gentes
2900 1198 3082 1241 autem
3140 1200 3282 1254 quon
3329 1186 3553 1254 attinet,
3592 1195 3649 1239 et

2080 1282 2478 1352 Hierosolyma,
2546 1279 2741 1349 inquit,
2804 1279 3145 1333 ethnicorum
3203 1277 3337 1345 pede
3384 1284 3646 1331 terentur.

2077 1375 2357 1430 Terribilis
2386 1389 2516 1428 sane
2542 1374 2799 1427 eventus!
2839 1370 3274 1439 quandoquidem
3304 1364 3508 1436 Judaei,
3555 1371 3648 1439 qui

2076 1469 2388 1522 universum
2429 1476 2693 1521 terrarum
2732 1466 2919 1520 orbem
2966 1471 3256 1533 occupant,
3306 1450 3467 1531 atqu'e
3507 1461 3651 1514 inter

2074 1558 2358 1627 jEthiopes
2422 1567 2476 1612 et
2531 1558 2765 1628 Scythas
2812 1572 2979 1626 usque
3035 1556 3099 1609 ad
3169 1553 3355 1608 mundi
3414 1552 3647 1605 conﬁnia

2075 1652 2297 1721 degunt,
2344 1650 2408 1704 ad
2445 1649 2632 1703 urbem
2681 1658 2883 1702 tantum
2934 1663 3087 1701 suam
3132 1645 3467 1715 propriaeque
3517 1642 3648 1696 olim

2005 1724 2048 1781 Β
2077 1743 2354 1812 religionis
2386 1744 2570 1799 sedem
2617 1741 2874 1797 accedere
2904 1746 3192 1807 nequeunt.
3251 1734 3369 1789 Jam
3417 1735 3462 1789 si
3518 1735 3648 1788 urbs

2074 1842 2283 1887 vastata
2314 1843 2456 1888 esset
2500 1834 2821 1900 desertaque
2864 1830 2932 1883 ab
2971 1827 3184 1891 incolis,
3237 1827 3374 1880 banc
3419 1824 3649 1879 fortasse

2076 1924 2270 1994 aliquis
2322 1926 2565 1996 praedicti
2604 1923 2779 1980 exsilii
2819 1935 3037 1976 causam
3096 1918 3435 1972 existimaret
3465 1934 3478 1968 :
3507 1929 3649 1968 nunc

2080 2032 2213 2072 vero
2237 2019 2301 2072 ab
2328 2018 2598 2072 extraneis
2647 2024 2811 2083 atque
2853 2013 2919 2066 ab
2954 2008 3270 2078 alienigenis
3300 2006 3452 2060 locus
3494 2004 3649 2057 habi-

2080 2116 2245 2172 tatur,
2277 2107 2407 2162 solis
2429 2118 2612 2161 autem
2654 2105 2856 2160 Judzeis
2888 2103 3197 2155 inaccessus
3237 2106 3343 2161 est,
3381 2097 3453 2149 ita
3486 2105 3545 2147 ut
3576 2109 3646 2147 ne

2076 2199 2320 2269 aspicere
2352 2200 2565 2268 quidem
2590 2198 2821 2267 patrium
2860 2195 3031 2249 solum
3070 2190 3243 2246 oculis
3280 2189 3392 2244 suis
3415 2186 3641 2257 possint.

2076 2292 2204 2359 Quae
2247 2293 2457 2370 scilicet
2502 2294 2645 2346 hunc
2701 2290 2903 2345 exitum
2964 2287 3293 2346 habuerunt,
3332 2291 3391 2334 ut
3428 2277 3648 2334 oraculo

2077 2385 2231 2440 ﬁeret
2284 2387 2415 2440 satis
2461 2384 2660 2440 dicenti
2709 2400 2725 2437 :
2770 2382 2837 2435 Et
2892 2378 3261 2447 Hierosolyma
3318 2374 3644 2427 ethnicorum

2074 2477 2200 2543 pede
2231 2485 2485 2531 terentur.

395 2561 814 2616 ἀποτετέλεσται
869 2565 960 2618 τὸν
1024 2566 1222 2637 τρόπον
1267 2565 1569 2628 ἀκολούθως
1608 2565 1686 2636 τῷ
1738 2568 1968 2636 φήσαντι
2004 2568 2268 2638 χρησμῷο
2298 2569 2407 2623 Καὶ
2463 2565 2849 2635 Ἰερουσαλὴμ
2905 2564 3075 2617 ἕσται
3146 2559 3489 2628 πατουμένη
3522 2557 3641 2611 ὑπὸ

395 2652 607 2707 eam.

460 2746 568 2798 Καὶ
593 2745 823 2811 δεικνὺς,
858 2748 937 2799 δτι
989 2746 1098 2801 οὔτ’
1134 2751 1492 2823 ἀναστήσεται
1538 2751 1718 2805 λοιπὸν
1761 2753 1789 2803 ὁ
1825 2752 1967 2815 ναὸς,

394 2835 506 2889 οὔτ’
536 2839 615 2901 είς
659 2838 759 2908 τὴν
787 2839 1060 2910 προτέραν
1106 2844 1468 2914 ὲπανὴξουσιν
1530 2844 1767 2897 Ἰουδαῖοι
1822 2845 1971 2897 πολι-

393 2928 562 2993 τείαν,
592 2930 915 3002 προστίθησι
953 2935 1074 2995 ταῖς
1132 2935 1297 2987 αὑτοῦ
1359 2937 1719 3007 προρρήσεσι,
1779 2937 1969 3007 χρόνον

392 3021 607 3092 ορίζων,
661 3023 821 3093 μέχρι
860 3023 1000 3086 τίνος
1039 3024 1189 3078 ἔσται
1235 3027 1585 3098 Ἰερουσαλὴμ
1645 3027 1959 3100 πατουμένη

392 3113 498 3168 ὑπὸ
546 3114 744 3166 ὲθνῶν·
782 3114 929 3183 λέγει
977 3115 1022 3167 δ’
1053 3112 1165 3180 οῦν,
1222 3117 1360 3185 ἄχρι
1396 3118 1751 3185 πληρωθῶσι
1784 3119 1972 3186 καιροὶ

389 3204 579 3261 ἐθνῶν
598 3222 611 3235 ·
639 3204 781 3258 οὕτω
829 3208 1074 3276 σημάνας
1104 3208 1202 3279 τὴν
1234 3208 1327 3261 τοῦ
1377 3208 1491 3278 βίου
1523 3208 1845 3273 συντέλειαν,
1882 3212 1973 3263 καὶ

391 3295 482 3348 τὸν
516 3295 677 3366 μέχρι
713 3297 1018 3350 συντέλειαν
1046 3298 1219 3368 λέγων
1245 3300 1462 3371 χρόνον’
1499 3301 1751 3371 σημαίνει
1783 3301 1840 3354 δὲ
1878 3303 1970 3355 καὶ

390 3387 479 3439 τὸν
494 3386 601 3457 πρὸ
624 3387 721 3457 τῆς
742 3385 1117 3457 αἰχμαλωσίας
1135 3388 1243 3459 (75)
1269 3389 1520 3459 πόλεμον.
1548 3389 1734 3444 εἰπών·
1763 3392 1971 3445 Ἔσται

391 3474 498 3545 γὰρ
535 3473 763 3545 ἀνάγκη
792 3475 888 3529 ἐπὶ
929 3475 1040 3543 τῆς
1059 3476 1188 3545 γῆς,
1223 3478 1321 3531 καὶ
1361 3477 1504 3548 ὀργὴ
1524 3478 1756 3549 μεγάλη
1784 3480 1854 3533 ἐν
1890 3479 1970 3545 τῷ

390 3564 515 3630 λαῷ
540 3566 745 3630 τούτῳ,
779 3565 876 3619 καὶ
904 3568 1229 3621 πεσοῦνται
1250 3568 1319 3622 ἐν
1346 3573 1596 3639 στόματι
1644 3572 1963 3640 μαχαίρας.

392 3658 574 3711 Ταῦτα
624 3659 681 3711 δὲ
732 3659 879 3722 ὅπως
930 3658 1070 3711 κατά
1129 3660 1292 3732 μέρος
1356 3662 1625 3733 ἐπράχθη,
1668 3663 1761 3715 καὶ
1797 3663 1871 3726 ὡς
1899 3662 1966 3716 τά

392 3751 842 3821 προηγορευμένα
866 3751 967 3803 ὑπὸ
990 3751 1081 3803 τοῦ
1102 3752 1351 3822 Σωτῆρος
1373 3753 1529 3824 ἡμῶν
1544 3755 1728 3818 τέλους
1754 3754 1963 3825 ἔτυχεν,

391 3842 599 3910 ἔξεστιν
632 3843 741 3897 ἀπὸ
776 3844 872 3914 τῆς
909 3844 1170 3914 Ἱστορίας
1212 3845 1473 3916 Ἰωσήπου
1509 3846 1695 3917 μαθεῖν
1727 3847 1855 3918 (76)·
1906 3847 1964 3911 ὃς

390 3935 486 3988 καὶ
535 3936 633 4006 τῆς
676 3936 926 4006 φησάσης
957 3935 1049 3988 τοῦ
1084 3937 1333 4008 Σωτῆρος
1367 3937 1523 4008 ἡμῶν
1582 3941 1958 4010 προρρήσεως,

394 4028 538 4082 οὐαὶ
563 4028 631 4082 δὲ
662 4030 789 4095 ταῖς
827 4028 1223 4097 θηλαζούσαις
1249 4031 1319 4082 ἐν
1349 4030 1605 4096 ἐκείναις
1654 4031 1780 4096 ταῖς
1822 4032 1963 4100 ἠμέ-

388 4120 555 4185 ραις]
584 4119 645 4171 τὸ
671 4119 1017 4190 ἀποτέλεσμα
1048 4120 1233 4189 σαφῶς
1254 4120 1550 4191 παρίστησι
1575 4159 1590 4183 ,
1656 4122 1959 4191 μνημονεύ-

392 4229 511 4276 σας,
536 4213 611 4276 ὼς
643 4216 919 4281 γυναῖκες,
940 4214 1007 4266 τά
1046 4212 1250 4266 ἑαυτῶν
1292 4212 1464 4284 βρέφη
1496 4214 1801 4282 ὀπτήσασαι
1828 4216 1959 4287 πυρὶ

388 4308 476 4361 διὰ
508 4308 605 4380 τὴν
627 4308 931 4381 ὑπερϐολὴν
954 4307 1047 4361 τοῦ
1085 4306 1445 4376 κατασχόντος
1468 4304 1625 4375 λιμοῦ
1655 4304 1751 4377 τὴν
1784 4306 1955 4373 πόλιν,

390 4403 611 4473 ἔφαγον.

2145 2770 2321 2835 Atque
2352 2774 2409 2819 ut
2438 2762 2687 2818 Christus
2716 2760 3156 2821 demonstraret,
3201 2756 3453 2827 templum
3484 2756 3639 2811 dein-

2072 2876 2197 2929 ceps
2220 2858 2360 2914 haud
2390 2865 2743 2911 tustauratum
2777 2854 2864 2920 iri,
2890 2868 3067 2922 neque
3100 2851 3314 2907 Judaaos
3349 2850 3633 2920 pristinam

2073 2966 2225 3008 suam
2293 2947 2678 3018 rempublicam
2732 2956 3191 3015 recuperaturos,
3249 2944 3460 2999 caneris
3527 2943 3641 2998 suis

2074 3042 2517 3115 praedictionibus
2590 3040 2797 3094 addidit
2876 3039 3136 3107 temporis
3215 3036 3583 3092 deﬁnitionem
3620 3076 3638 3100 ,

2074 3133 2330 3203 quamdiu
2389 3130 2598 3187 scilicet
2660 3127 3028 3198 Hierosolyma
3097 3126 3438 3181 ethnicorum
3505 3125 3640 3193 pede

2077 3226 2298 3280 terenda
2347 3233 2567 3279 essent:
2598 3222 2676 3277 ait
2712 3220 2894 3284 enim,
2926 3220 3087 3273 donec
3133 3229 3367 3287 tempora
3409 3218 3639 3287 gentium

2074 3315 2565 3385 compleanturdta
2613 3312 2924 3383 signiﬁcans
2971 3311 3154 3366 saeculi
3210 3312 3637 3366 consummatio-

2075 3422 2220 3470 nem,
2253 3420 2352 3460 nec
2392 3420 2496 3459 non
2524 3403 2779 3472 temporis
2812 3417 2979 3470 usque
3012 3401 3081 3455 ad
3119 3402 3636 3456 consummationem

2070 3496 2438 3553 intervallum.
2469 3495 2749 3564 Signiﬁcat
2789 3494 2957 3548 etiam
2997 3494 3192 3548 bellum
3227 3494 3369 3562 quod
3409 3493 3637 3562 captivi-

2072 3602 2236 3647 tatem
2269 3603 2661 3660 prazcessurum
2689 3597 2807 3642 erat
2838 3603 2854 3641 :
2884 3584 3094 3639 Futura
3127 3594 3224 3647 est,
3255 3583 3461 3651 inquit,
3491 3600 3636 3650 pres-

2068 3701 2193 3738 sura
2216 3683 2272 3736 in
2302 3691 2465 3747 terra,
2484 3695 2774 3749 magnaque
2798 3678 2879 3731 ira
2901 3691 3056 3744 super
3074 3675 3263 3742 populo
3291 3674 3407 3735 hoc,
3441 3682 3489 3725 et
3522 3676 3635 3726 acie

2065 3774 2230 3844 gladii
2277 3774 2481 3826 cadent.
2535 3772 2710 3841 Atque
2770 3770 2886 3824 haec
2928 3765 3137 3837 singula
3180 3764 3631 3835 quemadmodum

2066 3864 2385 3930 acciderint,
2420 3874 2581 3932 atque
2610 3870 2670 3916 ut
2714 3859 3027 3917 Servatoris
3063 3857 3230 3912 nostri
3279 3855 3493 3912 oracula
3524 3857 3634 3911 sint

2064 3957 2266 4012 exitum
2299 3966 2609 4020 consecuta,
2660 3968 2727 4008 cx
2779 3952 2999 4021 Joseplti
3032 3949 3270 4007 Hismria
3307 3962 3634 4019 cognoscere

2062 4050 2210 4105 licet.
2245 4048 2387 4104 Idem
2421 4049 2647 4102 alterum
2689 4061 2904 4114 quoque
2947 4043 3257 4098 Servatoris
3296 4041 3630 4106 vaticinium,

2061 4140 2317 4193 nimirum
2352 4136 2442 4192 Va:
2466 4135 2786 4190 lactantibus
2811 4135 2863 4187 in
2886 4133 3070 4187 diebus
3095 4132 3242 4186 illis!
3283 4139 3479 4187 eventu
3504 4144 3627 4199 per-

2059 4232 2242 4300 spicue
2300 4230 2703 4298 comprobatum
2748 4227 2910 4280 tradit
2964 4242 2977 4277 :
3025 4225 3223 4280 etenim
3286 4232 3553 4279 memorat
3598 4236 3627 4274 a

2059 4319 2650 4388 mulieribusfparvulos
2683 4318 2931 4386 proprios
2979 4318 3101 4387 igne
3134 4324 3305 4370 tostos
3331 4314 3386 4369 in
3417 4328 3625 4368 summa

2058 4416 2209 4473 urbis
2236 4414 2378 4469 fame
2410 4412 2575 4468 fuisse
2601 4415 2909 4468 devoratos.

453 4497 566 4568 (77)
599 4495 798 4550 Τοῦτον
827 4494 935 4567 γὰρ
971 4495 1133 4548 αὐτὸν
1171 4493 1260 4547 τὸν
1292 4493 1652 4565 γενησόμενον
1675 4494 1732 4547 ὲν
1768 4495 1833 4564 τῇ
1868 4493 1958 4545 πό-

2133 4506 2283 4561 Hanc
2320 4505 2490 4575 ipsam
2532 4503 2650 4558 urbi
2703 4513 3019 4557 eventuram
3074 4500 3271 4556 famem
3321 4496 3626 4569 praevidens

386 4586 468 4641 λει
499 4588 655 4657 λιμὸν
686 4588 1070 4660 προθεωρήσας
1095 4590 1123 4641 ὁ
1145 4587 1352 4658 Σωτὴρ,
1386 4587 1617 4659 παρῄνει
1637 4590 1748 4650 τοῖς
1792 4586 1955 4640 αὑτοῦ

390 4681 656 4753 μαθηταῖς
693 4685 750 4735 ὲν
772 4685 839 4752 τῇ
866 4680 1131 4753 μελλούσῃ
1160 4679 1300 4733 κατὰ
1336 4680 1600 4734 Ἰουδαίων
1631 4680 1955 4751 γενήσεσθαι

386 4776 692 4847 πολιορκία,
732 4776 805 4847 μὴ
830 4776 905 4839 ὡς
951 4776 1037 4827 ἐπ’
1074 4774 1285 4845 ἀσφαλῆ
1324 4773 1486 4827 τόπον
1545 4774 1636 4826 καὶ¹
1691 4773 1952 4841 φυλαττό·
1991 4812 1996 4816 -

389 4885 547 4938 μενον
573 4868 678 4922 ὑπὸ
705 4868 799 4921 τοῦ
827 4867 962 4921 Θεοῦ
987 4865 1346 4937 καταφεύγειν
1369 4867 1460 4919 ἐπὶ
1486 4866 1586 4937 τὴν
1616 4865 1787 4933 πόλιν,
1816 4867 1953 4937 ὅπερ

384 4960 712 5015 πεπόνθασιν
741 4962 790 5014 οἱ
830 4960 1033 5023 πολλοὶ,
1081 4959 1195 5013 ἀλλ’
1233 4958 1439 5012 ἐκεῖθεν
1491 4958 1589 5028 μὲν
1628 4958 1950 5027 ἀναχωρεῖν,

384 5053 607 5121 φεύγειν
635 5053 691 5107 δὲ
725 5055 805 5116 είς
837 5053 903 5106 τὰ
930 5053 1064 5123 ὅρη·
1116 5053 1209 5105 καὶ
1248 5052 1373 5114 τοὺς
1415 5054 1472 5105 ὲν
1508 5050 1655 5121 μέσῳ
1693 5051 1789 5121 τῆς
1833 5050 1956 5103 Ἰου-

380 5146 539 5210 δαίας
570 5148 831 5219 ἐκχωρεῖν
875 5147 953 5208 εἰς
996 5143 1063 5198 τὰ
1106 5144 1232 5215 ἔθνη
1268 5144 1413 5215 (78);
1461 5145 1555 5199 καὶ
1612 5144 1736 5207 τοὺς
1786 5143 1844 5196 ὲν
1885 5145 1952 5213 τῇ

452 5344 590 5415 (74⁸)
646 5343 758 5399 Νοη
811 5356 986 5400 tamen
1040 5345 1319 5415 incruenta
1356 5344 1614 5415 victoria.
1672 5344 1763 5397 Ait
1812 5343 1957 5398 enim

378 5414 585 5470 Frento
605 5414 681 5470 De
709 5415 839 5470 bello
864 5415 1113 5469 Parthico
1134 5430 1153 5467 :
1182 5431 1200 5464 ι
1238 5414 1476 5469 Adriano
1507 5416 1791 5482 imperium
1820 5415 1957 5468 obti-

380 5495 560 5553 nente,
601 5495 859 5557 quantum
895 5487 1127 5540 militum
1191 5484 1619 5557 (Romanorum)
1673 5501 1702 5539 a
1752 5483 1952 5557 Iudaeis

380 5555 895 5624 cmsum!)l.egesis
958 5571 1135 5609 autem
1210 5556 1500 5611 historicos
1541 5572 1569 5610 a
1621 5570 1705 5611 me
1752 5556 1948 5611 ibidctn

388 5626 437 5679 in
469 5625 915 5682 adnotationibus
938 5625 1197 5680 laudatos.

2064 4600 2342 4663 Servator,
2377 4596 2700 4652 admonebat
2725 4595 3016 4664 discipulos
3048 4610 3175 4650 suos
3210 4592 3348 4649 utin
3379 4595 3623 4665 proxima

2058 4689 2367 4745 Iudaeorum
2402 4686 2749 4752 obsessione,
2780 4685 2984 4740 nollent
3032 4694 3290 4754 tanquam
3337 4684 3404 4737 ad
3454 4692 3623 4737 tutum

2056 4782 2233 4837 locum
2280 4791 2336 4837 et
2375 4796 2404 4834 a
2443 4780 2554 4835 Deo
2597 4779 2923 4834 custoditum
2974 4778 3027 4832 in
3076 4781 3263 4831 urbem
3316 4774 3621 4845 confugere,

2057 4876 2199 4944 quod
2234 4873 2449 4944 plurimi
2478 4872 2741 4937 fecerunt,
2792 4870 2886 4924 sed
2933 4869 3057 4923 inde
3100 4869 3278 4938 potius
3310 4866 3624 4922 recederent

2058 4974 2218 5033 atque
2245 4964 2299 5016 in
2331 4972 2538 5016 montes
2573 4964 2856 5031 fugerent;
2901 4970 2956 5014 et
3000 4959 3091 5027 qui
3137 4967 3296 5013 erant
3345 4958 3399 5010 in
3448 4955 3619 5010 media

2059 5053 2242 5110 Judaaa
2267 5053 2331 5107 ad
2352 5062 2544 5123 gentes
2569 5054 2889 5122 migrarent,
2920 5059 2975 5105 et
3000 5050 3091 5119 qui
3124 5050 3176 5102 in
3204 5063 3334 5119 agro
3360 5048 3622 5116 degebant

2062 5157 2403 5213 nequaquam
2437 5143 2504 5199 ad
2536 5142 2770 5197 munitas
2810 5154 2962 5194 arces
2989 5144 3405 5203 concurrerent,
3446 5150 3621 5206 neque

2057 5359 2216 5399 sensu
2243 5361 2258 5410 ;
2288 5354 2342 5398 et
2369 5353 2632 5413 praeterea
2670 5342 2869 5397 desunt
2908 5342 3046 5411 Syro
3088 5337 3452 5409 prmcedentes
3496 5348 3619 5394 octo
3667 5378 3673 5385 .

2054 5415 2323 5469 versiculi.

2122 5486 2233 5553 (76)
2266 5483 2401 5537 Bell.
2457 5481 2733 5553 Jud._li_b.
2760 5497 2882 5553 _vttt,
2922 5480 2973 5536 8.

2144 5549 2231 5621 77)
2272 5555 2406 5608 Cod.
2433 5554 2495 5606 A.
2532 5554 2569 5606 ί.
2598 5551 2722 5604 270.
2753 5549 2876 5621 Syr.
2912 5566 2983 5615 tv,
3014 5552 3105 5616 ‘20,
3142 5550 3230 5603 2|.

2144 5559 2207 5607 77
2272 5559 2406 5608 Cod.
2433 5559 2495 5606 A.
2532 5559 2569 5606 ῐ.
2598 5559 2722 5604 270.
2753 5559 2876 5621 Syr.
2912 5566 2983 5615 tv,
3014 5559 3105 5616 20,
3142 5559 3230 5603 2|.

2118 5559 2231 5694 imi
2258 5624 2353 5680 llic
2375 5638 2482 5680 non
2518 5622 2658 5679 bene
2696 5622 2865 5692 Syrus
2894 5621 3138 5679 Gnaeum
3187 5621 3401 5677 videtur
3459 5618 3616 5675 intel-

450 5697 564 5769 (75)
617 5695 719 5752 llic
771 5694 941 5765 Syrus
986 5695 1223 5751 deﬂectit
1281 5693 1614 5765 aliquantum
1671 5712 1703 5753 a
1751 5694 1943 5752 Graeco
2044 5693 2257 5755 lexisse.

687 5797 961 5861 Parum.
1007 5794 1404 5891 (im-"XXIV.

3223 5784 3297 5845 21
