4098 6200
486 251 581 305 651
1148 229 1414 287 EUSEBII
1452 222 1927 283 CAESARIENSIS
1964 222 2113 278 OPP.
2155 218 2335 274 PARS
2370 217 2455 272 IV.
2498 246 2565 258 —
2602 208 3018 267 DOGMATICA.
3602 202 3706 257 652

487 363 800 434 prudentem
851 354 1135 409 crederem
1164 350 1217 402 in
1258 346 1452 416 oppida
1488 358 1787 408 secessum,
1834 342 2045 396 etiamsi
2076 388 2083 400 ,

2188 338 2299 410 ώρᾳ
2334 337 2408 408 μὴ
2442 332 2800 402 καταφεύγειν
2830 330 2905 393 ὡς
2948 327 3041 380 ἐπὶ
3085 321 3278 395 ὀχυρὸν
3332 321 3513 385 τόπον,
3577 321 3709 391 μηδὲ

488 413 538 434 ,η
558 413 578 416 ν
597 413 616 415 -ν
637 413 664 414 κν
1295 413 1309 416 -
1333 413 1345 415 ι

488 458 538 511 id
566 465 773 520 tempus
799 445 1069 517 postulare
1099 441 1408 504 videretur;
1464 438 1557 492 sed
1609 444 1819 490 lucrum
1873 435 2049 505 potius

2188 428 2443 485 πουδαίαν
2496 425 2742 497 ἡγεῖσθαι
2772 422 2870 493 τὴν
2908 420 3000 473 ἐπὶ
3036 418 3135 488 τὴν
3179 413 3330 467 πόλιν
3362 413 3713 483 ἐπιστροφὴν,

487 543 852 599 existimarent
884 535 1087 601 togam,
1118 539 1338 600 propter
1366 526 1762 595 impendentem
1794 502 1887 579 Dei
1913 524 2049 577 iram

2192 522 2255 577 ἂν
2295 522 2351 574 αἱ
2400 522 2580 590 χρεῖαι
2619 514 2884 570 καλῶσιν·
2918 512 3184 583 ἅρπαγμα
3223 506 3280 560 δὲ
3335 503 3575 558 τίθεσθαι
3620 502 3719 575 τὴν

489 648 596 689 tum
628 629 827 698 templo
856 636 967 678 tum
1003 622 1231 677 civitati.
1281 619 1406 672 Haec
1444 594 1739 687 perspicue
1794 625 1849 668 et
1899 624 2052 668 extra

2188 614 2348 685 υγὴν,
2378 611 2465 664 διά
2488 611 2585 680 τὴν
2616 605 3041 676 ἐπελευσομένην
3061 603 3125 654 ἐκ
3155 599 3287 653 Θεοῦ
3315 597 3482 669 ὀργὴν
3528 594 3608 666 τῷ
3656 611 3720 650 τε

491 736 707 779 onmem
727 716 1131 785 ambiguitatem
1156 685 1601 767 demonstrabant
1618 722 1837 763 causam
1866 721 2055 774 quam—

2188 707 2267 776 αῷ
2291 705 2386 759 καὶ
2411 706 2477 774 τῇ
2514 701 2681 754 πόλει.
2715 696 2900 751 Ταῦτα
2922 695 3030 767 γὰρ
3053 695 3309 764 ἄντικρυς
3331 691 3423 743 καὶ
3450 687 3571 758 δίχα
3617 685 3721 739 πά-

490 817 675 871 obrcm
720 810 1043 865 hortabatur
1107 806 1175 859 ad
1230 812 1439 858 montes
1508 801 1725 869 fugere,
1781 812 1956 867 neque
2002 797 2056 851 in

2188 816 2256 871 ης
2288 795 2616 869 ἀμφιϐολίας
2650 787 3034 864 παραστατικὰ
3063 787 3127 841 ἂν
3166 784 3395 855 εἴη,τῆς
3427 780 3624 843 αἰτίας,
3658 777 3722 832 δι’

490 908 683 978 Oppida
720 902 924 957 munita
956 897 1171 953 reverti.
1217 894 1344 949 ldeo
1395 892 1471 947 ait.
1508 910 1524 948 :
1558 892 1623 945 Et
1666 891 1756 959 qui
1806 890 1861 944 in
1912 887 2059 956 agris

2188 910 2223 962 >ν
2272 888 2666 962 παρεκελεύετο
2718 884 2937 955 φεύγειν
2990 881 3083 934 ἐπὶ
3111 879 3180 932 τὰ
3220 877 3318 948 ὅρη
3344 914 3359 939 ,
3382 874 3475 927 καὶ
3513 871 3586 943 μὴ
3610 872 3726 923 ἐπι-

494 1008 637 1064 sunt,
678 1002 903 1051 caveant
935 990 1221 1061 quominus
1266 986 1400 1040 urbe
1441 1000 1500 1039 se
1540 982 1881 1038 concludant.
1917 982 2060 1033 Sunt

494 1089 638 1142 enim
666 1087 721 1140 hi
755 1085 867 1138 dies
902 1079 1144 1142 ultionis,
1185 1086 1239 1131 et
1276 1074 1458 1130 omnia
1499 1072 1659 1126 ﬁcndi
1689 1086 1810 1140 quae
1836 1082 2064 1138 praeser—

498 1182 594 1234 tim
649 1179 788 1246 apud
833 1156 1103 1227 Danieletn
1151 1168 1355 1236 scripta
1403 1173 1547 1221 sunt.
1610 1163 1714 1217 Sed
1777 1172 1833 1217 et
1882 1161 2062 1226 minae,

506 1270 743 1327 Vcetnnc
765 1263 1133 1324 nutrientibus,
1161 1257 1427 1327 quomodo
1454 1254 1660 1309 exitum
1710 1251 1819 1306 sint
1862 1258 2068 1303 sortitae

501 1361 992 1430 Hierosolymorum
1016 1355 1359 1407 obsessorum
1384 1356 1643 1415 tempore,
1673 1343 1824 1398 tesus
1846 1342 2066 1396 idoneus

502 1469 585 1511 est
634 1454 848 1508 Flavius
897 1446 1183 1514 Josepltus,
1233 1442 1323 1512 qui
1358 1446 1610 1493 accurate
1657 1446 1867 1504 tempus
1914 1433 2066 1495 illud,

503 1558 625 1620 post
658 1540 965 1599 Servatoris
998 1536 1166 1591 nostri
1193 1534 1358 1595 diras,
1380 1527 1739 1592 describit;et
1771 1521 2068 1592 quomodo,

502 1636 868 1711 prementibus
902 1629 1158 1685 Romanis
1185 1624 1481 1689 urbemque
1503 1616 1863 1686 capientibus,
1899 1610 2071 1666 maxi-

2160 982 2411 1054 στρέφειν
2455 980 2546 1033 ἐπὶ
2576 977 2676 1041 τὰς
2719 977 2922 1038 πόλεις.
2954 973 3043 1026 Διό
3080 987 3241 1041 φησιο
3283 970 3392 1023 Καὶ
3428 968 3477 1019 οἱ
3514 970 3571 1020 ἐν
3609 968 3728 1028 ταῖς

2162 1074 2399 1147 χώραις,
2444 1072 2517 1143 μὴ
2556 1069 2948 1124 είσελθέτωσαν
3009 1066 3087 1128 είς
3133 1061 3338 1132 αὐτήν
3396 1060 3479 1112 ὅτι
3527 1058 3729 1129 ἡμέραι

2164 1169 2493 1239 ἐκδικήσεως
2547 1158 2707 1218 αὗταί
2754 1164 2883 1224 είσι,
2925 1157 3017 1210 τοῦ
3061 1152 3411 1226 πληρωθῆναι
3451 1151 3624 1205 πάντα
3661 1147 3729 1200 τὰ

2164 1238 2521 1328 γεγραμμένα
2560 1256 2618 1306 ἐν
2654 1251 2731 1321 τῷ
2770 1249 2967 1320 Δανιὴλ
3008 1246 3258 1318 μάλιστα.
3311 1241 3469 1295 Ἀλλά
3511 1241 3603 1293 καί
3639 1238 3732 1304 τὸ,

2172 1350 2315 1403 Οὐαὶ
2354 1347 2482 1412 ταῖς
2515 1343 2908 1413 θηλαζούσαις
2960 1342 3111 1402 τότε,
3141 1338 3287 1398 ὅπως
3337 1334 3522 1395 τέλους
3575 1332 3732 1401 ἔτυχε

2173 1441 2308 1495 κατά
2334 1441 2425 1494 τὸν
2475 1437 2664 1508 καιρὸν
2713 1436 2810 1505 τῆς
2844 1431 3153 1502 πολιορκίας
3194 1430 3301 1481 τῶν
3333 1424 3733 1497 Ἰεροσολύμων,

2171 1533 2354 1596 ίκανὸς
2381 1528 2753 1585 πιστώσασθαι
2783 1525 3009 1587 Φλάϐιος
3039 1522 3329 1593 Ἰώσηπος,
3362 1517 3601 1589 ἀκριϐῶς
3646 1516 3737 1567 τὸν

2176 1626 2313 1699 μετὰ
2331 1625 2430 1688 τὰς
2452 1623 2588 1695 ἀρὰς
2618 1620 2711 1674 τοῦ
2738 1619 2984 1687 Σωτῆρος
3000 1617 3031 1685 ἡ
3040 1616 3155 1684 μῶν
3173 1614 3405 1680 πόλεμον
3429 1610 3737 1681 ἱστορήσαςο

506 1700 921 1784 ;113.Ιιιάεέοι·υηι
960 1717 1244 1775 multitudo
1288 1712 1467 1785 gladio
1510 1715 1831 1775 consumpta
1884 1701 2065 1765 fuerit,

2188 1728 2263 1773 toti.
2291 1718 2387 1781 ὼς,
2417 1715 2750 1768 ἐπιστάντων
2788 1708 3069 1779 Ῥωμαίων
3100 1706 3198 1760 καὶ
3216 1705 3312 1776 τὴν
3334 1702 3485 1756 πόλιν
3514 1700 3741 1754 ἑλόντων

511 1820 788 1886 multoque
816 1815 997 1884 plures
1027 1813 1166 1863 fame
1210 1820 1371 1875 quam
1408 1802 1554 1857 ferro
1596 1797 1881 1868 perierint.
1928 1792 2070 1860 Quin

510 1912 643 1966 adeo
670 1908 922 1962 mulieres
947 1915 1160 1972 quoque
1186 1895 1439 1968 parvulos
1481 1907 1609 1948 suos
1653 1891 1774 1960 igne
1819 1894 2073 1943 assantes.

510 2017 691 2057 escam
732 1999 832 2053 sibi
860 1996 927 2049 oh
953 2004 1248 2048 extremam
1280 1987 1559 2056 penuriam
1600 1981 1865 2035 fecerunt.
1899 1979 2077 2044 Atque

512 2092 629 2145 lucc
661 2089 1002 2155 contigerunt
1037 2082 1211 2151 primo
1239 2077 1454 2146 quidem
1493 2072 1592 2127 sub
1623 2070 1742 2124 Tito
1769 2084 1833 2121 ac
1874 2065 2078 2133 Vespa-

514 2184 688 2242 siano,
718 2187 902 2247 postea
945 2172 1048 2228 sub
1098 2171 1360 2231 Adriano,
1394 2165 1759 2220 Romanorum
1792 2159 2081 2226 imperato-

516 2244 831 2338 ribus;'qua
858 2274 1014 2319 actate
1050 2260 1399 2316 interdictum
1454 2268 1673 2325 prorsus
1728 2248 1931 2305 Judreis
1981 2244 2085 2300 fuit

514 2332 693 2433 patrio
719 2332 853 2421 solo,
890 2364 946 2409 et
971 2353 1038 2406 ab
1064 2347 1297 2404 ethnicis
1334 2341 1671 2399 llierusalem
1720 2337 1822 2391 fuit
1861 2332 2084 2391 concul-

518 2465 660 2518 cata,
722 2450 856 2504 adeo
907 2454 967 2499 ut
1022 2442 1195 2498 nullos
1254 2436 1455 2495 incolas
1497 2436 1646 2489 cives
1694 2432 1919 2486 haberet
1980 2427 2083 2482 nisi

515 2552 803 2599 extraneos
836 2544 891 2591 et
919 2532 1270 2600 alienigenas,
1308 2524 1588 2581 translatis
1617 2522 1742 2576 illuc
1779 2517 2076 2589 inquilinis,

520 2631 820 2688 incolarum
866 2626 1107 2695 priorum
1150 2621 1286 2676 loco.
1331 2618 1536 2674 Exinde
1573 2615 1716 2670 enim
1759 2612 2088 2669 circumdata

521 2734 606 2779 est
636 2720 802 2776 armis
833 2717 986 2781 urbs,
1017 2724 1180 2783 atque
1220 2712 1379 2780 hujus
1422 2707 1787 2766 sanctuarium
1829 2704 1896 2758 ad
1947 2717 2091 2757 sum-

522 2831 665 2871 mam
696 2811 1042 2868 solitudinem
1075 2805 1349 2860 redactum
1382 2801 1484 2855 fuit
1510 2817 1525 2857 :
1556 2799 1643 2854 illa
1671 2797 1900 2866 denique
1931 2794 2089 2848 deso-

523 2916 745 2973 lationis
765 2911 1114 2975 abominatio,
1143 2922 1303 2978 quam
1330 2904 1515 2960 Daniel
1543 2902 1891 2973 przndixerat,
1920 2899 2094 2953 medio

526 3019 580 3073 iu
613 3017 921 3074 sanctuario
945 3014 1237 3069 constituta
1276 3010 1403 3074 fuit,
1436 3022 1640 3061 aeneum
1695 3006 1816 3059 dico
1872 3004 2095 3058 victoris

2174 1808 2482 1883 πολιορκίᾳ,
2517 1805 2686 1879 μυρία
2722 1803 2817 1877 μὲν
2848 1801 3022 1872 πλήθη
3053 1800 3145 1852 τοῦ
3179 1796 3445 1852 Ἰουδαίων
3475 1792 3657 1853 ἔθνους
3685 1792 3743 1842 ὲν

2178 1906 2404 1975 στόματι
2438 1900 2705 1971 μαχαίρας
2733 1896 2967 1968 ἀνῃρέθη
2988 1936 3002 1957 ,
3038 1892 3252 1953 πλείους
3286 1890 3342 1943 δὲ
3370 1886 3499 1941 ’τῶν
3544 1885 3745 1958 ἀνῃρη-

2181 1998 2357 2069 μένων
2382 1994 2460 2065 τῷ
2491 1992 2633 2063 λιμῷ
2664 1989 3025 2059 διεφθάρησαν
3045 2002 3060 2015 ’
3100 1984 3198 2055 ἤδη
3230 1983 3285 2035 δὲ
3322 1980 3414 2034 καὶ
3440 1977 3509 2031 τά
3541 1976 3745 2030 ἑαυτῶν

2180 2089 2355 2160 βρέφη
2386 2087 2642 2155 γυναῖκες
2693 2082 2998 2150 ὀπτήσασαι
3048 2075 3200 2145 πυρὶ,
3246 2074 3419 2143 τροφῇ
3456 2070 3748 2139 κέχρηνται

2177 2157 2243 2233 δι’
2271 2157 2715 2249 ὑπερϐάλλουσαν
2751 2172 2972 2226 ἔνδειαν.
3005 2166 3289 2221 Συνέϐαινε
3324 2163 3379 2215 δὲ
3417 2160 3586 2214 ταῦτα
3623 2157 3752 2229 πρό-

2180 2288 2336 2342 τερον
2384 2269 2482 2339 μὲν
2515 2266 2656 2321 κατά
2693 2264 2848 2318 Τῖτον
2885 2262 2979 2316 καὶ
3012 2255 3447 2312 Οὐεσπασιανόνο
3508 2249 3645 2321 μετὰ
3692 2249 3750 2302 δὲ

2182 2362 2424 2425 τούτους,
2471 2359 2588 2412 κατ’
2640 2356 2931 2425 Ἀδριανὸν,
2968 2354 3093 2414 τοὺς
3147 2347 3426 2418 Ῥωμαίων
3480 2342 3753 2411 αὐτοκρα-

2184 2468 2367 2517 τορας,
2393 2451 2512 2504 καθ’
2542 2449 2634 2512 οὓς
2660 2448 2857 2509 ἄϐατος
2892 2444 2989 2515 μὲν
3024 2444 3081 2504 ἐς
3111 2442 3171 2493 τὸ
3198 2436 3453 2499 παντελὲς
3479 2432 3755 2493 Ἰουδαίοις

2185 2547 2214 2600 ὁ
2245 2544 2469 2613 πάτριος
2492 2540 2667 2595 αὐτῶν
2698 2538 2932 2606 κατέστη
2965 2536 3148 2596 τόπος,
3180 2532 3368 2601 γέγονε
3394 2528 3451 2582 δέ
3480 2526 3746 2596 Ἰερουσα-

2186 2638 2300 2710 λὴμ
2330 2634 2641 2705 πατουμένη
2674 2634 2764 2685 ὑπ’
2815 2632 3004 2697 ἐθνῶν,
3034 2630 3108 2691 ώς
3162 2624 3295 2698 μηδὲ
3346 2621 3561 2691 ἐτέρους
3610 2616 3759 2687 ἔχειν

2188 2708 2479 2799 οἰκήτορας
2507 2724 2726 2788 πολίτας
2758 2724 2789 2794 ἢ
2829 2723 3017 2795 μόνους
3052 2715 3377 2786 ἀλλοφύλους
3414 2709 3507 2765 καὶ
3541 2708 3761 2775 ἀλλογε-

2190 2823 2321 2888 νεῖς,
2358 2817 2619 2889 μετοίκων
2647 2814 2832 2871 αὐτόθι
2858 2809 3304 2867 κατοικισθέντων
3342 2804 3462 2858 ἀντὶ
3488 2800 3597 2854 τῶν
3626 2797 3762 2869 πρός

2194 2930 2349 2985 τερον
2399 2911 2718 2983 οἰκητόρων.
2776 2907 2865 2975 Ἐξ
2898 2904 3104 2959 ἐκείνου
3138 2902 3193 2955 δὲ
3247 2894 3617 2964 κυκλωθείσης
3656 2888 3763 2944 ὑπὸ

2198 2983 2570 3077 στρατοπέδων
2598 3003 2698 3073 τῆς
2737 2996 3108 3072 Ἰερουσαλὴμ,
3138 2993 3231 3047 καὶ
3258 2991 3388 3044 αὐτὸ
3422 2988 3483 3041 τὸ
3518 2983 3764 3053 ἀγίασμα

527 3110 874 3164 simulacrum
911 3106 1052 3177 quod
1085 3105 1138 3158 in
1187 3103 1363 3156 medio
1413 3098 1611 3166 templo
1641 3097 1947 3151 dedicatum
1977 3103 2081 3148 est.

2188 3096 2246 3148 τὸ
2274 3099 2331 3149 ἐν
2359 3097 2495 3168 αύτῇ
2527 3097 2605 3157 εἰς
2632 3094 2731 3164 τὴν
2761 3090 2991 3160 ἐσχάτην
3016 3084 3352 3157 περιετράπη
3377 3078 3609 3151 ἐρημίαν
3628 3093 3643 3106 ο
3669 3078 3765 3129 καὶ

526 3202 590 3257 τὸ
619 3202 890 3272 βδέλυγμα
923 3172 1021 3268 τῆς
1040 3194 1366 3269 ἐρημώσεως
1392 3192 1452 3243 τὸ
1479 3188 1637 3262 ῥηθὲν
1665 3185 1751 3239 διὰ
1773 3184 1974 3255 Δανιὴλ
1995 3184 2089 3237 τοῦ
2129 3189 2404 3258 προφήτου
2435 3188 2567 3259 ἔστη
2631 3185 2687 3239 ἐν
2724 3183 2802 3255 τῷ
2866 3181 3184 3250 ἀγιάσματι,
3238 3175 3299 3227 τὸ
3347 3172 3571 3244 χάλκεόν
3624 3186 3767 3240 φημι

529 3298 895 3365 ἀπεικόνισμα
949 3288 1043 3343 τοῦ
1112 3280 1463 3357 πολιορκητοῦ
1521 3280 1577 3331 ἐν
1624 3276 1772 3347 αύτῷ
1817 3276 1965 3347 μέσῳ
2013 3276 2092 3346 τῷ
2135 3278 2261 3350 ἱερῷ
2292 3281 2591 3354 ἱδρυμένον.

605 3393 727 3447 Haec
758 3390 923 3459 igitur
957 3400 987 3440 e
1017 3381 1261 3454 plurimis
1293 3374 1595 3433 adnotanda
1633 3386 1817 3427 curaVI
1868 3378 2088 3442 propter

533 3485 772 3540 divinum
808 3476 1111 3535 Servatur-is
1142 3470 1311 3527 nostri
1348 3467 1661 3522 vaticinium
1698 3464 1961 3530 dicentis,
2006 3460 2095 3515 Vw

532 3574 926 3649 prwgnantibm
952 3581 1000 3625 et
1026 3566 1341 3621 lactantibus
1366 3564 1419 3615 in
1446 3561 1623 3613 diebus
1647 3556 1794 3611 illis!
1824 3554 1928 3611 Sed
1962 3570 2096 3624 quo-

534 3648 680 3725 niam
721 3666 788 3720 ad
814 3675 1041 3720 caeteras
1079 3655 1384 3714 Servatoris
1416 3650 1790 3722 prmdictiones
1819 3648 1932 3701 haec
1962 3661 2094 3714 quo-

537 3778 641 3831 que
682 3756 895 3813 accedit
925 3771 939 3808 :
975 3751 1087 3805 Erit
1117 3761 1361 3817 pressura
1407 3758 1596 3811 magna
1628 3739 1683 3792 in
1734 3747 1896 3804 terra,
1932 3748 1978 3789 et
2017 3736 2098 3789 ira

539 3824 693 3916 super
716 3843 905 3915 populo
942 3843 1073 3905 hoc;
1103 3834 1492 3892 velsecundum
1517 3830 1850 3891 Matthteum,
1882 3824 2101 3880 tribula-

540 3940 667 3993 latio
696 3933 991 4006 cujusmodi
1030 3938 1188 3983 antea
1222 3938 1489 3994 nunquam
1523 3920 1717 3990 fuit“;
1750 3932 1929 3989 Opera:
1978 3931 2100 3986 pre-

543 4034 675 4084 tium
713 4037 799 4083 est
841 4025 1029 4079 audire
1049 4019 1388 4080 historicum,
1421 4015 1512 4083 qui
1549 4026 1705 4067 casus
1735 4011 1856 4065 illos
1885 4009 1962 4063 sic
1989 4007 2103 4061 fere

542 4128 731 4175 narrat
759 4135 771 4172 :
809 4135 827 4169 ι
853 4114 916 4168 Et
947 4110 1259 4182 singillatim
1290 4106 1506 4177 quidem
1534 4102 1762 4159 crimina
1786 4100 1987 4155 civium
2018 4113 2104 4152 re-

544 4209 753 4266 censeri
786 4214 1083 4275 nequeunt;
1117 4199 1423 4257 summatim
1442 4209 1567 4250 vero
1600 4193 1797 4257 dicam,
1822 4203 1992 4259 neque
2020 4188 2101 4242 ul-

544 4303 651 4359 iam
679 4300 866 4355 urbem
894 4295 1040 4369 paria
1073 4292 1210 4348 mala
1243 4303 1482 4362 passam,
1515 4299 1686 4355 neque
1726 4285 1854 4339 item
1881 4296 2106 4353 genera-

2271 3352 2378 3446 (79)
2411 3374 2595 3428 Ταῦτα
2629 3371 2726 3442 μὲν
2758 3363 2850 3423 οὖν
2882 3366 2989 3420 ἀπὸ
3026 3362 3231 3435 μυρίων
3278 3358 3497 3413 τέθεικα
3538 3352 3624 3407 διὰ
3667 3352 3770 3421 τὴν

2200 3468 2349 3522 θείαν
2394 3466 2487 3519 τοῦ
2545 3464 2794 3533 Σωτῆρος
2844 3458 3000 3531 ημῶν
3030 3456 3330 3527 πρόρρησιν
3353 3449 3448 3521 τὴν
3481 3450 3728 3516 φήσασαν
3750 3458 3767 3472 ο

2205 3556 2347 3611 Οὐαὶ
2376 3555 2444 3608 δὲ
2472 3553 2599 3619 ταῖς
2647 3553 2717 3605 ἐν
2749 3550 2957 3621 γαστρὶ
2991 3549 3274 3617 ἐχουσαις
3305 3541 3402 3595 καὶ
3433 3537 3561 3603 ταῖς
3591 3538 3774 3602 θηλα-

2203 3647 2441 3713 ζούσαις
2466 3647 2535 3700 ἐν
2562 3645 2820 3709 ἐκείναις
2846 3640 2973 3706 ταῖς
3005 3639 3249 3708 ἡμέραις
3266 3652 3280 3666 ·
3311 3632 3433 3687 ἐπεὶ
3448 3631 3503 3683 δὲ
3537 3628 3628 3681 καὶ
3655 3623 3773 3679 τοῦ·

2203 3758 2263 3793 το
2288 3741 2408 3803 ταῖς
2465 3736 2798 3809 προρρήσεσι
2847 3731 2939 3785 τοῦ
2989 3730 3239 3800 Σωτῆρος
3304 3724 3636 3796 πρόσκειται,
3688 3715 3773 3778 τὸ,

2209 3830 2413 3883 Ἔσται
2448 3804 2677 3896 adiam
2711 3820 2941 3893 μεγάλη
2979 3819 3075 3871 ἐπὶ
3100 3817 3209 3885 τῆς
3255 3814 3367 3886 γῆς
3395 3813 3491 3865 καὶ
3521 3807 3664 3878 ὀργὴ
3694 3804 3776 3869 τῷ

2206 3919 2333 3985 λαῷ
2361 3920 2547 3982 τούτῳ
2570 3935 2584 3948 ·
2612 3916 2645 3988 ἢ
2679 3916 2818 3970 κατά
2842 3915 2933 3966 τὸν
2956 3909 3231 3965 Ματθαῖον
3253 3950 3266 3974 ,
3307 3905 3510 3972 θλίψις
3548 3902 3644 3953 οἶα
3677 3899 3777 3951 οὐ·

2208 4012 2417 4067 δέποτε
2442 4008 2704 4080 γέγονεν·
2727 4005 3025 4060 ἐπακοῦσαι
3054 4001 3212 4055 καλὸν
3243 3996 3335 4051 τοῦ
3358 3990 3627 4065 ἱστορικοῦ
3657 3988 3777 4042 τού-

2208 4122 2314 4157 των
2335 4077 2526 4155 αύτῶνή
2542 4100 2609 4154 τὰ
2640 4098 3047 4166 ἀποτελέσματα
3071 4087 3171 4146 ὧδέ
3189 4108 3264 4162 πη
3283 4085 3616 4158 ἱστοροῦντος

2216 4215 2233 4246 ι
2268 4195 2403 4249 Καθ’
2422 4195 2651 4247 ἕκαστον
2672 4192 2767 4264 μὲν
2789 4186 2880 4243 οὖν
2902 4168 3169 4251 ἐπεξιέναι
3198 4183 3294 4252 τὴν
3316 4176 3654 4250 παρανομίαν
3676 4174 3777 4226 αύ-

2211 4288 2317 4341 τῶν
2342 4326 2356 4351 ,
2410 4285 2698 4339 ἀδύνατον*
2749 4279 3033 4333 συνελόντα
3086 4276 3130 4329 δ’
3162 4274 3365 4337 εἰπεῖν,
3430 4271 3565 4341 μήτε
3623 4264 3778 4317 πόλιν

548 4395 745 4448 tionem
774 4388 936 4443 ullam
961 4386 1029 4440 ab
1051 4386 1181 4440 orbe
1202 4383 1420 4438 condito
1445 4379 1707 4435 scelerum
1737 4373 2083 4430 fecundioren

2212 4375 2376 4446 ἄλλην
2403 4371 2624 4427 τοιαῦτα
2672 4368 3024 4431 πεπονθέναι,
3070 4365 3204 4435 μήτε
3233 4360 3424 4429 γενεὰν
3480 4357 3538 4423 ἐξ
3587 4355 3779 4417 αἰῶνος

549 4483 843 4539 exstitisse.
870 4480 936 4535 Et
967 4478 1182 4548 quidem
1210 4474 1395 4529 urbem
1427 4471 1594 4528 Judaei
1642 4469 1742 4538 ipsi
1791 4462 2083 4535 pessumde

2214 4464 2488 4536 γεγονέναι
2548 4461 2745 4523 κακίας
2774 4457 3163 4529 γονιμωτέραν.
3198 4454 3306 4524 Τὴν
3338 4451 3435 4523 μὲν
3490 4448 3643 4502 πόλιν
3698 4448 3783 4499 ἁν-

553 4578 769 4639 derunt,
818 4572 1198 4638 Romanosque
1239 4566 1434 4620 invitos
1483 4563 1657 4631 diram
1702 4557 1982 4613 victoriam
2014 4566 2079 4622 pa

2216 4554 2444 4626 έτρεψαν
2478 4552 2628 4605 αὐτοὶ
2657 4591 2671 4615 ,
2728 4547 3027 4619 Ῥωμαίους
3084 4546 3141 4599 δὲ
3188 4544 3416 4603 ἄκοντας
3470 4538 3782 4609 ἠνάγκασαν

555 4679 702 4722 trare
727 4670 1042 4736 coegerunt,
1090 4670 1252 4729 atque
1282 4658 1457 4728 ignem
1480 4650 1867 4725 propemodum
1898 4660 2083 4701 muran

2217 4624 2579 4714 ἐπιγραφῆναι
2613 4638 2919 4711 σκυθρωπῷ
2944 4634 3357 4706 κατορθώματι*
3379 4629 3472 4683 καὶ
3499 4629 3657 4699 μόνον
3686 4624 3785 4694 οὐχ

552 4769 659 4812 2cm
712 4757 778 4811 ad
830 4716 1092 4823 :emplum
1133 4716 1532 4820 pertraxerunt.
1583 4716 1748 4797 Certe
1799 4738 1853 4792 id
1904 4739 2030 4791 dum
2081 4762 2083 4779 ι

2208 4736 2460 4789 εἵλκυσαν
2528 4730 2789 4803 βραδῦνον
2849 4730 2939 4782 ἐπὶ
2969 4728 3063 4780 τὸν
3132 4726 3257 4779 ναὸν
3292 4723 3354 4777 τὸ
3402 4719 3544 4791 πῦρδ
3594 4716 3785 4787 ἀμέλει

552 4851 831 4921 superiore
863 4848 996 4902 urbe
1027 4843 1416 4898 inﬂammatum
1458 4841 1769 4899 cernerent,
1811 4842 1986 4897 neque
2018 4829 2083 4880 do

2208 4826 2495 4897 καιόμενον
2528 4826 2592 4877 ἐκ
2620 4824 2719 4894 τῆς
2744 4822 2856 4875 ἄνω
2884 4820 3090 4882 πόλεως
3112 4816 3441 4889 ἀφορῶντες,
3465 4810 3587 4864 οὒτε
3612 4809 3784 4881 ἤλγη-

552 4900 980 5009 Ιυιζιῖυιιιῗιιοιιιιθ
1020 4932 1280 5007 lacrymis
1317 4929 1520 5001 dignati
1570 4935 1715 4981 sunt.
1742 4942 1761 4976 ι
1795 4923 1972 4990 Atque
2001 4918 2079 4971 lue

2211 4935 2344 4982 σαν,
2384 4915 2506 4971 οὒτε
2541 4914 2863 4985 ἐδάκρυσαν.
2904 4933 2922 4964 ι
2957 4911 3140 4965 Ταῦτα
3185 4907 3274 4961 διὰ
3317 4905 3399 4970 τὸ,
3431 4904 3636 4955 Ἔσται
3674 4900 3785 4967 γὰρ

555 5034 867 5088 acciderunt
896 5039 1115 5098 propter
1140 4991 1234 5079 illa
1267 5023 1450 5085 verba,
1489 5017 1606 5071 Erit
1655 5015 1791 5070 enim
1840 5007 2078 5063 tribulati

2211 5013 2417 5079 θλίψις
2438 5006 2668 5079 μεγάλη
2693 5022 2709 5038 ο
2768 5006 2797 5059 ὃ
2853 5004 2916 5074 δὴ
2946 5002 3041 5056 καὶ
3072 4997 3380 5072 προρρηθὲν
3413 4994 3518 5048 ὑπὸ
3546 4991 3639 5045 τοῦ
3673 4992 3788 5042 Σωα

555 5142 743 5193 magna
768 5138 787 5176 .'
813 5124 866 5178 id
896 5082 1055 5191 {quod
1104 5134 1133 5172 a
1171 5117 1462 5171 Servatore
1491 5110 1827 5177 praedictum,
1867 5109 1987 5171 post
2018 5114 2083 5151 an

2217 5103 2400 5174 τῆρος,
2434 5099 2847 5173 μεμαρτύρηται
2881 5097 2984 5150 ὑπὸ
3031 5094 3125 5146 τοῦ
3160 5087 3512 5161 συγγραφέως
3541 5084 3657 5155 μεθ’
3689 5082 3786 5134 ὅλα

556 5232 683 5268 num
705 5217 935 5284 denique
956 5208 1448 5283 quadragesimum,
1471 5199 1800 5270 Vespasiano
1816 5195 2083 5248 Romanut

2222 5193 2314 5262 ἐτη
2363 5193 2798 5262 τεσσαράκοντα,
2867 5188 3004 5241 κατὰ
3062 5185 3156 5254 τὴν
3213 5175 3615 5235 Οὐεσπασιανοῦ
3655 5174 3784 5226 Ῥωο

559 5307 845 5375 imperium
886 5314 1127 5368 tenente,
1176 5307 1312 5354 teste
1358 5295 1641 5358 historico,
1694 5300 1884 5357 reapse
1935 5279 2083 5337 conl'e

2216 5284 2398 5354 μαίων
2428 5280 2852 5353 αύτοκρατορίαν
2886 5276 3169 5349 πληρωθὲν
3201 5272 3334 5344 (81).

557 5410 703 5452 ctum
734 5408 833 5452 est.

630 5491 674 5521 ⁸⁸
708 5488 891 5542 Matth.
933 5486 1179 5553 utv,‘ll.

630 5583 741 5652 (79)
780 5581 912 5635 Cod.
943 5584 1006 5634 Α.
1046 5569 1519 5652 ιεμιιῖοηεγττηιγ,
1549 5568 1641 5652 τι..

627 5638 741 5723 (80}
779 5652 1044 5721 Janpltus
1070 5649 1204 5703 Bell.
1228 5638 1358 5699 Jut't.
1386 5645 1471 5698 lib.
1503 5656 1577 5705 γι,
1610 5638 1699 5691 ιι.

2293 5552 2403 5623 (Si)
2422 5548 2778 5623 Praecedentia
2805 5540 3131 5623 atlamussim
3154 5544 3281 5591 sunt
3308 5534 3358 5614 in
3386 5531 3602 5608 Syriaca
3620 5522 3791 5578 Theo-

2224 5606 2444 5695 phhnt’h.
2474 5620 2606 5674 item
2634 5619 2775 5688 quod
2812 5614 2969 5684 paulo
3010 5620 3131 5679 post
3178 5606 3632 5677 sequiturﬁauta
3668 5609 3793 5661 συγ-
