4098 6200
344 286 519 343 653·

1095 403 1148 455 l'.

421 487 557 545 Εἶτα
590 489 871 561 μεθίστησι
905 494 1029 555 τοὺς
1059 492 1247 561 λόγους
1274 494 1302 545 ὁ
1331 492 1534 564 Κύριος
1564 494 1656 546 ἐπὶ
1692 495 1781 547 τὸν
1814 495 1913 564 τῆς

349 583 659 646 συντελείας
708 584 914 654 καιρὸν,
946 585 1039 637 καί
1093 602 1259 654 φησι·
1314 587 1423 639 Καὶ
1472 586 1641 640 ἐσται
1700 586 1915 654 σημεῖα

349 675 591 742 ἐνὴλίῳ
635 673 729 727 καὶ
785 672 1015 742 σελήνῃ
1072 674 1171 727 καὶ
1228 674 1490 744 ἄστροις.
1540 675 1912 746 Συγκεχῦσθαι

351 766 499 819 δοκεί
527 764 594 818 τὰ
618 766 714 836 τῆς
740 765 880 819 κατά
907 765 1005 837 τὴν
1036 766 1179 834 λέξιν
1208 767 1545 835 ἀκολουθίας,
1596 768 1685 822 διὰ
1729 769 1790 822 τὸ
1838 768 1914 841 μὴ

352 857 651 912 διεστάλθαι
673 858 1065 929 ἀφωρισμένως
1093 860 1161 913 τά
1189 876 1246 913 τε
1293 860 1422 932 περὶ
1450 861 1554 931 τῆς
1600 858 1915 933 πολιορκίας

352 949 444 1003 τοῦ
486 950 644 1002 τόπου
678 948 994 1019 λελεγμένα,
1026 950 1119 1003 καὶ
1150 950 1217 1003 τὰ
1267 952 1395 1022 περὶ
1442 953 1539 1023 τῆς
1606 952 1914 1017 συντελείας

350 1040 442 1094 τοῦ
470 1040 679 1104 αἰῶνος.
709 1042 845 1094 Κατ’
877 1041 1183 1111 οἰκονομίαν
1210 1042 1265 1095 δὲ
1295 1042 1403 1112 άρα
1433 1042 1526 1096 τοῦ
1557 1042 1700 1096 θείου
1747 1044 1915 1096 Πνεύ-

352 1148 515 1202 ματος
544 1133 577 1201 ἡ
604 1132 837 1199 ἀσάφεια
878 1131 1065 1200 γέγονε
1090 1172 1104 1197 ,
1142 1133 1471 1204 κρύπτοντος
1525 1136 1778 1207 ἐπίτηδες
1815 1139 1914 1208 τῆς

350 1224 456 1278 τῶν
485 1223 693 1277 πολλῶν
719 1222 969 1291 γνώσεως
998 1223 1063 1277 τὰ
1086 1226 1141 1277 ὲν
1178 1226 1508 1297 ἀπορρήτοις
1536 1228 1761 1282 ὑπὸτοῦ
1811 1231 1915 1282 Σω-

349 1316 512 1387 τῆρος
543 1316 724 1386 μόνοις
767 1318 876 1378 τοῖς
933 1316 1093 1369 αὑτοῦ
1152 1316 1416 1387 μαθηταῖς
1469 1320 1870 1391 παραδεδομένα
1894 1338 1907 1352 ·

346 1407 487 1460 οὕτω
535 1407 713 1459 τοίνυν
763 1405 1215 1475 ἀναγνωσόμεθα,
1239 1406 1314 1468 ὼς
1343 1409 1391 1459 εί
1445 1408 1581 1478 μετά
1630 1409 1914 1480 διαστολῆς

346 1502 528 1571 εῐρητο
584 1498 769 1553 τοῦτον
816 1498 907 1552 τὸν
959 1499 1183 1569 τρόπον·
1228 1500 1362 1570 Περὶ
1416 1501 1515 1570 μὲν
1576 1502 1671 1571 τῆς
1726 1518 1910 1554 συντε-

344 1591 491 1656 λείας
526 1591 620 1645 τοῦ
662 1590 889 1657 αίῶνος,
932 1590 1155 1661 βλέπετε
1211 1592 1283 1661 μή
1321 1608 1404 1654 τις
1459 1591 1600 1661 ὑμᾶς
1638 1592 1908 1665 πλανήσῃ·

346 1682 532 1736 πολλοὶ⁸
580 1682 687 1751 γὰρ
736 1681 1040 1734 ἐλεύσονται
1090 1682 1180 1733 ἐπὶ
1232 1680 1309 1751 τῷ
1357 1681 1577 1751 ὀνόματί
1631 1698 1758 1751 μου·
1818 1683 1911 1735 καὶ

1682 283 1767 336 DE
1806 283 2264 339 THEOPHANIA.

3396 224 3429 253 κ

3471 293 3573 344 654

2754 404 2820 457 Χ.

2085 495 2222 551 Exin
2255 494 2553 549 orationem
2582 497 2844 549 convertit
2893 495 3149 551 Servator
3208 494 3273 549 ad
3334 505 3575 564 tempora

2015 587 2521 647 consummationis,
2558 587 2743 656 aitque
2774 605 2786 639 :
2816 586 2885 640 Et
2915 600 3064 641 erunt
3096 588 3247 658 signa
3278 588 3330 641 in
3360 589 3489 651 sole,
3531 600 3576 642 et

2015 679 2160 745 luna,
2212 688 2260 733 et
2298 679 2459 732 stellis
2482 680 2546 733 ¹⁷.
2578 679 2845 733 Confusus
2884 680 3098 733 videtur
3131 681 3399 734 sermonis
3447 695 3574 733 con-

2017 779 2215 834 textus,
2251 771 2373 839 quia
2425 772 2646 838 praecise
2693 786 2797 825 non
2849 780 2975 825 sunt
3020 772 3296 836 distincta,
3338 786 3459 839 quae
3510 773 3577 824 de

2014 860 2119 916 loci
2149 861 2462 916 obsessione
2495 862 2768 925 dicuntur,
2795 858 2863 917 ab
2896 862 2960 916 iis
2990 878 3107 932 quae
3137 865 3200 917 de
3227 863 3410 917 smculi
3446 878 3575 916 con-

2016 952 2393 1006 summatione.
2434 951 2690 1006 Prudenti
2724 962 2901 1007 tamen
2925 951 3088 1006 divini
3121 952 3354 1020 Spiritus
3384 954 3578 1007 volun-

2018 1052 2125 1099 tate
2160 1048 2273 1099 haec
2311 1046 2616 1100 obscuritas
2652 1046 2869 1112 accidit,
2907 1053 2964 1098 ut
2997 1044 3352 1100 multitudinis
3388 1046 3577 1115 cogni-

2016 1133 2147 1189 tioni
2199 1144 2358 1190 caute
2408 1136 2877 1199 subtraherentur,
2912 1149 3033 1203 qua:
3080 1148 3279 1187 arcano
3323 1133 3576 1187 Servatur

2015 1227 2131 1281 suis
2184 1234 2393 1280 tantum
2443 1226 2721 1297 discipulis
2766 1226 3259 1281 commendaverat.
3306 1226 3397 1280 Sic
3443 1242 3577 1295 ergo

2016 1318 2268 1387 legemus,
2307 1320 2459 1389 quasi
2507 1336 2628 1375 cum
2675 1320 3110 1390 interpunctione
3156 1320 3359 1375 dictum
3413 1318 3575 1373 fuerit

2016 1420 2071 1463 ut
2098 1412 2339 1479 sequitur
2366 1428 2380 1464 :
2412 1411 2485 1466 De
2519 1414 2981 1468 consummatione
3016 1422 3194 1468 autem
3241 1411 3441 1477 saeculi,
3476 1426 3571 1466 ca-

2012 1513 2225 1580 vetepe
2267 1504 2387 1573 quis
2430 1520 2527 1559 vos
2568 1504 2834 1575 decipiat;
2870 1505 3021 1559 multi
3068 1505 3211 1561 enim
3246 1506 3299 1559 in
3350 1505 3566 1561 nomine

2012 1608 2132 1648 meo
2156 1593 2402 1660 venient;
2437 1602 2491 1648 et
2522 1608 2641 1662 quae
2671 1594 2741 1647 ibi
2774 1603 3069 1662 sequuntur
3097 1594 3324 1663 reliqua.
3360 1594 3563 1651 Postre-

2017 1701 2114 1739 mae
2147 1694 2324 1740 autem
2367 1684 2466 1740 loci
2510 1686 2827 1748 obsidionis,
2852 1696 2969 1754 post
3004 1701 3163 1755 quam
3206 1686 3567 1740 restitutionis

343 1772 416 1826 τὰ
441 1773 647 1836 τούτοις
668 1773 935 1842 ἑπόμενα·
969 1772 1096 1844 περὶ
1125 1772 1180 1825 δὲ
1211 1774 1308 1843 τῆς
1338 1772 1647 1843 πολιορκίας
1678 1771 1771 1825 τοῦ
1820 1774 1907 1845 τόέ

2016 1776 2152 1830 nulla
2182 1791 2323 1846 Spes,
2348 1776 2449 1831 hoc
2479 1777 2729 1830 indicium
2759 1789 2878 1830 esse
2908 1777 3065 1831 debet
3093 1794 3106 1829 :
3133 1791 3294 1844 quum
3330 1777 3574 1831 videritis

348 1876 452 1913 που
503 1861 599 1931 τῆς
654 1860 908 1930 ὑστάτης,
945 1860 1063 1931 μεθ’
1110 1862 1174 1931 ἣν
1218 1862 1318 1914 ούκ
1363 1861 1507 1914 ἔστιν
1557 1858 1711 1932 αὖθις
1754 1862 1913 1951 αὐτὸν

2016 1872 2401 1925 circumdatam
2435 1870 2501 1923 ab
2535 1869 2866 1923 exercitibus
2904 1869 3262 1935 Hierusalem,
3301 1879 3431 1923 tunc
3465 1871 3575 1924 sci-

350 1949 928 2020 ἀνοικοδομηθησεσθαι
967 1950 1290 2021 προσδοκᾷν,
1322 1950 1464 2003 τοῦτ’
1489 1950 1631 2021 ἔχειν
1658 1949 1913 2022 ὠφείλετό

2016 1970 2121 2015 tote
2147 1961 2453 2016 vastitatem
2480 1960 2597 2030 ejus
2627 1961 2849 2023 instare,
2880 1962 3105 2028 ideoque
3130 1976 3248 2029 quae
3271 1960 3317 2015 ei
3348 1961 3421 2013 rei
3450 1968 3575 2014 sunt

350 2042 413 2096 τὸ
450 2046 669 2114 σημεῖον
687 2061 699 2072 ·
731 2043 856 2095 ὅταν
915 2042 1065 2111 ἴδητε
1091 2042 1459 2114 κυκλουμένην
1486 2043 1590 2096 ὑπὸ
1618 2043 1726 2096 τῶν
1760 2061 1913 2115 στρα-

2016 2049 2202 2103 idonea
2235 2047 2414 2103 facite.
2451 2049 2689 2119 Denique
2717 2051 2781 2103 de
2808 2050 3129 2104 Antichristi
3154 2051 3297 2104 circa
3323 2066 3576 2104 consum-

351 2136 591 2189 τοπέδων
626 2134 722 2207 τὴν
771 2133 1120 2208 Ἰερουσαλὴμ
1144 2175 1159 2199 ,
1200 2135 1322 2189 τότε
1364 2134 1536 2205 γνῶτε
1580 2136 1661 2188 ὅτι
1693 2136 1913 2206 ἤγγικεν

2016 2142 2305 2194 mationem
2334 2139 2511 2195 surculi
2543 2141 2798 2206 adventu,
2834 2141 2933 2195 hoc
2963 2141 3114 2195 vobis
3142 2142 3230 2194 aio
3256 2159 3268 2194 :
3295 2138 3414 2192 Erit
3454 2150 3577 2191 tunc

350 2228 381 2297 ἡ
409 2228 688 2297 ἐρήμωσις
720 2229 909 2299 αὐτῆς,
940 2229 1033 2282 καὶ
1058 2228 1125 2282 τά
1157 2228 1363 2291 τούτοις
1386 2226 1655 2281 ἀκόλουθα
1682 2230 1913 2280 ποιεῖτε·

2016 2230 2288 2284 tribulatio
2319 2248 2528 2302 magna.
2561 2231 2834 2288 Hactenus
2861 2236 2927 2286 de
2960 2232 3124 2303 hujus
3153 2232 3446 2302 evangelici
3476 2230 3577 2284 luci

349 2322 475 2391 περὶ
500 2320 557 2373 δὲ
582 2320 681 2391 τῆς
714 2320 854 2374 κατά
882 2321 981 2391 τὴν
1023 2320 1329 2373 συντέλειαν
1360 2319 1452 2373 τοῦ
1489 2319 1685 2382 αἰῶνος
1718 2338 1913 2391 παρου-

2016 2332 2198 2391 putata
2229 2324 2566 2379 confusione.

350 2417 464 2481 σίας
495 2416 588 2470 τυῦ
635 2417 1015 2489 ’Δντιχρίστου,
1047 2417 1196 2471 ταῦθ’
1232 2418 1359 2488 ὑμῖν
1388 2417 1551 2486 λέγω·
1562 2419 1773 2471 Ἔσται
1798 2419 1928 2470 τότε
1956 2420 2157 2487 θλίψις
2183 2419 2412 2489 μεγάλη
2432 2436 2445 2450 ·
2492 2419 2660 2474 ταῦτα
2700 2420 2797 2491 μὲν
2840 2437 2904 2473 πε
2915 2420 2965 2491 ρ).
3009 2420 3107 2490 τῆς
3133 2422 3272 2474 κατὰ
3298 2419 3385 2472 τὸν
3416 2418 3579 2471 τόπον

347 2508 701 2581 νομιζομένης
727 2508 1053 2579 συγχύσεως.

418 2602 533 2671 (82)
560 2602 768 2666 Ταῦτα,
806 2601 1040 2671 συγγενῆ
1070 2602 1196 2654 ὄντα
1222 2606 1331 2665 τοῖς
1365 2601 1514 2671 παρὰ
1544 2601 1626 2673 τῷ
1654 2601 1915 2674 Ματθαίῳ

349 2696 406 2747 ὲν
433 2694 509 2764 τῷ
532 2694 645 2765 ὄρει
683 2693 791 2747 τῶν
823 2694 1044 2747 Ἐλαιῶν
1074 2693 1209 2764 πρὸς
1248 2694 1371 2754 τοὺς
1415 2692 1743 2756 ἀποστόλους
1786 2694 1914 2763 περὶ

352 2785 654 2849 συντελείας
688 2785 1157 2857 παραδεδομένοις,
1192 2785 1417 2855 φέρεται
1449 2783 1597 2853 παρά
1630 2784 1707 2854 τῷ
1729 2787 1912 2856 Λουκᾷ

348 2876 423 2939 ὼς
446 2876 706 2948 εἰρημένα
727 2876 944 2946 πρὸτῆς
975 2876 1180 2928 εἰσόδου
1210 2874 1371 2928 αὑτοῦ
1402 2874 1499 2944 τῆς
1538 2874 1909 2946 Ἰερουσαλὴμ,

350 2967 729 3039 ἑνδιατρίόοντι
760 2966 957 3037 μεταξὺ
990 2967 1299 3037 Σαμαρείας
1326 2966 1419 3019 καὶ
1456 2965 1762 3029 Γαλιλαίας.
1823 2970 1904 3018 Δι·

348 3057 533 3114 δάσκει
561 3058 724 3111 δὲδιά
742 3058 944 3112 τούτων
973 3059 1046 3128 μὴ
1072 3059 1181 3111 δεῖν
1214 3056 1669 3129 συναρπάζεσθαι,
1695 3057 1909 3119 εἴποτε,

350 3151 665 3215 ἐπιστάντος
698 3151 792 3204 τοῦ
822 3150 1204 3222 Ἀντιχρίστου,
1260 3149 1524 3221 διατρέχοι
1585 3151 1743 3222 φήμη
1788 3149 1914 3221 περὶ

348 3243 623 3307 αὐτοῦ,ὠς
638 3245 730 3297 τοῦ
762 3242 994 3315 Χριστοῦ
1027 3243 1299 3311 φανέντος.
1327 3242 1419 3297 Διό
1441 3259 1603 3313 φησι·
1654 3242 1786 3295 Ἐὰν
1817 3242 1914 3295 λέ-

350 3353 534 3406 γωσιν
566 3336 725 3405 ὑμῖν,
756 3336 907 3391 Ἰδοὺ
936 3330 1070 3399 ὧδε,
1096 3337 1134 3404 ἢ
1170 3336 1297 3390 ἰδοὺ
1327 3336 1468 3400 ἐκεῖ,
1497 3334 1581 3405 μὴ
1614 3334 1912 3401 ἐξέλθητε,

348 3426 501 3496 μηδὲ
559 3427 838 3496 διώξητε·
905 3426 1161 3483 ἀδύνατον
1224 3428 1331 3499 γὰρ
1392 3428 1574 3481 λοιπὸν
1629 3426 1719 3480 τὸν
1770 3426 1914 3492 ἅπαξ

350 3519 442 3571 ἐπὶ
480 3520 581 3589 γῆς
632 3518 866 3588 φανέντα
918 3519 1077 3572 πάλιν
1127 3520 1185 3572 ὲν
1239 3517 1461 3587 γωνίαις
1510 3518 1614 3589 γῆς
1664 3517 1765 3581 τὰς
1801 3517 1915 3570 δια-

348 3610 538 3681 τριόάς
590 3611 933 3683 ποιήσασθαι.
984 3612 1046 3664 Ei
1104 3607 1196 3665 οὖν
1241 3628 1325 3674 τις
1373 3610 1524 3665 ἔσται
1574 3604 1747 3681 ὧδεῆ
1801 3611 1917 3663 ἐκεῖ

350 3700 779 3773 θρυλλούμενος,
851 3703 924 3774 μὴ
993 3701 1285 3773 ὲξέρχησθε
1350 3702 1541 3772 ὑμεῖς,
1622 3701 1759 3772 μηδὲ
1832 3719 1916 3754 πι-

351 3793 576 3864 στεύητε
636 3797 747 3857 τοῖς
811 3793 1154 3865 λεγομένοις·
1220 3792 1377 3856 ἄλλος
1445 3791 1554 3867 γὰρ
1622 3794 1773 3848 ἔσται
1828 3811 1913 3858 τις

348 3877 539 3950 οὗτος,
595 3887 691 3939 καὶ
747 3886 842 3957 ούχ
900 3888 929 3938 ὁ
987 3883 1190 3955 ἀληθὴς
1252 3884 1516 3953 Χριστάς⁹
1573 3877 1619 3951 ᾧ
1672 3885 1777 3956 χρὴ
1840 3885 1913 3955 μὴ

350 3976 654 4047 προσέχειν.
693 3977 766 4031 Τὸ
813 3976 921 4048 γάρ
961 3976 1212 4049 μέγιστον
1266 3977 1487 4045 σημεῖον
1525 3975 1623 4039 τῆς
1661 3976 1914 4048 δευτέρας

351 4066 442 4121 τοῦ
468 4068 717 4138 Σωτῆρος
740 4068 896 4138 ἡμῶν
930 4068 1224 4139 παρουσίας
1252 4068 1325 4128 ὼς
1345 4065 1596 4138 ἀστραπὴ
1630 4066 1915 4137 έσται,ούχ

349 4159 509 4229 ὁμοία
541 4161 659 4221 ταῖς
688 4159 906 4223 πολλαῖς
930 4159 1021 4212 καὶ
1052 4160 1109 4213 ἐν
1143 4160 1300 4229 μέρει
1335 4157 1425 4211 τοῦ
1459 4158 1652 4221 παντὸς
1683 4158 1770 4211 ἀεὶ
1792 4174 1916 4226 φαιο

350 4250 617 4320 νομέναις,
665 4249 799 4304 ἀλλά
845 4268 926 4314 τις
955 4249 1226 4313 ίδιάζουσα
1271 4250 1365 4303 καὶ
1398 4247 1542 4320 ξένη,
1600 4248 1690 4303 τὸν
1740 4248 1915 4301 πάντα

2094 2600 2240 2663 Haec.
2298 2607 2522 2668 cognata
2572 2598 2676 2652 illis
2724 2614 2842 2668 quae
2898 2600 3035 2668 apud
3084 2600 3391 2654 Matthaznm
3426 2601 3467 2631 "
3522 2602 3575 2654 in

2018 2696 2199 2745 monte
2244 2687 2517 2742 Olivarum
2565 2688 2818 2741 dicuntur
2851 2689 3105 2753 apostolis
3127 2691 3191 2743 de
3231 2691 3412 2743 mundi
3447 2690 3574 2755 fine,

2017 2781 2155 2850 apud
2188 2778 2447 2833 Lucam"
2484 2788 2773 2831 narrantur
2806 2794 2905 2833 ceu
2939 2780 3078 2834 dicta
3113 2790 3237 2834 ante
3272 2782 3575 2850 ingressum

2018 2874 2071 2928 in
2104 2874 2293 2927 urbem
2329 2870 2694 2936 Hierusalem,
2732 2880 2977 2926 morante
3017 2870 3139 2926 Jesu
3192 2873 3332 2928 inter
3384 2873 3576 2929 Sama-

2018 2964 2154 3019 riam
2190 2972 2245 3018 et
2294 2962 2590 3017 Galilaeam.
2641 2961 2806 3015 Docet
2852 2973 3026 3017 autem
3081 2963 3164 3019 his
3214 2964 3413 3030 verbis,
3468 2980 3575 3019 non

2016 3066 2263 3128 oportere
2294 3070 2617 3127 quemquam
2639 3068 2822 3109 errore
2853 3055 3040 3125 abripi,
3068 3057 3111 3112 si
3146 3056 3453 3127 aliquando,
3498 3060 3577 3113 in-

2015 3158 2191 3205 stante
2220 3150 2543 3204 Antichristi
2574 3159 2833 3219 tempore,
2869 3148 3013 3203 fama
3063 3150 3128 3205 de
3158 3166 3221 3203 eo
3252 3162 3576 3222 pervagetur

2016 3242 2167 3311 quasi
2218 3240 2465 3297 Christus
2514 3242 2844 3312 apparuerit.
2898 3242 3100 3295 Idcirco
3148 3241 3222 3296 ait
3264 3260 3277 3297 :
3314 3240 3373 3297 Si
3434 3245 3576 3298 vobis

2015 3333 2265 3398 dixerint,
2300 3331 2433 3387 Ecce
2487 3334 2588 3397 hic,
2646 3342 2692 3386 et
2728 3350 2841 3386 ecce
2898 3333 3027 3397 illic,
3084 3334 3241 3386 nolite
3298 3334 3370 3383 ire
3416 3352 3577 3393 neque

2014 3426 2277 3477 sectamini
2325 3441 2343 3478 :
2400 3425 2728 3493 impossibile
2780 3425 2922 3479 enim
2960 3433 3060 3491 est,
3093 3440 3212 3480 eum
3266 3428 3355 3497 qui
3408 3429 3577 3485 semel

2015 3513 2068 3568 in
2099 3524 2241 3568 terra
2277 3516 2610 3584 apparuerit,
2645 3531 2835 3571 rursus
2866 3517 2917 3570 in
2950 3515 3156 3586 angulis
3198 3526 3357 3570 terra:
3395 3534 3576 3574 moras

2017 3606 2253 3660 trahere.
2291 3607 2347 3661 Si
2378 3622 2507 3677 ergo
2548 3622 2732 3662 rumor
2778 3607 3013 3672 dicatur,
3071 3606 3199 3662 Ecce
3227 3610 3331 3672 hic,
3375 3620 3422 3663 et
3462 3628 3576 3664 ecce

2014 3700 2148 3764 illic,
2168 3714 2331 3755 noute
2355 3715 2447 3755 vos
2472 3702 2571 3765 ire,
2600 3715 2772 3769 neque
2796 3699 2957 3754 dictis
2978 3699 3229 3754 credatis.
3260 3699 3410 3755 Alius
3430 3701 3573 3754 enim

2016 3792 2241 3857 quilibet
2293 3791 2398 3845 erit
2447 3790 2571 3854 iste,
2610 3804 2714 3844 non
2752 3798 2931 3843 autem
2964 3802 3123 3843 verus
3166 3789 3443 3855 Christus;
3489 3791 3576 3845 cui

2019 3892 2299 3951 propterea
2334 3897 2435 3934 non
2460 3891 2542 3935 est
2566 3880 2976 3934 attendendum.
3000 3877 3134 3933 Nam
3158 3881 3368 3950 signum
3404 3883 3578 3938 maxi—

2016 3986 2161 4024 mum
2193 3972 2415 4025 secundi
2446 3971 2712 4025 adventus
2742 3970 3048 4025 Servatoris
3093 3972 3283 4040 nostri,
3323 3981 3577 4042 tanquam

2016 4063 2193 4131 fulgur
2223 4064 2326 4117 erit
2382 4064 2605 4117 minime
2638 4063 2813 4117 simile
2845 4064 2965 4118 aliis
2993 4066 3177 4120 multis
3221 4066 3273 4121 in
3302 4077 3454 4135 parte
3479 4067 3578 4120 ali-

2016 4170 2120 4225 qua
2152 4156 2332 4210 mundi
2362 4157 2770 4224 apparentibus,
2816 4156 2909 4211 sed
2939 4159 3215 4229 singulare
3250 4176 3311 4215 ac
3339 4160 3578 4230 peregri-

2016 4262 2144 4301 num
2190 4257 2351 4316 atque
2400 4248 2709 4301 universum
2756 4250 2940 4303 orbem
2983 4262 3206 4319 repente
3256 4254 3574 4321 pervadens.

351 4343 554 4412 κόσμον
583 4341 791 4412 ἀθρόως
818 4342 1115 4413 πληροῦσα.
1146 4341 1233 4394 Διό
1264 4358 1396 4411 φησι
1419 4357 1431 4369 ·
1475 4338 1913 4408 Ἀστράπτουσα

2017 4336 2137 4391 Ideo
2166 4337 2295 4391 dicit
2320 4351 2334 4389 :
2359 4336 2653 4391 Coruscans
2677 4338 2739 4391 de
2762 4339 2990 4392 subdiali
3013 4342 3063 4393 in
3080 4342 3380 4395 'subdialem
3410 4344 3577 4411 regio-

348 4434 419 4487 ἐκ
444 4433 550 4501 τῆς
574 4435 673 4488 ὑπ’
700 4436 957 4502 οὐρανὸν
984 4438 1069 4501 εὶς
1105 4434 1218 4502 τὴν
1249 4435 1346 4489 ὑπ’
1373 4434 1629 4501 οὐρανὸν
1652 4432 1870 4501 λάμπει
1898 4451 1911 4465 ·

349 4527 537 4592 οὕτως
558 4522 671 4582 οὖν
689 4528 877 4591 ἔσται,
912 4527 1093 4598 φησὶν,
1124 4530 1156 4581 ό
1198 4527 1329 4593 Υἱὸς
1353 4526 1457 4581 τοῦ
1481 4524 1791 4592 ἀνθρώπου
1815 4522 1909 4579 ἐπί

349 4620 651 4688 παρουσίᾳ
729 4619 952 4673 αὑτοῦ·
1022 4620 1201 4673 οὐκέτι
1276 4620 1383 4691 γὰρ
1458 4617 1913 4690 περιϐεϐλημένος

352 4712 531 4783 σάρκα
582 4710 829 4783 φθαρτὴν
886 4710 943 4776 ἐξ
1003 4712 1224 4781 αἵματος
1278 4712 1371 4765 καὶ
1427 4710 1625 4764 ὀστέων
1690 4726 1909 4778 συγκει-

353 4802 523 4873 μένην
563 4802 674 4870 (85)
716 4801 946 4871 βαδίζει,
984 4800 1095 4854 ουῦί
1126 4803 1222 4853 ἐπὶ
1270 4800 1375 4864 γῆς
1432 4798 1657 4868 βαδίζων
1704 4795 1794 4851 οἶά
1829 4816 1911 4863 τις

352 4892 528 4957 κοινὸς
594 4894 874 4965 ἄνθρωπος
951 4895 1242 4967 ὀφθήσεται
1271 4935 1285 4959 ,
1356 4891 1469 4946 ἀλλ’
1542 4891 1575 4951 ἦ
1650 4892 1916 4963 ὲκλάμψει

350 4982 470 5045 ὅλος
529 4982 597 5036 δι’
646 4983 806 5049 ὅλου,
857 4983 921 5036 τὸ
966 4982 1081 5051 φῶς
1130 4983 1227 5053 τῆς
1279 4982 1442 5036 αὐτοῦ
1503 4980 1751 5050 θεότητος
1806 4983 1916 5042 τοῖς

350 5073 487 5126 πᾶσι
552 5072 796 5136 δεικνὺς,
858 5073 952 5125 ἆτε
1012 5070 1171 5134 αὐτὸς
1232 5069 1305 5123 ῶν
1355 5068 1414 5122 τὸ
1471 5068 1703 5137 φωτίζον
1742 5067 1916 5122 πάντα

349 5162 634 5235 ἄνθρωπον
690 5164 979 5235 ἐρχόμενον
1037 5164 1115 5226 είς
1169 5160 1259 5213 τὸν
1310 5162 1528 5232 κόσμον.
1583 5159 1769 5223 Οὕτως
1822 5156 1916 5214 οὖν

356 5280 546 5334 "Luc.
591 5296 702 5344 ut,
740 5281 829 5334 25.
908 5280 951 5312 ¹⁸
996 5279 1338 5339 Μειιιιιλκιν,
1372 5277 1425 5330 3.
1469 5278 1510 5307 "'
1540 5276 1674 5330 Luc.
1708 5292 1841 5341 xvn,
1871 5278 1961 5335 25.

353 5377 506 5447 γενῆ.
539 5386 668 5456 etc.,
701 5376 1014 5429 nominatim
1041 5375 1234 5455 dicitur
1261 5373 1312 5425 in
1336 5374 1521 5425 codice
1639 5371 1675 5425 f.
1704 5372 1829 5437 9.53,
1856 5374 1912 5455 Ι),

356 5464 416 5522 ex
454 5447 669 5522 Eusebii
696 5446 737 5499 Τ
740 5446 1040 5522 heopltunia:
1073 5444 1209 5522 libro
1238 5452 1453 5511 quarto.
1482 5442 1583 5509 Qui
1612 5452 1789 5522 autem
1812 5444 1913 5522 inc

358 5516 863 5585 interiacettractus
882 5512 996 5568 εἶτα
1019 5514 1326 5585 μεθίστησι,
1348 5523 1480 5576 etc.,
1498 5527 1619 5567 cum
1645 5512 1696 5566 in
1728 5514 1913 5585 codice

360 5587 420 5637 Α.
472 5589 507 5638 Ι’.
556 5584 686 5649 270,
738 5586 958 5641 omnino
992 5583 1349 5638 connectatur
1398 5597 1519 5637 cum
1574 5583 1912 5649 pracedente

362 5654 972 5727 πληρωθέν,εἰάοιῃιιυο
1002 5654 1229 5708 Eusebio
1275 5653 1623 5727 inscribatur,
1658 5652 1911 5727 nullaque

364 5721 758 5796 intercapedine
781 5721 1109 5795 sejungatur,
1156 5738 1380 5795 prorsus
1405 5737 1434 5779 λ
1484 5722 1756 5796 ηοὺίῌιίο
1782 5721 1907 5791 poni

2020 4446 2155 4483 nem.
2192 4426 2281 4482 Sic
2308 4430 2423 4493 erit,
2452 4429 2645 4497 inquit,
2672 4427 2845 4482 Filius
2872 4432 3095 4484 hominis
3123 4432 3175 4485 in
3206 4432 3429 4486 adventu
3456 4452 3575 4490 suo.

2018 4519 2230 4574 Etenim
2277 4520 2418 4574 haud
2466 4520 2579 4589 jam
2626 4521 2965 4590 corruptibili
3025 4537 3186 4576 carne
3236 4522 3473 4591 indutus,
3523 4538 3577 4579 et

2017 4611 2278 4681 sanguine
2306 4613 2624 4682 ossibusque
2654 4623 2972 4681 compactus
3007 4614 3280 4684 procedet,
3312 4631 3491 4686 neque
3523 4618 3575 4672 in

2020 4714 2162 4759 terra
2199 4704 2479 4759 ambulans
2511 4719 2658 4759 more
2688 4705 2992 4761 communis
3025 4706 3260 4762 hominis
3286 4710 3579 4780 conspicie-

2021 4801 2129 4861 tur,
2158 4796 2251 4852 sed
2280 4796 2585 4852 coruscabit
2620 4804 2765 4852 totus
2792 4812 2886 4867 per
2913 4806 3101 4864 totum,
3127 4798 3427 4854 divinitatis
3466 4816 3578 4856 sua

2020 4889 2199 4945 lumen
2243 4892 2453 4947 cunctis
2492 4894 2805 4957 ostendens,
2839 4905 3003 4959 quum
3038 4893 3109 4947 sit
3159 4895 3273 4963 ipse
3306 4895 3397 4963 qni
3455 4896 3577 4950 illu-

2019 4978 2187 5032 minat
2218 4994 2430 5033 omnem
2483 4979 2753 5034 hominem
2786 4979 3084 5033 venientem
3132 4979 3186 5033 in
3241 4981 3384 5034 hunc
3423 4997 3576 5034 mun-

2019 5068 2169 5123 dum.
2193 5068 2282 5123 Sic
2303 5071 2527 5141 itaquea
2551 5072 2703 5127 nobis
2729 5086 2787 5126 se
2825 5086 2947 5128 esse
2967 5071 3381 5141 exspectandum
3399 5072 3571 5126 docet.

2018 5159 2171 5226 Quod
2206 5161 2251 5215 si
2283 5162 2334 5216 in
2373 5173 2517 5218 terra
2555 5165 2737 5219 dicant
2769 5165 3022 5234 aliquem,
3062 5162 3146 5218 vel
3196 5163 3359 5219 fando
3390 5165 3575 5218 audia-

2011 5370 2218 5435 debuit,
2250 5369 2365 5441 sive
2406 5385 2594 5439 reapse
2642 5370 2708 5425 ad
2752 5369 3138 5436 Theophaniam
3180 5370 3469 5441 pertineat,
3514 5380 3574 5426 ut

2011 5442 2243 5502 videtur,
2270 5439 2384 5494 sive
2415 5443 2481 5493 ad
2506 5441 2979 5494 commentarium.

2373 5510 2439 5562 Α.
2532 5509 2658 5563 255.
2689 5510 2891 5589 h._Syr.
2927 5508 3015 5574 IV,
3042 5510 3135 5589 35.

2078 5579 2348 5650 (εἴηῆοο
2411 5579 2641 5633 refertur
2677 5581 2755 5650 ad
2813 5579 3405 5650 incorruptibilitatem;
3465 5597 3573 5637 non

2007 5653 2149 5719 quod
2185 5649 2445 5705 Eusebius
2483 5658 2635 5718 neget
2658 5649 2857 5707 Christi
2881 5649 3100 5707 carnem
3124 5652 3178 5706 in
3208 5656 3444 5709 secundo
3475 5655 3573 5706 ad.

2010 5730 2193 5776 ventu.
