4088 6198
482 284 601 341 655

1160 282 1426 337 ΕΠΕΕΒΙΙ
1465 278 1941 337 C/ESARIENSIS
1979 277 2057 335 ΟΡ

2171 276 2354 332 PARS
2391 277 2479 333 IV.
2520 305 2589 318 -——
2627 276 3051 337 DOGMATICA.

3560 276 3734 335 .656

495 416 582 459 tur
612 420 677 459 ex
719 403 1009 457 multorum
1057 415 1297 466 rumore,
1355 402 1529 470 ipsum
1577 414 1698 454 esse
1744 407 2057 468 praesentem

2166 394 2274 447 δεῖν
2307 394 2608 466 προσδοκᾷν
2640 395 2801 448 αὑτὸν
2832 394 3092 449 διδάσκει.
3119 394 3179 446 EE
3205 388 3263 445 δὲ
3294 392 3386 446 ἐπὶ
3414 393 3516 463 γῆς
3529 392 3735 461 λέγοιτό

492 500 768 553 Christum
810 497 868 550 in
917 494 1154 549 secundo
1201 510 1299 549 suo
1350 495 1631 549 adventu:
1664 492 1798 555 Vos,
1861 492 2057 563 inquit,

480 590 658 646 nolite
671 588 908 650 credere,
926 600 1103 655 neque
1129 584 1197 639 de
1226 584 1347 641 loco
1381 593 1564 640 vestro
1584 583 1814 640 exeatis.

561 866 759 935 Utique
815 862 1145 919 Samaritani
1221 859 1558 923 Dositheum,
1610 856 1701 927 qui
1750 856 2059 911 Servatoris

489 962 632 1018 aetati
670 959 954 1022 successit,
993 956 1313 1026 prophetam
1350 953 1499 1007 illum
1533 965 1652 1005 esse
1694 949 1894 1020 Moysis
1922 949 2060 1003 vati-

488 1054 630 1109 cinio
650 1050 1002 1122 promissum,
1030 1045 1257 1100 ﬁrmiter
1284 1041 1530 1097 arbitrati
1561 1049 1711 1106 sunt;
1740 1041 1878 1094 adeo
1908 1038 2058 1093 frau-

488 1148 645 1200 dibus
672 1144 789 1211 ejus
821 1140 984 1210 capti,
1022 1147 1079 1192 ut
1105 1136 1305 1193 Christi
1340 1135 1458 1189 loco
1491 1133 1795 1187 habendum
1828 1146 2057 1187 censue-

487 1240 616 1293 rint.
648 1236 754 1291 Alii
800 1248 929 1287 vero
958 1299 963 1303 ,
991 1233 1104 1296 ipsa
1145 1228 1525 1300 Apostolorum
1573 1235 1730 1281 aetate
1780 1224 2056 1278 Simonem

490 1344 701 1398 magum
770 1340 1020 1397 magnam
1082 1323 1176 1377 Dei
1236 1322 1490 1375 virtutem
1564 1317 1932 1388 appellabant,
2003 1323 2058 1369 et

486 1422 762 1477 Christum
791 1433 912 1473 esse
941 1416 1203 1485 putabant
1230 1434 1243 1468 :
1279 1422 1391 1468 tum
1429 1411 1520 1465 alii
1560 1410 1764 1480 pariter
1794 1409 1846 1463 in
1879 1408 2057 1477 Phry-

487 1515 571 1584 gia
603 1513 917 1566 Montanum
948 1527 960 1563 :
996 1508 1083 1562 alii
1104 1507 1338 1576 denique
1368 1504 1501 1558 alios
1526 1501 1758 1558 diversis
1798 1500 1930 1554 locis
1956 1501 2059 1554 hac

487 1606 737 1676 Opinione
772 1601 1044 1671 prosecuti
1073 1608 1218 1654 sunt.
1259 1596 1444 1666 Neque
1484 1594 1643 1649 linem
1682 1592 1884 1647 facient
1910 1602 2059 1646 vete-

488 1706 715 1750 ratores.
764 1692 899 1746 Nam
962 1701 1019 1747 et
1063 1690 1152 1745 alii
1188 1689 1369 1759 plures
1404 1684 1666 1755 ejusmodi
1702 1683 2055 1753 exspectandi

487 1801 613 1848 sunt
641 1809 656 1845 :
683 1791 774 1860 qui
809 1803 943 1844 sane
971 1796 1028 1843 et
1051 1785 1151 1856 ipsi
1187 1782 1533 1839 oraculorum
1555 1795 1587 1835 a
1616 1779 1908 1837 Servatore
1941 1780 2060 1835 edi»

486 1894 665 1940 torum
685 1883 971 1939 veritatem
998 1879 1343 1936 confirmant.

1231 1968 1321 2022 XI.

555 2065 666 2119 Par
691 2072 774 2120 est
805 2062 1061 2118 admirari
1093 2075 1189 2115 nos
1219 2061 1488 2113 sinceram
1511 2070 1869 2126 veracemque
1904 2055 2060 2111 indo-

486 2155 592 2210 lem
624 2170 688 2209 ac
715 2154 1109 2225 philosophiam
1132 2149 1473 2219 evangelistae
1503 2148 1764 2203 Matthaei.
1797 2146 1892 2201 llic
1913 2146 2058 2200 enim

451 2249 454 2253 ’
486 2246 825 2314 superiorem
850 2243 974 2296 vitae
1022 2249 1231 2309 partem
1265 2239 1405 2293 haud
1452 2251 1484 2291 a
1529 2246 1712 2291 sancta
1746 2235 2059 2303 auspicatus

486 2335 669 2389 fuerat
697 2333 1055 2404 professione,
1109 2332 1203 2386 sed
1246 2331 1314 2385 ab
1374 2328 1548 2383 ofﬁcio
1579 2327 1846 2382 telonario
1895 2335 2058 2395 atque

486 2431 556 2484 ab
583 2428 822 2482 avaritia:
851 2427 1048 2482 studio.
1077 2424 1260 2494 Neque
1295 2424 1395 2477 hoc
1423 2422 1708 2492 quisquam
1735 2428 2057 2475 caaterorum

487 2520 943 2591 evangelistarum
986 2518 1142 2572 nobis
1184 2514 1535 2580 rcvelaverat,
1566 2528 1671 2567 non
1706 2511 1822 2580 eius
1860 2525 2057 2580 coapo-

488 2616 660 2670 stolus
693 2613 953 2677 Joannes,
985 2626 1094 2665 non
1125 2612 1324 2674 Lucas,
1359 2622 1530 2676 neque
1557 2606 1795 2671 Marcus,
1823 2605 1913 2674 qui
1939 2619 2057 2659 cae—-

487 2719 602 2761 tera
632 2705 924 2775 Evangelia
951 2705 1306 2774 scripserunt.
1327 2701 1433 2757 Sed
1454 2700 1628 2755 Lucas
1655 2699 1892 2769 quidem,
1927 2712 2059 2767 sup-

482 2813 680 2870 presso
707 2804 973 2867 praesente
998 2794 1236 2858 nomine,
1279 2794 1557 2863 antiquam
1600 2791 1719 2861 ejus
1746 2789 2057 2860 appellatio-

486 2906 612 2946 nem
684 2889 986 2960 usurpavit.
1060 2887 1259 2942 Verum
1337 2887 1454 2955 ipse
1528 2884 1838 2949 Matthazus,
1900 2897 2054 2937 suam

489 2981 774 3053 divulgans
821 2980 1009 3044 vitam,
1063 2978 1250 3049 suique
1305 2984 1594 3032 accusator
1641 2975 1840 3041 factus,
1891 2974 1958 3029 de
1998 2989 2056 3029 se

2163 504 2247 550 τις
2268 488 2360 539 καὶ
2376 486 2624 540 ἀκούοιτο
2650 486 3042 559 θρυλλούμενος
3066 485 3158 539 καὶ
3190 484 3557 556 φημιζόμενος
3586 485 3738 557 παρὰ

2136 572 2273 643 ’τοῖς
2305 578 2542 645 πολλοῖς,
2564 578 2639 642 ὼς
2668 580 2826 642 αὐτὸς
2854 579 3041 649 παρὼν
3075 580 3103 631 ὁ
3159 576 3392 650 Χριστὸς
3447 576 3588 629 κατὰ
3641 577 3736 648 τὴν

2161 670 2420 742 δευτέραν
2465 670 2627 725 αὐτοῦ
2683 670 3003 741 παρουσίαν,
3052 671 3258 741 Ὑμεῖς,
3308 668 3463 739 φησι,
3529 668 3605 740 μὴ
3650 685 3738 722 πιο

2168 761 2448 831 στεύσητε,
2487 760 2619 832 μηδὲ
2649 759 2944 833 ὲξέρχησθε
2969 759 3061 813 τοῦ
3092 759 3219 813 ίδίου
3258 760 3422 812 τόπου

2236 852 2343 922 (84)
2372 852 2577 905 Αὐτίκα
2600 853 2932 923 Σαμαρεῖται
2958 850 3200 903 Δοσίθεον
3219 848 3357 920 μετὰ
3370 848 3498 912 τοὺς
3515 848 3738 919 χρόνους

2161 945 2253 999 τοῦ
2295 946 2543 1016 Σωτῆρος
2587 944 2896 1015 γενόμενον,
2942 943 3104 997 αὐτὸν
3135 938 3273 996 εἷναι
3310 942 3397 995 τὸν
3432 940 3537 994 ὑπὸ
3576 941 3739 995 Monii-

2164 1038 2299 1100 σέως
2319 1036 2792 1108 προφητευόμενον
2819 1033 3449 1107 προφήτηνξὲπείσθησαν
3472 1050 3486 1063 ·
3525 1034 3738 1105 ἀπατη-

2161 1130 2344 1195 θέντες
2374 1131 2463 1183 ὑπ’
2497 1129 2684 1195 αὑτοῦ,
2730 1130 2805 1193 ὡς
2837 1129 2927 1182 τὸν
2960 1127 3192 1200 Χριστὸν
3230 1126 3391 1180 αὑτὸν
3421 1121 3558 1179 εἶναι
3598 1126 3737 1179 ἀπο-

2162 1224 2448 1294 φήνασθαι,
2504 1223 2683 1276 ’Ἄλλοι
2710 1223 2767 1276 δὲ
2798 1222 2937 1276 κατὰ
2967 1224 3093 1284 τοὺς
3118 1221 3343 1293 χρόνους
3374 1219 3481 1273 τῶν
3512 1220 3739 1273 ἀποστό-

2160 1316 2265 1370 λων
2295 1316 2512 1388 Σίμωνα
2559 1317 2648 1369 τὸν
2677 1316 2849 1384 μάγον
2878 1315 2976 1386 τὴν
3020 1314 3258 1384 μεγάλην
3295 1310 3390 1365 τοῦ
3424 1310 3544 1364 θεοῦ
3579 1309 3740 1364 δύνα-

2163 1427 2253 1479 μιν
2283 1409 2529 1474 ἐκάλουν,
2560 1408 2719 1461 αὑτὸν
2736 1404 2875 1459 εἶναι
2902 1405 3223 1477 νομίσαντες
3241 1405 3331 1457 τὸν
3352 1404 3610 1474 Χριστόν·
3644 1402 3740 1456 καὶ

2160 1502 2300 1555 κατὰ
2332 1501 2428 1573 τὴν
2469 1501 2709 1573 Φρυγίαν
2743 1500 2799 1552 δὲ
2837 1498 3115 1553 Μοντανὸν
3158 1498 3369 1569 ἕτεροι·
3410 1496 3642 1566 ἀλλαχοῦ
3677 1495 3739 1550 δὲ

2159 1592 2325 1646 πάλαι
2368 1592 2587 1664 ἑτέρους
2633 1592 2782 1647 ἄλλοι
2816 1593 3150 1662 νενομίκασι.
3201 1591 3311 1643 Kal.
3346 1590 3405 1643 οὐ
3441 1584 3741 1644 παύσονταί

2159 1701 2221 1753 γε
2250 1684 2563 1749 ἀπατεῶνες
2583 1702 2596 1715 ·
2646 1684 2950 1757 προσδοκᾷν
2985 1684 3093 1756 γὰρ
3127 1682 3232 1755 χρὴ
3257 1684 3350 1737 καὶ
3386 1682 3601 1747 πλείους
3632 1699 3742 1737 τοι·

2160 1776 2349 1840 ούτους
2383 1776 2601 1831 ἔσεσθαι
2623 1794 2636 1807 ’
2682 1774 2743 1841 ἐξ
2778 1769 2852 1830 ὦν
2880 1776 2942 1848 δὴ
2976 1778 3071 1831 καὶ
3098 1776 3275 1831 αὐτῶν
3314 1779 3347 1846 ἡ
3377 1775 3605 1848 ἀλήθεια
3630 1774 3740 1830 τῶν

2163 1872 2442 1945 σωτηρίων
2470 1871 2829 1943 προγνώσεων
2850 1874 2949 1943 τὴν
2985 1873 3288 1945 μαρτυρίαν
3317 1872 3559 1943 εἴληφεν.

2902 1968 3002 2021 IA'.

2220 2055 2342 2129 '(85)
2381 2058 2563 2124 Ἀξιον
2619 2058 2899 2131 θαυμάσαι
2951 2059 3013 2113 τὸ
3051 2059 3322 2114 ἄπλαστον
3367 2060 3462 2113 καὶ
3515 2059 3741 2130 φιλάλη-

2160 2149 2252 2212 θες
2277 2145 2429 2220 ἦθος,
2461 2151 2555 2204 καὶ
2576 2152 2675 2223 τὴν
2709 2152 3025 2223 φιλοσοφίαν
3050 2152 3143 2204 τοῦ
3175 2149 3559 2220 εὐαγγελιστοῦ
3589 2151 3742 2204 Ματ-

2160 2238 2313 2293 θαίου
2334 2259 2348 2272 ’
2379 2236 2533 2307 οὗτος
2577 2244 2684 2316 γὰρ
2715 2245 2805 2299 τὸν
2837 2245 3097 2319 πρότερον
3136 2243 3247 2314 βίον
3272 2244 3372 2298 οὐκ
3404 2244 3513 2297 ἀπὸ
3538 2244 3741 2315 σεμνῆς

2157 2332 2440 2407 διατριϐῆς
2467 2337 2710 2410 ὡρμᾶτο,
2742 2340 2806 2391 ὲκ
2836 2338 2892 2391 δὲ
2919 2338 3026 2391 τῶν
3051 2336 3191 2409 ἀμφὶ
3223 2336 3322 2400 τὰς
3369 2334 3628 2397 τελωνίας
3645 2336 3742 2388 καὶ

2159 2424 2468 2492 πλεονεξίας
2495 2430 2882 2499 σχολαζόντων.
2913 2430 3021 2485 Καὶ
3046 2429 3204 2483 τοῦτο
3229 2429 3336 2483 τῶν
3364 2427 3562 2481 λοιπῶν
3586 2428 3746 2497 εὐαγ-

2159 2521 2419 2592 γελιστῶν
2461 2521 2638 2585 οὐδεὶς
2666 2522 2824 2592 δῆλον
2858 2524 2990 2594 ἡμῖν
3030 2523 3301 2594 ἐποίησεν,
3332 2522 3430 2592 οὐχ
3460 2524 3489 2575 ὁ
3511 2521 3743 2574 συναπό-

2161 2614 2343 2678 στολος
2397 2613 2561 2667 αὑτοῦ
2606 2614 2881 2684 Ἰωάννης,
2913 2615 3037 2667 οὐδέ
3074 2631 3136 2683 γε
3166 2615 3399 2681 Λουκᾶς,
3430 2614 3562 2667 οὐδὲ·
3581 2612 3742 2684 Μάρ-

2159 2724 2273 2773 κος,
2311 2708 2360 2759 οί
2400 2706 2508 2759 τῶν
2549 2706 2750 2760 λοιπῶν
2776 2707 3123 2776 Εὐαγγελίων
3168 2708 3530 2777 συγγραφεῖς
3569 2706 3683 2759 ἀλλ’
3712 2707 3745 2760 ό

2161 2797 2259 2869 μὲν
2296 2798 2511 2861 Λουκᾶς
2550 2798 2944 2867 συγκαλύπτων
2976 2800 3036 2852 τὸ
3075 2799 3267 2865 ὄνομα,
3312 2801 3378 2870 τῇ
3415 2798 3746 2871 ἀρχαιοτέρα
3834 2828 3835 2831 η

2158 2890 2497 2962 προσηγορίᾳ
2520 2893 2892 2962 κατεχρήσατο
2912 2910 2925 2922 ·
2952 2891 3113 2955 αὐτὸς
3139 2891 3195 2945 δὲ
3217 2890 3493 2955 Ματθαῖος
3515 2892 3605 2944 τὸν
3624 2892 3744 2944 ἑαυο

2156 2980 2250 3035 τοῦ
2284 2982 2613 3053 στηλιτεύων
2645 2984 2778 3054 βίον,
2815 2985 2909 3038 καὶ
2949 2986 3251 3056 κατήγορος
3290 2984 3485 3038 ἑαυτοῦ
3528 2984 3744 3054 γινόμε-

487 3075 806 3132 nominatim
842 3073 895 3127 in
918 3070 1136 3141 proprio
1164 3068 1438 3124 volumine
1470 3069 1543 3122 ita
1572 3067 1764 3123 scribit
1796 3083 1809 3118 :
1843 3066 1910 3120 Et
1934 3083 2053 3121 cum

2162 3092 2267 3139 νος,
2320 3076 2579 3146 ὀνομαστὶ
2611 3077 2773 3141 αὐτὸς
2808 3076 3004 3131 ἑαυτοῦ
3052 3077 3418 3149 μεμνημένος,
3454 3079 3510 3130 ὲν
3551 3076 3630 3148 τῷ
3665 3078 3745 3130 ol-

488 3168 733 3222 transiret
764 3164 885 3219 inde
915 3162 1094 3227 Iesus,
1126 3160 1259 3216 uidit
1294 3161 1555 3214 hominem
1586 3160 1844 3213 sedatum
1880 3158 1936 3211 in
1978 3166 2057 3211 te-

488 3261 651 3325 lonio,
700 3256 1010 3313 ΜαιιΙιαηιηι
1046 3254 1253 3309 nomine
1294 3253 1361 3308 *°.
1408 3252 1613 3318 Quibus
1650 3251 1830 3307 verbis
1863 3250 2058 3305 vulnus

491 3365 655 3417 ειιιιιιι⁵
682 3348 995 3414 accusabat,
1048 3354 1109 3401 ut
1159 3344 1424 3401 medentis
1470 3354 1643 3399 artem
1683 3343 2055 3398 admirareris.

440 3432 453 3457 '
487 3442 805 3511 Rursusque
833 3453 1063 3511 pergens
1112 3436 1359 3502 ulterius,
1393 3444 1448 3492 et
1481 3436 1783 3504 catalogum
1819 3435 2059 3504 discipu-

488 3535 664 3590 lorum
696 3546 1042 3609 percensens,
1075 3529 1190 3600 ipse
1216 3528 1318 3584 sibi
1346 3527 1618 3598 publicani
1656 3541 1850 3583 nomen
1886 3527 2059 3595 impo-

488 3629 589 3692 nit,
618 3624 1119 3695 proptereximiam‘
1142 3636 1292 3677 suam
1317 3620 1612 3677 bonitatem
1638 3620 1778 3674 haud
1804 3620 2060 3675 dissimu-

488 3720 610 3774 lans
635 3715 932 3788 superioris
961 3715 1086 3769 vita:
1115 3727 1305 3783 genus,
1336 3721 1392 3766 et
1431 3710 1809 3781 peccatoribus
1835 3726 1895 3767 se
1924 3724 2057 3765 con-

492 3818 763 3874 numerat,
801 3822 966 3877 seque
1012 3804 1305 3861 secundum
1341 3813 1463 3874 post
1501 3803 1872 3874 coapostolum
1925 3801 2059 3857 scri-

386 3926 389 3929 ·
487 3905 585 3959 bit.
619 3900 754 3955 Nam
794 3916 853 3955 se
885 3897 1204 3955 combinans
1229 3911 1350 3952 cum
1378 3896 1605 3963 'l'boma,
1632 3907 1691 3951 ut
1734 3911 1854 3951 cum
1897 3895 2059 3950 Petro

448 3991 806 4058 ‘Andreaml,
851 4003 972 4043 cum
1021 3986 1221 4042 Jacobo
1274 3986 1568 4045 Joannem.
1629 4002 1754 4042 cum
1813 3985 2059 4054 Philippo

492 4081 966 4147 Barthotomzeum,
1015 4080 1118 4135 sibi
1148 4080 1361 4152 quidem
1406 4079 1673 4135 'Thomam
1699 4078 1961 4149 praeponit
1990 4080 2057 4144 ι’,

491 4174 783 4246 praeferens
840 4174 939 4230 sibi
982 4173 1126 4229 hunc
1172 4172 1542 4243 cuapostolum
1569 4172 1724 4237 quasi
1767 4171 2056 4242 potiorem,

490 4284 616 4326 cum
665 4267 858 4339 reliqui
890 4266 1234 4339 evangelista;
1287 4280 1447 4322 secus
1484 4265 1734 4323 fecerint.

559 4545 663 4600 Per
696 4546 795 4600 hos
824 4554 1005 4600 autem
1041 4544 1287 4599 homines
1317 4543 1655 4615 polytheismi
1696 4556 1855 4598 error
1896 4542 2056 4613 paulo

490 4646 613 4706 post
638 4652 864 4693 eversus
895 4638 1014 4703 fuit,
1045 4638 1249 4708 Deique
1276 4652 1499 4707 regnum
1519 4635 1771 4692 omnibus
1793 4636 2060 4706 priedica-

495 4738 607 4782 tum
637 4728 704 4781 “.
735 4724 972 4797 Ideoque
1015 4727 1257 4799 oportuit
1307 4742 1405 4783 nos
1462 4741 1530 4782 ne
1585 4726 1804 4781 nomina
1838 4725 2055 4795 quidem

490 4816 704 4874 illorum
738 4819 1005 4888 ignorare.
1044 4818 1280 4873 Primum
1310 4833 1442 4888 ergo
1478 4832 1595 4888 par,
1635 4816 1828 4871 Petrus
1863 4825 1919 4871 et
1947 4817 2060 4870 An-

492 4912 673 4977 dreas,
705 4926 840 4980 quos
885 4911 997 4982 jam
1042 4923 1202 4966 antea
1253 4911 1487 4966 diximus
1541 4911 1839 4980 piscatores
1871 4910 2054 4964 fuisse.

492 5002 739 5056 Alterum
796 5015 892 5071 par
921 5000 1157 5058 Jacobus
1203 5012 1259 5056 et
1303 4999 1561 5066 Joannes,
1592 5002 1755 5057 ambo
1797 5000 2058 5057 Zebedaeo

494 5091 684 5159 geniti,
710 5100 765 5146 et
786 5092 836 5146 hi
864 5090 1109 5147 similiter
1136 5093 1456 5161 piscatores.
1481 5090 1609 5145 Post
1649 5093 1748 5147 hos
1783 5090 2062 5161 Philippus

495 5190 551 5233 et
584 5181 1026 5237 Bartholomzeus.
1062 5182 1320 5249 Quisnam
1366 5198 1495 5236 vero
1546 5193 1603 5236 et
1647 5184 1738 5238 hic
1785 5183 2063 5254 Philippus

495 5273 679 5341 fuerit,
720 5274 957 5330 Joannes
989 5276 1314 5345 evangelista
1358 5274 1517 5329 docet
1539 5275 1606 5339 ’³,
1638 5276 1764 5329 dum
1790 5277 1867 5330 ait
1898 5276 2063 5333 fuisse

562 5389 610 5422 ³⁸
632 5388 825 5444 Mattn.
858 5406 941 5457 IX,
970 5390 1023 5444 9.

563 5501 677 5643 (84%
707 5502 837 5557 Cod.
862 5504 925 5558 A.
958 5505 999 5556 f.
1023 5504 1147 5558 269.
1177 5503 1300 5574 Syr.
1331 5503 1422 5568 IV,
1444 5504 1532 5558 55.

564 5572 656 5643 (85
700 5574 823 5642 Syr.
855 5571 921 5638 V,
954 5574 1040 5627 58.
1062 5575 1384 5628 Nominatim
1410 5575 1532 5628 recil

564 5571 677 5643 (85)
700 5574 823 5642 Syr.
855 5571 921 5638 ν,
954 5574 1040 5627 58.
1062 5571 1384 5628 Nominatim
1410 5575 1669 5628 recitatur
1708 5574 1795 5628 hic
1822 5575 1971 5629 locus
1994 5591 2059 5631 ex

496 5644 710 5700 Eusebii
730 5644 1019 5710 evangelica
1049 5643 1380 5712 Theoimnnia
1403 5645 1455 5697 in
1474 5644 1591 5697 cod.
1626 5646 1690 5697 A.
1713 5644 1750 5698 f.
1766 5646 1833 5700 88
1850 5646 1902 5708 b;
1931 5648 2057 5700 item

494 5718 549 5771 in
568 5712 987 5779 Vindoboncnsi,
1019 5724 1173 5779 prout
1205 5715 1267 5769 ad
1294 5713 1455 5768 Lcum
1482 5716 1698 5784 scripsit
1722 5714 2047 5789 Kopitms‘.

1101 5392 1145 5422 ²¹
1175 5389 1364 5443 Matth.
1401 5406 1455 5454 ιι,
1487 5389 1541 5442 '5.
1618 5391 1663 5421 “
1714 5389 1846 5446 Luc.
1881 5408 1954 5458 v1,
1985 5396 2071 5450 15.

2165 3167 2297 3238 κείῳ
2332 3170 2724 3241 συγγράμματι
2764 3169 2901 3223 τόνδ’
2947 3170 3148 3241 ἱστορεῖ
3195 3168 3286 3222 τὸν
3339 3170 3581 3240 τρόπον’
3633 3168 3741 3223 Καὶ

2165 3260 2444 3331 παράγων
2481 3260 2711 3316 ἐκεῖθεν
2740 3264 2773 3315 d
2810 3262 3048 3329 Ἰησοῦς
3092 3258 3240 3317 εἶδεν
3289 3261 3597 3330 ἄνθρωπον
3641 3278 3748 3316 κα-

2165 3351 2423 3421 θήμενον
2446 3352 2545 3405 ἐπὶ
2582 3354 2646 3407 τὸ
2685 3353 2986 3419 τελώνιον,
3031 3353 3332 3410 Ματθαῒον
3373 3356 3615 3423 ὀνόματι
3638 3369 3652 3384 ⁸
3684 3354 3747 3407 ἐς

2164 3444 2371 3514 λέγχων
2404 3444 2596 3499 ἑαυτοῦ
2633 3446 2692 3498 τὸ
2718 3446 2958 3517 τραῦμα,
2995 3447 3082 3500 ἵνα
3120 3446 3402 3518 θαυμάσῃς
3420 3445 3516 3515 τὴν
3545 3444 3746 3515 τέχνην

2163 3534 2257 3589 τοῦ
2295 3535 2693 3608 ίατρεύσαντος.
2730 3538 2839 3591 Καὶ
2868 3539 3028 3592 πάλιν
3060 3538 3260 3612 προῖὼν
3289 3537 3414 3608 ἑξῆς
3438 3537 3527 3589 τόν
3551 3553 3610 3589 τε
3637 3554 3742 3589 κα-

2164 3630 2388 3698 τάλογον
2442 3630 2551 3683 τῶν
2573 3630 2775 3685 λοιπῶν
2828 3632 3082 3703 μαθητῶν
3116 3630 3590 3704 ἐξαριθμούμενος,
3645 3630 3748 3684 αύ-

2164 3721 2255 3785 τὺς
2286 3721 2464 3794 ἐαυτῷ
2505 3722 2566 3775 τὸ
2600 3723 2693 3776 τοῦ
2727 3724 2958 3778 τελώνου
2998 3725 3351 3797 προστίθησιν
3381 3725 3568 3795 ὖνομα,
3599 3723 3663 3776 δι’
3686 3725 3747 3777 ύ-

2165 3810 2435 3883 περόολὴν
2473 3812 2770 3876 ἐπιεικείας
2818 3814 2893 3884 μὴ
2939 3814 3291 3886 ἐπικρύπτων
3333 3812 3424 3866 τὸν
3479 3813 3747 3884 πρότερον

2166 3903 2356 3957 ἑαυτοῦ
2383 3903 2523 3975 βίον
2564 3903 2659 3957 καὶ
2693 3905 3035 3976 ἁμαρτωλοῖς
3062 3907 3251 3961 ἑαυτὸν
3287 3906 3625 3978 συναριθμεῖ,
3650 3905 3745 3959 καὶ

2165 3997 2258 4050 τοῦ
2292 3996 2686 4051 συναποστόλου
2728 3997 2978 4070 δεύτερον
3012 3998 3201 4052 ἑαυτὸν
3245 3998 3554 4066 καταλέγει.
3614 3998 3747 4050 Συν-

2167 4087 2492 4160 εζευγμένος
2524 4088 2656 4158 γοῦν
2682 4088 2762 4160 τῷ
2788 4088 2977 4161 Θωμᾷ,
3011 4090 3086 4154 ὡς
3130 4090 3335 4160 Πέτρος
3377 4090 3615 4161 Ἀνδρέᾳ,
3651 4088 3746 4143 καὶ

2180 4181 2433 4245 Ἰάκωϐος
2486 4182 2727 4253 Ἰωάννῃ,
2779 4182 3043 4247 Φίλιππός
3095 4200 3154 4236 τε
3189 4184 3284 4237 καὶ
3326 4182 3744 4253 Βαρθολομαῖος,

2169 4274 2457 4344 προτάττει
2484 4272 2677 4326 ἑαυτοῦ
2706 4271 2799 4327 τὸν
2833 4274 3052 4344 Θωμᾶν,
3081 4272 3361 4345 προτιμῶν
3394 4272 3470 4335 ὼς
3502 4271 3746 4341 κρείττο-

2169 4383 2234 4418 να
2263 4366 2355 4420 τὸν
2383 4364 2799 4432 συναπόστολον,
2829 4364 2938 4417 τῶν
2973 4364 3176 4421 λοιπῶν
3212 4363 3605 4435 εὐαγγελιστῶν
3627 4363 3747 4416 τοὺ-

2086 4444 2132 4500 Ῑ)
2160 4456 2370 4512 ναντίον
2400 4456 2796 4527 πεποιηκότων.

2232 4545 2347 4617 (86)
2382 4545 2482 4598 Διά
2510 4546 2573 4615 δὴ
2597 4544 2801 4598 τούτων
2832 4545 2939 4597 τῶν
2968 4544 3178 4614 ἀνδρῶν
3206 4546 3239 4616 ἡ
3284 4545 3541 4608 πολύθεος
3567 4546 3745 4618 πλάνη

2166 4642 2357 4710 μικρὸν
2397 4636 2621 4707 ὕστερον
2661 4638 3007 4710 ἀνετρέπετο,
3044 4638 3078 4708 ἥ
3113 4654 3172 4690 τε
3205 4636 3299 4691 τοῦ
3330 4637 3462 4691 Θεοῦ
3504 4637 3748 4708 βασιλεία

2161 4734 2274 4795 τοῖς
2308 4732 2473 4784 πᾶσιν
2502 4729 2850 4801 ὲκηρύττετο.
2897 4731 2987 4783 Διὸ
3020 4731 3116 4784 καὶ
3149 4730 3459 4799 ἀναγκαίως
3490 4732 3658 4802 ἐχρῆν
3684 4734 3746 4802 ή-

2167 4825 2271 4896 μᾶς
2299 4822 2421 4895 μηδ’
2452 4822 2513 4887 ἐξ
2539 4823 2803 4894 ὀνόματος
2838 4824 3096 4893 ἀγνοῆσαι
3130 4823 3273 4887 τίνες
3303 4819 3442 4894 ἦσαν
3466 4817 3630 4879 οὗτοι.
3678 4825 3746 4879 Ἡ

2162 4917 2260 4988 μὲν
2286 4911 2379 4969 οὖν
2404 4913 2593 4988 πρώτη
2628 4914 2857 4984 συζυγία
2878 4916 3082 4987 Πέτρος
3097 4917 3191 4969 καὶ
3229 4916 3498 4988 Ἀνδρέας,
3528 4916 3619 4981 οὓς
3648 4917 3748 4988 ἔμ-

2159 5008 2391 5081 προσθεν
2418 5007 2762 5079 ἐδηλώσαμεν
2792 5007 2958 5073 ἁλιεῖς
2982 5009 3141 5072 ὄντας
3160 5025 3173 5038 °
3206 5008 3432 5081 δευτέρα
3468 5010 3523 5062 δὲ
3560 5010 3748 5063 Ἰάκω-

2160 5100 2252 5165 ϐος
2281 5101 2375 5155 καὶ
2419 5100 2690 5172 Ἰωάννης,
2724 5101 2891 5171 ἄμφω
2918 5100 3205 5155 Ζεϐεδαίου
3234 5102 3441 5165 παῖδες,
3473 5104 3569 5157 καὶ
3602 5096 3743 5155 οὗτοι

2160 5193 2332 5256 ἁλιεῖς
2359 5211 2371 5223 ·
2421 5186 2554 5264 ἑξῆς
2586 5193 2642 5245 δὲ
2674 5191 2883 5257 τούτοις
2928 5189 2996 5264 ἦν
3044 5193 3303 5257 Φίλιππος
3345 5195 3440 5247 καὶ
3478 5195 3717 5268 Βαρθολο

2166 5290 2323 5355 μαῖος
2347 5304 2360 5317 ο
2399 5288 2484 5350 τίς
2512 5303 2642 5339 ποτε
2677 5286 2733 5338 δὲ
2766 5282 2834 5356 ἦν
2865 5288 2957 5340 καὶ
2985 5280 3137 5351 οὗτος
3164 5289 3192 5339 ὁ
3228 5286 3514 5353 Φίλιππος,
3564 5288 3726 5342 Ἰωάν-

2151 5400 2195 5430 ²³
2221 5398 2381 5454 Joan.
2414 5416 2455 5465 ι,
2489 5400 2579 5454 45.

2168 5511 2421 5588 plendum
2469 5522 2649 5568 autem
2683 5513 2990 5588 βεοφάνους
3033 5531 3132 5585 pro
3191 5516 3541 5588 Θεοφανείας,
3587 5532 3729 5585 reque

2171 5582 2221 5635 in
2247 5581 2569 5678 vaticanum
2596 5581 2835 5653 codicem
2862 5581 3050 5649 atque'
3077 5588 3132 5641 in
3168 5581 3630 5644 Vindobonensetu
3652 5581 3718 5645 “Ir

2170 5661 2355 5789 "5?in
2387 5723 2519 5779 Cod.
2555 5724 2619 5779 A.
2654 5722 2693 5779 t‘.
2730 5724 2800 5781 οι
2823 5728 2891 5793 b;
2949 5725 3074 5793 Syr.
3107 5726 3174 5793 γ,
3203 5729 3294 5783 45.
