4098 6200
385 305 489 363 657

1718 310 1806 365 DE
1848 311 2309 369 THEOPHANIA.

3510 314 3617 368 658

384 446 486 499 νης
512 429 543 483 ό
586 428 971 501 εὐαγγελιστὴς
1001 428 1258 495 διδάσκει,
1290 431 1469 503 φήσας
1496 427 1633 487 εἶναι
1670 434 1831 487 αὐτὸν
1852 434 1957 487 άπὸ

2060 450 2128 489 ex
2158 433 2471 501 Bethsaida,
2505 434 2653 504 quod
2688 434 2916 489 Andreae
2947 431 3202 503 Petriqne
3228 430 3479 501 oppidum
3517 448 3615 485 na-

385 521 661 592 Βηθσαῖδὰ
699 524 764 576 ἐκ
795 523 891 594 τῆς
929 522 1134 586 πόλεως
1176 523 1423 595 Ἀνδρέου
1464 526 1558 579 καὶ
1586 525 1793 599 Πέτρου
1811 544 1825 557 ⁸
1865 527 1959 581 καὶ

385 614 415 667 ό
449 613 844 685 Βαρθολομαῖος
888 614 945 667 δὲ
1000 615 1205 679 ἁπλοῦς
1250 634 1335 680 τις
1366 617 1525 689 ἀνὴρ,
1583 618 1678 673 καὶ
1715 620 1816 690 τῆς
1853 620 1959 673 τῶν

390 704 602 758 πολλῶν
631 704 893 769 συνέσεώς
912 724 971 760 τε
1005 708 1100 760 καὶ
1128 709 1353 780 πικρίας
1375 711 1622 781 εἰσῆκται
1650 711 1921 784 ἀλλότριος
1941 731 1954 744 ’

391 797 486 850 καὶ
517 798 789 861 Ματθαῖος
829 799 887 853 δὲ
914 800 1023 853 τῶν
1054 802 1181 873 περὶ
1206 803 1331 866 τοὺς
1359 802 1590 868 τελώνας
1632 804 1796 859 πάλαι
1826 806 1960 877 πρό-

390 906 547 959 τερον
587 890 968 962 ἡσχολημένων
1002 893 1212 963 γέγονε.
1262 895 1505 949 Τοιοῦτοί
1550 914 1693 960 τινες
1736 892 1875 967 ἦσαν
1912 900 1959 950 oi

392 980 593 1052 πρῶτοι
620 984 859 1053 κήρυκες
901 984 999 1054 τῆς
1029 986 1279 1057 οὐρανίου
1315 986 1606 1056 βασιλείας,
1640 983 1718 1050 οἷς
1753 987 1959 1059 ὑπηρέ-

390 1089 507 1136 ταις
532 1074 623 1127 xci.
647 1074 915 1139 διακόνοις
942 1077 1049 1131 τῶν
1082 1076 1245 1131 αὐτοῦ
1278 1076 1448 1145 λόγων
1468 1079 1495 1131 ὁ
1523 1076 1709 1147 Σωτὴρ
1743 1077 1958 1147 ἐχρῆτο,

390 1164 656 1234 παριστὰς
696 1166 943 1235 αὐτόθεν,
988 1168 1063 1231 ώς
1106 1167 1259 1238 θεῖκῇ
1295 1168 1541 1238 δυνάμει,
1584 1167 1699 1220 ἀλλ’
1732 1166 1794 1219 οὐ
1837 1166 1961 1237 θνη-

383 1255 495 1317 τοῖς
518 1255 914 1328 ἐπιτηδεύμασι⁸
936 1258 996 1311 τὸ
1022 1259 1455 1330 κατορθούμενον
1483 1258 1631 1329 αὐτῷ
1665 1258 1960 1311 συνετελεῖ-

385 1359 464 1396 το.
506 1344 696 1410 Ἄλλος
731 1348 829 1418 μὲν
860 1347 969 1419 γὰρ
1013 1349 1153 1419 τάχα
1179 1349 1278 1421 τῆς
1303 1350 1412 1403 τῶν
1456 1347 1757 1421 ἀνθρώπων
1786 1350 1961 1401 οίκου-

390 1435 556 1506 μένης
588 1439 885 1507 νομοθέτας
912 1441 1005 1494 καὶ
1045 1441 1361 1513 διορθωτὰς,
1391 1441 1672 1505 εὐσεϐείας
1703 1458 1763 1495 τε
1785 1442 1959 1512 κήρυ-

386 1542 489 1589 κας
522 1531 1021 1602 προχειριζόμενος,
1065 1532 1282 1597 πάντως
1312 1550 1413 1587 που
1441 1534 1695 1597 δυνατοὺς
1726 1535 1784 1586 ὲν
1822 1532 1961 1603 λόγῳ

389 1618 491 1673 καὶη
514 1619 659 1692 ἔργῳ
699 1622 836 1693 πρὸς
868 1624 928 1677 τὸ
964 1624 1192 1695 μέγεθος
1231 1625 1324 1679 τοῦ
1373 1626 1694 1697 πράγματος
1734 1624 1957 1689 ἀπιδὼν,

389 1709 683 1783 ἐπενόησεν
719 1713 805 1778 ἂν,
842 1715 1129 1783 ἐπελέξατο
1152 1716 1198 1769 δ’
1228 1716 1293 1770 ἂν
1323 1717 1482 1788 σοφίᾳ
1509 1717 1601 1770 καὶ
1630 1716 1841 1769 συνέσει
1868 1733 1959 1770 κε-

2064 528 2170 584 tale
2198 538 2338 583 erat.
2382 528 2807 582 Bartholomteus
2848 542 2973 581 vero
3016 526 3097 580 vir
3126 524 3379 591 simplex,
3424 523 3617 577 multa-

2062 632 2293 686 rumque
2321 632 2503 673 rerum
2552 618 2867 673 curiositate
2894 627 2951 672 et
2978 617 3228 673 molestia
3280 615 3485 671 alienus
3536 614 3619 667 in-

2065 709 2386 765 troducitur.
2442 708 2729 763 Matthzeus
2762 709 2938 764 fuerat
2964 718 3119 763 antea
3166 706 3499 778 professione
3524 720 3619 773 pu-

2061 800 2330 857 blicanus.
2370 799 2436 853 Hi
2468 799 2617 854 fuere
2657 799 2815 868 primi
2850 799 3084 853 cmlestis
3120 798 3265 866 regni
3319 809 3617 864 praecones,

2062 895 2259 963 quibus
2307 892 2641 961 adjutoribus
2687 901 2849 960 atque
2897 888 3156 943 ministris
3202 888 3455 942 doctrina:
3508 899 3619 939 sua:

2064 986 2323 1042 Servator
2361 986 2643 1051 utebatur;
2678 984 2805 1038 hinc
2864 982 3258 1046 demonstrans,
3300 979 3475 1032 divina
3500 978 3616 1031 vir-

2066 1082 2199 1139 tute,
2227 1087 2331 1127 non
2380 1072 2631 1126 humanis
2660 1070 2947 1124 conatibus
2972 1085 3059 1123 res
3086 1083 3211 1123 suas
3236 1068 3443 1137 perlici.
3486 1066 3618 1119 Nam

2062 1174 2212 1221 certe
2246 1164 2423 1235 quivis
2477 1163 2615 1218 alius
2662 1164 2991 1234 legislatores
3034 1160 3252 1217 humani
3282 1160 3430 1216 orbis
3459 1169 3620 1228 atque

2062 1267 2424 1319 correctores,
2456 1254 2837 1325 religionisque
2892 1267 3172 1325 praecones
3220 1251 3618 1321 designatnrus,

2061 1364 2290 1420 prorsus
2322 1348 2502 1418 lingua
2537 1357 2593 1402 et
2627 1360 2791 1416 opere
2816 1345 3083 1411 valentes,
3123 1354 3362 1415 spectata
3398 1345 3477 1399 rei
3508 1358 3622 1397 ma-

2061 1440 2361 1510 gnitudine,
2414 1439 2757 1510 praetulisset,
2828 1448 2987 1508 atque
3044 1438 3293 1493 homines
3360 1433 3621 1504 sapientia

2063 1532 2447 1600 intellectuqne
2479 1539 2797 1601 praestantes
2819 1530 3125 1599 delegisset,
3144 1528 3229 1583 vel
3246 1527 3438 1583 divites
3464 1536 3624 1594 atque

2064 1623 2321 1692 insignes,
2369 1624 2459 1693 qui
2492 1631 2549 1676 et
2575 1637 2738 1691 opum
2794 1622 3078 1691 largitione
3121 1626 3519 1690 permoverent,
3570 1625 3625 1670 et

2062 1712 2242 1768 verbis
2271 1712 2654 1780 persuaderent
2690 1719 2775 1766 :et
2805 1710 3144 1779 polytheismi
3175 1709 3390 1778 quidem
3422 1716 3622 1761 sectam
3667 1698 3674 1705 ”

392 1775 800 1873 χορηγημένους
828 1775 1045 1878 ἄνδρας,
1078 1805 1111 1877 ἢ
1152 1775 1435 1871 πλουσίους
1455 1775 1566 1860 ’καὶ
1596 1807 1957 1877 εὐσχήμονας,

2065 1800 2335 1869 sapienter
2349 1799 2735 1864 convellerent,
2765 1803 3206 1863 omniumautem
3236 1815 3414 1854 rerum
3437 1809 3624 1851 aucto—

391 1895 518 1958 τοὺς
548 1896 638 1948 ml.
663 1898 957 1968 χρημάτων
981 1899 1159 1953 δόσεσι
1186 1900 1679 1973 προτρεψομένους,
1707 1902 1801 1955 καὶ
1820 1901 1960 1972 λόγῳ

393 1985 676 2052 πείσοντας
698 2006 711 2019 ·
741 1990 833 2043 καὶ
856 1990 952 2054 τὰς
981 1992 1077 2062 μὲν
1104 1994 1231 2064 περὶ
1253 1993 1388 2046 θεῶν
1408 1992 1562 2057 δόξας
1589 1993 1962 2063 ἐπιστημόνως

392 2075 774 2145 διελέγξοντας,
808 2081 907 2150 τὴν
937 2081 993 2134 δὲ
1018 2082 1147 2154 περὶ
1172 2082 1509 2138 τοῦμπάντων
1529 2082 1751 2153 ποιητοῦ
1780 2100 1840 2135 τε
1869 2082 1962 2135 καὶ

390 2167 715 2241 δημιουργοῦ
755 2171 888 2225 Θεοῦ
924 2172 1124 2241 γνῶσίν
1158 2191 1217 2227 τε
1251 2174 1344 2227 καὶ
1385 2173 1662 2229 εὐσέϐειαν
1687 2173 1963 2245 λογισμοῖς

387 2259 779 2326 ἀποδεικτικοῖς
818 2266 1294 2335 παραστήσοντας·
1339 2266 1433 2319 καὶ⁵
1490 2265 1595 2338 πρό
1638 2282 1703 2334 γε
1746 2265 1963 2319 πάντων

388 2349 721 2421 προύνόησεν
753 2351 841 2413 ἂν,
882 2353 1087 2424 μέλλων
1105 2355 1301 2419 αὐτοὺς
1322 2355 1415 2409 ἐπὶ
1440 2356 1548 2410 πᾶν
1588 2355 1737 2419 ἔθνος
1763 2354 1964 2425 ἐκπέμ-

389 2457 529 2507 πειν,
555 2443 825 2513 ἑρμηνέας
847 2446 1027 2509 αὐτοῖς
1055 2446 1499 2519 παραστήσεσθαι
1529 2447 1637 2500 τῶν
1667 2446 1860 2517 λόγων,
1887 2446 1963 2510 ὡς

386 2531 453 2585 ἂν
483 2534 731 2598 ἑκάστοις
755 2534 929 2589 ἔθνεσι
953 2539 1017 2607 τῇ
1046 2536 1223 2590 αὐτῶν
1244 2536 1459 2612 γλώττῃ
1489 2538 1746 2609 ὁμιλοῖεν,
1778 2538 1871 2591 καὶ
1893 2539 1961 2608 τῇ

2066 1893 2143 1946 ris
2169 1893 2518 1947 et'creatoris
2541 1892 2635 1946 Dei
2671 1891 2918 1946 notitiam
2962 1892 3268 1961 cultumque
3291 1892 3625 1945 demonstra-

2071 1983 2193 2039 tivis
2223 1983 2559 2054 argumentis
2584 1982 2912 2039 stabilirent.
2941 1982 2996 2037 ln
3024 1983 3216 2054 primis
3242 1998 3369 2037 vero
3406 1997 3625 2052 operam

2069 2074 2325 2139 dedisset,
2356 2081 2416 2129 ut
2444 2089 2579 2145 quos
2611 2087 2711 2143 per
2734 2088 2919 2128 omnes
2954 2073 3179 2143 populos
3206 2073 3467 2127 missurus
3487 2079 3626 2137 erat,

2066 2166 2146 2221 eis
2190 2164 2505 2220 idiomatum
2553 2166 2880 2234 interpretes
2933 2165 3349 2233 adjnngeret,ut
3386 2160 3629 2232 singulas

2065 2268 2252 2328 gentes
2275 2272 2373 2328 pro
2394 2257 2607 2313 illarum
2636 2270 2887 2312 sermone
2913 2256 3340 2324 alloquerentur,
3358 2253 3629 2308 omnium-

2066 2364 2172 2418 que
2201 2364 2363 2405 aures
2403 2348 2551 2405 notis
2596 2348 2778 2404 verbis
2807 2347 3103 2417 pulsarent.
3138 2346 3245 2402 Sed
3272 2345 3404 2400 nihil
3436 2346 3628 2400 horum

2064 2456 2201 2511 opus
2245 2452 2365 2498 erat
2391 2440 2688 2506 Servatori,
2721 2441 2814 2511 qui
2864 2442 3007 2496 haud
3043 2441 3278 2495 humano
3310 2453 3458 2492 more
3473 2438 3539 2491 ad
3574 2438 3628 2489 id

2066 2535 2339 2605 negotium
2374 2534 2689 2590 accedebat.

389 2622 602 2677 πάντων
630 2625 765 2696 άκοῇ
788 2625 1059 2697 γνώριμον
1078 2629 1433 2700 προφέροιντο
1450 2628 1511 2681 τὸ
1536 2628 1776 2700 φθέγμα.
1812 2625 1950 2681 Ἀλλ’
1988 2624 2057 2678 οὐ
2116 2624 2369 2679 τοιούτων
2406 2624 2590 2696 ἐδέησε
2617 2624 2695 2694 τῷ
2732 2622 2961 2693 Σωτῆρι,
2994 2622 3075 2675 ὅτι
3100 2620 3235 2692 μηδὲ
3276 2619 3629 2691 ἀνθρωπίνως

387 2714 657 2768 ἐπὶτοῦτο
681 2716 861 2787 ὥρμα.

458 2806 567 2879 (87)
607 2807 1002 2879 Ἐϐδομήκοντα
1026 2810 1081 2863 δὲ
1111 2811 1382 2865 άνεδείκνυ
1413 2810 1677 2883 μαθητάς,
1704 2811 1966 2865 όπόσαλέ-

385 2913 545 2966 γεται
575 2896 697 2950 καθ’
730 2896 859 2969 ὅλης
884 2898 981 2969 τῆς
1006 2899 1327 2970 οἰκουμένης
1350 2898 1474 2971 ἔθνη
1496 2898 1779 2969 τυγχάνειν
1800 2915 1825 2931 ἐ
1842 2897 1964 2952 τοῦ-

389 3006 454 3044 το
490 2989 544 3043 δὲ
573 2991 665 3044 καὶ
704 2993 737 3060 ἡ
788 2991 1065 3056 Μωῦσέως
1114 2991 1263 3063 δηλοῖ
1292 2992 1487 3065 Γραφὴ
1531 2992 1623 3045 τὸν
1664 2992 1959 3060 κατάλογον

391 3082 685 3154 ποιουμένη
712 3082 821 3136 τῶν
854 3083 989 3154 μετὰ
1010 3083 1101 3137 τὸν
1136 3084 1514 3156 κατακλυσμὸν
1541 3085 1636 3139 τοῦ
1665 3084 1787 3137 Νῶε
1808 3101 1960 3153 γενο-

394 3173 569 3246 μένων
608 3174 841 3228 παίδων·
874 3174 933 3239 ἐξ
964 3167 1038 3229 ὧν
1066 3176 1191 3240 τοὺς
1220 3176 1427 3241 πάντας
1473 3176 1839 3248 ἑϐδομήκοντα
1863 3194 1962 3245 φυ-

392 3282 478 3319 ναι
496 3264 627 3337 (88),
652 3264 746 3329 οὓς
771 3267 1119 3339 προπάτορας
1148 3266 1256 3321 τῶν
1285 3268 1405 3321 καθ’
1434 3269 1559 3341 ὅλης
1582 3270 1681 3339 τῆς
1712 3270 1960 3340 οἰκουμέ-

393 3374 491 3427 νης
524 3356 689 3411 ἐθνῶν
719 3357 873 3427 λόγος
902 3359 1104 3430 ἀληθὴς
1129 3360 1405 3428 γεγονέναι
1440 3360 1654 3430 κατέχει
1678 3359 1809 3432 (89).

1054 3453 1131 3504 13v
1165 3452 1293 3525 (90).

474 3539 665 3612 Ἡμεῖς
694 3542 751 3595 δὲ
776 3544 866 3596 καὶ
894 3544 992 3616 τῆς
1020 3543 1113 3596 τοῦ
1149 3546 1346 3618 Δανιὴλ
1381 3546 1705 3618 μνησθῶμεν
1733 3544 1964 3599 ἐνταῦθα

395 3630 749 3704 προφητείας,
782 3634 869 3688 ἵνα
898 3633 1178 3705 δείξωμεν,
1211 3636 1292 3690 ὅτι
1324 3638 1470 3708 καὶὴ
1509 3638 1791 3708 Ῥωμαῖκὴ
1825 3636 1965 3710 ἀρχὴ

395 3745 444 3776 ’⁵
466 3743 600 3801 Luc.
628 3762 687 3811 χ,
720 3747 769 3801 1.

464 3856 580 3930 (s7)
601 3855 735 3930 Qod.
768 3858 836 3930 L.
867 3859 958 3914 54.
991 3856 1113 3930 Syr.
1144 3858 1210 3927 v,
1242 3860 1333 3915 45.

492 3924 580 3999 88)
608 3924 742 3999 (_Iod.
767 3929 953 3999 φῆναι.

492 3996 593 4069 89'),
614 3996 997 4069 Fragmentum
1031 3999 1365 4069 hocdiserle
1396 3999 1599 4057 citatur
1639 4017 1702 4057 ex
1738 4002 1955 4058 Eusebii

400 4064 751 4141 Ἰξὴὲοριιαηίᾰ
779 4068 834 4141 in
892 4068 1237 4141 codice'_Vat.
1262 4069 1325 4125 L.
1360 4069 1399 4124 l‘.
1418 4070 1497 4141 754
1521 4088 1536 4136 ;
1564 4081 1619 4127 et
1640 4074 1853 4141 quidem
1876 4073 1956 4126 di-

398 4137 539 4190 citur
564 4150 629 4191 ex
681 4138 866 4207 operis
914 4138 1139 4192 secundo
1174 4139 1328 4204 libro,
1382 4140 1428 4194 si
1475 4137 1768 4196 numeralis
1818 4150 1955 4196 nota:

399 4206 778 4274 compendium
831 4217 977 4263 recte
1011 4210 1065 4262 in
1119 4210 1304 4263 codice
1357 4210 1632 4265 scribitur.
1686 4212 1952 4268 Caeterum

398 4290 564 4348 quum
595 4275 647 4329 in
669 4280 909 4348 secundo
940 4278 1081 4348 libro
1116 4287 1338 4348 propter
1366 4292 1744 4344 argumentum
1786 4282 1952 4336 collo—

400 4344 511 4398 cari
549 4357 799 4414 nequeat,
831 4347 935 4402 huc
966 4347 1077 4401 fere
1106 4344 1135 4401 εἶ
1162 4344 1246 4401 me
1269 4350 1694 4405 transferendum
1722 4352 1841 4413 fuit,
1866 4353 1953 4407 ubi

403 4414 456 4467 in
483 4414 699 4485 Syriaca
733 4430 825 4469 seu
869 4417 1090 4485 Anglica
1135 4415 1468 4484 Theophania
1499 4420 1588 4474 lib.
1627 4438 1677 4485 v,
1709 4422 1798 4483 A5,
1839 4437 1954 4475 me-

2143 2804 2496 2878 Septuaginta
2529 2802 2691 2874 elegit
2736 2800 3037 2871 discipulos
3070 2800 3136 2865 “,
3188 2808 3322 2871 quot
3366 2815 3624 2855 nimirum

2065 2915 2164 2969 per
2191 2897 2501 2954 universum
2530 2895 2716 2952 orbem
2740 2903 2925 2964 gentes
2950 2906 3071 2949 esse
3083 2891 3354 2947 dicuntur.
3382 2891 3437 2947 ld
3460 2892 3622 2945 etiam

2065 2991 2265 3063 Moysis
2310 2987 2547 3046 ostendit
2600 2986 2879 3055 Scriptura
2950 2984 3077 3039 dum
3135 2982 3433 3054 catalogum
3491 2986 3624 3038 texit

2063 3083 2265 3140 Noachi
2320 3090 2441 3153 post
2493 3079 2752 3136 diluvium
2793 3077 3059 3142 filiorum;
3109 3090 3172 3130 ex
3229 3075 3421 3146 quibus
3454 3077 3619 3146 geniti

2014 3165 2030 3185 ¹
2064 3175 2245 3231 cuncti
2290 3174 2367 3229 illi
2403 3172 2765 3241 septuaginta,
2800 3182 2935 3238 quos
2976 3166 3350 3236 progenitores
3378 3168 3637 3221 omnium.

2064 3268 2229 3323 .otius
2259 3267 2443 3322 mundi
2477 3263 2719 3334 gentium
2752 3259 3048 3325 exstitisse,
3081 3272 3209 3312 vera
3243 3259 3474 3313 historia
3508 3267 3620 3313 tra-

2062 3357 2156 3412 dit.

2788 3444 2895 3503 Xll.

2133 3541 2241 3597 Nos
2281 3553 2405 3595 vero
2430 3540 2665 3595 Danielus
2691 3540 2854 3593 etiam
2899 3542 3208 3596 vaticinium
3258 3541 3345 3595 hic
3388 3552 3625 3593 comme-

2063 3647 2356 3700 moremus,
2393 3641 2451 3685 ut
2480 3632 2846 3695 ostendamus,
2892 3632 3189 3688 Romanum
3217 3645 3427 3700 quoque
3458 3632 3625 3697 impe-

2066 3860 2436 3925 Ez‘m‘eb’lovﬁ'
2470 3860 2865 3930 Θεοφανείαςε
2901 3860 2978 3927 (at
3009 3860 3060 3913 in
3098 3860 3157 3914 E.
3194 3869 3397 3915 tantum
3435 3864 3625 3919 Εὐσε-

2064 3932 2233 4056 ὄίουί)
2264 3931 2456 3985 littera:
2496 3941 2673 3985 autem
2715 3930 2763 3994 ,ϐ
2808 3931 3190 4000 superponitur
3244 3935 3621 4001 compendium

2064 4016 2195 4056 voca
2236 4000 2308 4054 uli
2330 4003 2472 4056 quod
2503 4011 2607 4056 tam
2637 4002 2809 4056 τρίτῳ
2834 4000 2932 4056 legi
2955 4012 3129 4056 οοιυει
3149 4017 3308 4056 auaui
3330 4001 3618 4056 τετάοτωε

2062 4000 2308 4057 vocabuli
2330 4003 2472 4069 quod
2503 4011 2607 4056 tam
2637 4002 2809 4068 τρίτῳ
2834 4000 2932 4069 legi
2955 4012 3129 4069 potest
3149 4017 3308 4069 quam
3330 4000 3618 4071 τὲτάρτῳε

2061 4080 2116 4126 et
2165 4085 2470 4141 quanquam
2524 4071 2649 4124 olim
2693 4071 2991 4123 existimavi
3040 4073 3088 4135 ﬁ
3139 4073 3369 4139 positum
3418 4089 3512 4137 pro
3535 4091 3619 4129 se-

2061 4140 2235 4196 cundo
2263 4140 2489 4194 ordinali
2518 4154 2761 4211 numero,
2798 4155 2943 4211 nunc
2972 4143 3151 4195 malim
3181 4142 3356 4204 legere
3381 4144 3617 4211 βιϐλίῳ,

2061 4211 2133 4264 ita
2168 4211 2452 4283 utgcitetur
2479 4210 2582 4283 _vel
2617 4210 2809 4283 tertius
2842 4209 2925 4283 vel
2981 4222 3206 4283 quartus
3262 4212 3411 4267 liber.
3446 4209 3620 4283 Atque

2063 4282 2135 4353 ita
2166 4280 2585 4353 existimandum
2620 4286 2702 4332 est
2735 4279 2789 4353 in
2831 4279 3052 4349 reliquis
3104 4298 3316 4351 quoque
3344 4279 3614 4353 fragmen-

2063 4351 2150 4413 lis,
2186 4351 2274 4404 ubi
2304 4350 2442 4403 idem
2494 4350 2868 4420 compendium
2917 4350 3162 4405 vocabuli
3218 4350 3474 4405 occurrit.
3506 4357 3619 4420 Age

2061 4435 2189 4473 vero
2222 4435 2341 4474 cum
2381 4420 2492 4473 haec
2519 4419 2687 4473 altera
2716 4420 3001 4489 l'ragmenti
3032 4437 3156 4488 pars
3187 4438 3251 4475 ex
3281 4419 3616 4489 Tlteophmtia

400 4496 647 4558 moratur
687 4500 789 4539 non
839 4486 1118 4541 duodecim
1160 4487 1540 4556 Apostolorum
1588 4491 1958 4547 tantummodo
1989 4494 2032 4549 Β
2063 4490 2260 4544 diserte
2290 4492 2505 4551 citetur,
2556 4504 2725 4557 caque
2761 4486 2876 4545 sine
2922 4486 3083 4544 dubio
3116 4507 3234 4544 cum
3277 4486 3454 4558 priore
3486 4512 3613 4545 cum

400 4552 627 4629 electio,
656 4570 846 4629 verum
877 4558 1058 4629 _etiam
1123 4552 1465 4629 septuaginta
1523 4561 1907 4629 discipulorum
1940 4580 1954 4616 :

399 4624 551 4699 made
576 4624 657 4677 his
701 4625 970 4699 disciples,
995 4628 1236 4699 notgnly
1282 4624 1363 4681 tlt—e
1411 4628 1587 4683 twelve
1626 4624 1871 4699 apaula,
1900 4648 1961 4685 or

400 4691 735 4766 {@c_seventy
782 4695 1045 4762 disciples.
1084 4691 1307 4751 Videtur
1339 4712 1469 4766 ergo
1522 4691 1879 4754 demonstrari
1928 4716 1959 4755 a

399 4757 660 4837 Vaticano
680 4757 980 4837 fragmento
1011 4780 1311 4837 sermonem
1333 4768 1384 4820 in
1403 4757 1749 4837 ’ΤΙιεορΙιαηὶα
1772 4769 1956 4834 fuisse,

398 4830 558 4902 paulo
592 4830 940 4902 amplioribus
996 4836 1176 4891 verbis
1222 4837 1385 4891 etiam
1429 4837 1495 4891 de
1533 4830 1795 4894 electione
1852 4830 1956 4893 uti

397 4900 816 5023 calﬁcipulor‘um;
846 4906 991 4973 quod
1020 4906 1152 4960 mihi
1190 4916 1338 4961 certe
1364 4922 1682 4977 persuasum
1717 4911 1957 4979 apprime

469 5038 584 5109 (90)
616 5040 1001 5117 Fragmentum
1028 5043 1151 5111 hoc,
1173 5046 1256 5117 ab
1289 5046 1444 5101 initio
1474 5062 1647 5117 usque
1694 5047 1762 5102 ad
1790 5050 1953 5103 verba

400 5110 718 5181 tv‘popeai;
739 5112 1031 5178 ἐδείκνυτο,
1077 5116 1333 5169 recitatur
1362 5116 1461 5171 sub
1494 5110 1709 5172 Eusebii
1741 5118 1956 5173 nomine

400 5127 461 5162 ιν
459 5127 718 5232 ὧιορφαις
739 5127 1031 5178 εοεικνυτο,
1077 5127 1333 5169 recuatur
1362 5127 1461 5171 sub
1494 5127 1709 5172 Eusebii
1741 5127 1955 5173 nomine

400 5193 432 5232 a
507 5180 645 5251 iceta
692 5182 976 5237 Serrarum
1012 5184 1262 5251 episcopo
1299 5188 1348 5239 in
1382 5185 1583 5241 Catena
1618 5203 1716 5241 ms.
1749 5188 1813 5241 ad
1848 5187 1955 5241 Ln-

398 5262 520 5303 cam
552 5250 673 5305 cod.
705 5253 769 5308 Α.
809 5252 846 5306 f.
879 5252 977 5318 l4;
1029 5250 1265 5317 itemque
1313 5263 1456 5308 cum‘
1482 5258 1627 5312 brevi
1657 5260 1756 5312 sub
1785 5257 1954 5312 initiis

400 5334 689 5393 augmento
715 5322 1014 5393 aqMacario
1042 5324 1473 5393 Chrysocepltalo
1506 5327 1555 5380 in
1587 5342 1684 5381 sua
1724 5329 1849 5382 item
1888 5329 1953 5383 ad

399 5385 603 5467 Eucam
629 5406 724 5467 ms.
743 5392 939 5467 Catena
971 5398 1090 5447 cod.
1117 5385 1177 5446 Εἰ
1206 5394 1243 5446 f.
1274 5385 1721 5467 61,7inscriptum
1754 5399 1955 5467 pariter

401 5456 889 5537 Eusebio._Dcinde
919 5463 973 5516 in
1009 5471 1243 5537 _utroquc
1271 5465 1474 5537 codice,
1521 5456 1606 5537 vi'x
1646 5456 1793 5522 brevi
1832 5484 1954 5537 spa-

403 5528 820 5609 tio_interjeeto,
873 5532 1115 5609 sequitur
1143 5528 1284 5609 pars
1322 5528 1488 5609 altera
1523 5536 1804 5609 fragmenti
1835 5528 1952 5609 quae

405 5596 889 5676 ἱηοίρίι-ιξᾩσπερ
919 5596 1096 5671 μέντοι
1138 5596 1227 5656 διὰ
1267 5602 1362 5676 re}?
1394 5596 1952 5676 xpuooﬁfdesinitque

404 5667 470 5719 τά
489 5667 609 5744 κατ’
635 5670 797 5744 αὐτόν
826 5667 1297 5744 οἰκονομουμένης.
1320 5667 1440 5729 Jaﬁi
1470 5667 1609 5731 vero?
1639 5677 1751 5729 lucc
1785 5667 1950 5731 altera

406 5752 527 5804 pars
560 5740 611 5794 in
646 5740 831 5795 codice
859 5741 923 5797 Δ.
966 5744 1004 5796 l.
1056 5740 1140 5809 Η,
1175 5740 1540 5815 ιι,’ρεῖερίςιιο
1585 5746 1899 5802 inscribitur
1934 5763 1947 5799 :

2063 4568 2329 4622 nectatun,
2382 4568 2627 4627 superest
2657 4568 2715 4612 ut
2768 4560 2853 4613 illa
2899 4577 3113 4629 quoque
3158 4562 3304 4628 prior
3338 4563 3401 4613 ad
3452 4561 3615 4616 Tlteo~

2060 4631 2310 4697 pltam'am
2352 4629 2634 4695 pertineat,
2680 4643 2988 4698 quanquam
3036 4631 3247 4685 Eusebii
3282 4640 3485 4684 tantum
3520 4650 3615 4687 no-

2062 4699 2206 4753 mine
2237 4698 2476 4763 titulata;
2507 4713 2666 4766 quam
2703 4714 2814 4753 rem
2843 4702 3118 4754 evidenter
3164 4709 3216 4755 et
3245 4717 3386 4769 saepe
3416 4718 3615 4767 cogno-

2061 4768 2236 4823 vimus
2279 4769 2331 4821 in
2361 4769 2803 4840 praecedentibus
2860 4769 3208 4837 TheOphania:
3274 4768 3613 4840 fragmentis.

2059 4853 2179 4907 quae
2208 4853 2330 4892 cum
2359 4838 2411 4890 in
2456 4839 2733 4892 codicibus
2769 4840 2913 4893 Vatt.
2948 4841 3158 4895 nonnisi
3200 4838 3398 4894 nudum
3455 4841 3616 4896 inter-

2060 4910 2184 4980 dum
2216 4908 2433 4980 Eusebii
2453 4922 2643 4980 nomen
2672 4921 2943 4977 gererent,
2974 4924 3115 4963 nunc
3155 4922 3462 4980 comparata
3490 4928 3611 4966 cum

2060 4978 2194 5047 Syra
2226 4977 2579 5046 Theophania,
2608 4982 2843 5033 membra
2874 4980 3109 5046 ejusdem
3135 4995 3254 5034 esse
3279 4977 3609 5047 compertum

2058 5056 2268 5118 est.r—
2294 5047 2359 5118 Et
2384 5050 2753 5118 praecedentia
2804 5050 3019 5117 quidem
3067 5064 3119 5103 Il
3155 5049 3608 5118 fragmentacum

2059 5116 2663 5189 Syriacai'l'heophania
2710 5116 3025 5188 conspirare
3068 5116 3393 5189 adamussim
3445 5136 3610 5189 propu

2057 5187 2235 5240 omnia
2267 5188 2535 5259 vidimus:
2565 5189 2689 5242 exin
2734 5187 3012 5259 sequentia
3059 5188 3185 5255 jure
3245 5187 3605 5259 nostrofaddi.

2056 5272 2193 5321 mus,
2226 5258 2350 5379 quia
2378 5259 2430 5312 in
2453 5259 2727 5313 codicibus
2752 5258 2897 5313 van.
2926 5269 3119 5327 gerunt
3152 5260 3363 5313 titulum
3396 5258 3609 5314 Eusebii

2059 5325 2227 5379 Theon
2267 5329 2434 5379 anim:
2466 5330 2570 5379 imo
2599 5338 2653 5379 et
2673 5332 2738 5379 ad
2763 5331 3043 5379 Svriacum
3072 5332 3343 5379 exemplar
3366 5332 3609 5379 almum...

2059 5325 2434 5396 Tlteophaniw;
2466 5330 2570 5400 imo
2599 5338 2653 5382 et
2673 5332 2738 5383 ad
2763 5325 3043 5399 Syriacum
3072 5332 3343 5400 exemplar
3366 5332 3610 5400 aliquau~

2053 5401 2122 5471 do
2156 5400 2432 5471 accedunt.
2484 5398 2670 5471 lfionne
2698 5398 2873 5471 enim
2898 5401 3057 5453 etiam
3108 5401 3158 5452 in
3207 5399 3404 5454 Catena
3436 5398 3607 5471 Epist.

2054 5469 2119 5521 ad
2152 5467 2316 5523 Hebr.
2345 5470 2430 5525 ed.
2471 5470 2705 5523 Crntucri
2736 5485 2786 5537 p.
2816 5468 2941 5533 597,
2974 5471 3122 5523 locus
3168 5472 3377 5524 Eusebii
3408 5467 3603 5525 occur-

2056 5539 2145 5611 rit,
2168 5540 2259 5611 qui
2304 5554 2626 5611 non‘parum
2662 5541 2902 5611 congruit
2933 5555 3051 5594 cum
3087 5542 3304 5611 Syriaca
3339 5539 3609 5611 Theopha-

2054 5608 2139 5680 nia
2168 5609 2257 5680 lib.
2293 5622 2379 5680 _ttt,
2408 5608 2508 5660 40?
2536 5608 2814 5662 Εὐσεϐίου.
2877 5611 3093 5680 Ἀμέλει
3126 5608 3200 5665 οὐ
3234 5610 3375 5665 κατὰ
3411 5611 3607 5665 Μωσέα

2052 5676 2213 5743 πλαξὶ
2233 5677 2459 5740 λιθίναις
2486 5680 2610 5741 τοὺς
2638 5680 2800 5733 αὐτοῦ
2834 5676 3026 5751 νόμους
3054 5684 3427 5748 κατεϐάλλετο,
3481 5684 3608 5805 στη-

2052 5745 2166 5805 λαις
2198 5748 2239 5800 δ’
2266 5746 2450 5805 ὥσπερ
2501 5751 2667 5805 lanci:
2711 5753 2825 5805 ταῖς
2866 5754 3046 5805 αὐτοῦ·
3088 5755 3373 5805 γνωοίαων
3410 5754 3554 5805 Φυγα
3580 5768 3607 5805 ς

2050 5745 2166 5809 λαις
2198 5748 2239 5800 δ’
2266 5746 2450 5821 ὥσπερ
2501 5751 2667 5821 ίεραῖς
2711 5753 2825 5816 ταῖς
2866 5745 3046 5807 αὐτοῦ*
3088 5755 3373 5825 γνωρίμων
3410 5745 3607 5825 ψυχαῖς
