4098 6200
492 256 593 311 659

1152 266 1421 325 EUSEBII
1458 271 1931 331 CESARlFﬁSIS
1966 273 2116 331 OPP.
2155 273 2332 330 PARS
2367 272 2455 329 IV.
2494 304 2561 313 —
2600 266 3011 329 DOGMATICA.

3596 268 3698 326 660

493 379 632 460 rium
673 381 892 439 oraculo
937 384 1102 441 fuisse
1135 393 1552 457 praenuntiatum
1580 407 1741 466 atque
1767 413 1795 450 a
1834 397 2040 467 Spiritu
2071 448 2077 459 ,

2176 395 2566 468 εροτεθέσπιστο
2612 396 2703 447 καὶ
2751 392 3089 465 προελαλήθη
3139 391 3217 463 τῷ
3266 388 3573 461 Πνεύματι,
3626 388 3703 451 ὡς

494 469 843 539 praedictum,
901 476 1018 528 fore
1074 478 1331 536 nimirum
1382 494 1439 539 ut
1475 485 1578 540 sub
1624 501 1689 542 eo
1734 496 2049 543 nasceretur

492 556 763 630 Christus,
811 566 902 633 qui
934 566 1165 625 humana
1212 583 1405 630 cuneta
1438 592 1598 646 regna
1632 578 1955 646 destrueret,
1997 589 2050 635 et

437 697 458 715 ,,
494 668 648 705 suum
692 661 1060 723 tantummodo
1111 664 1309 733 ubique
1353 666 1638 734 stabiliret,
1690 670 1841 738 cujus
1873 672 2051 729 nullus

495 739 635 793 foret
667 742 806 796 ﬁnis.
848 745 988 816 Ergo
1014 750 1114 803 viri
1142 751 1532 810 desideriorum
1565 758 1786 813 oracula
1816 759 1915 816 hoc
1944 759 2052 815 fer-

496 847 581 884 me
615 847 985 903 argumentum
1029 840 1349 899 habuerunt.

567 924 1023 990 Quemadmodum
1081 932 1207 988 olim
1259 934 1486 1007 Egyptl
1525 938 1755 1009 principi
1791 942 2053 1011 interpres

497 1027 826 1082 somniorum
866 1032 1073 1086 exstitit
1117 1033 1336 1103 Joseph,
1372 1035 1443 1088 ita
1471 1033 1658 1088 Daniel
1682 1033 2050 1089 Chaldazorum

494 1116 821 1174 dominatori
890 1122 1424 1181 Nabuchodonosoro
1501 1126 1674 1179 visum
1741 1124 2047 1181 declaravit.

497 1208 700 1280 Nempe
746 1213 887 1281 quod
934 1224 1109 1270 statua
1144 1218 1197 1271 in
1241 1218 1444 1273 sonmis
1490 1218 1591 1288 ipsi
1616 1225 1853 1283 ostensa,
1903 1216 2054 1285 cujus

499 1310 658 1368 caput
709 1317 960 1369 aureum,
1009 1315 1192 1374 peetus
1233 1316 1585 1376 argenteum,
1626 1317 1816 1362 venter
1850 1321 2053 1369 aeneus,

501 1393 663 1458 pedes
706 1391 889 1458 ferrei,
934 1404 1169 1464 quatuor
1228 1398 1449 1466 imperia
1510 1397 1860 1467 signiﬁcaret.
1938 1396 2057 1465 Ipse

501 1480 715 1545 quidem
747 1492 909 1551 caput
936 1498 1177 1549 aureum,
1208 1496 1424 1555 propter
1453 1501 1583 1553 opes
1613 1484 1877 1538 maximas
1899 1492 2059 1552 atque

502 1574 722 1630 delicias
750 1592 935 1646 regum
970 1579 1399 1652 Assyriacorum.
1459 1578 1707 1647 Magnum
1739 1586 1918 1631 autem
1955 1575 2059 1629 luit

502 1667 840 1739 Assyriorum
891 1671 1195 1740 imperiunm,
1229 1671 1353 1740 quia
1388 1670 1558 1725 tenuit
1598 1667 1915 1739 Egyptum,
1963 1665 2055 1721 Li-

502 1758 683 1828 byam,
713 1768 766 1814 et
802 1761 1106 1816 universam
1146 1762 1352 1827 Asiam,
1392 1772 1448 1815 et
1484 1774 1654 1828 usque
1702 1759 1769 1812 ad
1809 1757 2057 1811 Indorum
2089 1740 2132 1800 Β

504 1851 776 1919 regionem
806 1852 936 1906 lines
966 1852 1183 1922 protulit
1220 1869 1232 1904 :
1268 1852 1570 1921 mansitque
1600 1848 1773 1920 longis
1796 1862 2060 1902 annorum

429 1934 434 1940 ’
506 1943 768 2009 periodis;
808 1960 929 1997 nam
972 1955 1130 2013 capto
1166 1961 1195 1998 a
1231 1943 1533 1999 Nembrodo
1574 1942 1750 2005 initio,
1795 1954 1968 2009 usque
1997 1940 2063 1993 ad

507 2030 1084 2088 Nabueliodonosorum
1132 2033 1346 2087 devenit
1395 2047 1407 2083 :
1456 2046 1630 2100 neque
1666 2040 1826 2084 antea
1885 2029 2060 2094 desiit,

507 2138 664 2189 quam
704 2124 788 2177 ille
814 2124 909 2177 Dei
945 2124 1140 2191 templo
1181 2123 1672 2193 llierosolymitano
1711 2137 1900 2175 manus
1932 2121 2064 2190 inje-

508 2220 605 2269 cit.
645 2216 754 2271 lloc
776 2224 920 2271 enim
958 2228 1168 2287 patrato
1205 2217 1470 2283 facinore,
1515 2219 1701 2273 statim
1738 2216 1873 2272 Medi
1902 2222 2067 2287 Assy-

510 2308 710 2360 riorum
756 2308 1040 2378 imperium
1084 2309 1477 2375 dissolverunt;
1530 2310 1849 2380 primusque
1894 2308 2067 2378 Cyrus

510 2400 576 2453 ad
619 2399 811 2455 Persas
858 2402 1135 2457 transtulit
1188 2410 1546 2471 potentatum.
1616 2398 1847 2455 Secundi
1908 2400 2068 2467 igitur

509 2502 631 2561 post
656 2494 906 2563 Assyrius
931 2494 1110 2549 Persa:
1145 2496 1263 2548 orbi
1315 2495 1689 2564 imperitarunt
1710 2492 1990 2561 splendide
2016 2501 2069 2544 et

512 2584 704 2653 insigni
738 2600 859 2638 cum
896 2586 1066 2655 gloria
1100 2601 1113 2637 :
1144 2601 1304 2654 quam
1338 2601 1448 2640 rem
1488 2584 1862 2655 signiﬁcabant
1890 2592 2070 2651 partes

513 2675 761 2730 secunda:
823 2676 875 2729 in
931 2685 1129 2739 statua,
1187 2688 1410 2745 argento
1467 2683 1794 2732 constantes.
1857 2674 2070 2730 Tertius

514 2782 643 2821 vero
664 2768 1048 2836 superveniens
1077 2767 1383 2823 Alexander
1410 2768 1627 2824 Macedo
1665 2766 1920 2837 pugnavit
1950 2781 2069 2821 cum

514 2859 676 2914 Persa
707 2859 888 2923 Dario,
925 2874 1099 2928 eoque
1130 2860 1293 2925 victo,
1326 2860 1611 2930 imperium
1652 2861 1717 2913 ad
1749 2858 2072 2913 Macedones

515 2948 748 3003 devolvit
780 2964 795 3002 :
829 2950 990 3017 hique
1018 2949 1267 3017 gentibus
1306 2949 1515 3002 cunctis
1544 2948 1699 3017 potiti
1728 2957 1874 3012 sunt,
1929 2948 2071 3003 tertii

518 3050 638 3107 post
669 3040 888 3107 primos.
914 3039 1303 3107 Signiﬁcabant
1339 3049 1519 3093 autem
1568 3038 1664 3093 lius
1695 3054 1929 3107 quoque,
1968 3048 2074 3091 ter.-

521 3132 608 3185 tiae
655 3140 845 3184 statuae
881 3141 1064 3200 partes
1099 3146 1164 3183 ex
1212 3144 1318 3184 rere
1348 3148 1362 3183 :
1394 3140 1478 3184 est
1517 3130 1659 3183 enim
1708 3128 1822 3183 litec
1853 3128 2075 3183 materia

520 3226 677 3280 valde
712 3226 932 3291 vocalis,
965 3235 1019 3280 et
1078 3226 1236 3295 longe
1288 3224 1500 3292 lateque
1550 3238 1829 3278 resonans.
1885 3222 2079 3292 Hujus—

523 3317 665 3369 modi
696 3315 795 3369 fuit
833 3315 1179 3370 Macedonum
1229 3315 1533 3383 imperium,
1598 3313 1691 3381 qui
1728 3313 1896 3368 Graeci
1927 3320 2081 3367 erant

522 3417 575 3461 et
603 3408 873 3462 idiomatis
901 3408 1289 3476 eanisitioris.
1332 3406 1461 3461 Post
1494 3407 1608 3459 haec
1637 3405 1871 3459 ferreum
1913 3406 2079 3459 deno-

527 3500 736 3553 labatur
762 3499 1070 3568 imperium,
1100 3498 1356 3562 validum,
1386 3508 1441 3552 et
1480 3511 1648 3566 super
1695 3496 1872 3550 omnia
1900 3496 2080 3565 priora

526 3591 878 3645 fortissimum
914 3607 928 3645 :
957 3608 1076 3645 nam
1103 3599 1156 3645 et
1181 3590 1307 3644 ferri
1335 3600 1527 3643 natura
1563 3588 1800 3656 reliquas
1830 3588 2084 3642 materias

525 3685 823 3753 propellere
863 3692 917 3739 et
959 3697 1215 3752 superare
1261 3681 1417 3736 solet.
1464 3680 1748 3746 Quodnam
1803 3694 1931 3732 vero
1979 3679 2083 3733 hoc

528 3787 630 3838 est.
665 3778 764 3830 nisi
794 3777 1158 3831 Romanorum
1202 3774 1507 3841 imperium,
1555 3771 1696 3839 quod
1746 3770 2086 3826 Macedonico

530 3867 824 3921 successit?
873 3865 982 3919 Sub
1018 3866 1119 3919 hoc
1144 3864 1320 3917 ferreo
1347 3863 1573 3930 imperio
1622 3861 1871 3916 Christus
1904 3862 2085 3916 nasci-

529 3969 636 4023 tur,
673 3957 804 4026 lapis
829 3957 893 4012 de
921 3964 1102 4011 monte
1131 3970 1228 4009 nec
1256 3955 1405 4008 ferro
1439 3967 1541 4008 nec
1571 3953 1819 4007 manibus
1842 3952 2083 4008 excisus.

531 4046 656 4100 llaec
696 4061 824 4101 vero
873 4046 1097 4115 imperia
1162 4046 1262 4099 sub
1318 4043 1643 4112 imaginibus
1693 4042 2085 4097 irrationalium

534 4154 904 4208 smvarumque
931 4138 1170 4193 ferarum
1203 4146 1420 4192 ostensa
1456 4137 1728 4207 propheta:
1761 4135 1998 4189 fuerunt.

2148 488 2268 542 κατ’
2297 487 2466 557 αὐτὴν
2501 484 2776 556 μέλλοντος
2803 482 3124 555 γεννηθῆναι
3152 480 3416 560 Χριστοῦ,
3433 480 3490 543 ὃς
3512 477 3701 551 ἔμελλε

2150 583 2327 644 πάσας
2357 580 2456 644 τὰς
2497 582 2555 633 ἐν
2600 578 2902 650 ἀνθρώποις
2953 577 3221 650 βασιλείας
3266 573 3570 643 καθαιρεῖν,
3610 570 3705 624 καὶ

2147 674 2246 744 τὴν
2290 672 2422 726 ἰδίαν
2483 669 2847 723 ἀποδεικνύειν
2897 669 3061 741 μόνην
3116 666 3329 720 πάντων
3377 661 3702 734 κρατοῦσαν,

2150 768 2243 820 καὶ
2270 766 2421 828 τέλος
2460 764 2560 816 οὐκ
2591 761 2997 832 ἐπιδεχομένην.
3028 758 3110 812 Τά
3137 775 3201 826 γε
3238 757 3342 828 μὴν
3380 753 3475 808 τοῦ
3514 752 3707 822 ἀνδρὸς

2149 857 2256 911 τῶν
2288 855 2589 927 ἐπιθυμιῶν
2620 853 2958 924 θεσπίσματα
2980 846 3081 905 ὧδέ
3108 866 3183 919 πη
3216 845 3356 917 εἶχεν
3379 844 3704 906 ὑποθέσεως.

2223 951 2429 1017 ’Ὠσπερ
2473 945 2602 999 ποτὲ
2649 944 2726 1015 τῷ
2765 945 2867 1014 τῆς
2887 942 3160 1011 Αἰγύπτου
3193 938 3410 1009 ἄρχοντι
3441 933 3709 1007 ἑρμηνεὺς

2152 1040 2257 1093 τῶν
2285 1039 2621 1109 τεθεαμένων
2648 1040 2706 1090 ὲν
2747 1036 2933 1097 ὕπνοις
2964 1032 3197 1100 κατέστη
3224 1030 3253 1082 ὁ
3295 1026 3509 1097 Ἰωσήφ,
3539 1025 3712 1087 οὕτως

2152 1133 2180 1183 ὁ
2214 1127 2409 1197 Δανιὴλ
2437 1126 2515 1197 τῷ
2542 1123 2819 1179 Χαλδαίων
2858 1124 3078 1192 ἄρχοντι
3121 1114 3588 1187 Ναϐουχοδονόσορ
3613 1110 3713 1181 τὴν

2154 1221 2273 1290 ὄψιν
2314 1221 2583 1288 διασαφεῖ,
2628 1218 2703 1279 ὡς
2740 1216 2847 1286 ἄρα
2879 1216 2912 1284 ἡ
2960 1212 3119 1266 εἰκὼν
3162 1209 3300 1263 κατά
3343 1208 3470 1269 τοὺς
3515 1204 3713 1265 ὕπνους

2156 1312 2303 1384 αὐτῷ
2345 1311 2589 1383 ὀφθεῖσα,
2621 1305 2688 1382 ἦς
2736 1310 2768 1378 ἡ
2810 1305 3016 1375 κεφαλὴ
3069 1302 3267 1374 χρυσῆ,
3314 1300 3373 1353 τὸ
3415 1297 3472 1351 δὲ
3522 1294 3716 1366 στῆθος

2156 1406 2444 1477 ἀργύρεον,
2489 1406 2522 1474 ἡ
2559 1403 2614 1456 δὲ
2646 1401 2819 1455 κοιλία
2846 1398 3039 1469 χαλκῆ,
3079 1396 3171 1449 καὶ
3203 1395 3252 1446 οἰ
3298 1390 3456 1453 πόδες
3489 1387 3715 1458 σιδηροῖ,

2158 1499 2423 1568 τέσσαρας
2465 1495 2611 1564 δηλοῖ
2654 1491 2948 1562 βασιλείας·
2988 1487 3146 1549 αὐτὸς
3179 1486 3273 1555 μὲν
3314 1483 3459 1536 ἔστιν
3484 1481 3519 1550 ἡ
3545 1477 3718 1568 χρυσῇ

2160 1566 2363 1659 κεφαλῆ
2396 1584 2483 1638 διὰ
2511 1585 2570 1636 τὸ
2604 1579 2968 1653 βαθύπλουτον
2998 1576 3088 1630 καὶ
3119 1571 3389 1645 τρυφηλὸν
3420 1569 3529 1623 τῶν

2172 1657 2471 1748 Ἀσσυρίοις
2519 1671 2989 1745 βεδασιλευκότων.
3035 1664 3257 1733 Μεγάλη
3304 1662 3360 1715 δὲ
3393 1660 3488 1714 καὶ
3514 1657 3653 1728 αὕτη
3683 1658 3717 1728 ἡ

2160 1768 2268 1821 τῶν
2330 1765 2627 1835 Ἀσσυρίων
2679 1760 2949 1833 βασιλεία·
2985 1758 3244 1826 κατέσχον
3290 1753 3398 1824 γὰρ
3446 1751 3721 1821 Αἰγύπτου

2163 1860 2256 1912 καί⁵
2283 1856 2487 1927 Λιϐύης
2527 1854 2706 1916 Ἀσίας
2740 1870 2801 1905 τε
2846 1852 3044 1920 πάσης,
3075 1845 3284 1917 διῆλθόν
3320 1860 3378 1897 τε
3420 1843 3516 1897 καὶ
3563 1842 3724 1913 μέχρι

2161 1950 2261 2019 τῆς
2309 1946 2483 2000 Ἰνδῶν
2535 1944 2892 2013 οἰκουμένης·
2932 1936 3181 2008 διήρκεσέ
3218 1951 3278 1988 τε
3322 1935 3557 2004 μακραῖς
3589 1931 3726 1984 ὲτῶν

2163 2039 2451 2111 περιόδοις,
2482 2034 2761 2107 ἀρξαμένη
2801 2032 2898 2100 μὲν
2937 2027 3044 2083 ἀπὸ
3071 2025 3164 2079 τοῦ
3194 2022 3437 2095 Νεὸρὼδ,
3470 2022 3729 2094 παρατεί-

2163 2148 2295 2185 νασα
2338 2131 2394 2182 δὲ
2435 2129 2527 2180 ἐπὶ
2578 2126 2667 2178 τὸν
2711 2118 3209 2191 Ναϐουχοδονόσορ·
3245 2115 3305 2169 ού
3359 2115 3620 2187 πρότερον
3672 2112 3730 2166 δὲ

2164 2220 2492 2291 ἀπεσϐέσθη,
2527 2219 2560 2288 ἦ
2592 2219 2777 2288 χεῖρας
2824 2214 2916 2266 ἐπὶ
2952 2213 3041 2265 τὸν
3082 2213 3139 2263 ὲν
3182 2207 3568 2281 Ἰεροσολύμοις
3595 2203 3730 2258 νεὼν

2162 2315 2256 2369 τοῦ
2291 2310 2428 2367 Θεοῦ
2465 2310 2664 2382 βαλεῖν.
2700 2306 2900 2359 Τούτου
2940 2305 3047 2374 γὰρ
3081 2301 3391 2371 γενομένου,
3420 2298 3591 2368 Μῆδοι
3623 2313 3732 2382 πα-

2168 2404 2427 2477 ραχρῆμα
2466 2378 2577 2471 ’τὴν
2647 2397 2943 2467 ’Δσσυρίων
3001 2392 3173 2463 ἀρχὴν
3228 2386 3610 2443 καταλύουσιν·
3652 2378 3730 2437 ὧν

2166 2494 2380 2566 πρῶτος
2412 2490 2592 2563 Κῦρος
2635 2492 2714 2552 εἰς
2744 2487 2959 2559 Πέρσας
2993 2483 3357 2555 μετεστήσατο
3398 2478 3495 2549 τὴν
3526 2478 3731 2547 ἡγεμο-

2166 2586 2304 2639 νίαν.
2341 2584 2450 2637 Καὶ
2491 2584 2548 2636 δὲ
2580 2580 2816 2649 δεύτεροι
2864 2576 3000 2648 μετὰ
3034 2572 3348 2642 Ἀσσυρίους
3392 2568 3594 2640 Πέρσαι
3632 2566 3736 2638 τῆς

2167 2676 2487 2746 οἰκουμένης
2520 2672 2759 2741 ἐπῆρξαν
2782 2669 3135 2739 λαμπρότατα
3161 2665 3255 2718 καὶ
3285 2658 3556 2729 διαφανῶς
3575 2676 3586 2690 ·
3612 2658 3642 2711 ὃ
3667 2657 3735 2728 δὴ

2170 2771 2261 2824 καὶ
2288 2768 2475 2839 ἐδήλου
2506 2764 2575 2817 τὰ
2605 2763 2830 2833 δεύτερα
2870 2760 3008 2832 μέρη
3042 2760 3139 2829 τῆς
3173 2756 3377 2818 εἰκόνος
3406 2751 3463 2819 ἐξ
3494 2750 3736 2822 ἀργύρου

2171 2860 2530 2931 πεποιημένα.
2558 2857 2748 2928 Τρίτος
2784 2853 2840 2905 δὲ
2868 2849 3102 2904 ἐπελθὼν
3129 2844 3470 2916 Ἀλέξανδρος
3498 2846 3526 2897 ὁ
3555 2844 3738 2896 Μακε-

2169 2956 2272 3009 δὼν
2304 2948 2597 3022 συμϐάλλει
2633 2946 2731 3016 μὲν
2762 2943 2838 3014 τῷ
2876 2943 3057 3013 Πέρσῃ
3092 2938 3319 3010 Δαρείῳ
3354 2935 3489 2988 ἑλὼν
3530 2934 3588 2987 δὲ
3614 2933 3738 2984 τοῦ·

2176 3064 2286 3110 τον,
2320 3044 2417 3115 τὴν
2444 3039 2614 3112 ἀρχὴν
2643 3040 2722 3101 εἰς
2736 3034 3047 3095 Μακεδόνας
3078 3031 3465 3102 μετεστήσατο’
3490 3025 3583 3079 καὶ
3606 3040 3741 3095 κρα-

2179 3138 2359 3191 τοῦσιν
2394 3130 2536 3187 οῦτοι
2584 3128 2691 3183 τῶν
2740 3126 2907 3180 ἐθνῶν
2950 3124 3200 3178 ἁπάντων
3236 3120 3406 3193 τρίτοι
3455 3118 3592 3188 μετά
3617 3116 3741 3179 τοὺς

2181 3228 2446 3301 πρώτους.
2511 3224 2799 3293 Ἐσήμαινε
2852 3219 2908 3271 δὲ
2944 3217 3050 3287 ἀρα
3097 3215 3190 3268 καὶ
3244 3212 3461 3274 τούτους
3496 3208 3565 3263 τὰ
3587 3210 3744 3280 τρίτα

2185 3299 2321 3391 μέρη
2360 3318 2459 3386 τῆς
2488 3314 2693 3375 εἰκόνος
2724 3310 2813 3364 διὰ
2843 3308 2933 3362 τοῦ
2963 3304 3190 3377 χαλκοῦ’
3216 3303 3454 3373 εὔφωνος
3475 3300 3579 3391 γὰρ
3606 3299 3741 3391 αὕτη

2182 3389 2214 3480 ή
2244 3389 2341 3475 ύλη
2378 3405 2471 3458 καὶ
2512 3400 2723 3473 μακρὰν
2752 3400 2903 3470 ήχεῖν
2932 3395 3217 3465 δυναμένη.
3252 3393 3485 3461 Τοιαύτη
3514 3389 3570 3443 δέ
3598 3405 3679 3450 τις
3706 3389 3741 3458 ἡ

2180 3477 2286 3553 τῶν
2319 3494 2641 3551 Μακεδόνων
2681 3489 2963 3562 ἡγεμονία,
3006 3485 3271 3555 Ἑλλήνων
3300 3484 3465 3536 ὄντων
3502 3480 3594 3533 καὶ
3640 3477 3745 3548 τὴν

2183 3587 2427 3657 γλῶτταν
2453 3582 2853 3652 λογικωτέρων’
2896 3577 2988 3630 ἐπὶ
3028 3577 3083 3629 δὲ
3127 3575 3335 3637 τούτοις
3374 3572 3471 3643 τὴν
3501 3569 3745 3641 σιδήρεον

2185 3680 2402 3751 ᾐνίξατο
2433 3674 2725 3746 βασιλείαν,
2758 3668 3024 3741 κραταιὰν
3065 3668 3155 3720 καὶ
3200 3665 3559 3736 διαφερόντως
3595 3660 3750 3731 παρά

2190 3772 2366 3833 πάσας
2412 3769 2509 3829 τέις
2552 3765 2656 3835 πρὸ
2686 3763 2851 3831 αὐτῆς
2897 3759 3247 3830 ἰσχυροτάτην
3268 3773 3281 3787 ο
3318 3758 3438 3809 ἐπεὶ
3469 3756 3563 3808 καὶ
3588 3756 3623 3825 ἡ
3653 3752 3746 3805 τοῦ

2189 3861 2404 3931 σιδήρου
2442 3858 2667 3926 δύναμις
2714 3851 2952 3905 ἐλαύνειν
2997 3850 3089 3902 καὶ
3132 3848 3387 3919 δαμάζειν
3428 3846 3527 3908 τάς
3558 3842 3750 3906 λοιπὰς

2190 3954 2319 4016 ὔλας
2344 3951 2501 4021 φύσιν
2525 3948 2655 4017 ἔχει.
2687 3946 2781 4008 Τίς
2806 3944 2863 3997 δὲ
2889 3942 3048 4013 αῦτη,
3072 3942 3104 4012 ἢ
3131 3941 3237 3993 τῶν
3274 3938 3558 4009 Ῥωμαίων
3586 3933 3748 4006 ἀρχὴ,

2186 4047 2285 4116 τῆς
2315 4042 2424 4097 τῶν
2461 4038 2781 4095 Μακεδόνων
2820 4036 3133 4089 καταστᾶσα
3166 4031 3431 4099 διάδοχος;
3480 4029 3538 4081 έν
3582 4025 3750 4096 ταύτῃ

2190 4140 2254 4209 τῇ
2288 4136 2478 4205 σιδηρᾷ
2502 4130 2744 4202 βασιλείᾳ
2764 4126 2993 4198 Χριστὸς
3011 4124 3284 4194 γεννᾶται,
3308 4124 3335 4175 ό
3354 4121 3581 4191 τμηθεὶς
3607 4118 3751 4182 λίθος

2190 4232 2248 4295 ἐξ
2275 4228 2450 4299 ὅρους,
2471 4224 2530 4276 ού
2555 4222 2775 4291 σιδήρῳ,
2795 4219 2904 4272 ἀλλ’
2928 4218 3052 4271 ἄνευ
3080 4214 3293 4285 χειρῶν·
3320 4213 3396 4283 τῷ
3420 4213 3475 4266 δὲ
3498 4211 3752 4299 προφήτῃ

2195 4296 2398 4388 θηρίων
2431 4311 2637 4379 ἀλόγων
2662 4326 2720 4360 τε
2745 4307 2839 4360 καὶ
2868 4304 3073 4374 ἀγρίων
3106 4304 3162 4354 ὲν
3201 4303 3431 4372 μορφαῖς
3461 4296 3752 4388 ἐδείκνυτο.

606 4416 756 4471 Sicut
798 4428 929 4468 auro
966 4411 1311 4482 Assyriorum
1361 4425 1491 4480 opes
1524 4410 1954 4479 repraesentavit,
2012 4411 2077 4466 sit

2239 4385 2545 4479 (ὒοθγασπε
2551 4418 2582 4472 ρ
2601 4400 2778 4469 μέντοι
2791 4397 2875 4450 διὰ
2889 4394 2981 4448 τοῦ
2995 4391 3189 4467 χρυσοῦ
3201 4392 3259 4444 τὸ
3274 4390 3633 4461 βαθύπλουτον
3647 4385 3756 4441 τῶν

536 4510 701 4565 lem-na
729 4504 1090 4563 effeminatam
1125 4505 1335 4560 illorum
1379 4504 1701 4573 mollemque
1732 4504 1895 4557 vitam
1929 4504 2096 4559 deno-

539 4600 692 4655 tavit.
726 4599 1009 4653 Persarum
1040 4613 1167 4652 vero
1202 4598 1510 4651 tarditatem
1541 4604 1596 4648 et
1629 4595 1839 4664 pondus
1886 4610 1981 4664 per
2010 4611 2101 4649 ur-

539 4709 672 4769 sam.
714 4692 998 4746 Panthera:
1041 4687 1351 4761 pernicitati
1395 4686 1760 4740 Alexandrum
1820 4700 2102 4754 compara-

539 4786 637 4848 vit,
665 4794 883 4854 propter
940 4783 1138 4838 indolis
1181 4782 1298 4852 ejus
1325 4796 1551 4836 acumen
1606 4786 1661 4831 et
1700 4777 2051 4831 mobilitatem
2083 4792 2097 4830 :

544 4879 630 4932 hic
657 4876 799 4930 enim
832 4891 953 4930 cum
1006 4873 1262 4928 tredecim
1314 4881 1367 4927 et
1428 4870 1643 4939 quidem
1674 4866 1816 4919 haud
1876 4866 2096 4935 integris

543 4973 699 5025 annis
753 4967 1085 5039 regnaverit,
1144 4965 1399 5018 mundum
1465 4960 1776 5014 universum
1825 4956 2097 5019 decurrit,

545 5063 783 5132 qualibet
807 5075 904 5115 ave
942 5056 1237 5120 volucrior,
1270 5054 1537 5122 Europam
1577 5063 1767 5117 nempe
1801 5057 1855 5102 et
1891 5049 2097 5113 Asiam,

547 5156 717 5215 donec
750 5158 920 5223 ipsum
966 5163 1225 5204 oceanum
1264 5145 1464 5209 attigit.
1496 5141 1723 5196 Romani
1756 5152 1938 5193 autem
1997 5138 2104 5191 Ma-

548 5247 782 5299 cedones
826 5241 1056 5310 imperio
1087 5235 1479 5306 spoliaverunt,
1516 5241 1846 5300 postremum
1895 5225 2103 5279 illorum

550 5337 878 5404 deponentes
930 5346 1108 5402 regem
1169 5328 1449 5381 Perseum.
1526 5322 1696 5392 Syros
1748 5330 1964 5387 quoque
2010 5329 2107 5384 per

550 5426 859 5493 Pompeium
913 5434 1076 5494 atque
1136 5419 1426 5477 Gabinium
1485 5416 1649 5469 duces
1708 5412 2105 5479 subjugarunt,

552 5518 842 5585 Asiamque
902 5531 995 5584 per
1068 5512 1281 5569 eosdem
1336 5504 1743 5577 stipendiariam
1838 5500 2105 5554 fecerunt.

552 5636 675 5697 τοὺς
701 5634 861 5688 αὑτοῦ
891 5631 1197 5699 κατέγραψε
1238 5628 1452 5697 νόμους,
1490 5623 1581 5675 καὶ
1614 5618 1891 5691 παρεδίδου
1924 5632 1985 5682 γε
2013 5618 2109 5737 τήν

555 5706 743 5737 ...αιδην
778 5707 1035 5737 imae..-“
1061 5700 1333 5737 Ἰηνιηηηῖρ
1361 5698 1449 5737 νηὶ
1478 5692 1732 5737 summa:
1770 5686 2052 5737 κεκαθαου.
2088 5714 2109 5725 -

555 5686 1333 5777 καινὴνᾼιαθῆκτρίλογισμοῖς
1361 5686 1449 5749 καί
1478 5686 1732 5753 διανοίαις
1770 5686 2111 5754 κεκαθαρμέ-

2208 4475 2501 4568 ’Ᾰσσυρίων
2528 4489 2845 4561 παρίστατο,
2866 4486 3006 4538 οὕτω
3032 4483 3118 4536 διὰ
3146 4482 3245 4551 τῆς
3272 4480 3485 4549 λεαίνης
3509 4476 3571 4529 τὸ
3599 4475 3758 4568 τεθη-

2195 4566 2422 4659 λυμένον
2450 4581 2625 4637 αὐτῶν
2651 4580 2744 4631 καὶ
2769 4576 2964 4648 χαῦνον
2996 4573 3244 4644 ἐδηλοῦτο
3262 4590 3274 4601 ·
3301 4571 3362 4623 τὸ
3381 4570 3437 4622 δὲ
3461 4567 3625 4639 βραδὺ
3651 4566 3758 4619 τῶν

2195 4657 2418 4750 Περσῶν
2451 4674 2543 4727 καὶ
2557 4669 2893 4738 δυσκίνητον,
2914 4666 2999 4719 διὰ
3028 4665 3125 4735 τῆς
3158 4664 3326 4734 ἄρκου
3346 4677 3359 4691 ·
3416 4658 3675 4731 παρδάλει
3699 4657 3758 4711 δὲ

2197 4748 2445 4843 πτερωτῇ
2480 4765 2571 4818 τὸν
2630 4759 2970 4829 Ἀλέξανδρον
3006 4756 3283 4825 ἀφωμοίου
3313 4752 3399 4806 διὰ
3426 4751 3485 4804 τὸ
3517 4750 3614 4821 τῆς
3658 4748 3758 4843 qui:

2200 4835 2333 4920 σεως
2493 4850 2585 4904 καὶ
2630 4846 2933 4915 εὐκίνητον·
2966 4844 3070 4896 οὐδ’
3101 4843 3241 4905 ὅλοις
3272 4840 3401 4910 γοῦν
3431 4839 3575 4892 έτεσι
3612 4835 3762 4907 τρισὶ

2202 4949 2292 5001 καὶ
2325 4946 2455 4999 δέκα
2504 4941 2598 5011 τὴν
2640 4938 2813 5010 ἀρχὴν
2860 4936 3255 5006 ἐπικρατήσας,
3301 4931 3396 5002 τὴν
3439 4927 3762 4999 οἰκουμένην

2203 5035 2431 5106 ἐπῆλθεν
2465 5034 2703 5092 ἅπασαν,
2736 5025 2933 5088 παντὸς
2962 5023 3144 5089 ὀρνέου
3176 5022 3362 5075 θᾶττον
3387 5015 3635 5080 διαπτάς,
3662 5016 3763 5069 Eti-

2208 5128 2393 5199 ρώπην
2436 5123 2569 5195 ὁμοῦ
2614 5120 2706 5173 καὶ
2747 5116 2951 5179 Ἀσίαν,
2999 5115 3074 5177 ὡς
3118 5114 3309 5184 μέχρις
3348 5109 3509 5165 αὐτοῦ
3558 5106 3761 5178 ψαῦσαι

2206 5194 2479 5269 ιῦκεανοῦον
2535 5211 2792 5279 Ῥωμαῖοι
2841 5205 2897 5257 δὲ
2953 5203 3263 5263 Μακεδόνας
3308 5200 3403 5271 μὲν
3445 5198 3545 5270 τῆς
3589 5194 3759 5267 ἀρχῆς

2212 5307 2597 5378 ἀφαιροῦνται,
2649 5300 2875 5354 ’ύστατον
2934 5295 3110 5351 αὐτῶν
3167 5290 3388 5363 βασιλέα
3453 5287 3764 5359 καθελόντες

2212 5375 2454 5472 Περσέα·
2505 5396 2706 5466 Σύρους
2753 5393 2813 5446 δὲ
2858 5389 3207 5443 ὑποτάττουσι
3247 5384 3335 5439 διὰ
3370 5383 3651 5454 Πομπηΐου
3672 5375 3762 5429 καὶ

2214 5466 2460 5547 Γαδινίου
2492 5484 2828 5558 στρατηγῶν,
2862 5484 2958 5552 τήν
2987 5497 3045 5532 τε
3090 5476 3509 5549 ’Δσίανθέλόντες
3542 5471 3626 5526 διὰ
3658 5466 3767 5524 τῶν

2217 5628 2347 5671 ναις.

2290 5661 2430 5749 (ὗυυ
2461 5676 2591 5732 Cod.
2625 5675 2684 5727 Α.
2716 5672 2753 5727 ι.
2786 5668 2871 5734 tt,
2896 5669 2952 5723 b.
2978 5666 3111 5721 Cod.
3137 5664 3196 5718 ε.
3230 5663 3265 5716 ι.
3298 5661 3387 5716 οδ.
