4098 6200
392 297 488 356 661

1723 298 1811 352 DE
1848 298 1937 354 TI]
1946 298 2308 357 EOPHANIA.

3507 305 3608 361 66$

389 416 593 480 αὐτῶν,
621 414 918 485 ὑποχείριον
954 414 1299 484 ἐποιήσαντοο
1352 416 1443 471 καὶ
1472 415 1563 467 ἐπὶ
1595 418 1756 470 πᾶσιν
1794 417 1959 470 ὑστά-

2086 420 2393 474 ’ostremam
2442 420 2681 475 omnium
2737 419 3078 488 Cle0patrau‘t
3122 418 3263 488 cepit
3317 419 3609 486 Augustus,

390 525 495 579 την
534 508 785 560 ἁπάντων
828 503 1179 574 Κλεοπάτραν
1211 498 1353 558 εἷλεν
1384 504 1712 575 Αὔγουστος,
1755 509 1959 579 κρατή-

395 617 496 663 σας
525 597 790 666 Αἰγύπτου
823 595 916 649 καὶ¹
962 594 1363 667 Ἀλεξανδρείας
1397 597 1526 667 (91)·
1559 598 1617 662 ἐξ
1662 599 1868 652 ἐκείνου
1901 616 1961 652 τε

399 692 500 763 ἤδη
532 689 753 743 καθόλου
784 690 1002 759 κρατεῖν
1027 686 1229 759 ἤρξατο
1274 690 1308 760 ἡ
1339 689 1572 760 τετάρτη
1608 688 1869 759 βασιλεία,
1896 691 1962 760 ἢν

401 784 435 851 ἡ
473 781 568 851 μὲν
594 780 691 850 τῆς
719 777 922 840 εἰκόνος
946 776 1067 846 ὄψις
1102 777 1327 849 σιδηρᾶν
1358 777 1658 847 ὠνόμασεν,
1689 778 1765 843 ὡς
1788 781 1965 843 πάντα

399 865 740 936 δαμάζουσαν
786 866 881 917 καὶ
920 863 1321 919 λεπτύνουσαν
1444 865 1500 919 δὲ
1551 866 1645 919 τοῦ
1690 868 1963 940 προφήτου

401 958 586 1027 ὅρασις
616 954 749 1020 ζῶον
783 954 1013 1027 φοϐερὸν
1045 957 1139 1008 καὶ
1179 955 1450 1026 ἕκθαμϐον
1493 957 1587 1009 καὶ
1627 958 1843 1029 ἰσχυρὸν
1865 975 1964 1012 πε-

403 1046 600 1118 ρισσῶς
622 1063 637 1077 ·
674 1050 937 1118 μαρτυρεῖ
965 1047 1021 1101 δὲ
1064 1046 1141 1118 τῷ
1171 1046 1315 1118 λόγῳ
1351 1046 1420 1099 τὰ
1463 1050 1563 1117 τῆς
1612 1050 1967 1120 προρρήσεως

399 1137 557 1207 τέλη·
597 1137 731 1207 μόνα
758 1136 949 1209 γοῦνὴ
993 1138 1277 1209 Ῥωμαίων
1313 1138 1455 1209 ἀρχὴ
1501 1137 1636 1209 ὁμοῦ
1692 1139 1968 1211 δημοκρα-

398 1228 517 1290 τίας
546 1228 639 1281 καὶ
663 1228 962 1300 τοπαρχίας
992 1246 1051 1282 τε
1082 1230 1174 1282 καὶ
1204 1229 1491 1301 ἐθναρχίας
1524 1229 1737 1283 καθεῖλε
1769 1231 1969 1299 τῶνα-ἑξ

401 1318 591 1382 αἰῶνος
622 1321 830 1391 μακροῦ
868 1321 986 1374 καθ’
1021 1321 1244 1374 ἕκαστον
1276 1320 1427 1385 ἔθνος
1470 1322 1574 1375 ὑπὸ
1620 1321 1839 1385 οἰκείοις
1870 1322 1969 1394 ἄρ-

401 1428 556 1481 χουσι
594 1412 1035 1483 τυραννουμένων
1054 1429 1068 1442 ο
1116 1412 1211 1465 καὶ
1259 1412 1391 1483 μόνη
1424 1413 1563 1466 κατά
1596 1411 1811 1466 πάντων
1840 1414 1968 1484 μίαν

406 1502 675 1573 μόναρχον
702 1501 993 1573 ἡγεμονίαν
1028 1503 1406 1575 συνεστήσατο,
1428 1504 1513 1573 ἐφ’
1540 1497 1607 1575 ἧς
1624 1504 1716 1558 καὶ
1740 1503 1969 1575 Χριστὸς

403 1597 655 1661 γεννᾶται
677 1593 807 1667 (92).

1060 1688 1139 1741 ιιύ
1183 1686 1309 1759 (95).

2062 509 2295 580 [Egyplo
2326 520 2380 564 et
2406 510 2728 565 Alexandria
2787 510 3035 564 devictis.
3095 508 3169 563 Ex
3229 525 3295 565 eo
3372 520 3612 578 tempore

2066 610 2176 654 toto
2206 600 2336 656 orbe
2365 601 2530 669 ccepit
2556 600 2819 654 dominari
2847 608 3097 669 quartum
3129 598 3446 669 imperium;
3476 600 3614 668 quod

2064 700 2253 745 statua:
2288 692 2502 759 quidem
2531 691 2934 759 reprzrsentatio
2966 690 3197 745 ferreum
3230 690 3617 754 denominavit,

2065 795 2161 835 ceu
2207 782 2348 850 quod
2395 782 2575 836 omnia
2608 782 2873 837 domuerit
2903 790 3062 849 atque
3095 783 3448 847 contriverit;
3495 797 3617 851 pro-

2064 873 2237 941 pheta:
2267 882 2444 926 autem
2476 871 2636 938 visio,
2677 872 2875 925 animal
2909 872 3382 939 terribile,mirum
3424 889 3486 927 ac
3523 889 3618 926 va-

2066 964 2408 1021 lidissimum.
2455 964 2625 1019 Porro
2668 966 2835 1018 verba
2875 964 3214 1019 conﬁrmavit
3250 966 3619 1033 praedictionis

2068 1056 2270 1110 exitus.
2311 1053 2494 1108 Solum
2550 1053 2719 1121 igitur
2774 1054 3075 1109 Romanum
3114 1054 3396 1124 imperium
3430 1070 3620 1124 respuo

2067 1147 2257 1210 blicas,
2287 1146 2657 1216 prtelecturas,
2708 1153 2761 1199 et
2788 1130 3105 1214 populorum
3139 1160 3303 1216 regna
3330 1146 3620 1206 destruxit,

2067 1252 2255 1291 eorum
2300 1236 2507 1291 scilicet
2547 1236 2697 1304 quia
2732 1235 2911 1289 multis
2961 1236 3171 1290 saeculis
3221 1236 3271 1289 in
3301 1250 3623 1305 unaquaque

2069 1327 2291 1381 natione
2321 1341 2349 1378 a
2382 1326 2616 1394 propriis
2641 1324 2978 1393 principibus
3024 1324 3381 1392 regebantur;
3431 1339 3623 1377 unam-

2070 1430 2173 1487 q'te
2196 1432 2358 1486 super
2405 1431 2594 1471 omnes
2644 1415 3009 1471 monarcbiam
3042 1416 3343 1480 constituit,
3397 1417 3495 1470 sub
3522 1431 3626 1486 qua

2071 1518 2229 1563 natus
2255 1517 2337 1564 est
2362 1508 2631 1563 ChriStus.

2778 1686 2893 1742 Xlll
2908 1709 2927 1723 -
3637 1644 3687 1715 τ’

489 1778 548 1832 '0
582 1778 807 1842 ὕστατός
837 1796 898 1832 τε
939 1779 1033 1832 καὶ
1068 1753 1321 1850 μέγιστος
1360 1776 1652 1850 προφητῶν
1698 1777 1967 1849 Ἰωάννης,

2145 1784 2455 1839 Postremus
2503 1799 2564 1836 ac
2616 1783 2879 1835 maximus
2929 1779 3312 1850 prophetarum
3373 1777 3629 1841 Joannes,

411 1871 582 1941 κήρυξ
608 1870 738 1941 ὁμοῦ
768 1872 859 1925 καὶ
885 1871 1187 1943 πρόδρομος
1217 1868 1451 1941 Χριστοῦ
1481 1870 1735 1939 γεγονὼς,
1760 1870 1972 1941 πρῶτος

415 1961 665 2014 ἁπάντων
688 1960 948 2030 ἀνεφὼνει
972 1961 1253 2032 κηρύττων
1278 1962 1356 2024 εἰς
1381 1961 1586 2024 πάντας
1619 1962 1711 2014 καὶ
1747 1960 1973 2029 εὐαγγετ

415 2049 690 2120 λιςόμενος
725 2051 825 2121 τὴν
870 2051 962 2103 τοῦ
1009 2050 1144 2104 Θεοῦ
1198 2049 1469 2121 βασιλείαν
1490 2067 1507 2082 ·
1556 2044 1616 2104 οὗ
1648 2049 1711 2121 δὴ
1757 2048 1971 2119 πρώτου

414 2140 612 2211 ταύτην
650 2141 874 2209 ἀφέντος
910 2140 1009 2212 τὴν
1054 2140 1270 2211 φωνὴν,
1317 2141 1593 2213 μετανοεῖν
1634 2158 1693 2209 τε
1728 2157 1971 2211 παρακε-

413 2231 717 2303 λευομένου,
739 2232 946 2306 λουτρῷ
972 2250 1033 2285 τε
1068 2234 1372 2305 προσιέναι,
1398 2234 1492 2287 κα)⁸
1516 2233 1615 2296 τὰς
1643 2232 1821 2303 ψυχὰς
1841 2233 1975 2286 ἀπο-

411 2323 761 2396 καθαίρεσθαι
786 2326 893 2378 τῶν
926 2326 1205 2399 προτέρων
1246 2325 1721 2398 ἀμπλακημάτων,
1757 2326 1977 2397 φαιδρύα

412 2416 594 2470 νεσθαί
633 2434 691 2469 τε
736 2417 1139 2489 παραινοῦντος,
1186 2420 1279 2473 καὶ
1327 2420 1839 2490 παρασκευάζεσθαι
1883 2420 1976 2472 ἐπὶ

412 2504 511 2576 τὴν
542 2506 742 2560 εἴσοδον
772 2508 871 2577 τῆς
916 2507 1213 2578 βασιλείας,
1247 2508 1431 2562 οὐκέτι
1472 2509 1569 2580 μὲν
1599 2510 1742 2579 ἀμφὶ
1768 2508 1836 2562 τὰ
1874 2509 1975 2561 ’ῐε-

417 2598 705 2670 ροσόλυμα,
742 2599 851 2652 οὐδ’
884 2600 977 2652 ἐπὶ
1005 2598 1074 2653 τὰ
1092 2600 1262 2671 ταύτῃ
1281 2600 1677 2672 συντελούμενα
1703 2600 1977 2663 Μωῦσέως

416 2689 618 2760 νόμιμα
655 2689 1097 2762 ωγκροτοῦντος,
1133 2692 1275 2761 ἀμφὶ
1304 2692 1361 2745 δὲ
1388 2691 1478 2745 τὸν
1519 2692 1786 2764 Ἰορδάνη··
1815 2709 1979 2745 τοτα-

422 2781 516 2850 μὸν
547 2780 634 2833 διὰ
658 2781 783 2845 νέας
817 2782 910 2834 καὶ
940 2780 1249 2853 ξενιζούσης
1272 2782 1601 2850 ἐπαγγελίας
1625 2783 1722 2852 τῆς
1757 2783 1822 2835 δι’
1851 2780 1978 2835 ³5δα--

418 2889 505 2935 τος
547 2871 864 2943 καθάρσεως
906 2873 996 2926 τὸν
1048 2874 1225 2927 πάντα
1257 2873 1393 2926 λεὼν
1428 2874 1887 2945 προκαλουμένου·
1929 2874 1978 2926 oi

420 2961 527 3013 τῶν
566 2962 828 3015 ἀνέκαθεν
860 2962 1149 3034 προφητῶν
1187 2963 1286 3026 τὰς
1331 2964 1459 3034 περὶ
1490 2963 1693 3017 τούτων
1742 2964 1985 3035 προρῤήο

424 3067 535 3113 σεις
559 3050 646 3104 διὰ
689 3051 906 3122 μνήμης
936 3052 1189 3123 φέροντες
1216 3052 1491 3122 ἀρχιερεῖς
1528 3053 1622 3105 καὶ
1653 3052 1978 3114 διδάσκαλοι,

424 3144 471 3196 οἱ
513 3142 617 3194 τοῦ
653 3142 836 3207 ἔθνους
892 3146 1158 3200 Ἰουδαίων
1203 3146 1628 3217 καθηγούμενοι,
1673 3146 1771 3207 τὰς
1813 3143 1983 3208 ἀκοὰς

424 3233 514 3289 ἐπὶ
540 3234 617 3305 τῷ
648 3236 753 3307 νέῳ
793 3237 1106 3307 κηρύγματι
1149 3239 1465 3307 πληγέντες,
1512 3237 1671 3291 αὐτὸν
1715 3236 1986 3308 ὑπετόπη-

428 3342 521 3380 σαν
546 3323 682 3380 εἶναι
707 3326 797 3382 τὸν
819 3329 912 3381 καὶ
942 3330 1106 3383 πάλαι
1137 3331 1317 3393 αὐτοῖς
1343 3330 1494 3400 ἥξειν
1522 3328 1982 3401 προσδοκώμενον,

428 3420 599 3474 κοινὸν
625 3420 719 3473 τοῦ
749 3420 857 3472 τῶν
894 3420 1192 3491 ἀνθρώπων
1234 3421 1422 3489 γένους
1462 3420 1710 3493 Σωτῆρα,
1767 3420 1984 3473 Ἡσαΐου

430 3512 703 3581 προφήτου
740 3511 1133 3582 συμϐάλλοντες
1162 3512 1365 3582 φωνὰς,
1406 3513 1463 3575 ὃς
1493 3512 1555 3583 δὴ
1595 3512 1850 3583 ὀνομαστὶ
1891 3512 1988 3583 τῆς

431 3604 632 3673 ἐρήμου
661 3605 751 3657 καὶ
776 3602 866 3657 τοῦ
884 3603 1249 3675 κηρύγματος,
1277 3604 1369 3659 καὶ
1392 3605 1456 3675 δὴ
1484 3605 1579 3658 καὶ
1604 3603 1700 3657 τοῦ
1726 3604 1986 3676 Ἰορδάνου

431 3687 531 3745 (uae
554 3710 627 3764 πη
659 3692 1028 3763 ἐμνημόνευσε
1064 3694 1264 3764 λέγων’
1309 3695 1478 3763 Φωνὴ
1506 3694 1774 3761 βοῶντος
1809 3695 1879 3748 ἐν
1914 3694 1989 3765 τῇ

432 3782 1047 3853 ἐρήμῳ,Ἐτοιμάσατε
1074 3786 1188 3855 τὴν
1216 3787 1609 3856 όδὸνΚιφίου,
1638 3788 1731 3839 κα)⁸
1746 3786 1987 3856 τὰ-·ὲξῆς’

432 3875 527 3929 καὶ
558 3870 743 3939 αὖθιςο
786 3876 1196 3946 Εὐφράνθητι,
1244 3878 1462 3945 ἔρημος
1500 3877 1760 3945 διψῶσα,
1810 3878 1992 3946 ἀγαλ-

432 3966 658 4022 λιάσθω
710 3968 928 4039 ἕρημος
990 3968 1089 4021 καὶ
1146 3968 1391 4023 ἁνθείτω
1452 3971 1532 4034 ὡς
1585 3971 1817 4037 κρίνον·
1878 3972 1993 4028 καὶ.

448 4059 794 4125 Ἑξανθήσει
826 4061 925 4115 καὶ
956 4059 1381 4130 ἀγαλλιάσεται
1406 4060 1479 4114 τὰ
1508 4061 1695 4129 ἔρημα
1720 4061 1824 4114 τοῦ
1865 4062 1994 4130 Ἰορ-

436 4152 651 4207 δάνουο
697 4149 776 4217 οἷς
819 4152 1150 4223 ἑπισυνῆπτε
1177 4151 1348 4219 λέγων
1371 4168 1384 4181 ⁸
1429 4152 1766 4220 Ἰσχύσατε,
1804 4152 1995 4220 χεῖρες

438 4244 755 4314 ἀνειμέναι,
791 4245 888 4300 καὶ
911 4246 1170 4315 γούνατα
1198 4241 1686 4311 παραλελυιιέναο
1729 4259 1994 4311 παρακα-

438 4333 654 4389 λέσατε
679 4337 732 4387 ol
764 4335 1115 4403 ὀλιγόψυχοι
1142 4332 1217 4401 τῇ
1250 4332 1515 4400 διανοιᾳο
1547 4332 1838 4400 ἰσχύσατε
1857 4372 1871 4397 ,
1906 4335 1992 4402 μὴ

439 4426 739 4494 φοϐεῖσθεο
769 4425 895 4480 ῑδοὺ
938 4428 970 4480 ό
999 4425 1140 4492 Θεὸς
1179 4424 1347 4495 ἡμῶν
1370 4426 1571 4494 κρίσιν
1600 4425 1982 4480 ἀνταποδίδω-

2098 4427 2193 4479 erit
2224 4425 2406 4494 lingua
2453 4422 2725 4476 bulborum
2767 4434 2786 4474 :

437 4531 568 4571 σινο
599 4518 778 4584 αὐτὸς
808 4518 938 4586 ἣξει
971 4518 1069 4572 καὶ
1103 4516 1287 4572 σώσει
1330 4517 1515 4586 ἡμᾶς’
1555 4517 1688 4571 τότε
1724 4517 1995 4587 ἀνοιχθῆ-

2076 1889 2252 1944 praaco
2279 1872 2435 1927 simul
2483 1882 2536 1927 et
2580 1886 2877 1942 prmcursor
2901 1869 3125 1933 Christi,
3154 1870 3357 1937 primus
3389 1870 3629 1924 omnium

2078 1965 2252 2034 palam
2286 1966 2495 2020 cunctis
2542 1962 2869 2032 prredicabat
2905 1977 3122 2032 regnum
3161 1961 3255 2015 Dei
3285 1961 3539 2015 nuntians
3560 1961 3631 2013 ³⁸.

2078 2058 2179 2125 Qui
2214 2071 2332 2111 cum
2364 2056 2569 2126 primus
2600 2055 2740 2110 hanc
2764 2068 2949 2109 vocem
2993 2052 3279 2117 emisisset,
3331 2061 3386 2107 et
3416 2052 3482 2107 ad
3514 2067 3634 2121 pte-

2080 2148 2357 2205 nitentiam
2414 2148 2753 2212 hortaretur;
2812 2154 2976 2215 atque
3005 2146 3072 2200 ad
3102 2144 3375 2199 lavacrum
3412 2144 3635 2198 accede-

2080 2255 2160 2301 re.
2187 2248 2238 2296 et
2274 2240 2483 2294 animas
2510 2238 2779 2308 prioribus
2818 2237 3050 2307 peccatis
3092 2237 3376 2299 mundare,
3428 2244 3481 2290 et
3508 2235 3640 2290 hila-

2081 2346 2167 2387 res
2208 2344 2476 2401 purosqne
2520 2345 2640 2385 esse
2685 2327 2919 2400 iuberet,
2975 2337 3138 2400 atque
3192 2328 3257 2381 ad
3304 2328 3452 2397 regni
3486 2328 3637 2381 initia

2082 2423 2405 2492 praeparari;
2435 2435 2608 2490 neque
2628 2420 2739 2488 jam
2777 2431 3062 2475 consuetos
3107 2418 3495 2487 Hierosolymis
3526 2417 3638 2471 Mo-

2082 2515 2259 2570 saieos
2287 2514 2423 2569 ritus
2458 2511 2883 2575 commendaret,
2915 2511 3007 2565 sed
3045 2510 3191 2564 circa
3221 2506 3510 2562 Jordauem
3542 2506 3640 2561 llu-

2081 2607 2249 2668 vium,
2320 2618 2458 2658 nova
2508 2603 2857 2670 inauditaque
2906 2598 3241 2669 purgationis
3297 2612 3393 2665 per
3444 2614 3637 2667 aquam

2082 2693 2437 2764 promissione
2486 2691 2795 2743 universum
2847 2689 3097 2757 populum
3150 2689 3441 2753 invitaret;
3512 2701 3634 2741 cum

2085 2786 2221 2847 haec,
2248 2784 2485 2851 inquam,
2518 2780 2730 2845 tierent,
2764 2778 2803 2833 ii
2845 2780 2936 2848 qui
2972 2787 3213 2833 veterum
3248 2779 3637 2849 prophetarum

2086 2877 2150 2929 de
2182 2876 2265 2930 bis
2289 2875 2448 2928 rebus
2475 2871 2848 2942 praedictiones
2878 2871 3138 2925 memoria
3179 2871 3482 2924 retinebant
3509 2884 3643 2938 pon-

2088 2962 2257 3022 tilices
2286 2975 2450 3035 atque
2494 2964 2762 3026 doctores,
2812 2961 3048 3017 Iudaicae
3074 2962 3247 3032 gentis
3280 2962 3462 3026 duces,
3502 2976 3641 3014 novo

2085 3055 2354 3126 praacouio
2381 3068 2540 3108 aures
2567 3052 2821 3122 perculsi,
2873 3051 3046 3120 ipsum
3080 3051 3494 3120 suspicabantur
3522 3066 3642 3105 esse

2086 3150 2233 3204 illum
2266 3164 2424 3220 quem
2458 3157 2741 3202 venturum
2789 3144 2997 3214 jamdiu
3052 3144 3459 3215 exspectabant,
3496 3160 3643 3199 com-

2086 3258 2301 3298 munem
2355 3240 2570 3295 humani
2617 3239 2835 3307 generis
2886 3237 3263 3302 Servatorem;
3316 3234 3467 3291 Isaiae
3515 3252 3642 3307 pro-

2087 3334 2261 3403 phetae
2293 3328 2509 3384 oracula
2543 3333 2944 3395 comparantes,
2972 3324 3064 3393 qui
3093 3323 3290 3377 deserti
3326 3323 3641 3377 nominatim

2088 3436 2141 3479 ct
2169 3419 2569 3494 praulicationls
2601 3428 2763 3488 atque
2790 3415 3037 3471 Jordanis
3065 3416 3151 3469 his
3184 3415 3365 3469 verbis
3392 3412 3645 3469 memine-

2085 3527 2167 3575 rat
2204 3532 2216 3568 :
2258 3514 2372 3568 V0.1:
2417 3511 2694 3567 clamantis
2738 3513 2791 3563 in
2833 3510 3052 3574 deserto,
3084 3507 3277 3560 Purate
3302 3507 3437 3561 viam
3463 3508 3645 3561 Domi-

2089 3609 2143 3661 ni
2172 3608 2239 3673 ’°,
2274 3614 2327 3659 et
2361 3604 2602 3673 reliqua;
2638 3610 2693 3656 et
2734 3614 2918 3655 rursus
2949 3617 2962 3654 :
3006 3597 3233 3664 Lazare,
3275 3599 3534 3650 desertum
3568 3599 3645 3650 si-

2090 3701 2246 3762 tiens,
2280 3701 2498 3751 exsultet
2524 3697 2805 3757 desertum,
2839 3702 2886 3745 et
2912 3691 3189 3762 efflorescat
3219 3690 3350 3742 sicut
3381 3688 3549 3741 lilium
3574 3690 3644 3752 ﬂ;

2092 3801 2165 3855 et,
2199 3788 2484 3843 Florebant
2515 3796 2563 3841 et
2597 3784 2927 3840 exsultabant
2973 3784 3178 3837 deserta
3211 3780 3325 3834 loca
3355 3779 3645 3843 Iordanis;

2092 3887 2288 3955 quibus
2312 3880 2519 3935 addidit
2544 3880 2733 3933 dicens
2769 3895 2783 3931 :
2812 3874 3170 3940 Roboramini,
3198 3890 3381 3925 manus
3417 3872 3647 3925 remissa:

2094 3982 2140 4024 et
2174 3986 2343 4040 genua
2399 3966 2657 4021 dissoluta
2706 3981 2726 4022 :
2782 3963 3146 4026 consolamini,
3207 3961 3386 4029 pusilli
3437 3970 3647 4024 mente;

2095 4059 2483 4127 eonl‘ortamini,
2530 4057 2688 4110 nolite
2722 4057 2944 4109 timere:
2974 4069 3088 4107 ecce
3129 4051 3264 4106 Deus
3310 4060 3481 4106 noster
3498 4050 3652 4118 judi-

2096 4155 2233 4207 cium
2264 4151 2504 4205 retribuit
2532 4164 2551 4202 :
2576 4150 2686 4216 ipse
2715 4147 2878 4201 veniet
2905 4146 2973 4198 ad
3006 4144 3312 4198 saluandam
3346 4160 3438 4197 nos
3475 4158 3493 4196 :
3526 4153 3647 4194 tunc

2097 4244 2395 4312 aperientur
2436 4239 2574 4293 oculi
2607 4251 2888 4302 cwcorum,
2931 4243 2978 4289 et
3026 4251 3181 4288 aures
3227 4238 3505 4289 surdorunt
3550 4249 3653 4285 au-

2097 4334 2278 4387 dient:
2310 4343 2430 4386 tunc
2478 4329 2700 4383 claudus
2730 4326 2877 4381 saliet
2917 4328 3050 4380 sicut
3087 4342 3286 4387 cervus,
3326 4334 3373 4376 et
3412 4322 3653 4389 expedita

2844 4418 2969 4489 quia
3013 4424 3296 4482 eruperunt
3341 4416 3396 4467 in
3448 4414 3663 4467 deserto

2099 4516 2369 4581 scatebrce,
2407 4523 2453 4568 et
2476 4512 2624 4567 vallis
2653 4513 2709 4566 in
2738 4521 2876 4566 terra
2906 4511 3109 4564 sitiente
3130 4508 3195 4559 ’³.

510 4630 556 4663 ³³
582 4630 768 4686 Matth.
807 4648 888 4686 ιιι.
963 4632 1009 4664 ³⁵
1041 4630 1146 4687 Isa.
1172 4648 1263 4696 xL,
1300 4634 1352 4687 5.
1430 4633 1473 4664 ³⁷
1500 4632 1600 4687 lsa.
1632 4647 1797 4699 xxxv,
1822 4632 1874 4688 l.
1952 4635 1982 4666 ²¹

2086 4633 2155 4687 id.
2187 4633 2221 4688 5
2248 4647 2366 4702 seq.

514 4744 626 4811 (9|)
657 4742 732 4797 Ita
760 4745 922 4797 etiam
954 4743 1007 4798 in
1039 4743 1294 4797 Chronico
1324 4743 1586 4799 Eusebius
1620 4744 1902 4812 distinguit
1928 4745 1995 4797 ah

441 4812 1079 4884 EgyptoAlexandriam
1103 4832 1118 4880 ;
1155 4829 1346 4881 nempe
1373 4815 1504 4884 urbe
1533 4813 1797 4869 denotans
1826 4812 1998 4884 ,Εὖγε

442 4883 588 4952 ptum
617 4883 969 4963 inferiorem,_
997 4883 1110 4951 ipso
1140 4892 1317 4963 autem
1348 4883 1590 4963 regionis
1616 4883 1998 4963 momine-paro

446 4964 552 5008 tem
600 4954 749 5018 regni
794 4952 1146 5019 superiorem.
1201 4952 1513 5022 lieveraéin
1578 4952 1996 5022 hieroglyphicis

443 5023 644 5091 passim
676 5023 1124 5093 inscriptionibus
1153 5023 1351 5090 duplex
1376 5021 1596 5093 Egypti
1641 5038 1765 5093 pars
1790 5021 1996 5078 memo-

447 5101 616 5153 ratur,
656 5094 899 5162 superior
927 5100 982 5145 et
1019 5091 1257 5147 inferior.

515 5162 624 5233 (92)
662 5161 733 5217 De
750 5162 1130 5233 ‘Bomanorum
1161 5162 1451 5216 universali
1481 5161 1730 5233 imperio,
1761 5163 1859 5233 sub
1886 5177 1993 5230 quo

443 5230 605 5287 natus
635 5241 714 5286 est
736 5230 1009 5301 Christus,
1035 5232 1256 5301 pulchre
1285 5230 1571 5297 Eusebius,
1601 5232 1700 5285 etsi
1730 5232 1847 5284 aliis
1882 5248 1995 5285 ver-

444 5301 548 5366 bis,
579 5301 630 5354 in
665 5301 880 5372 Syriaca
917 5300 1251 5372 Thwphania
1278 5302 1371 5355 lib.
1404 5315 1485 5364 ut,
1514 5303 1562 5367 1,
1593 5302 1645 5354 2.
1677 5302 1994 5355 Ibidem'ali—

443 5374 574 5442 quid
617 5371 777 5426 etiam
824 5371 1021 5426 dicitur
1047 5374 1112 5426 de
1164 5372 1435 5442 vaticiniis
1479 5372 1748 5425 Christum
1787 5383 1998 5439 porten-

446 5440 730 5506 dentibus;
768 5442 926 5494 nimis
959 5451 1137 5496 tamen
1164 5440 1421 5505 breviter,
1458 5443 1513 5495 id
1537 5450 1627 5495 est
1658 5442 1845 5509 paucis
1874 5457 1999 5496 ver-

444 5512 547 5581 bis.
582 5510 746 5581 Egre
776 5511 937 5579 igitur
967 5512 1093 5565 mihi
1124 5510 1421 5581 persuadeo
1449 5520 1555 5564 tam
1598 5526 1766 5581 pauca
1798 5512 1999 5566 dixisse

448 5580 514 5649 de
548 5580 1009 5649 hoc’argumeulo
1044 5580 1363 5645 Enéebium;
1412 5596 1520 5649 quo
1568 5580 1625 5633 ﬁt
1659 5592 1717 5633 ut
1754 5583 1997 5635 codicum

452 5648 832 5719 Yaticanorum
865 5648 1222 5717 fragmentum
1275 5653 1376 5705 hoc
1405 5648 1470 5703 de
1505 5651 1781 5719 prophetia
1818 5652 2000 5704 Danie-

455 5718 539 5784 κς,
568 5725 709 5785 quod
760 5720 1072 5774 nominatim
1120 5737 1185 5776 ex
1239 5721 1280 5774 Τ
1283 5723 1576 5776 Ιιευυίιωιὶα
1608 5718 1836 5784 citatur,
1873 5721 1999 5774 mihi

2101 4742 2324 4797 omnino
2352 4741 2603 4796 videatur
2636 4739 2700 4794 ad
2735 4736 3118 4807 leeOpIzanian}
3142 4744 3328 4807 reapse
3360 4730 3650 4807 pertinere.

2104 4814 2272 4868 Porro
2304 4811 2511 4881 insigne
2544 4811 2685 4881 aliud
2714 4810 2780 4863 de
2806 4801 3653 4881 vaticiniaDanielico_l'ragm_en~

2104 4893 2213 4937 tum
2250 4870 2467 4937 Eusebvii
2522 4880 2649 4933 alibi
2704 4894 2734 4932 a
2779 4878 2933 4950 nobis
2966 4874 3301 4950 recitabitur,
3360 4870 3654 4950 iu_c0tlice

2106 4953 2366 5007 Vaticano
2416 4958 2714 5017 repertum,
2769 4963 2836 5002 ex
2882 4946 3004 5013 ejus
3056 4943 3333 5014 deperdita
3391 4940 3532 4995 libro
3583 4953 3653 4993 xv

2108 5021 2428 5090 Evangelica:
2453 5016 2928 5090 demonstrationis.

2167 5079 2276 5162 (955
2310 5090 2577 5162 Incodice
2619 5092 2685 5162 Α.
2718 5087 2755 5141 l'.
2799 5086 2893 5162 5_5,
2944 5082 3252 5162 inscribitur
3282 5079 3573 5162 Εξύσεϐίου
3593 5079 3654 5162 βξ

2100 5151 2456 5230 Θεοφανείας
2486 5158 2764 5229 (mendose
2792 5156 3130 5230 absurdeque
3157 5151 3498 5230 Θεοφάνευςι
3516 5158 3572 5230 ut
3590 5158 3657 5230 et

2101 5220 2227 5286 alibi
2277 5220 2541 5285 interdum
2574 5220 3127 5292 nbservavimus);in
3179 5223 3300 5278 cod.
3363 5221 3422 5274 E.
3474 5220 3655 5292 {.154

2102 5304 2359 5373 (itemque
2407 5302 2471 5373 in
2519 5298 2689 5373 altero
2738 5295 2892 5373 hujus
2948 5290 3307 5373 apographo).
3359 5290 3653 5373 Euasb'lou

2105 5360 2351 5440 Θεοφάνη
2414 5370 2578 5424 Citati
2606 5368 2767 5440 igitur
2805 5360 2923 5440 'hic
2961 5360 3351 5440 illiw/laniant
3418 5360 3652 5440 dubitari

2107 5429 2310 5511 nequit.
2345 5441 2610 5511 Caeterum
2626 5429 2716 5511 'inﬂ
2732 5436 2960 5504 Syriaco
2988 5429 3292 5511 testunnihil
3330 5431 3441 5484 lere
3473 5429 3659 5511 hujus-

2104 5500 2246 5568 ιιιοῖιί
2279 5509 2643 5580 reperiebam.
2669 5500 2997 5580 Quanquam
3043 5502 3107 5580 de
3140 5502 3480 5580 Praecursore
3505 5500 3655 5580 locu-

2108 5593 2214 5634 tum
2266 5570 2431 5635 fuisse
2489 5575 2773 5631 Eusebium
2826 5570 2926 5627 sub
2985 5572 3193 5626 initium
3254 5572 3377 5624 vita:
3430 5570 3655 5636 publica:

2105 5652 2301 5704 Christi
2341 5648 2566 5706 Domini,
2602 5660 2720 5713 quze
2756 5646 2940 5712 incipit
3000 5641 3226 5711 ΤΙιεορΙι.
3282 5642 3405 5713 Syr.
3447 5638 3539 5692 lib.
3569 5650 3669 5700 ιιιι

2105 5721 2197 5779 40,
2228 5720 2378 5773 valde
2411 5724 2494 5771 est
2524 5715 2778 5777 credibile
2805 5730 2868 5770 ac
2896 5728 3063 5775 prope
3094 5714 3476 5769 necessarium.
