4098 6200
467 370 565 424 665

1148 361 1416 417 EUSEBII
1455 355 1931 416 CIESARIENSIS
1971 355 2031 411 Ο]

2162 353 2343 409 PARS
2380 353 2467 409 Ν.
2508 383 2578 396 -
2615 350 3036 409 DOGMATICA.

3604 349 3706 405 θοι

466 504 675 543 vortat
735 486 1025 557 ὀφθαλμοὶ
1058 483 1323 553 τυφλῶν,
1368 483 1466 537 καὶ
1507 477 1626 537 ὦτα
1687 479 1901 549 κωφῶν
1928 479 2286 533 ἀκούσονται
2313 494 2325 510 '
2361 477 2494 530 τότε
2550 475 2775 529 ἀλεῖται
2828 474 2906 539 ὡς
2975 474 3203 541 ἔλαφος
3246 471 3281 524 ὁ
3327 468 3559 538 χωλὸς,
3610 468 3705 521 καὶ

465 580 650 649 (puri)
698 580 869 635 ἔσται
939 577 1193 647 γλῶσσα
1263 574 1635 647 μογιλάλων·
1681 573 1769 627 ὅτι
1823 572 2041 644 ἐρράγη
2109 574 2178 628 ἐν
2246 570 2321 641 τῇ
2384 569 2581 641 ἐρήμῳ
2612 569 2788 639 ὕδωρ,
2820 566 2917 622 καὶ
2956 567 2995 635 ἡ
3037 564 3273 636 φάραγξ
3296 563 3368 619 ἐν
3426 561 3504 635 τῇ
3528 560 3712 632 διψώ-

464 688 542 742 σῃ
575 672 709 743 (94).

533 765 659 819 llmc
694 763 748 815 in
802 759 973 813 sacris
1006 756 1183 820 libris,
1232 763 1487 824 tanquam
1523 754 1576 808 in
1612 752 1904 817 columnis,
1935 751 2031 805 im-

2211 758 2394 812 Ταῦτα
2427 756 2629 829 βίϐλοις
2671 755 2862 828 ἱεραῖς,
2889 753 3077 826 ὥσπερ
3108 754 3166 808 ὲν
3193 752 3434 825 στήλαις,
3465 765 3708 805 τετυπω-

464 872 647 928 pressa
678 854 805 909 olim
842 850 978 919 apud
1010 866 1068 904 se
1084 849 1344 903 habentes
1375 846 1612 900 Hebraeae
1640 845 1817 914 gentis
1846 845 2029 907 duces,

464 961 744 1021 postquam
781 944 916 1013 ipsis
947 941 1307 996 renuntiatum
1332 948 1413 993 est
1436 935 1696 992 Joannem
1734 937 1787 991 in
1822 937 2034 992 deserto

462 1052 515 1097 et
541 1040 696 1108 juxta
728 1034 1019 1090 Jordanetn
1071 1032 1289 1085 ﬂuvium
1341 1030 1666 1100 praedicare;
1721 1028 1878 1083 factis
1906 1043 2035 1097 pra:-

462 1132 729 1185 dictiones
778 1124 1142 1187 conferentes,
1199 1122 1370 1192 ipsum
1400 1136 1519 1175 esse
1562 1129 1617 1175 et
1648 1135 1753 1174 non
1784 1121 1972 1183 alium,
2001 1136 2030 1174 a

461 1219 724 1290 propheta
762 1217 1143 1287 significatum,
1192 1212 1589 1281 conjiciebant;
1642 1211 1930 1278 missisque
1959 1210 2033 1265 le-

463 1314 603 1382 gulis
630 1312 887 1379 rogabant
941 1324 1068 1361 num
1120 1307 1234 1372 ipse
1262 1316 1409 1360 esset
1446 1303 1715 1359 Christus.
1767 1300 1815 1357 Is
1853 1312 2030 1357 autem

462 1406 723 1475 negabat;
781 1412 834 1457 et
881 1416 940 1455 se
992 1415 1095 1454 non
1142 1412 1264 1453 esse
1308 1412 1651 1452 communem
1688 1396 2032 1450 Servatorem

464 1497 732 1551 fatebatur
765 1511 780 1549 :
815 1495 907 1549 sed
936 1494 1079 1548 enim
1112 1501 1376 1561 prmsente
1399 1490 1509 1560 jam
1535 1504 1599 1544 eo
1631 1490 1720 1558 qui
1753 1498 2035 1556 exspecta-

463 1590 648 1652 batur,
682 1587 924 1657 ejusdem
972 1600 1032 1639 se
1079 1596 1469 1653 prmcursorem
1514 1580 1774 1634 dicebat:
1812 1594 2033 1636 verum-

464 1690 643 1734 tamen
676 1691 738 1731 se
781 1675 915 1730 nihil
951 1675 1094 1728 aliud
1139 1687 1301 1742 quam
1352 1685 1541 1727 vocem
1573 1671 1878 1726 Servatoris
1903 1686 2035 1729 nun-

462 1767 612 1827 tiam,
640 1779 761 1820 esse
792 1764 1042 1818 docebat.
1076 1762 1242 1831 idque
1290 1760 1571 1829 Evangelii
1602 1760 1785 1815 divina
1812 1760 2036 1827 exponit

462 1857 790 1925 Scriptura:
825 1854 1030 1911 Fassus
1067 1864 1169 1921 est,
1213 1854 1411 1923 inquit,
1443 1869 1501 1908 se
1553 1868 1661 1908 non
1710 1867 1830 1909 esse
1876 1854 2033 1909 Chri-

461 1960 626 2013 stum,
661 1950 753 2004 sed
781 1964 968 2004 vocem
1020 1949 1073 2002 in
1110 1948 1325 2002 deserto
1374 1945 1704 2001 clamantem
1746 1963 1760 1999 :
1806 1946 2035 2016 Dirigite

461 2043 597 2095 viam
628 2040 860 2094 Domini.
890 2041 1003 2110 Ego
1038 2056 1176 2109 aqua
1204 2038 1435 2106 baptizo,
1476 2040 1681 2092 medius
1728 2046 1905 2092 autem
1949 2054 2034 2091 ve-

2138 851 2275 922 μένα
2303 851 2471 905 πάλαι
2495 851 2623 921 παρ’
2650 850 2859 911 ἑαυτοῖς
2885 846 3098 918 ἔχοντες
3127 846 3178 899 oi
3213 841 3585 913 καθηγεμόνες
3614 839 3708 893 τοῦ

2148 942 2416 996 Ἰουδαίων
2454 940 2660 1007 ἔθνους,
2692 938 2879 1009 ἐπειδὴ
2925 940 3179 1009 Ἰωάννης
3206 936 3388 998 αὐτοῖς
3419 932 3709 1005 κηρύττειν

2134 1034 2226 1087 ἐπὶ
2251 1034 2351 1105 τῆς
2378 1035 2475 1105 ὲρή
2485 1052 2584 1105 μου
2617 1034 2711 1087 καὶ
2750 1032 2893 1102 ἀμφὶ
2919 1030 3009 1085 τὸν
3048 1028 3318 1103 Ἰορδάνην
3347 1024 3588 1095 ποταμὸν
3609 1025 3711 1093 ἡγ-

2134 1127 2373 1195 γέλλετο,
2402 1129 2513 1190 τοῖς
2552 1126 2841 1197 πράγμασι
2872 1123 2972 1187 τὰς
3006 1121 3340 1194 προρρήσεις
3381 1116 3711 1189 συμϐάλλον-

2134 1235 2245 1281 τες,
2280 1216 2444 1271 αὑτὸν
2468 1212 2607 1270 εἶναι
2635 1216 2730 1269 καὶ
2772 1215 2871 1267 οὐκ
2894 1212 3051 1266 ἄλλον
3087 1210 3178 1264 τὸν
3204 1209 3292 1263 διὰ
3312 1207 3406 1262 τοῦ
3430 1207 3707 1277 προφήτου

2136 1310 2531 1379 σημαινόμενον
2572 1306 2955 1378 ύπετόπησαν’
2994 1303 3221 1375 ἠρώτων
3258 1320 3318 1355 τε
3358 1301 3709 1356 ἀποστείλαν-

2133 1419 2247 1467 τες,
2279 1401 2327 1453 et
2353 1401 2510 1464 αὐτὸς
2538 1401 2624 1470 εἴη
2652 1402 2680 1453 6
2705 1398 2956 1470 Χριστός.
3006 1397 3063 1449 '0
3091 1395 3147 1449 δὲ
3175 1394 3248 1466 μὴ
3272 1389 3407 1448 εἶναι
3437 1394 3535 1465 μὲν
3564 1394 3713 1463 ὠμο-

2134 1491 2300 1558 λόγει,
2346 1491 2467 1544 ἐπεὶ
2502 1489 2624 1561 μηδ’
2656 1488 2815 1551 αὐτὸς
2837 1486 2899 1540 τὸ
2926 1485 3101 1540 κοινὸν
3128 1484 3385 1539 ἁπάντων
3422 1482 3707 1552 σωτήριονο

2135 1583 2401 1654 παρόντος
2444 1582 2501 1634 δὲ
2535 1580 2633 1651 ἤδη
2681 1577 2774 1632 τοῦ
2817 1576 3301 1649 προσδοκωμένου,
3347 1572 3537 1626 ἑαυτὸν
3570 1566 3712 1623 εἶναι

2134 1674 2460 1747 πρόδρομον,
2488 1671 2581 1725 καὶ
2609 1670 2706 1743 τὴν
2738 1668 2829 1722 ἐπὶ
2860 1668 2958 1739 τῆς
3002 1668 3205 1739 ἐρήμου
3239 1664 3422 1735 φωνὴν
3448 1664 3547 1734 τὴν
3581 1678 3715 1716 κατ-

2134 1765 2427 1837 αγγελικὴν
2466 1763 2560 1817 τοῦ
2613 1761 2917 1833 σωτηρίου,
2959 1759 3119 1820 αὐτὸς
3184 1756 3378 1809 ἑαυτὸν
3422 1753 3561 1807 εἶναι
3606 1752 3717 1805 ὲδί-

2133 1858 2299 1910 δασκε
2320 1873 2333 1885 ⁸
2378 1857 2474 1909 καὶ
2508 1852 2665 1907 τοῦτο
2694 1855 2727 1924 ἡ
2765 1852 2885 1905 θεία
2922 1849 3014 1902 τοῦ
3048 1846 3379 1916 Εύαγγελίου
3414 1845 3712 1917 παρίστησι

2141 1954 2329 2024 Γραφή
2351 1970 2363 1982 ·
2405 1951 2737 2023 Ὠμολὸγησε
2759 1949 2887 2019 γὰρ,
2925 1948 3107 2019 φησὶν,
3129 1947 3210 1999 ὃτι
3239 1946 3360 1999 Οὐκ
3385 1944 3501 2013 εἰμὶ
3537 1942 3652 2013 ἐγὼ
3679 1946 3713 1998 ό

2134 2043 2405 2113 Χριστὸς,
2443 2044 2579 2098 ἀλλ’
2612 2044 2726 2111 ἐγὼ
2754 2041 2921 2111 φωνὴ
2954 2038 3222 2105 βοῶντος
3267 2038 3336 2091 ἐν
3379 2035 3455 2105 τῇ
3491 2035 3710 2105 ἐρήμῳ,

460 2143 625 2187 atrum
651 2134 816 2195 stetit,
847 2148 998 2201 quem
1022 2148 1109 2185 vos
1133 2132 1341 2185 nescitis
1370 2132 1437 2185 ’³.
1468 2130 1642 2184 Lucas
1678 2130 1803 2184 item
1851 2128 2031 2185 simili-

2135 2135 2437 2188 Εὐθύνατε
2471 2131 2585 2199 τὴν
2624 2130 2769 2184 ὁδὸν
2807 2130 3059 2197 Κυρίου·
3106 2125 3220 2196 ἐγὼ
3251 2124 3516 2191 ,ϐαπτίζω
3554 2123 3713 2193 ὑμᾶς

461 2232 548 2279 ter
576 2229 784 2287 narrat,
820 2221 1289 2277 confabulantibns
1321 2222 1533 2276 cunctis
1562 2223 1706 2277 circa
1739 2220 2030 2276 Jordanem

460 2318 529 2370 de
581 2312 812 2378 Joanne,
871 2328 997 2366 num
1053 2314 1098 2367 is
1144 2312 1394 2367 Christus
1449 2320 1610 2379 esset,
1676 2312 2023 2382 respondisse

459 2404 721 2461 Joannem
761 2419 774 2455 :
806 2401 917 2472 Ego
949 2402 1163 2472 quidem
1216 2418 1303 2455 vos
1335 2419 1474 2471 aqua
1518 2402 1743 2471 baptizo,
1775 2405 1909 2456 venit
1931 2420 2032 2456 au-

460 2508 564 2551 tem
590 2495 680 2565 qui
713 2510 795 2548 me
825 2493 1018 2563 [artior
1040 2502 1154 2558 est;
1208 2493 1317 2560 ipse
1364 2508 1450 2546 vos
1494 2492 1778 2561 baptizabit
1830 2491 2032 2562 Spiritu

459 2597 643 2642 sancto
676 2597 723 2639 et
750 2586 867 2653 igne
897 2585 962 2639 ³ο.
1000 2584 1136 2651 Quid
1166 2593 1249 2638 est
1290 2594 1472 2638 autem
1505 2583 1683 2654 ignis?
1728 2597 1916 2652 nempe
1950 2583 2031 2636 rei

458 2675 674 2733 inutilis
705 2674 1069 2744 consumptio,
1098 2685 1155 2729 et
1178 2674 1342 2728 ardor
1368 2674 1610 2743 spiritus.
1646 2674 1842 2728 Eodem
1870 2687 2031 2728 sensu

459 2767 698 2825 Joannes
733 2782 951 2837 quoque
1008 2764 1326 2837 (apostolus)
1379 2767 1605 2820 aiebat:
1641 2764 1743 2819 Hic
1789 2766 1928 2819 venit
1977 2768 2032 2819 in

461 2861 841 2924 testimonium,
876 2870 930 2912 ut
972 2860 1326 2913 testimonium
1370 2858 1657 2926 perhiberet
1692 2858 1756 2911 de
1810 2857 2029 2923 lumine,

460 2963 517 3005 ut
550 2968 724 3005 omnes
752 2954 1019 3005 crederent
1054 2966 1143 3017 per
1176 2950 1367 3016 ipsum.
1402 2948 1524 3001 Non
1555 2958 1667 3002 erat
1699 2949 1789 3002 ille
1828 2949 2025 3013 lumen,

461 3044 552 3098 sed
580 3053 634 3095 ut
671 3040 1026 3095 testimonium
1057 3040 1344 3109 perhiberet
1376 3039 1440 3092 de
1477 3039 1672 3093 lumine
1704 3039 1770 3091 δι.
1809 3038 1915 3093 Sed
1944 3039 2032 3093 hic

463 3133 684 3201 quidem
730 3132 805 3185 ita
854 3131 1067 3183 initium
1111 3129 1510 3198 praedicationis
1558 3130 1811 3195 faciebat,
1863 3129 2033 3184 dedu-

462 3238 595 3278 cens
658 3222 807 3277 vocis
868 3222 1043 3276 instar
1095 3222 1370 3276 hominum
1441 3221 1651 3275 animas
1685 3222 1751 3274 ad
1804 3221 2031 3289 perfecti

462 3314 615 3368 verbi
648 3314 1063 3382 susceptionem.
1111 3313 1470 3379 Quamobrem
1504 3311 1762 3365 Joannem
1812 3312 2033 3366 inchoa-

463 3407 669 3462 tionem
696 3420 814 3460 esse
848 3405 1148 3475 Evangelii,
1178 3405 1389 3459 Marcus
1424 3405 1757 3458 demonstrat
1782 3405 1847 3456 3’.
1874 3403 2031 3459 Post-

2131 2226 2200 2277 ἐν
2230 2224 2421 2286 ὕδατι,
2449 2220 2639 2291 μέσος
2676 2220 2744 2274 δὲ
2784 2218 2949 2289 ὑμῶν
2981 2218 3268 2285 εἱστήκει,
3304 2216 3375 2271 ὃν
3405 2216 3573 2285 ὑμεῖς
3600 2218 3712 2269 οὐκ

2131 2317 2346 2372 οἴδατε.
2385 2316 2494 2369 Καὶ
2525 2314 2739 2376 Λουκᾶς
2765 2312 2822 2365 δὲ
2853 2312 2921 2365 τὰ
2961 2312 3122 2382 ὅμοια
3158 2312 3396 2381 ἱστορεῖ,
3433 2309 3515 2361 ὅτι
3550 2306 3707 2385 Πάτ-

2130 2427 2246 2462 των
2265 2403 2753 2474 διαλογιζομένων
2768 2403 2901 2472 περὶ
2935 2402 3224 2467 Ἰωάννου,
3244 2401 3330 2471 μή
3352 2418 3493 2455 ποτε
3520 2400 3706 2465 αὐτὸς

2130 2503 2222 2570 εἴη
2250 2505 2281 2555 d
2308 2500 2582 2570 Χριστὸς,
2612 2499 2969 2566 ἀπεκρίνατο
3003 2499 3035 2550 ὁ
3076 2494 3382 2562 Ἰωάννηςο
3424 2492 3566 2562 Ἐγὼ
3583 2491 3706 2561 μὲν

2131 2593 2301 2647 ὕδατι
2341 2590 2604 2657 βαπτίζω
2648 2588 2825 2659 ὑμᾶς,
2858 2590 3091 2658 ἔρχεται
3137 2587 3205 2640 δὲ
3245 2590 3278 2640 ὁ
3323 2584 3705 2656 ἰσχυρότερός

2127 2701 2266 2755 μου’
2294 2685 2476 2750 αὐτὸς
2505 2681 2663 2752 ὑμᾶς
2692 2681 2979 2747 βαπτίσει
3005 2680 3075 2733 ἐν
3103 2679 3403 2748 Πνεύματι
3432 2678 3575 2745 ἁγίῳ
3609 2676 3711 2728 καὶ

2133 2776 2295 2844 πυρί.
2337 2775 2402 2827 Tl
2435 2774 2491 2827 δὲ
2522 2774 2582 2827 τὸ
2629 2771 2771 2844 πῢρ;
2812 2774 2845 2842 ἡ
2893 2770 2992 2824 τοῦ
3040 2771 3239 2839 κούφου
3275 2770 3508 2839 δαπάνη,
3549 2769 3642 2821 καὶ
3674 2768 3708 2837 ὴ

2134 2866 2281 2931 ζέσις
2309 2864 2402 2919 τοῦ
2438 2864 2766 2936 πνεύματος.
2799 2863 2912 2932 Τῆς
2944 2862 3116 2932 αὐτῆς
3144 2862 3323 2933 ἔχεται
3351 2860 3586 2922 διανοίας
3617 2859 3712 2911 καὶ

2132 2962 2161 3013 6
2199 2961 2445 3031 Ἰωάννης
2494 2958 2665 3026 λέγων
2690 2974 2702 2987 ·
2764 2952 2953 3022 Οὗτος
2992 2951 3180 3025 ἦλθεν
3224 2956 3313 3021 εἰς
3353 2953 3707 3023 μαρτυρίαν,

2135 3055 2235 3107 ἵνα
2256 3050 2616 3122 μαρτυρήσῃ
2659 3048 2791 3116 περὶ
2824 3049 2931 3103 τοῦ
2969 3046 3197 3116 φωτὸς,
3230 3046 3329 3099 ἵνα
3368 3046 3589 3109 πάντες
3619 3060 3711 3096 πι-

2136 3144 2436 3199 στεύσωσι
2471 3141 2542 3194 δι’
2570 3140 2776 3195 αὐτοῦ’
2806 3142 2915 3195 οὐκ
2946 3136 3023 3209 ἦν
3047 3139 3278 3204 ἐκεῖνος
3302 3138 3367 3190 τὸ
3394 3137 3543 3206 φῶς,
3572 3137 3709 3190 ἀλλ’

2135 3236 2237 3288 ἵνα
2271 3232 2625 3303 μαρτυρήσῃ
2660 3231 2791 3298 περὶ
2822 3231 2927 3284 τοῦ
2970 3230 3181 3298 φωτός.
3235 3228 3373 3280 Ἀλλ’
3412 3221 3572 3291 οὗτος
3612 3226 3711 3297 μὲν

2135 3320 2235 3378 ὧδέ
2266 3343 2340 3394 πη
2372 3323 2784 3394 προκατὴρχετο
2819 3320 2913 3373 τοῦ
2942 3318 3314 3391 κηρύγματος,
3339 3316 3596 3370 ὁδοποιῶν
3621 3311 3710 3368 οἷα

2139 3417 2289 3488 φωνὴ
2333 3416 2429 3479 τὰς
2476 3415 2584 3467 τῶν
2629 3411 2930 3484 ἀνθρώπων
2977 3412 3153 3481 ψυχὰς
3199 3412 3278 3473 εἰς
3311 3409 3577 3479 ὑποδοχὴν
3615 3407 3709 3460 τοῦ

463 3514 626 3567 quam
652 3513 780 3552 vero
811 3513 914 3551 vox
941 3499 1088 3551 siluit
1115 3513 1339 3552 munere
1362 3513 1462 3552 suo
1493 3495 1772 3561 defuncta,
1798 3506 1853 3550 et
1880 3497 2031 3565 quasi

2136 3468 2341 3561 τελείου
2379 3468 2537 3574 λόγου
2557 3522 2570 3534 ·
2614 3468 2765 3556 ἔνθεν
2809 3468 3033 3565 εἰκότως
3055 3468 3324 3571 ’άπαρχῆν
3347 3498 3439 3552 τοῦ
3466 3468 3710 3564 ἓύαγγε-

462 3590 656 3659 exigua
685 3590 976 3658 phospltori
1010 3591 1127 3643 luce
1163 3601 1370 3645 mentes
1406 3589 1683 3643 hominum
1732 3589 1844 3658 jam
1873 3590 2033 3644 clari-

462 3683 766 3749 ﬁcaverat,
835 3693 964 3739 tunc
1018 3697 1231 3737 demum
1287 3684 1617 3752 unigenitum
1676 3682 1818 3752 quod
1876 3693 2032 3737 antea

462 3777 760 3831 exsistebat
793 3775 889 3831 Dei
916 3775 1174 3842 Verbum,
1206 3776 1451 3845 proprios
1481 3791 1605 3830 caro
1634 3774 1833 3829 factum
1856 3776 2036 3831 emisit

465 3868 803 3940 splendores.

1185 4138 1322 4194 XIV.

539 4233 680 4288 Salis
742 4232 988 4303 symbolo
1048 4234 1431 4302 discipulorum
1506 4248 1725 4287 suorum
1778 4232 2031 4285 virtutem

465 4325 639 4380 innuit
673 4325 738 4379 ³³.
795 4324 930 4378 Nam
958 4325 1083 4393 quia
1126 4325 1253 4377 salis
1302 4334 1495 4377 natura
1547 4339 1613 4379 ex
1651 4338 1791 4393 aqua
1818 4336 1872 4377 et
1904 4324 2033 4377 ﬂatu

463 4426 700 4482 constat,
724 4433 916 4488 parum
963 4417 1089 4485 quid
1126 4417 1327 4471 terreni
1377 4416 1733 4486 participans,
1767 4426 1821 4471 et
1847 4432 2036 4470 corru-

461 4511 732 4580 ptibilium
784 4526 1072 4580 corporum
1118 4508 1315 4563 ﬂuxam
1366 4520 1618 4564 naturam
1660 4512 2034 4582 constringere

462 4602 623 4667 solet,
656 4603 727 4656 ita
762 4612 821 4655 ut
850 4604 1013 4655 etiam
1061 4602 1324 4656 cadavera
1372 4602 1696 4671 prmvalente
1725 4604 1775 4657 vi
1814 4619 2034 4657 conser-

460 4706 581 4761 vet;
634 4695 1022 4750 convenienter
1086 4695 1382 4764 discipulos
1451 4712 1580 4750 suos
1649 4696 1777 4750 salis
1829 4709 2035 4750 natura:

2135 3600 2248 3653 λίου
2301 3596 2462 3650 αὑτὸν
2510 3594 2649 3649 εἶναι
2702 3597 2730 3648 ὁ
2776 3594 3000 3665 Μάρκος
3049 3592 3357 3646 ἐδίδασκεψ
3415 3590 3599 3660 ἐπειδὴ
3649 3588 3710 3642 δὲ

2136 3689 2343 3744 ἐσιώπα
2371 3688 2467 3758 μὲν
2494 3689 2526 3757 ὴ
2552 3686 2702 3757 φωνὴ
2732 3686 2801 3738 τὰ
2824 3688 2996 3738 οἰκεῖα
3027 3684 3363 3755 πληρώσασα
3390 3682 3551 3754 μέρη,
3582 3698 3710 3751 σμι-

2136 3780 2254 3852 κρῷ
2290 3798 2347 3832 τε
2388 3773 2476 3832 οἷα
2506 3778 2777 3849 φωσφόρῳ
2819 3777 2959 3847 φωτὶ
2989 3776 3086 3840 τὰς
3115 3776 3223 3828 τῶν
3252 3773 3555 3845 ἀνθρώπων
3581 3790 3713 3827 κατ-

2141 3873 2427 3940 αυγὰσασα
2475 3869 2744 3933 διανοίας,
2791 3869 2952 3931 αὐτὸς
3006 3868 3070 3939 δὴ
3116 3866 3298 3920 λοιπὸν
3339 3868 3367 3919 6
3420 3866 3713 3937 μονογενὴς

2137 3967 2231 4019 καὶ
2274 3963 2454 4035 προὼν
2489 3963 2581 4018 τοῦ
2622 3962 2756 4015 Θεοῦ
2796 3962 2967 4031 Λόγος
3003 3961 3091 4013 διὰ
3141 3960 3339 4031 σαρκὸς
3364 3959 3461 4023 τὰς
3506 3960 3712 4022 οἰκείας

2137 4058 2410 4125 ἐξέπεμπε
2441 4054 2830 4127 μαρμαρυγὰς.

2798 4146 2873 4200 ιιι
2914 4147 3048 4217 (93).

2210 4243 2305 4296 Διὰ
2337 4242 2429 4296 τοῦ
2463 4242 2571 4295 τῶν
2602 4242 2744 4295 ἁλῶν
2780 4240 3047 4311 συμϐόλου
3086 4240 3185 4311 τὴν
3220 4239 3449 4309 δύναμιν
3477 4237 3708 4291 αἰνίττε-

2136 4351 2224 4387 ται
2251 4335 2360 4387 τῶν
2396 4333 2655 4405 μαθητῶν
2694 4333 2880 4386 αὐτοῦ.
2931 4333 3084 4384 Ἐπεὶ
3109 4332 3216 4401 γὰρ
3250 4334 3298 4383 οἱ
3334 4332 3457 4393 ἃλις
3486 4331 3583 4401 τὴν
3610 4329 3711 4398 μὲν

2134 4425 2319 4477 οὐσίαν
2360 4424 2419 4487 ἐξ
2456 4425 2644 4487 ὓδατος
2688 4425 2781 4477 καὶ
2822 4424 3130 4491 πνεύματος
3176 4425 3551 4494 συνεστήκασι,
3590 4439 3711 4491 σμιο

2136 4518 2264 4588 κρόν
2292 4536 2343 4570 τι
2368 4518 2460 4570 τοῦ
2486 4515 2718 4585 γεώδους
2756 4517 3089 4587 μετέχοντες,
3118 4516 3217 4586 τῆς
3241 4517 3298 4570 δὲ
3322 4516 3430 4569 τῶν
3453 4516 3710 4587 φθαρτῶν

2139 4609 2403 4679 σωμάτων
2441 4609 2672 4679 ῥευστῆς
2704 4609 2917 4678 φύσεως
2956 4610 3289 4662 πυκνωτικοὶ
3329 4610 3711 4679 τυγχάνουσιν,

2135 4701 2209 4764 ὼς
2249 4702 2344 4754 καὶ
2391 4700 2459 4753 τὰ
2498 4701 2665 4771 νεκρὰ
2698 4702 3007 4774 διακρατεῖν
3055 4703 3281 4775 σώματα
3311 4704 3584 4777 κρείττονι
3623 4704 3712 4757 δυ-

461 4798 764 4860 comparat,
794 4787 1049 4855 quoniam
1095 4796 1149 4841 et
1178 4788 1279 4855 ipsi
1326 4802 1391 4840 ex
1438 4803 1577 4857 aqua
1608 4799 1663 4843 et
1704 4788 1907 4858 Spiritu
1940 4805 2031 4858 ge-

2135 4793 2293 4862 νάμει
2317 4810 2331 4822 ⁸
2374 4795 2599 4857 εἰκότως
2630 4796 2755 4859 τοὺς
2787 4796 2935 4865 αὐτῷ
2983 4795 3451 4866 μαθητευομένους
3494 4800 3560 4866 τῇ
3600 4796 3712 4849 τῶν

461 4882 563 4936 niti
611 4881 847 4943 fuerant,
883 4890 1050 4950 atque
1094 4881 1317 4934 omnino
1358 4881 1563 4950 Spiritu
1613 4881 1863 4946 animati,
1922 4898 2028 4937 non

461 4985 641 5029 autem
701 4974 1000 5028 secundum
1062 4989 1278 5028 carnem
1328 4975 1600 5039 viventes,
1670 4976 1798 5030 salis
1860 4976 2032 5029 instar

462 5065 863 5132 quodammodo
897 5072 1074 5129 erant,
1117 5064 1526 5132 corruptibilem
1562 5075 1896 5120 terrenorum
1928 5068 2030 5121 ho-

464 5155 669 5209 minum
710 5157 876 5210 vitam
908 5155 1244 5224 corrigentcs
1266 5167 1428 5224 atque
1454 5156 1819 5221 obdurantes;
1851 5168 1907 5211 et
1937 5173 2031 5213 eos

461 5249 555 5314 qui
613 5250 883 5315 probitate
925 5264 1137 5302 morum
1181 5248 1312 5315 ipsis
1366 5249 1818 5317 propinquabant,
1869 5250 2031 5317 perfi-

462 5338 667 5393 cientes
696 5341 947 5410 dulcique
976 5343 1135 5397 veluti
1170 5356 1365 5409 sapore
1408 5342 1691 5395 donantes.
1738 5340 2029 5410 Propterea

2136 4884 2277 4938 ἁλῶν
2328 4886 2662 4957 παραϐάλὶει
2701 4888 2889 4956 φύσει,
2940 4888 3063 4939 ἐπεὶ
3099 4888 3195 4940 καὶ
3226 4887 3379 4940 αὐτοὶ
3417 4886 3477 4950 ἐξ
3522 4886 3710 4950 "vitiato;

2136 4978 2231 5031 xui.
2256 4978 2570 5049 Πνεύματός
2609 4980 2713 5033 εἱσι
2758 4979 3113 5051 γεγενημένοι
3161 4979 3270 5033 ὅλοι
3311 4997 3371 5032 τε
3430 4979 3711 5050 Πνεύματι

2138 5068 2365 5135 ζῶντες,
2415 5072 2509 5125 καὶ
2554 5074 2613 5125 οὐ
2658 5073 2801 5125 κατὰ
2848 5074 3024 5145 σάρκα
3080 5074 3347 5145 βιοῦντες,
3389 5073 3514 5135 ἆλες
3561 5072 3710 5135 τινὲς

2138 5164 2325 5236 ὥσπερ
2354 5165 2616 5235 ὑπῆρχον,
2646 5165 2739 5218 τὸν
2765 5166 3059 5236 φθαρτικὸν
3086 5166 3199 5235 βίον
3230 5166 3338 5219 τῶν
3358 5166 3449 5217 ἐπὶ
3474 5165 3580 5235 γῆς
3614 5166 3707 5218 ἁν-

2140 5256 2372 5328 θρώπων
2402 5256 2818 5328 ἐπιστρέφοντες
2857 5259 2949 5311 καὶ
2991 5256 3349 5325 ποκνοῦντες,
3378 5256 3454 5327 τῷ
3478 5275 3537 5309 τε
3570 5255 3707 5309 κατὰ

2138 5348 2339 5419 ἀρετὴν
2372 5349 2470 5421 βίῳ
2497 5349 2622 5412 τοὺς
2662 5351 2843 5413 αὐτοῖς
2872 5350 3261 5422 πλησιάζοντας
3287 5351 3577 5423 ἀρτύοντες
3612 5348 3705 5402 καὶ

462 5454 507 5486 ’⁸
529 5452 687 5509 Joan.
738 5472 777 5519 ι,
806 5456 896 5521 25,
927 5457 1017 5511 26.
1094 5459 1137 5489 ³ο
1163 5457 1291 5511 Luc.
1322 5472 1403 5519 nt,
1434 5455 1519 5511 15.
1596 5455 1638 5486 ³³
1666 5454 1820 5508 Joan.
1854 5472 1893 5517 ι,
1933 5456 1987 5509 7.

2135 5458 2297 5514 Marc.
2335 5476 2375 5525 ι,
2410 5460 2462 5513 4.
2539 5460 2582 5492 ⁸³
2610 5461 2801 5517 Matth.
2828 5478 2883 5526 v,
2916 5463 3002 5516 15.

535 5550 646 5623 (94)
680 5552 873 5606 Totum
904 5553 1006 5608 hoc
1040 5553 1393 5623 fragmentum
1424 5552 1582 5605 unica
1632 5553 1801 5604 ferme
1839 5551 2025 5623 Grmca

463 5620 685 5687 periodo
724 5630 958 5685 constat,
988 5620 1150 5691 quam
1192 5625 1407 5688 longam
1457 5623 1832 5676 circnitionem
1874 5622 2028 5677 valde

463 5702 778 5745 consuetam
827 5706 946 5745 esse
1005 5694 1235 5747 Eusebio
1287 5696 1538 5747 observat
1599 5692 2029 5747 lilontfauconins

466 5761 619 5828 prmi.
652 5778 703 5831 p.
736 5763 787 5819 6.
827 5762 888 5815 ad
920 5763 1161 5828 eiusdem
1195 5763 1639 5818 Commentariun:
1683 5762 1737 5815 in
1782 5764 2028 5818 psalmos.

2208 5556 2318 5625 (95)
2343 5556 2427 5630 _ln
2477 5558 2663 5613 codice
2704 5560 2769 5613 A.
2820 5558 2859 5613 f.
2896 5556 3022 5613 205.
3073 5559 3130 5613 b.
3163 5562 3485 5630 perspicuus
3521 5558 3709 5613 titulus

2132 5627 2425 5681 Εὑσεϐίου
2448 5630 2664 5696 βιϐλίῳ
2689 5630 2939 5695 τετάρτῳ
2971 5627 3349 5699 Θεοφανείαξ.
3380 5632 3536 5688 Solus
3566 5632 3707 5687 enim

2141 5698 2400 5756 ordinatis
2434 5715 2690 5755 numerus
2721 5702 2773 5755 in
2810 5698 3130 5770 compendio
3163 5713 3263 5758 est.
