4098 6200
359 314 463 373 665

1696 316 1783 372 DE
1822 316 2281 376 TllEOPHANfA.

3486 323 3590 379 666

356 441 767 513 καθηδύνοντες.
798 438 981 513 ταύτῃ
1005 455 1087 492 τοι
1118 437 1209 492 καὶ
1240 436 1479 509 Μωῦσῆς
1507 440 1813 511 ἐνομοθέτει
1850 442 1938 497 6ιά

2036 455 2089 500 et
2125 444 2333 515 Moyses
2385 443 2499 515 lege
2534 442 2813 500 sanciebat
2865 453 2923 500 ut
2974 444 3131 514 quasi
3163 422 3464 517 symbolum
3511 448 3591 503 sal

354 532 643 603 συμϐόλων
670 532 798 595 τοὺς
822 530 955 592 ἅλας
978 525 1309 600 προσφέρειν
1332 525 1416 597 τῷ
1434 526 1578 596 Θεῷ,
1611 521 1711 581 ὧδέ
1747 547 1821 599 πη
1849 529 1930 581 λέ-

350 641 471 695 των
495 639 510 655 ·
556 623 663 677 Καὶ
700 620 821 677 πᾶν
854 619 1047 688 δῶρον
1078 618 1295 683 θυσίας
1332 616 1500 687 ὑμῶν
1540 618 1640 672 ἁλὶ
1681 618 1930 686 ἁλισθή-

353 734 530 773 σεται
548 735 561 748 ·
592 716 704 771 ἀλλ’
733 716 879 787 ὅμως
910 712 977 767 δι’
1002 710 1273 782 αἰσθητῶν
1300 710 1567 781 σωμάτων
1588 709 1738 764 ταῦτ’
1758 712 1933 764 ἐπιτε-

360 810 479 864 λεῖν
508 807 832 879 ἐνομοθέτει.
876 807 935 858 ὐ
974 804 1033 858 δὲ
1074 802 1182 856 τῶν
1216 802 1419 855 καινῶν
1456 801 1718 871 αὐθέντης
1752 802 1930 873 νόμων

358 903 490 964 τοὺς
527 899 659 962 ἃλας
701 900 836 969 ἡμῖν
878 897 1005 959 τοὺς
1048 893 1312 979 θεοφιλεῖς
1358 893 1649 965 διαρρήδην
1700 893 1929 957 ἐδείκνυ,

357 992 580 1053 τούτους
604 985 745 1043 εἶναι
764 987 1035 1060 παριστὰς
1055 986 1181 1049 τοὺς
1205 985 1447 1055 φύλακας
1464 984 1573 1037 τῶν
1598 984 1761 1038 αὑτοῦ
1791 1002 1931 1058 παρ-

358 1082 718 1154 αγγελμάτων
742 1097 757 1113 ·
815 1075 900 1143 οἷς
925 1079 1022 1133 καὶ
1050 1080 1132 1142 εἰς
1168 1078 1458 1150 πρόσωπον
1489 1076 1697 1146 ἔλεγεν
1734 1077 1929 1148 ’Υμεῒς

357 1176 501 1230 ἐστε
534 1174 604 1230 τὸ
630 1174 788 1242 ἅλας
819 1171 930 1242 τῆς
956 1170 1087 1242 τῆς.

1046 1284 1125 1338 ιε’
1158 1281 1290 1355 (96).

428 1397 567 1470 Φησὶ
592 1396 704 1471 γάρ
723 1414 738 1429 ·
772 1396 916 1462 Πᾶς,
939 1395 1008 1461 ὃς
1045 1394 1122 1448 ἂν
1143 1393 1489 1462 ὁμολογήσῃ
1515 1390 1586 1445 ἐν
1608 1390 1759 1461 ἐμοὶ,
1791 1390 1932 1460 δμο-

360 1486 760 1557 λοτηθήσεται
784 1484 1039 1539 ἐνώπιον
1066 1480 1184 1535 τῶν
1224 1481 1509 1551 ἀγγέλων.
1545 1481 1631 1544 Ὧς
1684 1478 1792 1552 γάρ
1827 1477 1933 1547 ,ἐπὶ

360 1578 646 1651 ἡγεμόνων
671 1576 766 1631 καὶ
794 1574 1076 1647 βασιλέων,
1106 1574 1136 1627 ὁ
1170 1571 1273 1643 τῆς
1312 1572 1451 1643 ὲμῆς
1495 1570 1766 1642 βασιλείας
1797 1571 1931 1642 γνή-

365 1686 476 1731 σιος
503 1666 837 1739 στρατιώτης
857 1661 1422 1735 πεπαῤῥησιασμένως
1439 1660 1535 1733 τὴν
1553 1662 1633 1726 είς
1658 1661 1757 1731 ἐμὲ
1776 1662 1933 1731 ποιή-

369 1774 521 1810 σεται
558 1754 868 1826 ὁμολογίαν,
911 1752 1050 1806 οὕτω
1100 1752 1253 1821 κάγὼ
1294 1752 1384 1805 τὸν
1434 1752 1670 1806 τοιοῦτον
1707 1752 1930 1823 ἀμειϐό-

372 1866 530 1919 μενος
561 1847 699 1901 κατά
728 1847 819 1900 τὸν
866 1846 966 1915 τῆς
1010 1847 1152 1918 ἐμῆς
1179 1845 1454 1916 βασιλείας
1484 1845 1691 1917 καιρὸν,
1724 1845 1931 1916 μάρτυς

368 1940 519 2011 αὐτῷ
551 1941 963 2011 παραστήσομαι
1020 1939 1117 2009 τῆς
1172 1936 1429 2000 εὐσεϐοῦς
1476 1934 1788 2007 ὁμολογίας,
1832 1934 1933 1997 τὰς

368 2032 665 2096 ἐνστάσεις,
722 2032 813 2084 καὶ
854 2029 950 2102 τὴν
993 2029 1325 2100 παρρησίαν,
1380 2028 1473 2082 καὶ
1508 2026 1606 2098 τὴν
1637 2025 1929 2097 ὑπομονὴν,

370 2122 545 2177 καὶτὸ
572 2120 769 2175 τέλειον
788 2120 887 2190 τῆς
911 2120 1047 2191 πρὸς
1062 2119 1192 2173 Θεὸν
1214 2120 1452 2189 ἀγάπης,
1482 2117 1607 2182 τούς
1635 2136 1691 2171 τε
1716 2116 1933 2179 λοιποὺς

368 2214 562 2277 ἄθλους
586 2213 684 2283 τῆς
718 2208 965 2281 φιλοθέου
990 2209 1277 2280 στρατείας
1302 2208 1465 2263 αὐτοῦ
1495 2206 1934 2280 καταριθμούμε-

367 2323 480 2369 νος,
508 2304 603 2359 καὶ
645 2302 745 2374 τὴν
794 2301 934 2371 ὑπὲρ
981 2298 1147 2354 αὐτοῦ
1206 2299 1530 2373 συνηγορίαν
1578 2299 1933 2369 ποιησόμενος

366 2396 456 2448 ἐπὶ
479 2394 573 2449 τοῦ
603 2393 814 2465 Πατρός
843 2410 940 2462 μου
963 2390 1058 2444 τοῦ
1090 2392 1146 2443 ὲν
1163 2391 1407 2462 οὐρανοῖς
1425 2408 1439 2422 ·
1460 2390 1659 2461 ταύτην
1700 2389 1933 2459 ἀμοιϐὴν

366 2484 610 2538 ἐντεῦθεν
636 2483 739 2554 ἤδη
778 2481 1032 2553 παρέξειν
1065 2480 1465 2551 ἐπαγγέλλομαι
1495 2483 1605 2545 τοῖς
1628 2482 1778 2551 ἐμοῖς
1806 2482 1935 2549 ὁμο-

369 2575 620 2647 λογηταῖς
668 2574 763 2628 καὶ
809 2573 1042 2644 μάρτυσι
1095 2573 1206 2634 τοῖς
1260 2570 1353 2622 ἐπὶ
1384 2570 1599 2623 πάντων
1639 2568 1935 2640 ἀνθρώπων

367 2662 937 2737 πεπαρῤησιασμένως
1001 2660 1104 2733 τὴν
1166 2661 1303 2731 ἐμὴν
1362 2660 1735 2731 ἀνακηρύξασι
1784 2660 1935 2730 βασι-

367 2757 534 2812 λείαν.
562 2755 671 2810 Καὶ
695 2754 749 2807 τί
779 2754 823 2808 δ’
856 2752 924 2807 ἂν
950 2752 1160 2823 γένοιτο
1191 2750 1597 2823 μακαριώτερον
1629 2750 1729 2821 τῆς
1756 2749 1935 2804 τοιαύ-

366 2865 467 2919 της
488 2845 845 2915 ἐπαγγελίαςς
893 2843 958 2897 Τί
986 2843 1029 2897 δ’
1070 2842 1138 2898 ἂν
1179 2844 1424 2914 κρεῖττον
1466 2842 1560 2895 καὶ¹
1605 2842 1936 2912 ἐνδοξότερον

367 2939 463 2992 τοῦ
490 2938 593 3009 πρὸ
621 2937 714 2990 τοῦ
749 2935 889 2988 θείου
933 2934 1173 3005 βήματος
1198 2933 1359 2987 αὑτὸν
1402 2933 1494 2987 τὸν
1534 2934 1797 3004 μονογενῆ
1840 2932 1934 2986 τοῦ

368 3030 501 3083 Θεοῦ
532 3028 702 3097 Λόγον
737 3025 1092 3092 ἀναδέξασθαι
1115 3026 1214 3096 τὴν
1259 3024 1397 3096 ὑπὲρ
1431 3023 1588 3095 ⁴ἡμῶν
1616 3024 1934 3095 ὁμολογίαν;

1959 1801 2006 1861 Β

2029 537 2141 592 Deo
2170 535 2476 603 offerretur,
2530 537 2609 592 sic
2659 539 2844 594 dicens
2875 556 2887 592 :
2927 535 2995 590 Et
3033 553 3182 617 ompe
3220 554 3409 593 munus
3434 541 3593 592 sacri-

2026 629 2137 699 ﬁcii
2169 628 2320 684 vestri
2361 628 2470 684 sale
2500 630 2791 686 condietur.
2852 629 2915 683 Et
2957 629 3045 682 ille
3074 628 3289 698 quidem
3324 629 3594 684 sensibili-

2028 719 2129 774 bus
2177 717 2494 789 corporibus
2532 720 2646 775 hac
2694 720 2809 773 fieri
2847 718 3160 773 mandabat.
3218 720 3289 773 At
3328 734 3588 774 novarum

2028 819 2218 867 auctor
2262 811 2438 881 legum
2484 811 2594 865 sale
2632 811 2789 867 nobis
2819 810 3066 865 homines
3109 810 3218 866 Deo
3263 826 3418 865 caros
3464 827 3589 881 per-

2029 905 2217 975 spicue
2240 904 2461 959 denotat
2488 903 2555 967 ⁸⁶,
2600 904 2699 958 hos
2729 904 3106 957 mandatorum
3155 918 3374 958 suorum
3402 904 3591 957 obser-

2027 1003 2245 1050 vatores
2285 1009 2405 1049 esse
2450 990 2744 1050 affirmans.
2784 992 2989 1061 Quibus
3032 993 3197 1048 etiam
3227 993 3451 1049 aiebat:
3488 992 3587 1047 Vos

2028 1088 2151 1142 estis
2180 1085 2260 1143 sal
2287 1096 2440 1143 terra:
2470 1086 2542 1141 ³⁸.

2757 1262 2874 1318 XV.

2029 1395 2046 1447 i
2097 1397 2191 1452 Ait
2244 1396 2427 1452 enim:
2481 1396 2791 1467 Quicunque
2831 1396 3103 1465 confessus
3156 1396 3317 1466 fuerit
3362 1396 3426 1450 de
3473 1412 3590 1462 me,

2032 1487 2289 1556 confessio
2331 1490 2394 1543 de
2434 1506 2494 1544 eo
2536 1490 2627 1557 ﬁet
2676 1506 2856 1543 coram
2907 1489 3105 1559 angelis
3131 1490 3199 1543 ³⁸.
3241 1490 3400 1543 Sicut
3444 1490 3588 1543 enim

2032 1577 2175 1647 apud
2216 1577 2379 1633 duces
2415 1592 2677 1647 regesque
2722 1578 2815 1643 fit,
2858 1578 2947 1633 ille
2989 1579 3081 1647 qui
3123 1579 3225 1632 mei
3267 1578 3420 1647 regni
3461 1578 3591 1632 fide-

2030 1667 2097 1722 lis
2129 1668 2281 1723 miles
2313 1668 2650 1723 confidenter
2691 1670 2758 1723 de
2806 1684 2892 1724 me
2937 1669 3328 1724 confessionem
3381 1668 3591 1732 fecerit,

2032 1759 2177 1813 hunc
2202 1773 2300 1826 ego
2335 1759 2569 1815 vicissim
2606 1772 2983 1824 remunerans,
3012 1759 3161 1829 regni
3191 1760 3293 1813 mei
3328 1768 3588 1829 tempore,

2035 1851 2185 1905 testis
2205 1851 2253 1906 ei
2299 1851 2461 1905 adero
2493 1850 2757 1920 religiosa:
2786 1851 3195 1916 confessionis;
3231 1865 3437 1919 pugnas
3465 1865 3590 1918 per-

2032 1952 2203 2006 actas,
2256 1940 2419 1995 animi
2468 1939 2838 2005 alacritatem,
2908 1943 3244 2010 patientiam,
3296 1940 3588 2010 perfectam

2031 2048 2159 2100 erga
2201 2031 2367 2086 Deum
2410 2032 2749 2096 citaritatem,
2790 2042 2843 2085 et
2874 2032 3073 2101 reliqua
3105 2033 3214 2087 Deo
3237 2032 3440 2086 devota:
3473 2031 3591 2101 ejus

2032 2124 2237 2178 militiae
2281 2124 2583 2178 certamina
2638 2132 2989 2192 computans,
3041 2124 3200 2191 eique
3244 2124 3591 2192 patrocinans

2033 2214 2171 2281 apud
2224 2212 2433 2266 Patrem
2483 2226 2660 2266 meum
2716 2211 2805 2280 qui
2854 2213 2905 2265 in
2951 2211 3106 2265 etelis
3150 2223 3253 2266 est.
3310 2211 3461 2266 Hanc
3508 2227 3592 2265 re-

2035 2303 2385 2358 tributionem
2406 2302 2517 2370 jam
2557 2318 2699 2358 nunc
2744 2303 2985 2371 spondeo
3028 2318 3115 2358 me
3158 2302 3407 2358 daturum
3459 2317 3592 2358 eon—

2033 2394 2331 2450 fcssoribus
2376 2395 2711 2464 testibusque
2780 2395 2958 2461 meis,
3013 2394 3103 2463 qui
3153 2409 3336 2449 coram
3385 2394 3593 2449 cunctis

2032 2486 2343 2542 hominibus
2397 2486 2737 2542 confidenter
2796 2500 2977 2542 meum
3031 2486 3446 2555 pmdicaverint
3510 2500 3595 2540 re-

2032 2593 2221 2647 gnum.
2266 2577 2403 2642 Quid
2448 2592 2614 2647 porro
2664 2577 2874 2632 beatius
2929 2577 3030 2631 hac
3076 2577 3431 2645 promissione
3476 2575 3591 2631 fleri

2032 2665 2255 2735 potest?
2293 2665 2430 2729 Quid
2478 2666 2669 2721 melius
2695 2666 2773 2721 vel
2803 2666 3110 2735 gloriosius,
3149 2680 3311 2735 quam
3351 2674 3479 2719 ante
3508 2665 3593 2719 dio

2033 2756 2218 2808 vinum
2258 2755 2493 2810 tribunal
2523 2756 2859 2826 unigenitum
2889 2755 3065 2826 ipsum
3107 2756 3202 2810 Dei
3239 2755 3473 2810 Verbum
3505 2755 3594 2808 fa-

2035 2845 2280 2901 ciendam
2332 2845 2608 2915 suscipere
2650 2847 2717 2903 de
2752 2846 2909 2903 nobis
2948 2846 3390 2902 confessionem?
3432 2856 3592 2917 atque

2036 2936 2170 2992 adeo
2205 2951 2370 3006 opere
2407 2937 2688 3006 praemium
2732 2938 2907 2993 nostri
2950 2938 3019 2993 de
3058 2953 3124 2994 eo
3166 2938 3457 2993 testimonii
3498 2953 3593 2992 ex-

2034 3026 2239 3092 hibere,
2270 3027 2396 3081 dum
2434 3027 2488 3081 in
2526 3027 2646 3095 ipsa
2687 3030 2843 3084 testis
2880 3028 2963 3084 sui
2998 3028 3173 3083 anima
3215 3037 3488 3093 versatur,
3528 3043 3592 3083 ac

370 3123 514 3193 ἔργῳ
537 3139 597 3174 τε
618 3120 719 3190 τῆς
751 3118 1055 3191 μαρτυρίας
1082 3116 1180 3189 τὴν
1220 3115 1453 3187 ἀμοιϐὴν
1491 3116 1845 3181 ἐνδείξασθαι,
1879 3118 1937 3170 ἐν

2038 3117 2200 3172 veluti
2252 3117 2305 3172 in
2350 3129 2539 3173 sancto
2579 3118 2777 3188 templo
2815 3120 2867 3173 in
2903 3120 3089 3175 eadem
3136 3121 3382 3176 habitat?
3428 3120 3591 3190 Atqui

370 3214 507 3284 αὐτῇ
544 3212 688 3283 ψυχῇ
737 3210 831 3265 τοῦ
885 3208 1327 3282 μαρτυρουμένου
1357 3210 1664 3280 γενόμενον,
1710 3210 1800 3262 καὶ
1829 3208 1937 3265 ὦσ-

372 3321 480 3376 περ
502 3305 559 3357 ἐν
591 3304 732 3373 ἁγίῳ
769 3302 883 3371 ναῷ
923 3302 980 3354 ἐν
1009 3298 1155 3369 αὐτῷ
1198 3300 1632 3370 κατοικήσοντα;
1678 3298 1847 3352 Τοῦτο
1893 3300 1937 3351 δ’

370 3392 463 3451 οὖν
503 3395 853 3467 ἐπήγγελται,
883 3394 943 3447 οὐ
995 3392 1285 3464 παρέργως
1337 3391 1524 3444 εἰπών’
1560 3390 1938 3461 Ὀμολογήσω

372 3487 531 3557 κάγὼ
560 3487 629 3540 ἐν
652 3485 837 3549 αὐτῷ·
868 3484 929 3537 οὐ
956 3483 1062 3555 γάρ
1101 3483 1204 3547 ἐξω
1231 3500 1332 3537 που
1356 3482 1636 3553 τυγχάνων
1666 3482 1757 3534 τοῦ
1797 3499 1937 3552 μαρ-

372 3578 726 3650 τυρουμένου,
760 3576 873 3630 ἀλλ’
906 3579 963 3629 ἐν
994 3576 1141 3647 αὐτῷ
1168 3576 1425 3641 κατοικῶ,
1457 3575 1550 3627 καὶ
1579 3573 1675 3644 τῆς
1694 3572 1941 3643 θεότητος

373 3670 535 3724 αὑτὸν
567 3668 789 3739 πληρῶν
811 3667 910 3737 τῆς
934 3669 1097 3739 ἐμῆς,
1126 3667 1195 3721 δι’
1223 3667 1391 3737 αὐτῆς
1419 3666 1518 3736 τῆς
1540 3664 1815 3738 ἐνεργείας
1842 3662 1939 3733 τὴν

374 3763 434 3818 ἐν
458 3762 608 3833 αὐτῷ
642 3762 935 3831 ποιήσομαι
962 3758 1270 3829 ὁμολογίαν.

444 3896 592 3968 Πλὴν
641 3893 953 3967 ἐπιρρώσας
988 3892 1183 3957 αὐτοὺς
1211 3892 1421 3945 ἐλπίσιν
1450 3890 1679 3958 ἀγαθαῖς
1708 3889 1797 3942 διά
1842 3889 1941 3959 τῆς

372 3986 638 4057 τοσαύτης
657 3985 1008 4055 ἐπαγγελίας,
1044 3984 1357 4054 ἐπιστρέφει
1396 3982 1558 4035 πάλιν
1584 3982 1709 4044 τοὺς
1744 3981 1939 4045 αὐτοὺς

373 4078 441 4131 δι’
476 4074 702 4145 ἀπειλῆς
750 4072 1128 4144 φοϐερωτέρας
1155 4070 1437 4139 ἐπιλέγων,
1471 4070 1575 4134 ὅτι,
1611 4070 1720 4123 Τὸν
1760 4070 1941 4137 ἀρνη-

377 4166 644 4235 mitterer
689 4163 1128 4232 ἀπαρνήσομαι,
1159 4160 1495 4228 Ἀναγκαίως
1532 4158 1588 4211 δὲ
1620 4159 1713 4211 καὶ
1738 4158 1940 4230 ταύτην

376 4260 558 4323 αὐτοῖς
591 4256 968 4311 ἐπανετείνατο
983 4254 1079 4325 τὴν
1109 4252 1355 4320 ἀπειλὴν,
1386 4251 1461 4313 ὼς
1488 4249 1553 4303 ἂν
1582 4250 1655 4320 μὴ
1679 4267 1942 4321 καταφρο-

376 4352 597 4421 νήσαιεν
621 4348 721 4418 τῆς
763 4350 841 4411 εἰς
881 4345 1041 4399 αὑτὸν
1088 4343 1395 4415 ὁμολογίας,
1432 4342 1663 4413 ἔμπαλιν
1699 4341 1754 4394 δὲ
1794 4342 1941 4405 ὅπως

378 4443 648 4515 φρίττοιεν
677 4441 772 4511 τὴν
798 4440 1024 4511 ἄρνησιν
1056 4436 1151 4507 τῆς
1183 4434 1346 4488 αὐτοῦ
1387 4433 1707 4505 μαρτυρίας,
1732 4433 1817 4487 διά
1842 4432 1938 4504 τὴν

2038 3208 2143 3265 hoc
2184 3209 2471 3280 promisit,
2533 3211 2673 3266 haud
2720 3226 2852 3266 casu
2912 3213 3143 3267 dicens:
3194 3212 3493 3281 Conﬁtebor
3543 3222 3590 3265 et

2037 3316 2132 3370 ego
2173 3317 2309 3356 eum.
2349 3302 2466 3357 Non
2517 3304 2661 3357 enim
2718 3306 2955 3372 alicubi,
3008 3314 3157 3359 extra
3199 3321 3322 3359 eum
3377 3304 3444 3359 de
3488 3319 3593 3374 quo

2038 3391 2321 3457 confiteor,
2344 3408 2484 3459 sum,
2554 3394 2648 3447 sed
2709 3394 2759 3447 in
2824 3395 2939 3464 ipso
2984 3395 3210 3459 habito,
3258 3404 3419 3464 atque
3469 3411 3591 3448 eum

2038 3481 2234 3535 deitate
2255 3497 2373 3535 mea
2403 3482 2695 3550 complens,
2728 3497 2824 3551 per
2853 3484 3022 3551 ipsam
3054 3481 3370 3547 efﬁcaciam,
3402 3496 3507 3550 qua
3539 3482 3591 3535 iu

2038 3571 2130 3626 illo
2158 3586 2370 3642 operor,
2419 3572 2816 3629 confessionem
2860 3572 2928 3627 de
2959 3587 3023 3627 eo
3051 3586 3323 3641 peragam.

2110 3881 2402 3951 Postquam
2439 3881 2558 3935 illos
2599 3883 2783 3952 priore
2825 3880 2987 3937 efi‘ato
3030 3880 3082 3935 in
3116 3879 3389 3951 egregiam
3442 3894 3589 3950 spem

2039 3983 2323 4039 erexerat,
2378 3988 2569 4029 rursus
2622 3983 2856 4028 attentos
2907 3975 3038 4029 facit
3088 3988 3205 4036 eos,
3252 3972 3593 4029 lerribiliori-

2041 4066 2141 4120 bus
2176 4066 2337 4119 minis
2367 4066 2663 4120 admonens
2695 4065 2809 4119 fore
2850 4076 2910 4119 ut
2940 4065 3053 4135 ipse
3088 4075 3373 4135 negantem
3408 4079 3467 4120 se
3500 4081 3596 4119 ne-

2042 4171 2150 4230 get.
2198 4158 2517 4214 Necessario
2573 4168 2751 4213 autem
2818 4160 2915 4213 has
2964 4174 3179 4229 quoque
3242 4160 3371 4229 ipsis
3420 4159 3595 4213 minas

2044 4249 2295 4312 intendit,
2329 4263 2397 4303 ne
2426 4248 2561 4303 forte
2587 4250 2876 4318 aliquando
2899 4251 3175 4321 negligant
3214 4250 3388 4318 ipsum
3428 4249 3596 4303 confi-

2043 4341 2203 4407 teri,‘
2242 4338 2592 4407 vicissimqne
2643 4348 2705 4393 ut
2758 4354 2956 4408 negare
3005 4353 3125 4393 eum
3173 4340 3597 4408 per-horrescant

2044 4442 2264 4504 propter
2289 4441 2701 4487 consecuturum
2727 4433 2845 4503 ejus
2874 4433 2949 4487 rei
2985 4447 3220 4503 pmnam,
3255 4445 3444 4500 nempe
3470 4432 3593 4500 quia

377 4532 842 4588 ἐπακολουθοῦσαν
872 4531 1005 4599 αὐτῇ
1038 4528 1322 4599 τιμωρίαν,
1359 4528 1479 4597 ἥτις
1502 4522 1569 4597 ἦν
1594 4526 1656 4579 τὸ
1687 4525 1822 4597 πρὸς
1843 4524 1936 4579 τοῦ

2042 4539 2070 4577 a
2106 4522 2244 4578 Filio
2276 4522 2368 4577 Dei
2403 4523 2761 4593 negabuntur.
2788 4523 3017 4578 Perinde
3062 4537 3188 4577 vero
3219 4529 3301 4575 est
3332 4520 3515 4590 negari
3564 4535 3593 4574 a

380 4625 507 4679 Υἱοῦ
528 4624 620 4678 τοῦ
651 4622 788 4677 Θεοῦ
808 4621 1123 4693 ἀρνηθῆναι.
1149 4621 1374 4691 Ὅμοιον
1404 4619 1448 4672 δ’
1474 4619 1540 4672 ἂν
1569 4617 1653 4689 είη
1682 4618 1741 4671 τὸ
1774 4619 1940 4689 ἀρνη-

380 4718 537 4788 θῆναι
564 4714 668 4769 ὑπὸ
703 4714 795 4767 τοῦ
845 4712 1057 4785 Πατρὺς
1090 4712 1166 4782 τῷ
1213 4712 1513 4782 ἀρνηθῆναι
1564 4712 1667 4763 ὑπὸ
1712 4712 1812 4780 τῆς
1846 4709 1939 4762 τοῦ

378 4809 513 4863 Θεοῦ
541 4809 750 4877 σοφίας,
776 4807 870 4860 καὶ
896 4805 971 4875 τῷ
995 4806 1243 4858 ἐκπεσεῖν
1276 4804 1373 4872 τῆς
1411 4802 1574 4871 ζωῆς,
1604 4802 1697 4854 καὶ
1720 4800 1797 4871 τῷ
1826 4817 1943 4853 στε-

383 4898 611 4970 ρηθῆναι
638 4895 731 4949 τοῦ
754 4894 951 4964 φωτὸς,
972 4894 1067 4946 καὶ
1093 4891 1169 4962 τῷ
1202 4891 1416 4943 πάντων
1438 4888 1545 4942 τῶν
1570 4886 1789 4955 ἀγαθῶν
1817 4886 1943 4939 ἀπο-

381 4990 661 5059 ϐληθῖψαι.
698 4988 770 5039 Τὸ
811 4985 867 5038 δὲ
911 4983 1211 5037 καὶταῦτα
1261 4983 1437 5037 πάντα
1475 4980 1663 5033 παθεῖν
1713 4978 1939 5030 ἐνώπιον

380 5079 476 5132 τοῦ
498 5079 709 5148 [ἰατρὸς
728 5078 821 5131 τοῦ
850 5076 907 5128 ὲν
934 5078 1045 5138 τοῖς
1071 5075 1335 5145 οὐρανοῖς,
1364 5074 1456 5127 καὶ
1495 5072 1587 5124 ἐπὶ
1633 5070 1741 5124 τῶν
1780 5068 1942 5138 ἀγγέ-

2040 4615 2222 4682 Patre,
2276 4623 2437 4683 atque
2476 4629 2505 4667 a
2538 4613 2631 4668 Dei
2661 4614 2927 4684 sapientia
2971 4612 3176 4681 negari,
3221 4621 3275 4666 et
3307 4613 3417 4665 vita
3457 4611 3599 4664 exci-

2042 4704 2190 4771 dere,
2225 4703 2451 4773 luceque
2481 4704 2703 4773 privari,
2734 4713 2790 4759 et
2830 4704 2975 4757 omni
3005 4704 3144 4757 bono
3178 4701 3394 4771 depelli.
3427 4699 3596 4757 Porro

2043 4796 2158 4851 haec
2197 4795 2376 4850 omnia
2408 4810 2588 4849 coram
2642 4795 2803 4850 Patre
2840 4795 3047 4850 caelesti
3093 4793 3323 4863 perpeti,
3371 4802 3425 4848 et
3477 4808 3595 4863 spe-

2042 4886 2316 4940 ctantibus
2345 4886 2552 4955 angelis
2585 4885 2969 4955 prepemodum
3003 4892 3127 4938 ante
3150 4882 3389 4937 divinum
3418 4882 3591 4952 ipsum

2045 4978 2280 5032 tribunal
2310 4978 2681 5041 condemnari,
2714 4987 2768 5031 et
2798 4977 2939 5031 illius
2967 4991 3131 5045 regno
3162 4976 3381 5046 expelli,
3411 4973 3594 5043 quidni

2048 5068 2237 5135 quovis
2278 5082 2490 5121 summo
2519 5067 2783 5137 supplicio
2829 5066 2981 5137 pejus
3022 5067 3141 5122 sit?

384 5176 495 5228 λων
545 5172 821 5245 μονονουχὶ
872 5172 998 5241 παρ’
1034 5170 1215 5232 αὐτοῖς
1265 5171 1372 5232 τοῖς
1420 5167 1583 5230 θείοις
1621 5166 1822 5236 βήμασι
1898 5160 2319 5233 κατακριθέντας
2371 5162 2465 5216 καὶ
2519 5161 2852 5233 ἀποϐλήτους
2897 5160 3215 5232 γενομένους
3271 5159 3369 5231 τῆς
3430 5156 3594 5212 αὐτοῦ

383 5269 678 5341 βασιλείας,
712 5268 869 5331 ποίας
912 5266 1012 5321 οὐκ
1043 5264 1109 5318 ἂν
1141 5263 1347 5334 γένοιτο
1378 5264 1555 5334 χεῖρον
1598 5260 1832 5331 ἐσχάτης
1858 5257 2158 5331 τιμωρίας;

455 5471 500 5502 ³⁸
534 5474 662 5525 Lev.
693 5483 755 5537 ιι,
785 5468 869 5523 l5.
946 5467 994 5501 ³⁸
1030 5465 1221 5523 Matth.
1264 5480 1320 5532 ν,
1362 5464 1450 5521 l5.
1525 5464 1569 5497 ³⁸
1598 5463 1785 5520 Matth.
1819 5478 1874 5529 ι,
1902 5462 1990 5527 52,
2016 5462 2107 5519 33.

454 5669 569 5741 (96)
601 5670 733 5726 Cod.
768 5668 832 5723 Α.
871 5667 908 5721 ῐ.
956 5667 1160 5741 l6fi._b.
1195 5668 1325 5724 Cod.
1356 5666 1422 5721 L.
1456 5669 1501 5741 7f
1548 5668 1633 5741 ‘94
1680 5667 1737 5721 In
1765 5675 1912 5741 utro-

2014 5666 2082 5731 β.
2118 5662 2496 5734 Θεοφανείσς,
2525 5674 2645 5734 cum
2686 5660 3013 5734 compendiis
3040 5661 3093 5720 in
3144 5665 3381 5722 secundo
3438 5678 3591 5720 νοω.

386 5728 487 5811 que
523 5728 708 5796 codice
734 5737 1062 5809 praeponitur
1080 5738 1380 5809 fragmento
1421 5728 1613 5795 titulus
1641 5740 1933 5793 Εὐσεϐίου
2016 5728 2184 5801 'bulo,
2228 5728 2291 5788 ut
2337 5735 2387 5787 in
2435 5728 2855 5799 praecedentibus
2898 5732 3032 5787 dixi.
