4098 6200
400 297 501 352 669

1740 294 1827 364 oi:
1861 294 2317 369 fni-ferinum.

3513 322 3617 378 670

397 414 542 480 τέρα
579 426 698 467 σου
730 416 827 469 καί
875 432 989 484 την
1009 415 1238 488 μητέρα
1271 435 1409 487 σου,
1446 423 1614 495 νόμῳ,
1652 426 1880 495 βεϐαιῶν
1912 426 1949 478 δί

2068 439 2265 497 patrem
2298 440 2445 493 “tum
2480 448 2527 485 ει
2571 443 2788 486 matrem
2822 442 2966 486 tuam
2989 434 3066 500 ³³;
3095 434 3202 490 imo
3240 444 3295 489 et
3337 436 3483 493 illam
3526 442 3617 495 ﬁr-

399 507 655 560 κάκεῖνον
688 506 781 559 καὶ
836 509 1362 581 ὲπισφραγιζόμενος
1400 516 1487 569 διὰ
1520 516 1621 587 τῆς
1662 518 1966 588 κρείττονος

399 597 499 649 καὶ
516 598 891 671 ὲντελεστέρας
910 601 1127 673 ἐντολῆς
1151 605 1249 675 τῆς
1277 605 1369 660 τὸν
1396 607 1526 661 Θεὸν
1555 608 1614 673 eg
1636 609 1761 678 ὅλης
1792 608 1967 680 ψυχῆς

400 688 624 758 ἀγαπᾷν
650 690 1118 763 διακελευομένης.
1140 696 1359 768 Πατέρα
1390 700 1487 771 μὲν
1502 700 1609 771 γὰρ
1640 701 1733 754 καὶ
1755 703 1965 773 μητέρα

400 782 567 850 τιμᾷν
601 782 757 835 παντί
787 799 864 853 τῳ
904 783 1133 855 νόμιμον
1165 788 1305 841 κατά
1338 789 1530 857 φύσιν
1580 792 1730 855 ὄντος
1764 793 1819 845 δὲ
1852 794 1967 846 ἑτέ-

405 889 498 943 ρου
538 873 739 942 πατρὸς
782 874 875 928 τοῦ
915 878 1008 930 καὶ
1043 877 1152 931 τῶν
1194 883 1595 952 γεγεννηκότων
1636 885 1960 957 κρείττονος,

402 964 597 1029 αὐτούς
625 983 683 1018 τε
711 965 1183 1039 ὁποστησαμένου,
1217 967 1286 1042 ἦν
1318 972 1375 1025 δὲ
1408 965 1563 1038 οὗτος
1618 975 1650 1028 6
1688 975 1781 1029 τοῦ
1826 975 1961 1029 Θεοῦ

400 1057 593 1125 Λόγος,
644 1058 673 1111 6
707 1058 774 1112 τὰ
810 1059 1582 1136 προκείμενα.διαταττόμενος
1604 1104 1620 1130 ,
1654 1066 1715 1119 οὐ
1763 1067 1961 1139 χρῆναί

397 1165 528 1220 φησι
544 1174 563 1201 ι
583 1149 941 1223 ὑπερϐάλλειν
972 1156 1036 1225 τῇ
1058 1154 1209 1225 φιλίᾳ
1224 1157 1349 1220 τοὺς
1372 1156 1432 1210 τὸ
1467 1156 1624 1228 σῶμα
1642 1160 1961 1230 γεγεννηκό-

392 1257 491 1303 τας
542 1241 637 1295 τοῦ
677 1243 779 1304 τὴν
823 1244 1044 1317 λογικὴν
1098 1247 1545 1320 ὐποστησαμένου
1589 1252 1791 1319 Λόγου·
1826 1253 1961 1307 ἀλλά

393 1330 663 1396 κάκείνοις
691 1333 789 1403 μὲν
806 1335 1345 1410 προσφέρεσθαιτιμῇ
1368 1343 1433 1411 τῇ
1451 1341 1619 1413 πάσῃ,
1646 1342 1878 1397 διαθέσει
1898 1360 1957 1397 τε

394 1416 457 1491 τῇ
488 1423 860 1495 προσηκούσῃ,
895 1426 1042 1497 αὐτῷ
1088 1426 1145 1480 δὲ
1185 1429 1626 1501 ὑπερϐαλλόντως
1656 1433 1716 1487 τὸ
1744 1435 1958 1506 πρῶτον

391 1509 686 1581 ἀπονέμειν
719 1512 899 1576 σέϐας,
934 1514 1292 1587 ὑπεραγαπᾷν
1337 1534 1395 1570 τε
1437 1519 1531 1571 καὶ
1580 1518 1752 1589 φιλεῖν
1796 1520 1957 1574 αὐτὸν

390 1598 533 1670 ὑπὲρ
566 1601 772 1665 πάντας
794 1617 809 1633 ⁸
840 1602 915 1665 ὡς
948 1603 1021 1674 μὴ
1056 1609 1336 1660 κατοκνεῖν
1353 1607 1418 1660 δι’
1451 1609 1614 1663 αὐτὸν
1637 1610 1731 1664 καὶ
1754 1612 1955 1679 γονέων

391 1690 600 1743 ἀσεϐῶν
631 1690 955 1758 διίστασθαι,
978 1693 1070 1745 καὶ
1102 1693 1278 1748 ἀθέων
1310 1696 1550 1765 ἀδελφῶν
1577 1698 1951 1770 ἀφορίζεσθαι,

391 1778 541 1842 υἱούς
570 1796 628 1832 τε
663 1780 753 1833 καὶ⁸
791 1779 1093 1853 θυγατέρας
1124 1784 1579 1857 ἀποστρέφεσθαι,
1617 1801 1710 1842 και
1755 1794 1820 1862 τῇ
1858 1791 1952 1843 τοῦ

394 1866 564 1935 Λόγου
612 1871 993 1943 τμητικωτάτῃ
1052 1873 1294 1946 μαχαίρᾳ
1335 1874 1538 1931 τούτων
1587 1879 1841 1935 ἀπάντων
1886 1881 1954 1936 τά

392 1956 596 2023 φυσικὰ
614 1958 919 2014 διακόπτειν
942 1962 1159 2035 φίλτρα,
1193 1966 1241 2017 εἰ
1267 1966 1515 2036 ἐμποδών
1544 1986 1673 2022 ποτε
1717 1970 1954 2039 γένοιντο

390 2051 456 2119 τῇ
494 2051 619 2120 περὶ
645 2050 806 2106 αὐτὸν
834 2053 1045 2107 εὐσεϐεῖ
1071 2055 1323 2111 διαθέσει.
1367 2058 1459 2112 Διὸ
1494 2059 1735 2134 ἀκριϐῶς
1774 2063 1833 2115 ὲν
1873 2063 1953 2135 τῷ

389 2139 651 2208 Ματθαίῳ
683 2141 785 2212 ἔφη
811 2160 824 2172 ·
869 2144 921 2196 Ὁ
960 2144 1153 2213 φιλῶν
1187 2149 1412 2219 πατέρα
1453 2150 1492 2220 ἢ
1532 2152 1758 2221 μητέρα
1800 2156 1951 2223 ὑπὲρ

382 2229 489 2296 ἐμὲ
516 2233 627 2285 οὐκ
656 2232 787 2286 ἔστι
809 2251 928 2303 μου
953 2234 1147 2303 ἅξιος’
1177 2239 1360 2310 χώραν
1390 2242 1487 2312 μὲν
1512 2243 1620 2315 γὰρ
1643 2244 1729 2298 διά
1749 2245 1950 2299 τούτων

384 2321 478 2374 καὶ
506 2325 618 2385 τοῖς
644 2322 722 2393 τῷ
745 2325 891 2392 γένει
929 2329 1270 2403 προσήκουσε
1289 2331 1576 2397 διαθέσεως
1616 2335 1950 2407 κατελίμπα-

384 2428 471 2465 νεν
491 2430 503 2442 -
529 2414 670 2485 ὑπὲρ
685 2416 845 2469 αὐτὸν
865 2416 922 2469 δὲ
948 2418 1125 2471 οὐκέτ’
1150 2421 1331 2486 αὐτοῖς
1357 2425 1648 2496 συνεχώρει
1666 2427 1946 2497 τιμᾶσθαι,

381 2504 499 2556 οὐδὲ
536 2504 624 2559 διά
656 2506 753 2577 τὴν
785 2508 864 2572 είς
905 2508 995 2562 τὸν
1026 2512 1242 2583 πατέρα
1274 2514 1424 2581 αἰδῶ,
1470 2516 1503 2587 ἢ
1552 2518 1649 2587 τῆς
1686 2519 1947 2590 τεκούσης

384 2592 562 2658 ἕνεκα,
598 2596 630 2665 ἢ
664 2596 824 2668 χάριν
847 2600 944 2670 τῆς
988 2603 1124 2673 πρὸς
1170 2605 1237 2658 τὰ
1273 2606 1504 2675 φίλτατα
1544 2610 1795 2680 στοργῆς,
1830 2610 1948 2675 ἐξό-

386 2686 616 2755 μνυσθαι
654 2688 754 2760 τὴν
791 2691 954 2745 αὐτοῦ
998 2695 1200 2763 φιλίαν,
1234 2696 1367 2753 ἀλλά
1400 2700 1571 2768 φιλεῖν
1606 2701 1704 2770 μὲν
1756 2703 1946 2758 κάκει-

384 2792 525 2843 νοος,
559 2778 635 2843 ὡς
658 2781 751 2834 καὶ
780 2782 875 2836 τοῦ
924 2786 1022 2857 τῆς
1054 2787 1266 2857 φύσεως
1296 2791 1459 2861 νόμου
1517 2793 1610 2845 καὶ
1658 2793 1751 2845 τοῦ
1799 2795 1945 2851 θείου

382 2864 705 2935 λόγουτοῦτο
729 2873 1131 2947 διαγορεύοντος
1152 2895 1167 2910 ο
1204 2882 1363 2953 μέχρι
1391 2882 1448 2935 δὲ
1472 2884 1722 2939 τοσούτου
1748 2889 1941 2958 φιλεῖν,

388 2959 580 3029 μέχρις
601 2961 687 3015 ὅτε
718 2966 880 3036 μηδὲν
902 2970 1268 3024 καταϐλάπτει
1381 2975 1507 3046 περὶ
1538 2978 1733 3044 αὐτοὺς
1764 2981 1942 3036 διάθε-

2068 537 2220 576 maus
2252 522 2535 592 sigilloqne
2582 524 2830 579 muniens
2860 539 2954 591 per
2992 525 3182 580 melius
3223 527 3616 600 perfectiusque

2063 622 2386 679 praeceptum
2428 627 2532 679 quo
2584 612 2749 667 Deum
2802 622 2913 667 tota
2971 614 3150 668 anima
3203 615 3427 684 diligere
3462 619 3617 688 jube-

2065 716 2186 755 mur
2208 702 2273 753 ”.
2307 701 2440 755 Nam
2482 713 2686 772 patrem
2731 705 2945 773 quidem
2986 714 3315 775 matremque
3350 708 3617 768 honorare

2065 793 2287 861 quilibet
2318 795 2477 850 homo
2504 797 2619 865 lcge
2670 807 2874 850 naturae
2902 796 3075 851 debet.
3103 796 3207 852 Sed
3248 813 3370 852 cum
3405 810 3458 854 et
3478 801 3616 861 alius

2061 893 2214 950 pater
2262 884 2331 938 sit
2374 885 2712 955 gignentibus
2741 885 2948 952 melior,
2993 887 3083 955 qui
3135 896 3189 943 et
3240 888 3337 944 bos
3387 893 3609 959 creavit,

2060 989 2251 1045 nempe
2296 976 2462 1045 ipsum
2506 977 2595 1032 Dei
2626 976 2881 1042 Verbum,
2918 981 3006 1049 qui
3044 982 3292 1051 praedicta
3335 985 3610 1054 praecepit,

2060 1080 2165 1120 non
2197 1077 2444 1135 oportere
2485 1069 2555 1121 ait
2610 1071 2813 1140 majore
2850 1070 3038 1126 aﬁ‘ectu
3087 1075 3335 1145 prosequi
3372 1077 3611 1145 corporis

2059 1157 2349 1227 genitores,
2374 1173 2534 1227 quam
2567 1159 2693 1214 illud
2725 1163 2862 1230 quod
2893 1164 3205 1219 rationalem
3228 1174 3434 1233 partem
3456 1167 3611 1223 nobis

2058 1246 2253 1300 indidit
2291 1245 2521 1301 Verbum
2552 1266 2564 1300 :
2590 1249 2682 1303 sed
2712 1259 2764 1303 et
2794 1250 2897 1303 illis
2930 1265 3142 1307 omnem
3184 1253 3439 1308 honorem
3479 1270 3608 1310 con-

2058 1336 2475 1406 venientemque
2514 1338 2760 1395 affectum
2802 1343 3079 1408 exhibere,
3114 1353 3168 1398 et
3211 1345 3317 1400 Deo
3354 1346 3608 1402 eximium

2055 1443 2121 1484 ac
2164 1430 2461 1499 principale
2516 1432 2739 1487 reddere
2783 1434 3121 1504 obsequium,
3171 1436 3453 1507 ipsumque
3502 1452 3613 1509 prae

2054 1521 2309 1575 omnibus
2348 1536 2532 1576 amare
2561 1537 2622 1576 ac
2660 1522 2913 1592 diligere;
2943 1526 3015 1579 ita
3054 1536 3110 1579 ut
3140 1528 3360 1583 minime
3393 1541 3612 1585 cuncte-

2055 1626 2199 1675 mur,
2232 1622 2395 1666 censa
2440 1612 2556 1680 ejus
2600 1630 2627 1667 a
2658 1616 2971 1682 parentibus
3020 1617 3197 1687 impiis
3245 1620 3526 1684 dissidere,
3557 1630 3611 1674 et

2056 1703 2124 1759 ab
2166 1704 2476 1773 irreligiosis
2511 1706 2764 1762 fratribus
2794 1710 3062 1777 separari,
3104 1710 3346 1779 ﬁliosque
3383 1720 3436 1765 et
3473 1711 3609 1765 ﬁlias

2054 1797 2312 1859 aversari,
2340 1794 2605 1865 Verbique
2641 1798 2952 1851 acutissimo
2998 1799 3173 1867 gladio
3220 1801 3455 1853 omnium
3507 1803 3605 1855 ho-

2057 1902 2172 1941 rum
2218 1889 2492 1944 naturales
2533 1891 2820 1959 praecidere
2874 1890 3206 1954 affectiones,
3244 1893 3286 1945 si
3324 1892 3460 1946 forte
3507 1909 3606 1948 nos

2055 1994 2087 2033 a
2111 1981 2201 2048 pio
2225 1995 2352 2051 erga
2400 1981 2565 2037 Deum
2613 1997 2797 2037 amore
2844 1983 3158 2052 impediant.
3192 1982 3400 2038 Diserte
3424 1985 3607 2053 itaque

2054 2073 2192 2140 apud
2241 2072 2547 2129 Matlhteum
2604 2075 2738 2129 dixit
2768 2092 2781 2128 :
2814 2074 2916 2140 Qui
2970 2085 3110 2128 amat
3137 2084 3334 2143 patrem
3365 2085 3457 2129 aut
3491 2094 3605 2130 ma-

2052 2174 2185 2219 trem
2229 2165 2346 2234 plus
2392 2182 2550 2235 quam
2591 2182 2691 2231 me,
2733 2183 2836 2219 non
2872 2174 2948 2220 est
2991 2181 3069 2220 me
3098 2167 3287 2236 dignus
3309 2166 3375 2219 ⁸ο.
3403 2166 3606 2235 Quippe

2051 2257 2138 2312 bis
2200 2257 2399 2321 verbis,
2456 2257 2632 2312 locum
2691 2257 2944 2327 relinquit
2998 2259 3167 2312 amori
3219 2273 3432 2328 quoque
3479 2272 3604 2328 erga

2048 2359 2251 2416 genere
2290 2347 2603 2415 proximos;
2638 2348 2731 2402 sed
2763 2357 2939 2402 tamen
2972 2348 3115 2402 haud
3146 2349 3316 2418 magis
3350 2354 3510 2417 quam
3547 2362 3607 2403 se

2049 2438 2301 2491 honorari
2339 2438 2622 2492 concedit:
2659 2452 2833 2508 neque
2876 2449 3095 2509 propter
3133 2440 3303 2507 patris
3347 2440 3605 2494 matrisve

2049 2527 2431 2593 reverentiam,
2481 2540 2573 2584 aut
2621 2530 3031 2585 carissimorum
3079 2531 3353 2595 allectum,
3388 2531 3602 2600 ejurare

2051 2620 2144 2677 Dei
2208 2620 2537 2686 amicitiam;
2577 2621 2669 2675 sed
2710 2628 2765 2674 et
2814 2620 2937 2675 illos
2970 2621 3215 2691 diligere,
3252 2622 3501 2689 quoniam
3547 2621 3603 2674 id

2055 2723 2164 2767 tum
2195 2711 2281 2768 lex
2314 2722 2544 2777 naturae,
2566 2721 2673 2765 tum
2695 2711 2787 2766 Dei
2818 2709 3039 2765 verbum
3068 2710 3296 2779 jubent;
3331 2720 3384 2764 et
3409 2710 3603 2763 nihilo-

2046 2803 2223 2859 minus
2262 2817 2446 2857 amare
2481 2813 2727 2861 eatenus.
2766 2810 3030 2873 quatenus
3071 2816 3196 2871 erga
3250 2800 3347 2855 hos
3387 2800 3602 2856 dilectio

2046 2892 2178 2947 nihil
2219 2893 2462 2964 religioni
2499 2893 2607 2949 Deo
2650 2894 2841 2948 debitae
2879 2906 3057 2949 nocet.
3097 2894 3250 2961 Quod
3285 2893 3328 2949 si
3364 2892 3503 2950 forte
3546 2894 3599 2949 lti

2046 2981 2431 3052 impedimento
2461 2984 2592 3037 ﬁant
2620 2982 2895 3055 religionis
2938 2983 3164 3054 legibus,
3195 2984 3600 3054 anteponendus

387 3063 471 3111 σις
498 3048 595 3119 τὴν
635 3052 767 3123 πρὸς
810 3054 900 3145 τὸν
943 3056 1075 3110 Θεὸν
1126 3058 1424 3115 εὐσέϐειαν.
1472 3063 1535 3115 Εἰ
1585 3064 1644 3119 δὲ
1701 3069 1942 3140 μέλλοιεν

2051 3048 2138 3127 est—
2166 3074 2462 3128 animarum
2487 3074 2647 3129 Pater
2682 3093 2696 3129 :
2746 3084 2865 3130 erat
2904 3086 3084 3130 autem
3134 3077 3256 3141 hic,
3298 3077 3468 3145 ipsum
3507 3076 3597 3131 Dei

383 3137 633 3208 ἐμποδών
666 3150 791 3194 ποτε
826 3138 969 3200 οὗτοι
1001 3146 1246 3215 γίνεσθαι
1267 3154 1379 3216 τοῖς
1405 3152 1499 3225 τῆς,
1534 3137 1843 3222 θεοσεϐείας
1869 3161 1947 3215 νό-

2053 3162 2280 3217 Verbum
2316 3163 2427 3217 haec
2456 3164 2770 3233 praecipiens
2801 3173 2856 3219 et
2882 3165 2981 3220 has
3011 3164 3154 3234 leges
3186 3174 3428 3221 statuens
3454 3183 3467 3219 :
3500 3164 3598 3219 de-

384 3246 526 3326 μοις,
560 3235 920 3326 προτιμητέος
949 3237 978 3285 ὁ
1010 3238 1120 3295 τῶν
1147 3242 1332 3314 ψυχῶν
1363 3246 1552 3317 Πατήρ
1572 3265 1585 3279 ⁸
1616 3242 1769 3311 οὗτος
1789 3250 1846 3303 δὲ
1876 3247 1946 3323 ἦν

2051 3253 2175 3309 bere
2218 3255 2427 3311 scilicet
2462 3255 2659 3311 milites
2697 3271 2826 3311 suos
2847 3271 3007 3326 supra
3035 3271 3223 3311 omnes
3248 3271 3444 3326 genere
3466 3270 3598 3311 con-

380 3320 541 3384 αὐτὸς
573 3322 601 3373 ὁ
630 3322 724 3377 τοῦ
763 3326 900 3384 Θεοῦ
936 3329 1106 3400 Λόγος
1126 3336 1154 3387 6
1182 3337 1352 3389 ταῦτα
1384 3337 1823 3410 διακελευόμενος
1851 3320 1946 3396 καὶ

2051 3341 2256 3410 iunctos
2297 3345 2471 3414 ipsum
2515 3360 2699 3400 amare
2753 3360 2853 3400 nec
2898 3346 3170 3400 dilectioni
3208 3361 3319 3401 suae
3355 3347 3599 3402 carnales

378 3413 697 3483 νομοθετῶν·
724 3418 831 3475 δεῖν
852 3424 978 3486 τοὺς
1008 3425 1171 3477 αὐτοῦ
1206 3427 1539 3497 στρατιώτας
1572 3429 1710 3501 ὑπὲρ
1738 3432 1943 3496 πάντας

2051 3432 2269 3488 affectus
2303 3413 2614 3505 praeponere
2643 3435 2727 3491 vel
2766 3451 3050 3502 corporum
3084 3438 3594 3505 consanguinitates.

379 3510 503 3574 τοὺς
526 3511 606 3582 τῷ
626 3513 773 3580 γένει
798 3515 1168 3585 προσήκοντας
1196 3518 1354 3570 αὐτὸν
1384 3521 1623 3591 ἀγαπᾷν,
1654 3523 1787 3594 μηδὲ
1815 3542 1945 3596 προ-

2051 3523 2197 3578 Tunc
2236 3535 2415 3578 autem
2468 3526 2676 3595 gladius
2736 3526 2829 3580 Dei
2880 3527 3226 3583 acutissimus
3280 3528 3524 3598 indignos
3564 3545 3594 3584 ει

380 3602 542 3671 τιμᾷν
573 3603 674 3672 τῆς
722 3604 850 3673 περὶ
882 3605 1043 3657 αὐτὸν
1066 3605 1357 3672 διαθέσεως
1400 3610 1598 3683 φίλτρα
1645 3615 1860 3685 σαρκῶν
1908 3616 1940 3687 ἢ

2051 3616 2224 3683 dignis
2259 3618 2601 3685 praecidenda
2648 3616 2792 3685 jusle
2833 3625 3096 3681 secernet,
3129 3617 3197 3671 ab
3230 3618 3408 3686 impiis
3440 3619 3596 3672 nimi-

383 3696 647 3766 σωμάτων
696 3700 1031 3767 συγγενείας.
1091 3701 1223 3754 Τότε
1255 3702 1313 3755 δὲ
1348 3704 1441 3756 κα)⁸
1484 3707 1516 3775 ἡ
1573 3706 1812 3779 μάχαιρα
1847 3709 1940 3762 τοῦ

2051 3721 2160 3759 rum
2208 3705 2521 3775 parentibus
2577 3707 2697 3775 pios
2735 3706 2871 3762 filios
2904 3721 3183 3775 separans.
3229 3705 3494 3761 Similiter
3538 3707 3592 3763 in

380 3785 511 3839 Θεοῦ
541 3790 572 3857 ή
605 3790 1012 3862 τμητικωτάτη,
1038 3792 1164 3855 τοὺς
1210 3792 1460 3859 ἀναξίους
1493 3797 1599 3849 ἀπὸ
1647 3798 1753 3853 τῶν
1778 3799 1941 3866 ἀξίων

2051 3798 2216 3866 pretio
2241 3797 2471 3852 habendi
2511 3806 2638 3851 sunt
2670 3806 2834 3867 atque
2871 3798 3086 3852 amandi
3121 3797 3214 3852 ﬁlii
3245 3796 3474 3867 filiaeque
3501 3814 3583 3852 na.

378 3874 760 3943 διακόπτουσα,
790 3879 951 3933 διέλοι
986 3882 1051 3935 ἂν
1092 3881 1315 3943 δικαίως
1345 3884 1454 3937 τῶν
1490 3887 1565 3957 μὴ
1606 3887 1815 3943 ἀσεϐῶν
1839 3891 1937 3961 (4⁸)

2051 3899 2174 3943 tura:
2200 3887 2346 3959 lege;
2372 3903 2474 3944 non
2501 3888 2571 3942 ita
2604 3899 2799 3954 tamen,
2826 3898 2885 3942 ut
2908 3889 3097 3943 horum
3132 3903 3295 3943 causa
3322 3888 3592 3946 Christum

379 3968 581 4033 γονέων
608 3971 733 4033 τοὺς
761 3970 1003 4035 εὐσεϐεῖς
1027 3971 1356 4044 ἀφορίζουσα
1394 3976 1558 4039 υἱούς.
1578 3978 1844 4043 Ὡσαύτως
1864 3999 1941 4035 τι-

2051 3979 2281 4035 conﬁteri
2309 3994 2634 4035 recusemus.
2666 3979 2991 4049 Maximique
3020 3979 3263 4050 supplicii
3290 3995 3472 4037 vocem
3510 3981 3592 4035 in-

382 4057 578 4126 μητέον
630 4060 723 4112 καὶ
767 4061 1075 4132 ἀγαπητέον
1107 4063 1256 4124 υἱοὺς
1301 4064 1393 4116 καὶ
1431 4064 1733 4138 θυγατέρας
1754 4072 1937 4140 νόμοις

2051 4073 2209 4127 licem
2239 4074 2620 4141 pronuntiavit,
2645 4073 2767 4125 dum
2791 4072 3173 4128 aitsecundum
3207 4073 3401 4128 Lucam
3429 4091 3443 4128 :
3472 4072 3596 4130 Non

376 4147 612 4214 φύσεως,
646 4152 707 4203 οὐ
744 4152 850 4222 μὴν
898 4152 1028 4206 ὥσθ’
1057 4153 1243 4208 ἕνεκεν
1274 4154 1479 4209 τούτων
1509 4156 1763 4228 ἐξάρνους
1791 4163 1939 4230 γίνε-

2051 4173 2201 4218 ratast
2224 4180 2366 4218 meus
2395 4181 2502 4218 esse
2525 4164 2811 4232 discipulus
2850 4163 2928 4229 δίς
2976 4166 3265 4219 secundum
3298 4182 3422 4221 vero
3460 4166 3595 4222 Mat-

376 4239 500 4293 σθαι
525 4241 621 4311 τῆς
670 4244 797 4313 περὶ
837 4244 998 4297 αὐτὸν
1028 4244 1315 4315 ὁμολογίας
1334 4263 1349 4278 ο
1402 4248 1661 4319 μεγίστης
1685 4267 1742 4303 τε
1770 4268 1938 4323 τιμω-

2051 4254 2231 4308 .1]ίιιιιηι
2252 4272 2264 4308 :
2288 4253 2408 4307 Non
2441 4265 2513 4307 est
2546 4271 2624 4307 me
2654 4253 2842 4324 dignus
2865 4254 2930 4312 δ’.
2950 4254 3316 4324 Siquidemqui
3348 4257 3464 4311 haec
3486 4258 3595 4310 aie-

378 4331 497 4400 ρίας
519 4333 867 4405 emam:qu
900 4338 1179 4407 προήκατο
1224 4338 1404 4410 φωνὴν
1446 4340 1612 4395 εἰπὼν
1655 4343 1792 4398 κατά
1837 4346 1936 4416 μὲν

2051 4352 2147 4407 tat,
2164 4342 2291 4397 illud
2310 4344 2478 4411 ipsum
2500 4352 2616 4396 erat
2635 4343 2961 4412 unigenitum
2978 4345 3045 4399 ab
3060 4344 3208 4399 initio
3226 4344 3318 4399 Dei
3337 4344 3589 4411 Verbum,

376 4424 608 4487 Δουκᾶν,
644 4426 726 4478 Οὐ
754 4425 1004 4480 δύναταί
1034 4446 1152 4495 μου
1196 4425 1347 4483 εἶναι
1371 4432 1673 4500 μαθητής-ο
1708 4412 1849 4491 κατά
1875 4439 1933 4491 δὲ

2051 4437 2176 4507 [aed
2210 4444 2293 4489 est
2325 4435 2457 4498 vitao,
2482 4433 2761 4501 sapientia,
2814 4432 2925 4499 lux,
2959 4443 3012 4487 et
3055 4435 3291 4489 omnium
3334 4435 3590 4490 bonorum

374 4511 665 4578 Ματθαίον,
700 4517 820 4569 Οὐκ
844 4517 975 4570 ἐστι
1012 4535 1129 4586 μου
1164 4518 1361 4585 ἄξιοςο
1388 4521 1543 4592 εῐπερ
1572 4524 1601 4576 6
1631 4524 1799 4578 ταῦτα
1841 4527 1930 4581 λέ-

2051 4526 2303 4583 :umulus.
2334 4523 2477 4595 Ergo
2518 4524 2680 4580 dictio
2709 4544 2721 4579 :
2758 4522 2880 4579 Non
2898 4536 2969 4579 est
3000 4542 3078 4579 me
3106 4526 3312 4595 dignus,
3337 4527 3475 4581 idem
3499 4540 3591 4580 va-

376 4619 484 4669 γων
505 4604 663 4667 αὐτὸς
687 4606 891 4669 ἐκεῖνος
919 4602 987 4678 ἦν
1019 4609 1047 4660 6
1076 4610 1131 4661 ὲν
1171 4611 1310 4682 ἀρχῇ
1345 4614 1636 4684 μονογενὴς
1666 4617 1758 4670 τοῦ
1791 4618 1927 4674 Θεοῦ

2053 4620 2279 4691 etquod,
2299 4618 2414 4674 Non
2431 4618 2532 4673 erit
2548 4618 2651 4672 vita
2670 4633 2840 4688 neque
2862 4618 2965 4673 alio
2979 4617 3213 4688 quolibet
3229 4616 3369 4673 bono
3383 4619 3592 4688 dignus.

372 4698 562 4766 Λόγος,
585 4700 743 4764 αὐτὸς
778 4700 855 4754 ὢν
897 4704 931 4774 ἡ
983 4702 1095 4775 ζωὴ
1121 4706 1214 4758 καὶ
1245 4707 1276 4777 ἡ
1312 4707 1470 4774 σοφία
1487 4712 1579 4763 καὶ
1610 4712 1670 4764 τὸ
1701 4715 1815 4783 φῶς
1845 4722 1935 4772 καὶ
2002 4721 2062 4774 τὸ
2103 4721 2319 4774 πάντων
2371 4714 2586 4785 ἀγαθῶν
2656 4713 2954 4786 πλήρωμαο
3000 4712 3059 4766 τὸ
3108 4712 3257 4782 γοῦν,
3298 4714 3418 4767 Οὐκ
3460 4713 3594 4769 ἐστι

367 4810 485 4862 μου
511 4794 695 4860 ἄξιος,
718 4798 901 4866 ὅμοιον
933 4798 997 4852 ἂν
1021 4800 1104 4871 εἴη
1131 4800 1227 4871 τῷ,
1281 4802 1392 4856 Οὐκ
1427 4805 1492 4857 ἂν
1538 4805 1746 4873 γένοιτο
1778 4812 1941 4884 ’ζωῆς
1979 4817 2145 4881 ἄξιος,
2172 4813 2280 4867 οὐδ’
2303 4812 2461 4866 ἄλλου
2495 4810 2638 4872 τινὸς
2662 4807 2885 4877 ἀγαθοῦ.

444 4885 753 4941 Ἐπιτείνων
779 4889 836 4942 δὲ
863 4892 987 4954 τοὺς
1001 4891 1100 4961 τῆς
1117 4891 1293 4963 ψυχῆς
1314 4894 1517 4958 τόνους,
1538 4898 1752 4970 καὶτῆς,
1770 4900 1844 4966 ὠς
1870 4903 1935 4957 ἂν

371 4975 513 5029 εἴποι
544 4995 645 5041 τις,
676 4983 1068 5052 στρατιωτικῆς
1104 4983 1245 5036 κατά
1265 4985 1396 5038 Θεὸν
1421 4986 1670 5057 ἀνδρείας
1701 4991 1799 5061 τὴν
1831 4992 1934 5063 ῥώ-

376 5082 481 5136 μην
500 5068 886 5140 ἀναξωπυρῶν,
916 5071 1173 5140 ἐπιλέγειο
1199 5075 1308 5130 Kal
1332 5076 1400 5142 ὃς
1432 5078 1505 5130 οὐ
1525 5078 1806 5141 βαστάζει
1829 5084 1934 5136 τὸν

371 5160 633 5226 σταυρὸν
658 5162 844 5217 αὑτοῦ
872 5163 969 5216 καὶ
999 5164 1230 5233 ἔρχεται
1261 5168 1451 5221 ὀπίσω
1483 5188 1622 5237 μου,
1654 5173 1725 5224 οὐ
1756 5171 1933 5225 δύνα-

369 5249 468 5300 ταί
490 5268 606 5317 μου
636 5250 785 5307 εἶναι
805 5255 1074 5323 μαθητής
1091 5258 1177 5308 ’οὗ
1197 5258 1304 5330 γὰρ
1323 5261 1782 5333 πατέρων.φησὶν,
1810 5264 1930 5317 οὐδὲ

374 5340 646 5411 μητέρων,
674 5344 793 5397 οὐδὲ
820 5346 971 5414 υἱῶν,
999 5347 1118 5399 οὐδὲ
1143 5347 1454 5420 θυγατέρων
1483 5352 1640 5421 μόνον
1664 5356 1929 5425 προτιμᾶ-

372 5430 498 5485 σθαι
531 5437 791 5506 προσήκει
811 5438 907 5508 τὴν
938 5438 1076 5511 ἐμὴν
1102 5439 1300 5509 φιλίαν,
1328 5442 1461 5497 ἀλλὰ
1493 5445 1585 5497 καὶ
1617 5444 1709 5498 τοῦ
1748 5445 1927 5516 σώμα-

369 5535 457 5584 τος
483 5516 668 5591 αὐτοῦ,
705 5529 798 5579 καὶ
830 5529 998 5600 αὐτῆς
1025 5530 1152 5602 ὅλης
1179 5534 1275 5605 τῆς
1302 5537 1635 5605 προσκαίρου
1664 5537 1825 5608 ζωῆς.
1856 5538 1928 5590 Τὸ

2110 4906 2225 4961 Jam
2260 4918 2388 4958 vero
2433 4903 2791 4956 corroborans
2835 4900 3026 4953 animae
3068 4906 3262 4953 nostra:
3292 4912 3505 4964 nervos,
3535 4893 3591 4952 ei

2038 4994 2305 5061 militaris,
2337 5001 2395 5045 ut
2423 4992 2496 5046 ita
2518 4991 2715 5055 dicam,
2747 4990 3037 5044 secundum
3074 4990 3237 5044 Deum
3262 4990 3590 5046 fortitudinis

2036 5087 2178 5140 vires
2208 5083 2531 5146 incendens,
2555 5080 2731 5149 pergit
2768 5080 2950 5134 dicere
2976 5095 2992 5133 :
3017 5079 3083 5133 Et
3119 5080 3208 5150 qui
3244 5096 3345 5133 non
3386 5079 3588 5149 bajulat

2035 5190 2239 5231 crucem
2266 5190 2417 5228 suam
2456 5182 2507 5227 et
2539 5172 2671 5226 venit
2702 5181 2820 5240 post
2843 5188 2942 5237 me,
2976 5188 3077 5225 non
3099 5180 3263 5238 potest
3310 5187 3452 5225 meus
3479 5187 3588 5227 esu

2034 5265 2320 5335 discipulus
2341 5264 2407 5319 “.
2440 5262 2555 5318 Non
2600 5262 2742 5316 enim
2774 5263 3018 5330 patribus
3062 5270 3263 5315 tantum
3292 5278 3356 5319 ac
3394 5264 3584 5318 matri-

2037 5360 2156 5421 bus,
2211 5356 2335 5411 ﬁliis
2387 5355 2703 5423 ﬁliabusque
2758 5364 3088 5423 anteponere
3136 5353 3328 5418 debet,
3377 5354 3581 5424 inquit,

2032 5464 2271 5504 amorem
2318 5448 2445 5510 mei,
2494 5446 2588 5500 sed
2622 5454 2676 5500 et
2720 5446 2930 5513 corpori
2974 5446 3210 5515 proprio,
3239 5455 3294 5499 et
3322 5446 3585 5503 universae

2034 5538 2161 5594 huic
2194 5537 2471 5608 temporali
2508 5535 2650 5589 vitae.
2675 5536 2879 5604 Corpus
2906 5536 3085 5607 igitur,
3117 5553 3224 5608 quo
3245 5554 3386 5594 nunc
3405 5540 3582 5595 anima

438 5636 484 5668 ³⁸
510 5638 674 5694 Exod.
711 5658 799 5705 xx,
834 5643 918 5697 1‘2.
994 5646 1037 5677 ³⁸
1061 5646 1246 5701 Matth.
1280 5664 1417 5713 xm,
1448 5650 1536 5705 '57.
1612 5652 1657 5683 ⁶⁰
1683 5651 1931 5717 Matth.x,
1953 5653 2040 5706 57.
2116 5653 2159 5683 “
2186 5653 2316 5707 Luc.
2340 5666 2448 5714 xw,
2477 5650 2569 5705 ‘26.
2640 5652 2683 5683 "
2714 5653 2903 5710 Matth.
2933 5672 2988 5723 ι,
3016 5655 3104 5713 37.
3188 5656 3247 5707 »⁸³
3276 5658 3402 5716 ibid.
3438 5657 3525 5713 58.

441 5732 548 5799 (i‘)
581 5730 674 5786 Vel
703 5733 983 5789 delendum
1005 5737 1097 5805 μή,
1133 5740 1214 5794 vel
1256 5740 1535 5807 legendum
1564 5742 1822 5807 εὐσεϐῶν,
1862 5744 1949 5799 ηἰεη

2051 5745 2141 5801 alis
2170 5745 2346 5814 legere
2374 5745 2497 5814 μήν.
2531 5744 2685 5800 Eon.
