4098 6200
537 307 634 362 671

1238 302 1503 359 EUSEBII
1544 302 2014 361 CASSARIENSIS
2050 303 2200 360 OPP.
2240 301 2418 358 PARS
2458 303 2545 358 ιν.
2577 335 2648 345 -
2680 304 3099 362 DOGMATICA.

3657 301 3763 355 372

539 420 856 484 includitur,
889 417 1207 487 crucifigere
1252 426 1486 485 oportet,
1515 426 1571 471 et
1613 417 1776 471 veluti
1829 426 2096 474 mortuum

2202 414 2333 485 γοῦν
2368 416 2544 487 σῶμα,
2579 417 2607 469 δ
2636 417 2940 487 περίκειται
2968 418 3116 489 νῦνή
3148 414 3765 489 ιιωχὴνὰνασταυρῶσαι

536 512 773 578 edicere,
802 511 970 566 clavis
1001 508 1332 575 conflgentes
1356 508 1497 563 illius
1513 509 1833 578 cupiditates
1862 519 1916 565 et
1948 526 2097 566 mor-

537 606 824 669 tilicantes,
860 602 995 656 adeo
1043 608 1100 655 ut
1146 615 1251 654 non
1284 600 1530 654 videatur
1561 600 1834 655 viventem
1865 600 2097 656 circum-

542 697 682 752 ferre
725 707 962 759 carnem,
987 693 1082 747 sed
1132 690 1479 761 exstinctam,
1511 704 1565 747 et
1590 693 1788 748 divinis
1818 693 2099 764 praeceptis

544 784 878 841 transtixam.
950 783 1125 851 Atque
1188 782 1260 835 ita
1307 782 1517 849 anima,
1573 797 1693 852 qua:
1732 783 1836 837 alia
1887 791 2099 838 constat

539 872 839 930 substantia
893 871 1213 939 incorporea
1260 879 1316 924 et
1373 870 1765 937 intellectuali,
1818 871 2099 927 victoriale

541 976 801 1035 tropaeum
829 964 1091 1018 adversus
1114 964 1298 1017 hostes
1328 963 1570 1031 erigens,
1603 977 1804 1030 corpus
1851 977 1950 1017 ceu
1982 976 2099 1017 cru-

537 1074 656 1113 cem
689 1053 1043 1111 circumferre
1069 1052 1342 1117 videatur,
1390 1061 1445 1106 et
1486 1060 1760 1105 mortuum
1802 1051 1967 1107 veluti
2012 1050 2097 1105 in-

535 1155 895 1203 strumentum
952 1152 1172 1216 gestans
1223 1143 1589 1213 subsequatur
1638 1144 1904 1199 rationem
1964 1144 2096 1215 (seu

537 1236 796 1307 Verbum)
854 1235 1095 1305 praeclari
1157 1235 1327 1290 instar
1365 1234 1555 1289 militis
1586 1233 1678 1302 qui
1734 1235 1977 1289 victoria:
2032 1236 2099 1291 de

536 1328 782 1383 hostibus
832 1327 1117 1381 manubias
1147 1334 1319 1395 gerat.
1352 1324 1464 1381 Nisi
1495 1324 1643 1379 enim
1676 1325 1780 1380 hoc
1819 1329 1987 1382 modo
2008 1343 2097 1382 se-

536 1425 732 1487 quatur
761 1430 868 1479 me,
900 1416 1093 1485 inquit,
1125 1414 1417 1483 discipulus
1455 1428 1655 1485 corpus
1697 1429 1854 1469 suum
1884 1425 1944 1470 et
1975 1431 2099 1472 car-

496 1484 502 1496 I
540 1484 660 1564 nem
694 1506 1049 1571 mortiﬁcans,
1073 1516 1123 1561 et
1152 1506 1303 1576 quasi
1330 1506 1631 1562 exanimem
1662 1508 1952 1576 quamdam
1983 1523 2099 1563 cru-

536 1614 655 1654 cem
696 1597 800 1651 sibi
848 1598 1150 1666 imponens,
1181 1597 1398 1652 minime
1445 1598 1515 1651 sit
1565 1611 1742 1665 neque
1770 1613 1891 1653 esse
1924 1598 2099 1668 possit

538 1704 624 1744 me
666 1688 875 1757 dignus.
926 1687 1151 1741 Culmen
1192 1688 1371 1755 itaque
1420 1687 1775 1757 philosophici
1807 1691 1972 1747 moris
2013 1692 2097 1747 his

536 1778 717 1832 verbis
759 1786 1129 1846 reprmsentat,
1179 1776 1474 1846 discipulos
1507 1792 1635 1833 suos
1672 1788 1922 1848 tanquam
1953 1782 2100 1837 viros
2129 1758 2172 1813 Β

537 1870 798 1925 militares
836 1868 904 1924 ad
961 1868 1235 1941 fastigium
1275 1870 1492 1925 virtutis
1546 1872 1910 1928 conscendere
1966 1874 2104 1929 invi—

536 1974 673 2021 18115.

608 2056 873 2124 Quoniam
922 2070 1026 2111 non
1078 2054 1249 2111 solum
1286 2054 1406 2125 plus
1435 2071 1595 2124 quam
1646 2066 1849 2126 patrem
1890 2072 1953 2113 ac
1990 2074 2103 2113 ma-

537 2155 673 2200 trem
698 2154 751 2200 et
774 2145 995 2208 liberos,
1031 2157 1217 2198 verum
1258 2144 1420 2198 etiam
1462 2144 1581 2213 plus
1623 2160 1783 2214 quam
1825 2149 2100 2216 proprium

536 2253 763 2307 corpus,
788 2237 1081 2292 amicitiam
1128 2236 1296 2304 ipsius
1343 2236 1716 2291 aestimandam
1760 2253 1879 2293 esse
1906 2240 2102 2295 docue-

538 2340 659 2393 rat;
688 2343 794 2383 uno
820 2327 995 2382 adhuc
1040 2327 1267 2397 reliquo,
1301 2327 1477 2397 magis
1502 2328 1664 2382 etiam
1714 2345 1873 2396 quam
1905 2346 2101 2401 corpus

536 2417 868 2481 necessario,
914 2417 968 2472 id
1018 2427 1105 2473 est
1147 2418 1369 2483 anima;
1425 2433 1731 2474 sermonem
1792 2420 2096 2490 intendens,

536 2511 603 2565 de
631 2510 732 2564 hac
750 2522 962 2578 quoque
990 2508 1061 2562 ita
1091 2508 1302 2563 locutus
1322 2519 1407 2564 est
1438 2528 1452 2563 :
1487 2509 1590 2575 Qui
1612 2526 1717 2564 non
1747 2511 1913 2565 oderit
1944 2514 2109 2568 etiam

537 2600 769 2653 animum
798 2615 971 2663 suam,
1001 2614 1105 2652 non
1128 2610 1295 2669 potest
1327 2618 1471 2655 meus
1500 2618 1612 2657 esse
1655 2603 1960 2671 discipulus.
1999 2605 2095 2661 Se-

536 2690 771 2745 cundum
810 2704 940 2745 vero
993 2689 1302 2745 Mattheum
1355 2709 1371 2747 :
1413 2692 1519 2757 Qui
1565 2696 1816 2748 invenerit
1869 2695 2099 2750 animum

538 2797 710 2845 suam,
737 2784 914 2851 perdet
940 2798 1054 2836 eam
1081 2798 1099 2835 :
1127 2792 1174 2836 et
1203 2785 1294 2851 qui
1317 2800 1431 2837 eam
1455 2786 1744 2849 perdiderit
1765 2795 1977 2857 propter
1995 2803 2096 2853 me,

537 2874 759 2928 inveniet
789 2873 987 2929 eam“.
1019 2873 1136 2928 Non
1172 2875 1315 2929 enim
1350 2875 1501 2941 mihi,
1526 2877 1721 2946 inquit,
1751 2879 1817 2934 de
1861 2881 2099 2937 exterio-

538 2966 687 3019 ribus
728 2978 909 3019 sermo
950 2973 1055 3026 est,
1091 2979 1267 3034 neque
1314 2966 1382 3019 de
1431 2969 1744 3036 parentibus
1791 2978 1847 3025 et
1891 2970 2094 3037 liberis,

536 3055 629 3109 sed
656 3069 722 3108 ne
747 3055 811 3109 de
844 3055 958 3124 ipso
995 3056 1211 3124 quidem
1239 3070 1464 3127 corpore
1496 3066 1550 3112 et
1589 3074 1754 3114 carne
1799 3061 1900 3116 hac
1940 3061 2099 3118 facile
2125 3086 2167 3145 ρ

538 3147 900 3215 corruptibili,
942 3162 1061 3217 qua:
1096 3162 1286 3216 parum
1321 3164 1515 3203 curare
1539 3149 1722 3218 jubeo,
1754 3152 1879 3207 dum
1908 3163 2096 3208 contra

535 3253 647 3307 pra:
676 3239 928 3295 omnibus
977 3241 1030 3294 in
1078 3240 1254 3309 pretio
1289 3240 1492 3300 habere
1515 3256 1793 3298 sermones
1822 3259 1971 3299 meos
2000 3246 2097 3298 ad—

536 3327 745 3383 hortor.
779 3326 884 3383 Sed
915 3329 1162 3398 quamvis
1190 3328 1367 3385 anima
1407 3331 1697 3398 pretiosior
1726 3333 1973 3390 omnibus
2006 3336 2094 3401 sit,

535 3419 608 3473 ita
639 3430 699 3475 ut
724 3420 856 3475 nihil
884 3421 1076 3475 melius
1107 3421 1372 3491 quispiam
1403 3423 1618 3490 habeat,
1655 3424 1781 3479 huic
1810 3426 1905 3495 ipsi
1947 3442 2098 3483 crea-

534 3518 619 3565 tor
647 3511 766 3581 ejus
811 3514 1219 3581 anteponendus
1243 3523 1360 3579 est;
1399 3516 1470 3569 ita
1507 3526 1565 3570 ut
1619 3517 1663 3571 si
1720 3525 1928 3587 tempus
1960 3519 2097 3575 forte

534 3603 715 3674 exigat
739 3604 867 3659 huic
894 3619 1110 3675 quoque
1136 3620 1241 3660 non
1292 3621 1534 3674 parcere,
1564 3622 1792 3676 eamque
1823 3610 1989 3665 exitio
2018 3611 2097 3679 (ut

533 3694 879 3765 hypothetice
914 3697 1125 3769 loquar)
1159 3713 1256 3767 pro
1296 3698 1393 3753 Dei
1424 3698 1571 3753 cultu
1604 3701 1840 3765 tradere,
1872 3702 1924 3755 id
1958 3718 2087 3771 quo-

532 3800 637 3856 que
662 3788 778 3843 sine
800 3789 1135 3845 dubitatione
1175 3792 1440 3858 agendum
1466 3792 1558 3846 sit.
1595 3791 1803 3847 Etenim
1833 3795 1928 3849 soli
1965 3796 2092 3866 Deo,

532 3878 796 3947 perditam
844 3880 987 3949 (dico
1033 3896 1130 3950 per
1168 3882 1530 3952 hypothesim)
1585 3883 1753 3952 ipsius
1786 3900 1947 3941 causa
1978 3890 2093 3942 ani-

536 3985 676 4024 mam
704 3985 1022 4041 recuperare
1054 3983 1107 4028 ct
1136 3974 1380 4029 invenire
1413 3976 1668 4044 possibile
1698 3987 1800 4033 est.
1839 3979 1970 4035 Nam
2003 3984 2093 4051 qui

532 4074 653 4115 eam
688 4075 951 4131 nusquam
996 4063 1341 4118 exsistentem
1389 4066 1563 4134 primo
1612 4066 1884 4137 formavit,
1936 4080 1989 4125 et
2026 4089 2092 4126 ex

535 4167 644 4207 non
674 4161 919 4207 exstante
950 4154 1247 4208 subsistere
1273 4152 1427 4222 fecit,
1461 4155 1603 4209 haud
1641 4157 1812 4227 impos
1843 4161 1949 4216 erit
1974 4177 2093 4216 eam

532 4258 597 4298 ex
629 4245 903 4299 hominum
958 4247 1232 4300 consortio
1263 4247 1496 4317 pulsam,
1542 4258 1596 4303 et
1629 4250 1697 4305 de
1736 4252 1839 4306 hac
1879 4254 2092 4308 mortali

534 4336 643 4389 vita
680 4335 945 4401 abactam,
984 4352 1171 4392 rursus
1221 4339 1287 4391 ad
1334 4338 1553 4394 luminis
1611 4356 1771 4396 auras
1818 4358 2090 4403 revocare.

2200 509 2489 577 προσήκει,
2518 508 2611 559 καὶ
2632 507 2819 579 ὥσπερ
2850 507 3041 579 νεκρὸν
3064 506 3494 580 ἀπεργάσασθαι,
3520 504 3767 574 καθηλώ-

2201 613 2397 658 σαντας
2427 595 2591 649 αὑτοῦ
2622 597 2688 651 τὰ
2715 597 2861 667 πάθη
2894 600 2987 651 καὶ
3018 596 3527 670 ἀπονεκρώσαντας,
3551 594 3627 657 ὡς
3657 610 3764 664 μη-

2198 686 2317 739 κέτι
2349 686 2723 752 δοκεῖνοζῶσαν
2758 688 3071 759 περιφέρειν
3111 689 3308 759 σάρκα,
3333 686 3470 739 ἀλλά
3508 701 3767 756 νενεκρω-

2201 774 2387 845 μένην,
2418 775 2647 840 καὶτοῖς
2663 776 2825 840 θείοις
2854 777 3271 849 παραγγέλμασι
3294 774 3762 849 πεπερονημένην*

2197 866 2337 921 ὥστε
2370 868 2469 939 τὴν
2496 868 2691 940 ψυχὴν,
2717 870 2907 941 ἐτέρας
2926 867 3091 925 οὖσαν
3122 870 3310 933 οὐσίας
3336 870 3437 939 τῆς
3471 866 3763 938 ἀσωμάτου

2200 959 2293 1013 καὶ
2320 962 2531 1030 νοερᾶς,
2562 961 2819 1032 τρόπαιον
2866 963 3181 1033 νικητήριον
3229 963 3348 1015 κατ’
3383 960 3590 1032 ἐχθρῶν
3629 960 3765 1028 ἐγεί-

2200 1070 2417 1124 ρουσαν,
2456 1053 2519 1107 τὸ
2560 1053 2718 1124 σῶμα
2768 1054 2997 1126 σταυρὸν
3041 1054 3215 1109 δοκεῖν
3272 1052 3605 1123 περιφέρειν,
3666 1053 3761 1108 καὶ

2198 1143 2388 1215 νεκρὸν
2402 1143 2587 1217 ὥσπερ
2610 1145 2837 1217 δργανον
2868 1146 3281 1219 ἀχθηφοροῦσαν
3307 1147 3533 1203 ἕπεσθαι
3555 1146 3634 1217 τῷ
3674 1146 3765 1200 λό-

2198 1253 2289 1307 γῳ
2310 1236 2463 1308 δίκην
2488 1239 2735 1305 γενναίου
2768 1238 3095 1311 στρατιώτου
3134 1239 3201 1293 τά
3230 1239 3455 1312 βραδεῖα
3482 1239 3579 1311 τῆς
3605 1238 3762 1309 νίκης

2198 1327 2319 1379 κατ’
2350 1326 2554 1398 ἐχθρῶν
2584 1328 3058 1399 ὲπικομιζομένου.
3088 1330 3151 1383 Εἰ
3196 1330 3304 1399 γὰρ
3341 1330 3414 1400 μὴ
3448 1328 3633 1382 τοῦτον
3670 1328 3763 1381 τὸν

2196 1421 2395 1490 τρόπον
2426 1420 2772 1493 ἀκολουθήσει
2808 1440 2919 1493 μοι,
2956 1424 3138 1494 φησὶν,
3170 1426 3198 1477 ό
3228 1423 3350 1494 ἐμοὶ
3396 1421 3765 1494 μαθητευόμε-

2197 1527 2306 1575 νος,
2332 1510 2393 1563 τὸ
2420 1510 2613 1564 ἑαυτοῦ
2651 1510 2810 1583 σῶμα
2853 1513 2949 1566 καὶ
2984 1513 3082 1585 τὴν
3118 1514 3296 1587 σάρκα
3332 1511 3630 1584 νεκρώσας,
3666 1510 3764 1571 καὶ

2197 1594 2306 1652 οἷόν
2329 1618 2447 1653 τινα
2475 1600 2703 1669 σταυρὸν
2726 1602 2926 1673 ἄψυχον
2944 1602 3315 1673 περιθέμενος,
3348 1602 3448 1655 οὑκ
3472 1601 3537 1654 ἂν
3558 1597 3766 1669 γένοιτό

2204 1709 2301 1762 μου
2340 1692 2507 1756 ἄξιος,
2533 1694 2651 1747 οὑδέ
2672 1693 2882 1749 δύναιτο
2910 1689 3049 1747 εἶναι
3076 1692 3337 1765 μαθητής.
3376 1692 3674 1763 Ἀκρότητα
3701 1688 3762 1743 δέ

2204 1783 2298 1836 καὶ
2321 1783 2409 1836 διὰ
2427 1783 2629 1839 τούτων
2656 1785 2941 1855 φιλοσόφου
2968 1785 3166 1857 τρόπου
3198 1785 3457 1856 παρίστη,
3489 1785 3614 1846 τοὺς
3662 1782 3762 1835 αὑ-

2201 1872 2295 1926 τοῦ
2352 1873 2600 1944 μαθητὰς
2629 1870 2717 1928 οἷα
2758 1875 3174 1947 στρατιωτικοὺς
3214 1874 3413 1945 ἀνδρας
3463 1873 3549 1925 ἐπ’
3593 1870 3765 1941 ἀκρον

2202 1964 2399 2035 ἀρετῆς
2422 1966 2670 2019 σπεύδειν
2697 1966 3147 2037 προκαλούμενος.

2273 2058 2347 2128 (5)
2394 2058 2530 2112 Ἀλλ’
2577 2059 2761 2130 ἐπειδὴ
2803 2059 3005 2131 πατρὸς
3050 2059 3144 2112 καὶ
3194 2058 3395 2129 μητρὸς
3432 2054 3527 2108 καὶ
3557 2053 3762 2107 τέκνων

2200 2150 2262 2202 οὑ
2296 2149 2472 2219 μόνον,
2522 2150 2657 2203 ἀλλά
2699 2152 2793 2203 καὶ
2842 2150 2933 2203 τοῦ
2980 2150 3229 2222 σώματος
3274 2147 3439 2202 αὑτοῦ
3490 2146 3761 2217 προτιμᾷν

2200 2238 2298 2309 τὴν
2330 2238 2493 2292 αὑτοῦ
2529 2240 2706 2309 φιλίαν
2730 2240 2984 2307 ἐδίδαξεν,
3009 2241 3126 2304 ἐνὸς
3150 2240 3206 2292 δὲ
3235 2239 3420 2292 λοιπὸν
3451 2237 3530 2289 ἔτι
3555 2235 3763 2288 λείπον-

2200 2345 2291 2391 τος
2319 2328 2411 2381 τοῦ
2444 2329 2538 2382 καὶ
2567 2328 2673 2382 τῶν
2719 2329 2984 2399 σωμάτων
3030 2329 3473 2400 ἀναγκαιοτέρου,
3510 2324 3667 2379 τοῦτο
3698 2323 3763 2394 δὴ

2198 2412 2267 2488 ἦν
2298 2420 2331 2489 ή
2373 2418 2545 2490 ψυχή·
2583 2420 2864 2473 ἐπιτείνων
2908 2421 3000 2473 τὸν
3044 2420 3220 2490 λόγον,
3255 2421 3349 2474 καὶ
3387 2418 3510 2490 περὶ
3556 2416 3764 2483 ταύτης

2198 2510 2453 2572 τοιαύτας
2483 2511 2820 2583 προὺφέρετο
2850 2512 3050 2581 φωνὰς,
3081 2514 3163 2565 ὅτι
3204 2512 3267 2564 '0
3311 2512 3394 2581 μὴ
3438 2507 3630 2579 μισῶν
3660 2505 3763 2559 καὶ

2200 2598 2313 2668 τὴν
2342 2600 2556 2655 ἑαυτοῦ
2579 2601 2789 2669 ψυχὴν
2811 2604 2882 2655 οὐ
2906 2602 3153 2658 δύναταί
3164 2620 3284 2672 μου
3305 2598 3455 2655 εἶναι
3466 2596 3759 2669 μαθητής·

2198 2689 2340 2744 κατά
2368 2691 2429 2744 δὲ
2447 2692 2539 2744 τὸν
2560 2692 2856 2757 Ματθαῖον,
2902 2692 2965 2746 '0
2990 2693 3179 2761 εὑρὼν
3206 2691 3322 2761 τὴν
3344 2690 3554 2761 ψυχὴν
3576 2688 3762 2745 αὐτοῦ

2198 2781 2485 2836 ἀπολέσει
2527 2782 2747 2851 αὑτήν·
2784 2784 2881 2838 καὶ
2925 2786 2959 2839 ό
2981 2784 3286 2851 ἀπολέσας
3328 2782 3523 2852 αὐτὴν
3556 2783 3764 2835 ἕνεκεν

2197 2870 2364 2939 ἐμοῦ,
2385 2871 2626 2939 εὑρήσει
2658 2873 2867 2940 αὐτήν.
2902 2873 2975 2927 Oi:
3007 2872 3115 2945 γὰρ
3149 2874 3276 2947 περὶ¹
3306 2872 3415 2927 τῶν
3455 2872 3610 2936 ἐκτός
3645 2887 3755 2943 μοι,

2199 2962 2369 3033 φησὶν
2400 2964 2429 3015 ὁ
2473 2964 2651 3033 λόγος,
2697 2966 2816 3018 οὑδέ
2855 2967 2981 3036 περὶ
3028 2968 3229 3035 γονέων
3266 2964 3360 3019 καὶ
3392 2964 3615 3028 τέκνων,
3648 2963 3759 3016 ἀλλ’

2198 3053 2319 3106 οὑδὲ
2363 3055 2490 3125 περὶ
2528 3053 2690 3108 αὑτοῦ
2736 3056 2828 3108 τοὺ
2879 3056 3124 3127 σώματος
3171 3058 3262 3110 καὶ
3306 3056 3415 3127 τῆς
3459 3055 3759 3127 εὐφθάρτου

2200 3146 2401 3217 ταύτης
2431 3140 2735 3219 σαρκὸς,ῶν
2750 3148 2811 3219 δὴ
2832 3148 3047 3201 ἔλαττον
3066 3147 3370 3219 φροντίζειν
3393 3146 3761 3220 παρακελεύο-

2202 3254 2319 3309 μαι,
2356 3241 2448 3292 καὶ
2478 3240 2581 3310 πρὸ
2614 3242 2828 3293 πάντων
2857 3242 3021 3312 τιμᾷν
3047 3238 3173 3304 τοὺς
3194 3242 3363 3314 ἐμοὺς
3403 3242 3593 3309 λόγους
3620 3258 3759 3311 παρ-

2199 3330 2365 3391 αινῶ·
2406 3330 2518 3383 ἀλλ’
2549 3332 2685 3403 ὅπερ
2743 3332 2857 3385 ἐστὶ
2905 3333 3120 3386 πάντων
3159 3332 3481 3405 τιμιώτερον
3521 3333 3554 3402 ἡ
3590 3331 3761 3404 ψυχὴ,

2196 3417 2264 3494 ἧς
2288 3422 2388 3473 οὑκ
2417 3421 2482 3474 ἂν
2529 3422 2735 3490 γένοιτό
2763 3440 2817 3476 τι
2860 3425 3105 3495 κρεῖττον
3134 3424 3365 3493 ἑκάστῳ,
3413 3422 3503 3476 καὶ
3557 3421 3763 3492 ταύτης

2198 3514 2363 3584 αὐτῆς
2393 3514 2499 3579 δέοι
2530 3513 2594 3567 ἂν
2622 3515 2712 3567 τὸν
2755 3516 2980 3588 ποιητὴν
3027 3517 3195 3587 αὑτῆς
3240 3518 3537 3588 προτιμᾷνθ
3567 3514 3664 3578 ὡς,
3712 3516 3763 3568 εί

2197 3605 2386 3676 καιρός
2417 3622 2546 3659 ποτε
2578 3606 2883 3675 καλέσειεν,
2917 3608 3203 3680 ἀφειδῆσαι
3242 3608 3335 3661 καὶ
3359 3606 3582 3678 ταύτης,
3608 3607 3762 3659 ἀπω-

2196 3692 2313 3763 λείᾳ
2360 3710 2418 3745 τε
2452 3694 2639 3764 αὑτὴν,
2689 3694 2764 3758 ὼς
2804 3696 2861 3749 ἐν
2903 3696 3152 3749 ὑποθέσει
3184 3696 3340 3766 λόγου
3381 3698 3575 3759 εἰπεῖν,
3620 3696 3762 3767 ὑπὲρ

2196 3784 2473 3847 εὐσεϐείας
2492 3785 2625 3838 Θεοῦ
2656 3786 3005 3858 παραδοῦναι,
3030 3789 3124 3842 καὶ
3146 3788 3303 3843 τοῦτο
3332 3789 3437 3861 χρὴ
3468 3788 3761 3860 προθύμως

2198 3876 2512 3946 ὑπομένειν·
2544 3877 2627 3931 ὅτι
2674 3878 2817 3949 μόνῳ
2858 3879 2975 3949 Θεῷ
3007 3880 3100 3933 καὶ
3131 3881 3249 3951 τὴν,
3284 3880 3359 3945 ῶς
3402 3883 3459 3935 ἐν
3492 3882 3766 3945 ὑποθέσει,

2196 3963 2531 4020 ἀπολωλυῖαν
2550 3966 2615 4019 δι’
2638 3955 2797 4021 αὑτὸν
2821 3968 2995 4039 ψυχὴν
3021 3970 3453 4024 ἀνακαλέσασθαι
3484 3973 3577 4025 καὶ
3607 3972 3764 4024 ἀνευ-

2200 4056 2307 4125 ρεῖν
2338 4055 2578 4116 δυνατόν.
2616 4057 2676 4113 Ὀ
2699 4058 2808 4130 γάρ
2842 4060 3086 4132 μηδαμοῦ
3118 4062 3378 4132 μηδαμῶς
3403 4058 3566 4116 οὖσαν
3593 4062 3763 4133 αὐτὴν

2196 4148 2455 4219 πρότερον
2489 4149 2952 4224 ὑποστησάμενος,
2986 4154 3079 4206 καὶ
3108 4155 3171 4207 ἐκ
3199 4154 3291 4207 τοῦ
3327 4156 3400 4226 μὴ
3425 4155 3574 4221 δντος
3598 4156 3674 4218 εἰς
3700 4155 3763 4207 τὸ

2196 4235 2334 4292 εἶναι
2367 4240 2719 4311 παραγαγὼν,
2746 4242 2845 4295 οὑκ
2874 4242 2939 4296 ἂν
2980 4244 3062 4315 εἴη
3098 4244 3355 4309 ἀδύνατος
3384 4246 3760 4317 ἀπολλυμένην

2194 4329 2361 4399 αὑτὴν
2390 4330 2451 4394 ἐξ
2482 4330 2798 4403 ἀνθρώπιον,
2843 4332 2935 4385 καὶ
2967 4335 3031 4386 ἐκ
3073 4334 3165 4387 τοῦ
3198 4334 3387 4406 θνητοῦ
3418 4336 3532 4405 βίου
3563 4337 3762 4403 ἀφανι-

532 4426 666 4481 Nam
694 4427 834 4496 quod
867 4428 1136 4497 perditum
1167 4427 1292 4492 fuit,
1318 4429 1461 4483 haud
1487 4446 1615 4486 sane
1645 4433 1697 4487 in
1729 4433 1959 4488 nihilum
1986 4436 2092 4491 dis-

2206 4421 2443 4487 σθεῖσαν,
2464 4418 2617 4486 αὖθις
2644 4425 2723 4487 είς
2739 4423 2852 4491 φῶς
2884 4429 3241 4495 παραγαγεῖν.
3269 4426 3341 4479 Τὸ
3354 4427 3461 4498 γὰρ
3487 4426 3762 4491 ἀπολωλὸς

531 4520 775 4585 solvitur,
798 4519 893 4574 sed
927 4519 1193 4583 subsistit,
1225 4530 1331 4586 est,
1357 4537 1419 4576 ac
1448 4533 1759 4593 permanet;
1795 4534 1998 4580 tantum
2033 4542 2092 4582 se

529 4610 798 4665 subtrahit
846 4610 1083 4678 latetque
1129 4610 1494 4667 destructores
1549 4630 1697 4681 suos,
1748 4630 1855 4670 non
1913 4626 2088 4673 tamen

529 4702 1055 4770 magnum‘oculum
1106 4701 1261 4771 fugit.
1311 4704 1669 4770 Quamobrem
1716 4707 1849 4761 nihil
1901 4722 2090 4774 reapse

429 4861 442 4870 .
527 4792 665 4862 apud
709 4793 873 4847 Deum
907 4794 1065 4862 perit.
1112 4792 1263 4858 Quod
1294 4795 1339 4847 si
1375 4795 1496 4864 quis
1528 4795 1637 4849 Deo
1685 4812 1789 4850 non
1823 4798 2083 4865 credens,

525 4898 700 4956 neque
734 4900 889 4955 posse
944 4886 1011 4940 ab
1061 4900 1125 4939 eo
1174 4886 1409 4940 animam
1442 4902 1559 4955 quae
1590 4889 1817 4957 periisse
1842 4900 2081 4959 putetur,

524 4977 765 5032 revocari
813 4991 878 5031 ac
921 4977 1179 5032 vivificari
1236 4978 1527 5047 judicans,
1580 4980 1976 5036 confessionem
2018 4981 2085 5036 de

524 5067 633 5123 Deo
667 5067 862 5124 factam
908 5069 1254 5137 abnegavcrit
1280 5110 1296 5135 ,
1332 5084 1394 5123 ac
1427 5079 1710 5139 pr0pterea
1766 5072 2083 5142 impenden-

525 5169 631 5213 tem
660 5160 728 5214 ab
758 5159 1065 5215 hominibus
1108 5176 1296 5215 necem
1352 5160 1572 5229 fugerit,
1614 5176 1779 5230 seque
1837 5178 2079 5219 securam

522 5250 663 5304 inter
696 5251 940 5313 homines
971 5253 1129 5307 vitam
1177 5254 1427 5321 adeptum
1462 5255 1765 5323 putaverit,
1803 5266 1967 5325 atque
2009 5257 2081 5310 ita

522 5340 758 5394 animam
789 5358 941 5397 suam
969 5360 1027 5401 se
1056 5346 1331 5402 invenisse
1370 5355 1574 5416 speret,
1606 5347 1805 5415 quippe
1841 5350 1932 5415 qui
1982 5349 2081 5402 ho-

523 5430 728 5485 minum
773 5432 994 5490 insidias
1028 5436 1534 5506 impendentemque
1586 5438 1865 5509 religionis
1920 5452 2079 5495 causa

522 5536 709 5577 necem
750 5523 1032 5593 vitaverit;
1070 5528 1178 5595 hic,
1232 5529 1476 5601 inquam,
1528 5529 1666 5587 sciat
1711 5544 1842 5585 vera
1904 5531 2080 5602 potius

525 5615 571 5647 "
598 5614 787 5671 Matth.
815 5632 871 5685 ι,
894 5618 984 5674 39.

509 5768 541 5789 ν
594 5708 672 5775 ιδ)
700 5709 828 5769 Cod.
862 5714 923 5771 Α.
962 5713 998 5770 ι.
1030 5713 1155 5774 soi.
1188 5715 1242 5772 b.

2191 4513 2289 4565 οὑκ
2336 4514 2414 4575 εἰς
2458 4514 2795 4585 ἀνυπαρξίαν
2833 4516 3169 4588 κεχώρηκεν,
3225 4516 3336 4571 ἀλλ’
3374 4518 3607 4589 ὑπάρχει
3663 4519 3762 4588 μὲν

2192 4602 2282 4654 καὶ
2311 4600 2425 4654 ἐστι
2468 4604 2561 4656 καὶ
2597 4603 2747 4674 μένει
2770 4622 2783 4635 ο
2818 4606 3121 4678 κέκρυπται
3150 4608 3206 4660 δὲ
3238 4609 3331 4661 καὶ
3359 4608 3605 4663 λανθάνει
3636 4611 3761 4673 τοὺς

2189 4693 2627 4759 ἀπολωλεκότας,
2686 4696 2799 4750 ἀλλ’
2849 4698 2969 4751 οὐδὲ
3026 4699 3115 4752 τὸν
3172 4698 3342 4772 μέγαν
3395 4701 3757 4771 διαδιδράσκει

2187 4785 2460 4856 ὀφθαλμόν
2488 4803 2501 4817 ο
2538 4787 2619 4841 διὸ
2660 4790 2810 4843 οὐδὲν
2859 4790 2924 4844 ἂν
2966 4792 3218 4845 ἀπόλοιτο
3249 4795 3376 4863 παρ’
3407 4793 3572 4865 αὐτῷ.
3606 4795 3670 4846 Et
3702 4794 3759 4847 δέ

2187 4893 2290 4939 τις,
2346 4878 2650 4949 ἀπιστήσας
2695 4880 2842 4948 Θεῷ,
2895 4884 2988 4935 καὶ
3028 4882 3101 4954 μὴ
3150 4884 3403 4939 δύνασθαι
3454 4886 3615 4939 αὑτὸν
3659 4885 3759 4957 τὴν

2188 4967 2520 5023 ἀπολωλέναι
2541 4972 2883 5041 νομισθεῖσαν
2901 4972 3080 5046 ψυχὴν
3099 4972 3253 5039 αὖθις
3274 4979 3637 5045 ἐπαναγαγεῖν
3663 4979 3759 5032 καὶ

2188 5057 2468 5121 ζωοποιεῖν
2496 5062 2862 5133 ἡγησάμενος,
2892 5065 3119 5136 ἔξαρνος
3146 5068 3352 5136 γένοιτο
3378 5068 3474 5138 τῆς
3506 5070 3633 5139 περὶ
3665 5070 3758 5122 τὸν

2186 5148 2317 5202 Θεὸν
2340 5152 2645 5221 ὁμολογίας,
2674 5150 2789 5207 εἶτα
2816 5156 3065 5228 διαφύγοι
3106 5160 3201 5229 μὲν
3232 5159 3321 5212 τὸν
3354 5159 3411 5225 ἐξ
3454 5159 3755 5231 ἀνθρώπων

2186 5238 2569 5311 ἐπῃωρημένον
2610 5242 2856 5310 θάνατον,
2903 5248 2961 5301 ἐν
2996 5247 3265 5318 ἀσφαλείᾳ.
3308 5248 3365 5301 δὲ
3416 5248 3517 5319 ήδη
3566 5250 3655 5302 καὶ
3697 5251 3751 5302 ἐν

2189 5334 2474 5406 ἀμερίμνῳ
2504 5337 2605 5407 τῆς
2632 5339 2931 5410 ἀνθρώπων
2962 5342 3107 5411 ζωῆς
3147 5344 3332 5413 ἡγοῖτο
3380 5344 3570 5399 ἐαυτὸν
3597 5362 3753 5414 γεγοο

2188 5424 2353 5490 νέναι,
2389 5429 2464 5494 ὡς
2490 5431 2665 5486 δοκεῖν
2690 5434 2976 5507 εὑρηκέναι
3003 5434 3192 5489 ἐαυτοῦ
3220 5437 3320 5508 τὴν
3342 5438 3537 5510 ψυχὴν,
3566 5439 3655 5492 ἅτε
3685 5437 3748 5509 δὴ
3848 5450 3849 5453 ‘

2185 5516 2466 5589 ἐκφεύγων
2494 5522 2591 5588 τὰς
2619 5524 2675 5591 ἐξ
2706 5526 3003 5597 ἀνθρώπων
3027 5529 3335 5597 ἐπιϐουλὰς,
3360 5530 3565 5587 καὶτὸν
3588 5532 3755 5602 ἠπει-
