4098 6200
386 296 487 351 673

1729 298 1829 384 DE.
1856 296 2314 353 THEOPHANIA.

3500 309 3606 367 674

381 413 445 483 λη
451 413 612 483 μένον
634 412 817 464 ἕνεκεν
839 410 929 464 τοῦ
950 411 1048 482 τῆς
1069 411 1543 482 θεοσεϐείαςιλόγου
1562 412 1807 467 θάνατον·
1827 416 1931 468 fore

2055 415 2163 467 vita
2206 429 2265 470 se
2315 415 2488 484 ipsum
2532 415 2811 483 privasse,
2855 429 3117 485 suamque
3160 417 3415 485 animam,
3448 434 3607 489 quam

378 507 407 557 ὁ
434 504 675 567 τοιοῦτος
723 503 821 571 τῆς
853 502 1084 572 ἀληθοῦς
1128 502 1272 572 ζωῆς
1316 504 1503 557 ἑαυτὸν
1544 506 1828 576 στερήσας,
1854 506 1947 558 καὶ

378 600 480 670 τὴν
511 595 702 651 ἑαυτοῦ
742 596 934 667 ψυχὴν,
978 596 1046 666 ἢν
1084 597 1372 667 εὑρηκέναι
1419 597 1717 667 νενόμικεν,
1758 596 1947 667 ἀληθεῖ

380 689 524 758 λόγῳ
554 687 823 758 παραδοὺς
852 686 1114 757 ἀπωλείᾳ.
1159 687 1345 757 Πάσης
1382 686 1487 756 γὰρ
1519 687 1749 757 ἐσχάτης
1793 688 1945 740 ἀπω-

382 781 534 842 λείας
564 780 753 847 γένοιτ’
786 778 850 830 ἂν
896 780 1073 848 χεῖρον
1106 778 1166 830 τὸ
1193 780 1443 831 ἐκπεσεῖν
1474 777 1627 842 Θεοῦ,
1660 778 1752 831 καὶ
1780 779 1946 849 ἀρνη-

384 874 541 944 θῆναι
569 872 670 925 ὑπὸ
697 870 788 924 τοῦ
834 870 963 923 Υἱοῦ
998 870 1091 922 τοῦ
1128 869 1285 924 Θεοῦ.
1328 870 1393 921 Τί
1421 870 1477 922 δὲ
1509 869 1602 921 καὶ
1630 869 1788 922 πλέον
1816 871 1943 921 ἐπο-

390 965 589 1037 ρίσατο,
625 963 814 1016 ἑαυτὸν
847 963 1149 1033 ἀπατήσας,
1182 962 1276 1015 καὶ
1312 962 1600 1032 εὑρηκέναι
1625 963 1723 1031 τὴν
1751 960 1942 1014 ἐαυτοῦ

384 1055 554 1124 ψυχὴν
578 1053 880 1116 ὑπολαϐὼν,
908 1054 1016 1115 ὅτε,
1052 1052 1264 1121 φεύγων
1301 1052 1389 1104 τὸν
1422 1050 1666 1114 θάνατον,
1694 1051 1783 1104 τὸν
1812 1051 1942 1103 Θεὸν

377 1147 618 1215 ἡρνεῖτος
648 1143 887 1213 Σμικροῦ
919 1142 1025 1213 γὰρ
1051 1142 1201 1205 ὄντος
1231 1144 1321 1196 καὶ
1348 1143 1630 1213 ἐπικαίρου
1659 1143 1797 1213 βίου,
1826 1144 1940 1213 μετ’

336 1280 354 1310 τ
376 1236 435 1287 οὐ
466 1235 597 1287 πολὺ
624 1236 723 1305 τῆς
747 1235 945 1304 θνητῆς
974 1236 1064 1287 καὶ
1083 1234 1442 1304 ὀλιγοχρονίου
1469 1232 1613 1304 ζωῆς
1634 1218 1938 1305 στερηθεὶς,

377 1325 469 1377 καὶ
498 1324 574 1395 τῷ
603 1324 818 1395 θανάτῳ
861 1325 919 1377 ὃν
953 1324 1166 1393 φεύγων
1192 1325 1281 1377 τὸν
1310 1325 1439 1377 Θεὸν
1472 1326 1683 1396 ἠρνεῖτο
1708 1325 1941 1396 ὑποϐλη-

378 1418 507 1481 θεὶς,
540 1420 607 1487 τῇ
643 1417 779 1487 μετά
809 1416 897 1470 τὸν
921 1415 1144 1469 θάνατον
1176 1415 1367 1485 αἱωνίᾳ
1394 1414 1608 1469 κολάσει
1635 1414 1942 1485 παραδοθή-

376 1525 543 1572 σεται,
568 1507 838 1570 ἀπολέσας
870 1506 1083 1575 ἀληθῶς
1112 1506 1208 1576 τὴν
1232 1505 1423 1559 ἑαυτοῦ
1454 1505 1649 1575 ψυχὴν,
1678 1505 1745 1575 ἣν
1774 1506 1939 1576 εὑρη-

375 1600 527 1654 κέναι
567 1600 885 1669 ὑπειλήφειο
943 1598 1018 1660 ῶς
1059 1597 1323 1650 ἀνάπαλιν
1365 1597 1394 1648 ὁ
1426 1596 1513 1649 διά
1547 1596 1645 1666 τὴν
1682 1597 1761 1657 εἰς
1806 1595 1940 1648 Θεὸν

378 1691 568 1745 ἐλπίδα
596 1690 784 1743 ἑαυτὸν
809 1688 1095 1757 ἀπογνοὺς,
1122 1689 1215 1741 καὶ
1243 1688 1337 1758 τὴν
1363 1686 1554 1741 ἐαυτοῦ
1594 1686 1735 1757 ζωὴν
1762 1686 1939 1755 ἀπαρ-

2052 505 2153 559 sibi
2183 505 2451 559 invenisse
2474 504 2777 571 videbatur,
2812 507 3095 575 perditioni
3129 509 3435 566 tradidisse.
3463 510 3607 578 Quo-

2051 594 2133 647 vis
2169 593 2311 647 enim
2352 608 2566 648 summo
2611 593 2782 648 exitio
2832 595 3070 650 deterius
3114 606 3199 652 est
3237 598 3331 654 Dei
3377 602 3607 670 gratiam

2051 686 2300 740 amittere
2329 696 2382 739 et
2408 702 2435 739 a
2476 685 2613 740 Filio
2646 686 2739 741 Dei
2774 688 2985 757 negari.
3013 688 3149 759 Quid
3185 706 3313 747 vero
3344 693 3606 764 quispiam

2050 777 2284 846 proﬁcit,
2314 778 2437 832 dum
2468 792 2526 832 se
2555 776 2775 848 decipit,
2804 790 2858 834 et
2882 782 3116 835 animam
3164 798 3316 837 suam
3362 785 3609 842 invenire

2050 868 2365 932 arbitratur,
2396 883 2518 921 cum
2551 880 2777 924 mortem
2811 870 3007 936 vitans,
3042 872 3207 928 Deum
3242 877 3438 946 negat?
3470 876 3606 933 Nam
3657 916 3661 921 .

2050 973 2176 1013 cum
2224 959 2296 1014 sit
2338 968 2543 1013 arctum
2576 968 2629 1013 et
2661 963 2957 1029 temporale
3000 964 3101 1015 hoc
3150 972 3346 1031 aevum,
3373 977 3606 1037 quanto-

2049 1050 2165 1104 cius
2209 1049 2425 1103 mortali
2478 1050 2737 1119 brevique
2782 1053 2893 1107 vita
2932 1054 3173 1116 orbatus,
3226 1066 3431 1113 atterno
3482 1072 3606 1129 post

2048 1151 2273 1195 mortem
2311 1140 2574 1209 supplicio
2615 1143 2877 1208 tradetur,
2922 1146 3131 1213 perdita
3168 1148 3444 1203 enimvero
3480 1164 3608 1220 pro-

2046 1232 2164 1300 pria
2226 1232 2425 1297 anima,
2457 1247 2619 1301 quam
2688 1248 2745 1287 se
2817 1234 3086 1290 invenisse
3126 1238 3380 1306 putabat.
3437 1239 3605 1295 Sicuti

2048 1338 2202 1377 versa
2227 1325 2346 1378 vice
2373 1325 2461 1393 qui
2495 1326 2563 1379 ob
2595 1339 2742 1393 spem
2790 1326 2843 1380 in
2902 1327 3068 1382 Deum
3118 1332 3462 1401 semetipsum
3513 1349 3609 1389 ne-

2046 1411 2215 1480 gligit,
2250 1427 2511 1481 suamque
2542 1415 2706 1468 vitam
2740 1416 2990 1486 abnegat,
3027 1427 3081 1471 et
3104 1429 3365 1486 quantum
3412 1423 3607 1478 attinet

2046 1503 2113 1555 ad
2167 1516 2321 1554 suum
2372 1503 2729 1570 propositum,
2789 1506 3023 1560 animam
3083 1509 3360 1577 propriam
3395 1513 3599 1582 perdit,

2045 1602 2238 1644 cuncta
2270 1592 2384 1666 hare
2414 1592 2667 1647 alacriter
2700 1596 3107 1665 propterﬁdem
3146 1613 3275 1667 erga
3324 1600 3489 1656 Deum
3525 1614 3609 1657 to-

2047 1682 2263 1748 lerans;
2297 1683 2383 1737 hic
2414 1683 2629 1751 inquam
2663 1694 2846 1740 erecta
2900 1686 3093 1741 ﬁducia
3132 1689 3224 1753 sit,
3278 1692 3431 1760 quasi
3471 1693 3605 1748 nihil

375 1783 579 1853 νηθεὶς,
613 1784 733 1835 ὅσον
771 1799 829 1834 τε
872 1781 965 1833 ἐπὶ
992 1783 1056 1851 τῇ
1088 1778 1278 1832 ἑαυτοῦ
1313 1778 1566 1849 προθέσει
1608 1777 1705 1847 τὴν
1746 1778 1931 1829 ἑαυτοῦ

2040 1774 2355 1842 perdiderit.
2378 1776 2494 1829 Non
2514 1776 2654 1830 enim
2673 1778 3001 1846 ipseamisit,
3018 1779 3110 1833 sed
3131 1780 3333 1835 invenit
3367 1784 3603 1839 animam

374 1874 550 1945 ψυχὴν
583 1872 955 1936 ἀπολωλεκὼς,
992 1874 1167 1925 πάντα
1208 1888 1266 1922 τε
1302 1869 1471 1922 ταῦτα
1503 1869 1782 1939 εὐθαρσῶς
1812 1869 1938 1921 ἔπο-

375 1964 567 2033 μείνας
605 1963 689 2015 διὰ
722 1962 818 2031 τὴν
858 1963 936 2024 εἰς
980 1961 1069 2012 τὸν
1114 1958 1243 2013 Θεὸν
1292 1960 1494 2023 πίστιν,
1550 1957 1818 2028 θαρρείτω
1862 1955 1937 2019 ὡς

379 2053 603 2123 μηδενὸς
624 2052 957 2115 ἀπολωλότος
985 2051 1132 2122 αὑτῷ
1155 2069 1167 2081 ·
1204 2052 1265 2104 οὑ
1293 2051 1399 2122 γὰρ
1426 2049 1699 2103 ἀπόλωλεν
1717 2049 1747 2100 ό
1766 2047 1937 2100 τοιοῦ-

372 2163 482 2208 τος,
514 2145 627 2197 ἀλλ’
655 2136 779 2215 εὗρε
812 2145 910 2215 τὴν
940 2144 1129 2197 ἐαυτοῦ
1156 2144 1350 2213 ψυχήν.
1379 2142 1441 2195 El
1464 2141 1592 2210 γοῦν
1617 2142 1691 2203 ὡς
1721 2142 1777 2193 ἐν
1808 2141 1940 2191 ὑπο-

375 2237 515 2289 θέσει
546 2236 700 2304 λόγου
738 2228 901 2306 θνητὴ
932 2232 1065 2289 οὖσα
1092 2235 1370 2305 ἐτύγχανε,
1402 2235 1495 2287 καὶ
1521 2234 1604 2286 οἶα
1634 2249 1691 2284 τε
1725 2230 1938 2301 ἀληθῶς

373 2329 451 2389 εἰς
480 2327 541 2379 τὸ
568 2326 641 2397 μὴ
670 2326 726 2379 ὃν
753 2328 967 2396 χωρεῖν,
994 2326 1086 2378 καὶ
1114 2325 1161 2376 εί
1193 2324 1473 2377 ἀπώλλυτο
1499 2322 1602 2376 ὑπὸ
1630 2319 1936 2390 ἀνθρώπων

370 2419 754 2489 ἀναιρουμένη,
786 2419 932 2487 ὅμως
964 2417 1061 2470 οὑκ
1094 2417 1172 2479 εἰς
1202 2416 1515 2469 ἀνέλπιστον
1544 2413 1648 2485 χρὴ
1680 2412 1767 2465 τὸν
1800 2412 1938 2481 ὑπὲρ

373 2510 650 2572 εὐσεϐείας
695 2509 881 2577 ἀγῶνα
933 2509 1331 2579 διακαρτερεῖνο
1369 2506 1554 2575 ἐπειδὴ
1592 2504 1670 2573 τῷ
1697 2503 1813 2572 Θεῴ
1844 2501 1936 2554 καὶ

373 2604 441 2656 τὰ
477 2603 789 2656 ἀπολωλότα
813 2603 904 2655 καὶ
941 2601 1009 2655 τὰ
1070 2600 1291 2672 μηδαμῆ
1329 2598 1590 2670 μηδαμῶς
1633 2598 1762 2649 ὄντα
1794 2612 1937 2665 παρ-

376 2694 525 2762 άγειν
554 2681 613 2758 ἐξ
635 2695 735 2747 οὐκ
756 2694 921 2747 ὄντων
950 2694 1045 2747 καὶ
1062 2692 1341 2758 ζωοποιεῖν
1362 2691 1601 2745 δυνατόν.
1620 2691 1710 2743 Διὸ
1737 2690 1829 2743 καὶ
1852 2688 1941 2741 τὸν

2043 1882 2212 1919 suam.
2239 1867 2293 1922 Si
2326 1882 2454 1937 ergo
2480 1882 2575 1936 per
2603 1869 2942 1938 hypothesim
2963 1872 3207 1928 mortalis
3238 1885 3382 1930 esset
3401 1877 3601 1940 anima,

2042 1972 2104 2012 ac
2137 1975 2262 2012 vere
2286 1960 2337 2013 in
2360 1960 2588 2014 nihilum
2626 1973 2807 2030 posset
2843 1962 3083 2031 dissolvi,
3126 1973 3181 2018 et
3211 1966 3255 2019 si
3288 1969 3490 2037 periret
3536 1970 3605 2023 ab

2043 2050 2348 2104 hominibus
2374 2054 2631 2118 extincta,
2663 2054 3014 2110 nihilominus
3045 2056 3186 2112 haud
3210 2060 3328 2115 sine
3344 2073 3438 2128 spe
3465 2059 3605 2115 foret

2040 2153 2137 2207 pro
2164 2139 2421 2210 religione
2447 2141 2891 2210 depugnandum;
2920 2143 3043 2212 quia
3084 2145 3193 2199 Deo
3212 2153 3267 2199 et
3300 2145 3509 2214 perdita
3550 2154 3605 2200 et

2044 2244 2307 2298 nusquam
2344 2231 2638 2295 exstantia,
2673 2231 2739 2285 ad
2786 2218 3161 2287 exsistemium
3211 2244 3373 2304 atque
3402 2234 3468 2289 ad
3518 2236 3601 2289 vi-

2039 2325 2146 2373 tam
2176 2320 2467 2387 perducere
2499 2330 2700 2377 nonest
2720 2324 2970 2377 arduum.
2990 2323 3329 2394 Quapropter
3352 2340 3415 2382 ea
3440 2327 3602 2381 etiam

2038 2425 2157 2480 qua:
2184 2413 2448 2467 exsistere
2472 2428 2575 2469 non
2608 2415 2921 2479 creduntur,
2945 2418 3036 2469 sed
3068 2417 3186 2486 ejus
3215 2433 3376 2473 causa
3402 2434 3467 2473 ex
3498 2418 3602 2473 ho-

2042 2504 2277 2560 minibus
2303 2515 2674 2569 excesserunt,
2702 2520 2804 2560 non
2835 2507 2940 2561 erit
2971 2508 3017 2561 ei
3044 2507 3373 2577 impossibile
3417 2526 3603 2565 rursus

2044 2593 2371 2657 instaurare,
2418 2605 2473 2649 et
2516 2598 2739 2664 perdita:
2773 2596 2967 2651 animm
3007 2598 3375 2653 inventionem
3404 2601 3474 2665 ei,
3512 2605 3602 2671 qui

2046 2685 2216 2755 ipsius
2248 2700 2407 2739 causa
2440 2687 2728 2749 amisisset,
2756 2688 3073 2741 concedere.

366 2788 687 2857 νομισθέντα
712 2787 904 2859 μηκέτι
926 2784 1084 2851 εἶναι,
1115 2786 1249 2839 ἀλλά
1268 2787 1335 2838 δι’
1363 2785 1522 2838 αὑτὸν
1548 2784 1606 2849 ἐξ
1632 2781 1929 2853 ἀνθρώπων
1965 2777 2297 2840 ἀπολωλότα,
2357 2778 2455 2829 οὑκ
2514 2778 2579 2831 ἂν
2604 2778 2751 2847 αὑτῷ
2771 2779 2976 2847 γένοιτο
3003 2777 3259 2833 ἀδύνατον
3287 2776 3440 2845 αὖθις
3467 2782 3601 2837 ὑσὶ-τος

376 2884 691 2952 στήσασθαι,
735 2885 830 2936 καὶ
861 2882 959 2952 τὴν
992 2881 1205 2953 εὕρεσιν
1252 2881 1351 2951 τῆς
1390 2878 1727 2940 ἀπολωλυίας
1757 2875 1929 2945 ψυχῆς
1964 2872 2041 2943 τῷ
2066 2872 2132 2923 δι’
2163 2872 2322 2925 αὑτὸν
2354 2870 2521 2925 αύτὶπν
2554 2872 2916 2925 ἀπολωλεκότι
2954 2875 3275 2943 παρασχεῖν.

1044 2974 1122 3027 IZ'
1158 2972 1254 3044 (6).

447 3065 632 3129 οὐδεὶς
663 3064 836 3135 μέντοι
868 3064 1083 3117 πώποτε
1113 3061 1404 3134 προφητῶν
1434 3061 1494 3115 τὸ
1527 3061 1786 3131 κήρυγμα
1833 3058 1930 3129 τῆς

375 3156 483 3209 τῶν
514 3152 753 3227 οὐρανῶν
787 3155 1057 3225 βασιλείας
1094 3153 1313 3225 γυμνῶς
1342 3154 1421 3216 είς
1464 3151 1671 3213 πάντας
1701 3150 1929 3218 εὐηγγέ-

374 3248 548 3301 λιστο·
592 3248 703 3300 ἀλλ’
749 3249 943 3318 ᾔδεσαν
993 3247 1088 3316 μὲν
1127 3246 1256 3298 αὐτὸ
1303 3243 1571 3315 προφῆται
1614 3242 1833 3304 πάντες,
1867 3241 1927 3293 ού

376 3338 481 3409 μὴν
517 3340 610 3391 καὶ
640 3338 715 3408 τῷ
766 3337 1030 3391 Ἰουδαίων
1071 3335 1184 3406 λαῷ
1227 3334 1600 3405 παρεδίδοσαν,
1634 3332 1720 3385 διά
1750 3331 1810 3385 τὸ
1837 3349 1929 3401 νη-

372 3428 582 3493 πιάζειν
606 3429 703 3493 τάς
730 3429 949 3500 φρένας,
984 3428 1079 3482 καὶ
1114 3427 1416 3492 ἐξασθενεῖν
1451 3426 1584 3497 πρὸς
1614 3425 1676 3478 τὸ
1706 3423 1929 3495 μέγεθος

370 3520 460 3573 τοῦ
487 3521 832 3592 κηρύγματος
852 3536 865 3548 ·
899 3518 1113 3591 πρώτου
1152 3518 1207 3571 δὲ
1248 3518 1491 3571 Ἰωάννου
1517 3515 1798 3587 τηλαυγῶς
1824 3533 1927 3585 κη-

375 3612 627 3683 ρύξαντος
656 3612 939 3681 ὴγγικέναι
963 3610 1058 3681 τὴν
1080 3608 1186 3663 τῶν
1214 3609 1454 3681 οὐρανῶν
1482 3607 1772 3679 βασιλείαν,
1796 3605 1927 3675 ἄφε-

370 3704 456 3756 σίν
480 3720 539 3754 τε
572 3702 851 3773 ἁμαρτιῶν
885 3700 972 3754 διά
1014 3700 1237 3771 λουτροῦ
1271 3698 1685 3768 παλιγγενεσίας
1722 3713 1928 3765 καταγ-

368 3794 644 3863 γείλαντος
669 3792 991 3865 ἀνθρώποις,
1025 3793 1073 3844 oi
1103 3791 1179 3862 τῷ
1208 3792 1523 3861 κηρύγματι
1554 3789 1775 3851 ἑαυτοὺς
1811 3789 1929 3840 ἐπι-

365 3883 546 3947 δόντες
590 3884 989 3954 περιάρπαστον
1036 3882 1203 3951 αὑτὴν
1251 3882 1562 3951 ἐσχήκασιν,
1608 3879 1665 3945 ἐξ
1709 3877 1928 3930 ἐκείνων

364 3975 476 4027 τῶν
513 3973 733 4045 ἡμερῶν
770 3973 1083 4045 ἀρξάμενοι,
1126 3970 1185 4037 ἐξ
1219 3965 1293 4025 ὧν
1332 3974 1360 4024 ὁ
1404 3972 1652 4041 Ἰωάννης
1681 3970 1772 4023 τὸν
1802 3969 1928 4040 περὶ

370 4066 537 4135 αὐτῆς
576 4065 896 4136 κατήγγειλε
934 4064 1110 4132 λόγον.
1145 4063 1225 4116 Τά
1261 4064 1357 4133 μὲν
1392 4062 1500 4133 γάρ
1542 4061 1816 4123 Μωῡσέως
1844 4061 1929 4113 νό-

370 4173 512 4226 μιμα
535 4156 628 4209 καὶ
653 4157 749 4226 τὴν
790 4155 1079 4225 Ἰουδαῖκὴν
1100 4153 1351 4225 λατρείαν
1374 4152 1561 4223 καιρόν
1581 4169 1741 4221 φησιν
1766 4154 1927 4221 ἐσχη-

368 4248 520 4300 κέναι
565 4248 791 4299 οἰκεῖον·
827 4246 1009 4299 τοῦτον
1054 4245 1110 4298 δὲ
1151 4242 1582 4316 περιγράφεσθαι
1625 4243 1784 4315 μέχρι
1829 4243 1929 4313 τῆς

384 4334 623 4389 Ἰωάννου
657 4335 982 4407 παρουσίας·
1017 4334 1264 4398 καὶτοὺς
1308 4334 1589 4405 προφήτας
1632 4333 1689 4387 δὲ
1734 4334 1925 4405 μέχρις

381 4428 623 4481 Ἰωάννου
686 4424 954 4489 Ἰουδαίοις
1014 4424 1339 4494 πεποιῆσθαι
1394 4424 1494 4487 τάς
1550 4426 1923 4495 παραγγελίας

367 4517 503 4588 πρὸς
532 4518 593 4570 τὸ
624 4517 907 4586 φυλάττειν
939 4516 1007 4569 τά
1037 4517 1311 4579 Μωῦσέως
1352 4516 1553 4587 νόμιμα
1575 4534 1587 4547 ·
1622 4518 1834 4587 πρῶτον
1865 4519 1922 4573 δὲ

378 4612 627 4682 Ἰωάννην
662 4611 901 4682 ἀρχηγὸν
936 4609 1214 4678 γεγονέναι
1254 4610 1350 4679 τῆς
1378 4608 1584 4679 Καινῆς
1628 4609 1920 4682 Διαθήκης,

367 4704 463 4757 ἆτε
504 4703 803 4773 πρόδρομον
849 4700 1010 4753 αὑτοῦ
1059 4700 1362 4769 γενόμενον.
1397 4700 1570 4752 Αὑτοῦ
1605 4717 1666 4752 τε
1707 4700 1920 4770 πρώτου

364 4795 463 4848 καὶ
489 4793 547 4858 ἐξ
575 4792 735 4845 αὑτοῦ
772 4793 867 4862 τὴν
899 4790 1170 4860 βασιλείαν
1196 4790 1303 4842 τῶν
1331 4789 1571 4859 οὐρανῶν
1599 4791 1799 4845 ἅπασιν
1828 4793 1921 4845 ἀν-

368 4884 602 4955 θρώποις
622 4884 1094 4955 εὐηγγελισμένου,
1115 4882 1238 4944 τοὺς
1256 4882 1436 4949 ἀξίους
1461 4882 1628 4953 αὐτῆς
1653 4884 1732 4946 εἱς
1754 4883 1921 4955 αὐτὴν

369 4972 644 5043 βιάζεσθαι
692 4974 973 5045 νοήσομεν,
1011 4974 1416 5043 ἐπιστήσαντες,
1448 4972 1523 5036 ὡς
1561 4976 1731 5043 μέγας
1772 4976 1920 5043 ἀγὼν

366 5061 619 5138 τυγχάνει
652 5070 759 5129 τοῖς
792 5066 883 5118 ἐπὶ
919 5066 1021 5134 γῆς
1044 5064 1345 5135 ἀνθρώποις
1367 5066 1501 5136 πρὸς
1538 5066 1633 5136 τὴν
1666 5068 1723 5119 ἐν
1754 5069 1919 5137 οὐρα-

366 5154 475 5223 νοῖς
500 5161 699 5214 ἄνοδον.
729 5159 802 5212 Τὸ
824 5158 931 5228 γὰρ
957 5156 1269 5228 ἀνθρώπους
1297 5157 1454 5221 ὄντας
1481 5158 1574 5212 καὶ
1598 5159 1771 5229 σάρκα
1796 5160 1920 5231 θνη-

362 5252 462 5322 τὴν
496 5251 1003 5322 περιϐεϐλημένους,
1052 5249 1158 5301 τῶν
1199 5249 1439 5318 φυσικῶν
1479 5250 1708 5320 ὀρέξεων
1739 5253 1918 5323 κρείτ-

362 5362 487 5425 Ion;
519 5345 777 5413 γίνεσθαι,
808 5345 996 5415 ἡδονῆς
1026 5360 1081 5395 τε
1112 5346 1329 5414 κρατεῖν
1362 5344 1452 5399 καὶ
1485 5342 1664 5411 πάσης
1690 5345 1919 5414 αἰσχρᾶς

364 5435 679 5505 ἐπιθυμίας,
720 5438 811 5490 καὶ
860 5434 922 5489 τὸ
963 5432 1210 5489 ἐντεῦθεν
1242 5432 1342 5503 ήδη
1388 5433 1782 5503 ἀπομιμεῖσθαι
1824 5434 1916 5487 τὸν

434 5619 513 5689 (6)
535 5618 679 5673 Huic
710 5635 938 5690 quoque,
968 5614 1278 5690 fragmento
1304 5617 1356 5669 in
1403 5615 1586 5690 codice
1610 5616 1673 5670 A.
1708 5615 1741 5668 f.
1783 5613 1909 5690 218.

274 5704 285 5714 ⁶
364 5684 778 5759 superscribitur
826 5684 1009 5745 titulus
1055 5684 1351 5743 Εὐσεόίου
1405 5686 1620 5750 βιϐλίῳ
1664 5684 1915 5769 τετάρτω

2737 2964 2897 3020 XVII.

2106 3054 2276 3110 Nemo
2329 3069 2563 3125 unquam
2609 3069 2675 3110 ex
2732 3056 3012 3128 prophetis
3054 3058 3385 3128 praeonium
3446 3062 3597 3131 regni

2037 3146 2299 3202 cmlorum
2330 3156 2517 3217 aperte
2566 3161 2748 3202 coram
2794 3149 2991 3218 populo
3025 3147 3313 3206 fecit:sed
3353 3150 3600 3207 sciebant

2035 3239 2254 3308 quidem
2298 3239 2351 3293 id
2396 3238 2674 3309 propheta:
2704 3254 2915 3305 omnes,
2952 3256 3130 3311 neque
3165 3251 3342 3299 tamen
3381 3240 3600 3300 Judaeu-

2036 3346 2154 3384 rum
2180 3329 2374 3399 populo
2400 3331 2723 3398 prodebant,
2748 3340 2970 3401 propter
3014 3334 3213 3388 mentis
3244 3334 3461 3391 illorum
3510 3338 3597 3391 in-

2038 3421 2279 3487 fantiam,
2309 3429 2363 3475 et
2391 3421 2717 3476 sustinendae
2752 3423 3009 3491 praeconii
3036 3426 3419 3493 magnitudinis
3449 3427 3599 3484 infir-

2036 3511 2298 3566 mitatem.
2328 3510 2461 3565 Cum
2511 3519 2691 3565 autem
2724 3513 2933 3581 primus
2954 3512 3190 3569 Joannes
3219 3516 3367 3572 clare
3400 3521 3594 3588 praedi-

2034 3604 2178 3658 cavit
2206 3602 2637 3673 appropinquare
2681 3618 2905 3674 regnum
2953 3604 3238 3672 caelorum,
3266 3617 3321 3661 et
3352 3622 3597 3677 peccato-

2035 3711 2154 3751 rum
2211 3695 2590 3750 remissionem
2657 3709 2753 3764 per
2818 3696 3245 3765 regenerationis
3316 3698 3590 3755 lavacrum

2035 3787 2342 3844 hominibus
2370 3786 2659 3852 nuntiavit,
2690 3787 2727 3842 ii
2771 3788 2865 3857 qui
2906 3787 3279 3856 praedicationi
3309 3803 3592 3846 assensum

2033 3896 2191 3937 suum
2223 3880 2591 3950 praebuerunt,
2626 3896 2852 3951 regnum
2896 3880 3029 3936 illud
3072 3896 3171 3936 ceu
3202 3897 3264 3938 ex
3307 3894 3461 3954 rapto
3488 3885 3593 3940 sibi

2033 3975 2357 4039 habuerunt,
2387 3989 2457 4029 ex
2488 3987 2553 4028 eo
2591 3981 2833 4042 tempore
2860 3972 3200 4042 incipientes,
3231 3990 3339 4046 quo
3360 3975 3594 4031 Joannes

2033 4069 2101 4124 de
2140 4068 2259 4137 ipso
2296 4081 2601 4123 sermonem
2648 4065 2850 4120 intulit.
2896 4065 3031 4121 Nam
3078 4065 3276 4138 Moysis
3322 4067 3512 4137 legalis
3538 4077 3594 4125 et

2031 4157 2314 4215 Judaieum
2367 4158 2571 4213 cultum
2618 4156 2897 4228 proprium
2944 4166 3152 4227 tempus
3193 4158 3441 4213 habuisse
3480 4160 3589 4226 ait;

2033 4251 2175 4321 quod
2202 4250 2427 4306 Joannis
2472 4247 2763 4319 praesentia
2803 4247 2988 4302 linitur
3017 4265 3032 4315 ;
3058 4249 3352 4318 prophetas
3378 4265 3593 4320 quoque

1955 4330 1999 4383 D
2030 4355 2200 4410 usque
2234 4340 2299 4395 ad
2327 4338 2593 4394 Joannem
2622 4337 2824 4393 Judazis
2847 4347 3097 4394 auctores
3116 4337 3284 4394 fuisse
3309 4351 3362 4394 ut
3393 4339 3591 4411 Moysis

2030 4430 2219 4499 legalia
2268 4436 2569 4484 servarent.
2622 4428 2731 4485 Sed
2778 4430 3012 4499 primum
3058 4427 3322 4485 Joannem
3376 4431 3587 4487 initium

2028 4525 2163 4581 Novi
2214 4522 2547 4578 Testamenti
2595 4520 2810 4587 fecisse,
2840 4532 3027 4593 utpote
3072 4522 3242 4591 ipsius
3293 4539 3588 4592 prmcurso-

2028 4628 2167 4669 rem.
2208 4610 2326 4682 Ipso
2365 4621 2541 4664 autem
2584 4611 2780 4680 primo,
2820 4621 2979 4665 aztate
3019 4610 3131 4676 illa,
3167 4626 3388 4680 regnum
3423 4611 3588 4667 eteiu—

2029 4720 2147 4759 rum
2196 4704 2405 4760 cunctis
2452 4703 2758 4758 hominibus
2811 4702 3117 4765 nuntiante,
3148 4704 3338 4771 dignos
3369 4703 3458 4758 illo
3491 4704 3587 4757 ho-

2025 4782 2199 4854 mines
2232 4798 2285 4852 in
2316 4796 2488 4866 ipsum
2531 4795 2582 4850 vi
2619 4795 2922 4864 irrumpere
2969 4794 3301 4863 putabimus.
3335 4796 3378 4849 si
3406 4797 3587 4850 consi-

2021 4892 2271 4947 deremus
2300 4905 2462 4959 quam
2502 4889 2686 4959 gravis
2716 4888 2786 4943 sit
2830 4896 3058 4942 conatus
3096 4886 3406 4942 hominibus
3429 4898 3585 4942 teme

2023 4980 2218 5036 incolis
2251 4982 2352 5034 iter
2399 4979 2464 5033 ad
2504 4978 2703 5032 coelum
2755 4978 2993 5032 tendere.
3047 4976 3289 5047 Namque
3336 4979 3582 5033 homines

2022 5082 2201 5134 natos,
2231 5082 2286 5125 et
2340 5070 2557 5126 mortali
2604 5084 2771 5125 carne
2816 5069 3204 5133 circumdatos,
3243 5067 3579 5124 naturalibus

2024 5162 2346 5232 appetitibus
2374 5161 2489 5216 ﬁeri
2513 5162 2841 5229 superiores.
2882 5168 2937 5213 et
2975 5152 3299 5227 voluptatem
3337 5174 3579 5214 omnem-

2025 5268 2128 5321 que
2156 5262 2364 5323 turpem
2401 5253 2745 5322 cupiditatem
2792 5251 3065 5315 cohibere,
3096 5251 3373 5321 vitamque
3411 5267 3577 5324 ange-

2025 5342 2182 5397 licam
2238 5345 2374 5399 velle
2431 5346 2481 5398 in
2553 5345 2711 5398 terris
2766 5343 3004 5406 imitari;
3068 5344 3141 5395 ita
3202 5352 3261 5396 ut
3313 5358 3463 5412 aeque
3512 5361 3576 5400 ac

2022 5432 2222 5491 Paulus
2246 5436 2425 5491 dicere
2450 5436 2656 5504 possint
2685 5448 2697 5483 :
2735 5431 2932 5487 Nostra
2964 5443 3138 5486 autem
3171 5434 3490 5488 conuersatio
3520 5436 3571 5486 iu

2021 5614 2397 5737 lﬁeogarslac,
2434 5617 2553 5667 cum
2590 5609 2740 5680 siglis
2790 5622 2948 5677 snpra
2997 5613 3286 5666 secundum
3336 5614 3569 5666 Vocabu-

2042 5704 2148 5737 Ulll.

2042 5704 2148 5740 Ulll.
