4098 6200
518 290 624 347 ϐ’Ῑό

1179 286 1447 346 EUSEBII
1484 285 1953 342 CIESARIENSIS
1989 285 2139 343 OPI’.
2182 285 2360 342 PARS
2394 289 2485 343 IV.
2524 319 2591 329 —-
2630 287 3045 345 DOGMATICA.
3633 288 3741 341 676

515 409 655 464 caelis
684 407 860 472 est";
911 403 1097 475 quidni
1143 403 1248 458 hoc
1286 402 1578 457 violentum
1624 402 1719 465 sit,
1768 415 1835 455 ac
1887 416 2066 471 prope-

2175 404 2462 471 ἀγγελικὸν
2516 403 2717 457 ἐθέλειν
2769 402 2880 473 βίον
2921 402 3061 460 ὥστε
3100 401 3277 471 λέγειν
3308 400 3505 472 ὁμοίως
3546 402 3744 474 Παύλῳ

514 502 732 557 modum
774 510 971 569 praeter
1017 504 1263 550 naturam
1327 509 1598 566 supraque
1636 495 1783 550 vires
1828 508 1951 550 esse
1988 494 2071 548 vi-

514 587 741 646 deatur?
774 588 905 653 Quis
932 600 1058 640 vero
1083 584 1359 655 religionis
1386 594 1584 638 nostra
1606 592 1815 638 ascetas
1844 597 2073 637 cernens

514 694 728 737 carnem
784 693 934 732 suam
976 678 1359 744 propemodum
1396 685 1696 729 emortuam
1746 673 1977 738 allicere,
2011 682 2073 728 ut

514 774 738 829 dicant:
768 769 899 825 Cum
960 769 1170 824 Christo
1235 769 1523 839 cruciﬁxus
1550 785 1687 834 sum,
1726 770 1840 824 vivo
1895 779 2072 822 autem

517 868 626 930 iam
658 881 758 919 non
787 878 917 933 ego;
952 863 1093 932 quis,
1114 863 1352 932 inquam,
1378 876 1483 915 non
1512 860 1785 924 fatebitur,
1817 874 1944 914 vere
1974 860 2073 913 hos

513 960 622 1011 vim
656 955 831 1010 facere
863 967 1026 1023 regno
1058 950 1358 1006 ctelorum?
1385 950 1538 1016 Quod
1580 949 1623 1005 si
1651 950 1772 1018 quis
1812 958 2071 1019 przeterea

511 1048 762 1104 observet
792 1044 1095 1100 mirabilem
1122 1052 1440 1098 sanctorum
1472 1051 1777 1111 martyrum
1809 1050 2071 1096 constan-

513 1144 665 1206 tiam,
694 1140 814 1209 quis
842 1152 1028 1193 rursus
1065 1152 1168 1191 non
1205 1136 1351 1191 dicat
1386 1135 1493 1190 vim
1545 1134 1731 1189 inferri
1766 1135 1833 1189 ab
1865 1134 1949 1189 his
1988 1147 2074 1188 re-

510 1247 614 1302 gno
655 1231 933 1294 caalorum,
964 1237 1124 1298 prout
1150 1225 1414 1281 Servatur
1434 1226 1545 1296 jam
1582 1225 1860 1295 praedixit?

1183 1400 1370 1459 XVIII.

580 1496 828 1567 Congrue
867 1494 1154 1550 admodum
1202 1508 1307 1547 non
1355 1491 1678 1548 multitudini
1713 1501 1919 1548 tantum
1959 1502 2074 1548 tur-

510 1591 699 1658 hisque
748 1596 873 1642 tunc
925 1585 1226 1640 astantibus
1272 1584 1501 1653 primam
1532 1585 1842 1654 parabolam
1894 1586 2074 1642 intulit

508 1684 756 1739 Christus
789 1680 860 1746 “,
891 1695 1078 1734 verum
1106 1679 1270 1733 etiam
1305 1679 1368 1733 iis
1397 1679 1487 1749 qui
1524 1689 1705 1749 postea
1737 1679 1805 1733 ad
1833 1680 1948 1751 ejus
1973 1697 2070 1735 au-

2175 495 2454 561 δύνασθαι,
2513 496 2707 565 Ἠμῶν
2757 494 2825 548 δὲ
2868 494 2934 548 τὸ
2984 494 3315 563 πολίτευμα
3352 494 3421 547 ἐν
3468 495 3747 562 οὐρανοῖς

2170 587 2447 657 ὑπάρχει,
2479 586 2597 650 πῶς
2620 588 2681 639 οὑ
2716 586 2907 655 βίαιον,
2942 587 3057 651 καὶ,
3091 587 3166 648 ὡς
3198 585 3264 639 ἀν
3291 603 3374 649 τις
3402 585 3567 651 εἴποι,
3596 586 3749 658 παρά

2173 678 2334 749 φύσιν
2367 680 2460 732 καὶ
2489 678 2627 747 ὑπὲρ
2656 677 2885 747 δύναμιν
2916 672 3052 730 εἶναι
3079 677 3259 742 δοκεῖ;
3294 676 3392 739 Τίς
3415 676 3471 729 δέ
3496 676 3622 736 τοὺς
3648 678 3749 748 τῆς

2172 769 2477 833 θεοσεϐείας
2498 768 2741 840 ἀσκητάς
2765 768 2905 840 ὁρῶν
2932 770 3210 839 μονονουχὶ
3237 767 3463 839 νεκροῦν
3492 768 3591 837 τὴν
3622 769 3748 822 ἐαυ-

2169 862 2278 915 τῶν
2302 860 2500 933 σάρκα,
2518 860 2593 923 ὠς
2622 859 3053 931 ἐπαληθεύοντας
3079 860 3279 928 λέγειν*
3312 857 3543 928 Χριστῷ
3562 876 3744 914 συνε-

2171 960 2533 1026 σταύρωμαι,
2560 952 2637 1018 ζῶ
2666 954 2735 1007 δὲ
2763 952 2961 1008 οὐκέτι
2988 952 3122 1023 ἐγὼ,
3148 953 3248 1006 οὐκ
3274 952 3339 1007 ἂν
3364 951 3750 1023 ὁμολογήσειεν

2170 1047 2385 1119 ἀληθῶς
2423 1046 2702 1117 βιάζεσθαι
2744 1047 2941 1110 αὐτοὺς
2980 1047 3079 1117 τὴν
3122 1044 3392 1116 βασιλείαν
3428 1044 3537 1097 τῶν
3576 1043 3745 1115 οὐρα-

2170 1138 2305 1203 νῶν;
2339 1139 2403 1191 Εί
2437 1139 2481 1191 δ’
2504 1138 2816 1209 ἐπιστήσειε
2844 1154 2927 1200 τις
2953 1140 3017 1207 τῇ
3046 1136 3329 1206 θαυμαστῇ
3365 1134 3616 1206 προθέσει
3639 1133 3748 1185 τῶν

2170 1230 2338 1296 ἁγίων
2373 1230 2684 1301 μαρτύρων,
2705 1229 2822 1294 πῶς
2850 1230 2949 1283 οὐκ
2980 1229 3046 1283 ἂν
3077 1229 3219 1281 εἴποι
3250 1227 3525 1298 βιάζεσθαι
3549 1228 3747 1291 αὐτοὺς

2169 1321 2268 1394 τὴν
2294 1324 2569 1392 βασιλείαν
2614 1324 2756 1376 κατά
2780 1322 2879 1392 τὴν
2908 1323 3174 1392 σωτήριον
3217 1319 3612 1389 προαγόρευσιν
3633 1317 3743 1387 (7);

2846 1415 2934 1467 ur
2966 1412 3065 1484 (8).

2240 1502 2449 1574 Σφόδρα
2496 1501 2844 1573 καταλλήλως
2883 1505 2993 1565 τοῖς
3037 1501 3215 1572 ϐχλοις
3263 1500 3357 1554 καὶ
3389 1498 3618 1570 πλήθεσι
3646 1496 3747 1567 τὴν

2171 1592 2393 1664 πρώτην
2417 1594 2707 1657 ἐποιήσατο
2730 1592 3043 1666 παραϐολὴν
3067 1594 3095 1645 6
3123 1591 3376 1664 Χριστὸς,
3406 1592 3467 1644 οὐ
3493 1592 3604 1654 τοῖς
3625 1591 3747 1643 τότε

2172 1686 2507 1757 παριστῶσιν
2538 1686 2686 1757 αὐτῷ
2732 1688 2930 1757 μόνοις,
2965 1686 3101 1740 ἀλλά
3132 1688 3227 1740 καὶ
3264 1688 3377 1747 τοῖς
3409 1682 3545 1753 μετά
3578 1682 3747 1735 ταῦτα

510 1777 732 1831 diendos
776 1786 1051 1829 sermones
1102 1772 1417 1827 conventuri
1459 1782 1647 1838 erant;
1691 1773 1766 1828 rei
1824 1775 2066 1844 gerenda:

2173 1748 2771 1846 συνελευσομένοιξέπΐ
2807 1778 3064 1851 ἀκροάσει
3094 1777 3201 1831 τῶν
3234 1748 3621 1842 αὺτοῦ-λόγων,
3648 1774 3747 1837 τάς

508 1865 840 1922 dill‘erentias
875 1865 1056 1918 divina
1080 1864 1385 1935 provisione
1431 1862 1733 1931 declarans,
1772 1878 2071 1933 causasque

506 1959 804 2027 praedicens
840 1956 909 2011 ob
940 1970 1076 2025 quas
1113 1954 1351 2010 nonnulli
1384 1954 1560 2009 divina
1593 1954 1761 2025 gratia
1798 1956 2067 2011 excident.

504 2050 718 2106 Initium
748 2049 1017 2121 parabolas
1046 2048 1342 2103 seminator
1367 2056 1470 2111 est,
1520 2055 1575 2101 et
1606 2046 1766 2119 huius
1799 2048 1973 2103 exitus
2002 2049 2072 2103 ad

504 2156 597 2206 eos
633 2151 725 2220 qui
760 2157 912 2204 extra
943 2153 1117 2211 erant,
1152 2154 1261 2198 tum
1287 2139 1520 2199 seminis
1556 2138 1835 2209 proiectio,
1876 2150 1932 2195 et
1965 2141 2070 2196 hoc

506 2242 645 2297 haud
679 2239 795 2309 pari
828 2239 986 2291 modo
1022 2234 1342 2303 recipientes
1366 2231 1632 2302 regiones,-
1664 2228 1782 2283 Jam
1813 2230 1926 2285 haec
1951 2244 2071 2286 esse

506 2331 654 2399 regni
686 2327 938 2399 mysteria
964 2328 1188 2394 ipsemet
1219 2330 1443 2377 testatus
1470 2330 1571 2376 est.
1599 2320 1732 2375 Nam
1760 2328 1814 2377 et
1842 2319 2073 2375 semina-

505 2435 592 2479 tor
634 2423 701 2478 de
732 2418 979 2491 supernis
1008 2416 1266 2479 exiverat,
1306 2423 1360 2469 et
1411 2414 1533 2469 illuc
1582 2412 1823 2479 redibat;
1880 2427 2070 2484 nempe

502 2525 565 2571 ut
610 2515 723 2584 ipse
762 2509 1011 2576 docebat,
1041 2507 1225 2562 dicens
1263 2526 1275 2561 :
1310 2504 1419 2573 Ego
1449 2520 1513 2559 ea:
1540 2501 1700 2558 Patre
1736 2504 1981 2573 processi,
2021 2515 2067 2557 et

501 2603 737 2661 venio".
771 2602 877 2656 Sed
923 2607 978 2654 et
1022 2599 1087 2653 de
1114 2594 1347 2666 propriis
1392 2594 1476 2648 sui
1528 2594 1681 2663 regni
1727 2593 2069 2649 conclavibus

501 2700 747 2755 exiverat
773 2695 838 2749 ad
864 2692 983 2748 illos
1009 2690 1101 2761 qui
1133 2689 1305 2745 exteri
1334 2688 1383 2741 ei
1414 2686 1541 2742 l‘acti
1572 2693 1747 2751 erant,
1790 2695 2069 2755 postquam

503 2790 709 2862 expulit
740 2788 879 2842 Deus
904 2785 1191 2848 Adamum,
1222 2790 1276 2837 et
1310 2779 1593 2834 collocavit
1629 2794 1753 2833 eum
1782 2777 1934 2846 juxta
1974 2792 2071 2846 pa-

504 2882 745 2937 radisum
771 2876 1105 2933 deliciarum.
1133 2872 1227 2926 Ille
1254 2880 1431 2925 autem
1459 2869 1611 2925 exsul
1641 2878 1858 2939 propter
1888 2868 2071 2922 inobe-

501 2972 758 3026 dieutiam
814 2968 1006 3033 factus,
1052 2972 1109 3020 et
1148 2972 1301 3019 extra
1333 2962 1644 3032 paradisum
1676 2960 1898 3028 eiectus,
1930 2961 2068 3015 inte-

503 3064 662 3117 rioris
742 3059 1088 3130 agricultura:
1178 3055 1384 3109 semina
1446 3052 1845 3123 pessumdedit,
1900 3052 2071 3106 instar

501 3154 646 3209 illius
674 3149 1008 3208 contumacis
1029 3146 1284 3201 adversus
1308 3153 1515 3214 patrem
1543 3141 1656 3207 (illi.
1678 3142 1769 3212 qui
1790 3150 2066 3210 acceptam

500 3243 857 3302 substantiam
913 3240 969 3294 in
999 3237 1170 3292 aliena
1208 3236 1427 3303 regione
1464 3234 1765 3305 dissipavit.
1823 3232 2070 3288 Christus

502 3353 629 3394 vero
657 3332 993 3403 benignitate
1021 3329 1210 3399 optimi
1246 3327 1421 3382 Patris
1446 3327 1636 3392 exivit,
1663 3326 1959 3380 seminator
1987 3324 2071 3378 fa-

503 3439 647 3492 ctus,
664 3427 921 3494 venitque
944 3423 1010 3478 ad
1031 3438 1130 3476 nos
1147 3430 1361 3475 exteros
1387 3420 1526 3474 haud
1546 3419 1707 3472 aliam
1731 3418 1801 3472 ob
1826 3432 2065 3483 causam,

501 3521 605 3576 nisi
643 3519 768 3572 utin
785 3515 938 3571 nobis
974 3514 1270 3569 seminaret
1300 3511 1524 3566 caeleste
1553 3525 1756 3565 semen.
1786 3510 1944 3565 Solus
1974 3525 2069 3563 au-

502 3611 740 3677 temipse
767 3606 934 3660 exivit
961 3604 1025 3659 ad
1059 3600 1428 3658 seminandum
1450 3616 1465 3664 ;
1485 3600 1919 3669 quandoquidem
1944 3610 1995 3652 et
2020 3600 2067 3654 is

499 3702 648 3757 solus
689 3708 808 3754 erat
829 3696 1069 3752 omnium
1105 3694 1422 3749 seminator.
1459 3690 1609 3746 Multi
1637 3691 1831 3760 quippe
1862 3693 1927 3745 de
1952 3706 2066 3747 cm-

500 3790 726 3847 lestibus
757 3794 1017 3843 venerunt
1046 3782 1393 3847 stationibus,
1431 3790 1591 3849 atque
1634 3781 1699 3834 ad
1734 3780 1980 3835 homines
2008 3796 2065 3837 se

498 3882 857 3945 contulerunt,
912 3879 1005 3932 sed
1035 3890 1141 3931 non
1174 3872 1473 3929 seminandi
1504 3886 1662 3926 causa
1708 3888 1722 3925 :
1772 3884 1877 3925 non
1919 3873 2063 3926 enim

499 3975 854 4033 semiuatores
884 3976 1061 4035 erant,
1110 3968 1203 4022 sed
1258 3962 1707 4021 administratorii
1743 3962 1966 4032 spiritus
2007 3963 2062 4017 in

498 4064 858 4122 ministerium
887 4061 1056 4116 missi.
1087 4058 1296 4129 Moyses
1321 4066 1522 4118 autem,
1553 4064 1609 4110 et
1636 4064 1757 4124 post
1788 4069 1912 4109 eum
1937 4069 2065 4123 pro-

497 4159 673 4230 phetae
698 4154 841 4209 haud
879 4151 1135 4223 mysteria
1162 4148 1310 4220 regni
1340 4148 1598 4202 ctelorum
1630 4147 1934 4203 hominibus
1955 4148 2063 4203 dis-

498 4258 805 4313 seruerunt,
830 4249 923 4304 sed
954 4246 1206 4318 parvulos
1231 4244 1407 4304 adhuc
1429 4243 1767 4308 erudierunt,
1801 4243 2061 4314 insipien-

498 4354 581 4401 tes
610 4360 639 4397 a
669 4341 888 4397 malitiae
908 4352 1094 4394 errore
1130 4346 1465 4401 averterunt,
1488 4344 1542 4391 et
1575 4334 1912 4392 idololatrico
1947 4336 2064 4412 illo-

2169 1866 2429 1938 διαφορὰς
2454 1871 2610 1941 θεϊκῇ
2636 1868 2880 1941 δηλώσας
2903 1867 3227 1941 προγνώσει,
3258 1868 3544 1939 πῳφὴσας
3569 1884 3627 1918 τε
3650 1866 3749 1928 τὰς

2171 1962 2348 2025 αίτίας
2377 1962 2485 2015 τῶν
2530 1964 2630 2033 τῆς
2664 1964 2885 2036 χάριτος
2916 1964 3015 2034 τῆς
3067 1964 3218 2026 θείας
3264 1959 3743 2030 ἀποπεσουμένων.

2182 2054 2349 2126 Ἀρχὴ
2378 2054 2433 2107 δέ
2464 2054 2564 2125 τῆς
2590 2056 2901 2127 παραϐολῆς
2933 2057 3079 2109 ἐστιν
3110 2056 3139 2107 6
3169 2054 3402 2125 σπορεὺς
3428 2053 3521 2106 καὶ
3552 2054 3584 2123 ὴ
3625 2049 3750 2104 τού-

2170 2163 2261 2198 του
2298 2146 2472 2212 ἔξοδος
2511 2148 2646 2218 πρὸς
2692 2147 2817 2210 τοὺς
2850 2146 2973 2210 ἔξω,
3006 2146 3041 2216 ἦ
3080 2161 3138 2198 τε
3178 2143 3272 2197 τοῦ
3308 2142 3510 2215 σπόρου
3544 2140 3751 2202 πτῶσις

2160 2236 2265 2297 καὶ
2318 2238 2374 2289 αί
2426 2236 2616 2291 τοῦτον
2669 2237 2765 2307 οὐχ
2819 2236 3019 2307 ὁμοίως
3069 2232 3500 2305 καταδεξάμεναι
3547 2230 3745 2301 χῶραι.

2170 2327 2461 2398 Μυστήρια
2495 2328 2551 2380 δὲ
2585 2326 2757 2380 ταῦτα
2790 2324 2928 2381 εἶναι
2954 2327 3055 2397 τῆς
3085 2326 3362 2397 βασιλείας
3392 2323 3551 2385 αὐτὸς
3573 2324 3749 2392 ἐμαρ-

2172 2422 2342 2483 τύρει.
2377 2424 2443 2474 ’⁷0
2480 2438 2539 2475 τε
2583 2419 2691 2493 γὰρ
2725 2421 2961 2493 σπορεὺς
2987 2420 3193 2475 ἀνωθεν
3223 2418 3367 2490 ἐξῄει
3398 2416 3486 2471 καὶ
3513 2415 3705 2485 κατῄει
3727 2429 3745 2446 ⁸

2170 2518 2356 2590 ὥσπερ
2398 2510 2489 2571 οὖν
2518 2514 2678 2573 αὐτὸς
2708 2514 2953 2568 ἐδίδασκε
2981 2513 3178 2581 λέγων,
3221 2509 3365 2579 Ἐγὼ
3394 2509 3460 2561 ἐκ
3491 2506 3593 2560 τοῦ
3626 2508 3751 2558 Πα-

2170 2607 2305 2675 τρός
2330 2604 2611 2674 ἐξῆλθον,
2654 2604 2753 2658 καὶ
2787 2602 2933 2671 ἥκω.
2975 2599 3137 2653 Ἀλλά
3168 2598 3263 2652 καὶ
3292 2600 3356 2650 ἐκ
3393 2594 3499 2648 τῶν
3525 2590 3747 2645 οίκείων

2168 2698 2430 2769 ταμιείων
2476 2700 2575 2769 τῆς
2611 2696 2775 2750 αὐτοῦ
2809 2695 3082 2766 βασιλείας
3110 2693 3253 2763 ἐξῄει
3284 2689 3424 2762 πρὸς
3620 2684 3748 2743 τοὺς

2170 2789 2274 2854 ἔξω
2308 2789 2599 2859 γεγονότας
2636 2788 2695 2855 ἐξ
2736 2789 2944 2843 ἐκείνου
2988 2787 3087 2857 (9),
3132 2786 3191 2851 ἐξ
3238 2779 3406 2853 οὗπερ
3439 2778 3690 2847 ἐξέϐαλεν
3717 2778 3753 2837 ὁ,

2169 2882 2302 2945 Θεὸς
2330 2882 2418 2935 τὸν
2458 2882 2647 2953 Ἀδὰμ,
2682 2882 2777 2936 καὶ
2822 2880 3124 2951 κατῴκισεν
3171 2877 3331 2932 αὐτὸν
3364 2874 3621 2929 ἀπέναντι
3648 2869 3742 2923 τοῦ

2171 2973 2495 3045 παραδείσου
2527 2974 2626 3043 τῆς
2673 2972 2900 3041 τρυφῆς.
2940 2971 2999 3023 '0
3037 2970 3133 3040 μὲν
3171 2966 3280 3038 γὰρ
3325 2962 3625 3031 ἀπόϐλητος
3657 2957 3744 3011 διά

2171 3063 2267 3133 τὴν
2296 3062 2577 3135 παρακοὴν
2606 3056 2863 3130 γεγονὼς,
2895 3060 2987 3112 καὶ
3015 3058 3107 3112 τοῦ
3152 3054 3481 3129 παραδείσου
3528 3048 3745 3121 βληθεὶς

2169 3154 2293 3219 ἔξω,
2318 3155 2385 3207 τὰ
2409 3156 2471 3206 ἐκ
2496 3155 2593 3225 τῆς
2618 3154 2763 3207 ἔνδον
2786 3153 3057 3224 γεωργίας
3081 3151 3372 3222 σπέρματα
3391 3144 3742 3206 ἀπολωλέκει,

2168 3249 2309 3302 κατά
2340 3248 2431 3301 τὸν
2459 3249 2835 3317 ἀφηνιάσαντα
2865 3247 2957 3300 τοῦ
2988 3245 3194 3316 πατρὸς
3220 3244 3354 3305 υἱὸν,
3396 3242 3491 3295 καὶ
3523 3239 3621 3309 τὴν
3649 3238 3744 3289 οὐ·

2171 3338 2290 3392 σίαν
2318 3340 2384 3408 ἢν
2417 3339 2625 3409 εἰλήφει
2654 3338 2746 3390 ἐπὶ
2774 3337 2875 3407 τῆς
2900 3334 3203 3405 ἀλλοδαπῆς
3229 3332 3410 3404 χώρας
3437 3324 3739 3397 διασπαθή-

2170 3445 2370 3482 σαντα’
2418 3431 2447 3482 6
2490 3429 2546 3483 δὲ
2598 3427 2977 3498 φιλανθρωπίᾳ
3022 3424 3116 3477 τοῦ
3162 3421 3471 3491 παναγάθου
3528 3416 3742 3488 [ἰατρὸς

2168 3517 2405 3591 ἐξῆλθεν,
2434 3520 2595 3582 αὐτὸς
2636 3518 2711 3571 ὢν
2743 3521 2771 3572 6
2795 3519 3054 3588 σπείρων,
3088 3516 3181 3569 καὶ
3209 3515 3397 3586 ἐξῆλθε
3428 3511 3559 3581 πρὸς
3588 3510 3740 3579 ἡμᾶς

2166 3614 2291 3676 τοὺς
2317 3612 2421 3679 ἐξω
2452 3611 2797 3682 γενομένους,
2840 3609 2908 3662 δι’
2936 3609 3088 3662 οὐδὲν
3115 3608 3301 3677 ἕτερον
3330 3607 3362 3677 ἢ
3400 3606 3459 3657 τὸ
3489 3605 3736 3671 σπεῖραι,

2166 3705 2286 3757 ἐπεὶ
2312 3705 2405 3758 καὶ
2434 3703 2589 3774 μόνος
2623 3703 2785 3765 αὐτὸς
2808 3697 2876 3772 ἦν
2906 3704 2935 3754 6
2961 3701 3067 3754 τῶν
3100 3701 3234 3754 ὅλων
3265 3696 3513 3770 σπορεύς.
3547 3692 3741 3746 Πολλοὶ

2169 3798 2267 3868 μὲν
2310 3797 2419 3869 γὰρ
2464 3795 2685 3869 ἐξῆλθον
2733 3797 2797 3849 ἐκ
2834 3795 2941 3849 τῶν
2981 3794 3245 3865 οὐρανίων
3284 3790 3594 3862 διατριϐῶν,
3641 3788 3738 3841 καὶ

2165 3888 2430 3959 κατῆλθον
2461 3890 2540 3952 είς
2582 3888 2919 3960 ἀνθρώπους,
2962 3887 3075 3941 ἀλλ’
3101 3888 3201 3939 οὐκ
3238 3884 3331 3937 ἐπὶ
3356 3882 3437 3954 τῷ
3474 3884 3732 3951 σπεῖραι·

2164 3982 2225 4034 οὐ
2254 3981 2360 4053 γὰρ
2384 3975 2523 4053 ἦσαν
2549 3984 2789 4053 σπορεῖς,
2817 3980 2952 4034 ἀλλά
2975 3977 3321 4051 λειτουργικὰ
3346 3975 3627 4045 πνεύματα
3655 3974 3735 4034 είς

2163 4072 2436 4127 διακονίαν
2472 4072 2943 4144 ἀποστελλόμεναο
2992 4071 3232 4141 Μωῦσῆς
3275 4069 3332 4122 δέ
3377 4070 3471 4121 καὶ
3507 4068 3558 4119 ot
3614 4064 3733 4135 μετ’

2164 4161 2325 4213 αὐτὸν
2370 4162 2643 4234 προφῆται
2686 4164 2746 4216 οὐ
2782 4162 2853 4216 τὰ
2900 4163 3176 4233 μυστήρια
3212 4160 3311 4230 τῆς
3353 4158 3462 4213 τῶν
3490 4155 3735 4229 οὐρανῶν

2165 4250 2435 4320 βασιλείας
2478 4252 2782 4324 ἀνθρώποις
2814 4253 3190 4317 κατεϐἀλοντο,
3225 4250 3450 4322 νηπίους
3481 4252 3574 4304 ἆτε
3608 4266 3735 4301 παι-

2162 4340 2550 4413 δαγωγοῢντες,
2572 4345 2662 4397 καὶ
2683 4344 2919 4415 ἄφρονας
2934 4345 3033 4414 τῆς
3048 4344 3187 4397 κατὰ
3206 4342 3302 4414 τὴν
3324 4343 3520 4396 κακίαν
3540 4340 3733 4411 ἀπείρη

497 4450 615 4489 rum
640 4430 828 4487 morbo
850 4427 1173 4484 medicinam
1193 4425 1372 4480 facere
1395 4427 1734 4491 studuerunt,
1750 4427 2058 4482 eorumdem

2167 4451 2346 4502 γοντες
2369 4436 2593 4507 πλάνης,
2623 4436 2940 4507 θεραπεύειν
2969 4436 3147 4489 αὐτῶν
3167 4434 3492 4509 πειρώμενοι
3514 4434 3611 4505 τὴν
3632 4436 3734 4506 τῆς

495 4525 725 4589 animas,
758 4522 902 4575 velut
935 4517 1145 4573 novalia
1183 4517 1449 4587 quaedam,
1485 4518 1690 4570 semine
1722 4526 2053 4587 vegetantes.

497 4613 655 4670 Solus
686 4621 864 4667 autem
904 4607 1224 4665 universalis
1258 4615 1425 4671 sator,
1467 4606 1564 4662 Dei
1600 4606 1855 4675 Verbum,
1906 4608 2057 4665 beni-

564 4776 611 4807 “
646 4774 785 4829 Phil.
815 4787 899 4840 ιιι,
917 4771 1008 4826 20.
1083 4771 1130 4804 “
1168 4770 1357 4826 Matth.
1386 4786 1507 4836 xm,
1529 4772 1585 4827 3.
1659 4771 1705 4803 ⁸⁷
1743 4769 2035 4843 Joan.vm,
2063 4776 2154 4830 42.

564 4931 642 4999 (7)
672 4928 1105 5001 Videsispartimr
1125 4929 1209 5001 bis
1245 4929 1437 5001 similia
1458 4928 1523 5001 in
1545 4929 1761 5001 Syriaca
1787 4930 2057 4999 Theopha-

497 5003 584 5059 nia
612 5003 704 5057 lib.
741 5016 822 5061 ιιι.
848 4999 940 5065 21,
967 4999 1058 5064 Ὢ,
1091 5000 1182 5063 25,
1213 5009 1267 5055 et
1296 5000 1388 5054 lib.
1423 5014 1496 5070 tv,
1518 4999 1607 5065 52,
1631 5003 1718 5055 ubi
1754 5002 2052 5070 priscorum

495 5072 926 5128 Christianorum
955 5070 1092 5124 mira
1124 5080 1187 5125 ac
1214 5084 1398 5126 severa
1424 5068 1598 5125 virtus
1624 5068 1835 5142 egregie
1858 5070 2058 5126 descri-

497 5142 884 5281 lfuilstltitatur
905 5210 1009 5264 hoc
1028 5208 1182 5281 titulo
1204 5209 1254 5263 in
1286 5209 1406 5264 cod.
1438 5208 1505 5281 Α,
1536 5208 1575 5266 f.
1610 5209 1730 5281 {22,
1759 5220 1814 5265 et
1828 5211 1957 5281 cod.
1988 5211 2050 5266 L.

497 5279 535 5334 ι.
567 5278 653 5343 ιι,
682 5284 715 5335 b
738 5299 750 5334 :
772 5281 1063 5336 Εὑσεϐίου
1084 5280 1172 5343 βι.
1210 5279 1583 5348 Θεοφανείας.
1622 5278 1780 5335 Vides
1826 5280 1911 5334 hic
1942 5298 2057 5334 ma—

499 5350 691 5405 nifeste
710 5351 813 5422 dici
840 5349 1028 5422 βιϐλίῳ
1057 5365 1161 5404 non
1191 5349 1639 5422 tantummodop.
1670 5350 2055 5422 Superponitur

497 5428 674 5491 autem
701 5420 760 5491 in
784 5420 1009 5491 cod.,A.'
1031 5421 1403 5491 compendium
1444 5420 1759 5491 signiﬁcans
1792 5421 2052 5491 τετάρτου

498 5490 583 5543 vel
607 5489 781 5561 potius
804 5490 1047 5561 τετάρτῳ
1072 5487 1363 5561 (mendose
1376 5487 1553 5561 tamen
1582 5490 1633 5544 in
1660 5490 1866 5561 θρόει».
1903 5487 2053 5561 πρώ-

496 5558 701 5629 souvel
729 5558 972 5629 πρώτῳ).
1010 5558 1213 5626 Iteapse
1246 5562 1297 5614 in
1322 5558 1653 5627 TheOphania
1682 5558 2046 5629 Syriacaalib.

498 5645 575 5690 ιν,
592 5628 661 5681 53
680 5636 733 5681 et
754 5628 842 5691 54,
866 5628 1046 5700 sermo
1079 5631 1252 5700 estde
1272 5630 1521 5700 parabola
1549 5628 1921 5691 seminatoris;
1958 5646 2048 5683 ve-

498 5707 800 5754 rumtamen
839 5700 1005 5755 multo
1038 5698 1488 5757 breviusJNeuue
1536 5715 1635 5764 ego
1682 5714 1829 5758 certe
1867 5701 2047 5771 titulos

2161 4524 2599 4597 εἰδωλολατρείας
2625 4527 2798 4592 νόσον,
2833 4527 2927 4579 καὶ
2947 4526 3136 4599 ὥσπερ
3163 4528 3408 4591 νεοῧντες
3432 4528 3610 4582 αὐτῶν
3636 4529 3732 4581 καὶ

2161 4614 2416 4685 ἀροῦντες
2461 4617 2557 4680 τὰς
2586 4618 2783 4688 ψυχάς.
2822 4618 2996 4683 Μόνος
3022 4618 3079 4671 δὲ
3111 4621 3139 4672 6
3167 4619 3274 4673 τῶν
3294 4620 3429 4675 ὅλων
3474 4622 3729 4692 σπορεὺς,

2163 4934 2407 5010 codicum
2450 4934 2869 5010 _Vaticanorum,
2921 4940 3015 5007 qui
3073 4939 3175 4996 hoc
3234 4942 3595 5010 fragmentum
3660 4960 3726 5000 ex

2165 5001 2494 5072 TheOphania
2564 5020 2683 5081 esse
2750 5001 3052 5081 allirmaut.
3123 5001 3347 5081 negare'
3381 5022 3473 5065 aut
3539 5015 3725 5070 delere

2160 5086 2316 5148 queo,
2348 5076 2828 5148 praesertimquia,
2873 5077 3011 5132 facta
3045 5076 3282 5135 textuum
3301 5086 3723 5148 comparatione,

2161 5142 2279 5197 luce
2308 5145 2597 5198 meridiana
2621 5142 2819 5200 clarius
2841 5159 3062 5215 apparet
3090 5158 3315 5205 tractum
3351 5142 3495 5206 hunc
3523 5166 3592 5207 ex
3631 5142 3724 5210 illo

2162 5228 2383 5282 prorsus
2408 5228 2569 5282 opere
2594 5230 2714 5269 esse
2735 5217 3055 5272 derivatum.

2231 5283 2307 5355 (9)
2332 5284 2709 5364 Attimadverte
2732 5288 3365 5364 quaurhaeecongruaut
3387 5292 3719 5364 c_um_Syria-

2159 5366 2218 5405 ca
2247 5352 2340 5406 seu
2368 5352 2592 5427 A_ugli_ca_
2616 5352 2972 5427 Theophania,
3005 5359 3094 5413 lib.
3125 5352 3201 5421 ινῖ
3233 5362 3301 5416 34
3332 5378 3347 5417 :
3383 5361 3461 5414 lle
3491 5352 3720 5427 theref.

2159 5437 2214 5475 re
2238 5431 2370 5477 went
2397 5423 2535 5490 forth
2565 5422 2697 5491 from
2722 5422 2918 5485 within.
2948 5430 3054 5481 and
3080 5446 3223 5483 came
3244 5442 3355 5486 out.
3388 5431 3575 5485 Where
3596 5422 3712 5485 then

2156 5507 2261 5567 was
2291 5494 2353 5567 he
2376 5493 2581 5567 mithin,
2600 5494 2683 5567 but
2705 5497 2866 5549 above
2884 5496 2965 5567 the
2988 5499 3193 5552 world?
3219 5502 3385 5554 where
3406 5502 3468 5555 he
3486 5504 3677 5554 existed
3689 5517 3712 5567 ;

2155 5565 2261 5638 and
2283 5564 2338 5617 in
2377 5562 2459 5615 the
2478 5564 2582 5638 "end
2604 5564 2665 5631 of
2687 5568 2770 5618 the
2798 5566 2957 5638 world
2990 5567 3052 5620 he
3076 5586 3218 5638 came
3246 5573 3403 5638 forth,
3434 5572 3535 5624 and
3566 5562 3713 5626 came

2154 5635 2303 5712 down
2333 5644 2383 5712 t_o
2408 5634 2621 5712 ustwho
2642 5649 2770 5712 tuere
2798 5635 3011 5712 without
3036 5637 3129 5712 the
3158 5634 3397 5712 kingdom
3423 5640 3480 5712 of
3498 5640 3711 5701 heaven.

2153 5701 2303 5759 Mitto
2330 5705 2397 5760 de
2423 5705 2543 5762 aliis
2566 5706 2699 5763 locis
2725 5705 2987 5763 similibus
3015 5710 3214 5765 dicere.
