4088 6198
371 270 473 324 677

1726 290 1813 346 DE
1850 291 2307 351 THEOPHANIA.

3491 316 3594 371 678

369 386 398 438 ό
428 373 687 443 τοῦθεοῦ
721 394 908 463 Λόγος,
956 399 1331 477 φιλανθρωπια
1361 406 1455 460 τοῦ
1481 408 1691 480 Πατρός
1724 410 1923 482 ἐξῆλθε,

2035 414 2237 483 gnitate
2263 413 2443 471 Patris
2465 418 2652 484 exivit,
2678 436 2811 475 nova
2848 422 3051 478 semina
3076 435 3129 480 et
3152 426 3301 495 regni
3332 428 3591 487 cmlornm

368 479 533 532 καινά
575 482 861 555 σπέρματα
914 491 1008 555 καὶ
1056 491 1327 562 βασιλείας
1367 479 1611 568 οὐρανῶν
1654 479 1933 573 ημυστηρια

369 571 874 646 εὐαγγελιούμενος,
897 584 1009 645 τοῖς
1039 600 1097 635 τε
1136 589 1255 639 κατ’
1278 589 1504 661 οὐρανὸν
1538 592 1631 645 τοῦ
1664 593 1799 646 Θεοῦ
1831 593 1936 648 λει-

367 669 621 735 τουργοῖς
642 667 701 719 τὸ
730 670 836 724 τῶν
857 672 1157 744 ἀνθρώπων
1194 681 1442 749 συνάψων
1473 684 1629 751 γένος
1649 702 1663 715 ·
1693 686 1782 738 ἐπὶ
1816 687 1935 740 τού-

368 773 484 821 τοις
510 755 601 814 οὗν
626 763 781 830 μόνος
801 765 961 831 αὐτὸς
984 768 1080 840 τὴν
1104 772 1211 823 ἀπὸ
1228 772 1335 825 τῶν
1362 776 1637 845 πατρικῶν
1656 777 1933 846 βασιλείων

368 848 601 939 ἀποιεῖτο
628 848 799 916 ἔξοδον
816 872 829 886 ·
859 858 909 910 oi
936 858 992 911 δὲ
1014 860 1081 914 τὰ
1107 863 1236 934 παρ’
1262 864 1423 918 αὐτοῦ
1454 868 1738 939 σπέρματα
1762 887 1933 923 κατα-

367 936 645 1008 δεξάμενοι
688 941 787 1007 τὰς
820 945 1029 1002 ἑαυτῶν
1058 949 1235 1021 ψυχὰς
1267 950 1357 1007 οἶα
1394 955 1458 1025 δὴ
1491 936 1672 1028 χώρας
1704 959 1934 1029 γεωργῷ

368 1034 625 1101 παρεῖχον
655 1033 731 1104 τῷ
768 1035 946 1107 Λόγῳ,
992 1041 1085 1094 καὶ
1113 1041 1200 1095 διὰ
1225 1043 1334 1099 τῶν
1372 1046 1548 1101 ἀκοῶν
1570 1048 1660 1102 τὸν
1686 1051 1932 1122 οὐράνιον

366 1120 687 1191 ὑπεδέχοντο
727 1126 948 1198 σπόρον.

433 1211 494 1263 Et
544 1212 646 1305 μὲν
687 1211 778 1269 οὖν
812 1220 921 1290 (10)
963 1222 1011 1273 oi
1055 1222 1480 1296 μαθητευόμενοι
1516 1232 1643 1300 μιᾶς
1690 1232 1931 1305 ὑπῆρχον

362 1304 768 1387 προαιρέσεως,
847 1310 995 1363 οὐδὲν
1066 1313 1232 1385 ἐχρῆν
1287 1316 1581 1389 διακρίνειν
1641 1324 1734 1375 καὶ

366 1393 535 1465 ρίςειν
576 1397 795 1463 τούτους
828 1401 923 1454 ἀπ’
967 1401 1230 1475 ἀλλήλωνο
1270 1408 1456 1481 ἐπειδὴ
1492 1411 1548 1463 δὲ
1588 1413 1738 1485 παρά
1768 1418 1930 1470 πᾶσιν

364 1486 669 1558 ἀνθρώποις
719 1493 751 1561 ἡ
820 1491 914 1546 τοῦ
971 1495 1313 1562 αὐτεξουσίου
1381 1502 1599 1571 ἐκράτει
1668 1505 1927 1576 δύναμις,

364 1577 512 1631 ἄλλοι
590 1598 648 1633 τε
714 1583 885 1648 ἄλλως
960 1587 1171 1652 ἑαυτοῖς
1236 1591 1328 1644 καὶ
1395 1593 1474 1662 τῷ
1542 1597 1929 1667 καταϐληθέντι

363 1674 482 1736 ταῖς
530 1672 724 1744 ψυχαῖς
767 1676 1002 1749 οὐρανίῳ
1056 1681 1239 1753 σπόρῳ
1284 1687 1736 1758 κατακέχρηνται,
1784 1690 1927 1744 είκό-

360 1780 469 1828 τως
510 1760 598 1819 οἷα
643 1766 777 1819 Θεοῦ
823 1768 994 1838 Λόγος
1042 1771 1140 1844 τὴν
1188 1774 1388 1842 γνῶσιν
1439 1779 1781 1850 προειληφὼς
1820 1782 1927 1835 τῶν

364 1856 684 1927 μελλόντων,
748 1860 907 1915 ὁποῖα
942 1861 1186 1917 πείσεται
1243 1866 1323 1930 εἰς
1374 1867 1689 1941 ἀνθρώπους
1720 1874 1748 1925 ό
1796 1874 1925 1944 παρ’

361 1948 525 2001 αὐτοῦ
559 1950 757 2022 σπόρος
788 1955 991 2017 πεσὼν,
1020 1953 1281 2020 θεσπίζει.
1315 1959 1525 2014 Πτῶσιν
1556 1962 1685 2030 γοῦν
1714 1962 1928 2036 θαυμα-

363 2037 502 2098 στῶς
545 2038 643 2106 τὴν
692 2040 993 2114 καταϐολὴν
1022 2042 1126 2097 τῶν
1152 2046 1416 2116 οὐρανίων
1458 2051 1786 2121 σπερμάτων
1829 2054 1927 2122 τὴν

361 2130 440 2193 είς
460 2130 779 2202 ἀνθρώπους
799 2133 1067 2204 ὠνόμασε*
1097 2138 1191 2196 καὶ
1211 2138 1275 2209 δὴ
1304 2139 1395 2193 δύο
1415 2142 1668 2212 τάγματα
1698 2145 1806 2197 τῶν
1836 2146 1927 2200 τὸν

360 2221 561 2291 σπόρον
610 2224 1054 2296 καταδεξαμένων
1083 2227 1320 2294 ἔσεσθαι,
1351 2230 1608 2286 διδάσκει·
1662 2237 1926 2308 πρότερον

360 2313 419 2367 τὸ
434 2314 542 2368 τῶν
570 2316 822 2382 καταξιου
832 2317 1004 2386 μένων
1024 2319 1119 2389 μὲν
1144 2320 1244 2391 τῆς
1273 2322 1513 2393 κλήσεως
1537 2326 1633 2396 τῆς
1654 2327 1713 2379 ού
1723 2327 1924 2396 ρανίου,

360 2402 425 2457 δι’
449 2403 776 2477 ἀπροσεξίαν
804 2406 861 2458 δὲ
901 2408 993 2461 καὶ
1020 2408 1291 2480 ῥᾳθυμίαν
1332 2411 1432 2481 τῆς
1486 2413 1704 2485 χάριτος
1743 2416 1928 2470 ἀπολι-

362 2493 704 2550 σθαινόντων
756 2496 1004 2571 δεύτερον
1044 2499 1100 2552 δὲ
1136 2499 1197 2553 τὸ
1236 2502 1343 2555 τῶν
1388 2504 1925 2571 πολυπλασιαζόντων

359 2584 449 2638 τὸν
494 2587 691 2658 σπόρον
739 2589 796 2642 ὲν
838 2589 1068 2658 ἀγαθαῖς
1111 2593 1525 2665 καρποφορίαις.
1582 2597 1741 2668 Τρεῖς
1767 2598 1822 2650 δὲ
1868 2601 1926 2652 ὲν

361 2673 606 2746 ἑκατέρῳ
643 2675 882 2746 τάγματι
939 2678 1198 2749 διαφορὰς
1229 2681 1459 2751 τίθησιψ
1509 2684 1639 2737 οἵτε
1680 2686 1788 2757 γὰρ
1835 2688 1925 2743 τὸν

363 2764 556 2836 σπόρον
588 2766 914 2831 ἀπολλύντες
954 2770 1051 2841 οὐχ
1079 2771 1261 2843 ὅμοιον
1291 2771 1495 2842 ἴσχουσι
1529 2776 1625 2845 τῆς
1656 2776 1926 2840 ἀπωλείας

363 2856 451 2908 τὸν
465 2856 683 2928 τρόπον’
706 2859 758 2911 οἵ
780 2860 827 2911 τ’
861 2855 926 2914 αὖ
969 2861 1337 2934 γεωργοῦντες
1367 2865 1548 2929 αὑτὸν,
1591 2866 1685 2919 καὶ
1722 2867 1810 2920 τὸν
1866 2868 1926 2932 ἐξ

361 2950 526 3003 αύτοῦ
582 2954 923 3024 ποριζόμενοι
973 2956 1201 3027 καρπὸν,
1254 2959 1355 3011 οὐκ
1395 2958 1514 3031 ἴσην
1559 2960 1924 3031 ἀποφέρονται

358 3044 460 3113 τὴν
507 3043 787 3115 εὐπορίανο
823 3048 902 3100 ἔτι
934 3049 1067 3121 πρὸς
1109 3049 1318 3114 τούτοις
1360 3052 1574 3115 καὶτὰς
1599 3052 1775 3116 αἰτίας
1826 3054 1924 3125 τῆς

361 3133 731 3199 ἀποπτώσεως
760 3136 865 3190 τῶν
895 3137 987 3191 τὸν
1029 3140 1225 3211 σπόρον
1250 3141 1588 3196 ἀπολλύντων
1622 3143 1923 3213 προγνώσει

359 3223 512 3295 θεῐκῇ
569 3226 912 3297 παρίστησινο
954 3229 987 3301 ἢ
1021 3229 1129 3301 γὰρ
1164 3230 1253 3283 διὰ
1276 3232 1544 3303 ῥᾳθυμίας
1586 3233 1924 3301 ἀφυλάκτους

354 3316 455 3379 τὰς
501 3317 707 3371 ἑαυτῶν
765 3318 941 3391 ψυχάς
995 3321 1367 3387 ἀπολιπόντες,
1412 3324 1478 3376 τά
1522 3325 1922 3396 καταϐληθέντα

356 3407 538 3471 αὐτοῖς
571 3410 814 3481 σωτήρια
870 3411 1156 3481 σπέρματα
1182 3410 1606 3477 ἀπολωλέκασιν,
1645 3415 1924 3485 ἁρπασάν-

355 3514 460 3549 των
515 3497 652 3552 αὐτὰ
688 3499 752 3552 ὲκ
792 3499 891 3571 τῆς
942 3500 1118 3554 αὐτῶν
1167 3500 1402 3565 διανοίας
1450 3519 1509 3554 τε
1548 3503 1638 3556 καὶ
1681 3506 1919 3575 μνήμης,

360 3587 568 3657 ἐχθρῶν
607 3606 768 3643 τινων
813 3591 905 3643 καὶ
953 3589 1250 3644 ἐπιϐούλων
1292 3592 1409 3661 ῆτοι
1468 3594 1788 3663 πνευμάτων
1829 3595 1921 3647 καὶ

355 3678 621 3748 δαιμόνων
654 3680 902 3752 πονηρῶν
937 3681 1026 3735 τὸν
1068 3681 1343 3753 περίγειον
1380 3682 1738 3753 διιπταμένων
1762 3686 1917 3755 ἀέρα,

355 3771 387 3841 ἢ
424 3772 628 3842 ἀνδρῶν
655 3773 863 3844 γοήτων
910 3774 1003 3826 καὶ
1029 3774 1338 3846 ἀπατηλῶν,
1368 3774 1401 3844 ἢ
1450 3773 1618 3842 λόγων
1666 3775 1919 3829 ἐναντίων

355 3866 421 3933 τῇ
454 3863 697 3940 ἀληθεία·
722 3863 757 3917 ἀ
782 3863 843 3935 δὴ
864 3864 1085 3917 πετεινά
1115 3864 1344 3936 οὐρανοῦ
1361 3864 1661 3935 ὠνόμασεν·
1696 3865 1728 3935 ἢ
1750 3865 1921 3918 δεύτε-

358 3970 449 4025 ρον
487 3953 574 4007 διὰ
615 3955 973 4027 φιλαργυρίαν
1014 3956 1107 4009 καὶ
1135 3955 1460 4025 φιληδονίαν,
1489 3956 1577 4009 διά
1608 3974 1665 4009 τε
1699 3957 1796 4020 τάς
1823 3956 1916 4011 τοῦ

357 4043 470 4115 pios
492 4047 1022 4118 φιλοπραγμοσύνας,
1050 4047 1085 4102 ἀ
1115 4048 1177 4118 δὴ
1202 4047 1441 4111 ἀκάνθας
1478 4048 1798 4110 ὰπεκάλεσε,
1828 4048 1917 4103 τὸν

355 4138 412 4189 ὲν
439 4137 617 4199 αὐτοῖς
651 4138 848 4208 σπόρον
879 4139 1240 4209 ἀποπνιγῆναι
1270 4140 1645 4209 πεποιήκασιν·
1677 4139 1709 4209 ἢ
1738 4139 1917 4209 τρίτον

354 4229 606 4299 διωγμῶν
638 4231 732 4283 καὶ
779 4232 1148 4302 περιστάσεων
1172 4233 1298 4295 τοὺς
1332 4230 1547 4299 ἀγῶνας
1567 4232 1663 4301 οὐχ
1694 4232 1917 4302 ὑπομεί-

360 4337 568 4383 ναντες,
596 4320 631 4375 ἃ
652 4321 714 4391 δὴ
748 4321 839 4373 καί
864 4321 1115 4375 καύσωνα
1147 4321 1233 4374 διὰ
1264 4323 1362 4391 τῆς
1396 4321 1710 4394 παραϐολῆς
1748 4339 1915 4393 προσ-

2034 508 2286 577 mysteria
2315 508 2490 566 fauste
2511 513 2882 582 'nuntiaturus,
2912 527 2966 571 et
2994 520 3237 585 supernis
3266 520 3356 573 Dei
3394 523 3590 575 minis-

2035 600 2133 655 tris
2175 599 2464 657 humanum
2508 619 2674 675 genus
2717 608 3144 664 consociaturus.
3193 610 3340 666 Hanc
3365 626 3492 682 ergo
3522 615 3606 669 ob‘

2032 705 2247 746 causam
2276 692 2421 747 solus
2452 694 2566 763 ipse
2621 711 2652 751 e
2695 707 2920 766 paterno
2964 714 3127 768 regno
3164 704 3445 768 processit.
3488 703 3591 771 Qui

2031 789 2209 835 autem
2274 784 2479 836 semina
2534 784 2653 852 ejus
2694 798 3041 854 exceperunt,
3101 790 3154 845 bi
3209 807 3334 847 suas
3384 796 3592 851 animas

2032 872 2175 927 velut
2218 888 2375 941 agros
2415 874 2611 929 cultori
2648 874 2820 932 Verbo
2846 880 3223 948 exhibuerunt,
3266 895 3320 940 et
3352 902 3479 943 aure
3506 889 3589 942 fa-

2030 971 2217 1019 ventes
2239 964 2460 1020 cteleste
2491 980 2677 1022 semen
2705 970 3053 1028 admiserunt.

2100 1206 2158 1260 Si
2184 1207 2396 1277 quidem
2426 1208 2607 1278 itaque
2630 1210 2935 1270 Christiana
2961 1216 3202 1272 doctrina
3232 1222 3452 1290 eruditi,
3481 1241 3588 1283 uno

2029 1298 2326 1367 eodemque
2357 1304 2637 1371 proposito
2662 1315 2861 1372 essent,
2897 1307 3029 1362 nihil
3055 1324 3188 1380 Opus
3219 1321 3362 1369 esset
3389 1316 3589 1373 discer-

2030 1403 2159 1443 nere
2191 1389 2328 1444 inter
2351 1391 2496 1460 ipsos
2524 1408 2587 1449 ac
2616 1409 2889 1464 separare.
2932 1400 3082 1455 Nunc
3135 1404 3259 1471 quia
3289 1406 3342 1460 in
3376 1410 3589 1465 cunctis

2030 1477 2336 1536 hominibus
2363 1480 2516 1538 liberi
2543 1486 2760 1541 arbitrii
2796 1489 2873 1542 vis
2903 1493 3179 1558 praevalet,
3204 1494 3402 1565 aliique
3433 1498 3588 1553 aliter

2029 1568 2208 1625 indole
2231 1586 2325 1625 sua
2341 1572 2595 1643 jactoque
2618 1577 2757 1632 intra
2788 1594 2915 1636 suas
2939 1583 3149 1639 animas
3176 1585 3359 1642 divino
3382 1592 3590 1645 semine

2032 1670 2282 1730 utuntur;
2334 1664 2455 1722 ideo
2498 1679 2668 1735 recte,
2724 1680 2906 1741 utpote
2956 1676 3048 1729 Dei
3112 1675 3367 1744 Verbum,
3422 1681 3586 1736 futuri

1958 1759 1999 1813 Β
2028 1754 2308 1808 scientiam
2341 1773 2741 1831 prmoccupans,
2783 1764 2910 1832 quid
2954 1768 3142 1822 semini
3172 1784 3272 1823 suo
3318 1771 3463 1826 inter
3490 1774 3585 1827 lto-

2029 1847 2199 1902 mines
2220 1863 2408 1917 sparso
2430 1864 2749 1910 eventurum
2778 1857 2869 1923 sit,
2890 1861 3155 1927 praedicit.
3185 1860 3381 1918 Casum
3407 1867 3589 1937 itaque

2029 1938 2253 1994 miriﬁce
2307 1943 2538 2011 appellat
2587 1946 2888 2002 cmlestium
2945 1951 3209 2005 seminum
3257 1954 3307 2007 in
3344 1955 3590 2014 homines

2025 2030 2434 2097 projectionem.
2466 2034 2717 2105 Duosque
2749 2038 2906 2094 docet
2947 2040 3062 2095 fore
3097 2044 3465 2113 recipientium
3499 2064 3588 2104 se-

2027 2135 2146 2174 men
2171 2122 2386 2178 ordines
2424 2140 2437 2175 :
2468 2127 2700 2195 priorem
2733 2128 2942 2184 illorum
2981 2136 3070 2202 qui
3105 2137 3379 2192 cmlestem
3421 2157 3584 2197 voca-

2028 2213 2226 2267 tionem
2250 2217 2449 2284 sortiti,
2477 2234 2572 2288 per
2597 2223 3096 2291 socordiamﬂamen
3126 2240 3287 2297 atque
3318 2231 3581 2299 ignaviam

2025 2309 2195 2375 gratia
2237 2311 2493 2365 excidunt
2527 2328 2541 2365 :
2574 2315 2867 2370 secundum
2920 2320 3165 2375 ordinem
3218 2324 3429 2379 illorum
3490 2331 3583 2396 qui

2022 2411 2206 2453 semen
2266 2403 2482 2473 egregio
2538 2403 2715 2460 fructu
2766 2408 3145 2478 multiplicant.
3173 2411 3307 2468 Tres
3336 2431 3497 2484 porro
3531 2419 3583 2474 in

2025 2496 2255 2559 utroque
2298 2493 2487 2549 ordine
2525 2495 2855 2554 diti‘erentias
2891 2501 3095 2555 statuit.
3129 2501 3258 2557 Nam
3299 2515 3349 2560 et
3376 2509 3465 2575 qui
3497 2524 3587 2564 se-

2025 2592 2146 2632 men
2204 2584 2551 2649 pessumdant
2579 2623 2594 2648 ,
2655 2589 2794 2641 haud
2836 2591 2950 2657 pari
2988 2593 3145 2646 modo
3191 2595 3580 2665 exstinguunt:

2023 2672 2366 2743 vicissimque
2392 2676 2426 2729 ii
2458 2677 2546 2745 qui
2583 2679 2710 2733 illud
2744 2681 3019 2746 excolunt,
3052 2699 3117 2738 ex
3144 2699 3316 2755 eoque
3346 2688 3579 2745 fructum

2024 2764 2268 2832 gignunt,
2320 2767 2461 2821 haud
2498 2769 2613 2836 pari
2648 2770 2893 2826 ubertate
2931 2784 3075 2828 sunt.
3126 2775 3347 2845 Insuper
3392 2796 3584 2837 causa:

2023 2856 2187 2907 etiam
2231 2855 2413 2924 lapsus
2461 2872 2645 2912 eorum
2698 2862 2789 2931 qui
2843 2876 3027 2919 semen
3084 2870 3580 2939 pessumdederum,

2025 2947 2201 3001 divina
2233 2950 2539 3018 provisione
2572 2954 2732 3008 sistit.
2765 2954 2897 3010 Nam
2943 2956 3025 3012 vel
3062 2958 3253 3021 ignavo.
3284 2962 3580 3020 incustodi-

2028 3046 2109 3093 tas
2137 3040 2346 3096 animas
2368 3057 2493 3097 suas
2515 3056 2634 3099 esse
2656 3045 2911 3113 sinentes,
2962 3047 3153 3115 iniecta
3179 3053 3232 3105 in
3258 3053 3355 3109 has
3377 3057 3580 3112 semina

1950 3108 1991 3167 ο
2025 3130 2343 3197 amiserunt,
2373 3134 2705 3203 rapientibus
2734 3137 2941 3193 scilicet
2967 3154 3033 3193 ex
3057 3140 3293 3209 ipsorum
3320 3156 3498 3201 mente
3519 3163 3581 3203 ac

2024 3222 2279 3275 memoria
2316 3222 2547 3279 inimicis
2574 3225 2892 3294 quibusdam
2928 3239 3091 3299 atque
3127 3233 3396 3290 insidiosis
3423 3238 3582 3307 spiri-

2026 3311 2167 3366 tibus
2196 3314 2462 3381 malisque
2492 3315 2845 3384 daemonibus,
2893 3321 2986 3389 qui
3020 3322 3072 3375 in
3106 3322 3206 3379 hoc
3243 3327 3385 3382 circa
3419 3330 3576 3386 tellu-

2023 3417 2133 3457 rem
2164 3419 2288 3459 aere
2313 3406 2574 3465 volitant:
2600 3408 2683 3463 vel
2702 3410 2864 3464 etiam
2890 3412 3243 3472 fraudulentis
3273 3419 3582 3479 hominibus

2022 3510 2085 3550 ac
2107 3495 2405 3561 fallacibus,
2441 3498 2525 3552 vel
2558 3501 2847 3557 contrariis
2876 3505 3089 3559 veritati
3121 3507 3418 3574 doctrinis;
3457 3529 3579 3581 qua:

2018 3586 2198 3642 omnia
2232 3587 2531 3643 ccelestium
2556 3590 2832 3645 volucrum
2864 3596 3079 3649 nomine
3110 3597 3433 3667 indigitavit.
3479 3603 3577 3659 Vel

2019 3676 2180 3730 etiam
2208 3681 2441 3732 secundo
2466 3678 2585 3733 loco
2612 3681 2843 3736 avaritia
2887 3692 2940 3736 et
2993 3685 3279 3754 voluptatis
3318 3689 3587 3757 studium,

2016 3775 2071 3821 et
2116 3767 2280 3822 varia:
2310 3769 2492 3823 mundi
2522 3785 2682 3835 curae,
2726 3787 2860 3842 quas
2901 3774 3082 3841 spinas
3112 3777 3265 3843 dixit,
3309 3794 3490 3834 semen
3521 3783 3576 3837 in

2019 3858 2148 3928 ipsis
2192 3859 2362 3913 emori
2402 3872 2620 3929 cogunt.
2654 3860 2748 3916 Vel
2777 3864 3006 3935 denique
3040 3868 3197 3922 tertio
3228 3869 3366 3935 loco,
3394 3887 3578 3941 perse-

2018 3951 2292 4005 cutionum
2337 3968 2399 4006 ac
2426 3966 2802 4021 prcssurarum
2836 3957 3127 4012 certamina
3168 3974 3272 4014 non
3309 3963 3579 4019 sustinen-

2018 4049 2115 4105 tes,
2147 4058 2281 4111 quas
2309 4052 2470 4099 aestus
2497 4047 2712 4100 nomine
2742 4046 2791 4099 in
2820 4046 3069 4115 parabola
3102 4051 3408 4121 appellavit,
3430 4071 3580 4112 coar-

2014 4136 2125 4205 guti
2158 4145 2283 4189 sunt
2310 4136 2451 4190 baud
2486 4136 2591 4192 alte
2640 4138 2692 4191 in
2734 4138 2942 4193 illorum
2986 4143 3164 4196 anima
3200 4159 3381 4199 semen
3411 4147 3573 4203 fuisse

2016 4223 2332 4289 radicatum,
2355 4225 2447 4279 sed
2491 4225 2542 4279 in
2573 4226 2855 4295 superﬁcie
2885 4232 3252 4286 tantummodo
3284 4247 3348 4286 ac
3376 4235 3577 4303 specie,

2014 4313 2161 4367 brevi
2200 4322 2436 4381 tempore
2463 4311 2778 4379 ciﬂoruisse,
2817 4325 2870 4370 et
2918 4333 3053 4371 vana
3103 4319 3273 4387 plebis
3319 4321 3572 4391 opinione

354 4415 530 4475 εἶπεν,
564 4412 983 4483 ἀπηλέγχθησαν
1015 4413 1088 4483 μὴ
1120 4413 1259 4466 κατὰ
1287 4411 1446 4482 βάθος
1475 4412 1572 4482 τῆς
1598 4412 1774 4465 αὐτῶν
1811 4411 1911 4481 ψυ-

2020 4405 2228 4459 ltabitos
2254 4419 2372 4459 esse
2395 4404 2637 4461 homines
2656 4405 2789 4476 frugi
2811 4424 2825 4472 ;
2854 4423 2989 4476 quos
3006 4409 3093 4463 diu
3114 4410 3338 4465 latentes
3363 4412 3574 4465 demum

351 4506 452 4577 χῆς
491 4505 581 4558 τὸν
620 4506 818 4576 σπόρον
870 4504 1245 4575 ἐρριζωμένοι,
1286 4503 1399 4556 ἀλλ’
1429 4501 1485 4568 ἐξ
1528 4503 1789 4573 ἐπιπολῆς
1822 4503 1915 4556 καὶ

355 4594 619 4667 μέχριτοῦ
642 4597 815 4649 δοκεῖν
842 4594 916 4659 ὡς
936 4594 1069 4665 πρός
1096 4612 1217 4649 τινα
1252 4593 1438 4667 καιρὸν
1470 4594 1669 4659 ἀνθεῖν,
1703 4595 1797 4648 καὶ
1844 4596 1910 4665 τῇ

350 4688 458 4741 τῶν
498 4687 706 4741 πολλῶν
754 4687 1020 4758 φαντασία
1075 4687 1393 4749 σπουδαίους
1417 4681 1551 4738 εἶναι
1578 4685 1909 4757 νομίζεσθαιο

2020 4495 2241 4559 revelat,
2280 4495 2418 4564 ignis
2441 4495 2609 4551 instar
2640 4498 2948 4565 explorans,
2976 4510 3028 4555 et
3066 4501 3285 4556 minime
3315 4502 3575 4571 genuinos

2018 4605 2316 4661 coarguens
2368 4601 2594 4657 tempus,
2646 4594 2785 4663 quod
2816 4603 3004 4649 :estum
3038 4605 3163 4665 apto
3192 4597 3451 4651 vocabulo
3478 4612 3574 4666 ap-

2016 4684 2231 4753 pellavit
2254 4682 2528 4738 Servantur.

349 4778 443 4843 οὓς
473 4780 565 4833 καὶ
614 4779 806 4850 μακρῷ
842 4778 1100 4842 λαθόντας
1136 4780 1308 4850 χρόνῳ
1339 4778 1564 4841 ἐπιστάς
1616 4775 1918 4848 ἀπήλεγξεν
1952 4775 2301 4849 όπυρωτικὺς
2333 4776 2556 4831 καὶτῶν
2615 4778 2676 4831 οὐ
2726 4778 2963 4847 γνησίων
2985 4778 3345 4849 διελεγκτικὺς
3363 4780 3571 4852 καιρὸς,

347 4873 408 4928 ὃν
422 4873 486 4946 δὴ
508 4872 762 4928 καύσωνα
782 4873 1083 4937 εὐθυϐό).ως
1109 4875 1136 4926 ό
1168 4875 1355 4945 Σωτὴρ
1375 4875 1644 4945 ὠνόμασε.

1016 4990 1253 5043 IG’lHl.

1016 4991 1095 5043 18'
1144 4991 1201 5043 Η
1240 5029 1253 5043 .

430 5083 491 5136 '0
542 5083 599 5137 δὲ
636 5100 795 5147 αυτος
827 5082 1030 5148 εδίδαξε
1076 4993 1173 5153 τίὲν
1205 4991 1380 5136 άίτίαν
1433 5082 1498 5135 δι’
1534 5066 1603 5153 ἦν
1622 5084 1731 5144 τοῖς
1780 5081 1912 5152 πλή-

2725 4988 2868 5045 XIX.

2079 5083 2209 5137 item
2239 5083 2483 5138 Christus
2514 5098 2731 5138 causam
2759 5081 2939 5136 docuit
2961 5096 3057 5137 cur
3082 5096 3146 5135 ao
3172 5081 3570 5136 multitudinem

348 5174 466 5227 θεσι
522 5174 585 5227 δι’
620 5174 953 5245 αἰνιγμάτων
983 5175 1107 5237 τοὺς
1152 5173 1340 5241 λόγους
1381 5175 1681 5245 παρεδίδου·
1731 5174 1912 5237 αὐτοῖς

2020 5190 2113 5229 non
2163 5176 2367 5242 absque
2421 5177 2703 5245 aenigmate
2755 5173 3109 5243 loqueretur:
3144 5174 3418 5242 disvipulis
3460 5175 3575 5243 qni-

348 5266 452 5336 μὲν
484 5266 725 5335 ἐφεῖσθαι
763 5266 930 5320 εἰπὼν
957 5265 1025 5319 τὰ
1057 5267 1327 5337 μυστήρια
1355 5267 1451 5336 τῆς
1481 5265 1572 5319 τοῦ
1592 5264 1724 5319 Θεοῦ
1759 5265 1909 5335 βασι-

345 5354 495 5437 λείας
513 5357 820 5428 μανθάνειν,
852 5359 924 5429 μὴ
958 5356 1193 5411 δίδοσθαι
1212 5358 1268 5411 δὲ
1292 5359 1535 5422 ἐκείνοις,
1572 5360 1696 5421 τοὺς
1722 5358 1905 5427 ὄχλους

443 5561 530 5633 10)
560 5562 692 5620 Cod.
713 5564 780 5621 A.
802 5563 840 5617 τ.
861 5563 984 5627 HQ,
1012 5564 1066 5618 b.
1101 5561 1509 5633 Sequentialtaac
1541 5576 1661 5633 cum
1695 5577 1899 5630 prazcc-

352 5628 598 5701 dentibus
620 5644 741 5701 apte
766 5635 1032 5694 connecti,
1070 5628 1203 5699 quis
1231 5649 1331 5685 non
1378 5630 1565 5684 videt?
1593 5628 1898 5700 quanquam

351 5700 404 5756 in
429 5704 626 5775 codice.
652 5703 863 5764 nonnisi
890 5705 1093 5758 nudum
1123 5701 1338 5758 Eusebii
1384 5716 1579 5756 nomen
1619 5713 1827 5769 gerunt.

2010 5265 2129 5321 dem
2160 5266 2377 5321 concedi
2403 5267 2608 5329 dicens,
2634 5277 2688 5319 nt
2716 5266 2962 5337 mysteria
2990 5266 3134 5332 regni
3162 5265 3248 5319 Dei
3273 5266 3569 5331 discerent,

2012 5375 2117 5413 non
2156 5369 2332 5414 tamen
2368 5358 2556 5413 turbis.
2614 5358 2702 5411 Ait
2725 5359 2869 5411 enim
2905 5375 2918 5410 :
2951 5355 3046 5411 Est
3078 5366 3251 5410 autent
3281 5359 3390 5411 hazc
3418 5371 3574 5426 para-

2074 5565 2186 5632 (H)
2226 5564 2358 5619 Cod.
2410 5562 2470 5617 L.
2527 5562 2688 5632 £16,
2734 5560 2787 5615 b.
2821 5559 3196 5632 _Conl'erantur
3252 5518 3576 5632 sequentia,

2008 5646 2059 5689 ut
2084 5628 2205 5704 ‘jam
2234 5635 2366 5699 dixi,
2410 5649 2532 5688 cum
2569 5628 2788 5701 Syriaca
2818 5628 3168 5700 Theoyhanin,
3203 5643 3278 5697 tv,
3303 5628 3394 5685 53.
