4098 6200
509 233 612 293 679

1206 217 1473 277 EUSEBH
1510 211 1984 274 CIESARlENSlS
2019 212 2166 270 OPP.
2211 209 2390 266 PARS
2426 209 2517 265 Ν.
2557 237 2623 251 -—-
2660 207 3077 265 DOGMATICA.

3638 199 3745 257 680

511 351 631 405 boia
661 366 680 404 .'
704 347 893 403 Semen
915 353 988 397 est
1004 340 1211 396 verbum
1238 338 1356 403 Dei,
1384 346 1488 392 etc.
1504 336 1549 367 ⁸⁸
1572 364 1643 376 -
1665 334 1919 389 Diversos
1944 331 2063 387 ani-

2191 351 2406 422 ἰηλώσας
2416 370 2431 384 ⁸
2442 350 2547 421 ἔφη
2563 350 2688 422 γάρ·
2699 351 2864 404 Ἐστι
2878 348 2947 402 δὲ
2958 349 3108 416 αὕτη
3128 346 3166 415 ἠ
3185 340 3512 415 παραϐολή·
3528 339 3747 411 ὀξσπό-

512 454 720 497 marum
744 437 958 493 habitus
985 434 1038 485 in
1062 431 1126 485 iis
1156 430 1248 498 qui
1271 430 1569 484 doctrinam
1595 424 1711 493 ejus
1738 422 2071 492 subsequen-

511 546 565 586 te
592 541 829 599 tempore
851 522 1152 593 suscepturi
1180 530 1360 586 erant,
1392 530 1536 574 recte
1557 515 1844 571 admodum
1876 512 2075 569 revelat

511 622 789 679 Dominus.
821 618 954 670 Tres
987 611 1240 667 videlicet
1282 611 1505 665 ordines
1535 606 1811 663 hominum
1840 604 1956 660 fore
1987 604 2074 659 di-

511 712 607 775 cit,
634 708 723 777 qui
758 704 1012 759 doctrinae
1038 715 1148 755 suae
1177 714 1357 754 semen
1384 698 1523 751 haud
1550 698 1684 751 bene
1701 694 2075 762 sintreceptu-

511 805 585 858 ri.
605 800 736 853 Tres
756 797 994 852 vicissim
1019 794 1350 863 egregiorum
1376 789 1655 845 hominum
1683 788 1897 851 choros,
1925 787 2079 841 bona:

513 903 670 947 terrae
716 890 886 943 instar
927 884 1184 940 doctrinae
1216 882 1449 936 fructum
1482 880 1697 936 uberem
1735 893 1802 935 ac
1829 876 2079 946 multipli-

512 994 690 1039 catum
720 981 979 1035 edituros.
1004 978 1145 1045 Ergo
1174 974 1289 1030 illos
1311 976 1400 1043 qui
1422 972 1564 1041 jacta
1596 973 1647 1026 in
1670 972 1903 1025 animam
1926 985 2077 1025 suam

514 1076 715 1131 semina
747 1070 1121 1140 pcssumdant,
1171 1081 1363 1122 causas
1393 1066 1591 1119 habere
1625 1063 1754 1118 dicit
1779 1072 1909 1119 tres.
1947 1061 2077 1116 Nam

511 1166 595 1221 vel
645 1164 823 1219 mundi
855 1162 1017 1225 curis,
1069 1173 1132 1213 ac
1180 1173 1363 1211 rerum
1407 1156 1626 1210 minime
1653 1155 2079 1210 necessariarum

514 1258 712 1322 studio,
763 1264 816 1309 et
852 1253 1041 1323 Opibus
1068 1249 1382 1318 deliciisque
1409 1247 1672 1318 impliciti,
1714 1260 1898 1302 semen
1926 1261 2081 1301 suum

514 1352 828 1410 obrucntes,
873 1343 1042 1415 spinis
1091 1340 1485 1412 quodammodo
1516 1338 1779 1396 sull‘ocare
1810 1339 2079 1394 videntur.

522 1441 613 1494 Vel
646 1440 864 1493 minime
901 1438 953 1490 in
991 1435 1186 1490 mentis
1211 1447 1323 1489 suae
1349 1431 1717 1501 penetralibus
1758 1438 1974 1500 recepto
1998 1444 2085 1484 se-

517 1531 682 1595 mine,
726 1528 975 1582 celeriter
1002 1525 1371 1593 exstinguunt,
1415 1521 1677 1591 angustiis
1705 1520 1960 1588 correpti.
1988 1518 2086 1574 Vel

520 1621 679 1674 tertio
723 1619 954 1687 denique
1004 1631 1169 1671 causa
1214 1613 1493 1668 amittendi
1546 1612 1655 1667 dati
1701 1611 1924 1667 seminis
1983 1609 2083 1666 sibi

2163 460 2274 511 ρος
2296 439 2467 495 ἐστίν
2488 444 2520 516 ό
2545 442 2724 509 λόγος
2757 439 3064 505 τοῦοΘεοῦ,
3096 457 3152 493 κ.
3183 456 3233 492 τ.
3254 433 3499 507 λ.-(1ἳ)
3524 431 3635 495 Τὰς
3687 433 3748 485 ἐν

2170 536 2367 605 ψυχαῖς
2389 531 2662 605 ’διαφορὰς
2700 531 2808 586 τῶν
2836 534 2935 603 τὴν
2965 530 3313 586 διδασκαλίαν
3345 523 3508 582 αὑτοῦ
3531 523 3752 596 μελλόν-

2171 640 2278 677 των
2303 622 2655 692 ὑποδέχεσθαι
2690 623 2750 675 ἐν
2773 625 2884 686 τοῖς
2920 622 3057 693 μετά
3086 620 3259 675 ταῦτα
3282 620 3493 692 χρόνοις
3528 612 3588 670 εὖ
3609 614 3755 687 μάλα

2171 715 2436 784 ὲκγυμνοῖ
2449 713 2479 765 ό
2496 712 2721 783 Κύριος·
2747 713 2840 766 καὶ
2862 714 2987 785 τρία
3018 714 3114 784 μὲν
3127 713 3385 783 τάγματα
3412 711 3518 765 τῶν
3545 710 3605 763 ού
3624 718 3758 780 γνη-

2176 806 2305 869 σίως
2342 805 2434 859 τὸν
2472 806 2673 876 σπόρον
2704 807 2803 877 τῆς
2830 805 2993 859 αὑτοῦ
3026 806 3369 868 διδασκαλίας
3385 802 3758 875 παραδεχομέ-

2175 919 2281 956 νων
2325 899 2544 953 ἐσεσθαι
2603 898 2985 970 προαγορεύει·
3044 900 3191 968 τρεῖς
3229 895 3487 957 ὡσαύτως
3535 891 3758 962 ἀγαθῶν

2174 992 2368 1062 χοροὺς
2399 989 2507 1043 τῶν
2554 990 2713 1060 δίκην
2743 989 2956 1057 εύγείου
2979 987 3161 1060 χώρας
3181 986 3623 1059 πολυφορούντων
3663 986 3760 1038 καὶ

2179 1080 2723 1145 πολυπλασιαςόντων
2764 1081 2856 1135 τὸν
2879 1080 3056 1148 λόγον.
3089 1080 3209 1133 Τῶν
3245 1080 3343 1151 μὲν
3359 1074 3450 1133 οὖν
3482 1077 3760 1132 ἀπολλύν-

2179 1193 2285 1229 των
2331 1177 2399 1231 τά
2445 1174 2893 1246 καταόαλλόμενα
2931 1178 2997 1247 τῇ
3049 1174 3230 1229 αὑτῶν
3274 1173 3417 1245 ψυχῇ
3470 1172 3761 1243 σπέρματα

2181 1266 2357 1331 αἰτίας
2407 1264 2543 1321 εἷναί
2597 1285 2727 1339 φησι
2769 1270 2939 1338 τρεῖς·
2971 1267 3002 1338 ἢ
3040 1267 3148 1339 γὰρ
3194 1266 3299 1319 ὑπὸ
3329 1265 3622 1336 φροντίδων
3666 1261 3759 1317 τοῦ

2182 1355 2321 1426 βίου,
2339 1357 2433 1409 καὶ
2468 1360 2566 1427 τῆς
2596 1357 2746 1429 παρὰ
2771 1356 2840 1411 τὰ
2873 1359 2948 1429 μὴ
2968 1359 3238 1427 ἀναγκαῖα
3272 1358 3528 1428 σπουδῆς,
3573 1356 3679 1409 ὑπό
3697 1374 3760 1410 τε

2185 1448 2415 1501 πλούτου
2454 1450 2549 1503 καὶ
2582 1450 2813 1520 τρυφῆς,
2877 1449 3319 1519 καταχωννύντες
3352 1447 3444 1501 τὸν
3483 1448 3542 1502 ἐν
3578 1446 3761 1509 αὐτοῖς

2185 1539 2385 1611 σπόρον
2415 1539 2621 1593 ἐοίκασι
2642 1543 2755 1604 τοῖς
2777 1540 2881 1593 ὑπὸ
2907 1540 3155 1594 ἀκανθῶν
3186 1539 3565 1609 ἀποπνίγουσιν
3594 1538 3629 1610 ἦ
3660 1538 3764 1591 οὐκ

2186 1632 2295 1685 ἀπὸ
2333 1631 2529 1702 βάθους
2570 1631 2809 1696 διανοίας
2865 1632 3028 1687 αὑτὸν
3072 1629 3525 1702 παραδεξάμενοι,
3570 1629 3763 1683 θᾶττον

519 1714 672 1776 ﬁunt,
710 1713 834 1767 dtnn
861 1711 1067 1779 patulas
1092 1724 1251 1764 aures
1296 1709 1537 1779 prtebent
1576 1706 1888 1762 hominibus
1936 1704 2085 1761 deci-

2191 1723 2607 1779 ἀποσὸέννυνται
2653 1724 3027 1795 περιστάσεως
3070 1722 3498 1794 καταλαϐούσης·
3544 1723 3578 1794 ἢ
3621 1722 3767 1776 κατά

517 1804 696 1874 piendi
722 1804 995 1869 studiosis,
1021 1803 1241 1872 etjacta
1282 1802 1334 1856 in
1364 1801 1576 1855 illorum
1609 1799 1844 1854 animam
1876 1799 2084 1853 semina

517 1896 826 1965 diripiendi.
858 1894 981 1950 Haec
1018 1896 1181 1966 igitur
1210 1893 1503 1949 secundum
1532 1906 1685 1947 suam
1720 1891 2081 1961 provisionem

518 1985 863 2056 a‘Servatore
892 1984 1146 2052 praedicta
1178 1984 1414 2037 luerunt.
1445 1982 1533 2034 Sic
1555 1990 1732 2035 autem
1766 1994 1877 2034 rem
1907 1994 1964 2034 se
1987 1980 2085 2033 ha-

520 2081 648 2131 bere
670 2075 1161 2143 exploratissimum
1193 2081 1299 2127 est.
1321 2072 1473 2125 llaud
1492 2068 1649 2125 aliter
1674 2071 1814 2125 enim
1846 2070 2085 2125 nonnulli

520 2166 777 2220 excidunt
807 2163 1081 2231 religionis
1107 2162 1371 2224 doctrina,
1411 2162 1514 2215 nisi
1540 2160 1724 2230 aliquo
1759 2176 1789 2215 e
1815 2160 2086 2230 praedictis

522 2257 589 2309 ah
610 2271 676 2310 eo
700 2255 887 2310 modis.
924 2253 1181 2307 Similiter
1213 2251 1450 2306 melioris
1474 2266 1688 2321 quoque
1712 2251 1938 2317 ordinis,
1970 2250 2090 2305 illo-

522 2361 641 2399 rum
671 2344 881 2399 scilicet
910 2343 1001 2412 qui
1027 2342 1249 2397 cmleste
1278 2356 1499 2411 regnum
1536 2351 1661 2397 sunt
1682 2341 1950 2411 adepturi,
1979 2350 2087 2396 tres

523 2437 725 2491 classes
752 2434 1030 2489 Matthaeus
1061 2432 1285 2488 sistit“.
1316 2432 1507 2487 Cuncti
1531 2434 1672 2487 enim
1698 2432 1765 2487 ab
1784 2448 1887 2487 uno
1915 2442 2090 2487 satore

523 2539 578 2582 et
600 2526 831 2598 agricola
861 2527 915 2581 in
943 2524 1223 2579 animabus
1251 2523 1383 2588 suis,
1409 2538 1508 2578 ceu
1536 2522 1801 2579 fertilibus
1827 2523 2091 2593 bonisque

523 2620 669 2687 agris
689 2658 704 2685 ,
733 2631 895 2670 unum
926 2616 1173 2685 idemque
1204 2626 1478 2685 receptum
1511 2626 1717 2678 semen,
1754 2629 1852 2684 pro
1890 2613 2091 2669 viribus

524 2710 810 2775 excolunt;
867 2723 1041 2778 neque
1079 2718 1254 2762 tamen
1303 2708 1420 2777 pari
1457 2721 1682 2762 numero
1713 2705 2088 2776 multiplicant,

524 2816 713 2855 verum
741 2799 1027 2871 plurimam
1081 2797 1277 2867 singuli
1324 2797 1378 2851 in
1411 2797 1568 2851 bonis
1592 2798 1704 2852 suis
1735 2796 2091 2851 differentiam

524 2909 634 2963 pne
675 2907 733 2947 se
758 2891 955 2946 l'erunt.
1007 2885 1121 2945 Etsi
1147 2889 1290 2944 enim
1324 2904 1488 2943 unum
1518 2888 1619 2943 fuit
1642 2888 1698 2943 in
1728 2887 1809 2942 his
1843 2889 2094 2943 omnibus

527 3000 734 3051 semen,
767 2984 1055 3041 unusitem
1088 2982 1335 3051 idemque
1359 2990 1527 3048 sator,
1565 2997 1671 3037 non
1704 2992 1882 3037 tamen
1910 2983 2093 3052 singu-

2184 1814 2375 1886 τρίτην
2420 1816 2602 1869 αἰτίαν
2649 1814 2813 1870 αἴτιοι
2865 1816 3136 1880 ἀπωλείας
3181 1815 3531 1869 καθίστανται
3572 1814 3668 1869 τοῦ
3707 1817 3765 1869 ἐν

2186 1906 2369 1969 αὐτοῖς
2405 1907 2630 1978 σπόρου,
2666 1908 2764 1971 τὰς
2800 1908 2980 1961 αὐτῶν
3028 1908 3197 1971 ἀκοὰς
3237 1908 3536 1971 ἐκδιδόντες
3559 1907 3767 1971 ἀνέτως

2184 1999 2297 2059 τοῖς
2324 1996 2597 2069 ἐξαπατᾷν
2629 1999 2872 2052 ἐθέλουσι
2907 2000 3000 2053 καὶ
3023 1990 3459 2069 ὑφαρπάζειν’τὰ
3483 2002 3541 2054 ἐν
3570 2003 3637 2072 τῇ
3668 1999 3767 2053 αύ-

2184 2085 2292 2140 τῶν
2325 2088 2465 2159 ψυχῇ
2521 2090 2933 2160 καταδληθέντα
2970 2092 3277 2162 σπέρματα.
3321 2091 3507 2147 Ταῦτα
3547 2092 3646 2163 μὲν
3673 2086 3767 2145 οὑν

2188 2176 2329 2229 κατὰ
2363 2180 2668 2249 πρόγνωσιν
2695 2181 2772 2252 τῷ
2807 2184 3016 2253 Σωτῆρι
3053 2183 3400 2254 προλέλεκτο’
3438 2187 3551 2247 τοῖς
3581 2184 3638 2237 δέ
3672 2183 3767 2255 ἕρ-

2186 2285 2305 2337 γοις
2332 2269 2504 2333 οὕτως
2523 2271 2714 2341 ἔχοντα
2746 2275 2778 2343 ὴ
2818 2274 3072 2344 ἐνάργεια
3095 2275 3447 2345 παρίστησιν·
3478 2274 3574 2326 οὐκ
3591 2273 3768 2336 ἄλλως

2188 2360 2295 2433 γὰρ
2329 2362 2652 2417 ἐκπίπτουσί
2675 2384 2817 2430 τινες
2838 2367 2930 2419 τοῦ
2953 2368 3051 2436 τῆς
3084 2367 3392 2429 θεοσεὸείας
3420 2366 3623 2436 λόγουῆ
3643 2366 3768 2418 καθ’

2189 2454 2285 2508 ἕνα
2310 2456 2417 2509 τῶν
2451 2456 2541 2509 ὑπ’
2571 2458 2734 2511 αὑτοῦ
2769 2459 3189 2532 προρρηθέντων
3219 2459 3449 2530 τρόπων,
3495 2456 3769 2520 Ὡσαύτως

2189 2544 2248 2597 δὲ
2282 2546 2375 2598 καὶ
2411 2546 2504 2599 τοῦ
2536 2548 2843 2618 κρείττονος
2862 2550 3138 2620 τάγματος
3166 2548 3275 2602 τῶν
3299 2547 3631 2618 τευξομένων
3667 2546 3771 2617 τῆς

2190 2637 2437 2707 ούρανίου
2479 2638 2755 2707 βασιλείας
2787 2642 2935 2711 τρεῖς
2967 2637 3105 2694 εἶναι
3136 2638 3319 2705 τάξεις
3360 2639 3601 2711 παρίστη
3630 2638 3771 2692 κατὰ

2192 2728 2490 2794 Ματθαῖον,
2521 2730 2736 2783 πάντων
2756 2732 2852 2802 μ’ὲν
2879 2732 2969 2801 ὑφ’
2995 2731 3114 2795 ἑνὸς
3136 2731 3380 2804 σπορέως
3395 2748 3455 2784 τε
3479 2730 3574 2785 καὶ¹
3599 2747 3767 2802 γεωρ-

2191 2819 2290 2888 γοῦ
2337 2824 2457 2884 ταῖς
2493 2820 2672 2874 αὐτῶν
2703 2822 2919 2893 ψυχαῖς,
2956 2818 3042 2875 οἷα
3076 2823 3138 2892 δὴ
3168 2822 3372 2895 χώραις
3413 2822 3645 2891 εὐγείοις
3682 2823 3769 2875 καί

2193 2906 2441 2975 ἀγαθαῖς,
2474 2909 2569 2961 ἕνα
2610 2911 2704 2962 καὶ
2742 2911 2830 2963 τὸν
2891 2912 3050 2964 αὑτὸν
3081 2912 3521 2983 ὑποδεδεγμένου)
3553 2913 3769 2984 σπόρον,

2194 3013 2304 3063 γεω
2312 3014 2409 3067 ργη
2419 2997 2625 3051 σάντων
2637 2998 2693 3051 δέ
2706 2999 2864 3052 αὑτὸν
2892 3000 3031 3053 κατά
3041 3001 3289 3072 δύναμιν,
3307 3002 3753 3057 πολυπλασιασὼ

530 3079 698 3130 lorum
725 3074 984 3129 sedulitas
1014 3088 1079 3127 ac
1112 3072 1358 3129 voluntas
1388 3086 1570 3141 parem
1606 3072 1660 3125 in
1689 3073 1937 3127 omnibus
1975 3073 2088 3128 fru-

2193 3054 2517 3158 rwv.'t'elo.t’ix
2542 3088 2762 3158 ὁμοίως,
2794 3088 2929 3142 ἀλλά
2980 3054 3765 3161 πλείστηνέκάστωνένδειξα·

529 3178 672 3223 ctum
706 3164 927 3234 protulit
961 3179 975 3215 :
1008 3163 1355 3233 quamobrem
1392 3177 1458 3216 ne
1496 3162 1837 3230 agriculturae
1879 3164 2095 3231 quidem

531 3260 736 3314 reditus
766 3271 861 3325 par
892 3254 1089 3323 ubique
1120 3252 1220 3306 fuit
1244 3270 1258 3305 :
1286 3252 1377 3305 sed
1406 3251 1495 3305 alii
1530 3252 1743 3321 triginta
1774 3252 2092 3316 retulerunt,

530 3349 622 3402 alii
659 3346 991 3415 trigesimum
1020 3354 1300 3396 numerum
1341 3340 1705 3409 duplicarunt,
1745 3340 1835 3394 alii
1864 3341 2097 3411 denique

533 3440 717 3493 labore
736 3436 1125 3507 praecellentes,
1153 3432 1509 3501 centuplicem
1552 3429 1783 3485 fructum
1810 3431 2092 3490 dederunt.

530 3530 686 3586 Prior
708 3544 835 3599 ergo
854 3528 945 3582 ille
969 3526 1103 3581 ordo
1126 3526 1268 3581 haud
1292 3525 1447 3580 aliter
1471 3524 1651 3580 divina
1682 3523 2097 3581 fruetilicatione

531 3622 794 3692 privatur,
835 3619 937 3672 nisi
966 3617 1145 3685 aliquo
1183 3631 1215 3670 e
1254 3616 1523 3686 praedictis
1554 3615 1744 3670 modis.
1778 3616 1879 3682 Qui
1918 3627 2096 3671 autem

534 3714 587 3769 in
638 3711 907 3767 contrario
948 3709 1140 3764 ordine
1171 3717 1313 3771 sunt,
1358 3722 1487 3775 pura
1546 3707 1724 3760 anima
1771 3716 1827 3761 et
1866 3707 2098 3776 genuino

534 3804 730 3858 mentis
755 3800 1048 3871 proposito,
1091 3798 1314 3853 salutari
1356 3806 1568 3865 recepto
1606 3798 1829 3863 semine,
1862 3799 2095 3853 vicissim

532 3909 629 3964 pro
657 3908 768 3947 suae
807 3891 999 3945 anima:
1030 3888 1236 3945 viribus
1269 3888 1732 3945 fructiﬁcationem
1774 3906 1925 3946 suam
1957 3892 2096 3946 mul-

535 3987 796 4057 tiplicant.

2198 3176 2371 3245 μένων
2400 3178 2457 3231 ἐν
2506 3178 2730 3246 ἀγαθοῖς
2782 3178 3061 3249 διαφοράν·
3090 3182 3138 3233 εί
3165 3180 3228 3252 δὴ
3256 3176 3337 3245 εἷς
3373 3181 3473 3253 μὲν
3517 3176 3586 3253 ἦν
3614 3184 3770 3235 πᾶσιν

2194 3267 2376 3329 αὐτοῖς
2406 3269 2436 3320 ὁ
2482 3269 2701 3339 σπόρος,
2734 3264 2810 3333 εἷς
2840 3270 2896 3322 δὲ
2927 3272 3021 3323 καὶ
3049 3274 3076 3324 ὁ
3098 3271 3256 3335 αὐτὸς
3283 3271 3538 3343 σπορεὺς,
3570 3273 3631 3325 οὐ
3668 3272 3771 3343 μὴν

2194 3358 2262 3409 τὰ
2290 3359 2347 3424 ἐξ
2374 3360 2689 3429 ἐπιμελείας
2721 3363 2821 3431 τῆς
2854 3362 3084 3416 ἑκάστου
3114 3363 3501 3435 προαιρέσεως,
3531 3363 3623 3416 ἴσα
3662 3365 3773 3426 τοῖς

2201 3448 2362 3500 πᾶσιν
2394 3449 2694 3520 ἐπορίζετο
2754 3451 2834 3504 διὸ
2875 3450 2995 3506 ούδέ
3044 3453 3072 3503 ό
3119 3452 3219 3521 τῆς
3254 3450 3524 3523 γεωργίας
3563 3450 3773 3518 καρπὸς

2195 3538 2381 3607 ὅμοιος
2416 3540 2565 3611 παρά
2594 3544 2704 3605 τοῖς
2732 3544 2895 3595 πᾶσιν
2910 3538 2998 3613 ἦν·
3024 3542 3201 3596 ἀλλὀἰ
3231 3541 3327 3611 μὲν
3356 3541 3776 3612 τριακοντάχουν

2200 3626 2628 3702 ὲκαρποφόρουν,
2664 3634 2711 3684 οἱ
2750 3633 2807 3686 δὲ
2840 3633 2991 3704 παρά
3021 3632 3243 3696 τούτους
3282 3629 3690 3695 ἐδιπλασίαζον,
3728 3634 3776 3683 oi

2200 3719 2257 3770 δὲ
2287 3721 2712 3791 ὑπερϐάλλοντες
2738 3727 2803 3795 τῇ
2826 3725 3107 3795 φιλοπονίᾳ
3132 3722 3521 3793 ἐκατοντάχουν
3541 3722 3631 3776 τὸν
3652 3739 3775 3794 καρ-

2204 3810 2303 3862 πὸν
2324 3811 2661 3867 ἀπεδίδοσαν.
2704 3816 2927 3869 Ἐκεῖνοι
2959 3817 3056 3887 μὲν
3082 3811 3175 3869 οὖν
3202 3816 3299 3869 οὑκ
3323 3814 3495 3877 ἄλλως
3514 3813 3614 3884 τῆς
3639 3815 3776 3866 κατᾶ

2202 3902 2332 3955 Θεὸν
2367 3905 2643 3976 στέρονται
2662 3909 3038 3980 καρποφορίας
3069 3908 3102 3977 ἢ
3132 3907 3251 3961 καθ’
3274 3909 3370 3960 ἕνα
3396 3906 3504 3959 τῶν
3523 3905 3775 3975 λελεγμέ-

2200 4009 2307 4047 νων
2334 3998 2569 4066 τρόπων·
2600 4000 2720 4052 οἱδὲ
2756 4001 3010 4064 ἐναντίως
3036 4001 3265 4063 ἐκείνοις
3288 3999 3641 4071 διακείμενοι,
3676 4017 3777 4053 κα-

535 4080 676 4149 θαρᾷ
710 4078 854 4149 ψυχῇ
877 4094 969 4130 και
1006 4075 1318 4147 προαιρέσει
1358 4075 1557 4148 γνησίᾳ
1592 4074 1683 4129 τὸν
1722 4078 1984 4147 σωτήριον
2036 4077 2419 4157 ὑποδεξάμενοι
2477 4091 2695 4163 σπόρον,
2741 4092 2901 4147 πάλιν
2978 4092 3117 4147 κατά
3189 4092 3415 4164 δύναμιν
3451 4093 3551 4164 τῆς
3601 4092 3778 4147 αὐτῶν

533 4174 709 4246 ψυχῆς
739 4170 1235 4236 πολυπλασιάζουσι
1258 4172 1384 4235 τοὺς
1409 4170 1616 4225 ἑαυτῶν
1635 4171 1897 4242 καρπούς.

606 4269 829 4325 Etiamsi
875 4268 1246 4334 srecularibus,
1285 4268 1489 4340 inquit,
1567 4268 1780 4323 nonnisi
1814 4284 1910 4338 per
1944 4284 2092 4339 para-

2275 4271 2385 4343 (15)
2412 4274 2475 4326 El
2500 4273 2592 4327 καὶ
2611 4274 2680 4326 τὰ
2699 4273 2951 4344 μάλιστα,
2984 4276 3136 4345 φησὶ,
3168 4277 3279 4339 τοῖς
3305 4274 3408 4339 ἔξω
3429 4275 3517 4328 διὰ
3536 4273 3778 4344 παραδο-

537 4359 712 4416 bolam
748 4358 887 4413 facta
915 4357 1075 4411 verba
1108 4365 1253 4421 sunt,
1286 4364 1344 4409 ut
1371 4356 1611 4410 videntes
1641 4371 1744 4410 non
1776 4357 2020 4421 videant,
2046 4367 2102 4413 et

538 4452 818 4507 audientes
848 4464 954 4506 non
986 4448 1286 4517 intelligant
1327 4456 1544 4517 pr0pter
1571 4463 1725 4503 suam
1756 4449 2099 4508 incredulita-

538 4555 643 4598 tem
666 4561 681 4610 ;
711 4542 1063 4597 nihilominus
1085 4543 1276 4610 cuique
1298 4541 1461 4610 digno
1489 4550 1629 4597 totus
1651 4558 1830 4598 sermo
1855 4544 1957 4599 erit
1979 4559 2099 4613 per-

540 4635 776 4704 spicuus.
807 4632 940 4687 Nam
972 4647 1069 4686 nec
1103 4632 1320 4687 lucerna
1367 4640 1428 4685 ut
1465 4646 1533 4686 ne
1562 4631 1737 4687 luceat
1772 4634 2097 4702 incenditur,

540 4742 711 4797 neque
769 4736 828 4780 ut
864 4725 966 4780 sub
1001 4724 1175 4778 modio
1205 4722 1288 4777 vel
1324 4723 1463 4778 lecto
1487 4725 1755 4779 condatur
1775 4726 1818 4756 ⁸³
1840 4744 1852 4778 :
1875 4727 1946 4779 ita
1968 4725 2101 4780 nihil

540 4813 674 4868 adeo
695 4813 799 4867 erit
830 4812 1221 4875 absconditum,
1251 4820 1308 4865 ut
1338 4811 1465 4865 nulli
1510 4813 1731 4867 omnino
1775 4812 2096 4869 innotescat.

540 4905 631 4959 Sic
655 4904 820 4960 etiam
853 4903 1110 4959 caelorum
1153 4905 1304 4972 regni
1352 4904 1606 4974 mysteria
1648 4920 1743 4974 per
1789 4906 2096 4975 parabolam

540 4997 701 5063 dicta,
757 4996 856 5051 etsi
910 4994 1032 5049 ﬁdei
1074 5004 1361 5050 extraneos
1428 4994 1614 5062 latent,
1653 5013 1880 5066 quorum
1936 4999 2100 5054 etiam

539 5103 699 5142 causa
759 5085 995 5142 involute
1054 5093 1179 5140 sunt
1211 5084 1438 5154 prolata,
1479 5101 1585 5141 non
1634 5097 1813 5144 tamen
1862 5091 2100 5156 impene-

543 5178 786 5231 trabilem
828 5176 1077 5230 omnibus
1114 5190 1332 5228 sensum
1366 5174 1657 5231 habebunt.
1706 5177 1780 5231 Ita
1821 5194 1949 5249 ergo
1981 5188 2106 5234 sunt

543 5265 702 5328 dicta,
734 5275 791 5319 ut
815 5282 843 5319 a
866 5266 1040 5336 dignis
1063 5265 1429 5320 tantummodo
1457 5277 1872 5335 cognoscantur.
1905 5269 2104 5336 Quam-

542 5356 724 5409 obrem
751 5370 864 5419 vos,
893 5356 1134 5426 discipuli
1173 5356 1297 5419 mei,
1325 5366 1379 5410 et
1408 5358 1629 5413 cernitis
1653 5368 1707 5413 et
1734 5359 1931 5414 auditis
1959 5376 2107 5414 men-

541 5442 612 5495 tis
636 5441 806 5495 oculis
832 5453 996 5512 atque
1026 5445 1246 5498 auribus
1278 5446 1575 5514 puriﬁcatis
1617 5462 1677 5499 ea
1711 5463 1831 5516 qua:
1863 5450 2108 5504 multitu-

2205 4362 2303 4432 λῆς
2338 4362 2550 4433 εἴρηται
2571 4364 2639 4416 τὰ
2673 4364 2960 4435 λεγόμενα,
2980 4368 3069 4420 ἵνα
3101 4366 3387 4435 βλέποντες
3415 4366 3488 4437 μὴ
3516 4366 3777 4435 βλέπωσι,

2208 4454 2303 4505 καὶ
2335 4452 2623 4516 ἀκούοντες
2659 4455 2733 4525 μὴ
2786 4455 3006 4507 συνιῶσι
3048 4454 3135 4508 διά
3159 4455 3257 4526 τὴν
3294 4456 3549 4510 ἀπιστίαν
3577 4457 3779 4521 αὐτῶν,

2205 4542 2339 4594 ἀλλὰ
2368 4546 2481 4606 τοῖς
2513 4560 2576 4611 γε
2604 4543 2773 4609 ἀξίοις
2805 4547 2979 4616 σαφὴς
3002 4546 3151 4599 ἔσται
3175 4549 3281 4610 πᾶς
3305 4546 3479 4616 λόγος.
3507 4547 3643 4601 Οὔτε
3674 4550 3779 4617 γὰρ

2204 4631 2392 4701 λύχνος
2430 4632 2521 4683 ἐπὶ
2551 4632 2630 4702 τῷ
2675 4636 2748 4705 μὴ
2790 4636 3000 4704 φαίνειν
3049 4636 3365 4701 ἐξάπτεται,
3412 4637 3517 4689 οὐδ’
3573 4638 3667 4690 ἐπὶ
3704 4638 3778 4708 τῷ

2207 4722 2572 4777 καλύπτεσθαι
2610 4725 2714 4778 ὑπὸ
2743 4727 2920 4797 μόδιον
2966 4727 2999 4798 ἢ
3057 4728 3263 4798 κλίνην·
3311 4728 3493 4781 οὐκέτι
3519 4729 3780 4807 κκρυπτὸν

2207 4814 2358 4870 ἔσται
2382 4816 2554 4887 πάντη
2572 4816 2855 4882 λανθάνον,
2889 4819 2964 4882 ὡς
2998 4820 3070 4890 μή
3105 4836 3215 4872 τισι
3248 4819 3379 4888 γοῦν
3398 4820 3781 4890 γνωρίζεσθαι*

2203 4904 2373 4969 οὕτως
2424 4907 2516 4959 καὶ¹
2565 4907 2635 4960 τά
2667 4908 2764 4978 τῆς
2796 4909 3071 4979 βασιλείας
3099 4910 3207 4964 τῶν
3239 4911 3479 4982 οὐρανῶν
3507 4913 3782 4982 μυστήρια

2205 4999 2292 5053 διὰ
2318 4996 2630 5071 παραϐολῆς
2653 5000 2937 5071 λεγόμενα,
2967 5003 3014 5055 εί
3044 5004 3138 5056 καὶ
3161 5004 3286 5066 τοὺς
3302 5003 3405 5070 ἔξω
3419 5004 3517 5074 τῆς
3545 5002 3783 5068 πίστεως

2206 5089 2482 5157 λανθάνει,
2507 5092 2571 5145 δι’
2605 5092 2699 5154 οὒς
2723 5095 2816 5147 καὶ
2840 5094 3363 5165 ἐπικεκαλυμμένως
3396 5094 3634 5165 εἴρηται,
3670 5096 3783 5151 ἀλλ’

2199 5183 2261 5235 ού
2298 5185 2408 5245 τοῖς
2442 5185 2605 5237 πᾶσιν
2631 5184 2942 5255 ἀπόρρητον
2968 5186 3204 5257 περιέξει
3234 5186 3324 5239 τὸν
3362 5183 3504 5239 νοῦν’
3535 5186 3779 5240 λέλεκται

2200 5274 2331 5340 γοῦν
2360 5274 2434 5338 ὡς
2483 5275 2549 5329 ἂν
2598 5277 2779 5346 μόνοις
2832 5280 2944 5341 τοῖς
2986 5278 3159 5345 ἀξίοις
3203 5277 3540 5351 γνωρίζοιτο.
3584 5280 3779 5349 Διόπερ

2203 5366 2384 5434 ὑμεῖς,
2406 5370 2454 5421 οἱ
2475 5369 2598 5439 ἐμοὶ
2620 5369 2878 5440 μαθηταὶ,
2910 5373 3001 5425 καὶ
3025 5371 3248 5441 βλέπετε
3274 5376 3368 5427 καὶ
3405 5374 3627 5428 ἀκούετε
3664 5372 3780 5425 δια-

2202 5456 2347 5520 νοίας
2376 5458 2671 5531 ὀφθαλμοῖς
2706 5463 2800 5515 καὶ
2842 5464 2944 5516 ὠσὶ
2977 5464 3410 5536 κεκαθαρμένοις
3443 5468 3511 5522 τὰ
3543 5466 3619 5537 μὴ
3661 5468 3779 5529 τοῖς

604 5535 805 5593 “Luc.
833 5554 948 5605 vni,
974 5540 1060 5594 ll.
1135 5541 1177 5571 "
1218 5542 1408 5595 Matth.
1441 5543 1667 5605 σημεῖ).
1745 5544 1789 5576 ⁸⁸
1829 5541 2200 5615 Luc.vm,16.

611 5629 885 5700 (12)(Σοι1.
921 5635 985 5689 Α.
1021 5633 1058 5688 ι.
1091 5633 1211 5690 124.
1240 5634 1372 5693 Cod.
1405 5637 1466 5692 L.
1507 5639 1542 5692 r.
1578 5639 1663 5693 ιιι.
1705 5640 1760 5695 6.

2184 5642 2613 5715 (15)Cod.A.f.
2652 5645 2856 5716 124,1».
2889 5646 3018 5705 Cod.
3058 5647 3121 5705 L.
3154 5648 3191 5704 ι.
3224 5649 3309 5705 l8.
