4098 6200
404 242 501 297 631

1774 259 1859 315 DE
1896 260 2361 322 THEOPHANIA.

3536 287 3642 341 682

401 360 535 414 πᾶσι
569 362 911 433 καταληπτά·
949 365 1076 437 ὑμῖν
1115 367 1221 440 γὰρ
1246 373 1357 435 τοῖς
1401 371 1579 445 ἔχουσι
1611 378 1708 452 τήν
1768 384 1844 446 εἰς
1875 385 1955 455 ὲμὲ

2076 386 2188 441 dini
2239 387 2589 460 intelligibilia
2626 406 2729 446 non
2756 402 2898 449 sunt.
2935 392 3100 452 Vobis
3144 396 3311 465 enim,
3348 402 3439 471 qui
3468 403 3521 459 in
3558 424 3643 464 me

402 452 585 507 πίστιν
622 455 716 508 καὶ
743 456 777 526 ή
799 456 906 510 τῶν
924 457 1248 532 ἀπορρήτων
1286 465 1716 537 προστεθήσεται
1747 452 1965 539 γνῶσις·

400 546 514 606 τοῖς
539 544 597 598 δὲ
635 546 708 617 μὴ
732 546 907 601 πίστιν
926 548 1135 618 ἔχουσιν
1166 552 1450 625 εἰλικρινῆ,
1486 563 1973 634 προσποιουμένοις

402 635 459 689 δὲ
486 636 649 706 ἔχειν,
707 639 841 711 πρὸς
868 639 928 692 τὸ
961 642 1125 713 μηδὲν
1182 645 1343 698 πλέον
1390 649 1453 701 ὲκ
1493 651 1599 703 τῶν
1648 656 1971 726 παραϐολῶν

408 725 776 795 γινώσκεσθαι,
800 730 889 783 καὶ
918 732 1173 806 στέρησις
1190 735 1342 792 ἔσται
1357 740 1450 793 τοῦ
1483 725 1766 809 δοκοῦντος
1788 749 1971 814 αὐτοῖς

404 817 680 890 ὑπάρχειν,
720 820 1070 895 ἐλεγχθείσης
1102 827 1283 883 αὐτῶν
1330 832 1390 886 ὲν
1429 834 1605 906 καιρῷ
1656 837 1756 909 τῆς
1805 858 1971 911 προσ-

404 909 622 979 ποιήτου
655 910 909 975 πίστεως.

490 998 548 1051 ’0
579 998 683 1071 γὰρ
740 1002 935 1071 χρόνος
989 1005 1206 1060 πάντων
1258 1009 1494 1081 ἔλεγχος·
1551 1016 1655 1071 κᾶν
1708 1016 1801 1073 οὖν
1834 1023 1970 1094 πρὸς

397 1089 630 1162 ὀλίγονή
660 1094 783 1145 καθ’
823 1095 976 1167 ὑμῶν
1012 1100 1201 1173 ἰσχύσῃ
1239 1102 1458 1179 διαϐολὴ
1497 1109 1589 1161 καὶ
1615 1089 1967 1182 συκοφαντία,

394 1182 509 1236 ἀλλ’
562 1183 732 1239 ἐπιὼν
779 1189 808 1240 6
849 1190 1056 1260 μακρὸς
1090 1196 1300 1265 χρόνος,
1337 1200 1431 1252 καὶ
1475 1200 1851 1275 διαλάμπουσα
1900 1208 1968 1261 δι’

394 1274 546 1345 ὑμῶν
563 1278 727 1332 πᾶσιν
745 1279 1050 1351 ἀνθρώποις
1066 1286 1503 1363 καταϐαλλομένη
1514 1294 1878 1369 διδασκαλία(1
1894 1299 1965 1370 ’t),

392 1367 459 1419 τά
514 1368 610 1423 νῦν
671 1371 810 1436 τέως
858 1373 1187 1432 λανθάνοντα
1220 1382 1346 1446 τοὺς
1410 1385 1637 1448 πολλοὺς
1690 1367 1966 1461 ἐκλάμψαι

391 1460 625 1532 ποιήσει,
659 1464 907 1525 καὶτοὺς
964 1470 1306 1539 συκοφάντας
1337 1474 1563 1545 ἐλέγξει.
1612 1480 1844 1535 Βλέπετε
1874 1478 1967 1536 οὖν

389 1551 510 1616 πῶς
543 1553 789 1608 ἀκούετε·
821 1559 848 1611 6
870 1557 1008 1629 ἔχων
1050 1563 1159 1634 γὰρ
1185 1566 1481 1623 σπουδαίαν
1514 1572 1832 1645 προαίρεσιν
1871 1574 1967 1648 λή-

2072 478 2316 542 creditis,
2369 493 2687 536 arcanorum
2751 501 2963 557 quinque
3017 489 3303 559 adjiciatur
3345 494 3556 552 natitia.
3606 499 3643 555 Ii

2073 576 2249 620 autem
2305 569 2395 636 qui
2446 584 2633 639 puram
2690 573 2849 631 iidem
2904 594 3008 634 non
3058 580 3282 648 habent,
3326 585 3423 639 sed
3477 587 3644 642 simu-

2072 655 2204 723 lant,
2226 668 2581 731 praeterquam
2607 668 2748 736 quod
2776 670 2907 725 nihil
2940 672 3004 725 de
3023 674 3297 741 parabolis
3324 677 3644 751 intelligent,

2070 763 2135 804 eo
2163 751 2323 806 etiam
2360 754 2734 823 spoliabuntur
2779 765 2920 831 quod
2958 763 3208 821 videntur
3253 767 3476 838 habere,
3520 787 3643 828 cum

2070 843 2283 899 illorum
2315 845 2438 902 [icta
2467 848 2600 906 ﬁdes
2637 851 2833 910 idoneo
2863 864 3103 927 tempore
3133 874 3475 931 coarguetur.

2140 1031 2184 1063 ⁸¹
2218 1029 2349 1086 Nam
2398 1041 2607 1106 tempus
2636 1050 2828 1094 cuncta
2886 1045 3156 1114 coarguit.
3206 1045 3428 1104 Etiamsi
3474 1050 3640 1129 igitur

2071 1123 2333 1187 tantisper
2363 1126 2670 1183 criminatio
2689 1130 2771 1184 vel
2799 1132 3069 1188 calumnia
3098 1138 3358 1194 adversus
3380 1156 3476 1197 vos
3500 1143 3640 1201 forte

2069 1216 2417 1283 praevaleat;
2478 1227 2535 1273 at
2592 1221 2930 1292 subsequens
2998 1228 3263 1297 prolixum
3326 1243 3534 1303 tempus
3585 1246 3638 1292 et

2068 1307 2342 1376 splendida
2374 1326 2470 1382 per
2503 1328 2597 1369 vos
2625 1318 2836 1373 cunctis
2886 1318 3193 1377 hominibus
3236 1323 3507 1396 impertita
3542 1330 3638 1385 do-o

2069 1399 2267 1466 ctrina,
2297 1416 2359 1456 ea
2388 1418 2507 1473 quae
2558 1422 2702 1463 nunc
2730 1409 2927 1466 multos
2976 1412 3165 1480 latent,
3227 1416 3537 1477 illucescere
3563 1422 3639 1477 l‘a-

2068 1490 2193 1556 ciet,
2252 1501 2308 1548 et
2366 1495 2787 1555 calumniatores
2849 1503 3156 1575 redarguct.
3215 1509 3639 1572 Animadvertito

2069 1583 2234 1653 igitur
2272 1588 2545 1655 quomodo
2603 1593 2855 1650 audiatis.
2922 1594 3055 1649 Nam
3104 1600 3193 1667 qui
3242 1601 3405 1658 habet
3438 1604 3637 1662 bonum

390 1643 548 1714 ψεται
580 1646 894 1719 Πνεύματος
924 1652 1083 1725 χάριν
1114 1655 1208 1708 καὶ
1236 1658 1426 1727 σοφίας
1458 1663 1550 1714 καὶ
1570 1663 1843 1732 γνώσεως,
1873 1669 1955 1721 ml

390 1735 547 1765 λετ-..
572 1739 679 1765 -.’...
709 1741 885 1765 _1-.-_-.
920 1745 978 1765 ,Δ-
1008 1764 1012 1765 ,
1058 1746 1079 1765 3,
1184 1748 1240 1765 ρο
1399 1752 1410 1765 ι
1456 1752 1476 1765 η
1540 1757 1561 1765 -
1668 1756 1678 1765 .
1727 1758 1749 1765 ..
1948 1764 1953 1765 ,

2088 1643 2117 1653 ν
2290 1643 2305 1655 _
2646 1643 2855 1650 eam.--
3106 1643 3192 1667 ν.
3242 1643 3405 1658 ...ω-ι.
3440 1643 3632 1662 wn..."

2070 1677 2424 1745 propositum,
2468 1680 2695 1749 accipiet
2739 1682 2971 1753 Spiritus
3000 1689 3228 1757 gratiam
3263 1700 3318 1745 et
3352 1695 3632 1765 sapientiae

390 1735 547 1801 ἀξίαν
572 1739 679 1792 τῶν
708 1741 886 1796 πόνων
917 1745 1015 1817 τὴν
1048 1746 1302 1820 ἀμοιϐήν·
1326 1752 1421 1805 καὶ
1453 1752 1511 1817 ὃς
1536 1757 1601 1809 ἂν
1620 1756 1695 1828 μὴ
1724 1758 1842 1830 ἔχῃ,
1873 1764 1967 1816 καὶ
2000 1737 2041 1795 Β

388 1826 417 1880 6
445 1827 593 1882 δοκεί
611 1829 775 1902 ἔχειν,
798 1834 1093 1908 ἀρθήσεται
1117 1842 1210 1894 ἀπ’
1228 1843 1413 1898 αὐτοῦ·
1435 1846 1503 1900 τὰ
1530 1850 1635 1922 γὰρ
1659 1826 1722 1905 ὲκ
1753 1826 1966 1921 φύσεως

388 1917 520 1988 ἡμῖν
551 1920 757 1985 ἐνόντα,
784 1924 816 1994 ἢ
851 1924 936 1980 διά
964 1927 1184 1999 χάριτος
1210 1932 1449 2001 δοθέντα,
1483 1938 1577 1992 ἐὰν
1606 1917 1688 2012 ⁷μὴ
1719 1917 1805 1997 διά
1836 1917 1964 2000 συνί-

388 2011 546 2080 εχοῦς
577 2017 847 2088 προσοχῆς
876 2020 970 2072 καὶ
1017 2023 1254 2095 σπουδῆς
1295 2028 1581 2094 φιλοπόνου
1620 2035 1962 2109 φυλάξωμεν,

388 2103 562 2158 ταῦτα
603 2107 1086 2183 ζημιωθησόμεθα,
1118 2117 1177 2169 οὐ
1211 2118 1369 2188 μόνον
1407 2124 1572 2195 μηδὲν
1609 2103 1963 2201 προσλαμϐά-

386 2215 585 2264 νοντες,
630 2200 763 2255 ἀλλά
806 2208 1282 2276 προσαπολλύντες
1314 2217 1407 2270 καὶ
1447 2217 1482 2271 ἀ
1511 2218 1652 2290 ἔχειν
1680 2200 1958 2295 ἐδόξαμεν

386 2290 478 2343 καὶ
504 2288 569 2344 αὖ
597 2292 657 2357 ὃς
672 2293 860 2364 ἑχειτὸ
884 2297 1039 2365 φύσει
1069 2302 1295 2373 εύήκοον
1325 2308 1461 2379 πρὸς
1482 2288 1571 2364 τὸν
1596 2288 1962 2388 λόγον,τούτῳ

386 2384 478 2435 καὶ
503 2386 531 2437 ὀ
549 2384 705 2454 λόγος
730 2387 997 2458 ἀληθινῶς
1015 2391 1236 2458 δίδοται,
1272 2400 1364 2451 καὶ
1393 2404 1744 2472 προσγίνεται
1775 2411 1842 2478 τῇ
1870 2384 1963 2476 φυ-

386 2477 508 2546 σικῇ
546 2478 753 2533 συνέσει
792 2480 853 2533 τὸ
898 2482 961 2535 ἐκ
995 2481 1141 2548 θείας
1169 2487 1483 2560 ἀκροάσεως
1535 2495 1713 2564 σοφόν.
1764 2500 1859 2562 Ὃς
1901 2498 1958 2551 δὲ

383 2567 481 2619 οὐκ
507 2567 619 2639 ἔχει
642 2571 703 2624 τὸ
746 2572 836 2626 διὰ
874 2574 973 2645 τῆς
1029 2577 1086 2643 ἐξ
1113 2579 1288 2650 ἀρχῆς
1314 2583 1672 2657 δημιουργίας
1719 2591 1958 2663 ὑπάρχον

2070 1780 2135 1821 ac
2184 1769 2448 1835 scientiae,
2502 1774 2831 1845 dignamque
2891 1778 3136 1835 laborum
3194 1788 3541 1845 mercedem:
3585 1792 3638 1848 ei

2066 1871 2196 1913 vero
2221 1861 2312 1930 qui
2346 1877 2450 1915 non
2480 1864 2665 1932 habet,
2696 1867 2857 1923 etiam
2890 1873 2941 1925 id
2970 1874 3111 1941 quod
3165 1877 3376 1933 videtur
3409 1881 3633 1948 habere,

2066 1950 2363 2008 auferetur.
2397 1956 2611 2013 Etenim
2637 1976 2756 2029 quae
2789 1967 3107 2023 naturaliter
3135 1972 3291 2027 nobis
3319 1973 3525 2042 insunt,
3552 1979 3636 2034 vel

2066 2042 2235 2112 gratis
2270 2047 2392 2101 data
2417 2057 2566 2115 sunt,
2603 2053 2703 2107 nisi
2742 2056 3037 2114 continenti
3068 2065 3390 2135 attentione,
3422 2070 3633 2126 studio-

2063 2148 2168 2203 que
2197 2136 2464 2195 industrio
2512 2145 3260 2223 custodiamus,amittemus,
3321 2173 3425 2214 non
3473 2168 3632 2219 modo

2067 2226 2200 2279 nihil
2232 2226 2456 2300 insuper
2483 2232 2831 2304 accipientes,
2880 2253 3067 2296 verum
3098 2244 3261 2300 etiam
3296 2263 3484 2305 eorum
3512 2268 3634 2323 qua:

2067 2312 2270 2370 habere
2332 2321 2677 2391 putabamus,
2731 2327 3113 2387 detrimentum
3157 2337 3443 2404 patientes.
3490 2312 3634 2399 Sane

2062 2404 2151 2471 qui
2187 2406 2254 2459 ad
2290 2407 2598 2490 doctrinam
2634 2416 2959 2474 audiendam
3001 2424 3182 2480 alacer
3213 2439 3319 2494 est,
3375 2432 3500 2488 huic
3545 2449 3631 2491 re-

2060 2507 2190 2563 apse
2219 2496 2464 2553 doctrina
2495 2504 2743 2570 traditur,
2774 2519 2829 2563 et
2871 2510 3014 2566 illius
3046 2518 3281 2572 naturali
3318 2520 3629 2593 intelligcn‘

2061 2586 2149 2640 tice
2192 2590 2403 2644 accedit
2434 2592 2629 2649 divina:
2667 2596 2917 2655 lectionis
2959 2606 3248 2673 sapientia.
3296 2612 3397 2677 Qui
3446 2627 3627 2672 autem

382 2660 529 2731 αύτῴ
563 2661 699 2715 σῶον
740 2663 1158 2737 φυλαττόμενον,
1195 2669 1323 2735 ἴσως
1369 2674 1429 2726 τὸ
1460 2676 1592 2746 μηδὲ
1625 2679 1748 2733 νοῦν
1784 2682 1955 2753 ἔχοντι

2056 2675 2167 2745 jam
2201 2678 2325 2735 inde
2364 2697 2393 2737 a
2438 2684 2692 2752 primazva
2728 2692 3004 2749 creatione
3029 2696 3209 2752 datam
3257 2702 3489 2760 indolem
3522 2724 3628 2765 non

382 2751 721 2819 καθίσταται,
746 2758 1116 2830 φρενοϐλαϐὴς
1141 2763 1245 2815 ὑπὸ
1271 2765 1365 2816 τοῦ
1391 2770 1629 2840 πονηροῦ
1647 2751 1954 2845 γενόμενος·

382 2842 631 2914 καθάπερ
666 2848 758 2899 καὶ
785 2849 814 2899 6
855 2850 981 2914 τοὺς
1009 2851 1317 2926 ὀφθαλμοὺς
1347 2857 1501 2928 ἔχων,
1544 2864 1591 2914 εί
1637 2863 1711 2936 μή
1746 2842 1953 2935 βλέποι,

385 2929 499 2996 ἶσος
548 2934 627 3004 τῷ
674 2938 855 3011 τυφλῷ
886 2943 1196 3015 γεγένηται·
1241 2950 1333 3002 καὶ
1389 2953 1522 3021 φαίη
1575 2929 1657 3019 τις
1796 2929 1955 3017 αὑτὸν

2059 2767 2223 2823 habet
2270 2771 2617 2845 incolumem,
2674 2778 2761 2834 hic
2808 2796 2906 2851 par
2962 2798 3144 2844 mente
3206 2796 3411 2849 carenti
3446 2808 3550 2864 est,
3594 2818 3624 2855 a

2058 2860 2197 2915 malo
2256 2864 2501 2923 daemone
2558 2884 2747 2927 vecors
2784 2874 3058 2935 ‘ell‘ectus.
3119 2881 3271 2939 Sicut
3306 2898 3362 2942 et
3411 2889 3499 2946 ille
3534 2895 3625 2961 qui

2059 2954 2244 3009 oculos
2278 2957 2484 3015 habens
2505 2963 2637 3018 nihil
2674 2976 2853 3023 tamen
2892 2971 3060 3041 videt,
3091 2991 3189 3045 par
3210 2993 3355 3035 caeco
3383 2993 3490 3051 est,
3521 3002 3628 3042 me-

382 3027 695 3101 ἀφῃρῆσθαι
729 3031 832 3085 τῶν
861 3035 1171 3109 ὀφθαλμῶν·
1228 3042 1400 3110 οὕτως
1430 3049 1479 3100 οἱ
1512 3049 1693 3105 πολλοὶ
1722 3054 1787 3107 δι’
1830 3058 1955 3109 ἑαυ-

3046 3027 3060 3041 ,
3091 3027 3176 3045 τη-
3215 3027 3351 3035 -..η
3385 3027 3490 3051 νυ,
3521 3027 3626 3042 ...ι-

2060 3045 2271 3113 ritoque
2302 3050 2511 3108 dicetur
2559 3057 2729 3112 oculis
2782 3062 3028 3121 orbatus.
3069 3067 3160 3123 Sic
3186 3070 3441 3130 nimirum
3473 3081 3626 3136 multi

380 3121 505 3183 τοὺς
523 3122 656 3192 πρὸς
684 3123 772 3177 τὸν
786 3125 939 3195 λόγον
961 3130 1230 3187 ἀσύνετοι·
1250 3137 1328 3190 ὅτι
1348 3140 1466 3194 οὐδὲ
1488 3144 1586 3216 τὴν
1607 3147 1777 3219 ἀρχὴν
1795 3168 1953 3222 προσ-

377 3211 594 3284 έχοντες
652 3217 977 3287 ἀκούουσιν,
1029 3223 1144 3279 ἀλλ’
1211 3211 1809 3313 ἀπέρριψαν-κάμελείᾳ
1839 3211 1957 3300 ’τὸν

383 3302 559 3373 λόγον.

1050 3431 1114 3484 K'
1147 3434 1279 3505 (ιδ).

455 3530 794 3606 ’Υπογράφει
822 3556 888 3606 γε
918 3540 1022 3613 μὴν
1051 3544 1286 3600 ἐνταῦθα
1320 3550 1526 3622 σπορέα
1558 3554 1751 3609 ἑαυτὸν
1780 3558 1809 3610 6
1839 3558 1952 3612 Κύ-

373 3643 507 3697 ριος,
535 3629 709 3699 κῆπον
735 3632 791 3685 δὲ
812 3633 1064 3705 ὀνομάζει
1095 3639 1185 3693 τὸν
1203 3642 1404 3713 κόσμον
1428 3644 1555 3717 (16).
1574 3649 1950 3721 Λίνιττόμενος

371 3715 427 3769 δὲ
470 3720 569 3789 τὴν
601 3723 657 3774 ὲν
702 3722 780 3794 τῷ
814 3726 1001 3798 σπόρῳ
1045 3729 1273 3802 δύναμιν
1307 3737 1466 3790 ὀποία
1509 3715 1593 3804 τις
1623 3742 1729 3814 εἴη,
1764 3715 1949 3817 κόκκῳ

370 3811 643 3877 σινάπεως
687 3815 847 3870 αύτὺν
884 3821 1240 3891 παραϐάλλει,
1271 3827 1329 3892 ὃς
1357 3828 1466 3883 τῶν
1495 3834 1623 3904 παρ’
1641 3811 1947 3907 ἀνθρώποις

370 3902 562 3971 λόγων,
593 3906 916 3978 Ἑλληνικῶν
936 3931 995 3966 τε
1028 3917 1119 3969 καὶ
1150 3917 1515 3993 βαρϐαρικῶν,
1545 3902 1651 3980 τῶν
1674 3902 1947 4000 δὴῢσοφίαν

370 3994 489 4049 τινὰ
515 3998 610 4051 τοῦ
664 4002 856 4067 αἰῶνος
881 4006 1068 4061 τούτου
1104 4016 1531 4084 προϊσχομένων,
1587 4023 1948 4092 σμικρότατος

370 4084 506 4142 εἶναι
544 4090 692 4146 δοκεῖ
719 4096 812 4147 καὶ
844 4098 1246 4167 εὐτελέστατος,
1275 4104 1501 4176 δύναμίν
1527 4126 1589 4177 γε
1623 4084 1815 4183 μὴν-ού

369 4181 633 4250 τυχοῦσαν
666 4186 723 4239 ὲν
772 4189 947 4261 ἐαυτῷ
980 4192 1152 4265 φέρει.
1185 4196 1294 4249 Καὶ
1334 4197 1483 4253 ἔστιν
1521 4204 1549 4254 6
1588 4181 1749 4268 αύτός

371 4273 489 4341 μὲν,
536 4276 657 4329 καθ’
688 4277 716 4330 ὃ
761 4279 948 4353 ψυχῶν
985 4287 1247 4358 τρόφιμός
1278 4291 1415 4355 ἐστι,
1450 4294 1541 4348 καὶ
1574 4296 1778 4367 τροφῆς
1843 4300 1944 4372 τῆς

368 4367 517 4437 παρὰ
573 4368 651 4441 τῷ
707 4374 825 4446 Θεῷ
879 4381 1225 4447 παρεκτικός·
1284 4384 1479 4449 κόκκος
1534 4386 1590 4440 δὲ
1647 4391 1886 4445 σινάπεω

366 4457 488 4510 καθ’
527 4460 556 4512 ὃ
585 4460 915 4534 βραχύτατος
978 4466 1075 4538 μὲν
1128 4470 1379 4526 ἁπάντων
1434 4473 1542 4527 τῶν
1585 4457 1932 4549 σπερμάτων·

364 4553 483 4607 οὐδὲ
540 4557 649 4628 γάρ
707 4559 852 4613 ἐστιν
905 4561 1031 4615 ἄλλο
1075 4564 1184 4617 τῶν
1236 4563 1328 4618 ἐπὶ
1385 4568 1489 4639 γῆς
1530 4570 1934 4643 καταϐαλλομέ-

364 4662 470 4699 νων
506 4651 835 4721 σπερμάτων
872 4655 1058 4709 τούτου
1088 4658 1152 4728 τῇ
1192 4660 1512 4733 σμικρότητι
1555 4664 1936 4737 συγκρίνεσθαι

362 4734 675 4808 δυνάμενον,
708 4741 793 4795 διὰ
821 4744 882 4797 τὸ
915 4745 1119 4819 κέντρῳ
1145 4749 1395 4814 ἐοικέναι,
1421 4753 1513 4806 καὶ
1540 4734 1720 4825 σχεδὸν
1749 4757 1935 4829 ἀτόμῳ

361 4828 455 4881 καὶ
481 4831 680 4903 ἀμερεῖ
724 4833 956 4906 σώματι·
1002 4840 1150 4910 ὅμως
1197 4841 1253 4895 δὲ
1287 4845 1366 4908 είς
1414 4848 1665 4901 τοσοῦτον
1709 4828 1935 4922 μέγεθος

360 4922 684 4992 ἐπιδίδωσιν,
717 4928 793 4992 ῶς
845 4932 952 4982 πᾶν
991 4932 1052 4985 τὸ
1081 4932 1188 4987 τῶν
1215 4935 1458 5007 λαχάνων
1489 4940 1722 5012 καλύψαι
1753 4945 1927 5011 γένος.

364 5012 430 5065 Ὃ
448 5012 512 5085 δὴ
542 5018 631 5070 καὶ
660 5020 791 5073 αὐτὸ
813 5020 1037 5076 ἔκϐασιν
1062 5024 1241 5095 ἔργοις
1256 5031 1438 5094 αὐτοῖς
1459 5033 1744 5105 σύμφωνον
1761 5037 1929 5105 ἔδειξε

363 5109 477 5169 ταῖς
526 5114 907 5185 προρρήσεσιν·
959 5118 1152 5171 αὐτίκα
1182 5121 1311 5188 γοῦν
1343 5123 1641 5197 ὀφθαλμοῖς
1696 5130 1928 5202 πάρεστι
2037 5142 2140 5197 dit.

358 5201 824 5274 παραλαμϐάνειν,
853 5209 929 5273 ὡς
961 5212 989 5263 6
1022 5212 1218 5277 σπόρος
1245 5217 1272 5266 6
1299 5216 1669 5288 εὑαγγελικὸς,
1714 5225 1930 5297 σπειρό-

376 5338 509 5374 ιιοσι
543 5340 735 5398 Matth.
768 5358 891 5408 xm,
920 5343 983 5399 5t
1012 5342 1184 5410 ;Luc.
1217 5361 1334 5414 xui.
1365 5349 1450 5406 l9.

562 5472 892 5573 lacn-gruum
927 5478 1041 5537 litec
1094 5480 1237 5540 belle
1278 5501 1400 5543 cum
1440 5488 1780 5565 Tneopltania
1817 5501 1921 5573 Sy-

361 5537 527 5600 riaca,
562 5541 653 5598 lib.
686 5537 757 5607 t'v,
795 5548 884 5601 51.

428 5609 547 5704 μδ)
581 5613 799 5704 Grande
846 5622 948 5704 hoc
1000 5620 1386 5704 fragmentum,
1438 5648 1610 5704 usque
1656 5638 1722 5692 ad
1750 5640 1912 5698 verba

360 5676 767 5753 ὑποδεξαμένων
818 5688 999 5754 αὐτόν,

676 5778 947 5846 Parnm.
989 5785 1106 5852 Gtt.
1151 5791 1386 5858 XXIV.

2057 3139 2272 3204 propria
2307 3140 2460 3210 culpa
2497 3143 2720 3203 hebetes
2748 3152 2814 3205 ad
2845 3153 3149 3214 doctrinam
3178 3174 3326 3229 sunt,
3350 3169 3476 3236 quia
3512 3169 3624 3238 jam

2054 3225 2177 3282 inde
2199 3231 2266 3284 ab
2298 3232 2451 3290 initio
2476 3238 2663 3295 audire
2708 3241 2854 3299 illam
2886 3262 3202 3322 renuerunt,
3234 3258 3329 3313 sed
3357 3263 3628 3320 socordia

2053 3332 2147 3373 sua
2172 3322 2504 3391 abjecerunt.

2783 3470 2903 3531 XX.

2130 3571 2268 3631 Dicit
2317 3592 2376 3634 se
2422 3579 2527 3638 hoc
2551 3582 3077 3648 loco“.“Dominus
3123 3606 3380 3667 satorem,
3431 3617 3620 3673 agrum
3710 3638 3714 3645 ο

2056 3675 2235 3720 autem
2274 3677 2538 3728 terrarum
2573 3676 2781 3733 orbem.
2837 3678 2909 3735 Ut
2954 3692 3135 3740 autem
3179 3688 3382 3757 quanta
3429 3695 3621 3748 semini

2052 3757 2134 3811 vis
2165 3759 2234 3813 sit
2264 3760 2424 3817 insita
2455 3764 2666 3833 innuat,
2700 3784 2867 3838 grano
2904 3773 3106 3846 sinapis
3143 3778 3273 3833 illud
3304 3792 3620 3851 comparat:

2050 3853 2193 3920 quod
2216 3855 2450 3925 quidem,
2475 3862 2618 3915 inter
2637 3860 2912 3919 hominum
2941 3867 3239 3936 doctrinas,
3267 3873 3379 3930 sive
3402 3873 3620 3933 Graecas

2050 3945 2163 3999 sive
2198 3948 2538 4016 barbaricas,
2564 3965 2829 4025 quotquot
2860 3959 3180 4029 sapientiam
3201 3965 3437 4037 aliquam
3460 3968 3620 4038 hujus

2050 4038 2231 4093 saeculi
2266 4056 2377 4108 pra:
2415 4059 2475 4099 se
2505 4043 2707 4113 ferunt,
2745 4049 3031 4106 minimum
3068 4069 3190 4110 esse
3219 4059 3433 4115 videtur
3458 4071 3619 4134 atque

2052 4130 2398 4199 vilissimum,
2430 4152 2604 4207 neque
2630 4150 2807 4197 tamen
2847 4144 3126 4215 vulgarem
3162 4151 3419 4207 virtutem
3446 4158 3617 4211 conti-

1918 4226 1947 4272 ς
2048 4229 2161 4274 net.
2211 4220 2305 4293 Est
2351 4235 2531 4282 autem
2576 4229 2665 4285 illa
2704 4232 2973 4303 doctrina,
3012 4236 3341 4296 irinnentum
3398 4245 3615 4313 quidem

2048 4322 2315 4381 quatenus
2343 4318 2647 4377 animarum
2682 4326 2862 4381 nutrix
2892 4336 2994 4391 est,
3043 4340 3097 4386 et
3133 4332 3407 4389 alimonia:
3439 4351 3470 4390 a
3508 4336 3617 4393 Deo

1890 4409 1937 4460 ς,
1972 4432 2017 4488 D
2048 4405 2189 4459 data:
2220 4407 2504 4475 ministra;
2531 4428 2758 4482 granum
2793 4434 2923 4475 vero
2965 4422 3189 4495 sinapis,
3223 4437 3492 4495 quatenus
3523 4445 3613 4486 se-

2050 4496 2254 4551 minum
2285 4502 2526 4557 omnium
2557 4516 2643 4561 est
2679 4512 3075 4569 tenuissimum.
3134 4516 3319 4587 Neque
3346 4521 3493 4577 enim
3532 4533 3616 4579 est

2045 4589 2191 4646 aliud
2223 4595 2403 4652 exhis
2429 4612 2552 4668 quae
2598 4603 2650 4656 in
2716 4612 2919 4662 terram
2976 4612 3336 4681 proﬁciuntur
3386 4620 3612 4674 semini-

2046 4684 2168 4751 bus,
2211 4685 2372 4758 hujus
2412 4693 2663 4761 parvitati
2715 4704 3162 4772 comparandum,
3214 4707 3286 4763 ita
3312 4721 3368 4764 ut
3409 4723 3611 4783 puncto

2044 4777 2223 4834 simile
2252 4781 2343 4849 sit,
2374 4793 2429 4839 et
2462 4786 2602 4841 velut
2635 4801 2817 4847 atomo
2848 4804 2903 4849 et
2930 4796 3049 4851 sine
3081 4801 3326 4868 partibus
3354 4777 3610 4875 corpori;

2043 4877 2098 4923 et
2154 4879 2330 4928 tamen
2388 4875 2440 4929 in
2490 4887 2692 4935 tantam
2730 4888 3004 4942 excrescit
3049 4891 3500 4963 magnitudinem,
3554 4910 3611 4953 ut

2036 4974 2200 5015 omne
2238 4964 2444 5021 olerum
2470 4984 2640 5040 genus
2672 4986 2912 5045 superet.
2945 4976 3097 5045 Quod
3132 4981 3375 5051 profecto
3406 4988 3611 5044 habere

2042 5052 2250 5108 exitum
2328 5072 2521 5116 revera
2584 5079 2881 5122 consonum
2938 5072 3392 5138 praedictionibus
3437 5090 3592 5137 osten
3655 5083 3660 5093 '

2204 5146 2348 5205 Ecce
2406 5155 2552 5209 enim
2601 5158 2770 5213 oculis
2834 5173 3081 5229 spectare
3140 5164 3287 5235 licet,
3341 5175 3611 5241 quomodo

2036 5240 2407 5311 evangelicum
2461 5262 2667 5317 semen,
2716 5252 2817 5306 sub
2850 5253 2981 5324 ipsis
3033 5259 3262 5315 sationis
3301 5240 3609 5331 primordiis

2027 5513 2555 5608 codice.A,-l‘.1645
2608 5519 2797 5607 βιϐλίῳ
2817 5527 3062 5608 τετάρτῳ
3096 5496 3448 5608 ρεοφανείας,
3474 5551 3598 5595 cum

2027 5583 2209 5672 solitis
2243 5583 2694 5672 mittuiiiJiUIti'eri
2736 5583 2887 5672 siglis
2914 5583 3076 5672 supra
3109 5600 3158 5672 β.

2098 5653 2212 5725 (l6)
2248 5655 2341 5713 Sic
2365 5658 2420 5715 in
2458 5653 2816 5731 Theophani;
2834 5653 3084 5740 Syriaca,
3109 5653 3193 5739 “ii.
3231 5674 3323 5730 st.

3196 5825 3277 5888 22
