4098 6200
517 309 614 364 583

1147 300 1415 360 EUSEBII
1454 293 1931 354 CAESARIENSIS
1970 290 2119 345 OPP.
2163 286 2338 342 PARS
2380 286 2465 342 IV'.
2507 316 2575 325 —-
2616 280 3035 339 DOGMATICA.

3643 275 3753 330 684

516 431 784 488 invisibile
813 430 991 495 fuerit,
1022 438 1069 483 et
1103 441 1214 495 pra:
1242 425 1489 481 doctrina
1532 420 1772 489 qualibet
1804 431 1928 471 vere
1979 415 2065 469 mi«

2187 427 2343 482 .usvog
2368 410 2462 480 μὲν
2497 410 2553 461 ὲν
2575 408 2766 479 ἀρχαῖς
2803 402 3011 474 ἀφανὴς
3032 397 3119 473 ἦν,
3152 400 3244 453 καὶ
3281 398 3496 453 πάντων
3518 396 3594 461 ὡς
3625 397 3759 468 ἀλη-

514 529 719 580 nimum
759 535 813 579 et
866 518 1414 589 contemptissimum.
1469 513 1670 569 Deinde
1708 524 1837 564 vero
1867 517 2079 561 tantum

510 621 656 689 cepit
692 619 1109 678 incrementum,
1130 621 1190 668 ut
1216 612 1531 666 universum
1557 609 1743 661 orbem
1767 598 2078 670 repleverit.

2184 504 2289 567 θῶς
2313 500 2691 562 εὐτελέστατος
2715 499 2806 551 καὶ
2841 496 3197 567 σμικρότατος
3234 493 3427 561 λόγωψ
3467 487 3670 561 προῖὼν
3699 491 3759 543 δὲ

2182 593 2434 648 τοσοῦτον
2476 589 2797 644 ἐπιδέδωκεν
2828 586 2994 657 αὔξης
3018 602 3078 637 τε
3112 583 3204 636 καὶ
3236 580 3519 652 μεγέθους,
3553 579 3630 641 ὠς
3657 576 3759 649 τὴν

516 667 655 689 μγ--
1059 667 1144 678 ν.ν
1831 667 1843 670 _

511 711 638 765 Fui:
663 723 791 779 ergo
836 721 1027 761 revera
1078 718 1173 773 per
1221 708 1446 757 cunctas
1496 704 1688 768 gentes
1741 706 1928 748 semen
1978 690 2065 744 hOt

2183 687 2472 759 σύμπασαν
2498 681 2818 752 οἰκουμένην
2840 678 3141 750 πληρῶσαι.
3171 676 3397 743 Γέγονεν
3418 667 3511 725 οὖν
3540 669 3759 741 ἀληθῶς

511 804 684 871 majus
737 816 898 871 quam
952 798 1266 854 Graecorum
1318 801 1371 848 et
1398 791 1752 847 barbarorum
1789 782 2078 854 sapientia,

506 908 667 962 quam
704 890 986 945 Matthazus
1015 886 1257 941 oleribus
1295 878 1656 952 comparavit,
1706 874 2077 930 inﬁrmitatem

506 987 578 1039 ita
624 992 679 1037 et
725 980 1243 1049 corruptibilitatem
1289 977 1646 1030 humanarum
1704 967 2075 1024 doctrinarum

501 1075 835 1143 signiﬁcans.
866 1071 1114 1139 Namque
1163 1077 1215 1122 et
1256 1066 1397 1135 apud
1436 1061 1728 1132 prophetas
1775 1059 1975 1113 dictum
2008 1054 2077 1110 de

501 1173 633 1241 ipsis
685 1179 819 1226 est:
878 1165 1151 1230 Tanquam
1205 1163 1382 1229 fenum
1436 1157 1676 1212 velociter
1731 1160 1987 1215 arescent,
2025 1158 2075 1202 et

498 1240 935 1331 quemadmodum
964 1258 1109 1311 olera
1142 1254 1421 1308 herbarum
1474 1252 1578 1304 cito
1604 1247 1842 1301 decidant
1870 1243 1937 1295 ⁵³.
1965 1240 2076 1295 Hu-

496 1350 793 1421 iuscemodi
820 1359 944 1403 sunt
991 1344 1357 1416 sophistarum
1390 1356 1453 1395 ac
1479 1336 1926 1409 philosophorum
1957 1332 2058 1385 de-

498 1446 695 1500 ctrinzc
731 1441 1157 1509 disciplinaeque,
1182 1451 1301 1507 qua:
1348 1430 1662 1503 aliquandiu
1709 1426 2064 1484 herbescunt,

498 1536 760 1605 brevique
807 1543 1050 1601 tempore
1100 1529 1317 1589 ﬂorent,
1360 1526 1454 1581 sed
1510 1538 1613 1580 non
1642 1520 1733 1575 diu
1766 1525 1888 1589 post
1916 1514 2069 1569 exci-

496 1632 629 1684 dunt
665 1644 760 1699 per
785 1642 843 1682 se
865 1627 995 1697 ipsae
1022 1632 1329 1692 corruptae:
1362 1620 1434 1673 ita
1463 1626 1522 1672 ut
1550 1613 1681 1671 alibi
1734 1611 1862 1667 {eno
1911 1618 2074 1664 tecto-

496 1738 615 1777 rum
640 1728 919 1789 comparet
966 1732 1058 1770 eas
1083 1714 1250 1770 David
1278 1714 1344 1778 “,
1376 1707 1542 1781 quod,
1573 1705 1889 1777 priusquam
1920 1699 2070 1759 evel:

494 1812 659 1875 latur,
683 1811 795 1881 jam
823 1809 1056 1863 exaruit.

563 1903 703 1957 Sunt
766 1902 883 1956 istae
932 1899 1100 1971 igitur
1158 1892 1484 1965 sapientium
1539 1886 1701 1959 hujus
1741 1882 1923 1941 saeculi
1969 1880 2066 1937 do-

505 1997 723 2059 ctrinae,
758 1995 986 2049 inﬁrma:
1029 1990 1283 2046 nimirum
1335 1996 1392 2042 et
1437 1984 1718 2045 oleraceae,
1757 1978 1881 2035 leno
1913 1975 2067 2030 ﬂore-

491 2089 665 2142 sccnti
714 2086 943 2141 similes.
977 2083 1146 2138 Secus
1168 2096 1297 2135 vero
1332 2078 1571 2133 omnium
1601 2072 1881 2129 minimum
1913 2077 1967 2123 et
1998 2077 2070 2122 te-

493 2180 818 2235 nuissimum
856 2179 1000 2232 inter
1025 2174 1258 2236 semina,
1307 2171 1461 2240 regni
1508 2168 1766 2223 nimirum
1801 2162 2064 2218 cmlorum

490 2267 1148 2340 evangelicumverbum,
1196 2278 1321 2318 acre
1371 2261 1735 2328 mordensque
1778 2254 1945 2309 veluti
1991 2252 2068 2307 si-

493 2363 647 2433 napi,
678 2361 821 2431 quod
852 2370 1029 2413 tamen
1075 2357 1232 2427 longe
1273 2353 1536 2415 excrevit,
1580 2359 1635 2405 et
1689 2349 1943 2404 humana:
1973 2360 2063 2399 sa-

491 2454 713 2525 pientiae
740 2450 995 2521 superius
1032 2449 1234 2505 evasit:
1273 2455 1435 2514 atque
1477 2444 1532 2498 in
1579 2444 1749 2496 altum
1789 2439 2062 2494 sublatum

490 2543 671 2600 omnia
718 2542 834 2597 loca
877 2538 1185 2610 occupavit,
1237 2538 1312 2591 ita
1349 2545 1409 2590 ut
1452 2547 1647 2603 magna
1694 2530 1857 2584 arbor
1890 2544 1958 2582 ex
1998 2542 2062 2581 eo

490 2636 561 2687 sit
606 2644 749 2697 orta,
790 2631 913 2687 caeli
953 2630 1232 2685 volucrum
1279 2640 1453 2696 capax
1497 2623 1589 2694 qui
1627 2623 1679 2677 in
1731 2620 1849 2692 ejus
1894 2618 2062 2673 ramis

488 2726 813 2782 consistunt.
849 2724 990 2780 Olim
1021 2723 1073 2777 id
1110 2721 1326 2792 quidem
1358 2715 1701 2788 simplicibus
1731 2712 1910 2769 verbis
1938 2711 2060 2766 Ser-

489 2818 692 2873 vatoris
740 2832 869 2872 voce
917 2813 1167 2886 prolatis,
1222 2811 1408 2867 divina
1466 2806 1922 2879 prognosticaque
1953 2804 2063 2858 vir-

489 2922 609 2966 tute
642 2909 1057 2979 praediccbatur.
1093 2905 1212 2961 Jam
1239 2918 1371 2959 vero
1406 2903 1459 2957 in
1491 2900 1649 2971 quale
1685 2908 2061 2969 quantumque

487 3018 625 3073 opus
676 3000 954 3071 praedictio
990 2996 1342 3068 processerit,
1400 3002 1773 3065 quantumque
1823 2990 2060 3046 creverit

488 3094 753 3150 doctrina:
785 3107 914 3155 vox,
966 3091 1073 3145 dici
1107 3104 1206 3157 pro
1252 3087 1516 3157 dignitate
1546 3101 1651 3139 non
1681 3092 1875 3152 potest.
1916 3082 2060 3137 Tan-
2085 3126 2127 3184 Ο

489 3200 601 3244 tum
638 3188 819 3257 itaque
858 3197 1146 3253 progressu
1181 3179 1444 3248 temporis
1468 3178 1709 3234 salutare
1741 3190 1925 3231 semen
1956 3175 2060 3227 vir-

487 3288 657 3337 tutem
690 3277 952 3341 exseruit,
997 3284 1055 3329 ut
1078 3274 1380 3344 germinata
1415 3286 1482 3327 ex
1520 3270 1613 3325 illo
1652 3267 1835 3331 arbor,
1868 3266 1921 3321 id
1952 3276 2057 3333 est,

487 3372 714 3427 fundata
748 3384 777 3422 a
810 3369 1101 3425 Servatore
1124 3380 1222 3436 per
1264 3364 1577 3418 universam
1631 3370 1833 3415 terram
1880 3357 2062 3412 Eccle-

486 3468 591 3532 sia,
628 3472 824 3521 cuncta
853 3462 973 3517 loca
1005 3457 1346 3531 Oppleverit;
1384 3458 1439 3512 in
1473 3454 1591 3525 ejus
1623 3454 1790 3509 ramis
1812 3451 1936 3508 cmli
1965 3465 2062 3506 vo-

487 3558 666 3613 lucres
716 3556 982 3620 habitent,
1038 3551 1220 3623 angeli
1275 3550 1385 3605 divi
1450 3549 1662 3605 scilicet
1709 3556 1765 3602 et
1807 3543 2061 3599 cmlestes

485 3649 757 3720 potentiae,
818 3662 939 3718 qua).
992 3655 1193 3701 terram
1266 3642 1619 3698 invisibiliter
1674 3638 2057 3720 discurrunt;

486 3744 726 3810 itemque
762 3714 958 3793 anima:
987 3744 1193 3791 sancta:
1223 3732 1335 3787 alte
1360 3714 1689 3801 gradientes,
1724 3726 1775 3780 id
1804 3733 1907 3786 cst,
1946 3722 2057 3774 vita

483 3846 758 3902 sensuque
788 3830 1006 3885 sublimi
1045 3843 1108 3882 ac
1140 3823 1350 3881 cmlesti
1380 3821 1639 3891 praeditas.
1673 3818 1918 3885 Namque
1962 3815 2061 3869 has

484 3939 544 3981 et
574 3941 682 3980 non
713 3923 861 3977 aliud
890 3919 1162 3990 quidlibet
1191 3914 1439 3971 denotari
1467 3928 1497 3967 a
1526 3910 1652 3967 cmli
1687 3909 1901 3973 avibus,
1933 3907 2060 3962 Ser-

491 4020 702 4075 vatoris
725 4018 845 4072 haec
889 4011 1148 4085 parabola
1205 4009 1498 4078 signiﬁcat.
1549 4004 1703 4061 Sicut
1749 4002 2060 4058 econtrario

483 4113 540 4166 in
565 4108 823 4181 parabola
846 4102 1192 4161 seminatoris
1224 4100 1486 4155 vocabulo
1516 4099 1719 4161 avium,
1740 4095 2059 4151 insidiantes

484 4204 801 4260 hominibus
823 4197 1094 4266 potentias
1140 4194 1457 4257 denOtabat,
1508 4190 1625 4262 pari
1674 4186 1936 4245 vocabulo
1984 4186 2062 4241 di-

484 4311 615 4352 cens
678 4307 807 4348 aves
845 4289 966 4345 coeli
1019 4286 1316 4358 diripuisse
1365 4298 1549 4341 semen
1594 4283 1800 4355 jactum
1849 4282 1916 4337 iis
1963 4280 2057 4350 qui

484 4388 636 4457 iuxta
680 4388 822 4438 viam
857 4380 987 4437 illud
1019 4387 1404 4450 susceperant.

1200 4468 1343 4525 XXI.

552 4570 731 4637 Atque
776 4568 893 4620 haec
933 4561 1244 4619 necessario
1306 4557 1568 4614 Servatur
1619 4554 1900 4627 discipulis
1944 4553 2052 4608 suis

484 4656 862 4721 mandabat",
893 4655 1139 4709 morbum
1164 4650 1545 4720 gravissimum
1573 4647 1815 4717 ipsorum
1841 4644 2057 4708 animae,

485 4762 750 4806 tumorem
784 4757 948 4817 atque
959 4744 1281 4814 jactantiam
1301 4756 1522 4807 sanans,
1550 4748 1845 4807 vetansque
1876 4748 2060 4792 osten-

486 4844 783 4904 tationem,
837 4853 904 4892 ne
940 4836 1209 4889 ullatenus
1265 4832 1677 4894 extollerentur,
1728 4841 1864 4882 neve
1930 4825 2059 4894 quid

484 4945 740 5003 magnum
772 4941 868 4983 aut
906 4926 1203 4996 superbum
1234 4925 1302 4979 de
1347 4938 1407 4978 se
1450 4922 1853 4976 existimarent.
1888 4920 2058 4976 Docet

483 5035 696 5089 contra,
732 5020 902 5075 nostri
931 5032 1053 5073 esse
1078 5015 1291 5071 arbitrii
1323 5015 1377 5068 in
1413 5027 1640 5084 regnum
1667 5012 1922 5080 introire,
1966 5020 2060 5066 aut

485 5133 663 5174 secus.
693 5116 825 5170 Nam
859 5114 926 5181 si,
957 5119 1015 5166 ut
1036 5110 1234 5165 dicitur
1257 5107 1400 5178 apud
1428 5104 1766 5169 Matthamm,
1809 5104 2059 5160 conversi

485 5210 679 5263 ﬁamus
731 5207 875 5261 sicut
912 5200 1143 5272 parvuli,
1193 5199 1405 5254 malitia
1456 5197 1670 5252 scilicet
1713 5198 1947 5268 parvuli,
2003 5208 2062 5253 ut

482 5301 559 5353 ait
603 5297 897 5369 Apostolus
940 5295 1029 5361 “;
1075 5301 1131 5349 et
1174 5292 1219 5347 si
1273 5293 1376 5346 hoc
1435 5305 1662 5358 regnum
1713 5291 2062 5346 admittemus

485 5407 640 5447 more
673 5390 938 5459 simplicis
959 5399 1016 5443 et
1042 5387 1173 5444 nulli
1215 5388 1393 5441 adhuc
1428 5386 1559 5438 vitio
1587 5384 1753 5440 dediti
1806 5383 2055 5451 infantis,

485 5493 537 5536 et
565 5484 609 5537 si
645 5483 937 5552 puritatem
988 5492 1150 5551 atque
1190 5478 1557 5533 innocentiam
1605 5475 1829 5547 puerilis
1881 5479 2059 5531 aetatis

2185 780 2383 852 μείζων
2426 777 2525 847 τῆς
2557 775 2707 847 παρά
2733 775 2867 826 πᾶσι
2899 773 3010 834 τοῖς
3041 768 3247 822 ἔθνεσιν
3278 763 3502 835 Ἕλλησί
3546 780 3607 816 τε
3662 761 3760 815 καὶ⁵

2182 872 2472 945 βαρϐάροις
2508 867 2717 938 σοφίας,
2750 866 2816 937 ἥν
2847 864 3095 933 λαχάνοις
3115 857 3254 913 κατά
3280 856 3556 911 Ματθαῖον
3578 871 3759 926 παρα-

2179 964 2429 1035 ϐέϐληκε,
2460 963 2520 1015 τὸ
2549 960 2770 1021 ἀσθενὲς
2798 958 2891 1011 καὶ
2923 955 3242 1026 φθοριμαῖον
3257 950 3365 1003 τῶν
3390 948 3517 1021 παρ’
3543 945 3755 1018 ἀνθρώ-

2178 1076 2299 1121 ποις
2342 1056 2676 1128 μαθημάτων
2698 1046 2801 1106 ὦδε
2834 1048 3195 1119 αἰνιξάμενος.
3238 1043 3389 1097 Ἐπεὶ
3415 1042 3509 1095 καὶ
3537 1042 3595 1093 ὲν
3622 1055 3756 1109 προ-

2178 1156 2374 1224 φήταις
2397 1151 2612 1218 ἐλέγετο
2652 1147 2780 1218 περὶ
2826 1143 3025 1198 αὐτῶν·
3064 1141 3156 1205 Ὠς
3196 1139 3407 1208 χόρτος
3428 1134 3580 1204 ταχὺ
3604 1133 3754 1187 ἀπο-

2178 1242 2680 1313 ξηρανθήσονται,
2711 1237 2809 1291 καὶ
2828 1238 2909 1302 ὡς
2938 1233 3176 1303 λάχανα
3206 1230 3393 1299 χλόης
3422 1226 3572 1296 ταχὺ
3606 1226 3756 1279 ἀπο-

2174 1337 2521 1391 πεσοῦγται.
2554 1329 2787 1385 Τοιαῦτα
2822 1328 2877 1381 δὲ
2907 1326 2975 1380 τὰ
3022 1322 3288 1393 σοφιστῶν
3322 1320 3416 1374 καὶ
3450 1318 3755 1388 φιλοσόφων

2179 1428 2474 1501 μαθήματα
2499 1426 2592 1479 καὶ
2618 1421 2978 1491 παιδεύματα,
3015 1416 3151 1489 πρὸς
3171 1412 3360 1485 καιρὸν
3380 1413 3476 1483 μὲν
3502 1410 3755 1481 χλοάζον-

2173 1539 2260 1580 τα.
2279 1520 2373 1574 καὶ¹
2402 1519 2536 1592 πρὸς
2565 1517 2744 1586 ὀλίγον
2781 1511 3066 1572 ἀνθοῦντα,
3096 1510 3195 1563 οὐκ
3226 1510 3305 1571 είς
3336 1506 3545 1578 μακρὸν
3572 1504 3625 1557 δὲ
3656 1505 3749 1556 ὲκ-

2172 1616 2458 1677 πίπτοντα,
2488 1612 2581 1665 καὶ
2607 1608 2665 1675 ἐξ
2698 1606 2907 1661 ἑαυτῶν
2942 1602 3291 1675 φθειρόμενα’
3332 1599 3407 1662 ὼς
3442 1601 3499 1652 ἐν
3541 1596 3751 1667 ἑτέροις

2172 1709 2348 1780 χόρτῳ
2376 1704 2624 1777 δομάτων
2650 1698 2948 1771 ἀφομοιοῦν
2978 1695 3135 1760 αὐτὰ,
3171 1694 3228 1758 ὂς
3260 1692 3366 1765 πρὸ
3414 1690 3509 1745 τοῦ
3540 1691 3749 1743 ἐκσπα-

2098 1778 2145 1836 B
2176 1778 2361 1871 σθῆναι
2387 1795 2676 1869 ἐξηράνθη.

2253 1891 2412 1946 Ἀλλά
2455 1890 2523 1944 τὰ
2559 1889 2656 1960 μὲν
2680 1884 2829 1957 παρά
2859 1886 2971 1947 τοῖς
3001 1879 3151 1955 παρά
3180 1878 3274 1933 τοῦ
3301 1876 3496 1939 αἰῶνος
3552 1872 3747 1927 τούτου

2166 1985 2410 2049 τοιαῦτα,
2466 1981 2665 2052 ἀσθενῆ
2710 1979 2806 2032 καὶ
2845 1974 3144 2047 λαχανώδη,
3188 1972 3282 2025 καὶ
3307 1970 3484 2043 χόρτῳ
3533 1963 3750 2019 εὐθαλεῖ

2168 2078 2585 2153 παρεικασμένα
2621 2074 2937 2146 μαθήματω
2966 2071 2993 2123 ὁ
3029 2069 3085 2121 δὲ
3118 2063 3451 2139 βραχύτατος
3483 2060 3577 2115 καὶ
3610 2058 3747 2113 πάν-

2164 2190 2271 2225 των
2323 2170 2431 2223 τῶν
2463 2166 2792 2238 σπερμάτων
2848 2164 3189 2235 μικρότατος,
3238 2161 3332 2229 τῆς
3364 2156 3472 2210 τῶν
3499 2153 3746 2225 οὐρανῶν

2167 2263 2440 2337 βασιλείας
2477 2257 2902 2329 καταγγελτικὸς
2947 2255 3124 2323 λόγος,
3160 2252 3358 2322 δριμὺς
3413 2245 3513 2319 μὲν
3543 2245 3636 2298 καὶ
3667 2244 3749 2296 δε-

2165 2336 2351 2419 κτικὸς
2396 2353 2647 2423 καθάπερ
2693 2350 2755 2404 τὸ
2788 2350 2994 2420 σίνηπι,
3029 2347 3179 2417 ὅμως
3205 2343 3262 2396 δὲ
3311 2337 3618 2411 ὑπερανέὸη
3650 2336 3747 2389 καὶ

2164 2446 2531 2520 ὑπερηύξησε,
2566 2444 2827 2516 κρείττων
2854 2441 2952 2511 τῆς
2984 2441 3040 2493 ὲν
3072 2436 3375 2507 ἀνθρώποις
3406 2428 3748 2499 ἀποδειχθεὶς

2166 2542 2373 2609 σοφίας·
2401 2539 2495 2591 καὶ
2542 2537 2617 2600 ὼς
2647 2534 2878 2605 ὑψωθεὶς
2908 2532 3084 2585 πάντα
3135 2528 3300 2599 τρπον
3342 2520 3626 2590 ἐκάλυψεν,
3663 2521 3746 2583 ὡς

2163 2635 2257 2687 καὶ
2288 2633 2499 2703 δένδρον
2537 2626 2959 2696 ἀποτελεσθῆναι
2986 2624 3127 2695 μέγα
3155 2621 3213 2686 ἐξ
3234 2618 3419 2678 αὐτοῦ,
3436 2614 3745 2687 χωρητικὸν

2162 2723 2424 2778 πετεινῶν
2474 2718 2705 2791 οὐρανοῦ
2755 2712 3239 2783 κατασκηνούντων
3281 2710 3338 2761 ἐν
3370 2708 3479 2767 τοῖς
3528 2701 3745 2765 κλάδοις

2161 2816 2345 2871 αὐτοῦ·
2374 2814 2540 2869 πάλαι
2568 2812 2666 2884 μὲν
2694 2791 2798 2863 sua;
2821 2808 2918 2877 τῆς
2956 2803 3221 2874 σωτηρίου
3237 2801 3339 2871 γῆς
3362 2797 3535 2868 ψιλοῖς
3569 2795 3746 2864 ῥήμα-

2161 2926 2265 2973 σιν,
2293 2907 2459 2977 ὲνθέῳ
2487 2922 2548 2973 γε
2580 2905 2684 2975 μὴν
2706 2902 2801 2956 καὶ
2834 2894 3227 2971 προγνωστικῷ
3257 2890 3482 2961 δυνάμει
3513 2902 3745 2958 προανε-

2160 3005 2407 3071 φωνεῖτο.
2450 3000 2535 3063 Ὡς
2558 2999 2599 3052 δ’
2632 3000 2709 3060 είς
2736 2996 2870 3066 ἔργα
2896 2989 3321 3065 προκεχώρηκεν
3355 2986 3388 3055 ή
3412 2982 3742 3054 πρόγνωσις,

2160 3097 2240 3159 εἰς
2290 3093 2458 3163 αὔξην
2484 3109 2542 3144 τε
2571 3088 2835 3162 προῆλθεν
2868 3089 2900 3157 ή
2939 3082 3089 3154 φωνὴ
3132 3079 3227 3133 τοῦ
3270 3077 3451 3145 λόγου,
3494 3074 3596 3127 οὐκ
3632 3071 3743 3123 ἔστι

2163 3186 2281 3239 κατ’
2315 3185 2470 3251 ἀξίαν
2509 3182 2700 3234 εἰπεῖν·
2734 3175 3001 3245 τοσαύτην
3039 3169 3169 3240 γοῦν
3201 3169 3229 3221 ὁ
3256 3166 3519 3235 σωτήριος
3546 3159 3742 3229 σπόρος

2163 3278 2220 3330 ὲν
2251 3278 2360 3339 τοῖς
2391 3272 2527 3345 μετά
2577 3269 2749 3323 ταῦτα
2786 3267 2994 3338 χρόνοις
3032 3253 3390 3314 ἐπιδέδεικται
3422 3252 3643 3325 ἀρετὴν,
3667 3250 3743 3313 ὼς

2164 3369 2221 3423 τὸ
2250 3369 2310 3433 ἐξ
2338 3342 2500 3421 αὐτοῦ
2523 3364 2656 3434 φυὲν
2678 3361 2911 3431 δένδρον,
2937 3355 3096 3410 τοῦτο
3122 3353 3164 3407 δ’
3190 3352 3257 3405 ἂν
3287 3350 3369 3420 εἴη
3397 3350 3430 3419 ἡ
3471 3342 3741 3415 πανταχοῦ

2161 3461 2264 3531 γῆς
2295 3457 2550 3527 ἱδρυμένη
2574 3451 2736 3506 αὐτοῦ
2769 3448 3085 3521 Ἐκκλησία,
3122 3442 3191 3497 τά
3228 3442 3405 3494 πάντα
3432 3435 3740 3508 πληρῶσαυ

2161 3554 2300 3607 ῶστε
2332 3553 2388 3603 ὲν
2405 3553 2514 3612 τοῖς
2535 3547 2744 3608 κλάδοις
2758 3544 2926 3615 αὐτῆς
2959 3536 3383 3609 κατασκηνῶσαι
3419 3531 3484 3586 τὰ
3516 3528 3741 3581 πετεινά

2160 3646 2255 3700 τοῦ
2313 3641 2564 3716 οὐρανοῦ,
2611 3637 2874 3707 ἀγγέλους
2902 3632 3100 3705 δηλαδὴ
3134 3632 3309 3693 θείους
3342 3627 3436 3681 καὶ
3484 3622 3741 3693 οὐρανίας

2160 3714 2437 3809 δυνάμει-ς,
2476 3734 2573 3797 τὰς
2603 3732 2731 3803 περὶ
2760 3730 2861 3799 γῆν
2895 3725 3113 3796 ἀφανῶς
3150 3719 3528 3791 διιπταμένας,
3561 3714 3743 3785 ψυχάς

2160 3847 2220 3883 τε
2251 3829 2407 3897 ἁγίας
2435 3825 2528 3879 καὶ
2557 3819 3020 3895 μετεωροπόρους,
3047 3816 3146 3886 βίῳ
3170 3814 3264 3867 καὶ
3281 3810 3587 3882 φρονήματι
3613 3822 3741 3877 μετα

2161 3918 2382 3991 αρσίους
2416 3916 2510 3969 καὶ
2553 3911 2851 3984 οὐρανίους
2890 3908 3092 3970 ταύτας
3159 3903 3268 3975 γὰρ
3318 3898 3452 3954 εἶναι
3486 3900 3580 3953 καὶ
3616 3897 3741 3950 οὐδὲ

2160 4003 2322 4076 ἄλλοις
2341 4010 2410 4064 τά
2432 4006 2651 4063 πετεινά
2682 4005 2776 4061 τοῦ
2809 4002 3036 4076 οὐρανοῦ
3074 3998 3392 4071 ήσωτήριος
3419 3996 3475 4049 ὲν
3528 3992 3739 4057 τούτοις

2160 4104 2380 4176 ᾐνίξατο
2430 4100 2728 4172 παραϐολή·
2783 4096 2858 4160 ὡς
2910 4093 3141 4166 ἔμπαλιν
3180 4091 3267 4145 διὰ
3287 4091 3383 4160 τῆς
3411 4086 3505 4141 τοῦ
3536 4086 3739 4157 σπόρου

2161 4195 2260 4258 τάς
2294 4192 2610 4255 ἐπιϐούλους
2632 4190 2741 4243 τῶν
2760 4187 3060 4260 ἀνθρώπων
3089 4184 3274 4255 ἐδήλου
3292 4180 3566 4250 δυνάμεις,
3594 4182 3740 4250 ὁμω-

2160 4286 2342 4356 νύμως
2373 4283 2592 4337 πετεινά
2624 4280 2852 4354 οὐρανοῦ
2888 4281 3065 4351 φήσας
3104 4272 3461 4348 διηρπακέναι
3493 4273 3582 4325 τὸν
3606 4272 3732 4324 σπό-

2166 4396 2254 4450 ρον
2278 4378 2384 4430 τῶν
2403 4375 2552 4449 παρὰ
2588 4374 2685 4444 τὴν
2717 4372 2834 4426 ὁδὸν
2857 4366 3266 4437 ὑποδεξαμένων
3299 4366 3482 4419 αὐτόν.

2814 4460 2923 4513 KA'
2954 4459 3086 4530 (l7).

2235 4560 2346 4613 Καὶ
2370 4558 2541 4612 ταῦτα
2586 4557 2643 4611 δὲ
2682 4553 2996 4623 ἀναγκαίως
3022 4554 3049 4605 ό
3082 4550 3271 4622 Σωτὴρ
3303 4550 3414 4613 τοῖς
3444 4543 3608 4600 αὐτοῦ
3637 4560 3741 4614 μα-

2165 4652 2355 4722 θηταῖς
2392 4648 2712 4721 παρεδίδου,
2760 4646 2913 4699 νόσον
2956 4641 3379 4716 άργαλεωτάτην
3423 4639 3523 4710 τῆς
3556 4634 3740 4689 αὐτῶν

2163 4743 2362 4814 ψυχῆς,
2398 4740 2702 4811 χαυνότητα
2747 4755 2806 4791 τε
2858 4736 2951 4791 καὶ
2994 4733 3310 4799 ἀλαζονείαν
3353 4730 3599 4802 ἰώμενος,
3647 4727 3739 4779 καὶ

2166 4836 2390 4889 κωλύων
2418 4834 2477 4887 τὸ
2512 4832 2869 4905 μεγάλαυχον,
2926 4828 3000 4892 ὡς
3053 4827 3119 4882 ἂν
3175 4829 3383 4899 μήποτε
3431 4821 3742 4893 ὲπαρθεῖεν,

2171 4929 2307 5000 μηδέ
2340 4946 2390 4981 τι
2418 4927 2561 4998 μέγα
2597 4924 2731 4995 μηδὲ
2761 4923 3105 4991 ὑπερήφανον
3140 4918 3267 4991 περί¹
3299 4914 3505 4970 ἑαυτῶν
3542 4913 3737 4985 φρονή·

2169 5040 2341 5075 σαιεν.
2374 5019 2622 5072 Διδάσκει
2648 5016 2701 5069 δὲ
2725 5016 2980 5084 ἄντικρυς
3001 5012 3083 5081 ἐφ’
3103 5014 3232 5082 ἡμῖν
3252 5008 3461 5063 κεῖσθαι
3482 5006 3543 5059 τὸ
3573 5004 3747 5058 εἰσελ-

2171 5116 2303 5179 θεῖν,
2333 5113 2365 5184 ἢ
2402 5112 2497 5184 μὴ,
2532 5112 2612 5173 είς
2638 5108 2735 5179 τὴν
2765 5106 3035 5178 βασιλείαν
3068 5104 3159 5157 τοῦ
3196 5101 3347 5155 Θεοῦ.
3375 5103 3436 5153 El
3462 5099 3570 5170 γάρ
3603 5096 3747 5151 κατά

2166 5202 2257 5255 τὸν
2285 5201 2562 5256 Ματθαῖον
2581 5196 2911 5269 στραφέντες
2950 5192 3242 5264 γενοίμεθα
3270 5192 3342 5255 ὡς
3357 5191 3425 5244 τά
3462 5191 3635 5258 νήπια
3671 5192 3737 5259 τῇ

2169 5295 2336 5366 κακία
2367 5292 2722 5365 νηπιάζοντες
2750 5289 2893 5344 κατά
2933 5289 3025 5343 τὸν
3069 5285 3407 5350 Ἀπόστολον,
3444 5284 3539 5338 καὶ
3573 5285 3620 5335 εί
3650 5283 3735 5335 δε-

2166 5386 2395 5457 χοίμεθα
2427 5385 2526 5456 τὴν
2564 5380 2842 5453 βασιλείαν
2887 5380 2962 5441 ὡς
3015 5377 3220 5431 ἁπλοῦν
3259 5377 3353 5429 καὶ
3378 5375 3742 5444 ἀπειρόκακω

2168 5477 2397 5541 παιδίον,
2431 5476 2525 5529 καὶ
2557 5477 2603 5527 εί
2622 5474 2682 5527 τὸ
2708 5473 2944 5543 καθαρὸν
2973 5470 3065 5523 καὶ
3093 5469 3352 5540 ἀμίαντον
3378 5469 3473 5540 τῆς
3490 5462 3741 5533 παιδικῆς

555 5575 601 5607 ⁵³
623 5574 713 5631 Ps.
740 5589 927 5639 xxxvr,
962 5572 1019 5626 2.
1094 5572 1142 5604 ⁸⁸
1176 5572 1262 5627 Ps.
1302 5585 1533 5635 cxxvm,
1575 5570 1629 5624 6.
1702 5570 1748 5601 ⁵⁸
1768 5570 1960 5625 Matth.
1991 5586 2059 5624 xv

2173 5571 2225 5625 5.
2306 5570 2393 5623 “l
2426 5570 2550 5625 Cor.
2582 5584 2696 5634 xw,
2718 5567 2810 5621 20.

557 5667 667 5741 (l7)
710 5665 1008 5741 lnacodice
1053 5666 1119 5741 lt.
1173 5662 1412 5741 1.245.“
1448 5662 1501 5715 b.
1550 5660 1742 5741 titulus
1791 5664 2052 5741 mendose

487 5730 722 5810 scriptus
747 5734 1043 5793 Εὐσεϐίου
1072 5733 1352 5803 δευτέρας
1380 5730 1729 5801 θεοράνους.
1758 5733 1876 5791 sine
1898 5735 2060 5792 dubio

2160 5663 2514 5731 corrigcudus
2533 5660 2794 5715 Εὐσεθίου
2815 5659 2856 5713 δ’
2879 5652 3227 5731 Θεοφανείας,
3248 5653 3460 5711 Eusebii
3482 5652 3533 5707 in
3549 5659 3745 5722 quarto

2170 5726 2544 5797 Tlteopltauiw.
3065 5726 3073 5735 ’
3108 5727 3118 5736 ’
