  <div class='ocr_page' id='page_1' title='image "/cluster/home/n/w/nwhite01/storage/ocr_20150623/24/hvd.32044073501801/350.png"; bbox 0 0 4098 6200; ppageno 0'>
   <div class='ocr_carea' id='block_1_1' title="bbox 387 345 492 401">
    <p class='ocr_par' dir='ltr' id='par_1_1' title="bbox 387 345 492 401">
     <span class='ocr_line' id='line_1_1' title="bbox 387 345 492 401; baseline 0.029 -3"><span class='ocrx_word' id='word_1_1' title='bbox 387 345 492 401; x_wconf 78' lang='grc'><strong>685</strong></span> 
     </span>
    </p>
   </div>
   <div class='ocr_carea' id='block_1_2' title="bbox 1715 348 2300 411">
    <p class='ocr_par' dir='ltr' id='par_1_2' title="bbox 1715 348 2300 411">
     <span class='ocr_line' id='line_1_2' title="bbox 1715 348 2300 411; baseline 0.009 -5"><span class='ocrx_word' id='word_1_2' title='bbox 1715 348 1811 406; x_wconf 85' lang='lat' dir='ltr'><strong>‘DE</strong></span> <span class='ocrx_word' id='word_1_3' title='bbox 1849 350 2300 411; x_wconf 72' lang='lat' dir='ltr'><strong>THEOl’lIANlA.</strong></span> 
     </span>
    </p>
   </div>
   <div class='ocr_carea' id='block_1_3' title="bbox 3501 362 3603 419">
    <p class='ocr_par' dir='ltr' id='par_1_3' title="bbox 3501 362 3603 419">
     <span class='ocr_line' id='line_1_3' title="bbox 3501 362 3603 419; baseline 0.02 -2"><span class='ocrx_word' id='word_1_4' title='bbox 3501 362 3603 419; x_wconf 75' lang='lat'><strong>688</strong></span> 
     </span>
    </p>
   </div>
   <div class='ocr_carea' id='block_1_4' title="bbox 385 458 1930 547">
    <p class='ocr_par' dir='ltr' id='par_1_4' title="bbox 385 458 1930 541">
     <span class='ocr_line' id='line_1_4' title="bbox 385 458 1930 541; baseline 0.007 -27"><span class='ocrx_word' id='word_1_5' title='bbox 385 461 605 532; x_wconf 81' lang='grc' dir='ltr'>ἡλικίας</span> <span class='ocrx_word' id='word_1_6' title='bbox 637 458 966 533; x_wconf 83' lang='grc' dir='ltr'>ζηλώσομεν,</span> <span class='ocrx_word' id='word_1_7' title='bbox 1010 463 1424 537; x_wconf 81' lang='grc' dir='ltr'>εἰσελευσόμεθα</span> <span class='ocrx_word' id='word_1_8' title='bbox 1466 469 1544 531; x_wconf 86' lang='grc' dir='ltr'><strong>είς</strong></span> <span class='ocrx_word' id='word_1_9' title='bbox 1577 469 1780 541; x_wconf 86' lang='grc' dir='ltr'>αὐτήν·</span> <span class='ocrx_word' id='word_1_10' title='bbox 1812 472 1930 526; x_wconf 79' lang='grc' dir='ltr'>ἀλλέ</span> 
     </span>
    </p>
   </div>
   <div class='ocr_carea' id='block_1_5' title="bbox 2032 458 3602 547">
    <p class='ocr_par' dir='ltr' id='par_1_5' title="bbox 2049 474 3602 547">
     <span class='ocr_line' id='line_1_5' title="bbox 2049 474 3602 547; baseline 0.005 -18"><span class='ocrx_word' id='word_1_11' title='bbox 2049 474 2435 541; x_wconf 88' lang='lat' dir='ltr'><strong>adamabimus,</strong></span> <span class='ocrx_word' id='word_1_12' title='bbox 2502 475 2552 530; x_wconf 91' lang='lat' dir='ltr'><strong>in</strong></span> <span class='ocrx_word' id='word_1_13' title='bbox 2603 489 2826 547; x_wconf 80' lang='lat' dir='ltr'><strong>regnum</strong></span> <span class='ocrx_word' id='word_1_14' title='bbox 2873 475 3257 535; x_wconf 86' lang='lat' dir='ltr'><strong>introibimus:</strong></span> <span class='ocrx_word' id='word_1_15' title='bbox 3306 477 3413 535; x_wconf 85' lang='lat' dir='ltr'><strong>imo</strong></span> <span class='ocrx_word' id='word_1_16' title='bbox 3440 481 3602 537; x_wconf 88' lang='lat' dir='ltr'><strong>etiam</strong></span> 
     </span>
    </p>
   </div>
   <div class='ocr_carea' id='block_1_6' title="bbox 385 553 1950 632">
    <p class='ocr_par' dir='ltr' id='par_1_6' title="bbox 385 553 1950 632">
     <span class='ocr_line' id='line_1_6' title="bbox 385 553 1950 632; baseline 0.008 -26"><span class='ocrx_word' id='word_1_17' title='bbox 385 554 481 607; x_wconf 80' lang='grc' dir='ltr'><strong>καὶ</strong></span> <span class='ocrx_word' id='word_1_18' title='bbox 507 553 604 607; x_wconf 77' lang='grc' dir='ltr'><strong>ἐὰν</strong></span> <span class='ocrx_word' id='word_1_19' title='bbox 635 554 1026 626; x_wconf 73' lang='grc' dir='ltr'>εὖνουχίσωμεν</span> <span class='ocrx_word' id='word_1_20' title='bbox 1059 558 1281 621; x_wconf 79' lang='grc' dir='ltr'>ἑαυτοὺς</span> <span class='ocrx_word' id='word_1_21' title='bbox 1306 558 1391 612; x_wconf 88' lang='grc' dir='ltr'><strong>διά</strong></span> <span class='ocrx_word' id='word_1_22' title='bbox 1422 559 1519 631; x_wconf 80' lang='grc' dir='ltr'>τὴν</span> <span class='ocrx_word' id='word_1_23' title='bbox 1545 560 1814 632; x_wconf 88' lang='grc' dir='ltr'>βασιλείαν</span> <span class='ocrx_word' id='word_1_24' title='bbox 1845 564 1950 620; x_wconf 86' lang='grc' dir='ltr'><strong>τῶν</strong></span> 
     </span>
    </p>
   </div>
   <div class='ocr_carea' id='block_1_7' title="bbox 384 644 1951 727">
    <p class='ocr_par' dir='ltr' id='par_1_7' title="bbox 384 644 1951 727">
     <span class='ocr_line' id='line_1_7' title="bbox 384 644 1951 727; baseline 0.01 -31"><span class='ocrx_word' id='word_1_25' title='bbox 384 644 662 714; x_wconf 80' lang='grc' dir='ltr'>οὐρανῶν·</span> <span class='ocrx_word' id='word_1_26' title='bbox 698 645 835 699; x_wconf 79' lang='grc' dir='ltr'>οὕτω</span> <span class='ocrx_word' id='word_1_27' title='bbox 866 647 972 718; x_wconf 90' lang='grc' dir='ltr'><strong>γάρ</strong></span> <span class='ocrx_word' id='word_1_28' title='bbox 1012 666 1095 712; x_wconf 87' lang='grc' dir='ltr'><strong>τις</strong></span> <span class='ocrx_word' id='word_1_29' title='bbox 1140 649 1384 721; x_wconf 80' lang='grc' dir='ltr'>ὲκτεμὼν</span> <span class='ocrx_word' id='word_1_30' title='bbox 1423 653 1520 723; x_wconf 77' lang='grc' dir='ltr'>τῆς</span> <span class='ocrx_word' id='word_1_31' title='bbox 1552 654 1743 708; x_wconf 78' lang='grc' dir='ltr'>ἑαυτοῦ</span> <span class='ocrx_word' id='word_1_32' title='bbox 1774 655 1951 727; x_wconf 73' lang='grc' dir='ltr'>ψυχῆς</span> 
     </span>
    </p>
   </div>
   <div class='ocr_carea' id='block_1_8' title="bbox 386 737 1949 820">
    <p class='ocr_par' dir='ltr' id='par_1_8' title="bbox 386 737 1949 820">
     <span class='ocr_line' id='line_1_8' title="bbox 386 737 1949 820; baseline 0.01 -33"><span class='ocrx_word' id='word_1_33' title='bbox 386 737 498 789; x_wconf 82' lang='grc' dir='ltr'><strong>πᾶν</strong></span> <span class='ocrx_word' id='word_1_34' title='bbox 529 737 590 789; x_wconf 86' lang='grc' dir='ltr'><strong>τὸ</strong></span> <span class='ocrx_word' id='word_1_35' title='bbox 611 738 827 808; x_wconf 81' lang='grc' dir='ltr'>αίσχρὸν</span> <span class='ocrx_word' id='word_1_36' title='bbox 852 742 945 793; x_wconf 74' lang='grc' dir='ltr'>κα).</span> <span class='ocrx_word' id='word_1_37' title='bbox 972 740 1266 796; x_wconf 81' lang='grc' dir='ltr'>ἀκόλαστον</span> <span class='ocrx_word' id='word_1_38' title='bbox 1299 742 1490 808; x_wconf 84' lang='grc' dir='ltr'>πάθος,</span> <span class='ocrx_word' id='word_1_39' title='bbox 1526 748 1573 798; x_wconf 86' lang='grc' dir='ltr'><strong>εί</strong></span> <span class='ocrx_word' id='word_1_40' title='bbox 1607 747 1700 800; x_wconf 71' lang='grc' dir='ltr'><strong>καὶ</strong></span> <span class='ocrx_word' id='word_1_41' title='bbox 1728 748 1825 820; x_wconf 85' lang='grc' dir='ltr'><strong>τὴν</strong></span> <span class='ocrx_word' id='word_1_42' title='bbox 1856 750 1949 803; x_wconf 81' lang='grc' dir='ltr'>τοῦ</span> 
     </span>
    </p>
   </div>
   <div class='ocr_carea' id='block_1_9' title="bbox 387 824 1949 911">
    <p class='ocr_par' dir='ltr' id='par_1_9' title="bbox 387 824 1949 911">
     <span class='ocr_line' id='line_1_9' title="bbox 387 824 1949 911; baseline 0.01 -33"><span class='ocrx_word' id='word_1_43' title='bbox 387 824 639 897; x_wconf 85' lang='grc' dir='ltr'>σώματος</span> <span class='ocrx_word' id='word_1_44' title='bbox 682 830 893 899; x_wconf 76' lang='grc' dir='ltr'>ἡλικίαν</span> <span class='ocrx_word' id='word_1_45' title='bbox 953 832 1310 905; x_wconf 84' lang='grc' dir='ltr'>προϐεϐηκὼς</span> <span class='ocrx_word' id='word_1_46' title='bbox 1356 836 1440 907; x_wconf 84' lang='grc' dir='ltr'><strong>είη</strong></span> <span class='ocrx_word' id='word_1_47' title='bbox 1485 837 1640 908; x_wconf 83' lang='grc' dir='ltr'>ἀνὴρ,</span> <span class='ocrx_word' id='word_1_48' title='bbox 1694 842 1949 911; x_wconf 75' lang='grc' dir='ltr'><strong>στραφεὶς</strong></span> 
     </span>
    </p>
   </div>
   <div class='ocr_carea' id='block_1_10' title="bbox 386 918 1945 1003">
    <p class='ocr_par' dir='ltr' id='par_1_10' title="bbox 386 918 1945 1003">
     <span class='ocr_line' id='line_1_10' title="bbox 386 918 1945 1003; baseline 0.01 -33"><span class='ocrx_word' id='word_1_49' title='bbox 386 918 581 986; x_wconf 76' lang='grc' dir='ltr'>γένοιτ’</span> <span class='ocrx_word' id='word_1_50' title='bbox 597 919 658 973; x_wconf 86' lang='grc' dir='ltr'>ἂν</span> <span class='ocrx_word' id='word_1_51' title='bbox 677 921 751 983; x_wconf 86' lang='grc' dir='ltr'>ὡς</span> <span class='ocrx_word' id='word_1_52' title='bbox 778 920 1008 977; x_wconf 79' lang='grc' dir='ltr'>παιδίον.</span> <span class='ocrx_word' id='word_1_53' title='bbox 1032 926 1091 977; x_wconf 76' lang='grc' dir='ltr'><strong>Εἰ</strong></span> <span class='ocrx_word' id='word_1_54' title='bbox 1124 925 1181 978; x_wconf 85' lang='grc' dir='ltr'>δὲ</span> <span class='ocrx_word' id='word_1_55' title='bbox 1218 926 1380 997; x_wconf 81' lang='grc' dir='ltr'>μηδὲν</span> <span class='ocrx_word' id='word_1_56' title='bbox 1394 918 1599 981; x_wconf 86' lang='grc' dir='ltr'>τούτων</span> <span class='ocrx_word' id='word_1_57' title='bbox 1625 930 1945 1003; x_wconf 83' lang='grc' dir='ltr'>πράξαιμεν,</span> 
     </span>
    </p>
   </div>
   <div class='ocr_carea' id='block_1_11' title="bbox 386 1010 1946 1093">
    <p class='ocr_par' dir='ltr' id='par_1_11' title="bbox 386 1010 1946 1093">
     <span class='ocr_line' id='line_1_11' title="bbox 386 1010 1946 1093; baseline 0.01 -32"><span class='ocrx_word' id='word_1_58' title='bbox 386 1010 650 1080; x_wconf 77' lang='grc' dir='ltr'>ἀποφάσει</span> <span class='ocrx_word' id='word_1_59' title='bbox 685 1012 780 1065; x_wconf 80' lang='grc' dir='ltr'>τοῦ</span> <span class='ocrx_word' id='word_1_60' title='bbox 828 1015 1081 1088; x_wconf 79' lang='grc' dir='ltr'><strong>Σωτῆρος</strong></span> <span class='ocrx_word' id='word_1_61' title='bbox 1125 1018 1635 1090; x_wconf 85' lang='grc' dir='ltr'>ὑποϐληθησόμεθα,</span> <span class='ocrx_word' id='word_1_62' title='bbox 1680 1022 1816 1093; x_wconf 85' lang='grc' dir='ltr'>μετὰ</span> <span class='ocrx_word' id='word_1_63' title='bbox 1855 1022 1946 1076; x_wconf 80' lang='grc' dir='ltr'>τοῦ</span> 
     </span>
    </p>
   </div>
   <div class='ocr_carea' id='block_1_12' title="bbox 393 1101 1948 1183">
    <p class='ocr_par' dir='ltr' id='par_1_12' title="bbox 393 1101 1948 1183">
     <span class='ocr_line' id='line_1_12' title="bbox 393 1101 1948 1183; baseline 0.01 -30"><span class='ocrx_word' id='word_1_64' title='bbox 393 1101 535 1173; x_wconf 80' lang='grc' dir='ltr'>ἀμὴν</span> <span class='ocrx_word' id='word_1_65' title='bbox 558 1104 999 1176; x_wconf 75' lang='grc' dir='ltr'>ἀποφηναμένου,</span> <span class='ocrx_word' id='word_1_66' title='bbox 1027 1111 1106 1162; x_wconf 87' lang='grc' dir='ltr'>ὄτι</span> <span class='ocrx_word' id='word_1_67' title='bbox 1137 1110 1275 1181; x_wconf 79' lang='grc' dir='ltr'>εἰμὴ</span> <span class='ocrx_word' id='word_1_68' title='bbox 1306 1110 1611 1183; x_wconf 79' lang='grc' dir='ltr'>πράξαιμεν</span> <span class='ocrx_word' id='word_1_69' title='bbox 1631 1115 1822 1180; x_wconf 80' lang='grc' dir='ltr'>ταῦτα,</span> <span class='ocrx_word' id='word_1_70' title='bbox 1850 1116 1948 1169; x_wconf 81' lang='grc' dir='ltr'><strong>οὐκ</strong></span> 
     </span>
    </p>
   </div>
   <div class='ocr_carea' id='block_1_13' title="bbox 389 1192 1552 1272">
    <p class='ocr_par' dir='ltr' id='par_1_13' title="bbox 389 1192 1552 1272">
     <span class='ocr_line' id='line_1_13' title="bbox 389 1192 1552 1272; baseline 0.01 -27"><span class='ocrx_word' id='word_1_71' title='bbox 389 1192 534 1248; x_wconf 78' lang='grc' dir='ltr'>ἔσται</span> <span class='ocrx_word' id='word_1_72' title='bbox 565 1195 694 1265; x_wconf 76' lang='grc' dir='ltr'>ἡμῖν</span> <span class='ocrx_word' id='word_1_73' title='bbox 725 1198 996 1270; x_wconf 82' lang='grc' dir='ltr'>είσιτητὸν</span> <span class='ocrx_word' id='word_1_74' title='bbox 1029 1202 1109 1263; x_wconf 81' lang='grc' dir='ltr'><strong>εἰς</strong></span> <span class='ocrx_word' id='word_1_75' title='bbox 1142 1201 1238 1272; x_wconf 84' lang='grc' dir='ltr'>τὴν</span> <span class='ocrx_word' id='word_1_76' title='bbox 1263 1202 1552 1272; x_wconf 78' lang='grc' dir='ltr'>βασιλείαν.</span> 
     </span>
    </p>
   </div>
   <div class='ocr_carea' id='block_1_14' title="bbox 1028 1289 1295 1363">
    <p class='ocr_par' dir='ltr' id='par_1_14' title="bbox 1028 1289 1295 1363">
     <span class='ocr_line' id='line_1_14' title="bbox 1028 1289 1295 1363; baseline 0.011 -22"><span class='ocrx_word' id='word_1_77' title='bbox 1028 1289 1133 1341; x_wconf 85' lang='lat' dir='ltr'><strong>KB&#39;</strong></span> <span class='ocrx_word' id='word_1_78' title='bbox 1164 1290 1295 1363; x_wconf 83' lang='lat' dir='ltr'><strong>(l9).</strong></span> 
     </span>
    </p>
   </div>
   <div class='ocr_carea' id='block_1_15' title="bbox 454 1375 1941 1461">
    <p class='ocr_par' dir='ltr' id='par_1_15' title="bbox 454 1375 1941 1461">
     <span class='ocr_line' id='line_1_15' title="bbox 454 1375 1941 1461; baseline 0.011 -33"><span class='ocrx_word' id='word_1_79' title='bbox 454 1375 645 1446; x_wconf 88' lang='grc' dir='ltr'>Ὁμοία</span> <span class='ocrx_word' id='word_1_80' title='bbox 692 1377 749 1431; x_wconf 86' lang='grc' dir='ltr'>δὲ</span> <span class='ocrx_word' id='word_1_81' title='bbox 797 1380 947 1451; x_wconf 86' lang='grc' dir='ltr'><strong>παρά</strong></span> <span class='ocrx_word' id='word_1_82' title='bbox 976 1380 1054 1451; x_wconf 84' lang='grc' dir='ltr'><strong>τῷ</strong></span> <span class='ocrx_word' id='word_1_83' title='bbox 1096 1383 1357 1456; x_wconf 87' lang='grc' dir='ltr'>Ματθαίῳ</span> <span class='ocrx_word' id='word_1_84' title='bbox 1408 1388 1584 1461; x_wconf 79' lang='grc' dir='ltr'>κεῖται</span> <span class='ocrx_word' id='word_1_85' title='bbox 1640 1389 1941 1461; x_wconf 83' lang='grc' dir='ltr'>παραϐολή.</span> 
     </span>
    </p>
   </div>
   <div class='ocr_carea' id='block_1_16' title="bbox 374 1460 1944 1549">
    <p class='ocr_par' dir='ltr' id='par_1_16' title="bbox 374 1460 1944 1549">
     <span class='ocr_line' id='line_1_16' title="bbox 374 1460 1944 1549; baseline 0.01 -31"><span class='ocrx_word' id='word_1_86' title='bbox 374 1465 620 1538; x_wconf 82' lang='grc' dir='ltr'>Ὠσπερ,</span> <span class='ocrx_word' id='word_1_87' title='bbox 670 1469 780 1542; x_wconf 92' lang='grc' dir='ltr'><strong>γάρ</strong></span> <span class='ocrx_word' id='word_1_88' title='bbox 822 1488 1004 1542; x_wconf 84' lang='grc' dir='ltr'>φησιν,</span> <span class='ocrx_word' id='word_1_89' title='bbox 1049 1472 1333 1545; x_wconf 80' lang='grc' dir='ltr'>ἅνθρωπος</span> <span class='ocrx_word' id='word_1_90' title='bbox 1375 1460 1668 1549; x_wconf 85' lang='grc' dir='ltr'>ἀποδημῶν</span> <span class='ocrx_word' id='word_1_91' title='bbox 1722 1460 1944 1533; x_wconf 75' lang='grc' dir='ltr'>ἐκάλεσε</span> 
     </span>
    </p>
   </div>
   <div class='ocr_carea' id='block_1_17' title="bbox 371 1559 1941 1637">
    <p class='ocr_par' dir='ltr' id='par_1_17' title="bbox 371 1559 1941 1637">
     <span class='ocr_line' id='line_1_17' title="bbox 371 1559 1941 1637; baseline 0.01 -26"><span class='ocrx_word' id='word_1_92' title='bbox 371 1560 495 1622; x_wconf 76' lang='grc' dir='ltr'>τοὺς</span> <span class='ocrx_word' id='word_1_93' title='bbox 528 1559 692 1625; x_wconf 80' lang='grc' dir='ltr'>ἰδίους</span> <span class='ocrx_word' id='word_1_94' title='bbox 722 1560 959 1629; x_wconf 78' lang='grc' dir='ltr'>δούλους,</span> <span class='ocrx_word' id='word_1_95' title='bbox 996 1566 1089 1619; x_wconf 69' lang='grc' dir='ltr'>καὶ</span> <span class='ocrx_word' id='word_1_96' title='bbox 1120 1559 1164 1634; x_wconf 84' lang='grc' dir='ltr'><strong>ᾧ</strong></span> <span class='ocrx_word' id='word_1_97' title='bbox 1192 1567 1288 1637; x_wconf 88' lang='grc' dir='ltr'><strong>μὲν</strong></span> <span class='ocrx_word' id='word_1_98' title='bbox 1315 1567 1480 1622; x_wconf 78' lang='grc' dir='ltr'>ἔδωκε</span> <span class='ocrx_word' id='word_1_99' title='bbox 1506 1570 1663 1624; x_wconf 83' lang='grc' dir='ltr'>πέντε</span> <span class='ocrx_word' id='word_1_100' title='bbox 1688 1572 1941 1636; x_wconf 88' lang='grc' dir='ltr'>τάλαντα,</span> 
     </span>
    </p>
   </div>
   <div class='ocr_carea' id='block_1_18' title="bbox 370 1642 1945 1738">
    <p class='ocr_par' dir='ltr' id='par_1_18' title="bbox 370 1642 1945 1738">
     <span class='ocr_line' id='line_1_18' title="bbox 370 1642 1945 1738; baseline 0.011 -35"><span class='ocrx_word' id='word_1_101' title='bbox 370 1642 415 1717; x_wconf 83' lang='grc' dir='ltr'>ᾧ</span> <span class='ocrx_word' id='word_1_102' title='bbox 463 1651 521 1705; x_wconf 83' lang='grc' dir='ltr'>δὲ</span> <span class='ocrx_word' id='word_1_103' title='bbox 551 1652 662 1717; x_wconf 91' lang='grc' dir='ltr'>δύο,</span> <span class='ocrx_word' id='word_1_104' title='bbox 704 1647 747 1721; x_wconf 84' lang='grc' dir='ltr'><strong>ᾧ</strong></span> <span class='ocrx_word' id='word_1_105' title='bbox 770 1656 825 1708; x_wconf 83' lang='grc' dir='ltr'>δὲ</span> <span class='ocrx_word' id='word_1_106' title='bbox 860 1656 949 1709; x_wconf 75' lang='grc' dir='ltr'><strong>ἓν·</strong></span> <span class='ocrx_word' id='word_1_107' title='bbox 984 1659 1104 1712; x_wconf 72' lang='grc' dir='ltr'>ἐπεὶ</span> <span class='ocrx_word' id='word_1_108' title='bbox 1148 1660 1315 1715; x_wconf 83' lang='grc' dir='ltr'>πολλὰ</span> <span class='ocrx_word' id='word_1_109' title='bbox 1353 1664 1605 1734; x_wconf 80' lang='grc' dir='ltr'>τυγχάνει</span> <span class='ocrx_word' id='word_1_110' title='bbox 1672 1665 1741 1718; x_wconf 82' lang='grc' dir='ltr'>τὰ</span> <span class='ocrx_word' id='word_1_111' title='bbox 1791 1668 1945 1738; x_wconf 85' lang='grc' dir='ltr'>χαρί-</span> 
     </span>
    </p>
   </div>
   <div class='ocr_carea' id='block_1_19' title="bbox 371 1744 1941 1827">
    <p class='ocr_par' dir='ltr' id='par_1_19' title="bbox 371 1744 1941 1827">
     <span class='ocr_line' id='line_1_19' title="bbox 371 1744 1941 1827; baseline 0.012 -34"><span class='ocrx_word' id='word_1_112' title='bbox 371 1759 554 1812; x_wconf 84' lang='grc' dir='ltr'>σματα</span> <span class='ocrx_word' id='word_1_113' title='bbox 583 1744 822 1817; x_wconf 85' lang='grc' dir='ltr'>διάφοροί</span> <span class='ocrx_word' id='word_1_114' title='bbox 842 1766 900 1801; x_wconf 90' lang='grc' dir='ltr'><strong>τε</strong></span> <span class='ocrx_word' id='word_1_115' title='bbox 927 1749 1019 1803; x_wconf 79' lang='grc' dir='ltr'>τοῦ</span> <span class='ocrx_word' id='word_1_116' title='bbox 1049 1751 1201 1819; x_wconf 86' lang='grc' dir='ltr'>ἁγίου</span> <span class='ocrx_word' id='word_1_117' title='bbox 1224 1753 1535 1826; x_wconf 80' lang='grc' dir='ltr'>Πνεῦματος</span> <span class='ocrx_word' id='word_1_118' title='bbox 1560 1759 1614 1811; x_wconf 78' lang='grc' dir='ltr'>αἱ</span> <span class='ocrx_word' id='word_1_119' title='bbox 1638 1756 1941 1827; x_wconf 73' lang='grc' dir='ltr'>διαιρέσεις,</span> 
     </span>
    </p>
   </div>
   <div class='ocr_carea' id='block_1_20' title="bbox 2052 565 3603 639">
    <p class='ocr_par' dir='ltr' id='par_1_20' title="bbox 2052 565 3603 639">
     <span class='ocr_line' id='line_1_20' title="bbox 2052 565 3603 639; baseline 0.002 -18"><span class='ocrx_word' id='word_1_120' title='bbox 2052 567 2098 621; x_wconf 89' lang='lat' dir='ltr'><strong>si</strong></span> <span class='ocrx_word' id='word_1_121' title='bbox 2145 565 2353 621; x_wconf 85' lang='lat' dir='ltr'><strong>nosm&#39;et</strong></span> <span class='ocrx_word' id='word_1_122' title='bbox 2410 575 2632 634; x_wconf 77' lang='lat' dir='ltr'><strong>propter</strong></span> <span class='ocrx_word' id='word_1_123' title='bbox 2680 580 2899 636; x_wconf 81' lang='lat' dir='ltr'><strong>regnum</strong></span> <span class='ocrx_word' id='word_1_124' title='bbox 2952 569 3215 624; x_wconf 82' lang='lat' dir='ltr'><strong>caelorum</strong></span> <span class='ocrx_word' id='word_1_125' title='bbox 3278 571 3603 639; x_wconf 88' lang='lat' dir='ltr'><strong>spadonabi-</strong></span> 
     </span>
    </p>
   </div>
   <div class='ocr_carea' id='block_1_21' title="bbox 2050 656 3604 731">
    <p class='ocr_par' dir='ltr' id='par_1_21' title="bbox 2050 656 3604 731">
     <span class='ocr_line' id='line_1_21' title="bbox 2050 656 3604 731; baseline 0.004 -19"><span class='ocrx_word' id='word_1_126' title='bbox 2050 673 2169 713; x_wconf 90' lang='lat' dir='ltr'><strong>mus</strong></span> <span class='ocrx_word' id='word_1_127' title='bbox 2205 657 2314 731; x_wconf 82' lang='grc'><strong>(18)</strong></span> <span class='ocrx_word' id='word_1_128' title='bbox 2345 675 2358 725; x_wconf 86' lang='grc'><strong>;</strong></span> <span class='ocrx_word' id='word_1_129' title='bbox 2391 658 2470 713; x_wconf 91' lang='lat' dir='ltr'><strong>sic</strong></span> <span class='ocrx_word' id='word_1_130' title='bbox 2499 659 2643 713; x_wconf 91' lang='lat' dir='ltr'><strong>enim</strong></span> <span class='ocrx_word' id='word_1_131' title='bbox 2673 656 2835 713; x_wconf 89' lang='lat' dir='ltr'><strong>homo</strong></span> <span class='ocrx_word' id='word_1_132' title='bbox 2865 660 3160 728; x_wconf 67' lang='lat' dir='ltr'><strong>praecidens</strong></span> <span class='ocrx_word' id='word_1_133' title='bbox 3204 676 3268 717; x_wconf 83' lang='lat' dir='ltr'><strong>ex</strong></span> <span class='ocrx_word' id='word_1_134' title='bbox 3298 663 3477 717; x_wconf 85' lang='lat' dir='ltr'><strong>anima</strong></span> <span class='ocrx_word' id='word_1_135' title='bbox 3504 678 3604 718; x_wconf 72' lang='lat' dir='ltr'><strong>sua</strong></span> 
     </span>
    </p>
   </div>
   <div class='ocr_carea' id='block_1_22' title="bbox 2052 752 3599 825">
    <p class='ocr_par' dir='ltr' id='par_1_22' title="bbox 2052 752 3599 825">
     <span class='ocr_line' id='line_1_22' title="bbox 2052 752 3599 825; baseline 0.005 -22"><span class='ocrx_word' id='word_1_136' title='bbox 2052 759 2257 820; x_wconf 91' lang='lat' dir='ltr'><strong>turpem</strong></span> <span class='ocrx_word' id='word_1_137' title='bbox 2310 752 2607 822; x_wconf 90' lang='lat' dir='ltr'><strong>quamlibet</strong></span> <span class='ocrx_word' id='word_1_138' title='bbox 2664 764 2718 808; x_wconf 91' lang='lat' dir='ltr'><strong>et</strong></span> <span class='ocrx_word' id='word_1_139' title='bbox 2779 756 3225 824; x_wconf 79' lang='lat' dir='ltr'><strong>intemperantem</strong></span> <span class='ocrx_word' id='word_1_140' title='bbox 3276 755 3599 825; x_wconf 72' lang='lat' dir='ltr'><strong>ptissionem,</strong></span> 
     </span>
    </p>
   </div>
   <div class='ocr_carea' id='block_1_23' title="bbox 2047 844 3602 917">
    <p class='ocr_par' dir='ltr' id='par_1_23' title="bbox 2047 844 3602 917">
     <span class='ocr_line' id='line_1_23' title="bbox 2047 844 3602 917; baseline 0.003 -20"><span class='ocrx_word' id='word_1_141' title='bbox 2047 844 2149 897; x_wconf 90' lang='lat' dir='ltr'><strong>etsi</strong></span> <span class='ocrx_word' id='word_1_142' title='bbox 2206 844 2445 913; x_wconf 86' lang='lat' dir='ltr'><strong>corporis</strong></span> <span class='ocrx_word' id='word_1_143' title='bbox 2497 854 2655 901; x_wconf 72' lang='lat' dir='ltr'><strong>:rtate</strong></span> <span class='ocrx_word' id='word_1_144' title='bbox 2720 847 2828 917; x_wconf 88' lang='lat' dir='ltr'><strong>jam</strong></span> <span class='ocrx_word' id='word_1_145' title='bbox 2877 847 2961 901; x_wconf 85' lang='lat' dir='ltr'><strong>vir</strong></span> <span class='ocrx_word' id='word_1_146' title='bbox 3003 846 3259 913; x_wconf 89' lang='lat' dir='ltr'><strong>evaserit,</strong></span> <span class='ocrx_word' id='word_1_147' title='bbox 3307 860 3602 901; x_wconf 86' lang='lat' dir='ltr'><strong>conversus</strong></span> 
     </span>
    </p>
   </div>
   <div class='ocr_carea' id='block_1_24' title="bbox 2049 933 3598 1005">
    <p class='ocr_par' dir='ltr' id='par_1_24' title="bbox 2049 933 3598 1005">
     <span class='ocr_line' id='line_1_24' title="bbox 2049 933 3598 1005; baseline 0.004 -19"><span class='ocrx_word' id='word_1_148' title='bbox 2049 933 2140 987; x_wconf 85' lang='lat' dir='ltr'><strong>ﬁet</strong></span> <span class='ocrx_word' id='word_1_149' title='bbox 2175 944 2426 1003; x_wconf 80' lang='lat' dir='ltr'><strong>tanquam</strong></span> <span class='ocrx_word' id='word_1_150' title='bbox 2452 952 2605 1005; x_wconf 88' lang='lat' dir='ltr'><strong>puer.</strong></span> <span class='ocrx_word' id='word_1_151' title='bbox 2632 936 2725 991; x_wconf 89' lang='lat' dir='ltr'><strong>Sin</strong></span> <span class='ocrx_word' id='word_1_152' title='bbox 2753 952 2879 992; x_wconf 88' lang='lat' dir='ltr'><strong>vero</strong></span> <span class='ocrx_word' id='word_1_153' title='bbox 2905 936 3040 991; x_wconf 88' lang='lat' dir='ltr'><strong>nihil</strong></span> <span class='ocrx_word' id='word_1_154' title='bbox 3063 937 3253 990; x_wconf 89' lang='lat' dir='ltr'><strong>horum</strong></span> <span class='ocrx_word' id='word_1_155' title='bbox 3284 935 3598 1001; x_wconf 86' lang='lat' dir='ltr'><strong>fecerimus,</strong></span> 
     </span>
    </p>
   </div>
   <div class='ocr_carea' id='block_1_25' title="bbox 2058 1025 3598 1098">
    <p class='ocr_par' dir='ltr' id='par_1_25' title="bbox 2058 1025 3598 1098">
     <span class='ocr_line' id='line_1_25' title="bbox 2058 1025 3598 1098; baseline 0.003 -18"><span class='ocrx_word' id='word_1_156' title='bbox 2058 1025 2365 1081; x_wconf 84' lang='lat' dir='ltr'><strong>Servatoris</strong></span> <span class='ocrx_word' id='word_1_157' title='bbox 2416 1029 2696 1083; x_wconf 62' lang='lat' dir='ltr'><strong>sententia:</strong></span> <span class='ocrx_word' id='word_1_158' title='bbox 2751 1030 3120 1098; x_wconf 90' lang='lat' dir='ltr'><strong>subjiciemur,</strong></span> <span class='ocrx_word' id='word_1_159' title='bbox 3182 1042 3301 1081; x_wconf 91' lang='lat' dir='ltr'><strong>cum</strong></span> <span class='ocrx_word' id='word_1_160' title='bbox 3362 1027 3598 1084; x_wconf 86' lang='lat' dir='ltr'><strong>dictione</strong></span> 
     </span>
    </p>
   </div>
   <div class='ocr_carea' id='block_1_26' title="bbox 2056 1118 3594 1191">
    <p class='ocr_par' dir='ltr' id='par_1_26' title="bbox 2056 1118 3594 1191">
     <span class='ocr_line' id='line_1_26' title="bbox 2056 1118 3594 1191; baseline 0.003 -21"><span class='ocrx_word' id='word_1_161' title='bbox 2056 1131 2213 1171; x_wconf 92' lang='lat' dir='ltr'><strong>amen</strong></span> <span class='ocrx_word' id='word_1_162' title='bbox 2250 1118 2671 1185; x_wconf 88' lang='lat' dir='ltr'><strong>interminantis,</strong></span> <span class='ocrx_word' id='word_1_163' title='bbox 2704 1120 2844 1188; x_wconf 88' lang='lat' dir='ltr'><strong>quod</strong></span> <span class='ocrx_word' id='word_1_164' title='bbox 2870 1120 2970 1175; x_wconf 90' lang='lat' dir='ltr'><strong>nisi</strong></span> <span class='ocrx_word' id='word_1_165' title='bbox 3006 1121 3077 1174; x_wconf 92' lang='lat' dir='ltr'><strong>ita</strong></span> <span class='ocrx_word' id='word_1_166' title='bbox 3114 1133 3209 1174; x_wconf 89' lang='lat' dir='ltr'><strong>nos</strong></span> <span class='ocrx_word' id='word_1_167' title='bbox 3253 1120 3594 1191; x_wconf 77' lang='lat' dir='ltr'><strong>gesserimus,</strong></span> 
     </span>
    </p>
   </div>
   <div class='ocr_carea' id='block_1_27' title="bbox 2045 1211 3208 1281">
    <p class='ocr_par' dir='ltr' id='par_1_27' title="bbox 2045 1211 3208 1281">
     <span class='ocr_line' id='line_1_27' title="bbox 2045 1211 3208 1281; baseline 0.002 -18"><span class='ocrx_word' id='word_1_168' title='bbox 2045 1224 2152 1264; x_wconf 90' lang='lat' dir='ltr'><strong>non</strong></span> <span class='ocrx_word' id='word_1_169' title='bbox 2180 1211 2384 1279; x_wconf 78' lang='lat' dir='ltr'><strong>patebit</strong></span> <span class='ocrx_word' id='word_1_170' title='bbox 2412 1212 2568 1267; x_wconf 85' lang='lat' dir='ltr'><strong>nobis</strong></span> <span class='ocrx_word' id='word_1_171' title='bbox 2594 1214 2662 1268; x_wconf 90' lang='lat' dir='ltr'><strong>ad</strong></span> <span class='ocrx_word' id='word_1_172' title='bbox 2687 1227 2909 1281; x_wconf 83' lang='lat' dir='ltr'><strong>regnum</strong></span> <span class='ocrx_word' id='word_1_173' title='bbox 2934 1211 3208 1267; x_wconf 88' lang='lat' dir='ltr'><strong>introitus.</strong></span> 
     </span>
    </p>
   </div>
   <div class='ocr_carea' id='block_1_28' title="bbox 2118 1301 3592 1460">
    <p class='ocr_par' dir='ltr' id='par_1_28' title="bbox 2118 1301 3592 1460">
     <span class='ocr_line' id='line_1_28' title="bbox 2118 1301 3592 1460; baseline 0 -19"><span class='ocrx_word' id='word_1_174' title='bbox 2118 1385 2226 1442; x_wconf 83' lang='lat' dir='ltr'><strong>Par</strong></span> <span class='ocrx_word' id='word_1_175' title='bbox 2280 1389 2419 1459; x_wconf 88' lang='lat' dir='ltr'><strong>apud</strong></span> <span class='ocrx_word' id='word_1_176' title='bbox 2472 1301 3046 1460; x_wconf 43' lang='lat' dir='ltr'><strong>Mattliteuﬁquu‘oque</strong></span> <span class='ocrx_word' id='word_1_177' title='bbox 3086 1398 3265 1446; x_wconf 80' lang='lat' dir='ltr'><strong>exstat</strong></span> <span class='ocrx_word' id='word_1_178' title='bbox 3316 1385 3592 1460; x_wconf 83' lang='lat' dir='ltr'><strong>parabola.</strong></span> 
     </span>
    </p>
   </div>
   <div class='ocr_carea' id='block_1_29' title="bbox 2044 1479 3599 1553">
    <p class='ocr_par' dir='ltr' id='par_1_29' title="bbox 2044 1479 3599 1553">
     <span class='ocr_line' id='line_1_29' title="bbox 2044 1479 3599 1553; baseline 0.001 -19"><span class='ocrx_word' id='word_1_179' title='bbox 2044 1479 2254 1534; x_wconf 85' lang='lat' dir='ltr'><strong>Etenim</strong></span> <span class='ocrx_word' id='word_1_180' title='bbox 2286 1481 2469 1545; x_wconf 92' lang='lat' dir='ltr'><strong>homo,</strong></span> <span class='ocrx_word' id='word_1_181' title='bbox 2504 1491 2562 1533; x_wconf 92' lang='lat' dir='ltr'><strong>ut</strong></span> <span class='ocrx_word' id='word_1_182' title='bbox 2598 1482 2693 1547; x_wconf 91' lang='lat' dir='ltr'><strong>ait,</strong></span> <span class='ocrx_word' id='word_1_183' title='bbox 2727 1496 2950 1553; x_wconf 79' lang='lat' dir='ltr'><strong>peregre</strong></span> <span class='ocrx_word' id='word_1_184' title='bbox 2982 1482 3354 1552; x_wconf 84' lang='lat' dir='ltr'><strong>proficiscens,</strong></span> <span class='ocrx_word' id='word_1_185' title='bbox 3392 1483 3599 1538; x_wconf 85' lang='lat' dir='ltr'><strong>vocavit</strong></span> 
     </span>
    </p>
   </div>
   <div class='ocr_carea' id='block_1_30' title="bbox 2045 1573 3594 1643">
    <p class='ocr_par' dir='ltr' id='par_1_30' title="bbox 2045 1573 3594 1643">
     <span class='ocr_line' id='line_1_30' title="bbox 2045 1573 3594 1643; baseline 0.002 -19"><span class='ocrx_word' id='word_1_186' title='bbox 2045 1584 2233 1626; x_wconf 86' lang='lat' dir='ltr'><strong>servos</strong></span> <span class='ocrx_word' id='word_1_187' title='bbox 2278 1587 2436 1639; x_wconf 89' lang='lat' dir='ltr'><strong>suos;</strong></span> <span class='ocrx_word' id='word_1_188' title='bbox 2469 1582 2523 1626; x_wconf 90' lang='lat' dir='ltr'><strong>et</strong></span> <span class='ocrx_word' id='word_1_189' title='bbox 2558 1574 2648 1627; x_wconf 92' lang='lat' dir='ltr'><strong>uni</strong></span> <span class='ocrx_word' id='word_1_190' title='bbox 2679 1573 2894 1643; x_wconf 87' lang='lat' dir='ltr'><strong>quidem</strong></span> <span class='ocrx_word' id='word_1_191' title='bbox 2926 1574 3071 1628; x_wconf 81' lang='lat' dir='ltr'><strong>dedit</strong></span> <span class='ocrx_word' id='word_1_192' title='bbox 3105 1574 3346 1643; x_wconf 92' lang='lat' dir='ltr'><strong>quinque</strong></span> <span class='ocrx_word' id='word_1_193' title='bbox 3377 1575 3594 1640; x_wconf 87' lang='lat' dir='ltr'><strong>talenta,</strong></span> 
     </span>
    </p>
   </div>
   <div class='ocr_carea' id='block_1_31' title="bbox 2045 1659 3599 1733">
    <p class='ocr_par' dir='ltr' id='par_1_31' title="bbox 2045 1659 3599 1733">
     <span class='ocr_line' id='line_1_31' title="bbox 2045 1659 3599 1733; baseline 0.004 -20"><span class='ocrx_word' id='word_1_194' title='bbox 2045 1659 2200 1715; x_wconf 88' lang='lat' dir='ltr'><strong>alteri</strong></span> <span class='ocrx_word' id='word_1_195' title='bbox 2229 1661 2357 1725; x_wconf 91' lang='lat' dir='ltr'><strong>duo,</strong></span> <span class='ocrx_word' id='word_1_196' title='bbox 2389 1662 2548 1715; x_wconf 91' lang='lat' dir='ltr'><strong>tertio</strong></span> <span class='ocrx_word' id='word_1_197' title='bbox 2567 1663 2798 1732; x_wconf 89' lang='lat' dir='ltr'><strong>denique</strong></span> <span class='ocrx_word' id='word_1_198' title='bbox 2825 1677 2989 1717; x_wconf 90' lang='lat' dir='ltr'><strong>unum</strong></span> <span class='ocrx_word' id='word_1_199' title='bbox 3016 1665 3063 1697; x_wconf 80' lang='grc'><strong>⁵⁷</strong></span> <span class='ocrx_word' id='word_1_200' title='bbox 3088 1680 3101 1730; x_wconf 85' lang='lat'><strong>;</strong></span> <span class='ocrx_word' id='word_1_201' title='bbox 3133 1669 3259 1733; x_wconf 91' lang='lat' dir='ltr'><strong>quia</strong></span> <span class='ocrx_word' id='word_1_202' title='bbox 3285 1664 3449 1719; x_wconf 90' lang='lat' dir='ltr'><strong>multa</strong></span> <span class='ocrx_word' id='word_1_203' title='bbox 3475 1675 3599 1720; x_wconf 84' lang='lat' dir='ltr'><strong>sunt</strong></span> 
     </span>
    </p>
   </div>
   <div class='ocr_carea' id='block_1_32' title="bbox 2047 1751 3599 1823">
    <p class='ocr_par' dir='ltr' id='par_1_32' title="bbox 2047 1751 3599 1823">
     <span class='ocr_line' id='line_1_32' title="bbox 2047 1751 3599 1823; baseline 0.003 -17"><span class='ocrx_word' id='word_1_204' title='bbox 2047 1751 2212 1816; x_wconf 90' lang='lat' dir='ltr'><strong>dona,</strong></span> <span class='ocrx_word' id='word_1_205' title='bbox 2241 1761 2295 1806; x_wconf 93' lang='lat' dir='ltr'><strong>et</strong></span> <span class='ocrx_word' id='word_1_206' title='bbox 2319 1752 2547 1808; x_wconf 69' lang='lat' dir='ltr'><strong>diversa:</strong></span> <span class='ocrx_word' id='word_1_207' title='bbox 2574 1754 2749 1809; x_wconf 82' lang='lat' dir='ltr'><strong>sancti</strong></span> <span class='ocrx_word' id='word_1_208' title='bbox 2794 1753 3031 1823; x_wconf 89' lang='lat' dir='ltr'><strong>Spiritus</strong></span> <span class='ocrx_word' id='word_1_209' title='bbox 3069 1756 3445 1822; x_wconf 81' lang='lat' dir='ltr'><strong>diribitiones;</strong></span> <span class='ocrx_word' id='word_1_210' title='bbox 3478 1755 3599 1810; x_wconf 79' lang='lat' dir='ltr'><strong>uni-</strong></span> 
     </span>
    </p>
   </div>
   <div class='ocr_carea' id='block_1_33' title="bbox 374 1834 1930 1920">
    <p class='ocr_par' dir='ltr' id='par_1_33' title="bbox 374 1834 1930 1918">
     <span class='ocr_line' id='line_1_33' title="bbox 374 1834 1930 1918; baseline 0.011 -32"><span class='ocrx_word' id='word_1_211' title='bbox 374 1834 591 1907; x_wconf 70' lang='grc' dir='ltr'>ἑκάστῳ</span> <span class='ocrx_word' id='word_1_212' title='bbox 608 1836 663 1889; x_wconf 79' lang='grc' dir='ltr'>δὲ</span> <span class='ocrx_word' id='word_1_213' title='bbox 691 1839 889 1895; x_wconf 82' lang='grc' dir='ltr'>δίδοται</span> <span class='ocrx_word' id='word_1_214' title='bbox 915 1843 1050 1913; x_wconf 84' lang='grc' dir='ltr'>πρὸς</span> <span class='ocrx_word' id='word_1_215' title='bbox 1077 1844 1138 1897; x_wconf 86' lang='grc' dir='ltr'>τὸ</span> <span class='ocrx_word' id='word_1_216' title='bbox 1165 1846 1439 1918; x_wconf 82' lang='grc' dir='ltr'>συμφέρον</span> <span class='ocrx_word' id='word_1_217' title='bbox 1458 1864 1471 1877; x_wconf 90' lang='grc'><strong>·</strong></span> <span class='ocrx_word' id='word_1_218' title='bbox 1490 1849 1698 1916; x_wconf 86' lang='grc' dir='ltr'>γένοιτο</span> <span class='ocrx_word' id='word_1_219' title='bbox 1718 1849 1785 1903; x_wconf 79' lang='grc' dir='ltr'>ἄν</span> <span class='ocrx_word' id='word_1_220' title='bbox 1808 1866 1930 1903; x_wconf 85' lang='grc' dir='ltr'>ποτε</span> 
     </span>
    </p>
   </div>
   <div class='ocr_carea' id='block_1_34' title="bbox 2032 1834 3597 1920">
    <p class='ocr_par' dir='ltr' id='par_1_34' title="bbox 2043 1843 3597 1920">
     <span class='ocr_line' id='line_1_34' title="bbox 2043 1843 3597 1920; baseline 0.005 -22"><span class='ocrx_word' id='word_1_221' title='bbox 2043 1843 2240 1913; x_wconf 87' lang='lat' dir='ltr'><strong>cuique</strong></span> <span class='ocrx_word' id='word_1_222' title='bbox 2280 1853 2458 1899; x_wconf 88' lang='lat' dir='ltr'><strong>autem</strong></span> <span class='ocrx_word' id='word_1_223' title='bbox 2496 1845 2654 1899; x_wconf 90' lang='lat' dir='ltr'><strong>datur</strong></span> <span class='ocrx_word' id='word_1_224' title='bbox 2672 1847 3375 1918; x_wconf 84' lang='lat' dir='ltr'><strong>proutexpedit.Contingit</strong></span> <span class='ocrx_word' id='word_1_225' title='bbox 3402 1850 3597 1920; x_wconf 85' lang='lat' dir='ltr'><strong>quippe</strong></span> 
     </span>
    </p>
   </div>
   <div class='ocr_carea' id='block_1_35' title="bbox 376 1924 1934 2008">
    <p class='ocr_par' dir='ltr' id='par_1_35' title="bbox 376 1924 1934 2008">
     <span class='ocr_line' id='line_1_35' title="bbox 376 1924 1934 2008; baseline 0.01 -30"><span class='ocrx_word' id='word_1_226' title='bbox 376 1926 407 1978; x_wconf 86' lang='grc' dir='ltr'><strong>ὁ</strong></span> <span class='ocrx_word' id='word_1_227' title='bbox 446 1924 546 1993; x_wconf 86' lang='grc' dir='ltr'><strong>μέν</strong></span> <span class='ocrx_word' id='word_1_228' title='bbox 575 1944 658 1991; x_wconf 86' lang='grc' dir='ltr'><strong>τις</strong></span> <span class='ocrx_word' id='word_1_229' title='bbox 688 1928 803 1992; x_wconf 71' lang='grc' dir='ltr'>ἑνὸς</span> <span class='ocrx_word' id='word_1_230' title='bbox 846 1932 1069 2003; x_wconf 80' lang='grc' dir='ltr'>μέτοχος</span> <span class='ocrx_word' id='word_1_231' title='bbox 1100 1936 1455 2008; x_wconf 85' lang='grc' dir='ltr'>χαρίσματος,</span> <span class='ocrx_word' id='word_1_232' title='bbox 1485 1939 1512 1991; x_wconf 86' lang='grc' dir='ltr'><strong>ό</strong></span> <span class='ocrx_word' id='word_1_233' title='bbox 1535 1938 1592 1992; x_wconf 84' lang='grc' dir='ltr'><strong>δὲ</strong></span> <span class='ocrx_word' id='word_1_234' title='bbox 1623 1939 1787 2005; x_wconf 79' lang='grc' dir='ltr'>δυοῖν,</span> <span class='ocrx_word' id='word_1_235' title='bbox 1826 1941 1854 1993; x_wconf 89' lang='grc' dir='ltr'><strong>ό</strong></span> <span class='ocrx_word' id='word_1_236' title='bbox 1880 1940 1934 1994; x_wconf 82' lang='grc' dir='ltr'>δὲ</span> 
     </span>
    </p>
   </div>
   <div class='ocr_carea' id='block_1_36' title="bbox 376 2020 1934 2105">
    <p class='ocr_par' dir='ltr' id='par_1_36' title="bbox 376 2020 1934 2105">
     <span class='ocr_line' id='line_1_36' title="bbox 376 2020 1934 2105; baseline 0.013 -34"><span class='ocrx_word' id='word_1_237' title='bbox 376 2020 638 2075; x_wconf 85' lang='grc' dir='ltr'>πλειόνων</span> <span class='ocrx_word' id='word_1_238' title='bbox 661 2038 675 2053; x_wconf 90' lang='grc'><strong>·</strong></span> <span class='ocrx_word' id='word_1_239' title='bbox 704 2024 872 2091; x_wconf 78' lang='grc' dir='ltr'>οὕτως</span> <span class='ocrx_word' id='word_1_240' title='bbox 900 2025 992 2083; x_wconf 75' lang='grc' dir='ltr'><strong>οὖν</strong></span> <span class='ocrx_word' id='word_1_241' title='bbox 1013 2031 1242 2103; x_wconf 80' lang='grc' dir='ltr'>εἴρηται,</span> <span class='ocrx_word' id='word_1_242' title='bbox 1268 2032 1345 2105; x_wconf 83' lang='grc' dir='ltr'><strong>τῷ</strong></span> <span class='ocrx_word' id='word_1_243' title='bbox 1369 2036 1465 2105; x_wconf 83' lang='grc' dir='ltr'><strong>μὲν</strong></span> <span class='ocrx_word' id='word_1_244' title='bbox 1502 2036 1741 2091; x_wconf 84' lang='grc' dir='ltr'>δεδόσθαι</span> <span class='ocrx_word' id='word_1_245' title='bbox 1774 2039 1934 2093; x_wconf 81' lang='grc' dir='ltr'>πέντε</span> 
     </span>
    </p>
   </div>
   <div class='ocr_carea' id='block_1_37' title="bbox 376 2115 1934 2201">
    <p class='ocr_par' dir='ltr' id='par_1_37' title="bbox 376 2115 1934 2201">
     <span class='ocr_line' id='line_1_37' title="bbox 376 2115 1934 2201; baseline 0.013 -34"><span class='ocrx_word' id='word_1_246' title='bbox 376 2115 629 2183; x_wconf 71' lang='grc' dir='ltr'>τάλαντα,</span> <span class='ocrx_word' id='word_1_247' title='bbox 660 2119 924 2175; x_wconf 80' lang='grc' dir='ltr'>τοσούτων</span> <span class='ocrx_word' id='word_1_248' title='bbox 957 2127 1308 2197; x_wconf 84' lang='grc' dir='ltr'>χαρισμάτων</span> <span class='ocrx_word' id='word_1_249' title='bbox 1331 2128 1417 2182; x_wconf 82' lang='grc' dir='ltr'><strong>διὰ</strong></span> <span class='ocrx_word' id='word_1_250' title='bbox 1441 2130 1535 2183; x_wconf 81' lang='grc' dir='ltr'>τοῦ</span> <span class='ocrx_word' id='word_1_251' title='bbox 1578 2131 1730 2201; x_wconf 82' lang='grc' dir='ltr'>ἁγίου</span> <span class='ocrx_word' id='word_1_252' title='bbox 1764 2133 1934 2186; x_wconf 83' lang='grc' dir='ltr'>Πνεύ-</span> 
     </span>
    </p>
   </div>
   <div class='ocr_carea' id='block_1_38' title="bbox 380 2208 1931 2291">
    <p class='ocr_par' dir='ltr' id='par_1_38' title="bbox 380 2208 1931 2291">
     <span class='ocr_line' id='line_1_38' title="bbox 380 2208 1931 2291; baseline 0.013 -33"><span class='ocrx_word' id='word_1_253' title='bbox 380 2223 548 2276; x_wconf 83' lang='grc' dir='ltr'>ματος</span> <span class='ocrx_word' id='word_1_254' title='bbox 595 2208 744 2291; x_wconf 78' lang='grc' dir='ltr'>αὐτῷ</span> <span class='ocrx_word' id='word_1_255' title='bbox 789 2210 1213 2285; x_wconf 78' lang='grc' dir='ltr'>δεδωρημένων·</span> <span class='ocrx_word' id='word_1_256' title='bbox 1249 2219 1419 2291; x_wconf 83' lang='grc' dir='ltr'>ἑτέρῳ</span> <span class='ocrx_word' id='word_1_257' title='bbox 1468 2220 1523 2273; x_wconf 83' lang='grc' dir='ltr'>δὲ</span> <span class='ocrx_word' id='word_1_258' title='bbox 1570 2222 1630 2274; x_wconf 84' lang='grc' dir='ltr'><strong>οὐ</strong></span> <span class='ocrx_word' id='word_1_259' title='bbox 1675 2221 1931 2291; x_wconf 79' lang='grc' dir='ltr'>τοσαῦτα,</span> 
     </span>
    </p>
   </div>
   <div class='ocr_carea' id='block_1_39' title="bbox 374 2287 1935 2385">
    <p class='ocr_par' dir='ltr' id='par_1_39' title="bbox 374 2287 1935 2385">
     <span class='ocr_line' id='line_1_39' title="bbox 374 2287 1935 2385; baseline 0.014 -34"><span class='ocrx_word' id='word_1_260' title='bbox 374 2299 485 2352; x_wconf 84' lang='grc' dir='ltr'>ἀλλ’</span> <span class='ocrx_word' id='word_1_261' title='bbox 514 2300 571 2354; x_wconf 80' lang='grc' dir='ltr'>ἓν</span> <span class='ocrx_word' id='word_1_262' title='bbox 595 2287 766 2373; x_wconf 53' lang='grc' dir='ltr'>μόνον</span> <span class='ocrx_word' id='word_1_263' title='bbox 816 2301 1053 2373; x_wconf 72' lang='grc' dir='ltr'>δέδοται,</span> <span class='ocrx_word' id='word_1_264' title='bbox 1112 2306 1170 2374; x_wconf 82' lang='grc' dir='ltr'>ὃς</span> <span class='ocrx_word' id='word_1_265' title='bbox 1212 2287 1455 2377; x_wconf 79' lang='grc' dir='ltr'>πλείονος</span> <span class='ocrx_word' id='word_1_266' title='bbox 1491 2316 1640 2385; x_wconf 84' lang='grc' dir='ltr'>τύχοι</span> <span class='ocrx_word' id='word_1_267' title='bbox 1674 2316 1739 2371; x_wconf 83' lang='grc' dir='ltr'><strong>ἂν</strong></span> <span class='ocrx_word' id='word_1_268' title='bbox 1770 2287 1935 2372; x_wconf 42' lang='grc' dir='ltr'><strong>καταζ</strong></span> 
     </span>
    </p>
   </div>
   <div class='ocr_carea' id='block_1_40' title="bbox 372 2392 1931 2483">
    <p class='ocr_par' dir='ltr' id='par_1_40' title="bbox 372 2392 1931 2483">
     <span class='ocr_line' id='line_1_40' title="bbox 372 2392 1931 2483; baseline 0.013 -38"><span class='ocrx_word' id='word_1_269' title='bbox 372 2392 621 2483; x_wconf 84' lang='grc' dir='ltr'>κρίσεως,</span> <span class='ocrx_word' id='word_1_270' title='bbox 660 2398 740 2450; x_wconf 82' lang='grc' dir='ltr'><strong>ὅτι</strong></span> <span class='ocrx_word' id='word_1_271' title='bbox 783 2398 916 2470; x_wconf 87' lang='grc' dir='ltr'>μηδὲ</span> <span class='ocrx_word' id='word_1_272' title='bbox 946 2400 1113 2454; x_wconf 86' lang='grc' dir='ltr'>πολλά</span> <span class='ocrx_word' id='word_1_273' title='bbox 1150 2402 1386 2476; x_wconf 79' lang='grc' dir='ltr'>εἰληφὼς</span> <span class='ocrx_word' id='word_1_274' title='bbox 1425 2406 1499 2471; x_wconf 83' lang='grc' dir='ltr'><strong>ὡς</strong></span> <span class='ocrx_word' id='word_1_275' title='bbox 1536 2409 1839 2479; x_wconf 84' lang='grc' dir='ltr'>ἀποκνῆσαι</span> <span class='ocrx_word' id='word_1_276' title='bbox 1866 2414 1931 2483; x_wconf 83' lang='grc' dir='ltr'>τῇ</span> 
     </span>
    </p>
   </div>
   <div class='ocr_carea' id='block_1_41' title="bbox 369 2481 1933 2571">
    <p class='ocr_par' dir='ltr' id='par_1_41' title="bbox 369 2481 1933 2571">
     <span class='ocr_line' id='line_1_41' title="bbox 369 2481 1933 2571; baseline 0.012 -37"><span class='ocrx_word' id='word_1_277' title='bbox 369 2481 473 2536; x_wconf 81' lang='grc' dir='ltr'><strong>τῶν</strong></span> <span class='ocrx_word' id='word_1_278' title='bbox 489 2485 747 2539; x_wconf 84' lang='grc' dir='ltr'>πλειόνων</span> <span class='ocrx_word' id='word_1_279' title='bbox 762 2489 1010 2560; x_wconf 79' lang='grc' dir='ltr'>ἐργασίᾳ,</span> <span class='ocrx_word' id='word_1_280' title='bbox 1028 2491 1146 2545; x_wconf 77' lang='grc' dir='ltr'>οὐδὲ</span> <span class='ocrx_word' id='word_1_281' title='bbox 1168 2493 1261 2546; x_wconf 79' lang='grc' dir='ltr'>τοῦ</span> <span class='ocrx_word' id='word_1_282' title='bbox 1282 2495 1398 2559; x_wconf 74' lang='grc' dir='ltr'>ἑνὸς</span> <span class='ocrx_word' id='word_1_283' title='bbox 1420 2497 1508 2549; x_wconf 87' lang='grc' dir='ltr'><strong>τὸν</strong></span> <span class='ocrx_word' id='word_1_284' title='bbox 1524 2499 1732 2569; x_wconf 82' lang='grc' dir='ltr'>καρπὸν</span> <span class='ocrx_word' id='word_1_285' title='bbox 1751 2481 1933 2571; x_wconf 55' lang='grc' dir='ltr'>ἐπορίέ</span> 
     </span>
    </p>
   </div>
   <div class='ocr_carea' id='block_1_42' title="bbox 371 2578 1936 2660">
    <p class='ocr_par' dir='ltr' id='par_1_42' title="bbox 371 2578 1936 2660">
     <span class='ocr_line' id='line_1_42' title="bbox 371 2578 1936 2660; baseline 0.011 -33"><span class='ocrx_word' id='word_1_286' title='bbox 371 2593 518 2639; x_wconf 85' lang='grc' dir='ltr'>σατο,</span> <span class='ocrx_word' id='word_1_287' title='bbox 545 2578 715 2649; x_wconf 82' lang='grc' dir='ltr'>ἀργὸν</span> <span class='ocrx_word' id='word_1_288' title='bbox 740 2579 798 2631; x_wconf 86' lang='grc' dir='ltr'><strong>δὲ</strong></span> <span class='ocrx_word' id='word_1_289' title='bbox 830 2581 960 2633; x_wconf 84' lang='grc' dir='ltr'>αὐτὸ</span> <span class='ocrx_word' id='word_1_290' title='bbox 1004 2582 1263 2650; x_wconf 80' lang='grc' dir='ltr'>φυλάξας,</span> <span class='ocrx_word' id='word_1_291' title='bbox 1293 2589 1384 2640; x_wconf 72' lang='grc' dir='ltr'><strong>καὶ</strong></span> <span class='ocrx_word' id='word_1_292' title='bbox 1419 2588 1492 2659; x_wconf 84' lang='grc' dir='ltr'><strong>μὴ</strong></span> <span class='ocrx_word' id='word_1_293' title='bbox 1533 2590 1788 2660; x_wconf 79' lang='grc' dir='ltr'>μεταδοὺς</span> <span class='ocrx_word' id='word_1_294' title='bbox 1821 2590 1936 2646; x_wconf 80' lang='grc' dir='ltr'>ἐτέ-</span> 
     </span>
    </p>
   </div>
   <div class='ocr_carea' id='block_1_43' title="bbox 373 2669 1936 2753">
    <p class='ocr_par' dir='ltr' id='par_1_43' title="bbox 373 2669 1936 2753">
     <span class='ocr_line' id='line_1_43' title="bbox 373 2669 1936 2753; baseline 0.012 -34"><span class='ocrx_word' id='word_1_295' title='bbox 373 2683 502 2736; x_wconf 83' lang='grc' dir='ltr'>ροις,</span> <span class='ocrx_word' id='word_1_296' title='bbox 524 2669 845 2742; x_wconf 80' lang='grc' dir='ltr'>στερήσεται</span> <span class='ocrx_word' id='word_1_297' title='bbox 866 2674 960 2726; x_wconf 76' lang='grc' dir='ltr'><strong>καὶ</strong></span> <span class='ocrx_word' id='word_1_298' title='bbox 970 2674 1158 2730; x_wconf 79' lang='grc' dir='ltr'>τούτου</span> <span class='ocrx_word' id='word_1_299' title='bbox 1176 2678 1316 2732; x_wconf 85' lang='grc' dir='ltr'><strong>κατά</strong></span> <span class='ocrx_word' id='word_1_300' title='bbox 1340 2678 1436 2751; x_wconf 84' lang='grc' dir='ltr'>τὴν</span> <span class='ocrx_word' id='word_1_301' title='bbox 1458 2683 1718 2752; x_wconf 86' lang='grc' dir='ltr'>σωτήριον</span> <span class='ocrx_word' id='word_1_302' title='bbox 1732 2684 1936 2753; x_wconf 79' lang='grc' dir='ltr'>ἀπόφα-</span> 
     </span>
    </p>
   </div>
   <div class='ocr_carea' id='block_1_44' title="bbox 371 2761 1930 2845">
    <p class='ocr_par' dir='ltr' id='par_1_44' title="bbox 371 2761 1930 2845">
     <span class='ocr_line' id='line_1_44' title="bbox 371 2761 1930 2845; baseline 0.01 -34"><span class='ocrx_word' id='word_1_303' title='bbox 371 2776 470 2823; x_wconf 91' lang='grc' dir='ltr'>σιν,</span> <span class='ocrx_word' id='word_1_304' title='bbox 489 2761 801 2832; x_wconf 78' lang='grc' dir='ltr'>ἐλέγχοντος</span> <span class='ocrx_word' id='word_1_305' title='bbox 815 2765 975 2819; x_wconf 81' lang='grc' dir='ltr'>αὑτὸν</span> <span class='ocrx_word' id='word_1_306' title='bbox 993 2768 1085 2821; x_wconf 79' lang='grc' dir='ltr'>τοῦ</span> <span class='ocrx_word' id='word_1_307' title='bbox 1106 2770 1289 2840; x_wconf 78' lang='grc' dir='ltr'>κριτοῦ</span> <span class='ocrx_word' id='word_1_308' title='bbox 1303 2771 1394 2823; x_wconf 71' lang='grc' dir='ltr'><strong>ἐπὶ</strong></span> <span class='ocrx_word' id='word_1_309' title='bbox 1404 2772 1568 2843; x_wconf 79' lang='grc' dir='ltr'>ἀργίᾳ</span> <span class='ocrx_word' id='word_1_310' title='bbox 1581 2772 1674 2825; x_wconf 74' lang='grc' dir='ltr'>κα).</span> <span class='ocrx_word' id='word_1_311' title='bbox 1685 2772 1930 2845; x_wconf 84' lang='grc' dir='ltr'>όκνηρίᾳ,</span> 
     </span>
    </p>
   </div>
   <div class='ocr_carea' id='block_1_45' title="bbox 367 2854 1931 2932">
    <p class='ocr_par' dir='ltr' id='par_1_45' title="bbox 367 2854 1931 2932">
     <span class='ocr_line' id='line_1_45' title="bbox 367 2854 1931 2932; baseline 0.008 -28"><span class='ocrx_word' id='word_1_312' title='bbox 367 2854 461 2913; x_wconf 71' lang='grc' dir='ltr'>καὶ</span> <span class='ocrx_word' id='word_1_313' title='bbox 497 2854 733 2925; x_wconf 68' lang='grc' dir='ltr'>φοϐερὰν</span> <span class='ocrx_word' id='word_1_314' title='bbox 754 2856 980 2928; x_wconf 80' lang='grc' dir='ltr'>ἀπειλὴν</span> <span class='ocrx_word' id='word_1_315' title='bbox 1020 2859 1112 2911; x_wconf 60' lang='grc' dir='ltr'><strong>καὶ¹</strong></span> <span class='ocrx_word' id='word_1_316' title='bbox 1139 2860 1317 2930; x_wconf 86' lang='grc' dir='ltr'>κρίσιν</span> <span class='ocrx_word' id='word_1_317' title='bbox 1351 2862 1622 2932; x_wconf 80' lang='grc' dir='ltr'>ἀπότομον</span> <span class='ocrx_word' id='word_1_318' title='bbox 1638 2862 1931 2917; x_wconf 78' lang='grc' dir='ltr'>κατάύτοῦ</span> 
     </span>
    </p>
   </div>
   <div class='ocr_carea' id='block_1_46' title="bbox 367 2940 1933 3025">
    <p class='ocr_par' dir='ltr' id='par_1_46' title="bbox 367 2940 1933 3025">
     <span class='ocr_line' id='line_1_46' title="bbox 367 2940 1933 3025; baseline 0.011 -34"><span class='ocrx_word' id='word_1_319' title='bbox 367 2940 707 3013; x_wconf 69' lang='grc' dir='ltr'>ἐκφέροντος.</span> <span class='ocrx_word' id='word_1_320' title='bbox 740 2946 803 2997; x_wconf 87' lang='grc' dir='ltr'>Οί</span> <span class='ocrx_word' id='word_1_321' title='bbox 828 2945 883 2998; x_wconf 85' lang='grc' dir='ltr'>δὲ</span> <span class='ocrx_word' id='word_1_322' title='bbox 905 2948 997 2999; x_wconf 84' lang='grc' dir='ltr'><strong>καὶ</strong></span> <span class='ocrx_word' id='word_1_323' title='bbox 1026 2948 1284 3002; x_wconf 86' lang='grc' dir='ltr'>πλειόνων</span> <span class='ocrx_word' id='word_1_324' title='bbox 1312 2950 1405 3002; x_wconf 83' lang='grc' dir='ltr'><strong>τοῦ</strong></span> <span class='ocrx_word' id='word_1_325' title='bbox 1432 2952 1587 3021; x_wconf 84' lang='grc' dir='ltr'>ἁγίου</span> <span class='ocrx_word' id='word_1_326' title='bbox 1618 2954 1933 3025; x_wconf 87' lang='grc' dir='ltr'>Πνεύματος</span> 
     </span>
    </p>
   </div>
   <div class='ocr_carea' id='block_1_47' title="bbox 367 3031 1933 3117">
    <p class='ocr_par' dir='ltr' id='par_1_47' title="bbox 367 3031 1933 3117">
     <span class='ocr_line' id='line_1_47' title="bbox 367 3031 1933 3117; baseline 0.01 -33"><span class='ocrx_word' id='word_1_327' title='bbox 367 3031 660 3103; x_wconf 71' lang='grc' dir='ltr'>ἠξιωμένοι</span> <span class='ocrx_word' id='word_1_328' title='bbox 690 3038 1065 3108; x_wconf 86' lang='grc' dir='ltr'>χαρισμάτων,</span> <span class='ocrx_word' id='word_1_329' title='bbox 1112 3037 1227 3094; x_wconf 87' lang='grc' dir='ltr'>εἷτα</span> <span class='ocrx_word' id='word_1_330' title='bbox 1257 3041 1457 3096; x_wconf 86' lang='grc' dir='ltr'>τούτων</span> <span class='ocrx_word' id='word_1_331' title='bbox 1483 3045 1573 3097; x_wconf 81' lang='grc' dir='ltr'><strong>τὸν</strong></span> <span class='ocrx_word' id='word_1_332' title='bbox 1607 3045 1813 3117; x_wconf 82' lang='grc' dir='ltr'>καρπὸν</span> <span class='ocrx_word' id='word_1_333' title='bbox 1844 3045 1933 3099; x_wconf 83' lang='grc' dir='ltr'>διὰ</span> 
     </span>
    </p>
   </div>
   <div class='ocr_carea' id='block_1_48' title="bbox 366 3128 1931 3201">
    <p class='ocr_par' dir='ltr' id='par_1_48' title="bbox 366 3128 1931 3201">
     <span class='ocr_line' id='line_1_48' title="bbox 366 3128 1931 3201; baseline 0.01 -24"><span class='ocrx_word' id='word_1_334' title='bbox 366 3128 466 3197; x_wconf 75' lang='grc' dir='ltr'>τῆς</span> <span class='ocrx_word' id='word_1_335' title='bbox 496 3130 797 3200; x_wconf 81' lang='grc' dir='ltr'>πρακτικῆς</span> <span class='ocrx_word' id='word_1_336' title='bbox 821 3132 1082 3201; x_wconf 78' lang='grc' dir='ltr'>ἐργασίας</span> <span class='ocrx_word' id='word_1_337' title='bbox 1103 3134 1651 3200; x_wconf 84' lang='grc' dir='ltr'>πολυπλασιάσαντες,</span> <span class='ocrx_word' id='word_1_338' title='bbox 1676 3137 1816 3191; x_wconf 80' lang='grc' dir='ltr'>κατὰ</span> <span class='ocrx_word' id='word_1_339' title='bbox 1841 3139 1931 3192; x_wconf 81' lang='grc' dir='ltr'><strong>τὸν</strong></span> 
     </span>
    </p>
   </div>
   <div class='ocr_carea' id='block_1_49' title="bbox 367 3219 1932 3300">
    <p class='ocr_par' dir='ltr' id='par_1_49' title="bbox 367 3219 1932 3300">
     <span class='ocr_line' id='line_1_49' title="bbox 367 3219 1932 3300; baseline 0.008 -29"><span class='ocrx_word' id='word_1_340' title='bbox 367 3219 555 3291; x_wconf 78' lang='grc' dir='ltr'>καιρὸν</span> <span class='ocrx_word' id='word_1_341' title='bbox 586 3221 685 3291; x_wconf 83' lang='grc' dir='ltr'>τῆς</span> <span class='ocrx_word' id='word_1_342' title='bbox 711 3222 817 3275; x_wconf 83' lang='grc' dir='ltr'><strong>τῶν</strong></span> <span class='ocrx_word' id='word_1_343' title='bbox 849 3224 1018 3292; x_wconf 89' lang='grc' dir='ltr'>λόγων</span> <span class='ocrx_word' id='word_1_344' title='bbox 1050 3228 1360 3297; x_wconf 84' lang='grc' dir='ltr'>συνάρσεως</span> <span class='ocrx_word' id='word_1_345' title='bbox 1390 3227 1569 3293; x_wconf 78' lang='grc' dir='ltr'>δεξιᾶς</span> <span class='ocrx_word' id='word_1_346' title='bbox 1606 3229 1699 3281; x_wconf 71' lang='grc' dir='ltr'><strong>καὶ</strong></span> <span class='ocrx_word' id='word_1_347' title='bbox 1723 3229 1932 3300; x_wconf 79' lang='grc' dir='ltr'>ἀγαθῆς</span> 
     </span>
    </p>
   </div>
   <div class='ocr_carea' id='block_1_50' title="bbox 368 3312 1933 3391">
    <p class='ocr_par' dir='ltr' id='par_1_50' title="bbox 368 3312 1933 3391">
     <span class='ocr_line' id='line_1_50' title="bbox 368 3312 1933 3391; baseline 0.008 -28"><span class='ocrx_word' id='word_1_348' title='bbox 368 3312 670 3383; x_wconf 81' lang='grc' dir='ltr'>μαρτυρίας</span> <span class='ocrx_word' id='word_1_349' title='bbox 702 3314 998 3381; x_wconf 82' lang='grc' dir='ltr'>τεύξονται.</span> <span class='ocrx_word' id='word_1_350' title='bbox 1038 3318 1124 3369; x_wconf 87' lang='grc' dir='ltr'>Ἐν</span> <span class='ocrx_word' id='word_1_351' title='bbox 1149 3317 1349 3386; x_wconf 86' lang='grc' dir='ltr'>ὀλίγοις</span> <span class='ocrx_word' id='word_1_352' title='bbox 1381 3318 1488 3391; x_wconf 89' lang='grc' dir='ltr'><strong>γάρ</strong></span> <span class='ocrx_word' id='word_1_353' title='bbox 1514 3319 1933 3391; x_wconf 82' lang='grc' dir='ltr'>δοκιμασθέντας</span> 
     </span>
    </p>
   </div>
   <div class='ocr_carea' id='block_1_51' title="bbox 363 3405 1932 3482">
    <p class='ocr_par' dir='ltr' id='par_1_51' title="bbox 363 3405 1932 3482">
     <span class='ocr_line' id='line_1_51' title="bbox 363 3405 1932 3482; baseline 0.006 -25"><span class='ocrx_word' id='word_1_354' title='bbox 363 3408 473 3469; x_wconf 89' lang='grc' dir='ltr'>τοῖς</span> <span class='ocrx_word' id='word_1_355' title='bbox 506 3405 643 3459; x_wconf 85' lang='grc' dir='ltr'><strong>κατά</strong></span> <span class='ocrx_word' id='word_1_356' title='bbox 674 3406 766 3459; x_wconf 75' lang='grc' dir='ltr'><strong>τὸν</strong></span> <span class='ocrx_word' id='word_1_357' title='bbox 791 3408 1060 3463; x_wconf 79' lang='grc' dir='ltr'>ἐνεστῶτα</span> <span class='ocrx_word' id='word_1_358' title='bbox 1087 3409 1218 3480; x_wconf 86' lang='grc' dir='ltr'>βίον,</span> <span class='ocrx_word' id='word_1_359' title='bbox 1247 3412 1505 3482; x_wconf 78' lang='grc' dir='ltr'>μειζόνων</span> <span class='ocrx_word' id='word_1_360' title='bbox 1534 3414 1640 3465; x_wconf 84' lang='grc' dir='ltr'>τῶν</span> <span class='ocrx_word' id='word_1_361' title='bbox 1670 3413 1808 3467; x_wconf 84' lang='grc' dir='ltr'>κατὰ</span> <span class='ocrx_word' id='word_1_362' title='bbox 1841 3415 1932 3466; x_wconf 85' lang='grc' dir='ltr'>τὸν</span> 
     </span>
    </p>
   </div>
   <div class='ocr_carea' id='block_1_52' title="bbox 368 3496 1931 3572">
    <p class='ocr_par' dir='ltr' id='par_1_52' title="bbox 368 3496 1931 3572">
     <span class='ocr_line' id='line_1_52' title="bbox 368 3496 1931 3572; baseline 0.006 -23"><span class='ocrx_word' id='word_1_363' title='bbox 368 3496 622 3566; x_wconf 88' lang='grc' dir='ltr'>μέλλοντα</span> <span class='ocrx_word' id='word_1_364' title='bbox 636 3498 807 3553; x_wconf 82' lang='grc' dir='ltr'>αίῶνα</span> <span class='ocrx_word' id='word_1_365' title='bbox 820 3501 912 3552; x_wconf 80' lang='grc' dir='ltr'><strong>καὶ</strong></span> <span class='ocrx_word' id='word_1_366' title='bbox 928 3497 1189 3572; x_wconf 76' lang='grc' dir='ltr'>οὐρανίων</span> <span class='ocrx_word' id='word_1_367' title='bbox 1210 3503 1456 3557; x_wconf 76' lang='grc' dir='ltr'>ἐπάθλων</span> <span class='ocrx_word' id='word_1_368' title='bbox 1470 3506 1811 3570; x_wconf 82' lang='grc' dir='ltr'>καταξιώσει.</span> <span class='ocrx_word' id='word_1_369' title='bbox 1829 3501 1931 3559; x_wconf 78' lang='grc' dir='ltr'><strong>Τὸν</strong></span> 
     </span>
    </p>
   </div>
   <div class='ocr_carea' id='block_1_53' title="bbox 363 3586 1930 3670">
    <p class='ocr_par' dir='ltr' id='par_1_53' title="bbox 363 3586 1930 3670">
     <span class='ocr_line' id='line_1_53' title="bbox 363 3586 1930 3670; baseline 0.008 -31"><span class='ocrx_word' id='word_1_370' title='bbox 363 3586 417 3639; x_wconf 77' lang='grc' dir='ltr'>δὲ</span> <span class='ocrx_word' id='word_1_371' title='bbox 436 3589 665 3660; x_wconf 83' lang='grc' dir='ltr'>πονηρὸν</span> <span class='ocrx_word' id='word_1_372' title='bbox 683 3591 776 3643; x_wconf 76' lang='grc' dir='ltr'><strong>καὶ</strong></span> <span class='ocrx_word' id='word_1_373' title='bbox 795 3590 1022 3662; x_wconf 83' lang='grc' dir='ltr'>ὀκνηρὸν</span> <span class='ocrx_word' id='word_1_374' title='bbox 1047 3592 1228 3647; x_wconf 81' lang='grc' dir='ltr'>δοῦλον</span> <span class='ocrx_word' id='word_1_375' title='bbox 1253 3590 1474 3664; x_wconf 75' lang='grc' dir='ltr'>ἐλέγξας</span> <span class='ocrx_word' id='word_1_376' title='bbox 1498 3594 1589 3650; x_wconf 69' lang='grc' dir='ltr'><strong>ἐπὶ</strong></span> <span class='ocrx_word' id='word_1_377' title='bbox 1610 3600 1676 3669; x_wconf 84' lang='grc' dir='ltr'>τῇ</span> <span class='ocrx_word' id='word_1_378' title='bbox 1699 3598 1930 3670; x_wconf 81' lang='grc' dir='ltr'>πονηρίᾳ</span> 
     </span>
    </p>
   </div>
   <div class='ocr_carea' id='block_1_54' title="bbox 367 3680 1930 3761">
    <p class='ocr_par' dir='ltr' id='par_1_54' title="bbox 367 3680 1930 3761">
     <span class='ocr_line' id='line_1_54' title="bbox 367 3680 1930 3761; baseline 0.007 -30"><span class='ocrx_word' id='word_1_379' title='bbox 367 3680 458 3732; x_wconf 76' lang='grc' dir='ltr'><strong>καὶ</strong></span> <span class='ocrx_word' id='word_1_380' title='bbox 480 3682 556 3750; x_wconf 81' lang='grc' dir='ltr'>τῷ</span> <span class='ocrx_word' id='word_1_381' title='bbox 571 3682 734 3752; x_wconf 79' lang='grc' dir='ltr'>δκνῳ,</span> <span class='ocrx_word' id='word_1_382' title='bbox 750 3685 814 3753; x_wconf 83' lang='grc' dir='ltr'>τῇ</span> <span class='ocrx_word' id='word_1_383' title='bbox 834 3684 1181 3759; x_wconf 83' lang='grc' dir='ltr'>προσηκούσῃ</span> <span class='ocrx_word' id='word_1_384' title='bbox 1197 3687 1507 3758; x_wconf 79' lang='grc' dir='ltr'>παραδώσει</span> <span class='ocrx_word' id='word_1_385' title='bbox 1521 3689 1642 3761; x_wconf 83' lang='grc' dir='ltr'>δίκῃ</span> <span class='ocrx_word' id='word_1_386' title='bbox 1657 3706 1670 3720; x_wconf 76' lang='grc'><strong>⁸</strong></span> <span class='ocrx_word' id='word_1_387' title='bbox 1703 3689 1930 3760; x_wconf 83' lang='grc' dir='ltr'>ὀκνηρὸν</span> 
     </span>
    </p>
   </div>
   <div class='ocr_carea' id='block_1_55' title="bbox 368 3772 1929 3850">
    <p class='ocr_par' dir='ltr' id='par_1_55' title="bbox 368 3772 1929 3850">
     <span class='ocr_line' id='line_1_55' title="bbox 368 3772 1929 3850; baseline 0.006 -26"><span class='ocrx_word' id='word_1_388' title='bbox 368 3772 465 3841; x_wconf 84' lang='grc' dir='ltr'>μὲν</span> <span class='ocrx_word' id='word_1_389' title='bbox 493 3774 659 3828; x_wconf 80' lang='grc' dir='ltr'>αὑτὸν</span> <span class='ocrx_word' id='word_1_390' title='bbox 684 3775 853 3829; x_wconf 78' lang='grc' dir='ltr'>εἰπὼν</span> <span class='ocrx_word' id='word_1_391' title='bbox 884 3777 971 3830; x_wconf 79' lang='grc' dir='ltr'>διὰ</span> <span class='ocrx_word' id='word_1_392' title='bbox 1000 3776 1061 3829; x_wconf 80' lang='grc' dir='ltr'><strong>τὸ</strong></span> <span class='ocrx_word' id='word_1_393' title='bbox 1094 3778 1257 3849; x_wconf 77' lang='grc' dir='ltr'>μηδὲν</span> <span class='ocrx_word' id='word_1_394' title='bbox 1283 3780 1529 3850; x_wconf 77' lang='grc' dir='ltr'>ἐθελῆσαι</span> <span class='ocrx_word' id='word_1_395' title='bbox 1569 3780 1675 3833; x_wconf 84' lang='grc' dir='ltr'><strong>τῶν</strong></span> <span class='ocrx_word' id='word_1_396' title='bbox 1704 3780 1929 3834; x_wconf 86' lang='grc' dir='ltr'>δεόντων</span> 
     </span>
    </p>
   </div>
   <div class='ocr_carea' id='block_1_56' title="bbox 361 3863 1929 3942">
    <p class='ocr_par' dir='ltr' id='par_1_56' title="bbox 361 3863 1929 3942">
     <span class='ocr_line' id='line_1_56' title="bbox 361 3863 1929 3942; baseline 0.006 -27"><span class='ocrx_word' id='word_1_397' title='bbox 361 3863 725 3934; x_wconf 77' lang='grc' dir='ltr'>ἐργάσασθαι,</span> <span class='ocrx_word' id='word_1_398' title='bbox 767 3868 1001 3940; x_wconf 75' lang='grc' dir='ltr'>πονηρὸν</span> <span class='ocrx_word' id='word_1_399' title='bbox 1038 3869 1095 3922; x_wconf 86' lang='grc' dir='ltr'>δὲ</span> <span class='ocrx_word' id='word_1_400' title='bbox 1131 3869 1217 3923; x_wconf 88' lang='grc' dir='ltr'>διὰ</span> <span class='ocrx_word' id='word_1_401' title='bbox 1247 3869 1307 3922; x_wconf 78' lang='grc' dir='ltr'><strong>τὸ</strong></span> <span class='ocrx_word' id='word_1_402' title='bbox 1346 3866 1612 3942; x_wconf 82' lang='grc' dir='ltr'>τολμῆσαι</span> <span class='ocrx_word' id='word_1_403' title='bbox 1653 3871 1815 3941; x_wconf 85' lang='grc' dir='ltr'>φάναι</span> <span class='ocrx_word' id='word_1_404' title='bbox 1852 3870 1929 3942; x_wconf 83' lang='grc' dir='ltr'>τῷ</span> 
     </span>
    </p>
   </div>
   <div class='ocr_carea' id='block_1_57' title="bbox 361 3954 1924 4033">
    <p class='ocr_par' dir='ltr' id='par_1_57' title="bbox 361 3954 1924 4033">
     <span class='ocr_line' id='line_1_57' title="bbox 361 3954 1924 4033; baseline 0.007 -28"><span class='ocrx_word' id='word_1_405' title='bbox 361 3954 550 4007; x_wconf 77' lang='grc' dir='ltr'>ἑαυτοῦ</span> <span class='ocrx_word' id='word_1_406' title='bbox 584 3956 779 4028; x_wconf 82' lang='grc' dir='ltr'>κυρίῳ,</span> <span class='ocrx_word' id='word_1_407' title='bbox 818 3959 1096 4030; x_wconf 78' lang='grc' dir='ltr'>Αύστηρὸς</span> <span class='ocrx_word' id='word_1_408' title='bbox 1138 3956 1189 4013; x_wconf 86' lang='grc' dir='ltr'>εἷ</span> <span class='ocrx_word' id='word_1_409' title='bbox 1224 3961 1525 4033; x_wconf 84' lang='grc' dir='ltr'>ἄνθρωπος,</span> <span class='ocrx_word' id='word_1_410' title='bbox 1551 3964 1644 4016; x_wconf 79' lang='grc' dir='ltr'>καὶ</span> <span class='ocrx_word' id='word_1_411' title='bbox 1674 3963 1742 4017; x_wconf 85' lang='grc' dir='ltr'>τὰ</span> <span class='ocrx_word' id='word_1_412' title='bbox 1777 3962 1924 4033; x_wconf 80' lang='grc' dir='ltr'>ἑξῆς.</span> 
     </span>
    </p>
   </div>
   <div class='ocr_carea' id='block_1_58' title="bbox 374 4042 1924 4121">
    <p class='ocr_par' dir='ltr' id='par_1_58' title="bbox 374 4042 1924 4121">
     <span class='ocr_line' id='line_1_58' title="bbox 374 4042 1924 4121; baseline 0.008 -27"><span class='ocrx_word' id='word_1_413' title='bbox 374 4042 701 4113; x_wconf 78' lang='grc' dir='ltr'>Ἀπελέγξας</span> <span class='ocrx_word' id='word_1_414' title='bbox 731 4046 858 4115; x_wconf 82' lang='grc' dir='ltr'>γοῦν</span> <span class='ocrx_word' id='word_1_415' title='bbox 874 4048 1033 4102; x_wconf 84' lang='grc' dir='ltr'>αὑτὸν</span> <span class='ocrx_word' id='word_1_416' title='bbox 1059 4049 1320 4121; x_wconf 88' lang='grc' dir='ltr'>πρότερον</span> <span class='ocrx_word' id='word_1_417' title='bbox 1343 4050 1417 4115; x_wconf 84' lang='grc' dir='ltr'>ὡς</span> <span class='ocrx_word' id='word_1_418' title='bbox 1435 4051 1924 4119; x_wconf 81' lang='grc' dir='ltr'>ὲναντιολογοῦντα,</span> 
     </span>
    </p>
   </div>
   <div class='ocr_carea' id='block_1_59' title="bbox 362 4135 1925 4219">
    <p class='ocr_par' dir='ltr' id='par_1_59' title="bbox 362 4135 1925 4219">
     <span class='ocr_line' id='line_1_59' title="bbox 362 4135 1925 4219; baseline 0.008 -33"><span class='ocrx_word' id='word_1_419' title='bbox 362 4135 455 4187; x_wconf 75' lang='grc' dir='ltr'><strong>καὶ</strong></span> <span class='ocrx_word' id='word_1_420' title='bbox 488 4138 550 4189; x_wconf 78' lang='grc' dir='ltr'><strong>ἐκ</strong></span> <span class='ocrx_word' id='word_1_421' title='bbox 573 4136 665 4189; x_wconf 77' lang='grc' dir='ltr'>τοῦ</span> <span class='ocrx_word' id='word_1_422' title='bbox 694 4138 959 4209; x_wconf 84' lang='grc' dir='ltr'>στόματος</span> <span class='ocrx_word' id='word_1_423' title='bbox 992 4142 1326 4213; x_wconf 86' lang='grc' dir='ltr'>κατακρίνας</span> <span class='ocrx_word' id='word_1_424' title='bbox 1364 4144 1548 4207; x_wconf 82' lang='grc' dir='ltr'>αὑτὸν,</span> <span class='ocrx_word' id='word_1_425' title='bbox 1576 4145 1678 4209; x_wconf 82' lang='grc' dir='ltr'>ὅτι,</span> <span class='ocrx_word' id='word_1_426' title='bbox 1724 4146 1925 4219; x_wconf 85' lang='grc' dir='ltr'>καίπερ</span> 
     </span>
    </p>
   </div>
   <div class='ocr_carea' id='block_1_60' title="bbox 361 4228 1923 4308">
    <p class='ocr_par' dir='ltr' id='par_1_60' title="bbox 361 4228 1923 4308">
     <span class='ocr_line' id='line_1_60' title="bbox 361 4228 1923 4308; baseline 0.006 -29"><span class='ocrx_word' id='word_1_427' title='bbox 361 4228 520 4281; x_wconf 84' lang='grc' dir='ltr'>αὑτὸν</span> <span class='ocrx_word' id='word_1_428' title='bbox 539 4229 809 4300; x_wconf 78' lang='grc' dir='ltr'>αὐστηρὸν</span> <span class='ocrx_word' id='word_1_429' title='bbox 830 4233 922 4285; x_wconf 80' lang='grc' dir='ltr'><strong>καὶ</strong></span> <span class='ocrx_word' id='word_1_430' title='bbox 946 4233 1319 4305; x_wconf 81' lang='grc' dir='ltr'>ἀπαραίτητον</span> <span class='ocrx_word' id='word_1_431' title='bbox 1352 4235 1545 4307; x_wconf 78' lang='grc' dir='ltr'>κριτὴν</span> <span class='ocrx_word' id='word_1_432' title='bbox 1566 4231 1701 4289; x_wconf 79' lang='grc' dir='ltr'>εἶναι</span> <span class='ocrx_word' id='word_1_433' title='bbox 1724 4237 1795 4308; x_wconf 73' lang='grc' dir='ltr'>φή</span> <span class='ocrx_word' id='word_1_434' title='bbox 1805 4254 1923 4304; x_wconf 90' lang='grc' dir='ltr'>σας,</span> 
     </span>
    </p>
   </div>
   <div class='ocr_carea' id='block_1_61' title="bbox 362 4319 1925 4398">
    <p class='ocr_par' dir='ltr' id='par_1_61' title="bbox 362 4319 1925 4398">
     <span class='ocr_line' id='line_1_61' title="bbox 362 4319 1925 4398; baseline 0.006 -27"><span class='ocrx_word' id='word_1_435' title='bbox 362 4319 510 4388; x_wconf 85' lang='grc' dir='ltr'>ὅμως</span> <span class='ocrx_word' id='word_1_436' title='bbox 541 4322 940 4393; x_wconf 88' lang='grc' dir='ltr'>κατεφρόνησεν</span> <span class='ocrx_word' id='word_1_437' title='bbox 985 4326 1059 4389; x_wconf 86' lang='grc' dir='ltr'>ὡς</span> <span class='ocrx_word' id='word_1_438' title='bbox 1099 4325 1264 4396; x_wconf 82' lang='grc' dir='ltr'>μηδὲν</span> <span class='ocrx_word' id='word_1_439' title='bbox 1296 4326 1496 4394; x_wconf 84' lang='grc' dir='ltr'>ἀγαθὸν</span> <span class='ocrx_word' id='word_1_440' title='bbox 1530 4327 1750 4398; x_wconf 82' lang='grc' dir='ltr'>θελῆσαι</span> <span class='ocrx_word' id='word_1_441' title='bbox 1781 4330 1925 4398; x_wconf 85' lang='grc' dir='ltr'>πρᾶ-</span> 
     </span>
    </p>
   </div>
   <div class='ocr_carea' id='block_1_62' title="bbox 362 4410 1925 4489">
    <p class='ocr_par' dir='ltr' id='par_1_62' title="bbox 362 4410 1925 4489">
     <span class='ocr_line' id='line_1_62' title="bbox 362 4410 1925 4489; baseline 0.004 -25"><span class='ocrx_word' id='word_1_442' title='bbox 362 4410 465 4475; x_wconf 82' lang='grc' dir='ltr'>ξαι,</span> <span class='ocrx_word' id='word_1_443' title='bbox 490 4413 832 4485; x_wconf 83' lang='grc' dir='ltr'>δικαιοτάτην</span> <span class='ocrx_word' id='word_1_444' title='bbox 852 4414 1045 4480; x_wconf 77' lang='grc' dir='ltr'>ἐξοίσει</span> <span class='ocrx_word' id='word_1_445' title='bbox 1066 4418 1164 4487; x_wconf 81' lang='grc' dir='ltr'><strong>τὴν</strong></span> <span class='ocrx_word' id='word_1_446' title='bbox 1186 4417 1304 4470; x_wconf 83' lang='grc' dir='ltr'>κατ’</span> <span class='ocrx_word' id='word_1_447' title='bbox 1335 4416 1499 4470; x_wconf 80' lang='grc' dir='ltr'>αὐτοῦ</span> <span class='ocrx_word' id='word_1_448' title='bbox 1526 4416 1722 4488; x_wconf 77' lang='grc' dir='ltr'>ψῆφον,</span> <span class='ocrx_word' id='word_1_449' title='bbox 1752 4419 1925 4489; x_wconf 82' lang='grc' dir='ltr'>σκότῳ</span> 
     </span>
    </p>
   </div>
   <div class='ocr_carea' id='block_1_63' title="bbox 2037 1935 3596 2009">
    <p class='ocr_par' dir='ltr' id='par_1_63' title="bbox 2037 1935 3596 2009">
     <span class='ocr_line' id='line_1_63' title="bbox 2037 1935 3596 2009; baseline 0.005 -22"><span class='ocrx_word' id='word_1_450' title='bbox 2037 1935 2324 2005; x_wconf 82' lang='lat' dir='ltr'><strong>aliquando</strong></span> <span class='ocrx_word' id='word_1_451' title='bbox 2360 1946 2417 1990; x_wconf 87' lang='lat' dir='ltr'><strong>ut</strong></span> <span class='ocrx_word' id='word_1_452' title='bbox 2452 1936 2647 2007; x_wconf 82' lang='lat' dir='ltr'><strong>aliquis</strong></span> <span class='ocrx_word' id='word_1_453' title='bbox 2705 1952 2812 1992; x_wconf 91' lang='lat' dir='ltr'><strong>uno</strong></span> <span class='ocrx_word' id='word_1_454' title='bbox 2841 1939 2980 1993; x_wconf 88' lang='lat' dir='ltr'><strong>dono</strong></span> <span class='ocrx_word' id='word_1_455' title='bbox 3011 1940 3263 2009; x_wconf 82' lang='lat' dir='ltr'><strong>potiatur,</strong></span> <span class='ocrx_word' id='word_1_456' title='bbox 3293 1941 3501 1997; x_wconf 84' lang='lat' dir='ltr'><strong>duobus</strong></span> <span class='ocrx_word' id='word_1_457' title='bbox 3527 1941 3596 1995; x_wconf 42' lang='lat' dir='ltr'><strong>al.</strong></span> 
     </span>
    </p>
   </div>
   <div class='ocr_carea' id='block_1_64' title="bbox 2037 2027 3592 2101">
    <p class='ocr_par' dir='ltr' id='par_1_64' title="bbox 2037 2027 3592 2101">
     <span class='ocr_line' id='line_1_64' title="bbox 2037 2027 3592 2101; baseline 0.005 -22"><span class='ocrx_word' id='word_1_458' title='bbox 2037 2036 2137 2089; x_wconf 90' lang='lat' dir='ltr'><strong>ter,</strong></span> <span class='ocrx_word' id='word_1_459' title='bbox 2174 2027 2316 2082; x_wconf 89' lang='lat' dir='ltr'><strong>alius</strong></span> <span class='ocrx_word' id='word_1_460' title='bbox 2349 2027 2580 2097; x_wconf 90' lang='lat' dir='ltr'><strong>denique</strong></span> <span class='ocrx_word' id='word_1_461' title='bbox 2612 2027 2877 2099; x_wconf 89' lang='lat' dir='ltr'><strong>pluribus.</strong></span> <span class='ocrx_word' id='word_1_462' title='bbox 2916 2031 3009 2085; x_wconf 84' lang='lat' dir='ltr'><strong>Sic</strong></span> <span class='ocrx_word' id='word_1_463' title='bbox 3066 2046 3195 2101; x_wconf 83' lang='lat' dir='ltr'><strong>ergo</strong></span> <span class='ocrx_word' id='word_1_464' title='bbox 3238 2031 3439 2086; x_wconf 92' lang='lat' dir='ltr'><strong>dictum</strong></span> <span class='ocrx_word' id='word_1_465' title='bbox 3486 2042 3592 2097; x_wconf 89' lang='lat' dir='ltr'><strong>est,</strong></span> 
     </span>
    </p>
   </div>
   <div class='ocr_carea' id='block_1_65' title="bbox 2035 2117 3596 2195">
    <p class='ocr_par' dir='ltr' id='par_1_65' title="bbox 2035 2117 3596 2195">
     <span class='ocr_line' id='line_1_65' title="bbox 2035 2117 3596 2195; baseline 0.005 -23"><span class='ocrx_word' id='word_1_466' title='bbox 2035 2117 2125 2172; x_wconf 84' lang='lat' dir='ltr'><strong>alii</strong></span> <span class='ocrx_word' id='word_1_467' title='bbox 2163 2118 2377 2187; x_wconf 90' lang='lat' dir='ltr'><strong>quidem</strong></span> <span class='ocrx_word' id='word_1_468' title='bbox 2408 2119 2531 2173; x_wconf 92' lang='lat' dir='ltr'><strong>data</strong></span> <span class='ocrx_word' id='word_1_469' title='bbox 2566 2119 2732 2176; x_wconf 86' lang='lat' dir='ltr'><strong>fuisse</strong></span> <span class='ocrx_word' id='word_1_470' title='bbox 2767 2121 3005 2192; x_wconf 86' lang='lat' dir='ltr'><strong>quinque</strong></span> <span class='ocrx_word' id='word_1_471' title='bbox 3030 2123 3253 2188; x_wconf 85' lang='lat' dir='ltr'><strong>talenta,</strong></span> <span class='ocrx_word' id='word_1_472' title='bbox 3310 2125 3434 2195; x_wconf 86' lang='lat' dir='ltr'><strong>quia</strong></span> <span class='ocrx_word' id='word_1_473' title='bbox 3473 2126 3596 2180; x_wconf 35' lang='lat' dir='ltr'><strong>totis</strong></span> 
     </span>
    </p>
   </div>
   <div class='ocr_carea' id='block_1_66' title="bbox 2034 2208 3593 2279">
    <p class='ocr_par' dir='ltr' id='par_1_66' title="bbox 2034 2208 3593 2279">
     <span class='ocr_line' id='line_1_66' title="bbox 2034 2208 3593 2279; baseline 0.005 -18"><span class='ocrx_word' id='word_1_474' title='bbox 2034 2208 2155 2262; x_wconf 91' lang='lat' dir='ltr'><strong>dem</strong></span> <span class='ocrx_word' id='word_1_475' title='bbox 2200 2209 2372 2263; x_wconf 84' lang='lat' dir='ltr'><strong>sancti</strong></span> <span class='ocrx_word' id='word_1_476' title='bbox 2431 2210 2667 2279; x_wconf 82' lang='lat' dir='ltr'><strong>Spiritus</strong></span> <span class='ocrx_word' id='word_1_477' title='bbox 2736 2211 2877 2266; x_wconf 89' lang='lat' dir='ltr'><strong>dona</strong></span> <span class='ocrx_word' id='word_1_478' title='bbox 2908 2212 2979 2266; x_wconf 90' lang='lat' dir='ltr'><strong>illi</strong></span> <span class='ocrx_word' id='word_1_479' title='bbox 3017 2212 3274 2268; x_wconf 89' lang='lat' dir='ltr'><strong>attributa</strong></span> <span class='ocrx_word' id='word_1_480' title='bbox 3316 2220 3472 2269; x_wconf 87' lang='lat' dir='ltr'><strong>sunt:</strong></span> <span class='ocrx_word' id='word_1_481' title='bbox 3504 2215 3593 2269; x_wconf 84' lang='lat' dir='ltr'><strong>alii</strong></span> 
     </span>
    </p>
   </div>
   <div class='ocr_carea' id='block_1_67' title="bbox 2035 2304 3592 2377">
    <p class='ocr_par' dir='ltr' id='par_1_67' title="bbox 2035 2304 3592 2377">
     <span class='ocr_line' id='line_1_67' title="bbox 2035 2304 3592 2377; baseline 0.004 -21"><span class='ocrx_word' id='word_1_482' title='bbox 2035 2312 2216 2357; x_wconf 89' lang='lat' dir='ltr'><strong>autem</strong></span> <span class='ocrx_word' id='word_1_483' title='bbox 2247 2304 2388 2358; x_wconf 88' lang='lat' dir='ltr'><strong>haud</strong></span> <span class='ocrx_word' id='word_1_484' title='bbox 2436 2304 2678 2368; x_wconf 85' lang='lat' dir='ltr'><strong>totidem,</strong></span> <span class='ocrx_word' id='word_1_485' title='bbox 2716 2305 2809 2361; x_wconf 90' lang='lat' dir='ltr'><strong>sed</strong></span> <span class='ocrx_word' id='word_1_486' title='bbox 2836 2321 3001 2360; x_wconf 86' lang='lat' dir='ltr'><strong>unum</strong></span> <span class='ocrx_word' id='word_1_487' title='bbox 3035 2306 3221 2361; x_wconf 88' lang='lat' dir='ltr'><strong>datum</strong></span> <span class='ocrx_word' id='word_1_488' title='bbox 3272 2305 3474 2371; x_wconf 90' lang='lat' dir='ltr'><strong>fuisse;</strong></span> <span class='ocrx_word' id='word_1_489' title='bbox 3504 2308 3592 2377; x_wconf 88' lang='lat' dir='ltr'><strong>qui</strong></span> 
     </span>
    </p>
   </div>
   <div class='ocr_carea' id='block_1_68' title="bbox 2035 2395 3593 2468">
    <p class='ocr_par' dir='ltr' id='par_1_68' title="bbox 2035 2395 3593 2468">
     <span class='ocr_line' id='line_1_68' title="bbox 2035 2395 3593 2468; baseline 0.004 -21"><span class='ocrx_word' id='word_1_490' title='bbox 2035 2395 2335 2465; x_wconf 78' lang='lat' dir='ltr'><strong>graviorem</strong></span> <span class='ocrx_word' id='word_1_491' title='bbox 2368 2396 2776 2451; x_wconf 82' lang='lat' dir='ltr'><strong>damnationem</strong></span> <span class='ocrx_word' id='word_1_492' title='bbox 2806 2396 3062 2467; x_wconf 82' lang='lat' dir='ltr'><strong>perferet,</strong></span> <span class='ocrx_word' id='word_1_493' title='bbox 3092 2400 3216 2468; x_wconf 90' lang='lat' dir='ltr'><strong>quia</strong></span> <span class='ocrx_word' id='word_1_494' title='bbox 3256 2415 3378 2455; x_wconf 92' lang='lat' dir='ltr'><strong>cum</strong></span> <span class='ocrx_word' id='word_1_495' title='bbox 3426 2400 3593 2456; x_wconf 85' lang='lat' dir='ltr'><strong>multa</strong></span> 
     </span>
    </p>
   </div>
   <div class='ocr_carea' id='block_1_69' title="bbox 2035 2487 3591 2563">
    <p class='ocr_par' dir='ltr' id='par_1_69' title="bbox 2035 2487 3591 2563">
     <span class='ocr_line' id='line_1_69' title="bbox 2035 2487 3591 2563; baseline 0.004 -23"><span class='ocrx_word' id='word_1_496' title='bbox 2035 2502 2141 2541; x_wconf 88' lang='lat' dir='ltr'><strong>non</strong></span> <span class='ocrx_word' id='word_1_497' title='bbox 2192 2489 2511 2556; x_wconf 85' lang='lat' dir='ltr'><strong>accepisset,</strong></span> <span class='ocrx_word' id='word_1_498' title='bbox 2564 2503 2632 2542; x_wconf 91' lang='lat' dir='ltr'><strong>ne</strong></span> <span class='ocrx_word' id='word_1_499' title='bbox 2685 2487 2822 2543; x_wconf 81' lang='lat' dir='ltr'><strong>forte</strong></span> <span class='ocrx_word' id='word_1_500' title='bbox 2869 2491 2936 2545; x_wconf 89' lang='lat' dir='ltr'><strong>ad</strong></span> <span class='ocrx_word' id='word_1_501' title='bbox 2987 2492 3273 2560; x_wconf 82' lang='lat' dir='ltr'><strong>Operosius</strong></span> <span class='ocrx_word' id='word_1_502' title='bbox 3322 2493 3591 2563; x_wconf 78' lang='lat' dir='ltr'><strong>negotium</strong></span> 
     </span>
    </p>
   </div>
   <div class='ocr_carea' id='block_1_70' title="bbox 2034 2577 3587 2650">
    <p class='ocr_par' dir='ltr' id='par_1_70' title="bbox 2034 2577 3587 2650">
     <span class='ocr_line' id='line_1_70' title="bbox 2034 2577 3587 2650; baseline 0.004 -21"><span class='ocrx_word' id='word_1_503' title='bbox 2034 2583 2311 2647; x_wconf 85' lang='lat' dir='ltr'><strong>torperet;</strong></span> <span class='ocrx_word' id='word_1_504' title='bbox 2353 2577 2701 2632; x_wconf 84' lang='lat' dir='ltr'><strong>nihilominus</strong></span> <span class='ocrx_word' id='word_1_505' title='bbox 2729 2593 2796 2633; x_wconf 92' lang='lat' dir='ltr'><strong>ne</strong></span> <span class='ocrx_word' id='word_1_506' title='bbox 2826 2593 2891 2632; x_wconf 82' lang='lat' dir='ltr'><strong>ex</strong></span> <span class='ocrx_word' id='word_1_507' title='bbox 2935 2595 3039 2634; x_wconf 91' lang='lat' dir='ltr'><strong>uno</strong></span> <span class='ocrx_word' id='word_1_508' title='bbox 3091 2582 3304 2650; x_wconf 88' lang='lat' dir='ltr'><strong>quidem</strong></span> <span class='ocrx_word' id='word_1_509' title='bbox 3358 2580 3587 2637; x_wconf 80' lang='lat' dir='ltr'><strong>fructum</strong></span> 
     </span>
    </p>
   </div>
   <div class='ocr_carea' id='block_1_71' title="bbox 2035 2669 3590 2742">
    <p class='ocr_par' dir='ltr' id='par_1_71' title="bbox 2035 2669 3590 2742">
     <span class='ocr_line' id='line_1_71' title="bbox 2035 2669 3590 2742; baseline 0.005 -21"><span class='ocrx_word' id='word_1_510' title='bbox 2035 2669 2318 2733; x_wconf 87' lang='lat' dir='ltr'><strong>retulerit;</strong></span> <span class='ocrx_word' id='word_1_511' title='bbox 2353 2672 2495 2738; x_wconf 77' lang='lat' dir='ltr'><strong>quod</strong></span> <span class='ocrx_word' id='word_1_512' title='bbox 2525 2684 2647 2724; x_wconf 89' lang='lat' dir='ltr'><strong>cum</strong></span> <span class='ocrx_word' id='word_1_513' title='bbox 2679 2670 2825 2725; x_wconf 85' lang='lat' dir='ltr'><strong>iners</strong></span> <span class='ocrx_word' id='word_1_514' title='bbox 2856 2672 3229 2740; x_wconf 84' lang='lat' dir='ltr'><strong>custodiverit,</strong></span> <span class='ocrx_word' id='word_1_515' title='bbox 3273 2687 3446 2742; x_wconf 90' lang='lat' dir='ltr'><strong>neque</strong></span> <span class='ocrx_word' id='word_1_516' title='bbox 3473 2673 3590 2728; x_wconf 85' lang='lat' dir='ltr'><strong>aliis</strong></span> 
     </span>
    </p>
   </div>
   <div class='ocr_carea' id='block_1_72' title="bbox 2034 2758 3591 2834">
    <p class='ocr_par' dir='ltr' id='par_1_72' title="bbox 2034 2758 3591 2834">
     <span class='ocr_line' id='line_1_72' title="bbox 2034 2758 3591 2834; baseline 0.005 -21"><span class='ocrx_word' id='word_1_517' title='bbox 2034 2759 2196 2815; x_wconf 89' lang='lat' dir='ltr'><strong>fuerit</strong></span> <span class='ocrx_word' id='word_1_518' title='bbox 2234 2761 2557 2830; x_wconf 88' lang='lat' dir='ltr'><strong>impertitus,</strong></span> <span class='ocrx_word' id='word_1_519' title='bbox 2606 2762 2709 2818; x_wconf 87' lang='lat' dir='ltr'><strong>hoc</strong></span> <span class='ocrx_word' id='word_1_520' title='bbox 2752 2763 2868 2832; x_wconf 88' lang='lat' dir='ltr'><strong>ipso</strong></span> <span class='ocrx_word' id='word_1_521' title='bbox 2917 2758 3253 2834; x_wconf 83' lang='lat' dir='ltr'><strong>spoliabitur,</strong></span> <span class='ocrx_word' id='word_1_522' title='bbox 3296 2766 3591 2821; x_wconf 91' lang='lat' dir='ltr'><strong>secundum</strong></span> 
     </span>
    </p>
   </div>
   <div class='ocr_carea' id='block_1_73' title="bbox 2036 2847 3591 2926">
    <p class='ocr_par' dir='ltr' id='par_1_73' title="bbox 2036 2847 3591 2926">
     <span class='ocr_line' id='line_1_73' title="bbox 2036 2847 3591 2926; baseline 0.004 -19"><span class='ocrx_word' id='word_1_523' title='bbox 2036 2847 2337 2909; x_wconf 81' lang='lat' dir='ltr'><strong>servatoris</strong></span> <span class='ocrx_word' id='word_1_524' title='bbox 2363 2853 2605 2923; x_wconf 82' lang='lat' dir='ltr'><strong>eﬂ&#39;atum,</strong></span> <span class='ocrx_word' id='word_1_525' title='bbox 2637 2857 2930 2911; x_wconf 82' lang='lat' dir='ltr'><strong>damnante</strong></span> <span class='ocrx_word' id='word_1_526' title='bbox 2953 2872 3072 2911; x_wconf 91' lang='lat' dir='ltr'><strong>eum</strong></span> <span class='ocrx_word' id='word_1_527' title='bbox 3097 2856 3280 2926; x_wconf 84' lang='lat' dir='ltr'><strong>judice</strong></span> <span class='ocrx_word' id='word_1_528' title='bbox 3306 2858 3373 2912; x_wconf 89' lang='lat' dir='ltr'><strong>de</strong></span> <span class='ocrx_word' id='word_1_529' title='bbox 3402 2872 3591 2913; x_wconf 75' lang='lat' dir='ltr'><strong>eaeor-</strong></span> 
     </span>
    </p>
   </div>
   <div class='ocr_carea' id='block_1_74' title="bbox 2034 2944 3590 3018">
    <p class='ocr_par' dir='ltr' id='par_1_74' title="bbox 2034 2944 3590 3018">
     <span class='ocr_line' id='line_1_74' title="bbox 2034 2944 3590 3018; baseline 0.007 -22"><span class='ocrx_word' id='word_1_530' title='bbox 2034 2944 2120 2997; x_wconf 88' lang='lat' dir='ltr'><strong>dia</strong></span> <span class='ocrx_word' id='word_1_531' title='bbox 2179 2956 2341 3014; x_wconf 89' lang='lat' dir='ltr'><strong>atque</strong></span> <span class='ocrx_word' id='word_1_532' title='bbox 2392 2946 2624 3015; x_wconf 83' lang='lat' dir='ltr'><strong>ignavia,</strong></span> <span class='ocrx_word' id='word_1_533' title='bbox 2679 2947 3056 3018; x_wconf 87' lang='lat' dir='ltr'><strong>terribilesque</strong></span> <span class='ocrx_word' id='word_1_534' title='bbox 3103 2951 3275 3006; x_wconf 89' lang='lat' dir='ltr'><strong>minas</strong></span> <span class='ocrx_word' id='word_1_535' title='bbox 3314 2960 3371 3006; x_wconf 89' lang='lat' dir='ltr'><strong>et</strong></span> <span class='ocrx_word' id='word_1_536' title='bbox 3415 2951 3590 3007; x_wconf 91' lang='lat' dir='ltr'><strong>diram</strong></span> 
     </span>
    </p>
   </div>
   <div class='ocr_carea' id='block_1_75' title="bbox 2034 3035 3591 3107">
    <p class='ocr_par' dir='ltr' id='par_1_75' title="bbox 2034 3035 3591 3107">
     <span class='ocr_line' id='line_1_75' title="bbox 2034 3035 3591 3107; baseline 0.003 -18"><span class='ocrx_word' id='word_1_537' title='bbox 2034 3036 2356 3089; x_wconf 87' lang='lat' dir='ltr'><strong>sententiam</strong></span> <span class='ocrx_word' id='word_1_538' title='bbox 2394 3035 2655 3090; x_wconf 85' lang='lat' dir='ltr'><strong>adversus</strong></span> <span class='ocrx_word' id='word_1_539' title='bbox 2684 3052 2809 3091; x_wconf 92' lang='lat' dir='ltr'><strong>eum</strong></span> <span class='ocrx_word' id='word_1_540' title='bbox 2839 3035 3068 3091; x_wconf 89' lang='lat' dir='ltr'><strong>ferente.</strong></span> <span class='ocrx_word' id='word_1_541' title='bbox 3116 3035 3217 3103; x_wconf 89' lang='lat' dir='ltr'><strong>Qui</strong></span> <span class='ocrx_word' id='word_1_542' title='bbox 3255 3051 3383 3093; x_wconf 88' lang='lat' dir='ltr'><strong>vero</strong></span> <span class='ocrx_word' id='word_1_543' title='bbox 3438 3038 3591 3107; x_wconf 85' lang='lat' dir='ltr'><strong>plura</strong></span> 
     </span>
    </p>
   </div>
   <div class='ocr_carea' id='block_1_76' title="bbox 2034 3128 3593 3197">
    <p class='ocr_par' dir='ltr' id='par_1_76' title="bbox 2034 3128 3593 3197">
     <span class='ocr_line' id='line_1_76' title="bbox 2034 3128 3593 3197; baseline 0.003 -16"><span class='ocrx_word' id='word_1_544' title='bbox 2034 3129 2204 3182; x_wconf 88' lang='lat' dir='ltr'><strong>sancti</strong></span> <span class='ocrx_word' id='word_1_545' title='bbox 2238 3128 2471 3196; x_wconf 88' lang='lat' dir='ltr'><strong>Spiritus</strong></span> <span class='ocrx_word' id='word_1_546' title='bbox 2494 3142 2718 3183; x_wconf 89' lang='lat' dir='ltr'><strong>munera</strong></span> <span class='ocrx_word' id='word_1_547' title='bbox 2760 3128 2948 3183; x_wconf 88' lang='lat' dir='ltr'><strong>collata</strong></span> <span class='ocrx_word' id='word_1_548' title='bbox 2973 3129 3297 3197; x_wconf 89' lang='lat' dir='ltr'><strong>habuerunt,</strong></span> <span class='ocrx_word' id='word_1_549' title='bbox 3319 3139 3373 3187; x_wconf 89' lang='lat' dir='ltr'><strong>et</strong></span> <span class='ocrx_word' id='word_1_550' title='bbox 3401 3132 3593 3186; x_wconf 86' lang='lat' dir='ltr'><strong>deinde</strong></span> 
     </span>
    </p>
   </div>
   <div class='ocr_carea' id='block_1_77' title="bbox 1960 3199 3591 3292">
    <p class='ocr_par' dir='ltr' id='par_1_77' title="bbox 1960 3199 3591 3292">
     <span class='ocr_line' id='line_1_77' title="bbox 1960 3199 3591 3292; baseline 0.004 -21"><span class='ocrx_word' id='word_1_551' title='bbox 1960 3199 2004 3260; x_wconf 64' lang='grc' dir='ltr'><strong>(ἶ</strong></span> <span class='ocrx_word' id='word_1_552' title='bbox 2038 3219 2227 3273; x_wconf 84' lang='lat' dir='ltr'><strong>harum</strong></span> <span class='ocrx_word' id='word_1_553' title='bbox 2263 3221 2500 3275; x_wconf 85' lang='lat' dir='ltr'><strong>fructum</strong></span> <span class='ocrx_word' id='word_1_554' title='bbox 2542 3235 2773 3290; x_wconf 84' lang='lat' dir='ltr'><strong>operoso</strong></span> <span class='ocrx_word' id='word_1_555' title='bbox 2808 3220 2995 3277; x_wconf 89' lang='lat' dir='ltr'><strong>labore</strong></span> <span class='ocrx_word' id='word_1_556' title='bbox 3037 3221 3487 3292; x_wconf 86' lang='lat' dir='ltr'><strong>multiplicarunt,</strong></span> <span class='ocrx_word' id='word_1_557' title='bbox 3537 3222 3591 3278; x_wconf 87' lang='lat' dir='ltr'><strong>hi</strong></span> 
     </span>
    </p>
   </div>
   <div class='ocr_carea' id='block_1_78' title="bbox 2032 3312 3589 3382">
    <p class='ocr_par' dir='ltr' id='par_1_78' title="bbox 2032 3312 3589 3382">
     <span class='ocr_line' id='line_1_78' title="bbox 2032 3312 3589 3382; baseline 0.004 -20"><span class='ocrx_word' id='word_1_558' title='bbox 2032 3326 2139 3378; x_wconf 90' lang='lat' dir='ltr'><strong>quo</strong></span> <span class='ocrx_word' id='word_1_559' title='bbox 2170 3320 2412 3380; x_wconf 89' lang='lat' dir='ltr'><strong>tempore</strong></span> <span class='ocrx_word' id='word_1_560' title='bbox 2440 3312 2711 3367; x_wconf 90' lang='lat' dir='ltr'><strong>rationum</strong></span> <span class='ocrx_word' id='word_1_561' title='bbox 2753 3313 2859 3367; x_wconf 91' lang='lat' dir='ltr'><strong>dati</strong></span> <span class='ocrx_word' id='word_1_562' title='bbox 2895 3321 2950 3366; x_wconf 92' lang='lat' dir='ltr'><strong>et</strong></span> <span class='ocrx_word' id='word_1_563' title='bbox 2991 3313 3200 3382; x_wconf 88' lang='lat' dir='ltr'><strong>accepti</strong></span> <span class='ocrx_word' id='word_1_564' title='bbox 3230 3312 3454 3368; x_wconf 89' lang='lat' dir='ltr'><strong>collatio</strong></span> <span class='ocrx_word' id='word_1_565' title='bbox 3480 3314 3589 3377; x_wconf 87' lang='lat' dir='ltr'><strong>fiet,</strong></span> 
     </span>
    </p>
   </div>
   <div class='ocr_carea' id='block_1_79' title="bbox 2031 3402 3592 3476">
    <p class='ocr_par' dir='ltr' id='par_1_79' title="bbox 2031 3402 3592 3476">
     <span class='ocr_line' id='line_1_79' title="bbox 2031 3402 3592 3476; baseline 0.004 -22"><span class='ocrx_word' id='word_1_566' title='bbox 2031 3402 2263 3456; x_wconf 81' lang='lat' dir='ltr'><strong>faustum</strong></span> <span class='ocrx_word' id='word_1_567' title='bbox 2304 3404 2614 3471; x_wconf 85' lang='lat' dir='ltr'><strong>bonumque</strong></span> <span class='ocrx_word' id='word_1_568' title='bbox 2640 3403 3008 3458; x_wconf 90' lang='lat' dir='ltr'><strong>testimonium</strong></span> <span class='ocrx_word' id='word_1_569' title='bbox 3064 3404 3318 3459; x_wconf 78' lang='lat' dir='ltr'><strong>referent.</strong></span> <span class='ocrx_word' id='word_1_570' title='bbox 3351 3404 3592 3476; x_wconf 82' lang='lat' dir='ltr'><strong>Namque</strong></span> 
     </span>
    </p>
   </div>
   <div class='ocr_carea' id='block_1_80' title="bbox 2032 3489 3589 3563">
    <p class='ocr_par' dir='ltr' id='par_1_80' title="bbox 2032 3489 3589 3563">
     <span class='ocr_line' id='line_1_80' title="bbox 2032 3489 3589 3563; baseline 0.001 -16"><span class='ocrx_word' id='word_1_571' title='bbox 2032 3494 2084 3547; x_wconf 89' lang='lat' dir='ltr'><strong>in</strong></span> <span class='ocrx_word' id='word_1_572' title='bbox 2114 3492 2303 3561; x_wconf 87' lang='lat' dir='ltr'><strong>paucis</strong></span> <span class='ocrx_word' id='word_1_573' title='bbox 2327 3495 2603 3562; x_wconf 89' lang='lat' dir='ltr'><strong>probatos,</strong></span> <span class='ocrx_word' id='word_1_574' title='bbox 2643 3493 2696 3547; x_wconf 91' lang='lat' dir='ltr'><strong>in</strong></span> <span class='ocrx_word' id='word_1_575' title='bbox 2726 3503 2987 3563; x_wconf 59' lang='lat' dir='ltr'><strong>praesente</strong></span> <span class='ocrx_word' id='word_1_576' title='bbox 3020 3489 3275 3548; x_wconf 85' lang='lat' dir='ltr'><strong>nimirum</strong></span> <span class='ocrx_word' id='word_1_577' title='bbox 3307 3496 3439 3563; x_wconf 82' lang='lat' dir='ltr'><strong>vita,</strong></span> <span class='ocrx_word' id='word_1_578' title='bbox 3469 3509 3589 3550; x_wconf 82' lang='lat' dir='ltr'><strong>ma-</strong></span> 
     </span>
    </p>
   </div>
   <div class='ocr_carea' id='block_1_81' title="bbox 2025 3582 3591 3654">
    <p class='ocr_par' dir='ltr' id='par_1_81' title="bbox 2025 3582 3591 3654">
     <span class='ocr_line' id='line_1_81' title="bbox 2025 3582 3591 3654; baseline 0.001 -16"><span class='ocrx_word' id='word_1_579' title='bbox 2025 3584 2234 3654; x_wconf 87' lang='lat' dir='ltr'><strong>joribus</strong></span> <span class='ocrx_word' id='word_1_580' title='bbox 2268 3583 2320 3637; x_wconf 89' lang='lat' dir='ltr'><strong>in</strong></span> <span class='ocrx_word' id='word_1_581' title='bbox 2352 3583 2532 3638; x_wconf 86' lang='lat' dir='ltr'><strong>futuro</strong></span> <span class='ocrx_word' id='word_1_582' title='bbox 2579 3582 2775 3638; x_wconf 61' lang='lat' dir='ltr'><strong>saeculo</strong></span> <span class='ocrx_word' id='word_1_583' title='bbox 2807 3594 2861 3637; x_wconf 92' lang='lat' dir='ltr'><strong>et</strong></span> <span class='ocrx_word' id='word_1_584' title='bbox 2886 3583 3200 3638; x_wconf 76' lang='lat' dir='ltr'><strong>ccelestibus</strong></span> <span class='ocrx_word' id='word_1_585' title='bbox 3240 3584 3477 3651; x_wconf 65' lang='lat' dir='ltr'><strong>praemiis</strong></span> <span class='ocrx_word' id='word_1_586' title='bbox 3518 3582 3591 3639; x_wconf 67' lang='grc' dir='ltr'>(ιιι</span> 
     </span>
    </p>
   </div>
   <div class='ocr_carea' id='block_1_82' title="bbox 2030 3674 3590 3746">
    <p class='ocr_par' dir='ltr' id='par_1_82' title="bbox 2030 3674 3590 3746">
     <span class='ocr_line' id='line_1_82' title="bbox 2030 3674 3590 3746; baseline 0.001 -19"><span class='ocrx_word' id='word_1_587' title='bbox 2030 3674 2285 3744; x_wconf 86' lang='lat' dir='ltr'><strong>gnabitur</strong></span> <span class='ocrx_word' id='word_1_588' title='bbox 2311 3674 2592 3729; x_wconf 90' lang='lat' dir='ltr'><strong>Dominus.</strong></span> <span class='ocrx_word' id='word_1_589' title='bbox 2627 3676 2693 3729; x_wconf 82' lang='lat' dir='ltr'><strong>At</strong></span> <span class='ocrx_word' id='word_1_590' title='bbox 2727 3689 2855 3730; x_wconf 86' lang='lat' dir='ltr'><strong>vero</strong></span> <span class='ocrx_word' id='word_1_591' title='bbox 2889 3689 3121 3744; x_wconf 90' lang='lat' dir='ltr'><strong>nequam</strong></span> <span class='ocrx_word' id='word_1_592' title='bbox 3172 3689 3389 3730; x_wconf 85' lang='lat' dir='ltr'><strong>servum</strong></span> <span class='ocrx_word' id='word_1_593' title='bbox 3429 3685 3485 3730; x_wconf 92' lang='lat' dir='ltr'><strong>et</strong></span> <span class='ocrx_word' id='word_1_594' title='bbox 3512 3678 3590 3746; x_wconf 86' lang='lat' dir='ltr'><strong>pi-</strong></span> 
     </span>
    </p>
   </div>
   <div class='ocr_carea' id='block_1_83' title="bbox 2029 3765 3589 3839">
    <p class='ocr_par' dir='ltr' id='par_1_83' title="bbox 2029 3765 3589 3839">
     <span class='ocr_line' id='line_1_83' title="bbox 2029 3765 3589 3839; baseline 0.004 -21"><span class='ocrx_word' id='word_1_595' title='bbox 2029 3781 2205 3835; x_wconf 82' lang='lat' dir='ltr'><strong>grum,</strong></span> <span class='ocrx_word' id='word_1_596' title='bbox 2242 3767 2484 3821; x_wconf 88' lang='lat' dir='ltr'><strong>incusata</strong></span> <span class='ocrx_word' id='word_1_597' title='bbox 2512 3765 2627 3836; x_wconf 89' lang='lat' dir='ltr'><strong>ejus</strong></span> <span class='ocrx_word' id='word_1_598' title='bbox 2652 3766 2997 3837; x_wconf 89' lang='lat' dir='ltr'><strong>improbitate</strong></span> <span class='ocrx_word' id='word_1_599' title='bbox 3019 3775 3072 3823; x_wconf 91' lang='lat' dir='ltr'><strong>et</strong></span> <span class='ocrx_word' id='word_1_600' title='bbox 3090 3766 3324 3837; x_wconf 88' lang='lat' dir='ltr'><strong>ignavia,</strong></span> <span class='ocrx_word' id='word_1_601' title='bbox 3353 3781 3589 3839; x_wconf 85' lang='lat' dir='ltr'><strong>congrua</strong></span> 
     </span>
    </p>
   </div>
   <div class='ocr_carea' id='block_1_84' title="bbox 2029 3858 3588 3931">
    <p class='ocr_par' dir='ltr' id='par_1_84' title="bbox 2029 3858 3588 3931">
     <span class='ocr_line' id='line_1_84' title="bbox 2029 3858 3588 3931; baseline 0.001 -18"><span class='ocrx_word' id='word_1_602' title='bbox 2029 3873 2188 3928; x_wconf 68' lang='lat' dir='ltr'><strong>paena</strong></span> <span class='ocrx_word' id='word_1_603' title='bbox 2222 3858 2451 3926; x_wconf 67' lang='lat' dir='ltr'><strong>adiciet;</strong></span> <span class='ocrx_word' id='word_1_604' title='bbox 2498 3863 2774 3917; x_wconf 90' lang='lat' dir='ltr'><strong>socordem</strong></span> <span class='ocrx_word' id='word_1_605' title='bbox 2821 3874 2943 3915; x_wconf 89' lang='lat' dir='ltr'><strong>eum</strong></span> <span class='ocrx_word' id='word_1_606' title='bbox 2968 3861 3282 3931; x_wconf 86' lang='lat' dir='ltr'><strong>|appellans,</strong></span> <span class='ocrx_word' id='word_1_607' title='bbox 3308 3861 3433 3931; x_wconf 94' lang='lat' dir='ltr'><strong>quia</strong></span> <span class='ocrx_word' id='word_1_608' title='bbox 3466 3860 3588 3917; x_wconf 66' lang='lat' dir='ltr'><strong>olli~</strong></span> 
     </span>
    </p>
   </div>
   <div class='ocr_carea' id='block_1_85' title="bbox 2028 3952 3590 4023">
    <p class='ocr_par' dir='ltr' id='par_1_85' title="bbox 2028 3952 3590 4023">
     <span class='ocr_line' id='line_1_85' title="bbox 2028 3952 3590 4023; baseline 0.003 -19"><span class='ocrx_word' id='word_1_609' title='bbox 2028 3952 2171 4006; x_wconf 91' lang='lat' dir='ltr'><strong>cium</strong></span> <span class='ocrx_word' id='word_1_610' title='bbox 2203 3967 2311 4007; x_wconf 91' lang='lat' dir='ltr'><strong>non</strong></span> <span class='ocrx_word' id='word_1_611' title='bbox 2336 3954 2648 4022; x_wconf 83' lang='lat' dir='ltr'><strong>praestiterit</strong></span> <span class='ocrx_word' id='word_1_612' title='bbox 2678 3972 2693 4021; x_wconf 90' lang='lat'><strong>;</strong></span> <span class='ocrx_word' id='word_1_613' title='bbox 2731 3968 2956 4022; x_wconf 86' lang='lat' dir='ltr'><strong>nequam</strong></span> <span class='ocrx_word' id='word_1_614' title='bbox 2991 3962 3193 4019; x_wconf 91' lang='lat' dir='ltr'><strong>autem,</strong></span> <span class='ocrx_word' id='word_1_615' title='bbox 3219 3953 3343 4023; x_wconf 91' lang='lat' dir='ltr'><strong>quia</strong></span> <span class='ocrx_word' id='word_1_616' title='bbox 3376 3953 3590 4009; x_wconf 90' lang='lat' dir='ltr'><strong>domino</strong></span> 
     </span>
    </p>
   </div>
   <div class='ocr_carea' id='block_1_86' title="bbox 2027 4044 3589 4114">
    <p class='ocr_par' dir='ltr' id='par_1_86' title="bbox 2027 4044 3589 4114">
     <span class='ocr_line' id='line_1_86' title="bbox 2027 4044 3589 4114; baseline 0.001 -17"><span class='ocrx_word' id='word_1_617' title='bbox 2027 4057 2126 4098; x_wconf 87' lang='lat' dir='ltr'><strong>suo</strong></span> <span class='ocrx_word' id='word_1_618' title='bbox 2163 4044 2346 4100; x_wconf 89' lang='lat' dir='ltr'><strong>dicere</strong></span> <span class='ocrx_word' id='word_1_619' title='bbox 2374 4061 2539 4100; x_wconf 85' lang='lat' dir='ltr'><strong>ausus</strong></span> <span class='ocrx_word' id='word_1_620' title='bbox 2578 4045 3055 4114; x_wconf 67' lang='lat' dir='ltr'><strong>fuerit,§Austerus</strong></span> <span class='ocrx_word' id='word_1_621' title='bbox 3081 4060 3140 4100; x_wconf 89' lang='lat' dir='ltr'><strong>es</strong></span> <span class='ocrx_word' id='word_1_622' title='bbox 3170 4047 3351 4110; x_wconf 90' lang='lat' dir='ltr'><strong>homo,</strong></span> <span class='ocrx_word' id='word_1_623' title='bbox 3381 4054 3435 4098; x_wconf 89' lang='lat' dir='ltr'><strong>et</strong></span> <span class='ocrx_word' id='word_1_624' title='bbox 3470 4046 3589 4099; x_wconf 84' lang='lat' dir='ltr'><strong>reli-</strong></span> 
     </span>
    </p>
   </div>
   <div class='ocr_carea' id='block_1_87' title="bbox 2027 4138 3588 4209">
    <p class='ocr_par' dir='ltr' id='par_1_87' title="bbox 2027 4138 3588 4209">
     <span class='ocr_line' id='line_1_87' title="bbox 2027 4138 3588 4209; baseline 0.001 -18"><span class='ocrx_word' id='word_1_625' title='bbox 2027 4151 2152 4207; x_wconf 87' lang='lat' dir='ltr'><strong>qua.</strong></span> <span class='ocrx_word' id='word_1_626' title='bbox 2180 4138 2349 4208; x_wconf 88' lang='lat' dir='ltr'><strong>igitur</strong></span> <span class='ocrx_word' id='word_1_627' title='bbox 2383 4154 2447 4195; x_wconf 91' lang='lat' dir='ltr'><strong>eo</strong></span> <span class='ocrx_word' id='word_1_628' title='bbox 2475 4149 2731 4209; x_wconf 86' lang='lat' dir='ltr'><strong>coarguto</strong></span> <span class='ocrx_word' id='word_1_629' title='bbox 2757 4140 2901 4207; x_wconf 91' lang='lat' dir='ltr'><strong>quod</strong></span> <span class='ocrx_word' id='word_1_630' title='bbox 2952 4139 3311 4208; x_wconf 81' lang='lat' dir='ltr'><strong>repugnantia</strong></span> <span class='ocrx_word' id='word_1_631' title='bbox 3340 4138 3588 4207; x_wconf 61' lang='lat' dir='ltr'><strong>loquerea</strong></span> 
     </span>
    </p>
   </div>
   <div class='ocr_carea' id='block_1_88' title="bbox 2030 4230 3587 4300">
    <p class='ocr_par' dir='ltr' id='par_1_88' title="bbox 2030 4230 3587 4300">
     <span class='ocr_line' id='line_1_88' title="bbox 2030 4230 3587 4300; baseline 0.001 -18"><span class='ocrx_word' id='word_1_632' title='bbox 2030 4238 2136 4295; x_wconf 90' lang='lat' dir='ltr'><strong>tur,</strong></span> <span class='ocrx_word' id='word_1_633' title='bbox 2164 4241 2220 4284; x_wconf 91' lang='lat' dir='ltr'><strong>et</strong></span> <span class='ocrx_word' id='word_1_634' title='bbox 2241 4247 2307 4285; x_wconf 81' lang='lat' dir='ltr'><strong>ex</strong></span> <span class='ocrx_word' id='word_1_635' title='bbox 2336 4246 2428 4286; x_wconf 88' lang='lat' dir='ltr'><strong>ore</strong></span> <span class='ocrx_word' id='word_1_636' title='bbox 2455 4230 2571 4298; x_wconf 85' lang='lat' dir='ltr'><strong>ejus</strong></span> <span class='ocrx_word' id='word_1_637' title='bbox 2602 4231 2889 4293; x_wconf 86' lang='lat' dir='ltr'><strong>damnans,</strong></span> <span class='ocrx_word' id='word_1_638' title='bbox 2920 4231 3045 4300; x_wconf 87' lang='lat' dir='ltr'><strong>quia</strong></span> <span class='ocrx_word' id='word_1_639' title='bbox 3076 4247 3195 4285; x_wconf 91' lang='lat' dir='ltr'><strong>cum</strong></span> <span class='ocrx_word' id='word_1_640' title='bbox 3247 4246 3369 4285; x_wconf 87' lang='lat' dir='ltr'><strong>eum</strong></span> <span class='ocrx_word' id='word_1_641' title='bbox 3412 4239 3587 4284; x_wconf 83' lang='lat' dir='ltr'><strong>auste-</strong></span> 
     </span>
    </p>
   </div>
   <div class='ocr_carea' id='block_1_89' title="bbox 2028 4319 3590 4389">
    <p class='ocr_par' dir='ltr' id='par_1_89' title="bbox 2028 4319 3590 4389">
     <span class='ocr_line' id='line_1_89' title="bbox 2028 4319 3590 4389; baseline 0.001 -16"><span class='ocrx_word' id='word_1_642' title='bbox 2028 4335 2148 4375; x_wconf 92' lang='lat' dir='ltr'><strong>rum</strong></span> <span class='ocrx_word' id='word_1_643' title='bbox 2174 4330 2227 4374; x_wconf 92' lang='lat' dir='ltr'><strong>et</strong></span> <span class='ocrx_word' id='word_1_644' title='bbox 2255 4319 2642 4374; x_wconf 80' lang='lat' dir='ltr'><strong>inexorabilem</strong></span> <span class='ocrx_word' id='word_1_645' title='bbox 2669 4319 2903 4389; x_wconf 78' lang='lat' dir='ltr'><strong>judicent</strong></span> <span class='ocrx_word' id='word_1_646' title='bbox 2938 4335 3059 4375; x_wconf 86' lang='lat' dir='ltr'><strong>esse</strong></span> <span class='ocrx_word' id='word_1_647' title='bbox 3093 4322 3341 4384; x_wconf 82' lang='lat' dir='ltr'><strong>dixisset,</strong></span> <span class='ocrx_word' id='word_1_648' title='bbox 3398 4319 3590 4375; x_wconf 86' lang='lat' dir='ltr'><strong>nihilo-</strong></span> 
     </span>
    </p>
   </div>
   <div class='ocr_carea' id='block_1_90' title="bbox 2032 4411 3588 4483">
    <p class='ocr_par' dir='ltr' id='par_1_90' title="bbox 2032 4411 3588 4483">
     <span class='ocr_line' id='line_1_90' title="bbox 2032 4411 3588 4483; baseline 0.001 -18"><span class='ocrx_word' id='word_1_649' title='bbox 2032 4413 2214 4465; x_wconf 84' lang='lat' dir='ltr'><strong>minus</strong></span> <span class='ocrx_word' id='word_1_650' title='bbox 2244 4421 2354 4465; x_wconf 87' lang='lat' dir='ltr'><strong>tam</strong></span> <span class='ocrx_word' id='word_1_651' title='bbox 2401 4411 2563 4465; x_wconf 85' lang='lat' dir='ltr'><strong>fuerit</strong></span> <span class='ocrx_word' id='word_1_652' title='bbox 2590 4412 2865 4479; x_wconf 84' lang='lat' dir='ltr'><strong>negligens</strong></span> <span class='ocrx_word' id='word_1_653' title='bbox 2896 4421 2952 4466; x_wconf 89' lang='lat' dir='ltr'><strong>ut</strong></span> <span class='ocrx_word' id='word_1_654' title='bbox 2979 4412 3113 4467; x_wconf 89' lang='lat' dir='ltr'><strong>nihil</strong></span> <span class='ocrx_word' id='word_1_655' title='bbox 3155 4428 3317 4483; x_wconf 87' lang='lat' dir='ltr'><strong>agere</strong></span> <span class='ocrx_word' id='word_1_656' title='bbox 3351 4413 3475 4468; x_wconf 87' lang='lat' dir='ltr'><strong>boni</strong></span> <span class='ocrx_word' id='word_1_657' title='bbox 3508 4427 3588 4467; x_wconf 30' lang='lat' dir='ltr'><strong>vos</strong></span> 
     </span>
    </p>
   </div>
   <div class='ocr_carea' id='block_1_91' title="bbox 361 4500 1930 4597">
    <p class='ocr_par' dir='ltr' id='par_1_91' title="bbox 361 4506 1920 4582">
     <span class='ocr_line' id='line_1_91' title="bbox 361 4506 1920 4582; baseline 0.005 -26"><span class='ocrx_word' id='word_1_658' title='bbox 361 4506 635 4575; x_wconf 81' lang='grc' dir='ltr'>παραδοὺς</span> <span class='ocrx_word' id='word_1_659' title='bbox 692 4507 849 4560; x_wconf 83' lang='grc' dir='ltr'>αὐτὸν</span> <span class='ocrx_word' id='word_1_660' title='bbox 900 4507 1170 4580; x_wconf 78' lang='grc' dir='ltr'>ὲξωτάτῳ,</span> <span class='ocrx_word' id='word_1_661' title='bbox 1224 4510 1299 4573; x_wconf 85' lang='grc' dir='ltr'><strong>ὡς</strong></span> <span class='ocrx_word' id='word_1_662' title='bbox 1341 4511 1402 4563; x_wconf 86' lang='grc' dir='ltr'><strong>οὑ</strong></span> <span class='ocrx_word' id='word_1_663' title='bbox 1444 4510 1601 4581; x_wconf 89' lang='grc' dir='ltr'>μόνον</span> <span class='ocrx_word' id='word_1_664' title='bbox 1628 4511 1793 4582; x_wconf 80' lang='grc' dir='ltr'>ἀργὸν</span> <span class='ocrx_word' id='word_1_665' title='bbox 1825 4512 1920 4565; x_wconf 78' lang='grc' dir='ltr'><strong>καὶ</strong></span> 
     </span>
    </p>
   </div>
   <div class='ocr_carea' id='block_1_92' title="bbox 2032 4500 3587 4597">
    <p class='ocr_par' dir='ltr' id='par_1_92' title="bbox 2032 4500 3587 4570">
     <span class='ocr_line' id='line_1_92' title="bbox 2032 4500 3587 4570; baseline 0.002 -15"><span class='ocrx_word' id='word_1_666' title='bbox 2032 4501 2212 4565; x_wconf 89' lang='lat' dir='ltr'><strong>luerit,</strong></span> <span class='ocrx_word' id='word_1_667' title='bbox 2245 4500 2606 4570; x_wconf 76' lang='lat' dir='ltr'><strong>iustissimam</strong></span> <span class='ocrx_word' id='word_1_668' title='bbox 2643 4503 2781 4557; x_wconf 84' lang='lat' dir='ltr'><strong>feret</strong></span> <span class='ocrx_word' id='word_1_669' title='bbox 2822 4503 2872 4556; x_wconf 94' lang='lat' dir='ltr'><strong>in</strong></span> <span class='ocrx_word' id='word_1_670' title='bbox 2903 4517 3023 4556; x_wconf 91' lang='lat' dir='ltr'><strong>eum</strong></span> <span class='ocrx_word' id='word_1_671' title='bbox 3059 4502 3411 4567; x_wconf 89' lang='lat' dir='ltr'><strong>sententiam,</strong></span> <span class='ocrx_word' id='word_1_672' title='bbox 3451 4512 3587 4558; x_wconf 65' lang='lat' dir='ltr'><strong>tene</strong></span> 
     </span>
    </p>
   </div>
   <div class='ocr_carea' id='block_1_93' title="bbox 358 4597 1918 4673">
    <p class='ocr_par' dir='ltr' id='par_1_93' title="bbox 358 4597 1918 4673">
     <span class='ocr_line' id='line_1_93' title="bbox 358 4597 1918 4673; baseline 0.006 -25"><span class='ocrx_word' id='word_1_673' title='bbox 358 4597 617 4667; x_wconf 80' lang='grc' dir='ltr'>πονηρὸν,</span> <span class='ocrx_word' id='word_1_674' title='bbox 671 4598 804 4652; x_wconf 86' lang='grc' dir='ltr'><strong>ἀλλά</strong></span> <span class='ocrx_word' id='word_1_675' title='bbox 846 4601 939 4653; x_wconf 64' lang='grc' dir='ltr'><strong>καῖ⁹</strong></span> <span class='ocrx_word' id='word_1_676' title='bbox 984 4603 1198 4673; x_wconf 85' lang='grc' dir='ltr'>ἀχρεῖον</span> <span class='ocrx_word' id='word_1_677' title='bbox 1239 4602 1333 4655; x_wconf 73' lang='grc' dir='ltr'><strong>καὶ</strong></span> <span class='ocrx_word' id='word_1_678' title='bbox 1378 4601 1683 4671; x_wconf 84' lang='grc' dir='ltr'>ἀπόϐλητον</span> <span class='ocrx_word' id='word_1_679' title='bbox 1715 4601 1918 4658; x_wconf 79' lang='grc' dir='ltr'>δοῦλον.</span> 
     </span>
    </p>
   </div>
   <div class='ocr_carea' id='block_1_94' title="bbox 356 4686 1925 4765">
    <p class='ocr_par' dir='ltr' id='par_1_94' title="bbox 356 4686 1925 4765">
     <span class='ocr_line' id='line_1_94' title="bbox 356 4686 1925 4765; baseline 0.005 -26"><span class='ocrx_word' id='word_1_680' title='bbox 356 4688 508 4754; x_wconf 80' lang='grc' dir='ltr'>Δόξει</span> <span class='ocrx_word' id='word_1_681' title='bbox 540 4689 640 4759; x_wconf 83' lang='grc' dir='ltr'>μὲν</span> <span class='ocrx_word' id='word_1_682' title='bbox 660 4686 752 4743; x_wconf 78' lang='grc' dir='ltr'><strong>οὖν</strong></span> <span class='ocrx_word' id='word_1_683' title='bbox 778 4691 1118 4763; x_wconf 84' lang='grc' dir='ltr'>ἀπεριέργως</span> <span class='ocrx_word' id='word_1_684' title='bbox 1138 4694 1260 4746; x_wconf 83' lang='grc' dir='ltr'>ὅσον</span> <span class='ocrx_word' id='word_1_685' title='bbox 1288 4693 1379 4746; x_wconf 73' lang='grc' dir='ltr'>ἐπὶ</span> <span class='ocrx_word' id='word_1_686' title='bbox 1406 4695 1470 4764; x_wconf 84' lang='grc' dir='ltr'><strong>τῇ</strong></span> <span class='ocrx_word' id='word_1_687' title='bbox 1489 4692 1776 4764; x_wconf 76' lang='grc' dir='ltr'>ἀκολουθίᾳ</span> <span class='ocrx_word' id='word_1_688' title='bbox 1799 4694 1925 4765; x_wconf 74' lang='grc' dir='ltr'>περὶ</span> 
     </span>
    </p>
   </div>
   <div class='ocr_carea' id='block_1_95' title="bbox 358 4777 1923 4854">
    <p class='ocr_par' dir='ltr' id='par_1_95' title="bbox 358 4777 1923 4854">
     <span class='ocr_line' id='line_1_95' title="bbox 358 4777 1923 4854; baseline 0.004 -25"><span class='ocrx_word' id='word_1_689' title='bbox 358 4777 453 4830; x_wconf 82' lang='grc' dir='ltr'>τοῦ</span> <span class='ocrx_word' id='word_1_690' title='bbox 495 4779 659 4850; x_wconf 84' lang='grc' dir='ltr'>μηδὲν</span> <span class='ocrx_word' id='word_1_691' title='bbox 686 4783 1077 4854; x_wconf 77' lang='grc' dir='ltr'>ἐργασαμένου,</span> <span class='ocrx_word' id='word_1_692' title='bbox 1105 4783 1239 4837; x_wconf 78' lang='grc' dir='ltr'>ἀλλὰ</span> <span class='ocrx_word' id='word_1_693' title='bbox 1274 4782 1687 4854; x_wconf 71' lang='grc' dir='ltr'>ἀποκρύψαντος</span> <span class='ocrx_word' id='word_1_694' title='bbox 1726 4784 1786 4836; x_wconf 77' lang='grc' dir='ltr'><strong>τὸ</strong></span> <span class='ocrx_word' id='word_1_695' title='bbox 1826 4783 1923 4836; x_wconf 90' lang='grc' dir='ltr'>τά-</span> 
     </span>
    </p>
   </div>
   <div class='ocr_carea' id='block_1_96' title="bbox 358 4870 1921 4947">
    <p class='ocr_par' dir='ltr' id='par_1_96' title="bbox 358 4870 1921 4947">
     <span class='ocr_line' id='line_1_96' title="bbox 358 4870 1921 4947; baseline 0.002 -23"><span class='ocrx_word' id='word_1_696' title='bbox 358 4870 555 4925; x_wconf 88' lang='grc' dir='ltr'>λαντον</span> <span class='ocrx_word' id='word_1_697' title='bbox 572 4914 587 4937; x_wconf 92' lang='grc'><strong>,</strong></span> <span class='ocrx_word' id='word_1_698' title='bbox 610 4873 754 4927; x_wconf 80' lang='grc' dir='ltr'>τοῦτ’</span> <span class='ocrx_word' id='word_1_699' title='bbox 788 4876 1057 4947; x_wconf 79' lang='grc' dir='ltr'>εἰρῆσθαι·</span> <span class='ocrx_word' id='word_1_700' title='bbox 1087 4876 1209 4929; x_wconf 73' lang='grc' dir='ltr'>ἐπεὶ</span> <span class='ocrx_word' id='word_1_701' title='bbox 1241 4876 1298 4929; x_wconf 85' lang='grc' dir='ltr'>δὲ</span> <span class='ocrx_word' id='word_1_702' title='bbox 1323 4876 1383 4928; x_wconf 83' lang='grc' dir='ltr'><strong>τὸ</strong></span> <span class='ocrx_word' id='word_1_703' title='bbox 1410 4878 1488 4938; x_wconf 84' lang='grc' dir='ltr'><strong>εἰς</strong></span> <span class='ocrx_word' id='word_1_704' title='bbox 1509 4877 1652 4945; x_wconf 81' lang='grc' dir='ltr'>ἡμᾶς</span> <span class='ocrx_word' id='word_1_705' title='bbox 1664 4870 1793 4945; x_wconf 81' lang='grc' dir='ltr'>ἧκον</span> <span class='ocrx_word' id='word_1_706' title='bbox 1812 4873 1921 4945; x_wconf 73' lang='grc'><strong>(20)</strong></span> 
     </span>
    </p>
   </div>
   <div class='ocr_carea' id='block_1_97' title="bbox 370 4964 1921 5037">
    <p class='ocr_par' dir='ltr' id='par_1_97' title="bbox 370 4964 1921 5037">
     <span class='ocr_line' id='line_1_97' title="bbox 370 4964 1921 5037; baseline 0 -20"><span class='ocrx_word' id='word_1_707' title='bbox 370 4964 681 5036; x_wconf 84' lang='grc' dir='ltr'>Ἑϐραϊκοῖς</span> <span class='ocrx_word' id='word_1_708' title='bbox 745 4967 1116 5037; x_wconf 77' lang='grc' dir='ltr'>χαρακτῆρσιν</span> <span class='ocrx_word' id='word_1_709' title='bbox 1158 4965 1483 5034; x_wconf 84' lang='grc' dir='ltr'>Εὐαγγέλιον</span> <span class='ocrx_word' id='word_1_710' title='bbox 1537 4965 1635 5036; x_wconf 79' lang='grc' dir='ltr'>τὴν</span> <span class='ocrx_word' id='word_1_711' title='bbox 1694 4964 1921 5035; x_wconf 84' lang='grc' dir='ltr'>ἀπειλὴν</span> 
     </span>
    </p>
   </div>
   <div class='ocr_carea' id='block_1_98' title="bbox 357 5056 1921 5130">
    <p class='ocr_par' dir='ltr' id='par_1_98' title="bbox 357 5056 1921 5130">
     <span class='ocr_line' id='line_1_98' title="bbox 357 5056 1921 5130; baseline 0 -20"><span class='ocrx_word' id='word_1_712' title='bbox 357 5057 421 5110; x_wconf 81' lang='grc' dir='ltr'>οὐ</span> <span class='ocrx_word' id='word_1_713' title='bbox 461 5059 602 5112; x_wconf 83' lang='grc' dir='ltr'><strong>κατά</strong></span> <span class='ocrx_word' id='word_1_714' title='bbox 632 5057 725 5111; x_wconf 82' lang='grc' dir='ltr'>τοῦ</span> <span class='ocrx_word' id='word_1_715' title='bbox 770 5058 1181 5130; x_wconf 81' lang='grc' dir='ltr'>ἀποκρύψαντος</span> <span class='ocrx_word' id='word_1_716' title='bbox 1212 5058 1434 5129; x_wconf 67' lang='grc' dir='ltr'>ἐπῆγεν,</span> <span class='ocrx_word' id='word_1_717' title='bbox 1481 5057 1616 5112; x_wconf 85' lang='grc' dir='ltr'><strong>ἀλλά</strong></span> <span class='ocrx_word' id='word_1_718' title='bbox 1658 5056 1796 5110; x_wconf 87' lang='grc' dir='ltr'><strong>κατά</strong></span> <span class='ocrx_word' id='word_1_719' title='bbox 1830 5057 1921 5110; x_wconf 79' lang='grc' dir='ltr'>τοῦ</span> 
     </span>
    </p>
   </div>
   <div class='ocr_carea' id='block_1_99' title="bbox 432 5145 974 5216">
    <p class='ocr_par' dir='ltr' id='par_1_99' title="bbox 432 5145 974 5216">
     <span class='ocr_line' id='line_1_99' title="bbox 432 5145 974 5216; baseline 0.004 -14"><span class='ocrx_word' id='word_1_720' title='bbox 432 5145 477 5179; x_wconf 80' lang='grc'><strong>⁸⁷</strong></span> <span class='ocrx_word' id='word_1_721' title='bbox 510 5150 695 5205; x_wconf 86' lang='lat' dir='ltr'><strong>Matth.</strong></span> <span class='ocrx_word' id='word_1_722' title='bbox 736 5166 865 5216; x_wconf 82' lang='lat' dir='ltr'><strong>xxv,</strong></span> <span class='ocrx_word' id='word_1_723' title='bbox 888 5151 974 5206; x_wconf 73' lang='lat' dir='ltr'><strong>M.</strong></span> 
     </span>
    </p>
   </div>
   <div class='ocr_carea' id='block_1_100' title="bbox 432 5240 1912 5311">
    <p class='ocr_par' dir='ltr' id='par_1_100' title="bbox 432 5240 1912 5311">
     <span class='ocr_line' id='line_1_100' title="bbox 432 5240 1912 5311; baseline -0.003 -17"><span class='ocrx_word' id='word_1_724' title='bbox 432 5241 546 5308; x_wconf 81' lang='lat' dir='ltr'><strong>(i8)</strong></span> <span class='ocrx_word' id='word_1_725' title='bbox 592 5242 723 5297; x_wconf 88' lang='lat' dir='ltr'><strong>Utor</strong></span> <span class='ocrx_word' id='word_1_726' title='bbox 754 5244 856 5299; x_wconf 89' lang='lat' dir='ltr'><strong>hoc</strong></span> <span class='ocrx_word' id='word_1_727' title='bbox 884 5245 1067 5307; x_wconf 84' lang='lat' dir='ltr'><strong>verbo,</strong></span> <span class='ocrx_word' id='word_1_728' title='bbox 1102 5242 1240 5305; x_wconf 88' lang='lat' dir='ltr'><strong>quod</strong></span> <span class='ocrx_word' id='word_1_729' title='bbox 1261 5252 1345 5296; x_wconf 89' lang='lat' dir='ltr'><strong>est</strong></span> <span class='ocrx_word' id='word_1_730' title='bbox 1377 5242 1427 5295; x_wconf 89' lang='lat' dir='ltr'><strong>in</strong></span> <span class='ocrx_word' id='word_1_731' title='bbox 1471 5240 1788 5311; x_wconf 75' lang='lat' dir='ltr'><strong>fragmentis</strong></span> <span class='ocrx_word' id='word_1_732' title='bbox 1813 5254 1912 5291; x_wconf 83' lang='lat' dir='ltr'><strong>an—</strong></span> 
     </span>
    </p>
   </div>
   <div class='ocr_carea' id='block_1_101' title="bbox 358 5310 1912 5379">
    <p class='ocr_par' dir='ltr' id='par_1_101' title="bbox 358 5310 1912 5379">
     <span class='ocr_line' id='line_1_101' title="bbox 358 5310 1912 5379; baseline -0.001 -14"><span class='ocrx_word' id='word_1_733' title='bbox 358 5313 685 5379; x_wconf 74' lang='lat' dir='ltr'><strong>tiquissimis</strong></span> <span class='ocrx_word' id='word_1_734' title='bbox 714 5316 914 5368; x_wconf 80' lang='lat' dir='ltr'><strong>veteris</strong></span> <span class='ocrx_word' id='word_1_735' title='bbox 938 5313 1077 5370; x_wconf 64' lang='lat' dir='ltr'><strong>Italae</strong></span> <span class='ocrx_word' id='word_1_736' title='bbox 1110 5313 1297 5365; x_wconf 79' lang='lat' dir='ltr'><strong>Matth.</strong></span> <span class='ocrx_word' id='word_1_737' title='bbox 1328 5313 1545 5375; x_wconf 72' lang='lat' dir='ltr'><strong>xxx,12,</strong></span> <span class='ocrx_word' id='word_1_738' title='bbox 1570 5310 1611 5366; x_wconf 50' lang='grc' dir='ltr'>⁷ο</span> <span class='ocrx_word' id='word_1_739' title='bbox 1647 5327 1730 5366; x_wconf 84' lang='lat' dir='ltr'><strong>me</strong></span> <span class='ocrx_word' id='word_1_740' title='bbox 1753 5310 1912 5363; x_wconf 83' lang='lat' dir='ltr'><strong>editis</strong></span> 
     </span>
    </p>
   </div>
   <div class='ocr_carea' id='block_1_102' title="bbox 356 5380 1911 5454">
    <p class='ocr_par' dir='ltr' id='par_1_102' title="bbox 356 5380 1911 5454">
     <span class='ocr_line' id='line_1_102' title="bbox 356 5380 1911 5454; baseline -0.001 -20"><span class='ocrx_word' id='word_1_741' title='bbox 356 5398 478 5435; x_wconf 88' lang='lat' dir='ltr'><strong>cum</strong></span> <span class='ocrx_word' id='word_1_742' title='bbox 519 5386 689 5437; x_wconf 80' lang='lat' dir='ltr'><strong>sancti</strong></span> <span class='ocrx_word' id='word_1_743' title='bbox 723 5385 1007 5454; x_wconf 78' lang='lat' dir='ltr'><strong>AugnStini</strong></span> <span class='ocrx_word' id='word_1_744' title='bbox 1038 5383 1270 5454; x_wconf 73' lang='lat' dir='ltr'><strong>genuino</strong></span> <span class='ocrx_word' id='word_1_745' title='bbox 1301 5380 1557 5454; x_wconf 49' lang='lat' dir='ltr'><strong>Speculaj</strong></span> <span class='ocrx_word' id='word_1_746' title='bbox 1614 5384 1774 5454; x_wconf 80' lang='lat' dir='ltr'><strong>idque</strong></span> <span class='ocrx_word' id='word_1_747' title='bbox 1818 5394 1911 5432; x_wconf 75' lang='lat' dir='ltr'><strong>vo-</strong></span> 
     </span>
    </p>
   </div>
   <div class='ocr_carea' id='block_1_103' title="bbox 360 5450 1911 5524">
    <p class='ocr_par' dir='ltr' id='par_1_103' title="bbox 360 5450 1911 5524">
     <span class='ocr_line' id='line_1_103' title="bbox 360 5450 1911 5524; baseline -0.001 -19"><span class='ocrx_word' id='word_1_748' title='bbox 360 5454 608 5524; x_wconf 66' lang='lat' dir='ltr'><strong>caltuluin</strong></span> <span class='ocrx_word' id='word_1_749' title='bbox 661 5456 713 5507; x_wconf 89' lang='lat' dir='ltr'><strong>in</strong></span> <span class='ocrx_word' id='word_1_750' title='bbox 766 5450 884 5508; x_wconf 72' lang='grc' dir='ltr'>ιιιὶςο</span> <span class='ocrx_word' id='word_1_751' title='bbox 925 5450 1135 5524; x_wconf 80' lang='lat' dir='ltr'><strong>quoque</strong></span> <span class='ocrx_word' id='word_1_752' title='bbox 1192 5452 1457 5523; x_wconf 80' lang='lat' dir='ltr'><strong>glossario</strong></span> <span class='ocrx_word' id='word_1_753' title='bbox 1508 5450 1701 5520; x_wconf 64' lang='lat' dir='ltr'><strong>Spicil.</strong></span> <span class='ocrx_word' id='word_1_754' title='bbox 1744 5461 1783 5504; x_wconf 91' lang='lat' dir='ltr'><strong>t.</strong></span> <span class='ocrx_word' id='word_1_755' title='bbox 1831 5465 1911 5513; x_wconf 82' lang='lat' dir='ltr'><strong>ix,</strong></span> 
     </span>
    </p>
   </div>
   <div class='ocr_carea' id='block_1_104' title="bbox 358 5520 1916 5602">
    <p class='ocr_par' dir='ltr' id='par_1_104' title="bbox 358 5520 1916 5602">
     <span class='ocr_line' id='line_1_104' title="bbox 358 5520 1916 5602; baseline -0.001 -28"><span class='ocrx_word' id='word_1_756' title='bbox 358 5520 473 5602; x_wconf 67' lang='lat' dir='ltr'><strong>iure</strong></span> <span class='ocrx_word' id='word_1_757' title='bbox 503 5525 695 5594; x_wconf 83' lang='lat' dir='ltr'><strong>scripsi</strong></span> <span class='ocrx_word' id='word_1_758' title='bbox 724 5544 737 5579; x_wconf 84' lang='lat'><strong>:</strong></span> <span class='ocrx_word' id='word_1_759' title='bbox 770 5527 901 5577; x_wconf 80' lang='lat' dir='ltr'><strong>Sunt</strong></span> <span class='ocrx_word' id='word_1_760' title='bbox 928 5520 1507 5602; x_wconf 33' lang='lat' dir='ltr'><strong>spadones—,AeICN-qui</strong></span> <span class='ocrx_word' id='word_1_761' title='bbox 1538 5540 1592 5577; x_wconf 78' lang='lat' dir='ltr'><strong>se</strong></span> <span class='ocrx_word' id='word_1_762' title='bbox 1631 5525 1767 5590; x_wconf 80' lang='lat' dir='ltr'><strong>ipsos</strong></span> <span class='ocrx_word' id='word_1_763' title='bbox 1794 5537 1916 5602; x_wconf 67' lang='lat' dir='ltr'><strong>spa—</strong></span> 
     </span>
    </p>
   </div>
   <div class='ocr_carea' id='block_1_105' title="bbox 362 5592 1920 5666">
    <p class='ocr_par' dir='ltr' id='par_1_105' title="bbox 362 5592 1920 5666">
     <span class='ocr_line' id='line_1_105' title="bbox 362 5592 1920 5666; baseline -0.001 -22"><span class='ocrx_word' id='word_1_764' title='bbox 362 5592 681 5666; x_wconf 49' lang='lat' dir='ltr'><strong>donaueru&#39;nt</strong></span> <span class='ocrx_word' id='word_1_765' title='bbox 714 5608 927 5666; x_wconf 76' lang='lat' dir='ltr'><strong>promer</strong></span> <span class='ocrx_word' id='word_1_766' title='bbox 950 5592 1181 5666; x_wconf 78' lang='lat' dir='ltr'><strong>regnum.</strong></span> <span class='ocrx_word' id='word_1_767' title='bbox 1218 5594 1334 5666; x_wconf 68' lang='lat' dir='ltr'><strong>Quo</strong></span> <span class='ocrx_word' id='word_1_768' title='bbox 1361 5595 1770 5666; x_wconf 34' lang='lat' dir='ltr'><strong>piohsensuket</strong></span> <span class='ocrx_word' id='word_1_769' title='bbox 1804 5592 1920 5666; x_wconf 50' lang='lat' dir='ltr'><strong>qui‘</strong></span> 
     </span>
    </p>
   </div>
   <div class='ocr_carea' id='block_1_106' title="bbox 361 5662 1916 5734">
    <p class='ocr_par' dir='ltr' id='par_1_106' title="bbox 361 5662 1916 5734">
     <span class='ocr_line' id='line_1_106' title="bbox 361 5662 1916 5734; baseline 0 -20"><span class='ocrx_word' id='word_1_770' title='bbox 361 5663 478 5734; x_wconf 78' lang='lat' dir='ltr'><strong>dein</strong></span> <span class='ocrx_word' id='word_1_771' title='bbox 520 5664 624 5720; x_wconf 91' lang='lat' dir='ltr'><strong>huc</strong></span> <span class='ocrx_word' id='word_1_772' title='bbox 684 5662 1204 5734; x_wconf 52' lang='lat' dir='ltr'><strong>respiciensfetiam</strong></span> <span class='ocrx_word' id='word_1_773' title='bbox 1258 5662 1621 5718; x_wconf 85' lang='lat' dir='ltr'><strong>Tertullianus</strong></span> <span class='ocrx_word' id='word_1_774' title='bbox 1674 5663 1748 5715; x_wconf 82' lang='lat' dir='ltr'><strong>De</strong></span> <span class='ocrx_word' id='word_1_775' title='bbox 1792 5663 1916 5714; x_wconf 75' lang='lat' dir='ltr'><strong>cuit.</strong></span> 
     </span>
    </p>
   </div>
   <div class='ocr_carea' id='block_1_107' title="bbox 360 5730 1921 5853">
    <p class='ocr_par' dir='ltr' id='par_1_107' title="bbox 360 5730 1921 5853">
     <span class='ocr_line' id='line_1_107' title="bbox 360 5730 1921 5853; baseline -0.001 -66"><span class='ocrx_word' id='word_1_776' title='bbox 360 5730 478 5853; x_wconf 50' lang='lat' dir='ltr'><strong>lgna.</strong></span> <span class='ocrx_word' id='word_1_777' title='bbox 503 5750 578 5805; x_wconf 81' lang='lat' dir='ltr'><strong>ix,</strong></span> <span class='ocrx_word' id='word_1_778' title='bbox 596 5737 750 5804; x_wconf 79' lang='lat' dir='ltr'><strong>dixit,</strong></span> <span class='ocrx_word' id='word_1_779' title='bbox 769 5730 823 5791; x_wconf 69' lang='lat' dir='ltr'><strong>is</strong></span> <span class='ocrx_word' id='word_1_780' title='bbox 848 5738 1163 5805; x_wconf 78' lang='lat' dir='ltr'><strong>spadonatui</strong></span> <span class='ocrx_word' id='word_1_781' title='bbox 1184 5736 1451 5806; x_wconf 67' lang='lat' dir='ltr'><strong>assignant</strong></span> <span class='ocrx_word' id='word_1_782' title='bbox 1478 5744 1690 5805; x_wconf 79' lang='lat' dir='ltr'><strong>propter</strong></span> <span class='ocrx_word' id='word_1_783' title='bbox 1710 5747 1921 5799; x_wconf 78' lang='lat' dir='ltr'><strong>regnum</strong></span> 
     </span>
     <span class='ocr_line' id='line_1_108' title="bbox 409 5818 478 5853; baseline 0 0"><span class='ocrx_word' id='word_1_784' title='bbox 409 5818 478 5853; x_wconf 69' lang='grc' dir='ltr'>τι.</span> 
     </span>
    </p>
   </div>
   <div class='ocr_carea' id='block_1_108' title="bbox 409 5818 478 5857">
    <p class='ocr_par' dir='ltr' id='par_1_108' title="bbox 409 5818 478 5857">
     <span class='ocr_line' id='line_1_109' title="bbox 409 5818 478 5857; baseline 0.029 -2"><span class='ocrx_word' id='word_1_785' title='bbox 409 5818 478 5857; x_wconf 68' lang='grc' dir='ltr'>τι.</span> 
     </span>
    </p>
   </div>
   <div class='ocr_carea' id='block_1_109' title="bbox 2026 4590 3587 4657">
    <p class='ocr_par' dir='ltr' id='par_1_109' title="bbox 2026 4590 3587 4657">
     <span class='ocr_line' id='line_1_110' title="bbox 2026 4590 3587 4657; baseline -0.001 -10"><span class='ocrx_word' id='word_1_786' title='bbox 2026 4592 2208 4647; x_wconf 87' lang='lat' dir='ltr'><strong>nebris</strong></span> <span class='ocrx_word' id='word_1_787' title='bbox 2262 4590 2625 4647; x_wconf 79' lang='lat' dir='ltr'><strong>exterioribus</strong></span> <span class='ocrx_word' id='word_1_788' title='bbox 2670 4607 2793 4647; x_wconf 90' lang='lat' dir='ltr'><strong>eum</strong></span> <span class='ocrx_word' id='word_1_789' title='bbox 2857 4592 3099 4657; x_wconf 88' lang='lat' dir='ltr'><strong>tradens,</strong></span> <span class='ocrx_word' id='word_1_790' title='bbox 3156 4606 3261 4646; x_wconf 91' lang='lat' dir='ltr'><strong>non</strong></span> <span class='ocrx_word' id='word_1_791' title='bbox 3320 4593 3478 4645; x_wconf 93' lang='lat' dir='ltr'><strong>modo</strong></span> <span class='ocrx_word' id='word_1_792' title='bbox 3530 4601 3587 4645; x_wconf 93' lang='lat' dir='ltr'><strong>ut</strong></span> 
     </span>
    </p>
   </div>
   <div class='ocr_carea' id='block_1_110' title="bbox 2022 4682 3587 4752">
    <p class='ocr_par' dir='ltr' id='par_1_110' title="bbox 2022 4682 3587 4752">
     <span class='ocr_line' id='line_1_111' title="bbox 2022 4682 3587 4752; baseline -0.001 -13"><span class='ocrx_word' id='word_1_793' title='bbox 2022 4683 2307 4739; x_wconf 76' lang='lat' dir='ltr'><strong>socordem</strong></span> <span class='ocrx_word' id='word_1_794' title='bbox 2337 4691 2392 4736; x_wconf 90' lang='lat' dir='ltr'><strong>et</strong></span> <span class='ocrx_word' id='word_1_795' title='bbox 2418 4696 2666 4752; x_wconf 85' lang='lat' dir='ltr'><strong>nequam,</strong></span> <span class='ocrx_word' id='word_1_796' title='bbox 2696 4697 2880 4737; x_wconf 90' lang='lat' dir='ltr'><strong>verum</strong></span> <span class='ocrx_word' id='word_1_797' title='bbox 2915 4682 3079 4738; x_wconf 90' lang='lat' dir='ltr'><strong>etiam</strong></span> <span class='ocrx_word' id='word_1_798' title='bbox 3117 4690 3174 4737; x_wconf 91' lang='lat' dir='ltr'><strong>ut</strong></span> <span class='ocrx_word' id='word_1_799' title='bbox 3212 4682 3457 4736; x_wconf 91' lang='lat' dir='ltr'><strong>inutilem</strong></span> <span class='ocrx_word' id='word_1_800' title='bbox 3496 4684 3587 4737; x_wconf 86' lang='lat' dir='ltr'><strong>do-</strong></span> 
     </span>
    </p>
   </div>
   <div class='ocr_carea' id='block_1_111' title="bbox 2025 4773 3587 4844">
    <p class='ocr_par' dir='ltr' id='par_1_111' title="bbox 2025 4773 3587 4844">
     <span class='ocr_line' id='line_1_112' title="bbox 2025 4773 3587 4844; baseline -0.002 -15"><span class='ocrx_word' id='word_1_801' title='bbox 2025 4790 2219 4844; x_wconf 87' lang='lat' dir='ltr'><strong>moque</strong></span> <span class='ocrx_word' id='word_1_802' title='bbox 2265 4774 2573 4844; x_wconf 89' lang='lat' dir='ltr'><strong>pellendum</strong></span> <span class='ocrx_word' id='word_1_803' title='bbox 2621 4773 2901 4830; x_wconf 86' lang='lat' dir='ltr'><strong>famulum.</strong></span> <span class='ocrx_word' id='word_1_804' title='bbox 2944 4775 3228 4830; x_wconf 73' lang='lat' dir='ltr'><strong>Videbitur</strong></span> <span class='ocrx_word' id='word_1_805' title='bbox 3267 4788 3395 4844; x_wconf 91' lang='lat' dir='ltr'><strong>ergo</strong></span> <span class='ocrx_word' id='word_1_806' title='bbox 3428 4788 3587 4843; x_wconf 85' lang='lat' dir='ltr'><strong>appa-</strong></span> 
     </span>
    </p>
   </div>
   <div class='ocr_carea' id='block_1_112' title="bbox 2026 4865 3586 4935">
    <p class='ocr_par' dir='ltr' id='par_1_112' title="bbox 2026 4865 3586 4935">
     <span class='ocr_line' id='line_1_113' title="bbox 2026 4865 3586 4935; baseline -0.003 -14"><span class='ocrx_word' id='word_1_807' title='bbox 2026 4877 2224 4933; x_wconf 90' lang='lat' dir='ltr'><strong>renter,</strong></span> <span class='ocrx_word' id='word_1_808' title='bbox 2254 4865 2397 4922; x_wconf 89' lang='lat' dir='ltr'><strong>haud</strong></span> <span class='ocrx_word' id='word_1_809' title='bbox 2428 4866 2561 4921; x_wconf 85' lang='lat' dir='ltr'><strong>satis</strong></span> <span class='ocrx_word' id='word_1_810' title='bbox 2587 4878 2840 4921; x_wconf 88' lang='lat' dir='ltr'><strong>accurate</strong></span> <span class='ocrx_word' id='word_1_811' title='bbox 2873 4865 3013 4935; x_wconf 89' lang='lat' dir='ltr'><strong>quod</strong></span> <span class='ocrx_word' id='word_1_812' title='bbox 3038 4866 3229 4918; x_wconf 89' lang='lat' dir='ltr'><strong>attinet</strong></span> <span class='ocrx_word' id='word_1_813' title='bbox 3250 4866 3314 4918; x_wconf 86' lang='lat' dir='ltr'><strong>ad</strong></span> <span class='ocrx_word' id='word_1_814' title='bbox 3336 4879 3586 4919; x_wconf 89' lang='lat' dir='ltr'><strong>sensuum</strong></span> 
     </span>
    </p>
   </div>
   <div class='ocr_carea' id='block_1_113' title="bbox 2031 4955 3586 5029">
    <p class='ocr_par' dir='ltr' id='par_1_113' title="bbox 2031 4955 3586 5029">
     <span class='ocr_line' id='line_1_114' title="bbox 2031 4955 3586 5029; baseline -0.003 -15"><span class='ocrx_word' id='word_1_815' title='bbox 2031 4961 2328 5029; x_wconf 84' lang='lat' dir='ltr'><strong>sequelam,</strong></span> <span class='ocrx_word' id='word_1_816' title='bbox 2363 4957 2465 5012; x_wconf 90' lang='lat' dir='ltr'><strong>hoc</strong></span> <span class='ocrx_word' id='word_1_817' title='bbox 2499 4958 2565 5013; x_wconf 88' lang='lat' dir='ltr'><strong>de</strong></span> <span class='ocrx_word' id='word_1_818' title='bbox 2610 4958 2701 5012; x_wconf 89' lang='lat' dir='ltr'><strong>illo</strong></span> <span class='ocrx_word' id='word_1_819' title='bbox 2734 4958 2901 5011; x_wconf 84' lang='lat' dir='ltr'><strong>fuisse</strong></span> <span class='ocrx_word' id='word_1_820' title='bbox 2952 4956 3153 5010; x_wconf 90' lang='lat' dir='ltr'><strong>dictum</strong></span> <span class='ocrx_word' id='word_1_821' title='bbox 3178 4956 3269 5025; x_wconf 91' lang='lat' dir='ltr'><strong>qui</strong></span> <span class='ocrx_word' id='word_1_822' title='bbox 3303 4955 3435 5011; x_wconf 85' lang='lat' dir='ltr'><strong>nihil</strong></span> <span class='ocrx_word' id='word_1_823' title='bbox 3460 4971 3586 5025; x_wconf 53' lang='lat' dir='ltr'><strong>open</strong></span> 
     </span>
    </p>
   </div>
   <div class='ocr_carea' id='block_1_114' title="bbox 2035 5049 3586 5127">
    <p class='ocr_par' dir='ltr' id='par_1_114' title="bbox 2035 5049 3586 5127">
     <span class='ocr_line' id='line_1_115' title="bbox 2035 5049 3586 5127; baseline -0.003 -18"><span class='ocrx_word' id='word_1_824' title='bbox 2035 5068 2163 5109; x_wconf 89' lang='lat' dir='ltr'><strong>rans</strong></span> <span class='ocrx_word' id='word_1_825' title='bbox 2217 5052 2479 5127; x_wconf 86' lang='lat' dir='ltr'><strong>talentum</strong></span> <span class='ocrx_word' id='word_1_826' title='bbox 2532 5050 2838 5107; x_wconf 90' lang='lat' dir='ltr'><strong>abscondit.</strong></span> <span class='ocrx_word' id='word_1_827' title='bbox 2898 5049 3055 5105; x_wconf 89' lang='lat' dir='ltr'><strong>Certe</strong></span> <span class='ocrx_word' id='word_1_828' title='bbox 3102 5051 3245 5119; x_wconf 89' lang='lat' dir='ltr'><strong>quod</strong></span> <span class='ocrx_word' id='word_1_829' title='bbox 3309 5050 3586 5105; x_wconf 80' lang='lat' dir='ltr'><strong>Hebraicis</strong></span> 
     </span>
    </p>
   </div>
   <div class='ocr_carea' id='block_1_115' title="bbox 2085 5232 3585 5305">
    <p class='ocr_par' dir='ltr' id='par_1_115' title="bbox 2085 5232 3585 5305">
     <span class='ocr_line' id='line_1_116' title="bbox 2085 5232 3585 5305; baseline 0.002 -17"><span class='ocrx_word' id='word_1_830' title='bbox 2085 5232 2197 5305; x_wconf 88' lang='lat' dir='ltr'><strong>(l9)</strong></span> <span class='ocrx_word' id='word_1_831' title='bbox 2244 5233 2357 5288; x_wconf 79' lang='lat' dir='ltr'><strong>Hoc</strong></span> <span class='ocrx_word' id='word_1_832' title='bbox 2415 5248 2629 5303; x_wconf 87' lang='lat' dir='ltr'><strong>quoque</strong></span> <span class='ocrx_word' id='word_1_833' title='bbox 2682 5234 2869 5305; x_wconf 83' lang='lat' dir='ltr'><strong>ingens</strong></span> <span class='ocrx_word' id='word_1_834' title='bbox 2908 5233 3265 5305; x_wconf 73' lang='lat' dir='ltr'><strong>fragmentum</strong></span> <span class='ocrx_word' id='word_1_835' title='bbox 3303 5246 3471 5303; x_wconf 91' lang='lat' dir='ltr'><strong>usque</strong></span> <span class='ocrx_word' id='word_1_836' title='bbox 3519 5237 3585 5292; x_wconf 90' lang='lat' dir='ltr'><strong>ad</strong></span> 
     </span>
    </p>
   </div>
   <div class='ocr_carea' id='block_1_116' title="bbox 2014 5303 3583 5391">
    <p class='ocr_par' dir='ltr' id='par_1_116' title="bbox 2014 5303 3583 5391">
     <span class='ocr_line' id='line_1_117' title="bbox 2014 5303 3583 5391; baseline 0 -31"><span class='ocrx_word' id='word_1_837' title='bbox 2014 5303 2180 5387; x_wconf 79' lang='lat' dir='ltr'><strong>verba</strong></span> <span class='ocrx_word' id='word_1_838' title='bbox 2231 5314 2486 5391; x_wconf 55' lang='lat' dir='ltr'><strong>extrema</strong></span> <span class='ocrx_word' id='word_1_839' title='bbox 2534 5303 2847 5391; x_wconf 51' lang='grc' dir='ltr'>πξραδιὲσει</span> <span class='ocrx_word' id='word_1_840' title='bbox 2893 5304 3042 5391; x_wconf 65' lang='grc' dir='ltr'>δίκῃ,</span> <span class='ocrx_word' id='word_1_841' title='bbox 3095 5306 3481 5391; x_wconf 50' lang='lat' dir='ltr'><strong>geritltituluin</strong></span> <span class='ocrx_word' id='word_1_842' title='bbox 3510 5310 3583 5391; x_wconf 49' lang='lat' dir='ltr'><strong>Ain</strong></span> 
     </span>
    </p>
   </div>
   <div class='ocr_carea' id='block_1_117' title="bbox 2015 5374 3583 5448">
    <p class='ocr_par' dir='ltr' id='par_1_117' title="bbox 2015 5374 3583 5448">
     <span class='ocr_line' id='line_1_118' title="bbox 2015 5374 3583 5448; baseline -0.001 -16"><span class='ocrx_word' id='word_1_843' title='bbox 2015 5376 2201 5432; x_wconf 82' lang='lat' dir='ltr'><strong>codice</strong></span> <span class='ocrx_word' id='word_1_844' title='bbox 2232 5374 2441 5448; x_wconf 50' lang='grc' dir='ltr'><strong>Ατ254.</strong></span> <span class='ocrx_word' id='word_1_845' title='bbox 2474 5376 2525 5448; x_wconf 60' lang='lat' dir='ltr'><strong>li.</strong></span> <span class='ocrx_word' id='word_1_846' title='bbox 2550 5374 2846 5448; x_wconf 67' lang='grc' dir='ltr'>Εὑσεόξου</span> <span class='ocrx_word' id='word_1_847' title='bbox 2875 5375 2941 5437; x_wconf 81' lang='grc' dir='ltr'><strong>β.</strong></span> <span class='ocrx_word' id='word_1_848' title='bbox 2978 5374 3299 5448; x_wconf 58' lang='lat' dir='ltr'><strong>(euaniglis</strong></span> <span class='ocrx_word' id='word_1_849' title='bbox 3329 5392 3487 5442; x_wconf 81' lang='lat' dir='ltr'><strong>supra</strong></span> <span class='ocrx_word' id='word_1_850' title='bbox 3507 5376 3583 5448; x_wconf 86' lang='grc' dir='ltr'><strong>β.)</strong></span> 
     </span>
    </p>
   </div>
   <div class='ocr_carea' id='block_1_118' title="bbox 2017 5441 3476 5514">
    <p class='ocr_par' dir='ltr' id='par_1_118' title="bbox 2017 5441 3476 5514">
     <span class='ocr_line' id='line_1_119' title="bbox 2017 5441 3476 5514; baseline -0.003 -11"><span class='ocrx_word' id='word_1_851' title='bbox 2017 5444 2375 5514; x_wconf 72' lang='grc' dir='ltr'>Θεοφανείας</span> <span class='ocrx_word' id='word_1_852' title='bbox 2408 5460 2427 5497; x_wconf 91' lang='lat'><strong><em>:</em></strong></span> <span class='ocrx_word' id='word_1_853' title='bbox 2463 5444 2698 5505; x_wconf 78' lang='lat' dir='ltr'><strong>Eusebii,</strong></span> <span class='ocrx_word' id='word_1_854' title='bbox 2730 5446 2862 5497; x_wconf 82' lang='lat' dir='ltr'><strong>libro</strong></span> <span class='ocrx_word' id='word_1_855' title='bbox 2892 5441 3075 5514; x_wconf 74' lang='lat' dir='ltr'><strong>quarto</strong></span> <span class='ocrx_word' id='word_1_856' title='bbox 3104 5441 3476 5511; x_wconf 72' lang='lat' dir='ltr'><strong>T/ieophuniw.</strong></span> 
     </span>
    </p>
   </div>
   <div class='ocr_carea' id='block_1_119' title="bbox 2087 5514 3584 5590">
    <p class='ocr_par' dir='ltr' id='par_1_119' title="bbox 2087 5514 3584 5590">
     <span class='ocr_line' id='line_1_120' title="bbox 2087 5514 3584 5590; baseline -0.001 -20"><span class='ocrx_word' id='word_1_857' title='bbox 2087 5517 2197 5590; x_wconf 73' lang='lat'><strong>(20)</strong></span> <span class='ocrx_word' id='word_1_858' title='bbox 2226 5518 2397 5590; x_wconf 74' lang='lat' dir='ltr'><strong>Etiam</strong></span> <span class='ocrx_word' id='word_1_859' title='bbox 2426 5516 2476 5590; x_wconf 82' lang='lat' dir='ltr'><strong>i_t_t</strong></span> <span class='ocrx_word' id='word_1_860' title='bbox 2505 5515 2722 5590; x_wconf 64' lang='lat' dir='ltr'><strong>Syriaca</strong></span> <span class='ocrx_word' id='word_1_861' title='bbox 2754 5514 3206 5590; x_wconf 13' lang='lat' dir='ltr'><strong>Theopltanitlli‘b.</strong></span> <span class='ocrx_word' id='word_1_862' title='bbox 3239 5530 3312 5590; x_wconf 73' lang='grc' dir='ltr'><strong>ιν,</strong></span> <span class='ocrx_word' id='word_1_863' title='bbox 3348 5516 3584 5590; x_wconf 57' lang='lat' dir='ltr'><strong>12,1attv</strong></span> 
     </span>
    </p>
   </div>
   <div class='ocr_carea' id='block_1_120' title="bbox 2020 5583 3584 5655">
    <p class='ocr_par' dir='ltr' id='par_1_120' title="bbox 2020 5583 3584 5655">
     <span class='ocr_line' id='line_1_121' title="bbox 2020 5583 3584 5655; baseline -0.001 -12"><span class='ocrx_word' id='word_1_864' title='bbox 2020 5583 2113 5643; x_wconf 61' lang='grc' dir='ltr'><strong>(ἰαὶ</strong></span> <span class='ocrx_word' id='word_1_865' title='bbox 2141 5586 2405 5642; x_wconf 71' lang='lat' dir='ltr'><strong>Eusebius</strong></span> <span class='ocrx_word' id='word_1_866' title='bbox 2434 5583 2711 5651; x_wconf 78' lang='lat' dir='ltr'><strong>Evangelii</strong></span> <span class='ocrx_word' id='word_1_867' title='bbox 2745 5586 3023 5655; x_wconf 73' lang='lat' dir='ltr'><strong>exemplar</strong></span> <span class='ocrx_word' id='word_1_868' title='bbox 3060 5583 3343 5638; x_wconf 81' lang='lat' dir='ltr'><strong>Hebraicis</strong></span> <span class='ocrx_word' id='word_1_869' title='bbox 3372 5586 3454 5655; x_wconf 86' lang='lat' dir='ltr'><strong>(id</strong></span> <span class='ocrx_word' id='word_1_870' title='bbox 3492 5598 3584 5655; x_wconf 81' lang='lat' dir='ltr'><strong>est</strong></span> 
     </span>
    </p>
   </div>
   <div class='ocr_carea' id='block_1_121' title="bbox 2020 5652 3582 5729">
    <p class='ocr_par' dir='ltr' id='par_1_121' title="bbox 2020 5652 3582 5729">
     <span class='ocr_line' id='line_1_122' title="bbox 2020 5652 3582 5729; baseline -0.003 -15"><span class='ocrx_word' id='word_1_871' title='bbox 2020 5658 2294 5729; x_wconf 82' lang='lat' dir='ltr'><strong>Syriacis)</strong></span> <span class='ocrx_word' id='word_1_872' title='bbox 2350 5655 2539 5708; x_wconf 88' lang='lat' dir='ltr'><strong>litteris</strong></span> <span class='ocrx_word' id='word_1_873' title='bbox 2566 5655 2843 5729; x_wconf 71' lang='lat' dir='ltr'><strong>scriptum.</strong></span> <span class='ocrx_word' id='word_1_874' title='bbox 2873 5653 3000 5729; x_wconf 56' lang='lat' dir='ltr'><strong>dam</strong></span> <span class='ocrx_word' id='word_1_875' title='bbox 3042 5670 3168 5729; x_wconf 72' lang='lat' dir='ltr'><strong>vero</strong></span> <span class='ocrx_word' id='word_1_876' title='bbox 3197 5670 3318 5709; x_wconf 87' lang='lat' dir='ltr'><strong>cum</strong></span> <span class='ocrx_word' id='word_1_877' title='bbox 3356 5652 3407 5710; x_wconf 88' lang='lat' dir='ltr'><strong>in</strong></span> <span class='ocrx_word' id='word_1_878' title='bbox 3440 5652 3582 5729; x_wconf 45' lang='lat' dir='ltr'><strong>Xa}.</strong></span> 
     </span>
    </p>
   </div>
   <div class='ocr_carea' id='block_1_122' title="bbox 2023 5720 3585 5797">
    <p class='ocr_par' dir='ltr' id='par_1_122' title="bbox 2023 5720 3585 5797">
     <span class='ocr_line' id='line_1_123' title="bbox 2023 5720 3585 5797; baseline -0.003 -14"><span class='ocrx_word' id='word_1_879' title='bbox 2023 5720 2347 5783; x_wconf 68' lang='lat' dir='ltr'><strong>bibliotheca</strong></span> <span class='ocrx_word' id='word_1_880' title='bbox 2370 5731 2535 5780; x_wconf 77' lang='lat' dir='ltr'><strong>codex</strong></span> <span class='ocrx_word' id='word_1_881' title='bbox 2561 5720 2735 5797; x_wconf 74' lang='lat' dir='ltr'><strong>exstet</strong></span> <span class='ocrx_word' id='word_1_882' title='bbox 2765 5724 3020 5797; x_wconf 82' lang='lat' dir='ltr'><strong>Syriacus</strong></span> <span class='ocrx_word' id='word_1_883' title='bbox 3060 5726 3158 5778; x_wconf 90' lang='lat' dir='ltr'><strong>sub</strong></span> <span class='ocrx_word' id='word_1_884' title='bbox 3181 5741 3404 5780; x_wconf 88' lang='lat' dir='ltr'><strong>numero</strong></span> <span class='ocrx_word' id='word_1_885' title='bbox 3440 5720 3585 5793; x_wconf 79' lang='lat' dir='ltr'><strong>XIX,</strong></span> 
     </span>
    </p>
   </div>
   <div class='ocr_carea' id='block_1_123' title="bbox 2025 5796 3584 5863">
    <p class='ocr_par' dir='ltr' id='par_1_123' title="bbox 2025 5796 3584 5863">
     <span class='ocr_line' id='line_1_124' title="bbox 2025 5796 3584 5863; baseline -0.003 -9"><span class='ocrx_word' id='word_1_886' title='bbox 2025 5799 2236 5862; x_wconf 78' lang='lat' dir='ltr'><strong>priscos</strong></span> <span class='ocrx_word' id='word_1_887' title='bbox 2278 5797 2411 5851; x_wconf 83' lang='lat' dir='ltr'><strong>adeo</strong></span> <span class='ocrx_word' id='word_1_888' title='bbox 2454 5803 2511 5851; x_wconf 90' lang='lat' dir='ltr'><strong>ut</strong></span> <span class='ocrx_word' id='word_1_889' title='bbox 2556 5796 2773 5855; x_wconf 85' lang='lat' dir='ltr'><strong>Eusebii</strong></span> <span class='ocrx_word' id='word_1_890' title='bbox 2810 5796 3035 5851; x_wconf 74' lang='lat' dir='ltr'><strong>aetatem</strong></span> <span class='ocrx_word' id='word_1_891' title='bbox 3085 5808 3370 5863; x_wconf 71' lang='lat' dir='ltr'><strong>exaequare</strong></span> <span class='ocrx_word' id='word_1_892' title='bbox 3431 5808 3584 5850; x_wconf 70' lang='lat' dir='ltr'><strong>nesse</strong></span> 
     </span>
    </p>
   </div>
  </div>
