  <div class='ocr_page' id='page_1' title='image "/cluster/home/n/w/nwhite01/storage/ocr_20150623/24/hvd.32044073501801/351.png"; bbox 0 0 4084 6208; ppageno 0'>
   <div class='ocr_carea' id='block_1_1' title="bbox 504 330 617 387">
    <p class='ocr_par' dir='ltr' id='par_1_1' title="bbox 504 330 617 387">
     <span class='ocr_line' id='line_1_1' title="bbox 504 330 617 387; baseline -0.018 0"><span class='ocrx_word' id='word_1_1' title='bbox 504 330 617 387; x_wconf 78' lang='lat'><strong>687</strong></span> 
     </span>
    </p>
   </div>
   <div class='ocr_carea' id='block_1_2' title="bbox 1234 320 3087 381">
    <p class='ocr_par' dir='ltr' id='par_1_2' title="bbox 1234 320 3087 381">
     <span class='ocr_line' id='line_1_2' title="bbox 1234 320 3087 381; baseline -0.003 -1"><span class='ocrx_word' id='word_1_2' title='bbox 1234 324 1498 381; x_wconf 85' lang='lat' dir='ltr'><strong>EUSEBII</strong></span> <span class='ocrx_word' id='word_1_3' title='bbox 1535 322 1997 380; x_wconf 62' lang='lat' dir='ltr'><strong>CIESARIENSIS</strong></span> <span class='ocrx_word' id='word_1_4' title='bbox 2033 322 2182 380; x_wconf 86' lang='lat' dir='ltr'><strong>OPP.</strong></span> <span class='ocrx_word' id='word_1_5' title='bbox 2225 322 2402 377; x_wconf 74' lang='lat' dir='ltr'><strong>PARS</strong></span> <span class='ocrx_word' id='word_1_6' title='bbox 2438 322 2526 378; x_wconf 69' lang='grc' dir='ltr'><strong>ιγ.</strong></span> <span class='ocrx_word' id='word_1_7' title='bbox 2564 350 2634 364; x_wconf 88' lang='grc'><strong>--</strong></span> <span class='ocrx_word' id='word_1_8' title='bbox 2672 320 3087 377; x_wconf 74' lang='lat' dir='ltr'><strong>DOGMATICA.</strong></span> 
     </span>
    </p>
   </div>
   <div class='ocr_carea' id='block_1_3' title="bbox 3609 320 3711 373">
    <p class='ocr_par' dir='ltr' id='par_1_3' title="bbox 3609 320 3711 373">
     <span class='ocr_line' id='line_1_3' title="bbox 3609 320 3711 373; baseline 0.02 -2"><span class='ocrx_word' id='word_1_9' title='bbox 3609 320 3711 373; x_wconf 63' lang='lat'><strong>688</strong></span> 
     </span>
    </p>
   </div>
   <div class='ocr_carea' id='block_1_4' title="bbox 514 436 2063 516">
    <p class='ocr_par' dir='ltr' id='par_1_4' title="bbox 514 443 2055 516">
     <span class='ocr_line' id='line_1_4' title="bbox 514 443 2055 516; baseline -0.001 -15"><span class='ocrx_word' id='word_1_10' title='bbox 514 447 706 504; x_wconf 90' lang='lat' dir='ltr'><strong>litteris</strong></span> <span class='ocrx_word' id='word_1_11' title='bbox 757 445 1123 516; x_wconf 81' lang='lat' dir='ltr'><strong>conscriptum</strong></span> <span class='ocrx_word' id='word_1_12' title='bbox 1166 443 1517 515; x_wconf 85' lang='lat' dir='ltr'><strong>Evangelium</strong></span> <span class='ocrx_word' id='word_1_13' title='bbox 1566 444 1631 498; x_wconf 86' lang='lat' dir='ltr'><strong>ad</strong></span> <span class='ocrx_word' id='word_1_14' title='bbox 1675 459 1773 499; x_wconf 89' lang='lat' dir='ltr'><strong>nos</strong></span> <span class='ocrx_word' id='word_1_15' title='bbox 1828 443 2055 507; x_wconf 84' lang='lat' dir='ltr'><strong>devenit,</strong></span> 
     </span>
    </p>
   </div>
   <div class='ocr_carea' id='block_1_5' title="bbox 2162 436 3713 516">
    <p class='ocr_par' dir='ltr' id='par_1_5' title="bbox 2162 436 3713 513">
     <span class='ocr_line' id='line_1_5' title="bbox 2162 436 3713 513; baseline -0.005 -18"><span class='ocrx_word' id='word_1_16' title='bbox 2162 440 2381 506; x_wconf 81' lang='grc' dir='ltr'><strong>ἀσώτως</strong></span> <span class='ocrx_word' id='word_1_17' title='bbox 2419 442 2688 512; x_wconf 72' lang='grc' dir='ltr'>ἐζηκότος.</span> <span class='ocrx_word' id='word_1_18' title='bbox 2729 442 2889 513; x_wconf 81' lang='grc' dir='ltr'>Τρεῖς</span> <span class='ocrx_word' id='word_1_19' title='bbox 2914 440 3023 510; x_wconf 88' lang='grc' dir='ltr'><strong>γάρ</strong></span> <span class='ocrx_word' id='word_1_20' title='bbox 3061 437 3278 500; x_wconf 81' lang='grc' dir='ltr'><strong>δούλους</strong></span> <span class='ocrx_word' id='word_1_21' title='bbox 3324 436 3595 507; x_wconf 75' lang='grc' dir='ltr'><strong>περιεῖχε,</strong></span> <span class='ocrx_word' id='word_1_22' title='bbox 3624 436 3713 489; x_wconf 71' lang='grc' dir='ltr'>τὸν</span> 
     </span>
    </p>
   </div>
   <div class='ocr_carea' id='block_1_6' title="bbox 508 536 2059 604">
    <p class='ocr_par' dir='ltr' id='par_1_6' title="bbox 508 536 2059 604">
     <span class='ocr_line' id='line_1_6' title="bbox 508 536 2059 604; baseline -0.003 -7"><span class='ocrx_word' id='word_1_23' title='bbox 508 544 691 597; x_wconf 87' lang='lat' dir='ltr'><strong>minas</strong></span> <span class='ocrx_word' id='word_1_24' title='bbox 738 541 858 596; x_wconf 89' lang='lat' dir='ltr'><strong>illas</strong></span> <span class='ocrx_word' id='word_1_25' title='bbox 906 539 1051 594; x_wconf 86' lang='lat' dir='ltr'><strong>haud</strong></span> <span class='ocrx_word' id='word_1_26' title='bbox 1098 546 1288 593; x_wconf 90' lang='lat' dir='ltr'><strong>contra</strong></span> <span class='ocrx_word' id='word_1_27' title='bbox 1317 537 1505 593; x_wconf 88' lang='lat' dir='ltr'><strong>talenti</strong></span> <span class='ocrx_word' id='word_1_28' title='bbox 1531 536 2059 604; x_wconf 86' lang='lat' dir='ltr'><strong>occultatorem,sed</strong></span> 
     </span>
    </p>
   </div>
   <div class='ocr_carea' id='block_1_7' title="bbox 508 626 2061 692">
    <p class='ocr_par' dir='ltr' id='par_1_7' title="bbox 508 626 2061 692">
     <span class='ocr_line' id='line_1_7' title="bbox 508 626 2061 692; baseline -0.006 0"><span class='ocrx_word' id='word_1_29' title='bbox 508 646 700 692; x_wconf 86' lang='lat' dir='ltr'><strong>contra</strong></span> <span class='ocrx_word' id='word_1_30' title='bbox 727 631 1002 688; x_wconf 76' lang='lat' dir='ltr'><strong>luxuriose</strong></span> <span class='ocrx_word' id='word_1_31' title='bbox 1028 630 1298 687; x_wconf 87' lang='lat' dir='ltr'><strong>viventem</strong></span> <span class='ocrx_word' id='word_1_32' title='bbox 1348 630 1601 686; x_wconf 91' lang='lat' dir='ltr'><strong>intendit.</strong></span> <span class='ocrx_word' id='word_1_33' title='bbox 1636 628 1770 685; x_wconf 86' lang='lat' dir='ltr'><strong>Tres</strong></span> <span class='ocrx_word' id='word_1_34' title='bbox 1802 628 1947 683; x_wconf 90' lang='lat' dir='ltr'><strong>enim</strong></span> <span class='ocrx_word' id='word_1_35' title='bbox 1988 626 2061 685; x_wconf 86' lang='lat' dir='ltr'><strong>ibi</strong></span> 
     </span>
    </p>
   </div>
   <div class='ocr_carea' id='block_1_8' title="bbox 515 720 2064 799">
    <p class='ocr_par' dir='ltr' id='par_1_8' title="bbox 515 720 2064 799">
     <span class='ocr_line' id='line_1_8' title="bbox 515 720 2064 799; baseline -0.006 -15"><span class='ocrx_word' id='word_1_36' title='bbox 515 735 973 799; x_wconf 72' lang='lat' dir='ltr'><strong>reprzesenIantur</strong></span> <span class='ocrx_word' id='word_1_37' title='bbox 998 726 1177 787; x_wconf 85' lang='lat' dir='ltr'><strong>servi;</strong></span> <span class='ocrx_word' id='word_1_38' title='bbox 1202 724 1340 781; x_wconf 86' lang='lat' dir='ltr'><strong>alius</strong></span> <span class='ocrx_word' id='word_1_39' title='bbox 1373 724 1572 780; x_wconf 87' lang='lat' dir='ltr'><strong>domini</strong></span> <span class='ocrx_word' id='word_1_40' title='bbox 1602 722 1956 780; x_wconf 72' lang='lat' dir='ltr'><strong>substantiam</strong></span> <span class='ocrx_word' id='word_1_41' title='bbox 1978 720 2064 775; x_wconf 91' lang='lat' dir='ltr'><strong>de-</strong></span> 
     </span>
    </p>
   </div>
   <div class='ocr_carea' id='block_1_9' title="bbox 510 810 2063 880">
    <p class='ocr_par' dir='ltr' id='par_1_9' title="bbox 510 810 2063 880">
     <span class='ocr_line' id='line_1_9' title="bbox 510 810 2063 880; baseline -0.001 -14"><span class='ocrx_word' id='word_1_42' title='bbox 510 829 708 871; x_wconf 89' lang='lat' dir='ltr'><strong>vorans</strong></span> <span class='ocrx_word' id='word_1_43' title='bbox 736 829 860 870; x_wconf 92' lang='lat' dir='ltr'><strong>cum</strong></span> <span class='ocrx_word' id='word_1_44' title='bbox 890 814 1263 870; x_wconf 81' lang='lat' dir='ltr'><strong>meretricibus</strong></span> <span class='ocrx_word' id='word_1_45' title='bbox 1284 823 1339 867; x_wconf 91' lang='lat' dir='ltr'><strong>et</strong></span> <span class='ocrx_word' id='word_1_46' title='bbox 1358 811 1706 876; x_wconf 87' lang='lat' dir='ltr'><strong>saltricibus;</strong></span> <span class='ocrx_word' id='word_1_47' title='bbox 1737 810 1875 866; x_wconf 84' lang='lat' dir='ltr'><strong>alter</strong></span> <span class='ocrx_word' id='word_1_48' title='bbox 1898 823 2063 880; x_wconf 90' lang='lat' dir='ltr'><strong>opere</strong></span> 
     </span>
    </p>
   </div>
   <div class='ocr_carea' id='block_1_10' title="bbox 510 900 2062 975">
    <p class='ocr_par' dir='ltr' id='par_1_10' title="bbox 510 900 2062 975">
     <span class='ocr_line' id='line_1_10' title="bbox 510 900 2062 975; baseline -0.003 -14"><span class='ocrx_word' id='word_1_49' title='bbox 510 905 908 975; x_wconf 86' lang='lat' dir='ltr'><strong>multiplicans;</strong></span> <span class='ocrx_word' id='word_1_50' title='bbox 938 905 1130 960; x_wconf 88' lang='lat' dir='ltr'><strong>tertius</strong></span> <span class='ocrx_word' id='word_1_51' title='bbox 1148 904 1406 960; x_wconf 87' lang='lat' dir='ltr'><strong>talentum</strong></span> <span class='ocrx_word' id='word_1_52' title='bbox 1423 904 1726 959; x_wconf 90' lang='lat' dir='ltr'><strong>occultans.</strong></span> <span class='ocrx_word' id='word_1_53' title='bbox 1756 901 1957 958; x_wconf 81' lang='lat' dir='ltr'><strong>Deinde</strong></span> <span class='ocrx_word' id='word_1_54' title='bbox 1984 900 2062 956; x_wconf 87' lang='lat' dir='ltr'><strong>ait</strong></span> 
     </span>
    </p>
   </div>
   <div class='ocr_carea' id='block_1_11' title="bbox 509 995 2060 1067">
    <p class='ocr_par' dir='ltr' id='par_1_11' title="bbox 509 995 2060 1067">
     <span class='ocr_line' id='line_1_11' title="bbox 509 995 2060 1067; baseline -0.002 -15"><span class='ocrx_word' id='word_1_55' title='bbox 509 1012 673 1052; x_wconf 84' lang='lat' dir='ltr'><strong>unum</strong></span> <span class='ocrx_word' id='word_1_56' title='bbox 702 997 918 1067; x_wconf 88' lang='lat' dir='ltr'><strong>quidem</strong></span> <span class='ocrx_word' id='word_1_57' title='bbox 967 996 1226 1051; x_wconf 81' lang='lat' dir='ltr'><strong>benevole</strong></span> <span class='ocrx_word' id='word_1_58' title='bbox 1272 1005 1578 1065; x_wconf 76' lang='lat' dir='ltr'><strong>exceptum,</strong></span> <span class='ocrx_word' id='word_1_59' title='bbox 1617 995 1839 1051; x_wconf 89' lang='lat' dir='ltr'><strong>alterum</strong></span> <span class='ocrx_word' id='word_1_60' title='bbox 1877 1008 2060 1063; x_wconf 90' lang='lat' dir='ltr'><strong>repre-</strong></span> 
     </span>
    </p>
   </div>
   <div class='ocr_carea' id='block_1_12' title="bbox 509 1086 2058 1157">
    <p class='ocr_par' dir='ltr' id='par_1_12' title="bbox 509 1086 2058 1157">
     <span class='ocr_line' id='line_1_12' title="bbox 509 1086 2058 1157; baseline -0.005 -8"><span class='ocrx_word' id='word_1_61' title='bbox 509 1092 738 1149; x_wconf 84' lang='lat' dir='ltr'><strong>hensum</strong></span> <span class='ocrx_word' id='word_1_62' title='bbox 771 1090 1164 1153; x_wconf 87' lang='lat' dir='ltr'><strong>tantummodo,</strong></span> <span class='ocrx_word' id='word_1_63' title='bbox 1190 1090 1407 1144; x_wconf 91' lang='lat' dir='ltr'><strong>tertium</strong></span> <span class='ocrx_word' id='word_1_64' title='bbox 1432 1089 1485 1143; x_wconf 92' lang='lat' dir='ltr'><strong>in</strong></span> <span class='ocrx_word' id='word_1_65' title='bbox 1508 1087 1720 1143; x_wconf 90' lang='lat' dir='ltr'><strong>vincula</strong></span> <span class='ocrx_word' id='word_1_66' title='bbox 1738 1086 2058 1157; x_wconf 78' lang='lat' dir='ltr'><strong>conjectum.</strong></span> 
     </span>
    </p>
   </div>
   <div class='ocr_carea' id='block_1_13' title="bbox 507 1180 2059 1258">
    <p class='ocr_par' dir='ltr' id='par_1_13' title="bbox 507 1180 2059 1258">
     <span class='ocr_line' id='line_1_13' title="bbox 507 1180 2059 1258; baseline -0.005 -16"><span class='ocrx_word' id='word_1_67' title='bbox 507 1188 755 1258; x_wconf 85' lang='lat' dir='ltr'><strong>Ambigo,</strong></span> <span class='ocrx_word' id='word_1_68' title='bbox 797 1200 866 1239; x_wconf 89' lang='lat' dir='ltr'><strong>an</strong></span> <span class='ocrx_word' id='word_1_69' title='bbox 899 1185 1037 1239; x_wconf 81' lang='lat' dir='ltr'><strong>forte</strong></span> <span class='ocrx_word' id='word_1_70' title='bbox 1068 1185 1209 1254; x_wconf 91' lang='lat' dir='ltr'><strong>apud</strong></span> <span class='ocrx_word' id='word_1_71' title='bbox 1246 1183 1557 1238; x_wconf 69' lang='lat' dir='ltr'><strong>Matthazum</strong></span> <span class='ocrx_word' id='word_1_72' title='bbox 1590 1193 1706 1253; x_wconf 89' lang='lat' dir='ltr'><strong>post</strong></span> <span class='ocrx_word' id='word_1_73' title='bbox 1756 1180 2059 1238; x_wconf 87' lang='lat' dir='ltr'><strong>absolutum</strong></span> 
     </span>
    </p>
   </div>
   <div class='ocr_carea' id='block_1_14' title="bbox 510 1271 2063 1349">
    <p class='ocr_par' dir='ltr' id='par_1_14' title="bbox 510 1271 2063 1349">
     <span class='ocr_line' id='line_1_14' title="bbox 510 1271 2063 1349; baseline -0.007 -14"><span class='ocrx_word' id='word_1_74' title='bbox 510 1289 696 1335; x_wconf 89' lang='lat' dir='ltr'><strong>contra</strong></span> <span class='ocrx_word' id='word_1_75' title='bbox 728 1278 971 1349; x_wconf 88' lang='lat' dir='ltr'><strong>ignavum</strong></span> <span class='ocrx_word' id='word_1_76' title='bbox 1003 1290 1219 1332; x_wconf 87' lang='lat' dir='ltr'><strong>servum</strong></span> <span class='ocrx_word' id='word_1_77' title='bbox 1271 1289 1603 1338; x_wconf 82' lang='lat' dir='ltr'><strong>sermonem,</strong></span> <span class='ocrx_word' id='word_1_78' title='bbox 1649 1289 1767 1343; x_wconf 75' lang='lat' dir='ltr'><strong>qua:</strong></span> <span class='ocrx_word' id='word_1_79' title='bbox 1817 1271 2063 1343; x_wconf 83' lang='lat' dir='ltr'><strong>sequitur</strong></span> 
     </span>
    </p>
   </div>
   <div class='ocr_carea' id='block_1_15' title="bbox 506 1363 2061 1436">
    <p class='ocr_par' dir='ltr' id='par_1_15' title="bbox 506 1363 2061 1436">
     <span class='ocr_line' id='line_1_15' title="bbox 506 1363 2061 1436; baseline -0.006 -11"><span class='ocrx_word' id='word_1_80' title='bbox 506 1370 796 1436; x_wconf 82' lang='lat' dir='ltr'><strong>sententia,</strong></span> <span class='ocrx_word' id='word_1_81' title='bbox 830 1369 969 1425; x_wconf 86' lang='lat' dir='ltr'><strong>haud</strong></span> <span class='ocrx_word' id='word_1_82' title='bbox 998 1368 1049 1422; x_wconf 91' lang='lat' dir='ltr'><strong>in</strong></span> <span class='ocrx_word' id='word_1_83' title='bbox 1077 1366 1241 1431; x_wconf 88' lang='lat' dir='ltr'><strong>hunc,</strong></span> <span class='ocrx_word' id='word_1_84' title='bbox 1287 1366 1380 1420; x_wconf 90' lang='lat' dir='ltr'><strong>sed</strong></span> <span class='ocrx_word' id='word_1_85' title='bbox 1411 1382 1506 1434; x_wconf 89' lang='lat' dir='ltr'><strong>per</strong></span> <span class='ocrx_word' id='word_1_86' title='bbox 1534 1364 1886 1436; x_wconf 89' lang='lat' dir='ltr'><strong>epanalepsin</strong></span> <span class='ocrx_word' id='word_1_87' title='bbox 1918 1363 2061 1417; x_wconf 88' lang='lat' dir='ltr'><strong>dicta</strong></span> 
     </span>
    </p>
   </div>
   <div class='ocr_carea' id='block_1_16' title="bbox 507 1453 2060 1511">
    <p class='ocr_par' dir='ltr' id='par_1_16' title="bbox 507 1453 2060 1511">
     <span class='ocr_line' id='line_1_16' title="bbox 507 1453 2060 1511; baseline -0.003 -1"><span class='ocrx_word' id='word_1_88' title='bbox 507 1456 669 1511; x_wconf 78' lang='lat' dir='ltr'><strong>fuerit</strong></span> <span class='ocrx_word' id='word_1_89' title='bbox 729 1456 987 1511; x_wconf 87' lang='lat' dir='ltr'><strong>adversus</strong></span> <span class='ocrx_word' id='word_1_90' title='bbox 1058 1453 1427 1510; x_wconf 89' lang='lat' dir='ltr'><strong>comedentem</strong></span> <span class='ocrx_word' id='word_1_91' title='bbox 1484 1463 1537 1507; x_wconf 89' lang='lat' dir='ltr'><strong>et</strong></span> <span class='ocrx_word' id='word_1_92' title='bbox 1591 1454 1861 1508; x_wconf 87' lang='lat' dir='ltr'><strong>bibentem</strong></span> <span class='ocrx_word' id='word_1_93' title='bbox 1934 1466 2060 1507; x_wconf 90' lang='lat' dir='ltr'><strong>cum</strong></span> 
     </span>
    </p>
   </div>
   <div class='ocr_carea' id='block_1_17' title="bbox 506 1547 757 1605">
    <p class='ocr_par' dir='ltr' id='par_1_17' title="bbox 506 1547 757 1605">
     <span class='ocr_line' id='line_1_17' title="bbox 506 1547 757 1605; baseline -0.016 0"><span class='ocrx_word' id='word_1_94' title='bbox 506 1547 757 1605; x_wconf 87' lang='lat' dir='ltr'><strong>ebriosis.</strong></span> 
     </span>
    </p>
   </div>
   <div class='ocr_carea' id='block_1_18' title="bbox 576 1631 2062 1707">
    <p class='ocr_par' dir='ltr' id='par_1_18' title="bbox 576 1631 2062 1707">
     <span class='ocr_line' id='line_1_18' title="bbox 576 1631 2062 1707; baseline -0.005 -16"><span class='ocrx_word' id='word_1_95' title='bbox 576 1637 701 1691; x_wconf 65' lang='lat' dir='ltr'><strong>Haec</strong></span> <span class='ocrx_word' id='word_1_96' title='bbox 747 1635 911 1707; x_wconf 91' lang='lat' dir='ltr'><strong>igitur</strong></span> <span class='ocrx_word' id='word_1_97' title='bbox 966 1636 1038 1691; x_wconf 84' lang='lat' dir='ltr'><strong>ita</strong></span> <span class='ocrx_word' id='word_1_98' title='bbox 1072 1636 1213 1705; x_wconf 93' lang='lat' dir='ltr'><strong>apud</strong></span> <span class='ocrx_word' id='word_1_99' title='bbox 1262 1634 1572 1690; x_wconf 64' lang='lat' dir='ltr'><strong>Matthaum</strong></span> <span class='ocrx_word' id='word_1_100' title='bbox 1640 1633 1781 1687; x_wconf 90' lang='lat' dir='ltr'><strong>dicta</strong></span> <span class='ocrx_word' id='word_1_101' title='bbox 1845 1631 2062 1686; x_wconf 80' lang='lat' dir='ltr'><strong>luerunt</strong></span> 
     </span>
    </p>
   </div>
   <div class='ocr_carea' id='block_1_19' title="bbox 507 1722 2064 1793">
    <p class='ocr_par' dir='ltr' id='par_1_19' title="bbox 507 1722 2064 1793">
     <span class='ocr_line' id='line_1_19' title="bbox 507 1722 2064 1793; baseline -0.003 -10"><span class='ocrx_word' id='word_1_102' title='bbox 507 1729 562 1784; x_wconf 92' lang='lat' dir='ltr'><strong>in</strong></span> <span class='ocrx_word' id='word_1_103' title='bbox 588 1737 769 1784; x_wconf 91' lang='lat' dir='ltr'><strong>monte</strong></span> <span class='ocrx_word' id='word_1_104' title='bbox 797 1727 1068 1793; x_wconf 85' lang='lat' dir='ltr'><strong>Olearum,</strong></span> <span class='ocrx_word' id='word_1_105' title='bbox 1089 1728 1178 1782; x_wconf 91' lang='lat' dir='ltr'><strong>ubi</strong></span> <span class='ocrx_word' id='word_1_106' title='bbox 1200 1727 1459 1785; x_wconf 78' lang='lat' dir='ltr'><strong>Senator</strong></span> <span class='ocrx_word' id='word_1_107' title='bbox 1479 1740 1603 1781; x_wconf 91' lang='lat' dir='ltr'><strong>cum</strong></span> <span class='ocrx_word' id='word_1_108' title='bbox 1630 1722 1906 1793; x_wconf 88' lang='lat' dir='ltr'><strong>discipulis</strong></span> <span class='ocrx_word' id='word_1_109' title='bbox 1930 1738 2064 1778; x_wconf 79' lang='lat' dir='ltr'><strong>con-</strong></span> 
     </span>
    </p>
   </div>
   <div class='ocr_carea' id='block_1_20' title="bbox 505 1813 2062 1877">
    <p class='ocr_par' dir='ltr' id='par_1_20' title="bbox 505 1813 2062 1877">
     <span class='ocr_line' id='line_1_20' title="bbox 505 1813 2062 1877; baseline -0.005 -1"><span class='ocrx_word' id='word_1_110' title='bbox 505 1820 702 1877; x_wconf 80' lang='lat' dir='ltr'><strong>sistens</strong></span> <span class='ocrx_word' id='word_1_111' title='bbox 731 1821 794 1876; x_wconf 89' lang='lat' dir='ltr'><strong>de</strong></span> <span class='ocrx_word' id='word_1_112' title='bbox 820 1821 1002 1876; x_wconf 89' lang='lat' dir='ltr'><strong>mundi</strong></span> <span class='ocrx_word' id='word_1_113' title='bbox 1048 1819 1511 1875; x_wconf 89' lang='lat' dir='ltr'><strong>consummatione</strong></span> <span class='ocrx_word' id='word_1_114' title='bbox 1553 1816 1874 1873; x_wconf 85' lang='lat' dir='ltr'><strong>disserebat.</strong></span> <span class='ocrx_word' id='word_1_115' title='bbox 1917 1813 2062 1869; x_wconf 65' lang='lat' dir='ltr'><strong>Prae-</strong></span> 
     </span>
    </p>
   </div>
   <div class='ocr_carea' id='block_1_21' title="bbox 508 1910 2063 1982">
    <p class='ocr_par' dir='ltr' id='par_1_21' title="bbox 508 1910 2063 1982">
     <span class='ocr_line' id='line_1_21' title="bbox 508 1910 2063 1982; baseline -0.006 -14"><span class='ocrx_word' id='word_1_116' title='bbox 508 1913 710 1968; x_wconf 88' lang='lat' dir='ltr'><strong>dictam</strong></span> <span class='ocrx_word' id='word_1_117' title='bbox 746 1923 924 1966; x_wconf 87' lang='lat' dir='ltr'><strong>autem</strong></span> <span class='ocrx_word' id='word_1_118' title='bbox 950 1913 1261 1982; x_wconf 87' lang='lat' dir='ltr'><strong>parabolam</strong></span> <span class='ocrx_word' id='word_1_119' title='bbox 1292 1913 1438 1968; x_wconf 90' lang='lat' dir='ltr'><strong>solus</strong></span> <span class='ocrx_word' id='word_1_120' title='bbox 1468 1910 1644 1966; x_wconf 89' lang='lat' dir='ltr'><strong>Lucas</strong></span> <span class='ocrx_word' id='word_1_121' title='bbox 1672 1915 2063 1964; x_wconf 87' lang='lat' dir='ltr'><strong>commemorat</strong></span> 
     </span>
    </p>
   </div>
   <div class='ocr_carea' id='block_1_22' title="bbox 506 1999 2062 2072">
    <p class='ocr_par' dir='ltr' id='par_1_22' title="bbox 506 1999 2062 2072">
     <span class='ocr_line' id='line_1_22' title="bbox 506 1999 2062 2072; baseline -0.004 -12"><span class='ocrx_word' id='word_1_122' title='bbox 506 2012 763 2072; x_wconf 83' lang='lat' dir='ltr'><strong>tanquam</strong></span> <span class='ocrx_word' id='word_1_123' title='bbox 821 2005 1018 2058; x_wconf 89' lang='lat' dir='ltr'><strong>dictam</strong></span> <span class='ocrx_word' id='word_1_124' title='bbox 1052 2019 1079 2057; x_wconf 89' lang='lat' dir='ltr'><strong>a</strong></span> <span class='ocrx_word' id='word_1_125' title='bbox 1137 2003 1427 2059; x_wconf 85' lang='lat' dir='ltr'><strong>Servatore</strong></span> <span class='ocrx_word' id='word_1_126' title='bbox 1479 2018 1586 2072; x_wconf 93' lang='lat' dir='ltr'><strong>quo</strong></span> <span class='ocrx_word' id='word_1_127' title='bbox 1623 2009 1868 2070; x_wconf 91' lang='lat' dir='ltr'><strong>tempore</strong></span> <span class='ocrx_word' id='word_1_128' title='bbox 1920 1999 2062 2067; x_wconf 84' lang='lat' dir='ltr'><strong>apud</strong></span> 
     </span>
    </p>
   </div>
   <div class='ocr_carea' id='block_1_23' title="bbox 509 2088 2062 2161">
    <p class='ocr_par' dir='ltr' id='par_1_23' title="bbox 509 2088 2062 2161">
     <span class='ocr_line' id='line_1_23' title="bbox 509 2088 2062 2161; baseline -0.001 -17"><span class='ocrx_word' id='word_1_129' title='bbox 509 2089 911 2145; x_wconf 82' lang='lat' dir='ltr'><strong>lliericltuntem</strong></span> <span class='ocrx_word' id='word_1_130' title='bbox 941 2092 1167 2161; x_wconf 77' lang='lat' dir='ltr'><strong>degebat</strong></span> <span class='ocrx_word' id='word_1_131' title='bbox 1198 2092 1266 2145; x_wconf 82' lang='grc'><strong>⁸⁸.</strong></span> <span class='ocrx_word' id='word_1_132' title='bbox 1298 2091 1476 2160; x_wconf 86' lang='lat' dir='ltr'><strong>Quare</strong></span> <span class='ocrx_word' id='word_1_133' title='bbox 1512 2105 1610 2146; x_wconf 90' lang='lat' dir='ltr'><strong>nec</strong></span> <span class='ocrx_word' id='word_1_134' title='bbox 1641 2090 1886 2144; x_wconf 87' lang='lat' dir='ltr'><strong>eamdem</strong></span> <span class='ocrx_word' id='word_1_135' title='bbox 1922 2088 2062 2143; x_wconf 88' lang='lat' dir='ltr'><strong>hanc</strong></span> 
     </span>
    </p>
   </div>
   <div class='ocr_carea' id='block_1_24' title="bbox 506 2178 2063 2252">
    <p class='ocr_par' dir='ltr' id='par_1_24' title="bbox 506 2178 2063 2252">
     <span class='ocr_line' id='line_1_24' title="bbox 506 2178 2063 2252; baseline -0.003 -14"><span class='ocrx_word' id='word_1_136' title='bbox 506 2198 627 2238; x_wconf 87' lang='lat' dir='ltr'><strong>cum</strong></span> <span class='ocrx_word' id='word_1_137' title='bbox 654 2182 740 2235; x_wconf 87' lang='lat' dir='ltr'><strong>illa</strong></span> <span class='ocrx_word' id='word_1_138' title='bbox 768 2197 886 2237; x_wconf 88' lang='lat' dir='ltr'><strong>esse</strong></span> <span class='ocrx_word' id='word_1_139' title='bbox 910 2184 1207 2251; x_wconf 83' lang='lat' dir='ltr'><strong>putandum</strong></span> <span class='ocrx_word' id='word_1_140' title='bbox 1232 2192 1337 2247; x_wconf 92' lang='lat' dir='ltr'><strong>est,</strong></span> <span class='ocrx_word' id='word_1_141' title='bbox 1366 2181 1622 2252; x_wconf 90' lang='lat' dir='ltr'><strong>quoniam</strong></span> <span class='ocrx_word' id='word_1_142' title='bbox 1651 2195 1770 2251; x_wconf 68' lang='lat' dir='ltr'><strong>quae</strong></span> <span class='ocrx_word' id='word_1_143' title='bbox 1805 2178 1857 2233; x_wconf 92' lang='lat' dir='ltr'><strong>in</strong></span> <span class='ocrx_word' id='word_1_144' title='bbox 1883 2178 2063 2234; x_wconf 89' lang='lat' dir='ltr'><strong>amba-</strong></span> 
     </span>
    </p>
   </div>
   <div class='ocr_carea' id='block_1_25' title="bbox 508 2270 2059 2341">
    <p class='ocr_par' dir='ltr' id='par_1_25' title="bbox 508 2270 2059 2341">
     <span class='ocr_line' id='line_1_25' title="bbox 508 2270 2059 2341; baseline -0.003 -13"><span class='ocrx_word' id='word_1_145' title='bbox 508 2275 608 2329; x_wconf 84' lang='lat' dir='ltr'><strong>bus</strong></span> <span class='ocrx_word' id='word_1_146' title='bbox 638 2273 909 2341; x_wconf 87' lang='lat' dir='ltr'><strong>leguntur,</strong></span> <span class='ocrx_word' id='word_1_147' title='bbox 952 2274 1092 2328; x_wconf 90' lang='lat' dir='ltr'><strong>haud</strong></span> <span class='ocrx_word' id='word_1_148' title='bbox 1125 2273 1316 2329; x_wconf 82' lang='lat' dir='ltr'><strong>similia</strong></span> <span class='ocrx_word' id='word_1_149' title='bbox 1367 2281 1514 2329; x_wconf 80' lang='lat' dir='ltr'><strong>sunt.</strong></span> <span class='ocrx_word' id='word_1_150' title='bbox 1544 2270 1641 2327; x_wconf 81' lang='lat' dir='ltr'><strong>Hic</strong></span> <span class='ocrx_word' id='word_1_151' title='bbox 1687 2271 1829 2326; x_wconf 91' lang='lat' dir='ltr'><strong>enim</strong></span> <span class='ocrx_word' id='word_1_152' title='bbox 1877 2270 2059 2326; x_wconf 88' lang='lat' dir='ltr'><strong>decem</strong></span> 
     </span>
    </p>
   </div>
   <div class='ocr_carea' id='block_1_26' title="bbox 507 2360 2057 2432">
    <p class='ocr_par' dir='ltr' id='par_1_26' title="bbox 507 2360 2057 2432">
     <span class='ocr_line' id='line_1_26' title="bbox 507 2360 2057 2432; baseline -0.005 -11"><span class='ocrx_word' id='word_1_153' title='bbox 507 2365 766 2421; x_wconf 89' lang='lat' dir='ltr'><strong>dicuntur</strong></span> <span class='ocrx_word' id='word_1_154' title='bbox 793 2364 960 2429; x_wconf 81' lang='lat' dir='ltr'><strong>servi,</strong></span> <span class='ocrx_word' id='word_1_155' title='bbox 985 2364 1093 2419; x_wconf 91' lang='lat' dir='ltr'><strong>illic</strong></span> <span class='ocrx_word' id='word_1_156' title='bbox 1116 2364 1257 2418; x_wconf 86' lang='lat' dir='ltr'><strong>haud</strong></span> <span class='ocrx_word' id='word_1_157' title='bbox 1294 2364 1406 2432; x_wconf 87' lang='lat' dir='ltr'><strong>pari</strong></span> <span class='ocrx_word' id='word_1_158' title='bbox 1442 2375 1685 2418; x_wconf 85' lang='lat' dir='ltr'><strong>numero.</strong></span> <span class='ocrx_word' id='word_1_159' title='bbox 1736 2360 1835 2415; x_wconf 85' lang='lat' dir='ltr'><strong>Hie</strong></span> <span class='ocrx_word' id='word_1_160' title='bbox 1864 2360 2057 2431; x_wconf 78' lang='lat' dir='ltr'><strong>singuli</strong></span> 
     </span>
    </p>
   </div>
   <div class='ocr_carea' id='block_1_27' title="bbox 506 2454 2057 2527">
    <p class='ocr_par' dir='ltr' id='par_1_27' title="bbox 506 2454 2057 2527">
     <span class='ocr_line' id='line_1_27' title="bbox 506 2454 2057 2527; baseline -0.004 -16"><span class='ocrx_word' id='word_1_161' title='bbox 506 2456 744 2527; x_wconf 87' lang='lat' dir='ltr'><strong>singulas</strong></span> <span class='ocrx_word' id='word_1_162' title='bbox 770 2456 946 2511; x_wconf 88' lang='lat' dir='ltr'><strong>minas</strong></span> <span class='ocrx_word' id='word_1_163' title='bbox 967 2455 1256 2525; x_wconf 90' lang='lat' dir='ltr'><strong>accipiunt,</strong></span> <span class='ocrx_word' id='word_1_164' title='bbox 1285 2455 1394 2510; x_wconf 90' lang='lat' dir='ltr'><strong>illic</strong></span> <span class='ocrx_word' id='word_1_165' title='bbox 1412 2454 1549 2509; x_wconf 87' lang='lat' dir='ltr'><strong>alius</strong></span> <span class='ocrx_word' id='word_1_166' title='bbox 1572 2455 1809 2524; x_wconf 90' lang='lat' dir='ltr'><strong>quinque</strong></span> <span class='ocrx_word' id='word_1_167' title='bbox 1840 2454 2057 2520; x_wconf 86' lang='lat' dir='ltr'><strong>talenta,</strong></span> 
     </span>
    </p>
   </div>
   <div class='ocr_carea' id='block_1_28' title="bbox 521 2545 2063 2617">
    <p class='ocr_par' dir='ltr' id='par_1_28' title="bbox 521 2545 2063 2617">
     <span class='ocr_line' id='line_1_28' title="bbox 521 2545 2063 2617; baseline -0.001 -16"><span class='ocrx_word' id='word_1_168' title='bbox 521 2549 659 2603; x_wconf 87' lang='lat' dir='ltr'><strong>alter</strong></span> <span class='ocrx_word' id='word_1_169' title='bbox 684 2548 811 2614; x_wconf 90' lang='lat' dir='ltr'><strong>duo,</strong></span> <span class='ocrx_word' id='word_1_170' title='bbox 846 2547 1037 2603; x_wconf 89' lang='lat' dir='ltr'><strong>tertius</strong></span> <span class='ocrx_word' id='word_1_171' title='bbox 1055 2560 1218 2601; x_wconf 91' lang='lat' dir='ltr'><strong>unum</strong></span> <span class='ocrx_word' id='word_1_172' title='bbox 1247 2547 1464 2617; x_wconf 88' lang='lat' dir='ltr'><strong>accipit.</strong></span> <span class='ocrx_word' id='word_1_173' title='bbox 1509 2546 1605 2601; x_wconf 89' lang='lat' dir='ltr'><strong>Hic</strong></span> <span class='ocrx_word' id='word_1_174' title='bbox 1636 2547 1727 2615; x_wconf 91' lang='lat' dir='ltr'><strong>qui</strong></span> <span class='ocrx_word' id='word_1_175' title='bbox 1756 2545 2063 2615; x_wconf 85' lang='lat' dir='ltr'><strong>decuplavit</strong></span> 
     </span>
    </p>
   </div>
   <div class='ocr_carea' id='block_1_29' title="bbox 511 2635 2059 2707">
    <p class='ocr_par' dir='ltr' id='par_1_29' title="bbox 511 2635 2059 2707">
     <span class='ocr_line' id='line_1_29' title="bbox 511 2635 2059 2707; baseline -0.004 -11"><span class='ocrx_word' id='word_1_176' title='bbox 511 2641 737 2707; x_wconf 85' lang='lat' dir='ltr'><strong>minam,</strong></span> <span class='ocrx_word' id='word_1_177' title='bbox 768 2639 918 2693; x_wconf 90' lang='lat' dir='ltr'><strong>audit</strong></span> <span class='ocrx_word' id='word_1_178' title='bbox 946 2654 963 2693; x_wconf 91' lang='lat'><strong>:</strong></span> <span class='ocrx_word' id='word_1_179' title='bbox 998 2635 1167 2706; x_wconf 89' lang='lat' dir='ltr'><strong>Euge,</strong></span> <span class='ocrx_word' id='word_1_180' title='bbox 1194 2650 1351 2693; x_wconf 86' lang='lat' dir='ltr'><strong>serve</strong></span> <span class='ocrx_word' id='word_1_181' title='bbox 1387 2637 1526 2692; x_wconf 91' lang='lat' dir='ltr'><strong>bone</strong></span> <span class='ocrx_word' id='word_1_182' title='bbox 1554 2645 1609 2691; x_wconf 85' lang='lat' dir='ltr'><strong>et</strong></span> <span class='ocrx_word' id='word_1_183' title='bbox 1630 2636 1822 2699; x_wconf 81' lang='lat' dir='ltr'><strong>ﬁdelis,</strong></span> <span class='ocrx_word' id='word_1_184' title='bbox 1848 2637 1971 2706; x_wconf 90' lang='lat' dir='ltr'><strong>quia</strong></span> <span class='ocrx_word' id='word_1_185' title='bbox 2005 2636 2059 2690; x_wconf 93' lang='lat' dir='ltr'><strong>in</strong></span> 
     </span>
    </p>
   </div>
   <div class='ocr_carea' id='block_1_30' title="bbox 518 2727 2063 2798">
    <p class='ocr_par' dir='ltr' id='par_1_30' title="bbox 518 2727 2063 2798">
     <span class='ocr_line' id='line_1_30' title="bbox 518 2727 2063 2798; baseline -0.002 -13"><span class='ocrx_word' id='word_1_186' title='bbox 518 2728 741 2785; x_wconf 82' lang='lat' dir='ltr'><strong>minimo</strong></span> <span class='ocrx_word' id='word_1_187' title='bbox 769 2728 916 2784; x_wconf 80' lang='lat' dir='ltr'><strong>fuisti</strong></span> <span class='ocrx_word' id='word_1_188' title='bbox 944 2727 1137 2793; x_wconf 81' lang='lat' dir='ltr'><strong>ﬁdelis,</strong></span> <span class='ocrx_word' id='word_1_189' title='bbox 1169 2739 1286 2783; x_wconf 91' lang='lat' dir='ltr'><strong>esto</strong></span> <span class='ocrx_word' id='word_1_190' title='bbox 1310 2737 1629 2798; x_wconf 83' lang='lat' dir='ltr'><strong>potestatem</strong></span> <span class='ocrx_word' id='word_1_191' title='bbox 1664 2728 1868 2783; x_wconf 81' lang='lat' dir='ltr'><strong>habens</strong></span> <span class='ocrx_word' id='word_1_192' title='bbox 1904 2742 2063 2798; x_wconf 86' lang='lat' dir='ltr'><strong>super</strong></span> 
     </span>
    </p>
   </div>
   <div class='ocr_carea' id='block_1_31' title="bbox 505 2820 2063 2891">
    <p class='ocr_par' dir='ltr' id='par_1_31' title="bbox 505 2820 2063 2891">
     <span class='ocr_line' id='line_1_31' title="bbox 505 2820 2063 2891; baseline -0.001 -14"><span class='ocrx_word' id='word_1_193' title='bbox 505 2822 691 2877; x_wconf 88' lang='lat' dir='ltr'><strong>decem</strong></span> <span class='ocrx_word' id='word_1_194' title='bbox 721 2823 902 2878; x_wconf 89' lang='lat' dir='ltr'><strong>urbes.</strong></span> <span class='ocrx_word' id='word_1_195' title='bbox 921 2820 1021 2889; x_wconf 85' lang='lat' dir='ltr'><strong>Qui</strong></span> <span class='ocrx_word' id='word_1_196' title='bbox 1049 2830 1228 2877; x_wconf 90' lang='lat' dir='ltr'><strong>autem</strong></span> <span class='ocrx_word' id='word_1_197' title='bbox 1259 2836 1326 2877; x_wconf 80' lang='lat' dir='ltr'><strong>ex</strong></span> <span class='ocrx_word' id='word_1_198' title='bbox 1353 2837 1453 2878; x_wconf 89' lang='lat' dir='ltr'><strong>una</strong></span> <span class='ocrx_word' id='word_1_199' title='bbox 1482 2821 1610 2876; x_wconf 80' lang='lat' dir='ltr'><strong>fecit</strong></span> <span class='ocrx_word' id='word_1_200' title='bbox 1637 2820 1893 2891; x_wconf 88' lang='lat' dir='ltr'><strong>quinque.</strong></span> <span class='ocrx_word' id='word_1_201' title='bbox 1913 2821 2063 2877; x_wconf 87' lang='lat' dir='ltr'><strong>simi-</strong></span> 
     </span>
    </p>
   </div>
   <div class='ocr_carea' id='block_1_32' title="bbox 517 2911 2061 2983">
    <p class='ocr_par' dir='ltr' id='par_1_32' title="bbox 517 2911 2061 2983">
     <span class='ocr_line' id='line_1_32' title="bbox 517 2911 2061 2983; baseline 0.001 -18"><span class='ocrx_word' id='word_1_202' title='bbox 517 2911 643 2965; x_wconf 87' lang='lat' dir='ltr'><strong>liter</strong></span> <span class='ocrx_word' id='word_1_203' title='bbox 659 2911 807 2966; x_wconf 90' lang='lat' dir='ltr'><strong>audit</strong></span> <span class='ocrx_word' id='word_1_204' title='bbox 839 2926 855 2965; x_wconf 92' lang='lat'><strong>:</strong></span> <span class='ocrx_word' id='word_1_205' title='bbox 886 2912 965 2967; x_wconf 90' lang='lat' dir='ltr'><strong>&#39;l‘u</strong></span> <span class='ocrx_word' id='word_1_206' title='bbox 992 2926 1207 2983; x_wconf 85' lang='lat' dir='ltr'><strong>quoque</strong></span> <span class='ocrx_word' id='word_1_207' title='bbox 1238 2927 1398 2982; x_wconf 89' lang='lat' dir='ltr'><strong>supra</strong></span> <span class='ocrx_word' id='word_1_208' title='bbox 1458 2912 1691 2982; x_wconf 90' lang='lat' dir='ltr'><strong>quinque</strong></span> <span class='ocrx_word' id='word_1_209' title='bbox 1742 2914 1899 2967; x_wconf 89' lang='lat' dir='ltr'><strong>urbes</strong></span> <span class='ocrx_word' id='word_1_210' title='bbox 1923 2920 2061 2966; x_wconf 92' lang='lat' dir='ltr'><strong>esto.</strong></span> 
     </span>
    </p>
   </div>
   <div class='ocr_carea' id='block_1_33' title="bbox 508 2999 2063 3074">
    <p class='ocr_par' dir='ltr' id='par_1_33' title="bbox 508 2999 2063 3074">
     <span class='ocr_line' id='line_1_33' title="bbox 508 2999 2063 3074; baseline 0.003 -19"><span class='ocrx_word' id='word_1_211' title='bbox 508 2999 568 3056; x_wconf 83' lang='lat' dir='ltr'><strong>In</strong></span> <span class='ocrx_word' id='word_1_212' title='bbox 598 3002 923 3057; x_wconf 84' lang='lat' dir='ltr'><strong>talentorum</strong></span> <span class='ocrx_word' id='word_1_213' title='bbox 954 3017 1083 3058; x_wconf 89' lang='lat' dir='ltr'><strong>vero</strong></span> <span class='ocrx_word' id='word_1_214' title='bbox 1098 3004 1354 3072; x_wconf 88' lang='lat' dir='ltr'><strong>parabola</strong></span> <span class='ocrx_word' id='word_1_215' title='bbox 1383 3003 1660 3058; x_wconf 89' lang='lat' dir='ltr'><strong>dicebatur</strong></span> <span class='ocrx_word' id='word_1_216' title='bbox 1687 3021 1702 3059; x_wconf 85' lang='lat'><strong>:</strong></span> <span class='ocrx_word' id='word_1_217' title='bbox 1725 3017 1879 3074; x_wconf 84' lang='lat' dir='ltr'><strong>euge,</strong></span> <span class='ocrx_word' id='word_1_218' title='bbox 1909 3018 2063 3059; x_wconf 86' lang='lat' dir='ltr'><strong>serve</strong></span> 
     </span>
    </p>
   </div>
   <div class='ocr_carea' id='block_1_34' title="bbox 509 3092 2132 3193">
    <p class='ocr_par' dir='ltr' id='par_1_34' title="bbox 509 3092 2132 3193">
     <span class='ocr_line' id='line_1_34' title="bbox 509 3092 2132 3193; baseline -0.001 -45"><span class='ocrx_word' id='word_1_219' title='bbox 509 3092 678 3157; x_wconf 90' lang='lat' dir='ltr'><strong>bone;</strong></span> <span class='ocrx_word' id='word_1_220' title='bbox 709 3094 762 3147; x_wconf 91' lang='lat' dir='ltr'><strong>in</strong></span> <span class='ocrx_word' id='word_1_221' title='bbox 788 3094 977 3162; x_wconf 87' lang='lat' dir='ltr'><strong>paucis</strong></span> <span class='ocrx_word' id='word_1_222' title='bbox 1000 3092 1150 3149; x_wconf 80' lang='lat' dir='ltr'><strong>luisti</strong></span> <span class='ocrx_word' id='word_1_223' title='bbox 1181 3092 1369 3162; x_wconf 82' lang='lat' dir='ltr'><strong>ﬁdelis,</strong></span> <span class='ocrx_word' id='word_1_224' title='bbox 1402 3109 1563 3163; x_wconf 85' lang='lat' dir='ltr'><strong>super</strong></span> <span class='ocrx_word' id='word_1_225' title='bbox 1593 3096 1763 3150; x_wconf 87' lang='lat' dir='ltr'><strong>multa</strong></span> <span class='ocrx_word' id='word_1_226' title='bbox 1791 3104 1844 3150; x_wconf 90' lang='lat' dir='ltr'><strong>te</strong></span> <span class='ocrx_word' id='word_1_227' title='bbox 1867 3094 2065 3152; x_wconf 88' lang='lat' dir='ltr'><strong>consti-</strong></span> <span class='ocrx_word' id='word_1_228' title='bbox 2090 3134 2132 3193; x_wconf 61' lang='grc' dir='ltr'>Ο</span> 
     </span>
    </p>
   </div>
   <div class='ocr_carea' id='block_1_35' title="bbox 512 3187 1591 3258">
    <p class='ocr_par' dir='ltr' id='par_1_35' title="bbox 512 3187 1591 3258">
     <span class='ocr_line' id='line_1_35' title="bbox 512 3187 1591 3258; baseline 0.003 -18"><span class='ocrx_word' id='word_1_229' title='bbox 512 3196 658 3243; x_wconf 88' lang='lat' dir='ltr'><strong>tuam</strong></span> <span class='ocrx_word' id='word_1_230' title='bbox 684 3205 700 3255; x_wconf 87' lang='lat'><strong>;</strong></span> <span class='ocrx_word' id='word_1_231' title='bbox 728 3187 871 3242; x_wconf 88' lang='lat' dir='ltr'><strong>intra</strong></span> <span class='ocrx_word' id='word_1_232' title='bbox 899 3188 954 3241; x_wconf 93' lang='lat' dir='ltr'><strong>in</strong></span> <span class='ocrx_word' id='word_1_233' title='bbox 978 3187 1231 3258; x_wconf 85' lang='lat' dir='ltr'><strong>gaudium</strong></span> <span class='ocrx_word' id='word_1_234' title='bbox 1263 3187 1465 3243; x_wconf 89' lang='lat' dir='ltr'><strong>domini</strong></span> <span class='ocrx_word' id='word_1_235' title='bbox 1492 3187 1591 3243; x_wconf 92' lang='lat' dir='ltr'><strong>tui.</strong></span> 
     </span>
    </p>
   </div>
   <div class='ocr_carea' id='block_1_36' title="bbox 578 3457 2067 3531">
    <p class='ocr_par' dir='ltr' id='par_1_36' title="bbox 578 3457 2067 3531">
     <span class='ocr_line' id='line_1_36' title="bbox 578 3457 2067 3531; baseline 0 -17"><span class='ocrx_word' id='word_1_236' title='bbox 578 3459 693 3529; x_wconf 81' lang='lat' dir='ltr'><strong>Age</strong></span> <span class='ocrx_word' id='word_1_237' title='bbox 735 3472 866 3513; x_wconf 85' lang='lat' dir='ltr'><strong>vero</strong></span> <span class='ocrx_word' id='word_1_238' title='bbox 909 3457 1177 3527; x_wconf 69' lang='lat' dir='ltr'><strong>parabola:</strong></span> <span class='ocrx_word' id='word_1_239' title='bbox 1219 3458 1646 3529; x_wconf 78' lang='lat' dir='ltr'><strong>explanationem</strong></span> <span class='ocrx_word' id='word_1_240' title='bbox 1699 3460 1764 3514; x_wconf 89' lang='lat' dir='ltr'><strong>ad</strong></span> <span class='ocrx_word' id='word_1_241' title='bbox 1813 3474 2067 3531; x_wconf 88' lang='lat' dir='ltr'><strong>compen-</strong></span> 
     </span>
    </p>
   </div>
   <div class='ocr_carea' id='block_1_37' title="bbox 504 3550 2067 3618">
    <p class='ocr_par' dir='ltr' id='par_1_37' title="bbox 504 3550 2067 3618">
     <span class='ocr_line' id='line_1_37' title="bbox 504 3550 2067 3618; baseline 0 -11"><span class='ocrx_word' id='word_1_242' title='bbox 504 3552 651 3609; x_wconf 90' lang='lat' dir='ltr'><strong>dium</strong></span> <span class='ocrx_word' id='word_1_243' title='bbox 682 3550 1058 3618; x_wconf 80' lang='lat' dir='ltr'><strong>conferentes,</strong></span> <span class='ocrx_word' id='word_1_244' title='bbox 1088 3551 1161 3606; x_wconf 90' lang='lat' dir='ltr'><strong>ita</strong></span> <span class='ocrx_word' id='word_1_245' title='bbox 1191 3552 1448 3608; x_wconf 89' lang='lat' dir='ltr'><strong>dicimus.</strong></span> <span class='ocrx_word' id='word_1_246' title='bbox 1483 3553 1905 3609; x_wconf 82' lang='lat' dir='ltr'><strong>Arbitrabantur</strong></span> <span class='ocrx_word' id='word_1_247' title='bbox 1934 3568 2067 3608; x_wconf 88' lang='lat' dir='ltr'><strong>non-</strong></span> 
     </span>
    </p>
   </div>
   <div class='ocr_carea' id='block_1_38' title="bbox 504 3644 2066 3715">
    <p class='ocr_par' dir='ltr' id='par_1_38' title="bbox 504 3644 2066 3715">
     <span class='ocr_line' id='line_1_38' title="bbox 504 3644 2066 3715; baseline 0 -16"><span class='ocrx_word' id='word_1_248' title='bbox 504 3645 654 3713; x_wconf 90' lang='lat' dir='ltr'><strong>nulli,</strong></span> <span class='ocrx_word' id='word_1_249' title='bbox 682 3646 857 3715; x_wconf 91' lang='lat' dir='ltr'><strong>primo</strong></span> <span class='ocrx_word' id='word_1_250' title='bbox 888 3644 1195 3700; x_wconf 85' lang='lat' dir='ltr'><strong>Servatoris</strong></span> <span class='ocrx_word' id='word_1_251' title='bbox 1217 3644 1387 3700; x_wconf 91' lang='lat' dir='ltr'><strong>nostri</strong></span> <span class='ocrx_word' id='word_1_252' title='bbox 1414 3644 1647 3699; x_wconf 87' lang='lat' dir='ltr'><strong>adventu</strong></span> <span class='ocrx_word' id='word_1_253' title='bbox 1689 3658 1913 3713; x_wconf 88' lang='lat' dir='ltr'><strong>regnum</strong></span> <span class='ocrx_word' id='word_1_254' title='bbox 1947 3644 2066 3715; x_wconf 85' lang='lat' dir='ltr'><strong>ejus</strong></span> 
     </span>
    </p>
   </div>
   <div class='ocr_carea' id='block_1_39' title="bbox 503 3735 2066 3808">
    <p class='ocr_par' dir='ltr' id='par_1_39' title="bbox 503 3735 2066 3808">
     <span class='ocr_line' id='line_1_39' title="bbox 503 3735 2066 3808; baseline -0.001 -15"><span class='ocrx_word' id='word_1_255' title='bbox 503 3740 641 3806; x_wconf 78' lang='lat' dir='ltr'><strong>fore,</strong></span> <span class='ocrx_word' id='word_1_256' title='bbox 671 3738 833 3808; x_wconf 84' lang='lat' dir='ltr'><strong>idque</strong></span> <span class='ocrx_word' id='word_1_257' title='bbox 856 3746 983 3792; x_wconf 93' lang='lat' dir='ltr'><strong>tunc</strong></span> <span class='ocrx_word' id='word_1_258' title='bbox 1012 3736 1351 3806; x_wconf 87' lang='lat' dir='ltr'><strong>incepturum</strong></span> <span class='ocrx_word' id='word_1_259' title='bbox 1385 3735 1772 3792; x_wconf 76' lang='lat' dir='ltr'><strong>existimabant</strong></span> <span class='ocrx_word' id='word_1_260' title='bbox 1794 3736 1975 3791; x_wconf 89' lang='lat' dir='ltr'><strong>statim</strong></span> <span class='ocrx_word' id='word_1_261' title='bbox 2002 3752 2066 3793; x_wconf 89' lang='lat' dir='ltr'><strong>ac</strong></span> 
     </span>
    </p>
   </div>
   <div class='ocr_carea' id='block_1_40' title="bbox 504 3827 2065 3901">
    <p class='ocr_par' dir='ltr' id='par_1_40' title="bbox 504 3827 2065 3901">
     <span class='ocr_line' id='line_1_40' title="bbox 504 3827 2065 3901; baseline 0 -16"><span class='ocrx_word' id='word_1_262' title='bbox 504 3830 874 3901; x_wconf 83' lang='lat' dir='ltr'><strong>Hierosolyma</strong></span> <span class='ocrx_word' id='word_1_263' title='bbox 935 3829 1292 3883; x_wconf 76' lang='lat' dir='ltr'><strong>ascendisset.</strong></span> <span class='ocrx_word' id='word_1_264' title='bbox 1332 3828 1480 3883; x_wconf 81' lang='lat' dir='ltr'><strong>Adeo</strong></span> <span class='ocrx_word' id='word_1_265' title='bbox 1536 3827 1655 3882; x_wconf 88' lang='lat' dir='ltr'><strong>illos</strong></span> <span class='ocrx_word' id='word_1_266' title='bbox 1709 3827 2065 3885; x_wconf 88' lang='lat' dir='ltr'><strong>admiratione</strong></span> 
     </span>
    </p>
   </div>
   <div class='ocr_carea' id='block_1_41' title="bbox 502 3917 2065 3991">
    <p class='ocr_par' dir='ltr' id='par_1_41' title="bbox 502 3917 2065 3991">
     <span class='ocr_line' id='line_1_41' title="bbox 502 3917 2065 3991; baseline -0.001 -15"><span class='ocrx_word' id='word_1_267' title='bbox 502 3920 852 3991; x_wconf 88' lang='lat' dir='ltr'><strong>perculerant</strong></span> <span class='ocrx_word' id='word_1_268' title='bbox 896 3928 1108 3989; x_wconf 88' lang='lat' dir='ltr'><strong>patrata</strong></span> <span class='ocrx_word' id='word_1_269' title='bbox 1154 3919 1223 3974; x_wconf 89' lang='lat' dir='ltr'><strong>ab</strong></span> <span class='ocrx_word' id='word_1_270' title='bbox 1286 3918 1404 3990; x_wconf 90' lang='lat' dir='ltr'><strong>ipso</strong></span> <span class='ocrx_word' id='word_1_271' title='bbox 1456 3917 1734 3974; x_wconf 89' lang='lat' dir='ltr'><strong>miracula.</strong></span> <span class='ocrx_word' id='word_1_272' title='bbox 1792 3917 2065 3975; x_wconf 79' lang='lat' dir='ltr'><strong>Adversus</strong></span> 
     </span>
    </p>
   </div>
   <div class='ocr_carea' id='block_1_42' title="bbox 503 4008 2066 4081">
    <p class='ocr_par' dir='ltr' id='par_1_42' title="bbox 503 4008 2066 4081">
     <span class='ocr_line' id='line_1_42' title="bbox 503 4008 2066 4081; baseline -0.001 -14"><span class='ocrx_word' id='word_1_273' title='bbox 503 4012 646 4068; x_wconf 91' lang='lat' dir='ltr'><strong>hanc</strong></span> <span class='ocrx_word' id='word_1_274' title='bbox 661 4011 972 4081; x_wconf 90' lang='lat' dir='ltr'><strong>opinionem</strong></span> <span class='ocrx_word' id='word_1_275' title='bbox 1000 4009 1261 4066; x_wconf 82' lang='lat' dir='ltr'><strong>Servatur</strong></span> <span class='ocrx_word' id='word_1_276' title='bbox 1285 4011 1472 4075; x_wconf 92' lang='lat' dir='ltr'><strong>docet,</strong></span> <span class='ocrx_word' id='word_1_277' title='bbox 1513 4009 1655 4065; x_wconf 90' lang='lat' dir='ltr'><strong>haud</strong></span> <span class='ocrx_word' id='word_1_278' title='bbox 1689 4018 1817 4064; x_wconf 89' lang='lat' dir='ltr'><strong>ante</strong></span> <span class='ocrx_word' id='word_1_279' title='bbox 1841 4024 1871 4064; x_wconf 90' lang='lat' dir='ltr'><strong>a</strong></span> <span class='ocrx_word' id='word_1_280' title='bbox 1905 4008 2066 4066; x_wconf 85' lang='lat' dir='ltr'><strong>Patre</strong></span> 
     </span>
    </p>
   </div>
   <div class='ocr_carea' id='block_1_43' title="bbox 502 4100 2065 4173">
    <p class='ocr_par' dir='ltr' id='par_1_43' title="bbox 502 4100 2065 4173">
     <span class='ocr_line' id='line_1_43' title="bbox 502 4100 2065 4173; baseline -0.002 -13"><span class='ocrx_word' id='word_1_281' title='bbox 502 4119 563 4160; x_wconf 86' lang='lat' dir='ltr'><strong>se</strong></span> <span class='ocrx_word' id='word_1_282' title='bbox 590 4118 814 4173; x_wconf 88' lang='lat' dir='ltr'><strong>regnum</strong></span> <span class='ocrx_word' id='word_1_283' title='bbox 846 4112 1221 4172; x_wconf 90' lang='lat' dir='ltr'><strong>accepturum,</strong></span> <span class='ocrx_word' id='word_1_284' title='bbox 1260 4116 1423 4171; x_wconf 91' lang='lat' dir='ltr'><strong>quam</strong></span> <span class='ocrx_word' id='word_1_285' title='bbox 1464 4115 1688 4173; x_wconf 85' lang='lat' dir='ltr'><strong>peregre</strong></span> <span class='ocrx_word' id='word_1_286' title='bbox 1730 4100 1799 4157; x_wconf 87' lang='lat' dir='ltr'><strong>ab</strong></span> <span class='ocrx_word' id='word_1_287' title='bbox 1827 4101 2065 4157; x_wconf 84' lang='lat' dir='ltr'><strong>homini-</strong></span> 
     </span>
    </p>
   </div>
   <div class='ocr_carea' id='block_1_44' title="bbox 503 4194 2065 4263">
    <p class='ocr_par' dir='ltr' id='par_1_44' title="bbox 503 4194 2065 4263">
     <span class='ocr_line' id='line_1_44' title="bbox 503 4194 2065 4263; baseline -0.003 -10"><span class='ocrx_word' id='word_1_288' title='bbox 503 4199 603 4253; x_wconf 85' lang='lat' dir='ltr'><strong>bus</strong></span> <span class='ocrx_word' id='word_1_289' title='bbox 630 4197 698 4252; x_wconf 89' lang='lat' dir='ltr'><strong>ad</strong></span> <span class='ocrx_word' id='word_1_290' title='bbox 730 4195 945 4252; x_wconf 85' lang='lat' dir='ltr'><strong>Patrem</strong></span> <span class='ocrx_word' id='word_1_291' title='bbox 976 4196 1194 4251; x_wconf 89' lang='lat' dir='ltr'><strong>abierit.</strong></span> <span class='ocrx_word' id='word_1_292' title='bbox 1232 4194 1287 4249; x_wconf 90' lang='lat' dir='ltr'><strong>Id</strong></span> <span class='ocrx_word' id='word_1_293' title='bbox 1317 4209 1447 4250; x_wconf 91' lang='lat' dir='ltr'><strong>vero</strong></span> <span class='ocrx_word' id='word_1_294' title='bbox 1481 4195 1585 4251; x_wconf 87' lang='lat' dir='ltr'><strong>hac</strong></span> <span class='ocrx_word' id='word_1_295' title='bbox 1628 4194 1877 4263; x_wconf 89' lang='lat' dir='ltr'><strong>parabola</strong></span> <span class='ocrx_word' id='word_1_296' title='bbox 1920 4194 2065 4249; x_wconf 85' lang='lat' dir='ltr'><strong>allir-</strong></span> 
     </span>
    </p>
   </div>
   <div class='ocr_carea' id='block_1_45' title="bbox 503 4286 2065 4358">
    <p class='ocr_par' dir='ltr' id='par_1_45' title="bbox 503 4286 2065 4358">
     <span class='ocr_line' id='line_1_45' title="bbox 503 4286 2065 4358; baseline -0.004 -14"><span class='ocrx_word' id='word_1_297' title='bbox 503 4290 672 4344; x_wconf 86' lang='lat' dir='ltr'><strong>mavit</strong></span> <span class='ocrx_word' id='word_1_298' title='bbox 701 4290 890 4344; x_wconf 85' lang='lat' dir='ltr'><strong>dicens</strong></span> <span class='ocrx_word' id='word_1_299' title='bbox 922 4305 938 4345; x_wconf 89' lang='lat'><strong>:</strong></span> <span class='ocrx_word' id='word_1_300' title='bbox 971 4288 1143 4342; x_wconf 81' lang='lat' dir='ltr'><strong>Homo</strong></span> <span class='ocrx_word' id='word_1_301' title='bbox 1168 4288 1384 4357; x_wconf 77' lang='lat' dir='ltr'><strong>quidam</strong></span> <span class='ocrx_word' id='word_1_302' title='bbox 1420 4286 1608 4342; x_wconf 77' lang='lat' dir='ltr'><strong>nobilis</strong></span> <span class='ocrx_word' id='word_1_303' title='bbox 1638 4288 1765 4341; x_wconf 79' lang='lat' dir='ltr'><strong>abiit</strong></span> <span class='ocrx_word' id='word_1_304' title='bbox 1806 4288 1861 4342; x_wconf 79' lang='lat' dir='ltr'><strong>in</strong></span> <span class='ocrx_word' id='word_1_305' title='bbox 1895 4288 2065 4358; x_wconf 71' lang='lat' dir='ltr'><strong>regio.</strong></span> 
     </span>
    </p>
   </div>
   <div class='ocr_carea' id='block_1_46' title="bbox 502 4377 2064 4449">
    <p class='ocr_par' dir='ltr' id='par_1_46' title="bbox 502 4377 2064 4449">
     <span class='ocr_line' id='line_1_46' title="bbox 502 4377 2064 4449; baseline -0.002 -14"><span class='ocrx_word' id='word_1_306' title='bbox 502 4395 617 4435; x_wconf 82' lang='lat' dir='ltr'><strong>nem</strong></span> <span class='ocrx_word' id='word_1_307' title='bbox 644 4378 1004 4449; x_wconf 82' lang='lat' dir='ltr'><strong>longinquam,</strong></span> <span class='ocrx_word' id='word_1_308' title='bbox 1032 4389 1086 4431; x_wconf 84' lang='lat' dir='ltr'><strong>ut</strong></span> <span class='ocrx_word' id='word_1_309' title='bbox 1108 4377 1362 4445; x_wconf 72' lang='lat' dir='ltr'><strong>acciperet</strong></span> <span class='ocrx_word' id='word_1_310' title='bbox 1385 4377 1483 4431; x_wconf 75' lang='lat' dir='ltr'><strong>sibi</strong></span> <span class='ocrx_word' id='word_1_311' title='bbox 1508 4394 1743 4447; x_wconf 77' lang='lat' dir='ltr'><strong>regnum,</strong></span> <span class='ocrx_word' id='word_1_312' title='bbox 1769 4387 1818 4432; x_wconf 79' lang='lat' dir='ltr'><strong>et</strong></span> <span class='ocrx_word' id='word_1_313' title='bbox 1840 4380 2064 4444; x_wconf 74' lang='lat' dir='ltr'><strong>rediret;</strong></span> 
     </span>
    </p>
   </div>
   <div class='ocr_carea' id='block_1_47' title="bbox 2163 526 3717 607">
    <p class='ocr_par' dir='ltr' id='par_1_47' title="bbox 2163 526 3717 607">
     <span class='ocr_line' id='line_1_47' title="bbox 2163 526 3717 607; baseline -0.006 -17"><span class='ocrx_word' id='word_1_314' title='bbox 2163 537 2259 607; x_wconf 83' lang='grc' dir='ltr'>μὲν</span> <span class='ocrx_word' id='word_1_315' title='bbox 2305 536 2683 605; x_wconf 79' lang='grc' dir='ltr'><strong>καταφαγόντα</strong></span> <span class='ocrx_word' id='word_1_316' title='bbox 2726 534 2822 605; x_wconf 79' lang='grc' dir='ltr'>τὴν</span> <span class='ocrx_word' id='word_1_317' title='bbox 2863 531 3095 603; x_wconf 78' lang='grc' dir='ltr'>ὓπαρξιν</span> <span class='ocrx_word' id='word_1_318' title='bbox 3135 526 3231 583; x_wconf 82' lang='grc' dir='ltr'>τοῦ</span> <span class='ocrx_word' id='word_1_319' title='bbox 3278 527 3539 581; x_wconf 86' lang='grc' dir='ltr'><strong>δεσπότου</strong></span> <span class='ocrx_word' id='word_1_320' title='bbox 3580 528 3717 597; x_wconf 86' lang='grc' dir='ltr'><strong>μετά</strong></span> 
     </span>
    </p>
   </div>
   <div class='ocr_carea' id='block_1_48' title="bbox 2159 617 3719 700">
    <p class='ocr_par' dir='ltr' id='par_1_48' title="bbox 2159 617 3719 700">
     <span class='ocr_line' id='line_1_48' title="bbox 2159 617 3719 700; baseline -0.007 -19"><span class='ocrx_word' id='word_1_321' title='bbox 2159 627 2373 700; x_wconf 81' lang='grc' dir='ltr'>πορνῶν</span> <span class='ocrx_word' id='word_1_322' title='bbox 2412 629 2505 681; x_wconf 76' lang='grc' dir='ltr'>καὶ</span> <span class='ocrx_word' id='word_1_323' title='bbox 2536 625 2864 696; x_wconf 80' lang='grc' dir='ltr'><strong>αὐλητρίδων</strong></span> <span class='ocrx_word' id='word_1_324' title='bbox 2883 666 2898 689; x_wconf 94' lang='grc'><strong>,</strong></span> <span class='ocrx_word' id='word_1_325' title='bbox 2938 624 3027 676; x_wconf 83' lang='grc' dir='ltr'>τὸν</span> <span class='ocrx_word' id='word_1_326' title='bbox 3070 623 3127 676; x_wconf 83' lang='grc' dir='ltr'>δὲ</span> <span class='ocrx_word' id='word_1_327' title='bbox 3169 617 3719 675; x_wconf 83' lang='grc' dir='ltr'>πολλαπλασιάσαντα</span> 
     </span>
    </p>
   </div>
   <div class='ocr_carea' id='block_1_49' title="bbox 2158 702 3778 793">
    <p class='ocr_par' dir='ltr' id='par_1_49' title="bbox 2158 702 3778 793">
     <span class='ocr_line' id='line_1_49' title="bbox 2158 702 3778 793; baseline -0.003 -27"><span class='ocrx_word' id='word_1_328' title='bbox 2158 715 2255 784; x_wconf 85' lang='grc' dir='ltr'>τὴν</span> <span class='ocrx_word' id='word_1_329' title='bbox 2295 714 2574 786; x_wconf 88' lang='grc' dir='ltr'>ἐργασίαν,</span> <span class='ocrx_word' id='word_1_330' title='bbox 2591 713 2680 768; x_wconf 85' lang='grc' dir='ltr'>τὸν</span> <span class='ocrx_word' id='word_1_331' title='bbox 2701 712 2757 765; x_wconf 84' lang='grc' dir='ltr'>δὲ</span> <span class='ocrx_word' id='word_1_332' title='bbox 2774 710 3193 781; x_wconf 75' lang='grc' dir='ltr'><strong>κατακρύψαντα</strong></span> <span class='ocrx_word' id='word_1_333' title='bbox 3211 709 3271 763; x_wconf 78' lang='grc' dir='ltr'><strong>τὸ</strong></span> <span class='ocrx_word' id='word_1_334' title='bbox 3291 708 3573 762; x_wconf 58' lang='grc' dir='ltr'>τάλαντον</span> <span class='ocrx_word' id='word_1_335' title='bbox 3600 702 3719 761; x_wconf 80' lang='grc' dir='ltr'>εἶτα</span> <span class='ocrx_word' id='word_1_336' title='bbox 3769 782 3778 793; x_wconf 34' lang='grc'><strong><em>⁸</em></strong></span> 
     </span>
    </p>
   </div>
   <div class='ocr_carea' id='block_1_50' title="bbox 2157 797 3717 877">
    <p class='ocr_par' dir='ltr' id='par_1_50' title="bbox 2157 797 3717 877">
     <span class='ocr_line' id='line_1_50' title="bbox 2157 797 3717 877; baseline -0.006 -17"><span class='ocrx_word' id='word_1_337' title='bbox 2157 806 2247 860; x_wconf 78' lang='grc' dir='ltr'><strong>τὸν</strong></span> <span class='ocrx_word' id='word_1_338' title='bbox 2278 806 2376 877; x_wconf 88' lang='grc' dir='ltr'>μὲν</span> <span class='ocrx_word' id='word_1_339' title='bbox 2410 804 2790 876; x_wconf 67' lang='grc' dir='ltr'>ἀπώεχθῆναι,</span> <span class='ocrx_word' id='word_1_340' title='bbox 2808 802 2899 856; x_wconf 82' lang='grc' dir='ltr'>τὸν</span> <span class='ocrx_word' id='word_1_341' title='bbox 2929 802 2985 854; x_wconf 87' lang='grc' dir='ltr'><strong>δέ</strong></span> <span class='ocrx_word' id='word_1_342' title='bbox 3022 800 3334 872; x_wconf 83' lang='grc' dir='ltr'>μεμφθῆναι</span> <span class='ocrx_word' id='word_1_343' title='bbox 3353 799 3532 871; x_wconf 87' lang='grc' dir='ltr'>μόνον,</span> <span class='ocrx_word' id='word_1_344' title='bbox 3548 797 3641 851; x_wconf 80' lang='grc' dir='ltr'>τὸν</span> <span class='ocrx_word' id='word_1_345' title='bbox 3662 798 3717 852; x_wconf 71' lang='grc' dir='ltr'><strong>δέ</strong></span> 
     </span>
    </p>
   </div>
   <div class='ocr_carea' id='block_1_51' title="bbox 2161 892 3716 967">
    <p class='ocr_par' dir='ltr' id='par_1_51' title="bbox 2161 892 3716 967">
     <span class='ocr_line' id='line_1_51' title="bbox 2161 892 3716 967; baseline -0.007 -15"><span class='ocrx_word' id='word_1_346' title='bbox 2161 896 2577 967; x_wconf 81' lang='grc' dir='ltr'>συγκλεισθῆναι</span> <span class='ocrx_word' id='word_1_347' title='bbox 2632 893 3009 967; x_wconf 81' lang='grc' dir='ltr'><strong>δεσμωτηρίῳ.</strong></span> <span class='ocrx_word' id='word_1_348' title='bbox 3064 892 3353 961; x_wconf 77' lang='grc' dir='ltr'>Ἐφίστημι</span> <span class='ocrx_word' id='word_1_349' title='bbox 3380 930 3395 953; x_wconf 86' lang='grc'><strong>,</strong></span> <span class='ocrx_word' id='word_1_350' title='bbox 3468 892 3716 962; x_wconf 77' lang='grc' dir='ltr'>μήποτε,</span> 
     </span>
    </p>
   </div>
   <div class='ocr_carea' id='block_1_52' title="bbox 2159 979 3719 1055">
    <p class='ocr_par' dir='ltr' id='par_1_52' title="bbox 2159 979 3719 1055">
     <span class='ocr_line' id='line_1_52' title="bbox 2159 979 3719 1055; baseline -0.005 -15"><span class='ocrx_word' id='word_1_351' title='bbox 2159 986 2301 1040; x_wconf 78' lang='grc' dir='ltr'>κατὰ</span> <span class='ocrx_word' id='word_1_352' title='bbox 2324 989 2413 1040; x_wconf 84' lang='grc' dir='ltr'>τὸν</span> <span class='ocrx_word' id='word_1_353' title='bbox 2433 985 2724 1047; x_wconf 88' lang='grc' dir='ltr'>Ματθαίον,</span> <span class='ocrx_word' id='word_1_354' title='bbox 2748 982 2886 1055; x_wconf 88' lang='grc' dir='ltr'><strong>μετά</strong></span> <span class='ocrx_word' id='word_1_355' title='bbox 2908 982 3007 1054; x_wconf 83' lang='grc' dir='ltr'>τὴν</span> <span class='ocrx_word' id='word_1_356' title='bbox 3028 998 3090 1035; x_wconf 90' lang='grc' dir='ltr'><strong>συ</strong></span> <span class='ocrx_word' id='word_1_357' title='bbox 3098 981 3244 1051; x_wconf 81' lang='grc' dir='ltr'>μπλη</span> <span class='ocrx_word' id='word_1_358' title='bbox 3253 997 3416 1051; x_wconf 90' lang='grc' dir='ltr'>ρωσιν</span> <span class='ocrx_word' id='word_1_359' title='bbox 3441 980 3535 1033; x_wconf 84' lang='grc' dir='ltr'>τοῦ</span> <span class='ocrx_word' id='word_1_360' title='bbox 3562 979 3719 1047; x_wconf 82' lang='grc' dir='ltr'>λόγου</span> 
     </span>
    </p>
   </div>
   <div class='ocr_carea' id='block_1_53' title="bbox 2159 1072 3717 1151">
    <p class='ocr_par' dir='ltr' id='par_1_53' title="bbox 2159 1072 3717 1151">
     <span class='ocr_line' id='line_1_53' title="bbox 2159 1072 3717 1151; baseline -0.004 -19"><span class='ocrx_word' id='word_1_361' title='bbox 2159 1080 2256 1151; x_wconf 79' lang='grc' dir='ltr'>τὴν</span> <span class='ocrx_word' id='word_1_362' title='bbox 2283 1079 2422 1133; x_wconf 90' lang='grc' dir='ltr'><strong>κατά</strong></span> <span class='ocrx_word' id='word_1_363' title='bbox 2439 1078 2532 1132; x_wconf 81' lang='grc' dir='ltr'>τοῦ</span> <span class='ocrx_word' id='word_1_364' title='bbox 2564 1078 2728 1149; x_wconf 83' lang='grc' dir='ltr'>μηδὲν</span> <span class='ocrx_word' id='word_1_365' title='bbox 2744 1075 3117 1149; x_wconf 68' lang='grc' dir='ltr'>ἐργασαμένου</span> <span class='ocrx_word' id='word_1_366' title='bbox 3149 1078 3182 1146; x_wconf 81' lang='grc' dir='ltr'>ἡ</span> <span class='ocrx_word' id='word_1_367' title='bbox 3212 1075 3338 1146; x_wconf 78' lang='grc' dir='ltr'><strong>ἑξῆς</strong></span> <span class='ocrx_word' id='word_1_368' title='bbox 3362 1072 3717 1145; x_wconf 73' lang='grc' dir='ltr'>ἐπιλεγομένη</span> 
     </span>
    </p>
   </div>
   <div class='ocr_carea' id='block_1_54' title="bbox 2158 1164 3719 1242">
    <p class='ocr_par' dir='ltr' id='par_1_54' title="bbox 2158 1164 3719 1242">
     <span class='ocr_line' id='line_1_54' title="bbox 2158 1164 3719 1242; baseline -0.004 -18"><span class='ocrx_word' id='word_1_369' title='bbox 2158 1169 2353 1242; x_wconf 81' lang='grc' dir='ltr'>ἀπειλὴ</span> <span class='ocrx_word' id='word_1_370' title='bbox 2380 1170 2439 1223; x_wconf 80' lang='grc' dir='ltr'>οὐ</span> <span class='ocrx_word' id='word_1_371' title='bbox 2464 1170 2592 1239; x_wconf 79' lang='grc' dir='ltr'>περὶ</span> <span class='ocrx_word' id='word_1_372' title='bbox 2625 1168 2811 1232; x_wconf 75' lang='grc' dir='ltr'>αὐτοῦ,</span> <span class='ocrx_word' id='word_1_373' title='bbox 2847 1166 2983 1221; x_wconf 86' lang='grc' dir='ltr'><strong>ἀλλά</strong></span> <span class='ocrx_word' id='word_1_374' title='bbox 3017 1167 3144 1238; x_wconf 77' lang='grc' dir='ltr'>περὶ</span> <span class='ocrx_word' id='word_1_375' title='bbox 3182 1165 3278 1219; x_wconf 82' lang='grc' dir='ltr'>τοῦ</span> <span class='ocrx_word' id='word_1_376' title='bbox 3307 1164 3569 1237; x_wconf 77' lang='grc' dir='ltr'>προτέρου</span> <span class='ocrx_word' id='word_1_377' title='bbox 3596 1164 3719 1218; x_wconf 77' lang='grc' dir='ltr'>κατ’</span> 
     </span>
    </p>
   </div>
   <div class='ocr_carea' id='block_1_55' title="bbox 2158 1255 3721 1334">
    <p class='ocr_par' dir='ltr' id='par_1_55' title="bbox 2158 1255 3721 1334">
     <span class='ocr_line' id='line_1_55' title="bbox 2158 1255 3721 1334; baseline -0.003 -18"><span class='ocrx_word' id='word_1_378' title='bbox 2158 1261 2491 1334; x_wconf 77' lang='grc' dir='ltr'>ἐπανάληψιν</span> <span class='ocrx_word' id='word_1_379' title='bbox 2513 1261 2759 1314; x_wconf 84' lang='grc' dir='ltr'>λέλεκται</span> <span class='ocrx_word' id='word_1_380' title='bbox 2782 1259 2872 1314; x_wconf 75' lang='grc' dir='ltr'><strong>τοῦ</strong></span> <span class='ocrx_word' id='word_1_381' title='bbox 2897 1258 3164 1324; x_wconf 73' lang='grc' dir='ltr'>ἐσθίοντος</span> <span class='ocrx_word' id='word_1_382' title='bbox 3192 1257 3284 1311; x_wconf 77' lang='grc' dir='ltr'>καὶ</span> <span class='ocrx_word' id='word_1_383' title='bbox 3314 1257 3555 1322; x_wconf 77' lang='grc' dir='ltr'>πίνοντος</span> <span class='ocrx_word' id='word_1_384' title='bbox 3583 1255 3721 1329; x_wconf 82' lang='grc' dir='ltr'><strong>μετά</strong></span> 
     </span>
    </p>
   </div>
   <div class='ocr_carea' id='block_1_56' title="bbox 2158 1354 2618 1427">
    <p class='ocr_par' dir='ltr' id='par_1_56' title="bbox 2158 1354 2618 1427">
     <span class='ocr_line' id='line_1_56' title="bbox 2158 1354 2618 1427; baseline -0.007 -17"><span class='ocrx_word' id='word_1_385' title='bbox 2158 1356 2265 1411; x_wconf 84' lang='grc' dir='ltr'>τῶν</span> <span class='ocrx_word' id='word_1_386' title='bbox 2298 1354 2618 1427; x_wconf 85' lang='grc' dir='ltr'>μεθυόντων.</span> 
     </span>
    </p>
   </div>
   <div class='ocr_carea' id='block_1_57' title="bbox 2228 1621 3716 1698">
    <p class='ocr_par' dir='ltr' id='par_1_57' title="bbox 2228 1621 3716 1698">
     <span class='ocr_line' id='line_1_57' title="bbox 2228 1621 3716 1698; baseline -0.001 -18"><span class='ocrx_word' id='word_1_387' title='bbox 2228 1625 2412 1682; x_wconf 79' lang='grc' dir='ltr'>Ταῦτα</span> <span class='ocrx_word' id='word_1_388' title='bbox 2467 1627 2565 1698; x_wconf 85' lang='grc' dir='ltr'>μὲν</span> <span class='ocrx_word' id='word_1_389' title='bbox 2608 1621 2700 1680; x_wconf 75' lang='grc' dir='ltr'>οὖν</span> <span class='ocrx_word' id='word_1_390' title='bbox 2738 1626 2909 1691; x_wconf 79' lang='grc' dir='ltr'>οὕτως</span> <span class='ocrx_word' id='word_1_391' title='bbox 2941 1626 3150 1698; x_wconf 74' lang='grc' dir='ltr'>εἴρηται</span> <span class='ocrx_word' id='word_1_392' title='bbox 3208 1627 3357 1697; x_wconf 85' lang='grc' dir='ltr'>παρὰ</span> <span class='ocrx_word' id='word_1_393' title='bbox 3412 1624 3504 1679; x_wconf 80' lang='grc' dir='ltr'>τοῦ</span> <span class='ocrx_word' id='word_1_394' title='bbox 3560 1626 3716 1679; x_wconf 74' lang='grc' dir='ltr'>Ματα-</span> 
     </span>
    </p>
   </div>
   <div class='ocr_carea' id='block_1_58' title="bbox 2161 1718 3721 1791">
    <p class='ocr_par' dir='ltr' id='par_1_58' title="bbox 2161 1718 3721 1791">
     <span class='ocr_line' id='line_1_58' title="bbox 2161 1718 3721 1791; baseline -0.001 -18"><span class='ocrx_word' id='word_1_395' title='bbox 2161 1719 2310 1774; x_wconf 89' lang='grc' dir='ltr'>θαίου</span> <span class='ocrx_word' id='word_1_396' title='bbox 2328 1720 2430 1773; x_wconf 73' lang='grc' dir='ltr'>ἐπὶ</span> <span class='ocrx_word' id='word_1_397' title='bbox 2458 1719 2550 1772; x_wconf 85' lang='grc' dir='ltr'>τοῦ</span> <span class='ocrx_word' id='word_1_398' title='bbox 2577 1720 2735 1791; x_wconf 78' lang='grc' dir='ltr'>ὅρους</span> <span class='ocrx_word' id='word_1_399' title='bbox 2779 1718 2886 1771; x_wconf 85' lang='grc' dir='ltr'>τῶν</span> <span class='ocrx_word' id='word_1_400' title='bbox 2923 1718 3167 1782; x_wconf 80' lang='grc' dir='ltr'>Ἐλαιῶν,</span> <span class='ocrx_word' id='word_1_401' title='bbox 3189 1718 3281 1771; x_wconf 85' lang='grc' dir='ltr'>τοῦ</span> <span class='ocrx_word' id='word_1_402' title='bbox 3329 1719 3579 1788; x_wconf 79' lang='grc' dir='ltr'>Σωτῆρος</span> <span class='ocrx_word' id='word_1_403' title='bbox 3608 1720 3721 1781; x_wconf 82' lang='grc' dir='ltr'>τοῖς</span> 
     </span>
    </p>
   </div>
   <div class='ocr_carea' id='block_1_59' title="bbox 2161 1809 3721 1882">
    <p class='ocr_par' dir='ltr' id='par_1_59' title="bbox 2161 1809 3721 1882">
     <span class='ocr_line' id='line_1_59' title="bbox 2161 1809 3721 1882; baseline -0.001 -19"><span class='ocrx_word' id='word_1_404' title='bbox 2161 1810 2321 1865; x_wconf 80' lang='grc' dir='ltr'>αὑτοῦ</span> <span class='ocrx_word' id='word_1_405' title='bbox 2380 1810 2645 1882; x_wconf 82' lang='grc' dir='ltr'>μαθηταῖς</span> <span class='ocrx_word' id='word_1_406' title='bbox 2688 1811 2935 1874; x_wconf 87' lang='grc' dir='ltr'>συνόντος</span> <span class='ocrx_word' id='word_1_407' title='bbox 2989 1811 3082 1864; x_wconf 73' lang='grc' dir='ltr'>καὶ</span> <span class='ocrx_word' id='word_1_408' title='bbox 3134 1810 3203 1864; x_wconf 85' lang='grc' dir='ltr'><strong>τὰ</strong></span> <span class='ocrx_word' id='word_1_409' title='bbox 3235 1809 3362 1881; x_wconf 75' lang='grc' dir='ltr'>περὶ</span> <span class='ocrx_word' id='word_1_410' title='bbox 3397 1809 3496 1879; x_wconf 83' lang='grc' dir='ltr'>τῆς</span> <span class='ocrx_word' id='word_1_411' title='bbox 3538 1825 3721 1864; x_wconf 85' lang='grc' dir='ltr'>συντε-</span> 
     </span>
    </p>
   </div>
   <div class='ocr_carea' id='block_1_60' title="bbox 2160 1903 3721 1976">
    <p class='ocr_par' dir='ltr' id='par_1_60' title="bbox 2160 1903 3721 1976">
     <span class='ocr_line' id='line_1_60' title="bbox 2160 1903 3721 1976; baseline -0.002 -18"><span class='ocrx_word' id='word_1_412' title='bbox 2160 1904 2310 1968; x_wconf 88' lang='grc' dir='ltr'>λείας</span> <span class='ocrx_word' id='word_1_413' title='bbox 2357 1904 2902 1976; x_wconf 80' lang='grc' dir='ltr'>προδιαστελλομένου</span> <span class='ocrx_word' id='word_1_414' title='bbox 2932 1920 2947 1934; x_wconf 77' lang='lat'><strong>&#39;</strong></span> <span class='ocrx_word' id='word_1_415' title='bbox 3000 1903 3098 1976; x_wconf 83' lang='grc' dir='ltr'>τὴν</span> <span class='ocrx_word' id='word_1_416' title='bbox 3131 1903 3188 1957; x_wconf 83' lang='grc' dir='ltr'>δὲ</span> <span class='ocrx_word' id='word_1_417' title='bbox 3221 1903 3585 1974; x_wconf 81' lang='grc' dir='ltr'>προκειμένην</span> <span class='ocrx_word' id='word_1_418' title='bbox 3620 1920 3721 1956; x_wconf 79' lang='grc' dir='ltr'>πα-</span> 
     </span>
    </p>
   </div>
   <div class='ocr_carea' id='block_1_61' title="bbox 2163 1996 3720 2069">
    <p class='ocr_par' dir='ltr' id='par_1_61' title="bbox 2163 1996 3720 2069">
     <span class='ocr_line' id='line_1_61' title="bbox 2163 1996 3720 2069; baseline 0.001 -20"><span class='ocrx_word' id='word_1_419' title='bbox 2163 1996 2392 2069; x_wconf 77' lang='grc' dir='ltr'>ραϐολὴν</span> <span class='ocrx_word' id='word_1_420' title='bbox 2422 1997 2581 2067; x_wconf 88' lang='grc' dir='ltr'>μόνος</span> <span class='ocrx_word' id='word_1_421' title='bbox 2603 1998 2813 2062; x_wconf 79' lang='grc' dir='ltr'>Λουκᾶς</span> <span class='ocrx_word' id='word_1_422' title='bbox 2854 1997 3352 2068; x_wconf 82' lang='grc' dir='ltr'>ἀπεμνημόνευσεν,</span> <span class='ocrx_word' id='word_1_423' title='bbox 3384 1998 3461 2061; x_wconf 82' lang='grc' dir='ltr'>ὡς</span> <span class='ocrx_word' id='word_1_424' title='bbox 3491 1997 3585 2051; x_wconf 76' lang='grc' dir='ltr'><strong>τοῦ</strong></span> <span class='ocrx_word' id='word_1_425' title='bbox 3612 1999 3720 2051; x_wconf 88' lang='grc' dir='ltr'><strong>Σω-</strong></span> 
     </span>
    </p>
   </div>
   <div class='ocr_carea' id='block_1_62' title="bbox 2160 2079 3721 2159">
    <p class='ocr_par' dir='ltr' id='par_1_62' title="bbox 2160 2079 3721 2159">
     <span class='ocr_line' id='line_1_62' title="bbox 2160 2079 3721 2159; baseline 0.001 -21"><span class='ocrx_word' id='word_1_426' title='bbox 2160 2086 2323 2157; x_wconf 84' lang='grc' dir='ltr'>τῆρος</span> <span class='ocrx_word' id='word_1_427' title='bbox 2360 2086 2637 2158; x_wconf 81' lang='grc' dir='ltr'>εἰρηκότος</span> <span class='ocrx_word' id='word_1_428' title='bbox 2663 2087 2829 2157; x_wconf 78' lang='grc' dir='ltr'>αὐτὴν</span> <span class='ocrx_word' id='word_1_429' title='bbox 2844 2086 2966 2141; x_wconf 85' lang='grc' dir='ltr'>καθ’</span> <span class='ocrx_word' id='word_1_430' title='bbox 2989 2087 3046 2141; x_wconf 84' lang='grc' dir='ltr'><strong>δν</strong></span> <span class='ocrx_word' id='word_1_431' title='bbox 3075 2088 3261 2159; x_wconf 85' lang='grc' dir='ltr'>χρόνον</span> <span class='ocrx_word' id='word_1_432' title='bbox 3288 2086 3345 2141; x_wconf 86' lang='grc' dir='ltr'><strong>ἐν</strong></span> <span class='ocrx_word' id='word_1_433' title='bbox 3387 2079 3601 2159; x_wconf 77' lang='grc' dir='ltr'>Ἱεριχδῐ</span> <span class='ocrx_word' id='word_1_434' title='bbox 3625 2086 3721 2149; x_wconf 75' lang='grc' dir='ltr'><strong>τὰς</strong></span> 
     </span>
    </p>
   </div>
   <div class='ocr_carea' id='block_1_63' title="bbox 2158 2176 3722 2254">
    <p class='ocr_par' dir='ltr' id='par_1_63' title="bbox 2158 2176 3722 2254">
     <span class='ocr_line' id='line_1_63' title="bbox 2158 2176 3722 2254; baseline 0.001 -26"><span class='ocrx_word' id='word_1_435' title='bbox 2158 2176 2437 2248; x_wconf 71' lang='grc' dir='ltr'>διατριϐὰς</span> <span class='ocrx_word' id='word_1_436' title='bbox 2491 2180 2739 2231; x_wconf 82' lang='grc' dir='ltr'>ἐποιεῖτο.</span> <span class='ocrx_word' id='word_1_437' title='bbox 2786 2178 2984 2251; x_wconf 91' lang='grc' dir='ltr'>Διόπερ</span> <span class='ocrx_word' id='word_1_438' title='bbox 3029 2178 3149 2232; x_wconf 83' lang='grc' dir='ltr'>οὐδέ</span> <span class='ocrx_word' id='word_1_439' title='bbox 3196 2179 3293 2249; x_wconf 79' lang='grc' dir='ltr'>τὴν</span> <span class='ocrx_word' id='word_1_440' title='bbox 3325 2179 3492 2251; x_wconf 78' lang='grc' dir='ltr'>αὐτὴν</span> <span class='ocrx_word' id='word_1_441' title='bbox 3541 2179 3722 2254; x_wconf 75' lang='grc' dir='ltr'>ἐκείνῃ</span> 
     </span>
    </p>
   </div>
   <div class='ocr_carea' id='block_1_64' title="bbox 2159 2262 3722 2341">
    <p class='ocr_par' dir='ltr' id='par_1_64' title="bbox 2159 2262 3722 2341">
     <span class='ocr_line' id='line_1_64' title="bbox 2159 2262 3722 2341; baseline 0.003 -22"><span class='ocrx_word' id='word_1_442' title='bbox 2159 2266 2360 2338; x_wconf 83' lang='grc' dir='ltr'>ταύτην</span> <span class='ocrx_word' id='word_1_443' title='bbox 2417 2262 2555 2321; x_wconf 81' lang='grc' dir='ltr'>εἶναι</span> <span class='ocrx_word' id='word_1_444' title='bbox 2587 2268 2939 2339; x_wconf 81' lang='grc' dir='ltr'>ὑποληπτέον,</span> <span class='ocrx_word' id='word_1_445' title='bbox 2966 2270 3089 2323; x_wconf 74' lang='grc' dir='ltr'>ἐπεὶ</span> <span class='ocrx_word' id='word_1_446' title='bbox 3123 2271 3256 2341; x_wconf 84' lang='grc' dir='ltr'>μηδὲ</span> <span class='ocrx_word' id='word_1_447' title='bbox 3315 2269 3381 2323; x_wconf 78' lang='grc' dir='ltr'>τὰ</span> <span class='ocrx_word' id='word_1_448' title='bbox 3433 2272 3490 2325; x_wconf 78' lang='grc' dir='ltr'><strong>ἐν</strong></span> <span class='ocrx_word' id='word_1_449' title='bbox 3540 2272 3722 2334; x_wconf 81' lang='grc' dir='ltr'>αὐτοῖς</span> 
     </span>
    </p>
   </div>
   <div class='ocr_carea' id='block_1_65' title="bbox 2161 2360 3723 2436">
    <p class='ocr_par' dir='ltr' id='par_1_65' title="bbox 2161 2360 3723 2436">
     <span class='ocr_line' id='line_1_65' title="bbox 2161 2360 3723 2436; baseline 0.003 -24"><span class='ocrx_word' id='word_1_450' title='bbox 2161 2360 2433 2432; x_wconf 86' lang='grc' dir='ltr'>φερόμενα</span> <span class='ocrx_word' id='word_1_451' title='bbox 2486 2361 2647 2430; x_wconf 82' lang='grc' dir='ltr'>ὅμοια</span> <span class='ocrx_word' id='word_1_452' title='bbox 2698 2362 2971 2433; x_wconf 83' lang='grc' dir='ltr'>τυγχάνει.</span> <span class='ocrx_word' id='word_1_453' title='bbox 3013 2362 3272 2417; x_wconf 82' lang='grc' dir='ltr'>Ἐνταῦθα</span> <span class='ocrx_word' id='word_1_454' title='bbox 3327 2363 3428 2434; x_wconf 81' lang='grc' dir='ltr'>μὲν</span> <span class='ocrx_word' id='word_1_455' title='bbox 3459 2364 3567 2436; x_wconf 81' lang='grc' dir='ltr'><strong>γὰρ</strong></span> <span class='ocrx_word' id='word_1_456' title='bbox 3591 2363 3723 2417; x_wconf 85' lang='grc' dir='ltr'>δέκα</span> 
     </span>
    </p>
   </div>
   <div class='ocr_carea' id='block_1_66' title="bbox 2160 2451 3726 2522">
    <p class='ocr_par' dir='ltr' id='par_1_66' title="bbox 2160 2451 3726 2522">
     <span class='ocr_line' id='line_1_66' title="bbox 2160 2451 3726 2522; baseline 0.002 -16"><span class='ocrx_word' id='word_1_457' title='bbox 2160 2451 2406 2522; x_wconf 83' lang='grc' dir='ltr'>λέγονται</span> <span class='ocrx_word' id='word_1_458' title='bbox 2430 2452 2625 2517; x_wconf 81' lang='grc' dir='ltr'>δοῦλοι,</span> <span class='ocrx_word' id='word_1_459' title='bbox 2661 2455 2777 2507; x_wconf 82' lang='grc' dir='ltr'>ἐκεῖ</span> <span class='ocrx_word' id='word_1_460' title='bbox 2807 2453 2861 2507; x_wconf 88' lang='grc' dir='ltr'>δὲ</span> <span class='ocrx_word' id='word_1_461' title='bbox 2912 2455 2971 2508; x_wconf 78' lang='grc' dir='ltr'>οὐ</span> <span class='ocrx_word' id='word_1_462' title='bbox 3002 2455 3277 2508; x_wconf 79' lang='grc' dir='ltr'>τοσοῦτοι·</span> <span class='ocrx_word' id='word_1_463' title='bbox 3313 2456 3407 2509; x_wconf 74' lang='grc' dir='ltr'>καὶ</span> <span class='ocrx_word' id='word_1_464' title='bbox 3434 2455 3662 2509; x_wconf 80' lang='grc' dir='ltr'>ἐνταῦθα</span> <span class='ocrx_word' id='word_1_465' title='bbox 3695 2457 3726 2508; x_wconf 88' lang='grc' dir='ltr'><strong>ό</strong></span> 
     </span>
    </p>
   </div>
   <div class='ocr_carea' id='block_1_67' title="bbox 2162 2542 3725 2619">
    <p class='ocr_par' dir='ltr' id='par_1_67' title="bbox 2162 2542 3725 2619">
     <span class='ocr_line' id='line_1_67' title="bbox 2162 2542 3725 2619; baseline 0.004 -24"><span class='ocrx_word' id='word_1_466' title='bbox 2162 2542 2347 2608; x_wconf 71' lang='grc' dir='ltr'>καθεὶς</span> <span class='ocrx_word' id='word_1_467' title='bbox 2398 2542 2500 2596; x_wconf 87' lang='grc' dir='ltr'>ἀνὰ</span> <span class='ocrx_word' id='word_1_468' title='bbox 2555 2542 2682 2615; x_wconf 89' lang='grc' dir='ltr'>μίαν</span> <span class='ocrx_word' id='word_1_469' title='bbox 2711 2546 2846 2613; x_wconf 80' lang='grc' dir='ltr'>μνᾶν</span> <span class='ocrx_word' id='word_1_470' title='bbox 2879 2544 3162 2615; x_wconf 85' lang='grc' dir='ltr'>λαμϐάνει,</span> <span class='ocrx_word' id='word_1_471' title='bbox 3196 2546 3312 2598; x_wconf 88' lang='grc' dir='ltr'>ἐκεῖ</span> <span class='ocrx_word' id='word_1_472' title='bbox 3360 2545 3417 2599; x_wconf 78' lang='grc' dir='ltr'>δὲ</span> <span class='ocrx_word' id='word_1_473' title='bbox 3449 2548 3478 2599; x_wconf 87' lang='grc' dir='ltr'><strong>ό</strong></span> <span class='ocrx_word' id='word_1_474' title='bbox 3513 2546 3610 2619; x_wconf 82' lang='grc' dir='ltr'>μέν</span> <span class='ocrx_word' id='word_1_475' title='bbox 3641 2565 3725 2613; x_wconf 85' lang='grc' dir='ltr'><strong>τις</strong></span> 
     </span>
    </p>
   </div>
   <div class='ocr_carea' id='block_1_68' title="bbox 2164 2633 3726 2710">
    <p class='ocr_par' dir='ltr' id='par_1_68' title="bbox 2164 2633 3726 2710">
     <span class='ocr_line' id='line_1_68' title="bbox 2164 2633 3726 2710; baseline 0.004 -24"><span class='ocrx_word' id='word_1_476' title='bbox 2164 2633 2323 2688; x_wconf 82' lang='grc' dir='ltr'>πέντε</span> <span class='ocrx_word' id='word_1_477' title='bbox 2350 2634 2603 2698; x_wconf 80' lang='grc' dir='ltr'>τάλαντα,</span> <span class='ocrx_word' id='word_1_478' title='bbox 2627 2635 2655 2687; x_wconf 88' lang='grc' dir='ltr'><strong>ὁ</strong></span> <span class='ocrx_word' id='word_1_479' title='bbox 2685 2634 2743 2687; x_wconf 79' lang='grc' dir='ltr'>δὲ</span> <span class='ocrx_word' id='word_1_480' title='bbox 2767 2634 2879 2698; x_wconf 81' lang='grc' dir='ltr'>δύο,</span> <span class='ocrx_word' id='word_1_481' title='bbox 2900 2638 2927 2689; x_wconf 90' lang='grc' dir='ltr'><strong>ό</strong></span> <span class='ocrx_word' id='word_1_482' title='bbox 2951 2636 3005 2689; x_wconf 89' lang='grc' dir='ltr'>δὲ</span> <span class='ocrx_word' id='word_1_483' title='bbox 3043 2636 3119 2689; x_wconf 76' lang='grc' dir='ltr'>ἐν.</span> <span class='ocrx_word' id='word_1_484' title='bbox 3155 2638 3264 2691; x_wconf 78' lang='grc' dir='ltr'><strong>Καὶ</strong></span> <span class='ocrx_word' id='word_1_485' title='bbox 3302 2637 3530 2692; x_wconf 79' lang='grc' dir='ltr'>ἐνταῦθα</span> <span class='ocrx_word' id='word_1_486' title='bbox 3549 2639 3577 2691; x_wconf 85' lang='grc' dir='ltr'><strong>ό</strong></span> <span class='ocrx_word' id='word_1_487' title='bbox 3626 2639 3726 2710; x_wconf 71' lang='grc' dir='ltr'>μέν</span> 
     </span>
    </p>
   </div>
   <div class='ocr_carea' id='block_1_69' title="bbox 2162 2725 3727 2798">
    <p class='ocr_par' dir='ltr' id='par_1_69' title="bbox 2162 2725 3727 2798">
     <span class='ocr_line' id='line_1_69' title="bbox 2162 2725 3727 2798; baseline 0.004 -20"><span class='ocrx_word' id='word_1_488' title='bbox 2162 2741 2244 2788; x_wconf 88' lang='grc' dir='ltr'><strong>τις</strong></span> <span class='ocrx_word' id='word_1_489' title='bbox 2302 2725 2737 2791; x_wconf 86' lang='grc' dir='ltr'>δεκαπλασιάσας</span> <span class='ocrx_word' id='word_1_490' title='bbox 2784 2726 2880 2798; x_wconf 80' lang='grc' dir='ltr'>τὴν</span> <span class='ocrx_word' id='word_1_491' title='bbox 2937 2729 3071 2798; x_wconf 81' lang='grc' dir='ltr'>μνᾶν</span> <span class='ocrx_word' id='word_1_492' title='bbox 3131 2728 3335 2796; x_wconf 76' lang='grc' dir='ltr'>ἀκούει,</span> <span class='ocrx_word' id='word_1_493' title='bbox 3381 2725 3491 2796; x_wconf 86' lang='grc' dir='ltr'><strong>Εὖ,</strong></span> <span class='ocrx_word' id='word_1_494' title='bbox 3543 2729 3727 2785; x_wconf 69' lang='grc' dir='ltr'>δοῦλε</span> 
     </span>
    </p>
   </div>
   <div class='ocr_carea' id='block_1_70' title="bbox 2163 2816 3724 2892">
    <p class='ocr_par' dir='ltr' id='par_1_70' title="bbox 2163 2816 3724 2892">
     <span class='ocr_line' id='line_1_70' title="bbox 2163 2816 3724 2892; baseline 0.004 -22"><span class='ocrx_word' id='word_1_495' title='bbox 2163 2816 2345 2885; x_wconf 78' lang='grc' dir='ltr'>ἀγαθὲ</span> <span class='ocrx_word' id='word_1_496' title='bbox 2367 2819 2463 2871; x_wconf 73' lang='grc' dir='ltr'>καὶ</span> <span class='ocrx_word' id='word_1_497' title='bbox 2495 2817 2692 2882; x_wconf 84' lang='grc' dir='ltr'>πιστὲ,</span> <span class='ocrx_word' id='word_1_498' title='bbox 2718 2818 2806 2871; x_wconf 85' lang='grc' dir='ltr'>ὅτι</span> <span class='ocrx_word' id='word_1_499' title='bbox 2830 2820 2899 2872; x_wconf 68' lang='grc' dir='ltr'>ἐν</span> <span class='ocrx_word' id='word_1_500' title='bbox 2929 2819 3229 2888; x_wconf 74' lang='grc' dir='ltr'>ἐλαχίστῳ</span> <span class='ocrx_word' id='word_1_501' title='bbox 3260 2822 3473 2888; x_wconf 83' lang='grc' dir='ltr'>πιστὸς</span> <span class='ocrx_word' id='word_1_502' title='bbox 3491 2821 3724 2892; x_wconf 76' lang='grc' dir='ltr'>ἐγένου,</span> 
     </span>
    </p>
   </div>
   <div class='ocr_carea' id='block_1_71' title="bbox 2166 2908 3725 2979">
    <p class='ocr_par' dir='ltr' id='par_1_71' title="bbox 2166 2908 3725 2979">
     <span class='ocr_line' id='line_1_71' title="bbox 2166 2908 3725 2979; baseline 0.003 -18"><span class='ocrx_word' id='word_1_503' title='bbox 2166 2908 2290 2962; x_wconf 75' lang='grc' dir='ltr'>ἴσθι</span> <span class='ocrx_word' id='word_1_504' title='bbox 2341 2908 2626 2974; x_wconf 82' lang='grc' dir='ltr'>ἐξουσίαν</span> <span class='ocrx_word' id='word_1_505' title='bbox 2669 2911 2825 2979; x_wconf 73' lang='grc' dir='ltr'>ἔχων</span> <span class='ocrx_word' id='word_1_506' title='bbox 2874 2910 3072 2964; x_wconf 76' lang='grc' dir='ltr'>ἐπάνω</span> <span class='ocrx_word' id='word_1_507' title='bbox 3123 2910 3269 2965; x_wconf 82' lang='grc' dir='ltr'>δέκα</span> <span class='ocrx_word' id='word_1_508' title='bbox 3314 2913 3578 2967; x_wconf 63' lang='grc' dir='ltr'>πόλεων·</span> <span class='ocrx_word' id='word_1_509' title='bbox 3614 2914 3725 2968; x_wconf 85' lang='grc' dir='ltr'>6δέ</span> 
     </span>
    </p>
   </div>
   <div class='ocr_carea' id='block_1_72' title="bbox 2164 3001 3726 3074">
    <p class='ocr_par' dir='ltr' id='par_1_72' title="bbox 2164 3001 3726 3074">
     <span class='ocr_line' id='line_1_72' title="bbox 2164 3001 3726 3074; baseline 0.004 -20"><span class='ocrx_word' id='word_1_510' title='bbox 2164 3001 2262 3073; x_wconf 85' lang='grc' dir='ltr'>τὴν</span> <span class='ocrx_word' id='word_1_511' title='bbox 2296 3002 2422 3072; x_wconf 89' lang='grc' dir='ltr'>μίαν</span> <span class='ocrx_word' id='word_1_512' title='bbox 2454 3002 2613 3056; x_wconf 83' lang='grc' dir='ltr'>πέντε</span> <span class='ocrx_word' id='word_1_513' title='bbox 2655 3004 2883 3074; x_wconf 82' lang='grc' dir='ltr'>ποιήσας</span> <span class='ocrx_word' id='word_1_514' title='bbox 2923 3002 3128 3068; x_wconf 82' lang='grc' dir='ltr'>ἀκούει,</span> <span class='ocrx_word' id='word_1_515' title='bbox 3153 3004 3261 3059; x_wconf 71' lang='grc' dir='ltr'><strong>Καὶ</strong></span> <span class='ocrx_word' id='word_1_516' title='bbox 3286 3004 3367 3058; x_wconf 90' lang='grc' dir='ltr'>σὺ</span> <span class='ocrx_word' id='word_1_517' title='bbox 3392 3006 3562 3074; x_wconf 77' lang='grc' dir='ltr'>γίνου</span> <span class='ocrx_word' id='word_1_518' title='bbox 3586 3005 3726 3060; x_wconf 65' lang='lat' dir='ltr'><strong>exd-</strong></span> 
     </span>
    </p>
   </div>
   <div class='ocr_carea' id='block_1_73' title="bbox 2165 3092 3724 3169">
    <p class='ocr_par' dir='ltr' id='par_1_73' title="bbox 2165 3092 3724 3169">
     <span class='ocr_line' id='line_1_73' title="bbox 2165 3092 3724 3169; baseline 0.003 -24"><span class='ocrx_word' id='word_1_519' title='bbox 2165 3109 2248 3146; x_wconf 89' lang='grc' dir='ltr'><strong>νω</strong></span> <span class='ocrx_word' id='word_1_520' title='bbox 2274 3092 2451 3147; x_wconf 82' lang='grc' dir='ltr'>πέντε</span> <span class='ocrx_word' id='word_1_521' title='bbox 2476 3095 2727 3148; x_wconf 77' lang='grc' dir='ltr'>πόλεων.</span> <span class='ocrx_word' id='word_1_522' title='bbox 2781 3095 2868 3147; x_wconf 88' lang='grc' dir='ltr'>Ἐν</span> <span class='ocrx_word' id='word_1_523' title='bbox 2899 3094 2955 3147; x_wconf 89' lang='grc' dir='ltr'>δὲ</span> <span class='ocrx_word' id='word_1_524' title='bbox 2985 3097 3050 3167; x_wconf 82' lang='grc' dir='ltr'><strong>τῇ</strong></span> <span class='ocrx_word' id='word_1_525' title='bbox 3084 3093 3193 3149; x_wconf 85' lang='grc' dir='ltr'><strong>τῶν</strong></span> <span class='ocrx_word' id='word_1_526' title='bbox 3233 3096 3505 3150; x_wconf 85' lang='grc' dir='ltr'>ταλάντων</span> <span class='ocrx_word' id='word_1_527' title='bbox 3546 3114 3724 3169; x_wconf 82' lang='grc' dir='ltr'>παρα-</span> 
     </span>
    </p>
   </div>
   <div class='ocr_carea' id='block_1_74' title="bbox 2165 3185 3724 3261">
    <p class='ocr_par' dir='ltr' id='par_1_74' title="bbox 2165 3185 3724 3261">
     <span class='ocr_line' id='line_1_74' title="bbox 2165 3185 3724 3261; baseline 0.006 -24"><span class='ocrx_word' id='word_1_528' title='bbox 2165 3185 2291 3257; x_wconf 78' lang='grc' dir='ltr'>ϐολῇ</span> <span class='ocrx_word' id='word_1_529' title='bbox 2355 3186 2589 3255; x_wconf 75' lang='grc' dir='ltr'>ἐλέγετο,</span> <span class='ocrx_word' id='word_1_530' title='bbox 2644 3186 2751 3251; x_wconf 83' lang='grc' dir='ltr'><strong>Εὖ,</strong></span> <span class='ocrx_word' id='word_1_531' title='bbox 2812 3186 2993 3242; x_wconf 71' lang='grc' dir='ltr'>δοῦλε</span> <span class='ocrx_word' id='word_1_532' title='bbox 3050 3188 3263 3258; x_wconf 67' lang='grc' dir='ltr'>ἁγηθὲ,</span> <span class='ocrx_word' id='word_1_533' title='bbox 3304 3190 3402 3244; x_wconf 76' lang='grc' dir='ltr'><strong>ἐπὶ</strong></span> <span class='ocrx_word' id='word_1_534' title='bbox 3444 3191 3618 3261; x_wconf 67' lang='grc' dir='ltr'>ὀλίγα</span> <span class='ocrx_word' id='word_1_535' title='bbox 3654 3192 3724 3260; x_wconf 80' lang='grc' dir='ltr'>ἧς</span> 
     </span>
    </p>
   </div>
   <div class='ocr_carea' id='block_1_75' title="bbox 2164 3277 3725 3351">
    <p class='ocr_par' dir='ltr' id='par_1_75' title="bbox 2164 3277 3725 3351">
     <span class='ocr_line' id='line_1_75' title="bbox 2164 3277 3725 3351; baseline 0.006 -23"><span class='ocrx_word' id='word_1_536' title='bbox 2164 3278 2398 3344; x_wconf 84' lang='grc' dir='ltr'>πιστὸς,</span> <span class='ocrx_word' id='word_1_537' title='bbox 2424 3278 2522 3331; x_wconf 75' lang='grc' dir='ltr'><strong>ἐπὶ</strong></span> <span class='ocrx_word' id='word_1_538' title='bbox 2555 3277 2801 3332; x_wconf 72' lang='grc' dir='ltr'>πολλῶν</span> <span class='ocrx_word' id='word_1_539' title='bbox 2834 3296 2907 3333; x_wconf 86' lang='grc' dir='ltr'><strong>σε</strong></span> <span class='ocrx_word' id='word_1_540' title='bbox 2935 3280 3316 3348; x_wconf 80' lang='grc' dir='ltr'>καταστήσω·</span> <span class='ocrx_word' id='word_1_541' title='bbox 3366 3282 3604 3338; x_wconf 71' lang='grc' dir='ltr'>εἶσελθε</span> <span class='ocrx_word' id='word_1_542' title='bbox 3641 3286 3725 3351; x_wconf 80' lang='grc' dir='ltr'>εις</span> 
     </span>
    </p>
   </div>
   <div class='ocr_carea' id='block_1_76' title="bbox 2164 3368 3046 3439">
    <p class='ocr_par' dir='ltr' id='par_1_76' title="bbox 2164 3368 3046 3439">
     <span class='ocr_line' id='line_1_76' title="bbox 2164 3368 3046 3439; baseline 0.005 -17"><span class='ocrx_word' id='word_1_543' title='bbox 2164 3369 2278 3437; x_wconf 80' lang='grc' dir='ltr'>τὴν</span> <span class='ocrx_word' id='word_1_544' title='bbox 2304 3368 2495 3438; x_wconf 84' lang='grc' dir='ltr'>χαρὰν</span> <span class='ocrx_word' id='word_1_545' title='bbox 2518 3371 2623 3425; x_wconf 89' lang='grc' dir='ltr'>τοῦ</span> <span class='ocrx_word' id='word_1_546' title='bbox 2654 3372 2875 3439; x_wconf 80' lang='grc' dir='ltr'>Κυρίου</span> <span class='ocrx_word' id='word_1_547' title='bbox 2909 3388 3046 3426; x_wconf 89' lang='grc' dir='ltr'>σου.</span> 
     </span>
    </p>
   </div>
   <div class='ocr_carea' id='block_1_77' title="bbox 2233 3461 3716 3537">
    <p class='ocr_par' dir='ltr' id='par_1_77' title="bbox 2233 3461 3716 3537">
     <span class='ocr_line' id='line_1_77' title="bbox 2233 3461 3716 3537; baseline 0.005 -23"><span class='ocrx_word' id='word_1_548' title='bbox 2233 3462 2343 3531; x_wconf 80' lang='grc' dir='ltr'><strong>Τήν</strong></span> <span class='ocrx_word' id='word_1_549' title='bbox 2374 3479 2439 3530; x_wconf 89' lang='grc' dir='ltr'><strong>γε</strong></span> <span class='ocrx_word' id='word_1_550' title='bbox 2493 3461 2598 3533; x_wconf 85' lang='grc' dir='ltr'>μὴν</span> <span class='ocrx_word' id='word_1_551' title='bbox 2653 3464 2735 3526; x_wconf 82' lang='grc' dir='ltr'><strong>είς</strong></span> <span class='ocrx_word' id='word_1_552' title='bbox 2791 3462 2892 3534; x_wconf 79' lang='grc' dir='ltr'>τὴν</span> <span class='ocrx_word' id='word_1_553' title='bbox 2931 3463 3242 3537; x_wconf 83' lang='grc' dir='ltr'>παραϐολὴν</span> <span class='ocrx_word' id='word_1_554' title='bbox 3284 3464 3571 3536; x_wconf 81' lang='grc' dir='ltr'>ἑρμηνείαν</span> <span class='ocrx_word' id='word_1_555' title='bbox 3602 3467 3716 3521; x_wconf 82' lang='grc' dir='ltr'>ἐπι·</span> 
     </span>
    </p>
   </div>
   <div class='ocr_carea' id='block_1_78' title="bbox 2163 3553 3721 3630">
    <p class='ocr_par' dir='ltr' id='par_1_78' title="bbox 2163 3553 3721 3630">
     <span class='ocr_line' id='line_1_78' title="bbox 2163 3553 3721 3630; baseline 0.003 -23"><span class='ocrx_word' id='word_1_556' title='bbox 2163 3553 2479 3623; x_wconf 88' lang='grc' dir='ltr'>τεμνόμενοί</span> <span class='ocrx_word' id='word_1_557' title='bbox 2513 3571 2693 3625; x_wconf 84' lang='grc' dir='ltr'>φαμεν</span> <span class='ocrx_word' id='word_1_558' title='bbox 2716 3570 2731 3585; x_wconf 80' lang='grc'><em>’</em></span> <span class='ocrx_word' id='word_1_559' title='bbox 2774 3555 3070 3610; x_wconf 84' lang='grc' dir='ltr'>’Υπέλαϐόν</span> <span class='ocrx_word' id='word_1_560' title='bbox 3098 3574 3240 3620; x_wconf 85' lang='grc' dir='ltr'>τινες</span> <span class='ocrx_word' id='word_1_561' title='bbox 3268 3556 3405 3610; x_wconf 88' lang='grc' dir='ltr'><strong>κατά</strong></span> <span class='ocrx_word' id='word_1_562' title='bbox 3430 3557 3529 3629; x_wconf 77' lang='grc' dir='ltr'>τὴν</span> <span class='ocrx_word' id='word_1_563' title='bbox 3572 3557 3721 3630; x_wconf 79' lang='grc' dir='ltr'>πρώ-</span> 
     </span>
    </p>
   </div>
   <div class='ocr_carea' id='block_1_79' title="bbox 2161 3644 3725 3719">
    <p class='ocr_par' dir='ltr' id='par_1_79' title="bbox 2161 3644 3725 3719">
     <span class='ocr_line' id='line_1_79' title="bbox 2161 3644 3725 3719; baseline 0.003 -20"><span class='ocrx_word' id='word_1_564' title='bbox 2161 3662 2261 3717; x_wconf 88' lang='grc' dir='ltr'><strong>την</strong></span> <span class='ocrx_word' id='word_1_565' title='bbox 2278 3644 2369 3698; x_wconf 80' lang='grc' dir='ltr'>τοῦ</span> <span class='ocrx_word' id='word_1_566' title='bbox 2394 3645 2643 3717; x_wconf 85' lang='grc' dir='ltr'>Σωτῆρος</span> <span class='ocrx_word' id='word_1_567' title='bbox 2669 3646 2824 3718; x_wconf 81' lang='grc' dir='ltr'>ἡμῶν</span> <span class='ocrx_word' id='word_1_568' title='bbox 2863 3648 3164 3719; x_wconf 88' lang='grc' dir='ltr'>παρουσίαν</span> <span class='ocrx_word' id='word_1_569' title='bbox 3192 3649 3290 3719; x_wconf 83' lang='grc' dir='ltr'>τὴν</span> <span class='ocrx_word' id='word_1_570' title='bbox 3324 3648 3597 3719; x_wconf 84' lang='grc' dir='ltr'>βασιλείαν</span> <span class='ocrx_word' id='word_1_571' title='bbox 3629 3652 3725 3703; x_wconf 79' lang='grc' dir='ltr'><strong>αὑ-</strong></span> 
     </span>
    </p>
   </div>
   <div class='ocr_carea' id='block_1_80' title="bbox 2161 3737 3727 3815">
    <p class='ocr_par' dir='ltr' id='par_1_80' title="bbox 2161 3737 3727 3815">
     <span class='ocr_line' id='line_1_80' title="bbox 2161 3737 3727 3815; baseline 0.004 -25"><span class='ocrx_word' id='word_1_572' title='bbox 2161 3737 2255 3791; x_wconf 82' lang='grc' dir='ltr'>τοῦ</span> <span class='ocrx_word' id='word_1_573' title='bbox 2286 3738 2641 3809; x_wconf 84' lang='grc' dir='ltr'>γενήσεσθαι·</span> <span class='ocrx_word' id='word_1_574' title='bbox 2667 3740 2771 3793; x_wconf 65' lang='grc' dir='ltr'>ικαὶ</span> <span class='ocrx_word' id='word_1_575' title='bbox 2802 3738 2959 3793; x_wconf 78' lang='grc' dir='ltr'>τοῦτο</span> <span class='ocrx_word' id='word_1_576' title='bbox 3008 3739 3255 3811; x_wconf 76' lang='grc' dir='ltr'>ἐνόμιζον</span> <span class='ocrx_word' id='word_1_577' title='bbox 3280 3741 3496 3796; x_wconf 75' lang='grc' dir='ltr'>ἔσεσθαι</span> <span class='ocrx_word' id='word_1_578' title='bbox 3552 3760 3727 3815; x_wconf 80' lang='grc' dir='ltr'>παρα-</span> 
     </span>
    </p>
   </div>
   <div class='ocr_carea' id='block_1_81' title="bbox 2163 3828 3729 3905">
    <p class='ocr_par' dir='ltr' id='par_1_81' title="bbox 2163 3828 3729 3905">
     <span class='ocr_line' id='line_1_81' title="bbox 2163 3828 3729 3905; baseline 0.001 -21"><span class='ocrx_word' id='word_1_579' title='bbox 2163 3828 2347 3901; x_wconf 83' lang='grc' dir='ltr'>χρῆμα</span> <span class='ocrx_word' id='word_1_580' title='bbox 2368 3830 2487 3883; x_wconf 87' lang='grc' dir='ltr'>τότε</span> <span class='ocrx_word' id='word_1_581' title='bbox 2514 3829 2924 3902; x_wconf 75' lang='grc' dir='ltr'>ἐπειδὰνέπιϐῇ</span> <span class='ocrx_word' id='word_1_582' title='bbox 2953 3834 3065 3895; x_wconf 83' lang='grc' dir='ltr'>τοῖς</span> <span class='ocrx_word' id='word_1_583' title='bbox 3107 3832 3528 3905; x_wconf 75' lang='grc' dir='ltr'>’1εροσολύμοις’</span> <span class='ocrx_word' id='word_1_584' title='bbox 3557 3834 3729 3899; x_wconf 76' lang='grc' dir='ltr'>οὕτως</span> 
     </span>
    </p>
   </div>
   <div class='ocr_carea' id='block_1_82' title="bbox 2164 3919 3728 3993">
    <p class='ocr_par' dir='ltr' id='par_1_82' title="bbox 2164 3919 3728 3993">
     <span class='ocr_line' id='line_1_82' title="bbox 2164 3919 3728 3993; baseline 0.002 -20"><span class='ocrx_word' id='word_1_585' title='bbox 2164 3919 2487 3992; x_wconf 74' lang='grc' dir='ltr'>ἐξέπληττον</span> <span class='ocrx_word' id='word_1_586' title='bbox 2533 3921 2727 3985; x_wconf 81' lang='grc' dir='ltr'>αὐτοὺς</span> <span class='ocrx_word' id='word_1_587' title='bbox 2765 3922 2823 3975; x_wconf 86' lang='grc' dir='ltr'><strong>αί</strong></span> <span class='ocrx_word' id='word_1_588' title='bbox 2866 3921 3176 3993; x_wconf 86' lang='grc' dir='ltr'>θεοσημείαι</span> <span class='ocrx_word' id='word_1_589' title='bbox 3226 3924 3316 3978; x_wconf 81' lang='grc' dir='ltr'><strong>ὑπ’</strong></span> <span class='ocrx_word' id='word_1_590' title='bbox 3348 3924 3513 3978; x_wconf 80' lang='grc' dir='ltr'>αὑτοῦ</span> <span class='ocrx_word' id='word_1_591' title='bbox 3545 3941 3728 3977; x_wconf 86' lang='grc' dir='ltr'>συντε-</span> 
     </span>
    </p>
   </div>
   <div class='ocr_carea' id='block_1_83' title="bbox 2163 4007 3727 4087">
    <p class='ocr_par' dir='ltr' id='par_1_83' title="bbox 2163 4007 3727 4087">
     <span class='ocr_line' id='line_1_83' title="bbox 2163 4007 3727 4087; baseline 0.004 -24"><span class='ocrx_word' id='word_1_592' title='bbox 2163 4009 2438 4081; x_wconf 82' lang='grc' dir='ltr'>λούμεναι.</span> <span class='ocrx_word' id='word_1_593' title='bbox 2477 4011 2619 4085; x_wconf 77' lang='grc' dir='ltr'>Πρὸς</span> <span class='ocrx_word' id='word_1_594' title='bbox 2643 4011 2707 4082; x_wconf 82' lang='grc' dir='ltr'>δὴ</span> <span class='ocrx_word' id='word_1_595' title='bbox 2727 4007 2820 4067; x_wconf 80' lang='grc' dir='ltr'>οὖν</span> <span class='ocrx_word' id='word_1_596' title='bbox 2848 4011 3051 4083; x_wconf 83' lang='grc' dir='ltr'>ταύτην</span> <span class='ocrx_word' id='word_1_597' title='bbox 3082 4013 3177 4085; x_wconf 83' lang='grc' dir='ltr'>τὴν</span> <span class='ocrx_word' id='word_1_598' title='bbox 3204 4014 3458 4068; x_wconf 78' lang='grc' dir='ltr'>ὑπόνοιαν</span> <span class='ocrx_word' id='word_1_599' title='bbox 3477 4017 3506 4069; x_wconf 88' lang='grc' dir='ltr'><strong>ό</strong></span> <span class='ocrx_word' id='word_1_600' title='bbox 3541 4016 3727 4087; x_wconf 76' lang='grc' dir='ltr'>Σωτὴρ</span> 
     </span>
    </p>
   </div>
   <div class='ocr_carea' id='block_1_84' title="bbox 2162 4099 3728 4177">
    <p class='ocr_par' dir='ltr' id='par_1_84' title="bbox 2162 4099 3728 4177">
     <span class='ocr_line' id='line_1_84' title="bbox 2162 4099 3728 4177; baseline 0.003 -24"><span class='ocrx_word' id='word_1_601' title='bbox 2162 4099 2419 4167; x_wconf 83' lang='grc' dir='ltr'>διδάσκει,</span> <span class='ocrx_word' id='word_1_602' title='bbox 2451 4102 2527 4173; x_wconf 84' lang='grc' dir='ltr'>μὴ</span> <span class='ocrx_word' id='word_1_603' title='bbox 2560 4102 2818 4175; x_wconf 88' lang='grc' dir='ltr'>πρότερον</span> <span class='ocrx_word' id='word_1_604' title='bbox 2844 4102 3005 4157; x_wconf 72' lang='grc' dir='ltr'>αὐτὸν</span> <span class='ocrx_word' id='word_1_605' title='bbox 3047 4103 3197 4175; x_wconf 87' lang='grc' dir='ltr'><strong>παρά</strong></span> <span class='ocrx_word' id='word_1_606' title='bbox 3235 4103 3328 4158; x_wconf 81' lang='grc' dir='ltr'><strong>τοῦ</strong></span> <span class='ocrx_word' id='word_1_607' title='bbox 3371 4106 3581 4177; x_wconf 81' lang='grc' dir='ltr'>Πατρδς</span> <span class='ocrx_word' id='word_1_608' title='bbox 3629 4106 3728 4175; x_wconf 72' lang='grc' dir='ltr'>τὴν</span> 
     </span>
    </p>
   </div>
   <div class='ocr_carea' id='block_1_85' title="bbox 2165 4191 3727 4269">
    <p class='ocr_par' dir='ltr' id='par_1_85' title="bbox 2165 4191 3727 4269">
     <span class='ocr_line' id='line_1_85' title="bbox 2165 4191 3727 4269; baseline 0.002 -23"><span class='ocrx_word' id='word_1_609' title='bbox 2165 4191 2438 4262; x_wconf 86' lang='grc' dir='ltr'>βασιλείαν</span> <span class='ocrx_word' id='word_1_610' title='bbox 2482 4194 2873 4267; x_wconf 73' lang='grc' dir='ltr'>ἀπολήψεσθαι,</span> <span class='ocrx_word' id='word_1_611' title='bbox 2904 4196 2949 4266; x_wconf 70' lang='grc' dir='ltr'>,ἢ</span> <span class='ocrx_word' id='word_1_612' title='bbox 3012 4196 3108 4268; x_wconf 81' lang='grc' dir='ltr'>τὴν</span> <span class='ocrx_word' id='word_1_613' title='bbox 3153 4196 3461 4269; x_wconf 88' lang='grc' dir='ltr'>ἀποδημίαν</span> <span class='ocrx_word' id='word_1_614' title='bbox 3515 4196 3607 4269; x_wconf 79' lang='grc' dir='ltr'>τὴν</span> <span class='ocrx_word' id='word_1_615' title='bbox 3668 4197 3727 4263; x_wconf 82' lang='grc' dir='ltr'>ἐξ</span> 
     </span>
    </p>
   </div>
   <div class='ocr_carea' id='block_1_86' title="bbox 2163 4283 3728 4360">
    <p class='ocr_par' dir='ltr' id='par_1_86' title="bbox 2163 4283 3728 4360">
     <span class='ocr_line' id='line_1_86' title="bbox 2163 4283 3728 4360; baseline 0 -21"><span class='ocrx_word' id='word_1_616' title='bbox 2163 4283 2465 4359; x_wconf 84' lang='grc' dir='ltr'>ἀνθρώπων</span> <span class='ocrx_word' id='word_1_617' title='bbox 2495 4285 2629 4360; x_wconf 82' lang='grc' dir='ltr'>πρὸς</span> <span class='ocrx_word' id='word_1_618' title='bbox 2674 4286 2762 4339; x_wconf 80' lang='grc' dir='ltr'><strong>τὸν</strong></span> <span class='ocrx_word' id='word_1_619' title='bbox 2812 4287 3028 4357; x_wconf 78' lang='grc' dir='ltr'>Πατέρα</span> <span class='ocrx_word' id='word_1_620' title='bbox 3084 4286 3411 4341; x_wconf 87' lang='grc' dir='ltr'>στείλασθαι.</span> <span class='ocrx_word' id='word_1_621' title='bbox 3460 4287 3629 4340; x_wconf 78' lang='grc' dir='ltr'>Τοῦτο</span> <span class='ocrx_word' id='word_1_622' title='bbox 3670 4286 3728 4340; x_wconf 76' lang='grc' dir='ltr'>δὲ</span> 
     </span>
    </p>
   </div>
   <div class='ocr_carea' id='block_1_87' title="bbox 2162 4376 3728 4451">
    <p class='ocr_par' dir='ltr' id='par_1_87' title="bbox 2162 4376 3728 4451">
     <span class='ocr_line' id='line_1_87' title="bbox 2162 4376 3728 4451; baseline 0.001 -20"><span class='ocrx_word' id='word_1_623' title='bbox 2162 4376 2250 4431; x_wconf 83' lang='grc' dir='ltr'>διὰ</span> <span class='ocrx_word' id='word_1_624' title='bbox 2291 4378 2393 4449; x_wconf 86' lang='grc' dir='ltr'>τῆς</span> <span class='ocrx_word' id='word_1_625' title='bbox 2440 4378 2751 4450; x_wconf 82' lang='grc' dir='ltr'>παραϐολῆς</span> <span class='ocrx_word' id='word_1_626' title='bbox 2803 4380 3074 4451; x_wconf 86' lang='grc' dir='ltr'>παρίστη,</span> <span class='ocrx_word' id='word_1_627' title='bbox 3125 4379 3334 4449; x_wconf 84' lang='grc' dir='ltr'>λέγων·</span> <span class='ocrx_word' id='word_1_628' title='bbox 3397 4381 3728 4447; x_wconf 72' lang='grc' dir='ltr'>Ἄνθρωπός</span> 
     </span>
    </p>
   </div>
   <div class='ocr_carea' id='block_1_88' title="bbox 502 4467 2063 4540">
    <p class='ocr_par' dir='ltr' id='par_1_88' title="bbox 502 4467 2061 4538">
     <span class='ocr_line' id='line_1_88' title="bbox 502 4467 2061 4538; baseline -0.001 -15"><span class='ocrx_word' id='word_1_629' title='bbox 502 4468 735 4524; x_wconf 89' lang='lat' dir='ltr'><strong>nobilem</strong></span> <span class='ocrx_word' id='word_1_630' title='bbox 767 4469 983 4538; x_wconf 85' lang='lat' dir='ltr'><strong>quidem</strong></span> <span class='ocrx_word' id='word_1_631' title='bbox 1011 4476 1182 4525; x_wconf 87' lang='lat' dir='ltr'><strong>semet</strong></span> <span class='ocrx_word' id='word_1_632' title='bbox 1213 4467 1488 4538; x_wconf 89' lang='lat' dir='ltr'><strong>appellans</strong></span> <span class='ocrx_word' id='word_1_633' title='bbox 1527 4475 1741 4538; x_wconf 91' lang='lat' dir='ltr'><strong>propter</strong></span> <span class='ocrx_word' id='word_1_634' title='bbox 1790 4469 2061 4523; x_wconf 86' lang='lat' dir='ltr'><strong>carnalem</strong></span> 
     </span>
    </p>
   </div>
   <div class='ocr_carea' id='block_1_89' title="bbox 2162 4467 3729 4540">
    <p class='ocr_par' dir='ltr' id='par_1_89' title="bbox 2162 4469 3729 4540">
     <span class='ocr_line' id='line_1_89' title="bbox 2162 4469 3729 4540; baseline 0.003 -18"><span class='ocrx_word' id='word_1_635' title='bbox 2162 4486 2251 4535; x_wconf 87' lang='grc' dir='ltr'><strong>τις</strong></span> <span class='ocrx_word' id='word_1_636' title='bbox 2299 4470 2551 4539; x_wconf 80' lang='grc' dir='ltr'>εὐγενὴς</span> <span class='ocrx_word' id='word_1_637' title='bbox 2598 4469 2887 4539; x_wconf 72' lang='grc' dir='ltr'>ἐπορεύθη</span> <span class='ocrx_word' id='word_1_638' title='bbox 2931 4473 3020 4538; x_wconf 84' lang='grc' dir='ltr'>εις</span> <span class='ocrx_word' id='word_1_639' title='bbox 3074 4470 3273 4540; x_wconf 84' lang='grc' dir='ltr'>χώραν</span> <span class='ocrx_word' id='word_1_640' title='bbox 3322 4471 3581 4540; x_wconf 82' lang='grc' dir='ltr'>μακρὰν,</span> <span class='ocrx_word' id='word_1_641' title='bbox 3622 4473 3729 4525; x_wconf 71' lang='lat' dir='ltr'><strong>Ja-</strong></span> 
     </span>
    </p>
   </div>
   <div class='ocr_carea' id='block_1_90' title="bbox 503 4560 2063 4631">
    <p class='ocr_par' dir='ltr' id='par_1_90' title="bbox 503 4560 2063 4631">
     <span class='ocr_line' id='line_1_90' title="bbox 503 4560 2063 4631; baseline -0.001 -15"><span class='ocrx_word' id='word_1_642' title='bbox 503 4562 837 4616; x_wconf 86' lang='lat' dir='ltr'><strong>nativitatem</strong></span> <span class='ocrx_word' id='word_1_643' title='bbox 891 4575 1053 4631; x_wconf 89' lang='lat' dir='ltr'><strong>quam</strong></span> <span class='ocrx_word' id='word_1_644' title='bbox 1092 4576 1161 4616; x_wconf 75' lang='lat' dir='ltr'><strong>ex</strong></span> <span class='ocrx_word' id='word_1_645' title='bbox 1193 4561 1529 4626; x_wconf 83' lang='lat' dir='ltr'><strong>Abrahamo,</strong></span> <span class='ocrx_word' id='word_1_646' title='bbox 1577 4560 1782 4628; x_wconf 85' lang='lat' dir='ltr'><strong>lsaaco,</strong></span> <span class='ocrx_word' id='word_1_647' title='bbox 1838 4560 2063 4627; x_wconf 70' lang='lat' dir='ltr'><strong>Jacobs,</strong></span> 
     </span>
    </p>
   </div>
   <div class='ocr_carea' id='block_1_91' title="bbox 502 4652 2065 4723">
    <p class='ocr_par' dir='ltr' id='par_1_91' title="bbox 502 4652 2065 4723">
     <span class='ocr_line' id='line_1_91' title="bbox 502 4652 2065 4723; baseline 0.003 -18"><span class='ocrx_word' id='word_1_648' title='bbox 502 4652 725 4720; x_wconf 88' lang='lat' dir='ltr'><strong>Davide,</strong></span> <span class='ocrx_word' id='word_1_649' title='bbox 757 4663 920 4723; x_wconf 88' lang='lat' dir='ltr'><strong>atque</strong></span> <span class='ocrx_word' id='word_1_650' title='bbox 948 4655 1139 4708; x_wconf 87' lang='lat' dir='ltr'><strong>horum</strong></span> <span class='ocrx_word' id='word_1_651' title='bbox 1174 4652 1410 4722; x_wconf 88' lang='lat' dir='ltr'><strong>posteris</strong></span> <span class='ocrx_word' id='word_1_652' title='bbox 1434 4652 1661 4709; x_wconf 88' lang='lat' dir='ltr'><strong>sortitus</strong></span> <span class='ocrx_word' id='word_1_653' title='bbox 1701 4666 1840 4708; x_wconf 90' lang='lat' dir='ltr'><strong>erat.</strong></span> <span class='ocrx_word' id='word_1_654' title='bbox 1884 4652 2065 4720; x_wconf 81' lang='lat' dir='ltr'><strong>Quare</strong></span> 
     </span>
    </p>
   </div>
   <div class='ocr_carea' id='block_1_92' title="bbox 501 4744 2062 4816">
    <p class='ocr_par' dir='ltr' id='par_1_92' title="bbox 501 4744 2062 4816">
     <span class='ocr_line' id='line_1_92' title="bbox 501 4744 2062 4816; baseline 0.001 -16"><span class='ocrx_word' id='word_1_655' title='bbox 501 4755 557 4801; x_wconf 91' lang='lat' dir='ltr'><strong>et</strong></span> <span class='ocrx_word' id='word_1_656' title='bbox 581 4747 852 4802; x_wconf 89' lang='lat' dir='ltr'><strong>hominem</strong></span> <span class='ocrx_word' id='word_1_657' title='bbox 881 4761 941 4802; x_wconf 88' lang='lat' dir='ltr'><strong>se</strong></span> <span class='ocrx_word' id='word_1_658' title='bbox 994 4746 1311 4802; x_wconf 84' lang='lat' dir='ltr'><strong>nominavit.</strong></span> <span class='ocrx_word' id='word_1_659' title='bbox 1342 4746 1474 4801; x_wconf 90' lang='lat' dir='ltr'><strong>Dum</strong></span> <span class='ocrx_word' id='word_1_660' title='bbox 1507 4760 1635 4801; x_wconf 89' lang='lat' dir='ltr'><strong>vero</strong></span> <span class='ocrx_word' id='word_1_661' title='bbox 1664 4744 1740 4799; x_wconf 91' lang='lat' dir='ltr'><strong>ait</strong></span> <span class='ocrx_word' id='word_1_662' title='bbox 1764 4746 2062 4816; x_wconf 77' lang='lat' dir='ltr'><strong>profectum</strong></span> 
     </span>
    </p>
   </div>
   <div class='ocr_carea' id='block_1_93' title="bbox 501 4834 2061 4909">
    <p class='ocr_par' dir='ltr' id='par_1_93' title="bbox 501 4834 2061 4909">
     <span class='ocr_line' id='line_1_93' title="bbox 501 4834 2061 4909; baseline -0.003 -16"><span class='ocrx_word' id='word_1_663' title='bbox 501 4839 555 4894; x_wconf 90' lang='lat' dir='ltr'><strong>in</strong></span> <span class='ocrx_word' id='word_1_664' title='bbox 587 4838 857 4909; x_wconf 88' lang='lat' dir='ltr'><strong>regionem</strong></span> <span class='ocrx_word' id='word_1_665' title='bbox 889 4837 1257 4908; x_wconf 87' lang='lat' dir='ltr'><strong>longinquam,</strong></span> <span class='ocrx_word' id='word_1_666' title='bbox 1289 4852 1446 4893; x_wconf 88' lang='lat' dir='ltr'><strong>suum</strong></span> <span class='ocrx_word' id='word_1_667' title='bbox 1496 4836 1547 4890; x_wconf 90' lang='lat' dir='ltr'><strong>in</strong></span> <span class='ocrx_word' id='word_1_668' title='bbox 1584 4834 1779 4892; x_wconf 63' lang='lat' dir='ltr'><strong>caelum</strong></span> <span class='ocrx_word' id='word_1_669' title='bbox 1823 4836 1887 4891; x_wconf 87' lang='lat' dir='ltr'><strong>de</strong></span> <span class='ocrx_word' id='word_1_670' title='bbox 1922 4844 2061 4891; x_wconf 90' lang='lat' dir='ltr'><strong>terra</strong></span> 
     </span>
    </p>
   </div>
   <div class='ocr_carea' id='block_1_94' title="bbox 502 4925 2063 4997">
    <p class='ocr_par' dir='ltr' id='par_1_94' title="bbox 502 4925 2063 4997">
     <span class='ocr_line' id='line_1_94' title="bbox 502 4925 2063 4997; baseline 0 -15"><span class='ocrx_word' id='word_1_671' title='bbox 502 4927 735 4982; x_wconf 90' lang='lat' dir='ltr'><strong>reditum</strong></span> <span class='ocrx_word' id='word_1_672' title='bbox 773 4926 1123 4997; x_wconf 78' lang='lat' dir='ltr'><strong>signiﬁcavit.</strong></span> <span class='ocrx_word' id='word_1_673' title='bbox 1169 4927 1391 4982; x_wconf 81' lang='lat' dir='ltr'><strong>Addens</strong></span> <span class='ocrx_word' id='word_1_674' title='bbox 1447 4925 1697 4997; x_wconf 88' lang='lat' dir='ltr'><strong>denique,</strong></span> <span class='ocrx_word' id='word_1_675' title='bbox 1729 4940 1789 4981; x_wconf 89' lang='lat' dir='ltr'><strong>se</strong></span> <span class='ocrx_word' id='word_1_676' title='bbox 1841 4937 2063 4997; x_wconf 89' lang='lat' dir='ltr'><strong>accepto</strong></span> 
     </span>
    </p>
   </div>
   <div class='ocr_carea' id='block_1_95' title="bbox 500 5018 2060 5088">
    <p class='ocr_par' dir='ltr' id='par_1_95' title="bbox 500 5018 2060 5088">
     <span class='ocr_line' id='line_1_95' title="bbox 500 5018 2060 5088; baseline 0.001 -17"><span class='ocrx_word' id='word_1_677' title='bbox 500 5033 671 5088; x_wconf 86' lang='lat' dir='ltr'><strong>regno</strong></span> <span class='ocrx_word' id='word_1_678' title='bbox 697 5031 1063 5082; x_wconf 88' lang='lat' dir='ltr'><strong>reversurum,</strong></span> <span class='ocrx_word' id='word_1_679' title='bbox 1107 5018 1398 5074; x_wconf 80' lang='lat' dir='ltr'><strong>secundum</strong></span> <span class='ocrx_word' id='word_1_680' title='bbox 1449 5031 1604 5072; x_wconf 89' lang='lat' dir='ltr'><strong>suam</strong></span> <span class='ocrx_word' id='word_1_681' title='bbox 1651 5018 2060 5086; x_wconf 82' lang='lat' dir='ltr'><strong>theophaniam,</strong></span> 
     </span>
    </p>
   </div>
   <div class='ocr_carea' id='block_1_96' title="bbox 501 5107 2065 5179">
    <p class='ocr_par' dir='ltr' id='par_1_96' title="bbox 501 5107 2065 5179">
     <span class='ocr_line' id='line_1_96' title="bbox 501 5107 2065 5179; baseline 0.002 -17"><span class='ocrx_word' id='word_1_682' title='bbox 501 5110 790 5176; x_wconf 79' lang='lat' dir='ltr'><strong>gloriosam</strong></span> <span class='ocrx_word' id='word_1_683' title='bbox 815 5120 976 5179; x_wconf 89' lang='lat' dir='ltr'><strong>atque</strong></span> <span class='ocrx_word' id='word_1_684' title='bbox 1000 5108 1256 5179; x_wconf 87' lang='lat' dir='ltr'><strong>regalem,</strong></span> <span class='ocrx_word' id='word_1_685' title='bbox 1284 5108 1575 5163; x_wconf 87' lang='lat' dir='ltr'><strong>denotavit.</strong></span> <span class='ocrx_word' id='word_1_686' title='bbox 1607 5107 1776 5163; x_wconf 87' lang='lat' dir='ltr'><strong>Porro</strong></span> <span class='ocrx_word' id='word_1_687' title='bbox 1798 5110 2065 5179; x_wconf 68' lang='lat' dir='ltr'><strong>praedicta:</strong></span> 
     </span>
    </p>
   </div>
   <div class='ocr_carea' id='block_1_97' title="bbox 505 5198 2063 5270">
    <p class='ocr_par' dir='ltr' id='par_1_97' title="bbox 505 5198 2063 5270">
     <span class='ocr_line' id='line_1_97' title="bbox 505 5198 2063 5270; baseline 0.001 -19"><span class='ocrx_word' id='word_1_688' title='bbox 505 5209 747 5270; x_wconf 87' lang='lat' dir='ltr'><strong>tempore</strong></span> <span class='ocrx_word' id='word_1_689' title='bbox 777 5199 1230 5270; x_wconf 89' lang='lat' dir='ltr'><strong>peregrinationis</strong></span> <span class='ocrx_word' id='word_1_690' title='bbox 1258 5212 1447 5253; x_wconf 90' lang='lat' dir='ltr'><strong>servos</strong></span> <span class='ocrx_word' id='word_1_691' title='bbox 1477 5198 1622 5253; x_wconf 89' lang='lat' dir='ltr'><strong>illius</strong></span> <span class='ocrx_word' id='word_1_692' title='bbox 1651 5199 1783 5254; x_wconf 92' lang='lat' dir='ltr'><strong>dicit</strong></span> <span class='ocrx_word' id='word_1_693' title='bbox 1811 5209 2063 5269; x_wconf 89' lang='lat' dir='ltr'><strong>acceptas</strong></span> 
     </span>
    </p>
   </div>
   <div class='ocr_carea' id='block_1_98' title="bbox 504 5290 2064 5362">
    <p class='ocr_par' dir='ltr' id='par_1_98' title="bbox 504 5290 2064 5362">
     <span class='ocr_line' id='line_1_98' title="bbox 504 5290 2064 5362; baseline 0.001 -15"><span class='ocrx_word' id='word_1_694' title='bbox 504 5293 678 5347; x_wconf 88' lang='lat' dir='ltr'><strong>minas</strong></span> <span class='ocrx_word' id='word_1_695' title='bbox 733 5293 948 5349; x_wconf 86' lang='lat' dir='ltr'><strong>diverso</strong></span> <span class='ocrx_word' id='word_1_696' title='bbox 978 5296 1249 5349; x_wconf 80' lang='lat' dir='ltr'><strong>‘successu</strong></span> <span class='ocrx_word' id='word_1_697' title='bbox 1307 5290 1475 5347; x_wconf 86' lang='lat' dir='ltr'><strong>fuisse</strong></span> <span class='ocrx_word' id='word_1_698' title='bbox 1534 5291 1837 5362; x_wconf 87' lang='lat' dir='ltr'><strong>negotiatos</strong></span> <span class='ocrx_word' id='word_1_699' title='bbox 1867 5309 1881 5347; x_wconf 89' lang='lat'><strong>:</strong></span> <span class='ocrx_word' id='word_1_700' title='bbox 1913 5294 2064 5348; x_wconf 83' lang='lat' dir='ltr'><strong>cives</strong></span> 
     </span>
    </p>
   </div>
   <div class='ocr_carea' id='block_1_99' title="bbox 505 5384 2065 5459">
    <p class='ocr_par' dir='ltr' id='par_1_99' title="bbox 505 5384 2065 5459">
     <span class='ocr_line' id='line_1_99' title="bbox 505 5384 2065 5459; baseline 0.003 -22"><span class='ocrx_word' id='word_1_701' title='bbox 505 5396 630 5439; x_wconf 87' lang='lat' dir='ltr'><strong>vero</strong></span> <span class='ocrx_word' id='word_1_702' title='bbox 657 5385 897 5454; x_wconf 78' lang='lat' dir='ltr'><strong>ejusdem</strong></span> <span class='ocrx_word' id='word_1_703' title='bbox 936 5385 1039 5455; x_wconf 91' lang='lat' dir='ltr'><strong>ipsi</strong></span> <span class='ocrx_word' id='word_1_704' title='bbox 1089 5384 1350 5453; x_wconf 83' lang='lat' dir='ltr'><strong>infensos,</strong></span> <span class='ocrx_word' id='word_1_705' title='bbox 1384 5386 1546 5440; x_wconf 89' lang='lat' dir='ltr'><strong>missa</strong></span> <span class='ocrx_word' id='word_1_706' title='bbox 1600 5393 1721 5455; x_wconf 85' lang='lat' dir='ltr'><strong>post</strong></span> <span class='ocrx_word' id='word_1_707' title='bbox 1764 5399 1884 5440; x_wconf 91' lang='lat' dir='ltr'><strong>eum</strong></span> <span class='ocrx_word' id='word_1_708' title='bbox 1920 5385 2065 5459; x_wconf 85' lang='lat' dir='ltr'><strong>lega-</strong></span> 
     </span>
    </p>
   </div>
   <div class='ocr_carea' id='block_1_100' title="bbox 573 5499 1035 5565">
    <p class='ocr_par' dir='ltr' id='par_1_100' title="bbox 573 5499 1035 5565">
     <span class='ocr_line' id='line_1_100' title="bbox 573 5499 1035 5565; baseline 0.002 -11"><span class='ocrx_word' id='word_1_709' title='bbox 573 5500 618 5532; x_wconf 75' lang='grc'><strong>³⁸</strong></span> <span class='ocrx_word' id='word_1_710' title='bbox 647 5499 773 5557; x_wconf 84' lang='lat' dir='ltr'><strong>Luc.</strong></span> <span class='ocrx_word' id='word_1_711' title='bbox 807 5516 919 5565; x_wconf 77' lang='lat' dir='ltr'><strong>xu,</strong></span> <span class='ocrx_word' id='word_1_712' title='bbox 950 5500 1035 5555; x_wconf 72' lang='lat'><strong>12.</strong></span> 
     </span>
    </p>
   </div>
   <div class='ocr_carea' id='block_1_101' title="bbox 506 5596 2053 5669">
    <p class='ocr_par' dir='ltr' id='par_1_101' title="bbox 506 5596 2053 5669">
     <span class='ocr_line' id='line_1_101' title="bbox 506 5596 2053 5669; baseline 0.006 -20"><span class='ocrx_word' id='word_1_713' title='bbox 506 5596 789 5669; x_wconf 64' lang='lat' dir='ltr'><strong>videatur;</strong></span> <span class='ocrx_word' id='word_1_714' title='bbox 841 5597 1007 5669; x_wconf 78' lang='lat' dir='ltr'><strong>isque</strong></span> <span class='ocrx_word' id='word_1_715' title='bbox 1048 5598 1226 5669; x_wconf 84' lang='lat' dir='ltr'><strong>lingua</strong></span> <span class='ocrx_word' id='word_1_716' title='bbox 1285 5598 1568 5656; x_wconf 59' lang='lat' dir='ltr'><strong>Palxstina</strong></span> <span class='ocrx_word' id='word_1_717' title='bbox 1641 5603 1913 5659; x_wconf 85' lang='lat' dir='ltr'><strong>contineat</strong></span> <span class='ocrx_word' id='word_1_718' title='bbox 1978 5620 2053 5660; x_wconf 87' lang='lat' dir='ltr'><strong>ss.</strong></span> 
     </span>
    </p>
   </div>
   <div class='ocr_carea' id='block_1_102' title="bbox 506 5665 2052 5742">
    <p class='ocr_par' dir='ltr' id='par_1_102' title="bbox 506 5665 2052 5742">
     <span class='ocr_line' id='line_1_102' title="bbox 506 5665 2052 5742; baseline 0.008 -24"><span class='ocrx_word' id='word_1_719' title='bbox 506 5665 813 5742; x_wconf 59' lang='lat' dir='ltr'><strong>Evangelia,</strong></span> <span class='ocrx_word' id='word_1_720' title='bbox 851 5667 1045 5737; x_wconf 88' lang='lat' dir='ltr'><strong>cupide</strong></span> <span class='ocrx_word' id='word_1_721' title='bbox 1079 5665 1322 5742; x_wconf 56' lang='lat' dir='ltr'><strong>consului</strong></span> <span class='ocrx_word' id='word_1_722' title='bbox 1354 5687 1478 5742; x_wconf 86' lang='lat' dir='ltr'><strong>num</strong></span> <span class='ocrx_word' id='word_1_723' title='bbox 1526 5672 1597 5727; x_wconf 85' lang='lat' dir='ltr'><strong>ibi</strong></span> <span class='ocrx_word' id='word_1_724' title='bbox 1651 5675 1764 5728; x_wconf 58' lang='lat' dir='ltr'><strong>hac</strong></span> <span class='ocrx_word' id='word_1_725' title='bbox 1797 5675 2052 5742; x_wconf 88' lang='lat' dir='ltr'><strong>parabola</strong></span> 
     </span>
    </p>
   </div>
   <div class='ocr_carea' id='block_1_103' title="bbox 503 5738 2050 5812">
    <p class='ocr_par' dir='ltr' id='par_1_103' title="bbox 503 5738 2050 5812">
     <span class='ocr_line' id='line_1_103' title="bbox 503 5738 2050 5812; baseline 0.006 -18"><span class='ocrx_word' id='word_1_726' title='bbox 503 5738 579 5794; x_wconf 78' lang='lat' dir='ltr'><strong>ita</strong></span> <span class='ocrx_word' id='word_1_727' title='bbox 593 5738 882 5808; x_wconf 80' lang='lat' dir='ltr'><strong>legeretur,</strong></span> <span class='ocrx_word' id='word_1_728' title='bbox 910 5745 970 5793; x_wconf 90' lang='lat' dir='ltr'><strong>ut</strong></span> <span class='ocrx_word' id='word_1_729' title='bbox 998 5738 1160 5795; x_wconf 88' lang='lat' dir='ltr'><strong>modo</strong></span> <span class='ocrx_word' id='word_1_730' title='bbox 1181 5741 1259 5794; x_wconf 90' lang='lat' dir='ltr'><strong>ait</strong></span> <span class='ocrx_word' id='word_1_731' title='bbox 1279 5740 1543 5800; x_wconf 80' lang='lat' dir='ltr'><strong>Eusebius</strong></span> <span class='ocrx_word' id='word_1_732' title='bbox 1567 5759 1581 5812; x_wconf 86' lang='lat'><strong>;</strong></span> <span class='ocrx_word' id='word_1_733' title='bbox 1605 5745 1700 5802; x_wconf 87' lang='lat' dir='ltr'><strong>sed</strong></span> <span class='ocrx_word' id='word_1_734' title='bbox 1720 5738 2050 5805; x_wconf 83' lang='lat' dir='ltr'><strong>contrarium</strong></span> 
     </span>
    </p>
   </div>
   <div class='ocr_carea' id='block_1_104' title="bbox 2171 4558 3731 4631">
    <p class='ocr_par' dir='ltr' id='par_1_104' title="bbox 2171 4558 3731 4631">
     <span class='ocr_line' id='line_1_104' title="bbox 2171 4558 3731 4631; baseline 0.003 -18"><span class='ocrx_word' id='word_1_735' title='bbox 2171 4560 2297 4614; x_wconf 80' lang='grc' dir='ltr'>ϐεῖν</span> <span class='ocrx_word' id='word_1_736' title='bbox 2358 4558 2548 4626; x_wconf 79' lang='grc' dir='ltr'>ἐαυτῷ</span> <span class='ocrx_word' id='word_1_737' title='bbox 2613 4561 2938 4625; x_wconf 75' lang='grc' dir='ltr'>,βασιλείαν</span> <span class='ocrx_word' id='word_1_738' title='bbox 3006 4562 3102 4616; x_wconf 76' lang='grc' dir='ltr'>καὶ</span> <span class='ocrx_word' id='word_1_739' title='bbox 3171 4562 3546 4631; x_wconf 61' lang='grc' dir='ltr'>ὑποστρέψαι</span> <span class='ocrx_word' id='word_1_740' title='bbox 3563 4578 3579 4593; x_wconf 77' lang='grc' dir='ltr'><strong><em>ο</em></strong></span> <span class='ocrx_word' id='word_1_741' title='bbox 3639 4562 3731 4617; x_wconf 85' lang='grc' dir='ltr'><strong>εὐ-</strong></span> 
     </span>
    </p>
   </div>
   <div class='ocr_carea' id='block_1_105' title="bbox 2168 4653 3730 4726">
    <p class='ocr_par' dir='ltr' id='par_1_105' title="bbox 2168 4653 3730 4726">
     <span class='ocr_line' id='line_1_105' title="bbox 2168 4653 3730 4726; baseline 0.001 -20"><span class='ocrx_word' id='word_1_742' title='bbox 2168 4654 2299 4725; x_wconf 84' lang='grc' dir='ltr'>γενῆ</span> <span class='ocrx_word' id='word_1_743' title='bbox 2346 4653 2443 4725; x_wconf 82' lang='grc' dir='ltr'>μὲν</span> <span class='ocrx_word' id='word_1_744' title='bbox 2479 4655 2668 4708; x_wconf 78' lang='grc' dir='ltr'>ἑαυτὸν</span> <span class='ocrx_word' id='word_1_745' title='bbox 2723 4654 2901 4708; x_wconf 85' lang='grc' dir='ltr'>καλῶν</span> <span class='ocrx_word' id='word_1_746' title='bbox 2948 4654 3036 4709; x_wconf 86' lang='grc' dir='ltr'>διὰ</span> <span class='ocrx_word' id='word_1_747' title='bbox 3084 4654 3182 4726; x_wconf 78' lang='grc' dir='ltr'>τὴν</span> <span class='ocrx_word' id='word_1_748' title='bbox 3220 4655 3361 4709; x_wconf 86' lang='grc' dir='ltr'><strong>κατά</strong></span> <span class='ocrx_word' id='word_1_749' title='bbox 3419 4655 3597 4726; x_wconf 87' lang='grc' dir='ltr'>σάρκα</span> <span class='ocrx_word' id='word_1_750' title='bbox 3640 4653 3730 4723; x_wconf 77' lang='grc' dir='ltr'><strong>γέ-</strong></span> 
     </span>
    </p>
   </div>
   <div class='ocr_carea' id='block_1_106' title="bbox 2168 4746 3731 4820">
    <p class='ocr_par' dir='ltr' id='par_1_106' title="bbox 2168 4746 3731 4820">
     <span class='ocr_line' id='line_1_106' title="bbox 2168 4746 3731 4820; baseline -0.001 -19"><span class='ocrx_word' id='word_1_751' title='bbox 2168 4763 2311 4801; x_wconf 89' lang='grc' dir='ltr'>νεσιν</span> <span class='ocrx_word' id='word_1_752' title='bbox 2361 4746 2421 4812; x_wconf 86' lang='grc' dir='ltr'>ἐξ</span> <span class='ocrx_word' id='word_1_753' title='bbox 2469 4746 2711 4820; x_wconf 79' lang='grc' dir='ltr'>Ἀϐραὰμ</span> <span class='ocrx_word' id='word_1_754' title='bbox 2747 4748 2838 4802; x_wconf 76' lang='grc' dir='ltr'>καὶ</span> <span class='ocrx_word' id='word_1_755' title='bbox 2882 4747 3066 4802; x_wconf 75' lang='grc' dir='ltr'>Ἰσαὰκ</span> <span class='ocrx_word' id='word_1_756' title='bbox 3123 4748 3216 4802; x_wconf 80' lang='grc' dir='ltr'>καὶ</span> <span class='ocrx_word' id='word_1_757' title='bbox 3274 4747 3497 4811; x_wconf 86' lang='grc' dir='ltr'>Ἰακὼϐ,</span> <span class='ocrx_word' id='word_1_758' title='bbox 3556 4746 3620 4802; x_wconf 79' lang='grc' dir='ltr'><strong>ἐκ</strong></span> <span class='ocrx_word' id='word_1_759' title='bbox 3670 4763 3731 4801; x_wconf 76' lang='grc' dir='ltr'><strong>τε</strong></span> 
     </span>
    </p>
   </div>
   <div class='ocr_carea' id='block_1_107' title="bbox 2168 4839 3732 4912">
    <p class='ocr_par' dir='ltr' id='par_1_107' title="bbox 2168 4839 3732 4912">
     <span class='ocr_line' id='line_1_107' title="bbox 2168 4839 3732 4912; baseline 0.001 -20"><span class='ocrx_word' id='word_1_760' title='bbox 2168 4839 2330 4893; x_wconf 69' lang='grc' dir='ltr'>Δαϐὶδ</span> <span class='ocrx_word' id='word_1_761' title='bbox 2359 4841 2449 4894; x_wconf 80' lang='grc' dir='ltr'>καὶ</span> <span class='ocrx_word' id='word_1_762' title='bbox 2480 4839 2589 4894; x_wconf 85' lang='grc' dir='ltr'><strong>τῶν</strong></span> <span class='ocrx_word' id='word_1_763' title='bbox 2610 4840 2796 4894; x_wconf 85' lang='grc' dir='ltr'>τούτου</span> <span class='ocrx_word' id='word_1_764' title='bbox 2826 4839 3082 4910; x_wconf 87' lang='grc' dir='ltr'>διαδόχων</span> <span class='ocrx_word' id='word_1_765' title='bbox 3104 4841 3473 4912; x_wconf 80' lang='grc' dir='ltr'>γεγενημένην</span> <span class='ocrx_word' id='word_1_766' title='bbox 3492 4857 3507 4872; x_wconf 79' lang='grc'><em>’</em></span> <span class='ocrx_word' id='word_1_767' title='bbox 3534 4839 3615 4893; x_wconf 81' lang='grc' dir='ltr'>διὸ</span> <span class='ocrx_word' id='word_1_768' title='bbox 3638 4841 3732 4893; x_wconf 73' lang='grc' dir='ltr'>καὶ</span> 
     </span>
    </p>
   </div>
   <div class='ocr_carea' id='block_1_108' title="bbox 2167 4930 3732 5004">
    <p class='ocr_par' dir='ltr' id='par_1_108' title="bbox 2167 4930 3732 5004">
     <span class='ocr_line' id='line_1_108' title="bbox 2167 4930 3732 5004; baseline -0.001 -18"><span class='ocrx_word' id='word_1_769' title='bbox 2167 4931 2449 5004; x_wconf 78' lang='grc' dir='ltr'>ἄνθρωπον</span> <span class='ocrx_word' id='word_1_770' title='bbox 2474 4933 2660 4987; x_wconf 77' lang='grc' dir='ltr'>ἑαυτὸν</span> <span class='ocrx_word' id='word_1_771' title='bbox 2683 4930 2949 5004; x_wconf 76' lang='grc' dir='ltr'>ὠνόμαζε.</span> <span class='ocrx_word' id='word_1_772' title='bbox 2984 4933 3170 5002; x_wconf 82' lang='grc' dir='ltr'>Λέγων</span> <span class='ocrx_word' id='word_1_773' title='bbox 3194 4932 3271 5000; x_wconf 72' lang='grc' dir='ltr'>δὲ,</span> <span class='ocrx_word' id='word_1_774' title='bbox 3303 4933 3617 5001; x_wconf 74' lang='grc' dir='ltr'>Ἐπορεύθη</span> <span class='ocrx_word' id='word_1_775' title='bbox 3645 4935 3732 4999; x_wconf 82' lang='grc' dir='ltr'>εις</span> 
     </span>
    </p>
   </div>
   <div class='ocr_carea' id='block_1_109' title="bbox 2167 5024 3732 5099">
    <p class='ocr_par' dir='ltr' id='par_1_109' title="bbox 2167 5024 3732 5099">
     <span class='ocr_line' id='line_1_109' title="bbox 2167 5024 3732 5099; baseline -0.001 -20"><span class='ocrx_word' id='word_1_776' title='bbox 2167 5024 2366 5095; x_wconf 79' lang='grc' dir='ltr'>χώραν</span> <span class='ocrx_word' id='word_1_777' title='bbox 2389 5026 2643 5096; x_wconf 81' lang='grc' dir='ltr'>μακρὰν,</span> <span class='ocrx_word' id='word_1_778' title='bbox 2672 5027 2771 5099; x_wconf 81' lang='grc' dir='ltr'>τὴν</span> <span class='ocrx_word' id='word_1_779' title='bbox 2797 5028 2906 5082; x_wconf 84' lang='grc' dir='ltr'>ἀπὸ</span> <span class='ocrx_word' id='word_1_780' title='bbox 2926 5027 3028 5098; x_wconf 79' lang='grc' dir='ltr'>γῆς</span> <span class='ocrx_word' id='word_1_781' title='bbox 3055 5029 3135 5091; x_wconf 88' lang='grc' dir='ltr'><strong>είς</strong></span> <span class='ocrx_word' id='word_1_782' title='bbox 3155 5026 3375 5099; x_wconf 80' lang='grc' dir='ltr'>οὐρανὸν</span> <span class='ocrx_word' id='word_1_783' title='bbox 3404 5025 3590 5079; x_wconf 74' lang='grc' dir='ltr'>ἄνοδον</span> <span class='ocrx_word' id='word_1_784' title='bbox 3611 5026 3732 5079; x_wconf 81' lang='grc' dir='ltr'>ἐαυ-</span> 
     </span>
    </p>
   </div>
   <div class='ocr_carea' id='block_1_110' title="bbox 2162 5114 3730 5192">
    <p class='ocr_par' dir='ltr' id='par_1_110' title="bbox 2162 5114 3730 5192">
     <span class='ocr_line' id='line_1_110' title="bbox 2162 5114 3730 5192; baseline 0.001 -23"><span class='ocrx_word' id='word_1_785' title='bbox 2162 5117 2255 5170; x_wconf 83' lang='grc' dir='ltr'><strong>τοῦ</strong></span> <span class='ocrx_word' id='word_1_786' title='bbox 2274 5119 2560 5189; x_wconf 80' lang='grc' dir='ltr'>ἐσήμανεν.</span> <span class='ocrx_word' id='word_1_787' title='bbox 2580 5118 2879 5192; x_wconf 82' lang='grc' dir='ltr'>Ἐπιφέρων</span> <span class='ocrx_word' id='word_1_788' title='bbox 2898 5119 2955 5173; x_wconf 79' lang='grc' dir='ltr'>δὲ</span> <span class='ocrx_word' id='word_1_789' title='bbox 2982 5119 3060 5183; x_wconf 84' lang='grc' dir='ltr'>τὸ,</span> <span class='ocrx_word' id='word_1_790' title='bbox 3086 5114 3289 5175; x_wconf 74' lang='grc' dir='ltr'>λαϐεῖν</span> <span class='ocrx_word' id='word_1_791' title='bbox 3319 5118 3535 5172; x_wconf 73' lang='grc' dir='ltr'>ἑαυτοῦ</span> <span class='ocrx_word' id='word_1_792' title='bbox 3560 5117 3730 5183; x_wconf 69' lang='grc' dir='ltr'>βασι·</span> 
     </span>
    </p>
   </div>
   <div class='ocr_carea' id='block_1_111' title="bbox 2164 5210 3725 5283">
    <p class='ocr_par' dir='ltr' id='par_1_111' title="bbox 2164 5210 3725 5283">
     <span class='ocr_line' id='line_1_111' title="bbox 2164 5210 3725 5283; baseline -0.001 -18"><span class='ocrx_word' id='word_1_793' title='bbox 2164 5212 2341 5265; x_wconf 72' lang='grc' dir='ltr'>λείαν</span> <span class='ocrx_word' id='word_1_794' title='bbox 2371 5212 2468 5266; x_wconf 79' lang='grc' dir='ltr'><strong>καί</strong></span> <span class='ocrx_word' id='word_1_795' title='bbox 2496 5211 2894 5280; x_wconf 74' lang='grc' dir='ltr'>ὑποστρέψαι,</span> <span class='ocrx_word' id='word_1_796' title='bbox 2916 5212 3012 5283; x_wconf 82' lang='grc' dir='ltr'>τὴν</span> <span class='ocrx_word' id='word_1_797' title='bbox 3048 5212 3300 5282; x_wconf 85' lang='grc' dir='ltr'>δευτέραν</span> <span class='ocrx_word' id='word_1_798' title='bbox 3332 5212 3499 5265; x_wconf 78' lang='grc' dir='ltr'>αὑτοῦ</span> <span class='ocrx_word' id='word_1_799' title='bbox 3539 5210 3725 5283; x_wconf 78' lang='grc' dir='ltr'>θεοφάο</span> 
     </span>
    </p>
   </div>
   <div class='ocr_carea' id='block_1_112' title="bbox 2165 5300 3724 5376">
    <p class='ocr_par' dir='ltr' id='par_1_112' title="bbox 2165 5300 3724 5376">
     <span class='ocr_line' id='line_1_112' title="bbox 2165 5300 3724 5376; baseline 0.001 -23"><span class='ocrx_word' id='word_1_800' title='bbox 2165 5317 2330 5361; x_wconf 87' lang='grc' dir='ltr'>νειαν.</span> <span class='ocrx_word' id='word_1_801' title='bbox 2350 5302 2448 5374; x_wconf 84' lang='grc' dir='ltr'>τὴν</span> <span class='ocrx_word' id='word_1_802' title='bbox 2476 5300 2680 5367; x_wconf 81' lang='grc' dir='ltr'>ἔνδοξον</span> <span class='ocrx_word' id='word_1_803' title='bbox 2700 5305 2793 5356; x_wconf 61' lang='grc' dir='ltr'><strong>καὶ⁵</strong></span> <span class='ocrx_word' id='word_1_804' title='bbox 2818 5302 3119 5376; x_wconf 74' lang='grc' dir='ltr'>βασιλικὴν,</span> <span class='ocrx_word' id='word_1_805' title='bbox 3145 5302 3403 5375; x_wconf 88' lang='grc' dir='ltr'>παρίστη.</span> <span class='ocrx_word' id='word_1_806' title='bbox 3440 5304 3593 5357; x_wconf 83' lang='grc' dir='ltr'>Ἀλλά</span> <span class='ocrx_word' id='word_1_807' title='bbox 3620 5301 3724 5373; x_wconf 86' lang='grc' dir='ltr'><strong>γάρ</strong></span> 
     </span>
    </p>
   </div>
   <div class='ocr_carea' id='block_1_113' title="bbox 2166 5393 3736 5468">
    <p class='ocr_par' dir='ltr' id='par_1_113' title="bbox 2166 5393 3736 5468">
     <span class='ocr_line' id='line_1_113' title="bbox 2166 5393 3736 5468; baseline 0.001 -22"><span class='ocrx_word' id='word_1_808' title='bbox 2166 5393 2302 5448; x_wconf 85' lang='grc' dir='ltr'><strong>κατά</strong></span> <span class='ocrx_word' id='word_1_809' title='bbox 2326 5395 2422 5467; x_wconf 81' lang='grc' dir='ltr'>τὴν</span> <span class='ocrx_word' id='word_1_810' title='bbox 2443 5395 2717 5467; x_wconf 80' lang='grc' dir='ltr'>λεχθεῖσαν</span> <span class='ocrx_word' id='word_1_811' title='bbox 2736 5395 3036 5468; x_wconf 80' lang='grc' dir='ltr'>ἀποδημίαν</span> <span class='ocrx_word' id='word_1_812' title='bbox 3059 5398 3183 5461; x_wconf 75' lang='grc' dir='ltr'>τοὺς</span> <span class='ocrx_word' id='word_1_813' title='bbox 3208 5396 3304 5467; x_wconf 86' lang='grc' dir='ltr'>μὲν</span> <span class='ocrx_word' id='word_1_814' title='bbox 3330 5395 3493 5450; x_wconf 79' lang='grc' dir='ltr'>αὑτοῦ</span> <span class='ocrx_word' id='word_1_815' title='bbox 3515 5393 3692 5449; x_wconf 79' lang='grc' dir='ltr'>δούλου</span> <span class='ocrx_word' id='word_1_816' title='bbox 3707 5411 3736 5458; x_wconf 91' lang='grc' dir='ltr'><strong>ς</strong></span> 
     </span>
    </p>
   </div>
   <div class='ocr_carea' id='block_1_114' title="bbox 2163 5590 3734 5732">
    <p class='ocr_par' dir='ltr' id='par_1_114' title="bbox 2163 5590 3734 5732">
     <span class='ocr_line' id='line_1_114' title="bbox 2163 5590 3734 5732; baseline 0.001 -72"><span class='ocrx_word' id='word_1_817' title='bbox 2163 5605 2397 5676; x_wconf 85' lang='lat' dir='ltr'><strong>comperi</strong></span> <span class='ocrx_word' id='word_1_818' title='bbox 2422 5623 2448 5686; x_wconf 42' lang='grc' dir='ltr'>ς.</span> <span class='ocrx_word' id='word_1_819' title='bbox 2461 5604 2539 5732; x_wconf 68' lang='lat' dir='ltr'><strong>lita</strong></span> <span class='ocrx_word' id='word_1_820' title='bbox 2567 5618 2624 5662; x_wconf 87' lang='lat' dir='ltr'><strong>ut</strong></span> <span class='ocrx_word' id='word_1_821' title='bbox 2650 5605 2714 5662; x_wconf 89' lang='lat' dir='ltr'><strong>de</strong></span> <span class='ocrx_word' id='word_1_822' title='bbox 2740 5605 2847 5662; x_wconf 86' lang='lat' dir='ltr'><strong>alio</strong></span> <span class='ocrx_word' id='word_1_823' title='bbox 2872 5604 3170 5678; x_wconf 81' lang='lat' dir='ltr'><strong>exemplari</strong></span> <span class='ocrx_word' id='word_1_824' title='bbox 3195 5590 3449 5677; x_wconf 82' lang='lat' dir='ltr'><strong>loquatur</strong></span> <span class='ocrx_word' id='word_1_825' title='bbox 3464 5600 3734 5661; x_wconf 80' lang='lat' dir='ltr'><strong>Eusebius</strong></span> 
     </span>
     <span class='ocr_line' id='line_1_115' title="bbox 2163 5691 2500 5732; baseline 0 0"><span class='ocrx_word' id='word_1_826' title='bbox 2163 5691 2383 5732; x_wconf 80' lang='lat' dir='ltr'><strong>necesse</strong></span> <span class='ocrx_word' id='word_1_827' title='bbox 2404 5691 2451 5732; x_wconf 77' lang='grc' dir='ltr'><strong>ει</strong></span> <span class='ocrx_word' id='word_1_828' title='bbox 2484 5713 2500 5732; x_wconf 92' lang='grc'><strong>.</strong></span> 
     </span>
    </p>
   </div>
   <div class='ocr_carea' id='block_1_115' title="bbox 2161 5691 2500 5736">
    <p class='ocr_par' dir='ltr' id='par_1_115' title="bbox 2161 5691 2500 5736">
     <span class='ocr_line' id='line_1_116' title="bbox 2161 5691 2500 5736; baseline 0 -3"><span class='ocrx_word' id='word_1_829' title='bbox 2161 5691 2383 5736; x_wconf 82' lang='lat' dir='ltr'><strong>necesse</strong></span> <span class='ocrx_word' id='word_1_830' title='bbox 2404 5691 2500 5735; x_wconf 73' lang='lat' dir='ltr'><strong>Sil.</strong></span> 
     </span>
    </p>
   </div>
  </div>
