4098 6200
470 222 561 275 BM
1129 222 1393 277 EUSEBII
1431 222 1900 277 CASSARIENSIS
1939 224 2084 276 OPl’.
2130 221 2303 275 PARS
2341 220 2426 276 IV.
2468 249 2537 262 -—-
2573 218 2986 276 DOGMATICA.
3584 214 3683 270 092

470 336 751 392 Eusebium
786 334 924 406 quod
966 336 1172 399 attinet,
1205 353 1306 389 non
1338 338 1520 405 ignoro
1558 336 1713 403 paulo
1748 333 2387 406 liberioremlirtecarum
2427 345 2722 406 catenarum
2761 333 3079 406 methodum.
3121 345 3223 400 qua
3255 328 3479 395 excerpti
3513 340 3681 406 textus

472 409 756 478 aliquando
796 402 1045 478 iantisper
1085 407 1285 459 variari
1322 402 1485 460 solent
1515 402 1796 478 :quisquis
1813 417 1983 478 tamen
2026 404 2210 458 (ἐι-αισα
2245 416 2574 478 nostrdcum
2612 402 3125 478 Syriacisconferet,
3160 415 3296 478 a'gre
3342 407 3399 451 ut
3434 408 3556 464 puto
3586 403 3682 478 sibi

471 464 819 545 persuadebit,
852 464 965 541 fieri
995 485 1227 545 posseiut
1258 486 1329 528 tot
1370 464 1580 545 tamque
1612 464 2224 545 grciadiagdditamenta
2260 475 2487 545 aliunde
2514 464 2677 542 quani
2698 474 2763 523 ab
2782 464 3045 545 °originali
3071 464 3240 536 opere,
3262 470 3532 545 desumpta
3555 472 3681 545 sint.

473 540 581 601 Cur
614 548 748 599 enim
783 540 1087 597 catenarum
1145 540 1518 599 Vaticanarum
1554 540 1789 598 au'ctores
1838 543 2049 597 Nicetas
2088 550 2236 612 atque
2284 540 2547 596 Macarius
2571 584 2585 602 ,
2626 557 2713 595 cur
2762 542 2894 612 alius
2949 556 3257 609 anonymus,
3285 541 3452 612 primo
3479 540 3686 612 quidem

474 618 685 671 titulum
732 614 1077 682 Theophanite
1131 617 1297 676 toties,
1330 626 1377 667 et
1408 617 1615 684 quidem
1641 615 1750 668 sine
1777 615 1887 665 ulla
1927 631 2105 679 causa,
2153 607 2455 684 'ﬁnxissent,
2485 612 2669 665 deinde
2708 620 2811 663 tam
2844 611 2995 684 longa
3044 607 3325 684 segmentd
3356 607 3490 684 huic
3512 610 3685 684 mitius

474 703 632 757 quam
668 686 762 737 alii
790 677 1361 757 titulo_supposuissent
1389 677 1684 757 {Profecto
1710 685 1810 757 fuit
1846 677 2173 757 facillimum,
2207 682 2420 757 Eusebii
2459 692 2669 757 tantum
2701 696 2883 757 nomen
2910 680 3068 747 (quod
3105 677 3379 757 aliquoties
3413 677 3496 744 ﬁt)
3526 677 3688 757 Theo-

472 748 675 828 phaniw
709 748 1236 828 quoque‘fragmentis
1270 748 1573 828 inscribere,
1606 748 1966 828 sive-alicujus
1989 753 2322 828 amanuensis
2344 752 2585 805 socordia
2625 752 2729 828 sive
2756 749 3052 828 voluntate;
3076 764 3251 828 verum
3277 750 3533 828 enimvero
3568 748 3683 803 Eu-

474 817 682 879 sebiano
712 817 871 877 alicui
901 817 1087 877 diveisi
1123 826 1411 892 argumenti
1447 817 1640 893 scripto
1668 817 1884 876 titulum
1905 821 2250 893 Tlteophgnia:
2275 832 2381 893 tam
2407 837 2545 893 stripe
2573 838 2602 873 a
2628 818 2816 872 Niceta
2848 817 3181 893 bittcarioque
3210 817 3370 893 fuisse
3397 820 3679 893 appictum,

474 896 623 948 valde
651 906 724 947 est
761 894 1082 947 incredibile.
1125 888 1255 959 Quae
1283 896 1328 947 si
1349 896 1423 947 ita
1443 910 1496 948 se
1522 888 1731 957 habent,
1762 893 1998 961 sequitur
2019 902 2071 944 ut
2096 889 2259 960 Syrus
2288 890 2501 945 Eusebii
2530 891 2805 958 interpres,
2850 888 3089 941 brevitati
3125 889 3357 953 studens,
3380 897 3555 959 partes
3583 890 3686 944 ali-

472 974 600 1036 quot
626 967 792 1030 operis
828 964 1149 1036 subtraxisse
1176 966 1432 1036 videatur,
1638 1031 1657 1036 _
1795 1031 1824 1036 η
2170 1030 2201 1036 __
2236 993 2243 998 ·

545 1027 713 1102 Atque
741 1046 789 1086 ut
817 1034 883 1086 ad
925 1034 1210 1102 exemplum
1249 1034 1585 1101 epistolarum
1630 1031 1825 1100 lgnatii
1856 1040 2117 1102 revertar,
2146 1030 2279 1083 dicet
2303 1028 2515 1098 aliquis,
2554 1028 2883 1102 apprimeque
2915 1029 2972 1082 in
3004 1028 3114 1081 suis
3153 1027 3407 1102 perdoctis
3447 1031 3684 1087 vindiciis

473 1104 543 1160 cl.
582 1099 895 1167 Curetonus,
928 1099 1164 1173 Caecum
1194 1099 1365 1171 potius
1390 1099 1791 1173 Ign_atianarum
1830 1100 2200 1173 iepistolarum‘
2223 1109 2516 1173 contextum
2557 1099 2928 1173 interpolatum
2977 1108 3298 1173 auclumque_
3316 1100 3475 1165 fuisse
3500 1117 3518 1163 ;
3545 1104 3681 1173 quod

474 1178 608 1228 idem
641 1174 859 1242 fortasse
884 1175 948 1226 de
980 1167 1203 1228 Graecis
1229 1167 1770 1238 quoque'Eusebianis
1804 1171 2081 1242 dicendum
2127 1168 2287 1242 alicui
2314 1169 2592 1242 videbitur2
2626 1167 2961 1242 {gnatianam
2989 1184 3083 1242 ego
3114 1168 3449 1242 qutrstionem
3471 1167 3683 1239 aggredi

728 1225 1039 1314 rnolo,rrquaz
1059 1225 1171 1295 inec
1195 1225 1449 1314 propositi
1480 1243 1579 1293 mei
1605 1251 1701 1314 est,
1733 1251 1779 1293 et
1809 1256 1841 1293 a
1866 1240 2081 1314 summis
2115 1239 2313 1314 criticis
2335 1237 2541 1314 jamdiu
2565 1225 2681 1305 fuit”
2705 1236 2973 1314 ventilata.
3000 1225 3326 1314 Caeteroquin
3353 1225 3684 1314 ostendindte

475 1304 813 1381 epistolarum
866 1304 1077 1367 illarum
1130 1304 1367 1381 varietati
1418 1326 1509 1378 ego
1549 1310 1758 1381 quidem
1782 1310 2077 1381 symbolam
2104 1304 2650 1381 contuligfragmento
2684 1306 2823 1381 edito
2859 1307 3084 1381 epistola:
3114 1308 3181 1359 ad
3216 1304 3523 1381 Tarsenses,
3545 1311 3683 1377 quod

473 1376 779 1437 Anastasius
814 1384 1073 1450 presbyter
1099 1398 1129 1433 a
1156 1397 1236 1432 me
1263 1376 1504 1446 vulgatus
1534 1376 1749 1435 servavit
1773 1376 1993 1446 (Scripl.
2026 1391 2135 1433 vel.
2162 1387 2201 1450 t.
2237 1376 2364 1450 VII,
2385 1376 2600 1444 μετὰ),
2623 1378 2857 1450 quodque
2885 1376 3119 1450 hoc_loco
3146 1393 3245 1450 non
3279 1376 3679 1450 pigetrepetere,

473 1453 887 1523 quandoquidem
922 1445 979 1523 in
1001 1450 1194 1523 [gnatii
1223 1445 1648 1523 editaihactenus
1670 1449 1749 1523 ad
1762 1445 2050 1523 Tarsenses

2091 1448 2307 1523 epistold
2346 1445 2733 1523 ndn‘occurrit.
2774 1445 3068 1523 ἶΙγςνατίου
3109 1445 3214 1523 ζοῦ
3250 1449 3539 1523 θεοφόρρυ
3580 1450 3679 1503 καὶ

470 1515 764 1593 ίιὰρτυρὸς
789 1519 993 1593 ἐκ-τῆς
1020 1515 1167 1593 πρὸς
1192 1519 1416 1593 τοὺς-ἐν
1446 1516 1673 1593 Ταρσῷ·
1706 1520 1774 1593 ι
1806 1518 1914 1588 γὰρ
1962 1518 2124 1593 ᾔδεις
2151 1517 2237 1593 δῖί
2258 1515 2418 1593 θεοῦ
2460 1517 2609 1593 Υἱὸς-
2633 1517 2731 1593 ἦν’
2770 1516 3089 1593 ἐγίνθὲσκες
3112 1516 3200 1593 at!
3236 1517 3684 1593 τεσσέίράκρνῖθ

472 1585 694 1661 ἢμέρᾴς
714 1585 990 1661 dves-beet:
1014 1585 1270 1661 πριήσας
1292 1589 1357 1661 τε)
1380 1585 1641 1661 φθαρτὸν
1667 1585 1855 1661 σῶμὰ,
1876 1585 1993 1641 imi
2020 1591 2105 1655 εὶς
2140 1587 2209 1661 τὰ
2248 1586 2515 1661 διηνεκὲς
2538 1585 2816 1661 scorpio
2844 1585 3016 1661 causa
3055 1585 3338 1661 ποιῇσαις
3368 1586 3543 1661 (Scisqu
3571 1586 3686 1661 οὖν

473 1655 647 1728 1ὲέιηῦςῖ
673 1655 698 1723 “;
725 1662 824 1713 ἵνα
848 1660 1012 1728 δείξῃ
1038 1660 1125 1711 ὅτι
1157 1655 1393 1725 ἀληθῶςξ
1413 1655 1666 1712 ἀνέλαϐε
1693 1655 1863 1729 σῶμα
1900 1656 2252 1729 ὁμοιοπαθὲς
2281 1657 2600 1729 ἀνθρώποις
2631 1674 2643 1687 ’
2677 1656 2769 1710 διὰ
2784 1655 2899 1726 μὲν
2920 1656 3049 1729 map
3082 1655 3185 1729 τοῦ
3206 1656 3437 1729 πρώτου
3460 1657 3687 1729 ξδειξεν

472 1733 561 1785 ὅτι
595 1726 876 1807 ῥξύςηδιᾲ
913 1730 979 1783 δὲ
1002 1726 1109 1807 ‘sz
1133 1729 1412 1807 deucepov
1439 1729 1528 1807 6ft
1556 1730 1653 1782 καὶ
1680 1726 2003 1807 ᾅνθρωπρς.
2043 1746 2061 1779 ι

2100 1727 2294 1807 lgnutii
2320 1728 2583 1793 tlteophari
2607 1744 2668 1780 ac
2711 1726 2977 1807 martyris,
3002 1742 3064 1779 ex
3107 1727 3321 1807 epistola
3361 1729 3429 1780 ad
3459 1727 3683 1783 Tarsen-

471 1818 572 1859 ses.
603 1800 659 1855 Si
689 1801 821 1853 enim
856 1803 1021 1868 ipsum
1070 1798 1161 1853 Dei
1218 1795 1420 1851 Filium
1450 1799 1611 1867 fuisse
1630 1795 1809 1863 scires,
1853 1803 2029 1868 utique
2065 1795 2220 1850 etiam
2250 1813 2598 1868 cognosceres,
2632 1814 2747 1868 eum
2775 1795 2863 1864 qui
2907 1795 3241 1868 corruptibile
3266 1813 3451 1864 corpus
3487 1816 3637 1852 suum
3666 1841 3683 1865 ,

472 1872 821 1941 quadraginta
863 1864 1066 1941 dierum
1115 1870 1306 1935 spatio,
1352 1864 1463 1941 cibo
1508 1886 1609 1923 non
1653 1868 1883 1938 indigum
1937 1864 2464 1941 effecerat,‘potuisse
2498 1866 2652 1919 etiam
2695 1867 2747 1918 in
2793 1876 3091 1941 perpetuum
3140 1864 3244 1918 tttle
3285 1864 3683 1941 prtestare.Cur

472 1935 594 2011 ergo
640 1935 857 2011 esurit?
886 1938 1083 2011 Nempe
1114 1951 1165 1992 ut
1211 1940 1447 2011 ostendat
1477 1956 1529 1993 se
1567 1956 1680 1993 vere
1730 1935 1918 2005 corpus
1968 1935 2346 2011 assumpsisse,
2381 1953 2531 2011 gsque
2568 1947 2886 2011 ac_cte_t_eros
2933 1935 3169 2011 homines
3200 1937 3463 2011 possibile.
3499 1937 3688 2011 Priore

472 2004 593 2079 ergo
616 2013 767 2063 modo
812 2010 998 2071 Deum,
1022 2004 1188 2079 altero
1215 2012 1369 2061 etiam
1403 2010 1664 2079 hominem
1704 2026 1755 2062 se
1779 2004 1888 2062 esse
1906 2008 2297 2079 demonstravit.
2324 2004 2694 2079 erter‘oquin
2717 2005 2996 2079 illamagis
3035 2009 3286 2079 sententia
3309 2007 3435 2079 mihi
3463 2009 3682 2075 arridet,

467 2073 589 2134 eum
619 2081 881 2147 lgnatium
910 2078 1242 2131 imminutum
1270 2079 1439 2144 potius
1473 2096 1504 2130 a
1550 2076 1697 2149 Syris
1724 2079 2052 2149 aliarumque
2078 2078 2317 2149 gentium
2348 2073 2639 2129 hominibus
2668 2076 2868 2149 statuit,
2900 2073 3055 2149 quam
3100 2092 3133 2149 a_
3155 2073 3353 2129 Graecis
3383 2073 3686 2149 Latinisque

472 2143 765 2206 hominibus
816 2162 1025 2201 auctum
1058 2162 1075 2199 :
1112 2143 1377 2215 tegerrime
1427 2150 1565 2201 enim
1593 2143 1608 2146 ⁷
1622 2147 1805 2214 ferrem
1842 2158 1913 2200 tot
1966 2143 2113 2199 nobis
2168 2146 2299 2211 eripi
2332 2160 2497 2198 sacra:
2543 2156 2591 2198 et
2636 2143 2944 2211 dogmatica:
2967 2144 3218 2215 doctrina:
3254 2149 3448 2213 capita,
3483 2143 3608 2215 quoi
3631 2151 3685 2202 in

476 2217 732 2271 Nitriensi
788 2217 1035 2287 Syrorum
1092 2214 1377 2285 exemplari
1424 2218 1659 2271 desunt:
1697 2217 1986 2283 prwsertim
2028 2218 2152 2287 quia
2189 2222 2360 2283 partes
2390 2218 2455 2267 ab
2485 2215 2563 2268 his
2611 2216 2851 2279 amissaa,
2885 2214 3023 2282 apud
3066 2218 3397 2287 perantiquos
3447 2214 3685 2273 auctores

471 2290 776 2343 laudantur.

546 2357 669 2413 lam
696 2367 751 2426 ut
782 2356 1172 2426 Theophaniam
1210 2356 1431 2425 fortasse
1455 2363 1783 2410 decurtatam
1814 2373 1845 2409 a
1874 2355 2005 2426 Syro
2032 2356 2308 2426 interprete
2338 2354 2660 2426 vehementer
2699 2357 2963 2426 suspicer,
2993 2367 3115 2413 ante
3166 2357 3338 2411 omnia
3385 2373 3463 2410 me
3489 2368 3681 2425 cogunt

473 2439 645 2498 partes
679 2425 875 2481 Graeca:
918 2424 1226 2498 complures,
1258 2444 1394 2498 quae,
1426 2435 1580 2494 prout
1608 2429 1660 2479 in
1691 2424 1927 2498 singulis
1955 2426 2080 2498 locis
2128 2424 2257 2498 dixi,
2292 2426 2480 2498 partim
2519 2425 2727 2498 titulum
2753 2425 3099 2498 Theophania:
3123 2438 3320 2497 gerunt,
3348 2430 3531 2494 partim
3558 2424 3679 2480 cum

472 2495 579 2554 illis
618 2499 1010 2551 continuantur.
1046 2496 1244 2550 Deinde
1270 2495 1387 2552 cum
1414 2507 1595 2563 reputo
1618 2500 1701 2550 vix
1721 2497 1835 2563 fieri
1856 2497 2083 2562 potuisse
2107 2504 2161 2546 ut
2197 2495 2449 2548 Eusebius
2498 2496 2694 2548 nullam
2742 2497 2839 2549 hoc
2874 2498 2929 2551 in
2966 2495 3471 2563 apere‘prophetiam
3522 2499 3683 2564 paulo

473 2566 720 2620 disertius
753 2576 1045 2634 exponeret,
1075 2567 1191 2618 ideo
1219 2579 1417 2632 partem
1451 2566 1594 2617 illaut
1625 2566 1883 2619 Danielici
1935 2565 2163 2620 vaticinii
2196 2565 2433 2633 ablegare
2464 2581 2564 2617 non
2606 2568 2770 2632 potui,
2811 2571 3097 2634 praesertim
3149 2566 3491 2632 Theophaniaz
3527 2568 3685 2620 titulo

475 2637 785 2703 Eusebiique
811 2637 1016 2689 nomine
1048 2638 1101 2688 in
1137 2638 1309 2690 codice
1332 2646 1590 2689 ornatam.
1615 2636 1686 2689 De
1710 2637 1907 2689 steteris
1948 2636 2313 2687 additamentis
2350 2640 2591 2705 accurate
2620 2636 2673 2687 in
2695 2637 2910 2705 singulis
2942 2654 3101 2705 prope
3130 2637 3333 2705 paginis
3374 2653 3432 2688 ac
3461 2637 3685 2702 ﬁdeliter

472 2710 604 2763 dixi.
625 2708 733 2776 Age
758 2723 874 2760 vero
904 2706 1157 2759 Vaticana
1178 2706 1524 2776 Theophania:
1551 2706 1838 2776 fragmenta
1861 2722 1923 2759 ex
1946 2706 2096 2776 tertio
2120 2715 2404 2776 a_uartoque
2426 2704 2556 2776 l_i_bro
2582 2704 2840 2770 prtecipue
2866 2704 3141 2761 sumuntur
3161 2725 3179 2771 ;
3197 2704 3361 2773 pauca
3378 2723 3441 2776 ex
3461 2709 3683 2769 quinto;

472 2794 537 2839 ex
560 2772 724 2849 primo
764 2777 1189 2849 deniqueunum,
1224 2772 1361 2844 quod
1396 2772 1780 2849 Gra'cecatena
1816 2773 2030 2828 Patrum
2044 2775 2104 2849 in
2134 2773 2299 2842 Epist.
2336 2776 2404 2826 ad
2426 2772 2678 2849 Debgw,
2714 2777 2794 2836 η,
2820 2778 2945 2829 mihi
2978 2772 3498 2849 suppeditavit.r_Jam
3525 2793 3685 2849 c_ausa

472 2842 572 2900 cur
605 2863 670 2899 ex
698 2848 848 2899 tertio
886 2842 1213 2912 potissimum
1236 2842 1535 2915 quartaque
1559 2845 1689 2898 libro
1713 2845 2003 2914 fragmenta
2035 2842 2216 2898 erca
2238 2844 2635 2915 supersint,illa
2669 2856 2765 2907 est,
2791 2850 2926 2913 quod
2966 2842 3166 2900 duobus
3197 2847 3277 2899 his
3326 2846 3472 2900 libris
3516 2846 3687 2899 Euse-

474 2918 587 2969 bius
622 2916 881 2983 publicam
934 2916 1126 2967 Christi
1162 2915 1371 2967 Domini
1401 2914 2017 2981 vitam,pra'dicatiouem
2051 2915 2268 2975 scilicet,
2316 2914 2568 2967 miracula
2612 2931 2671 2967 ac
2721 2927 2957 2981 mortem,
2989 2920 3315 2970 concluserat
3339 2934 3356 2982 ;
3384 2930 3685 2970 catenarum

474 2997 647 3042 autem
679 2985 982 3052 auctoribus
1014 2985 1125 3036 ha’c
1157 2986 1387 3052 apprime
1418 2985 1602 3036 idonea
1632 2987 1853 3037 materia
1882 2997 2015 3040 erat.
2036 2985 2123 3051 qui
2153 2986 2219 3036 ad
2260 2984 2607 3050 evangelicum
2658 2987 2927 3038 historiam
2966 2988 3362 3040 commentarios
3416 2988 3679 3039 subnecte-

474 3057 617 3107 bant.
658 3051 955 3127 Iiorrodqui
1000 3055 1208 3127 tertium
1259 3066 1604 3127 quartumque
1656 3053 1844 3127 librum
1879 3056 1933 3127 in
1968 3053 2186 3127 Syriaca
2240 3055 2331 3127 vel
2357 3053 2575 3127 Anglico
2605 3055 2947 3127 translatione
2979 3057 3135 3124 leget,
3180 3058 3224 3108 is
3265 3056 3421 3123 facile
3446 3064 3685 3127 agnoscet

473 3135 633 3195 totam
657 3122 1254 3195 iEusebii'narrationem
1304 3124 1444 3176 nullo
1471 3124 1578 3190 fere
1605 3123 1784 3175 ordine
1804 3123 1941 3190 fieri,
1971 3126 2191 3195 sumptis
2216 3126 2455 3195 modoex
2476 3124 2570 3176 hoc
2596 3126 2746 3176 modo
2783 3141 2846 3177 ex
2871 3126 2960 3179 illo
2996 3122 3310 3195 evangelista
3340 3122 3683 3194 argumentis,

474 3193 619 3250 nullo
648 3194 782 3246 inter
806 3209 857 3264 se
878 3192 1076 3245 vinculo
1105 3194 1248 3246 nexis
1278 3205 1558 3264 :quartum
1595 3209 1711 3245 vero
1739 3196 1998 3262 prtccipue
2021 3194 2209 3246 librum
2240 3205 2341 3245 tam
2365 3194 2526 3245 libero
2554 3205 2718 3264 marte
2758 3196 2929 3261 scribi,
2957 3205 3014 3248 ut
3034 3192 3241 3264 quidvis
3268 3196 3390 3248 addi
3405 3192 3508 3247 aut
3546 3196 3683 3247 demi

478 3274 571 3318 aut
603 3263 857 3331 interponi
878 3264 1061 3330 possit.
1098 3264 1221 3325 quin
1255 3262 1505 3316 orationis
1533 3278 1713 3315 cursus
1742 3263 1979 3331 abrumpi
2005 3272 2095 3315 aut
2130 3264 2365 3329 intercipi
2388 3264 2647 3317 videatur.
2682 3262 2799 3329 Ipse
2832 3262 3085 3318 Eusebius
3128 3267 3180 3318 in
3221 3266 3360 3317 tertii
3400 3266 3517 3317 libri
3545 3266 3686 3317 calce

475 3331 572 3395 ait,
603 3333 764 3386 multo
799 3348 906 3385 esse
930 3334 1083 3399 plura
1112 3347 1226 3400 quae
1247 3335 1310 3385 de
1338 3332 1463 3384 Jesu
1487 3337 1704 3387 tractari
1729 3342 1987 3402 poterant,
2012 3350 2043 3385 a
2079 3349 2132 3387 se
2166 3343 2337 3385 tamen
2382 3349 2549 3399 pauca
2590 3333 2733 3401 eligi,
2765 3351 2882 3401 qua:
2928 3336 3185 3389 volumine
3234 3345 3418 3402 quarto
3458 3335 3684 3400 comple-

473 3416 638 3463 xurus
661 3404 745 3465 sit,
774 3403 911 3472 quod
944 3405 1146 3456 cwteris
1180 3404 1436 3470 prolixius
1467 3402 1575 3469 fore
1606 3407 1857 3467 promittit
1884 3419 1901 3456 :
1934 3419 2036 3470 quo
2068 3417 2132 3455 ex
2160 3405 2298 3454 dicto
2344 3402 2711 3470 intelligimus,
2760 3403 2878 3456 libri
2923 3408 3036 3470 eius
3070 3406 3329 3457 dilatandi
3359 3417 3445 3457 aut
3466 3414 3679 3455 contra-

476 3473 631 3529 hendi
659 3472 875 3544 liberum
915 3475 1064 3526 valde
1093 3473 1255 3541 fuisse
1278 3473 1581 3544 facultatem
1621 3489 1817 3539 :quam
1850 3489 1955 3525 rem
1999 3473 2140 3528 haud
2188 3488 2279 3525 nos
2312 3472 2544 3538 equidem
2567 3474 3019 3544 _considerandam
3065 3475 3343 3529 lectoribus
3373 3487 3681 3544 proponere-

475 3558 613 3603 mus,
638 3543 740 3596 nisi
774 3540 957 3596 Grteca
989 3540 1123 3595 nunc
1150 3540 1465 3610 deprehensa
1492 3543 1783 3611 fragmenta
1814 3545 2155 3607 suspicionem
2184 3553 2414 3594 nostram
2460 3540 2869 3610 conjecturamve
2898 3546 3186 3611 firmarent.

551 3611 713 3682 Porro
770 3612 1180 3681 fragmentorum
1234 3622 1530 3682 nostrorum
1558 3612 1751 3679 duplex
1785 3613 2166 3682 quodammodo
2187 3611 2372 3664 classis
2406 3622 2478 3682 est
2509 3628 2522 3675 ;
2565 3612 2729 3679 prior,
2763 3614 3001 3667 undecim
3053 3615 3344 3682 fragmenta
3390 3612 3681 3674 continens,

475 3699 590 3743 cum
635 3679 768 3751 Syro
822 3679 888 3734 ad
922 3684 1143 3735 litteram
1201 3681 1523 3751 plerumquei
1541 3683 1799 3749 congruit,
1834 3684 1895 3733 iis
1926 3681 2051 3733 locis
2081 3682 2302 3750 exceptis
2327 3682 2413 3750 qui
2449 3681 2652 3750 longius
2683 3694 2977 3736 excurrunt.
3028 3679 3209 3737 Altera
3246 3683 3448 3745 classis,
3504 3697 3683 3748 parem

474 3750 747 3824 numerum
802 3751 1207 3824 fragmentorum
1249 3753 1461 3824 habens,
1489 3750 2023 3824 Tlteophttnitetvqtte
2058 3751 2267 3824 titulum
2303 3756 2355 3803 in
2390 3751 2652 3824 codicibus
2672 3756 2872 3824 nostris
2909 3765 3167 3817 ostentat;
3198 3763 3244 3806 et
3288 3761 3472 3824 tamen
3490 3754 3684 3815 partim

473 3823 645 3875 rarius
669 3836 785 3874 cum
803 3820 1035 3891 Syriaco
1064 3832 1207 3873 textu
1231 3821 1516 3886 conspirat,
1551 3823 1740 3888 partim
1768 3837 1895 3873 nova
1923 3836 1984 3872 ac
2009 3821 2245 3874 inaudita
2279 3821 2487 3873 omnino
2519 3830 2613 3875 est.
2649 3822 2813 3890 Atque
2834 3823 2944 3876 hwc
2964 3840 3121 3875 causa
3156 3825 3276 3891 fuit,
3324 3838 3418 3874 cur
3454 3821 3561 3873 hwc
3590 3837 3685 3873 nos

470 3891 755 3961 posteriora
785 3892 1539 3961 propemodumsecreverimus
1570 3906 1588 3954 ;
1618 3907 1737 3943 nam
1766 3891 1808 3943 si
1833 3892 2076 3955 temporis
2101 3893 2393 3961 Aoperisque
2431 3894 2663 3944 ordinem
2703 3894 2846 3961 sequi
2891 3894 3145 3955 libuisset,
3176 3909 3292 3946 cum
3331 3891 3684 3961 superioribus

471 3960 737 4018 miscenda
761 3971 947 4024 erant;
976 3962 1112 4028 quod
1147 3960 1200 4013 in
1232 3962 1329 4012 hac
1364 3960 1544 4012 saltem
1572 3961 1741 4028 prima
1763 3961 1989 4013 editione
2023 3959 2314 4023 noluimus,
2340 3973 2392 4013 ut
2417 3964 2573 4014 totius
2601 3964 2674 4013 rei
2701 3959 2864 4015 status
2903 3964 3189 4015 evidentius
3211 3972 3488 4015 constaret.
3516 3960 3687 4012 Dicet-

472 4047 534 4089 ne
561 4030 751 4097 aliquis
773 4046 887 4083 cum
921 4027 1119 4100 vulgari
1150 4030 1439 4098 proverbio,
1474 4027 1652 4082 Facile
1695 4047 1804 4083 esse
1832 4032 2049 4100 inventis
2098 4047 2188 4099 seu
2227 4031 2376 4095 factis
2426 4032 2665 4100 addere?
2692 4031 2945 4100 Equidem
2989 4034 3041 4085 in
3090 4048 3142 4084 re
3172 4034 3235 4084 de
3281 4048 3384 4099 qua
3440 4033 3642 4099 agimus
3666 4068 3684 4094 ,

470 4100 905 4171 adagiumqnego.
944 4099 1185 4167 Namque
1217 4110 1263 4152 et
1310 4101 1361 4152 in
1406 4100 1701 4168 [gnatianis
1731 4099 1980 4171 epistolis,
2022 4110 2065 4153 et
2107 4101 2160 4152 in
2207 4100 2417 4154 Eusebii
2451 4099 2783 4167 Theophanis:
2836 4103 2985 4171 longe
3030 4102 3241 4169 facilius
3281 4101 3379 4166 fuit
3428 4102 3684 4162 omittere,

468 4186 625 4237 quam
652 4169 916 4237 adjicere:
946 4172 1204 4239 siquidem
1235 4172 1322 4239 qui
1355 4172 1542 4222 omittit
1572 4172 1623 4221 id
1659 4187 1818 4222 unum
1844 4170 1952 4235 fere
1983 4180 2144 4235 cavet,
2183 4188 2244 4224 ne.
2271 4173 2523 4223 orationis
2555 4172 2737 4224 seriem
2763 4169 3022 4225 incautius
3046 4175 3316 4240 abrumpat
3343 4187 3361 4223 :
3390 4172 3477 4240 qui
3510 4183 3685 4222 autem

469 4241 640 4305 addit,
678 4250 724 4292 et
756 4241 1048 4309 excogitare
1071 4256 1201 4293 nova
1229 4242 1378 4295 debet
1409 4252 1454 4294 et
1480 4252 1596 4303 apte
1621 4240 1855 4308 digerere
1880 4254 1996 4291 cum
2022 4241 2142 4308 styli
2192 4242 2370 4310 aliqua
2413 4241 2700 4292 imitatione
2732 4258 3001 4309 rerumque
3031 4242 3399 4295 similitudine.
3446 4242 3687 4306 Profecto

467 4327 661 4376 pauca,
685 4312 730 4364 si
758 4312 928 4368 minus
964 4310 1131 4373 nulla,
1151 4312 1408 4363 cernimus
1436 4313 1730 4377 priscorum
1758 4327 1910 4376 Opera
1953 4326 2070 4376 qua:
2098 4312 2338 4377 deinceps
2366 4313 2429 4362 ab
2471 4310 2591 4363 aliis
2629 4322 2785 4364 aucta
2814 4312 3006 4379 fuerint
3034 4329 3051 4373 ;
3085 4313 3313 4364 breviata
3351 4326 3466 4363 vero
3495 4327 3687 4377 quam-

465 4380 716 4450 plurima.
755 4380 994 4450 Namque
1022 4389 1078 4432 ut
1106 4383 1337 4450 omittam
1370 4396 1486 4450 qua:
1512 4380 1719 4447 jamdiu
1746 4382 1900 4433 editis
1928 4379 1979 4431 in
2011 4380 2159 4432 libris
2194 4390 2431 4448 prostant
2462 4397 2481 4444 ,'
2508 4395 2620 4432 ecce
2642 4382 2695 4433 in
2720 4384 2815 4435 hoc
2841 4381 3100 4434 volumine
3128 4382 3374 4450 habemus
3409 4379 3685 4450 Evangeli—

468 4447 557 4503 cas
588 4448 799 4503 Eusebii
833 4447 1157 4514 Qua’stiones
1181 4452 1248 4501 ad
1287 4447 1606 4518 Stephanum
1637 4461 1684 4502 et
1735 4454 1801 4502 ad
1835 4450 2104 4502 Marinum
2153 4447 2215 4502 ab
2250 4467 2507 4519 anonymo
2567 4454 2734 4503 nescio
2773 4468 2872 4519 quo
2923 4452 3198 4504 breviatas.
3246 4449 3436 4503 Valerii
3464 4447 3688 4502 Maximi

464 4521 568 4575 duo
591 4536 683 4589 ego
711 4522 1013 4589 compendia
1036 4522 1087 4571 in
1112 4522 1276 4573 lucem
1310 4521 1472 4572 extuli
1496 4519 1744 4573 Paradisi
1775 4537 1836 4573 ac
1860 4519 2159 4587 Nepotiani.
2191 4519 2251 4572 In
2289 4518 2555 4572 Vaticanis
2594 4523 2715 4573 item
2746 4518 3008 4574 cadicibus
3032 4523 3340 4587 compendia
3380 4521 3481 4573 vidi
3523 4519 3687 4572 histo-

464 4591 663 4660 riarum
683 4590 891 4659 Iosephi
908 4602 952 4644 et
979 4590 1170 4644 Orosii.
1190 4590 1607 4660 Chrysostomum
1640 4607 1782 4660 teque
1807 4599 2127 4660 contractu_m
2160 4591 2212 4641 in
2242 4606 2366 4643 mss.
2384 4590 2613 4660 cognovi,
2632 4590 2932 4659 compendia
2958 4592 3169 4659 insuper
3198 4590 3689 4660 commentariorum

465 4657 770 4728 Hieronymi
798 4657 867 4712 ad
891 4661 1088 4714 Isaiam
1123 4677 1153 4711 a
1192 4657 1452 4713 Damiano
1501 4657 1725 4728 quodam
1780 4659 1991 4712 Daniele
2058 4658 2309 4728 Remigio,
2350 4661 2417 4711 ad
2451 4657 2454 4658 ⁷
2492 4658 2718 4712 Paulum
2746 4657 2795 4714 Va
2834 4662 3054 4714 Claudio
3078 4657 3459 4713 ’Taurianensi.
3487 4659 3549 4710 In
3583 4658 3689 4711 Va-

463 4730 652 4799 ticanis
676 4730 818 4799 juris
860 4731 1024 4787 civilis
1054 4731 1286 4799 reliquiis
1315 4732 1448 4799 leges
1487 4732 1686 4797 aliquot
1721 4731 1860 4783 edidi
1900 4731 2284 4799 integras,qua:
2310 4740 2487 4797 postea
2530 4732 2582 4782 in
2616 4729 2975 4784 Tlteodosiano
3008 4733 3183 4783 codice
3211 4741 3329 4783 sunt
3372 4730 3687 4792 imminutae,

460 4801 515 4856 in
550 4797 884 4857 lustinianeo
910 4804 1127 4867 denique
1158 4797 1223 4853 ad
1258 4797 1529 4854 minimam
1561 4803 1858 4852 brevitatem
1890 4797 2137 4853 reductor.
2177 4797 2409 4868 Denique
2455 4801 2611 4852 etiam
2649 4801 2927 4868 Augustini
2969 4800 3222 4853 librorum
3246 4800 3320 4853 De
3344 4801 3547 4853 musica
3576 4800 3687 4864 epi-

461 4881 650 4927 tomem
696 4872 839 4923 edidi
890 4873 945 4927 in
988 4880 1277 4938 pervetusto
1324 4871 1500 4922 codice
1550 4881 1922 4922 conservatam.
1965 4868 2066 4922 Sed
2104 4877 2217 4923 hcet:
2268 4873 2539 4930 hactenus,
2590 4887 2650 4922 ne
2691 4872 2970 4937 legentium
3003 4874 3109 4923 otio
3144 4872 3325 4923 videar
3362 4870 3525 4922 abuti.
3553 4870 3690 4933 Quae

461 4940 639 4993 omnia
665 4957 767 4995 non
798 4942 913 4995 ideo
945 4943 1076 5006 dixi,
1099 4943 1222 5009 quia
1252 4939 1487 5010 Syriaca:
1512 4939 1880 5004 Theophaniaz,
1914 4941 2051 5008 quod
2097 4951 2169 4993 est
2217 4956 2344 5010 auus
2394 4942 2825 5002 pretiosissimam
2850 4982 2864 5003 ,
2893 4940 3101 4994 laudem
3134 4945 3364 4993 minuere
3391 4943 3497 4990 ullo
3532 4940 3688 4991 modo

462 5010 632 5069 velim,
651 5010 725 5065 vel
754 5012 1134 5065 dubitationem
1162 5009 1453 5064 hanccerto
1483 5010 1783 5072 dissolvere,
1803 5021 1892 5061 aut
1918 5011 2220 5078 fragmentis
2244 5009 2444 5064 Crtecis
2468 5011 2581 5078 plus
2610 5027 2755 5078 a’quo
2782 5012 2987 5080 favere;
3014 5014 3100 5064 sed
3126 5027 3337 5063 causam
3361 5012 3534 5076 potius
3564 5026 3691 5076 κρι-

462 5082 801 5147 τικωτάτοις
825 5084 972 5146 viris,
998 5098 1061 5134 ac
1087 5082 1373 5148 prcesertim
1405 5081 1704 5132 doctissimo
1735 5096 1796 5133 ac
1827 5081 2190 5135 laudatissima
2225 5080 2328 5133 Leo
2359 5082 2587 5148 praebere
2625 5084 2828 5142 studeo,
2856 5092 2910 5134 ut
2935 5083 3359 5143 controversiam,
3389 5080 3433 5132 si
3464 5080 3511 5132 ei
3546 5082 3688 5133 vide-

463 5150 624 5221 bitur,
652 5169 746 5219 pro
782 5170 879 5207 sua
905 5154 1159 5221 sapientia
1184 5151 1413 5212 ventilet,
1436 5151 1702 5218 judicium
1740 5161 1994 5212 exerceat,
2034 5152 2240 5206 lancem
2269 5162 2423 5220 prout
2452 5153 2638 5206 veritas
2686 5152 2970 5221 postulabit
3004 5152 3233 5206 inclinet.
3260 5148 3407 5204 Nihil
3428 5151 3567 5203 enim
3594 5166 3690 5219 ego

464 5220 627 5294 magis
658 5234 780 5296 apto
807 5220 1052 5298 quamad
1084 5232 1277 5283 rectam
1310 5221 1425 5295 ejus
1463 5223 1768 5277 sententiam
1796 5222 2060 5280 accedere.

2021 5445 2095 5472 αι
