4098 6200
489 262 596 317 695

1193 260 1457 319 EUSEBII
1494 252 1959 314 CESARIENSIS
1995 250 2145 303 ΟΡΡ.
2187 249 2364 306 PARS
2397 250 2488 307 IV.
2521 281 2590 292 --
2629 248 3045 307 DOGMATICA.

3601 246 3706 303 696

490 393 625 432 mna
656 376 866 432 lumbos
897 372 1196 447 praecincti,
1237 373 1465 442 panibus
1499 370 1704 441 azymis
1732 368 2048 440 degustatis,

2153 360 2358 431 τροφῆς
2388 378 2447 413 τε
2480 360 2700 432 ἀζύμων
2747 360 2922 432 ἄρτιον
2955 359 3313 431 μετίσχοντες,
3348 369 3441 408 και
3465 353 3596 419 πόας
3619 375 3707 408 πι-

490 468 689 539 intybis
712 470 877 525 etiam
901 465 1180 537 appositis,
1207 463 1273 521 de
1312 466 1428 519 loco
1466 464 1520 518 in
1548 462 1747 529 locum,
1795 461 1845 515 id
1869 470 1951 515 est
1981 460 2049 513 de

490 560 864 632 Egyptiornm
900 558 1118 627 regione
1144 557 1196 611 in
1222 557 1517 623 desertum,
1546 555 1897 611 transierunt.
1926 552 2051 608 Haec

491 650 564 705 illi
599 664 758 719 agere
809 648 861 701 in
912 646 1180 701 mandatis
1211 647 1537 710 habuerunt,
1579 659 1701 699 cum
1741 643 1885 697 caede
1932 642 2050 697 ovis

487 754 709 809 esuque.
774 736 1133 802 Quamobrem
1192 737 1278 791 illa
1344 752 1409 791 ex
1466 734 1700 807 Egypto
1748 734 2045 803 digressio,

488 842 684 882 nomen
717 825 997 897 fecitapud
1028 826 1278 882 llebrmos
1307 826 1444 884 festo
1470 829 1754 883 transitus.
1781 827 2047 882 Ca-terum

491 920 604 973 haec
639 917 692 973 in
723 917 889 987 figura
931 917 1036 973 illis
1064 919 1486 989 contingebant;
1522 919 1690 973 nostri
1721 929 1898 973 autem
1926 932 2050 987 gra-

486 1010 557 1063 tia
590 1009 793 1079 scripta
824 1010 1039 1063 fuerunt
1069 1011 1135 1063 6°.
1164 1011 1339 1079 Atque
1376 1011 1447 1064 ita
1485 1009 1684 1064 Paulus
1725 1010 2049 1080 interpreta—

485 1111 593 1166 tur,
631 1102 757 1156 dum
789 1102 1153 1173 symbolarum
1181 1112 1417 1157 veterum
1452 1103 1734 1157 veritatem
1762 1102 1845 1156 his
1874 1100 2048 1155 verbis

485 1188 656 1256 aperit
688 1206 702 1243 :
742 1204 864 1242 nam
899 1187 1108 1244 Pascha
1146 1201 1378 1244 nostrum
1414 1191 1715 1244 immolatus
1759 1202 1831 1245 est
1864 1188 2048 1245 Chris-

486 1288 567 1333 tus
602 1279 669 1335 “.
696 1278 925 1334 Causam
966 1295 1096 1335 vero
1136 1280 1291 1349 hujus
1332 1282 1643 1336 immolandi
1686 1282 1920 1352 Baptista
1967 1283 2049 1338 sic

483 1370 701 1424 exhibet
730 1370 915 1425 dicens
946 1387 959 1422 :
999 1372 1133 1425 Ecce
1153 1372 1329 1441 Agnus
1354 1371 1486 1433 'Dei,
1515 1388 1627 1426 ecce
1658 1374 1746 1443 qui
1774 1372 1904 1426 tollit
1934 1389 2050 1440 pec-

483 1471 603 1513 cata
653 1461 831 1514 mundi
872 1460 937 1515 θ’.
985 1460 1193 1531 Reapse
1237 1462 1481 1523 victima.
1510 1443 1768 1517 maloru'm
1811 1464 2047 1517 onmium

485 1551 817 1617 remedium,
872 1553 987 1605 neci
1032 1552 1291 1607 traditum
1330 1553 1429 1606 fuit
1472 1554 1774 1608 Servatoris
1830 1568 2046 1621 corpus,

483 1643 623 1711 quod
685 1642 856 1697 instar
902 1644 1243 1713 expiationis,
1300 1644 1465 1699 totius
1536 1645 1717 1699 mundi
1768 1655 2046 1714 peccatum

487 1733 731 1790 abstulit.
788 1733 1079 1799 PrOpIerea
1131 1734 1299 1789 Isaias
1352 1736 1495 1789 clare
1550 1736 1917 1790 exclamavit:
1950 1734 2052 1790 Hic

482 1837 695 1895 peccata
726 1837 904 1881 nostra
936 1825 1056 1895 fert,
1084 1837 1130 1879 et
1152 1842 1249 1895 pro
1282 1826 1430 1880 nobis
1452 1826 1651 1896 patitur
1682 1826 1745 1881 ".

554 2006 610 2063 2.
650 2007 821 2080 llujus
864 2024 993 2079 ergo
1026 2009 1280 2072 victimae,
1342 2009 1394 2063 id
1449 2018 1532 2064 est
1594 2008 1899 2065 Servatoris
1959 2026 2049 2079 qut

484 2103 704 2173 proprio
731 2101 995 2171 sanguine
1049 2102 1339 2155 humanum
1386 2115 1555 2170 genus
1590 2103 1837 2165 salvavit,
1893 2103 2051 2158 intel-

485 2191 801 2247 lectualibus
866 2190 1004 2259 pasti
1056 2190 1348 2254 carnibus,
1402 2190 1650 2243 videlicet
1711 2193 2048 2260 dogmatibus

485 2294 647 2351 atque
703 2280 964 2335 doctrinis
1019 2280 1277 2334 caelorum
1343 2295 1564 2351 regnum
1639 2282 2048 2347 nuntiantibus,

486 2373 696 2429 deliciis
727 2372 919 2427 merito
956 2371 1157 2426 divinis
1184 2372 1519 2427 deliciamur.
1564 2371 1668 2427 Sed
1698 2382 1751 2427 et
1784 2373 1888 2427 fide
1918 2389 2047 2445 erga

485 2466 801 2536 sanguinem
847 2464 988 2535 ejus,
1042 2479 1198 2533 quem
1236 2480 1333 2533 pro
1380 2474 1564 2520 nostra
1618 2467 1791 2520 salute
1849 2466 2047 2538 lytrum

488 2557 699 2622 obtulit,
730 2556 924 2611 animae
957 2556 1167 2622 domos,
1209 2556 1259 2610 id
1289 2567 1375 2611 est
1404 2572 1655 2626 corpora,
1682 2558 2046 2628 obsignantes,

485 2666 645 2707 omne
677 2667 849 2723 genus
894 2651 1261 2705 insidiantium
1288 2652 1588 2706 daemonum
1607 2667 1635 2705 a
1664 2653 1815 2707 nobis
1834 2653 2051 2707 submo-

487 2759 721 2809 vemus,
785 2744 1156 2812 transitusque
1215 2743 1610 2799 solemnitatem
1672 2743 2045 2811 celebrantes,

488 2836 721 2890 transire
774 2834 841 2889 ad
900 2836 1081 2889 divina
1138 2836 1436 2896 studemus.
1499 2834 1661 2888 veluti
1711 2835 1836 2889 olim
1880 2835 1953 2889 illi
1996 2835 2048 2889 in

485 2928 761 2981 desertum
792 2941 857 2981 ex
887 2925 1121 2995 Egypto
1137 2925 1580 2995 commigrarunt.
1616 2922 1691 2977 Ita
1723 2938 1818 2977 nos
1836 2939 2048 2995 quoque

2150 449 2344 521 κρίδων
2399 452 2844 522 προσφερόμενοι,
2899 451 3061 504 τόπον
3092 450 3157 503 ὲκ
3202 449 3366 502 τόπου
3427 446 3706 512 διέϐαινον,

2147 542 2237 594 τὸν
2258 542 2365 595 ἀπὸ
2390 543 2488 612 τῆς
2519 543 2827 611 Αἰγυπτίων
2854 544 2957 615 γῆς
2997 543 3089 596 ἐπὶ
3119 541 3214 614 τὴν
3255 541 3475 613 ἔρημον.
3523 538 3709 593 Ταῦτα

2148 634 2277 702 γοῦν
2302 634 2484 697 αὐτοῖς
2518 636 2649 705 ὁμοῦ
2670 638 2734 706 τῇ
2766 636 2858 689 τού
2889 636 3159 706 προϐάτου
3182 636 3360 704 σφαγῇ
3388 649 3447 686 τε
3476 631 3569 686 καὶ
3596 648 3714 703 τρο·

2148 730 2220 798 φῇ
2251 727 2508 797 πράττειν
2552 728 2952 800 νενομοθέτητο.
2992 728 3181 781 Ἔνθεν
3228 728 3261 797 ή
3323 726 3380 792 ἐξ
3433 724 3708 793 Αἰγύπτου

2150 818 2450 885 μετάϐασις
2476 818 2572 890 τὴν
2607 820 2713 873 τῶν
2759 820 3117 890 διαϐατηρίων
3173 819 3352 881 αὐτοῖς
3397 815 3709 885 ἐπωνυμίαν

2148 910 2406 982 ἐπλήρου.
2474 913 2614 965 Ἀλλ’
2670 913 2896 976 ἐκείνοις
2956 914 3052 983 μὲν
3092 911 3332 974 τυπικῶς
3378 910 3550 963 ταῦτα
3593 925 3712 962 συν-

2148 1000 2379 1064 έϐαινεν,
2427 1002 2639 1073 ἐγράφη
2682 1003 2739 1056 δὲ
2786 1004 2851 1057 δι’
2894 1005 3058 1074 ἡμᾶς.
3111 1002 3218 1056 Καί
3259 1019 3320 1071 γε
3368 999 3709 1073 διερμηνεύει

2148 1092 2356 1158 Παῦλος
2376 1093 2481 1146 τῶν
2514 1095 2758 1147 παλαιῶν
2811 1095 3089 1166 συμϐόλων
3125 1092 3415 1163 διαφαίνων
3448 1094 3544 1163 τὴν
3574 1092 3709 1161 ἀλή-

2149 1183 2296 1238 θειαν
2322 1184 2387 1237 δι’
2412 1179 2486 1239 ὧν
2512 1204 2641 1255 φησι
2660 1204 2673 1217 ο
2711 1187 2817 1241 Καὶ
2849 1188 2959 1255 γὰρ
2998 1186 3064 1239 τὸ
3089 1185 3300 1253 Πάσχα
3326 1183 3493 1254 ἡμῶν
3533 1184 3709 1251 ἐτύθη

2148 1277 2414 1343 Χριστός.
2446 1278 2519 1330 Τὸ
2532 1278 2587 1329 δὲ
2613 1280 2783 1331 αἴτιον
2806 1278 2897 1331 τοῦ
2920 1279 3141 1349 τυθῆναι
3166 1276 3326 1329 αὐτὸν
3350 1278 3378 1327 ὁ
3406 1273 3711 1345 Βαπτιστὴς

2148 1367 2471 1438 παρίστησιν
2491 1368 2656 1423 εἰπών
2676 1386 2688 1400 ο
2728 1369 2839 1423 Ἴδε
2863 1372 2895 1423 ό
2933 1369 3135 1438 Ἆμνὸς
3160 1366 3265 1421 τοῦ
3296 1365 3442 1420 Θεοῦ
3474 1368 3506 1419 ό
3529 1368 3711 1432 αῐρων

2148 1459 2262 1526 τὴν
2280 1461 2568 1528 ἁμαρτίαν
2590 1462 2695 1517 τοῦ
2718 1463 2964 1530 κόσμου.
2990 1462 3098 1514 Καὶ
3130 1461 3240 1532 γὰρ
3278 1458 3503 1529 σφάγιον
3525 1457 3711 1511 κακῶν

2146 1551 2399 1604 ἁπάντων
2430 1554 2795 1624 ἀποτρόπαιον
2835 1553 2896 1605 τὸ
2925 1553 3083 1623 σῶμα
3119 1552 3179 1605 τὸ
3212 1552 3471 1623 σωτήριον
3499 1548 3575 1620 τῷ
3612 1548 3708 1602 θα-

2152 1643 2297 1713 νάτῳ
2328 1645 2661 1715 παρεδίδοτο,
2687 1645 2714 1697 ὃ
2738 1644 2800 1714 δὴ
2847 1643 3140 1715 καθαρσίου
3167 1643 3319 1711 δίκην
3369 1639 3464 1694 τοῦ
3510 1638 3710 1703 παντὸς

2153 1738 2336 1808 ἀφεῖλε
2358 1738 2562 1808 κόσμου
2588 1740 2683 1811 τὴν
2713 1738 2983 1809 ἁμαρτίαν
3001 1755 3015 1769 ·
3058 1737 3296 1808 κέκραγε
3336 1734 3464 1803 γοῦν
3510 1733 3709 1806 τηλαυο

2151 1831 2261 1899 γῶς
2304 1831 2568 1895 Ἡσαΐας·
2628 1826 2814 1896 Οὗτος
2846 1831 2950 1896 τὰς
2996 1829 3282 1899 ἁμαρτίας
3332 1826 3499 1897 ἡμῶν
3550 1824 3711 1896 φόρει

2149 1923 2245 1977 καί
2267 1924 2397 1991 περὶ
2434 1923 2601 1990 ἡμῶν
2635 1920 2932 1977 όδυνᾶται.

2220 2015 2285 2085 β’.
2322 2016 2521 2069 Τούτου
2559 2016 2622 2087 δὴ
2663 2016 2753 2069 τοῦ
2789 2014 3050 2088 σωτηρίου
3085 2013 3319 2084 θύματος
3374 2011 3465 2065 τοῦ
3497 2009 3573 2081 τῷ
3599 2009 3715 2080 ίδίῳ

2150 2112 2339 2182 αἵματι
2378 2110 2439 2163 τὸ
2492 2110 2707 2164 πάντων
2760 2108 3058 2180 ἀνθρώπων
3100 2106 3253 2175 γένος
3292 2102 3711 2172 ἀνασωσαμένου

2147 2205 2265 2265 ταῖς
2320 2202 2561 2269 λογικαῑς
2608 2200 2762 2271 σαρξὶ
2816 2200 3172 2271 τρεφόμενοι,
3226 2195 3505 2266 μαθήμασι
3556 2193 3713 2263 δηλα-

2147 2292 2209 2363 δή
2241 2293 2331 2345 καὶ
2359 2292 2535 2359 λόγοις
2557 2290 2826 2360 βασιλείας
2849 2286 3089 2360 οὐρανῶν
3113 2283 3571 2352 καταγγελτικοίς,
3611 2282 3711 2351 τὴν

2148 2383 2288 2437 κατὰ
2336 2383 2467 2436 Θεὸν
2517 2383 2737 2444 εἰκότως
2784 2380 3074 2451 τρυφῶμεν
3125 2375 3349 2447 τρυφήν.
3415 2372 3571 2427 Ἀλλὰ
3614 2372 3711 2424 καὶ

2150 2475 2325 2527 πίστει
2358 2473 2450 2528 τοῦ
2475 2475 2700 2543 αἵματος
2729 2471 2913 2533 αὑτοῦ,
2938 2471 2965 2523 ὃ
2985 2469 3047 2539 δὴ
3074 2469 3264 2539 λύτρον
3288 2466 3422 2536 ὑπὲρ
3448 2464 3546 2533 τῆς
3578 2466 3711 2535 ἡμε-

2147 2571 2313 2641 τέρας
2344 2569 2659 2624 ὰντιδέδωκε
2708 2567 2979 2638 σωτηρίας
2998 2604 3012 2627 ,
3043 2566 3167 2627 τοὺς
3197 2563 3369 2633 ψυχῆς
3424 2562 3600 2622 οἴκους
3641 2559 3713 2612 τὰ

2150 2661 2373 2731 σώματα
2398 2659 2946 2730 κατασημαινόμενοι,
2976 2658 3083 2709 πᾶν
3110 2656 3263 2723 γένος
3294 2653 3557 2724 δαιμόνων
3588 2652 3713 2703 ὲπι-

2150 2753 2355 2805 ϐούλων
2377 2750 2437 2815 ἐξ
2474 2749 2682 2803 ἑαυτῶν
2711 2748 3084 2818 ἀπελαύνομεν
3105 2762 3117 2774 ·
3153 2748 3247 2799 καὶ
3276 2744 3371 2816 τὴν
3406 2743 3512 2798 τῶν
3536 2742 3717 2796 διαϐαι-

2147 2845 2348 2917 τηρίων
2380 2844 2569 2915 ἑορτὴν
2611 2842 2998 2906 ἐπιτελοῦντες,
3054 2840 3341 2896 διαϐαίνειν
3406 2836 3715 2908 μελετῶμεν

2150 2934 2240 2986 ἐπὶ
2272 2933 2336 2986 τὰ
2370 2933 2506 2999 θεῖα,
2543 2933 2616 2996 ὡς
2646 2933 2810 2985 πάλαι
2835 2932 2933 3001 τῆς
2981 2930 3252 2999 Αἰγύπτου
3284 2923 3717 2999 μεταϐεϐηκότες

488 3018 691 3074 invium
715 3017 984 3086 quoddam
1008 3016 1387 3083 desertumque
1415 3029 1444 3068 a
1470 3015 1652 3068 multis
1672 3014 1772 3069 iter
1796 3016 2044 3080 facinms.

2153 3024 2242 3077 ὲπ¹ι
2273 3025 2368 3091 τὴν
2398 3023 2619 3094 ἔρημον.
2651 3021 2832 3092 Ταύτῃ
2872 3021 3001 3089 γοῦν
3039 3020 3131 3073 καὶ
3158 3020 3316 3090 ήμεῖς
3349 3014 3544 3088 ἀτριϐῆ
3594 3030 3715 3067 τινα

491 3121 643 3164 vetus
668 3108 952 3179 irreligiosi
986 3108 1190 3162 erroris
1220 3106 1546 3161 fermentum
1574 3107 1752 3161 anima
1780 3107 2049 3176 expellen-

490 3216 592 3275 tes,
638 3218 876 3274 veraque
920 3203 1099 3270 intyba
1132 3217 1316 3255 amaro
1363 3208 1419 3256 et
1452 3200 1664 3256 insuavi
1713 3200 1854 3254 victu
1893 3199 2050 3254 simul

489 3306 842 3367 apponentes.
878 3292 1117 3363 Tempus
1164 3305 1382 3362 quoque
1412 3290 1772 3345 solemnitatis
1798 3297 2053 3359 opportu-

491 3403 617 3444 num
646 3395 752 3450 est,
781 3384 922 3439 baud
958 3384 1008 3437 in
1051 3383 1286 3438 medium
1321 3382 1554 3436 hiemem
1590 3382 1892 3447 incurrens,
1933 3398 2053 3452 qure

491 3480 661 3537 tristis
721 3486 837 3545 est;
898 3491 1071 3546 neque
1121 3474 1357 3530 vicissim
1406 3476 1457 3529 in
1508 3474 1738 3535 mediam
1782 3484 2050 3539 aestatem,

490 3587 600 3643 quo
654 3580 897 3640 tempore
946 3568 1158 3625 fervens
1218 3567 1547 3632 solstitium,
1607 3568 1938 3620 versantium
1998 3566 2049 3620 in

491 3665 638 3736 agris
666 3672 1002 3719 venustatem
1035 3661 1261 3724 deterit;
1302 3660 1463 3713 nimis
1503 3660 1629 3713 item
1677 3658 1896 3727 prolixa:
1928 3670 2054 3715 sunt

493 3756 661 3821 horae,
723 3753 866 3808 haud
927 3752 1095 3819 aequis
1146 3750 1387 3819 partibus
1449 3748 1652 3803 divisae.
1711 3749 1814 3803 Sed
1881 3766 2054 3820 neque

492 3843 799 3901 autumnale
845 3843 1224 3910 aequinoctium
1265 3840 1558 3910 jucundum
1616 3851 1891 3909 aspectum
1940 3858 2051 3913 pra:

491 3952 552 3992 se
583 3935 725 3998 fert,
762 3934 982 3987 viduato
1011 3947 1164 4001 agro,
1216 3942 1271 3986 et
1320 3931 1433 3986 suis
1484 3930 1745 3987 fructibus
1800 3944 2051 4003 tanquam

494 4025 620 4080 liliis
680 4024 929 4094 spoliato.
978 4024 1233 4091 Superest
1294 4040 1359 4079 ex
1407 4025 1491 4079 bis
1549 4027 1671 4080 anni
1727 4028 2054 4095 temporibus

492 4117 673 4173 laetum
704 4132 822 4181 ver,
863 4115 1003 4185 quod
1051 4114 1215 4169 totius
1263 4116 1412 4180 anni,
1455 4131 1550 4170 ceu
1600 4119 1845 4188 corporis
1894 4130 2055 4189 caput

490 4216 596 4274 est,
631 4222 753 4262 cum
795 4206 873 4262 sol
916 4208 1145 4275 primam
1196 4206 1353 4261 stadii
1407 4208 1489 4261 sui
1533 4218 1739 4276 partem
1792 4208 2051 4271 decurrit,

492 4302 619 4357 luna
657 4310 835 4355 autem
877 4299 1082 4369 pariter
1117 4298 1272 4369 pleno
1314 4299 1463 4356 orbis
1511 4301 1590 4356 sui
1642 4302 1843 4357 lumine
1881 4302 2054 4357 noctis

2156 3117 2248 3169 καὶ
2280 3116 2483 3185 ἔρημον
2507 3118 2616 3177 τοῖς
2636 3114 2844 3176 πολλοῖς
2870 3111 3192 3181 στελλόμεθα
3217 3108 3458 3180 πορείαν,
3484 3104 3715 3161 παλαιάν

2158 3206 2331 3277 ζύμην
2398 3206 2555 3259 ἀθέου
2611 3205 2814 3275 πλάνης
2883 3204 2980 3273 τῆς
3048 3202 3216 3272 αὐτῆς
3266 3201 3443 3271 ψυχῆς
3511 3197 3715 3269 ὲξόριον

2160 3298 2498 3368 ποιούμενοι,
2534 3299 2626 3350 καὶ
2660 3296 2757 3359 τὰς
2787 3294 3005 3365 ἀληθεῖς
3041 3294 3292 3364 πικρίὸας
3339 3291 3427 3346 διὰ
3475 3291 3573 3360 τῆς
3622 3307 3712 3341 πι-

2159 3392 2293 3462 κρᾶς
2335 3390 2427 3441 καὶ
2471 3388 2720 3457 ἀλγεινῆς
2776 3387 2983 3456 διαίτης
3038 3385 3481 3457 προσφερόμενοι.
3530 3381 3636 3433 Καὶ
3684 3381 3714 3432 ό

2158 3482 2342 3553 καιρὸς
2370 3482 2425 3535 δὲ
2455 3482 2551 3553 τῆς
2579 3481 2765 3552 ἑορτῆς
2800 3479 3049 3551 εὔκαιρος
3070 3519 3086 3542 ,
3116 3480 3214 3532 οὐκ
3244 3480 3300 3530 ὲν
3350 3476 3481 3547 μέσῃ
3511 3472 3716 3543 χειμῶ-

2158 3593 2243 3638 νος
2269 3575 2386 3645 ῶρα
2421 3574 2768 3645 παρηγμένος
2789 3591 2801 3603 ·
2833 3572 3055 3640 στυγνὸς
3089 3572 3195 3642 γάρ
3219 3564 3369 3632 οὗτος
3390 3586 3402 3598 ·
3446 3566 3554 3620 ἀλλ’
3606 3564 3713 3617 οὐδ’

2158 3666 2213 3717 ὲν
2240 3664 2387 3734 μέσῳ
2418 3664 2562 3734 θέρει
2587 3662 2913 3732 κατάλληλος
2944 3656 3031 3731 ἦν,
3064 3660 3182 3714 καθ’
3211 3660 3267 3712 ὃν
3323 3661 3356 3729 ὴ
3403 3654 3576 3727 τροπὴ
3603 3653 3714 3722 (24)

2159 3757 2578 3828 φλεγμαίνουσα,
2618 3756 2725 3809 τῶν
2778 3758 2897 3810 κατ’
2950 3754 3150 3827 ἀγροὺς
3209 3750 3569 3823 σχολαζόντων
3622 3764 3718 3800 πε-

2161 3850 2446 3918 ριαιρεῖται
2495 3847 2556 3901 τὺ
2618 3846 2841 3910 κάλλος·
2898 3844 3206 3903 πλεονεκτεῖ
3256 3842 3311 3894 δὲ
3347 3839 3440 3895 καὶ
3495 3837 3562 3889 τὰ
3608 3834 3717 3887 τῶν

2158 3939 2335 4010 ὡρῶνν
2370 3940 2468 3992 οὐκ
2501 3938 2996 4009 ἐπαμφοτερίζοντα
3015 3939 3079 4006 τῇ
3108 3933 3376 4004 ἰσομοιρίᾳ
3403 3929 3533 4000 (25)·
3592 3944 3718 3998 μετ-

2158 4031 2369 4103 οπώρου
2391 4031 2498 4103 γὰρ
2532 4030 2737 4101 τροπῆς
2771 4030 2870 4083 οὐκ
2920 4026 3216 4098 ἐπιτερπὴς
3245 4026 3277 4094 ἡ
3311 4023 3425 4085 θέα,
3452 4018 3714 4093 χηρευού-

2162 4140 2260 4194 σης
2296 4123 2393 4193 μὲν
2426 4123 2521 4193 τῆς
2544 4121 2746 4193 χώρας,
2774 4120 2879 4173 τῶν
2924 4120 2969 4173 δ’
3001 4118 3209 4173 οἰκείων
3266 4115 3489 4187 καρπῶν
3540 4113 3614 4176 ὡς
3649 4111 3716 4163 ἂν

2158 4214 2361 4267 τέκνων
2401 4212 2863 4283 ἁπεστερημένης.
2896 4212 3035 4282 Ἔαρ
3078 4210 3152 4279 ’δὴ
3214 4206 3454 4260 λείπεται
3504 4204 3562 4258 τὸ
3594 4221 3719 4273 φαι-

2157 4306 2300 4376 δρὸν,
2330 4305 2357 4358 ὃ
2382 4304 2555 4374 δήτοῦ
2584 4304 2781 4367 παντὸς
2808 4304 2955 4366 ἔτους
2996 4300 3201 4371 κεφαλή
3229 4316 3310 4363 τις
3340 4294 3427 4351 οἷα
3472 4296 3717 4366 σώματος

491 4406 710 4447 cursum
742 4391 793 4445 in
820 4390 1055 4445 lucidum
1083 4388 1437 4444 transformat
1464 4391 1624 4445 diem.
1655 4393 1783 4456 Ver,
1814 4393 2050 4463 inquam,

2162 4399 2392 4467 ήγείται,
2430 4397 2580 4467 ἡλίου
2638 4396 2734 4465 μὲν
2778 4395 2842 4463 δὴ
2889 4396 3010 4465 ἄρτι
3042 4393 3102 4446 τὸ
3127 4392 3337 4467 πρῶτον
3365 4390 3554 4461 τμῆμα
3578 4388 3719 4441 διιπ-

492 4481 803 4537 hiemalium
860 4482 1219 4535 tonitruorum
1287 4480 1721 4537 terriculamenta
1787 4483 2055 4549 discutit,

491 4571 649 4644 longa
692 4570 999 4641 (noctium)
1066 4572 1353 4625 interstitia
1390 4572 1548 4637 tollit,
1592 4588 1855 4642 aquarum
1886 4592 2058 4630 exun-

490 4664 737 4720 dationes
767 4663 1004 4718 cohibet.
1046 4660 1275 4732 Jamque
1324 4678 1459 4718 nova
1500 4664 1815 4733 splendente
1852 4667 2057 4721 sereni-

492 4764 625 4820 tate,
658 4755 945 4825 tranquilla
982 4754 1113 4808 fiunt
1148 4756 1525 4824 navigantibus
1554 4757 1745 4819 maria.
1780 4758 2051 4826 sudusque

492 4862 587 4902 aer
614 4856 753 4901 terra
783 4849 886 4901 iter
913 4846 1258 4901 facientibus.
1290 4846 1553 4916 Regiones
1587 4847 1802 4902 interim
1834 4849 1883 4901 in
1910 4849 2054 4919 agris

488 4940 841 5012 gravidantur
908 4939 1205 4995 seminibus
1240 4979 1256 5005 ,
1320 4949 1375 4994 et
1447 4940 1712 4995 fructibus
1785 4951 2054 4998 tumentes

490 5034 736 5094 arbores.
786 5030 882 5086 Dei
937 5030 1093 5085 donis
1142 5042 1451 5096 exornatae,
1505 5032 1756 5097 agricolis
1814 5033 2054 5089 laborum

488 5122 795 5177 mercedem
833 5120 884 5175 in
916 5121 1291 5175 benedictione
1316 5120 1571 5189 prmbent.

2157 4488 2432 4551 πεύοντος,
2468 4488 2693 4558 σελήνης
2731 4487 2774 4539 δ’
2808 4488 2871 4539 ὲκ
2909 4485 3249 4556 παραλλήλου
3295 4483 3588 4552 πλησιφαεῖ
3639 4478 3719 4550 τῷ

2159 4581 2295 4649 φωτὶ
2317 4580 2407 4632 τὸν
2433 4578 2531 4649 τῆς
2558 4578 2747 4641 νυκτὸς
2772 4577 2967 4649 δρόμον
2992 4581 3069 4641 είς
3092 4576 3346 4647 λαμπρὰν
3384 4570 3719 4646 μεθαρμοζο-

2162 4675 2326 4745 μένης
2370 4673 2602 4744 ἡμέραν.
2661 4671 2830 4723 Τοῦτο
2874 4669 2988 4723 λύει
3033 4671 3129 4741 μὲν
3179 4668 3398 4723 κτύπων
3426 4664 3719 4737 χειμερίων

2159 4765 2401 4836 φόϐητρα
2428 4762 2560 4833 (26),
2580 4762 2693 4814 λύει
2716 4762 2771 4815 δε
2798 4759 2982 4832 μακρὰ
3004 4760 3361 4830 διαστήματα,
3388 4755 3721 4834 πλημμύρας

2160 4852 2365 4906 ὑδάτων
2398 4848 2735 4921 μεταϐάλλει.
2776 4848 2914 4919 Ἤδη
2962 4848 3017 4901 δὲ
3063 4849 3262 4919 νεαρᾶς
3309 4844 3721 4914 ὲπιλαμπούσης

2162 4941 2396 5013 αἰθρίας,
2425 4941 2630 5012 γαλήνη
2660 4939 2755 5009 μὲν
2793 4942 2907 5003 τοῖς
2930 4938 3311 4992 θαλαττεύουσι
3345 4935 3627 5004 καθίστησι
3653 4931 3723 4985 τὰ

2163 5032 2395 5103 πελάγη,
2426 5030 2595 5084 εύδιον
2621 5031 2675 5083 δὲ
2701 5029 2836 5101 ἀέρα
2857 5032 2965 5094 τοῖς
2994 5030 3133 5086 κατὰ
3159 5030 3261 5100 γῆν
3302 5027 3597 5098 ὁδοιπόροις
3636 5028 3723 5077 ὲν-

2161 5124 2365 5178 δίδωσι.
2396 5123 2583 5194 Χῶραι
2610 5122 2653 5174 δ’
2683 5124 2740 5174 ὲν
2785 5121 2958 5193 τούτῳ
3004 5123 3124 5174 κατ’
3171 5120 3369 5192 ἀγροὺς
3423 5114 3723 5185 ἐγκύμονες

490 5215 839 5285 σπερμάτων,
873 5216 966 5269 καὶ
1026 5213 1254 5285 καρπῶν
1306 5214 1643 5287 σπαργῶντα
1674 5217 1815 5285 φυτά
1856 5222 1965 5285 τοῖς
1993 5222 2055 5274 ὲκ
2094 5219 2226 5273 Θεοῦ
2294 5218 2483 5290 δώροις
2546 5217 2905 5289 ἀγαλλόμενα,
2942 5219 3202 5289 γεωργοῖς
3234 5219 3406 5268 πόνων
3430 5212 3530 5275 τὰς
3564 5211 3721 5282 ἀμοι-

411 5304 419 5313 ’
486 5307 587 5373 ϐάς
614 5310 673 5363 ὲν
694 5310 965 5379 εὐλογίαις
992 5311 1236 5382 παρέχει.
1266 5301 1275 5315 ’

559 5401 607 5433 ⁸⁸
643 5399 817 5457 lCor.
850 5420 907 5470 π,
936 5406 1026 5459 ll.
1103 5406 1146 5437 ’ί
1179 5404 1196 5458 l
1226 5405 1353 5461 Cor.
1384 5420 1436 5469 v,
1463 5404 1511 5457 7.
1589 5404 1632 5436 ⁸¹
1654 5403 1807 5459 Joan.
1843 5406 1986 5472 t,29.

2153 5404 2249 5461 sai.
2276 5418 2392 5465 un,
2422 5399 2477 5453 4.

558 5496 675 5566 (24)
689 5495 821 5551 Cod.
847 5499 1125 5554 evidenter
1141 5501 1335 5571 τροφή,
1363 5500 1649 5555 manifesto
1666 5509 1841 5553 tamen
1862 5501 2046 5556 tncrulc

488 5568 811 5639 menmi-
867 5637 874 5639 .

615 5583 811 5620 τοοπη.

558 5636 669 5705 (‘25)
712 5636 969 5705 Loquitur
1003 5639 1299 5707 priscorum
1354 5654 1534 5703 more,
1579 5639 1718 5708 apud
1758 5654 1894 5707 quos
1927 5654 2049 5695 cum

485 5714 593 5760 tam
624 5715 809 5761 testate
844 5722 1004 5767 quam
1050 5709 1225 5765 bieme
1269 5710 1383 5766 dies
1431 5711 1688 5766 duodenis
1730 5710 1878 5766 boris
1922 5725 2052 5765 con-

2162 5510 2309 5553 stare
2349 5496 2613 5559 deberet,
2677 5493 2760 5548 ltae
2806 5492 3112 5547 necessario
3173 5495 3357 5544 testate
3410 5485 3707 5555 longiores.

2159 5571 2336 5625 hieme
2365 5566 2639 5619 breviores
2664 5564 3135 5631 compntabantnr.
3176 5630 3181 5631 7
3344 5630 3351 5631 7
3384 5630 3391 5631 7
3604 5619 3617 5631 7

2234 5637 2344 5708 ($6)
2393 5634 2666 5708 Aistuosis
2712 5630 2855 5690 enim
2890 5633 2941 5687 in
2985 5630 3291 5703 regionibus
3342 5630 3515 5685 biemc
3548 5630 3714 5679 etiam

2162 5705 2393 5763 tonitrua
2422 5705 2734 5761 audiuntur.
