4098 6200
356 309 452 358 W7

1490 302 1581 358 DE
1620 303 2109 361 SOLEMNITATB
2148 303 2507 361 PASCHALI.

3502 306 3607 367 698

422 427 494 487 γ’.
528 411 700 483 Οὗτος
742 420 773 472 ὁ
805 419 902 491 τῆς
944 418 1136 489 ἑορτῆς
1191 418 1412 489 καιρὸς,
1469 423 1783 491 Αἰγυπτίοις
1841 424 1938 496 μὲν

2095 392 2167 482 ⁶5.
2190 474 2194 478 .
2221 426 2333 481 Hoc
2370 423 2728 479 solemnitatis
2777 432 2986 494 tempus
3041 422 3306 495 Egyptiis
3342 427 3566 497 quidem
3596 477 3610 501 ,

351 512 578 584 ὄλεθρον
606 514 721 575 τοῖς
752 511 1016 583 δαιμόνων
1067 511 1261 581 φίλοις,
1314 512 1586 585 Ἑϐραίοις
1635 515 1693 569 δὲ
1742 517 1932 587 ἑορτά-

354 604 511 671 ζουσι
574 604 655 676 τῷ
702 603 836 675 Θεῷ,
882 604 1068 657 κακῶν
1128 604 1441 677 ἐλευθερίαν
1489 606 1806 678 προύξένει-
1846 603 1935 662 οὗ-

354 715 457 763 τος
479 693 719 768 (26⁸)σῆν
756 697 918 761 αὐτὸς
952 700 1180 761 ἐκεῖνος,
1207 697 1236 749 ό
1257 697 1321 769 δὴ
1352 698 1444 752 καὶ
1476 700 1566 752 ἐπὶ
1586 700 1685 770 τῆς
1713 700 1934 772 πρώτης

359 790 456 846 τοῦ
492 792 685 855 παντὸς
704 792 1061 860 κοσμογονίας
1109 790 1498 863 τετηρημένος,
1525 792 1646 845 καθ’
1687 792 1746 844 δν
1786 795 1819 864 ή
1859 792 1933 863 γῆ

363 888 683 956 ἐϐλάστησε,
708 886 829 939 καθ’
850 886 910 939 δν
934 886 982 939 οἰ
1011 886 1295 957 φωστῆρες
1322 885 1587 954 ἐγένοντο,
1605 885 1726 939 καθ’
1752 886 1811 939 δν
1845 886 1936 939 ού-

366 981 525 1053 ρανὸς
548 980 635 1034 καὶ
650 980 718 1049 γῆ
732 978 1093 1050 παρήχθησαν
1110 978 1203 1032 καὶ
1222 978 1398 1032 πάντα
1418 977 1486 1032 τὰ
1506 979 1563 1032 ὲν
1577 978 1777 1042 αὐτοῖς’
1797 976 1935 1031 κατὰ

364 1072 546 1126 τοῦτον
567 1072 657 1123 καὶ⁵
683 1072 711 1122 ό
728 1069 917 1140 Σωτὴρ
945 1068 1039 1122 τοῦ
1068 1068 1379 1139 σύμπαντος
1408 1069 1611 1139 κόσμου
1638 1068 1698 1122 τὸ
1731 1070 1828 1140 τῆς
1857 1072 1935 1124 οἰ-

363 1161 513 1224 κείας
531 1159 721 1231 ἑορτῆς
747 1159 1021 1225 ἐξετέλεσε
1042 1161 1357 1231 μυστήριον,
1386 1160 1479 1214 καὶ⁵
1496 1160 1593 1231 τὴν
1615 1161 1934 1232 οἰκουμένην

363 1255 512 1326 (27M
538 1255 711 1325 μέγας
740 1254 984 1326 φωστὴρ,
1006 1254 1282 1319 εὐσεϐείας
1302 1256 1497 1323 αὐγαῖς
1520 1254 1932 1326 κατελάμπρυνε

362 1346 452 1399 καὶ
468 1344 531 1416 δὴ
545 1343 819 1413 γενέθλιον
840 1344 1043 1414 κόσμου
1058 1344 1087 1395 ό
1104 1343 1290 1413 καιρὸς
1312 1342 1590 1414 περιέχειν
1603 1342 1765 1396 ἔοικε.
1780 1344 1936 1398 Κατὰ

356 1438 541 1492 τοῦτον
572 1437 630 1491 δὲ
669 1438 761 1491 τὸν
790 1438 980 1509 καιρὸν
1007 1438 1100 1490 καὶ
1122 1436 1289 1501 τύπος
1320 1436 1568 1498 ἐτελεῖτο,
1598 1435 1661 1489 τὸ
1709 1436 1935 1491 παλαιὸν

356 1529 570 1599 Πάσχα,
595 1527 624 1580 ὃ
658 1529 751 1581 καὶ
781 1527 1126 1599 διαϐατήριον
1148 1526 1361 1598 εἴρηται
1388 1543 1401 1558 ·
1445 1526 1580 1579 ἀλλὰ
1608 1527 1702 1581 καὶ
1730 1527 1935 1598 προϐά-

354 1640 449 1675 του
482 1621 698 1691 σφαγῆς
726 1618 993 1691 σύμϐολον
1016 1619 1243 1690 ἔφερεν·
1285 1618 1418 1671 ἀλλὰ
1444 1618 1537 1672 καὶ
1571 1617 1778 1690 τροφῆς
1809 1617 1937 1683 ἀζύ-

363 1730 478 1783 μων
505 1712 685 1783 ἄρτων
714 1710 956 1781 ᾐνίττετο
986 1708 1188 1763 εἰκόνα.
1213 1707 1396 1761 Ταῦτα
1418 1707 1475 1761 δὲ
1507 1708 1599 1761 ἐπὶ
1621 1707 1718 1770 τὴν
1762 1707 1937 1778 σωτή-

2034 529 2221 589 utpote
2258 518 2566 570 daemonum
2590 516 2809 579 amicis,
2837 516 3064 570 exitium
3092 534 3106 578 ;
3142 515 3383 575 Hebraeis
3427 532 3604 580 autem

2036 613 2204 667 Deum
2238 610 2378 665 festo
2403 612 2510 663 ritu
2541 609 2961 672 celebrantibus,
2982 610 3245 664 malorum
3275 610 3435 667 linem
3470 624 3607 670 attu-

2032 703 2111 759 lit.
2146 703 2259 759 Hoc
2302 703 2442 757 idem
2477 711 2598 756 erat
2630 702 2755 754 anni
2788 712 3021 771 tempus,
3063 700 3205 769 quod
3239 702 3292 757 in
3338 705 3608 775 primitiva

2032 798 2197 851 etiam
2234 796 2469 850 universi
2507 795 2780 847 creatione
2826 793 3176 858 decurrebat,
3218 810 3326 865 quo
3372 806 3611 867 tempore

2036 898 2180 942 terra
2229 887 2569 958 germinavit,
2620 896 2673 940 et
2733 885 3021 940 luminaria
3076 887 3400 942 exstiterunt
3447 905 3461 942 :
3505 904 3613 958 quo

2037 988 2279 1047 tempore
2308 977 2524 1043 caelum,
2559 986 2737 1043 terra,
2777 984 2832 1029 et
2869 977 3051 1029 omnia
3088 992 3209 1047 qua:
3246 978 3299 1032 in
3339 981 3419 1035 eis
3453 991 3609 1053 sunt,

2033 1070 2292 1139 producta
2333 1068 2573 1123 fuerunt.
2604 1067 2717 1122 Hoc
2744 1068 2859 1137 ipso
2893 1077 3134 1137 tempore
3168 1070 3401 1126 universi
3427 1074 3608 1128 mundi

2036 1161 2293 1217 Servator
2323 1159 2682 1215 solemnitatis
2710 1174 2819 1216 suae
2851 1161 3165 1229 mysterium
3195 1163 3419 1233 peregit;
3450 1174 3613 1235 atque

2035 1254 2233 1325 (ιι-ἰκξιηΔ
2252 1262 2520 1307 terrarum
2557 1251 2824 1306 luminare
2864 1268 3114 1318 magnum
3147 1268 3289 1308 verm
3338 1256 3613 1325 religionis

2036 1318 2415 1416 splendoribus
2444 1344 2768 1407 illustravit,
2802 1344 3099 1413 mundique
3149 1346 3329 1401 natale
3357 1349 3615 1406 reducere

2034 1439 2208 1494 visum
2244 1446 2348 1494 est.
2398 1436 2511 1491 Hoc
2543 1445 2789 1506 tempore
2826 1436 2995 1504 ﬁgura
3030 1437 3430 1506 perﬁciebatur,
3463 1451 3616 1497 vetus

2036 1530 2289 1583 nimirum
2319 1528 2526 1582 Pascha
2555 1542 2650 1582 seu
2686 1528 2947 1583 transitus
2986 1546 2997 1583 :
3035 1530 3255 1599 insuper
3284 1533 3448 1585 etiam
3480 1547 3619 1605 sym-

2036 1619 2217 1674 bolum
2247 1633 2398 1673 cursu:
2421 1618 2538 1673 ovis
2570 1619 2767 1680 liehat;
2792 1619 3026 1687 denique
3065 1622 3240 1691 azymi
3273 1624 3429 1691 panis
3471 1638 3617 1687 esus,

2038 1711 2286 1780 imaginis
2316 1708 2595 1778 cujusdam
2632 1710 2807 1763 instar
2831 1718 2969 1763 erat.
3007 1712 3135 1777 Quae
3178 1714 3359 1767 omnia
3390 1715 3441 1768 in
3494 1715 3620 1771 Ser-

364 1820 479 1875 ριον
511 1802 702 1874 ἑορτὴν
746 1801 959 1855 ἅπαντα
998 1798 1431 1871 συνεπληροῦτοο
1461 1798 1523 1852 τό
1542 1814 1600 1851 τε
1640 1797 1746 1868 γὰρ
1796 1797 1931 1868 πρό-

2050 1807 2234 1861 ratoris
2284 1805 2629 1861 solemnitate
2683 1804 2950 1873 completa
3017 1815 3167 1861 sunt.
3225 1804 3471 1878 Namque
3530 1808 3617 1863 illa

362 1892 526 1945 ϐατον
551 1891 711 1954 αὐτὸς
738 1887 805 1961 ἦν
840 1889 959 1943 καθ’
998 1889 1026 1942 ὃ
1068 1889 1373 1961 περιέκειτο
1402 1888 1583 1960 σῶμα.
1622 1888 1789 1951 Αὐτὸς
1839 1887 1932 1940 καὶ

2050 1899 2172 1965 )vis,
2231 1899 2346 1962 ipse
2398 1906 2536 1961 erat,
2582 1907 2850 1966 quatenus
2914 1911 3114 1967 corpus
3174 1897 3616 1967 circumpositum

362 1985 516 2055 ἥλιος
544 1984 903 2055 δικαιοσύνης,
937 1983 1093 2054 ἔαρος
1124 1983 1259 2053 δῆτα
1303 1984 1447 2036 θείου
1510 1982 1604 2036 καὶ
1661 1981 1931 2055 σωτηρίου

2056 1992 2290 2046 nubebat.
2322 1990 2440 2059 lpse
2474 1989 2637 2044 etiam
2666 1989 2745 2042 sol
2767 1988 2993 2055 justitia:
3019 2030 3034 2054 ,
3071 2004 3196 2043 cum
3226 1990 3338 2058 jam
3368 2006 3463 2044 ver
3486 1991 3620 2045 divi-

363 2078 576 2149 τροπῆς
605 2077 711 2131 ἀπὸ
739 2077 992 2147 χειρόνων
1023 2077 1114 2129 ἐπὶ
1147 2075 1213 2128 τὰ
1241 2076 1471 2147 κρείττω
1494 2072 1584 2127 τὸν
1609 2072 1718 2125 τῶν
1734 2069 1937 2142 ἀνθρώ-

2050 2098 2121 2138 nae
2149 2084 2510 2152 salutarisque
2542 2082 2920 2139 conversionis
2949 2096 2979 2134 a
3018 2082 3380 2137 deterioribus
3421 2083 3475 2136 in
3501 2098 3619 2138 me-

368 2188 485 2224 πων
517 2170 628 2240 βίον
676 2169 1052 2238 διαλαϐούσης.
1080 2168 1393 2236 Αἰγυπτίων
1424 2166 1520 2238 μὲν
1546 2164 1792 2234 δαίμοσιν
1826 2164 1936 2216 εἰσ-

2060 2176 2196 2239 iora,
2234 2176 2513 2230 hominum
2560 2173 2802 2229 moribus
2845 2175 3181 2243 supervenit.
3244 2172 3619 2245 Egyptiorum

365 2266 445 2318 ἐτι
470 2265 561 2317 καὶ
602 2263 697 2315 νῦν
715 2261 959 2332 θεήλατοι
1004 2262 1263 2334 μάστιγες
1304 2258 1771 2329 καταπέμπονται,
1816 2254 1935 2310 λαοὶ

2050 2268 2224 2335 utique
2263 2268 2600 2321 daemonibus
2656 2280 2803 2320 nunc
2834 2265 3000 2319 etiam
3042 2265 3215 2336 plaga:
3242 2266 3617 2335 imponuntur,

364 2355 420 2408 δὲ
454 2353 725 2425 πανταχοῦ
754 2354 859 2424 γῆς
887 2353 1159 2416 οἰκοῦντες
1192 2352 1290 2422 τὴν
1323 2349 1471 2419 σφῶν
1494 2348 1803 2419 ἐλευθερίαν
1838 2344 1935 2417 τὴν

2050 2360 2221 2430 populi
2248 2360 2447 2430 ubique
2480 2369 2750 2413 terrarum
2788 2358 3089 2412 incolentes
3118 2358 3428 2413 libertatem
3469 2373 3631 2413 suam

368 2450 431 2502 ἐκ
453 2449 551 2518 τῆς
601 2446 969 2510 πολυπλανοῦς
991 2445 1277 2516 ἀθεότητος
1311 2440 1647 2515 ἑορτάζουσι.
1674 2440 1793 2493 Τῶν
1816 2438 1938 2490 λαο-

2050 2468 2069 2505 s
2121 2451 2443 2507 multiformi
2502 2449 2921 2520 irreligiositatis
2954 2463 3142 2503 errore
3196 2450 3442 2505 hilariter
3483 2450 3625 2507 cele-

368 2536 582 2591 πλανῶν
609 2536 667 2589 δὲ
708 2536 1033 2606 πνευμάτων
1084 2532 1481 2603 πεπαυμένων.
1538 2532 1632 2584 καὶ
1674 2528 1940 2601 χειμῶνος

370 2629 573 2692 κακῶν,
604 2628 807 2682 καινῶν
841 2626 1067 2697 καρπῶν
1112 2625 1338 2696 εύφορία
1359 2624 1631 2695 διαφόροις
1672 2622 1942 2694 χαρίσμα-

372 2739 453 2774 σιν
484 2720 640 2789 ἁγίου
657 2719 973 2790 Πνεύματος
996 2717 1093 2790 τὴν
1144 2717 1467 2787 Ἐκκλησίαν
1506 2716 1601 2769 τοῦ
1634 2715 1769 2769 Θεοῦ
1823 2731 1944 2768 στε-

2041 2546 2219 2599 brant.
2291 2544 2629 2611 Compressis
2673 2556 2801 2611 ergo
2856 2540 3239 2609 deceptoribus
3304 2541 3621 2610 populorum

2041 2636 2324 2706 spiritibus
2363 2645 2417 2688 et
2465 2634 2728 2688 malorum
2784 2633 2985 2694 hieme,
3036 2647 3295 2686 novorum
3346 2633 3621 2688 fructuum

2044 2729 2259 2781 ubertas
2280 2725 2446 2779 variis
2489 2725 2663 2779 sancti
2711 2724 2951 2793 Spiritus
2994 2724 3151 2778 donis
3188 2723 3280 2778 Dei
3322 2723 3621 2779 Ecclesiam

370 2814 555 2883 φανοῖ·
586 2813 681 2865 καὶ
708 2810 895 2875 άπλῶς
926 2812 1033 2864 πᾶν
1061 2809 1215 2879 γένος
1242 2807 1545 2880 ἀνθρώπων
1592 2808 1683 2859 ἐπὶ
1708 2808 1771 2860 τὸ
1802 2807 1943 2878 ὴμέ-

2050 2826 2310 2883 exoruat;
2367 2828 2531 2886 atque
2583 2824 2645 2869 ut
2698 2815 3010 2871 summatim
3062 2814 3263 2886 dicam,
3310 2815 3622 2871 universum

370 2880 525 2974 τερον
554 2902 946 2973 μεταϐέϐληται
965 2918 979 2931 ·
1009 2901 1183 2973 χῶραι
1208 2901 1265 2954 δὲ
1289 2903 1482 2961 πᾶσαι,
1506 2898 1641 2970 πρὸς
1661 2897 1755 2951 τοῦ
1774 2914 1947 2968 γεωρ-

2050 2911 2327 2966 Ιιοιηὶηιιηι
2378 2924 2548 2979 genus
2602 2908 2670 2963 ad
2733 2916 2917 2976 partes
2993 2880 3211 2963 nostras
3289 2907 3622 2968 transilivit;

373 2995 473 3067 γοῦ
528 2995 694 3063 Λόγου
736 2994 833 3065 τῆς
863 2994 1002 3048 κατὰ
1053 2992 1230 3065 ψυχὴν
1279 2992 1552 3065 γεωργίας
1573 2990 1849 3061 τυχοῦσαι,
1880 2990 1947 3044 τὰ

2050 3014 2256 3058 cuncta:
2288 3004 2537 3074 regiones
2563 3017 2592 3057 a
2630 3002 2809 3057 Verbo
2837 3000 3073 3071 agricola
3120 3002 3313 3055 animae
3359 2999 3623 3054 culturam

373 3088 551 3159 ὡραῖα
590 3087 687 3158 τῆς
728 3086 925 3158 ἀρετῆς
966 3084 1099 3156 ἄνθη
1133 3084 1560 3157 βεϐλαστήκασιν
1586 3101 1600 3117 ·
1657 3082 1792 3138 ἀλλὰ
1853 3082 1947 3136 καὶ

2050 3106 2306 3167 expertae,
2332 3096 2590 3167 pulchros
2616 3095 2835 3151 virtutis
2858 3093 3019 3150 ﬂores
3046 3093 3417 3165 germinarunt
3452 3109 3469 3148 :
3504 3107 3627 3147 nos-

374 3183 484 3235 τῶν
507 3180 602 3233 τοῦ
648 3180 867 3243 σκότους
906 3179 1090 3233 κακῶν
1137 3177 1592 3249 ἠλευθερωμένοι,
1654 3174 1829 3247 φωτὸς
1882 3174 1940 3227 ὲν

2050 3164 2147 3260 que
2198 3164 2433 3245 tenebris
2491 3192 2758 3244 malorum
2821 3164 3209 3256 erepti,7luce
3261 3187 3404 3256 digni
3458 3186 3627 3241 habiti

374 3275 555 3347 ἡμέρα
581 3273 715 3329 Θεοῦ
738 3273 991 3344 γνώσεως
1028 3271 1462 3343 κατηξιώθημεν.

2050 3282 2245 3337 luimus
2266 3298 2371 3352 qua
2406 3282 2492 3336 die
2529 3281 2619 3335 Dei
2655 3281 2905 3335 notitiam
2938 3281 3235 3335 hausimus.

450 3368 511 3421 δ’.
528 3365 762 3420 Τοιαῦτα
793 3365 862 3419 τὰ
879 3365 1038 3419 καινά
1058 3364 1355 3436 μαθήματα
1378 3363 1543 3418 πάλαι
1564 3364 1661 3435 μὲν
1686 3364 1773 3419 διά
1805 3382 1944 3436 συμ-

2115 3374 2167 3428 ό.
2202 3372 2324 3427 Haec
2364 3383 2489 3426 sunt
2515 3387 2648 3426 nova
2682 3372 3031 3437 documenta,
3068 3371 3195 3425 olim
3236 3370 3450 3439 quidem
3486 3384 3629 3442 sym-

375 3460 541 3514 ϐόλων
583 3458 1009 3529 ὲπεσκιασμένα,
1062 3457 1256 3511 νεωστὶ
1304 3456 1361 3510 δὲ
1390 3457 1471 3520 εἰς
1503 3457 1617 3527 φῶς
1677 3459 1947 3512 ἀνακεκα-

2050 3465 2183 3521 bolis
2208 3465 2549 3525 obumbrata,
2578 3477 2747 3531 nuper
2778 3472 2956 3515 autem
2986 3464 3037 3515 in
3070 3463 3243 3517 lucem
3281 3461 3626 3516 manifestam

374 3552 642 3623 λυμμένα.
674 3553 785 3606 Καὶ
810 3552 874 3623 δὴ
905 3550 1000 3605 καὶ
1027 3552 1188 3621 ἡμεῖς
1208 3549 1268 3601 τὸ
1305 3547 1595 3619 κεφάλαιον
1632 3551 1732 3620 τῆς
1756 3550 1948 3621 ὲορτῆς

2050 3556 2276 3627 prolata.
2308 3556 2373 3611 Et
2412 3555 2626 3623 quidem
2667 3568 2769 3607 nos
2790 3553 2951 3607 etiam
2991 3554 3202 3606 initium
3242 3553 3400 3621 hujus
3438 3555 3629 3608 solem-

377 3646 589 3700 κύκλων
622 3645 733 3718 (28)
767 3644 1033 3717 περιόδοις
1056 3644 1173 3697 καθ’
1190 3644 1418 3697 ἕκαστον
1437 3644 1551 3707 ἔτος
1566 3644 1950 3715 ἀναζωπυροῦ-

381 3754 499 3808 μεν,
518 3737 789 3809 προέορτα
830 3736 927 3808 μὲν
962 3736 1419 3809 προπαρασκευῆς
1439 3737 1601 3791 ἕνεκα
1621 3737 1719 3808 τὴν
1751 3753 1950 3790 τεσσα-

380 3830 611 3903 ρακονθή
621 3848 685 3901 με
693 3848 784 3902 ρον
798 3829 1027 3901 ἄσκησιν
1047 3828 1263 3900 παραλα
1272 3828 1562 3899 μϐάνοντες
1580 3827 1720 3881 κατὰ
1740 3828 1830 3882 τὸν
1844 3827 1952 3881 τῶν

380 3924 552 3991 ἁγίων
585 3922 743 3993 ζῆλον
774 3921 1051 3984 Μωῦσέως
1082 3920 1174 3974 καὶ
1213 3920 1412 3984 Ἡλίου,
1444 3920 1541 3990 τὴν
1561 3920 1616 3973 δὲ
1646 3921 1836 3992 ἑορτὴν
1858 3920 1953 3972 αύ-

382 4018 480 4086 τὴν
501 4018 580 4080 εἰς
611 4016 841 4087 ἄληστον
880 4013 1050 4067 αἰῶνα
1080 4011 1480 4083 ἀνανεούμενοι.
1509 4011 1619 4083 Τὴν
1654 4012 1784 4080 γοῦν
1818 4010 1954 4081 πρὸς

382 4110 473 4163 τὸν
528 4108 657 4161 Θεὸν
692 4105 915 4178 πορείαν
965 4104 1327 4175 στελλόμενοι,
1374 4102 1473 4166 τὰς
1526 4103 1624 4174 μὲν
1666 4102 1835 4172 ὀσφῦς
1892 4098 1953 4157 εῦ

388 4201 534 4273 μάλα
566 4199 751 4270 δεσμῷ
812 4196 1161 4269 σωφροσύνης
1205 4195 1588 4267 περιδούμεθα,
1640 4194 1710 4247 τὰ
1755 4195 1811 4249 δὲ
1860 4195 1958 4267 τῆς

384 4292 562 4363 ψυχῆς
614 4291 915 4362 βαδίσματα
951 4291 1008 4342 ὲν
1040 4285 1307 4358 ἀσφαλείᾳ
1354 4286 1733 4355 φυλάττοντες,
1770 4286 1958 4360 ῶσπερ

386 4388 447 4439 ὲν
474 4386 779 4456 ὑποδήμασι
831 4384 895 4455 δὴ
941 4384 1030 4435 τὸν
1062 4382 1259 4454 δρόμον
1305 4380 1405 4450 τῆς
1434 4377 1683 4452 ούρανίου
1718 4380 1961 4451 κλήσεως

2051 3650 2235 3707 uitatis
2286 3649 2557 3721 cyclorutn
2604 3648 2840 3719 periodis
2879 3646 3104 3716 singulis
3154 3646 3310 3699 annis
3354 3646 3629 3699 instaura-
3704 3720 3709 3731 Α

2054 3762 2212 3812 mus;
2250 3756 2373 3801 ante
2422 3745 2619 3799 festum
2673 3744 2912 3814 quidem,
2965 3742 3374 3814 praeparationis
3426 3758 3628 3808 causa,

2053 3838 2518 3909 quadragesimale
2539 3838 2860 3892 exercitium
2881 3846 3243 3903 aSSumeutes,
3258 3845 3474 3891 sanctos
3494 3835 3629 3906 Moy'

2054 3945 2167 3985 sem
2203 3940 2255 3984 et
2286 3927 2491 3983 Heliam
2529 3928 2822 3991 imitantes,
2855 3927 3027 3996 ipsum
3060 3940 3187 3981 vero
3212 3926 3404 3980 festum
3425 3940 3520 3995 per
3552 3924 3631 3978 in-

2055 4021 2315 4077 cessabile
2346 4036 2517 4075 :evum
2571 4028 2895 4089 repetentes.
2954 4017 3092 4087 Ergo
3133 4017 3327 4072 itinere
3356 4016 3422 4071 ad
3466 4016 3630 4070 Deum

2056 4124 2328 4184 suscepto,
2363 4114 2576 4167 lumbos
2620 4113 2862 4184 apprime
2908 4113 3282 4181 temperantiae
3332 4126 3464 4165 zona
3499 4126 3633 4179 pra:-

2058 4208 2347 4276 ciugimus,
2395 4206 2589 4259 anima:
2636 4219 2766 4258 vero
2827 4218 3048 4273 gressus
3101 4212 3256 4258 caute
3310 4203 3634 4267 munientes,

2061 4309 2319 4366 tanquam
2349 4296 2570 4351 calceati
2605 4294 2848 4349 caelestis
2876 4294 3179 4349 vocationis
3224 4308 3441 4349 cursum
3487 4291 3637 4345 insti-

2064 4390 2267 4445 tuimus
2297 4404 2310 4440 :
2343 4389 2605 4459 virgaque
2655 4385 2820 4440 divini
2872 4386 3047 4450 verbi,
3101 4401 3206 4439 non
3263 4385 3379 4439 sine
3419 4397 3635 4453 precum

390 4477 897 4549 παρασκευάζομεν·
933 4475 1200 4547 βακτηρία
1238 4472 1296 4527 δὲ
1329 4471 1488 4541 λόγου
1520 4472 1665 4525 Θείου
1698 4473 1755 4526 ὲν
1787 4472 1949 4543 εύχῶι

2064 4485 2284 4544 virtute,
2331 4482 2398 4535 ad
2447 4478 2785 4547 repellendos
2824 4481 3010 4535 hostes
3056 4488 3301 4541 utentes,
3334 4492 3455 4529 cum
3488 4476 3636 4530 omni

386 4571 613 4641 δυνάμει
660 4570 795 4641 πρὸς
850 4570 1059 4639 ἄμυναν
1101 4566 1310 4639 ἐχθρῶν
1356 4564 1651 4637 χρώμενοι,
1680 4566 1777 4620 σὺν
1812 4566 1961 4638 πάσῃ

389 4664 668 4737 προθυμίᾳ
693 4662 1035 4733 διαϐαίνομεν
1057 4661 1154 4731 τὴν
1171 4662 1250 4724 εἰς
1266 4660 1528 4731 οὐρανοὺς
1552 4659 1818 4732 φέρουσαν
1844 4660 1962 4714 διά-

390 4756 569 4820 ϐασιν,
603 4754 917 4816 σπεύδοντες
943 4753 1049 4807 ἀπὸ
1073 4752 1181 4805 τῶν
1213 4752 1339 4823 τῇδε
1374 4751 1467 4804 ἐπὶ
1496 4750 1563 4803 τὰ
1590 4751 1831 4823 οὐράνια,
1867 4752 1962 4806 καὶ

389 4847 500 4900 άπὸ
518 4846 661 4918 ζωῆς
690 4846 889 4919 θνητῆς
914 4846 1004 4899 ἐπὶ
1036 4846 1134 4917 τὴν
1168 4844 1453 4898 ἀθάνατονο
1484 4842 1627 4897 οὕτω
1656 4844 1765 4914 γὰρ
1792 4844 1963 4897 διαδέ-

394 4938 541 5003 ξεται
587 4940 733 5010 ἡμᾶς
761 4938 1006 4993 ἐντεῦθεν
1045 4938 1115 4991 τὰ
1155 4937 1481 5008 διαϐατήρια
1529 4932 1587 4990 εῦ
1645 4936 1739 4989 καὶ
1787 4936 1965 5001 καλῶς

391 5031 783 5102 διαϐεϐηκότας
826 5030 958 5101 ἄλλη
1005 5048 1088 5094 τις
1125 5030 1323 5101 μείζων
1371 5030 1551 5101 ἑορτή·
1590 5029 1965 5102 Πεντηκοστὴν

393 5123 563 5192 αὐτὴν
597 5123 824 5195 ἐπίκλην
857 5122 1120 5195 Ἐϐραίων
1149 5122 1337 5186 παῖδες
1380 5120 1755 5191 ὀνομάζουσιν,
1783 5122 1966 5176 εἰκόνα

305 5268 311 5274 ,
401 5214 673 5273 φέρουσαν
716 5215 814 5285 τῆς
861 5214 969 5268 τῶν
1013 5214 1257 5285 οὐρανῶν
1308 5213 1600 5283 βασιλείας.
1635 5213 1796 5282 Λέγει
1838 5213 1968 5284 γοῦν

474 5310 521 5341 ⁸⁸
548 5311 705 5367 Deut.
731 5327 842 5375 tm,
868 5312 926 5370 9.

468 5400 605 5471 (26°)
627 5404 925 5471 Sequentes
955 5401 1203 5457 versiculi
1230 5402 1476 5457 undecim
1506 5417 1676 5471 usque
1697 5404 1760 5457 ad
1784 5404 1844 5458 τὸ
1870 5423 1969 5459 πα-

394 5472 547 5526 λαιὸν
614 5474 823 5543 Πάσχα,
869 5474 1104 5526 citantur
1150 5489 1215 5527 ea:
1280 5473 1505 5528 Eusebio
1539 5473 1628 5538 [De
1681 5472 1961 5541 Paschate,

402 5543 668 5617 Εὐσεϐίου
694 5542 821 5615 περὶ
846 5543 939 5617 τοῦ
972 5544 1183 5617 Πάσχα,
1213 5544 1376 5598 etiam
1411 5560 1437 5595 a
1456 5544 1713 5617 Macario
1732 5545 1966 5617 Chryso-

399 5614 626 5684 cepbalo
657 5615 709 5667 in
748 5614 843 5684 sua
892 5614 1091 5684 inedita
1142 5624 1331 5668 catena
1368 5615 1489 5670 cod.
1520 5615 1579 5669 Ε.
1619 5614 1656 5668 f.
1690 5615 1779 5681 95,
1821 5614 1875 5679 Ιὶ,
1911 5627 1965 5671 et

401 5682 617 5751 quidem
641 5698 750 5739 non
777 5682 894 5755 sine
926 5683 1121 5755 verbis
1147 5684 1305 5750 paulo
1334 5685 1581 5755 pluribus
1604 5700 1762 5753 quam
1808 5701 1837 5739 a
1871 5686 1963 5739 Ni-

400 5763 556 5823 eeta;
596 5753 945 5827 quamobrem
978 5767 1043 5809 ex
1084 5753 1314 5812 Eusebio
1338 5753 1524 5826 potius
1562 5756 1677 5826 ipso
1703 5770 1863 5825 quam
1894 5772 1962 5813 es

2066 4574 2345 4628 alacritate
2379 4573 2445 4627 ad
2496 4572 2761 4627 ferentem
2801 4573 2853 4626 in
2898 4573 3065 4627 caelos
3109 4569 3432 4634 transitum,
3458 4567 3639 4623 abhis

2066 4666 2266 4721 inlimis
2289 4665 2353 4720 ad
2383 4680 2640 4734 superna,
2674 4679 2704 4718 a
2744 4663 2957 4719 mortali
3002 4662 3110 4717 vita
3141 4660 3207 4715 ad
3264 4659 3639 4713 immortalita-

2071 4767 2175 4811 tem
2202 4771 2581 4827 properamus.
2602 4756 2693 4812 Sic
2722 4757 2863 4812 enim
2893 4763 3114 4825 peracto
3136 4752 3364 4808 feliciter
3384 4751 3637 4817 transitu,

2066 4852 2235 4919 major
2260 4850 2361 4905 alia
2390 4851 2621 4920 excipiet
2640 4865 2737 4907 nos
2752 4848 3064 4906 solemnitas
3081 4849 3259 4917 (quam
3286 4844 3638 4901 Pentecosteu

2068 4942 2298 4998 Hebraei
2324 4942 2627 5012 nominant)
2666 4942 2816 5012 regni
2838 4941 3098 4997 caelorum
3129 4938 3418 5008 imaginem
3452 4953 3561 5006 pra:
3583 4950 3641 4991 se

2068 5034 2270 5088 ferens.
2300 5031 2391 5087 Ait
2426 5031 2608 5101 itaque
2645 5031 2857 5101 Moyses
2894 5027 3019 5084 :Ex
3047 5044 3149 5099 quo
3193 5027 3379 5097 falcem
3414 5027 3468 5079 in
3512 5042 3643 5080 mes-

2066 5143 2173 5180 sem
2200 5125 2427 5187 miseris,
2455 5125 2757 5179 numerabis
2791 5125 2885 5177 tibi
2914 5134 3100 5193 septem
3147 5121 3517 5187 hebdomadas,
3549 5136 3640 5173 no-

2072 5235 2264 5290 tosque
2295 5235 2456 5288 panes
2500 5234 2566 5273 ea:
2600 5234 2731 5272 nova
2754 5232 2919 5271 messe
2944 5230 3199 5285 proponas
3235 5223 3355 5268 ante
3382 5211 3547 5267 Deum
3574 5213 3638 5267 “.

2076 5401 2259 5456 Nireta
2288 5401 2532 5456 hausisse
2562 5399 2773 5452 videtur
2794 5396 3080 5453 Macarius.

2145 5473 2278 5545 (27»
2297 5472 2437 5545 9w-
2468 5469 2836 5545 «hvmum

2145 5535 2270 5613 (28"
2296 5541 2436 5596 Dicit
2475 5535 2700 5610 cy'clutn'
2732 5537 3081 5613 paschaleml,
3113 5536 3409 5613 cujusmodi
3463 5535 3645 5613 plures

2074 5614 2127 5668 in
2154 5608 2411 5681 'antiquis
2440 5608 2805 5681 monumentis
2839 5619 2945 5681 tam
2978 5610 3197 5681 scriptis
3227 5621 3387 5681 quam
3416 5608 3644 5681 sculptis

2070 5676 2814 5751 exstautfVidcsisluscript.
2841 5680 2959 5736 chr.
2994 5676 3133 5750 apud
3168 5676 3290 5747 nos,
3320 5676 3513 5751 διῆρε.
3545 5686 3642 5733 vet.

2073 5763 2110 5810 t.
2156 5754 2219 5816 ν.
2256 5768 2307 5817 p.
2340 5750 2407 5806 70
2433 5760 2488 5808 et
2519 5750 2642 5805 472.
