4098 6200
470 275 574 329 699
1143 266 1412 323 EUSEBII
1451 265 1926 323 CIESARIENSIS
1962 266 2113 325 OPP.
2156 268 2333 325 PARS
2367 266 2457 323 IV.
2505 297 2572 309 -
2608 258 3029 319 DOGMATICA.
3614 259 3725 315 700

474 396 1041 464 Signiiicabatnempe
1085 395 1401 463 prophetica
1438 396 1538 448 hac
1568 394 1736 463 ﬁgura
1774 409 1868 463 per
1910 410 2038 449 tues-

2154 395 2412 465 Μωῦσῆςο
2474 389 2836 460 Ἀρχομένου
2858 404 2974 443 σου
3010 384 3309 454 δρέπανον
3350 384 3441 437 ἐπ’
3477 384 3724 453 ἄμητον,

471 503 583 544 sem
617 487 833 557 quidem
870 487 1207 541 vocationem
1240 485 1502 556 gentium,
1526 500 1623 554 per
1652 500 1818 539 novos
1857 501 2038 555 panes,

2150 487 2299 539 ἑπτὰ
2333 482 2663 553 ἑϐδομάδας
2707 480 3055 550 ἁριθμήσεις
3102 476 3358 543 σεαυτῷ,
3404 478 3500 530 καὶ
3553 479 3730 544 νέους

472 581 678 633 animas
706 577 903 632 Christi
935 576 1142 630 meritis
1163 577 1374 630 oblatas
1404 576 1532 641 Deo,
1574 575 1952 645 ecclesiasque
1977 592 2038 631 ex

2150 576 2369 644 ἄρτους
2395 574 2463 626 ἐκ
2480 574 2632 625 νέων
2646 570 2886 640 ἀμήτων
2904 567 3275 637 παραθήσεις
3302 567 3380 633 τῷ
3405 567 3548 632 Θεῷ.
3573 568 3731 639 Ἐδή-

470 671 701 725 ethnicis
728 667 1004 731 conﬂatas,
1036 683 1262 736 quarum
1312 682 1475 721 causa
1522 666 1814 721 maximum
1846 666 2038 722 festum

2148 666 2240 719 λου
2266 667 2322 719 δὲ
2351 666 2461 731 άρα
2503 661 2824 735 προφητικῷ
2850 660 3004 730 τύπῳ
3030 660 3239 730 ἄμητον
3284 659 3384 729 μὲν
3413 659 3522 712 τῶν
3560 659 3734 713 ὲθνῶν

470 763 612 830 apud
642 760 930 829 benignum
965 760 1127 813 Deum
1164 759 1242 813 (it.
1268 758 1511 827 Namque
1537 760 1891 814 rationalibus
1916 774 2038 829 apo-

2147 760 2248 831 τὴν
2288 758 2501 827 κλῆσιν,
2536 755 2686 818 νέους
2706 754 2762 807 δὲ
2797 753 2991 823 ἄρτους
3016 751 3113 815 τὰς
3137 752 3225 805 διὰ
3246 750 3481 823 Χριστοῦ
3511 750 3587 822 τῷ
3613 752 3737 822 Θεῴ

469 853 726 908 stolorum
760 851 990 905 falcibus
1020 852 1276 913 demessi,
1312 852 1523 905 cunctis
1551 850 1749 919 ubique
1776 862 2038 905 terrarum

2149 848 2656 921 προσενηνεγμένας
2680 846 2876 917 ψυχὰς,
2898 846 2997 907 τάς
3022 861 3081 897 τε
3105 844 3163 910 ἐξ
3188 843 3353 897 ἐθνῶν
3415 844 3733 914 ἐκκλησίας,

469 942 715 998 ecclesiis
776 950 1033 1012 tanquam
1085 943 1137 995 in
1173 958 1298 997 area
1355 942 1610 1011 globatim
1667 944 2038 1012 congregatis,

2147 943 2232 1011 ἐφ’
2266 938 2354 1005 αἷς
2400 941 2562 1011 ἑορτὴ
2614 938 2843 1011 μεγίστη
2879 938 2957 1008 τῷ
2992 936 3357 1008 φιλανθρώπῳ
3395 936 3516 1008 Θεῷ
3544 955 3735 991 συντε-

468 1034 719 1093 concordi
755 1035 876 1089 ﬁdei
916 1035 1184 1089 sententia
1233 1033 1542 1103 corporati,
1572 1032 1686 1087 sale
1734 1033 2038 1089 divinarum

2143 1033 2334 1085 λεῖται·
2384 1033 2433 1085 οἶ
2479 1035 2599 1097 ταῖς
2638 1032 2744 1084 τῶν
2791 1030 3101 1085 ἀποστόλων
3138 1030 3383 1098 λογικαῖς
3423 1030 3727 1101 δρεπάναις

469 1126 836 1182 doctrinarum
882 1140 945 1178 ac
977 1124 1375 1193 disciplinarum
1408 1124 1629 1189 conditi,
1662 1139 1797 1191 aqua
1830 1134 1885 1177 et
1923 1124 2038 1195 igne

2144 1123 2503 1195 θερισθέντες,
2550 1124 2643 1176 καὶ
2681 1122 2867 1195 ὥσπερ
2897 1124 2974 1185 εἰς
3006 1121 3149 1185 ἄλως
3169 1121 3269 1184 τὰς
3296 1121 3605 1190 ἁπανταχοῦ
3631 1123 3735 1192 γῆς

469 1216 645 1269 sancti
703 1214 934 1283 Spiritus
992 1214 1310 1283 regenerati,
1363 1229 1529 1282 panes
1570 1214 1776 1269 escales
1812 1212 2038 1283 jucundi

2144 1215 2469 1285 Ἐκκλησίας
2504 1214 2855 1285 συναχθέντες
2891 1215 2979 1283 ὑφ’
3011 1214 3089 1277 ἒν,
3117 1213 3382 1285 ὁμοφὼνῳ
3404 1233 3464 1268 τε
3497 1215 3733 1269 διαθέσει

469 1305 717 1374 gratique
749 1304 859 1360 Deo
890 1319 986 1374 per
1011 1304 1285 1359 Christum
1320 1304 1616 1360 oiferimur.
1876 1300 1893 1318 ⁸

2144 1308 2379 1371 πίστεως
2418 1306 2975 1378 σωματοποιηθέντες,
3012 1308 3107 1360 καὶ
3138 1307 3262 1360 ἁλσὶ
3309 1310 3420 1371 τοῖς
3458 1307 3565 1361 ἀπὸ
3621 1310 3733 1361 τῶν

470 1397 628 1453 θείων
655 1398 827 1467 λόγων
880 1398 1195 1469 μαθήμασιν
1228 1398 1630 1470 ὲξαρτυθέντες,
1664 1400 1731 1453 δι’
1770 1399 1962 1463 ὕδατός
1994 1418 2053 1454 τε
2091 1402 2184 1455 καὶ
2235 1402 2407 1473 πυρὸς
2450 1402 2604 1470 ἁγίου
2672 1400 2984 1473 Πνεύματος
3047 1400 3520 1471 ἀναγεννηθέντες,
3576 1400 3731 1473 ἄρτοι

468 1494 726 1564 τρόφιμοι
759 1497 1047 1565 προσηνεῖς
1080 1496 1173 1547 καὶ
1198 1494 1417 1564 ἀρεστοὶ
1450 1494 1529 1565 τῷ
1556 1494 1675 1566 Θεῷ
1697 1495 1786 1549 διὰ
1814 1495 2048 1567 Χριστοῦ
2091 1496 2531 1568 προσφερόμεθα.

540 1585 593 1640 5.
620 1586 712 1641 Sic
737 1600 866 1655 ergo
918 1586 1250 1655 propheticis
1282 1586 1477 1655 Moysis
1522 1588 1781 1658 symbolis
1828 1589 1879 1641 in
1927 1604 2038 1643 rem

2210 1596 2282 1644 ε’.
2316 1590 2496 1660 Ταύτῃ
2535 1605 2611 1658 πη
2644 1587 2753 1641 τῶν
2781 1587 2929 1658 παρὰ
2964 1588 3188 1641 Μωῦσεῖ
3212 1585 3565 1658 προφητικῶν
3594 1603 3732 1657 συμ-

468 1693 652 1733 veram
691 1678 961 1732 sanctiore
1009 1676 1201 1732 eﬂ‘ectu
1237 1677 1465 1743 collatis,
1506 1679 1767 1735 laetiorem
1813 1696 1912 1735 nos
1958 1696 2047 1735 so-

471 1768 808 1823 lemnitatem
862 1781 1022 1836 agere
1078 1768 1374 1822 traditione
1418 1768 1728 1837 didicimus,
1786 1787 1885 1827 ceu
1932 1771 2044 1841 jam

470 1873 589 1911 cum
650 1856 942 1912 Servatore
993 1867 1182 1911 nostro
1235 1858 1557 1924 coadunati,
1603 1858 1829 1928 ejusque
1886 1874 2047 1930 regno

469 1949 729 2003 fruentes.
758 1948 1051 2019 Propterea
1078 1948 1226 2003 nullo
1247 1949 1401 2002 nobis
1421 1948 1604 2003 labore
1623 1954 1860 2005 ascetico
1881 1951 2045 2005 atteri

470 2041 609 2094 intra
661 2040 763 2095 hoc
795 2038 989 2094 festum
1028 2040 1365 2103 conceditur,
1403 2042 1498 2095 sed
1551 2052 1781 2111 speratae
1806 2043 1857 2097 in
1887 2042 2047 2097 cmlis

468 2131 665 2199 quietis
704 2132 990 2199 imaginem
1034 2133 1297 2187 exhibere
1360 2132 1636 2187 docemur.
1664 2135 1844 2200 Quare
1868 2150 1965 2189 nec
1990 2135 2042 2189 in

470 2222 720 2291 precibus
787 2237 931 2289 genu
994 2224 1285 2289 ﬂectimus,
1332 2238 1506 2293 neque
1560 2225 1665 2278 cibi
1716 2226 2044 2279 abstinentia

469 2320 682 2367 nosmet
718 2312 1029 2383 aﬂligimus.
1067 2315 1278 2370 Etenim
1321 2333 1439 2381 eos,
1485 2317 1682 2386 quibus
1714 2318 1767 2371 in
1808 2319 1916 2373 Deo
1962 2335 2046 2373 re-

469 2402 724 2471 surgendi
759 2403 933 2471 gratia
958 2403 1200 2471 fuit,jam
1231 2422 1335 2461 non
1365 2399 1727 2463 decet'denuo
1750 2409 1897 2462 humi
1922 2425 2043 2475 pro-

475 2494 738 2549 cumbere
768 2508 783 2559 ;
813 2508 934 2559 nec,
965 2497 1309 2563 passionihus
1346 2497 1621 2561 liberatos,
1655 2500 1805 2567 paria
1837 2499 2043 2568 perpeti

471 2601 592 2641 cum
649 2586 933 2656 mancipiis
967 2588 1345 2657 cupiditatum.
1396 2590 1759 2656 Quamobrem
1790 2601 1911 2661 post
1939 2592 2042 2645 Pa-

471 2678 602 2732 scha
635 2678 994 2734 Pentecosten
1038 2691 1244 2749 septem
1278 2682 1630 2737 hebdomadis
1658 2684 1877 2753 integris
1897 2685 2043 2740 cele-

472 2764 693 2821 bramus
725 2784 740 2834 ;
778 2768 917 2822 sicut
971 2769 1227 2837 prazvium
1264 2768 1511 2825 Paschati
1565 2780 1777 2840 tempus
1815 2774 2046 2842 quadra-

471 2858 744 2927 gesimalis
777 2860 1017 2914 exercitii
1084 2874 1179 2914 sex
1226 2860 1579 2917 hebdomadis
1612 2862 1841 2917 viriliter
1881 2864 2044 2919 susti-

2147 1680 2317 1733 ϐὀλων
2352 1681 2429 1743 εἰς
2473 1681 2606 1751 ἔργα
2652 1680 2997 1750 σεμνοτέροις
3027 1680 3141 1741 τοῖς
3180 1678 3583 1748 άποτελέσμασι
3621 1696 3731 1747 χω·-

2148 1773 2401 1843 ρούντων,
2432 1770 2581 1826 αὐτοί
2611 1788 2675 1839 γε
2708 1771 2813 1841 μὴν
2837 1771 2934 1841 τὴν
2964 1770 3155 1840 ἑορτὴν
3187 1768 3548 1840 φαιδροτέραν
3578 1768 3734 1835 ἄγειν

2148 1864 2582 1935 παρειλήφαμεν,
2616 1861 2691 1926 ὡς
2745 1861 2811 1915 ἂν
2842 1862 2920 1932 τῷ
2976 1862 3188 1931 Σωτῆρι
3242 1860 3731 1932 συναγηγερμένοι,

2146 1955 2241 2006 καὶ
2269 1954 2367 2024 τῆς
2391 1953 2555 2006 αὑτοῦ
2582 1952 2854 2023 βασιλείας
2886 1950 3267 2014 ἀπολαύοντες.
3300 1950 3391 2003 Διὸ
3423 1950 3605 2003 οὐκέτι
3636 1966 3734 2001 που

2146 2043 2353 2097 νεῖσθαι
2386 2043 2524 2097 κατὰ
2546 2043 2704 2114 τήνδε
2727 2042 2824 2113 τὴν
2848 2041 3039 2112 ἑορτὴν
3069 2039 3517 2111 συγχωρούμεθα,
3546 2039 3649 2109 τῆς
3684 2037 3731 2089 δ’

2146 2135 2507 2205 ἐλπιζομένης
2536 2137 2592 2188 ὲν
2624 2135 2873 2205 οὐρανοῖς
2900 2132 3260 2194 ἀναπαύσεως
3294 2131 3393 2200 τὴν
3422 2130 3607 2183 εἰκόνα
3636 2129 3732 2198 φέ-

2146 2244 2259 2297 ρειν
2287 2226 2667 2296 διδασκόμεθαο
2699 2224 2822 2278 ὅθεν
2852 2224 2961 2277 οὐδ’
2999 2226 3057 2276 ὲν
3096 2226 3213 2286 ταῖς
3242 2224 3425 2292 εὐχαῖς
3454 2222 3582 2289 γόνυ
3615 2221 3733 2274 κλί-

2144 2336 2326 2388 νομεν,
2378 2318 2488 2371 οὐδ’
2526 2319 2763 2380 ἀσιτίαις
2818 2315 3289 2385 καταπονούμεθα’
3325 2315 3449 2377 τοὺς
3480 2312 3586 2383 γὰρ
3625 2312 3726 2381 τῆς

2145 2411 2286 2464 κατὰ
2315 2410 2447 2463 Θεὸν
2480 2410 2827 2473 ἀναστάσεως
2876 2408 3208 2479 ἠξιωμένους
3240 2406 3413 2460 οὐκέτ’
3439 2401 3594 2468 αὖθις
3614 2398 3731 2456 οἷόν

2143 2518 2202 2554 τε
2227 2501 2320 2555 ἐπὶ
2357 2502 2459 2572 γῆς
2485 2502 2720 2555 πίπτειν·
2755 2502 2877 2555 οὐδὲ
2908 2503 3032 2564 τοὺς
3059 2500 3167 2553 τῶν
3206 2498 3389 2552 παθῶν
3418 2496 3728 2567 ἠλευθερω-

2147 2593 2339 2663 μένους
2371 2593 2438 2646 τά
2473 2594 2561 2646 ἴσα
2595 2593 2826 2664 πάσχειν
2860 2596 2971 2656 τοῖς
2999 2589 3570 2660 καταδεδουλωμένοις.
3636 2588 3731 2642 At?)

2148 2684 2283 2753 μετὰ
2310 2684 2370 2736 τὸ
2401 2684 2590 2754 Πάσχα
2619 2684 2718 2755 τὴν
2745 2682 3122 2754 Πεντηκοστήν
3151 2684 3207 2735 ὲν
3256 2681 3542 2751 ἑϐδομάσιν
3588 2679 3732 2734 ἑπτὰ

2142 2774 2374 2839 τελείαις
2407 2774 2757 2847 ἑορτάζομεν,
2780 2774 2872 2827 τὸν
2906 2774 3004 2843 μὲν
3033 2772 3296 2845 πρότερον
3313 2772 3484 2825 αἰῶνα
3497 2771 3595 2841 τῆς
3622 2756 3731 2843 πρδ

2144 2867 2239 2920 τοῦ
2283 2868 2473 2937 Πάσχα
2522 2866 3099 2938 τεσσαρακονθημέρου
3142 2865 3529 2935 συνασκήσεως
3568 2865 3625 2917 ὲν
3668 2863 3730 2929 ἒξ

470 2950 707 3005 nuimus.
761 2949 897 3005 Nam
947 2952 1195 3006 senarius
1245 2968 1501 3007 numerus
1558 2963 1835 3021 actuosus,
1864 2966 1924 3010 ut
1968 2956 2038 3010 ita

2150 2934 2441 3030 ἑϐδομάσιν
2494 2934 2892 3030 ἀνδρισάμενοιο
2916 2934 3205 3028 πρακτικὴ
3233 2934 3408 3027 γὰρὴ
3460 2955 3587 3020 ἑξὰς
3637 2944 3732 3008 καὶ

470 3039 781 3105 dicam,est
809 3048 864 3094 et
896 3038 1105 3094 edicax.
1143 3040 1268 3095 Ideo
1314 3051 1369 3095 et
1408 3056 1503 3096 sex
1557 3042 1748 3097 diebus
1793 3044 2038 3099 universa

470 3130 613 3185 Deus
655 3130 961 3185 condidisse
1007 3132 1227 3186 dicitur.
1281 3131 1579 3188 Laboribus
1626 3143 1803 3188 autem
1856 3134 1907 3189 in
1949 3136 2037 3190 illa

472 3222 720 3276 toleratis
772 3222 967 3277 merito
1025 3225 1280 3279 succedet
1331 3226 1564 3279 secunda
1613 3226 1931 3282 solemnitas
1986 3228 2037 3282 in

469 3320 678 3378 septem
731 3312 1103 3377 hebdomadis,
1132 3314 1487 3386 multiplicata
1520 3316 1677 3372 nobis
1702 3319 1910 3387 requie,
1942 3335 2037 3374 cu-

465 3401 555 3470 jus
578 3401 879 3471 symbolum
906 3405 1243 3473 septenarius
1284 3423 1542 3463 numerus
1570 3418 1674 3463 est.
1708 3408 1823 3463 Non
1859 3420 2036 3465 tamen

468 3504 536 3544 ex
585 3491 668 3545 his
718 3501 925 3561 septem
967 3494 1322 3551 hebdomadis
1362 3496 1710 3554 Pentecostes
1750 3516 1844 3555 seu
1879 3502 2040 3570 quin-

469 3582 833 3652 quagenarius
878 3599 1137 3640 numerus
1174 3585 1506 3643 adamussim
1554 3589 1842 3645 coniicitur
1869 3608 1883 3655 ;
1915 3608 2035 3645 nam

470 3683 739 3742 postrema
794 3675 1087 3732 excedente
1144 3678 1406 3743 monade,
1446 3680 1498 3733 in
1552 3681 1653 3736 hac
1700 3682 2036 3737 solemnissi-

472 3779 619 3817 mum
650 3765 854 3820 Christi
885 3768 1224 3823 ascendentis
1269 3770 1411 3823 diem
1455 3770 1818 3839 obsignamus.
1845 3773 2038 3828 Merito

471 3854 637 3925 igitur
674 3865 881 3911 sancta:
906 3857 1260 3914 Pentecostes
1302 3858 1493 3914 diebus
1529 3861 1761 3917 futuram
1798 3865 2033 3933 requiem

470 3957 943 4013 repraesentantes,
977 3949 1112 4003 laetis
1140 3950 1335 4004 animis
1365 3966 1575 4017 sumus,
1616 3954 1882 4023 simulque
1911 3970 2033 4009 cor-

468 4037 587 4106 pori
643 4037 874 4107 quietem
926 4039 1282 4109 indulgemus,
1329 4044 1483 4111 quasi
1530 4060 1651 4100 cum
1685 4044 1895 4116 Sponso
1921 4048 2034 4117 jam

466 4142 767 4195 versemur,
800 4129 1027 4200 ideoque
1058 4133 1211 4187 nobis
1234 4132 1485 4203 jejunare
1528 4153 1634 4191 non
1678 4138 1856 4194 liceat.

538 4222 591 4276 6.
618 4221 724 4276 Sed
777 4231 953 4277 tamen
994 4226 1135 4294 quod
1175 4230 1318 4281 sacri
1356 4230 1705 4299 evangelista:
1736 4232 2035 4291 Servatoris

2148 3051 2493 3121 ὲνεργητική·
2518 3050 2598 3103 διὸ
2624 3051 2714 3103 καὶ
2744 3051 2804 3104 ὲν
2834 3047 2893 3113 ἓξ
2918 3049 3154 3121 ἡμέραις
3172 3051 3201 3102 ὁ
3227 3048 3357 3112 Θεὸς
3375 3048 3730 3120 πεποιηκέναι

2148 3142 2367 3210 λέγεται
2394 3142 2462 3194 τὰ
2492 3141 2799 3212 σύμπαντα.
2833 3141 2971 3203 Τοὺς
2998 3140 3041 3193 δ’
3068 3143 3125 3193 ἐν
3158 3141 3340 3213 ἐκείνῃ
3374 3141 3568 3203 πόνους
3585 3139 3729 3193 εἰκό-

2145 3234 2309 3303 τωςὴ
2342 3232 2568 3301 δευτέρα
2613 3232 2773 3304 ἑορτὴ
2808 3233 2866 3284 ὲν
2906 3231 3196 3303 ἑϐδομάσιν
3231 3232 3372 3287 ἑπτὰ
3412 3231 3729 3296 διαδέξεται,

2146 3322 2726 3393 πολυπλασιαζομένης
2782 3326 2910 3395 ἡμῖν
2962 3323 3063 3393 τῆς
3106 3323 3484 3388 ἀναπαύσεως,
3538 3319 3607 3395 ἧς
3659 3322 3730 3376 τά

2148 3415 2391 3487 σύμϐολα
2438 3418 2472 3488 ή
2525 3415 2757 3486 ἑϐδομὰς
2798 3417 3084 3487 σημαίνειν
3131 3415 3294 3470 θέλει.
3350 3417 3423 3469 Οὐ
3479 3417 3584 3487 μὴν
3623 3415 3722 3470 ἐπὶ

2142 3507 2345 3571 ταύτας
2370 3508 2398 3560 ὁ
2424 3508 2523 3578 τῆς
2574 3507 2956 3578 Πεντηκοστῆς
3008 3508 3237 3578 ἀριθμὸς
3290 3509 3519 3562 ἵσταται’
3554 3508 3726 3577 ὑπερ-

2144 3598 2429 3663 ακοντίσας
2482 3599 2663 3661 δὲτὰς
2698 3599 2838 3652 ἑπτὰ
2880 3598 3198 3668 ἑϐδομάδας,
3250 3598 3437 3670 μονάδι
3474 3601 3538 3669 τῇ
3586 3598 3729 3669 μετὰ

2142 3691 2341 3755 ταύτας
2377 3692 2581 3762 ὑστάτῃ
2627 3690 2724 3761 τὴν
2767 3690 3060 3761 πανέορτον
3093 3690 3306 3760 ἡμέραν
3345 3691 3447 3760 τῆς
3491 3690 3728 3761 Χριστοῦ

2142 3782 2453 3854 ἀναλήψεως
2481 3779 2954 3853 ἐπισφραγίζεται.
2988 3780 3227 3844 Εἰκότως
3250 3782 3358 3853 ἄρα
3390 3783 3447 3833 ἐν
3473 3784 3593 3845 ταῖς
3620 3782 3728 3852 τῆς

2145 3876 2303 3944 ἁγίας
2332 3874 2710 3945 Πεντηκοστῆς
2739 3874 2968 3946 ἡμέραις
2989 3873 3084 3945 τὴν
3106 3874 3399 3945 μέλλουσαν
3421 3874 3728 3928 ἀνάπαυσιν

2143 3968 2552 4039 διαγράφοντες,
2587 3968 2686 4032 τὰς
2727 3969 2904 4039 ψυχὰς
2958 3967 3288 4038 γαννύμεθα,
3340 3970 3432 4023 καὶ
3473 3969 3533 4021 τὸ
3565 3970 3727 4039 σῶμα

2141 4060 2561 4131 διαναπαύομεν,
2593 4061 2668 4125 ὡς
2703 4061 2767 4114 ἂν
2784 4061 2930 4132 αὑτῴ
2958 4060 3202 4124 συνόντες
3231 4060 3330 4132 ήδη
3363 4060 3442 4131 τῷ
3466 4061 3722 4132 Νυμφιῳ,

2143 4152 2237 4205 καὶ
2275 4152 2558 4223 νηστεύειν
2594 4153 2667 4224 μὴ
2691 4153 2994 4223 δυνάμενοι.

2216 4252 2291 4309 ς’.
2346 4245 2493 4315 Π-λὴν
2522 4246 2604 4299 ὅτι
2634 4248 2683 4297 oi.
2739 4246 2869 4316 ἱεροὶ
2928 4244 3309 4313 εὐαγγελισταὶ
3354 4244 3415 4297 τὸ
3460 4245 3725 4316 σωτήριον

468 4314 772 4382 passionem
810 4315 954 4370 circa
1011 4317 1129 4371 dies
1160 4333 1477 4388 azymorum
1522 4320 1728 4376 Judaici
1764 4323 2038 4383 Paschalis

2146 4294 2318 4399 πάθος
2526 4294 2879 4408 τάςήήμέρας
2907 4337 2999 4389 τοῦ
3039 4294 3335 4390 ι’ίουδαῖκοῦ
3370 4336 3561 4407 Πάσχα
3592 4294 3727 4389 Ιῗιτῶν

466 4404 762 4473 contigisse
786 4416 1030 4466 narrent.
1070 4424 1227 4462 nemo
1260 4411 1545 4465 dubitabit.
1569 4412 1693 4468 Haec
1714 4416 1856 4469 enim
1881 4432 2039 4472 causa

466 4498 644 4553 fuerat
692 4498 827 4567 legis
865 4515 895 4553 a
944 4500 1125 4571 Moyse
1178 4499 1318 4567 law,
1352 4517 1471 4569 qua:
1514 4502 1713 4557 dicitur
1750 4506 2037 4573 paschalis.

465 4589 601 4646 Nam
636 4593 759 4661 quia
794 4592 982 4663 Agnus
1034 4591 1163 4656 Dei,
1198 4604 1450 4663 tanquam
1477 4595 1630 4661 ovis,
1681 4599 1748 4650 ah
1779 4598 1908 4666 ipsis
1940 4598 2037 4653 Ju-

466 4685 595 4741 dazis
640 4687 705 4740 ad
751 4687 952 4741 caedem
1005 4687 1277 4742 ducendus
1325 4694 1462 4751 erat,
1491 4702 1650 4755 quam
1688 4689 1756 4743 ob
1787 4705 2033 4745 commu-

464 4792 586 4831 nem
637 4777 911 4831 hominum
965 4778 1191 4832 salutem
1250 4794 1507 4849 passurus
1554 4789 1693 4844 erat,
1743 4782 1879 4836 haud
1929 4784 2035 4837 alio

463 4883 621 4937 quam
647 4868 902 4937 przedicto
934 4877 1196 4937 tempore,
1227 4868 1367 4923 Dens
1410 4870 1643 4924 futuram
1680 4887 1791 4925 rem
1814 4874 2036 4928 demon-

463 4959 701 5014 strativis
744 4960 1006 5030 symbolis
1040 4976 1447 5029 praeoccupans,
1491 4962 1581 5016 illo
1616 4964 1732 5033 ipso
1773 4973 2032 5035 tempore,

464 5052 605 5119 quod
648 5052 989 5107 volventibus
1046 5068 1311 5107 annorum
1357 5056 1637 5120 periodis,
1681 5073 2033 5113 occursurum

464 5152 599 5204 erat,
633 5145 968 5199 materialem
1001 5145 1069 5199 ah
1117 5144 1318 5201 Judasis
1363 5162 1558 5215 agnum
1599 5149 1867 5204 immolari
1906 5169 2037 5222 pra:-

464 5234 606 5303 cepit
644 5252 658 5288 :
698 5237 857 5304 idque
888 5238 955 5292 ah
983 5238 1062 5293 eis
1101 5238 1330 5304 singulis
1378 5240 1537 5294 annis
1575 5242 1874 5296 faetitatum
1913 5244 2034 5312 fuit,

464 5325 635 5380 donec
692 5329 957 5395 completa
1008 5332 1208 5385 veritas
1248 5340 1460 5387 veteres
1506 5332 1770 5404 imagines
1799 5337 2031 5389 circnm-

463 5418 700 5485 scripsit.
740 5419 1097 5485 Quamobrem
1133 5440 1198 5479 ex
1245 5424 1336 5477 illo
1374 5436 1620 5495 tempore
1663 5427 1800 5495 apud
1850 5439 2035 5497 gentes

462 5510 679 5578 quidem
713 5527 837 5565 vera
877 5518 1255 5584 mysteriorum
1293 5530 1473 5573 manet
1506 5520 1861 5586 soletnnitas;
1894 5524 2032 5589 apud

462 5596 681 5655 Iudaeos
710 5611 882 5656 autem
913 5621 978 5659 ne
1007 5607 1245 5677 ipsorum
1270 5610 1487 5678 quidem
1523 5611 1887 5680 symbolorum
1918 5628 2030 5665 tne-

464 5692 635 5748 Inoria
659 5704 920 5761 suuerest,
940 5710 1123 5766 erepto
1143 5700 1207 5756 iis
1240 5702 1354 5758 ioco
1384 5703 1470 5759 ubi
1494 5704 1613 5759 festi
1639 5704 1794 5759 ritum
1818 5719 2037 5776 perage-

2142 4427 2369 4497 άζύμων
2421 4428 2712 4498 ἱστόρησαν
2746 4427 3049 4495 γεγονέναι,
3090 4427 3267 4490 οὐδεὶς
3295 4426 3361 4479 ἂν
3402 4426 3723 4498 ἀμφιϐάλοι·

2140 4518 2299 4571 τοῦτο
2318 4518 2427 4589 γὰρ
2454 4514 2523 4589 ἦν
2553 4518 2648 4571 τοῦ
2685 4518 2853 4589 νόμου
2884 4518 2978 4571 τοῦ
3018 4519 3168 4590 παρὰ
3198 4522 3423 4573 Μωῦσεί
3446 4524 3573 4591 περὶ
3628 4520 3723 4573 τοῦ

2138 4610 2329 4679 Πάσχα
2378 4609 2667 4680 λεγομένου
2713 4610 2901 4664 αἴτιον.
2976 4611 3191 4683 Ἐπειδὴ
3240 4611 3349 4683 γάρ
3411 4611 3631 4683 ἔμελλεν
3693 4616 3725 4666 ὁ

2148 4702 2341 4772 Ἀμνὸς
2383 4701 2475 4755 τοῦ
2502 4701 2636 4755 Θεοῦ
2684 4702 2760 4766 ὠς
2797 4703 3064 4775 πρόϐατον
3116 4704 3208 4757 ἐπὶ
3245 4706 3457 4776 σφαγὴν
3491 4706 3721 4774 ἄγεσθαι

2133 4796 2265 4866 παρ’
2287 4794 2467 4857 αὐτοῖς
2513 4794 2804 4858 Ἰουδαίοις,
2839 4796 2932 4849 καὶ
2975 4795 3132 4849 τοῦτο
3164 4797 3393 4868 πάσχειν
3427 4798 3567 4869 ὑπὲρ
3611 4799 3714 4869 τῆς

2135 4886 2319 4956 κοινῆς
2371 4884 2585 4938 πάντων
2637 4885 2939 4956 ἀνθρωπων
2991 4888 3284 4958 σωτηρίας,
3312 4888 3409 4941 οὐκ
3440 4889 3627 4943 ἄλλοτε
3683 4890 3717 4959 ἢ

2136 4976 2277 5028 κατὰ
2313 4974 2403 5028 τὸν
2423 4973 2749 5045 δηλούμενον
2781 4975 2995 5047 καιρὸν,
3045 4976 3330 5048 προλαϐὼν
3354 4976 3415 5030 τὸ
3448 4978 3639 5047 μέλλον
3690 4980 3722 5032 ό

2135 5066 2268 5130 Θεὸς
2299 5066 2388 5119 διὰ
2416 5067 2695 5138 συμϐόλων
2723 5066 3028 5131 εἰκονικῶς,
3054 5071 3174 5122 κατ’
3204 5070 3364 5123 αὑτὸν
3398 5071 3603 5124 ἐκεῖνον
3628 5070 3724 5125 τὸν

2140 5158 2401 5229 μέλλοντά
2442 5176 2570 5213 ποτε
2622 5158 2763 5213 κατὰ
2790 5160 2996 5231 χρόνων
3031 5161 3307 5233 περιόδους
3330 5162 3719 5232 ἐπιστήσεσθαι

2136 5250 2346 5320 καιρὸν,
2400 5251 2569 5319 ἀμνὸν
2608 5251 2787 5323 ,παρὰ
2856 5252 3129 5317 Ἰουδαίοις
3192 5253 3448 5323 αἰσθητὸν
3496 5254 3716 5307 ἐκέλευε

2137 5342 2376 5396 θύεσθαι·
2404 5343 2496 5397 καὶ
2526 5344 2682 5397 τοῦτο
2706 5345 2887 5409 αὐτοῖς
2917 5348 3033 5399 κατ’
3061 5346 3304 5399 ἐνιαυτὸν
3340 5347 3592 5409 ἐτελεῖτο,
3614 5346 3715 5407 ἕως

2137 5435 2171 5505 ή
2204 5434 2431 5505 ἀλήθεια
2462 5434 2940 5506 ἀποπληρωθεῖσα,
2973 5436 3073 5498 τὰς
3114 5436 3347 5499 παλαιὰς
3377 5437 3589 5498 εἰκόνας
3620 5450 3710 5485 πε-

2141 5525 2450 5597 ριέγραψεν.
2483 5527 2643 5580 Ὅθεν
2672 5527 2729 5593 ἐξ
2758 5528 2964 5580 ἐκείνου
2998 5527 3147 5597 παρὰ
3187 5528 3284 5598 μὲν
3317 5522 3709 5596 τοῖςῗθνεσινή

2142 5617 2344 5688 ἀληθὴς
2372 5618 2478 5672 τῶν
2511 5621 2823 5692 μυστηρίων
2866 5621 3203 5690 κεκράτηκεν
3239 5621 3422 5692 ἑορτὴ,
3460 5618 3606 5690 παρὰ
3650 5617 3711 5672 δὲ.

2159 5708 2427 5773 Ἰουδαίοις
2452 5708 2629 5769 οὐκέτι
2668 5710 2774 5763 οὐδ’
2806 5708 2981 5763 αὐτῶν
3014 5712 3045 5780 ἡ
3081 5711 3264 5782 μνήμη
3296 5711 3400 5766 τῶν
3432 5707 3714 5781 συμϐόλων
