4098 6200
363 299 451 353 70(

1484 302 1568 360 DE
1611 295 2097 363 SOLEMNI'I'ATE
2131 310 2481 369 PASCHALI.

3490 321 3594 379 709.

355 420 701 488 φυλάττεται,
728 417 1130 491 περιῃρημένου
1170 420 1348 475 αὐτῶν
1376 422 1466 475 τοῦ
1500 425 1663 478 τόπου
1694 427 1751 479 ὲν
1787 418 1831 494 ᾧ
1859 427 1918 480 τά

2032 446 2088 485 re
2104 431 2239 501 jussi
2281 432 2923 488 fuerant.Convenienter
2952 433 3135 515 utique
3163 431 3336 487 divina
3357 432 3594 507 Evange-

353 512 449 581 τῆς
494 511 689 581 ἑορτῆς
730 511 995 565 τελεῖσθαι
1036 513 1440 585 νενομοθέτητο⁸
1473 514 1709 581 Εἰκότως
1756 518 1927 590 ἄοαή

349 602 470 655 θεία
491 603 601 655 τῶν
628 602 967 672 Εὐαγγελίων
992 605 1178 675 γραφὴ
1209 606 1351 659 κατά
1370 607 1460 659 τὸν
1480 609 1667 679 χρόνον
1688 608 1932 663 τῶνίου-

272 764 275 767 ν
351 692 555 747 δαῖκῶν
579 693 801 764 ἀζύμων
828 694 1150 748 πεπονθέναι
1181 697 1314 766 φησὶ
1340 697 1430 750 τὸν
1456 700 1697 770 Σωτῆραο
1743 701 1928 772 ἐπειδὴ

352 785 451 837 καὶ
480 785 598 838 τότε
624 786 698 849 ὡς
744 787 1011 858 πρόϐατον
1036 788 1127 840 ἐπὶ
1155 787 1367 859 σφαγὴν
1394 789 1530 860 ἤχθη
1558 793 1679 853 ταῖς
1713 809 1928 864 προφη-

356 879 535 941 τικαῖς
560 878 860 942 ἀκολούθως
885 882 1108 948 φωναῖς.

428 967 493 1031 ζ’.
549 970 655 1024 Καὶ
679 972 726 1022 οί
764 971 864 1041 μὲν
919 971 1058 1025 κατά
1109 972 1346 1026 Μωῦσέα
1392 972 1536 1038 ἅπαξ
1586 973 1682 1027 τοῦ
1729 976 1929 1039 παντὸς

360 1058 507 1122 ἔτους
528 1060 792 1129 πρόϐατον
831 1061 928 1115 τοῦ
967 1062 1157 1132 Πάσχα
1182 1062 1337 1116 ἔθυον
1365 1060 1923 1138 τεσσαρεσκαιδεκάτῃ

360 1152 447 1206 τοῦ
476 1151 687 1224 πρώτου
738 1155 926 1225 μηνὸς,
951 1156 1012 1208 τὸ
1045 1155 1181 1226 πρὸς
1202 1157 1458 1229 ἑσπέραψ
1494 1159 1655 1227 ἡμεῖς
1674 1157 1729 1211 δὲ
1757 1158 1805 1209 oi
1826 1158 1925 1227 τῆς

356 1245 556 1314 Καινῆς
587 1246 871 1318 Ὰιαθήκης
904 1247 988 1315 ἐφ’
1035 1248 1268 1319 ἑκάστης
1300 1249 1582 1319 Κυριακῆς
1612 1248 1819 1319 ἡμέρας
1866 1248 1925 1301 τὸ

354 1334 556 1387 ἑαυτῶν
585 1335 778 1405 Πάσχα
795 1335 1097 1399 τελοῦντες.
1130 1337 1240 1389 ΑΕΙ
1280 1338 1416 1390 ΤΟΥ
1441 1337 1755 1390 ΣΩΜΑΤΟΣ
1787 1337 1922 1389 ΤΟΥ

351 1427 688 1480 ΣΩΤΗΡΙΟΥ
722 1428 1254 1491 ΕΜΦΟΡΟΥΜΕΘΑ,
1305 1429 1415 1481 ᾹΕΙ
1449 1429 1587 1481 ΤΟΥ
1622 1429 1925 1482 ΑΙΜΑΤΟΣ

349 1517 481 1570 ΤΟΥ
504 1517 870 1571 ΠΡΟΒᾹΤΟΥ
887 1519 1554 1572 ΜΕΤΑΛΑΜΒΑΝΟΜΕΝ
1569 1519 1701 1589 (29).
1718 1520 1805 1575 ἀεὶ
1827 1519 1924 1583 τὰς

347 1607 518 1675 ὀσφῦς
543 1608 642 1678 τῆς
675 1609 883 1685 ἑαυτῶν
910 1609 1087 1681 ψυχῆς
1110 1610 1302 1681 ἁγνείᾳ
1335 1610 1427 1663 καὶ
1457 1610 1777 1683 σωφροσύνῃ
1821 1628 1920 1663 πε-

350 1698 708 1771 ριεζώσμεθα,
740 1702 825 1754 ἀεὶ
848 1703 970 1766 τοὺς
989 1703 1152 1766 πόδας
1174 1703 1665 1775 παρεσκευάσμεθα
1696 1705 1753 1757 ὲν
1786 1705 1922 1758 ἑτοι-

2032 524 2220 579 liorom
2288 526 2554 594 scriptura
2606 524 2947 580 Judaicorum
3001 541 3312 596 azymorum
3356 536 3595 597 tempore

2031 630 2244 683 passum
2278 614 2623 669 Servatorem
2655 613 2808 679 dicit,
2828 615 2949 683 quia
2972 625 3099 670 tunc
3128 630 3315 685 reapse
3343 626 3594 687 tanquam

2032 708 2149 761 ovis
2181 707 2245 759 ad
2280 707 2482 761 caedem
2514 707 2704 763 ductus
2732 707 2836 762 fuit
2867 707 3191 778 propheticis
3212 709 3446 766 oraculis
3464 725 3598 765 con-

2029 811 2125 851 seu
2135 804 2309 850 tanee.

2103 957 2156 1014 7.
2190 957 2256 1009 Et
2292 956 2488 1026 Moysis
2520 958 2735 1025 quidem
2773 957 2989 1012 assecla‘:
3032 958 3195 1012 semel
3232 959 3284 1012 in
3327 974 3467 1014 anno
3501 976 3597 1029 pa-

2030 1049 2265 1104 schalem
2318 1064 2471 1103 ovem
2529 1049 2903 1116 immolabant,
2940 1060 3128 1118 quarta
3181 1051 3384 1105 decima
3434 1053 3592 1120 primi

2028 1143 2229 1198 mensis
2279 1142 2386 1205 die,
2416 1142 2555 1197 circa
2606 1156 2908 1209 vesperum.
2941 1140 3049 1196 Nos
3093 1151 3269 1194 autem
3301 1140 3443 1211 [Novi
3472 1142 3595 1196 Fu:-

2026 1236 2169 1290 deris
2221 1236 2501 1299 homines,
2532 1234 2826 1289 Dominicis
2869 1236 3081 1290 cunctis
3142 1236 3330 1290 diebus
3386 1236 3591 1291 Pascha

2028 1338 2269 1381 nostrum
2319 1327 2699 1390 celebrantes,
2737 1341 3063 1382 senvaroms
3115 1343 3353 1383 CORPORE
3394 1344 3593 1384 ssursn

2033 1434 2322 1483 εΑτιΑιιυῐι,
2364 1435 2568 1474 SEMPER
2627 1426 2923 1475 εΑΝῦυιΝΕΜ
2983 1435 3102 1475 ΔῦΝΙ
3153 1436 3590 1476 ιδλιιτιειρλιιυεε

2025 1511 2234 1566 lumbos
2259 1526 2473 1581 semper
2510 1512 2705 1566 animae
2745 1524 2943 1567 nostrae
2975 1515 3221 1567 castitate
3258 1522 3314 1567 et
3338 1514 3594 1568 modestia

2022 1604 2418 1673 praecingimus,
2436 1618 2650 1672 semper
2672 1604 2893 1672 pedibus
2918 1605 3086 1672 parati
3123 1619 3307 1659 sumus
3330 1604 3396 1658 ad
3427 1604 3594 1658 Evan-

2024 1696 2145 1766 gelii
2178 1697 2531 1765 procinctum,
2556 1709 2768 1765 semper
2807 1698 3026 1752 baculos
3065 1712 3222 1751 manu
3256 1707 3515 1763 tenemus,
3541 1706 3595 1751 et

352 1790 524 1863 μασία
552 1792 643 1844 τοῦ
672 1792 1019 1861 Εὑαγγελίου,
1047 1794 1133 1846 ἀεὶ
1168 1772 1267 1856 τάς
1294 1772 1591 1866 βακτηρίας
1616 1793 1809 1865 ἔχομεν
1861 1796 1918 1848 ὲν

2025 1788 2185 1856 virga:
2210 1790 2275 1840 de
2309 1787 2490 1842 radice
2514 1785 2679 1842 Jessae
2701 1788 3024 1856 germinanti
3056 1787 3333 1860 innitendo
3363 1788 3593 1855 quiesci-

349 1884 472 1945 ταῖς
498 1882 674 1953 χερσὶ,
701 1883 790 1936 καὶ
833 1887 897 1955 τῇ
944 1883 1121 1955 ῥάϐδῳ
1147 1887 1210 1956 τῇ
1243 1888 1306 1939 ὲκ
1322 1884 1475 1955 ῥίζης
1511 1885 1707 1937 Ἰεσσαὶ
1728 1886 1920 1954 προελ-

350 1971 520 2045 θούσῃ
550 1975 1025 2045 ἐπαναπαυόμεθα,
1044 1976 1128 2029 ἀεὶ
1160 1976 1258 2045 τῆς
1287 1976 1558 2045 Αἰγύπτου
1583 1976 1919 2029 ἀπαλλαττό-

350 2063 510 2135 μεθα,
541 2065 622 2117 ἀεὶ
654 2064 747 2136 τὴν
776 2067 1007 2138 ἐρημίαν
1026 2066 1119 2120 τοῦ
1149 2067 1483 2139 ἀνθρωπείου
1520 2066 1634 2137 βίου
1660 2066 1922 2139 μεταδιώ-

356 2174 537 2226 ιιομεν.
572 2157 657 2211 ἀεὶ
679 2159 777 2230 τὴν
807 2159 941 2227 πρὸς
962 2158 1092 2213 Θεὸν
1121 2160 1342 2230 πορείαν
1377 2160 1721 2231 στελλόμεθα,
1741 2160 1827 2213 ἀεὶ
1851 2159 1920 2213 τά

351 2248 669 2320 διαϐατήρια
700 2250 1045 2322 ἑορτάζομεν.
1085 2251 1270 2306 Ταῦτα
1304 2251 1412 2325 γάρ
1449 2254 1627 2307 πάντα
1654 2252 1752 2322 οὐχ
1775 2250 1921 2315 ἅπαξ

355 2336 436 2393 τοῦ
471 2339 623 2405 ἔτους
647 2342 905 2413 πράττειν
934 2345 1100 2415 ἡμᾶς,
1136 2344 1222 2397 ἀεὶ
1246 2344 1415 2397 δὲκαὶ
1443 2343 1531 2398 διὰ
1574 2345 1751 2415 πάσης
1780 2344 1921 2415 ἠμέ-

350 2448 447 2499 ρας
471 2434 499 2486 ὁ
531 2432 882 2501 εύαγγελικὸς
907 2434 1061 2503 λόγος
1097 2435 1360 2506 βούλεται.
1396 2435 1484 2489 Διὸ
1505 2436 1599 2489 καὶ⁹
1626 2434 1746 2488 καθ’
1786 2435 1917 2488 ἑκά-

348 2539 478 2594 στην
521 2523 790 2595 ἑῦδομάδα
832 2524 929 2597 τὴν
955 2526 1049 2579 τοῦ
1085 2526 1276 2597 Πάσχα
1296 2527 1391 2580 τοῦ
1435 2528 1703 2599 ἡμετέρου
1726 2528 1918 2599 ἑορτὴν

354 2614 486 2667 ιιατά
519 2616 618 2687 τὴν
665 2618 931 2688 σωτήριον
964 2618 1057 2670 καὶ
1087 2619 1371 2689 Κυριακὴν
1400 2618 1609 2689 ἡμέραν
1643 2617 1918 2672 ἐπιτελοῦ-

350 2724 449 2776 μεν
477 2706 567 2760 τοῦ
597 2707 848 2779 ἀληθινοῦ
879 2708 1148 2779 προϐάτου
1166 2751 1179 2776 ,
1207 2709 1272 2761 δι’
1298 2702 1358 2761 οὗ
1388 2708 1663 2781 ὲλυτρώθη
1674 2727 1790 2781 μεν,
1850 2708 1918 2765 τά

350 2798 622 2867 μυστήρια
655 2797 1118 2869 ἀποπληροῦντες’
1163 2798 1257 2850 καὶ
1286 2798 1408 2850 οὔτε
1435 2797 1496 2849 τὸ
1526 2797 1682 2867 σῶμα
1717 2797 1917 2869 σιδήρῳ

349 2887 764 2959 περιτέμνομεν,
789 2890 888 2960 τῆς
914 2890 968 2943 δὲ
984 2891 1159 2962 ψυχῆς
1181 2890 1259 2960 τῷ
1289 2888 1536 2960 τμητικῷ
1560 2889 1700 2959 λόγῳ
1735 2891 1916 2943 πᾶσαν

353 2979 742 3050 περιαιροῦμεν
774 2981 988 3035 κακίαν·
1009 2980 1132 3034 οὗτε
1156 2982 1488 3051 σωματικοῖς
1520 2979 1748 3049 ἀζύμοις
1776 2978 1916 3050 χρώ-

352 3070 513 3139 μεθα,
549 3070 727 3140 μόνοις
748 3072 803 3123 δὲ
829 3075 941 3136 τοῖς
972 3072 1072 3141 τῆς
1105 3071 1452 3143 εἱλικρινείας
1494 3071 1589 3124 καὶ
1633 3069 1911 3141 ἀληθείας.

2022 1894 2162 1945 mus,
2194 1878 2429 1950 Egypto
2461 1895 2674 1947 semper
2726 1879 3045 1943 alienantur,
3087 1893 3298 1945 semper
3342 1880 3591 1941 hqmanze

2022 1971 2145 2025 vitae
2185 1971 2523 2026 solitudinem
2554 1979 2847 2034 seetamur,
2867 1984 3081 2039 semper
3108 1970 3300 2023 itinere
3328 1970 3393 2022 ad
3424 1968 3588 2022 Deum

2022 2063 2308 2127 tendimus,
2340 2077 2555 2131 semper
2578 2063 2836 2117 transitus
2866 2060 3060 2116 festum
3084 2060 3442 2116 celebramus.
3464 2059 3590 2116 Haec

2020 2155 2163 2211 enim
2197 2156 2339 2209 haud
2392 2155 2555 2210 semel
2596 2154 2906 2224 quotannis,
2932 2154 3025 2208 sed
3073 2167 3283 2222 semper
3327 2152 3588 2219 singulis-

2019 2262 2126 2316 que
2169 2248 2358 2301 diebus
2393 2262 2422 2300 a
2480 2246 2636 2300 nobis
2677 2245 2792 2299 ﬁeri
2848 2243 3193 2312 evangelicus
3246 2258 3425 2299 sermo
3451 2243 3588 2296 vult.

2019 2339 2307 2408 Propterea
2344 2340 2572 2409 singulis
2615 2337 2969 2392 hebdomadis
3014 2335 3287 2406 paschalis
3320 2334 3488 2389 nostri
3518 2333 3591 2387 fe-

2018 2442 2181 2496 stum,
2207 2431 2483 2485 Dominica
2510 2429 2807 2484 Salvatoris
2839 2428 2925 2483 die
2953 2429 3277 2498 peragimus,
3300 2427 3413 2480 veri
3440 2425 3588 2494 agni,

2018 2540 2112 2594 per
2140 2539 2298 2593 quem
2323 2523 2533 2577 liberati
2560 2523 2777 2585 fuimus,
2809 2522 3062 2590 mysteria
3093 2519 3451 2574 celebrantes.
3480 2517 3587 2573 Ne-

2016 2629 2123 2682 que
2149 2628 2351 2682 corpus
2405 2611 2556 2666 ferro
2584 2611 3061 2674 circumcidimus,
3103 2610 3195 2663 sed
3233 2617 3390 2662 acuta
3438 2607 3587 2661 verbi

2017 2699 2307 2767 evangelici
2337 2699 2452 2753 acie
2496 2706 2744 2752 cunctam
2794 2698 2988 2751 animae
3032 2697 3288 2750 malitiam
3320 2697 3589 2751 abscindi-

2018 2805 2156 2844 mus.
2185 2788 2370 2859 Neque
2404 2789 2680 2858 corporeis
2713 2788 2920 2857 azymis
2965 2788 3186 2855 utimur,
3226 2789 3319 2843 sed
3361 2788 3587 2843 sinceri-

2018 2882 2143 2936 tatis
2174 2883 2545 2936 tantummodo
2566 2896 2630 2935 ac
2651 2881 2920 2937 veritatis.
2947 2879 3134 2935 Gratia
3164 2880 3308 2934 enim
3340 2895 3462 2950 qua:
3489 2895 3586 2935 nos

2014 2972 2287 3029 veteribus
2320 2973 2564 3028 moribus
2614 2971 2897 3038 liberavit,
2940 2988 3135 3027 novum
3172 2973 3327 3029 nobis
3369 2973 3587 3028 tradidit

2016 3066 2314 3132 hominem,
2336 3066 2425 3136 qui
2455 3068 2747 3121 secundum
2784 3067 2950 3120 Deum
2980 3064 3228 3119 conditus
3258 3074 3361 3127 est,
3392 3078 3585 3118 novam

362 3128 426 3214 Ἦ
462 3128 617 3233 χάρις
644 3128 768 3233 γάνρ,
799 3128 943 3235 ἡμᾶς
1104 3128 1474 3234 γεγηρακυίας
1507 3128 1915 3232 ἐλευθερωσασα

2022 3155 2188 3225 legem
2210 3197 2225 3223 ,
2256 3170 2449 3219 novam
2500 3156 2963 3211 circumcisionem
2983 3195 3001 3221 ,
3040 3169 3232 3209 novum
3264 3153 3467 3209 Pascha
3490 3194 3504 3219 ,
3534 3161 3588 3208 et

349 3251 655 3322 συνηθείας,
687 3255 777 3307 τὸν
807 3255 989 3309 καινὸν
1013 3254 1294 3326 ἄνθρωπον
1323 3254 1636 3325 παρέδωκεν
1662 3255 1793 3323 ἡμῖν
1824 3253 1916 3305 τὸν

346 3343 485 3397 κατά
505 3344 635 3397 Θεὸν
657 3345 962 3411 κτισθέντα,
991 3347 1187 3400 καὶτὸν
1212 3345 1395 3400 καινὸν
1416 3346 1601 3416 νόμον,
1633 3345 1825 3415 καινήν
1856 3361 1916 3397 τε

2024 3248 2173 3303 illum
2202 3249 2291 3319 qui
2320 3248 2373 3303 in
2417 3248 2736 3303 abscondito
2759 3246 2975 3302 Judaeus
3010 3256 3091 3300 εει
3109 3248 3175 3300 ⁸⁸.
3210 3243 3300 3301 Sic
3330 3247 3587 3301 nosanti-

2022 3356 2250 3411 quorum
2280 3348 2582 3407 temporum
2604 3340 2733 3410 jugo
2763 3340 3027 3394 relevatos
3050 3339 3270 3393 dimisit.

345 3437 665 3509 περιτομὴν,
682 3440 866 3494 καινόν
888 3457 949 3493 τε
972 3441 1183 3511 Πάσχα,
1207 3440 1301 3494 καὶ
1334 3439 1423 3493 τὸν
1442 3440 1499 3493 ὲν
1528 3438 1753 3512 κρυπτῷ
1798 3438 2076 3508 Ἰουδαῖονπ
2142 3434 2283 3489 οὓτω
2314 3434 2531 3489 καὶτῶν
2550 3433 2792 3488 παλαιῶν
2851 3434 3055 3505 καιρῶν
3082 3433 3396 3504 ἐλευθέρους
3443 3434 3587 3504 ἡμᾶς

345 3526 546 3596 ἀφῆκε.

412 3627 486 3690 η’.
515 3620 659 3691 Πλὴν
681 3619 775 3673 τοῦ
827 3620 1234 3690 θεοφιλεστάτου
1286 3621 1567 3693 βασιλέως,
1620 3622 1785 3694 μέσου
1813 3623 1915 3694 τῆς

347 3711 507 3780 ἁγίας
538 3712 750 3765 συνόδου
784 3711 1249 3784 προκαθεζομένου
1277 3714 1410 3785 (50),
1451 3713 1527 3778 ὡς
1563 3715 1700 3786 ἤχθη
1717 3716 1796 3777 εἰς
1821 3714 1919 3785 μέ·-

347 3820 440 3857 σον
470 3804 531 3857 τὸ
553 3805 679 3874 περὶ
712 3803 806 3857 τοῦ
835 3806 1023 3879 Πάσχα
1051 3806 1288 3877 ζήτημα,
1316 3806 1528 3875 ἐλέγετο
1560 3807 1657 3877 μὲν
1688 3808 1789 3861 ὅσα
1819 3808 1918 3860 καὶ

347 3896 560 3965 ἐλέγετο
592 3896 722 3967 (51)’
740 3897 1075 3953 ὶπλεονέκτει
1101 3898 1156 3952 δὲ
1170 3897 1246 3969 τῷ
1262 3898 1453 3970 πλήθει
1476 3899 1581 3952 τῶν
1609 3899 1919 3952 ἐπισκόπων

347 3990 383 4060 ἠ
421 3989 754 4061 τριπλασίων
814 3993 975 4062 μοῖρα
1008 3989 1106 4060 τῆς
1137 3990 1263 4063 ὅλης
1304 3990 1626 4061 οἰκουμένης
1656 3991 1917 4061 ἑτέρωθεν

348 4081 719 4135 ἀντιτείνουσα
772 4085 883 4145 τοῖς
928 4083 1026 4152 τῆς
1068 4082 1349 4151 ἀνατολῆς·
1379 4081 1601 4153 ἀρκτῷα
1645 4082 1752 4153 γὰρ
1780 4082 1914 4152 ὁμοῦ

347 4172 442 4227 καὶ
466 4172 828 4246 μεσημϐρινὰ,
867 4175 958 4227 καὶ
983 4174 1050 4227 τὰ
1096 4174 1238 4227 κατὰ
1270 4173 1461 4229 δύοντα
1488 4174 1636 4244 ἦλιον
1669 4173 1816 4244 ἔθνη,
1850 4177 1915 4246 τῇ

348 4265 638 4336 συμφωνίᾳ
692 4264 1030 4337 φραξάμενα,
1063 4266 1163 4336 τὴν
1216 4265 1462 4318 ἐναντίαν
1513 4264 1759 4319 ἀνθεῖλκε
1805 4266 1916 4327 τοῖς

344 4358 443 4428 τῆς
472 4357 612 4427 ἑῴας
659 4357 755 4429 τὴν
785 4358 1016 4411 παλαιάν
1047 4357 1368 4411 διεκδικοῦσι
1415 4356 1717 4427 συνήθειαν.
1753 4356 1916 4419 Τέλος

344 4447 401 4501 δὲ
432 4448 590 4517 λόγου
634 4446 781 4517 εἶξαν
807 4452 856 4502 οἰ
886 4449 1205 4505 ἀνατολικοί·
1251 4451 1344 4504 καὶ
1392 4449 1533 4502 οὕτω
1564 4448 1662 4519 μία
1680 4447 1913 4518 Χριστοῦ

2092 3617 2147 3673 8.
2179 3617 2564 3672 Verumtamen
2597 3628 2719 3667 cum
2752 3614 2860 3666 Deo
2888 3611 3269 3666 dilectissimus
3297 3611 3585 3679 imperator

2022 3719 2208 3767 sancta
2239 3708 2443 3781 synodo
2466 3723 2648 3762 coram
2674 3705 2881 3759 medius
2913 3704 3144 3769 sederet,
3179 3711 3448 3758 commota
3482 3703 3587 3758 illic

2022 3802 2089 3858 de
2120 3801 2383 3856 Paschate
2413 3796 2733 3869 quastione,
2761 3795 2899 3849 dixit
2938 3810 2998 3850 ea
3030 3809 3150 3864 qua:
3181 3793 3334 3847 dixit.
3374 3792 3585 3847 Praeva—

2024 3893 2205 3948 lebant
2237 3901 2418 3945 autem
2451 3897 2562 3944 tres
2584 3902 2648 3941 ex
2676 3896 2906 3955 quatuor
2940 3887 3182 3954 partibus
3213 3884 3584 3953 episcoporum

2024 3984 2077 4038 in
2120 3993 2233 4038 toto
2272 3982 2493 4047 mundo,
2528 3980 2621 4047 qui
2652 3976 3017 4033 Orientalibus
3062 3975 3330 4045 episcopis
3366 3982 3586 4028 contra-

2024 4074 2164 4128 rium
2198 4072 2527 4127 sentiebant.
2555 4067 2691 4122 Nam
2731 4068 3147 4139 Septentrionis,
3186 4066 3389 4127 Austri,
3426 4069 3584 4118 item-

2023 4183 2127 4237 que
2174 4165 2489 4221 Occidentis
2526 4162 2704 4233 populi
2736 4161 3026 4216 concordia
3053 4175 3148 4213 sna
3198 4158 3431 4214 roborati
3455 4171 3580 4211 sen-

2024 4258 2244 4312 tentiam
2276 4254 2537 4325 gerebant
2584 4254 2860 4308 adversam
2904 4250 3289 4314 Orientalibus,
3318 4249 3407 4318 qui
3439 4258 3584 4302 vete-

2025 4366 2136 4405 rem
2168 4364 2318 4403 suam
2356 4347 2801 4401 consuetudinem
2833 4346 3141 4399 tuebantur.
3168 4342 3273 4396 Sed
3303 4349 3584 4395 cesserunt

2021 4441 2235 4496 demum
2284 4438 2621 4502 Orientales;
2654 4449 2816 4507 atque
2856 4436 2928 4490 ita
2961 4450 3064 4489 una
3095 4434 3293 4489 Christi
3338 4431 3474 4485 facta
3501 4440 3583 4486 est

345 4541 567 4610 γέγονεν
600 4543 779 4614 ἑορτή·
805 4543 897 4595 κα)⁸
938 4541 1078 4595 οὕτω
1112 4542 1218 4596 τῶν
1253 4542 1352 4613 μὲν
1385 4540 1743 4611 κυριοκτόνων
1780 4538 1915 4592 ἀπέ-

2022 4534 2334 4589 solemnitas
2371 4548 2386 4597 ;
2417 4531 2497 4586 sic
2529 4547 2559 4584 a
2602 4528 2810 4583 Domini
2855 4528 3183 4583 occisoribus
3236 4524 3579 4587 recedentes,

346 4649 571 4705 στησαν,
598 4638 708 4699 τοῖς
732 4634 789 4688 δὲ
828 4633 1101 4705 ὁμοδόξοις
1142 4632 1507 4705 συνήφθησαν·
1539 4635 1573 4705 ἡ
1612 4632 1771 4703 φύσις
1815 4631 1927 4701 γὰρ

417 4816 462 4847 ⁸⁸
481 4813 637 4872 Rom.
670 4831 732 4881 ιι,
764 4816 856 4872 29.

417 4972 530 5044 (29)
572 4973 647 5028 Ea
682 4973 895 5028 Eusebii
924 4978 1193 5046 egregium
1224 4977 1289 5031 de
1319 4982 1661 5031 sacrosancta
1702 4973 1912 5046 Eucha-

344 5044 524 5108 ristia,
552 5054 714 5114 prout
736 5060 854 5097 eam
886 5044 980 5097 nos
1016 5044 1268 5101 catholici
1300 5048 1617 5101 conﬁtemur
1651 5055 1705 5098 et
1731 5045 1911 5099 credi-

344 5129 491 5185 rnus,
528 5115 917 5169 testimonium.
958 5114 1199 5185 Undique
1248 5119 1390 5172 enim
1436 5116 1568 5171 mihi
1608 5116 1912 5185 suppeditat

343 5181 430 5254 (ut
469 5186 646 5239 verbis
676 5184 933 5239 Tullianis
969 5197 1088 5237 ntar
1115 5181 1246 5240 'Pro
1283 5188 1520 5246 Scauro,
1556 5202 1611 5240 n.
1645 5181 1737 5253 2‘2)
1768 5184 1909 5253 quod

342 5268 446 5324 pro
470 5254 671 5310 Christi
704 5256 1035 5310 humanitate
1067 5257 1166 5310 sub
1206 5256 1579 5311 eucharisticis
1614 5254 1744 5309 velis
1771 5269 1908 5324 prae-

344 5331 503 5378 sente
539 5325 739 5387 dicam,
787 5341 1112 5394 quocunque
1148 5342 1253 5380 non
1310 5328 1465 5381 modo
1507 5328 1683 5386 mens,
1727 5340 1914 5379 verum

345 5394 509 5465 etiarn
546 5395 687 5448 oculi
723 5396 1110 5461 inciderint,in
1145 5395 1435 5451 Eusebium
1454 5407 1599 5463 puta,
1620 5396 1904 5465 Cyrillum,

347 5463 745 5535 Sophronium,
794 5465 1139 5535 Eutychium,
1190 5466 1586 5535 Nicephorum,
1648 5463 1914 5520 Luculen-

350 5535 507 5606 tium,
540 5534 835 5606 aliosquea
871 5534 956 5590 me
984 5538 1162 5591 editos
1197 5534 1447 5591 auctures
1491 5536 1570 5591 vel
1617 5536 1913 5606 fragmenta

352 5601 617 5675 ipsorum,
641 5601 835 5675 utrisuis
868 5606 999 5661 locis
1036 5609 1305 5661 adnotavi.
1354 5606 1425 5661 De
1454 5601 1917 5675 mysterio'corpo-

354 5673 430 5743 ris
458 5673 660 5727 Christi
685 5674 969 5730 ’Ensebius
1000 5678 1161 5731 etiam
1206 5679 1257 5731 in
1302 5673 1656 5743 Theophania,
1693 5675 1783 5730 lib.
1831 5690 1911 5735 ni,

352 5739 440 5811 61,
471 5743 561 5812 qui
605 5744 818 5801 brevior
867 5745 1011 5803 locus
1054 5746 1231 5803 lumen
1275 5739 1560 5801 plurimum
1598 5746 1662 5799 ab
1707 5748 1807 5800 hoc
1839 5743 1912 5798 De

2032 4624 2266 4697 prapriat
2287 4623 2563 4694 religionis
2593 4622 2897 4678 hominibus
2941 4618 3174 4689 copulati
3205 4626 3348 4672 sunt.
3378 4613 3579 4669 Natura

2018 4970 2264 5040 paschale
2298 4972 2524 5040 tractatu
2566 4962 2813 5040 accipit._
2892 5030 2927 5040 _
3038 4974 3080 5040 ς
3132 5027 3165 5040 Δ,
3222 5039 3226 5040 ί
3528 5021 3540 5040 ,

2091 5022 2204 5109 (50)
2248 5038 2509 5109 Loquitur
2555 5022 2743 5109 auctor
2782 5030 2848 5109 de
2881 5027 3241 5109 Constantino
3289 5022 3480 5109 Magno
3528 5022 3578 5109 in

2018 5094 2229 5179 synodo
2262 5094 2831 5179 Niramaamedionsed
2874 5100 3065 5179 humili
3098 5098 3215 5151 loco
3243 5094 3496 5179 sedente,
3519 5108 3583 5179 ac

2018 5165 2313 5234 disserente
2346 5176 2567 5245 Euseb.
2599 5176 2651 5228 in
2690 5172 2807 5226 Vita
2841 5170 2955 5241 ejus
2981 5170 3072 5224 lib.
3114 5184 3199 5234 ιιι,
3238 5165 3304 5218 10
3328 5178 3501 5232 seqq.,
3528 5170 3583 5218 et

2017 5248 2432 5320 priesertimlti.
2514 5316 2543 5320 _
2770 5312 2842 5320 Η
2937 5310 2949 5320 _
3043 5308 3055 5320 α
3247 5303 3486 5320 “tu”

2090 5321 2207 5390 (δη
2238 5318 2473 5386 Legatur
2504 5312 2843 5390 Constantini
2869 5308 3089 5390 epistola
3123 5306 3260 5390 apud
3295 5303 3579 5390 Eusebium

2028 5376 2136 5447 νεὶ.
2170 5376 2351 5442 Consi.
2396 5403 2479 5450 ιιι,
2511 5386 2695 5440 ΠοΞΟ.
2727 5385 2865 5437 Idem
2902 5376 3320 5450 Constantinus
3343 5376 3426 5428 die
3467 5376 3582 5450 ipso

2020 5443 2300 5514 Paschalis
2359 5443 2659 5512 sermonem
2706 5456 2772 5505 ad
2821 5461 3034 5505 sanctos
3078 5449 3263 5503 habuit
3302 5446 3458 5517 (cap.
3488 5443 3578 5517 l_).

2022 5530 2301 5597 Quomodo
2329 5524 2769 5597 religiosissimus
2801 5514 3345 5597 itiiperatpraiiiinutn
3377 5514 3579 5597 Pascha

2023 5586 2340 5660 Eelebraret,
2376 5586 2571 5650 dicitur
2603 5596 2654 5646 in
2691 5593 2805 5660 ejus
2840 5586 2958 5643 Vita
2988 5590 3080 5644 lib.
3113 5603 3184 5651 tv,
3213 5586 3303 5652 9.2-,
3333 5586 3579 5655 precibus

2024 5684 2242 5741 nempe,
2272 5666 2551 5738 splendido
2580 5664 2746 5730 cultu,
2778 5673 2830 5718 et
2859 5660 3239 5731 eleemosynis.
