4098 6200
505 260 609 313 Ἰυό

1169 260 1440 318 EUSEBII
1478 256 1952 315 CESARIENSIS
1988 255 2140 314 OPP.
2181 255 2360 311 PARS
2393 255 2483 313 IV.
2522 285 2593 297 -
2622 255 3042 312 DOGMATICA.

3641 255 3747 311 705

503 378 647 431 enim
674 375 875 432 similia
931 378 1098 433 trahit
1132 380 1201 434 ad
1244 381 1461 435 similia.
1487 380 1639 447 Quod
1682 380 1728 434 si
1774 380 1898 449 quis
1926 381 2069 436 dicat

2176 375 2315 430 ἕλκει
2352 374 2422 428 τὰ
2451 376 2610 446 ὃμοια
2635 374 2770 445 πρὸς
2804 374 2872 428 τὰ
2887 376 3069 446 ὃμοια.
3099 372 3235 427 Είδέ
3254 390 3340 437 τις
3377 372 3751 447 εῖτωι,ὼςᾶ.ρα

504 468 762 537 scriptum
796 483 919 531 esse
951 487 964 524 :
995 463 1171 523 Prima
1196 485 1507 542 azymorum
1540 472 1625 525 die
1654 471 1971 525 accedentes
1992 470 2074 526 di-

504 561 694 632 scipuli
724 562 981 617 dixerunt
1013 561 1312 629 Servatori,
1338 563 1567 620 Ubinam
1594 564 1674 617 vis
1696 578 1949 633 paremus
1980 564 2074 619 tibi

509 655 834 710 manducare
863 654 1072 709 Pascha
1101 654 1124 708 i
1149 654 1239 709 ille
1270 664 1450 709 autem
1473 656 1610 710 duos
1637 657 1781 711 misit
1800 657 1865 710 ad
1888 670 2078 725 quem-

506 747 650 811 dam,
677 756 735 799 ut
764 745 812 799 ei
837 745 1078 800 dicerent
1109 762 1123 799 :
1151 747 1305 815 Apud
1349 757 1400 803 te
1434 748 1575 802 facio
1606 748 1841 813 Pascha;
1872 763 1967 803 nos
1995 764 2079 805 re-

506 836 847 905 spondemus,
879 853 985 891 non
1034 838 1137 893 hoc
1172 839 1341 893 fuisse
1388 849 1740 909 praeceptum,
1780 848 1872 897 sed
1907 844 2077 897 histo-

506 930 639 984 riam
677 944 799 984 esse
832 931 907 984 rei
951 940 1112 1001 gestae
1170 941 1412 1001 tempore
1456 949 1561 1003 quo
1599 934 1857 989 Servator
1886 951 2077 1004 passus

505 1028 605 1075 est.
632 1020 787 1075 Aliud
815 1036 943 1076 vero
981 1033 1063 1077 est
1090 1023 1322 1090 priscam
1357 1040 1469 1078 rem
1528 1040 1774 1092 narrare,
1813 1026 1953 1081 aliud
1992 1026 2077 1082 le-

505 1128 625 1182 gem
657 1112 819 1179 ferre,
851 1123 907 1169 et
937 1115 1190 1169 mandata
1224 1116 1455 1186 posteris
1488 1119 1723 1173 tradere.

577 1294 630 1349 9.
662 1295 766 1349 Sed
798 1311 969 1367 neque
1012 1296 1272 1351 Servator
1303 1313 1423 1353 cum
1455 1297 1655 1355 Jud:eis
1686 1300 1892 1357 Pascha
1936 1303 2077 1358 cele-

508 1383 684 1438 bravit
712 1384 981 1453 passionis
1028 1402 1137 1442 sua:
1186 1398 1449 1457 tempore.
1489 1390 1602 1444 Non
1648 1391 1795 1445 enim
1845 1393 1968 1448 dum
1998 1394 2074 1449 illi

508 1491 663 1530 ovem
706 1477 1075 1538 immolabant,
1100 1479 1215 1549 ipse
1244 1496 1458 1550 quoque
1489 1498 1609 1536 cum
1643 1485 1757 1539 suis
1798 1484 2076 1554 discipulis

509 1566 786 1637 proprium
809 1567 1015 1623 Pascha
1046 1572 1270 1640 peregit.
1311 1570 1447 1626 Nam
1489 1572 1562 1626 illi
1595 1573 1683 1627 die
1723 1573 2074 1645 Parasceves,

509 1660 563 1713 in
608 1674 711 1727 qua
758 1660 1063 1728 patiebatur
1115 1661 1391 1729 Servatur,
1423 1665 1806 1734 celebrabant;
1844 1673 1985 1725 unde
2022 1682 2075 1725 et

510 1767 669 1804 nemo
696 1754 1006 1822 praetorium
1047 1765 1130 1809 est
1176 1757 1480 1824 ingressus,
1518 1760 1612 1813 sed
1656 1758 1858 1815 Pilatus
1886 1764 1952 1818 ad
1983 1780 2077 1819 eos

508 1840 676 1893 exivit
710 1859 724 1896 :
765 1842 1011 1899 Christus
1044 1854 1220 1899 autem
1270 1846 1355 1900 die
1396 1849 1618 1902 omnino
1652 1852 1838 1921 quinta
1875 1854 2075 1909 hebdo-

508 1933 680 1985 madae
710 1947 831 1987 cum
869 1937 1143 2004 discipulis
1176 1938 1471 2006 discubuit,
1502 1951 1558 1995 et
1589 1957 1922 2000 convescens
1955 1947 2027 2000 ait
2059 1964 2075 2001 :

509 2023 783 2077 Desiderio
829 2027 1123 2083 desideravi
1160 2030 1255 2083 hoc
1295 2028 1508 2086 Pascha
1560 2036 1879 2091 manducare
1908 2038 2076 2091 vobis-

510 2130 647 2167 cum.
692 2115 879 2170 Viden‘
906 2120 1182 2187 quomodo
1229 2120 1488 2177 Servator
1536 2124 1677 2178 haud
1715 2142 1834 2179 cum
1879 2126 2079 2183 Iudaeis

513 2205 710 2262 Pascha
739 2210 1188 2271 manducaverit?
1218 2214 1353 2280 Quia
1390 2230 1586 2270 novum
1621 2218 1749 2284 quid
1781 2219 1910 2274 illud
1938 2231 2077 2284 erat,

509 2308 563 2352 et
601 2314 630 2351 a
664 2311 920 2355 consueto
945 2301 1171 2359 Judaico
1218 2320 1367 2359 more
1407 2307 1706 2363 abhorrens
1730 2351 1743 2374 ,
1766 2313 2078 2367 necessario

511 2390 710 2442 institit
757 2391 1034 2448 dicendo:
1079 2393 1348 2449 Desiderio
1398 2398 1687 2453 desideraui
1736 2401 1830 2453 hoc
1874 2399 2079 2457 Pascha

508 2481 823 2536 manducare
844 2484 1125 2549 uobiscum,
1159 2498 1437 2556 antequam
1461 2492 1635 2557 patiar
1658 2492 1722 2544 ⁵⁸.
1742 2492 1878 2545 Nam
1904 2494 2078 2561 prisca

512 2569 596 2623 illa
631 2570 711 2624 vel
743 2573 920 2641 potius
944 2578 1247 2644 antiquata,
1275 2592 1392 2646 qme
1418 2594 1540 2633 cum
1571 2580 1775 2636 Iudaeis
1814 2586 2081 2639 comedis-

510 2666 616 2718 set.
641 2674 745 2712 non
774 2671 932 2715 erant
967 2663 1345 2720 desiderabilia
1378 2684 1391 2720 :
1434 2684 1633 2727 novum
1668 2680 1846 2726 autem
1882 2684 2082 2743 myste-

510 2750 648 2806 rium
678 2749 813 2807 Novi
841 2755 922 2809 sui
944 2754 1207 2820 Fmderis,
1242 2760 1379 2827 quod
1411 2761 1690 2831 discipulis
1719 2766 1947 2833 propriis
1976 2776 2081 2820 tra-

511 2841 693 2909 deoat,
736 2844 1097 2902 desiderabile
1148 2850 1341 2903 merito
1392 2851 1491 2918 ipsi
1538 2861 1705 2905 erat:
1746 2855 1868 2922 quia
1925 2855 2079 2909 multi

512 2943 633 2989 ante
660 2950 784 2989 eum
827 2938 1099 3007 prophetze
1130 2954 1193 2993 ac
1225 2940 1352 3007 justi
1394 2944 1576 2997 videre
1600 2956 1916 3015 optaverant
1946 2947 2078 3002 Novi

2176 467 2278 537 γέγ
2286 467 2587 538 ραπται·Τῇ
2601 465 2787 537 πρώτῃ
2802 468 2835 537 ἡ
2844 465 2985 537 μέρᾳ
3001 465 3110 519 τῶν
3130 464 3359 535 ἀζύμων
3370 463 3754 535 προσελθόντες

2175 559 2225 611 οἱ
2258 555 2497 628 μαθηταὶ
2524 551 2767 626 εἷποντῷ
2784 556 3016 629 Σωτῆρι,
3036 556 3145 609 Ποῦ
3177 555 3352 618 θέλεις
3380 555 3757 626 ἑτοιμάσωμέν

2177 664 2259 700 σοι
2278 648 2471 715 φαγεῖν
2508 645 2570 698 τὺ
2600 645 2825 714 Πάσχα;
2857 645 2913 700 Ὀ
2943 646 2999 699 δὲ
3025 646 3161 718 πρὸς
3179 646 3272 700 τὸν
3285 646 3429 700 δεῖνα
3444 646 3755 714 ἀπέστειλε,

2177 739 2552 813 παραγγείλας
2584 742 2778 795 εἰπεῖν’
2829 740 2973 813 Πρὸς
3004 741 3063 794 σὲ
3092 739 3230 794 ποιῶ
3268 739 3328 792 16
3361 738 3572 809 Πάσχαο
3601 740 3758 812 ἐροῦ-

2180 853 2300 907 μεν,
2329 836 2412 889 ὅτι
2462 833 2618 887 τοῦτο
2654 834 3020 906 παράγγελμα
3061 834 3161 887 οὐκ
3194 832 3361 895 ἐστιν,
3396 832 3510 886 ἀλλ’
3547 833 3757 905 ἱστορία

2178 926 2501 998 πράγματος
2526 923 2929 995 συμϐεϐηκότος
2954 922 3097 977 κατὰ
3119 922 3210 975 τὸν
3240 921 3332 975 τοῦ
3358 922 3624 995 σωτηρίου
3648 924 3755 977 πά-

2177 1017 2302 1079 θους
2342 1016 2550 1087 καιρόν.
2605 1017 2830 1085 Ἕτερον
2875 1014 2931 1068 δέ
2988 1017 3102 1068 ἐστι
3152 1012 3214 1067 16
3261 1013 3499 1067 παλαιὰν
3558 1015 3757 1086 πρᾶξιν

2175 1105 2497 1176 διηγεῖσθαι,
2553 1105 2648 1159 καὶ
2680 1105 2865 1176 ἕτερον
2896 1104 2956 1159 16
3002 1103 3309 1172 νομοθετεῖν
3336 1107 3430 1159 καὶ¹
3456 1108 3567 1170 τοῖς
3618 1107 3757 1161 μετὰ

2175 1196 2345 1251 ταῦτα
2383 1198 2758 1270 παραγγελίας
2784 1199 3233 1270 καταλιμπάνειν.

2247 1328 2312 1385 θ’.
2344 1332 2518 1385 κ’Ᾱλλὰ
2552 1333 2645 1386 καὶ
2687 1334 2715 1386 6
2751 1332 2941 1405 Σωτὴρ
2989 1332 3049 1386 οὐ
3085 1330 3224 1404 μετὰ
3279 1331 3545 1385 Ἰουδαίων
3567 1332 3757 1386 ἑπετέ-

2174 1421 2297 1476 λεσε
2353 1423 2413 1476 τὸ
2471 1424 2661 1494 Πάσχα
2712 1424 2851 1478 κατὰ
2906 1424 2997 1477 τὸν
3060 1424 3249 1495 καιρὸν
3300 1423 3394 1477 τοῦ
3459 1423 3587 1477 ἰδίου
3646 1426 3754 1480 πά-

2177 1512 2320 1578 θους.
2371 1515 2444 1567 Οὐ
2486 1516 2593 1587 γὰρ
2630 1516 2718 1568 ὅτε
2774 1514 2926 1568 ἔθυον
2960 1515 3157 1568 ἐκεῖνοι
3203 1515 3263 1569 16
3294 1514 3582 1587 πρόϐατον,
3633 1517 3756 1570 τότε

2177 1604 2272 1658 καὶ
2332 1604 2495 1667 αὐτὸς
2558 1604 2694 1674 μετὰ
2745 1604 2853 1657 τῶν
2919 1605 3081 1659 αὑτοῦ
3146 1605 3401 1676 μαθητῶν
3446 1605 3508 1659 16
3562 1606 3761 1675 ἑαυτοῦΔ

2107 1727 2149 1782 Β
2179 1698 2351 1768 ἢγαγε
2393 1697 2605 1768 Πάσχαο
2655 1699 2701 1751 οἱ
2763 1697 2860 1769 μὲν
2906 1699 3014 1769 γὰρ
3066 1697 3205 1752 κατὰ
3236 1697 3333 1769 τὴν
3371 1698 3754 1769 Παρασκευὴν,

2178 1792 2236 1843 ὲν
2391 1789 2657 1844 πέπονθεν
2714 1793 2742 1846 6
2805 1792 3015 1864 Σωτὴρ,
3078 1791 3220 1845 τοῦτ’
3280 1792 3583 1863 ἔπραττον·
3635 1791 3758 1854 ὅθεν

2177 1877 2298 1931 οὐδὲ
2346 1878 2589 1950 εἰσῆλθον
2631 1881 2707 1944 είς
2766 1880 2824 1933 16
2877 1879 3225 1952 πραιτώριον,
3275 1881 3388 1934 ἀλλ’
3442 1883 3470 1934 6
3525 1881 3756 1946 Πιλάτος

2179 1962 2316 2032 πρὸς
2362 1965 2559 2029 αὐτοὺς
2605 1966 2818 2033 ἔξεισινσ
2880 1969 3041 2031 αὐτὸς
3086 1969 3141 2023 δὲ
3195 1970 3301 2041 πρὸ
3351 1970 3478 2040 ὅλης
3543 1971 3757 2043 ἡμέρας

2176 2056 2244 2125 τῇ
2310 2055 2536 2130 πέμπτῃ
2598 2058 2691 2111 τοῦ
2732 2058 3007 2114 Σαϐϐἀτου
3061 2063 3173 2124 τοῖς
3229 2061 3497 2132 μαθηταῖς
3539 2062 3757 2116 συνανέ-

2180 2162 2345 2210 κειτο,
2411 2148 2504 2200 καὶ
2574 2149 2866 2203 συνεσθίων
2924 2146 3105 2215 αὐτοῖς
3169 2151 3371 2220 ἔλεγεν·
3444 2153 3757 2223 Ἐπιθυμίᾳ

2178 2236 2527 2306 ἐπεθύμησα
2571 2239 2748 2295 τοῦτο
2780 2242 2847 2295 τὸ
2896 2243 3113 2311 Πάσχα
3158 2244 3369 2313 φαγεῖν
3400 2246 3529 2313 μεθ’
3570 2244 3755 2315 ὑμῶν.

2191 2328 2352 2400 Ὁρᾷς
2422 2331 2570 2394 ὅπως
2638 2335 2667 2386 6
2736 2334 2926 2407 Σωτὴρ
3000 2335 3061 2388 οὑ
3142 2336 3279 2406 μετὰ
3356 2337 3624 2390 Ἰουδαιων
3696 2336 3758 2390 16

2181 2420 2371 2490 Πάσχα
2408 2422 2627 2493 ἧσθιεν;
2675 2426 2892 2498 Ἐπειδὴ
2932 2428 3116 2480 καινὸν
3138 2423 3204 2498 ἦν
3233 2430 3402 2481 ἐκεῖνο
3423 2428 3515 2482 καὶ
3549 2427 3757 2493 ξενίζον

2182 2512 2332 2583 παρὰ
2365 2513 2431 2568 τὰ
2457 2515 2659 2587 συνήθη
2700 2518 2793 2570 καὶ
2838 2518 3102 2572 Ἰουδαϊκὰ
3134 2518 3252 2591 ἔθη,
3283 2520 3588 2588 ἀναγκαίως
3624 2520 3755 2573 ἑπέ-

2184 2620 2379 2673 στησεν
2429 2605 2632 2659 εἰπών’
2684 2608 2989 2678 Ἐπιθυμίᾳ
3039 2610 3388 2680 ἐπεθύμησα
3445 2611 3619 2664 τοῦτο
3687 2609 3758 2664 τὸ

2182 2695 2398 2766 Πάσχα
2414 2698 2625 2768 φαγεῖν
2649 2702 2777 2768 μεθ’
2800 2700 2987 2771 ὑμῶν,
3021 2703 3133 2770 πρὸ
3170 2704 3278 2757 τοῦ
3311 2721 3389 2773 με
3428 2703 3664 2756 παθεῖν’
3687 2702 3759 2757 τά

2184 2787 2282 2857 μὲν
2319 2788 2426 2859 γὰρ
2468 2790 2671 2844 παλαιὰ
2709 2791 2810 2863 ἤθη
2861 2792 2988 2845 ὄντα
3022 2794 3115 2846 καὶ
3146 2794 3591 2865 πεπαλαιωμένα,
3632 2793 3666 2847 ἃ
3691 2794 3756 2865 δὴ

2186 2878 2324 2948 μετὰ
2368 2880 2630 2934 Ἰουδαίων
2668 2882 2890 2953 ἤσθιεν,
2962 2885 3062 2938 οὑκ
3109 2881 3177 2956 ἦν
3229 2885 3575 2956 ἐπιθυμητὰ·
3621 2884 3755 2937 τὸδὲ

2183 2970 2366 3024 καινὸν
2401 2975 2697 3045 μυστήριον
2733 2975 2833 3045 τῆς
2859 2977 3069 3047 Καινῆς
3098 2977 3261 3031 αὑτοῦ
3292 2977 3587 3049 Διαθήκης,
3626 2978 3654 3029 ὃ
3689 2977 3753 3047 δὴ

512 3024 753 3081 Ρωιίετὶε
789 3030 1043 3097 mysteria
1072 3045 1085 3081 :
1123 3032 1294 3099 ipsum
1330 3032 1436 3086 imo
1463 3032 1693 3088 Verbum
1740 3053 2075 3093 communem

513 3117 733 3141 -..I..a-.....
787 3133 1009 3141 -..Α..----
1065 3122 1250 3141 ,9.εμν-
1376 3139 1391 3141 _
1442 3135 1452 3141 .
1527 3127 1538 3138 ο
1673 3138 1682 3141 -
1775 3130 1786 3141 ι
1826 3131 1836 3141 .
1902 3140 1905 3141 ,

2401 3024 2412 3042 I
2488 3024 2495 3025 ί
2521 3024 2531 3025 ί
2565 3024 2688 3045 ιιθντ-
2746 3024 2830 3045 ’Ἰν
2862 3024 3067 3047 --’“·’·ι“³
3100 3024 3258 3031 ’⁷⁷⁷⁷⁷
3292 3024 3587 3049 -””⁷Ἱ“Ἱτν
3632 3024 3651 3029 ⁷
3694 3024 3753 3047 "l

2186 3061 2457 3130 μετεδίδου
2485 3067 2597 3128 τοῖς
2623 3066 2810 3119 ἑαυτοῦ
2848 3068 3136 3138 μαθηταῖς,
3158 3069 3489 3141 ἐπιθυμητὸν
3521 3065 3587 3140 ἦν
3609 3068 3757 3140 αὖτῷ

511 3117 735 3171 salutem
787 3133 1013 3187 prorsus
1062 3122 1290 3189 sitiens,
1322 3127 1633 3193 mysterium
1670 3130 1933 3197 tradebat,
1969 3149 2075 3203 quo

2182 3152 2405 3217 εἰκότως
2424 3171 2436 3184 ’
2462 3156 2582 3207 ἐπεὶ

511 3224 699 3265 omnes
722 3211 966 3267 homines
1001 3213 1196 3269 festum
1235 3227 1393 3270 erant
1422 3222 1617 3281 acturi,
1648 3222 1807 3291 idque
1851 3224 1950 3277 sibi
1984 3227 2077 3280 de-

512 3301 807 3357 sideratum
832 3320 951 3359 esse
985 3306 1272 3364 fatebatur.
1287 3310 1445 3366 Certe
1481 3311 1678 3383 lloysis
1704 3314 1908 3371 Pascha
1935 3318 2075 3372 haud

512 3395 718 3449 cunctis
762 3397 1012 3463 gentibus
1048 3400 1295 3456 idoneum
1343 3414 1479 3470 erat,
1510 3408 1942 3477 quandoquidem
1973 3427 2080 3466 uno

513 3484 565 3538 in
600 3486 736 3552 loco,
752 3488 803 3542 id
821 3500 901 3543 est
928 3490 1332 3564 Hierosolymis,
1355 3497 1466 3550 fieri
1486 3496 1693 3564 jussum
1726 3510 1864 3555 erat.
1884 3502 2083 3568 Quam-

511 3578 697 3634 obrem
738 3581 879 3635 haud
934 3594 1052 3637 erat
1090 3584 1465 3643 desiderabile.
1501 3588 1604 3644 Sed
1636 3590 1944 3648 Servatoris
1972 3611 2081 3666 my-

511 3672 732 3726 sterium
773 3672 1010 3727 in-Novo
1059 3674 1283 3731 Fmdere
1333 3681 1543 3734 cunctis
1600 3682 1907 3741 hominibus
1951 3702 2081 3742 con-

511 3778 726 3831 gruum,
743 3763 864 3831 jure
902 3770 1107 3835 optimo
1130 3768 1492 3825 desiderabile
1517 3782 1655 3826 erat.

2607 3156 2788 3210 πολλοὶ
2815 3159 2920 3229 πρὸ
2949 3159 3111 3213 αὑτοῦ
3140 3160 3412 3230 προφῆται
3434 3161 3528 3213 καὶ
3562 3160 3755 3213 δίκαιοι

2178 3245 2531 3318 ἐπεθύμησαν
2569 3249 2693 3302 ίδεῖν
2719 3250 2787 3304 τά
2814 3250 2909 3322 τῆς
2933 3253 3076 3317 Νέας
3115 3253 3389 3324 Διαθήκης
3441 3255 3712 3325 μυστήρια
3735 3269 3750 3283 ο

2182 3333 2274 3384 καὶ
2312 3333 2471 3398 αὐτὸς
2500 3334 2555 3387 δὲ
2578 3338 2605 3389 6
2629 3337 2817 3405 Λόγος,
2860 3342 3087 3394 πάντοτε
3120 3341 3287 3410 διψῶν
3310 3343 3405 3414 τὴν
3429 3343 3614 3413 κοινὴν
3650 3360 3756 3394 σω·-

2179 3424 2394 3494 τηρῐαν,
2430 3429 2723 3499 μυστήριον
2752 3432 3055 3502 παρεδίδου,
3084 3433 3147 3485 δι’
3173 3429 3234 3487 οὗ
3262 3434 3459 3497 πάντες
3476 3433 3756 3503 ἄνθρωποι

2183 3515 2405 3585 ἔμελλον
2454 3520 2749 3589 ἑορτάζειν,
2807 3522 3143 3595 ἐπιθυμητὸν
3203 3526 3360 3580 τοῦτο
3406 3524 3549 3594 αὐτῷ
3608 3519 3753 3578 εἶναι

2184 3606 2519 3678 ὡμολόγησε.
2564 3608 2635 3663 Τὸ
2684 3610 2784 3681 μὲν
2815 3614 3093 3679 Μωῦσέως
3147 3617 3349 3688 Πάσχα
3402 3618 3499 3687 οὐχ
3542 3616 3754 3689 ἥρμοζε

2187 3701 2322 3752 πᾶσι
2356 3704 2467 3765 τοῖς
2488 3702 2606 3755 τότε
2637 3702 2812 3757 ἔθνεσι
2833 3721 2849 3736 ο
2882 3706 2997 3770 πῶς
3018 3708 3125 3781 γάρ
3148 3710 3339 3772 ;ὁπότε
3363 3710 3450 3779 ὑφ’
3468 3710 3563 3762 ἕνα
3582 3709 3754 3762 τόπον

2186 3788 2277 3841 16v
2316 3792 2372 3843 ἑν
2412 3795 2474 3863 τῇ
2518 3794 2869 3867 Ἰερουσαλὴμ
2900 3798 3167 3853 τελεῖσθαι
3210 3800 3625 3872 νενομοθέτητο’
3672 3799 3753 3854 διὸ

508 3853 608 3906 οὐκ
652 3851 719 3924 ἦν
758 3855 1119 3963 ἑπιθυμητόὶθ·
1149 3859 1209 3913 16
1250 3860 1308 3913 δὲ
1341 3864 1605 3933 σωτήριον
1642 3868 1938 3939 μυστήριον
1972 3872 2066 3945 τῆς
2103 3876 2308 3952 Καινῆς
2368 3851 2660 3956 Διαθήκης,
2718 3851 2880 3942 πᾶσιν
2913 3851 3227 3963 ἀνθρώποις
3242 3851 3502 3963 άρμόήζον,
3520 3851 3753 3955 ,εἰκότως

510 3948 658 4021 αὑτῷ
688 3951 1018 4023 ἐπιθυμητὸν
1050 3949 1139 4025 ἦν.

583 4041 667 4094 10.
706 4041 813 4097 Sed
866 4043 979 4112 ipse
1024 4046 1239 4113 quidem
1295 4056 1581 4117 antequam
1624 4059 1922 4119 pateretur,
1949 4071 2073 4113 cum

511 4132 622 4188 suis
653 4134 927 4204 discipulis
967 4135 1169 4192 Pascha
1198 4141 1455 4205 comedit,
1486 4140 1789 4213 festumque
1810 4147 1937 4217 egit,
1967 4165 2073 4205 nun

2256 4069 2305 4115 ι’.
2347 4063 2483 4116 Ἀλλ’
2524 4066 2683 4131 αὐτὸς
2717 4070 2836 4139 μὲν,
2869 4071 2973 4141 πρὸ
2994 4070 3086 4124 τοῦ
3122 4073 3332 4140 παθεῖν,
3368 4076 3462 4129 σὺν
3486 4078 3597 4143 τοῖς
3622 4080 3719 4132 ἑαυ
3747 4112 3753 4117 -

2181 4154 2274 4207 τοῦ
2312 4156 2577 4229 μαθηταῖς
2615 4160 2784 4229 ἔφαγε
2814 4163 2873 4216 16
2900 4165 3111 4234 Πάσχα,
3153 4168 3246 4219 καὶ
3280 4167 3375 4238 τὴν
3405 4170 3595 4242 ἑορτὴν
3620 4173 3749 4224 ἑπε-

511 4239 631 4276 cum
658 4224 877 4284 Judaeis.
908 4228 1119 4298 Reapse
1148 4241 1431 4301 postquam
1459 4238 1572 4303 ipse
1616 4250 1841 4306 vespere
1879 4238 2073 4295 festum

2179 4247 2417 4314 τέλεσεν,
2452 4251 2511 4302 οὐ
2537 4252 2675 4321 μετὰ
2708 4252 2814 4305 τῶν
2862 4255 3157 4308 Ἰουδαίων
3183 4258 3539 4329 ἑορτάσαντος
3560 4261 3615 4314 δὲ
3645 4265 3748 4316 αὑ-

510 4320 858 4387 celebrasset,
888 4326 1170 4391 pontiﬁces
1198 4343 1321 4382 cum
1368 4332 1640 4398 proditore
1684 4348 1876 4390 manus
1914 4341 1962 4390 ei
1994 4337 2077 4390 in-

507 4412 751 4480 jecerunt
780 4429 794 4467 :
831 4431 936 4469 nou
967 4417 1111 4471 enim
1139 4417 1210 4471 illi
1235 4432 1300 4474 eo
1322 4434 1547 4489 vespere
1591 4420 1791 4479 Pasctta
1831 4426 2077 4479 comede-

509 4507 676 4571 bant;
719 4508 955 4577 alioquin
1007 4510 1075 4565 ab
1128 4511 1242 4581 ejus
1294 4506 1670 4580 persecutione
1717 4518 2073 4585 quievissent.

509 4596 678 4660 Quem
710 4614 833 4653 mox
862 4609 1075 4670 captum
1122 4603 1188 4655 ad
1237 4600 1451 4671 Caipha:
1505 4606 1725 4660 domum
1760 4608 2022 4663 duxerunt
2057 4626 2072 4674 ;

509 4688 598 4741 ubi
637 4703 829 4744 exacta
861 4700 1041 4759 nocte,
1080 4692 1426 4748 illucescente
1474 4695 1562 4767 die
1598 4700 1934 4768 congregati,
1966 4700 2075 4768 pri-

509 4796 652 4835 mam
697 4782 749 4837 in
778 4798 899 4837 eum
937 4785 1337 4842 damnationem
1390 4789 1650 4844 tulerunt.
1681 4791 1884 4847 Deinde
1928 4793 2074 4850 illinc

508 4888 787 4943 surgentes
804 4892 921 4930 cum
938 4879 1088 4947 plebe
1101 4881 1345 4935 eumdem
1366 4881 1431 4935 ad
1454 4881 1683 4937 Pilatum
1708 4883 1751 4914 ⁸⁷
1773 4894 2070 4941 traxerunt.

508 4966 658 5022 Tunc
705 4980 883 5024 autem
933 4971 1010 5025 ait
1060 4970 1337 5041 Scriptura
1382 4974 1433 5028 in
1473 4976 1783 5040 praetorium
1823 4992 1918 5032 cos
1965 4994 2070 5035 non

508 5060 790 5128 introisse;
833 5079 899 5119 ne
927 5065 1025 5119 sub
1058 5066 1331 5120 ethnicmn
1367 5074 1565 5122 tectum
1606 5069 1857 5139 ingressi,
1886 5081 1943 5125 ut
1980 5088 2073 5141 pu-

507 5152 713 5220 tabant,
759 5156 1191 5225 inquinarentur,
1215 5160 1307 5213 sed
1338 5159 1457 5227 puri
1493 5171 1771 5217 manentes
1811 5162 1862 5215 hi
1897 5162 2072 5232 impu-

506 5244 729 5313 rissimi,
784 5262 1007 5317 vespere
1054 5252 1369 5305 imminente
1419 5249 1626 5307 Pascha
1678 5255 2070 5324 comederent;

508 5335 558 5387 hi
593 5339 684 5407 qui
713 5339 940 5396 culicem
988 5344 1333 5409 excolantes,
1366 5344 1629 5401 camelum
1667 5346 1966 5416 glutiebant
2002 5350 2069 5415 ⁸⁸,

507 5428 705 5496 quique
755 5430 963 5486 animas
1011 5434 1169 5490 simul
1221 5445 1276 5490 et
1310 5452 1535 5507 corpora
1585 5435 1894 5492 Servatoris
1927 5441 2071 5495 caede

510 5514 819 5586 impiabaut,
866 5522 967 5577 sub
1013 5535 1213 5581 tectum
1264 5527 1471 5598 ingredi
1523 5528 1738 5585 reveriti
1785 5541 1948 5596 sunt;
1975 5533 2069 5588 sed

2174 4337 2268 4390 τοῦ
2300 4340 2555 4411 ἑσπέρας,
2587 4344 2634 4395 οἱ
2660 4344 2931 4415 ἀρχιερεῖς
2967 4347 3083 4417 ἅμα
3115 4348 3193 4417 τῷ
3228 4351 3455 4423 προδότῃ
3492 4353 3749 4409 ἑπιστᾰινο

2175 4446 2285 4492 τες,
2318 4430 2577 4486 ἐπέϐαλον
2610 4434 2694 4487 ἐπ’
2719 4435 2881 4489 αὐτὸν
2919 4437 3017 4500 τὰς
3040 4443 3254 4511 χεῖρας·
3292 4443 3353 4495 οὐ
3405 4445 3511 4516 γὰρ
3557 4446 3747 4516 ἢσθιον

2175 4520 2329 4572 αὐτοὶ
2368 4523 2505 4576 κατὰ
2544 4524 2643 4594 τὴν
2686 4525 2925 4598 ἑσπέραν
2958 4528 3016 4581 τὺ
3050 4530 3272 4600 Πάσχα·
3320 4529 3356 4604 ἦ
3409 4534 3518 4606 γὰρ
3550 4535 3614 4589 ἂν
3647 4536 3748 4610 τὴν

2177 4611 2368 4683 σχολὴν
2394 4614 2520 4684 περὶ
2550 4615 2708 4669 αὑτὸν
2741 4613 2903 4687 εἶχονο
2950 4620 3043 4673 καὶ
3090 4621 3222 4692 δῆτα
3258 4625 3611 4691 συλλαϐόντες
3642 4630 3749 4682 άπ-

2174 4703 2378 4772 ήγαγον
2407 4706 2487 4768 εἰς
2510 4706 2608 4779 τὴν
2630 4709 2804 4762 οἰκίαν
2834 4710 2929 4763 τοῦ
2944 4713 3188 4782 Καῖάφα,
3227 4715 3747 4794 ἒνθαδιανυκτερεύ-

2174 4811 2384 4859 σαντες,
2412 4797 2487 4861 ὡς
2527 4799 2710 4870 ἡμέρα
2744 4801 2979 4869 ἐγένετο,
3017 4806 3379 4877 συνήχθησαν,
3412 4812 3504 4863 καὶ
3519 4812 3747 4885 ἀνακρί-

2172 4904 2353 4939 νουσιν
2374 4889 2536 4943 αὐτὸν
2562 4891 2823 4963 πρότερον
2846 4911 2858 4922 ·
2885 4890 3001 4948 εἶτα
3038 4900 3174 4968 μετὰ
3211 4901 3381 4955 ταῦτα
3412 4902 3745 4971 ἀναστάντες

2172 4978 2287 5046 ἅμα
2320 4980 2393 5051 τῷ
2427 4980 2616 5054 πλήθει
2636 4984 2839 5053 ἤγαγον
2869 4986 3030 5039 αὑτὸν
3046 4989 3181 5060 πρὸς
3202 4992 3448 5047 Πιλάτον.
3485 4995 3595 5047 Kal.
3619 4994 3744 5050 τότε

2173 5074 2335 5142 φησὶν
2363 5076 2395 5145 ἡ
2428 5073 2638 5144 Γραφὴ,
2670 5076 2752 5127 ὅτι
2784 5074 2858 5147 μὴ
2900 5079 3147 5150 εἰσῆλθον
3182 5084 3263 5147 είς
3298 5084 3358 5136 τὸ
3382 5084 3739 5158 πραιτώριον,

2173 5165 2257 5217 ἵνα
2290 5166 2353 5236 δὴ
2393 5168 2489 5239 μὴ,
2525 5170 2629 5222 ὑπὸ
2670 5172 2867 5245 στέγην
2910 5174 3223 5246 Ἑλληνικὴν
3264 5176 3626 5242 εἰσελθόντες,
3665 5180 3741 5244 ὥς

2170 5271 2232 5322 γε
2256 5254 2444 5325 ᾢοντο,
2470 5259 2753 5328 μιανθῶσι,
2786 5264 3018 5335 καθαροὶ
3035 5264 3090 5318 δὲ
3124 5265 3401 5335 μείναντες
3418 5270 3466 5321 οἱ
3496 5271 3741 5340 παμμία-

2175 5363 2277 5417 ροι,
2312 5348 2550 5421 ἑσπέρας
2586 5352 2906 5426 ἐπιστάσης,
2954 5356 3177 5425 φάγοιεν
3220 5358 3288 5411 τὸ
3319 5360 3531 5433 Πάσχα,
3565 5363 3613 5413 οι
3644 5361 3735 5413 τὸν

2170 5440 2406 5497 κώνωπα
2433 5444 2755 5513 διυλίζοντες
2774 5488 2788 5511 ,
2826 5451 2925 5522 τὴν
2952 5449 3008 5503 δὲ
3048 5452 3292 5521 κάμηλον
3320 5456 3733 5517 καταπίνοντες,

2171 5534 2218 5585 οἱ
2240 5532 2336 5597 τὰς
2364 5533 2537 5608 ψυχὰς
2560 5540 2739 5605 αὐτοῖς
2770 5539 2983 5611 σώμασι
3012 5541 3149 5597 κατὰ
3178 5544 3268 5598 τοῦ
3299 5546 3542 5619 Σωτῆρος
3579 5560 3735 5617 μιαι-

576 5698 621 5732 ⁶⁶
642 5698 772 5758 Luc.
804 5718 937 5765 nu.
966 5704 1050 5762 l5.
1127 5707 1169 5738 ⁵⁷
1199 5704 1352 5763 Joan.
1379 5724 1528 5776 xvm,
1551 5709 1639 5767 ‘28.
1707 5711 1752 5742 "
1791 5710 1977 5768 Matth.
2006 5727 2173 5772 χχιιι.
2205 5716 2293 5771 24.
