4098 6200
426 350 532 401 Ἰυδ

1548 354 1635 410 DE
1674 354 2157 412 SOLEMNI'TATE
2192 354 2550 411 PASCHALI.

3540 357 3644 412 706

421 467 586 537 φονία
617 466 1001 537 μεμιαμμένοι,
1024 468 1113 525 τὸν
1133 470 1326 543 ὄροφον
1348 471 1611 527 ἐδεδίεσαν
1637 475 1987 529 ὑπεισελθεῖν·

2096 479 2207 548 ipsa
2244 478 2532 533 Dominicze
2562 476 2827 545 passionis
2862 476 2951 532 die
3000 491 3122 533 cum
3168 477 3364 531 animae
3406 478 3642 546 ipsorum

421 558 541 611 ἀλλ’
575 560 624 611 οί
666 557 764 627 μὲν
796 560 913 611 κατ’
937 560 1106 632 αὐτὴν
1134 562 1345 633 ἐκείνην
1363 563 1455 617 τοῦ
1496 565 1701 629 πάθους
1728 569 1824 637 τὴν
1849 566 1984 638 ἡμέ-

425 667 529 721 ραν
555 649 615 702 τὺ
636 649 956 720 λυμαντικὺν
976 652 1075 723 τῆς
1104 654 1310 707 ἑαυτῶν
1336 654 1514 728 ψυχῆς
1540 656 1738 726 ἔφαγον
1770 659 1981 729 Πάσχα,

422 745 486 798 τὸ
523 739 659 816 αἷμα
691 746 749 799 τὺ
787 748 1048 819 σωτήριον
1093 750 1190 820 οὐχ
1229 751 1366 821 ὑπὲρ
1410 753 1637 819 ἑαυτῶν,
1683 754 1815 809 ἀλλά
1864 755 1984 809 καθ’

426 837 631 891 ἑαυτῶν
647 838 1079 911 ἑξαιτησάμενοι.
1110 843 1167 895 Ὁ
1184 843 1229 896 δ’
1250 843 1514 916 ἡμέτερος
1542 847 1731 919 Σωτὴρ
1752 848 1812 900 ού
1840 850 1983 913 τότε,

2087 572 2251 627 exitio
2301 570 2507 625 Pascha
2556 572 2935 637 comederunt,
2974 569 3279 625 Servatoris
3323 571 3643 638 sanguinem

2088 679 2193 717 non
2240 677 2335 732 pro
2370 678 2450 726 se.
2478 664 2569 717 sed
2609 672 2795 716 contra
2836 676 2894 716 se
2934 670 3263 730 expetentes.
3302 658 3495 716 Noster
3522 679 3648 717 vero

2089 755 2343 810 Servator
2392 769 2495 808 non
2559 762 2712 818 tunc,
2745 753 2836 808 sed
2881 754 3127 808 hesterna
3171 754 3257 808 die
3309 750 3646 809 discumbens

2089 864 2210 904 cum
2245 848 2544 917 discipulis,
2592 848 2951 901 desideratum
2999 849 3099 903 sibi
3142 847 3334 902 festum
3360 856 3645 918 peregerat

427 930 533 1000 πρὸ
565 930 770 1000 ἡμέρας
798 931 854 983 δὲ
885 932 1243 1004 ἀνακείμενος
1276 937 1412 1005 μετὰ
1433 938 1540 991 τῶν
1589 938 1863 1010 μαθητῶν,
1897 940 1994 1011 τὴν
2022 940 2419 1012 ἑπιθυμητικὴν
2449 938 2623 1009 ἑαυτῴ
2653 937 2842 1009 ἑορτὴν
2864 933 3014 1007 ἦγεν.

497 1030 582 1076 ια’.
627 1023 807 1094 Ὁρᾷς,
837 1025 912 1089 ὡς
943 1026 1003 1092 ἑξ
1029 1028 1257 1093 ἐκείνου,
1287 1031 1314 1082 ὁ
1349 1030 1447 1101 μὲν
1483 1031 1659 1086 αὐτῶν
1695 1031 1985 1103 ἐχωρίζετο

426 1115 515 1167 καὶ
559 1114 654 1186 τῆς
698 1117 993 1189 Ἰουδαϊκῆς
1025 1119 1287 1191 ἀνεχώρει
1316 1121 1646 1191 μιαιφονίας,
1688 1124 1985 1194 συνήπτετο

420 1206 474 1259 δὲ
504 1210 614 1270 τοῖς
639 1209 929 1279 μαθηταῖς,
948 1211 1063 1282 ἅμα
1089 1214 1269 1278 αὐτοῖς
1301 1216 1398 1285 τὴν
1429 1215 1769 1286 ἐπιθυμητὴν
1793 1215 1984 1287 ἑορτὴν

419 1300 837 1371 πανηγυρίζωνς
860 1304 1064 1358 Οὐκοῦν
1089 1307 1180 1359 καὶ
1201 1309 1332 1377 ἡμῖν
1352 1308 1409 1360 τὸ
1431 1308 1621 1378 Πάσχα
1649 1308 1745 1360 σὺν
1768 1307 1986 1379 Χριστῷ

416 1386 675 1458 βρωτὼν,
702 1390 1023 1463 καθαιροῦσι
1068 1395 1163 1465 μὲν
1195 1399 1292 1467 τῆς
1326 1397 1531 1451 ἑαυτῶν
1550 1398 1785 1461 διανοίας
1807 1401 1985 1452 πᾶσαν

414 1476 595 1550 ζύμην
628 1481 825 1547 κακίας
859 1487 950 1538 καὶ
975 1488 1254 1559 πονηρίας,
1278 1490 1501 1561 ἀζύμων
1528 1490 1572 1543 δ’
1607 1491 1861 1560 ἀληθείας
1894 1491 1986 1545 καὶ

414 1569 762 1643 είλικρινείας
793 1574 1244 1648 ἐμπιπλαμένοις,
1273 1578 1483 1649 ἔχουσιν
1505 1582 1561 1632 ἑν
1598 1580 1808 1643 ἑαυτοῖς
1839 1580 1986 1633 ἔνδον

417 1659 476 1712 ὲν
515 1664 580 1732 τῇ
615 1661 759 1735 ψυχῇ
806 1664 895 1718 τὸν
929 1668 985 1719 ὲν
1015 1668 1239 1740 κρυπτῷ
1272 1670 1521 1723 Ἰουδαῖον
1556 1671 1649 1724 καὶ
1686 1670 1783 1741 τὴν
1809 1670 1983 1740 ἀληθῆ

2156 1035 2243 1088 Η.
2274 1034 2459 1088 Viden‘
2479 1032 2747 1100 quomodo
2765 1030 2876 1100 jam
2902 1046 2964 1085 ex
2989 1046 3052 1085 eo
3076 1038 3312 1098 tempore
3342 1028 3588 1084 Christus
3612 1046 3642 1084 a

2083 1122 2283 1178 Iudaeis
2304 1122 2674 1183 set-edebat,et
2697 1121 2906 1175 illorum
2935 1130 3207 1174 cruentam
3235 1122 3460 1176 indolem
3489 1137 3646 1175 aver-

2086 1214 2330 1277 sabatur,
2360 1212 2688 1283 adjungebat
2720 1223 2895 1267 autem
2930 1212 3031 1265 sibi
3061 1211 3369 1280 discipulos,
3398 1227 3518 1266 cum
3552 1212 3643 1267 iis-

2086 1322 2192 1375 que
2223 1306 2582 1360 desideratam
2613 1305 2977 1358 celebritatem
3020 1304 3255 1373 agebat?
3282 1304 3421 1373 Ergo
3460 1313 3512 1358 et
3546 1319 3644 1358 nos

2088 1399 2369 1454 comedere
2416 1415 2537 1452 cum
2577 1396 2794 1451 Christo
2846 1397 3048 1450 Pascha
3084 1397 3358 1462 debemus,
3413 1404 3643 1451 mentem

2086 1501 2326 1546 nostram
2376 1490 2519 1545 omni
2556 1489 2775 1543 malitiae
2820 1488 3083 1542 fermento
3110 1496 3489 1556 expurgantes,
3521 1501 3645 1556 azy-

2089 1583 2189 1636 mis
2217 1591 2392 1635 autem
2429 1582 2671 1634 veritatis
2694 1595 2759 1634 ac
2801 1578 3161 1649 simplicitatis
3194 1594 3289 1631 nos
3317 1585 3642 1639 saturantes,

2086 1671 2454 1739 [tabentesque
2487 1670 2539 1723 in
2576 1671 2753 1723 anima
2801 1684 2946 1734 eum,
2973 1668 3062 1737 qui
3110 1667 3161 1720 in
3209 1665 3525 1720 abscondito
3563 1674 3646 1718 est

421 1754 738 1826 περιτομὴν,
764 1757 855 1809 καὶ
875 1757 968 1810 τοῦ
984 1759 1231 1824 τυθέντος
1261 1763 1398 1833 ὑπὲρ
1428 1762 1583 1833 ἡμῶν
1610 1762 1882 1834 προϐάτου
1910 1761 1986 1834 τῷ

2085 1760 2379 1823 Iudaeus“,
2421 1774 2709 1828 veramque
2753 1758 3239 1819 circumcisionem,
3283 1766 3338 1809 et
3385 1753 3642 1809 immolati

422 1842 616 1909 αἵματι
634 1844 731 1907 τὰς
752 1845 848 1915 τῆς
875 1845 1106 1911 διανοίας
1137 1850 1291 1921 ἡμῶν
1319 1850 1476 1920 φλιάς
1509 1851 1873 1922 περιχρίουσιν
1904 1853 1984 1915 είς

419 1931 735 2004 ἀποτροπὴν
765 1934 855 1987 τοῦ
889 1937 1008 1991 καθ’
1041 1940 1188 2009 ἡμᾶς
1213 1940 1551 2011 ὀλοθρευτοῦ.
1592 1943 1699 1995 Καὶ
1728 1941 1885 1996 τοῦτο
1920 1944 1980 1996 οὗ

428 2023 567 2093 πρὸς
607 2025 734 2095 μίαν
767 2029 1011 2100 περίοδον
1051 2030 1147 2084 τοῦ
1182 2033 1377 2097 παντὸς
1418 2034 1591 2098 ἑτους,
1626 2034 1760 2089 ἀλλὰ
1792 2037 1885 2089 καὶ
1933 2035 1982 2088 δι

419 2112 708 2183 ἑϐδομάδος
720 2118 956 2191 ἀπάσης.
977 2121 1303 2195 Παρασκευὴ
1324 2124 1421 2195 μὲν
1438 2127 1567 2196 ἡμῖν
1587 2127 1725 2180 ἔστω
1739 2127 1980 2197 νηστεία,

418 2204 646 2269 πένθους
678 2207 962 2279 σύμϐολον,
999 2212 1107 2264 τῶν
1146 2214 1423 2286 προτέρων
1444 2217 1574 2287 ἡμῖν
1614 2217 1773 2290 χάριν
1804 2220 1983 2289 ἀμαρ-

412 2299 694 2370 τημάτων.
731 2304 824 2356 καὶ
871 2305 1091 2376 μνήμης
1120 2306 1280 2360 ἕνεκα
1311 2309 1404 2361 τοῦ
1424 2310 1630 2382 σωτηρί
1658 2312 1949 2376 ουπάθους.

483 2392 569 2447 ιϐ’.
617 2394 905 2461 Ἰουδαίους
950 2416 1012 2467 γε
1049 2399 1149 2470 μὲν
1196 2401 1255 2465 ἑξ
1290 2402 1464 2474 ἀρχῆς
1497 2404 1841 2475 ἀπεσφάλθαι
1884 2406 1983 2476 τῆς

414 2485 675 2556 ἀληθείας
709 2491 871 2559 φημὶ,
896 2490 952 2557 ἑξ
985 2509 1154 2564 ουπερ
1177 2494 1313 2565 αὐτῇ
1352 2498 1416 2566 τῇ
1444 2495 1667 2567 ἀληθείᾳ
1698 2497 1982 2550 ἐπιϐεϐου-

411 2576 653 2643 λεύκασι,
684 2580 773 2634 τὸν
799 2583 967 2650 Λόγον
994 2585 1091 2654 τῆς
1114 2583 1255 2655 ζωῆς
1272 2588 1327 2653 ἑξ
1344 2588 1548 2640 ἑαυτῶν
1572 2588 1978 2653 ἀπελαύνοντες.

415 2671 520 2723 Καὶ
540 2671 697 2724 τοῦτο
727 2673 911 2742 σαφῶς
941 2676 972 2745 ἡ
1004 2670 1110 2729 τῶν
1141 2676 1299 2761 ἱερῶν
1322 2678 1664 2747 Εὑαγγελίων
1688 2681 1983 2751 παρίστησι

407 2765 617 2835 γραφή.
656 2765 745 2836 Τῷ
779 2767 875 2835 μὲν
912 2766 1018 2839 γάρ
1053 2768 1241 2840 Κυρίῳ
1286 2770 1648 2842 ἐπιμαρτυρεῖ
1688 2771 1749 2823 τὸ
1791 2771 1983 2841 Πάσχα

416 2853 744 2926 βεϐρωκέναι
772 2860 836 2928 τῇ
866 2858 1055 2932 πρώτῃ
1081 2860 1187 2914 τῶν
1216 2861 1465 2933 ἀζύμωψ
1495 2863 1635 2933 μηδ’,
1668 2863 1742 2926 ῶς
1768 2880 1929 2933 φησιν
1955 2864 1983 2916 ὁ

417 2946 647 3011 Λουκᾶς,
681 2950 738 3002 ἑν
834 2950 938 3003 ἔδει
969 2950 1189 3006 θύεσθαι
1221 2954 1280 3008 τὸ
1317 2955 1506 3026 Πάσχα
1533 2955 1713 3026 ἡμέρᾳ
1762 2956 1821 3008 τὸ
1863 2953 1985 3007 σύν-

417 3038 546 3108 ηθες
578 3040 756 3104 αὐτοῖς
792 3042 1100 3115 βεϐρώκασι
1143 3046 1352 3117 Πάσχα,
1389 3047 1522 3100 ἀλλά
1538 3050 1602 3118 τῇ
1637 3048 1749 3118 μετ’
1771 3047 1983 3117 ἐκείνην

2084 1868 2182 1922 pro
2207 1853 2359 1908 nobis
2397 1851 2518 1921 agni
2549 1852 2805 1920 sanguine
2835 1850 3030 1903 mentis
3054 1856 3247 1901 nostrae
3287 1856 3463 1915 postes
3490 1846 3643 1898 inun-

2084 1952 2289 2013 gentes,
2317 1943 2385 1997 ob
2406 1943 2879 1996 exterminatorem
2927 1948 3165 1994 nostrum
3198 1937 3638 2007 propulsandum.

2084 2035 2267 2105 Neque
2298 2038 2397 2089 hoc
2438 2036 2489 2089 in
2529 2051 2631 2088 una
2667 2034 2885 2104 periodo
2923 2033 3341 2101 uniuscujusque
3368 2028 3515 2094 anni,
3546 2029 3639 2083 sed

2087 2136 2195 2181 tota
2220 2128 2379 2181 etiam
2416 2127 2771 2181 hebdomada.
2799 2124 3127 2193 Pt‘a’paratio
3154 2132 3330 2176 tamen
3373 2105 3528 2175 nobis
3574 2118 3643 2173 sit

2078 2218 2360 2289 jejunium,
2406 2217 2583 2270 luctus
2616 2215 2936 2287 symbolum,
2966 2221 3182 2282 propter
3208 2213 3387 2280 priora
3428 2218 3642 2278 peccata

2084 2319 2286 2370 nostra,
2325 2318 2379 2360 et
2413 2308 2480 2361 ob
2503 2307 2756 2377 patientis
2786 2303 3092 2359 Servatoris
3133 2300 3468 2355 memoriam.

2154 2401 2241 2455 η.
2282 2399 2494 2455 Judaeos
2540 2408 2686 2455 certe
2710 2398 2819 2468 jam
2865 2398 2993 2452 olim
3029 2412 3058 2450 a
3094 2396 3321 2449 veritate
3365 2394 3647 2447 aberrasse

2083 2494 2191 2557 aio,
2222 2506 2287 2545 ex
2326 2507 2432 2560 quo
2458 2490 2740 2545 veritatem
2772 2490 2939 2557 ipsam
2970 2487 3235 2557 persecuti
3268 2497 3412 2545 sunt,
3443 2492 3496 2538 et
3516 2483 3645 2538 Ver-

2083 2584 2207 2639 bum
2246 2584 2367 2637 vitae
2392 2599 2419 2636 a
2447 2596 2504 2637 se
2529 2586 2870 2649 expulerunt.
2897 2580 3070 2647 Atque
3108 2580 3209 2632 hoc
3252 2577 3532 2631 manifeste
3560 2576 3647 2630 af-

2085 2676 2265 2729 ﬁrmat
2312 2675 2587 2743 Scriptura
2623 2671 2955 2740 evangelica.
2984 2669 3117 2723 Nam
3162 2668 3441 2722 Dominum
3474 2668 3643 2734 prima

2084 2765 2169 2819 die
2197 2765 2525 2832 Azymorum
2556 2761 2856 2815 comedisse
2884 2759 3089 2813 Pascha
3114 2766 3359 2814 testatur.
3387 2757 3490 2824 Ipsi
3517 2770 3645 2811 vero

2084 2871 2188 2911 non
2215 2870 2319 2924 qua
2351 2854 2437 2907 die
2465 2852 2764 2922 oportebat,
2797 2861 2854 2905 ut
2880 2852 2953 2905 ait
2980 2850 3179 2913 Lucas,
3213 2859 3522 2902 consuetum
3541 2847 3645 2900 Pa-

2084 2950 2210 3003 scha
2242 2947 2616 3008 comederunt,
2659 2943 2753 2999 sed
2801 2945 2890 2998 die
2932 2942 3189 3004 crastina,
3221 2956 3341 3010 quae
3364 2948 3482 2993 erat
3509 2940 3649 3010 Azy-

2087 3054 2295 3096 morum
2337 3037 2592 3101 secunda,
2622 3035 2765 3090 luna:
2790 3049 2923 3090 vero
2960 3034 3147 3099 quinta
3188 3029 3508 3096 decima;in
3542 3046 3645 3099 qua

416 3130 562 3200 ἑξῆς,
588 3132 706 3200 ῆτις
739 3127 803 3202 ἦν
833 3133 937 3189 τῶν
969 3135 1067 3206 μὲν
1111 3137 1356 3208 Ἀζύμων
1390 3139 1637 3211 δευτέρα,
1670 3140 1897 3212 σελήνης
1918 3139 1974 3193 δὲ
2001 3151 2002 3157 ‘

2084 3133 2199 3188 dum
2227 3132 2291 3187 de
2331 3131 2617 3185 Servatore
2637 3136 2817 3182 nostro
2835 3126 3094 3197 judicium
3121 3133 3398 3178 exerceret
3422 3122 3644 3189 Pilatus,

415 3225 890 3297 πεντεκαιδεκάτη,
927 3230 984 3281 ἐν
1081 3228 1174 3283 τοῦ
1219 3231 1471 3303 Σωτῆρος
1516 3231 1673 3302 ἡμῶν
1715 3233 1971 3304 κρινομέο

412 3328 503 3366 νου
546 3315 649 3369 ὑπὸ
685 3317 952 3383 Πιλάτου,
989 3320 1088 3373 οὐκ
1130 3322 1376 3391 εἰσῆλθον
1414 3324 1494 3386 είς
1528 3323 1588 3376 τὸ
1620 3323 1971 3396 πραιτώριον.

411 3408 523 3460 Οὐκ
556 3408 665 3479 ἄρα
691 3412 756 3480 τῇ
804 3417 996 3485 πρώτῃ
1038 3411 1144 3466 τῶν
1171 3413 1417 3483 ἀζύμων,
1449 3417 1505 3468 ἑν
1600 3413 1704 3467 ἔδει
1729 3414 1975 3481 θύεσθαι,

413 3498 753 3571 βεϐρώκασιν
775 3503 905 3557 αὐτὸ
938 3503 1080 3557 κατά
1098 3504 1188 3557 τὸν
1223 3506 1411 3576 νόμον·
1437 3503 1473 3578 ἦ
1499 3506 1608 3578 γὰρ
1628 3507 1693 3561 ἂν
1723 3506 1859 3579 μετά
1882 3508 1976 3561 τοῦ

410 3592 660 3663 Σωτῆρος
704 3594 798 3647 καὶ
827 3594 979 3648 αὐτοὶ
1018 3597 1079 3650 τὸ
1116 3598 1307 3669 Πάσχα
1342 3601 1741 3671 πεποιήκεσαν⁹
1777 3601 1890 3653 ἀλλ’
1920 3600 1979 3666 ἐξ

412 3682 620 3736 ἐκείνου
651 3684 766 3756 ἅμα
799 3689 862 3757 τῇ
898 3687 991 3740 τοῦ
1028 3690 1277 3761 Σωτῆρος
1316 3691 1470 3762 ἡμῶν
1519 3691 1798 3763 ἐπιϐουλῇ,
1844 3693 1979 3763 πρὸς

412 3773 511 3844 τῆς
544 3776 722 3829 αὐτῶν
744 3778 1113 3846 τυφλωθέντες
1139 3781 1356 3845 κακίας,
1386 3784 1479 3836 καὶ
1505 3784 1683 3853 πάσης
1719 3783 1977 3853 ἀληθείας

409 3867 742 3938 ἐσφάλησαν.
778 3870 967 3941 Ἡμεῖς
988 3871 1042 3925 δὲ
1073 3872 1142 3926 τά
1174 3874 1313 3928 αὺτά
1348 3876 1621 3946 μυστήρια
1648 3875 1714 3928 δι’
1743 3874 1861 3928 ὅλου
1879 3872 1973 3928 τοῦ

409 3956 565 4023 ἔτους
592 3961 816 4032 ἄγομεν,
850 3964 908 4016 ἑν
940 3966 1101 4019 παντὶ⁸
1143 3966 1242 4036 μὲν
1271 3966 1634 4037 προσαϐϐάτῳ
1666 3966 1759 4020 τοῦ
1799 3984 1973 4037 σωτη-

411 4050 529 4120 ρίου
553 4052 756 4117 πάθους
779 4054 877 4127 τὴν
909 4056 1210 4129 ἀνάμνησιν
1243 4058 1550 4128 ποιούμενοι
1578 4058 1664 4111 διὰ
1698 4058 1967 4129 νηστείας,

408 4140 475 4210 ῆν
494 4142 605 4210 (Si)
623 4145 968 4215 ἑνήστευσαν,
986 4148 1240 4218 ἀρθέντος
1267 4149 1360 4202 ἀπ’
1373 4147 1549 4201 αὐτῶν
1564 4148 1655 4201 τοῦ
1684 4149 1731 4201 Ν
1737 4168 1764 4201 υ
1773 4149 1933 4219 μφίου
1951 4188 1964 4210 ,

2081 3242 2188 3282 ηοη
2221 3235 2347 3279 sunt
2378 3223 2605 3285 ingressi
2636 3222 2967 3290 prwtorium.
3019 3218 3135 3273 Non
3184 3232 3315 3288 ergo
3336 3217 3507 3288 prima
3537 3216 3645 3279 die,

2081 3318 2133 3372 in
2157 3331 2260 3384 qua
2295 3314 2473 3369 fuerat
2520 3312 2925 3376 immolandum,
2952 3311 3326 3373 comederunt,
3365 3318 3523 3378 prout
3565 3310 3649 3361 lex

2079 3407 2311 3472 volebat,
2336 3404 2540 3458 Pascha
2564 3419 2579 3468 ;
2610 3404 2688 3457 sic
2710 3402 2853 3455 enim
2882 3416 3003 3455 cum
3028 3400 3314 3455 Servatore
3339 3411 3393 3453 et
3426 3400 3522 3467 ipsi
3549 3396 3651 3451 Pa-

2081 3497 2213 3552 scha
2244 3494 2645 3558 comedissent;
2672 3494 2763 3546 sed
2783 3490 2892 3559 jam
2929 3500 3039 3542 tum
3070 3491 3344 3544 struendis
3369 3487 3647 3560 Servatori

2084 3588 2293 3645 insidiis
2319 3587 2587 3654 occupati,
2620 3601 2648 3639 a
2686 3599 2781 3638 sua
2828 3581 3026 3636 malitia
3067 3580 3343 3643 excmcati,
3374 3579 3519 3633 omni
3559 3592 3651 3630 ve-

2084 3681 2245 3735 ritate
2272 3679 2608 3733 exciderunt.
2638 3678 2741 3731 Nos
2768 3690 2895 3730 vero
2914 3672 3101 3727 eadem
3136 3669 3385 3742 mysteria
3414 3678 3524 3722 toto
3553 3683 3648 3720 an-

2083 3786 2151 3825 no
2176 3771 2408 3839 agimus,
2449 3767 2594 3824 omni
2630 3767 2969 3838 przecedente
3015 3763 3305 3818 Sabbatum
3336 3758 3424 3813 die
3454 3757 3651 3812 Serva-

2084 3866 2214 3921 toris
2241 3868 2547 3935 passionem
2579 3869 3072 3918 commemorantes
3106 3872 3227 3911 cum
3256 3854 3479 3924 jejunio,
3507 3856 3650 3924 quod

2082 3958 2312 4026 primum
2343 3967 2468 4010 tunc
2491 3955 2718 4025 apostoli
2757 3954 2935 4009 ablato
2960 3951 3026 4005 ab
3065 3949 3195 4019 ipsis
3221 3947 3429 4019 Sponso
3462 3949 3650 4000 obser-

2079 4059 2291 4105 varunt.
2331 4049 2485 4105 Omni
2526 4050 2613 4103 die
2652 4048 2924 4103 Dominica
2960 4060 3057 4114 per
3096 4061 3291 4116 corpus
3333 4042 3643 4096 sanct'liea-

2077 4156 2186 4199 tum
2225 4144 2392 4213 ipsius
2425 4143 2682 4197 salutaris
2718 4139 2997 4194 Paschatis
3037 4139 3404 4203 viviﬁcamur,
3434 4146 3489 4188 et
3518 4150 3639 4203 pre-

405 4231 528 4285 τότε
556 4234 769 4304 πρῶτον
813 4238 861 4289 οἱ
890 4237 1202 4293 ἀπόστολοι⁸
1232 4239 1319 4292 διά
1362 4241 1542 4310 πάσης
1591 4239 1647 4293 δὲ
1686 4240 1971 4310 Κυριακῆς

2084 4239 2213 4292 tioso
2240 4238 2499 4306 sanguine
2524 4234 2690 4304 ipsius
2718 4235 2772 4287 in
2813 4232 2992 4287 anima
3022 4232 3388 4300 obsignanmr.

407 4324 619 4397 ἡμέρας
655 4329 733 4400 τῷ
780 4332 1093 4403 ἡγιασμένῳ
1162 4334 1370 4405 σώματι
1405 4333 1500 4387 τηῦ
1544 4335 1706 4389 αὑτοῦ
1753 4337 2017 4408 σωτηρίου
2056 4336 2245 4403 Πάσχα
2287 4330 2728 4402 ζωοποιούμενοι,
2770 4328 2866 4382 καὶ⁸
2914 4327 2993 4399 τῷ
3035 4328 3200 4398 τιμίῳ
3242 4326 3433 4395 αἵματι
3478 4321 3645 4378 αὐτοῦ

406 4416 505 4480 τάς
527 4419 704 4489 ψυχάς
728 4426 1311 4498 κατασφραγιξόμενοι.

480 4538 526 4569 ⁸⁸
557 4538 710 4592 Rom.
744 4556 804 4602 ll,
834 4540 926 4595 29.

2095 4646 2186 4685 res
2208 4643 2425 4697 passum
2448 4636 2551 4684 est.
2572 4626 2709 4683 Vide
2727 4626 3140 4684 Thomassinum
3166 4627 3239 4681 De
3260 4626 3482 4698 jejuniis
3495 4630 3638 4691 part.

480 4631 595 4695 (5|)
634 4632 963 4686 Dicitsextaa
998 4631 1145 4687 feria:
1174 4642 1490 4702 perpetuum
1539 4632 1593 4685 in
1643 4632 1825 4688 Greca
1884 4632 1989 4688 Ec-
2095 4646 2186 4685 res
2208 4643 2410 4697 passim

480 4704 571 4753 asia
603 4701 886 4753 ieiunium.
912 4704 1055 4753 auod
1086 4714 1263 4753 tamen
1292 4705 1343 4753 in
1372 4701 1668 4753 Occidente
1701 4706 1877 4753 varias
1907 4705 1986 4753 vi-
2093 4718 2153 4753 ll.
2188 4717 2308 4753 can.
2339 4698 2410 4753 15

2093 4718 2153 4770 ιι,
2188 4717 2308 4771 cap.
2339 4717 2429 4753 τε).

406 4701 571 4757 clesia
601 4701 886 4773 jejunium,
912 4704 1055 4771 quod
1086 4701 1343 4757 tamenin
1372 4701 1668 4758 Occidente
1701 4706 1877 4758 varias
1907 4705 1986 4757 vi-

1237 4945 1621 5008 LECTURIS
1660 4945 1885 5008 JOAN.
1933 4946 2171 5007 HENR.
2219 4946 2489 5006 NOLTE
2531 4945 2592 5008 S.
2640 4947 2707 5007 P.
2757 4944 2832 5005 D.

489 5066 674 5122 Libros
705 5068 770 5121 ab
800 5068 1027 5124 Eusebio
1056 5080 1237 5124 contra
1261 5069 1577 5125 Marcellum
1602 5072 1928 5134 conscriptos
1952 5070 2021 5121 ad
2052 5068 2208 5135 ﬁdem
2232 5080 2481 5137 quattuor
2525 5070 2787 5133 codicum,
2821 5084 2951 5136 quos
2979 5083 3072 5135 ego
3122 5074 3211 5117 aut
3241 5064 3400 5118 amici
3411 5063 3653 5137 contuli-

412 5155 528 5190 mus
568 5139 631 5208 de
664 5140 955 5208 quibusque
982 5141 1107 5193 olim
1137 5141 1374 5207 pluribus
1404 5141 1532 5194 alibi
1558 5132 1927 5205 explicandum
1959 5132 2087 5191 milii
2117 5132 2251 5199 erit,
2291 5141 2545 5192 recensui.
2583 5137 2787 5201 Unicte,
2824 5132 2940 5205 qua!
2962 5132 3228 5208 Itucusque
3256 5132 3492 5188 exstabat
3540 5134 3652 5208 edi-

412 5210 577 5289 tioni:
600 5204 916 5289 liq'risiensis
937 5204 1199 5289 lectiones
1235 5212 1503 5289 brevitatis
1531 5204 1712 5289 studio
1743 5212 1927 5289 ductus
1957 5225 2075 5289 noce
2111 5227 2129 5259 ι
2165 5210 2343 5289 vulgo.
2382 5228 2400 5259 ι
2436 5210 2712 5289 lectiones.
2739 5212 2792 5289 in
2819 5204 3057 5289 margine
3091 5206 3324 5289 eiusdem
3354 5204 3649 5289 propositas

410 5274 605 5330 litteris
630 5278 759 5343 Mp.,
790 5296 905 5348 qua:
931 5281 984 5334 in
1010 5280 1359 5348 Corrigendis
1385 5284 1453 5334 ad
1494 5282 1723 5335 eiusdem
1743 5280 1936 5333 calcent
1964 5280 2235 5348 leguntur,
2262 5274 2318 5332 in
2350 5295 2493 5332 corr.
2522 5278 2761 5348 insigniri
2785 5294 2802 5341 ;
2842 5274 2964 5348 0931’.
3008 5275 3473 5348 signiﬁcatunum,
3493 5274 3648 5348 codd.

409 5352 589 5413 plures
611 5344 811 5403 codices
838 5351 1028 5417 afferre
1052 5351 1107 5403 id
1137 5344 1274 5417 quod
1328 5354 1615 5418 ascriptum
1654 5360 1750 5403 est.
1809 5344 2125 5401 Montaciﬂii
2161 5359 2312 5400 notas
2343 5351 2572 5417 integras
2604 5344 2652 5401 et
2677 5350 2850 5418 littera
2873 5344 2943 5399 Μ.
2974 5364 3005 5398 a
3041 5346 3168 5400 meis
3212 5345 3654 5418 pdistinctasei‘us-

410 5420 628 5487 demque
668 5413 1066 5489 trmtslationem
1106 5413 1438 5473 immutatam
1471 5413 1798 5489 repetendam
1820 5420 2018 5474 curavi.
2052 5418 2247 5471 Littera
2280 5418 2342 5470 Β.
2387 5413 2649 5489 siqui/iant
2703 5416 3083 5489 Rettbergium,
3132 5416 3225 5489 qui
3278 5414 3516 5489 Marcelli
3542 5413 3655 5489 [ra-

412 5484 618 5567 gntenta
653 5488 868 5567 collecta
898 5503 942 5543 et
965 5493 1218 5567 dispositu
1253 5484 1716 5567 Coettingaéj'im
1763 5490 1922 5567 edidit
1945 5498 2044 5567 ;_ut
2082 5504 2376 5549 numerum,
2419 5484 2567 5567 quem
2601 5488 2820 5567 singulis
2854 5488 3169 5567 fragmentis.
3194 5487 3339 5567 dedit
3386 5484 3450 5567 lin,
3480 5485 3533 5537 in
3555 5485 3654 5567 [me

413 5552 644 5611 Editione
666 5558 752 5638 iis
772 5552 1117 5638 opponeretur
1168 5552 1486 5638 [aciunduui
1507 5562 1632 5613 mihi
1654 5562 1850 5623 putavi.
1874 5552 2011 5622 Quin
2035 5574 2271 5611 errorum
2301 5577 2331 5610 a
2358 5552 2602 5638 meforte.
2624 5552 3020 5638 commissorum
3058 5558 3256 5610 veniam
3308 5555 3464 5638 facile
3493 5571 3525 5607 a
3550 5552 3655 5638 tec-

418 5640 551 5708 lyre,
587 5630 676 5694 qui
736 5628 876 5680 intra
923 5647 1115 5708 paucos
1156 5625 1267 5708 dies
1291 5641 1457 5686 totum
1495 5633 1811 5684 recensionis
1843 5629 2757 5708 ει.αιηιηοιαί-ίοηιιιηι,ξσῖίὺξηάονιιηι
2801 5628 3061 5708 negotium
3087 5643 3229 5708 trp-te
3272 5625 3654 5695 conﬁciendum

416 5698 584 5765 fuisse
613 5709 791 5753 serunt
830 5704 1162 5767 reputaverit,
1209 5704 1579 5772 impetraturus
1606 5704 1727 5765 sim,
1747 5715 1849 5754 non
1879 5699 2078 5752 dubito.
2113 5696 2292 5754 Paris.
2325 5695 2451 5751 Kal.
2481 5696 2749 5753 Decembr.
2784 5698 2831 5753 Μ
2845 5694 3068 5754 DCCCL
3087 5694 3213 5752 VII.
