4098 6200
500 316 601 373 107
624 384 627 387 _

1194 310 1461 368 EUSEBII
1500 305 1969 366 CIESARIENSIS
2006 306 2155 365 OPP.
2196 307 2372 364 PARS
2407 308 2497 367 IV.
2538 339 2606 349 -—
2641 306 3059 367 DOGMATICA.

3612 306 3721 363 708

502 467 3687 500 W

929 640 1009 717 (υ
1082 576 1881 782 ΕΥΣΕΒΙΟΥ
1957 651 2300 784 ΤΟΥ
2380 647 3280 786 ΠΑΜΦΙΑΟΥ

2049 882 2183 937 ΤΩΝ

580 1042 656 1116 (9)
685 1049 981 1137 ΚΑΤΑ
1050 1045 1728 1136 ΜΑΡΚΕΛΛΟΥ
1800 1046 2025 1134 ΤΟΥ
2096 1048 2310 1133 ΤΗΣ
2383 1044 2879 1136 ΑΓΚΥΡΑΣ
2952 1049 3615 1139 ΕΠΙΣΚΟΠΟΥ

1729 1242 2285 1365 ΒΙΒΛΟΣ
2342 1238 2491 1363 Α’.

1233 1635 1987 1796 EUSEBII
2065 1629 2977 1792 PAMPHILI

730 1919 1337 2016 ADVERSUS
1408 1919 2141 2013 MARCELLUM
2214 1919 2725 2011 ANCYRIE
2796 1919 3471 2016 EPISCOPUM

1556 2136 1972 2249 LIBER
2056 2074 2657 2251 PRIMUS.

1126 2484 1277 2540 CAP.
1320 2485 1362 2542 Ι.

2806 2497 2965 2555 ΚΕΦ.
3001 2499 3046 2551 Α
3064 2538 3082 2556 .

480 2572 830 2642 Quandonam
869 2575 1121 2631 incitatus
1180 2576 1468 2660 Marcellus
1516 2582 1778 2651 ejusmodi
1836 2581 2021 2636 librum

2136 2586 2324 2642 Πόθεν
2370 2586 2707 2659 ὁρμώμενος
2742 2593 2775 2644 ό
2825 2592 3175 2664 Μάρκελλος
3232 2590 3391 2646 τουτὶ
3449 2590 3516 2646 τὸ
3565 2594 3703 2664 Σύγν

1054 2649 1441 2718 conscripserit.

545 2747 603 2806 ›Ῑ‹
640 2740 915 2796 Materiam
960 2739 1034 2795 illi
1068 2742 1370 2812 subjectam
1405 2751 1459 2799 et
1491 2743 1646 2815 quasi
1694 2744 1817 2816 styli
1869 2759 2033 2817 argu-

535 2886 594 2944 ›Ῑ‹
621 2880 716 2937 Ed.
738 2878 938 2945 Paris.,
958 2893 1082 2951 pag.
1111 2881 1163 2936 1.

537 3022 613 3091 (l)
636 3019 955 3091 causam.
987 3019 1132 3091 Libri
1182 3020 1335 3077 istius
1370 3031 1523 3091 pater
1554 3020 1835 3086 Eusebius,
1869 3018 2030 3075 Pam-

465 3089 597 3164 P‘lm
642 3091 891 3158 "'"nyl‘is
932 3089 1301 3164 familittritate
1337 3089 1390 3164 et
1433 3092 1750 3163 cognomine
1784 3092 2027 3164 insignis,

467 3160 641 3217 nonor
672 3168 774 3231 est,
802 3173 971 3231 quam,
1001 3170 1058 3213 ut
1098 3161 1454 3231 illustratione
1497 3160 1679 3216 nostra
1708 3160 2029 3231 egeat.’ls:c-

466 3229 756 3303 clesiasticn
791 3230 1007 3303 historia
1030 3270 1043 3293 ,
1075 3240 1129 3283 et
1170 3230 1368 3303 scripta
1405 3232 1492 3285 illa
1531 3228 1898 3303 στρωμᾱτώδη
1950 3228 2029 3285 De

463 3298 851 3371 prwparatione
873 3307 926 3351 et
949 3298 1394 3371 demonstratione
1424 3298 1742 3370 evangelica,
1785 3298 1902 3370 quaé
1943 3308 2026 3371 te-

465 3369 659 3425 runtur
700 3369 935 3422 omnium
990 3370 1327 3427 eruditorum
1381 3369 1662 3436 manibus,
1708 3369 1902 3425 nomen
1949 3370 2022 3424 illi

464 3438 810 3510 magniﬁcum
865 3454 1168 3510 peperere.
1236 3440 1347 3497 Hoc
1401 3451 1579 3495 autem
1651 3442 1819 3509 ipsius
1868 3439 2032 3494 Κατὰ

460 3508 818 3579 Μαρκέλλου
850 3508 1194 3581 ἐκπόνημα,
1238 3512 1423 3580 paucis
1453 3512 1611 3567 hodie
1641 3508 1912 3581 cognitum
1950 3511 2031 3565 vel

462 3584 530 3635 de
562 3582 800 3641 nomine,
832 3580 1173 3647 paucissimis
1209 3582 1402 3649 opinor
1428 3582 1622 3641 lectum
1652 3580 1750 3644 est,
1785 3582 1866 3635 vel
1901 3595 2033 3633 ocu-

464 3651 531 3705 lis
565 3649 759 3703 alicubi
813 3661 1151 3718 usurpatum.
1190 3650 1306 3705 Vidi
1348 3667 1448 3721 ego
1506 3660 1776 3721 catalogos
1838 3650 2032 3705 biblio-

462 3723 763 3783 thecarum,
818 3736 918 3790 per
965 3721 1270 3789 Europam,
1323 3721 1678 3776 celebriorum
1722 3721 2029 3790 plurimos:

465 3805 724 3860 nusquam
756 3789 927 3857 reperi
960 3790 1242 3844 Eusebium
1276 3801 1460 3845 contra
1508 3790 1838 3844 Marcellum.
1883 3789 2026 3860 Vidit

460 3836 638 3913 tamen
672 3836 862 3913 alicubi
887 3899 900 3921 ,
939 3870 1099 3927 atque
1138 3862 1300 3913 etiam
1342 3860 1500 3928 legit,
1534 3860 1791 3913 librorum
1826 3859 2019 3926 helluo,
2054 3836 2100 3897 Β

460 3940 514 3983 et
542 3929 981 4001 bibliothecarum
1008 3931 1245 4001 omnium
1280 3945 1499 4001 vorago,
1532 3928 1851 4001 Franciscus
1883 3929 2022 4001 Tur-7

460 4001 663 4069 riauus.
734 3996 943 4069 Memini
1000 4000 1141 4069 enim
1202 3996 1540 4069 legisse'me
1595 4001 1645 4053 in
1713 3998 2024 4069 hujusviri

460 4067 810 4138 Dogmaticis,
846 4068 1059 4122 Eusebii
1087 4067 1445 4123 testimonium
1488 4080 1674 4125 contra
1711 4067 2022 4124 Marcellum

464 4141 772 4209 recitatum.
808 4138 966 4209 Libro
1003 4138 1145 4192 enim
1184 4141 1362 4203 tertio,
1405 4153 1524 4209 pag.
1561 4139 1665 4194 175
1689 4179 1704 4203 ,
1741 4140 1814 4193 ait
1851 4140 2023 4193 Ense»

462 4207 611 4262 bium
649 4207 897 4263 Marcello
930 4209 1182 4263 hairetiro
1211 4207 1564 4279 exprobrare,
1599 4213 1651 4264 in
1688 4210 1826 4264 libro
1862 4225 2021 4276 quem

459 4282 721 4350 adversus
760 4295 880 4333 eum
906 4279 1158 4346 scripsit,
1195 4279 1342 4350 illum
1391 4280 1700 4350 Scripturas
1749 4281 2018 4337 mutilare.

458 4348 525 4402 Et
548 4356 693 4402 certe
722 4350 989 4417 obiectum
1018 4359 1099 4402 est
1126 4350 1192 4403 ab
1221 4348 1452 4405 Eusebio
1475 4348 1617 4405 istud
1644 4368 1658 4405 :
1690 4358 1745 4404 ut
1777 4351 2023 4404 videatur

459 4417 758 4491 Turrianus
786 4421 926 4472 hunc
959 4419 1169 4491 legisse.
1214 4418 1319 4473 Sed
1364 4431 1416 4475 et
1453 4423 1589 4491 apud
1621 4421 1889 4491 antiquos
1930 4436 2018 4473 ra-

459 4489 823 4558 rissitnaiejus
875 4491 1097 4543 mentio.
1127 4488 1240 4543 Non
1274 4488 1502 4545 habetur
1539 4492 1590 4544 in
1619 4490 1794 4544 Photii
1822 4489 2021 4558 Μανίο-

457 4559 612 4612 biblo.
655 4557 888 4630 [ingerat
924 4560 1227 4629 Hieronymi
1258 4561 1612 4630 diligentiam.
1644 4561 1803 4614 Solus
1826 4598 1841 4623 ,
1878 4557 2017 4628 Quod

455 4630 643 4689 sciam,
670 4627 922 4682 Socrates
946 4627 1243 4695 posteritati
1268 4627 1564 4685 transmisit
1582 4671 1598 4696 ,
1628 4631 1867 4685 recitatis
1894 4631 2018 4685 hinc

456 4700 723 4752 nonnullis
758 4698 1050 4762 αὐτολεξεὶ,
1097 4700 1259 4766 hujus
1300 4702 1647 4754 mentionem.
1692 4700 1884 4753 Attulit
1920 4714 2012 4752 au-

457 4778 561 4821 tem
593 4768 644 4820 iu
676 4785 800 4822 eum
833 4772 1014 4836 linem,
1036 4770 1648 4833 utauctoretn,Arianea
1682 4770 1901 4837 fuligine
1924 4770 2017 4823 de-

456 4839 743 4909 nigratum,
782 4840 1073 4894 dealbaret.
1109 4842 1213 4894 Sed
1248 4842 1470 4905 frustra,
1507 4841 1678 4909 inquit
1717 4838 2016 4893 illustrissi-

455 4924 574 4962 mus
600 4908 861 4963 Baronius
884 4911 948 4963 ad
976 4924 1175 4963 annum
1210 4909 1334 4965 Jesu
1366 4910 1565 4965 Chrisn
1586 4908 1722 4975 7540,
1752 4920 1887 4967 sect.
1922 4909 2010 4970 59,

451 4977 761 5048 Ethiopcin
816 4981 958 5033 enim
1013 4991 1239 5034 conatur
1281 4981 1549 5035 dealbare.
1600 4979 1898 5034 Fatendum
1930 4989 2014 5033 est

452 5048 596 5103 hunc
647 5050 1010 5104 doctissimum
1063 5050 1344 5104 Annalium
1382 5052 1748 5115 conditorem,
1785 5050 2012 5104 Eusebio

453 5122 651 5187 passim
676 5136 792 5175 sese
823 5121 1044 5188 prodere
1079 5123 1419 5191 iniquiorem.
1458 5121 1537 5173 An
1574 5135 1700 5174 vero
1726 5134 2009 5174 censuram

2324 2708 2335 2721 .
2669 2678 2900 2731 ῃοαμμα
2930 2663 3171 2731 ἔγραψε.

2222 2747 2286 2801 Ἦ
2415 2749 2669 2815 ὑπόθεσις
2696 2752 2841 2823 αὐτῷ
2861 2753 2959 2825 τῆς
2988 2753 3204 2823 γραφῆς
3231 2754 3550 2827 μισαδελφια
3576 2772 3704 2809 κατ.

2138 3018 2376 3088 scripsit.
2406 3015 2564 3074 Ratio
2604 3018 2832 3073 nominis
2863 3033 2891 3071 a
2915 3015 3155 3084 subjecto
3186 3017 3364 3088 operis
3397 3019 3699 3082 deducitur.

2136 3088 2212 3145 Ita
2239 3093 2379 3144 enim
2412 3091 2464 3144 in
2499 3088 2758 3157 prooemio
2785 3090 2939 3157 primi
2968 3088 3108 3158 libri,
3136 3088 3225 3142 tibi
3260 3090 3419 3144 docet
3453 3106 3551 3144 cur
3584 3102 3701 3158 post

2136 3161 2435 3245 mpelisth
2464 3160 2659 3245 undam
2690 3159 2980 3245 sententia-2‘
3000 3157 3393 3245 Marcellianlezn
3413 3200 3429 3225 ,
3462 3157 3682 3245 ad‘élsy

2134 3228 2231 3304 χει)
2255 3247 2348 3300 per
2364 3229 2678 3304 ὰντίρῤησεν
2698 3228 3013 3304 accesserit,
3040 3228 3114 3304 μή
3138 3229 3256 3281 ποτ’
3286 3229 3587 3304 ρρα-ςτιγὲς
3605 3228 3701 3304 τῆς

2146 3297 2694 3372 Ἐκᾶιλησιαοίῒιὶοῆς
2716 3300 3023 3372 θεοᾷογίας
3046 3297 3385 3372 ὑποσυρςξεὺ.
3413 3297 3704 3372 Utriusque

2131 3372 2303 3440 partis
2332 3371 2391 3424 τὸ
2418 3370 2901 3440 ὑποκείμενοννω
2920 3370 3148 3437 epistola
3165 3369 3233 3424 ad
3261 3369 3569 3425 Flaccillum
3604 3369 3703 3429 de-

2130 3438 2418 3505 dicatoria,
2454 3438 2765 3511 exponitur.
2801 3438 2906 3511 Sed
2941 3442 3007 3511 de
3040 3440 3158 3511 hoc
3172 3448 3284 3494 toto
3302 3442 3531 3511 _negotio
3552 3483 3568 3508 ,
3600 3458 3701 3510 per

2127 3520 2308 3579 partes
2356 3511 2519 3564 multo
2554 3510 2745 3563 melius
2778 3508 3099 3579 videbimus.
3128 3507 3352 3573 Quando
3373 3507 3412 3574 ,⁷
3436 3520 3490 3566 et
3525 3507 3691 3579 quoto

2127 3576 2271 3635 anno
2298 3582 2397 3634 hoc
2429 3581 2683 3648 scriptum
2719 3579 2787 3633 ab
2813 3576 3048 3632 Eusebio
3074 3619 3088 3642 ,
3137 3595 3240 3633 non
3280 3589 3507 3634 constat.
3542 3576 3697 3635 Con—

2127 3660 2236 3705 stat
2273 3659 2389 3718 post
2436 3650 2720 3704 concilium
2769 3648 3042 3702 Nicaanum
3086 3663 3102 3702 :
3142 3658 3266 3718 post
3306 3651 3509 3704 obitum
3549 3651 3696 3706 Cou-

2128 3720 2371 3785 stantini,
2406 3718 2775 3789 quemGrzcci
2814 3718 3116 3789 adulantes,
3142 3720 3326 3773 nescio
3353 3733 3468 3786 cur,
3499 3733 3695 3777 vocant

2131 3788 2498 3869 leundas-olea.
2543 3788 2985 3869 Meminitnenim
3049 3788 3162 3869 ipse
3215 3790 3697 3869 aucto_r,_in_line

2131 3861 2249 3914 libri
2277 3860 2521 3925 secundi,
2549 3859 2761 3915 concilii
2803 3857 3380 3927 Constantinopolitani
3404 3899 3420 3926 ,
3452 3861 3692 3917 habitum

2127 3932 2253 3983 illud
2293 3931 2582 3986 concilium
2631 3931 2698 3983 ab
2729 3929 2947 3998 Ariauis
2998 3928 3302 3998 episcopis,
3332 3942 3522 3984 contra
3548 3931 3695 3984 Mar-

2125 4000 2341 4065 cellum,
2372 4014 2514 4054 anno
2550 3999 2737 4053 ultimo
2761 3996 3123 4064 Constantini,
3156 3996 3422 4054 etChristi
3446 4001 3572 4055 556.
3610 4002 3688 4055 lia

2125 4084 2345 4125 necesse
2380 4081 2483 4134 est,
2533 4072 2634 4123 hoc
2675 4082 2705 4122 e
2754 4070 3042 4140 postremis
3070 4069 3158 4140 Aab
3196 4069 3425 4125 Eusebio
3462 4073 3686 4140 scriptis

2126 4141 2311 4195 fuisse.
2343 4140 2474 4194 Nam
2497 4180 2512 4206 ,
2544 4152 2601 4194 ut
2629 4138 2813 4193 retulit
2860 4138 3207 4193 doctissimus
3242 4141 3524 4193 Annalium
3555 4138 3689 4196 con»

2123 4211 2285 4275 ditor,
2312 4212 2365 4265 in
2400 4212 2533 4264 vivis
2563 4224 2683 4263 esse
2708 4208 2869 4263 desiit
2894 4209 3156 4263 Eusebius
3190 4209 3455 4278 Pamphili
3494 4214 3559 4263 ad
3587 4227 3687 4265 an-

2126 4296 2252 4332 num
2284 4281 2482 4335 Christi
2521 4280 2659 4343 340,
2687 4288 2938 4333 currente
2979 4281 3090 4346 jam
3133 4280 3324 4347 quinto
3365 4294 3507 4333 anno
3546 4281 3688 4336 Con-

2120 4352 2307 4404 stantii
2368 4350 2612 4405 Caesaris.
2650 4349 2704 4402 Si
2752 4350 2805 4401 in
2852 4351 2934 4403 his
2980 4364 3107 4417 ergo
3164 4349 3316 4403 libris
3372 4352 3684 4417 reperiatur

2104 4418 2209 4473 .hic
2254 4420 2484 4488 scriptor
2540 4419 2604 4473 ad
2677 4418 3049 4489 Ἀρειομανίαν
3113 4419 3408 4484 inclinare,
3463 4422 3527 4475 de
3579 4436 3686 4488 qua

2120 4491 2419 4556 qumstione
2456 4491 2512 4543 ὲν
2562 4491 2674 4551 τοῖς
2705 4488 2847 4542 κατὰ
2888 4488 3053 4559 μέρος
3076 4529 3090 4553 ,
3143 4488 3382 4543 decisum
3412 4501 3494 4545 est
3529 4491 3686 4559 plane

2118 4569 2394 4614 certamen
2425 4562 2489 4613 de
2514 4561 2615 4613 lide
2640 4560 2933 4613 Eusebiana
2957 4568 3073 4625 post
3101 4560 3365 4680 Ἡηοάιιιιι
3389 4560 3684 4628 Νἱοωιιῆιιι,

2120 4632 2185 4680 de
2210 4646 2314 4680 aua
2347 4644 2431 4680 tne
2465 4630 2637 4680 fateor
2671 4630 3066 4680 subdubitasse.
3162 4644 3518 4680 nuncunus.

2120 4632 2185 4684 de
2210 4646 2314 4698 qua
2347 4644 2431 4683 me
2465 4630 2637 4682 lateor
2671 4630 3066 4698 subdubitasse.
3108 4630 3518 4685 MONTACUTIUS.

2190 4697 2267 4767 (ξ’.)
2318 4700 2476 4753 Κατὰ
2524 4698 2881 4767 Μαρκέλλου
2936 4697 3047 4766 τῆς
3109 4700 3417 4768 Ἀγκύρας.
3474 4701 3683 4757 Galatia

2116 4778 2235 4821 erat
2258 4770 2458 4832 ontuis,
2487 4772 2558 4839 uti
2607 4772 2733 4839 olim
2761 4769 2933 4823 Gallia
2958 4808 2972 4835 ,
3008 4770 3181 4824 divisa
3240 4770 3290 4821 iu
3324 4781 3505 4839 partes
3550 4783 3678 4826 tres.

2123 4839 2291 4893 Unam
2330 4838 2639 4894 incolebant
2681 4838 2933 4903 Trocmi,
2974 4838 3196 4893 alteram
3243 4838 3521 4895 Tolistobii
3569 4845 3684 4897 sive

2117 4908 2510 4978 Tolistobogii,
2542 4910 2758 4963 tertiam
2805 4911 2895 4978 qui
2947 4908 3275 4979 Tectosages
3326 4912 3679 4977 dicebantur;

2116 4979 2274 5051 hujus
2304 4982 2475 5047 partis
2505 4979 2814 5051 metropolis
2846 4986 2971 5051 erat,
2997 4981 3229 5051 Ancyra.
3260 4980 3453 5035 Strabo
3496 4983 3546 5034 in
3583 4998 3631 5035 ιν
3663 5000 3677 5035 ;

2114 5048 2292 5124 Τριῶν
2321 5051 2488 5124 63er
2522 5049 2712 5124 ἐθνῶν,
2744 5049 2889 5124 avsa
2918 5048 3126 5124 eosdm,
3146 5050 3207 5102 τὸ
3239 5051 3682 5124 π-ερὶ-ξΑγκύραν

2114 5119 2285 5182 πόλιν,
2334 5120 2687 5188 Τεκτοσάγων
2762 5120 2998 5188 λέγεται.
3054 5122 3203 5174 Hanc
3260 5119 3590 5188 Apollonius
3628 5126 3679 5178 in

455 5183 556 5261 hoc
582 5193 640 5261 in
670 5192 790 5261 loco
815 5183 1517 5260 inoportunam'exercuerit,
1548 5191 1788 5250 dicemus
1812 5193 1863 5242 in
1892 5192 2010 5245 loco
2037 5183 2082 5245 C
2115 5191 2321 5246 Caricis
2336 5195 2475 5260 apud
2495 5183 2903 5261 Stephanumab
2923 5192 3175 5247 anchoris
3196 5183 3388 5245 dictaui
3413 5203 3676 5259 autumat,

455 5260 551 5331 cbv
568 5259 704 5330 Θεῷ.
733 5259 962 5326 Interea,
983 5263 1242 5331 quidquid
1266 5263 1335 5315 sit
1359 5263 1423 5315 de
1444 5262 1653 5314 Eusebii
1677 5261 2005 5325 Arianismo,

455 5328 557 5383 hoc
600 5328 844 5396 constat,
904 5334 983 5385 vel
1001 5328 1299 5387 'Socratico
1348 5332 1654 5385 testimonio
1684 5370 1699 5395 ,
1735 5332 2005 5399 geminum

454 5398 611 5472 illius
637 5402 801 5472 l‘etum
839 5416 959 5456 esse
994 5404 1156 5457 libros
1189 5418 1323 5472 quos
1356 5402 1567 5464 damus,
1607 5416 1704 5455 nec
1730 5398 2008 5453 mentitum

453 5469 852 5541 inscriptionem
894 5469 1333 5527 Ε’ὺσεϐίου’τοῦ
1374 5474 1710 5541 Παμφίλου,
1740 5472 2013 5539 subrepti-

454 5539 587 5591 tiutn
620 5540 849 5608 aliquem
884 5547 1268 5599 tenebrionem.
1296 5543 1442 5612 Opus
1465 5539 1631 5611 porro
1662 5545 1830 5611 ipsum
1871 5542 2011 5594 inte-

449 5624 629 5683 grum,
655 5612 895 5683 quinque
925 5611 1074 5666 libris
1095 5628 1282 5667 anetor
1308 5611 1620 5683 coinplexus
1649 5623 1733 5666 est
1759 5626 1773 5663 :
1807 5612 2013 5680 priores

450 5682 586 5733 duos
644 5680 960 5749 simpliciter
1008 5686 1169 5738 Κατὰ
1223 5680 1619 5752 Μαρκέλλου,
1654 5694 1763 5737 tres
1832 5692 2011 5736 autem

447 5753 771 5821 posteriores
814 5752 954 5819 Περὶ
1006 5753 1516 5823 ἐκκλησωστικῆς
1574 5752 1881 5824 θεολογίας·
1929 5753 2011 5808 iti-

3584 5281 3677 5319 U35

2185 5329 2259 5401 ('5)
2318 5330 2641 5397 Ὑπόθεσις,
2686 5332 3075 5400 μισαδελφία.
3114 5331 3397 5396 Ὑπόθεσις
3449 5280 3672 5388 liocqu'ilt:

2114 5401 2235 5457 loco
2293 5418 2397 5475 non
2451 5414 2537 5475 est
2593 5401 2921 5475 substratqu
2957 5403 3181 5466 homini,
3204 5414 3259 5475 et
3295 5404 3355 5457 τὸ
3388 5404 3674 5475 ὑποκείμετ

2113 5488 2223 5535 νον,
2257 5473 2351 5529 sed
2376 5472 2539 5525 animi
2590 5474 2944 5541 propositum,
2984 5481 3033 5525 et
3073 5474 3359 5527 consilium
3408 5472 3672 5529 scribendi

2115 5553 2296 5610 utpote
2360 5542 2479 5596 ὅθεν
2546 5542 2863 5614 ὁρμώμενος
2904 5545 3145 5614 accessit
3192 5546 3258 5597 ad
3308 5546 3667 5599 scribendum.

2118 5613 2238 5667 Vult
2263 5614 2405 5668 enini
2436 5612 2697 5667 Eusebius
2722 5612 3055 5676 Marcellum,
3082 5616 3205 5670 odio
3232 5618 3509 5683 percitum,
3541 5629 3671 5667 con-

2117 5695 2197 5739 tra
2230 5687 2500 5740 Asterium
2531 5697 2582 5738 et
2614 5697 2838 5738 caeteros
2866 5684 3130 5738 calamum
3163 5686 3483 5752 strinxisse;
3526 5684 3669 5754 quod

2116 5757 2284 5824 gratis
2314 5758 2380 5813 ab
2413 5772 2477 5812 eo
2507 5755 2727 5822 dicitur,
2765 5769 2871 5811 non
2903 5755 3179 5821 probatur.
3218 5755 3286 5810 Μ.
