4084 6208
390 219 487 270 715

1509 209 1786 279 CONTRA
1820 207 2248 263 MARCELLIJM
2287 207 2414 265 LIB.
2455 207 2499 263 Ι.

3527 209 3632 269 715

384 333 570 403 μένοις
590 350 603 363 ο
634 331 953 387 καὶτούτων
983 331 1229 395 ἐκείνοις,
1276 322 1350 383 ὧν
1375 329 1607 401 μάλιστα⁸
1646 329 1711 381 δι’
1757 328 1952 401 ἀρετὴν

2061 330 2159 385 bus
2192 329 2353 384 fetam
2398 328 2700 391 venenatis,
2740 341 2941 396 susque
2976 328 3148 397 deque
3204 327 3416 395 habuit,
3461 346 3525 386 ac
3578 336 3629 387 in

383 423 724 487 θεοσεϐείας,
749 422 920 491 λόγων
952 439 1011 475 τε
1042 420 1201 475 θείων
1226 421 1534 491 ἀσκήσεως,
1565 421 1597 489 ἡ
1642 420 1796 490 φήμη
1836 418 1955 473 καθ’

379 514 534 585 ὅλης,
561 514 639 577 ὡς
671 516 862 576 εἰπεῖν,
890 513 1070 584 ᾄδεται
1119 512 1217 582 τῆς
1264 511 1601 583 οἰκουμένης.
1632 510 1848 563 Τούτων
1902 510 1958 563 δὲ

383 604 570 657 αὐτῶν
613 605 710 674 οὐχ
759 602 903 669 ἀπαξ
946 603 1187 674 ἐμνήσθη
1240 602 1441 667 κακῶς,
1480 600 1735 663 πολλάκις
1774 600 1830 653 δὲ
1864 600 1960 653 καὶ

385 694 679 766 διαφόρως,
708 695 803 757 τὰς
831 697 949 747 κατ’
991 694 1166 747 αὐτῶν
1194 693 1441 756 διαϐολάς
1478 710 1537 744 τε
1565 692 1657 745 καὶ
1692 709 1958 760 συκοφαν-

388 783 512 848 τίας
528 784 755 853 ἀφειδῶς
783 784 1166 854 πεποιημένος.
1200 785 1335 855 Ἤδη
1367 783 1423 836 δὲ
1453 783 1547 838 καὶ
1578 784 1735 855 ἀραῖς
1765 783 1961 854 κέχρη-

390 895 481 931 ται
521 879 636 930 κατ’
660 876 858 939 αὐτῶν,
889 871 975 933 οἷα
1000 877 1270 945 γυναικῶν
1288 878 1343 931 ὲν
1364 876 1531 947 μάχῃ,
1558 876 1960 948 λοιδορούμενος

393 970 487 1022 καὶ
542 966 892 1039 ἐπαρώμενος
935 968 1045 1040 (15)
1096 970 1209 1032 τοῖς
1255 967 1420 1039 μηδὲν
1458 969 1617 1022 αὐτὸν
1657 968 1957 1039 ἠδικηκόσι.

392 1059 499 1123 Διὸ,
520 1059 611 1112 καὶ
626 1058 765 1128 πέρα
781 1056 875 1111 τοῦ
890 1057 1117 1122 δέοντος,
1136 1059 1213 1120 εἰς
1232 1056 1440 1129 μακρὸν
1451 1057 1598 1128 αὐτῷ
1614 1058 1707 1110 καὶ
1728 1057 1960 1128 ἄμετρον

389 1151 561 1221 μῆκος
577 1148 829 1213 ἐξέπεσεν
844 1151 875 1220 ὴ
895 1149 1219 1221 γραφή.(16)
1238 1149 1321 1213 Ὠς
1341 1149 1501 1219 μόνον
1518 1149 1663 1203 ἐπῶν
1677 1147 1839 1217 ἐγγύς
1858 1166 1959 1200 που

390 1242 597 1313 μυρίων
619 1242 708 1293 τὸν
724 1242 982 1310 ἀνάλογον
997 1240 1411 1312 ἀπαρτισθῆναι.
1434 1240 1669 1302 Εἰκότως
1691 1235 1803 1303 οὖν,
1821 1238 1960 1292 κατά

386 1332 492 1386 τῶν
526 1333 697 1401 ἁγίων
733 1332 827 1385 τοῦ
854 1332 988 1387 Θεοῦ
1023 1332 1346 1404 λειτουργῶν
1383 1334 1688 1405 κακήγορον
1716 1333 1961 1401 γλῶτταν

386 1424 604 1490 ὀξύνας,
633 1425 729 1478 καὶ
760 1424 822 1480 τὸ
866 1424 1182 1490 ἀνευλαὸὲς,
1206 1426 1298 1480 καὶ
1337 1426 1536 1495 ἄφοδον
1571 1426 1961 1498 προγυμνάσας

386 1520 445 1572 ὲν
472 1517 706 1581 τούτοις,
746 1516 971 1588 προῶν,
1006 1517 1063 1587 ἐξ
1112 1512 1180 1589 ἦς
1237 1498 1564 1589 προύκοψεν,
1613 1518 1699 1569 ἐπ’
1739 1517 1868 1570 αὐτὸ
1902 1517 1962 1570 τὸ

387 1609 810 1679 κορυφαιότατον
840 1608 933 1661 τοῦ
964 1606 1182 1671 παντὸς,
1210 1606 1301 1660 τὸν
1327 1608 1585 1678 μονογενῆ
1618 1608 1712 1660 καὶ
1745 1607 1963 1679 ἀγαπη-

2062 422 2157 476 Dei
2192 420 2529 483 sacerdotes,
2574 420 2774 472 frustra
2818 419 3033 487 quidem
3078 430 3131 473 et
3161 420 3458 489 incassum,
3493 420 3628 476 iram

2059 521 2238 567 tamen
2282 510 2467 566 eli'udit
2511 508 2875 565 ebullicnlem.
2920 507 3102 578 Neque
3150 509 3308 570 illos,
3366 512 3431 565 de
3478 509 3634 579 plebe

2062 607 2245 661 nescio
2279 619 2434 672 quos,
2488 603 2581 658 sed
2636 604 2777 670 ipsos
2824 602 2945 655 illos
2976 601 3065 671 qui
3104 617 3198 671 per
3248 603 3339 655 Dei
3376 602 3627 677 gratiam,

2063 699 2239 751 divina
2281 698 2455 765 plane,
2490 697 2591 753 hoc
2638 704 2739 759 est,
2813 694 3024 747 vivendi
3086 694 3455 763 philosophica
3498 711 3633 763 qua-

2062 790 2185 843 dam
2227 789 2460 849 ratione,
2509 788 2741 841 nominis
2775 786 3147 840 celebritatem
3198 785 3300 839 sibi
3345 801 3631 855 compara-

2061 890 2271 933 verant.
2312 878 2423 932 Nec
2460 879 2614 932 vivos
2654 878 3028 931 tantunnnodo
3073 887 3128 931 et
3175 879 3418 932 videntes
3461 879 3631 947 impe-

2064 972 2200 1037 tivit,
2234 969 2329 1025 sed
2360 970 2469 1039 jam
2507 970 2702 1023 dudum
2751 980 2805 1022 et
2856 968 2906 1021 in
2948 968 3166 1023 Christo
3224 968 3631 1024 obdormiscen-

2063 1070 2141 1116 tes
2173 1076 2408 1129 :eosque
2437 1075 2543 1128 prm-
2579 1060 2810 1121 cmteris,
2853 1074 2989 1128 quos
3036 1061 3176 1113 inter
3208 1068 3432 1114 caeteras
3463 1062 3629 1115 virtu-

2063 1160 2141 1204 tes
2178 1152 2350 1219 pietas
2388 1150 2441 1204 in
2483 1151 2647 1203 Deum
2677 1148 3119 1212 commendabat,
3148 1159 3202 1202 et
3233 1164 3506 1203 sacrarum
3538 1151 3628 1203 lit-

2061 1250 2296 1297 terarum
2351 1242 2649 1296 exercitata
2703 1243 2955 1305 scientia,
2999 1258 3093 1311 per
3126 1253 3393 1296 terrarum
3439 1244 3627 1296 orbem

2060 1336 2395 1399 clarissimos
2440 1344 2761 1403 propagarat
2795 1335 2931 1388 :sed
2975 1350 3073 1388 nec
3114 1349 3217 1387 una
3274 1343 3478 1387 tantum
3509 1336 3628 1389 vice

2061 1427 2354 1479 conviciari
2389 1436 2697 1491 contentus,
2731 1440 2874 1494 sarpe
2898 1428 3185 1494 repositas,
3216 1425 3474 1494 varieque
3496 1439 3632 1480 con-

2062 1514 2240 1581 ﬁctas,
2273 1516 2547 1583 improbus
2579 1515 2911 1585 sycophanta
2934 1555 2949 1581 ,
2978 1514 3281 1568 calumnias
3326 1515 3443 1568 sine
3473 1517 3631 1570 modo

2063 1608 2355 1678 congessit,
2389 1618 2445 1661 et
2506 1622 2756 1661 mensura
2794 1622 2807 1657 :
2847 1608 2939 1661 sed
2970 1616 3025 1659 et
3062 1605 3525 1661 exsecrationibus
3550 1607 3631 1660 in-

385 1700 478 1753 τὸν
512 1700 638 1752 Υἱὸν
674 1699 767 1752 τοῦ
811 1698 965 1763 Θεοῦ,
999 1697 1273 1761 τοιαύταις
1315 1697 1492 1762 ἀθέοις
1542 1698 1650 1770 (17)
1676 1697 1952 1751 ὑποϐαλὼν

2062 1713 2224 1767 super
2261 1713 2375 1764 eos,
2405 1709 2464 1753 ut
2494 1698 2820 1752 mulierculae
2867 1699 2917 1751 in
2952 1697 3083 1752 rixis
3124 1707 3178 1752 et
3204 1695 3401 1764 jurgiis
3431 1696 3628 1764 solent,

390 1787 781 1859 βλασφημίαις,
816 1789 933 1851 οἵας
986 1788 1179 1859 μικρὸν
1208 1787 1453 1859 ὕστερον,
1482 1788 1645 1842 αὑτοῦ
1682 1789 1954 1857 λέγοντος,

386 1880 503 1932 ἀλλ’
527 1881 624 1932 οὐκ
654 1880 809 1950 ἐμοῦ,
841 1880 1047 1950 βέλτιον
1088 1878 1325 1933 ἀκούειν.
1358 1880 1435 1951 Τῇ
1462 1880 1519 1933 δέ
1555 1897 1619 1950 γε
1661 1881 1957 1953 παραθέσει

384 1973 496 2026 τῶν
529 1972 691 2027 αὑτοῦ
724 1973 982 2044 ῥημάτων
1008 1973 1368 2044 χρησάμενος,
1414 1972 1524 2043 (18)
1575 1974 1739 2044 μέχρι
1769 1973 1956 2027 τούτου

389 2064 655 2135 στήσομαι
689 2063 825 2127 τιως
857 2064 993 2135 πρὸς
1031 2064 1343 2119 ἐναντίωσιν
1382 2064 1475 2117 καὶ
1522 2064 1831 2137 ἀνατροπὴν
1858 2065 1956 2118 αὐ·-

387 2154 497 2208 τῶν
524 2172 537 2186 ·
574 2155 634 2207 οὐ
673 2157 917 2226 μακροὺς
943 2157 1161 2225 ἐπάγων
1190 2158 1397 2228 λόγους,
1429 2158 1507 2230 τῷ
1538 2160 1674 2231 μήτε
1715 2158 1840 2222 τοὺς
1866 2156 1959 2210 ἀν-

386 2246 519 2317 δρας
557 2248 681 2310 τοὺς
707 2247 797 2300 ὑπ’
824 2246 985 2300 αὐτοῦ
1032 2247 1523 2321 βλασφημηθέντας
1557 2248 1667 2322 (19)
1710 2248 1959 2319 ἀγνῶτάς

386 2353 536 2399 τινας
566 2333 706 2392 εἶναι
738 2339 831 2392 καὶ
854 2339 1097 2407 ἀφανεῖς,
1133 2341 1491 2413 γνωρίζεσθαι
1534 2342 1591 2396 δὲ
1622 2342 1772 2413 παρά
1800 2342 1954 2404 πᾶσι,

388 2428 482 2479 καὶ
514 2428 849 2491 σιωπῶντας,
871 2430 1006 2500 μήτε
1032 2430 1129 2501 τὴν
1156 2431 1235 2493 είς
1264 2430 1353 2484 τὸν
1391 2432 1624 2503 Χριστὸν
1674 2430 1767 2485 τοῦ
1822 2431 1957 2485 Θεοῦ

387 2518 736 2589 βλασφημίαν
789 2518 897 2589 (20)
937 2520 1279 2591 ἀμφήριστον
1327 2539 1447 2575 τινα
1472 2524 1567 2575 καὶ
1592 2522 1959 2595 ἀγνοουμένην

390 2611 676 2682 ὑπάρχειν,
713 2609 788 2673 ὡς
831 2610 1030 2681 πολλῆς
1069 2630 1214 2677 τινος
1263 2614 1357 2667 καὶ
1409 2613 1775 2685 λογικωτέρας
1821 2615 1958 2686 πρὸς

382 2704 604 2775 ἔλεγχον
633 2703 887 2776 δεηθῆναι
905 2706 1161 2776 σπουδῆς·
1195 2706 1334 2759 οὓτω
1356 2706 1464 2777 (21)
1487 2706 1544 2759 δὲ
1570 2708 1701 2760 πᾶσι
1721 2707 1831 2771 τοῖς
1860 2708 1960 2779 τῆς

392 2795 848 2865 ὲκκλησιαστικῆς
893 2796 1113 2869 χάριτος
1161 2797 1522 2870 μετειληχόσι,
1561 2802 1774 2872 μικροῖς
1822 2799 1955 2869 ὁμοῦ

392 2889 487 2941 καὶ
514 2888 786 2957 μεγάλοις,
823 2890 936 2951 καὶ,
984 2889 1114 2942 αὐτὸ
1160 2890 1338 2961 μόνον,
1394 2890 1663 2962 λεχθεῖσα,
1693 2891 1958 2963 πρόδηλος

390 2979 728 3050 καθέστηκεν
750 2983 781 3051 ἡ
806 2980 899 3034 τοῦ
934 2981 1084 3047 ξένου
1110 2982 1298 3035 τούτου
1332 2982 1577 3052 θεολόγοι)
1606 2983 1951 3052 καινοιρωνία.
1983 3023 2024 3081 C

391 3071 485 3123 Διὸ
516 3070 767 3142 βραχέσιν
789 3072 898 3143 (22)
926 3073 1090 3137 αὐτὸς
1116 3073 1273 3144 μόνον
1307 3073 1789 3147 παρασημειώσεσι
1823 3076 1956 3147 χρή-

390 3178 573 3230 σομαι,
602 3161 772 3235 εἱρμῷ
796 3163 887 3215 καὶ
912 3163 1061 3229 τάξει
1091 3165 1477 3235 σωματοποιῶν
1505 3165 1593 3220 τὸν
1618 3165 1795 3233 λόγον,
1822 3165 1955 3219 ὐπο-

390 3252 789 3324 σημαινὸμενός
816 3270 875 3306 τε
900 3253 1031 3306 αὐτὸ
1062 3254 1217 3325 μόνον
1242 3255 1304 3309 τὸ
1330 3255 1635 3327 παράλογον
1663 3255 1770 3309 τῶν
1787 3258 1957 3327 ὲμιρε-

390 3343 651 3415 ρομένων.
682 3346 817 3414 Πρὶν
857 3346 901 3399 δ’
951 3346 1041 3398 ἐπὶ
1089 3345 1188 3410 τὰς
1238 3346 1402 3401 αὑτοῦ
1454 3348 1699 3419 χωρῆσαι
1746 3349 1949 3418 φωνὰς,

384 3435 696 3503 ἀναγκαίως
714 3440 824 3500 τοῖς
846 3438 1231 3507 ἐντυγχάνουσι
1249 3438 1327 3509 τῷ
1351 3439 1443 3493 τοῦ
1465 3439 1652 3509 ἀνδρὸς
1673 3442 1952 3512 συγγράμ-

388 3543 517 3597 ματι
547 3528 1002 3601 συμϐουλεύσαιμ’
1027 3530 1113 3595 ἂν,
1152 3530 1218 3602 (εί
1253 3530 1309 3583 δὲ
1337 3530 1448 3602 (25)
1508 3531 1740 3600 μάλιστα
1779 3532 1951 3585 Γαλα-

385 3618 494 3670 τῶν
516 3612 625 3670 εἶέν
653 3622 837 3683 τινες,)
863 3620 936 3691 μὴ
953 3622 1284 3693 ἀμνημονεῖν
1306 3622 1403 3692 τῆς
1430 3621 1578 3686 θείας
1604 3623 1785 3693 φωνῆς
1812 3620 1958 3677 Παύ-

386 3706 479 3760 λου
514 3724 605 3772 τος
643 3710 963 3773 ἀποστόλου,
996 3713 1054 3775 ὃς
1091 3713 1273 3777 αὐτοῖς
1303 3712 1568 3776 Γαλάταις
1596 3714 1820 3784 γράφων
1854 3730 1958 3768 πα-

387 3791 537 3865 ρῄνει
599 3794 686 3865 μὴ
752 3799 1166 3866 μετατίθεσθαι
1236 3800 1354 3855 ἀπὸ
1416 3800 1523 3855 τοῦ
1586 3800 1958 3869 καλέσαντος

382 3886 607 3953 αὐτοὺς
635 3888 705 3942 ἐν
732 3888 924 3960 χάριτι
953 3890 1207 3959 Χριστοῦ
1235 3895 1321 3957 εὶς
1340 3892 1544 3961 ἕτερον
1566 3894 1954 3963 Εὐαγγέλιον,

382 4184 481 4256 φια
506 4183 937 4256 Christianorum
968 4204 981 4241 :
1012 4195 1066 4241 et
1096 4186 1238 4256 inter
1270 4202 1384 4252 eos,
1418 4186 1735 4242 utlsidorus
1781 4186 1935 4241 Pelu-

380 4254 523 4327 siota
560 4255 818 4327 loquitur,
850 4257 899 4307 οἱ
950 4254 1266 4327 μονάζοντες
1319 4260 1635 4327 κορυφαῖοι.)
1674 4257 1937 4327 Deiteribit

382 4274 521 4311 smta
560 4274 818 4322 loquitur,
850 4274 899 4307 οι
932 4274 1266 4379 (ροναςοντες
1319 4274 1619 4327 κορυφαιοι.
1674 4274 1937 4311 uescriutt

382 4326 654 4379 hominem
686 4325 929 4378 istiusmo
971 4327 985 4379 i
1033 4326 1293 4380 Nazianz.
1345 4338 1479 4381 orat.
1513 4343 1569 4379 Ill
1599 4326 1793 4379 Contra
1842 4326 1937 4380 Ju-

381 4393 606 4466 liammt,
643 4408 764 4464 pag.
790 4394 884 4466 77,
930 4404 984 4466 et
1035 4404 1177 4466 orat.
1229 4396 1322 4461 28,
1353 4412 1475 4466 pag.
1504 4397 1632 4457 479,
1683 4397 1748 4448 ad
1788 4395 1941 4464 cujus

380 4464 645 4519 amussim
692 4465 988 4534 examinati
1043 4464 1201 4532 hujus
1256 4464 1478 4520 Eusebii
1528 4465 1937 4534 Pancratiasue,

380 4548 532 4588 mera
551 4531 919 4588 mendicabula
950 4531 1310 4591 invenientur.
1340 4535 1411 4590 M.

454 4602 567 4677 (
598 4601 805 4677 Scripsi
829 4605 986 4674 ὲπαρ.
1021 4607 1302 4677 locovulg.
1326 4605 1706 4677 (ἐπαιρόμενος.

450 4672 564 4747 (16)
592 4673 699 4747 ΑὨς
724 4673 915 4741 μόνον
934 4672 1278 4747 ἐπῶν.Ει’³ἰ
1319 4676 1373 4747 in
1415 4672 1653 4747 margine
1690 4675 1827 4730 ὅλον.
1876 4676 1940 4730 Ει

381 4743 603 4797 tolerari
650 4755 848 4817 potest,
879 4748 981 4817 sed
1026 4746 1199 4812 potior
1228 4746 1516 4814 scriptura,
1536 4743 1746 4817 ’μόνον,
1786 4758 1838 4799 ιιι
1868 4749 1939 4799 sit

377 4826 571 4867 sensus
603 4831 617 4868 :
654 4824 711 4878 ut
733 4815 946 4868 unicum
974 4816 1113 4869 istud
1146 4831 1306 4883 opus,
1338 4816 1477 4884 quod
1507 4815 1675 4869 solum
1700 4818 1936 4884 scripsit,

378 4892 460 4954 tot
482 4884 727 4954 versibus
756 4886 1087 4949 constiterit;
1126 4902 1249 4938 natu
1277 4901 1371 4953 pro
1398 4886 1682 4954 ἀνάλογον,
1717 4889 1937 4940 omnino

373 4952 684 5034 legendum,
718 4952 820 5008 loci
854 4956 1167 5020 mutatione,
1193 4952 1473 5024 Zvaléyov.
1504 4952 1648 5010 Μζ-
1674 4957 1787 5011 Duo
1812 4957 1935 5009 vitia

375 5037 611 5077 COI‘I‘CXI.

448 5092 567 5166 (1‘7)~
589 5091 952 5166 _Txo§a.1dw.
976 5092 1129 5166 Lego
1148 5094 1457 5149 ὑποϐάλλει.
1487 5094 1595 5166 Hoc
1625 5106 1705 5166 est
1735 5096 1934 5166 προῖὼν

375 5161 895 5236 ὑποϐάλλεικίθοιιιξ
920 5165 1082 5217 etiam
1118 5164 1215 5233 legi
1240 5167 1435 5232 poterit
1460 5161 1789 5236 προῦκυψενξ
1832 5166 1935 5220 Le-

374 5234 606 5305 gendum
649 5234 798 5303 ἑξῆς,
822 5248 939 5305 una
979 5247 1137 5305 voce,
1164 5245 1217 5287 et
1250 5250 1353 5289 una
1403 5234 1619 5305 partic.,
1653 5236 1934 5290 ὑποϐαλών

374 5301 637 5376 dependet
657 5320 693 5376 _a
726 5301 1230 5376 verb._1rpo‘5xo_t,'asv.

445 5372 558 5442 (18)
580 5374 767 5443 Μέχρι
799 5372 971 5427 τούτο
1008 5372 1328 5443 στήσομαι.
1360 5373 1606 5443 Quinque
1658 5375 1809 5431 libris
1853 5378 1935 5430 in-

373 5444 622 5497 stitutum
654 5460 807 5497 suum
838 5455 1018 5497 contra
1049 5443 1358 5496 Marcellum
1386 5445 1647 5499 Eusebius
1677 5447 1929 5501 absolvit.

374 5516 425 5584 lin
456 5512 666 5584 duobus
707 5514 853 5584 hisce
879 5515 1167 5584 prioribus.
1190 5516 1255 5584 τῇ
1290 5514 1586 5584 παραθέσει
1611 5514 1718 5568 τῶν
1764 5516 1929 5569 αὐτοῦ

374 5583 635 5654 ῥημάτων
660 5583 940 5655 κέχρηται,
977 5583 1079 5638 hoc
1107 5594 1189 5640 est
1218 5583 1516 5655 quodjvult.
1550 5583 1603 5637 In
1634 5588 1803 5641 tribus
1847 5602 1933 5639 se-

374 5654 659 5721 quentibus
693 5693 709 5717 ,
756 5654 847 5723 qui
928 5654 1296 5708 inscribuntur
1355 5654 1428 5709 De
1468 5656 1726 5725 theologia
1771 5657 1931 5710 eccle-

688 5746 958 5809 ΡΑτιιοι..
1006 5745 1120 5809 Gn.
1168 5744 1401 5810 XXIV.

2060 1791 2381 1853 insectatur,
2418 1790 2663 1844 homines
2689 1790 2833 1843 nulla
2879 1805 3116 1859 unquam
3158 1788 3350 1871 injuria
3400 1788 3501 1857 ipsi
3532 1803 3627 1844 co-

2060 1882 2262 1952 gnitos.
2295 1882 2471 1951 Atque
2514 1880 2639 1934 hinc
2677 1880 2920 1949 profeCto
2960 1886 3161 1934 tactum
3195 1889 3298 1947 est,
3330 1890 3389 1934 ut
3428 1880 3480 1933 in
3525 1880 3630 1934 im-

2059 1987 2301 2027 mensum
2345 1972 2478 2029 adeo
2513 1971 2655 2026 illius
2680 1974 2982 2028 exereverit
3023 1974 3221 2038 oratio,
3273 1989 3393 2027 cum
3422 1973 3487 2027 ad
3533 1974 3629 2027 de-

2061 2063 2172 2117 cies
2214 2061 2359 2117 mille
2406 2076 2599 2116 versus
2643 2077 2777 2131 Opus
2835 2061 2960 2115 illud
3013 2063 3232 2118 unicum
3287 2064 3625 2118 intumuerit.

2060 2151 2199 2217 Quid
2237 2151 2501 2204 miramur
2545 2161 2747 2217 autem,
2778 2153 2821 2205 si
2857 2167 2978 2206 cum
3031 2152 3269 2222 linguam
3307 2152 3442 2205 adeo
3475 2167 3627 2205 suam

2061 2242 2114 2297 in
2162 2252 2381 2297 sanctos
2434 2243 2523 2296 Dei
2578 2244 2887 2298 sacerdotes
2939 2241 3238 2307 exacuerit,
3295 2241 3629 2310 impiumque

2060 2333 2342 2388 audaciam
2381 2349 2557 2398 suam,
2600 2334 2665 2387 ad
2700 2334 2843 2388 hunc
2889 2334 3127 2398 modum,
3186 2332 3339 2402 quasi
3379 2347 3631 2404 progytn-

2060 2433 2331 2488 nasmate,
2360 2424 2689 2490 exercuerit,
2737 2426 2872 2477 adeo
2906 2438 3126 2493 gressus
3157 2423 3488 2492 promoverit
3525 2422 3631 2476 im-

2059 2514 2299 2584 pietatis,
2333 2524 2390 2569 ut
2443 2516 2660 2568 tandem
2721 2514 2864 2583 quod
2910 2525 3071 2582 caput
3126 2522 3209 2568 est
3256 2524 3421 2581 atque
3470 2528 3629 2582 apex,

2059 2606 2394 2674 unigenitum
2452 2615 2505 2660 et
2565 2606 2817 2660 dilectum
2877 2607 2969 2660 Dei
3029 2606 3265 2670 Filium,
3339 2605 3629 2660 illiusmodi

2059 2696 2418 2767 blasphemiis
2461 2696 2573 2752 suis
2624 2696 2939 2764 subiecerit,
2971 2712 3106 2766 quas
3135 2711 3257 2750 mox
3302 2696 3473 2765 ipsius
3500 2711 3627 2750 ver-

2060 2789 2166 2855 bis,
2223 2804 2326 2842 non
2379 2798 2557 2842 autem
2605 2788 2739 2841 meis
2768 2828 2782 2851 ,
2829 2786 3027 2841 relatas
3083 2787 3310 2841 audietis
3342 2803 3355 2837 :
3384 2788 3434 2839 id
3483 2786 3626 2840 enim

2063 2882 2233 2936 satius
2270 2895 2392 2935 esse
2419 2880 2621 2950 judico.
2651 2879 2779 2945 Qua:
2809 2889 3096 2947 postquam
3128 2878 3245 2947 ipsa
3294 2878 3372 2932 sic
3419 2878 3486 2932 ab
3539 2876 3629 2932 illo

2061 2974 2273 3041 prolata
2324 2973 2411 3026 ubi
2450 2976 2654 3043 scripto
2701 2973 3115 3041 consignavero,
3150 2971 3380 3026 ulterius
3428 2970 3480 3023 in
3528 2970 3628 3025 hoc

2060 3064 2198 3119 libro
2250 3079 2354 3118 non
2413 3064 2748 3133 progrediar,
2795 3063 2860 3116 ad
2910 3063 2996 3116 illa
3043 3062 3332 3117 refellenda
3389 3062 3627 3116 refutan-

2060 3156 2195 3209 dave
2224 3173 2237 3208 :
2274 3156 2365 3210 sed
2397 3169 2498 3209 nec
2524 3170 2657 3224 opus
2680 3166 2762 3208 est
2789 3156 3088 3209 orationem
3133 3155 3467 3209 contexendo
3499 3167 3627 3222 proe

2059 3248 2276 3315 ducere,
2335 3263 2456 3302 cum
2515 3247 2623 3301 sint
2677 3247 2777 3309 illi,
2831 3262 2966 3315 quos
3010 3245 3269 3301 conviciis
3332 3244 3624 3306 laceravit,

2065 3340 2372 3406 neutiquam
2422 3337 2587 3406 ignoti
2630 3337 2715 3390 vel
2752 3336 3039 3405 ignobiles,
3100 3336 3189 3389 sed
3240 3344 3512 3403 utcunque
3547 3332 3626 3387 si-

2061 3428 2228 3482 lentio
2256 3441 2314 3481 se
2348 3426 2687 3489 contineant,
2725 3427 2965 3478 omnium
2994 3418 3088 3479 ore
3120 3435 3173 3478 et
3208 3437 3457 3478 sermone
3480 3423 3625 3479 cele-

2059 3521 2197 3574 brati
2235 3536 2248 3571 :
2282 3534 2513 3588 eumque
2542 3518 2655 3582 illa,
2687 3531 2849 3586 quam
2892 3518 2942 3569 in
2977 3516 3251 3571 Christum
3289 3515 3379 3569 Dei
3409 3524 3624 3570 eructa-

2054 3613 2151 3677 vit,
2188 3610 2521 3680 blasphemia
2563 3611 2695 3663 adeo
2740 3611 2809 3662 sit
2848 3608 3128 3661 manifesta
3182 3615 3236 3661 et
3270 3607 3322 3659 in
3374 3605 3623 3663 confesso

2054 3711 2254 3778 posita,
2290 3716 2353 3761 ut
2401 3709 2465 3759 ad
2521 3706 2668 3760 illam
2726 3705 3105 3761 revincendam
3147 3702 3419 3757 cxactiore
3445 3703 3623 3771 aliqua

2056 3798 2337 3869 diligentia
2389 3814 2494 3853 non
2540 3799 2613 3853 sit
2655 3813 2810 3869 opus.
2851 3798 3058 3867 Quippe
3099 3795 3191 3864 qui
3229 3793 3462 3847 divinam
3499 3805 3623 3860 gra-

2059 3892 2183 3946 tiam
2225 3894 2277 3946 iu
2326 3892 2563 3949 Ecclesia
2606 3892 2943 3955 delibarunt,
2975 3888 3149 3958 parvi,
3195 3885 3425 3950 minimi,
3463 3897 3620 3952 imag-

2046 4186 2279 4308 ῧξασῑὶιία,
2315 4185 2379 4239 ad
2416 4185 2727 4239 ἐναντίωσιν
2766 4185 2941 4237 αυτῶν
2970 4192 3023 4238 et
3056 4180 3366 4252 ἀνατροπὴν
3393 4180 3616 4241 descen-

2082 4267 2140 4308 ιι.

2042 4258 2140 4310 dit.

2115 4324 2226 4395 (i9)
2258 4324 2429 4395 Vulgo
2454 4323 2729 4393 ἀγνώτους
2762 4325 2927 4387 τινός.
2960 4322 3100 4395 Dein
3145 4322 3196 4375 in
3244 4334 3386 4374 corr.
3422 4335 3437 4373 :
3472 4318 3615 4389 Lege

2043 4393 2453 4486 παγῶηγυρίζειν.
2488 4396 2648 4449 Forte
2674 4396 2789 4486 lo'co
2810 4393 3193 4486 γνωρίζεσθαι.

2115 4460 2226 4539 (Ξῡ)
2251 4460 2675 4539 ᾈἎμφήριοντον.
2710 4460 2832 4519 Hoc
2851 4460 3095 4528 est—quod
3122 4462 3255 4515 vult.
3304 4460 3435 4538 Cum
3469 4474 3609 4539 non:

2044 4528 2217 4589 nuilaa'
2250 4528 2482 4590 haereses
2513 4536 2584 4589 ita
2629 4537 2738 4590 sint
2774 4543 3115 4601 comparatae,
3153 4542 3340 4585 utnon
3380 4529 3478 4580 nisi
3506 4528 3611 4581 dif-

2042 4606 2253 4660 ﬁculter
2292 4606 2506 4674 agnosci
2539 4616 2592 4659 et
2638 4606 2964 4671 deprehendi
3000 4603 3229 4674 possint,
3263 4610 3319 4653 et
3355 4604 3449 4674 δ’ἐκ
3491 4607 3609 4674 tan—

2042 4680 2162 4730 dem
2196 4692 2292 4745 pro
2324 4666 2616 4729 hmresibus
2646 4666 2943 4729 habeantur
2972 4666 3090 4725 {ait
3117 4671 3260 4745 illam
3290 4685 3319 4721 a
3355 4666 3607 4745 Marcello

2040 4737 2312 4799 excultum
2339 4755 2391 4799 et
2416 4756 2762 4814 propagatam
2786 4745 2904 4811 ejus
2928 4757 3046 4798 esse
3073 4742 3305 4814 generis,
3333 4749 3388 4790 ut
3422 4737 3501 4792 vel
3538 4737 3605 4789 de

2041 4815 2210 4883 prima
2241 4814 2394 4874 facie,
2423 4813 2646 4870 auribtis
2672 4813 3289 4883 audita,ocnlisscripto
3326 4817 3604 4875 usurpata,

2039 4881 2138 4952 pro
2158 4886 2369 4947 hmresi,
2395 4886 2663 4939 communi
2691 4885 2966 4939 hominum
2993 4884 3043 4935 in
3071 4881 3309 4935 Ecclesia
3341 4893 3602 4952 consensu

2041 4951 2324 5008 habeatur.
2381 4953 2541 5010 Certe
2596 4955 2683 5008 illa
2736 4970 2894 5023 quam
2947 4952 3198 5005 Marcello
3239 4951 3605 5023 ascripserant

2038 5025 2245 5089 Ariani,
2276 5036 2391 5078 erat
2437 5025 2554 5092 ejus
2596 5018 2846 5094 generis;
2910 5034 2964 5077 at
2996 5034 3202 5094 utrum
3238 5018 3381 5071 illam
3444 5028 3601 5094 prout

2039 5094 2211 5166 cidem
2245 5088 2712 5164 illi‘objeetabant,
2741 5096 2941 5149 foveret
2973 5088 3293 5166 Marcellus,
3320 5089 3605 5166 quamplu-

2038 5164 2193 5217 rimis
2230 5180 2333 5218 non
2369 5154 2546 5220 ni'iuus
2592 5167 2643 5219 in
2680 5154 2940 5230 religione
2973 5163 3197 5232 lynceisﬁ,
3242 5154 3401 5232 quam
3433 5154 3602 5209 Euse-

2037 5232 2159 5288 bius
2215 5245 2328 5289 erat
2362 5276 2378 5301 ,
2431 5252 2533 5289 non
2568 5228 2948 5304 patuit,v.lulio
2992 5228 3247 5299 'pontilici
3308 5228 3557 5304 Romano
3586 5265 3601 5285 ,

2034 5304 2337 5358 Athanasio
2402 5301 2793 5370 Alexandrino,
2876 5304 3266 5374 illi_ha:resun_i
3322 5301 3600 5374 ῥαιστῆρι,

2036 5375 2446 5442 quamplurimis
2476 5376 2595 5428 aliis
2631 5391 2643 5426 :
2682 5367 2907 5430 concilio
2945 5372 3256 5442 Sardiceusi
3292 5367 3399 5423 non
3427 5367 3601 5436 lique-

2041 5444 2134 5499 bat
2161 5459 2175 5495 :
2205 5441 2262 5499 ni
2295 5444 2579 5499 Marcellus
2605 5445 3002 5501 absolvebatur.
3040 5441 3089 5497 Μ

2106 5513 2217 5584 (si)
2251 5514 2375 5568 Dele
2404 5514 2482 5570 δέ.

2105 5584 2217 5654 (22)
2246 5584 2439 5654 §cribe
2461 5584 2611 5638 αὑτό.

2105 5592 2195 5654 (22
2250 5592 2439 5638 Scribe
2461 5602 2487 5636 a

2102 5592 2217 5724 (25)
2243 5651 2381 5721 Lege
2402 5654 2487 5727 δή.

3209 5748 3289 5807 23
