4098 6200
465 268 587 328 ’113

1164 269 1427 326 EUSEllli
1466 265 1928 324 CAESARIENSIS
1971 264 2119 321 OPP.
2160 261 2339 318 PARS
2374 260 2465 319 IV.
2502 295 2571 305 —-
2609 263 3027 321 DOGMATICA.

3621 262 3723 317 710

478 392 558 456 ni,
602 391 895 445 novitatem
952 389 1297 454 insolentem,
1345 390 1504 459 hujus
1550 387 1736 456 nuperi
1794 385 2049 456 theologi,

2155 385 2265 437 οὐκ
2292 381 2424 437 ἔστι
2464 383 2574 453 γὰρ
2603 385 2777 448 ἄλλο,
2819 383 2894 447 ὡς
2925 380 3086 445 αὐτός
3121 396 3285 453 φησιν
3306 397 3318 410 ο
3355 382 3408 434 et
3443 379 3529 450 μή
3569 380 3725 447 τινές

478 478 564 534 vel
580 490 854 550 acceptam
883 479 1067 547 primis
1094 479 1332 544 auribus,
1352 490 1632 547 agnovere.
1664 475 1814 530 Hanc
1834 476 1902 529 ob
1924 490 2053 530 cau-

480 588 596 627 sam
615 570 952 625 adhibiturus
979 584 1099 624 sum
1130 569 1484 623 brevissimas
1515 558 1772 637 quasdam
1802 567 2053 636 designa-

484 664 655 719 tiones
684 677 853 726 meas,
889 660 1154 715 orationis
1194 660 1465 730 quoddam
1502 674 1722 728 corpus,
1772 658 1962 714 ordine
2001 664 2056 711 et

482 754 787 809 methodico
860 767 1146 823 progressu
1222 762 1637 808 concatenatnm
1695 751 2053 813 constituens,

481 860 588 915 quo
620 857 739 911 qua:
784 846 850 896 ab
885 842 975 897 illo
1017 840 1386 911 proferuntur,
1421 856 1578 910 quam
1620 841 1739 894 sint
1791 838 1859 893 ab
1907 839 2052 894 omni

479 937 688 990 ratione
724 936 916 1000 aliena,
962 935 1200 1006 patefiat.
1255 933 1454 990 Verum
1491 943 1777 1003 antequam
1833 934 1897 987 in“
1942 950 2054 988 me-

2158 476 2314 528 εὶσιν
2342 478 2395 528 οἱ
2434 474 2846 543 ταράσσοντες
2874 472 3115 537 αὐτοὺς,
3158 471 3259 525 καί
3308 470 3589 537 θέλοντες
3630 488 3721 540 με·

2155 564 2483 635 ταστρέψαι
2517 566 2583 620 τὸ
2616 565 2985 637 Εὐαγγέλιον
3011 563 3119 619 τοῦ
3158 563 3436 633 Χριστοῦ.
3477 562 3733 634 Κάκείνῳ

2155 656 2211 710 δὲ
2250 655 2564 725 ἀναγκαίως
2600 656 2887 726 προσέχειν
2912 656 3005 707 τὸν
3033 654 3176 720 νοῦν,
3206 654 3274 707 δι’
3296 648 3358 708 οὗ
3388 653 3484 708 καὶ
3537 654 3732 708 ἑαυτοῦ

2157 748 2565 817 καθαπτόμενος
2598 748 2626 799 ὁ
2656 746 2908 809 τοσοῦτος
2943 746 3281 809 Ἀπόστολος,
3315 748 3394 809 εἰς
3419 744 3733 816 δυσώπησιν

2154 839 2263 892 τῶν
2297 837 2640 909 διαστρέφειν
2670 838 2795 900 τοὺς
2840 836 3040 909 ἄνδρας
3075 836 3452 908 πειρωμένων,
3483 836 3732 908 προσετί-

2156 931 2236 984 θει
2277 930 2481 999 λέγων·
2531 928 2714 983 Ἀλλὰ
2748 927 2863 982 κᾶν
2918 928 3109 997 ἡμεῖς,
3138 928 3192 999 ἧς
3218 928 3472 998 ἅγγελος
3511 927 3582 992 ἐξ
3630 930 3731 982 οὐ-

480 1028 625 1081 dium
676 1026 791 1095 ejus
826 1030 988 1083 verba
1035 1028 1333 1099 protulero,
1370 1026 1739 1081 admonendos
1781 1026 1903 1080 illos
1932 1040 2051 1081 esse

2155 1022 2341 1090 ρανοῦ
2384 1020 2527 1089 ὑμῖν
2576 1021 3062 1091 εὐαγγελίσηται,
3094 1022 3230 1088 παρ’
3273 1020 3304 1073 ὃ
3341 1020 3731 1089 εὐηγγελισά-

478 1135 666 1174 omues
709 1120 982 1186 existimo,
1038 1120 1103 1172 ad
1161 1135 1387 1188 quorum
1438 1134 1632 1172 manus
1662 1117 1764 1172 hoc
1814 1132 2055 1187 praesens

479 1209 652 1277 ipsius
684 1211 945 1279 scriptum
994 1210 1321 1277 pervenerit,
1345 1224 1409 1263 eo
1440 1209 1611 1278 magis
1657 1208 1700 1262 si
1727 1206 1834 1262 sint
1862 1209 1928 1260 de
1953 1206 2056 1262 Ga-

478 1303 605 1356 latia
637 1302 876 1367 oriundi,
915 1307 972 1365 >14
1010 1316 1075 1355 ne
1107 1301 1273 1355 velint
1305 1301 1497 1354 divime
1525 1300 1669 1354 beati
1708 1296 1859 1353 Pauli
1900 1300 2055 1355 vocis

479 1410 718 1463 unquam
761 1392 1029 1457 oblivisci,
1067 1407 1173 1463 qua
1221 1392 1439 1447 Galatas
1468 1392 1612 1456 ipsos
1637 1392 2051 1459 adhortabatur,

478 1501 549 1540 ne
579 1487 645 1538 ab
687 1499 752 1538 eo
788 1484 878 1554 qui
913 1484 965 1538 in
997 1481 1197 1537 Christi
1247 1483 1474 1553 gratiam
1525 1484 1738 1537 vocavit
1794 1483 1953 1553 ipsos,
1984 1483 2054 1536 ad

479 1576 629 1629 aliud
662 1574 1007 1644 Evangelium
1049 1573 1468 1641 transferantur,
1518 1592 1636 1629 cum
1680 1591 1877 1641 revera,
1913 1576 2053 1644 quod

478 1667 635 1720 docet
662 1666 755 1730 ibi,
790 1682 893 1719 non
938 1653 1010 1718 sit.
1054 1666 1200 1719 aliud
1246 1665 1412 1718 ullum
1440 1664 1786 1735 evangelium,
1819 1665 1933 1727 sed,
1962 1664 2052 1734 qui

2152 1118 2301 1184 μεθα
2322 1113 2484 1183 ὑμῖν,
2510 1113 2775 1183 ἀνάθεμα
2807 1112 2944 1183 (25‘)
2968 1114 3141 1167 ἔστω.
3174 1114 3239 1164 Ὃ
3271 1111 3335 1183 δὴ
3375 1112 3732 1167 ὲπαναλαϐὼν

2154 1206 2396 1276 δευτεροῖ
2418 1204 2642 1273 φάσκων
2661 1221 2674 1234 ο
2723 1204 2816 1269 Ὠς
2862 1203 3319 1272 προειρήκαμεν,
3352 1203 3452 1256 καὶ
3472 1204 3599 1272 ἄρτι
3623 1204 3730 1258 πά-

2152 1301 2252 1351 λιν
2281 1296 2456 1366 λέγω,
2478 1297 2533 1349 εἷ
2555 1314 2643 1363 τις
2669 1295 2823 1365 ὑμᾶς
2842 1297 3322 1365 εὐαγγελίσηται,
3352 1297 3487 1365 παρ’
3518 1296 3549 1350 ὃ
3587 1313 3730 1366 παρ-

2153 1388 2411 1453 ελάϐετε,
2440 1386 2707 1457 ἀνάθεμα
2731 1387 2977 1442 ἕστω.Τί
3004 1388 3061 1441 δὲ
3097 1383 3164 1458 ἦν
3187 1387 3361 1451 τοῦτο,
3405 1388 3534 1459 παρ’
3564 1389 3593 1441 ὃ
3619 1389 3728 1458 (24)

2154 1482 2251 1534 οὐκ
2302 1476 2370 1554 ἦν
2417 1480 2730 1550 εὐαγγέλιον
2792 1479 2941 1551 [ἄλλο
2970 1479 3491 1552 εὐαγγελίσασθαι];
3535 1479 3605 1534 Ἥ
3628 1498 3729 1537 που

2155 1575 2373 1637 πάντως
2424 1573 2556 1626 αὐτὸ
2602 1575 2793 1637 ἐκεῖνο,
2825 1573 2853 1625 ὃ
2880 1572 2993 1642 (25)
3027 1572 3091 1644 δὴ
3134 1574 3247 1635 τοῖς
3295 1572 3463 1627 αὑτοῦ
3508 1574 3729 1645 παραδι-

2154 1665 2276 1729 δοὺς
2344 1665 2613 1736 μαθηταῖς
2666 1667 2694 1719 ὁ
2757 1664 2948 1735 Σωτὴρ
2993 1663 3409 1736 ἀναγέγραπται
3464 1658 3729 1738 εἰρηκῗῦςο

480 1758 786 1812 conturbent
818 1756 958 1821 illos,
989 1759 1260 1821 exsistant,
1288 1767 1334 1810 et
1369 1758 1461 1826 qui
1513 1755 1797 1825 transferre
1836 1756 2047 1825 cupiant

2155 1758 2547 1826 Πορευθέντες
2579 1758 2991 1827 μαθητεύσατε
3049 1755 3245 1811 πάντα
3287 1758 3360 1812 τὰ
3405 1757 3571 1827 ἔθνη,
3613 1760 3729 1823 ,ϐα-

480 1849 677 1901 Christi
716 1847 1058 1918 Evangelium
1087 1848 1126 1901 ί.
1155 1846 1285 1900 Illud
1314 1854 1491 1900 autem
1520 1846 1575 1900 in
1607 1845 1796 1916 primis
1826 1856 1883 1901 et
1916 1856 2044 1900 ante

477 1941 659 1994 omnia
708 1942 1092 1995 attendendum
1131 1940 1327 2003 fuerat,
1359 1940 1503 2008 quod
1549 1954 1650 1994 nec
1682 1939 1783 1995 sibi
1834 1941 2052 2010 quidem

478 2035 783 2104 pepercerit
844 2034 931 2089 ille
972 2044 1155 2087 tantus
1196 2032 1507 2102 Apostolus,
1540 2033 1633 2088 sed
1678 2033 1746 2087 ad
1780 2033 1897 2087 illos
1933 2048 2050 2102 pcr-

478 2126 772 2182 movendos
804 2135 859 2179 et
908 2125 1334 2190 couvincendos,
1368 2125 1459 2195 qui
1509 2123 1732 2179 Galatas
1760 2124 2055 2177 conturba-

477 2219 629 2282 bant,
681 2216 938 2287 adjecerit
966 2231 981 2267 :
1009 2214 1234 2269 Etiamsi
1280 2215 1357 2269 vel
1391 2230 1483 2268 nos
1527 2213 1604 2267 vel
1635 2214 1697 2266 de
1757 2213 1885 2267 cazlo
1915 2214 2055 2266 vobis

478 2306 699 2376 angelus
734 2305 885 2358 aliud
936 2305 1214 2358 annuntiet
1272 2304 1639 2374 Evangelium,
1693 2313 1883 2371 pneter
1920 2302 2055 2356 illud

476 2398 616 2467 quod
635 2396 750 2465 jam
778 2395 1202 2464 praedicavimus,
1248 2396 1532 2449 anathema
1580 2394 1645 2449 sit
1668 2397 1711 2450 ².
1747 2394 1857 2448 Nec
1888 2394 2055 2450 semel

478 2489 724 2559 posuisse
770 2495 1078 2553 contentus,
1113 2487 1360 2557 reponit,
1399 2485 1551 2551 Quod
1569 2489 1688 2557 jam
1733 2487 1879 2553 prius
1923 2487 2053 2551 dixi,

474 2593 528 2636 et
562 2584 749 2635 iterum
779 2581 1051 2642 denuntio,
1086 2580 1129 2635 si
1164 2582 1278 2650 quis
1322 2580 1465 2633 vobis
1496 2578 1831 2649 evangelizet,
1867 2590 2057 2647 prater

478 2676 532 2731 id
559 2679 697 2743 quod
724 2674 1021 2743 accepistis,
1052 2673 1336 2727 anathema
1363 2672 1429 2726 sit
1452 2672 1492 2724 ³.
1518 2670 1649 2725 Illud
1676 2680 1855 2726 autem
1882 2672 2057 2726 Evan-

478 2768 677 2839 gelium
730 2769 1002 2837 quodnam
1038 2766 1140 2819 l‘uit
1195 2765 1337 2836 quod
1379 2772 1729 2834 acceperant,
1770 2772 1825 2817 et
1861 2773 2059 2832 praeter

477 2861 623 2929 quod
653 2874 760 2915 non
801 2868 918 2914 erat
944 2859 1087 2913 aliud
1124 2857 1559 2912 annuutiaudum
1584 2857 1606 2910 ?
1636 2855 1897 2925 Equidem
1928 2854 2059 2909 illud

478 2953 653 3020 ipsum
702 2952 847 3020 quod
884 2950 1167 3020 discipulis
1198 2949 1312 3003 suis
1346 2949 1604 3003 Dominus
1655 2946 1947 3003 tradidisse
1978 2946 2060 3002 di-

479 3046 644 3107 citur,
702 3044 789 3097 tibi
822 3042 897 3095 ait
927 3060 940 3096 :
982 3041 1217 3109 Profecti
1250 3041 1426 3093 docete
1452 3055 1628 3092 omnes
1674 3050 1869 3109 gentes,
1900 3038 2062 3108 bapti-

479 3143 659 3185 zantes
691 3148 779 3186 eos
841 3131 896 3183 in
930 3129 1139 3183 nomine
1187 3126 1390 3192 Patris,
1431 3138 1477 3181 et
1534 3125 1687 3191 Filii,
1733 3136 1783 3182 et
1829 3125 2059 3197 Spiritus

478 3224 645 3275 sancti
668 3221 708 3273 ⁸.
740 3219 906 3275 Nobis
938 3220 1128 3290 utique
1163 3221 1301 3275 hanc
1331 3220 1563 3289 gratiam
1604 3220 1655 3275 in
1686 3222 2060 3290 cognoscenda

478 3322 828 3369 sacrosancta
865 3311 1134 3367 Trinitate
1167 3313 1322 3367 solus
1373 3312 1463 3368 ille
1518 3312 1648 3368 solis
1703 3312 1960 3383 patefecit
2006 3314 2058 3367 iu

480 3410 573 3463 illa
602 3417 783 3463 nostra
816 3408 1040 3478 mystica
1072 3408 1514 3479 regeneratione.
1546 3420 1669 3462 cum
1698 3422 1797 3462 nec
1823 3406 2058 3477 Moyses,

480 3513 581 3553 nec
634 3500 922 3568 quisquam
979 3498 1107 3552 olim
1173 3498 1585 3569 prophetarum,
1638 3498 1806 3568 priori
1859 3498 2059 3569 populo

477 3589 641 3659 hujus
675 3590 949 3644 exstiterit
991 3590 1330 3645 administer.
1364 3590 1444 3644 Ad
1497 3589 1587 3644 Dei
1616 3589 1815 3660 quippe
1858 3588 2052 3643 Filium

479 3693 645 3752 atque
692 3682 839 3737 illum
880 3683 1054 3736 solum
1109 3683 1440 3751 pertinebat,
1498 3681 1635 3736 hanc
1686 3697 1716 3735 τι
1760 3678 1920 3734 Patre
1958 3694 2055 3734 suo

478 3774 709 3845 gratiam
740 3774 1047 3828 hominibus
1088 3773 1355 3829 universis
1400 3773 1777 3827 annuntiatam
1815 3786 2056 3825 commu-

478 3868 663 3923 nicare
691 3882 706 3921 :
741 3881 864 3921 cum
894 3865 976 3920 lex
997 3882 1087 3936 per
1122 3865 1359 3935 Moysem
1384 3866 1508 3919 dato
1544 3866 1725 3932 fuerit,
1746 3864 1922 3935 gratia
1957 3880 2054 3917 au-

480 3970 583 4012 tem
621 3967 671 4012 et
718 3959 905 4012 veritas
959 3973 1050 4026 per
1097 3956 1281 4010 Jesum
1336 3956 1599 4011 Christum
1620 3957 1662 4021 ',
1696 3971 1929 4027 eumque
1965 3970 2054 4010 so-

480 4049 624 4113 lum,
676 4058 860 4118 utpote
911 4045 1111 4103 Filium
1163 4048 1523 4120 unigenitum.
1576 4047 1885 4115 Quocirca,
1949 4060 2055 4101 nec

554 4249 613 4307 ᾖ(
644 4242 743 4299 Ed.
777 4241 977 4309 Paris,
1010 4258 1131 4313 pag.
1163 4242 1219 4296 5.

554 4317 569 4345 ¹
594 4313 713 4368 Gal.
740 4330 780 4379 ι,
805 4314 859 4378 6,
894 4315 947 4368 7.
1012 4312 1021 4313 ί
1055 4313 1075 4344 ³
1104 4312 1233 4369 ibid.
1265 4313 1320 4368 8.
1431 4314 1451 4344 ³
1484 4312 1615 4369 ibid.
1650 4314 1705 4369 9.

571 4582 684 4654 25')
715 4582 817 4654 ΜΡ.
853 4584 1022 4637 ἔσται.

570 4653 795 4723 εθιιρ.
840 4654 911 4707 ia.
950 4655 1030 4707 ὅτι
1068 4654 1189 4718 οὐκ,
1245 4654 1406 4708 verba
1446 4653 1573 4708 ἄλλο
1595 4653 2050 4723 εὐαγγελίσασθαι

478 4725 742 4795 glossema
773 4726 1007 4795 sapiunt.

553 4793 664 4863 (‘25)
700 4792 865 4863 Vulgo
892 4794 969 4847 δέ.

553 4796 664 4934 (‘25)
700 4796 865 4863 Vulgo
892 4796 969 4847 δέ.

550 4866 639 4935 (26
681 4865 878 4929 Μόνος
904 4864 1100 4935 αὑτὸν⁵
1123 4865 1219 4918 διὰ
1267 4864 1373 4932 τῆς
1400 4865 1722 4934 μυστικῆς.
1746 4862 1874 4935 Alloc
1898 4867 2008 4918 vult
2035 4881 2045 4913 :

476 4932 603 4990 ante
645 4932 1068 5001 συγκατάϐασιν
1116 4946 1173 4988 ct
1218 4936 1363 4989 illam
1403 4932 1465 4989 in
1518 4950 1683 4990 carne
1740 4932 2046 4989 Servatoris

476 5006 647 5061 nostri
671 5005 1001 5075 οἰκονομίαν,
1022 5005 1124 5070 Qui
1143 5006 1332 5060 invenit
1352 5020 1555 5058 omnem
1582 5006 1717 5075 viam
1732 5004 2045 5075 discipliuw,

475 5089 520 5129 et
549 5076 765 5130 tradidit
790 5076 941 5128 illum
982 5076 1145 5129 .Iucob
1190 5091 1349 5143 puero
1400 5091 1515 5136 suo,
1545 5084 1593 5128 et
1644 5074 1814 5127 Israel
1857 5074 2046 5129 dilecto

474 5162 592 5210 suo,
626 5146 931 5200 doctrinam
987 5146 1154 5208 illam,
1205 5146 1258 5197 in
1315 5144 1551 5199 Ecclesia
1609 5144 1915 5215 dnaGéq-cog,
1977 5146 2042 5199 de

468 5228 824 5271 sacrosancta
864 5216 1154 5278 Trinitate,
1212 5229 1473 5283 nusquam
1524 5215 1575 5267 in
1610 5213 1798 5269 Veteri
1846 5213 2035 5270 Testa-

476 5296 678 5356 tucuto,
701 5301 795 5354 per
824 5285 1167 5356 Moysetnaut
1191 5283 1815 5356 prophetas,Judazortttn
1849 5285 2043 5354 populo

476 5354 790 5423 revelatam.
823 5354 987 5423 Cujus
1020 5357 1280 5410 rationem
1312 5356 1448 5410 libro
1476 5370 1536 5408 ιιι
1568 5355 1641 5408 De
1669 5355 1852 5408 eccles.
1881 5356 2040 5409 tlteol.

475 5425 551 5475 ait
579 5422 746 5479 fuisse
777 5422 955 5495 populi
982 5425 1144 5487 illius,
1177 5440 1335 5496 quem
1382 5425 1740 5496 erudiendum
1787 5440 2040 5496 susceptae

475 5502 579 5565 rat,
609 5494 865 5565 traditum
888 5498 1015 5556 sibi.
1042 5512 1071 5550 ιι
1103 5494 1212 5552 Deo
1240 5498 1293 5550 in
1321 5496 1661 5564 disciplinam
1693 5494 1925 5565 Moyses,
1969 5495 2034 5565 ad

474 5562 832 5638 idololatriam
886 5567 1203 5638 ἐπιρρεπές,
1253 5577 1304 5622 et
1340 5562 1541 5638 βίονίιιι
1600 5562 1832 5638 appellat
1887 5565 1941 5619 in
1986 5564 2036 5619 α’

2140 5563 2193 5615 itt
2220 5563 2400 5615 libello
2432 5562 2505 5613 De
2548 5564 2642 5615 im.
2683 5575 2728 5613 et
2775 5562 2936 5615 simil.
2971 5563 3063 5615 Dei
3113 5580 3131 5615 :

2154 1849 2454 1916 πτίζοντες
2502 1848 2723 1917 αὐτοὺς
2756 1850 2844 1914 είς
2887 1848 2954 1902 τὸ
2984 1848 3171 1917 ὄνομα
3198 1849 3305 1902 τοῦ
3352 1849 3606 1918 Πατρός,
3638 1850 3731 1905 καὶ

2154 1939 2260 1993 τοῦ
2297 1938 2451 2003 Υὶοῦ,
2484 1938 2585 1993 καὶ
2614 1937 2719 1992 τοῦ
2755 1938 2927 2008 ἁγίου
2961 1939 3322 2008 Πνεύματος.
3363 1939 3581 2012 Ταύτην
3629 1940 3729 2012 γὰρ

2155 2032 2286 2101 ἡμῖν
2317 2030 2414 2102 τὴν
2448 2031 2606 2102 χάριν
2622 2030 2722 2100 τῆς
2754 2028 3007 2099 γνώσεως
3047 2031 3145 2101 τῆς
3179 2031 3338 2100 ἁγίας
3366 2032 3596 2103 Τριάδος
3624 2032 3729 2103 (26)

2160 2124 2317 2194 μόνος
2339 2125 2499 2187 αὐτὸς
2526 2124 2613 2177 διὰ
2645 2124 2746 2195 τῆς
2794 2124 3059 2195 μυστικῆς
3096 2124 3392 2197 δεδώρηται
3440 2127 3706 2197 ἁναγεννή

2158 2233 2313 2281 σεως,
2346 2215 2467 2269 οὔτε
2494 2217 2771 2280 Μωῦσέως
2811 2216 2935 2271 οὔτε
2979 2218 3273 2289 προφητῶν
3311 2235 3454 2281 τινος
3479 2218 3558 2289 τῷ
3604 2236 3731 2290 προο

2155 2308 2298 2380 τέρῳ
2324 2308 2438 2379 λαῷ
2460 2308 2663 2380 ταύτην
2680 2309 3177 2383 ¹διακονησαμένου.
3193 2310 3356 2382 Μόνῳ
3384 2311 3493 2384 γὰρ
3528 2312 3732 2384 ἔπρεπε

2155 2399 2364 2470 τῷΥίῷ
2394 2400 2487 2452 τοῦ
2533 2399 2669 2453 Θεοῦ
2715 2399 2813 2471 τὴν
2857 2400 3128 2472 πατρικὴν
3184 2401 3385 2455 ἅπασιν
3430 2402 3731 2475 ἀνθρώποις

2157 2490 2609 2558 εὐαγγελίσασθαι
2632 2490 2821 2562 χάριν·
2855 2492 3151 2563 ἐπειδήπερ
3173 2494 3204 2545 ό
3233 2494 3416 2561 νόμος
3446 2492 3543 2547 διὰ
3565 2496 3733 2548 Μωυ-

2158 2582 2312 2648 σέως
2345 2583 2544 2651 ἐδόθη,
2578 2580 2676 2635 διὰ
2720 2581 2788 2635 δὲ
2814 2583 3005 2652 μόνου
3037 2582 3231 2651 Ἰησοῦ
3281 2583 3387 2638 τοῦ
3450 2582 3734 2653 Χριστοῦ,

2157 2675 2233 2739 ὡς
2261 2675 2350 2728 διὰ
2380 2674 2698 2747 μονογενοῦς
2747 2675 2903 2739 Υίοῦ,
2946 2678 2984 2744 η
3036 2674 3208 2744 χάρις
3249 2674 3349 2729 καὶ
3394 2677 3433 2745 ἡ
3486 2676 3735 2743 ἀλήθεια

2157 2767 2415 2838 ἐγένετο.
2444 2766 2635 2821 Ἔνθεν
2657 2768 2880 2831 εἰκότως
2912 2769 2940 2820 ὁ
2992 2768 3087 2839 μὲν
3116 2767 3491 2839 παιδαγωγοῦ
3514 2770 3733 2836 τρόπον

2159 2856 2568 2929 νηπιάζοντιτῷ
2601 2857 2849 2929 προτέρῳ
2874 2857 2989 2928 λαῷ
3027 2861 3263 2929 στοιχεῖα
3286 2858 3385 2928 τῆς
3426 2858 3601 2931 ἀρχῆς
3627 2860 3734 2913 τῶν

2158 2948 2252 3002 τοῦ
2286 2948 2421 3001 Θεοῦ
2450 2949 2734 3020 παρεδίδου
2765 2948 2980 3019 λογίων,
3030 2948 3290 3003 πολυθέου
3320 2950 3419 3021 μὲν
3460 2951 3734 3023 ἁπείργων

2164 3040 2393 3111 πλάνης,
2415 3041 2547 3094 Θεὸν
2596 3041 2652 3093 δὲ
2700 3041 2985 3113 κηρύττων
3032 3041 3126 3094 ἕνα
3174 3042 3331 3112 μόνον
3356 3042 3586 3096 εἰδέναι·
3618 3046 3649 3115 ἡ
3679 3044 3733 3097 δὲ

2164 3134 2428 3205 σωτήριος
2482 3132 2640 3204 χάρις
2687 3133 3055 3206 ὑπερκόσμιόν
3096 3151 3216 3186 τινα
3288 3134 3383 3187 καὶ
3443 3135 3734 3207 ἀγγελικὴν

2160 3226 2292 3296 ἡμῖν
2326 3226 2636 3297 παρέχουσα
2676 3225 2895 3294 γνῶσιν,
2940 3226 3001 3278 τὸ
3030 3225 3193 3279 πάλαι
3249 3226 3326 3297 τῷ
3349 3228 3601 3300 προτέρῳ
3627 3228 3733 3299 λαῷ

2163 3316 2521 3387 σεσιγημένον
2558 3319 2855 3389 μυστήριον
2887 3318 3186 3387 ἀναφανδὸν
3229 3316 3610 3384 ὲξεκάλυπτεν,
3643 3320 3721 3373 αὐ-

2157 3410 2249 3462 τὸν
2266 3411 2356 3462 τὸν
2382 3410 2639 3464 ἐπέκεινα
2672 3411 2779 3463 τῶν
2828 3410 2964 3464 ὅλων
2992 3412 3146 3476 Θεὸν,
3178 3412 3269 3465 τὸν
3313 3415 3422 3476 τοῖς
3454 3412 3614 3466 πάλαι
3638 3414 3731 3467 ἁν-

2158 3501 2395 3573 θρώποις
2443 3502 2805 3573 ἐγνωσμένον,
2846 3504 2977 3557 Θεὸν
3019 3503 3135 3575 ἅμα
3196 3505 3287 3558 καὶ
3333 3504 3546 3575 Πατέρα
3590 3499 3729 3557 εἶναι

2158 3592 2251 3646 τοῦ
2298 3592 2426 3646 Υίοῦ
2486 3593 2578 3646 τοῦ
2631 3593 2952 3664 μονογενοῦς
2995 3594 3358 3665 κηρύττουσα,
3402 3594 3500 3665 τήν
3536 3610 3595 3646 τε
3637 3593 3729 3646 τοῦ

2161 3683 2315 3752 ἁγίου
2351 3682 2666 3753 Πνεύματος
2696 3683 2784 3736 διὰ
2814 3683 2907 3737 τοῦ
2942 3683 3069 3736 Υίοῦ
3119 3688 3230 3746 τοῖς
3276 3684 3448 3749 ἀξίοις
3481 3686 3730 3755 ἐπιχορη-

2160 3773 2328 3842 γοῦσα
2352 3772 2596 3844 δύναμιν.
2629 3773 2761 3843 (26‘)
2786 3772 2942 3845 Λύτῴ
2976 3791 3092 3838 πως
3122 3774 3220 3845 τὴν
3247 3774 3407 3843 ἁγίαν
3438 3774 3530 3828 καὶ
3561 3790 3733 3844 μακα-

2164 3866 2282 3939 ρίαν
2314 3868 2409 3919 καὶ
2443 3867 2707 3939 μυστικὴν
2723 3866 2930 3938 Τριάδα
2956 3866 3170 3938 Πατρὸς
3191 3867 3283 3919 καὶ
3301 3864 3431 3918 Υἱοῦ
3466 3865 3560 3919 καί⁵
3584 3864 3733 3935 ἁγίου

2159 3958 2476 4029 Πνεύματος
2505 3960 2584 4022 είς
2625 3960 2891 4030 σωτήριον
2925 3957 3114 4011 ὲλπίδα
3140 3956 3229 4010 διὰ
3261 3957 3357 4028 τῆς
3405 3958 3464 4009 ὲν
3518 3955 3733 4027 Χριστῷ

2161 4050 2571 4121 ἀναγεννήσεως
2622 4051 2655 4121 ἡ
2689 4050 2782 4103 τοῦ
2826 4049 2962 4103 Θεοῦ
3010 4047 3303 4120 Ἐκκλησία
3344 4047 3733 4121 παραλαϐοῦσα

1808 4316 1830 4345 ⁸
1862 4314 2252 4376 Matth.xxvrtt,
2286 4313 2375 4368 l9.
2451 4313 2471 4344 ⁸
2502 4312 2659 4367 Joan.
2702 4329 2740 4377 ι,
2768 4315 2855 4368 l7.

2087 4587 2133 4642 D
2164 4582 2320 4655 istius
2344 4585 2577 4655 mentio;
2625 4581 2720 4636 sed
2749 4582 3175 4654 αἰνιγματώδης,
3200 4592 3252 4655 et
3284 4584 3733 4655 ὲγκεκρυμμένη.

2161 4653 2290 4707 Erat
2311 4652 2672 4724 enim__ad|tuc
2706 4652 2911 4724 tempus
2952 4652 3472 4724 καταπετάσματος,
3498 4652 3732 4709 nondum

2160 4722 2353 4794 remoti
2388 4720 2512 4787 veli,
2539 4732 2594 4794 et
2607 4722 3029 4794 ἀποκαλύψεως.
3056 4726 3235 4778 (litant
3264 4720 3315 4778 iu
3342 4726 3532 4794 primis
3560 4725 3731 4778 ortho-

2161 4793 2285 4863 doxi
2318 4792 2523 4855 Patres,
2562 4791 2691 4846 illud
2750 4794 2799 4846 in
2854 4794 3118 4863 principio
3166 4791 3393 4848 Genesis
3444 4792 3732 4848 Faciamus

2160 4861 2442 4935 I_ioniinem,
2485 4873 2613 4935 etc.,
2676 4863 2741 4935 de
2790 4861 2893 4931 qua
2954 4861 3109 4935 ρήσει
3140 4863 3413 4935 Basilius
3451 4863 3732 4935 Selettcim.

2160 4931 2396 5004 Γινέσθω
2420 4932 2613 5004 ,τοίνυν
2639 4931 3018 5004 ,σύγχρονος
3046 4934 3248 5002 γνῶσις
3261 4935 3327 5004 τῇ
3362 4932 3591 4986 πλάσει·
3641 4935 3732 4988 καὶ

2157 5002 2230 5073 μὴ
2261 5000 2548 5076 ξενιζέσοω
2581 4997 2970 5076 διδασκομένη,
2994 4997 3241 5076 iisti-mw,
3380 5006 3436 5055 ὲν
3475 5005 3541 5074 τῇ
3578 5007 3723 5075 ποιή-

2156 5071 2236 5157 σει
2266 5072 2363 5144 τὴν
2398 5075 2624 5157 μνῄνμην.
2645 5071 2879 5153 ἐδέξατο.
2911 5071 3045 5128 Vide
3064 5071 3450 5157 Tertullianqu
3481 5071 3733 5157 adversus

2159 5141 2442 5213 l’raxeam.
2474 5141 2824 5213 Epiphanius
2846 5159 2955 5197 rem
2984 5158 3078 5213 per
3101 5144 3299 5212 gradus
3324 5143 3566 5197 deducit.
3607 5141 3731 5197 Una

2152 5210 2360 5275 Deitas,
2404 5214 2672 5281 inquiens,
2708 5230 2739 5265 a
2775 5212 2957 5282 Moyse
2985 5210 3258 5283 'prw‘eipue
3298 5214 3622 5283 annuntiata
3654 5230 3729 5266 est

2152 5298 2498 5353 personarum
2523 5283 2780 5346 dualitas,
2811 5287 3131 5337 vehementer
3155 5302 3186 5337 a
3228 5282 3489 5353 prophetis
3532 5284 3724 5351 pra'di-

2146 5362 2285 5422 cata,
2316 5351 2555 5404 Trinitas
2575 5368 2693 5422 uero
2720 5369 3086 5420 personarum,
3145 5351 3427 5421 manifesta
3464 5353 3607 5422 facta
3652 5361 3724 5404 est

2143 5423 2196 5475 in
2229 5420 2545 5489 Evangeliis.
2581 5418 2824 5477 ιιωείιιυ
2856 5424 2907 5477 in
2957 5426 3247 5487 Aucoralo,
3292 5418 3723 5477 unde-doctissi-

2144 5508 2262 5544 mus
2318 5490 2590 5561 Nysseuus
2651 5506 2829 5553 vocat,
2866 5496 3233 5561 cognitionem
3270 5492 3412 5546 κατὰ
3456 5490 3724 5561 πρόϐασιν

3194 5564 3351 5617 Κατὰ
3374 5560 3672 5634 πρόϐασινη

472 5630 711 5698 ἁποδειξ.
743 5628 1119 5703 αίγυπτιὰκόν.
1162 5628 1350 5703 Certe,
1374 5638 1424 5691 in
1461 5628 1649 5692 Veteri.
1671 5628 2035 5692 'Teslamenlo

472 5719 740 5753 nusnunm
772 5708 1038 5753 reneritur
1086 5708 1337 5753 exnlicitn
1393 5716 1446 5753 et
1490 5707 1739 5753 distincta
1794 5708 2031 5753 mvslnrii

2155 5633 2378 5704 ῇμετέρα
2403 5632 2561 5700 φύσις
2593 5631 2769 5702 τὸτῆς
2801 5632 3027 5703 Τριάδος
3063 5633 3276 5702 ἐπέγνω
3314 5628 3626 5753 μυστᾌριον.
3654 5628 3725 5682 Μ.

2210 5704 2346 5753 l26'l
2391 5702 2557 5753 Αὺτώ
2588 5717 2731 5753 πως.
2784 5702 2944 5753 Forte
2991 5706 3296 5753 legendum-
3330 5703 3460 5753 αὑτό
3498 5717 3554 5753 εν
3581 5716 3725 5753 πως.

472 5719 740 5775 nusquam
772 5708 1038 5774 reperitur
1086 5708 1337 5778 explicita
1393 5716 1446 5763 et
1490 5707 1740 5764 distincta
1793 5708 2032 5762 tuvsterii

2210 5702 2346 5773 (26‘)
2391 5702 2557 5757 Αῠτώ
2588 5717 2731 5756 πως.
2784 5702 2944 5759 FOrte
2991 5702 3460 5773 legenduimauté
