4098 6200
478 280 574 336 719

1103 277 1362 331 EUSEBII
1404 273 1879 331 CAESARIENSIS
1919 274 2068 329 OPP.
2109 272 2289 328 PARS
2326 272 2416 327 ιν.
2453 304 2519 311 —-
2558 272 2987 330 DOGMATICA.

3604 276 3705 329 720

474 401 607 455 nitio
637 401 703 455 de
737 399 872 453 Filio
921 396 1039 459 Dei,
1068 397 1226 466 longe
1263 397 1513 465 quiddam
1580 396 1751 464 majus
1797 406 1850 449 et
1902 412 2032 466 prze

2159 396 2209 448 τ’
2238 396 2301 448 ἂν
2335 396 2733 465 ὁμολογήσειεν,
2779 394 3088 467 ἐρωτηθείς.
3120 396 3181 447 Et
3230 395 3283 447 δὲ
3331 395 3404 465 μὴ
3435 396 3708 461 Ἰουδαῖος,

477 492 711 545 stantius
739 489 998 547 exhibuit,
1029 502 1131 554 qua
1162 490 1455 540 edocemur
1481 485 1627 538 illum
1668 486 1838 555 ipsum
1871 486 2037 540 Deum

477 583 690 638 Patrem
721 590 934 635 exstare
987 578 1243 647 unigeniti
1274 577 1416 641 Filii,
1445 578 1532 643 qui
1567 577 1844 632 verissime
1874 576 2041 632 Filius

480 676 573 736 sit,
603 675 755 726 vivus
788 671 1011 725 exsistat
1058 679 1113 722 et
1167 670 1486 723 subsistens.
1532 669 1661 722 Nam
1697 670 2042 737 quemadmo-

480 767 605 819 dum
643 784 653 817 :
694 763 852 815 Pater
879 763 1037 813 vitam
1070 762 1123 813 in
1158 762 1325 828 seipse
1377 760 1554 823 habet,
1591 760 1816 814 docebat
1848 760 2046 831 linige-

480 859 626 909 nitns
680 857 791 921 ipse
840 855 953 915 Dei,
990 854 1061 905 ita
1111 870 1311 923 quoque
1362 854 1415 904 in
1460 855 1627 921 seipso
1665 852 1837 907 Filius
1891 854 2041 907 habet

479 948 637 999 vitam
664 946 704 999 ⁸.
742 943 807 997 Ut
857 944 927 996 ita
962 944 1121 997 Pater
1160 958 1285 997 vere
1331 943 1549 1011 quidem
1604 943 1762 997 Pater
1791 944 2039 1009 exsistat,

481 1054 586 1091 non
640 1045 817 1089 autem
876 1036 1041 1089 verbo
1103 1044 1257 1088 tenus
1286 1034 1446 1087 Pater
1505 1033 1697 1088 falsata
1754 1045 2043 1104 usurpatos

482 1129 848 1182 nominatione
879 1146 890 1180 :
923 1130 1014 1179 sed
1046 1127 1272 1179 veritate
1302 1134 1355 1177 et
1392 1127 1567 1195 reipsa
1626 1127 1886 1195 unigeniti
1923 1125 2044 1180 Filii

481 1222 681 1275 Pater:
712 1230 765 1273 et
799 1230 853 1273 ttt
884 1219 1052 1273 Filius
1103 1220 1171 1271 sit
1221 1220 1393 1287 reipsa
1452 1219 1614 1271 etiam
1664 1217 1854 1273 Filius.
1888 1218 2046 1282 Quis-

483 1315 604 1384 quis
662 1323 839 1366 autem
895 1312 1087 1365 Filium
1122 1295 1320 1365 nudum
1356 1326 1475 1364 esse
1509 1308 1728 1364 Verbum
1766 1311 2047 1364 existima-

486 1404 645 1466 verit,
704 1411 795 1454 attt
851 1401 1185 1454 solummodo
1249 1399 1466 1452 Verbum
1517 1399 1958 1461 confirmaverit,
1993 1407 2046 1451 et

490 1493 617 1547 illud
660 1492 971 1561 frequenter
998 1506 1095 1544 suo
1132 1506 1227 1545 ore
1268 1492 1632 1559 usurpaverit,
1671 1489 1892 1542 Verbum
1928 1500 2048 1541 tau-

485 1584 762 1638 tummodo
822 1582 1115 1646 exstitisse,
1146 1582 1311 1646 intus,
1359 1586 1485 1635 dum
1517 1583 1855 1644 consisteret,
1891 1583 2046 1649 quie-

484 1685 668 1728 scente
696 1688 796 1727 suo
831 1672 990 1726 Patre
1021 1690 1034 1724 :
1068 1682 1347 1741 operatum
1380 1686 1506 1725 vero
1542 1672 1681 1725 idem
1719 1674 1888 1741 ipsum
1921 1670 2048 1726 Ver-

2142 488 2254 541 ἀλλ’
2286 490 2595 540 ἐπισκόπων
2612 506 2695 551 τις
2720 490 2918 557 ταύτην
2938 488 3072 560 (50‘)
3105 490 3383 556 είσαγάγοι
3410 488 3508 553 τὴν
3536 487 3709 552 δόξαν,

2142 582 2311 649 Λόγον
2348 580 2508 633 αὑτὸν
2554 581 2711 651 μόνον
2768 579 2939 642 διδοὺς
2989 579 3261 650 ἡνωμένον
3296 577 3371 649 τῷ
3397 578 3515 648 Θεῷ
3540 596 3552 607 ⁶
3600 579 3711 646 (51)

2142 674 2235 725 καὶ
2271 672 2454 725 τοῦτον
2505 668 2641 724 εἶναι
2676 671 2841 723 ἀΐδιον
2875 672 2967 722 καὶ
3001 671 3323 741 ἀγέννητον,
3376 671 3434 723 ἓν
3482 690 3540 724 τε
3573 669 3712 725 εἶναι

2144 760 2252 831 (52)
2270 760 2563 814 καὶταὺτὸν
2582 760 2655 829 τῷ
2671 758 2792 828 Θεῷ
2806 759 3031 828 ὀνόμασι
3052 760 3145 828 μὲν
3162 760 3457 831 διαφόροις,
3477 758 3710 829 Πατρός,

2144 855 2237 905 καὶ
2279 852 2409 905 Υἱοῦ
2449 852 2877 923 χρηματίζοντα,
2908 852 3064 914 οὐσία
3104 851 3159 903 δὲ
3208 851 3300 903 καὶ
3333 851 3628 903 ὑποστάσει
3656 852 3715 903 ἒν

2142 943 2288 996 6ντα’
2320 942 2434 1004 πῶς
2463 943 2523 993 οὐ
2551 942 2708 1011 δῆλος
2728 942 2793 994 ἂν
2823 942 3030 1009 γένοιτο
3054 941 3164 1011 (55)
3190 942 3279 994 τὸν
3309 942 3404 1013 μὲν
3429 942 3714 995 Σαϐέλλιον

2144 1035 2521 1104 ὑποδυόμενος
2551 1035 2647 1105 τῆς
2675 1035 2730 1087 δὲ
2775 1034 2831 1086 ὲν
2862 1034 3079 1106 Χριστῷ
3111 1034 3361 1102 γνώσεώς
3400 1054 3459 1088 τε
3488 1038 3580 1089 καὶ
3614 1037 3713 1107 χά-

2149 1144 2290 1197 ριτος
2318 1126 2741 1196 ὴλλοτριωμένος
2781 1126 2951 1191 ;Οὑδὲ
2995 1126 3101 1197 γὰρ
3143 1127 3343 1197 ζητεῖν,
3382 1127 3501 1180 οὐδὲ
3543 1130 3715 1198 ἀμφι-

2146 1218 2379 1283 ϐάλλειν,
2425 1218 2532 1269 οὐδ’
2584 1218 2791 1288 ἐρωτᾷν
2842 1220 2953 1279 τοῖς
3012 1218 3370 1288 βουλομένοις,
3424 1220 3471 1271 εί
3513 1215 3580 1290 ἦν
3622 1220 3716 1271 καὶ

2146 1309 2319 1379 προῆν
2370 1311 2397 1361 ό
2433 1307 2723 1378 μονογενὴς
2782 1307 2904 1370 Υἱὸς
2956 1307 3047 1360 τοῦ
3096 1308 3250 1375 Θεοῦ,
3288 1312 3315 1362 ὁ
3342 1311 3441 1379 τῆς
3497 1312 3721 1383 Ἐκκλη-

2149 1402 2267 1465 σίας
2296 1400 2405 1470 (54)
2445 1401 2726 1471 ἐπιτρέποι
2754 1401 2819 1454 ἂν
2851 1400 3065 1470 θεσμός⁸
3098 1401 3500 1475 ὁμολογουμένῃ
3548 1402 3718 1456 δὲκαὶ

2146 1492 2497 1563 ἁναμφιϐόλῳ
2516 1494 2693 1545 πίστει
2720 1494 2814 1545 σὺν
2850 1492 3026 1561 πολλῷ
3060 1492 3171 1561 (55)
3204 1492 3297 1545 καὶ
3332 1495 3612 1565 παρρησίᾳ
3640 1495 3719 1546 δι-

2146 1585 2332 1637 δάσκει
2365 1584 2455 1636 τὸν
2485 1584 2615 1637 Θεὸν
2658 1585 2874 1655 Πατέρα
2922 1580 3061 1637 εἶναι
3108 1583 3235 1636 Υίοῦ
3269 1584 3359 1637 τοῦ
3400 1584 3717 1655 μονογενοῦς

2148 1678 2448 1747 ὁμολογεῖν,
2490 1677 2583 1731 καὶ
2628 1679 2763 1747 μήτε
2811 1678 2901 1730 τὸν
2940 1678 3156 1748 Πατέρα
3186 1676 3312 1729 Υἱὸν
3338 1673 3495 1739 εἶναι,
3538 1678 3570 1748 ἢ
3606 1677 3718 1749 (56)

485 1768 636 1829 bum,
664 1779 784 1818 cum
835 1774 1115 1817 creaturas
1159 1762 1448 1832 elligiaret,
1471 1766 1694 1833 perinde
1723 1780 1785 1818 ac
1812 1778 1905 1834 per
1934 1780 2051 1819 om-

2159 1770 2243 1823 καὶ
2269 1770 2359 1821 τὸν
2400 1769 2527 1823 Υἱὸν
2561 1770 2778 1840 Πατέρα
2800 1769 3056 1839 νομίζειν·
3087 1769 3221 1823 ἀλλά
3245 1771 3333 1823 τὸν
3376 1771 3471 1840 μὲν
3488 1748 3719 1841 ἀγέννηέ

489 1859 575 1908 nia
608 1855 658 1907 in
688 1853 997 1907 hominibus
1027 1852 1163 1906 solet
1195 1852 1310 1905 ﬁeri
1343 1870 1356 1918 ;
1388 1854 1474 1905 ubi
1508 1853 1559 1906 in
1614 1854 2048 1922 conquiescenti-

488 1947 590 1998 bus
638 1944 837 1998 otiatur
896 1942 1151 2004 Verbum,
1202 1951 1458 2011 operatur
1490 1952 1667 1995 autem
1699 1944 1749 1996 in
1786 1943 2053 2011 loquenti-

491 2039 590 2090 bus
619 2051 633 2089 :
672 2036 717 2091 is
744 2034 983 2103 profecto
1013 2034 1289 2102 conspirat
1314 2033 1753 2119 manifestissime
1780 2050 1900 2089 cum
1926 2049 2050 2088 sen-

500 2130 663 2182 tentia
715 2126 1044 2185 Judscorum,
1079 2127 1421 2195 abnegatque
1450 2141 1593 2189 eum,
1632 2127 1721 2195 qui
1774 2142 1896 2181 vere
1958 2128 2051 2182 Dei

490 2220 658 2273 Filius
688 2230 791 2272 est.
822 2217 878 2271 Si
903 2218 1025 2285 quis
1053 2216 1295 2271 Judaeum
1323 2218 1758 2288 interrogaverit,
1792 2234 1859 2273 an
1886 2219 2051 2273 Deum

492 2321 645 2381 putet
680 2310 911 2365 Verbum
970 2325 1128 2363 suum
1199 2310 1723 2373 babere?0mnino,
1765 2322 1911 2365 certe
1967 2326 2053 2365 re-

492 2419 794 2473 sponsurus
842 2414 946 2466 est,
1007 2414 1156 2471 puto.
1191 2402 1446 2458 Libenter
1484 2404 1747 2471 siquidem
1779 2404 2057 2474 profitetur

492 2496 728 2559 Judaeus,
762 2510 866 2549 non
903 2494 1121 2548 Verbum
1155 2496 1333 2559 modo,
1360 2497 1487 2565 quin
1529 2494 1695 2549 Verba
1734 2497 1934 2549 infinita
1963 2498 2058 2550 ha-

497 2590 622 2643 bere
668 2588 855 2642 Deum.
900 2586 1052 2653 Quod
1104 2587 1149 2640 si
1203 2587 1380 2641 adhuc
1414 2588 1601 2650 instes,
1636 2602 1703 2639 an
1741 2586 1933 2640 Filium
1966 2589 2059 2640 ha-

495 2680 651 2735 beat?
686 2694 789 2734 non
816 2688 901 2733 est
935 2680 1034 2733 hoc
1062 2679 1303 2746 perinde,
1337 2691 1475 2741 reor,
1522 2676 1893 2732 confessurus.
1937 2677 2055 2731 Jam

498 2787 644 2834 vero,
669 2771 714 2824 si
748 2784 850 2823 non
887 2769 1106 2824 Judaaus
1132 2769 1419 2837 quispiam,
1450 2768 1541 2821 sed
1587 2769 1633 2821 is
1694 2770 1782 2837 qui
1833 2768 1903 2820 sit
1935 2783 2057 2822 cum

495 2863 848 2929 episcopatu,
904 2860 1054 2912 illam
1111 2859 1377 2911 invexerit
1424 2858 1767 2928 opinionem,
1829 2856 2059 2912 Verbum

496 2968 612 3006 esse
665 2952 816 3005 illum
853 2993 868 3015 ,
926 2951 1021 3005 sed
1088 2950 1194 3004 Deo
1276 2953 1663 3004 tantummodo
1730 2950 2055 3004 adunitum:

500 3050 557 3106 ἄ(
587 3053 847 3097 aeternum
883 3051 1057 3093 tamen
1087 3052 1140 3093 et
1169 3040 1487 3106 ingenitum,
1530 3055 1694 3093 unum
1726 3049 1885 3109 atque
1916 3041 2055 3095 idem

496 3152 721 3190 numero
752 3151 872 3189 cum
922 3136 1051 3201 Deo,
1082 3136 1386 3189 nominibus
1425 3136 1649 3190 diversis
1688 3136 1864 3190 Patris
1901 3146 2059 3206 atque

497 3229 616 3282 Filii
646 3238 982 3295 usurpatum,
1017 3226 1312 3281 substantia
1342 3237 1514 3281 tamen
1540 3228 1679 3282 idem
1708 3237 1762 3282 ct
1786 3229 2060 3297 hypostasi

577 3376 633 3431 ›Ῑ‹
673 3369 767 3421 Ed.
803 3367 973 3421 Paris.
1028 3382 1148 3437 pag.
1180 3369 1230 3419 5.

574 3467 592 3495 ⁶
625 3465 777 3543 Joan.
819 3480 868 3525 ν,
900 3464 989 3516 96.

504 3664 741 3735 ἐνεργῶν
762 3664 839 3727 δέ,
870 3666 924 3716 ἐν
946 3664 1022 3733 τῷ
1053 3662 1147 3735 τὴν
1171 3662 1346 3735 κτίσιν
1372 3662 1736 3735 δημιουργεῖν.
1770 3660 1813 3714 Ε
1836 3674 2066 3735 sequen-

508 3729 675 3800 tibus,
701 3749 886 3787 vocem
918 3729 1063 3786 illam
1105 3729 1364 3802 ’ἡμετέρῳ
1403 3729 1668 3802 "librarius
1731 3729 2070 3802 transcripsit

505 3798 732 3862 otiosus.
753 3804 957 3873 [Delevi
987 3798 1470 3873 eam.’|'lil.—~'—lnfra
1502 3801 1746 3861 Ἰουδαῖος
1762 3798 1835 3849 ὡν
1856 3798 2068 3867 scripsi.

579 3874 715 3946 (ὅθ’)
742 3873 911 3941 Vulgo
952 3873 1183 3939 είσάγοι.

575 3968 685 4037 (El)
716 3965 825 4021 Kal
866 3963 1079 4017 τοῦτον
1124 3961 1275 4037 εἶναι
1334 3964 1543 4037 didior:
1569 3963 1663 4015 καὶ
1691 3963 2067 4037 ιάγένιρηζον.

552 4031 726 4101 εἰιιρό.
746 4044 1008 4103 quatenus
1030 4036 1221 4095 eratin
1250 4034 1376 4095 Deo,
1406 4033 1553 4103 αὑτῴ
1582 4031 1773 4095 συνὼν,
1796 4031 2072 4102 ἡνωμένος

503 4106 670 4177 αὐτῷ.
705 4104 838 4177 Nam
880 4104 1143 4177 alioquin,
1172 4105 1386 4157 ascribit
1416 4104 1704 4177 Eusebius
1754 4106 1892 4177 hanc
1951 4105 2067 4172 opi-

507 4172 723 4231 nionem
747 4172 1021 4237 Marcello,
1036 4178 1177 4243 quod
1200 4174 1649 4242 quemadmodum
1666 4180 1817 4227 extra
1835 4172 2070 4233 Patrem,

509 4260 703 4313 nempe
729 4247 783 4298 in
802 4246 1058 4305 creando.
1090 4244 1367 4311 inceperat
1408 4259 1530 4298 esse
1558 4259 1581 4313 :7
1604 4244 1685 4297 sic
1712 4252 1767 4297 et
1787 4243 1923 4313 elim
1973 4244 2073 4297 de-

509 4311 717 4370 sineret
746 4329 867 4368 esse
906 4316 1045 4382 quod
1097 4324 1233 4377 erat,
1274 4326 1329 4367 et
1360 4314 1413 4366 in
1453 4312 1677 4366 nihilum
1708 4311 2062 4382 redigeretur.

507 4385 677 4451 Quam
704 4399 853 4447 vere,
879 4384 1150 4438 nescimus
1179 4398 1193 4435 :
1216 4395 1360 4437 certe
1393 4384 1651 4437 Eusebius
1672 4384 1757 4437 hic
1783 4383 2067 4449 arianizat,

507 4458 599 4525 qui
629 4455 798 4524 Λόγον
828 4454 993 4507 ἀΐδιον
1020 4461 1327 4525 esse_negat
1362 4464 1417 4508 et
1467 4455 1519 4507 in
1569 4454 1845 4525 ἀγεννήτῳ
1894 4453 2064 4517 ludit;

509 4523 652 4596 quod
674 4523 944 4579 faciebant
976 4524 1072 4576 illi.
1116 4523 1187 4579 M.

506 4615 1056 4758 ﬁgamus
1087 4616 1203 4671 loco
1256 4614 1349 4667 καὶ
1374 4614 1536 4667 αὐτόν
1565 4614 1685 4671 dedi
1711 4632 1724 4681 ;
1765 4615 1834 4669 cf.
1871 4631 1921 4684 p.
1952 4614 1983 4667 6
2012 4614 2071 4677 Β,

579 4778 690 4847 (55)
724 4776 833 4829 Τὸν
873 4776 990 4845 μὲν
1022 4774 1346 4831 Σαϐἐλλιον
1377 4775 1803 4847 ὑποδυόμενος.
1853 4775 2076 4847 Semper

510 4845 936 4903 huncMarcello
968 4847 1206 4913 objectat
1228 4856 1439 4914 auctor,
1482 4848 1569 4914 qui
1598 4846 1763 4914 Libya
1792 4845 2073 4909 oriundus,

508 4917 840 4971 Ptolemaide
876 4917 1155 4979 nimirum,
1196 4913 1350 4969 Nocti
1393 4913 1708 4985 discipulus
1735 4924 1873 4975 erat,
1908 4930 1935 4966 a
1964 4929 2075 4982 quo

512 4990 842 5057 impietatem
869 4995 1152 5057 acceptam
1184 4986 1331 5057 au_x_it
1358 4995 1414 5057 et
1442 4986 1705 5047 dilatavit,
1745 4995 1801 5037 ut
1844 4999 1939 5057 usu
1987 4998 2075 5057 so-_

510 5053 798 5112 lct'venire
834 5057 884 5110 in
919 5053 1207 5110 ltmreticis.
1251 5053 1395 5107 Vixit
1421 5057 1565 5109 circa
1616 5071 1814 5107 annum
1864 5054 2073 5107 Domini

507 5129 633 5182 260.
661 5128 983 5181 Trinitatem
1004 5127 1053 5178 in
1088 5127 1245 5179 unius
1264 5141 1504 5193 personae
1528 5128 1807 5191 angustias
1832 5134 2075 5177 coarcta-

511 5203 605 5263 vit,
637 5210 691 5251 et
721 5199 777 5250 in
812 5198 975 5249 tribus
1003 5196 1291 5258 vocabulis,
1326 5196 1657 5247 trinominem
1695 5196 1878 5255 Deum,
1899 5196 2075 5245 crede-

510 5268 596 5320 bat
628 5283 646 5319 :
684 5284 800 5319 cum
836 5265 1066 5320 Ecclesia
1091 5282 1117 5318 e
1142 5277 1344 5330 contra,
1368 5275 1471 5317 tres
1510 5265 1864 5325 subsistentes,
1900 5280 2072 5326 veras,

508 5338 759 5405 integras,
784 5348 829 5389 et
853 5337 1108 5405 perfectas
1134 5351 1403 5403 personas,
1424 5334 1683 5403 indefessa
1708 5351 1826 5388 voce
1842 5349 2072 5403 ριόηιιη-

508 5404 717 5475 ιίει,ίξιίι
741 5406 798 5457 Β.
840 5404 1211 5475 Hieronymus.
1247 5406 1316 5458 Μ.

479 5509 487 5547 γ
580 5474 693 5543 (54)
734 5474 1056 5547 Ἐτξιτρέπει
1094 5476 1334 5546 θεσμός.
1381 5474 1510 5528 Erat
1540 5474 1696 5547 enim
1735 5475 1786 5547 in
1829 5474 2076 5547 conl'CSso

510 5541 764 5612 poSituni,
794 5541 930 5597 εἶναι
969 5557 1023 5599 et
1069 5541 1312 5617 προεῖναι
1352 5545 1646 5617 τδνῷΛόγον
1690 5544 1782 5597 τοῦ
1830 5544 1984 5610 Θεοῦ,
2024 5556 2077 5598 et

510 5628 645 5686 qua;
660 5616 824 5686 semel
865 5628 1018 5668 erant
1042 5616 1218 5669 πίστει
1245 5616 1632 5686 παραδοθέντα,
1670 5631 1773 5669 non
1802 5624 1959 5669 erant
1988 5630 2076 5668 vo-

513 5684 683 5739 canda
716 5685 769 5739 in
802 5688 1154 5753 quaestionem
1192 5684 1413 5752 iterum,
1438 5703 1543 5741 ttutt
1567 5689 1632 5743 de
1662 5686 1731 5742 iis
1768 5686 2073 5755 disquiren-

2150 1879 2240 1913 τον
2274 1862 2367 1914 καὶ
2399 1861 2565 1914 ἀΐδιον
2593 1861 2683 1913 καὶ
2699 1861 2930 1932 ἄναρχον
2948 1863 3041 1913 καὶ
3063 1861 3276 1932 πρῶτον
3303 1864 3395 1915 καὶ
3426 1863 3583 1933 μόνον
3611 1865 3724 1917 Πα-

2151 1954 2285 2025 τέρα
2341 1952 2536 2005 σέϐεινο
2587 1953 2678 2005 τὸν
2720 1954 2775 2005 δὲ
2805 1954 2865 2004 ἐκ
2896 1952 2988 2005 τοῦ
3023 1952 3232 2025 Πατρὸς
3271 1956 3587 2026 γεννηθῆναι
3630 1956 3723 2009 καὶ

2157 2043 2477 2113 ὑποστῆναι,
2525 2044 2618 2096 καὶ
2646 2042 2804 2113 μόνον
2855 2043 2980 2094 Υἱὸν
3011 2042 3119 2111 (57)
3155 2045 3412 2116 μονογενῆ
3457 2042 3595 2099 εἶναι
3644 2064 3725 2099 πι-

2157 2132 2362 2185 στεύειν
2377 2133 2507 2185 Θεὸν
2535 2151 2591 2185 τε
2617 2134 2775 2187 αὑτὸν
2793 2135 2865 2197 ὼς
2882 2134 3095 2204 ἀληθῶς
3110 2136 3236 2188 Υἱὸν
3267 2136 3391 2188 ὂντα
3414 2137 3569 2201 Θεοῦ,
3586 2156 3724 2207 γνω-

2157 2223 2343 2293 ρίζειν.
2358 2224 2494 2295 Εἰδὴ
2514 2224 2621 2293 (58)
2637 2221 2727 2278 οὖν
2741 2226 2945 2288 τούτοις
2966 2226 3061 2296 μὲν
3075 2228 3183 2295 (59)
3201 2224 3491 2296 ἀντιλέγων
3507 2247 3589 2292 τις
3610 2230 3725 2298 cpan

2155 2329 2314 2373 νοιτο,
2352 2311 2521 2380 Λόγον
2548 2313 2602 2366 δὲ
2633 2312 2765 2365 Θεοῦ
2799 2314 2997 2383 ὁμοίως
3024 2314 3099 2383 τῷ
3132 2316 3186 2366 ὲν
3215 2315 3517 2386 ἀνθρώποις
3538 2318 3725 2371 τοῦτον

2156 2402 2405 2470 ὁρίζοιτο,
2433 2404 2531 2455 οὐκ
2561 2404 2753 2455 ἐννοῶν
2780 2405 2897 2456 οὐδὲ
2923 2405 3283 2475 λογιζόμενος,
3320 2408 3394 2471 ὡς
3415 2409 3563 2463 οὐδὲν
3620 2410 3727 2481 χρὴ

2158 2494 2505 2563 θνητὸν,οὑδὲ
2542 2492 2871 2563 ἀνθρώπινον
2900 2494 2977 2564 τῷ
3015 2496 3268 2548 ἐπέκεινα
3302 2497 3407 2550 τῶν
3432 2498 3567 2551 ὅλων
3598 2501 3727 2553 ἀνα-

2156 2585 2359 2638 τιθέναι
2382 2584 2519 2654 Θεῷ,
2550 2585 2657 2637 οὐδ’
2677 2585 2811 2648 ὅλως
2834 2603 2883 2638 τι
2906 2586 3012 2639 τῶν
3038 2591 3115 2650 εἰς
3144 2590 3412 2661 ἡμετέραν
3429 2590 3728 2662 ἐνθύμησιν

2158 2677 2431 2737 ἀνιόντων,
2451 2676 2553 2729 κᾶν
2584 2677 2637 2729 αἱ
2667 2676 2804 2729 θεῖαι
2836 2677 3068 2747 Γραφαὶ,
3097 2679 3280 2750 ὥσπερ
3315 2680 3463 2743 τινὰς
3503 2682 3729 2751 νηπίους

2160 2768 2597 2836 παιδαγωγοῦσαι
2624 2769 2747 2831 τοὺς
2781 2770 3220 2840 ἐντυγχάνοντας,
3253 2772 3729 2845 ἀνθρωπινώτερον

2160 2860 2286 2932 περὶ
2320 2859 2614 2929 αὐτοῦμθ)
2664 2860 3031 2928 διαλέγωνται,
3075 2865 3259 2932 χεῖρας
3307 2863 3474 2935 αὐτῷ,
3512 2866 3603 2917 καὶ
3634 2866 3732 2917 πό-

2160 2953 2274 3018 δας,
2298 2954 2388 3005 καὶ
2413 2953 2739 3023 ὀφθαλμοὺς,
2777 2954 2870 3006 καὶ
2889 2954 3086 3023 φωνὰς,
3119 2956 3211 3007 καὶ
3247 2956 3456 3023 λόγους,
3493 2959 3587 3011 καὶ
3610 2960 3731 3012 στό-

2092 3079 2133 3133 D
2165 3064 2327 3117 ματα,
2372 3048 2465 3099 καὶ
2520 3046 2827 3117 πρόσωπον,
2864 3049 2955 3100 καὶ
3000 3048 3166 3121 μυρία
3212 3048 3342 3101 ἄλλα
3392 3049 3613 3103 τοιαῦτα
3645 3069 3733 3104 πε-

2169 3138 2505 3207 ριάπτουσαι·
2540 3135 2576 3188 ἃ
2605 3134 2667 3205 δὴ
2692 3136 2801 3207 (41)
2844 3137 3109 3208 προσήκει
3143 3138 3466 3208 μεταφέρειν
3492 3138 3585 3191 ἐπὶ
3617 3137 3735 3190 θεο-

2166 3231 2394 3299 πρεπεῖς
2421 3228 2646 3293 ἐννοίας,
2680 3228 2830 3281 οὐδὲν
2863 3228 3053 3299 θνητὸν
3080 3229 3186 3282 οὐδ’
3211 3229 3543 3300 ἀνθρώπινον
3568 3232 3625 3283 έν
3657 3229 3735 3301 τῷ

2174 3658 2297 3727 dum
2327 3657 2773 3726 ambigendumve
2817 3674 2830 3710 :
2868 3657 3074 3726 optimo
3107 3658 3369 3721 instituto,
3420 3668 3472 3712 et
3521 3673 3733 3717 summo

2174 3725 2427 3800 Feclesize
2452 3728 2593 3781 bono
2628 3728 2680 3800 in
2713 3742 2864 3781 usum
2891 3725 3212 3800 revocando.
3253 3728 3386 3800 Nam
3435 3729 3735 3800 cuicunque

2177 3797 2427 3860 Cerdoni,
2460 3798 2681 3863 sartori,
2710 3797 2926 3862 textori,
2946 3798 3011 3850 de
3048 3800 3209 3851 rebus
3244 3799 3413 3852 sacris
3438 3797 3734 3868 garriendi,

2179 3877 2371 3921 contra
2428 3882 2514 3921 res
2566 3882 2751 3921 sacras
2800 3868 3100 3937 insaniendi
3137 3868 3353 3936 impune
3383 3870 3733 3937 permittitur,

2180 3947 2491 4005 usurpatur,
2512 3937 2682 3990 ἄδεια.
2706 3938 2927 3990 Videtur
2948 3936 3317 4007 hicgEusebins
3342 3936 3585 4007 jugulum
3628 3941 3737 3993 sal-

2178 4015 2284 4059 tem
2306 4010 2476 4080 ipsum
2498 4017 2680 4080 petere
2696 4006 3007 4080 Arianismi.
3036 4005 3319 4080 Eratenim
3341 4005 3611 4080 illud‘Arii
3633 4009 3707 4080 ψή
3734 4046 3740 4051 .

2178 4072 2372 4146 φισμα,
2409 4076 2459 4130 in
2494 4072 2682 4144 primis
2710 4076 3061 4147 κυριώτατον,
3090 4072 3168 4145 ἦν
3197 4076 3293 4130 ὅτε
3324 4079 3433 4130 οὐκ
3462 4074 3558 4148 ἦν,
3592 4072 3735 4148 quod

2176 4148 2390 4199 videtur
2420 4161 2618 4215 negare
2643 4163 2657 4199 :
2686 4146 2793 4201 sed
2814 4161 2999 4200 revera
3027 4147 3253 4209 videtur,
3284 4164 3404 4199 nam
3432 4146 3493 4202 et
3518 4146 3651 4202 εἶναι
3680 4160 3737 4202 et

2175 4220 2417 4286 προεῖναι
2443 4220 2740 4270 concedere
2762 4216 2909 4268 illum
2945 4224 3213 4286 poterant,
3240 4227 3294 4270 et
3323 4232 3507 4271 revera
3535 4235 3736 4271 conce-

2174 4285 2391 4357 dcbant,
2425 4302 2521 4340 nec
2548 4286 2943 4357 t_antett:tbilla
2993 4285 3119 4357 δόξᾳ
3176 4286 3341 4357 κυρίᾳ
3389 4290 3734 4357 recedebant,

2172 4355 2276 4424 πρὸ
2296 4358 2501 4427 χρόνων
2531 4352 2668 4427 εἶναι
2699 4356 2789 4407 τὸν
2838 4355 2962 4427 Υἱὸν
2996 4352 3199 4427 ἔλεγον,
3250 4352 3575 4427 πεποιῆσθαι
3606 4357 3738 4427 μέν-

2104 4430 2144 4483 D
2172 4441 2273 4487 τοι,
2301 4428 2393 4477 καὶ
2413 4426 2509 4478 ἕνα
2537 4425 2643 4478 τῶν
2680 4426 2990 4495 κτισμάτων
3032 4425 3191 4495 αὐτὸν
3222 4425 3518 4491 ἐδίδασκον,
3564 4425 3622 4481 ut
3664 4429 3740 4481 lo-

2179 4498 2363 4565 quitur
2398 4511 2621 4565 magnus
2643 4494 2992 4559 Athanasius,
3030 4494 3104 4547 De
3146 4500 3344 4563 synodo
3398 4500 3736 4551 Ariminensi.

2178 4563 2398 4633 Nempe,
2444 4563 2567 4619 ante
2610 4564 2744 4619 alias
2793 4580 2981 4619 omnes
3030 4576 3309 4620 creaturas
3362 4567 3561 4622 factum
3606 4567 3740 4620 fate-

2178 4634 2395 4706 bantur,
2429 4645 2753 4706 nontamen
2797 4633 2865 4686 ab
2906 4646 3129 4706 aeterno.
3165 4634 3373 4689 Infinita
3416 4639 3611 4706 quippe
3643 4653 3741 4691 sa:-

2176 4706 2291 4756 cula
2308 4705 2357 4757 in
2383 4704 2682 4757 {eternitate
2701 4704 3053 4773 κοσμοποιίαν
3073 4707 3429 4760 antevertisse
3454 4704 3741 4763 doc—ebant.

2176 4774 2354 4844 Atque
2388 4774 2461 4827 ita
2495 4773 2759 4827 Eusebius
2785 4775 2840 4827 in
2875 4775 2997 4827 lidci
3030 4790 3139 4827 suce
3179 4775 3414 4839 ἐκθέσει,
3442 4790 3601 4844 quam
3646 4778 3743 4831 Ec.

2176 4843 2353 4915 oles-ite
2406 4845 2683 4915 ascribit,
2722 4844 2887 4915 Deum
2944 4844 3157 4915 Patrem
3219 4843 3512 4915 ἀγέννητον
3564 4858 3743 4909 vocat,

2176 4912 2372 4984 Filium
2398 4913 2594 4967 fatetur
2619 4914 2777 4984 μόνον
2794 4913 2885 4965 καὶ
2906 4914 3189 4983 μονογενῆ,
3214 4932 3317 4968 non
3337 4912 3515 4969 autem
3536 4916 3744 4979 ἁῖδίως.

2178 4983 2281 5035 Sed
2315 5000 2411 5035 nee
2446 4985 2531 5036 illa
2568 4983 2685 5047 quae
2712 5000 2831 5036 mox
2868 4988 3128 5047 annectit,
3166 4984 3298 5037 Θεό-θ
3347 5002 3403 5037 τε
3448 4985 3634 5050 αὑτὸν,
3670 4986 3744 5052 ὼς

2176 5052 2389 5121 ἀληθῶς
2413 5054 2538 5106 Υἱὸν
2563 5054 2691 5105 ὄντα
2728 5052 2885 5118 Θεοῦ,
2922 5054 3225 5123 γνωρίζειν,
3256 5056 3321 5106 ab
3356 5057 3665 5108 Arianisnnu
3687 5059 3743 5109 il-

2178 5123 2283 5174 luni
2313 5126 2637 5186 excludunt;
2661 5138 2783 5175 nam
2812 5126 2993 5177 Ariani
3026 5128 3159 5179 hucd
3182 5127 3362 5188 abant,
3393 5128 3483 5177 sed
3504 5136 3745 5179 creatutu

2177 5201 2351 5245 tamen
2376 5210 2390 5255 ;
2426 5204 2479 5246 et
2507 5196 2571 5245 de
2598 5194 2697 5245 οὐκ
2721 5191 2888 5245 ὄντων
2922 5195 3390 5248 videAtltan.orat.
3424 5209 3505 5248 ιιι.
3529 5192 3601 5249 Μ.

2249 5262 2357 5336 (55)
2396 5263 2595 5336 Θάρσει
2626 5264 2741 5336 loco
2774 5264 2963 5334 θράσει
2990 5279 3052 5319 ex
3089 5279 3231 5319 corr.
3268 5266 3463 5336 recepi.

2250 5334 2362 5399 (56)
2405 5335 2528 5386 Dele
2551 5334 2668 5385 καί.

2248 5403 2359 5472 (57)
2391 5403 2558 5473 Vulgo
2592 5405 2684 5456 καὶ
2712 5421 2830 5473 μον.

2250 5471 2360 5543 (58)
2391 5471 2558 5543 Vulgo
2595 5473 2673 5527 δέ.

2248 5544 2358 5614 (59)
2394 5542 2561 5614 Vulgo
2584 5542 2901 5614 ἀντιλέγειν.

2248 5611 2360 5684 (40)
2393 5611 2560 5685 Vulgo
2582 5611 2935 5685 διαλέγονται.

2250 5672 2360 5754 {ei}
2399 5672 2566 5739 Vulzo
2595 5684 2655 5735 δέ
