4098 6200
417 333 514 383 ττι

1559 329 1842 386 CONTRA
1877 332 2306 406 MARCELLUM
2347 335 2475 390 LIB.
2519 338 2558 394 1.

3569 349 3666 400 722’

417 445 536 518 Θεῷ
570 439 709 498 εἶναι
736 441 1196 514 φανταζομένους.
1231 445 1472 515 Πνεῦμα
1503 445 1611 518 γὰρ
1651 451 1682 500 ό
1718 448 1860 514 Θεὸς
1900 449 1996 502 καὶ

2106 466 2266 503 unum
2295 453 2672 520 eumdemquc,
2703 453 2747 506 is
2778 454 3015 522 profecto
3048 454 3344 510 Sabellium
3377 465 3541 511 totum
3570 462 3666 514 sibi

418 539 560 605 τοὺς
598 536 1093 606 προσκυνοῦντας
1131 535 1290 602 αὐτῷ
1319 538 1388 590 ἐν
1415 541 1703 610 πνεύματι
1728 544 1826 595 καὶ
1851 543 1995 610 ἀλη-

418 631 548 698 θείᾳ
593 628 690 682 δεῖ
727 629 1116 696 προσκυνεῖν,
1159 628 1322 692 αὐτὸς
1361 629 1646 695 ἐδίδαξενό
1671 633 1883 704 Σωτήρ.
1933 635 1995 686 Et

416 722 475 774 δὲ
515 721 745 790 πνεῦμα,
777 718 932 789 δῆλον
962 719 1043 772 ὅτι
1081 718 1242 783 θεῖον,
1281 722 1524 792 κρεῖττον
1556 723 1756 786 παντὸς
1807 724 1997 801 αἰσθη-

417 830 514 866 του
541 812 634 866 καὶ
666 810 916 864 συνθέτου
948 809 1216 882 σώματος·
1255 812 1330 875 ὡς
1367 815 1501 884 μήτε
1524 815 1718 884 Λόγον
1742 815 1996 886 αἰσθητὸν

421 905 565 976 ἔχειν
595 904 698 956 ὑπὸ
712 901 956 974 γλώττης
989 902 1099 974 (42)
1130 902 1507 975 ὲξηχούμενον,
1545 906 1638 958 καὶ
1680 905 1766 959 διὰ
1795 924 1998 978 προφο-

425 999 523 1068 ρᾶς
546 996 754 1066 θνητοῖς
789 995 925 1048 ὠσὶν
954 995 1363 1066 ὲξακουόμενον,
1399 998 1535 1067 μήτε
1569 996 1833 1065 γλῶτταν,
1861 1001 1996 1071 μήτε

421 1088 621 1158 φωνὴν,
651 1087 789 1158 μήτε
806 1086 1132 1165 οπρόσωπον,
1163 1088 1300 1158 μήτε
1316 1086 1443 1140 ἄλλο
1467 1087 1645 1159 θνητῷ
1668 1091 1761 1144 καὶ
1787 1089 1881 1143 ἀνθ
1889 1108 1996 1161 ρω-

416 1181 556 1251 πίνῳ
587 1179 836 1252 λογισμῷ
881 1177 1381 1252 παραϐαλλόμενον.
1429 1181 1492 1234 El
1547 1182 1655 1252 γάρ
1691 1200 1743 1236 τι
1782 1183 1929 1247 ἄλλο,
1965 1183 1996 1237 ὃ

415 1270 724 1341 ὀφθαλμὸς
756 1273 867 1325 οὐκ
887 1267 1069 1335 εῖδεν,
1104 1271 1246 1325 οὐδὲ
1273 1268 1383 1340 οὖς
1405 1273 1694 1342 ἤκουσεν,
1721 1276 1863 1329 οὐδὲ
1899 1276 1998 1329 ἐπὶ

412 1363 528 1431 τὴν
581 1362 696 1434 (45)
732 1363 986 1431 καρδίαν
1017 1362 1331 1431 ἀνθρώπου
1383 1368 1495 1420 οὐκ
1533 1367 1737 1436 ἀνέϐηο
1771 1366 1995 1439 (τοιαῦτ’

409 1451 570 1520 εἶναι,
589 1455 628 1508 ἀ
652 1455 981 1525 ἡτοίμασεν
1014 1458 1046 1509 ὁ
1075 1455 1217 1522 Θεὸς
1249 1457 1563 1526 ἀγαπῶσιν
1583 1459 1790 1525 αὐτὸν,
1813 1462 1998 1526 όθεῖος

409 1546 650 1614 ἐδίδαξεν
694 1548 1058 1622 Ἀπόστολος)
1091 1549 1296 1605 τούτων
1323 1553 1578 1606 ἁπάντων
1607 1552 1788 1618 αὐτὸς,
1818 1554 1845 1605 ὁ
1877 1553 1998 1607 τού-

409 1655 520 1692 των
551 1638 714 1710 δοτὴρ
737 1640 990 1711 ἀρρήτων
1021 1640 1087 1695 ἂν
1111 1642 1198 1713 εἴη
1223 1643 1606 1716 atem-cmm-
1633 1645 1692 1708 ὃς
1729 1645 1841 1716 (44)
1878 1645 1998 1698 πολ-

413 1730 491 1802 λῷ
533 1731 729 1802 μᾶλλον
783 1731 1144 1806 ἀληθέστερον
1193 1735 1326 1807 φαίη
1373 1734 1436 1789 ἂν
1486 1737 1542 1788 ὲν
1569 1739 1635 1807 τῇ
1669 1738 1796 1809 περὶ
1830 1738 1992 1792 αὐτοῦ

2100 526 2309 594 ίιιιίυίίε
2344 544 2411 594 ab
2448 541 2533 594 illa
2577 542 2747 611 gratia
2782 552 2836 596 et
2869 545 3176 613 cognitione
3213 545 3422 600 alienus
3453 549 3668 614 excidit,

2097 645 2216 699 quze
2247 647 2342 701 per
2374 631 2648 686 Christum
2692 645 2790 687 est.
2829 633 3140 705 Disquirere
3186 651 3289 691 non
3331 639 3538 706 patitur
3568 638 3669 692 Ec-

2099 720 2275 775 clesia:
2295 723 2401 786 lex,
2428 725 2622 776 nedum
2645 723 2996 780 subdubitare
3027 742 3145 791 nos,
3167 739 3259 781 aut
3297 742 3492 782 vocare
3516 729 3669 783 inter-
3706 721 3709 730 ’

2099 813 2340 882 rogando
2369 815 2419 866 in
2452 816 2821 883 quzestioncm,
2870 827 3046 871 utrum
3095 819 3186 871 Dei
3219 818 3386 873 Filius
3430 820 3669 890 unigeni-

2100 913 2208 970 tus,
2243 914 2352 958 erat
2374 944 2388 970 ,
2418 915 2472 958 et
2503 917 2629 963 ante
2662 911 2839 962 omnia
2860 911 3267 979 pt-wexsistelvat.
3299 912 3466 966 Docet
3493 921 3670 966 autem

2101 995 2207 1070 {ide
2234 997 2542 1062 ratiltabita,
2591 1011 2643 1053 et
2691 1016 2812 1053 cum
2842 1017 3048 1054 summa
3093 1003 3414 1057 confidentia
3449 1005 3668 1071 prolite-

2102 1096 2208 1151 tur,
2269 1087 2434 1142 Deum
2493 1092 2573 1144 sui
2623 1088 2741 1144 Filii
2789 1092 3046 1160 unigeniti
3098 1109 3216 1147 esse
3265 1093 3512 1161 Patrem,
3565 1112 3669 1150 non

2100 1190 2280 1235 autem
2317 1181 2528 1234 Patrem
2560 1198 2679 1237 esse
2708 1181 2925 1248 Filium,
2961 1183 3038 1237 vel
3074 1184 3260 1237 Filium
3290 1201 3411 1242 esse
3436 1188 3668 1242 Patrem.

2099 1272 2252 1329 llunc
2313 1289 2430 1329 esse
2492 1275 2824 1344 ingenitum,
2874 1285 3170 1340 mternum,
3217 1277 3333 1330 siue
3385 1280 3672 1349 principio,

2098 1370 2330 1439 primum
2393 1379 2447 1422 et
2498 1368 2708 1432 solum,
2768 1365 2979 1421 Patrem
3033 1367 3390 1422 adorandum.
3450 1370 3602 1424 lllutn
3643 1387 3673 1423 a

2101 1458 2261 1513 Patre
2295 1474 2394 1514 suo
2424 1460 2691 1528 genitum,
2722 1460 3128 1523 subsistentem,
3160 1461 3331 1514 solum
3363 1460 3587 1528 Filium,
3622 1471 3678 1518 et

2100 1548 2453 1615 unigenitum.
2485 1547 2651 1601 Deum
2682 1550 2825 1602 hunc
2855 1551 3096 1620 agnoscit
3124 1566 3373 1607 veracem
3414 1568 3554 1621 esse,
3589 1565 3676 1610 ut-

2098 1647 2221 1708 pote
2247 1655 2368 1694 cum
2412 1639 2502 1694 Dei
2531 1639 2753 1694 exsistat
2791 1640 2982 1696 Filius.
3029 1641 3126 1696 Cui
3166 1644 3210 1695 si
3251 1643 3369 1712 quis
3403 1647 3676 1700 contradi-

2102 1749 2224 1788 cere
2281 1734 2560 1788 sententia:
2623 1747 2951 1803 praesumat,
3023 1744 3076 1789 et
3149 1736 3238 1789 Dei
3297 1735 3536 1792 Verbum
3602 1737 3675 1792 illi

418 1799 680 1897 θεολογίᾳ·
709 1799 1018 1895 ὀφθαλμόν
1048 1799 1134 1896 ph
1165 1799 1694 1896 ἐωραιιέναιμμῆόὲ
1722 1799 1831 1895 οὖς
1859 1829 1996 1898 ἀκη-

2106 1826 2260 1880 verbo
2291 1840 2387 1895 per
2410 1825 2586 1878 omnia
2632 1825 3035 1892 assimilaverit,
3080 1825 3220 1894 quod
3273 1827 3324 1880 in
3375 1827 3680 1881 hominibus

418 1915 643 1980 κοέναι,
663 1917 814 1985 μηδὲ
845 1918 942 1972 ἐπὶ
973 1919 1556 1989 καρδίανάνθρώπων
1573 1920 1999 1990 ἀναϐεϐηκέναι

417 2007 521 2078 τῆς
549 2009 673 2080 περὶ
707 2010 868 2064 αὐτοῦ
909 2012 1264 2084 καταλήψεως
1300 2012 1399 2085 τὴν
1429 2014 1652 2081 γνῶσιν,
1691 2014 1748 2067 '0
1769 2015 1814 2068 δ’
1838 2015 1998 2078 αὐτὸς

420 2100 488 2152 ἂν
531 2102 612 2172 εἴη
655 2102 808 2170 λόγος
834 2105 930 2156 καὶ
971 2105 1101 2176 περὶ
1133 2105 1234 2175 τῆς
1275 2105 1367 2158 τοῦ
1401 2106 1534 2159 Υίοῦ
1565 2107 1994 2180 γενεσιουργίας.

421 2189 635 2247 Τούτων
667 2193 711 2246 δ’
742 2193 904 2258 αὐτὸς
929 2197 958 2249 ὁ
983 2196 1174 2267 Σωτὴρ
1228 2195 1525 2269 ἀξιόχρεως
1557 2199 1752 2268 γένοιτ’
1776 2199 1841 2254 ἂν
1870 2201 2000 2270 ἡμῖν

420 2279 763 2355 ἱεροφάντης,
805 2279 908 2340 ὧδέ
936 2304 1012 2357 πη
1063 2287 1307 2356 φάσκων·
1345 2290 1549 2345 Πάντα
1570 2309 1674 2361 μοι
1704 2291 2000 2361 παρεδόθη

414 2375 531 2428 ὑπὸ
555 2377 661 2432 τοῦ
700 2380 929 2449 Πατρός
947 2398 1087 2449 μου*
1118 2384 1211 2437 καὶ
1249 2383 1458 2451 Οὐδεὶς
1490 2386 1869 2455 ἐπιγινώσκει
1899 2386 2002 2440 τὸν

423 2467 560 2520 Υἱὸν
583 2469 635 2521 εἰ
650 2469 738 2538 μὴ
794 2473 828 2524 ὀ
857 2473 1086 2543 Πατὴρ.
1119 2474 1262 2529 οὐδὲ
1304 2475 1409 2528 τὸν
1437 2475 1670 2544 Πατέρα
1702 2495 1790 2543 τις
1816 2478 2030 2547 ἑπιγι-,

413 2562 702 2618 νώσκειεί
727 2562 816 2634 μὴ
868 2566 901 2617 ό
950 2565 1100 2630 Υἱός.
1138 2566 1200 2619 Et
1249 2566 1313 2638 δὴ
1362 2562 1454 2621 οὖν
1487 2567 1696 2632 τούτοις
1727 2569 1823 2639 μὲν
1851 2572 2001 2623 ἀντι-

415 2652 709 2722 φθέγγοιτό
742 2669 847 2717 τις,
886 2652 978 2706 καὶ
1028 2653 1102 2724 μὴ
1135 2653 1225 2706 τὸν
1257 2654 1407 2717 Υίὸν,
1465 2647 1510 2723 ᾦ
1551 2656 1724 2709 πάντα
1760 2655 2005 2728 παρέδω-

416 2761 511 2798 κεν
536 2746 565 2797 ὁ
597 2743 788 2816 Πατὴρ
821 2744 1116 2814 ὑφεστάναι
1148 2744 1258 2815 (45)
1285 2744 1462 2813 λέγειν
1481 2745 1720 2817 τολμῴη,
1751 2747 1922 2816 Λόγον
1947 2749 2003 2802 δὲ

418 2836 580 2889 αὐτὸν
618 2835 853 2908 ὁρίζοιτο
895 2837 1073 2907 μόνον,
1105 2838 1288 2908 ὅμοιον
1325 2836 1402 2908 τῷ
1433 2839 1490 2891 ἐν
1517 2837 1844 2910 ἀνθρώποις,
1875 2842 2005 2894 ποτὲ

423 2928 524 2999 μὲν
552 2931 608 2980 ὲν
639 2927 716 3000 τῷ
741 2926 858 2999 Θεῷ
913 2928 1277 3000 ἡσυχάζοντα,
1323 2931 1524 3001 ὁμοίως
1574 2931 1651 3001 τῷ
1696 2935 1825 3003 παρ’
1876 2935 2006 3003 ἡμῖν

424 3019 721 3084 σιωπῶντι,
764 3021 890 3074 ποτὲ
920 3021 976 3074 δὲ
1004 3021 1351 3093 ἐνεργοῦντα,
1380 3021 1457 3092 τῷ
1486 3025 1615 3094 παρ’
1641 3025 1796 3094 ἡμῖν,
1823 3026 1880 3077 ὲν
1927 3025 2005 3096 τῷ

422 3113 624 3177 λαλεῖν,
653 3113 1003 3185 φθεγγομένῳ
1037 3114 1455 3186 παραπλησίως’
1489 3110 1607 3166 εἶτα
1630 3115 1816 3168 τοῦτον
1842 3117 2002 3170 αὑτὸν
2031 3141 2074 3200 C

422 3202 599 3274 καιρῷ
623 3221 749 3268 τινι,
780 3205 890 3258 οὐδ’
923 3202 1031 3273 (46)
1071 3204 1207 3258 ὅλων
1248 3204 1384 3257 ἐτῶν
1412 3203 1720 3276 ἔμπροσθεν
1741 3224 1999 3278 τετρακο-

423 3295 574 3359 σίων,
614 3297 790 3367 σάρκα
837 3297 999 3369 φησὶν
1046 3295 1164 3366 (οὐκ
1190 3291 1283 3348 οἷδ’
1313 3296 1482 3367 ὅπως)
1511 3297 1878 3370 ἀνειληφέναι,
1911 3302 2003 3354 καὶ

417 3387 485 3441 δι’
513 3388 680 3460 αὐτῆς
701 3388 818 3456 τὴν
839 3379 955 3442 κατ’
983 3387 1265 3459 ἄνθρωπον
1296 3391 1641 3460 οἰκονομίαν
1658 3391 1769 3462 (47)
1793 3393 2002 3446 τετελε-

418 3481 594 3545 κὲναι,
617 3483 709 3535 καὶ
731 3481 843 3553 (48)
884 3482 1005 3535 τότε
1059 3482 1196 3537 Υἱὸν
1231 3482 1379 3536 Θεοῦ
1409 3484 1716 3552 γεγονέναι,
1751 3486 1844 3539 καὶ
1892 3486 2001 3552 Ἰη-

417 3577 572 3630 σοῦν
601 3577 858 3646 Χριστὸν
891 3577 1247 3648 χρηματίσαι,
1281 3577 1549 3642 ,βασιλέα
1576 3594 1639 3631 τε
1663 3577 1775 3649 (49)
1801 3579 2000 3648 ἀναγο-

421 3669 667 3741 ρεῦσθαι,
684 3671 889 3724 εἰκόνα
909 3687 971 3723 τε
1002 3669 1108 3723 τοῦ
1130 3669 1278 3724 Θεοῦ
1307 3670 1414 3724 τοῦ
1437 3669 1712 3739 ἀοράτου,
1741 3671 1838 3725 καὶ
1855 3688 2006 3741 πρω-

417 3763 671 3816 τότοκον
714 3761 918 3830 πάσης
961 3763 1231 3830 κτίσεως,
1285 3762 1359 3833 μὴ
1391 3761 1519 3816 ὄντα
1557 3762 1824 3836 πρότερόν
1853 3781 2004 3827 ποτε,

419 3851 813 3923 ἀποδεδεῖχθαι·
860 3848 956 3906 εἴτ’
1002 3854 1096 3907 ἐπὶ
1144 3856 1210 3926 τῇ
1250 3855 1487 3927 τοσαύτῃ
1516 3855 1735 3927 ἀτοπίᾳ,
1783 3856 1903 3926 μηδ’
1949 3855 2007 3922 ἐξ

421 3937 596 4016 οὗπερ
628 3945 742 4014 (50)
781 3944 1013 3998 ὑπέθετο
1043 3944 1237 4017 χρόνου
1263 3945 1361 4016 τὴν
1391 3947 1470 4008 είς
1501 3945 1726 4019 ἄπειρον
1759 3949 1853 4001 καὶ
1885 3950 2010 4002 ἀτε-

419 4034 678 4106 λεύτητον
695 4033 837 4107 ζωήν
851 4053 911 4088 τε
929 4035 1022 4089 καὶ
1037 4035 1309 4106 βασιλείαν
1324 4034 1403 4105 τῷ
1419 4036 1590 4107 Χριστ
1607 4038 1633 4104 ξι
1651 4036 1842 4100 διδούς·
1857 4038 2008 4100 τέλος

418 4127 481 4180 δὲ
497 4127 644 4198 αὑτῷ
667 4127 787 4198 μηδ’
807 4128 980 4181 αἴσιον
997 4127 1214 4196 ἐπάγοι,
1238 4127 1358 4198 μηδ’
1377 4123 1486 4182 οἷον
1499 4129 1699 4192 τοῖςκδϋ
1715 4129 1879 4183 αὑτοῦ
1896 4129 2006 4185 τῶν

420 4218 766 4286 ἐπαγγελιῶν
815 4217 1380 4290 καταξιωθησομένοις
1402 4261 1416 4284 ,
1452 4213 1527 4274 ὧν
1559 4221 1720 4286 αὐτὸς
1752 4222 1780 4274 ό
1815 4223 2004 4295 Σωτὴρ

421 4309 778 4381 ἐπήγγελται,
797 4311 941 4382 ζωήν
955 4328 1014 4364 τε
1030 4309 1246 4364 αἰώνιον
1268 4311 1362 4364 καὶ
1383 4311 1688 4383 ἀφθαρσίαν
1706 4313 2004 4369 ἀθανασίαν

420 4417 484 4453 τε
510 4402 604 4454 καὶ
639 4400 914 4471 βασιλείαν
963 4401 1236 4474 οὐρανῶν,
1287 4401 1436 4468 τοῖς·
1466 4402 1778 4473 ἀγαπῶσιν
1819 4406 2004 4460 αὑτὸν

2100 1922 2406 1989 reperitur:
2441 1920 2483 1973 si
2528 1933 2624 1974 nec
2674 1919 2874 1988 cogitet
2906 1933 3112 1984 secum,
3145 1934 3245 1972 nec
3280 1919 3462 1973 animo
3510 1919 3680 1974 revol-

2098 2021 2219 2078 vat,
2268 2010 2400 2064 nihil
2451 2009 2582 2077 Deo,
2635 2025 2890 2081 supremo
2925 2025 3103 2064 rerum
3144 2010 3383 2064 omnium
3415 2010 3674 2080 principi,

2099 2118 2218 2159 esse
2266 2103 2626 2174 aﬂingendum
2672 2103 2812 2173 quod
2859 2103 2927 2157 sit
2969 2101 3198 2157 mortale
3248 2114 3302 2156 et
3337 2102 3677 2174 humanum:

2100 2194 2209 2248 imo
2236 2210 2303 2250 ne
2344 2195 2559 2264 quidem
2594 2193 2885 2248 illiusmodi
2935 2193 3134 2264 aliquid
3166 2209 3284 2264 qua:
3320 2209 3415 2250 nos
3447 2167 3681 2264 soieinus

2100 2287 2282 2342 animo
2306 2297 2360 2341 et
2399 2287 2726 2356 cogitatione
2756 2287 3238 2354 comprehendere,
3283 2297 3557 2356 utcunque
3604 2288 3684 2341 in-

2105 2382 2312 2436 terdum
2359 2378 2651 2450 Scriptura:
2701 2394 2910 2445 sacrae,
2959 2381 3086 2433 dum
3139 2389 3391 2452 tanquam
3436 2378 3685 2448 puerulos

2103 2474 2333 2529 lectores
2366 2473 2639 2539 erudiunt,
2677 2473 2983 2526 humanitus
3014 2473 3079 2526 de
3121 2471 3228 2524 Deo
3266 2471 3413 2539 loqui
3449 2471 3683 2536 soleant,

2101 2563 2229 2618 dum
2281 2578 2470 2616 manus
2506 2562 2603 2624 illi,
2639 2557 2857 2624 oculos,
2896 2561 3079 2630 pedes,
3130 2576 3338 2624 vocem,
3379 2561 3563 2623 verba,
3601 2575 3682 2624 os,

2106 2657 2332 2719 vultum,
2362 2663 2415 2709 et
2447 2663 2702 2710 sexcenta
2735 2651 2960 2721 hujusce
2996 2653 3214 2722 generis
3242 2661 3435 2705 caetera
3471 2653 3681 2705 soleant

2105 2750 2385 2818 adaptare,
2437 2762 2556 2814 qua:
2609 2759 2704 2799 nos
2763 2744 2943 2798 omnia
3002 2753 3218 2811 oportet
3263 2746 3329 2796 ad
3385 2743 3684 2797 diviniores

2107 2839 2403 2894 transferre
2448 2837 2824 2908 cogitationes,
2858 2851 2955 2890 nec
2986 2835 3251 2889 ullatenus
3298 2835 3582 2905 imaginari
3630 2835 3682 2888 in

2109 2932 2214 2985 Deo
2249 2932 2469 2984 humani
2520 2929 2811 2999 quidquam
2852 2928 2932 2983 vel
2969 2929 3130 2982 etiam
3167 2925 3395 2981 mortale
3428 2927 3681 2980 residere.

2107 3024 2243 3077 Deus
2276 3023 2477 3077 ctenim
2509 3022 2724 3091 spiritus
2756 3032 2864 3084 est,
2907 3030 2954 3073 et
2993 3023 3078 3089 qui
3130 3020 3354 3073 adorant
3393 3017 3594 3080 Deum,
3632 3019 3688 3071 in

2106 3117 2294 3183 spiritu
2345 3117 2498 3169 illaut
2524 3125 2570 3169 et
2608 3117 2828 3169 veritate
2861 3114 3089 3166 adorare
3131 3113 3314 3165 debent
3341 3112 3382 3178 ⁷,
3428 3111 3686 3180 quemad-

2110 3210 2329 3264 modum
2377 3209 2637 3264 Servator
2684 3222 2783 3261 nos
2817 3207 2995 3260 docet.
3040 3205 3191 3271 Quod
3245 3204 3289 3259 si
3336 3213 3514 3258 autem
3546 3203 3685 3258 Deus

2109 3303 2332 3372 Spiritus
2362 3303 2449 3363 sit,
2479 3301 2698 3355 omnino
2729 3309 2947 3365 constat
2968 3314 3086 3353 esse
3128 3313 3248 3352 cum
3296 3297 3462 3350 multo
3497 3295 3685 3350 melio-

2108 3407 2220 3448 rem
2265 3403 2317 3446 et
2354 3389 2824 3461 prtcstantiorem,
2875 3402 3199 3456 quacunque
3246 3402 3302 3439 re
3350 3385 3592 3440 sensibili
3632 3395 3686 3439 et

2108 3495 2358 3540 concreta
2385 3501 2400 3536 :
2432 3483 2572 3535 unde
2604 3480 2716 3546 iiet,
2747 3491 2806 3534 ιιι
2853 3495 2951 3533 nec
2996 3478 3223 3532 Verbum
3267 3479 3461 3533 habeat
3492 3481 3689 3548 lingua:

2108 3590 2241 3630 sono
2269 3572 2620 3644 prolatitium,
2645 3578 2700 3624 et
2729 3585 2822 3639 per
2851 3570 3046 3638 lingua:
3071 3570 3426 3638 prolationem
3458 3570 3687 3623 aliorum

2111 3671 2332 3726 auribus
2363 3670 2689 3724 insinuatum
2719 3686 2730 3722 :
2763 3667 2854 3722 sed
2892 3679 2989 3719 nec
3021 3664 3292 3734 linguam,
3328 3677 3538 3727 vocem,
3571 3665 3688 3716 vul-

2115 3773 2258 3823 tum,
2305 3769 2399 3814 aut
2447 3759 2591 3815 aliud
2630 3759 2951 3828 quidquam,
3004 3756 3148 3825 quod
3196 3755 3429 3808 lmmana
3474 3752 3688 3807 ratione

2077 3852 2494 3915 constituatur.
2552 3850 2829 3920 Siquidem
2885 3847 3031 3902 aliud
3081 3847 3370 3916 quidquam
3425 3845 3684 3905 exsistat.

2112 3948 2255 4017 quod
2289 3962 2388 4001 nec
2418 3946 2605 4000 oculus
2634 3944 2785 4009 vidit,
2821 3958 2919 3998 nec
2951 3941 3163 3994 audivit
3188 3939 3356 4003 auris,
3386 3953 3487 3994 nec
3517 3939 3568 3992 in
3595 3953 3688 3991 cor

2116 4039 2410 4095 humanum
2457 4036 2701 4091 ascendit
2731 4036 2848 4105 ejus
2887 4033 3189 4104 cogitatio:
3222 4031 3521 4102 cujusmodi
3566 4045 3688 4084 esse

2116 4131 2203 4188 illa
2241 4131 2397 4185 docet
2439 4144 2536 4184 nos
2579 4126 2888 4196 Apostolus,
2947 4140 3068 4195 qua:
3101 4123 3435 4195 diligentibus
3476 4137 3531 4175 se
3575 4120 3686 4173 [)0-

2114 4225 2286 4279 minus
2316 4221 2632 4293 prwparavit
2655 4221 2708 4274 ⁸;
2737 4228 2847 4273 tum
2877 4229 3024 4272 certe
3055 4219 3242 4270 horum
3272 4215 3511 4269 omnium
3535 4215 3690 4267 dator

2115 4318 2289 4382 Deus,
2339 4313 2796 4369 inenarrabilibus
2830 4320 2914 4365 est
2969 4308 3429 4364 inenarrabilior:
3465 4311 3524 4370 »Β
3555 4306 3692 4359 adeo

2113 4421 2171 4464 ut
2198 4411 2252 4464 iu
2291 4409 2499 4463 ratione
2533 4407 2600 4460 de
2635 4405 2741 4459 Deo
2799 4402 3101 4471 theologica
3138 4399 3488 4462 instituenda,
3523 4397 3694 4450 multo

424 4493 813 4566 ὑποσχόμενοςσ
839 4495 1136 4566 τηνικαῦτα
1165 4496 1222 4549 δὲ
1249 4497 1392 4548 κατά
1419 4496 1517 4567 τὴν
1547 4497 2003 4572 προσδοκωμένην

2113 4512 2259 4559 certe
2291 4501 2492 4558 rectius
2540 4496 2874 4570 pronuntiari
2918 4504 3113 4567 queat,
3154 4491 3358 4548 oculum
3405 4507 3564 4561 neque
3610 4491 3689 4543 ai-

500 4631 686 4701 »ΙςΕῲ
719 4631 918 4696 Paris.,
955 4649 1077 4701 pag.
1110 4636 1163 4686 6.

499 4703 517 4732 ⁷
556 4700 712 4758 Juan.
740 4718 814 4767 tv,
840 4703 931 4758 24.
1009 4700 1084 4755 ⁸⁷⁷1
1108 4705 1230 4758 Cur.
1259 4720 1317 4770 ll,
1345 4706 1396 4761 9.

501 4868 616 4941 (Ω)
649 4869 757 4939 Μρ.
785 4869 1050 4941 ὲξηγουμ.

523 4940 615 5013 45)
644 4941 771 5013 Dele
802 4940 924 5013 τήν.
949 4940 1069 5013 Mog;
1093 4940 1252 5011 vulgo
1279 4941 1480 5013 δωτὴρ.

525 5009 617 5096 μ)
646 5011 817 5099 'Vllpigo
843 5009 992 5099 ςὼςα
1021 5009 1146 5099 Mox
1171 5009 1387 5099 ivulgo
1411 5009 1590 5099 ⁷φόιναι
1610 5028 1632 5099 γ,
1667 5011 1799 5099 Alp.
1843 5013 2006 5099 φαίη.

429 5082 794 5184 φαίνῃῇιηςτιι
839 5082 1003 5184 νᾞςο
1025 5097 1244 5151 γεννησ.
1270 5093 1336 5170 'ct
1365 5082 1706 5184 ptuitt‘i‘tur‘a’
1744 5093 1862 5152 post
1888 5082 2011 5137 τού-

424 5151 846 5221 των.”1)εηί‹ιυο
878 5151 987 5220 Mp.
1021 5169 1112 5222 γρ.
1145 5153 1329 5223 πατήρ
1367 5152 1482 5206 loco
1517 5151 1754 5223 Erumpo,

504 5222 815 5296 (45)7Aévst
837 5220 1058 5296 τολμῶν
1101 5222 1278 5291 vulgo,
1328 5222 1433 5292 Mp.
1459 5223 1636 5290 λέγειν
1660 5223 1868 5294 τολμᾷ;
1903 5235 2012 5280 sta.

430 5294 528 5350 tim
559 5294 715 5363 vulgo
746 5294 977 5415 ὲνὲμῖν.
1031 5363 1042 5378 ι
1098 5361 1122 5371 _
1711 5320 1716 5326 .

505 5366 627 5415 (Mli
662 5362 798 5415 Οὐδ’
867 5366 992 5415 λων
1019 5379 1170 5415 ετων
1191 5363 1613 5415 τετρακοσίων.
1652 5361 1716 5415 Ha

505 5366 627 5437 (46)
657 5361 798 5418 Ὀὐδ’
833 5361 992 5418 ὅλων
1019 5361 1170 5437 ἑτῶν
1191 5363 1613 5437 τετρακοσίων.
1632 5361 1776 5437 ΔΗίλξξο
1810 5365 2007 5437 iterum

431 5433 650 5504 repetit,
686 5446 743 5488 ut
774 5443 828 5488 et
862 5435 1166 5504 sequentia,
1197 5449 1340 5504 qua:
1386 5435 1539 5501 quasi
1580 5433 1798 5504 σύνοψιν
1830 5436 2006 5488 conti-

430 5502 568 5561 nent
595 5503 868 5574 opinionis
897 5503 1159 5558 Marcelli.
1195 5502 1342 5558 Laxe
1374 5519 1551 5558 autem
1581 5503 1818 5571 loquitur
1845 5506 2006 5574 decu

432 5577 773 5700 ansis,nam
801 5583 928 5628 ante
955 5590 1157 5628 annum
1198 5589 1310 5629 cccn
1376 5575 1586 5629 obierat
1640 5575 1867 5644 ipsemet
1895 5573 2006 5627 Eu-

433 5661 494 5700 se
538 5662 638 5700 tus.
676 5686 694 5698 .
733 5681 748 5696 .

557 5662 638 5699 IIS.
676 5662 748 5698 Μ.

433 5661 638 5701 senius.
676 5661 748 5698 ιη.

512 5715 628 5786 (47)
661 5714 835 5786 Vulgo
861 5714 1109 5786 τετεληκ.

515 5783 626 5862 (48)
660 5783 797 5842 Τότέ
829 5784 963 5841 Υὶὸν
998 5783 1145 5841 Θεοῦ
1178 5784 1504 5856 γετονέι-ἀι.
1537 5784 1670 5841 Cum
1714 5783 1887 5840 factus
1933 5797 2011 5839 es-

2115 4882 2196 4925 set
2223 4870 2390 4938 Λόγος
2418 4865 2769 4937 προφορικός.
2801 4861 3120 4938 Namprius
3148 4870 3262 4915 erat
3283 4869 3487 4938 tantutn
3517 4858 3690 4938 ὲνᾷιόι-

2115 4942 2289 5004 θετος,
2309 4928 2320 4938 ’
2344 4928 2436 4994 sed
2463 4928 2474 4937 ’
2496 4928 2563 4991 ab
2601 4928 2880 5004 'aiteruo._
2897 4928 3124 5004 Videtur
3161 4941 3340 4984 autem
3387 4928 3690 5004 ‘Marcellus

2114 4997 2529 5077 illutlvposuisse,
2556 5006 2726 5074 Λόγον
2747 5005 2837 5058 Dei
2855 5001 3354 5077 Patris,_:et_ern_ttm,
3378 4997 3686 5077 ὑφεστῶτα,

2113 5083 2207 5135 sed
2243 5069 2580 5140 ε’νδιαθέτώς,
2615 5069 2719 5130 non
2769 5082 3015 5127 vocatum
3059 5073 3147 5126 Dei
3186 5069 3224 5122 F
3233 5072 3380 5123 ilium
3426 5079 3550 5122 ante
3604 5072 3690 5140 in-

2131 5153 2518 5205 carnationem.
2543 5139 2719 5213 ’Quod
2763 5147 2839 5198 sic
2865 5143 3091 5213 _aceipit
3133 5141 3418 5204 Eusebius,
3456 5156 3517 5193 ac
3555 5140 3599 5193 si
3630 5139 3690 5194 τὸ

2113 5217 2250 5274 εἶναι
2279 5221 2371 5273 τοῦ
2400 5219 2536 5284 υἱοῦ,
2555 5211 2822 5286 negasset.
2863 5211 2935 5286 Μ.

2184 5292 2296 5374 (to)
2330 5280 3126 5374 κξιιιεονᾶνηγορεύεσθαι.1Μοχ
3157 5281 3272 5337 dele
3291 5281 3383 5335 τοῦ
3401 5289 3525 5335 ante
3545 5280 3682 5333 Θεοῦ

2111 5373 2164 5416 et
2191 5353 2333 5416 infra
2359 5353 2461 5428 Μρῖ
2502 5361 2572 5412 to.
2597 5353 2658 5410 τό
2683 5353 2742 5408 τε
2784 5359 2902 5409 loco
2931 5353 3084 5428 3:615.

2185 5431 2294 5503 (50)
2347 5423 2614 5503 ’Υπέθετο
2647 5423 3397 5503 yid-musimmortalitatem
3438 5433 3503 5503 et.
3534 5433 3691 5476 aeter-

2112 5493 2336 5558 nitatem
2390 5493 2680 5554 adetuisse'
2712 5495 3020 5550 Marcellum
3077 5493 3166 5548 Dei
3225 5493 3381 5558 Filio,
3434 5495 3599 5546 etiam
3659 5509 3688 5546 ιι

2116 5582 2268 5641 parte
2295 5580 2413 5641 post
2446 5588 2459 5625 :
2495 5584 2654 5641 quam
2687 5578 2740 5621 et
2772 5565 2996 5641 angelis,
3037 5562 3690 5641 et__a_nimabus‘justoru1::

2116 5634 2464 5697 concedebat.
2500 5640 2670 5703 Quam
2694 5651 2846 5699 vere,
2878 5638 2928 5688 in
2963 5637 3066 5690 line
3094 5634 3215 5691 libri
3243 5634 3441 5705 quinti,
3467 5634 3553 5686 ubi
3590 5634 3691 5686 ista

2119 5713 2488 5783 exagitantur,
2527 5709 2829 5780 apparebit.
2866 5705 2914 5760 Μ
