4098 6200
518 329 624 388 τῖδ

1189 327 1460 394 EUSEBII
1498 304 1978 397 CESABlENSlS
2017 340 2168 398 opp.
2209 341 2390 396 psus
2425 339 2516 396 ιγ.
2557 372 2627 382 -
2662 340 3080 399 DOGMATICA.

3659 344 3763 399 724

515 457 684 522 disse,
741 473 844 512 non
891 475 1073 514 aurem
1119 463 1411 533 audivisse,
1460 484 1552 520 nec
1587 466 1641 520 in
1677 482 1768 521 cor
1800 468 2079 520 humanum

2194 465 2396 520 τούτων
2427 463 2636 531 ἐλπίδα,
2677 467 2790 530 τοῖς
2826 465 2922 536 μὲν
2951 463 3130 524 ἄλλοις
3165 461 3358 526 ἅπασι,
3385 461 3455 515 τά
3483 459 3584 533 τῆς
3615 458 3767 531 βασι-

514 549 803 618 aliquanda
833 554 1196 621 ascendisse’,
1227 558 1507 614 scientiam
1543 560 1689 613 illam
1709 599 1724 624 ,
1775 575 1877 628 qua
1915 560 2084 629 possit

514 641 631 705 ipse
661 646 1065 716 comprehendi.
1098 647 1230 714 Quae
1276 665 1493 718 quoque
1538 653 1676 706 ratio
1725 655 1780 709 in
1833 654 1952 708 Filii
1991 669 2086 724 ge-

515 733 797 789 neratione
823 735 983 791 debet
1015 739 1282 794 obtinere.
1317 739 1440 794 "me
1475 759 1576 796 non
1611 745 1748 798 alius
1783 746 1936 800 nobis
1969 744 2086 816 [an-

516 824 691 897 tistes]
733 842 894 897 quam
946 830 1174 898 ipsemet
1217 832 1490 900 Servatur,
1543 835 1644 890 lide
1679 833 1869 905 dignus
1917 853 2086 892 enun-

515 917 684 970 tiavit.
713 918 801 972 Ait
831 931 1007 975 autem
1037 942 1050 978 :
1087 925 1277 979 Omnia
1313 928 1442 981 mihi
1480 929 1676 981 tradita
1706 939 1824 983 sunt
1854 946 1886 982 a
1921 928 2086 984 Patre

511 1023 625 1077 meo
651 1009 714 1073 ‘°,
744 1021 797 1065 et
834 1030 847 1065 :
891 1011 1058 1066 Nemo
1107 1017 1244 1070 novit
1301 1015 1502 1072 Filium
1537 1021 1639 1073 nisi
1693 1020 1881 1083 Pater,
1923 1035 2085 1088 neque

510 1101 726 1158 Patrem
759 1106 862 1159 nisi
890 1104 1067 1160 Filius
1093 1107 1157 1161 ¹¹.
1198 1107 1255 1162 Si
1303 1110 1424 1179 quis
1474 1110 1594 1166 istis
1643 1113 1836 1166 audeat
1877 1111 2084 1165 obnun-

510 1194 690 1262 tiare,
746 1204 800 1250 et
868 1197 1083 1264 Filium,
1131 1199 1220 1254 cui
1267 1200 1461 1256 tradita
1509 1213 1634 1256 sunt
1680 1218 1708 1256 a
1760 1201 1921 1257 Patre
1962 1217 2080 1256 om-

509 1285 620 1350 nia,
667 1287 1050 1344 subsistentem
1082 1302 1280 1360 neget:
1314 1294 1538 1348 verbum
1571 1309 1702 1348 vero
1737 1293 1910 1349 solum
1945 1293 2080 1348 deii-

511 1379 645 1442 niat,
677 1379 932 1444 humano,
970 1396 1065 1450 per
1108 1384 1310 1449 omnia,
1358 1386 1524 1440 verbo
1571 1385 1778 1452 simile,
1813 1385 2081 1440 interdum

508 1471 563 1524 in
601 1469 708 1526 Deo
752 1473 1162 1542 conquiescens,
1192 1477 1267 1529 uti
1314 1475 1454 1531 solet
1484 1477 1538 1532 in
1579 1477 1751 1542 nobis,
1783 1477 1871 1532 ubi
1905 1476 2083 1533 conti-

509 1562 801 1630 cueritnus,
834 1579 934 1618 usu
971 1567 1156 1622 venire
1193 1585 1208 1622 :
1241 1567 1510 1623 interdum
1546 1584 1776 1640 operans
1808 1569 1861 1624 in
1897 1570 2081 1624 eodem

507 1655 659 1711 Deo:
703 1666 794 1718 ut,
843 1673 940 1712 nos
983 1673 1104 1712 cum
1163 1658 1455 1728 loquimur,
1502 1661 1724 1714 verbum
1777 1671 2079 1730 personat:

509 1747 653 1804 hunc
685 1765 811 1805 vero
845 1750 1048 1820 ipsum,
1094 1766 1216 1806 cum
1247 1753 1327 1808 sic
1369 1752 1604 1808 Verbum
1651 1754 1908 1821 exsistat,
1953 1763 2078 1810 ante

508 1852 682 1893 annos
712 1841 950 1895 nondum
998 1851 1142 1898 totos
1174 1844 1597 1916 quadringentos
1644 1844 1863 1906 factum.
1901 1846 2080 1901 nescio
2112 1827 2152 1881 Β

511 1940 691 1986 tamen
724 1934 887 2000 unde,
930 1944 1025 1990 aut
1054 1952 1162 2008 quo
1200 1949 1379 2009 pacto,
1426 1955 1646 1996 carnem
1681 1943 2076 2010 assumpsisse:

504 2021 563 2078 in
605 2037 708 2093 qua
760 2039 925 2080 carne
965 2026 1043 2082 sic
1083 2038 1378 2096 assumpta,
1425 2029 1592 2094 illam,
1621 2045 1742 2099 quae
1787 2031 2078 2085 secundum

507 2115 783 2170 hominem
829 2126 945 2177 est.
990 2117 1430 2184 dispensationem
1477 2119 1765 2187 perfecisse
1800 2139 1814 2175 :
1858 2129 1914 2175 et
1953 2129 2080 2177 tunc

505 2205 740 2279 primum
778 2206 873 2262 Dei
897 2206 1098 2261 Filium
1136 2209 1409 2265 exstitisse
1450 2229 1464 2263 :
1495 2208 1776 2279 Jesumque
1813 2209 2077 2266 Christum

507 2298 576 2354 de
609 2299 826 2354 nomine
859 2309 1250 2370 nuncupatum;
1279 2301 1642 2358 renuntiatum
1676 2303 1903 2372 Regem:
1932 2302 2080 2356 Ima-

505 2391 676 2462 ginem
715 2391 815 2445 Dei
856 2390 1132 2446 invisibilis
1169 2408 1187 2446 :
1230 2394 1399 2448 omnis
1462 2405 1718 2449 creatum
1763 2393 2079 2462 primogeni-

507 2494 615 2536 tum
647 2485 710 2547 ¹²,
758 2484 849 2552 qui
901 2485 1033 2540 nihil
1089 2487 1278 2540 horum
1329 2485 1479 2554 prius
1523 2485 1840 2550 exstiterat,
1895 2483 2074 2538 docet.
2113 2513 2119 2519 -

505 2573 667 2630 Hisce
722 2577 968 2632 cumulus
1007 2578 1215 2634 accedit
1252 2578 1562 2648 impietatis,
1601 2577 1742 2648 quod
1788 2593 1883 2632 nec
1913 2577 2075 2630 vitam

504 2666 778 2737 perpetuis
807 2666 1017 2722 sarculis
1047 2667 1381 2730 duraturam,
1415 2681 1513 2721 nec
1559 2677 1823 2720 aeternum
1863 2665 2078 2721 Christo

509 2773 734 2827 regnum
801 2761 1164 2826 concesserit,
1212 2761 1280 2814 ab
1320 2759 1413 2815 illo
1464 2761 1604 2829 quod
1656 2759 1968 2828 supposuit,
2011 2772 2074 2812 ex

502 2861 658 2905 ortus
704 2851 846 2905 illius
905 2862 1146 2923 tempore
1182 2852 1537 2914 decurrendo,
1594 2853 1686 2906 sed
1746 2852 2076 2918 inauspicato

504 2946 658 3007 satis,
685 2945 791 2999 ﬁne
820 2945 1244 3013 circumscripsit
1269 2954 1662 3008 consummato,
1697 2961 1870 3014 neque
1902 2948 2072 3012 ipsum

503 3037 755 3105 dignatus
781 3045 868 3090 est
895 3051 960 3090 eo
993 3045 1157 3102 statu,
1183 3050 1288 3104 quo
1318 3035 1459 3101 illos,
1484 3037 1572 3104 qui
1603 3050 1696 3104 per
1725 3038 1898 3104 ipsum
1927 3035 2071 3089 illam

503 3128 629 3181 olim
683 3137 1082 3198 consequentur
1130 3127 1591 3182 immortalitatem
1635 3146 1646 3180 :
1697 3128 1892 3195 quibus
1944 3127 2140 3216 Ser-C

505 3229 657 3273 vator
688 3218 989 3288 pollicetur,
1035 3219 1198 3272 vitam
1234 3233 1291 3273 se
1328 3229 1608 3282 αξιοι-ηοω,
1652 3216 2072 3284 incorruptibili-

505 3321 688 3374 tatem,
734 3311 1039 3365 immortale
1084 3311 1138 3364 in
1188 3309 1342 3364 crelis
1387 3323 1646 3379 regnum.
1697 3307 2068 3376 elargiturum,

502 3405 757 3459 nimirum
787 3403 1121 3474 diligentibus
1151 3421 1226 3458 se.
1258 3401 1454 3470 Quidni
1498 3403 1662 3472 igitur
1715 3411 1904 3472 aperte
1947 3417 2072 3471 pro-

2186 555 2333 620 λείας
2361 559 2440 620 είς
2469 555 2822 628 ἀτελεύτητον
2850 557 3156 628 διαρκέσειν
3173 555 3342 609 αἰῶνα
3374 555 3594 624 φάσκοι,
3623 555 3766 626 μόνῳ

2184 648 2239 701 δὲ
2269 646 2418 718 αὐτῷ
2445 648 2521 718 τῷ
2550 647 2770 719 Χριστῷ
2815 647 3018 700 τούτων
3064 646 3316 700 ἁπάντων
3347 645 3551 718 ἁθρόαν
3601 646 3762 717 γενή-

2189 737 2373 790 σεσθαι
2401 737 2679 808 στέρησιν,
2719 735 3137 806 παυθησομένης
3162 737 3259 807 μὲν
3286 735 3448 788 αὑτοῦ
3496 735 3598 805 τῆς
3616 734 3766 805 βασι-

2184 829 2352 894 λείας,
2387 830 2485 900 τῆς
2509 829 2564 881 δὲ
2598 828 2818 902 σαρκὸς,
2846 823 2914 899 ἧς
2953 828 3228 898 ἀνείληφε,
3265 827 3765 899 καταλειφθησομέ-

2184 941 2281 996 νης
2312 924 2541 996 ἐρήμου,
2565 922 2657 975 τοῦ
2673 921 2728 974 δὲ
2743 920 2836 974 τοῦ
2867 921 2979 992 (51)
3015 922 3306 992 προσόντος
3339 923 3396 976 ὲν
3417 920 3535 992 Θεῷ
3565 921 3759 990 Λόγου,

2184 1012 2578 1085 ἀφοριζομένου
2623 1011 2681 1064 δὲ
2713 1010 2807 1064 τοῦ
2851 1010 3118 1081 σώματος,
3163 1010 3266 1064 κᾶν
3309 1009 3578 1064 ἀθάνατον
3607 1011 3764 1064 τοῦτο

2184 1106 2278 1158 καὶ
2311 1101 2534 1172 ἄφθιτον
2572 1097 2628 1174 ᾖ,
2673 1102 2754 1172 τῷ
2801 1100 2858 1154 δὲ
2908 1100 3027 1171 Θεῷ
3069 1101 3569 1173 συναφθησομένου,
3599 1102 3674 1165 ὡς
3702 1103 3760 1155 ἓν

2184 1196 2277 1248 καὶ
2307 1195 2500 1248 ταύτὸν
2529 1193 2690 1248 πάλιν
2716 1192 2794 1263 τῷ
2830 1192 2949 1263 Θεῷ
2972 1192 3319 1263 γενήσεσθαι,
3351 1192 3492 1245 καθὰ
3518 1194 3608 1245 καὶ
3631 1194 3762 1265 πρό-

2183 1306 2340 1359 τερον
2371 1283 2460 1360 ἦν·
2496 1287 2579 1351 τίς
2607 1285 2671 1340 ἂν
2701 1285 2939 1339 λείποιτο
2969 1285 3148 1356 τούτῳ
3178 1285 3494 1349 δυσσεϐείας
3523 1285 3758 1357 ὑπερϐο-

2183 1379 2282 1451 λής
2311 1379 2401 1433 Διὸ
2431 1377 2494 1450 δὴ
2526 1376 2738 1440 τούτοις
2770 1377 3042 1445 ἀναγκαία
3075 1379 3107 1448 ἡ
3138 1377 3238 1449 τῆς
3263 1377 3623 1448 ἀποστολικῆς
3647 1377 3760 1431 δια-

2186 1472 2376 1542 στολῆς
2403 1472 2696 1544 μαρτυρία,
2722 1473 2958 1543 φήσασα·
2977 1470 3105 1526 Κᾶν
3128 1470 3382 1539 ἄγγελος
3405 1468 3474 1534 ἐξ
3501 1469 3759 1537 οὐρανοῦ

2183 1564 2644 1635 εὐαγγελίζηται,
2667 1566 2803 1632 παρ’
2819 1563 2850 1617 ὃ
2877 1557 3258 1633 παρελάϐετε,
3288 1560 3553 1631 ἀνάθεμα
3581 1560 3755 1615 ἔστω.

2184 1655 2492 1727 Θαυμάζειν
2516 1655 2576 1710 δέ
2603 1673 2692 1726 μοι
2719 1654 2946 1718 ἔπεισιν,
2983 1652 3368 1725 ἐπιθεωροῦντι
3400 1653 3498 1723 τὴν
3526 1652 3757 1706 ἀποστο-

2184 1748 2338 1821 λικὴν
2369 1749 2623 1803 διάνοιαν.
2659 1749 2865 1819 Ὠσπερ
2897 1747 3006 1818 γὰρ
3043 1745 3313 1810 θεσπίζων
3351 1747 3410 1798 τὸ
3448 1744 3638 1816 μέλλον
3664 1741 3759 1798 αὖ·

2180 1842 2293 1904 τοῖς
2314 1839 2582 1903 Γαλάταις
2608 1840 2708 1909 τὴν
2736 1838 2829 1892 τοῦ
2867 1837 3120 1907 Σωτῆρος
3148 1836 3434 1908 ὲξηκρίὸου
3464 1836 3755 1905 Θεολογίαν,

2182 1932 2408 1988 αὐτόθεν
2434 1934 2490 1986 ὲν
2501 1933 2642 2004 ἀρχῇ
2665 1933 2764 2003 τῆς
2795 1932 2931 2005 πρὸς
2953 1932 3150 1994 αὐτοὺς
3174 1930 3463 2000 ἐπιστολῆς
3489 1929 3623 2001 (52),
3646 1947 3757 1983 και·

2181 2025 2395 2098 νότερον
2439 2025 2472 2097 ἢ
2521 2025 2662 2079 κατὰ
2703 2025 2765 2077 τὸ
2813 2025 3040 2096 σύνηθες
3098 2024 3325 2095 γράφων
3366 2017 3487 2076 ὧδε·
3515 2022 3757 2088 Παῦλος

2180 2117 2542 2182 ἀπόστολος,
2567 2119 2676 2170 οὐκ
2734 2117 2835 2170 ἀπ’
2885 2116 3230 2183 ἀνθρώπων,
3255 2114 3397 2168 οὐδὲ
3429 2115 3504 2168 δι’
3523 2115 3634 2185 (55)
3662 2115 3759 2169 dr-

2180 2206 2433 2273 θρώπου,
2477 2205 2638 2260 ἀλλὰ
2684 2206 2780 2259 διὰ
2817 2206 3010 2274 Ἰησοῦ
3060 2205 3338 2274 Χριστοῦ.
3375 2207 3489 2260 Οὐκ
3524 2206 3588 2260 ἂν
3629 2205 3757 2275 γοῦν

2179 2299 2320 2354 οὕτω
2349 2299 2634 2373 γράψαντα
2657 2301 2804 2372 εὕροι
2822 2319 2906 2366 τις
2941 2302 3006 2355 ἂν
3035 2301 3196 2356 αὐτὸν
3215 2303 3271 2354 ὲν
3293 2302 3519 2374 ἑτέροις·
3553 2301 3632 2372 τῷ
3655 2319 3758 2372 μη·-

2177 2392 2330 2457 δένας
2376 2390 2532 2457 εἶναι,
2583 2395 2658 2458 ὡς
2687 2394 2852 2459 εἰκὸς,
2905 2397 3031 2467 περ).
3064 2397 3161 2468 τὴν
3198 2398 3378 2450 πίστιν
3418 2395 3640 2466 ὁμοίως,
3675 2387 3757 2456 οἷς

2179 2483 2437 2556 ἔγραφεν,
2472 2482 2710 2556 ἐτέρους.
2751 2486 2837 2550 Ὡς
2879 2487 2987 2558 γὰρ
3018 2488 3172 2557 ψιλὸν
3197 2489 3478 2560 ἄνθρωπον
3508 2485 3756 2557 ὑπολαμ-

2179 2574 2398 2629 ϐάνουσι
2422 2577 2510 2629 τὸν
2539 2576 2792 2648 Χριστὸν,
2828 2578 3068 2648 προσῆγε
3092 2578 3191 2646 τὴν
3211 2578 3514 2648 διόρθωσιν,
3536 2577 3636 2629 οὐκ
3661 2574 3759 2629 ἄν·

2179 2667 2392 2739 θρωπον
2435 2667 2594 2721 αὐτὸν
2645 2669 2785 2722 κατὰ
2828 2668 2928 2739 τὴν
2972 2668 3144 2740 ἀρχὴν
3172 2670 3272 2741 τῆς
3301 2670 3587 2740 ἐπιπολῆς
3611 2667 3760 2724 διδά-

2179 2777 2342 2814 σκων.
2378 2762 2488 2814 Καὶ
2516 2759 2718 2832 προῖὼν
2751 2763 2863 2824 τοῖς
2903 2761 3085 2824 αὐτοῖς
3118 2761 3320 2831 ἔλεγεν,
3348 2763 3449 2816 ὅτι·
3484 2762 3555 2817 Τὸ
3583 2763 3758 2830 εὐαγ-

2177 2851 2379 2921 γέλιόν
2407 2870 2547 2921 μου,
2587 2851 2653 2906 τὸ
2686 2852 3113 2923 εὐαγγελισθὲν
3150 2855 3238 2919 εἰς
3258 2852 3433 2922 ὑμᾶς,
3463 2856 3573 2908 οὐκ
3623 2853 3754 2907 ἐστι

2177 2945 2326 2998 κατὰ
2372 2943 2706 3014 ἄνθρωπον,
2742 2944 2882 2997 οὐδὲ
2910 2944 3023 3014 ἐγὼ
3047 2943 3207 3013 παρὰ
3260 2945 3574 3014 ἀνθρώπου
3603 2960 3749 3014 παρ-

2175 3036 2392 3090 έλαϐον
2420 3035 2586 3097 αὐτὸ,
2623 3036 2765 3088 οὐδὲ
2785 3035 3121 3105 ἐδιδάχθην,
3165 3038 3325 3090 ἀλλὰ
3350 3036 3423 3089 δι’
3448 3037 3745 3092 (intona/115-

2175 3130 2335 3196 ψεως
2371 3127 2566 3194 Ἰησοῦ
2597 3128 2874 3194 Χριστοῦ.
2897 3130 2974 3181 Δι’
3007 3122 3100 3192 ὦν,
3141 3125 3316 3192 αὖθις,
3345 3129 3426 3182 ὅτι
3447 3131 3520 3201 μὴ
3549 3129 3752 3202 ἄνθρω-

2178 3237 2276 3282 πος
2299 3215 2366 3289 ἦν
2402 3219 2514 3288 (54)
2544 3218 2699 3287 ψιλὸς
2732 3218 2940 3291 Ἰησοῦς
2983 3221 3236 3290 Χριστὸς,
3274 3221 3535 3292 παρίστη.
3570 3221 3672 3284 Τίς
3711 3219 3755 3273 δ’

2173 3305 2239 3379 ἦν
2257 3313 2303 3363 εί
2324 3311 2396 3381 μὴ
2420 3310 2721 3382 ἅνθρωπος,
2743 3311 2943 3382 προϊὼν
2963 3307 3116 3375 αὖθις
3136 3312 3380 3382 διεσάφει
3407 3313 3598 3380 λέγων·
3620 3313 3757 3365 Ὅτε

2175 3401 2242 3455 δὲ
2269 3403 2602 3468 εὐδόκησεν
2631 3406 2663 3455 ό
2698 3403 2859 3468 Θεὸς,
2903 3406 2934 3456 ὀ
2965 3404 3261 3472 ἀφορίσας
3287 3422 3364 3474 με
3403 3405 3469 3456 ἐκ
3517 3404 3754 3468 κοιλίας

503 3493 755 3549 nuntiare
781 3493 963 3558 audet,
993 3494 1206 3549 caeteris
1231 3495 1448 3563 quidem
1477 3491 1727 3548 omnibus
1755 3507 2068 3546 concessum

2179 3493 2392 3560 μητρός
2415 3509 2556 3560 μου,
2584 3493 2975 3561 ἀποκαλύψαι
3007 3493 3114 3546 τὸν·
3153 3496 3289 3548 Υὶὸν
3311 3494 3491 3549 αὐτοῦ
3511 3492 3744 3561 ὲνέμοί.

503 3584 630 3639 illud
661 3599 884 3659 regnum
912 3585 1028 3640 sine
1061 3586 1164 3640 line
1204 3587 1544 3649 duraturum,
1581 3585 1873 3639 secundum
1921 3599 2068 3652 spem

499 3677 742 3744 ipsorum
781 3686 944 3748 atque
970 3677 1451 3746 exspectationem,
1479 3675 1646 3730 unum
1676 3675 1947 3729 Christum
1979 3674 2071 3729 Je-

499 3782 619 3822 sum
670 3771 903 3824 condum
963 3784 1208 3840 promum
1265 3769 1456 3822 horum
1507 3767 1778 3825 omnium,
1827 3781 1923 3836 spe
1976 3781 2070 3820 sua

499 3858 817 3925 privandum
861 3869 915 3914 et
955 3859 1374 3928 exspectatione,
1421 3874 1541 3914 cum
1591 3860 1658 3913 ab
1715 3858 1829 3927 ipso
1877 3857 1947 3912 sit
1983 3873 2069 3912 ιθ·-

499 3966 660 4024 gnum
709 3949 825 4018 ejus
875 3950 1262 4015 auferendum,
1323 3960 1378 4004 et
1433 3965 1582 4015 caro,
1625 3964 1787 4019 quam
1837 3949 2072 4018 suscepit

499 4038 854 4092 destituenda.
899 4039 1134 4095 Verbum
1160 4078 1174 4099 .
1221 4041 1361 4110 quod
1399 4040 1450 4094 in
1485 4039 1593 4095 Deo
1637 4039 1762 4093 olim
1811 4039 2069 4108 prmexsi-

499 4125 696 4188 stebat,
725 4135 1031 4195 separatum
1061 4147 1089 4179 a
1118 4143 1364 4197 corpore,
1387 4127 1512 4183 licet
1541 4128 1821 4198 prmditum
1839 4128 2068 4184 exsistat

499 4217 933 4287 immortalitate,
973 4231 1027 4274 et
1076 4222 1412 4292 corruptioni
1468 4237 1572 4276 non
1623 4225 1694 4276 sit
1738 4221 2066 4286 obnoxium,

447 4312 450 4316 '
500 4308 607 4362 Deo
638 4310 849 4365 demum
876 4327 998 4368 esse
1027 4313 1482 4379 eoaduniendum,
1511 4323 1588 4377 ut,
1617 4315 2069 4384 quemadmodum

2188 3584 2349 3654 Ὁρᾷς
2369 3582 2482 3646 πῶς
2513 3583 2638 3636 Υἱὺν
2665 3582 2799 3636 Θεοῦ
2838 3584 3023 3653 σαφῶς
3055 3587 3352 3657 ἀνηγόρευε
3378 3585 3468 3638 τὸν
3497 3584 3745 3655 Σωτῆρα,

2174 3673 2267 3727 καὶ
2311 3673 2399 3726 διὰ
2453 3673 2610 3726 τοῦτο
2645 3673 2798 3726 Θεόν.
2847 3674 2957 3727 Καὶ
2985 3675 3067 3727 ὅτι
3097 3692 3161 3743 γε
3210 3675 3316 3746 πρὸ
3351 3675 3451 3746 τῆς
3483 3673 3748 3745 ὲνσάρκου

2175 3767 2475 3838 παρουσίας
2503 3765 2628 3818 Υἱὸν
2662 3766 2823 3818 αὐτὸν
2851 3765 3095 3830 τοῦβεοῦ
3114 3767 3240 3820 ὅντα
3269 3768 3534 3836 ἠπίστατο
3563 3767 3754 3839 τρανό-

2173 3877 2308 3912 τατα
2341 3859 2667 3930 παρίστησιν
2697 3858 2962 3926 ἐπιλέγων
2991 3859 3048 3910 ὲν
3081 3863 3145 3930 τῇ
3180 3861 3314 3930 αὐτῇ
3349 3859 3485 3929 πρὸς
3509 3858 3753 3922 Γαλάτας

2176 3951 2449 4021 ἐπιστολῇ
2475 3951 2604 4003 Ὅτε
2631 3949 2699 4002 δὲ
2727 3945 2876 4019 ἦλθε
2913 3949 2980 4002 τὸ
3027 3950 3316 4019 πλήρωμα
3359 3949 3467 4002 τοῦ
3506 3951 3750 4020 χρόνου,

2174 4039 2602 4104 ἐξαπέστειλεν
2629 4043 2661 4094 ὀ
2696 4040 2841 4106 Θεὸς
2873 4040 2981 4092 τὸν
3023 4041 3160 4093 Υἱῶν
3191 4039 3400 4105 αὐτοῦ,
3427 4041 3752 4110 γενόμενον

2174 4133 2242 4184 ἐκ
2288 4133 2588 4201 γυναικός.
2622 4130 2826 4185 Οὐκοῦν
2874 4131 2934 4184 οὐ
2967 4130 3079 4196 νῢν,
3112 4131 3246 4184 ἀλλὰ
3282 4131 3412 4203 πρὶν
3439 4131 3471 4201 ἢ
3500 4129 3750 4198 γενέσθαι

2177 4225 2241 4275 ἐκ
2269 4223 2539 4291 γυναικὸς,
2568 4224 2693 4276 Υίὸν
2719 4224 2864 4287 ὄντα,
2895 4226 2986 4278 καὶ
3022 4224 3132 4293 (55)
3162 4223 3413 4294 προόντα,
3437 4220 3750 4277 ἀπέστειλεν

2177 4318 2204 4368 ό
2235 4318 2442 4388 Πατὴρ,
2464 4317 2538 4380 ὡς
2557 4316 2622 4370 ἂν
2647 4317 2675 4368 ὁ
2707 4317 2873 4370 πάλαι
2898 4316 3024 4380 Υἱὸς
3045 4316 3180 4370 Θεοῦ
3203 4321 3294 4370 καὶ
3314 4317 3439 4380 Υἱὸς
3462 4313 3748 4386 ἀνθρώπου

568 4496 588 4525 ⁹
627 4494 794 4550 lCor.
838 4513 903 4554 ll.
929 4500 980 4552 9.
1061 4502 1105 4531 ¹⁰
1134 4501 1321 4557 Matth.
1352 4521 1426 4569 tu,
1455 4505 1544 4560 9.7.
1623 4507 1663 4538 ¹¹
1709 4508 1837 4562 ibid.
1919 4510 1960 4539 η
2001 4507 2208 4562 Coloss.
2237 4523 2275 4571 ι,
2309 4506 2394 4560 15.

566 4730 855 4818 (iiii-Tui
887 4733 990 4818 es"
1018 4737 1393 4818 προσόντος..
1432 4740 1738 4818 Legemlum
1784 4718 2073 4818 Δπροόντος.

2183 4742 2610 4818 tatores.__Und_e
2655 4743 2792 4818 illud
2822 4744 3005 4798 statim
3030 4744 3289 4818 insinuat
3327 4743 3423 4796 ἀπ’
3462 4740 3658 4818 ἀρχῆς,
3691 4755 3748 4818 se

495 4798 731 4856 Volebat
768 4802 912 4858 enim
934 4798 1186 4881 _V'erbum
1212 4798 1488 4881 exstitisse
1508 4798 1560 4866 in
1595 4813 1724 4877 Deo,
1750 4813 1816 4867 ab
1837 4798 2074 4881 ⁸ιιιτιιιιιιό,

497 4881 623 4951 ante
657 4885 868 4926 omnem
895 4875 1104 4939 οὐσίαν.
1135 4885 1187 4931 et
1212 4879 1486 4935 οὐσίωσιν.
1506 4881 1648 4937 ldem
1669 4875 1797 4939 vero
1815 4875 2076 4951 Verbum,

497 4958 526 5000 ε
577 4941 686 4996 Deo
743 4954 1077 5016 separatum,
1133 4961 1230 5016 per
1293 4953 1713 5012 emanationem.
1767 4941 2077 5012 condidisse

503 5021 797 5095 creaturas
814 5015 1054 5095 adeiude
1079 5015 1144 5071 se
1171 5019 1440 5095 revelasse
1461 5023 1830 5094 σαρκωθέντα.
1862 5025 2071 5081 Rursus

505 5098 658 5145 vero,
685 5085 1018 5154 postjudicii
1045 5097 1099 5139 et
1117 5091 1300 5144 :nundi
1337 5085 1886 5154 consummationem.
1911 5111 2080 5152 carne

497 5154 763 5231 ili-posita,
797 5153 904 5210 Deo
935 5155 1323 5214 aduniendum.
1350 5161 1492 5220 M.—
1518 5162 1638 5218 Mox
1675 5167 1833 5231 vulgo
1855 5153 2079 5231 ἄφθιτον

501 5222 621 5307 luco
652 5223 931 5307 dempto?
967 5231 1114 5307 quod
1149 5244 1279 5307 mss.
1321 5246 1440 5307 cor.
1482 5232 1655 5307 Porro
1705 5222 1863 5307 vulgo
1895 5222 1976 5291 διὸ
2019 5236 2076 5290 δέ

497 5302 554 5346 et
579 5293 863 5375 dein-mss.
881 5293 1152 5375 ﬁtamyﬁg
1176 5299 1293 5355 loco
1316 5302 1624 5375 διαστολῆς.

571 5361 1157 5442 (ὕξὶλΚαινότερονζίῆ
1192 5371 1340 5429 κατὰ
1367 5373 1432 5427 τὸ
1463 5361 1957 5442 ο-ύιλὴθεςΝοινυιιι
1973 5385 2076 5442 est,

497 5433 642 5501 quod
664 5434 919 5516 observat
947 5433 1233 5516 Eusebius,
1250 5459 1519 5516 nusquam
1541 5433 1665 5499 alibi
1699 5433 1796 5516 per
1820 5433 2077 5516 epistolas

498 5517 809 5584 suasusnm
839 5505 938 5560 hoc
991 5512 1216 5584 exordio
1248 5505 1462 5568 beatum
1494 5505 1806 5584 Apostolum
1832 5505 1985 5580 {non
2003 5519 2068 5570 ab

502 5571 1025 5656 ll_0'nil}ffmf._neqtt_e
1047 5597 1138 5656 per
1171 5582 1427 5656 homines,
1469 5571 1557 5639 sed
1583 5604 1674 5652 per
1711 5571 1891 5642 Jesu'nt
1919 5585 2075 5640 Chri-

497 5653 636 5697 stum
668 5644 870 5722 (iniciat.
903 5644 952 5712 ι,“
980 5644 1056 5716 1).
1089 5651 1272 5722 Neque
1327 5644 1470 5709 enim
1506 5644 1653 5720 alibi,
1706 5666 1799 5714 aut
1828 5656 1978 5720 alias,
2008 5673 2068 5712 ea

503 5727 671 5798 caiisa
701 5715 896 5798 fuerat,
929 5727 985 5770 ut
1012 5715 1301 5776 ministerii
1355 5725 1436 5798 sui
1486 5715 1825 5794 dignitatem.
1851 5737 1904 5780 ct
1942 5715 2072 5798 apo-

493 5783 724 5845 uolatus
739 5787 973 5857 gratiam
1008 5799 1194 5844 contra
1237 5796 1461 5850 aemulos
1491 5783 1750 5867 tutaretur,
1779 5783 1831 5854 et
1857 5783 2072 5857 oht'i'cv

2183 4831 2288 4886 non
2326 4824 2382 4868 ut
2402 4813 2477 4868 illi
2505 4812 2995 4886 calumniabatttur,
3030 4815 3265 4886 humana
3295 4812 3624 4886 χειροτονία,
3653 4813 3746 4866 sed

2184 4885 2364 4954 divina
2410 4896 2465 4937 et
2507 4883 2815 4954 αὐτοπίστῳ
2869 4895 3139 4938 vocatum.
3195 4883 3320 4938 Hmc
3353 4883 3431 4938 est
3481 4883 3745 4954 θιιιιιίιιιιι,

2178 4951 2798 5024 pnstChrysosttnnum,
2854 4955 3140 5009 verissima
3191 4954 3482 5023 expositio.
3549 4951 3641 5004 Illa
3677 4953 3745 5006 ab

2180 5022 2681 5090 Eusebio,_oi'x005v
2722 5023 2908 5088 allata,
2956 5025 3120 5078 nimis
3169 5022 3377 5084 coacta,
3429 5037 3744 5091 quanquam

2178 5095 2518 5149 verissimum
2556 5105 2676 5163 est,
2717 5093 2840 5148 inde
2889 5094 3065 5163 sequi,
3098 5093 3278 5149 Jesum
3325 5091 3602 5163 Christum
3638 5106 3742 5144 non

2178 5181 2294 5239 esse
2325 5162 2818 5239 ditkbv_&v99tmtov,
2847 5179 2943 5234 per
2963 5162 3123 5235 quem
3155 5173 3375 5239 vocatus
3396 5163 3466 5216 sit
3499 5162 3577 5239 ad
3601 5178 3742 5239 __a_po-

2178 5231 2434 5289 stolatum
2470 5231 2688 5297 Paulus,
2725 5231 3175 5304 cum'opponatur
3197 5233 3264 5304 ab
3293 5231 3551 5303 Apostolo
3601 5231 3738 5286 illius

2180 5305 2498 5371 designatio.
2531 5304 2778 5358 Ιιιιιιιειιιίιι
2802 5303 3146 5360 ordinationi.
3171 5303 3240 5357 M.

2251 5374 2360 5446 (55)
2394 5374 2562 5446 vulgo
2592 5373 2895 5446 ἀνθρώπων
2934 5386 2987 5429 et
3011 5376 3150 5428 infra
3182 5372 3443 5446 ἔγραψεν.

2393 5439 2564 5527 Ψξλὸς
2614 5439 2725 5500 οιιι’.
2753 5448 3008 5527 codices;
3047 5459 3171 5527 mox
3225 5439 3420 5527 vulgo“
3441 5439 3730 5527 αὗθις-χτῇ

2175 5507 2303 5570 Dein
2339 5507 2603 5584 ὲνσάρκου
2664 5530 2817 5586 mss.,
2869 5507 3028 5585 vulgo
3070 5516 3127 5568 ὲν
3163 5507 3354 5586 σαρκίῖ
3385 5514 3548 5586 Porro
3579 5507 3738 5577 vulgo

2169 5586 2525 5709 ῗπιστὲύσῖτο
2545 5585 2864 5656 τρανότατα.
2904 5583 3142 5655 Denique
3163 5583 3256 5656 γρζ
3285 5583 3575 5650 ἀντιλέγων
3601 5591 3738 5633 mss.

2195 5672 2293 5709 oco
2357 5675 2416 5709 πι
2458 5695 2470 5709 .

2195 5672 2293 5711 oco
2327 5659 2470 5709 ἐπιλ.

2245 5729 2352 5800 (55)
2384 5726 2647 5798 Προῖόντα
2666 5766 2683 5796 ,
2710 5739 2816 5781 οηι.
2843 5724 2896 5780 in
2931 5736 3074 5778 corr.
3097 5721 3188 5778 ed.
3220 5719 3347 5776 Par.
