4098 6200
357 346 457 400 129

1491 340 1768 399 CONTRA
1804 335 2235 394 MARCELLUM
2274 336 2402 393 LIB.
2448 335 2484 391 ῐ.

3499 332 3597 388 75C

356 452 599 516 πλείους,
618 450 819 505 ὡσανεὶ
845 452 1103 523 περιττὰς
1123 454 1217 506 καὶ
1248 453 1335 507 διὰ
1361 452 1470 507 τῶν
1519 451 1698 506 αὐτῶν
1726 448 1935 521 χωρού-

2059 463 2134 503 ter
2161 464 2219 503 se
2251 463 2355 502 non
2394 447 2693 502 subsistens
2744 458 2906 501 unum
2956 455 3114 514 alque
3145 444 3285 499 idem
3331 459 3452 498 cum
3498 445 3601 501 Dec

356 561 483 609 σας,
504 542 962 613 ὑπερθησόμενος.
992 544 1104 614 Πρὸ
1130 544 1187 597 δὲ
1207 546 1305 615 τῆς
1336 545 1443 599 τῶν
1471 543 1773 616 εἰρημένων
1802 543 1935 594 ἀπο-

358 621 580 700 δείξεως
610 628 760 703 οἶμαι
789 632 896 686 δεῖν
924 633 983 686 ὲν
1018 633 1254 705 πρώτοις
1291 637 1637 707 παραστῆσαι
1685 636 1796 696 τοῖς
1845 634 1934 684 ὲνο

361 722 719 793 τυγχάνουσιν
746 724 850 788 ὃτι,
889 725 1023 795 μηδὲ
1074 726 1172 789 τὰς
1232 727 1550 799 προχείρους
1594 726 1766 791 λέξεις
1823 725 1932 778 τῶν

364 810 525 866 θείων
550 813 834 886 ὲξηκρίὸου
870 815 1334 885 ἀναγνωσμάτων,
1375 818 1450 880 ὠς
1465 816 1530 871 ἂν
1565 818 1781 888 γνωσθῇ
1827 820 1937 880 τοῖς

365 900 450 955 ἔτι
480 902 635 955 αὑτὸν
663 902 967 970 ἀγνοοῦσιν,
998 905 1177 966 ὁποῖός
1209 923 1293 968 τις
1313 904 1408 970 ὢν,
1433 908 1523 959 ἐπὶ
1546 906 1642 977 τὴν
1664 906 1771 959 τῶν
1790 908 1939 977 εἰρη-

368 992 545 1065 μένων
577 995 820 1065 προήχθη
846 995 1068 1066 τόλμαν.

2039 540 2342 602 exsistens;
2376 554 2547 607 neque
2576 538 2718 591 enim
2750 539 2853 591 hoc
2892 545 3050 605 pacto
3090 535 3357 589 mediator
3398 534 3603 602 aliquo-

2041 647 2159 685 rum
2189 646 2309 685 esse
2350 638 2576 698 poterat.
2612 630 2743 683 Erat
2781 637 2995 692 autem,
3026 636 3080 681 et
3120 627 3269 696 prius
3300 632 3449 692 erat,
3486 633 3604 678 tan-

2040 738 2200 791 quam
2230 722 2434 776 scilicet
2462 720 2633 773 Filius
2659 721 2976 790 unigenitus,
3004 718 3187 787 plenus
3225 717 3398 787 gratia
3425 724 3475 769 et
3514 731 3605 769 ve-

2045 815 2199 867 ritate
2223 814 2289 866 ²⁰.
2328 812 2679 867 lntermedias
2727 820 2901 865 autem
2956 819 3135 882 partes
3189 808 3469 878 supplebat
3508 822 3606 862 suo

2046 904 2216 969 Patri,
2251 919 2373 959 cum
2409 904 2708 958 ministerio
2738 904 3070 972 angelorum,
3102 902 3273 970 legem
3302 900 3605 955 hominibus

2046 993 2433 1063 promulgaret.
2459 992 2558 1058 Qui
2592 994 2819 1048 docebat
2856 993 3172 1061 ignorantes
3199 1000 3253 1045 et
3290 990 3607 1052 ineruditos,

369 1089 696 1158 tbeologicas
739 1092 807 1145 de
855 1091 947 1147 Dei
996 1091 1131 1146 Filio
1202 1093 1455 1161 rationes,
1506 1093 1793 1163 Apostolus
1864 1092 2003 1146 idem
2047 1091 2384 1160 consignavit
2426 1095 2493 1144 ad
2546 1091 2703 1145 istum
2752 1091 2968 1145 modum
3021 1089 3301 1160 inquiens,
3351 1087 3604 1141 Mediator

368 1190 540 1233 autem
578 1197 682 1234 non
728 1191 808 1236 est
842 1185 995 1237 unius
1039 1185 1313 1237 mediator.
1346 1184 1532 1254 Neque
1572 1194 1717 1239 certe
1755 1192 1944 1237 natura
1986 1182 2061 1235 rei
2112 1183 2309 1251 patitur
2381 1183 2733 1237 mediatorem
2798 1184 2865 1237 de
2908 1196 3017 1236 uno
3061 1196 3328 1249 quoquam
3375 1178 3604 1234 definiri.

364 1268 486 1322 ldeu
537 1287 641 1325 non
682 1283 766 1327 est
807 1274 968 1329 unius
1024 1274 1247 1343 alicujus
1289 1278 1411 1340 i5te,
1440 1276 1533 1330 sed
1601 1275 1809 1331 medius
1872 1276 2181 1330 necessario
2229 1274 2370 1327 inter
2398 1274 2551 1339 duos,
2579 1275 2644 1327 ab
2677 1286 2907 1344 utroque
2953 1275 3213 1335 diversus,
3242 1287 3468 1342 quorum
3498 1281 3606 1326 sta-

363 1360 532 1414 tuitur
562 1362 854 1416 mediator.
881 1361 995 1418 Non
1024 1374 1105 1419 est
1132 1380 1260 1436 ergo
1287 1366 1706 1421 existimandum
1736 1405 1752 1429 ,
1785 1366 1929 1419 hunc
1965 1380 2084 1420 esse
2115 1364 2278 1419 Deum
2329 1365 2512 1430 illum,
2578 1366 2669 1435 qui
2738 1375 2822 1421 est
2870 1382 3029 1435 supra
3075 1367 3252 1419 omnia
3288 1365 3430 1418 Deus
3467 1381 3480 1417 :
3515 1379 3608 1417 ne-

336 1452 487 1509 dum
526 1454 595 1509 de
643 1470 869 1511 numero
909 1457 1215 1527 angelorum
1259 1458 1532 1528 aliquem:
1564 1458 1657 1514 sed
1703 1458 1932 1513 medium
1975 1468 2327 1527 utrorumque
2365 1467 2418 1511 et
2483 1459 2868 1521 mediatorem,
2913 1459 3107 1528 quippe
3151 1472 3272 1511 cum
3328 1458 3469 1511 inter
3511 1454 3609 1509 Pa-

360 1556 501 1603 trem
534 1564 689 1601 suum
720 1558 773 1603 et
800 1549 1016 1619 angelos
1059 1552 1358 1606 intercedat
1398 1551 1623 1605 medius.
1661 1551 1743 1605 Ad
1776 1555 2020 1607 eumdem
2062 1552 2272 1604 modum
2304 1552 2519 1616 iterum,
2568 1552 2659 1606 ubi
2692 1552 2782 1607 Dei
2824 1561 2985 1621 atque
3038 1551 3314 1606 hominum
3348 1550 3611 1605 mediator

364 1639 425 1695 lit
477 1641 618 1693 inter
668 1640 912 1694 ordinem
964 1648 1253 1710 utrumque
1315 1642 1690 1706 intermedius,
1719 1642 1915 1696 nullius
1974 1644 2161 1697 horum
2202 1654 2303 1708 cst,
2335 1645 2600 1699 exsistens
2636 1645 2915 1699 mediator.
2952 1643 3065 1698 Non
3106 1653 3190 1698 est
3252 1643 3340 1697 ille
3381 1658 3519 1697 unus
3557 1652 3610 1697 et

365 1732 519 1787 solus
574 1732 712 1787 Deus
759 1749 775 1787 :
826 1749 935 1788 non
968 1734 1163 1800 homo,
1210 1749 1315 1804 quo
1370 1735 1529 1790 modo
1573 1734 1755 1790 caeteri
1800 1734 2044 1789 homines
2098 1744 2245 1789 sunt.
2287 1735 2424 1800 Quid
2479 1737 2727 1798 tandem,
2785 1736 2827 1791 si
2890 1735 3024 1789 nihil
3081 1734 3309 1801 horum,
3365 1734 3611 1789 exsistit?

368 1822 535 1879 Certe
588 1816 678 1878 Dei
737 1824 904 1879 Filius
950 1825 1277 1895 unigenitus,
1313 1825 1422 1893 jam
1475 1829 1798 1884 constitutus
1861 1828 1955 1881 Dei
2003 1836 2053 1881 et
2112 1828 2387 1881 hominum
2446 1827 2709 1883 mediator
2760 1848 2773 1882 :
2834 1828 2959 1881 olim
3001 1842 3129 1881 vero
3192 1832 3250 1889 »Β
3311 1826 3411 1880 sub
3473 1837 3610 1881 tem-

371 1916 598 1989 poribus
640 1918 905 1985 Mosaicis,
956 1918 1044 1971 Dei
1089 1920 1353 1973 mediator
1396 1933 1450 1975 et
1493 1922 1827 1990 angelorum.
1903 1921 2028 1976 Haec
2085 1930 2213 1974 sunt
2274 1920 2361 1974 illa
2402 1934 2523 1990 quae
2566 1936 2792 1990 magnus
2848 1920 3133 1989 Apostolus
3171 1918 3260 1972 ille
3298 1919 3361 1971 ad
3396 1916 3611 1974 Galatas

374 2007 658 2076 scriptura:
711 2009 946 2074 tradidit,
1006 2008 1113 2063 Lex
1165 2026 1256 2077 per
1304 2010 1515 2079 angelos
1576 2013 1843 2079 ordinata,
1911 2013 1965 2065 in
2029 2026 2190 2063 manu
2263 2012 2591 2075 mediatoris,
2656 2011 2904 2081 inquiens
2964 2010 3285 2063 :Medtntor
3324 2011 3480 2062 unius
3515 2008 3612 2061 ali-

378 2099 532 2170 cujus
570 2116 671 2154 non
701 2110 774 2156 est
814 2116 833 2154 :
866 2101 1001 2156 Deus
1058 2114 1232 2156 autem
1282 2119 1416 2157 unus
1460 2116 1559 2158 est.
1592 2103 1741 2159 Unus
1776 2105 1957 2173 itaque
1996 2102 2137 2157 Deus
2165 2110 2269 2168 est,
2292 2114 2346 2157 et
2387 2120 2525 2159 unus
2573 2106 2842 2159 mediator
2876 2105 2969 2159 Dei
3038 2114 3199 2174 atque
3226 2103 3530 2163 hominum,
3563 2109 3613 2154 et

379 2193 614 2249 omnium
665 2194 887 2265 insuper
929 2209 1355 2268 generatorum:
1398 2200 1486 2270 qui
1524 2213 1629 2251 non
1671 2214 1817 2253 nunc
1842 2199 2071 2268 primum
2137 2200 2523 2255 exordiebatur
2576 2198 2957 2254 mediationem
2998 2213 3150 2251 suam
3214 2197 3279 2250 ad
3358 2194 3614 2258 salutem,

378 2284 473 2337 sed
502 2284 625 2338 olim
658 2287 913 2339 exstabat
937 2288 1224 2352 mediator,
1256 2305 1376 2343 cum
1418 2290 1654 2344 nondum
1688 2290 1827 2344 inter
1859 2290 2105 2346 homines
2133 2300 2296 2346 natus
2321 2300 2631 2346 versaretur
2656 2309 2670 2346 :
2698 2292 2840 2360 quod
2877 2289 2989 2359 jam
3054 2290 3227 2360 prius,
3292 2289 3343 2342 in
3410 2300 3615 2341 sermo-

378 2388 447 2428 ne
477 2375 904 2430 demonstratum
951 2390 1053 2433 est.
1099 2378 1224 2435 1]an
1255 2391 1381 2435 sunt
1424 2381 1514 2435 illa
1566 2398 1685 2453 qua:
1719 2383 1958 2437 breviter
1994 2396 2048 2440 et
2076 2401 2174 2456 per
2200 2384 2577 2455 compendium
2605 2384 2814 2439 Galatis
2853 2384 3206 2453 pr0ponimus
3266 2381 3614 2436 consideran-

378 2466 468 2531 da,
510 2482 577 2521 ex
602 2468 690 2521 illa
724 2469 839 2536 ipsa
874 2473 937 2525 ad
963 2471 1185 2529 Galatas
1223 2475 1449 2544 epistola
1481 2474 1657 2540 Pauli,
1687 2476 1738 2528 in
1771 2491 1872 2544 qua
1938 2476 2059 2533 ﬁdei
2104 2478 2359 2533 salutaris
2394 2476 2481 2531 illa
2529 2477 2754 2547 mystica
2787 2476 3100 2530 continetur
3141 2472 3501 2543 regeneratio,
3563 2472 3615 2524 in

381 2562 586 2616 nomine
618 2558 818 2629 Patris,
846 2576 892 2619 et
917 2565 1047 2620 Filii
1075 2578 1121 2621 et
1160 2567 1388 2637 Spiritus
1412 2571 1606 2623 sancti.
1638 2568 1787 2636 Quae,
1821 2580 2179 2642 praeterquam
2222 2571 2365 2642 quod
2427 2572 2537 2625 sint
2606 2570 2798 2625 litteris
2840 2571 3035 2625 divinis
3110 2569 3447 2637 consignata,
3496 2576 3616 2621 sunt

380 2654 542 2709 etiam
572 2658 749 2712 adhuc
784 2659 1040 2728 majorem
1064 2663 1116 2715 in
1140 2665 1354 2717 modum
1382 2664 1699 2718 conﬁrmata
1768 2681 1863 2733 per
1922 2666 2267 2721 traditionem
2313 2666 2595 2721 catholicae
2648 2664 2923 2727 Ecclesiae,
2988 2680 3108 2734 qua:
3143 2681 3171 2717 a
3220 2664 3323 2717 [inc
3360 2664 3426 2716 ad
3459 2662 3616 2715 linem

383 2753 655 2802 terrarum
692 2750 1032 2816 diﬂumlitur,
1102 2769 1222 2822 qua:
1292 2771 1388 2826 per
1450 2771 1554 2810 nou
1593 2759 1853 2826 scriptam
1894 2759 2238 2813 traditionem
2284 2772 2566 2812 sacrarum
2608 2757 3014 2826 Scripturarum
3069 2756 3380 2810 testimonia
3412 2751 3614 2808 contir-

385 2846 498 2890 mat
541 2848 597 2892 et
637 2840 911 2911 obsignat.
942 2842 1062 2898 Jam
1100 2860 1231 2900 vero
1262 2860 1471 2916 tempus
1496 2856 1579 2901 est
1608 2856 1669 2901 ut
1707 2847 1961 2918 deinceps
1984 2849 2218 2904 Marcelli
2254 2850 2416 2903 verba
2446 2852 2496 2905 in
2538 2850 2771 2904 medium
2796 2849 3132 2920 proferamus
3164 2856 3218 2901 et
3245 2862 3366 2917 qua:
3397 2845 3617 2917 polliciti

386 2940 594 2993 smnus,
639 2932 1116 2999 demonstratione,
1170 2952 1535 3006 praponamus
1595 2940 1791 3009 quibus
1844 2940 1929 2993 illa
1972 2941 2274 2998 clarissime
2325 2956 2715 3014 pr0ponuntur,
2747 2961 2867 3015 qua:
2892 2952 3019 2999 sunt
3074 2960 3101 2997 a
3164 2943 3316 2997 nobis
3357 2942 3618 2998 haetenus

386 3022 782 3091 disputata;ne
808 3027 932 3095 quis
953 3038 1099 3097 putet
1125 3043 1218 3097 per
1244 3029 1605 3084 calumniandi
1677 3032 1970 3097 libidinem,
2011 3048 2134 3089 esse
2192 3036 2307 3092 haze
2356 3037 2410 3092 in
2472 3035 2618 3091 illum
2657 3046 2930 3107 congesta.
2977 3034 3419 3104 Quandoquidem
3491 3048 3619 3088 vero

385 3116 520 3170 mibi
569 3123 898 3187 pr0positum
955 3121 1027 3174 sit
1077 3122 1314 3176 breviter
1379 3124 1467 3177 illa
1510 3125 1840 3191 describere,
1897 3143 2015 3195 quae
2052 3140 2177 3184 sunt
2210 3131 2277 3185 ab
2307 3147 2371 3185 eo
2403 3132 2566 3198 dicta,
2594 3149 2696 3185 non
2733 3142 2907 3186 tamen
2937 3131 3054 3185 ideo
3080 3130 3352 3199 sigillatim
3383 3142 3435 3183 et
3460 3130 3621 3184 verbo

390 3214 546 3263 lenus
570 3209 657 3263 illa
683 3211 917 3266 arbitror
938 3213 991 3266 in
1017 3216 1265 3283 praesenti
1296 3230 1416 3269 esse
1448 3218 1801 3273 recensenda.
1823 3216 2053 3274 Tantum
2092 3221 2178 3275 illa
2208 3237 2327 3292 quae
2369 3226 2637 3294 praecipua
2705 3234 2850 3289 sunt,
2911 3236 2966 3277 et
3014 3237 3230 3277 causam
3302 3222 3619 3289 continent,

383 3303 677 3368 advocabo,
714 3306 1093 3372 praetermissis
1135 3309 1580 3377 quamplurimis,
1619 3326 1718 3366 nec
1768 3314 2111 3380 necessariis,
2136 3325 2192 3369 et
2219 3317 2270 3370 in
2302 3317 2443 3371 idem
2474 3317 2646 3386 ipsum
2719 3315 3151 3372 recurrentibus.
3210 3311 3370 3368 Prius
3444 3323 3621 3368 tamen

381 3409 543 3466 quam
581 3397 648 3450 ad
684 3412 797 3450 rem
840 3399 1147 3469 aggrediar,
1176 3415 1271 3470 per
1310 3400 1823 3457 demonstrationem
1856 3420 2077 3460 necesse
2101 3414 2185 3460 est
2214 3406 2400 3462 lectori
2437 3408 2626 3463 faciam
2682 3406 3052 3470 manifestum,
3106 3419 3209 3457 non
3264 3403 3429 3459 fuisse
3483 3407 3624 3459 hunc

380 3491 657 3547 hominem
693 3502 1000 3545 assecutum
1058 3492 1362 3546 divinarum
1409 3494 1711 3549 litterarum
1778 3507 2012 3551 mentem
2053 3506 2106 3552 et
2153 3500 2517 3567 sententiam,
2562 3500 2757 3553 nedum
2786 3514 2908 3553 cum
2956 3506 3128 3551 essent
3179 3496 3487 3565 cuicunque
3522 3499 3622 3552 ob-

380 3584 483 3639 via:
510 3598 524 3637 :
554 3591 615 3634 ut
644 3580 720 3634 illi
753 3582 843 3650 qui
879 3584 1147 3651 ignorant,
1178 3583 1299 3653 quis
1331 3594 1387 3639 et
1414 3585 1590 3654 qualis
1622 3584 1692 3639 sit
1741 3584 1936 3654 adhuc,
1978 3587 2279 3659 intelligant
2319 3590 2553 3655 tandem,
2582 3599 2781 3658 quanta
2824 3602 2945 3643 cum
2984 3586 3205 3641 audacia
3245 3586 3310 3639 ad
3356 3588 3468 3657 ipsa
3508 3588 3625 3644 haec

379 3673 597 3742 scriptis
626 3675 935 3743 proruperit
963 3675 1409 3731 commendanda.

1026 3767 1186 3821 ΚΕΦ.
1229 3768 1305 3822 Β’.

1027 3782 1186 3821 λιιι).
1231 3782 1305 3822 15'.

478 3862 600 3915 Ὀτι
632 3861 774 3915 οὐδὲ
798 3862 905 3926 τὰς
938 3861 1100 3926 θείας
1119 3861 1433 3928 ἐξηκρίϐου
1458 3864 1700 3932 Γραφάς
1726 3864 1853 3933 (66).
1980 3782 2024 3837 Β

451 3954 657 4007 Αὐτίκα
688 3954 733 4007 δ’
762 3948 875 4015 οὖν,
908 3952 1001 4006 τοῦ
1025 3954 1307 4024 προφήτου
1344 3955 1610 4025 Ζαχαρίου
1647 3956 1787 4009 κατὰ
1830 3957 1955 4022 τοὺς

2702 3766 2852 3823 CAP.
2902 3766 2966 3821 ll.

2095 3863 2247 3929 Quod
2291 3878 2382 3916 nec
2422 3877 2601 3915 sacras
2644 3859 2951 3929 Scripturas
2990 3859 3118 3914 satis
3163 3869 3340 3913 exacte
3376 3858 3588 3913 catleat.

2128 3952 2262 4007 Cum
2295 3951 2555 4022 propheta
2586 3950 2895 4015 Zacharias,
2931 3950 2976 4004 is
3009 3950 3264 4004 nimirum
3294 3950 3387 4019 qui
3421 3960 3625 4019 tempo-

379 4045 481 4116 τῆς
510 4044 768 4099 ἐπανόδου
803 4046 1024 4115 χρόνους
1047 4044 1145 4113 τῆς
1173 4044 1278 4097 ἀπὸ
1306 4045 1619 4109 Βαϐυλῶνος
1643 4046 1951 4117 γενομένου,

391 4138 568 4209 Ἰησοῦ
600 4155 658 4191 τε
697 4139 1165 4209 μνημονεύσαντος
1195 4135 1288 4189 τοῦ
1318 4136 1508 4207 ἱερέως
1553 4136 1647 4189 τοῦ
1695 4138 1949 4207 μεγάλου,

377 4227 577 4301 δηλαδὴ
607 4230 700 4283 τοῦ
733 4229 847 4283 υἱοῦ
916 4228 1181 4293 Ἰωσεδὲκ,
1216 4228 1274 4291 ὃς
1332 4228 1446 4298 ἅμα
1503 4228 1806 4298 Ζοροϐἀδελ
1848 4229 1953 4283 τῶν

379 4321 488 4375 ἀπὸ
511 4318 828 4385 Βαϐυλῶνος
878 4320 1283 4374 ἐπανελθόντων
1332 4320 1593 4391 ἡγήσατο,
1631 4322 1659 4372 ὁ
1710 4324 1953 4388 γενναῖος

378 4405 535 4477 οὗτος
571 4414 664 4467 καὶ
722 4412 1031 4483 θαυμαστὸς
1081 4412 1431 4482 ὑπογραφεὺς
1476 4410 1626 4464 ταῦτ’
1661 4413 1952 4483 ἀγνοήσας,

378 4504 559 4575 τίθησι
592 4505 689 4576 μὲν
715 4504 805 4558 τοῦ
832 4504 1098 4577 Ζαχαρίου
1148 4504 1244 4573 τὴν
1276 4503 1439 4570 λέξιν,
1470 4504 1535 4557 δι’
1566 4498 1632 4574 ἧς
1689 4503 1957 4575 μέμνηται

378 4595 475 4649 τοῦ
510 4596 707 4668 Ἰησοῦ,
746 4596 961 4667 μακρὰν
992 4596 1047 4648 δὲ
1068 4597 1167 4666 τῆς
1204 4596 1443 4666 ἱστορίας
1483 4594 1837 4658 ἀκοντισθεὶς,
1870 4594 1957 4647 λέ-

378 4704 498 4757 γειν
526 4689 687 4742 αὐτὸν
719 4689 985 4758 ὑπείληφε
1016 4685 1127 4758 (67)
1165 4689 1291 4758 περὶ
1336 4686 1509 4758 Ἰησοῦ
1536 4686 1814 4749 Μωῦσέως
1844 4685 1957 4740 δια-

457 4788 515 4844 ›Ι‹
544 4782 640 4836 Ed.
678 4783 875 4847 Paris,
912 4798 1027 4851 pag.
1065 4782 1119 4836 9.

459 4858 517 4915 ἧς
561 4855 654 4906 Ed.
698 4850 1048 4921 Paris.,pag.
1084 4850 1168 4906 10.

452 4946 498 4977 ’θ
533 4939 691 4998 Joan.
720 4958 757 5006 ι,
788 4938 875 4996 Η.
927 4944 970 4974 ἰ
999 4942 1165 4995 Zach.
1198 4956 1280 5007 ιιι,
1310 4942 1359 4994 1.

2062 4060 2118 4098 re
2156 4045 2359 4098 reditus
2385 4059 2415 4098 e
2446 4043 2713 4113 Babylone
2745 4042 2864 4106 fuit,
2894 4044 3220 4098 mentionem
3253 4042 3448 4097 alicubi
3473 4044 3516 4073 ¹¹
3546 4042 3624 4096 fa-

2061 4136 2168 4190 ciat
2210 4133 2335 4191 Jesu
2366 4136 2642 4205 pontificis
2690 4136 2836 4189 illius
2872 4136 3089 4204 magni,
3126 4136 3329 4190 scilicet
3360 4134 3623 4191 Josedeco

2058 4229 2357 4298 geniti,qui
2396 4244 2497 4282 una
2539 4244 2660 4281 cum
2707 4226 3059 4290 Zorobabele,
3090 4229 3391 4297 principatu
3436 4227 3626 4297 funge-

2060 4320 2220 4375 batur
2272 4322 2412 4376 inter
2440 4320 2673 4385 Judteos,
2708 4322 2796 4390 qui
2840 4321 2904 4375 de
2952 4319 3220 4393 Babylone
3284 4318 3627 4373 reverteban-

2064 4425 2173 4478 tur,
2204 4412 2499 4482 praeclarus
2531 4413 2632 4465 iste
2662 4422 2714 4466 et
2745 4413 3001 4467 mirificus
3028 4426 3158 4466 sane
3178 4411 3409 4479 scriptor
3429 4415 3486 4473 ὦ
3524 4411 3622 4464 ho-

2066 4520 2184 4557 rum
2224 4504 2461 4557 omnium
2513 4504 2751 4572 ignarus,
2783 4500 3062 4557 Zacharize
3098 4501 3261 4556 verba
3290 4501 3501 4568 quidem
3536 4500 3625 4553 illa

2067 4597 2215 4659 citat,
2249 4610 2370 4665 qua:
2413 4593 2538 4648 Jesu
2591 4594 2735 4648 illius
2780 4594 3160 4657 meminerunt,
3192 4591 3285 4646 sed
3316 4607 3345 4659 ξι
3378 4606 3538 4644 sensu
3572 4599 3625 4643 et

2066 4687 2335 4741 sententia
2376 4685 2704 4740 narrationis
2753 4685 2899 4741 illius
2937 4684 3140 4739 recedit
3179 4698 3340 4752 quam
3372 4680 3622 4750 longissi-

453 5056 571 5125 (66)
605 5053 860 5110 Continet
888 5053 1207 5125 boc__caput
1245 5052 1613 5125 velitationem
1660 5053 1950 5125 quamdam

2059 5050 2299 5125 ενόησεν.
2344 5049 2516 5113 Male;
2579 5058 2831 5103 cmterum
2885 5048 3040 5101 codd.
3082 5044 3303 5107 ὲλάθεεο
3346 5044 3463 5099 loco
3509 5045 3629 5099 ἔλα·-

381 5122 526 5183 inter
553 5124 862 5179 Marcellum
892 5133 947 5176 et
990 5122 1301 5185 Eusebium,
1345 5124 1408 5176 tle
1454 5123 1583 5175 locis
1629 5123 1949 5191 quibusdam

381 5200 435 5253 in
462 5197 758 5263 Scripturis
788 5192 1152 5249 sacrosanctis
1182 5207 1464 5263 perperam
1509 5193 1816 5253 intellectis,
1846 5193 1952 5263 sal-

383 5279 494 5322 tem
526 5261 601 5318 ut'
631 5275 819 5318 nostro
850 5264 1134 5316 videbatur
1183 5261 1432 5322 Eusebio,
1487 5279 1516 5315 a
1569 5263 1839 5316 Marcello.
1893 5261 1947 5315 In

384 5339 584 5407 quibus
618 5335 933 5407 plerumque
965 5331 1277 5407 λεπτολογεξ
1321 5334 1349 5384 ὁ
1397 5331 1959 5407 ξυγγραφεύςηεῑ-ἀο

384 5402 511 5462 lana
540 5402 758 5474 caprina
789 5406 980 5471 litigat.
1017 5403 1299 5474 Concludit
1324 5413 1499 5456 autem
1521 5402 1665 5474 eum,
1695 5403 1786 5471 qui
1815 5402 1947 5456 adeo

389 5473 671 5545 pueriliter
707 5475 1086 5545 hallucinetur,
1132 5473 1351 5526 minime
1387 5473 1710 5545 audiendum
1738 5487 1860 5545 esse
1908 5474 1963 5545 i_n

384 5542 436 5598 et
471 5547 538 5599 de
577 5547 738 5599 rebus
774 5544 1088 5613 theologicis
1124 5543 1738 5613 disserentem.’l‘extus
1784 5543 1855 5595 illi
1886 5542 1967 5613 de

386 5616 681 5685 Scripturis
728 5613 864 5685 male
891 5612 1093 5685 accepti
1129 5622 1442 5685 sequuntur.
1480 5612 1627 5685 bl.—
1657 5612 1774 5685 Μοξι
1806 5612 1966 5685 vulgo

383 5679 587 5751 γιν.ὀι
619 5682 920 5754 ἀρχιερέως
954 5682 1069 5736 loco
1095 5682 1187 5735 τοῦ
1201 5679 1243 5754 ⁸ἱ.
1271 5692 1325 5736 et
1371 5681 1620 5754 Ἰωσηδὲκ
1646 5692 1697 5735 et
1726 5679 1963 5754 Ζοροϐάο

283 5763 311 5783 ⁸
385 5755 506 5826 δηλ.
563 5752 731 5809 Porro
749 5752 828 5808 ~iu
876 5768 1017 5808 corr.
1058 5756 1143 5808 ed.
1195 5752 1253 5807 Ρ.
1296 5772 1313 5803 ι
1368 5753 1425 5806 L.
1464 5752 1734 5822 ἐννόητεν.
1779 5770 1795 5803 ι
1836 5752 1951 5803 loco

2064 5121 2171 5173 θεν.

2131 5188 2243 5264 (67)
2272 5188 2410 5257 Περὶ
2440 5188 2632 5264 Ἰησοῦ
2652 5185 2945 5264 Μωῐῗσσέως
2974 5184 3275 5264 διαδόχου.
3299 5185 3386 5264 Ait
3406 5183 3629 5264 Marcel-

2060 5256 2191 5321 lum,
2214 5256 2386 5313 lucum
2408 5274 2437 5311 e
2481 5259 2756 5311 Zachariae
2774 5257 2933 5311 tertio
2959 5258 3141 5325 capit.,
3165 5270 3308 5307 vers.
3334 5256 3381 5319 1,
3403 5257 3488 5306 ubi
3512 5258 3627 5325 agi-

2065 5341 2153 5385 tur
2172 5332 2237 5383 de
2269 5327 2392 5383 Jesu
2424 5327 2685 5385 Josedeci,
2725 5326 2975 5395 pontiﬁce
3013 5321 3062 5378 in
3086 5321 3271 5388 Israel,
3304 5326 3354 5377 in
3384 5321 3569 5379 reditu‘
3598 5342 3629 5380 e

2066 5400 2357 5470 Babylone,
2389 5401 2457 5451 ab
2500 5414 2563 5450 eo
2590 5392 2824 5470 dedésu.
2862 5392 2996 5470 Nam
3030 5395 3627 5470 Moysissuccessorem

2070 5464 2369 5538 acceptum.
2402 5470 2559 5523 Certe
2583 5466 2730 5538 valde
2767 5478 2885 5538 erat
2923 5464 3203 5538 Marcellus
3236 5464 3441 5534 ἠλίθιος
3465 5465 3627 5538 etin-

2072 5536 2429 5600 fantissimus,
2461 5538 2505 5590 si
2536 5538 2585 5589 id
2612 5536 2682 5586 ita
2720 5536 2905 5589 volunt
2936 5536 3099 5590 verba
3134 5537 3249 5602 ejus
3276 5550 3393 5603 qua:
3436 5536 3629 5590 recitat

2075 5611 2187 5675 ipse
2212 5609 2492 5669 Eusebius,
2523 5622 2625 5658 non
2660 5606 2759 5675 hoc
2790 5608 3042 5659 evincunt
3077 5624 3089 5658 :
3121 5605 3464 5675 nequeenim
3509 5614 3624 5675 sta-

2074 5672 2189 5741 tim,
2216 5679 2301 5731 ubi
2333 5684 2517 5740 egerat
2551 5676 2614 5727 de
2659 5672 2783 5727 Jesu
2816 5675 3069 5744 pontiﬁce
3120 5672 3260 5744 apud
3300 5673 3617 5744 Zachariam

2074 5750 2159 5802 illa
2189 5747 2471 5809 subinfert,
2506 5760 2623 5813 qua:
2653 5742 3010 5802 calumniatur
3043 5742 3326 5802 Eusebius.
3358 5742 3623 5801 ὄτιαὺτδς
