  <div class='ocr_page' id='page_1' title='image "/cluster/home/n/w/nwhite01/storage/ocr_20150623/24/hvd.32044073501801/373.png"; bbox 0 0 4098 6200; ppageno 0'>
   <div class='ocr_carea' id='block_1_1' title="bbox 465 316 3725 380">
    <p class='ocr_par' dir='ltr' id='par_1_1' title="bbox 465 316 3725 380">
     <span class='ocr_line' id='line_1_1' title="bbox 465 316 3725 380; baseline 0.002 -8"><span class='ocrx_word' id='word_1_1' title='bbox 465 317 563 373; x_wconf 74' lang='grc'><strong>751</strong></span> <span class='ocrx_word' id='word_1_2' title='bbox 1146 316 1415 373; x_wconf 83' lang='lat' dir='ltr'><strong>EUSEBII</strong></span> <span class='ocrx_word' id='word_1_3' title='bbox 1455 318 1935 374; x_wconf 65' lang='lat' dir='ltr'><strong>CIESARIENSIS</strong></span> <span class='ocrx_word' id='word_1_4' title='bbox 1974 318 2128 374; x_wconf 80' lang='lat' dir='ltr'><strong>OPP.</strong></span> <span class='ocrx_word' id='word_1_5' title='bbox 2170 319 2353 376; x_wconf 77' lang='lat' dir='ltr'><strong>PARS</strong></span> <span class='ocrx_word' id='word_1_6' title='bbox 2390 321 2481 378; x_wconf 62' lang='grc' dir='ltr'>ιν.</span> <span class='ocrx_word' id='word_1_7' title='bbox 2520 352 2589 367; x_wconf 88' lang='grc'><strong>--</strong></span> <span class='ocrx_word' id='word_1_8' title='bbox 2631 321 3050 379; x_wconf 78' lang='lat' dir='ltr'><strong>DOGMATICA.</strong></span> <span class='ocrx_word' id='word_1_9' title='bbox 3617 324 3725 380; x_wconf 66' lang='lat'><strong>753</strong></span> 
     </span>
    </p>
   </div>
   <div class='ocr_carea' id='block_1_2' title="bbox 464 433 2061 508">
    <p class='ocr_par' dir='ltr' id='par_1_2' title="bbox 464 433 2044 508">
     <span class='ocr_line' id='line_1_2' title="bbox 464 433 2044 508; baseline 0 -16"><span class='ocrx_word' id='word_1_10' title='bbox 464 453 569 493; x_wconf 89' lang='lat' dir='ltr'><strong>me.</strong></span> <span class='ocrx_word' id='word_1_11' title='bbox 600 434 734 491; x_wconf 85' lang='lat' dir='ltr'><strong>Nam</strong></span> <span class='ocrx_word' id='word_1_12' title='bbox 766 433 949 492; x_wconf 81' lang='lat' dir='ltr'><strong>Jesum</strong></span> <span class='ocrx_word' id='word_1_13' title='bbox 984 435 1133 491; x_wconf 91' lang='lat' dir='ltr'><strong>illum</strong></span> <span class='ocrx_word' id='word_1_14' title='bbox 1163 438 1334 492; x_wconf 79' lang='lat' dir='ltr'><strong>voluit</strong></span> <span class='ocrx_word' id='word_1_15' title='bbox 1368 438 1457 493; x_wconf 84' lang='lat' dir='ltr'><strong>hic</strong></span> <span class='ocrx_word' id='word_1_16' title='bbox 1484 438 1837 508; x_wconf 84' lang='lat' dir='ltr'><strong>intelligi,qui</strong></span> <span class='ocrx_word' id='word_1_17' title='bbox 1878 437 2044 508; x_wconf 84' lang='lat' dir='ltr'><strong>Moysi</strong></span> 
     </span>
    </p>
   </div>
   <div class='ocr_carea' id='block_1_3' title="bbox 2168 433 3721 508">
    <p class='ocr_par' dir='ltr' id='par_1_3' title="bbox 2168 436 3721 507">
     <span class='ocr_line' id='line_1_3' title="bbox 2168 436 3721 507; baseline 0.003 -19"><span class='ocrx_word' id='word_1_18' title='bbox 2168 438 2325 507; x_wconf 75' lang='grc' dir='ltr'>ἱόχου.</span> <span class='ocrx_word' id='word_1_19' title='bbox 2356 438 2467 489; x_wconf 75' lang='grc' dir='ltr'>Καὶ</span> <span class='ocrx_word' id='word_1_20' title='bbox 2518 437 2677 491; x_wconf 77' lang='grc' dir='ltr'>πάλιν</span> <span class='ocrx_word' id='word_1_21' title='bbox 2705 438 2798 491; x_wconf 78' lang='grc' dir='ltr'><strong>τοῦ</strong></span> <span class='ocrx_word' id='word_1_22' title='bbox 2828 436 3494 507; x_wconf 72' lang='grc' dir='ltr'>Ἀποστόλουγράψαντος</span> <span class='ocrx_word' id='word_1_23' title='bbox 3552 439 3609 490; x_wconf 79' lang='grc' dir='ltr'>ὲν</span> <span class='ocrx_word' id='word_1_24' title='bbox 3655 440 3721 507; x_wconf 83' lang='grc' dir='ltr'>τῇ</span> 
     </span>
    </p>
   </div>
   <div class='ocr_carea' id='block_1_4' title="bbox 462 526 2061 600">
    <p class='ocr_par' dir='ltr' id='par_1_4' title="bbox 462 528 2042 600">
     <span class='ocr_line' id='line_1_4' title="bbox 462 528 2042 600; baseline -0.001 -15"><span class='ocrx_word' id='word_1_25' title='bbox 462 528 786 585; x_wconf 79' lang='lat' dir='ltr'><strong>succedebat</strong></span> <span class='ocrx_word' id='word_1_26' title='bbox 826 528 1154 583; x_wconf 77' lang='lat' dir='ltr'><strong>immediate.</strong></span> <span class='ocrx_word' id='word_1_27' title='bbox 1201 528 1447 591; x_wconf 85' lang='lat' dir='ltr'><strong>Deinde,</strong></span> <span class='ocrx_word' id='word_1_28' title='bbox 1488 545 1609 582; x_wconf 89' lang='lat' dir='ltr'><strong>cum</strong></span> <span class='ocrx_word' id='word_1_29' title='bbox 1648 530 1951 600; x_wconf 73' lang='lat' dir='ltr'><strong>Apostolus.</strong></span> <span class='ocrx_word' id='word_1_30' title='bbox 1991 530 2042 583; x_wconf 94' lang='lat' dir='ltr'><strong>in</strong></span> 
     </span>
    </p>
   </div>
   <div class='ocr_carea' id='block_1_5' title="bbox 2168 526 3727 600">
    <p class='ocr_par' dir='ltr' id='par_1_5' title="bbox 2168 526 3727 600">
     <span class='ocr_line' id='line_1_5' title="bbox 2168 526 3727 600; baseline -0.001 -19"><span class='ocrx_word' id='word_1_31' title='bbox 2168 529 2283 600; x_wconf 82' lang='grc' dir='ltr'>τρὸς</span> <span class='ocrx_word' id='word_1_32' title='bbox 2332 528 2576 591; x_wconf 80' lang='grc' dir='ltr'><strong>Γαλάτας</strong></span> <span class='ocrx_word' id='word_1_33' title='bbox 2635 527 2887 598; x_wconf 78' lang='grc' dir='ltr'>ἐπιστολῇ</span> <span class='ocrx_word' id='word_1_34' title='bbox 2943 527 3130 579; x_wconf 84' lang='grc' dir='ltr'>τοῦτον</span> <span class='ocrx_word' id='word_1_35' title='bbox 3171 526 3263 578; x_wconf 81' lang='grc' dir='ltr'><strong>τὸν</strong></span> <span class='ocrx_word' id='word_1_36' title='bbox 3309 527 3538 596; x_wconf 81' lang='grc' dir='ltr'><strong>τρόπον·</strong></span> <span class='ocrx_word' id='word_1_37' title='bbox 3576 529 3636 581; x_wconf 84' lang='grc' dir='ltr'><em>Ἠ</em></span> <span class='ocrx_word' id='word_1_38' title='bbox 3658 528 3727 581; x_wconf 65' lang='grc' dir='ltr'><em>δέ</em></span> 
     </span>
    </p>
   </div>
   <div class='ocr_carea' id='block_1_6' title="bbox 466 603 2061 691">
    <p class='ocr_par' dir='ltr' id='par_1_6' title="bbox 466 620 2044 691">
     <span class='ocr_line' id='line_1_6' title="bbox 466 620 2044 691; baseline -0.004 -14"><span class='ocrx_word' id='word_1_39' title='bbox 466 623 553 678; x_wconf 82' lang='lat' dir='ltr'><strong>illa</strong></span> <span class='ocrx_word' id='word_1_40' title='bbox 580 636 698 691; x_wconf 71' lang='lat' dir='ltr'><strong>qua:</strong></span> <span class='ocrx_word' id='word_1_41' title='bbox 725 630 809 675; x_wconf 89' lang='lat' dir='ltr'><strong>est</strong></span> <span class='ocrx_word' id='word_1_42' title='bbox 860 622 925 675; x_wconf 90' lang='lat' dir='ltr'><strong>ad</strong></span> <span class='ocrx_word' id='word_1_43' title='bbox 954 620 1174 676; x_wconf 81' lang='lat' dir='ltr'><strong>Galatas</strong></span> <span class='ocrx_word' id='word_1_44' title='bbox 1206 620 1443 689; x_wconf 82' lang='lat' dir='ltr'><strong>Epistula</strong></span> <span class='ocrx_word' id='word_1_45' title='bbox 1488 621 1713 685; x_wconf 85' lang='lat' dir='ltr'><strong>scribat,</strong></span> <span class='ocrx_word' id='word_1_46' title='bbox 1750 620 2044 674; x_wconf 84' lang='lat' dir='ltr'><strong>Jerusatem</strong></span> 
     </span>
    </p>
   </div>
   <div class='ocr_carea' id='block_1_7' title="bbox 2168 603 3727 691">
    <p class='ocr_par' dir='ltr' id='par_1_7' title="bbox 2168 603 3727 687">
     <span class='ocr_line' id='line_1_7' title="bbox 2168 603 3727 687; baseline -0.001 -15"><span class='ocrx_word' id='word_1_47' title='bbox 2168 620 2269 674; x_wconf 74' lang='grc' dir='ltr'><strong>ἶνω</strong></span> <span class='ocrx_word' id='word_1_48' title='bbox 2304 618 2691 687; x_wconf 78' lang='grc' dir='ltr'>Ἰερουσαλὴμ</span> <span class='ocrx_word' id='word_1_49' title='bbox 2732 618 3016 686; x_wconf 83' lang='grc' dir='ltr'>ἐλευθέρα</span> <span class='ocrx_word' id='word_1_50' title='bbox 3054 618 3259 681; x_wconf 73' lang='grc' dir='ltr'>ἐστὶν,</span> <span class='ocrx_word' id='word_1_51' title='bbox 3294 618 3427 685; x_wconf 76' lang='grc' dir='ltr'>ἥτις</span> <span class='ocrx_word' id='word_1_52' title='bbox 3448 603 3576 672; x_wconf 60' lang='grc' dir='ltr'>ἐστὶ</span> <span class='ocrx_word' id='word_1_53' title='bbox 3610 620 3727 687; x_wconf 60' lang='grc' dir='ltr'>μιῷ</span> 
     </span>
    </p>
   </div>
   <div class='ocr_carea' id='block_1_8' title="bbox 463 706 2061 782">
    <p class='ocr_par' dir='ltr' id='par_1_8' title="bbox 463 712 2045 782">
     <span class='ocr_line' id='line_1_8' title="bbox 463 712 2045 782; baseline -0.001 -19"><span class='ocrx_word' id='word_1_54' title='bbox 463 729 583 782; x_wconf 78' lang='lat' dir='ltr'><strong>qua!</strong></span> <span class='ocrx_word' id='word_1_55' title='bbox 633 728 838 765; x_wconf 85' lang='lat' dir='ltr'><strong>sursum</strong></span> <span class='ocrx_word' id='word_1_56' title='bbox 882 723 990 775; x_wconf 87' lang='lat' dir='ltr'><strong>est,</strong></span> <span class='ocrx_word' id='word_1_57' title='bbox 1021 712 1185 764; x_wconf 86' lang='lat' dir='ltr'><strong>libera</strong></span> <span class='ocrx_word' id='word_1_58' title='bbox 1234 723 1345 775; x_wconf 90' lang='lat' dir='ltr'><strong>est,</strong></span> <span class='ocrx_word' id='word_1_59' title='bbox 1387 728 1503 781; x_wconf 77' lang='lat' dir='ltr'><strong>qua:</strong></span> <span class='ocrx_word' id='word_1_60' title='bbox 1552 723 1785 765; x_wconf 88' lang='lat' dir='ltr'><strong>nostrum</strong></span> <span class='ocrx_word' id='word_1_61' title='bbox 1835 712 2045 781; x_wconf 80' lang='lat' dir='ltr'><strong>quidem</strong></span> 
     </span>
    </p>
   </div>
   <div class='ocr_carea' id='block_1_9' title="bbox 2168 706 3727 782">
    <p class='ocr_par' dir='ltr' id='par_1_9' title="bbox 2168 706 3727 781">
     <span class='ocr_line' id='line_1_9' title="bbox 2168 706 3727 781; baseline 0.003 -22"><span class='ocrx_word' id='word_1_62' title='bbox 2168 728 2257 778; x_wconf 67' lang='grc' dir='ltr'>τηρ</span> <span class='ocrx_word' id='word_1_63' title='bbox 2277 706 2446 779; x_wconf 78' lang='grc' dir='ltr'><strong>ἡμῶν</strong></span> <span class='ocrx_word' id='word_1_64' title='bbox 2469 710 2781 764; x_wconf 77' lang='grc' dir='ltr'>ἁπάντων·</span> <span class='ocrx_word' id='word_1_65' title='bbox 2824 709 3030 772; x_wconf 78' lang='grc' dir='ltr'>ἔλαθεν,</span> <span class='ocrx_word' id='word_1_66' title='bbox 3059 711 3091 780; x_wconf 84' lang='grc' dir='ltr'><strong>ἦ</strong></span> <span class='ocrx_word' id='word_1_67' title='bbox 3152 710 3251 763; x_wconf 75' lang='grc' dir='ltr'><strong>οὐκ</strong></span> <span class='ocrx_word' id='word_1_68' title='bbox 3284 710 3523 781; x_wconf 79' lang='grc' dir='ltr'>ἐνόησεν,</span> <span class='ocrx_word' id='word_1_69' title='bbox 3564 710 3597 781; x_wconf 79' lang='grc' dir='ltr'>ἦ</span> <span class='ocrx_word' id='word_1_70' title='bbox 3636 712 3727 764; x_wconf 80' lang='grc' dir='ltr'>καὶ</span> 
     </span>
    </p>
   </div>
   <div class='ocr_carea' id='block_1_10' title="bbox 468 801 2045 871">
    <p class='ocr_par' dir='ltr' id='par_1_10' title="bbox 468 801 2045 871">
     <span class='ocr_line' id='line_1_10' title="bbox 468 801 2045 871; baseline -0.003 -15"><span class='ocrx_word' id='word_1_71' title='bbox 468 804 699 855; x_wconf 86' lang='lat' dir='ltr'><strong>omnium</strong></span> <span class='ocrx_word' id='word_1_72' title='bbox 730 812 897 854; x_wconf 96' lang='lat' dir='ltr'><strong>mater</strong></span> <span class='ocrx_word' id='word_1_73' title='bbox 930 813 1003 855; x_wconf 80' lang='lat' dir='ltr'><strong>est</strong></span> <span class='ocrx_word' id='word_1_74' title='bbox 1029 804 1112 867; x_wconf 85' lang='lat'><strong>&quot;;</strong></span> <span class='ocrx_word' id='word_1_75' title='bbox 1152 802 1241 856; x_wconf 91' lang='lat' dir='ltr'><strong>hic</strong></span> <span class='ocrx_word' id='word_1_76' title='bbox 1276 802 1437 865; x_wconf 89' lang='lat' dir='ltr'><strong>idem,</strong></span> <span class='ocrx_word' id='word_1_77' title='bbox 1476 817 1571 869; x_wconf 82' lang='lat' dir='ltr'><strong>per</strong></span> <span class='ocrx_word' id='word_1_78' title='bbox 1609 801 2045 871; x_wconf 85' lang='lat' dir='ltr'><strong>imprudentiam,</strong></span> 
     </span>
    </p>
   </div>
   <div class='ocr_carea' id='block_1_11' title="bbox 470 894 2047 965">
    <p class='ocr_par' dir='ltr' id='par_1_11' title="bbox 470 894 2047 965">
     <span class='ocr_line' id='line_1_11' title="bbox 470 894 2047 965; baseline 0 -18"><span class='ocrx_word' id='word_1_79' title='bbox 470 905 563 948; x_wconf 89' lang='lat' dir='ltr'><strong>aut</strong></span> <span class='ocrx_word' id='word_1_80' title='bbox 597 895 736 965; x_wconf 89' lang='lat' dir='ltr'><strong>quod</strong></span> <span class='ocrx_word' id='word_1_81' title='bbox 767 897 998 961; x_wconf 75' lang='lat' dir='ltr'><strong>ignoret,</strong></span> <span class='ocrx_word' id='word_1_82' title='bbox 1038 895 1122 950; x_wconf 89' lang='lat' dir='ltr'><strong>vel</strong></span> <span class='ocrx_word' id='word_1_83' title='bbox 1151 905 1301 951; x_wconf 90' lang='lat' dir='ltr'><strong>certe</strong></span> <span class='ocrx_word' id='word_1_84' title='bbox 1341 895 1522 950; x_wconf 89' lang='lat' dir='ltr'><strong>sciens</strong></span> <span class='ocrx_word' id='word_1_85' title='bbox 1560 894 1851 964; x_wconf 79' lang='lat' dir='ltr'><strong>volensque</strong></span> <span class='ocrx_word' id='word_1_86' title='bbox 1884 894 2047 949; x_wconf 85' lang='lat' dir='ltr'><strong>verba</strong></span> 
     </span>
    </p>
   </div>
   <div class='ocr_carea' id='block_1_12' title="bbox 470 983 2048 1055">
    <p class='ocr_par' dir='ltr' id='par_1_12' title="bbox 470 983 2048 1055">
     <span class='ocr_line' id='line_1_12' title="bbox 470 983 2048 1055; baseline -0.003 -13"><span class='ocrx_word' id='word_1_87' title='bbox 470 987 557 1042; x_wconf 86' lang='lat' dir='ltr'><strong>illa</strong></span> <span class='ocrx_word' id='word_1_88' title='bbox 583 987 862 1055; x_wconf 77' lang='lat' dir='ltr'><strong>depravat,</strong></span> <span class='ocrx_word' id='word_1_89' title='bbox 892 986 1017 1039; x_wconf 91' lang='lat' dir='ltr'><strong>dum</strong></span> <span class='ocrx_word' id='word_1_90' title='bbox 1052 985 1118 1039; x_wconf 88' lang='lat' dir='ltr'><strong>ad</strong></span> <span class='ocrx_word' id='word_1_91' title='bbox 1155 986 1311 1040; x_wconf 90' lang='lat' dir='ltr'><strong>istum</strong></span> <span class='ocrx_word' id='word_1_92' title='bbox 1346 986 1565 1039; x_wconf 89' lang='lat' dir='ltr'><strong>modum</strong></span> <span class='ocrx_word' id='word_1_93' title='bbox 1597 985 1785 1040; x_wconf 84' lang='lat' dir='ltr'><strong>scribit</strong></span> <span class='ocrx_word' id='word_1_94' title='bbox 1812 1002 1825 1037; x_wconf 91' lang='lat'><strong>:</strong></span> <span class='ocrx_word' id='word_1_95' title='bbox 1852 983 2048 1039; x_wconf 87' lang='lat' dir='ltr'><strong>Nostra</strong></span> 
     </span>
    </p>
   </div>
   <div class='ocr_carea' id='block_1_13' title="bbox 468 1076 2049 1145">
    <p class='ocr_par' dir='ltr' id='par_1_13' title="bbox 468 1076 2049 1145">
     <span class='ocr_line' id='line_1_13' title="bbox 468 1076 2049 1145; baseline -0.003 -12"><span class='ocrx_word' id='word_1_96' title='bbox 468 1090 645 1133; x_wconf 67' lang='lat' dir='ltr'><strong>amem</strong></span> <span class='ocrx_word' id='word_1_97' title='bbox 665 1076 966 1131; x_wconf 81' lang='lat' dir='ltr'><strong>Jerusalem</strong></span> <span class='ocrx_word' id='word_1_98' title='bbox 1006 1093 1215 1130; x_wconf 78' lang='lat' dir='ltr'><strong>sursum</strong></span> <span class='ocrx_word' id='word_1_99' title='bbox 1251 1087 1346 1130; x_wconf 88' lang='lat' dir='ltr'><strong>est.</strong></span> <span class='ocrx_word' id='word_1_100' title='bbox 1382 1076 1506 1145; x_wconf 86' lang='lat' dir='ltr'><strong>Ipsa</strong></span> <span class='ocrx_word' id='word_1_101' title='bbox 1544 1078 1679 1129; x_wconf 88' lang='lat' dir='ltr'><strong>enim</strong></span> <span class='ocrx_word' id='word_1_102' title='bbox 1708 1076 1763 1128; x_wconf 89' lang='lat' dir='ltr'><strong>in</strong></span> <span class='ocrx_word' id='word_1_103' title='bbox 1805 1076 2049 1129; x_wconf 84' lang='lat' dir='ltr'><strong>servitute</strong></span> 
     </span>
    </p>
   </div>
   <div class='ocr_carea' id='block_1_14' title="bbox 470 1166 2049 1238">
    <p class='ocr_par' dir='ltr' id='par_1_14' title="bbox 470 1166 2049 1238">
     <span class='ocr_line' id='line_1_14' title="bbox 470 1166 2049 1238; baseline -0.003 -13"><span class='ocrx_word' id='word_1_104' title='bbox 470 1183 544 1225; x_wconf 89' lang='lat' dir='ltr'><strong>est</strong></span> <span class='ocrx_word' id='word_1_105' title='bbox 568 1188 683 1224; x_wconf 86' lang='lat' dir='ltr'><strong>cum</strong></span> <span class='ocrx_word' id='word_1_106' title='bbox 712 1170 839 1238; x_wconf 81' lang='lat' dir='ltr'><strong>ﬁliis</strong></span> <span class='ocrx_word' id='word_1_107' title='bbox 866 1171 998 1223; x_wconf 88' lang='lat' dir='ltr'><strong>suis.</strong></span> <span class='ocrx_word' id='word_1_108' title='bbox 1036 1170 1223 1223; x_wconf 84' lang='lat' dir='ltr'><strong>Tertio</strong></span> <span class='ocrx_word' id='word_1_109' title='bbox 1251 1170 1338 1223; x_wconf 92' lang='lat' dir='ltr'><strong>ubi</strong></span> <span class='ocrx_word' id='word_1_110' title='bbox 1363 1169 1579 1223; x_wconf 88' lang='lat' dir='ltr'><strong>Petrum</strong></span> <span class='ocrx_word' id='word_1_111' title='bbox 1604 1169 1682 1224; x_wconf 88' lang='lat' dir='ltr'><strong>sic</strong></span> <span class='ocrx_word' id='word_1_112' title='bbox 1708 1166 1903 1222; x_wconf 73' lang='lat' dir='ltr'><strong>aﬂatur</strong></span> <span class='ocrx_word' id='word_1_113' title='bbox 1924 1168 2049 1223; x_wconf 87' lang='lat' dir='ltr'><strong>Ser-</strong></span> 
     </span>
    </p>
   </div>
   <div class='ocr_carea' id='block_1_15' title="bbox 470 1258 2049 1329">
    <p class='ocr_par' dir='ltr' id='par_1_15' title="bbox 470 1258 2049 1329">
     <span class='ocr_line' id='line_1_15' title="bbox 470 1258 2049 1329; baseline -0.005 -11"><span class='ocrx_word' id='word_1_114' title='bbox 470 1275 625 1318; x_wconf 86' lang='lat' dir='ltr'><strong>vator</strong></span> <span class='ocrx_word' id='word_1_115' title='bbox 653 1262 728 1316; x_wconf 80' lang='lat' dir='ltr'>“z</span> <span class='ocrx_word' id='word_1_116' title='bbox 752 1262 848 1314; x_wconf 86' lang='lat' dir='ltr'><strong>Abi</strong></span> <span class='ocrx_word' id='word_1_117' title='bbox 870 1262 933 1314; x_wconf 88' lang='lat' dir='ltr'><strong>de</strong></span> <span class='ocrx_word' id='word_1_118' title='bbox 954 1270 1065 1329; x_wconf 84' lang='lat' dir='ltr'><strong>post</strong></span> <span class='ocrx_word' id='word_1_119' title='bbox 1092 1276 1190 1327; x_wconf 88' lang='lat' dir='ltr'><strong>me,</strong></span> <span class='ocrx_word' id='word_1_120' title='bbox 1226 1260 1435 1324; x_wconf 87' lang='lat' dir='ltr'><strong>Satan;</strong></span> <span class='ocrx_word' id='word_1_121' title='bbox 1466 1260 1715 1314; x_wconf 83' lang='lat' dir='ltr'><strong>scandala</strong></span> <span class='ocrx_word' id='word_1_122' title='bbox 1750 1262 1887 1312; x_wconf 87' lang='lat' dir='ltr'><strong>enim</strong></span> <span class='ocrx_word' id='word_1_123' title='bbox 1922 1258 2049 1311; x_wconf 86' lang='lat' dir='ltr'><strong>mihi</strong></span> 
     </span>
    </p>
   </div>
   <div class='ocr_carea' id='block_1_16' title="bbox 470 1350 2049 1421">
    <p class='ocr_par' dir='ltr' id='par_1_16' title="bbox 470 1350 2049 1421">
     <span class='ocr_line' id='line_1_16' title="bbox 470 1350 2049 1421; baseline -0.005 -12"><span class='ocrx_word' id='word_1_124' title='bbox 470 1370 678 1419; x_wconf 85' lang='lat' dir='ltr'><strong>es,cum</strong></span> <span class='ocrx_word' id='word_1_125' title='bbox 698 1369 799 1405; x_wconf 88' lang='lat' dir='ltr'><strong>non</strong></span> <span class='ocrx_word' id='word_1_126' title='bbox 824 1353 996 1421; x_wconf 82' lang='lat' dir='ltr'><strong>sapias</strong></span> <span class='ocrx_word' id='word_1_127' title='bbox 1028 1367 1087 1405; x_wconf 88' lang='lat' dir='ltr'><strong>ea</strong></span> <span class='ocrx_word' id='word_1_128' title='bbox 1112 1366 1228 1419; x_wconf 64' lang='lat' dir='ltr'><strong>quae</strong></span> <span class='ocrx_word' id='word_1_129' title='bbox 1260 1350 1353 1404; x_wconf 88' lang='lat' dir='ltr'><strong>Dei</strong></span> <span class='ocrx_word' id='word_1_130' title='bbox 1376 1360 1519 1414; x_wconf 85' lang='lat' dir='ltr'><strong>sunt,</strong></span> <span class='ocrx_word' id='word_1_131' title='bbox 1546 1351 1633 1403; x_wconf 88' lang='lat' dir='ltr'><strong>sed</strong></span> <span class='ocrx_word' id='word_1_132' title='bbox 1664 1366 1779 1418; x_wconf 71' lang='lat' dir='ltr'><strong>quia</strong></span> <span class='ocrx_word' id='word_1_133' title='bbox 1802 1359 1921 1403; x_wconf 87' lang='lat' dir='ltr'><strong>sunt</strong></span> <span class='ocrx_word' id='word_1_134' title='bbox 1952 1350 2049 1402; x_wconf 86' lang='grc' dir='ltr'>Ιιο-</span> 
     </span>
    </p>
   </div>
   <div class='ocr_carea' id='block_1_17' title="bbox 472 1442 2052 1512">
    <p class='ocr_par' dir='ltr' id='par_1_17' title="bbox 472 1442 2052 1512">
     <span class='ocr_line' id='line_1_17' title="bbox 472 1442 2052 1512; baseline -0.004 -14"><span class='ocrx_word' id='word_1_135' title='bbox 472 1447 699 1509; x_wconf 86' lang='lat' dir='ltr'><strong>minum,</strong></span> <span class='ocrx_word' id='word_1_136' title='bbox 728 1443 948 1499; x_wconf 89' lang='lat' dir='ltr'><strong>minime</strong></span> <span class='ocrx_word' id='word_1_137' title='bbox 1000 1442 1301 1512; x_wconf 81' lang='lat' dir='ltr'><strong>intelligens</strong></span> <span class='ocrx_word' id='word_1_138' title='bbox 1340 1444 1608 1511; x_wconf 89' lang='lat' dir='ltr'><strong>quomodo</strong></span> <span class='ocrx_word' id='word_1_139' title='bbox 1651 1445 1765 1497; x_wconf 59' lang='lat' dir='ltr'><strong>haec</strong></span> <span class='ocrx_word' id='word_1_140' title='bbox 1805 1442 2052 1496; x_wconf 85' lang='lat' dir='ltr'><strong>dicantur</strong></span> 
     </span>
    </p>
   </div>
   <div class='ocr_carea' id='block_1_18' title="bbox 474 1533 2049 1605">
    <p class='ocr_par' dir='ltr' id='par_1_18' title="bbox 474 1533 2049 1605">
     <span class='ocr_line' id='line_1_18' title="bbox 474 1533 2049 1605; baseline -0.003 -15"><span class='ocrx_word' id='word_1_141' title='bbox 474 1537 539 1590; x_wconf 88' lang='lat' dir='ltr'><strong>ad</strong></span> <span class='ocrx_word' id='word_1_142' title='bbox 579 1534 914 1604; x_wconf 84' lang='lat' dir='ltr'><strong>Apostolum,</strong></span> <span class='ocrx_word' id='word_1_143' title='bbox 954 1544 1046 1588; x_wconf 88' lang='lat' dir='ltr'><strong>aut</strong></span> <span class='ocrx_word' id='word_1_144' title='bbox 1074 1548 1361 1605; x_wconf 81' lang='lat' dir='ltr'><strong>quorsum,</strong></span> <span class='ocrx_word' id='word_1_145' title='bbox 1406 1534 1635 1588; x_wconf 77' lang='lat' dir='ltr'><strong>aﬂirmat</strong></span> <span class='ocrx_word' id='word_1_146' title='bbox 1671 1534 1737 1587; x_wconf 83' lang='lat' dir='ltr'><strong>ad</strong></span> <span class='ocrx_word' id='word_1_147' title='bbox 1779 1533 2049 1587; x_wconf 86' lang='lat' dir='ltr'><strong>diabolum</strong></span> 
     </span>
    </p>
   </div>
   <div class='ocr_carea' id='block_1_19' title="bbox 474 1624 2053 1697">
    <p class='ocr_par' dir='ltr' id='par_1_19' title="bbox 474 1624 2053 1697">
     <span class='ocr_line' id='line_1_19' title="bbox 474 1624 2053 1697; baseline -0.003 -16"><span class='ocrx_word' id='word_1_148' title='bbox 474 1640 596 1681; x_wconf 84' lang='lat' dir='ltr'><strong>esse</strong></span> <span class='ocrx_word' id='word_1_149' title='bbox 618 1626 781 1680; x_wconf 88' lang='lat' dir='ltr'><strong>dicta.</strong></span> <span class='ocrx_word' id='word_1_150' title='bbox 806 1624 1120 1697; x_wconf 87' lang='lat' dir='ltr'><strong>Hujusmodi</strong></span> <span class='ocrx_word' id='word_1_151' title='bbox 1155 1625 1240 1679; x_wconf 91' lang='lat' dir='ltr'><strong>ille</strong></span> <span class='ocrx_word' id='word_1_152' title='bbox 1266 1625 1712 1683; x_wconf 83' lang='lat' dir='ltr'><strong>hallucinationes</strong></span> <span class='ocrx_word' id='word_1_153' title='bbox 1742 1624 1901 1679; x_wconf 83' lang='lat' dir='ltr'><strong>simul</strong></span> <span class='ocrx_word' id='word_1_154' title='bbox 1924 1639 2053 1679; x_wconf 87' lang='lat' dir='ltr'><strong>con-</strong></span> 
     </span>
    </p>
   </div>
   <div class='ocr_carea' id='block_1_20' title="bbox 477 1717 2051 1789">
    <p class='ocr_par' dir='ltr' id='par_1_20' title="bbox 477 1717 2051 1789">
     <span class='ocr_line' id='line_1_20' title="bbox 477 1717 2051 1789; baseline -0.003 -16"><span class='ocrx_word' id='word_1_155' title='bbox 477 1728 656 1789; x_wconf 82' lang='lat' dir='ltr'><strong>gestas</strong></span> <span class='ocrx_word' id='word_1_156' title='bbox 704 1733 809 1772; x_wconf 91' lang='lat' dir='ltr'><strong>una</strong></span> <span class='ocrx_word' id='word_1_157' title='bbox 863 1719 1021 1772; x_wconf 90' lang='lat' dir='ltr'><strong>modo</strong></span> <span class='ocrx_word' id='word_1_158' title='bbox 1078 1717 1302 1788; x_wconf 90' lang='lat' dir='ltr'><strong>periodo</strong></span> <span class='ocrx_word' id='word_1_159' title='bbox 1344 1717 1788 1787; x_wconf 85' lang='lat' dir='ltr'><strong>comprehendit.</strong></span> <span class='ocrx_word' id='word_1_160' title='bbox 1830 1717 2051 1771; x_wconf 87' lang='lat' dir='ltr'><strong>totidem</strong></span> 
     </span>
    </p>
   </div>
   <div class='ocr_carea' id='block_1_21' title="bbox 2149 798 3728 871">
    <p class='ocr_par' dir='ltr' id='par_1_21' title="bbox 2149 798 3728 871">
     <span class='ocr_line' id='line_1_21' title="bbox 2149 798 3728 871; baseline 0.001 -18"><span class='ocrx_word' id='word_1_161' title='bbox 2149 801 2288 855; x_wconf 83' lang='grc' dir='ltr'>έκὼν</span> <span class='ocrx_word' id='word_1_162' title='bbox 2320 801 2631 871; x_wconf 83' lang='grc' dir='ltr'><strong>διαστρέφει</strong></span> <span class='ocrx_word' id='word_1_163' title='bbox 2665 798 2757 853; x_wconf 90' lang='grc' dir='ltr'><strong>τὸν</strong></span> <span class='ocrx_word' id='word_1_164' title='bbox 2782 800 2935 869; x_wconf 88' lang='grc' dir='ltr'>λόγον</span> <span class='ocrx_word' id='word_1_165' title='bbox 2962 802 3186 870; x_wconf 80' lang='grc' dir='ltr'>γράφων</span> <span class='ocrx_word' id='word_1_166' title='bbox 3206 819 3218 830; x_wconf 85' lang='grc'><strong>·</strong></span> <span class='ocrx_word' id='word_1_167' title='bbox 3268 803 3329 855; x_wconf 83' lang='grc' dir='ltr'><em>Ἠ</em></span> <span class='ocrx_word' id='word_1_168' title='bbox 3375 800 3443 854; x_wconf 82' lang='grc' dir='ltr'><strong>δὲ</strong></span> <span class='ocrx_word' id='word_1_169' title='bbox 3474 802 3728 871; x_wconf 76' lang='grc' dir='ltr'>ἡμετέρα</span> 
     </span>
    </p>
   </div>
   <div class='ocr_carea' id='block_1_22' title="bbox 2159 894 3727 966">
    <p class='ocr_par' dir='ltr' id='par_1_22' title="bbox 2159 894 3727 966">
     <span class='ocr_line' id='line_1_22' title="bbox 2159 894 3727 966; baseline -0.001 -15"><span class='ocrx_word' id='word_1_170' title='bbox 2159 896 2564 966; x_wconf 79' lang='grc' dir='ltr'>Ἰερουσαλὴμ,</span> <span class='ocrx_word' id='word_1_171' title='bbox 2591 896 2713 949; x_wconf 80' lang='grc' dir='ltr'><strong>ἄνω</strong></span> <span class='ocrx_word' id='word_1_172' title='bbox 2742 896 2908 949; x_wconf 82' lang='grc' dir='ltr'>ἐστί’</span> <span class='ocrx_word' id='word_1_173' title='bbox 2947 894 3056 965; x_wconf 86' lang='grc'><strong>(68)</strong></span> <span class='ocrx_word' id='word_1_174' title='bbox 3105 895 3253 962; x_wconf 83' lang='grc' dir='ltr'>αὕτη</span> <span class='ocrx_word' id='word_1_175' title='bbox 3279 896 3391 964; x_wconf 78' lang='grc' dir='ltr'>γὰρ</span> <span class='ocrx_word' id='word_1_176' title='bbox 3452 895 3727 949; x_wconf 75' lang='grc' dir='ltr'><strong>δουλεύει</strong></span> 
     </span>
    </p>
   </div>
   <div class='ocr_carea' id='block_1_23' title="bbox 2144 983 3727 1061">
    <p class='ocr_par' dir='ltr' id='par_1_23' title="bbox 2144 983 3727 1061">
     <span class='ocr_line' id='line_1_23' title="bbox 2144 983 3727 1061; baseline -0.007 -14"><span class='ocrx_word' id='word_1_177' title='bbox 2144 992 2293 1061; x_wconf 83' lang='grc' dir='ltr'>μετὰ</span> <span class='ocrx_word' id='word_1_178' title='bbox 2321 989 2439 1043; x_wconf 76' lang='grc' dir='ltr'><strong>τῶν</strong></span> <span class='ocrx_word' id='word_1_179' title='bbox 2482 988 2707 1042; x_wconf 79' lang='grc' dir='ltr'>τέκνων</span> <span class='ocrx_word' id='word_1_180' title='bbox 2754 987 2964 1056; x_wconf 83' lang='grc' dir='ltr'><strong>αὐτῆς.</strong></span> <span class='ocrx_word' id='word_1_181' title='bbox 3000 988 3107 1041; x_wconf 70' lang='grc' dir='ltr'>Καὶ</span> <span class='ocrx_word' id='word_1_182' title='bbox 3160 983 3313 1051; x_wconf 76' lang='grc' dir='ltr'>αὖθις</span> <span class='ocrx_word' id='word_1_183' title='bbox 3344 987 3438 1042; x_wconf 77' lang='grc' dir='ltr'>τοῦ</span> <span class='ocrx_word' id='word_1_184' title='bbox 3478 989 3727 1059; x_wconf 83' lang='grc' dir='ltr'><strong>Σωτῆρος</strong></span> 
     </span>
    </p>
   </div>
   <div class='ocr_carea' id='block_1_24' title="bbox 2151 1080 3725 1154">
    <p class='ocr_par' dir='ltr' id='par_1_24' title="bbox 2151 1080 3725 1154">
     <span class='ocr_line' id='line_1_24' title="bbox 2151 1080 3725 1154; baseline -0.001 -20"><span class='ocrx_word' id='word_1_185' title='bbox 2151 1081 2306 1154; x_wconf 77' lang='grc' dir='ltr'>ἡμῶν</span> <span class='ocrx_word' id='word_1_186' title='bbox 2332 1082 2411 1151; x_wconf 78' lang='grc' dir='ltr'><strong>τῷ</strong></span> <span class='ocrx_word' id='word_1_187' title='bbox 2435 1080 2627 1153; x_wconf 82' lang='grc' dir='ltr'>Πέτρῳ</span> <span class='ocrx_word' id='word_1_188' title='bbox 2656 1080 2966 1151; x_wconf 74' lang='grc' dir='ltr'>εἰρηκότοςο</span> <span class='ocrx_word' id='word_1_189' title='bbox 2988 1080 3096 1149; x_wconf 87' lang='grc'><strong>(69)</strong></span> <span class='ocrx_word' id='word_1_190' title='bbox 3127 1080 3341 1148; x_wconf 79' lang='grc' dir='ltr'>Ὕπαγε</span> <span class='ocrx_word' id='word_1_191' title='bbox 3369 1081 3561 1133; x_wconf 80' lang='grc' dir='ltr'><strong>ὀπίσω</strong></span> <span class='ocrx_word' id='word_1_192' title='bbox 3584 1099 3725 1149; x_wconf 86' lang='grc' dir='ltr'>μου,</span> 
     </span>
    </p>
   </div>
   <div class='ocr_carea' id='block_1_25' title="bbox 2151 1165 3729 1239">
    <p class='ocr_par' dir='ltr' id='par_1_25' title="bbox 2151 1165 3729 1239">
     <span class='ocr_line' id='line_1_25' title="bbox 2151 1165 3729 1239; baseline 0 -15"><span class='ocrx_word' id='word_1_193' title='bbox 2151 1169 2415 1227; x_wconf 79' lang='grc' dir='ltr'><strong>Σατανᾶ’</strong></span> <span class='ocrx_word' id='word_1_194' title='bbox 2478 1168 2830 1224; x_wconf 75' lang='grc' dir='ltr'><strong>σκάνδαλον</strong></span> <span class='ocrx_word' id='word_1_195' title='bbox 2888 1165 2947 1222; x_wconf 86' lang='grc' dir='ltr'><strong><em>εἷ</em></strong></span> <span class='ocrx_word' id='word_1_196' title='bbox 2995 1169 3142 1238; x_wconf 73' lang='grc' dir='ltr'>ἐμοὶ,</span> <span class='ocrx_word' id='word_1_197' title='bbox 3172 1169 3261 1223; x_wconf 82' lang='grc' dir='ltr'>ὅτι</span> <span class='ocrx_word' id='word_1_198' title='bbox 3301 1172 3373 1224; x_wconf 86' lang='grc' dir='ltr'>οὺ</span> <span class='ocrx_word' id='word_1_199' title='bbox 3394 1170 3633 1239; x_wconf 71' lang='grc' dir='ltr'><strong>φρονεῖς</strong></span> <span class='ocrx_word' id='word_1_200' title='bbox 3655 1172 3729 1225; x_wconf 79' lang='grc' dir='ltr'>τὰ</span> 
     </span>
    </p>
   </div>
   <div class='ocr_carea' id='block_1_26' title="bbox 2151 1260 3729 1327">
    <p class='ocr_par' dir='ltr' id='par_1_26' title="bbox 2151 1260 3729 1327">
     <span class='ocr_line' id='line_1_26' title="bbox 2151 1260 3729 1327; baseline -0.001 -12"><span class='ocrx_word' id='word_1_201' title='bbox 2151 1262 2258 1316; x_wconf 83' lang='grc' dir='ltr'>τοῦ</span> <span class='ocrx_word' id='word_1_202' title='bbox 2295 1261 2463 1327; x_wconf 85' lang='grc' dir='ltr'><strong><em>Θεοῦ,</em></strong></span> <span class='ocrx_word' id='word_1_203' title='bbox 2486 1262 2645 1315; x_wconf 78' lang='grc' dir='ltr'>ἀλλὰ</span> <span class='ocrx_word' id='word_1_204' title='bbox 2662 1263 2734 1316; x_wconf 79' lang='grc' dir='ltr'>τὰ</span> <span class='ocrx_word' id='word_1_205' title='bbox 2763 1260 2880 1314; x_wconf 81' lang='grc' dir='ltr'><strong>τῶν</strong></span> <span class='ocrx_word' id='word_1_206' title='bbox 2900 1260 3245 1327; x_wconf 77' lang='grc' dir='ltr'>ἀνθρώπων,</span> <span class='ocrx_word' id='word_1_207' title='bbox 3279 1261 3339 1313; x_wconf 87' lang='grc' dir='ltr'><strong>οὑ</strong></span> <span class='ocrx_word' id='word_1_208' title='bbox 3373 1262 3552 1324; x_wconf 76' lang='grc' dir='ltr'>συνεὶς</span> <span class='ocrx_word' id='word_1_209' title='bbox 3580 1262 3729 1325; x_wconf 81' lang='grc' dir='ltr'>ὅπως</span> 
     </span>
    </p>
   </div>
   <div class='ocr_carea' id='block_1_27' title="bbox 2151 1352 3730 1425">
    <p class='ocr_par' dir='ltr' id='par_1_27' title="bbox 2151 1352 3730 1425">
     <span class='ocr_line' id='line_1_27' title="bbox 2151 1352 3730 1425; baseline 0 -19"><span class='ocrx_word' id='word_1_210' title='bbox 2151 1355 2180 1407; x_wconf 88' lang='grc' dir='ltr'><strong>ὁ</strong></span> <span class='ocrx_word' id='word_1_211' title='bbox 2209 1354 2363 1423; x_wconf 80' lang='grc' dir='ltr'><strong>λόγος</strong></span> <span class='ocrx_word' id='word_1_212' title='bbox 2390 1354 2574 1425; x_wconf 75' lang='grc' dir='ltr'>εἴρητο</span> <span class='ocrx_word' id='word_1_213' title='bbox 2607 1354 2744 1423; x_wconf 82' lang='grc' dir='ltr'>πρὸς</span> <span class='ocrx_word' id='word_1_214' title='bbox 2773 1353 2862 1405; x_wconf 82' lang='grc' dir='ltr'><strong>τὸν</strong></span> <span class='ocrx_word' id='word_1_215' title='bbox 2908 1352 3241 1416; x_wconf 81' lang='grc' dir='ltr'>Ἀπόστολον,</span> <span class='ocrx_word' id='word_1_216' title='bbox 3276 1353 3370 1405; x_wconf 77' lang='grc' dir='ltr'>καὶ</span> <span class='ocrx_word' id='word_1_217' title='bbox 3428 1352 3515 1405; x_wconf 78' lang='grc' dir='ltr'>διὰ</span> <span class='ocrx_word' id='word_1_218' title='bbox 3568 1352 3730 1407; x_wconf 75' lang='grc' dir='ltr'>ποίαν</span> 
     </span>
    </p>
   </div>
   <div class='ocr_carea' id='block_1_28' title="bbox 2154 1443 3725 1515">
    <p class='ocr_par' dir='ltr' id='par_1_28' title="bbox 2154 1443 3725 1515">
     <span class='ocr_line' id='line_1_28' title="bbox 2154 1443 3725 1515; baseline -0.003 -17"><span class='ocrx_word' id='word_1_219' title='bbox 2154 1446 2353 1509; x_wconf 79' lang='grc' dir='ltr'>αἰτίαν,</span> <span class='ocrx_word' id='word_1_220' title='bbox 2390 1445 2525 1515; x_wconf 77' lang='grc' dir='ltr'>πρὸς</span> <span class='ocrx_word' id='word_1_221' title='bbox 2579 1446 2668 1497; x_wconf 82' lang='grc' dir='ltr'>τὸν</span> <span class='ocrx_word' id='word_1_222' title='bbox 2726 1443 2969 1498; x_wconf 79' lang='grc' dir='ltr'>διάϐολον</span> <span class='ocrx_word' id='word_1_223' title='bbox 3023 1443 3195 1497; x_wconf 80' lang='grc' dir='ltr'>ταῦτα</span> <span class='ocrx_word' id='word_1_224' title='bbox 3235 1443 3481 1514; x_wconf 79' lang='grc' dir='ltr'>λελέχθαι</span> <span class='ocrx_word' id='word_1_225' title='bbox 3539 1443 3725 1514; x_wconf 76' lang='grc' dir='ltr'>φησὶν,</span> 
     </span>
    </p>
   </div>
   <div class='ocr_carea' id='block_1_29' title="bbox 2153 1535 3731 1608">
    <p class='ocr_par' dir='ltr' id='par_1_29' title="bbox 2153 1535 3731 1608">
     <span class='ocr_line' id='line_1_29' title="bbox 2153 1535 3731 1608; baseline -0.003 -17"><span class='ocrx_word' id='word_1_226' title='bbox 2153 1536 2285 1607; x_wconf 77' lang='grc' dir='ltr'>ὁμοῦ</span> <span class='ocrx_word' id='word_1_227' title='bbox 2324 1537 2389 1608; x_wconf 84' lang='grc' dir='ltr'><strong>δὴ</strong></span> <span class='ocrx_word' id='word_1_228' title='bbox 2432 1536 2657 1590; x_wconf 82' lang='grc' dir='ltr'>τοιαῦτα</span> <span class='ocrx_word' id='word_1_229' title='bbox 2710 1536 3004 1606; x_wconf 77' lang='grc' dir='ltr'>σφάλματα</span> <span class='ocrx_word' id='word_1_230' title='bbox 3035 1537 3139 1589; x_wconf 81' lang='grc' dir='ltr'>ὑπὸ</span> <span class='ocrx_word' id='word_1_231' title='bbox 3197 1535 3323 1606; x_wconf 74' lang='grc' dir='ltr'>μίαν</span> <span class='ocrx_word' id='word_1_232' title='bbox 3355 1535 3534 1607; x_wconf 77' lang='grc' dir='ltr'>τίθησι</span> <span class='ocrx_word' id='word_1_233' title='bbox 3574 1551 3731 1606; x_wconf 86' lang='grc' dir='ltr'>περι-</span> 
     </span>
    </p>
   </div>
   <div class='ocr_carea' id='block_1_30' title="bbox 2156 1626 3731 1700">
    <p class='ocr_par' dir='ltr' id='par_1_30' title="bbox 2156 1626 3731 1700">
     <span class='ocr_line' id='line_1_30' title="bbox 2156 1626 3731 1700; baseline -0.002 -17"><span class='ocrx_word' id='word_1_234' title='bbox 2156 1630 2347 1700; x_wconf 81' lang='grc' dir='ltr'>κοπὴν,</span> <span class='ocrx_word' id='word_1_235' title='bbox 2372 1628 2644 1693; x_wconf 74' lang='grc' dir='ltr'>αὐτολεξεὶ</span> <span class='ocrx_word' id='word_1_236' title='bbox 2671 1628 2857 1681; x_wconf 80' lang='grc' dir='ltr'>τοῦτον</span> <span class='ocrx_word' id='word_1_237' title='bbox 2887 1628 3113 1696; x_wconf 72' lang='grc' dir='ltr'>γράφων</span> <span class='ocrx_word' id='word_1_238' title='bbox 3134 1627 3225 1679; x_wconf 77' lang='grc' dir='ltr'>τὸν</span> <span class='ocrx_word' id='word_1_239' title='bbox 3244 1626 3442 1698; x_wconf 80' lang='grc' dir='ltr'>τρόπον</span> <span class='ocrx_word' id='word_1_240' title='bbox 3464 1644 3477 1656; x_wconf 85' lang='grc'><strong>·</strong></span> <span class='ocrx_word' id='word_1_241' title='bbox 3543 1644 3563 1678; x_wconf 77' lang='grc' dir='ltr'><strong>ι</strong></span> <span class='ocrx_word' id='word_1_242' title='bbox 3607 1628 3731 1680; x_wconf 88' lang='grc' dir='ltr'>Ὅτι</span> 
     </span>
    </p>
   </div>
   <div class='ocr_carea' id='block_1_31' title="bbox 2163 1717 3733 1790">
    <p class='ocr_par' dir='ltr' id='par_1_31' title="bbox 2163 1717 3733 1790">
     <span class='ocr_line' id='line_1_31' title="bbox 2163 1717 3733 1790; baseline 0 -17"><span class='ocrx_word' id='word_1_243' title='bbox 2163 1740 2181 1772; x_wconf 79' lang='grc' dir='ltr'><strong>ι</strong></span> <span class='ocrx_word' id='word_1_244' title='bbox 2211 1721 2268 1773; x_wconf 84' lang='grc' dir='ltr'><strong>δὲ</strong></span> <span class='ocrx_word' id='word_1_245' title='bbox 2301 1720 2453 1773; x_wconf 77' lang='grc' dir='ltr'>οὐδὲν</span> <span class='ocrx_word' id='word_1_246' title='bbox 2497 1720 2666 1790; x_wconf 73' lang='grc' dir='ltr'>ὄνομα</span> <span class='ocrx_word' id='word_1_247' title='bbox 2699 1720 2881 1789; x_wconf 76' lang='grc' dir='ltr'>μεῖζον</span> <span class='ocrx_word' id='word_1_248' title='bbox 2923 1718 3095 1789; x_wconf 80' lang='grc' dir='ltr'><strong>Ἰησοῦ</strong></span> <span class='ocrx_word' id='word_1_249' title='bbox 3149 1718 3256 1771; x_wconf 83' lang='grc' dir='ltr'><strong>τῶν</strong></span> <span class='ocrx_word' id='word_1_250' title='bbox 3323 1720 3414 1771; x_wconf 76' lang='grc' dir='ltr'>ἐπὶ</span> <span class='ocrx_word' id='word_1_251' title='bbox 3474 1717 3572 1788; x_wconf 77' lang='grc' dir='ltr'><strong>τῆς</strong></span> <span class='ocrx_word' id='word_1_252' title='bbox 3627 1717 3733 1789; x_wconf 81' lang='grc' dir='ltr'><strong>γῆς</strong></span> 
     </span>
    </p>
   </div>
   <div class='ocr_carea' id='block_1_32' title="bbox 476 1804 2061 1885">
    <p class='ocr_par' dir='ltr' id='par_1_32' title="bbox 476 1809 2051 1881">
     <span class='ocr_line' id='line_1_32' title="bbox 476 1809 2051 1881; baseline -0.004 -13"><span class='ocrx_word' id='word_1_253' title='bbox 476 1814 620 1868; x_wconf 90' lang='lat' dir='ltr'><strong>enim</strong></span> <span class='ocrx_word' id='word_1_254' title='bbox 648 1814 824 1868; x_wconf 80' lang='lat' dir='ltr'><strong>verbis</strong></span> <span class='ocrx_word' id='word_1_255' title='bbox 848 1812 1089 1867; x_wconf 88' lang='lat' dir='ltr'><strong>disertim</strong></span> <span class='ocrx_word' id='word_1_256' title='bbox 1115 1811 1305 1866; x_wconf 88' lang='lat' dir='ltr'><strong>scribit</strong></span> <span class='ocrx_word' id='word_1_257' title='bbox 1342 1830 1353 1864; x_wconf 91' lang='lat'>:</span> <span class='ocrx_word' id='word_1_258' title='bbox 1387 1830 1405 1863; x_wconf 81' lang='grc' dir='ltr'><strong>ι</strong></span> <span class='ocrx_word' id='word_1_259' title='bbox 1432 1809 1645 1865; x_wconf 82' lang='lat' dir='ltr'><strong>Nullum</strong></span> <span class='ocrx_word' id='word_1_260' title='bbox 1673 1825 1834 1881; x_wconf 91' lang='lat' dir='ltr'><strong>porro</strong></span> <span class='ocrx_word' id='word_1_261' title='bbox 1858 1824 2051 1864; x_wconf 88' lang='lat' dir='ltr'><strong>nomen</strong></span> 
     </span>
    </p>
   </div>
   <div class='ocr_carea' id='block_1_33' title="bbox 2168 1804 3731 1885">
    <p class='ocr_par' dir='ltr' id='par_1_33' title="bbox 2168 1810 3731 1885">
     <span class='ocr_line' id='line_1_33' title="bbox 2168 1810 3731 1885; baseline -0.002 -20"><span class='ocrx_word' id='word_1_262' title='bbox 2168 1833 2179 1865; x_wconf 93' lang='grc' dir='ltr'><strong>ι</strong></span> <span class='ocrx_word' id='word_1_263' title='bbox 2222 1812 2628 1885; x_wconf 81' lang='grc' dir='ltr'>ὀνομασθέντων</span> <span class='ocrx_word' id='word_1_264' title='bbox 2660 1812 2869 1881; x_wconf 80' lang='grc' dir='ltr'>γέγονε,</span> <span class='ocrx_word' id='word_1_265' title='bbox 2898 1812 3163 1884; x_wconf 84' lang='grc' dir='ltr'>μαρτυρεί</span> <span class='ocrx_word' id='word_1_266' title='bbox 3182 1811 3281 1882; x_wconf 81' lang='grc' dir='ltr'>μὲν</span> <span class='ocrx_word' id='word_1_267' title='bbox 3302 1811 3362 1864; x_wconf 86' lang='grc' dir='ltr'><strong>τὸ</strong></span> <span class='ocrx_word' id='word_1_268' title='bbox 3379 1810 3731 1880; x_wconf 82' lang='grc' dir='ltr'>Εὐαγγέλιον,</span> 
     </span>
    </p>
   </div>
   <div class='ocr_carea' id='block_1_34' title="bbox 484 1900 2051 1979">
    <p class='ocr_par' dir='ltr' id='par_1_34' title="bbox 484 1900 2051 1979">
     <span class='ocr_line' id='line_1_34' title="bbox 484 1900 2051 1979; baseline -0.003 -20"><span class='ocrx_word' id='word_1_269' title='bbox 484 1925 503 1959; x_wconf 79' lang='grc' dir='ltr'><strong>ι</strong></span> <span class='ocrx_word' id='word_1_270' title='bbox 555 1907 645 1979; x_wconf 75' lang='grc' dir='ltr'><strong>[Β.</strong></span> <span class='ocrx_word' id='word_1_271' title='bbox 677 1905 718 1978; x_wconf 90' lang='lat' dir='ltr'><strong>l]</strong></span> <span class='ocrx_word' id='word_1_272' title='bbox 756 1905 1108 1961; x_wconf 77' lang='lat' dir='ltr'><strong>excellentius</strong></span> <span class='ocrx_word' id='word_1_273' title='bbox 1146 1916 1384 1969; x_wconf 85' lang='lat' dir='ltr'><strong>exstare,</strong></span> <span class='ocrx_word' id='word_1_274' title='bbox 1399 1918 1558 1973; x_wconf 86' lang='lat' dir='ltr'><strong>quam</strong></span> <span class='ocrx_word' id='word_1_275' title='bbox 1584 1912 1667 1957; x_wconf 92' lang='lat' dir='ltr'><strong>est</strong></span> <span class='ocrx_word' id='word_1_276' title='bbox 1692 1918 1881 1957; x_wconf 92' lang='lat' dir='ltr'><strong>nomen</strong></span> <span class='ocrx_word' id='word_1_277' title='bbox 1902 1900 2051 1969; x_wconf 83' lang='lat' dir='ltr'><strong>Jesu,</strong></span> 
     </span>
    </p>
   </div>
   <div class='ocr_carea' id='block_1_35' title="bbox 483 1997 2057 2068">
    <p class='ocr_par' dir='ltr' id='par_1_35' title="bbox 483 1997 2057 2068">
     <span class='ocr_line' id='line_1_35' title="bbox 483 1997 2057 2068; baseline -0.002 -17"><span class='ocrx_word' id='word_1_278' title='bbox 483 2019 501 2051; x_wconf 76' lang='grc' dir='ltr'><strong>ι</strong></span> <span class='ocrx_word' id='word_1_279' title='bbox 551 2001 691 2055; x_wconf 91' lang='lat' dir='ltr'><strong>inter</strong></span> <span class='ocrx_word' id='word_1_280' title='bbox 724 2000 909 2054; x_wconf 83' lang='lat' dir='ltr'><strong>omnia</strong></span> <span class='ocrx_word' id='word_1_281' title='bbox 940 2012 1061 2068; x_wconf 70' lang='lat' dir='ltr'><strong>qua:</strong></span> <span class='ocrx_word' id='word_1_282' title='bbox 1105 1999 1156 2051; x_wconf 88' lang='lat' dir='ltr'><strong>in</strong></span> <span class='ocrx_word' id='word_1_283' title='bbox 1208 1998 1368 2052; x_wconf 89' lang='lat' dir='ltr'><strong>terris</strong></span> <span class='ocrx_word' id='word_1_284' title='bbox 1411 1997 1792 2059; x_wconf 86' lang='lat' dir='ltr'><strong>nominantur,</strong></span> <span class='ocrx_word' id='word_1_285' title='bbox 1828 2004 2057 2049; x_wconf 88' lang='lat' dir='ltr'><strong>testatur</strong></span> 
     </span>
    </p>
   </div>
   <div class='ocr_carea' id='block_1_36' title="bbox 485 2087 2053 2160">
    <p class='ocr_par' dir='ltr' id='par_1_36' title="bbox 485 2087 2053 2160">
     <span class='ocr_line' id='line_1_36' title="bbox 485 2087 2053 2160; baseline -0.001 -19"><span class='ocrx_word' id='word_1_286' title='bbox 485 2109 503 2141; x_wconf 76' lang='grc' dir='ltr'><strong>ι</strong></span> <span class='ocrx_word' id='word_1_287' title='bbox 546 2106 611 2146; x_wconf 87' lang='lat' dir='ltr'><strong>eo</strong></span> <span class='ocrx_word' id='word_1_288' title='bbox 664 2091 782 2145; x_wconf 91' lang='lat' dir='ltr'><strong>loco</strong></span> <span class='ocrx_word' id='word_1_289' title='bbox 818 2089 1191 2160; x_wconf 85' lang='lat' dir='ltr'><strong>Evangelium,</strong></span> <span class='ocrx_word' id='word_1_290' title='bbox 1232 2088 1320 2142; x_wconf 91' lang='lat' dir='ltr'><strong>ubi</strong></span> <span class='ocrx_word' id='word_1_291' title='bbox 1373 2087 1595 2141; x_wconf 81' lang='lat' dir='ltr'><strong>Mariam</strong></span> <span class='ocrx_word' id='word_1_292' title='bbox 1648 2088 1716 2141; x_wconf 86' lang='lat' dir='ltr'><strong>ad</strong></span> <span class='ocrx_word' id='word_1_293' title='bbox 1753 2088 1895 2141; x_wconf 84' lang='lat' dir='ltr'><strong>hunc</strong></span> <span class='ocrx_word' id='word_1_294' title='bbox 1941 2101 2053 2139; x_wconf 85' lang='lat' dir='ltr'><strong>mo-</strong></span> 
     </span>
    </p>
   </div>
   <div class='ocr_carea' id='block_1_37' title="bbox 484 2176 2053 2250">
    <p class='ocr_par' dir='ltr' id='par_1_37' title="bbox 484 2176 2053 2250">
     <span class='ocr_line' id='line_1_37' title="bbox 484 2176 2053 2250; baseline -0.001 -19"><span class='ocrx_word' id='word_1_295' title='bbox 484 2199 504 2231; x_wconf 76' lang='grc' dir='ltr'><strong>ι</strong></span> <span class='ocrx_word' id='word_1_296' title='bbox 553 2182 677 2233; x_wconf 87' lang='lat' dir='ltr'><strong>dum</strong></span> <span class='ocrx_word' id='word_1_297' title='bbox 709 2180 932 2250; x_wconf 79' lang='lat' dir='ltr'><strong>angelus</strong></span> <span class='ocrx_word' id='word_1_298' title='bbox 971 2180 1267 2248; x_wconf 88' lang='lat' dir='ltr'><strong>alloquitur</strong></span> <span class='ocrx_word' id='word_1_299' title='bbox 1296 2195 1310 2231; x_wconf 90' lang='lat'><strong>:</strong></span> <span class='ocrx_word' id='word_1_300' title='bbox 1339 2176 1421 2231; x_wconf 91' lang='lat' dir='ltr'><strong>Ne</strong></span> <span class='ocrx_word' id='word_1_301' title='bbox 1448 2178 1631 2231; x_wconf 82' lang='lat' dir='ltr'><strong>timeas</strong></span> <span class='ocrx_word' id='word_1_302' title='bbox 1662 2187 1833 2229; x_wconf 88' lang='lat' dir='ltr'><strong>autem</strong></span> <span class='ocrx_word' id='word_1_303' title='bbox 1858 2176 2053 2239; x_wconf 78' lang='lat' dir='ltr'><strong>Maria,</strong></span> 
     </span>
    </p>
   </div>
   <div class='ocr_carea' id='block_1_38' title="bbox 484 2266 2056 2340">
    <p class='ocr_par' dir='ltr' id='par_1_38' title="bbox 484 2266 2056 2340">
     <span class='ocr_line' id='line_1_38' title="bbox 484 2266 2056 2340; baseline -0.003 -16"><span class='ocrx_word' id='word_1_304' title='bbox 484 2290 503 2324; x_wconf 76' lang='grc' dir='ltr'><strong>ι</strong></span> <span class='ocrx_word' id='word_1_305' title='bbox 549 2272 787 2325; x_wconf 80' lang='lat' dir='ltr'><strong>inrenisti</strong></span> <span class='ocrx_word' id='word_1_306' title='bbox 826 2272 964 2324; x_wconf 88' lang='lat' dir='ltr'><strong>enim</strong></span> <span class='ocrx_word' id='word_1_307' title='bbox 1008 2270 1233 2340; x_wconf 84' lang='lat' dir='ltr'><strong>gratiam</strong></span> <span class='ocrx_word' id='word_1_308' title='bbox 1265 2269 1402 2337; x_wconf 82' lang='lat' dir='ltr'><strong>apud</strong></span> <span class='ocrx_word' id='word_1_309' title='bbox 1437 2266 1769 2323; x_wconf 83' lang='lat' dir='ltr'><strong>Deum.Ecce</strong></span> <span class='ocrx_word' id='word_1_310' title='bbox 1801 2267 2056 2335; x_wconf 85' lang='lat' dir='ltr'><strong>cancipies</strong></span> 
     </span>
    </p>
   </div>
   <div class='ocr_carea' id='block_1_39' title="bbox 484 2358 2055 2432">
    <p class='ocr_par' dir='ltr' id='par_1_39' title="bbox 484 2358 2055 2432">
     <span class='ocr_line' id='line_1_39' title="bbox 484 2358 2055 2432; baseline -0.005 -13"><span class='ocrx_word' id='word_1_311' title='bbox 484 2382 506 2419; x_wconf 77' lang='grc' dir='ltr'><strong>ι</strong></span> <span class='ocrx_word' id='word_1_312' title='bbox 552 2366 605 2417; x_wconf 87' lang='lat' dir='ltr'><strong>in</strong></span> <span class='ocrx_word' id='word_1_313' title='bbox 644 2372 822 2427; x_wconf 85' lang='lat' dir='ltr'><strong>utero,</strong></span> <span class='ocrx_word' id='word_1_314' title='bbox 850 2372 895 2415; x_wconf 90' lang='lat' dir='ltr'><strong>et</strong></span> <span class='ocrx_word' id='word_1_315' title='bbox 933 2364 1105 2432; x_wconf 86' lang='lat' dir='ltr'><strong>paries</strong></span> <span class='ocrx_word' id='word_1_316' title='bbox 1139 2360 1331 2429; x_wconf 81' lang='lat' dir='ltr'><strong>ﬁlium,</strong></span> <span class='ocrx_word' id='word_1_317' title='bbox 1367 2369 1416 2413; x_wconf 89' lang='lat' dir='ltr'><strong>et</strong></span> <span class='ocrx_word' id='word_1_318' title='bbox 1459 2360 1665 2414; x_wconf 81' lang='lat' dir='ltr'><strong>vocabis</strong></span> <span class='ocrx_word' id='word_1_319' title='bbox 1706 2375 1890 2412; x_wconf 84' lang='lat' dir='ltr'><strong>nomen</strong></span> <span class='ocrx_word' id='word_1_320' title='bbox 1943 2358 2055 2427; x_wconf 87' lang='lat' dir='ltr'><strong>ejus</strong></span> 
     </span>
    </p>
   </div>
   <div class='ocr_carea' id='block_1_40' title="bbox 487 2450 2058 2522">
    <p class='ocr_par' dir='ltr' id='par_1_40' title="bbox 487 2450 2058 2522">
     <span class='ocr_line' id='line_1_40' title="bbox 487 2450 2058 2522; baseline -0.004 -12"><span class='ocrx_word' id='word_1_321' title='bbox 487 2474 508 2510; x_wconf 78' lang='grc' dir='ltr'><strong>ι</strong></span> <span class='ocrx_word' id='word_1_322' title='bbox 554 2454 761 2510; x_wconf 81' lang='lat' dir='ltr'><strong>Jesum.</strong></span> <span class='ocrx_word' id='word_1_323' title='bbox 801 2452 905 2507; x_wconf 78' lang='lat' dir='ltr'><strong>llic</strong></span> <span class='ocrx_word' id='word_1_324' title='bbox 929 2456 1023 2507; x_wconf 88' lang='lat' dir='ltr'><strong>erit</strong></span> <span class='ocrx_word' id='word_1_325' title='bbox 1048 2468 1292 2522; x_wconf 86' lang='lat' dir='ltr'><strong>magnus,</strong></span> <span class='ocrx_word' id='word_1_326' title='bbox 1320 2462 1365 2505; x_wconf 93' lang='lat' dir='ltr'><strong>et</strong></span> <span class='ocrx_word' id='word_1_327' title='bbox 1398 2452 1540 2518; x_wconf 85' lang='lat' dir='ltr'><strong>ﬁlius</strong></span> <span class='ocrx_word' id='word_1_328' title='bbox 1567 2450 1824 2505; x_wconf 84' lang='lat' dir='ltr'><strong>Altissimi</strong></span> <span class='ocrx_word' id='word_1_329' title='bbox 1853 2451 2058 2503; x_wconf 83' lang='lat' dir='ltr'><strong>vocabi-</strong></span> 
     </span>
    </p>
   </div>
   <div class='ocr_carea' id='block_1_41' title="bbox 486 2541 2059 2613">
    <p class='ocr_par' dir='ltr' id='par_1_41' title="bbox 486 2541 2059 2613">
     <span class='ocr_line' id='line_1_41' title="bbox 486 2541 2059 2613; baseline -0.003 -14"><span class='ocrx_word' id='word_1_330' title='bbox 486 2564 509 2599; x_wconf 68' lang='grc' dir='ltr'><strong><em>ε</em></strong></span> <span class='ocrx_word' id='word_1_331' title='bbox 549 2557 634 2598; x_wconf 84' lang='lat' dir='ltr'><strong>tur</strong></span> <span class='ocrx_word' id='word_1_332' title='bbox 660 2544 727 2598; x_wconf 69' lang='lat'><strong>“.</strong></span> <span class='ocrx_word' id='word_1_333' title='bbox 758 2544 875 2611; x_wconf 85' lang='lat' dir='ltr'><strong>Quo</strong></span> <span class='ocrx_word' id='word_1_334' title='bbox 914 2545 964 2597; x_wconf 93' lang='lat' dir='ltr'><strong>in</strong></span> <span class='ocrx_word' id='word_1_335' title='bbox 999 2544 1139 2605; x_wconf 89' lang='lat' dir='ltr'><strong>loco,</strong></span> <span class='ocrx_word' id='word_1_336' title='bbox 1176 2543 1318 2613; x_wconf 85' lang='lat' dir='ltr'><strong>quod</strong></span> <span class='ocrx_word' id='word_1_337' title='bbox 1357 2542 1669 2613; x_wconf 82' lang='lat' dir='ltr'><strong>pronuntiat</strong></span> <span class='ocrx_word' id='word_1_338' title='bbox 1709 2541 1950 2611; x_wconf 78' lang='lat' dir='ltr'><strong>angelus,</strong></span> <span class='ocrx_word' id='word_1_339' title='bbox 1981 2552 2059 2595; x_wconf 86' lang='lat' dir='ltr'><strong>te-</strong></span> 
     </span>
    </p>
   </div>
   <div class='ocr_carea' id='block_1_42' title="bbox 486 2633 2059 2704">
    <p class='ocr_par' dir='ltr' id='par_1_42' title="bbox 486 2633 2059 2704">
     <span class='ocr_line' id='line_1_42' title="bbox 486 2633 2059 2704; baseline -0.001 -15"><span class='ocrx_word' id='word_1_340' title='bbox 486 2655 508 2689; x_wconf 74' lang='grc'><strong>(</strong></span> <span class='ocrx_word' id='word_1_341' title='bbox 557 2647 730 2690; x_wconf 85' lang='lat' dir='ltr'><strong>statur</strong></span> <span class='ocrx_word' id='word_1_342' title='bbox 758 2645 811 2689; x_wconf 91' lang='lat' dir='ltr'><strong>et</strong></span> <span class='ocrx_word' id='word_1_343' title='bbox 841 2633 1123 2704; x_wconf 86' lang='lat' dir='ltr'><strong>pr0phetia</strong></span> <span class='ocrx_word' id='word_1_344' title='bbox 1160 2634 1454 2696; x_wconf 68' lang='lat' dir='ltr'><strong>Zachariae,</strong></span> <span class='ocrx_word' id='word_1_345' title='bbox 1490 2633 1577 2702; x_wconf 91' lang='lat' dir='ltr'><strong>qui</strong></span> <span class='ocrx_word' id='word_1_346' title='bbox 1613 2633 1679 2687; x_wconf 92' lang='lat' dir='ltr'><strong>de</strong></span> <span class='ocrx_word' id='word_1_347' title='bbox 1710 2633 1811 2686; x_wconf 89' lang='lat' dir='ltr'><strong>hoc</strong></span> <span class='ocrx_word' id='word_1_348' title='bbox 1843 2633 2059 2687; x_wconf 89' lang='lat' dir='ltr'><strong>nomine</strong></span> 
     </span>
    </p>
   </div>
   <div class='ocr_carea' id='block_1_43' title="bbox 490 2720 2058 2785">
    <p class='ocr_par' dir='ltr' id='par_1_43' title="bbox 490 2720 2058 2785">
     <span class='ocr_line' id='line_1_43' title="bbox 490 2720 2058 2785; baseline -0.001 -9"><span class='ocrx_word' id='word_1_349' title='bbox 490 2746 509 2776; x_wconf 77' lang='grc' dir='ltr'><strong>ι</strong></span> <span class='ocrx_word' id='word_1_350' title='bbox 558 2728 628 2780; x_wconf 89' lang='lat' dir='ltr'><strong>ita</strong></span> <span class='ocrx_word' id='word_1_351' title='bbox 660 2726 785 2779; x_wconf 92' lang='lat' dir='ltr'><strong>olim</strong></span> <span class='ocrx_word' id='word_1_352' title='bbox 805 2726 1129 2779; x_wconf 85' lang='lat' dir='ltr'><strong>vaticinatus</strong></span> <span class='ocrx_word' id='word_1_353' title='bbox 1153 2733 1235 2779; x_wconf 89' lang='lat' dir='ltr'><strong>est</strong></span> <span class='ocrx_word' id='word_1_354' title='bbox 1258 2743 1270 2778; x_wconf 89' lang='lat'>:</span> <span class='ocrx_word' id='word_1_355' title='bbox 1296 2724 1359 2776; x_wconf 84' lang='lat' dir='ltr'><strong>Et</strong></span> <span class='ocrx_word' id='word_1_356' title='bbox 1382 2724 1607 2777; x_wconf 81' lang='lat' dir='ltr'><strong>ostendit</strong></span> <span class='ocrx_word' id='word_1_357' title='bbox 1630 2722 1756 2775; x_wconf 85' lang='lat' dir='ltr'><strong>mihi</strong></span> <span class='ocrx_word' id='word_1_358' title='bbox 1782 2720 2058 2785; x_wconf 85' lang='lat' dir='ltr'><strong>Dominus,</strong></span> 
     </span>
    </p>
   </div>
   <div class='ocr_carea' id='block_1_44' title="bbox 489 2816 2060 2889">
    <p class='ocr_par' dir='ltr' id='par_1_44' title="bbox 489 2816 2060 2889">
     <span class='ocr_line' id='line_1_44' title="bbox 489 2816 2060 2889; baseline -0.001 -19"><span class='ocrx_word' id='word_1_359' title='bbox 489 2837 508 2870; x_wconf 78' lang='grc' dir='ltr'><strong>ι</strong></span> <span class='ocrx_word' id='word_1_360' title='bbox 558 2819 765 2889; x_wconf 88' lang='lat' dir='ltr'><strong>inquit,</strong></span> <span class='ocrx_word' id='word_1_361' title='bbox 796 2816 980 2871; x_wconf 82' lang='lat' dir='ltr'><strong>Jesum</strong></span> <span class='ocrx_word' id='word_1_362' title='bbox 1024 2817 1344 2871; x_wconf 86' lang='lat' dir='ltr'><strong>sacerdotem</strong></span> <span class='ocrx_word' id='word_1_363' title='bbox 1391 2831 1639 2884; x_wconf 87' lang='lat' dir='ltr'><strong>magnum</strong></span> <span class='ocrx_word' id='word_1_364' title='bbox 1683 2823 1905 2868; x_wconf 83' lang='lat' dir='ltr'><strong>stantem</strong></span> <span class='ocrx_word' id='word_1_365' title='bbox 1941 2824 2060 2869; x_wconf 85' lang='lat' dir='ltr'><strong>ante</strong></span> 
     </span>
    </p>
   </div>
   <div class='ocr_carea' id='block_1_45' title="bbox 488 2905 2061 2979">
    <p class='ocr_par' dir='ltr' id='par_1_45' title="bbox 488 2905 2061 2979">
     <span class='ocr_line' id='line_1_45' title="bbox 488 2905 2061 2979; baseline -0.004 -14"><span class='ocrx_word' id='word_1_366' title='bbox 488 2928 511 2965; x_wconf 69' lang='grc' dir='ltr'><strong>α</strong></span> <span class='ocrx_word' id='word_1_367' title='bbox 560 2912 746 2979; x_wconf 79' lang='lat' dir='ltr'><strong>faciem</strong></span> <span class='ocrx_word' id='word_1_368' title='bbox 792 2909 963 2978; x_wconf 80' lang='lat' dir='ltr'><strong>angeli</strong></span> <span class='ocrx_word' id='word_1_369' title='bbox 1019 2908 1251 2961; x_wconf 84' lang='lat' dir='ltr'><strong>Domini.</strong></span> <span class='ocrx_word' id='word_1_370' title='bbox 1300 2905 1483 2960; x_wconf 90' lang='lat' dir='ltr'><strong>Stabat</strong></span> <span class='ocrx_word' id='word_1_371' title='bbox 1538 2922 1693 2975; x_wconf 83' lang='lat' dir='ltr'><strong>porro</strong></span> <span class='ocrx_word' id='word_1_372' title='bbox 1740 2906 1981 2959; x_wconf 84' lang='lat' dir='ltr'><strong>diabolus</strong></span> <span class='ocrx_word' id='word_1_373' title='bbox 2028 2922 2061 2959; x_wconf 83' lang='grc' dir='ltr'><strong>α</strong></span> 
     </span>
    </p>
   </div>
   <div class='ocr_carea' id='block_1_46' title="bbox 492 2998 2061 3065">
    <p class='ocr_par' dir='ltr' id='par_1_46' title="bbox 492 2998 2061 3065">
     <span class='ocr_line' id='line_1_46' title="bbox 492 2998 2061 3065; baseline -0.003 -10"><span class='ocrx_word' id='word_1_374' title='bbox 492 3023 511 3055; x_wconf 78' lang='grc' dir='ltr'><strong>ι</strong></span> <span class='ocrx_word' id='word_1_375' title='bbox 558 3005 756 3057; x_wconf 77' lang='lat' dir='ltr'><strong>dextris</strong></span> <span class='ocrx_word' id='word_1_376' title='bbox 800 3002 965 3065; x_wconf 84' lang='lat' dir='ltr'><strong>illius,</strong></span> <span class='ocrx_word' id='word_1_377' title='bbox 1016 3011 1071 3053; x_wconf 88' lang='lat' dir='ltr'><strong>ut</strong></span> <span class='ocrx_word' id='word_1_378' title='bbox 1134 3000 1211 3052; x_wconf 82' lang='lat' dir='ltr'><strong>illi</strong></span> <span class='ocrx_word' id='word_1_379' title='bbox 1260 2999 1644 3052; x_wconf 84' lang='lat' dir='ltr'><strong>adversaretur.</strong></span> <span class='ocrx_word' id='word_1_380' title='bbox 1696 2998 1839 3052; x_wconf 76' lang='lat' dir='ltr'><strong>Dixit</strong></span> <span class='ocrx_word' id='word_1_381' title='bbox 1887 3008 2061 3053; x_wconf 86' lang='lat' dir='ltr'><strong>autem</strong></span> 
     </span>
    </p>
   </div>
   <div class='ocr_carea' id='block_1_47' title="bbox 493 3088 2059 3158">
    <p class='ocr_par' dir='ltr' id='par_1_47' title="bbox 493 3088 2059 3158">
     <span class='ocr_line' id='line_1_47' title="bbox 493 3088 2059 3158; baseline -0.003 -10"><span class='ocrx_word' id='word_1_382' title='bbox 493 3114 512 3147; x_wconf 77' lang='grc' dir='ltr'><strong>ι</strong></span> <span class='ocrx_word' id='word_1_383' title='bbox 562 3095 813 3148; x_wconf 89' lang='lat' dir='ltr'><strong>Dominus</strong></span> <span class='ocrx_word' id='word_1_384' title='bbox 838 3094 904 3144; x_wconf 86' lang='lat' dir='ltr'><strong>ad</strong></span> <span class='ocrx_word' id='word_1_385' title='bbox 936 3090 1235 3152; x_wconf 86' lang='lat' dir='ltr'><strong>Diabolum,</strong></span> <span class='ocrx_word' id='word_1_386' title='bbox 1268 3088 1525 3141; x_wconf 90' lang='lat' dir='ltr'><strong>Dominus</strong></span> <span class='ocrx_word' id='word_1_387' title='bbox 1556 3090 1645 3157; x_wconf 86' lang='lat' dir='ltr'><strong>qui</strong></span> <span class='ocrx_word' id='word_1_388' title='bbox 1668 3088 1817 3158; x_wconf 86' lang='lat' dir='ltr'><strong>elegit</strong></span> <span class='ocrx_word' id='word_1_389' title='bbox 1838 3089 2059 3144; x_wconf 82' lang='lat' dir='ltr'><strong>Jerusa-</strong></span> 
     </span>
    </p>
   </div>
   <div class='ocr_carea' id='block_1_48' title="bbox 493 3178 2062 3250">
    <p class='ocr_par' dir='ltr' id='par_1_48' title="bbox 493 3178 2062 3250">
     <span class='ocr_line' id='line_1_48' title="bbox 493 3178 2062 3250; baseline -0.003 -12"><span class='ocrx_word' id='word_1_390' title='bbox 493 3205 513 3238; x_wconf 77' lang='grc' dir='ltr'><strong>ι</strong></span> <span class='ocrx_word' id='word_1_391' title='bbox 562 3186 661 3238; x_wconf 87' lang='lat' dir='ltr'><strong>lem</strong></span> <span class='ocrx_word' id='word_1_392' title='bbox 693 3185 919 3250; x_wconf 84' lang='lat' dir='ltr'><strong>increpet</strong></span> <span class='ocrx_word' id='word_1_393' title='bbox 952 3192 997 3235; x_wconf 88' lang='lat' dir='ltr'><strong>te</strong></span> <span class='ocrx_word' id='word_1_394' title='bbox 1014 3179 1323 3245; x_wconf 75' lang='lat' dir='ltr'><strong>“.Quando</strong></span> <span class='ocrx_word' id='word_1_395' title='bbox 1345 3188 1520 3232; x_wconf 89' lang='lat' dir='ltr'><strong>autem</strong></span> <span class='ocrx_word' id='word_1_396' title='bbox 1546 3178 1690 3231; x_wconf 90' lang='lat' dir='ltr'><strong>illum</strong></span> <span class='ocrx_word' id='word_1_397' title='bbox 1717 3178 2062 3250; x_wconf 63' lang='lat' dir='ltr'><strong>increpabat?</strong></span> 
     </span>
    </p>
   </div>
   <div class='ocr_carea' id='block_1_49' title="bbox 492 3268 2060 3337">
    <p class='ocr_par' dir='ltr' id='par_1_49' title="bbox 492 3268 2060 3337">
     <span class='ocr_line' id='line_1_49' title="bbox 492 3268 2060 3337; baseline -0.003 -9"><span class='ocrx_word' id='word_1_398' title='bbox 492 3294 514 3328; x_wconf 76' lang='grc' dir='ltr'><strong>ι</strong></span> <span class='ocrx_word' id='word_1_399' title='bbox 560 3272 714 3327; x_wconf 82' lang='lat' dir='ltr'><strong>Tunc</strong></span> <span class='ocrx_word' id='word_1_400' title='bbox 758 3272 1011 3326; x_wconf 90' lang='lat' dir='ltr'><strong>nimirum</strong></span> <span class='ocrx_word' id='word_1_401' title='bbox 1049 3286 1172 3325; x_wconf 91' lang='lat' dir='ltr'><strong>cum</strong></span> <span class='ocrx_word' id='word_1_402' title='bbox 1215 3269 1470 3325; x_wconf 89' lang='lat' dir='ltr'><strong>dilectum</strong></span> <span class='ocrx_word' id='word_1_403' title='bbox 1520 3269 1589 3323; x_wconf 90' lang='lat' dir='ltr'><strong>ab</strong></span> <span class='ocrx_word' id='word_1_404' title='bbox 1632 3268 1748 3337; x_wconf 89' lang='lat' dir='ltr'><strong>ipso</strong></span> <span class='ocrx_word' id='word_1_405' title='bbox 1789 3270 2060 3325; x_wconf 82' lang='lat' dir='ltr'><strong>hominem</strong></span> 
     </span>
    </p>
   </div>
   <div class='ocr_carea' id='block_1_50' title="bbox 492 3361 2062 3431">
    <p class='ocr_par' dir='ltr' id='par_1_50' title="bbox 492 3361 2062 3431">
     <span class='ocr_line' id='line_1_50' title="bbox 492 3361 2062 3431; baseline -0.004 -10"><span class='ocrx_word' id='word_1_406' title='bbox 492 3384 516 3421; x_wconf 73' lang='grc' dir='ltr'><strong>ι</strong></span> <span class='ocrx_word' id='word_1_407' title='bbox 564 3363 739 3419; x_wconf 88' lang='lat' dir='ltr'><strong>Verbo</strong></span> <span class='ocrx_word' id='word_1_408' title='bbox 768 3379 867 3419; x_wconf 92' lang='lat' dir='ltr'><strong>suo</strong></span> <span class='ocrx_word' id='word_1_409' title='bbox 907 3363 1218 3418; x_wconf 89' lang='lat' dir='ltr'><strong>coadunivit</strong></span> <span class='ocrx_word' id='word_1_410' title='bbox 1249 3364 1328 3428; x_wconf 90' lang='lat' dir='ltr'><strong>is,</strong></span> <span class='ocrx_word' id='word_1_411' title='bbox 1364 3361 1457 3431; x_wconf 91' lang='lat' dir='ltr'><strong>qui</strong></span> <span class='ocrx_word' id='word_1_412' title='bbox 1501 3361 1830 3423; x_wconf 84' lang='lat' dir='ltr'><strong>Jerusalem.</strong></span> <span class='ocrx_word' id='word_1_413' title='bbox 1867 3362 2062 3431; x_wconf 89' lang='lat' dir='ltr'><strong>inquit,</strong></span> 
     </span>
    </p>
   </div>
   <div class='ocr_carea' id='block_1_51' title="bbox 493 3454 2057 3525">
    <p class='ocr_par' dir='ltr' id='par_1_51' title="bbox 493 3454 2057 3525">
     <span class='ocr_line' id='line_1_51' title="bbox 493 3454 2057 3525; baseline -0.001 -15"><span class='ocrx_word' id='word_1_414' title='bbox 493 3473 517 3510; x_wconf 75' lang='grc' dir='ltr'><strong>ι</strong></span> <span class='ocrx_word' id='word_1_415' title='bbox 560 3456 732 3525; x_wconf 84' lang='lat' dir='ltr'><strong>elegit.</strong></span> <span class='ocrx_word' id='word_1_416' title='bbox 760 3454 908 3511; x_wconf 85' lang='lat' dir='ltr'><strong>Patet</strong></span> <span class='ocrx_word' id='word_1_417' title='bbox 929 3464 1105 3509; x_wconf 80' lang='lat' dir='ltr'><strong>autem</strong></span> <span class='ocrx_word' id='word_1_418' title='bbox 1133 3454 1280 3509; x_wconf 89' lang='lat' dir='ltr'><strong>illum</strong></span> <span class='ocrx_word' id='word_1_419' title='bbox 1328 3457 1467 3510; x_wconf 85' lang='lat' dir='ltr'><strong>hanc</strong></span> <span class='ocrx_word' id='word_1_420' title='bbox 1495 3463 1733 3510; x_wconf 88' lang='lat' dir='ltr'><strong>nostram</strong></span> <span class='ocrx_word' id='word_1_421' title='bbox 1760 3454 2057 3511; x_wconf 84' lang='lat' dir='ltr'><strong>Jerusalem</strong></span> 
     </span>
    </p>
   </div>
   <div class='ocr_carea' id='block_1_52' title="bbox 497 3548 2066 3620">
    <p class='ocr_par' dir='ltr' id='par_1_52' title="bbox 497 3548 2066 3620">
     <span class='ocr_line' id='line_1_52' title="bbox 497 3548 2066 3620; baseline 0.001 -18"><span class='ocrx_word' id='word_1_422' title='bbox 497 3568 517 3602; x_wconf 84' lang='grc'><strong><em>‹</em></strong></span> <span class='ocrx_word' id='word_1_423' title='bbox 566 3548 885 3617; x_wconf 80' lang='lat' dir='ltr'><strong>intelligere.</strong></span> <span class='ocrx_word' id='word_1_424' title='bbox 918 3548 982 3603; x_wconf 89' lang='lat' dir='ltr'><strong>de</strong></span> <span class='ocrx_word' id='word_1_425' title='bbox 1004 3564 1109 3619; x_wconf 90' lang='lat' dir='ltr'><strong>qua</strong></span> <span class='ocrx_word' id='word_1_426' title='bbox 1137 3549 1426 3619; x_wconf 83' lang='lat' dir='ltr'><strong>Apostolus</strong></span> <span class='ocrx_word' id='word_1_427' title='bbox 1452 3548 1711 3620; x_wconf 88' lang='lat' dir='ltr'><strong>loquitur,</strong></span> <span class='ocrx_word' id='word_1_428' title='bbox 1740 3549 1939 3603; x_wconf 86' lang='lat' dir='ltr'><strong>Nostra</strong></span> <span class='ocrx_word' id='word_1_429' title='bbox 1970 3567 2066 3603; x_wconf 85' lang='lat' dir='ltr'><strong>au-</strong></span> 
     </span>
    </p>
   </div>
   <div class='ocr_carea' id='block_1_53' title="bbox 497 3638 2068 3705">
    <p class='ocr_par' dir='ltr' id='par_1_53' title="bbox 497 3638 2068 3705">
     <span class='ocr_line' id='line_1_53' title="bbox 497 3638 2068 3705; baseline -0.001 -12"><span class='ocrx_word' id='word_1_430' title='bbox 497 3658 517 3693; x_wconf 79' lang='grc' dir='ltr'><strong>ι</strong></span> <span class='ocrx_word' id='word_1_431' title='bbox 564 3649 662 3693; x_wconf 86' lang='lat' dir='ltr'><strong>tem</strong></span> <span class='ocrx_word' id='word_1_432' title='bbox 701 3639 1019 3705; x_wconf 82' lang='lat' dir='ltr'><strong>Jerusalem,</strong></span> <span class='ocrx_word' id='word_1_433' title='bbox 1050 3655 1259 3693; x_wconf 87' lang='lat' dir='ltr'><strong>sursum</strong></span> <span class='ocrx_word' id='word_1_434' title='bbox 1289 3648 1361 3692; x_wconf 87' lang='lat' dir='ltr'><strong>est</strong></span> <span class='ocrx_word' id='word_1_435' title='bbox 1390 3655 1407 3692; x_wconf 90' lang='lat'><em>:</em></span> <span class='ocrx_word' id='word_1_436' title='bbox 1439 3638 1527 3693; x_wconf 90' lang='lat' dir='ltr'><strong>illa</strong></span> <span class='ocrx_word' id='word_1_437' title='bbox 1555 3649 1735 3694; x_wconf 89' lang='lat' dir='ltr'><strong>autem</strong></span> <span class='ocrx_word' id='word_1_438' title='bbox 1780 3654 1901 3693; x_wconf 92' lang='lat' dir='ltr'><strong>cum</strong></span> <span class='ocrx_word' id='word_1_439' title='bbox 1937 3639 2068 3693; x_wconf 91' lang='lat' dir='ltr'><strong>libe-</strong></span> 
     </span>
    </p>
   </div>
   <div class='ocr_carea' id='block_1_54' title="bbox 499 3729 2069 3795">
    <p class='ocr_par' dir='ltr' id='par_1_54' title="bbox 499 3729 2069 3795">
     <span class='ocr_line' id='line_1_54' title="bbox 499 3729 2069 3795; baseline -0.001 -10"><span class='ocrx_word' id='word_1_440' title='bbox 499 3751 519 3785; x_wconf 75' lang='grc' dir='ltr'><strong>ι</strong></span> <span class='ocrx_word' id='word_1_441' title='bbox 567 3734 641 3788; x_wconf 87' lang='lat' dir='ltr'><strong>ris</strong></span> <span class='ocrx_word' id='word_1_442' title='bbox 666 3733 777 3788; x_wconf 85' lang='lat' dir='ltr'><strong>suis</strong></span> <span class='ocrx_word' id='word_1_443' title='bbox 806 3741 887 3787; x_wconf 88' lang='lat' dir='ltr'><strong>est</strong></span> <span class='ocrx_word' id='word_1_444' title='bbox 914 3732 967 3786; x_wconf 87' lang='lat' dir='ltr'><strong>in</strong></span> <span class='ocrx_word' id='word_1_445' title='bbox 992 3731 1274 3787; x_wconf 85' lang='lat' dir='ltr'><strong>servitute.</strong></span> <span class='ocrx_word' id='word_1_446' title='bbox 1306 3729 1457 3784; x_wconf 90' lang='lat' dir='ltr'><strong>Tunc</strong></span> <span class='ocrx_word' id='word_1_447' title='bbox 1494 3729 1669 3795; x_wconf 84' lang='lat' dir='ltr'><strong>enim,</strong></span> <span class='ocrx_word' id='word_1_448' title='bbox 1698 3746 1818 3785; x_wconf 92' lang='lat' dir='ltr'><strong>cum</strong></span> <span class='ocrx_word' id='word_1_449' title='bbox 1866 3732 1917 3784; x_wconf 92' lang='lat' dir='ltr'><strong>in</strong></span> <span class='ocrx_word' id='word_1_450' title='bbox 1955 3747 2069 3784; x_wconf 82' lang='lat' dir='ltr'><strong>ma-</strong></span> 
     </span>
    </p>
   </div>
   <div class='ocr_carea' id='block_1_55' title="bbox 500 3822 2067 3895">
    <p class='ocr_par' dir='ltr' id='par_1_55' title="bbox 500 3822 2067 3895">
     <span class='ocr_line' id='line_1_55' title="bbox 500 3822 2067 3895; baseline 0.001 -21"><span class='ocrx_word' id='word_1_451' title='bbox 500 3842 518 3874; x_wconf 81' lang='grc' dir='ltr'><strong>ι</strong></span> <span class='ocrx_word' id='word_1_452' title='bbox 569 3840 673 3895; x_wconf 86' lang='lat' dir='ltr'><strong>gna</strong></span> <span class='ocrx_word' id='word_1_453' title='bbox 727 3823 813 3877; x_wconf 87' lang='lat' dir='ltr'><strong>illa</strong></span> <span class='ocrx_word' id='word_1_454' title='bbox 847 3822 1145 3877; x_wconf 88' lang='lat' dir='ltr'><strong>Jerusalem</strong></span> <span class='ocrx_word' id='word_1_455' title='bbox 1197 3830 1363 3885; x_wconf 90' lang='lat' dir='ltr'><strong>esset,</strong></span> <span class='ocrx_word' id='word_1_456' title='bbox 1400 3822 1500 3876; x_wconf 86' lang='lat' dir='ltr'><strong>hoc</strong></span> <span class='ocrx_word' id='word_1_457' title='bbox 1535 3831 1638 3885; x_wconf 90' lang='lat' dir='ltr'><strong>est,</strong></span> <span class='ocrx_word' id='word_1_458' title='bbox 1667 3833 1974 3877; x_wconf 84' lang='lat' dir='ltr'><strong>versaretur</strong></span> <span class='ocrx_word' id='word_1_459' title='bbox 2013 3823 2067 3876; x_wconf 92' lang='lat' dir='ltr'><strong>in</strong></span> 
     </span>
    </p>
   </div>
   <div class='ocr_carea' id='block_1_56' title="bbox 2165 1898 3735 1976">
    <p class='ocr_par' dir='ltr' id='par_1_56' title="bbox 2165 1898 3735 1976">
     <span class='ocr_line' id='line_1_56' title="bbox 2165 1898 3735 1976; baseline 0 -19"><span class='ocrx_word' id='word_1_460' title='bbox 2165 1924 2182 1957; x_wconf 84' lang='grc' dir='ltr'><strong>ι</strong></span> <span class='ocrx_word' id='word_1_461' title='bbox 2217 1905 2348 1959; x_wconf 81' lang='grc' dir='ltr'>ἔνθα</span> <span class='ocrx_word' id='word_1_462' title='bbox 2382 1908 2412 1958; x_wconf 89' lang='grc' dir='ltr'>ὁ</span> <span class='ocrx_word' id='word_1_463' title='bbox 2448 1904 2676 1973; x_wconf 81' lang='grc' dir='ltr'>ἄγγελος</span> <span class='ocrx_word' id='word_1_464' title='bbox 2692 1907 2756 1975; x_wconf 79' lang='grc' dir='ltr'>τῇ</span> <span class='ocrx_word' id='word_1_465' title='bbox 2776 1906 3008 1976; x_wconf 85' lang='grc' dir='ltr'>Μαριάμ</span> <span class='ocrx_word' id='word_1_466' title='bbox 3031 1920 3043 1933; x_wconf 92' lang='grc'><strong>·</strong></span> <span class='ocrx_word' id='word_1_467' title='bbox 3068 1903 3165 1969; x_wconf 78' lang='grc' dir='ltr'><strong>Μὴ</strong></span> <span class='ocrx_word' id='word_1_468' title='bbox 3183 1902 3391 1972; x_wconf 66' lang='grc' dir='ltr'>φοϐοῦ,</span> <span class='ocrx_word' id='word_1_469' title='bbox 3420 1902 3541 1973; x_wconf 76' lang='grc' dir='ltr'><strong>ἔφη.</strong></span> <span class='ocrx_word' id='word_1_470' title='bbox 3561 1898 3735 1972; x_wconf 85' lang='grc' dir='ltr'>εὗρες</span> 
     </span>
    </p>
   </div>
   <div class='ocr_carea' id='block_1_57' title="bbox 2162 1994 3735 2066">
    <p class='ocr_par' dir='ltr' id='par_1_57' title="bbox 2162 1994 3735 2066">
     <span class='ocr_line' id='line_1_57' title="bbox 2162 1994 3735 2066; baseline 0 -17"><span class='ocrx_word' id='word_1_471' title='bbox 2162 2016 2180 2049; x_wconf 83' lang='grc' dir='ltr'><strong>ι</strong></span> <span class='ocrx_word' id='word_1_472' title='bbox 2222 1996 2331 2066; x_wconf 77' lang='grc' dir='ltr'>γὰρ</span> <span class='ocrx_word' id='word_1_473' title='bbox 2363 1996 2539 2066; x_wconf 80' lang='grc' dir='ltr'>χάριν</span> <span class='ocrx_word' id='word_1_474' title='bbox 2572 1998 2730 2065; x_wconf 82' lang='grc' dir='ltr'><strong>παρὰ</strong></span> <span class='ocrx_word' id='word_1_475' title='bbox 2762 1995 2867 2050; x_wconf 87' lang='grc' dir='ltr'>τοῦ</span> <span class='ocrx_word' id='word_1_476' title='bbox 2899 1995 3045 2050; x_wconf 85' lang='grc' dir='ltr'><strong>Θεοῦ</strong></span> <span class='ocrx_word' id='word_1_477' title='bbox 3065 2013 3077 2025; x_wconf 73' lang='grc' dir='ltr'><strong><em>ο</em></strong></span> <span class='ocrx_word' id='word_1_478' title='bbox 3104 1995 3205 2048; x_wconf 76' lang='grc' dir='ltr'><strong>καὶ</strong></span> <span class='ocrx_word' id='word_1_479' title='bbox 3255 1994 3383 2047; x_wconf 72' lang='grc' dir='ltr'><strong>ἰδοὺ</strong></span> <span class='ocrx_word' id='word_1_480' title='bbox 3437 1994 3735 2063; x_wconf 56' lang='lat' dir='ltr'><strong>at;qu</strong></span> 
     </span>
    </p>
   </div>
   <div class='ocr_carea' id='block_1_58' title="bbox 2162 2086 3738 2158">
    <p class='ocr_par' dir='ltr' id='par_1_58' title="bbox 2162 2086 3738 2158">
     <span class='ocr_line' id='line_1_58' title="bbox 2162 2086 3738 2158; baseline -0.001 -18"><span class='ocrx_word' id='word_1_481' title='bbox 2162 2110 2179 2140; x_wconf 74' lang='grc' dir='ltr'><strong>ι</strong></span> <span class='ocrx_word' id='word_1_482' title='bbox 2214 2091 2284 2142; x_wconf 82' lang='grc' dir='ltr'><strong>ἐν</strong></span> <span class='ocrx_word' id='word_1_483' title='bbox 2322 2090 2555 2158; x_wconf 73' lang='grc' dir='ltr'>γαστρὶ,</span> <span class='ocrx_word' id='word_1_484' title='bbox 2586 2089 2681 2142; x_wconf 77' lang='grc' dir='ltr'><em>καὶ</em></span> <span class='ocrx_word' id='word_1_485' title='bbox 2711 2088 2851 2157; x_wconf 75' lang='grc' dir='ltr'>τέξῃ</span> <span class='ocrx_word' id='word_1_486' title='bbox 2888 2087 3039 2149; x_wconf 83' lang='grc' dir='ltr'>υἱὸν,</span> <span class='ocrx_word' id='word_1_487' title='bbox 3071 2086 3169 2141; x_wconf 80' lang='grc' dir='ltr'><em>καὶ</em></span> <span class='ocrx_word' id='word_1_488' title='bbox 3190 2086 3469 2153; x_wconf 77' lang='grc' dir='ltr'>καλέσεις</span> <span class='ocrx_word' id='word_1_489' title='bbox 3506 2086 3573 2139; x_wconf 87' lang='grc' dir='ltr'>τὸ</span> <span class='ocrx_word' id='word_1_490' title='bbox 3611 2086 3738 2139; x_wconf 79' lang='grc' dir='ltr'><strong>ὅνο-</strong></span> 
     </span>
    </p>
   </div>
   <div class='ocr_carea' id='block_1_59' title="bbox 2162 2176 3740 2251">
    <p class='ocr_par' dir='ltr' id='par_1_59' title="bbox 2162 2176 3740 2251">
     <span class='ocr_line' id='line_1_59' title="bbox 2162 2176 3740 2251; baseline -0.002 -18"><span class='ocrx_word' id='word_1_491' title='bbox 2162 2201 2181 2233; x_wconf 81' lang='lat' dir='ltr'><strong>s</strong></span> <span class='ocrx_word' id='word_1_492' title='bbox 2215 2199 2299 2251; x_wconf 83' lang='grc' dir='ltr'><em>μα</em></span> <span class='ocrx_word' id='word_1_493' title='bbox 2313 2182 2498 2236; x_wconf 84' lang='grc' dir='ltr'>αὐτοῦ</span> <span class='ocrx_word' id='word_1_494' title='bbox 2525 2182 2777 2251; x_wconf 85' lang='grc' dir='ltr'>Ἰησοῦν.</span> <span class='ocrx_word' id='word_1_495' title='bbox 2796 2178 2983 2247; x_wconf 82' lang='grc' dir='ltr'>Οὗτος</span> <span class='ocrx_word' id='word_1_496' title='bbox 3012 2182 3180 2234; x_wconf 79' lang='grc' dir='ltr'>ἔσται</span> <span class='ocrx_word' id='word_1_497' title='bbox 3228 2180 3436 2249; x_wconf 77' lang='grc' dir='ltr'>μέγας,</span> <span class='ocrx_word' id='word_1_498' title='bbox 3470 2179 3567 2232; x_wconf 72' lang='grc' dir='ltr'><strong>καὶ</strong></span> <span class='ocrx_word' id='word_1_499' title='bbox 3605 2176 3740 2245; x_wconf 79' lang='grc' dir='ltr'><strong>υἱὸς</strong></span> 
     </span>
    </p>
   </div>
   <div class='ocr_carea' id='block_1_60' title="bbox 2164 2269 3739 2342">
    <p class='ocr_par' dir='ltr' id='par_1_60' title="bbox 2164 2269 3739 2342">
     <span class='ocr_line' id='line_1_60' title="bbox 2164 2269 3739 2342; baseline -0.001 -17"><span class='ocrx_word' id='word_1_500' title='bbox 2164 2293 2181 2325; x_wconf 81' lang='grc' dir='ltr'><strong>ι</strong></span> <span class='ocrx_word' id='word_1_501' title='bbox 2231 2274 2521 2341; x_wconf 74' lang='grc' dir='ltr'>Ὑψίστου</span> <span class='ocrx_word' id='word_1_502' title='bbox 2554 2273 2941 2341; x_wconf 75' lang='grc' dir='ltr'>κληθήσεται.</span> <span class='ocrx_word' id='word_1_503' title='bbox 2975 2272 3143 2342; x_wconf 76' lang='grc' dir='ltr'>Δῆλον</span> <span class='ocrx_word' id='word_1_504' title='bbox 3168 2272 3223 2325; x_wconf 81' lang='grc' dir='ltr'><strong>δέ</strong></span> <span class='ocrx_word' id='word_1_505' title='bbox 3247 2274 3361 2324; x_wconf 85' lang='grc' dir='ltr'>ὲστι</span> <span class='ocrx_word' id='word_1_506' title='bbox 3394 2272 3485 2324; x_wconf 77' lang='grc' dir='ltr'>καὶ</span> <span class='ocrx_word' id='word_1_507' title='bbox 3510 2269 3617 2324; x_wconf 67' lang='grc' dir='ltr'><strong>ἀπὺ</strong></span> <span class='ocrx_word' id='word_1_508' title='bbox 3636 2269 3739 2341; x_wconf 82' lang='grc' dir='ltr'><strong>τῆς</strong></span> 
     </span>
    </p>
   </div>
   <div class='ocr_carea' id='block_1_61' title="bbox 2166 2360 3738 2435">
    <p class='ocr_par' dir='ltr' id='par_1_61' title="bbox 2166 2360 3738 2435">
     <span class='ocr_line' id='line_1_61' title="bbox 2166 2360 3738 2435; baseline -0.001 -20"><span class='ocrx_word' id='word_1_509' title='bbox 2166 2383 2182 2415; x_wconf 83' lang='grc' dir='ltr'><strong>ι</strong></span> <span class='ocrx_word' id='word_1_510' title='bbox 2222 2364 2313 2418; x_wconf 79' lang='grc' dir='ltr'>τοῦ</span> <span class='ocrx_word' id='word_1_511' title='bbox 2344 2365 2610 2435; x_wconf 83' lang='grc' dir='ltr'>Ζαχαρίου</span> <span class='ocrx_word' id='word_1_512' title='bbox 2646 2364 3002 2434; x_wconf 81' lang='grc' dir='ltr'>προφητείας,</span> <span class='ocrx_word' id='word_1_513' title='bbox 3036 2363 3202 2417; x_wconf 87' lang='grc' dir='ltr'>πάλαι</span> <span class='ocrx_word' id='word_1_514' title='bbox 3235 2362 3363 2433; x_wconf 62' lang='grc' dir='ltr'><strong>περ)⁸</strong></span> <span class='ocrx_word' id='word_1_515' title='bbox 3400 2361 3493 2414; x_wconf 75' lang='grc' dir='ltr'>τοῦ</span> <span class='ocrx_word' id='word_1_516' title='bbox 3535 2360 3738 2431; x_wconf 76' lang='grc' dir='ltr'>ὀνόμα-</span> 
     </span>
    </p>
   </div>
   <div class='ocr_carea' id='block_1_62' title="bbox 2165 2452 3739 2526">
    <p class='ocr_par' dir='ltr' id='par_1_62' title="bbox 2165 2452 3739 2526">
     <span class='ocr_line' id='line_1_62' title="bbox 2165 2452 3739 2526; baseline 0.001 -21"><span class='ocrx_word' id='word_1_517' title='bbox 2165 2474 2182 2505; x_wconf 82' lang='grc' dir='ltr'><strong>ι</strong></span> <span class='ocrx_word' id='word_1_518' title='bbox 2212 2472 2300 2518; x_wconf 81' lang='grc' dir='ltr'>τος</span> <span class='ocrx_word' id='word_1_519' title='bbox 2321 2454 2511 2508; x_wconf 85' lang='grc' dir='ltr'>τούτου</span> <span class='ocrx_word' id='word_1_520' title='bbox 2548 2454 3025 2526; x_wconf 57' lang='grc' dir='ltr'>προφητευσάσης</span> <span class='ocrx_word' id='word_1_521' title='bbox 3071 2452 3295 2518; x_wconf 83' lang='grc' dir='ltr'>Ἔδειξε</span> <span class='ocrx_word' id='word_1_522' title='bbox 3333 2452 3443 2523; x_wconf 74' lang='grc' dir='ltr'>γγὶρ</span> <span class='ocrx_word' id='word_1_523' title='bbox 3464 2470 3587 2522; x_wconf 82' lang='grc' dir='ltr'>μοι,</span> <span class='ocrx_word' id='word_1_524' title='bbox 3632 2468 3739 2523; x_wconf 80' lang='grc' dir='ltr'><strong>φη·-</strong></span> 
     </span>
    </p>
   </div>
   <div class='ocr_carea' id='block_1_63' title="bbox 2165 2544 3741 2617">
    <p class='ocr_par' dir='ltr' id='par_1_63' title="bbox 2165 2544 3741 2617">
     <span class='ocr_line' id='line_1_63' title="bbox 2165 2544 3741 2617; baseline 0 -18"><span class='ocrx_word' id='word_1_525' title='bbox 2165 2568 2183 2598; x_wconf 77' lang='grc' dir='ltr'><strong>ι</strong></span> <span class='ocrx_word' id='word_1_526' title='bbox 2224 2550 2307 2610; x_wconf 72' lang='lat' dir='ltr'><strong>al,</strong></span> <span class='ocrx_word' id='word_1_527' title='bbox 2338 2548 2551 2615; x_wconf 84' lang='grc' dir='ltr'>Κύριος</span> <span class='ocrx_word' id='word_1_528' title='bbox 2593 2548 2826 2616; x_wconf 82' lang='grc' dir='ltr'><strong>Ἰησοῦν</strong></span> <span class='ocrx_word' id='word_1_529' title='bbox 2840 2548 2946 2601; x_wconf 77' lang='grc' dir='ltr'><strong>τὸν</strong></span> <span class='ocrx_word' id='word_1_530' title='bbox 2964 2546 3120 2614; x_wconf 84' lang='grc' dir='ltr'>ἱερέα</span> <span class='ocrx_word' id='word_1_531' title='bbox 3144 2545 3250 2598; x_wconf 79' lang='grc' dir='ltr'><strong>τὸν</strong></span> <span class='ocrx_word' id='word_1_532' title='bbox 3269 2547 3479 2617; x_wconf 72' lang='grc' dir='ltr'>μέγαν,</span> <span class='ocrx_word' id='word_1_533' title='bbox 3508 2544 3741 2599; x_wconf 80' lang='grc' dir='ltr'>ἑστῶτα</span> 
     </span>
    </p>
   </div>
   <div class='ocr_carea' id='block_1_64' title="bbox 2165 2636 3740 2709">
    <p class='ocr_par' dir='ltr' id='par_1_64' title="bbox 2165 2636 3740 2709">
     <span class='ocr_line' id='line_1_64' title="bbox 2165 2636 3740 2709; baseline -0.001 -18"><span class='ocrx_word' id='word_1_534' title='bbox 2165 2658 2185 2691; x_wconf 77' lang='grc' dir='ltr'><strong>ι</strong></span> <span class='ocrx_word' id='word_1_535' title='bbox 2216 2639 2328 2707; x_wconf 81' lang='grc' dir='ltr'><strong>πρὸ</strong></span> <span class='ocrx_word' id='word_1_536' title='bbox 2360 2640 2685 2707; x_wconf 81' lang='grc' dir='ltr'>προσώπου</span> <span class='ocrx_word' id='word_1_537' title='bbox 2705 2640 2962 2709; x_wconf 73' lang='grc' dir='ltr'>ἀγγέλου</span> <span class='ocrx_word' id='word_1_538' title='bbox 2988 2641 3227 2707; x_wconf 84' lang='grc' dir='ltr'>Κυρίου.</span> <span class='ocrx_word' id='word_1_539' title='bbox 3255 2638 3363 2691; x_wconf 74' lang='grc' dir='ltr'><strong>Καὶ</strong></span> <span class='ocrx_word' id='word_1_540' title='bbox 3389 2640 3421 2691; x_wconf 84' lang='grc' dir='ltr'><em>ὀ</em></span> <span class='ocrx_word' id='word_1_541' title='bbox 3461 2636 3740 2703; x_wconf 79' lang='grc' dir='ltr'>διάϐολος</span> 
     </span>
    </p>
   </div>
   <div class='ocr_carea' id='block_1_65' title="bbox 2165 2729 3738 2798">
    <p class='ocr_par' dir='ltr' id='par_1_65' title="bbox 2165 2729 3738 2798">
     <span class='ocr_line' id='line_1_65' title="bbox 2165 2729 3738 2798; baseline 0.001 -16"><span class='ocrx_word' id='word_1_542' title='bbox 2165 2749 2184 2782; x_wconf 79' lang='grc' dir='ltr'><strong>ι</strong></span> <span class='ocrx_word' id='word_1_543' title='bbox 2218 2732 2480 2798; x_wconf 77' lang='grc' dir='ltr'>εἱστήκει</span> <span class='ocrx_word' id='word_1_544' title='bbox 2506 2731 2576 2783; x_wconf 82' lang='grc' dir='ltr'><strong>ἐκ</strong></span> <span class='ocrx_word' id='word_1_545' title='bbox 2605 2731 2818 2796; x_wconf 77' lang='grc' dir='ltr'><strong>δεξιῶν</strong></span> <span class='ocrx_word' id='word_1_546' title='bbox 2855 2732 3062 2794; x_wconf 78' lang='grc' dir='ltr'>αὑτοῦ,</span> <span class='ocrx_word' id='word_1_547' title='bbox 3091 2731 3196 2785; x_wconf 82' lang='grc' dir='ltr'>τοῦ</span> <span class='ocrx_word' id='word_1_548' title='bbox 3222 2729 3587 2785; x_wconf 81' lang='grc' dir='ltr'>ἀντικεῖσθαι</span> <span class='ocrx_word' id='word_1_549' title='bbox 3630 2730 3738 2783; x_wconf 82' lang='grc' dir='ltr'><strong>αὺ-</strong></span> 
     </span>
    </p>
   </div>
   <div class='ocr_carea' id='block_1_66' title="bbox 2169 2818 3739 2891">
    <p class='ocr_par' dir='ltr' id='par_1_66' title="bbox 2169 2818 3739 2891">
     <span class='ocr_line' id='line_1_66' title="bbox 2169 2818 3739 2891; baseline -0.003 -18"><span class='ocrx_word' id='word_1_550' title='bbox 2169 2842 2185 2873; x_wconf 84' lang='grc'><strong>‹</strong></span> <span class='ocrx_word' id='word_1_551' title='bbox 2221 2822 2319 2887; x_wconf 87' lang='grc' dir='ltr'><strong>τῷ.</strong></span> <span class='ocrx_word' id='word_1_552' title='bbox 2353 2823 2463 2878; x_wconf 79' lang='grc' dir='ltr'><strong>Καὶ</strong></span> <span class='ocrx_word' id='word_1_553' title='bbox 2493 2818 2624 2875; x_wconf 80' lang='grc' dir='ltr'><strong><em>εἷπε</em></strong></span> <span class='ocrx_word' id='word_1_554' title='bbox 2646 2824 2861 2891; x_wconf 81' lang='grc' dir='ltr'>Κύριος</span> <span class='ocrx_word' id='word_1_555' title='bbox 2914 2820 3061 2889; x_wconf 83' lang='grc' dir='ltr'><strong>πρὸς</strong></span> <span class='ocrx_word' id='word_1_556' title='bbox 3098 2820 3205 2874; x_wconf 81' lang='grc' dir='ltr'>τὸν</span> <span class='ocrx_word' id='word_1_557' title='bbox 3224 2818 3539 2874; x_wconf 81' lang='grc' dir='ltr'>διάϐολον·</span> <span class='ocrx_word' id='word_1_558' title='bbox 3586 2818 3739 2870; x_wconf 74' lang='grc' dir='ltr'><strong>Ἑπι·</strong></span> 
     </span>
    </p>
   </div>
   <div class='ocr_carea' id='block_1_67' title="bbox 2168 2907 3742 2983">
    <p class='ocr_par' dir='ltr' id='par_1_67' title="bbox 2168 2907 3742 2983">
     <span class='ocr_line' id='line_1_67' title="bbox 2168 2907 3742 2983; baseline -0.004 -17"><span class='ocrx_word' id='word_1_559' title='bbox 2168 2934 2186 2966; x_wconf 79' lang='grc' dir='ltr'><strong>ι</strong></span> <span class='ocrx_word' id='word_1_560' title='bbox 2220 2912 2461 2983; x_wconf 74' lang='grc' dir='ltr'>τιμῆσαι</span> <span class='ocrx_word' id='word_1_561' title='bbox 2512 2916 2730 2982; x_wconf 83' lang='grc' dir='ltr'>Κύριος</span> <span class='ocrx_word' id='word_1_562' title='bbox 2774 2914 2844 2967; x_wconf 82' lang='grc' dir='ltr'><strong>ἐν</strong></span> <span class='ocrx_word' id='word_1_563' title='bbox 2898 2912 3030 2975; x_wconf 75' lang='grc' dir='ltr'>σοὶ,</span> <span class='ocrx_word' id='word_1_564' title='bbox 3084 2915 3117 2965; x_wconf 86' lang='lat' dir='ltr'><strong>d</strong></span> <span class='ocrx_word' id='word_1_565' title='bbox 3162 2909 3566 2979; x_wconf 76' lang='grc' dir='ltr'><strong>ἐκλεξάμενος</strong></span> <span class='ocrx_word' id='word_1_566' title='bbox 3626 2907 3742 2976; x_wconf 76' lang='grc' dir='ltr'><strong>τὴν</strong></span> 
     </span>
    </p>
   </div>
   <div class='ocr_carea' id='block_1_68' title="bbox 2169 3002 3739 3077">
    <p class='ocr_par' dir='ltr' id='par_1_68' title="bbox 2169 3002 3739 3077">
     <span class='ocr_line' id='line_1_68' title="bbox 2169 3002 3739 3077; baseline -0.003 -20"><span class='ocrx_word' id='word_1_567' title='bbox 2169 3024 2186 3056; x_wconf 76' lang='grc' dir='ltr'><strong>ι</strong></span> <span class='ocrx_word' id='word_1_568' title='bbox 2234 3006 2639 3075; x_wconf 83' lang='grc' dir='ltr'>Ἰερουσαλήμ.</span> <span class='ocrx_word' id='word_1_569' title='bbox 2686 3006 2823 3059; x_wconf 88' lang='grc' dir='ltr'>Πότε</span> <span class='ocrx_word' id='word_1_570' title='bbox 2866 3006 2974 3077; x_wconf 82' lang='grc' dir='ltr'>γὰρ</span> <span class='ocrx_word' id='word_1_571' title='bbox 3018 3003 3169 3074; x_wconf 80' lang='grc' dir='ltr'>αὑτῷ</span> <span class='ocrx_word' id='word_1_572' title='bbox 3199 3002 3566 3074; x_wconf 85' lang='grc' dir='ltr'>ὲπετίμησεν;</span> <span class='ocrx_word' id='word_1_573' title='bbox 3612 3002 3739 3053; x_wconf 79' lang='grc' dir='ltr'>Ὅτε</span> 
     </span>
    </p>
   </div>
   <div class='ocr_carea' id='block_1_69' title="bbox 2170 3090 3741 3167">
    <p class='ocr_par' dir='ltr' id='par_1_69' title="bbox 2170 3090 3741 3167">
     <span class='ocr_line' id='line_1_69' title="bbox 2170 3090 3741 3167; baseline -0.002 -20"><span class='ocrx_word' id='word_1_574' title='bbox 2170 3114 2187 3147; x_wconf 84' lang='grc' dir='ltr'><strong>ι</strong></span> <span class='ocrx_word' id='word_1_575' title='bbox 2228 3097 2318 3149; x_wconf 84' lang='grc' dir='ltr'><strong>τὸν</strong></span> <span class='ocrx_word' id='word_1_576' title='bbox 2358 3096 2709 3167; x_wconf 83' lang='grc' dir='ltr'>ἀγαπηθέντα</span> <span class='ocrx_word' id='word_1_577' title='bbox 2738 3097 2830 3148; x_wconf 84' lang='grc' dir='ltr'><strong>ὑπ’</strong></span> <span class='ocrx_word' id='word_1_578' title='bbox 2875 3094 3039 3148; x_wconf 77' lang='grc' dir='ltr'>αὐτοῦ</span> <span class='ocrx_word' id='word_1_579' title='bbox 3085 3094 3388 3165; x_wconf 85' lang='grc' dir='ltr'>ἄνθρωπον,</span> <span class='ocrx_word' id='word_1_580' title='bbox 3420 3093 3500 3163; x_wconf 83' lang='grc' dir='ltr'><strong>τῷ</strong></span> <span class='ocrx_word' id='word_1_581' title='bbox 3549 3090 3741 3146; x_wconf 79' lang='grc' dir='ltr'>ἑαυτοῦ</span> 
     </span>
    </p>
   </div>
   <div class='ocr_carea' id='block_1_70' title="bbox 2170 3186 3741 3259">
    <p class='ocr_par' dir='ltr' id='par_1_70' title="bbox 2170 3186 3741 3259">
     <span class='ocr_line' id='line_1_70' title="bbox 2170 3186 3741 3259; baseline -0.002 -19"><span class='ocrx_word' id='word_1_582' title='bbox 2170 3207 2187 3239; x_wconf 85' lang='grc' dir='ltr'><strong>ι</strong></span> <span class='ocrx_word' id='word_1_583' title='bbox 2234 3188 2436 3259; x_wconf 79' lang='grc' dir='ltr'>συνῆψε</span> <span class='ocrx_word' id='word_1_584' title='bbox 2465 3189 2621 3259; x_wconf 85' lang='grc' dir='ltr'><strong>Λόγῳ</strong></span> <span class='ocrx_word' id='word_1_585' title='bbox 2654 3190 2682 3241; x_wconf 92' lang='grc' dir='ltr'><strong>ό</strong></span> <span class='ocrx_word' id='word_1_586' title='bbox 2709 3188 3086 3259; x_wconf 77' lang='grc' dir='ltr'>ἐκλεξάμενος,</span> <span class='ocrx_word' id='word_1_587' title='bbox 3118 3188 3273 3259; x_wconf 74' lang='grc' dir='ltr'>φησὶ,</span> <span class='ocrx_word' id='word_1_588' title='bbox 3328 3186 3427 3258; x_wconf 78' lang='grc' dir='ltr'><strong>τὴν</strong></span> <span class='ocrx_word' id='word_1_589' title='bbox 3471 3186 3741 3257; x_wconf 86' lang='grc' dir='ltr'>Ἰερουσα-</span> 
     </span>
    </p>
   </div>
   <div class='ocr_carea' id='block_1_71' title="bbox 2173 3272 3741 3350">
    <p class='ocr_par' dir='ltr' id='par_1_71' title="bbox 2173 3272 3741 3350">
     <span class='ocr_line' id='line_1_71' title="bbox 2173 3272 3741 3350; baseline 0.001 -22"><span class='ocrx_word' id='word_1_590' title='bbox 2173 3296 2190 3328; x_wconf 80' lang='lat' dir='ltr'><strong>t</strong></span> <span class='ocrx_word' id='word_1_591' title='bbox 2224 3277 2369 3349; x_wconf 79' lang='grc' dir='ltr'>λὴμ,</span> <span class='ocrx_word' id='word_1_592' title='bbox 2425 3278 2581 3349; x_wconf 76' lang='grc' dir='ltr'>δῆλον</span> <span class='ocrx_word' id='word_1_593' title='bbox 2612 3280 2693 3332; x_wconf 82' lang='grc' dir='ltr'>ὅτι</span> <span class='ocrx_word' id='word_1_594' title='bbox 2724 3280 2930 3350; x_wconf 77' lang='grc' dir='ltr'>ταύτην</span> <span class='ocrx_word' id='word_1_595' title='bbox 2963 3278 3059 3349; x_wconf 79' lang='grc' dir='ltr'><strong>τὴν</strong></span> <span class='ocrx_word' id='word_1_596' title='bbox 3095 3278 3370 3349; x_wconf 75' lang='grc' dir='ltr'>ἡμετέραν</span> <span class='ocrx_word' id='word_1_597' title='bbox 3405 3277 3529 3345; x_wconf 78' lang='grc' dir='ltr'>περὶ</span> <span class='ocrx_word' id='word_1_598' title='bbox 3583 3272 3654 3346; x_wconf 80' lang='grc' dir='ltr'><strong>ἦς</strong></span> <span class='ocrx_word' id='word_1_599' title='bbox 3713 3275 3741 3326; x_wconf 82' lang='grc' dir='ltr'><strong>ό</strong></span> 
     </span>
    </p>
   </div>
   <div class='ocr_carea' id='block_1_72' title="bbox 2175 3364 3739 3440">
    <p class='ocr_par' dir='ltr' id='par_1_72' title="bbox 2175 3364 3739 3440">
     <span class='ocr_line' id='line_1_72' title="bbox 2175 3364 3739 3440; baseline 0.011 -21"><span class='ocrx_word' id='word_1_600' title='bbox 2175 3386 2191 3417; x_wconf 85' lang='grc' dir='ltr'><strong>ι</strong></span> <span class='ocrx_word' id='word_1_601' title='bbox 2236 3368 2553 3432; x_wconf 83' lang='grc' dir='ltr'>Ἀπόστολος</span> <span class='ocrx_word' id='word_1_602' title='bbox 2581 3369 2744 3436; x_wconf 75' lang='grc' dir='ltr'>λέγει’</span> <span class='ocrx_word' id='word_1_603' title='bbox 2783 3370 2845 3422; x_wconf 81' lang='grc' dir='ltr'>Ἤ</span> <span class='ocrx_word' id='word_1_604' title='bbox 2884 3370 2940 3422; x_wconf 84' lang='grc' dir='ltr'>δὲ</span> <span class='ocrx_word' id='word_1_605' title='bbox 2978 3370 3221 3440; x_wconf 77' lang='grc' dir='ltr'>ἡμετέρα</span> <span class='ocrx_word' id='word_1_606' title='bbox 3256 3364 3600 3439; x_wconf 80' lang='grc' dir='ltr'>Ἰερουσαλὴμ</span> <span class='ocrx_word' id='word_1_607' title='bbox 3628 3364 3739 3417; x_wconf 69' lang='grc' dir='ltr'><strong>ἀνω</strong></span> 
     </span>
    </p>
   </div>
   <div class='ocr_carea' id='block_1_73' title="bbox 2178 3457 3735 3533">
    <p class='ocr_par' dir='ltr' id='par_1_73' title="bbox 2178 3457 3735 3533">
     <span class='ocr_line' id='line_1_73' title="bbox 2178 3457 3735 3533; baseline -0.002 -22"><span class='ocrx_word' id='word_1_608' title='bbox 2178 3478 2195 3511; x_wconf 82' lang='lat' dir='ltr'><strong>t</strong></span> <span class='ocrx_word' id='word_1_609' title='bbox 2236 3460 2416 3513; x_wconf 73' lang='grc' dir='ltr'>ἐστίν·</span> <span class='ocrx_word' id='word_1_610' title='bbox 2455 3460 2592 3532; x_wconf 81' lang='grc' dir='ltr'>αὓτη</span> <span class='ocrx_word' id='word_1_611' title='bbox 2637 3460 2746 3533; x_wconf 82' lang='grc' dir='ltr'>γὰρ</span> <span class='ocrx_word' id='word_1_612' title='bbox 2780 3460 3016 3514; x_wconf 83' lang='grc' dir='ltr'>δουλεύει</span> <span class='ocrx_word' id='word_1_613' title='bbox 3057 3461 3195 3531; x_wconf 71' lang='grc' dir='ltr'>μετὰ</span> <span class='ocrx_word' id='word_1_614' title='bbox 3245 3460 3349 3513; x_wconf 84' lang='grc' dir='ltr'>τῶν</span> <span class='ocrx_word' id='word_1_615' title='bbox 3398 3458 3600 3511; x_wconf 79' lang='grc' dir='ltr'>τέκνων</span> <span class='ocrx_word' id='word_1_616' title='bbox 3636 3457 3735 3509; x_wconf 79' lang='grc' dir='ltr'>αὐ-</span> 
     </span>
    </p>
   </div>
   <div class='ocr_carea' id='block_1_74' title="bbox 2179 3548 3726 3624">
    <p class='ocr_par' dir='ltr' id='par_1_74' title="bbox 2179 3548 3726 3624">
     <span class='ocr_line' id='line_1_74' title="bbox 2179 3548 3726 3624; baseline -0.007 -15"><span class='ocrx_word' id='word_1_617' title='bbox 2179 3571 2196 3603; x_wconf 70' lang='grc'><strong>(</strong></span> <span class='ocrx_word' id='word_1_618' title='bbox 2233 3552 2349 3622; x_wconf 82' lang='grc' dir='ltr'>τῆς.</span> <span class='ocrx_word' id='word_1_619' title='bbox 2409 3551 2720 3623; x_wconf 83' lang='grc' dir='ltr'>Τηνικαῦτα</span> <span class='ocrx_word' id='word_1_620' title='bbox 2766 3552 2894 3623; x_wconf 81' lang='grc' dir='ltr'>γὰρ,</span> <span class='ocrx_word' id='word_1_621' title='bbox 2918 3553 2973 3604; x_wconf 88' lang='grc' dir='ltr'>ὲν</span> <span class='ocrx_word' id='word_1_622' title='bbox 3020 3555 3084 3623; x_wconf 82' lang='grc' dir='ltr'>τῇ</span> <span class='ocrx_word' id='word_1_623' title='bbox 3123 3552 3330 3624; x_wconf 85' lang='grc' dir='ltr'>μεγάλῃ</span> <span class='ocrx_word' id='word_1_624' title='bbox 3368 3550 3502 3619; x_wconf 79' lang='grc' dir='ltr'>αὐτῇ</span> <span class='ocrx_word' id='word_1_625' title='bbox 3543 3548 3726 3619; x_wconf 77' lang='grc' dir='ltr'>Ἰερου·</span> 
     </span>
    </p>
   </div>
   <div class='ocr_carea' id='block_1_75' title="bbox 2180 3636 3739 3714">
    <p class='ocr_par' dir='ltr' id='par_1_75' title="bbox 2180 3636 3739 3714">
     <span class='ocr_line' id='line_1_75' title="bbox 2180 3636 3739 3714; baseline -0.003 -20"><span class='ocrx_word' id='word_1_626' title='bbox 2180 3661 2197 3693; x_wconf 81' lang='grc' dir='ltr'><strong>ι</strong></span> <span class='ocrx_word' id='word_1_627' title='bbox 2242 3642 2442 3713; x_wconf 85' lang='grc' dir='ltr'>σαλὴμ,</span> <span class='ocrx_word' id='word_1_628' title='bbox 2479 3643 2753 3695; x_wconf 86' lang='grc' dir='ltr'>τουτέστιν</span> <span class='ocrx_word' id='word_1_629' title='bbox 2785 3644 2843 3695; x_wconf 82' lang='grc' dir='ltr'>ἐν</span> <span class='ocrx_word' id='word_1_630' title='bbox 2872 3646 2937 3713; x_wconf 80' lang='grc' dir='ltr'>τῇ</span> <span class='ocrx_word' id='word_1_631' title='bbox 2971 3644 3215 3714; x_wconf 67' lang='grc' dir='ltr'>ἡμετέρᾳ</span> <span class='ocrx_word' id='word_1_632' title='bbox 3259 3640 3549 3712; x_wconf 68' lang='grc' dir='ltr'>Ἐκκλησία</span> <span class='ocrx_word' id='word_1_633' title='bbox 3590 3636 3739 3707; x_wconf 87' lang='grc' dir='ltr'>γενό-</span> 
     </span>
    </p>
   </div>
   <div class='ocr_carea' id='block_1_76' title="bbox 2180 3734 3738 3805">
    <p class='ocr_par' dir='ltr' id='par_1_76' title="bbox 2180 3734 3738 3805">
     <span class='ocr_line' id='line_1_76' title="bbox 2180 3734 3738 3805; baseline -0.001 -20"><span class='ocrx_word' id='word_1_634' title='bbox 2180 3754 2198 3785; x_wconf 83' lang='grc' dir='ltr'><strong>ι</strong></span> <span class='ocrx_word' id='word_1_635' title='bbox 2244 3751 2423 3803; x_wconf 88' lang='grc' dir='ltr'>μενος,</span> <span class='ocrx_word' id='word_1_636' title='bbox 2455 3735 2754 3805; x_wconf 71' lang='grc' dir='ltr'>ἐπετίμησε</span> <span class='ocrx_word' id='word_1_637' title='bbox 2789 3734 2865 3804; x_wconf 83' lang='grc' dir='ltr'>τῷ</span> <span class='ocrx_word' id='word_1_638' title='bbox 2894 3736 3143 3805; x_wconf 80' lang='grc' dir='ltr'>διαϐόλῳ,</span> <span class='ocrx_word' id='word_1_639' title='bbox 3193 3734 3333 3788; x_wconf 81' lang='grc' dir='ltr'>κατὰ</span> <span class='ocrx_word' id='word_1_640' title='bbox 3371 3734 3469 3804; x_wconf 79' lang='grc' dir='ltr'>τὴν</span> <span class='ocrx_word' id='word_1_641' title='bbox 3537 3747 3738 3803; x_wconf 72' lang='grc' dir='ltr'>προφηο</span> 
     </span>
    </p>
   </div>
   <div class='ocr_carea' id='block_1_77' title="bbox 2181 3820 3745 3895">
    <p class='ocr_par' dir='ltr' id='par_1_77' title="bbox 2181 3820 3745 3895">
     <span class='ocr_line' id='line_1_77' title="bbox 2181 3820 3745 3895; baseline 0.004 -21"><span class='ocrx_word' id='word_1_642' title='bbox 2181 3842 2200 3874; x_wconf 81' lang='lat' dir='ltr'><strong>s</strong></span> <span class='ocrx_word' id='word_1_643' title='bbox 2237 3823 2385 3877; x_wconf 78' lang='grc' dir='ltr'>τείαν</span> <span class='ocrx_word' id='word_1_644' title='bbox 2430 3822 2597 3877; x_wconf 82' lang='grc' dir='ltr'>εἰπών</span> <span class='ocrx_word' id='word_1_645' title='bbox 2624 3843 2636 3855; x_wconf 91' lang='grc'><strong>·</strong></span> <span class='ocrx_word' id='word_1_646' title='bbox 2675 3826 2922 3878; x_wconf 68' lang='lat' dir='ltr'><strong>&quot;Arte.er</strong></span> <span class='ocrx_word' id='word_1_647' title='bbox 2964 3826 3155 3879; x_wconf 81' lang='grc' dir='ltr'><em>ὀπίσω</em></span> <span class='ocrx_word' id='word_1_648' title='bbox 3178 3843 3318 3895; x_wconf 81' lang='grc' dir='ltr'>μου,</span> <span class='ocrx_word' id='word_1_649' title='bbox 3356 3821 3627 3878; x_wconf 79' lang='grc' dir='ltr'>Σατανᾶ’</span> <span class='ocrx_word' id='word_1_650' title='bbox 3660 3820 3745 3874; x_wconf 76' lang='grc' dir='ltr'><strong>ὅτι</strong></span> 
     </span>
    </p>
   </div>
   <div class='ocr_carea' id='block_1_78' title="bbox 581 3955 2061 4025">
    <p class='ocr_par' dir='ltr' id='par_1_78' title="bbox 581 3955 2060 4023">
     <span class='ocr_line' id='line_1_78' title="bbox 581 3955 2060 4023; baseline 0.001 -13"><span class='ocrx_word' id='word_1_651' title='bbox 581 3959 627 3992; x_wconf 71' lang='grc' dir='ltr'>ι’</span> <span class='ocrx_word' id='word_1_652' title='bbox 650 3957 774 4011; x_wconf 82' lang='lat' dir='ltr'><strong>&#39;Gal.</strong></span> <span class='ocrx_word' id='word_1_653' title='bbox 810 3973 884 4023; x_wconf 80' lang='lat' dir='ltr'><strong>tv,</strong></span> <span class='ocrx_word' id='word_1_654' title='bbox 912 3956 1001 4011; x_wconf 75' lang='lat'><strong>9.6.</strong></span> <span class='ocrx_word' id='word_1_655' title='bbox 1079 3957 1125 3989; x_wconf 84' lang='grc'><strong>²³</strong></span> <span class='ocrx_word' id='word_1_656' title='bbox 1158 3955 1347 4011; x_wconf 81' lang='lat' dir='ltr'><strong>Matth.</strong></span> <span class='ocrx_word' id='word_1_657' title='bbox 1392 3972 1503 4021; x_wconf 77' lang='lat' dir='ltr'><strong>xvi,</strong></span> <span class='ocrx_word' id='word_1_658' title='bbox 1531 3956 1622 4010; x_wconf 75' lang='grc'><strong>25.</strong></span> <span class='ocrx_word' id='word_1_659' title='bbox 1700 3958 1745 3987; x_wconf 66' lang='grc'><strong>’⁸</strong></span> <span class='ocrx_word' id='word_1_660' title='bbox 1766 3955 1897 4011; x_wconf 88' lang='lat' dir='ltr'><strong>Luc.</strong></span> <span class='ocrx_word' id='word_1_661' title='bbox 1920 3972 1957 4022; x_wconf 95' lang='grc' dir='ltr'><strong>ι,</strong></span> <span class='ocrx_word' id='word_1_662' title='bbox 1990 3958 2060 4013; x_wconf 78' lang='grc'><strong>50</strong></span> 
     </span>
    </p>
   </div>
   <div class='ocr_carea' id='block_1_79' title="bbox 2168 3955 2831 4025">
    <p class='ocr_par' dir='ltr' id='par_1_79' title="bbox 2168 3958 2831 4025">
     <span class='ocr_line' id='line_1_79' title="bbox 2168 3958 2831 4025; baseline 0.002 -13"><span class='ocrx_word' id='word_1_663' title='bbox 2168 3999 2178 4012; x_wconf 90' lang='grc'><em>.</em></span> <span class='ocrx_word' id='word_1_664' title='bbox 2256 3960 2298 3990; x_wconf 79' lang='grc'><strong>’⁵</strong></span> <span class='ocrx_word' id='word_1_665' title='bbox 2329 3959 2556 4013; x_wconf 81' lang='lat' dir='ltr'><strong>Zaebar.</strong></span> <span class='ocrx_word' id='word_1_666' title='bbox 2586 3975 2669 4022; x_wconf 89' lang='grc' dir='ltr'>ιιι,</span> <span class='ocrx_word' id='word_1_667' title='bbox 2708 3958 2831 4025; x_wconf 73' lang='grc' dir='ltr'><strong>1,Ξ.</strong></span> 
     </span>
    </p>
   </div>
   <div class='ocr_carea' id='block_1_80' title="bbox 500 4089 2068 4165">
    <p class='ocr_par' dir='ltr' id='par_1_80' title="bbox 500 4089 2068 4165">
     <span class='ocr_line' id='line_1_80' title="bbox 500 4089 2068 4165; baseline 0.007 -22"><span class='ocrx_word' id='word_1_668' title='bbox 500 4092 703 4165; x_wconf 67' lang='grc' dir='ltr'>ἠξιώθη</span> <span class='ocrx_word' id='word_1_669' title='bbox 736 4093 1049 4165; x_wconf 71' lang='grc' dir='ltr'>εἰσαγαγεῖν</span> <span class='ocrx_word' id='word_1_670' title='bbox 1085 4089 1178 4143; x_wconf 83' lang='grc' dir='ltr'><strong>τὸν</strong></span> <span class='ocrx_word' id='word_1_671' title='bbox 1216 4090 1343 4165; x_wconf 75' lang='grc' dir='ltr'>λαὸν</span> <span class='ocrx_word' id='word_1_672' title='bbox 1370 4092 1584 4165; x_wconf 48' lang='grc' dir='ltr'>εἱς-τὴν</span> <span class='ocrx_word' id='word_1_673' title='bbox 1616 4091 1777 4165; x_wconf 74' lang='grc' dir='ltr'>ἁγίαν</span> <span class='ocrx_word' id='word_1_674' title='bbox 1816 4091 2068 4165; x_wconf 17' lang='grc' dir='ltr'>γῆννγῇεεά</span> 
     </span>
    </p>
   </div>
   <div class='ocr_carea' id='block_1_81' title="bbox 502 4161 2065 4233">
    <p class='ocr_par' dir='ltr' id='par_1_81' title="bbox 502 4161 2065 4233">
     <span class='ocr_line' id='line_1_81' title="bbox 502 4161 2065 4233; baseline -0.001 -15"><span class='ocrx_word' id='word_1_675' title='bbox 502 4161 620 4218; x_wconf 82' lang='lat' dir='ltr'><strong>aliis</strong></span> <span class='ocrx_word' id='word_1_676' title='bbox 641 4161 972 4233; x_wconf 82' lang='lat' dir='ltr'><strong>interpositis</strong></span> <span class='ocrx_word' id='word_1_677' title='bbox 999 4178 1012 4214; x_wconf 89' lang='lat'><strong>:</strong></span> <span class='ocrx_word' id='word_1_678' title='bbox 1044 4171 1097 4217; x_wconf 84' lang='lat' dir='ltr'><strong>et</strong></span> <span class='ocrx_word' id='word_1_679' title='bbox 1124 4164 1336 4233; x_wconf 90' lang='lat' dir='ltr'><strong>tandem</strong></span> <span class='ocrx_word' id='word_1_680' title='bbox 1375 4162 1441 4216; x_wconf 90' lang='lat' dir='ltr'><strong>de</strong></span> <span class='ocrx_word' id='word_1_681' title='bbox 1463 4161 1644 4233; x_wconf 84' lang='lat' dir='ltr'><strong>Moyse</strong></span> <span class='ocrx_word' id='word_1_682' title='bbox 1667 4164 1763 4226; x_wconf 88' lang='lat' dir='ltr'><strong>ait,</strong></span> <span class='ocrx_word' id='word_1_683' title='bbox 1797 4161 1894 4216; x_wconf 88' lang='lat' dir='ltr'><strong>nec</strong></span> <span class='ocrx_word' id='word_1_684' title='bbox 1914 4161 2065 4217; x_wconf 91' lang='lat' dir='ltr'><strong>illum</strong></span> 
     </span>
    </p>
   </div>
   <div class='ocr_carea' id='block_1_82' title="bbox 503 4232 2068 4303">
    <p class='ocr_par' dir='ltr' id='par_1_82' title="bbox 503 4232 2068 4303">
     <span class='ocr_line' id='line_1_82' title="bbox 503 4232 2068 4303; baseline -0.003 -13"><span class='ocrx_word' id='word_1_685' title='bbox 503 4236 705 4290; x_wconf 90' lang='lat' dir='ltr'><strong>dictum</strong></span> <span class='ocrx_word' id='word_1_686' title='bbox 735 4246 854 4286; x_wconf 86' lang='lat' dir='ltr'><strong>esse</strong></span> <span class='ocrx_word' id='word_1_687' title='bbox 892 4232 1066 4303; x_wconf 85' lang='grc' dir='ltr'>μέγαν</span> <span class='ocrx_word' id='word_1_688' title='bbox 1102 4232 1234 4301; x_wconf 88' lang='lat' dir='ltr'><strong>:qui</strong></span> <span class='ocrx_word' id='word_1_689' title='bbox 1269 4241 1446 4285; x_wconf 89' lang='lat' dir='ltr'><strong>tamen</strong></span> <span class='ocrx_word' id='word_1_690' title='bbox 1495 4232 1568 4286; x_wconf 83' lang='lat' dir='ltr'><strong>ita</strong></span> <span class='ocrx_word' id='word_1_691' title='bbox 1601 4247 1830 4302; x_wconf 86' lang='lat' dir='ltr'><strong>magnus</strong></span> <span class='ocrx_word' id='word_1_692' title='bbox 1853 4242 1909 4286; x_wconf 93' lang='lat' dir='ltr'><strong>et</strong></span> <span class='ocrx_word' id='word_1_693' title='bbox 1945 4234 2068 4303; x_wconf 82' lang='lat' dir='ltr'><strong>illu-</strong></span> 
     </span>
    </p>
   </div>
   <div class='ocr_carea' id='block_1_83' title="bbox 503 4302 2057 4367">
    <p class='ocr_par' dir='ltr' id='par_1_83' title="bbox 503 4302 2057 4367">
     <span class='ocr_line' id='line_1_83' title="bbox 503 4302 2057 4367; baseline -0.003 -8"><span class='ocrx_word' id='word_1_694' title='bbox 503 4306 635 4359; x_wconf 86' lang='lat' dir='ltr'><strong>stris</strong></span> <span class='ocrx_word' id='word_1_695' title='bbox 660 4312 798 4367; x_wconf 89' lang='lat' dir='ltr'><strong>erat,</strong></span> <span class='ocrx_word' id='word_1_696' title='bbox 830 4302 901 4356; x_wconf 90' lang='lat' dir='ltr'><strong>ut</strong></span> <span class='ocrx_word' id='word_1_697' title='bbox 941 4304 1033 4356; x_wconf 88' lang='lat' dir='ltr'><strong>Dei</strong></span> <span class='ocrx_word' id='word_1_698' title='bbox 1090 4316 1280 4357; x_wconf 90' lang='lat' dir='ltr'><strong>servus</strong></span> <span class='ocrx_word' id='word_1_699' title='bbox 1320 4303 1615 4365; x_wconf 84' lang='lat' dir='ltr'><strong>diceretur,</strong></span> <span class='ocrx_word' id='word_1_700' title='bbox 1657 4312 1771 4356; x_wconf 89' lang='lat' dir='ltr'><strong>tum</strong></span> <span class='ocrx_word' id='word_1_701' title='bbox 1822 4303 1889 4357; x_wconf 90' lang='lat' dir='ltr'><strong>de</strong></span> <span class='ocrx_word' id='word_1_702' title='bbox 1934 4302 2057 4357; x_wconf 84' lang='lat' dir='ltr'><strong>Jesu</strong></span> 
     </span>
    </p>
   </div>
   <div class='ocr_carea' id='block_1_84' title="bbox 505 4372 2057 4443">
    <p class='ocr_par' dir='ltr' id='par_1_84' title="bbox 505 4372 2057 4443">
     <span class='ocr_line' id='line_1_84' title="bbox 505 4372 2057 4443; baseline -0.003 -13"><span class='ocrx_word' id='word_1_703' title='bbox 505 4375 688 4440; x_wconf 78' lang='lat' dir='ltr'><strong>Nave;</strong></span> <span class='ocrx_word' id='word_1_704' title='bbox 719 4388 816 4427; x_wconf 88' lang='lat' dir='ltr'><strong>nec</strong></span> <span class='ocrx_word' id='word_1_705' title='bbox 840 4372 992 4426; x_wconf 86' lang='lat' dir='ltr'><strong>illum</strong></span> <span class='ocrx_word' id='word_1_706' title='bbox 1021 4376 1195 4443; x_wconf 87' lang='grc' dir='ltr'>μέγαν</span> <span class='ocrx_word' id='word_1_707' title='bbox 1234 4373 1359 4427; x_wconf 85' lang='lat' dir='ltr'><strong>licet</strong></span> <span class='ocrx_word' id='word_1_708' title='bbox 1391 4373 1641 4442; x_wconf 84' lang='lat' dir='ltr'><strong>p0pulum</strong></span> <span class='ocrx_word' id='word_1_709' title='bbox 1685 4372 1977 4443; x_wconf 74' lang='lat' dir='ltr'><strong>induxerat</strong></span> <span class='ocrx_word' id='word_1_710' title='bbox 2004 4374 2057 4426; x_wconf 90' lang='lat' dir='ltr'><strong>in</strong></span> 
     </span>
    </p>
   </div>
   <div class='ocr_carea' id='block_1_85' title="bbox 505 4441 2053 4512">
    <p class='ocr_par' dir='ltr' id='par_1_85' title="bbox 505 4441 2053 4512">
     <span class='ocr_line' id='line_1_85' title="bbox 505 4441 2053 4512; baseline -0.002 -14"><span class='ocrx_word' id='word_1_711' title='bbox 505 4454 707 4499; x_wconf 87' lang='lat' dir='ltr'><strong>terram</strong></span> <span class='ocrx_word' id='word_1_712' title='bbox 765 4441 1165 4512; x_wconf 79' lang='lat' dir='ltr'><strong>promissionis,</strong></span> <span class='ocrx_word' id='word_1_713' title='bbox 1221 4451 1275 4496; x_wconf 91' lang='lat' dir='ltr'><strong>et</strong></span> <span class='ocrx_word' id='word_1_714' title='bbox 1320 4442 1420 4495; x_wconf 84' lang='lat' dir='ltr'><strong>alia</strong></span> <span class='ocrx_word' id='word_1_715' title='bbox 1463 4441 1730 4497; x_wconf 73' lang='lat' dir='ltr'><strong>inii-acula</strong></span> <span class='ocrx_word' id='word_1_716' title='bbox 1782 4442 2053 4496; x_wconf 78' lang='lat' dir='ltr'><strong>etIecerat.</strong></span> 
     </span>
    </p>
   </div>
   <div class='ocr_carea' id='block_1_86' title="bbox 2183 4088 3745 4164">
    <p class='ocr_par' dir='ltr' id='par_1_86' title="bbox 2183 4088 3745 4164">
     <span class='ocr_line' id='line_1_86' title="bbox 2183 4088 3745 4164; baseline -0.003 -17"><span class='ocrx_word' id='word_1_717' title='bbox 2183 4093 2397 4164; x_wconf 88' lang='lat' dir='ltr'><strong>quidem</strong></span> <span class='ocrx_word' id='word_1_718' title='bbox 2431 4093 2834 4164; x_wconf 79' lang='lat' dir='ltr'><strong>colionestatur.</strong></span> <span class='ocrx_word' id='word_1_719' title='bbox 2872 4091 3047 4159; x_wconf 85' lang='lat' dir='ltr'><strong>Quod,</strong></span> <span class='ocrx_word' id='word_1_720' title='bbox 3079 4101 3136 4164; x_wconf 89' lang='lat' dir='ltr'><strong>ut</strong></span> <span class='ocrx_word' id='word_1_721' title='bbox 3161 4101 3213 4145; x_wconf 89' lang='lat' dir='ltr'><strong>et</strong></span> <span class='ocrx_word' id='word_1_722' title='bbox 3240 4091 3343 4164; x_wconf 82' lang='lat' dir='ltr'><strong>alia</strong></span> <span class='ocrx_word' id='word_1_723' title='bbox 3378 4091 3444 4164; x_wconf 83' lang='lat' dir='ltr'><strong>de</strong></span> <span class='ocrx_word' id='word_1_724' title='bbox 3472 4088 3745 4164; x_wconf 77' lang='lat' dir='ltr'><strong>Jesu_ibi-</strong></span> 
     </span>
    </p>
   </div>
   <div class='ocr_carea' id='block_1_87' title="bbox 2172 4158 3744 4235">
    <p class='ocr_par' dir='ltr' id='par_1_87' title="bbox 2172 4158 3744 4235">
     <span class='ocr_line' id='line_1_87' title="bbox 2172 4158 3744 4235; baseline -0.003 -18"><span class='ocrx_word' id='word_1_725' title='bbox 2172 4158 2293 4218; x_wconf 58' lang='lat' dir='ltr'><strong>d&#39;em</strong></span> <span class='ocrx_word' id='word_1_726' title='bbox 2323 4166 2488 4235; x_wconf 82' lang='lat' dir='ltr'><strong>dicta,</strong></span> <span class='ocrx_word' id='word_1_727' title='bbox 2517 4162 2584 4216; x_wconf 78' lang='grc' dir='ltr'><strong>τά</strong></span> <span class='ocrx_word' id='word_1_728' title='bbox 2636 4163 2806 4235; x_wconf 78' lang='grc' dir='ltr'>μικρὰ</span> <span class='ocrx_word' id='word_1_729' title='bbox 2840 4158 2935 4235; x_wconf 62' lang='lat' dir='ltr'><strong>udi.</strong></span> <span class='ocrx_word' id='word_1_730' title='bbox 2965 4163 3284 4235; x_wconf 67' lang='grc' dir='ltr'>φαινόμενα</span> <span class='ocrx_word' id='word_1_731' title='bbox 3322 4160 3444 4235; x_wconf 57' lang='grc' dir='ltr'>ἀντὶ</span> <span class='ocrx_word' id='word_1_732' title='bbox 3494 4158 3744 4235; x_wconf 66' lang='grc' dir='ltr'>μεγάλων</span> 
     </span>
    </p>
   </div>
   <div class='ocr_carea' id='block_1_88' title="bbox 2174 4229 3736 4305">
    <p class='ocr_par' dir='ltr' id='par_1_88' title="bbox 2174 4229 3736 4305">
     <span class='ocr_line' id='line_1_88' title="bbox 2174 4229 3736 4305; baseline -0.005 -18"><span class='ocrx_word' id='word_1_733' title='bbox 2174 4234 2348 4305; x_wconf 74' lang='grc' dir='ltr'>καὶμὴ</span> <span class='ocrx_word' id='word_1_734' title='bbox 2372 4229 2806 4305; x_wconf 73' lang='grc' dir='ltr'>βλεπομένων,’ἰιι</span> <span class='ocrx_word' id='word_1_735' title='bbox 2834 4229 3160 4297; x_wconf 60' lang='grc' dir='ltr'>δεευμιιιιίςιὲ</span> <span class='ocrx_word' id='word_1_736' title='bbox 3184 4233 3634 4305; x_wconf 44' lang='lat' dir='ltr'><strong>adimplebajitnr.</strong></span> <span class='ocrx_word' id='word_1_737' title='bbox 3661 4229 3736 4305; x_wconf 62' lang='grc' dir='ltr'><strong>Μτ</strong></span> 
     </span>
    </p>
   </div>
   <div class='ocr_carea' id='block_1_89' title="bbox 2169 4299 3743 4374">
    <p class='ocr_par' dir='ltr' id='par_1_89' title="bbox 2169 4299 3743 4374">
     <span class='ocr_line' id='line_1_89' title="bbox 2169 4299 3743 4374; baseline -0.004 -15"><span class='ocrx_word' id='word_1_738' title='bbox 2169 4336 2238 4344; x_wconf 93' lang='lat'><strong>—</strong></span> <span class='ocrx_word' id='word_1_739' title='bbox 2263 4299 2431 4359; x_wconf 72' lang='lat' dir='ltr'><strong>Codd.</strong></span> <span class='ocrx_word' id='word_1_740' title='bbox 2482 4299 2575 4357; x_wconf 69' lang='grc' dir='ltr'>τοῦ</span> <span class='ocrx_word' id='word_1_741' title='bbox 2620 4305 2804 4368; x_wconf 60' lang='lat' dir='ltr'><strong>Mam,</strong></span> <span class='ocrx_word' id='word_1_742' title='bbox 2846 4305 2966 4359; x_wconf 88' lang='lat' dir='ltr'><strong>dein</strong></span> <span class='ocrx_word' id='word_1_743' title='bbox 2996 4305 3151 4374; x_wconf 88' lang='lat' dir='ltr'><strong>vulgo</strong></span> <span class='ocrx_word' id='word_1_744' title='bbox 3181 4302 3271 4355; x_wconf 74' lang='grc' dir='ltr'><strong>τὸν</strong></span> <span class='ocrx_word' id='word_1_745' title='bbox 3298 4299 3384 4373; x_wconf 84' lang='grc' dir='ltr'><strong>τρ.</strong></span> <span class='ocrx_word' id='word_1_746' title='bbox 3412 4299 3617 4367; x_wconf 77' lang='grc' dir='ltr'>τοῦτον,</span> <span class='ocrx_word' id='word_1_747' title='bbox 3649 4299 3743 4369; x_wconf 86' lang='lat' dir='ltr'><strong>qui</strong></span> 
     </span>
    </p>
   </div>
   <div class='ocr_carea' id='block_1_90' title="bbox 2166 4375 2554 4429">
    <p class='ocr_par' dir='ltr' id='par_1_90' title="bbox 2166 4375 2554 4429">
     <span class='ocr_line' id='line_1_90' title="bbox 2166 4375 2554 4429; baseline 0 -1"><span class='ocrx_word' id='word_1_748' title='bbox 2166 4375 2421 4429; x_wconf 83' lang='grc' dir='ltr'>ἁπάντων</span> <span class='ocrx_word' id='word_1_749' title='bbox 2444 4390 2554 4429; x_wconf 90' lang='lat' dir='ltr'><strong>om.</strong></span> 
     </span>
    </p>
   </div>
   <div class='ocr_carea' id='block_1_91' title="bbox 2236 4441 3745 4517">
    <p class='ocr_par' dir='ltr' id='par_1_91' title="bbox 2236 4441 3745 4517">
     <span class='ocr_line' id='line_1_91' title="bbox 2236 4441 3745 4517; baseline -0.005 -18"><span class='ocrx_word' id='word_1_750' title='bbox 2236 4448 2347 4517; x_wconf 74' lang='lat'><strong>(68)</strong></span> <span class='ocrx_word' id='word_1_751' title='bbox 2370 4446 2529 4511; x_wconf 84' lang='grc' dir='ltr'>Αὕτη</span> <span class='ocrx_word' id='word_1_752' title='bbox 2561 4445 2669 4517; x_wconf 72' lang='grc' dir='ltr'>γὰρ</span> <span class='ocrx_word' id='word_1_753' title='bbox 2688 4443 2990 4517; x_wconf 68' lang='grc' dir='ltr'>δουλεύει.</span> <span class='ocrx_word' id='word_1_754' title='bbox 3038 4441 3164 4498; x_wconf 68' lang='lat' dir='ltr'><strong>llmc</strong></span> <span class='ocrx_word' id='word_1_755' title='bbox 3197 4450 3281 4517; x_wconf 80' lang='lat' dir='ltr'><strong>est</strong></span> <span class='ocrx_word' id='word_1_756' title='bbox 3313 4441 3489 4517; x_wconf 71' lang='lat' dir='ltr'><strong>altera</strong></span> <span class='ocrx_word' id='word_1_757' title='bbox 3519 4455 3745 4517; x_wconf 77' lang='lat' dir='ltr'><strong>accusa-</strong></span> 
     </span>
    </p>
   </div>
   <div class='ocr_carea' id='block_1_92' title="bbox 505 4510 3741 4584">
    <p class='ocr_par' dir='ltr' id='par_1_92' title="bbox 505 4510 3741 4584">
     <span class='ocr_line' id='line_1_92' title="bbox 505 4510 3741 4584; baseline -0.002 -15"><span class='ocrx_word' id='word_1_758' title='bbox 505 4514 665 4569; x_wconf 84' lang='lat' dir='ltr'><strong>Cerle</strong></span> <span class='ocrx_word' id='word_1_759' title='bbox 702 4510 1004 4579; x_wconf 84' lang='lat' dir='ltr'><strong>obscurius,</strong></span> <span class='ocrx_word' id='word_1_760' title='bbox 1056 4522 1110 4567; x_wconf 92' lang='lat' dir='ltr'><strong>et</strong></span> <span class='ocrx_word' id='word_1_761' title='bbox 1164 4512 1490 4575; x_wconf 83' lang='grc' dir='ltr'>ἀσυνδέτως,</span> <span class='ocrx_word' id='word_1_762' title='bbox 1542 4515 1656 4567; x_wconf 69' lang='grc' dir='ltr'><strong>Ιηεο</strong></span> <span class='ocrx_word' id='word_1_763' title='bbox 1710 4522 1983 4581; x_wconf 89' lang='lat' dir='ltr'><strong>ponuntur</strong></span> <span class='ocrx_word' id='word_1_764' title='bbox 2037 4527 2064 4584; x_wconf 70' lang='grc' dir='ltr'>τι</span> <span class='ocrx_word' id='word_1_765' title='bbox 2100 4522 2142 4575; x_wconf 88' lang='lat' dir='ltr'><strong>D</strong></span> <span class='ocrx_word' id='word_1_766' title='bbox 2173 4510 2262 4569; x_wconf 51' lang='lat' dir='ltr'><strong>tio&#39;.</strong></span> <span class='ocrx_word' id='word_1_767' title='bbox 2291 4510 2463 4570; x_wconf 81' lang='lat' dir='ltr'><strong>Locus</strong></span> <span class='ocrx_word' id='word_1_768' title='bbox 2493 4510 2578 4569; x_wconf 79' lang='lat' dir='ltr'><strong>est</strong></span> <span class='ocrx_word' id='word_1_769' title='bbox 2604 4510 2719 4569; x_wconf 83' lang='lat' dir='ltr'><strong>Gal.</strong></span> <span class='ocrx_word' id='word_1_770' title='bbox 2751 4515 2946 4584; x_wconf 48' lang='grc' dir='ltr'>ινθὲϐ,</span> <span class='ocrx_word' id='word_1_771' title='bbox 2985 4528 3143 4584; x_wconf 88' lang='lat' dir='ltr'><strong>quem</strong></span> <span class='ocrx_word' id='word_1_772' title='bbox 3185 4512 3370 4584; x_wconf 86' lang='lat' dir='ltr'><strong>alludit</strong></span> <span class='ocrx_word' id='word_1_773' title='bbox 3418 4513 3515 4565; x_wconf 89' lang='lat' dir='ltr'><strong>hoc</strong></span> <span class='ocrx_word' id='word_1_774' title='bbox 3551 4510 3741 4584; x_wconf 67' lang='lat' dir='ltr'><strong>modo:</strong></span> 
     </span>
    </p>
   </div>
   <div class='ocr_carea' id='block_1_93' title="bbox 508 4583 2060 4651">
    <p class='ocr_par' dir='ltr' id='par_1_93' title="bbox 508 4583 2060 4651">
     <span class='ocr_line' id='line_1_93' title="bbox 508 4583 2060 4651; baseline -0.001 -12"><span class='ocrx_word' id='word_1_775' title='bbox 508 4584 786 4648; x_wconf 80' lang='lat' dir='ltr'><strong>Marcello,</strong></span> <span class='ocrx_word' id='word_1_776' title='bbox 835 4592 893 4637; x_wconf 92' lang='lat' dir='ltr'><strong>ut</strong></span> <span class='ocrx_word' id='word_1_777' title='bbox 934 4583 1133 4637; x_wconf 84' lang='lat' dir='ltr'><strong>exinde</strong></span> <span class='ocrx_word' id='word_1_778' title='bbox 1179 4584 1461 4637; x_wconf 62' lang='lat' dir='ltr'><strong>calumnia:</strong></span> <span class='ocrx_word' id='word_1_779' title='bbox 1507 4584 1619 4636; x_wconf 92' lang='lat' dir='ltr'><strong>sint</strong></span> <span class='ocrx_word' id='word_1_780' title='bbox 1666 4584 1934 4651; x_wconf 77' lang='lat' dir='ltr'><strong>exposita,</strong></span> <span class='ocrx_word' id='word_1_781' title='bbox 1968 4583 2060 4638; x_wconf 90' lang='lat' dir='ltr'><strong>sed</strong></span> 
     </span>
    </p>
   </div>
   <div class='ocr_carea' id='block_1_94' title="bbox 508 4653 2063 4721">
    <p class='ocr_par' dir='ltr' id='par_1_94' title="bbox 508 4653 2063 4721">
     <span class='ocr_line' id='line_1_94' title="bbox 508 4653 2063 4721; baseline -0.001 -12"><span class='ocrx_word' id='word_1_782' title='bbox 508 4672 614 4709; x_wconf 93' lang='lat' dir='ltr'><strong>non</strong></span> <span class='ocrx_word' id='word_1_783' title='bbox 647 4655 877 4708; x_wconf 81' lang='lat' dir='ltr'><strong>infertur</strong></span> <span class='ocrx_word' id='word_1_784' title='bbox 929 4653 1260 4716; x_wconf 83' lang='lat' dir='ltr'><strong>necessario,</strong></span> <span class='ocrx_word' id='word_1_785' title='bbox 1306 4654 1447 4721; x_wconf 79' lang='lat' dir='ltr'><strong>quod</strong></span> <span class='ocrx_word' id='word_1_786' title='bbox 1501 4654 1899 4706; x_wconf 85' lang='lat' dir='ltr'><strong>accusationem</strong></span> <span class='ocrx_word' id='word_1_787' title='bbox 1933 4670 2063 4707; x_wconf 88' lang='lat' dir='ltr'><strong>con-</strong></span> 
     </span>
    </p>
   </div>
   <div class='ocr_carea' id='block_1_95' title="bbox 508 4722 2067 4792">
    <p class='ocr_par' dir='ltr' id='par_1_95' title="bbox 508 4722 2067 4792">
     <span class='ocr_line' id='line_1_95' title="bbox 508 4722 2067 4792; baseline -0.001 -13"><span class='ocrx_word' id='word_1_788' title='bbox 508 4726 685 4779; x_wconf 87' lang='lat' dir='ltr'><strong>stituit</strong></span> <span class='ocrx_word' id='word_1_789' title='bbox 715 4724 1095 4778; x_wconf 88' lang='lat' dir='ltr'><strong>Ensebianam.</strong></span> <span class='ocrx_word' id='word_1_790' title='bbox 1149 4724 1418 4789; x_wconf 87' lang='lat' dir='ltr'><strong>Secundo,</strong></span> <span class='ocrx_word' id='word_1_791' title='bbox 1450 4734 1511 4775; x_wconf 90' lang='lat' dir='ltr'><strong>ut</strong></span> <span class='ocrx_word' id='word_1_792' title='bbox 1537 4723 1626 4777; x_wconf 90' lang='lat' dir='ltr'><strong>ille</strong></span> <span class='ocrx_word' id='word_1_793' title='bbox 1650 4722 1827 4786; x_wconf 84' lang='lat' dir='ltr'><strong>Jesus,</strong></span> <span class='ocrx_word' id='word_1_794' title='bbox 1861 4722 1928 4777; x_wconf 91' lang='lat' dir='ltr'><strong>de</strong></span> <span class='ocrx_word' id='word_1_795' title='bbox 1960 4738 2067 4792; x_wconf 88' lang='lat' dir='ltr'><strong>quo</strong></span> 
     </span>
    </p>
   </div>
   <div class='ocr_carea' id='block_1_96' title="bbox 509 4793 2068 4863">
    <p class='ocr_par' dir='ltr' id='par_1_96' title="bbox 509 4793 2068 4863">
     <span class='ocr_line' id='line_1_96' title="bbox 509 4793 2068 4863; baseline -0.004 -13"><span class='ocrx_word' id='word_1_796' title='bbox 509 4795 774 4863; x_wconf 84' lang='lat' dir='ltr'><strong>meminit,</strong></span> <span class='ocrx_word' id='word_1_797' title='bbox 798 4804 917 4863; x_wconf 92' lang='lat' dir='ltr'><strong>post</strong></span> <span class='ocrx_word' id='word_1_798' title='bbox 948 4793 1181 4863; x_wconf 76' lang='lat' dir='ltr'><strong>Moysem</strong></span> <span class='ocrx_word' id='word_1_799' title='bbox 1204 4793 1385 4860; x_wconf 87' lang='lat' dir='ltr'><strong>luerit,</strong></span> <span class='ocrx_word' id='word_1_800' title='bbox 1406 4809 1485 4851; x_wconf 80' lang='lat' dir='ltr'><strong>ex.</strong></span> <span class='ocrx_word' id='word_1_801' title='bbox 1503 4794 1668 4847; x_wconf 89' lang='lat' dir='ltr'><strong>animi</strong></span> <span class='ocrx_word' id='word_1_802' title='bbox 1709 4795 1826 4860; x_wconf 86' lang='lat' dir='ltr'><strong>ejus</strong></span> <span class='ocrx_word' id='word_1_803' title='bbox 1848 4806 2068 4847; x_wconf 84' lang='lat' dir='ltr'><strong>senten—</strong></span> 
     </span>
    </p>
   </div>
   <div class='ocr_carea' id='block_1_97' title="bbox 513 4862 2069 4920">
    <p class='ocr_par' dir='ltr' id='par_1_97' title="bbox 513 4862 2069 4920">
     <span class='ocr_line' id='line_1_97' title="bbox 513 4862 2069 4920; baseline -0.003 -1"><span class='ocrx_word' id='word_1_804' title='bbox 513 4867 583 4920; x_wconf 79' lang='lat' dir='ltr'><strong>tia</strong></span> <span class='ocrx_word' id='word_1_805' title='bbox 625 4862 718 4917; x_wconf 83' lang='grc' dir='ltr'>τοῦ</span> <span class='ocrx_word' id='word_1_806' title='bbox 748 4862 991 4918; x_wconf 82' lang='lat' dir='ltr'><strong>Josedeci</strong></span> <span class='ocrx_word' id='word_1_807' title='bbox 1019 4862 1245 4916; x_wconf 56' lang='lat' dir='ltr'><strong>{tamen</strong></span> <span class='ocrx_word' id='word_1_808' title='bbox 1278 4878 1383 4917; x_wconf 89' lang='lat' dir='ltr'><strong>non</strong></span> <span class='ocrx_word' id='word_1_809' title='bbox 1439 4866 1620 4916; x_wconf 89' lang='lat' dir='ltr'><strong>statim</strong></span> <span class='ocrx_word' id='word_1_810' title='bbox 1665 4865 1935 4917; x_wconf 90' lang='lat' dir='ltr'><strong>evincitur</strong></span> <span class='ocrx_word' id='word_1_811' title='bbox 1980 4863 2069 4915; x_wconf 79' lang='lat' dir='ltr'><strong>ille</strong></span> 
     </span>
    </p>
   </div>
   <div class='ocr_carea' id='block_1_98' title="bbox 510 4932 2071 4998">
    <p class='ocr_par' dir='ltr' id='par_1_98' title="bbox 510 4932 2071 4998">
     <span class='ocr_line' id='line_1_98' title="bbox 510 4932 2071 4998; baseline -0.004 -9"><span class='ocrx_word' id='word_1_812' title='bbox 510 4951 685 4990; x_wconf 86' lang='lat' dir='ltr'><strong>error.</strong></span> <span class='ocrx_word' id='word_1_813' title='bbox 714 4933 845 4987; x_wconf 83' lang='lat' dir='ltr'><strong>Nam</strong></span> <span class='ocrx_word' id='word_1_814' title='bbox 884 4949 1068 4987; x_wconf 89' lang='lat' dir='ltr'><strong>verum</strong></span> <span class='ocrx_word' id='word_1_815' title='bbox 1095 4944 1198 4993; x_wconf 87' lang='lat' dir='ltr'><strong>est,</strong></span> <span class='ocrx_word' id='word_1_816' title='bbox 1230 4936 1370 4987; x_wconf 88' lang='lat' dir='ltr'><strong>lumc</strong></span> <span class='ocrx_word' id='word_1_817' title='bbox 1404 4932 1610 4998; x_wconf 85' lang='lat' dir='ltr'><strong>Jesum,</strong></span> <span class='ocrx_word' id='word_1_818' title='bbox 1648 4949 1750 4986; x_wconf 86' lang='lat' dir='ltr'><strong>una</strong></span> <span class='ocrx_word' id='word_1_819' title='bbox 1795 4949 1916 4987; x_wconf 89' lang='lat' dir='ltr'><strong>cum</strong></span> <span class='ocrx_word' id='word_1_820' title='bbox 1970 4932 2071 4983; x_wconf 87' lang='lat' dir='ltr'><strong>Zo-</strong></span> 
     </span>
    </p>
   </div>
   <div class='ocr_carea' id='block_1_99' title="bbox 511 5003 2070 5074">
    <p class='ocr_par' dir='ltr' id='par_1_99' title="bbox 511 5003 2070 5074">
     <span class='ocr_line' id='line_1_99' title="bbox 511 5003 2070 5074; baseline -0.004 -14"><span class='ocrx_word' id='word_1_821' title='bbox 511 5003 763 5060; x_wconf 90' lang='lat' dir='ltr'><strong>robabele</strong></span> <span class='ocrx_word' id='word_1_822' title='bbox 792 5004 1044 5074; x_wconf 71' lang='lat' dir='ltr'><strong>populum</strong></span> <span class='ocrx_word' id='word_1_823' title='bbox 1083 5004 1450 5074; x_wconf 67' lang='lat' dir='ltr'><strong>introduxisse</strong></span> <span class='ocrx_word' id='word_1_824' title='bbox 1486 5006 1535 5055; x_wconf 88' lang='lat' dir='ltr'><strong>iu</strong></span> <span class='ocrx_word' id='word_1_825' title='bbox 1584 5016 1779 5056; x_wconf 85' lang='lat' dir='ltr'><strong>terram</strong></span> <span class='ocrx_word' id='word_1_826' title='bbox 1834 5004 2070 5072; x_wconf 90' lang='lat' dir='ltr'><strong>promis-</strong></span> 
     </span>
    </p>
   </div>
   <div class='ocr_carea' id='block_1_100' title="bbox 510 5072 2073 5143">
    <p class='ocr_par' dir='ltr' id='par_1_100' title="bbox 510 5072 2073 5143">
     <span class='ocr_line' id='line_1_100' title="bbox 510 5072 2073 5143; baseline -0.003 -13"><span class='ocrx_word' id='word_1_827' title='bbox 510 5077 680 5131; x_wconf 83' lang='lat' dir='ltr'><strong>sionis</strong></span> <span class='ocrx_word' id='word_1_828' title='bbox 709 5092 723 5129; x_wconf 89' lang='lat'><strong>:</strong></span> <span class='ocrx_word' id='word_1_829' title='bbox 758 5072 953 5129; x_wconf 75' lang='lat' dir='ltr'><strong>nonde</strong></span> <span class='ocrx_word' id='word_1_830' title='bbox 982 5072 1214 5143; x_wconf 65' lang='lat' dir='ltr'><strong>[Egypto</strong></span> <span class='ocrx_word' id='word_1_831' title='bbox 1240 5073 1626 5135; x_wconf 83' lang='lat' dir='ltr'><strong>reducem,aut</strong></span> <span class='ocrx_word' id='word_1_832' title='bbox 1648 5075 1865 5128; x_wconf 89' lang='lat' dir='ltr'><strong>deserto</strong></span> <span class='ocrx_word' id='word_1_833' title='bbox 1893 5088 2073 5143; x_wconf 79' lang='lat' dir='ltr'><strong>egres-</strong></span> 
     </span>
    </p>
   </div>
   <div class='ocr_carea' id='block_1_101' title="bbox 517 5143 2074 5215">
    <p class='ocr_par' dir='ltr' id='par_1_101' title="bbox 517 5143 2074 5215">
     <span class='ocr_line' id='line_1_101' title="bbox 517 5143 2074 5215; baseline -0.003 -14"><span class='ocrx_word' id='word_1_834' title='bbox 517 5161 657 5211; x_wconf 86' lang='lat' dir='ltr'><strong>sum,</strong></span> <span class='ocrx_word' id='word_1_835' title='bbox 692 5147 785 5201; x_wconf 88' lang='lat' dir='ltr'><strong>sed</strong></span> <span class='ocrx_word' id='word_1_836' title='bbox 826 5143 1101 5215; x_wconf 82' lang='lat' dir='ltr'><strong>Babylone</strong></span> <span class='ocrx_word' id='word_1_837' title='bbox 1136 5158 1413 5215; x_wconf 61' lang='lat' dir='ltr'><strong>reversum</strong></span> <span class='ocrx_word' id='word_1_838' title='bbox 1459 5158 1501 5215; x_wconf 75' lang='lat' dir='ltr'><strong>e_</strong></span> <span class='ocrx_word' id='word_1_839' title='bbox 1520 5143 1855 5215; x_wconf 80' lang='lat' dir='ltr'><strong>captivitate.</strong></span> <span class='ocrx_word' id='word_1_840' title='bbox 1911 5145 2074 5211; x_wconf 82' lang='lat' dir='ltr'><strong>quue</strong></span> 
     </span>
    </p>
   </div>
   <div class='ocr_carea' id='block_1_102' title="bbox 515 5212 2077 5283">
    <p class='ocr_par' dir='ltr' id='par_1_102' title="bbox 515 5212 2077 5283">
     <span class='ocr_line' id='line_1_102' title="bbox 515 5212 2077 5283; baseline -0.003 -14"><span class='ocrx_word' id='word_1_841' title='bbox 515 5217 693 5270; x_wconf 82' lang='lat' dir='ltr'><strong>fassus</strong></span> <span class='ocrx_word' id='word_1_842' title='bbox 721 5228 804 5270; x_wconf 90' lang='lat' dir='ltr'><strong>est</strong></span> <span class='ocrx_word' id='word_1_843' title='bbox 831 5212 1079 5282; x_wconf 78' lang='lat' dir='ltr'><strong>ipsemet,</strong></span> <span class='ocrx_word' id='word_1_844' title='bbox 1109 5215 1137 5265; x_wconf 84' lang='grc' dir='ltr'>ὁ</span> <span class='ocrx_word' id='word_1_845' title='bbox 1163 5212 1256 5265; x_wconf 78' lang='grc' dir='ltr'>τοῦ</span> <span class='ocrx_word' id='word_1_846' title='bbox 1297 5212 1616 5283; x_wconf 77' lang='grc' dir='ltr'>Παμφίλους</span> <span class='ocrx_word' id='word_1_847' title='bbox 1655 5212 1731 5265; x_wconf 87' lang='lat' dir='ltr'><strong>ait</strong></span> <span class='ocrx_word' id='word_1_848' title='bbox 1752 5216 1894 5267; x_wconf 91' lang='lat' dir='ltr'><strong>enim</strong></span> <span class='ocrx_word' id='word_1_849' title='bbox 1932 5232 1943 5267; x_wconf 94' lang='lat'><strong>:</strong></span> <span class='ocrx_word' id='word_1_850' title='bbox 1979 5217 2077 5276; x_wconf 83' lang='grc' dir='ltr'><em>Ὃς</em></span> 
     </span>
    </p>
   </div>
   <div class='ocr_carea' id='block_1_103' title="bbox 516 5282 2077 5357">
    <p class='ocr_par' dir='ltr' id='par_1_103' title="bbox 516 5282 2077 5357">
     <span class='ocr_line' id='line_1_103' title="bbox 516 5282 2077 5357; baseline -0.003 -18"><span class='ocrx_word' id='word_1_851' title='bbox 516 5286 634 5355; x_wconf 77' lang='grc' dir='ltr'><strong>ἅμα</strong></span> <span class='ocrx_word' id='word_1_852' title='bbox 679 5284 981 5357; x_wconf 73' lang='grc' dir='ltr'>Ζοροϐάϐελ</span> <span class='ocrx_word' id='word_1_853' title='bbox 1010 5284 1117 5337; x_wconf 86' lang='grc' dir='ltr'><strong>τῶν</strong></span> <span class='ocrx_word' id='word_1_854' title='bbox 1158 5282 1267 5357; x_wconf 58' lang='grc' dir='ltr'>άπὸ</span> <span class='ocrx_word' id='word_1_855' title='bbox 1313 5282 1629 5357; x_wconf 77' lang='grc' dir='ltr'>Βαϐυλῶνος</span> <span class='ocrx_word' id='word_1_856' title='bbox 1678 5283 2077 5337; x_wconf 77' lang='grc' dir='ltr'>ἐπανελθόντων</span> 
     </span>
    </p>
   </div>
   <div class='ocr_carea' id='block_1_104' title="bbox 515 5354 2077 5427">
    <p class='ocr_par' dir='ltr' id='par_1_104' title="bbox 515 5354 2077 5427">
     <span class='ocr_line' id='line_1_104' title="bbox 515 5354 2077 5427; baseline -0.002 -19"><span class='ocrx_word' id='word_1_857' title='bbox 515 5354 959 5427; x_wconf 28' lang='grc' dir='ltr'><strong>ἡγήσατὸτ--Ηυιξ</strong></span> <span class='ocrx_word' id='word_1_858' title='bbox 998 5356 1113 5427; x_wconf 82' lang='grc' dir='ltr'>νιιΙι</span> <span class='ocrx_word' id='word_1_859' title='bbox 1161 5354 1468 5427; x_wconf 75' lang='lat' dir='ltr'><strong>Marcellus,</strong></span> <span class='ocrx_word' id='word_1_860' title='bbox 1500 5354 1703 5407; x_wconf 90' lang='lat' dir='ltr'><strong>nullum</strong></span> <span class='ocrx_word' id='word_1_861' title='bbox 1752 5369 1947 5409; x_wconf 90' lang='lat' dir='ltr'><strong>nomen</strong></span> <span class='ocrx_word' id='word_1_862' title='bbox 1978 5357 2077 5427; x_wconf 66' lang='lat' dir='ltr'><strong>ali-</strong></span> 
     </span>
    </p>
   </div>
   <div class='ocr_carea' id='block_1_105' title="bbox 518 5422 2078 5494">
    <p class='ocr_par' dir='ltr' id='par_1_105' title="bbox 518 5422 2078 5494">
     <span class='ocr_line' id='line_1_105' title="bbox 518 5422 2078 5494; baseline 0.001 -17"><span class='ocrx_word' id='word_1_863' title='bbox 518 5422 736 5494; x_wconf 77' lang='lat' dir='ltr'><strong>quando</strong></span> <span class='ocrx_word' id='word_1_864' title='bbox 770 5425 1030 5480; x_wconf 88' lang='lat' dir='ltr'><strong>illustrius</strong></span> <span class='ocrx_word' id='word_1_865' title='bbox 1064 5426 1115 5479; x_wconf 88' lang='lat' dir='ltr'><strong>in</strong></span> <span class='ocrx_word' id='word_1_866' title='bbox 1150 5426 1307 5479; x_wconf 89' lang='lat' dir='ltr'><strong>terris</strong></span> <span class='ocrx_word' id='word_1_867' title='bbox 1334 5424 1523 5487; x_wconf 84' lang='lat' dir='ltr'><strong>fuisse,</strong></span> <span class='ocrx_word' id='word_1_868' title='bbox 1555 5438 1714 5492; x_wconf 85' lang='lat' dir='ltr'><strong>quam</strong></span> <span class='ocrx_word' id='word_1_869' title='bbox 1748 5440 1940 5478; x_wconf 88' lang='lat' dir='ltr'><strong>nomen</strong></span> <span class='ocrx_word' id='word_1_870' title='bbox 1984 5422 2078 5478; x_wconf 86' lang='lat' dir='ltr'><strong>Je-</strong></span> 
     </span>
    </p>
   </div>
   <div class='ocr_carea' id='block_1_106' title="bbox 522 5495 2079 5564">
    <p class='ocr_par' dir='ltr' id='par_1_106' title="bbox 522 5495 2079 5564">
     <span class='ocr_line' id='line_1_106' title="bbox 522 5495 2079 5564; baseline -0.001 -16"><span class='ocrx_word' id='word_1_871' title='bbox 522 5508 616 5564; x_wconf 81' lang='lat' dir='ltr'><strong>sus</strong></span> <span class='ocrx_word' id='word_1_872' title='bbox 645 5503 784 5559; x_wconf 84' lang='lat' dir='ltr'><strong>erat,</strong></span> <span class='ocrx_word' id='word_1_873' title='bbox 815 5496 939 5563; x_wconf 84' lang='lat' dir='ltr'><strong>quia</strong></span> <span class='ocrx_word' id='word_1_874' title='bbox 971 5496 1117 5549; x_wconf 91' lang='lat' dir='ltr'><strong>solus</strong></span> <span class='ocrx_word' id='word_1_875' title='bbox 1148 5497 1214 5559; x_wconf 85' lang='lat' dir='ltr'><strong>is,</strong></span> <span class='ocrx_word' id='word_1_876' title='bbox 1243 5497 1331 5564; x_wconf 91' lang='lat' dir='ltr'><strong>qui</strong></span> <span class='ocrx_word' id='word_1_877' title='bbox 1360 5510 1425 5549; x_wconf 93' lang='lat' dir='ltr'><strong>eo</strong></span> <span class='ocrx_word' id='word_1_878' title='bbox 1457 5496 1675 5549; x_wconf 88' lang='lat' dir='ltr'><strong>nomine</strong></span> <span class='ocrx_word' id='word_1_879' title='bbox 1702 5495 2018 5556; x_wconf 89' lang='lat' dir='ltr'><strong>vocabatur,</strong></span> <span class='ocrx_word' id='word_1_880' title='bbox 2051 5495 2079 5546; x_wconf 85' lang='grc' dir='ltr'>ὁ</span> 
     </span>
    </p>
   </div>
   <div class='ocr_carea' id='block_1_107' title="bbox 516 5563 2081 5635">
    <p class='ocr_par' dir='ltr' id='par_1_107' title="bbox 516 5563 2081 5635">
     <span class='ocr_line' id='line_1_107' title="bbox 516 5563 2081 5635; baseline -0.001 -18"><span class='ocrx_word' id='word_1_881' title='bbox 516 5563 609 5617; x_wconf 83' lang='grc' dir='ltr'>τοῦ</span> <span class='ocrx_word' id='word_1_882' title='bbox 653 5564 917 5628; x_wconf 70' lang='grc' dir='ltr'>Ἰωσεδὲκ,</span> <span class='ocrx_word' id='word_1_883' title='bbox 948 5568 1198 5619; x_wconf 85' lang='lat' dir='ltr'><strong>sacerdos</strong></span> <span class='ocrx_word' id='word_1_884' title='bbox 1225 5563 1447 5635; x_wconf 83' lang='lat' dir='ltr'><strong>magnus</strong></span> <span class='ocrx_word' id='word_1_885' title='bbox 1474 5568 1802 5629; x_wconf 87' lang='lat' dir='ltr'><strong>nominatur,</strong></span> <span class='ocrx_word' id='word_1_886' title='bbox 1848 5565 2081 5633; x_wconf 82' lang='lat' dir='ltr'><strong>prophe-</strong></span> 
     </span>
    </p>
   </div>
   <div class='ocr_carea' id='block_1_108' title="bbox 522 5635 2081 5706">
    <p class='ocr_par' dir='ltr' id='par_1_108' title="bbox 522 5635 2081 5706">
     <span class='ocr_line' id='line_1_108' title="bbox 522 5635 2081 5706; baseline -0.001 -17"><span class='ocrx_word' id='word_1_887' title='bbox 522 5636 628 5689; x_wconf 86' lang='lat' dir='ltr'><strong>tice</strong></span> <span class='ocrx_word' id='word_1_888' title='bbox 661 5635 713 5688; x_wconf 92' lang='lat' dir='ltr'><strong>in</strong></span> <span class='ocrx_word' id='word_1_889' title='bbox 744 5649 810 5688; x_wconf 93' lang='lat' dir='ltr'><strong>eo</strong></span> <span class='ocrx_word' id='word_1_890' title='bbox 836 5635 1118 5703; x_wconf 86' lang='lat' dir='ltr'><strong>designato</strong></span> <span class='ocrx_word' id='word_1_891' title='bbox 1147 5636 1260 5699; x_wconf 90' lang='lat' dir='ltr'><strong>illo,</strong></span> <span class='ocrx_word' id='word_1_892' title='bbox 1292 5637 1383 5706; x_wconf 91' lang='lat' dir='ltr'><strong>qui</strong></span> <span class='ocrx_word' id='word_1_893' title='bbox 1416 5652 1537 5689; x_wconf 91' lang='lat' dir='ltr'><strong>cum</strong></span> <span class='ocrx_word' id='word_1_894' title='bbox 1572 5636 1822 5690; x_wconf 85' lang='lat' dir='ltr'><strong>indueret</strong></span> <span class='ocrx_word' id='word_1_895' title='bbox 1856 5649 2081 5706; x_wconf 82' lang='lat' dir='ltr'><strong>carnem</strong></span> 
     </span>
    </p>
   </div>
   <div class='ocr_carea' id='block_1_109' title="bbox 522 5705 2081 5776">
    <p class='ocr_par' dir='ltr' id='par_1_109' title="bbox 522 5705 2081 5776">
     <span class='ocr_line' id='line_1_109' title="bbox 522 5705 2081 5776; baseline 0 -19"><span class='ocrx_word' id='word_1_896' title='bbox 522 5714 787 5776; x_wconf 82' lang='lat' dir='ltr'><strong>nostram,</strong></span> <span class='ocrx_word' id='word_1_897' title='bbox 821 5719 1045 5776; x_wconf 85' lang='lat' dir='ltr'><strong>magnus</strong></span> <span class='ocrx_word' id='word_1_898' title='bbox 1072 5706 1285 5776; x_wconf 79' lang='lat' dir='ltr'><strong>iuturus</strong></span> <span class='ocrx_word' id='word_1_899' title='bbox 1315 5705 1472 5776; x_wconf 86' lang='lat' dir='ltr'><strong>apud</strong></span> <span class='ocrx_word' id='word_1_900' title='bbox 1509 5708 1697 5771; x_wconf 83' lang='lat' dir='ltr'><strong>Deum,</strong></span> <span class='ocrx_word' id='word_1_901' title='bbox 1744 5705 1937 5776; x_wconf 82' lang='lat' dir='ltr'><strong>angelo</strong></span> <span class='ocrx_word' id='word_1_902' title='bbox 1971 5705 2081 5759; x_wconf 80' lang='lat' dir='ltr'><strong>Ga-</strong></span> 
     </span>
    </p>
   </div>
   <div class='ocr_carea' id='block_1_110' title="bbox 2176 4578 3742 4654">
    <p class='ocr_par' dir='ltr' id='par_1_110' title="bbox 2176 4578 3742 4654">
     <span class='ocr_line' id='line_1_110' title="bbox 2176 4578 3742 4654; baseline -0.006 -16"><span class='ocrx_word' id='word_1_903' title='bbox 2176 4588 2429 4638; x_wconf 85' lang='lat' dir='ltr'><strong>Dominus</strong></span> <span class='ocrx_word' id='word_1_904' title='bbox 2461 4587 2686 4649; x_wconf 86' lang='lat' dir='ltr'><strong>increpet</strong></span> <span class='ocrx_word' id='word_1_905' title='bbox 2718 4597 2785 4646; x_wconf 84' lang='lat' dir='ltr'><strong>te,</strong></span> <span class='ocrx_word' id='word_1_906' title='bbox 2815 4578 3041 4645; x_wconf 75' lang='lat' dir='ltr'><strong>Satana.</strong></span> <span class='ocrx_word' id='word_1_907' title='bbox 3073 4583 3175 4654; x_wconf 67' lang='lat' dir='ltr'><strong>(ait</strong></span> <span class='ocrx_word' id='word_1_908' title='bbox 3218 4582 3442 4651; x_wconf 87' lang='lat' dir='ltr'><strong>angelus</strong></span> <span class='ocrx_word' id='word_1_909' title='bbox 3465 4578 3742 4654; x_wconf 42' lang='lat' dir='ltr'><strong>apudUZu-</strong></span> 
     </span>
    </p>
   </div>
   <div class='ocr_carea' id='block_1_111' title="bbox 2167 4649 3747 4722">
    <p class='ocr_par' dir='ltr' id='par_1_111' title="bbox 2167 4649 3747 4722">
     <span class='ocr_line' id='line_1_111' title="bbox 2167 4649 3747 4722; baseline -0.003 -15"><span class='ocrx_word' id='word_1_910' title='bbox 2167 4656 2431 4721; x_wconf 62' lang='lat' dir='ltr'><strong>Chlll&#39;iillll)</strong></span> <span class='ocrx_word' id='word_1_911' title='bbox 2460 4657 2550 4717; x_wconf 86' lang='lat' dir='ltr'><strong>qui</strong></span> <span class='ocrx_word' id='word_1_912' title='bbox 2582 4655 2731 4722; x_wconf 84' lang='lat' dir='ltr'><strong>elegit</strong></span> <span class='ocrx_word' id='word_1_913' title='bbox 2768 4649 3418 4722; x_wconf 52' lang='lat' dir='ltr'><strong>Jerusaleleaclifnt.</strong></span> <span class='ocrx_word' id='word_1_914' title='bbox 3454 4649 3536 4721; x_wconf 66' lang='grc'>2),</span> <span class='ocrx_word' id='word_1_915' title='bbox 3586 4649 3747 4721; x_wconf 82' lang='grc' dir='ltr'>δῆλον</span> 
     </span>
    </p>
   </div>
   <div class='ocr_carea' id='block_1_112' title="bbox 2167 4721 3745 4795">
    <p class='ocr_par' dir='ltr' id='par_1_112' title="bbox 2167 4721 3745 4795">
     <span class='ocr_line' id='line_1_112' title="bbox 2167 4721 3745 4795; baseline -0.005 -17"><span class='ocrx_word' id='word_1_916' title='bbox 2167 4727 2249 4778; x_wconf 81' lang='grc' dir='ltr'><strong>ὅτι</strong></span> <span class='ocrx_word' id='word_1_917' title='bbox 2299 4723 2503 4794; x_wconf 78' lang='grc' dir='ltr'>ταύτην</span> <span class='ocrx_word' id='word_1_918' title='bbox 2556 4721 2998 4795; x_wconf 65' lang='grc' dir='ltr'>τὴνήμετέραν,</span> <span class='ocrx_word' id='word_1_919' title='bbox 3024 4721 3196 4791; x_wconf 84' lang='lat' dir='ltr'><strong>inquit</strong></span> <span class='ocrx_word' id='word_1_920' title='bbox 3242 4721 3745 4795; x_wconf 33' lang='grc' dir='ltr'>ΜιιςεειΙιιεΑηψιιιιιι</span> 
     </span>
    </p>
   </div>
   <div class='ocr_carea' id='block_1_113' title="bbox 2170 4790 3744 4862">
    <p class='ocr_par' dir='ltr' id='par_1_113' title="bbox 2170 4790 3744 4862">
     <span class='ocr_line' id='line_1_113' title="bbox 2170 4790 3744 4862; baseline -0.006 -13"><span class='ocrx_word' id='word_1_921' title='bbox 2170 4790 2559 4849; x_wconf 71' lang='lat' dir='ltr'><strong>connuenuirat</strong></span> <span class='ocrx_word' id='word_1_922' title='bbox 2590 4790 2881 4862; x_wconf 68' lang='lat' dir='ltr'><strong>Apostolus</strong></span> <span class='ocrx_word' id='word_1_923' title='bbox 2935 4790 3134 4862; x_wconf 80' lang='lat' dir='ltr'><strong>(Galat.</strong></span> <span class='ocrx_word' id='word_1_924' title='bbox 3196 4810 3271 4853; x_wconf 81' lang='grc' dir='ltr'><strong>ιν,</strong></span> <span class='ocrx_word' id='word_1_925' title='bbox 3326 4793 3417 4854; x_wconf 75' lang='lat'><strong>25,</strong></span> <span class='ocrx_word' id='word_1_926' title='bbox 3471 4790 3610 4862; x_wconf 75' lang='lat'><strong>‘26.),</strong></span> <span class='ocrx_word' id='word_1_927' title='bbox 3651 4790 3744 4862; x_wconf 81' lang='lat' dir='ltr'><strong>ubi</strong></span> 
     </span>
    </p>
   </div>
   <div class='ocr_carea' id='block_1_114' title="bbox 2170 4861 3747 4933">
    <p class='ocr_par' dir='ltr' id='par_1_114' title="bbox 2170 4861 3747 4933">
     <span class='ocr_line' id='line_1_114' title="bbox 2170 4861 3747 4933; baseline -0.004 -15"><span class='ocrx_word' id='word_1_928' title='bbox 2170 4867 2270 4929; x_wconf 91' lang='lat' dir='ltr'><strong>ait,</strong></span> <span class='ocrx_word' id='word_1_929' title='bbox 2306 4866 2367 4919; x_wconf 86' lang='grc' dir='ltr'><em>Ἠ</em></span> <span class='ocrx_word' id='word_1_930' title='bbox 2392 4864 2459 4917; x_wconf 81' lang='grc' dir='ltr'><em>δὲ</em></span> <span class='ocrx_word' id='word_1_931' title='bbox 2496 4861 2751 4933; x_wconf 72' lang='grc' dir='ltr'>ἡμετέρα</span> <span class='ocrx_word' id='word_1_932' title='bbox 2785 4861 3173 4932; x_wconf 78' lang='grc' dir='ltr'>Ἰερουσαλὴμ</span> <span class='ocrx_word' id='word_1_933' title='bbox 3208 4863 3328 4915; x_wconf 81' lang='grc' dir='ltr'><strong>ἄνω</strong></span> <span class='ocrx_word' id='word_1_934' title='bbox 3356 4861 3548 4933; x_wconf 72' lang='grc' dir='ltr'>ἐστὶν,</span> <span class='ocrx_word' id='word_1_935' title='bbox 3594 4861 3747 4927; x_wconf 77' lang='grc' dir='ltr'>αὕτη</span> 
     </span>
    </p>
   </div>
   <div class='ocr_carea' id='block_1_115' title="bbox 2171 4932 3748 5005">
    <p class='ocr_par' dir='ltr' id='par_1_115' title="bbox 2171 4932 3748 5005">
     <span class='ocr_line' id='line_1_115' title="bbox 2171 4932 3748 5005; baseline -0.003 -18"><span class='ocrx_word' id='word_1_936' title='bbox 2171 4936 2281 5005; x_wconf 76' lang='grc' dir='ltr'>γὰρ</span> <span class='ocrx_word' id='word_1_937' title='bbox 2306 4932 2602 4989; x_wconf 82' lang='grc' dir='ltr'>δουλεύει.</span> <span class='ocrx_word' id='word_1_938' title='bbox 2639 4936 2761 4989; x_wconf 74' lang='grc' dir='ltr'><strong>ΙΙωο</strong></span> <span class='ocrx_word' id='word_1_939' title='bbox 2810 4940 2858 4988; x_wconf 87' lang='lat' dir='ltr'><strong>in</strong></span> <span class='ocrx_word' id='word_1_940' title='bbox 2910 4939 3171 4988; x_wconf 81' lang='lat' dir='ltr'><strong>servitute</strong></span> <span class='ocrx_word' id='word_1_941' title='bbox 3199 4944 3302 5005; x_wconf 83' lang='lat' dir='ltr'><strong>est.</strong></span> <span class='ocrx_word' id='word_1_942' title='bbox 3339 4932 3520 5005; x_wconf 56' lang='grc' dir='ltr'>Ηωοέ</span> <span class='ocrx_word' id='word_1_943' title='bbox 3553 4946 3748 5005; x_wconf 77' lang='lat' dir='ltr'><strong>nempe</strong></span> 
     </span>
    </p>
   </div>
   <div class='ocr_carea' id='block_1_116' title="bbox 2175 5000 3748 5075">
    <p class='ocr_par' dir='ltr' id='par_1_116' title="bbox 2175 5000 3748 5075">
     <span class='ocr_line' id='line_1_116' title="bbox 2175 5000 3748 5075; baseline -0.003 -17"><span class='ocrx_word' id='word_1_944' title='bbox 2175 5000 2482 5067; x_wconf 53' lang='lat' dir='ltr'><strong>ieirestris;</strong></span> <span class='ocrx_word' id='word_1_945' title='bbox 2513 5007 2600 5058; x_wconf 83' lang='lat' dir='ltr'><strong>illa</strong></span> <span class='ocrx_word' id='word_1_946' title='bbox 2645 5007 2698 5058; x_wconf 86' lang='lat' dir='ltr'><strong>in</strong></span> <span class='ocrx_word' id='word_1_947' title='bbox 2744 5004 3029 5060; x_wconf 60' lang='lat' dir='ltr'><strong>Pulmstina</strong></span> <span class='ocrx_word' id='word_1_948' title='bbox 3056 5022 3071 5072; x_wconf 82' lang='lat'><strong>;</strong></span> <span class='ocrx_word' id='word_1_949' title='bbox 3105 5004 3448 5075; x_wconf 85' lang='lat' dir='ltr'><strong>apertissime</strong></span> <span class='ocrx_word' id='word_1_950' title='bbox 3480 5000 3748 5055; x_wconf 85' lang='lat' dir='ltr'><strong>Eusebius</strong></span> 
     </span>
    </p>
   </div>
   <div class='ocr_carea' id='block_1_117' title="bbox 2173 5075 2559 5132">
    <p class='ocr_par' dir='ltr' id='par_1_117' title="bbox 2173 5075 2559 5132">
     <span class='ocr_line' id='line_1_117' title="bbox 2173 5075 2559 5132; baseline -0.016 0"><span class='ocrx_word' id='word_1_951' title='bbox 2173 5078 2472 5132; x_wconf 79' lang='lat' dir='ltr'><strong>Cavillatur.</strong></span> <span class='ocrx_word' id='word_1_952' title='bbox 2514 5075 2559 5127; x_wconf 82' lang='grc' dir='ltr'><strong>Μ</strong></span> 
     </span>
    </p>
   </div>
   <div class='ocr_carea' id='block_1_118' title="bbox 2248 5138 3749 5215">
    <p class='ocr_par' dir='ltr' id='par_1_118' title="bbox 2248 5138 3749 5215">
     <span class='ocr_line' id='line_1_118' title="bbox 2248 5138 3749 5215; baseline -0.006 -15"><span class='ocrx_word' id='word_1_953' title='bbox 2248 5148 2360 5215; x_wconf 80' lang='grc'><strong>(69)</strong></span> <span class='ocrx_word' id='word_1_954' title='bbox 2392 5146 2609 5215; x_wconf 71' lang='grc' dir='ltr'>Ὕπαγε</span> <span class='ocrx_word' id='word_1_955' title='bbox 2630 5146 2821 5198; x_wconf 80' lang='grc' dir='ltr'>ὀπίσω</span> <span class='ocrx_word' id='word_1_956' title='bbox 2837 5162 2978 5214; x_wconf 83' lang='grc' dir='ltr'>μου,</span> <span class='ocrx_word' id='word_1_957' title='bbox 3014 5141 3267 5202; x_wconf 79' lang='grc' dir='ltr'>Σατανᾶ.</span> <span class='ocrx_word' id='word_1_958' title='bbox 3295 5141 3500 5215; x_wconf 61' lang='lat' dir='ltr'><strong>Dictum</strong></span> <span class='ocrx_word' id='word_1_959' title='bbox 3539 5138 3749 5215; x_wconf 69' lang='lat' dir='ltr'><strong>Domini</strong></span> 
     </span>
    </p>
   </div>
   <div class='ocr_carea' id='block_1_119' title="bbox 2178 5208 3733 5284">
    <p class='ocr_par' dir='ltr' id='par_1_119' title="bbox 2178 5208 3733 5284">
     <span class='ocr_line' id='line_1_119' title="bbox 2178 5208 3733 5284; baseline -0.005 -14"><span class='ocrx_word' id='word_1_960' title='bbox 2178 5208 2485 5271; x_wconf 44' lang='lat' dir='ltr'><strong>Servu&#39;IOris</strong></span> <span class='ocrx_word' id='word_1_961' title='bbox 2513 5208 2733 5270; x_wconf 69' lang='lat' dir='ltr'><strong>Petrum</strong></span> <span class='ocrx_word' id='word_1_962' title='bbox 2781 5208 3080 5283; x_wconf 67' lang='lat' dir='ltr'><strong>apostolum</strong></span> <span class='ocrx_word' id='word_1_963' title='bbox 3108 5208 3578 5284; x_wconf 77' lang='grc' dir='ltr'>προσφωνοῦντος.</span> <span class='ocrx_word' id='word_1_964' title='bbox 3612 5209 3733 5262; x_wconf 82' lang='lat' dir='ltr'><strong>Mar-</strong></span> 
     </span>
    </p>
   </div>
   <div class='ocr_carea' id='block_1_120' title="bbox 2178 5279 3743 5355">
    <p class='ocr_par' dir='ltr' id='par_1_120' title="bbox 2178 5279 3743 5355">
     <span class='ocr_line' id='line_1_120' title="bbox 2178 5279 3743 5355; baseline -0.007 -14"><span class='ocrx_word' id='word_1_965' title='bbox 2178 5289 2344 5341; x_wconf 75' lang='lat' dir='ltr'><strong>cellus</strong></span> <span class='ocrx_word' id='word_1_966' title='bbox 2395 5288 2467 5340; x_wconf 84' lang='lat' dir='ltr'><strong>ita</strong></span> <span class='ocrx_word' id='word_1_967' title='bbox 2523 5279 2935 5355; x_wconf 70' lang='lat' dir='ltr'><strong>interpretatur,</strong></span> <span class='ocrx_word' id='word_1_968' title='bbox 2969 5296 3025 5338; x_wconf 93' lang='lat' dir='ltr'><strong>ut</strong></span> <span class='ocrx_word' id='word_1_969' title='bbox 3067 5279 3192 5347; x_wconf 61' lang='lat' dir='ltr'><strong>vos,</strong></span> <span class='ocrx_word' id='word_1_970' title='bbox 3250 5279 3500 5355; x_wconf 76' lang='lat' dir='ltr'><strong>Sataua,_</strong></span> <span class='ocrx_word' id='word_1_971' title='bbox 3523 5295 3629 5333; x_wconf 90' lang='lat' dir='ltr'><strong>non</strong></span> <span class='ocrx_word' id='word_1_972' title='bbox 3681 5279 3743 5330; x_wconf 88' lang='lat' dir='ltr'><strong>ad</strong></span> 
     </span>
    </p>
   </div>
   <div class='ocr_carea' id='block_1_121' title="bbox 2178 5351 3743 5426">
    <p class='ocr_par' dir='ltr' id='par_1_121' title="bbox 2178 5351 3743 5426">
     <span class='ocr_line' id='line_1_121' title="bbox 2178 5351 3743 5426; baseline -0.01 -14"><span class='ocrx_word' id='word_1_973' title='bbox 2178 5358 2419 5421; x_wconf 84' lang='lat' dir='ltr'><strong>Petrum,</strong></span> <span class='ocrx_word' id='word_1_974' title='bbox 2443 5351 2706 5420; x_wconf 79' lang='lat' dir='ltr'><strong>ultimate,</strong></span> <span class='ocrx_word' id='word_1_975' title='bbox 2738 5366 2829 5409; x_wconf 89' lang='lat' dir='ltr'><strong>aut</strong></span> <span class='ocrx_word' id='word_1_976' title='bbox 2854 5356 3226 5425; x_wconf 73' lang='lat' dir='ltr'><strong>personaliter,</strong></span> <span class='ocrx_word' id='word_1_977' title='bbox 3248 5353 3340 5406; x_wconf 85' lang='lat' dir='ltr'><strong>sed</strong></span> <span class='ocrx_word' id='word_1_978' title='bbox 3371 5352 3437 5426; x_wconf 82' lang='lat' dir='ltr'><strong>ad</strong></span> <span class='ocrx_word' id='word_1_979' title='bbox 3469 5351 3743 5426; x_wconf 69' lang='lat' dir='ltr'><strong>Satanam,</strong></span> 
     </span>
    </p>
   </div>
   <div class='ocr_carea' id='block_1_122' title="bbox 2179 5417 3742 5495">
    <p class='ocr_par' dir='ltr' id='par_1_122' title="bbox 2179 5417 3742 5495">
     <span class='ocr_line' id='line_1_122' title="bbox 2179 5417 3742 5495; baseline -0.008 -15"><span class='ocrx_word' id='word_1_980' title='bbox 2179 5430 2270 5495; x_wconf 92' lang='lat' dir='ltr'><strong>qui</strong></span> <span class='ocrx_word' id='word_1_981' title='bbox 2309 5428 2357 5480; x_wconf 88' lang='lat' dir='ltr'><strong>ei</strong></span> <span class='ocrx_word' id='word_1_982' title='bbox 2406 5417 2700 5481; x_wconf 76' lang='lat' dir='ltr'><strong>consiliqu</strong></span> <span class='ocrx_word' id='word_1_983' title='bbox 2748 5417 2879 5479; x_wconf 77' lang='lat' dir='ltr'><strong>illud</strong></span> <span class='ocrx_word' id='word_1_984' title='bbox 2926 5432 3291 5493; x_wconf 79' lang='lat' dir='ltr'><strong>suggesserat,</strong></span> <span class='ocrx_word' id='word_1_985' title='bbox 3321 5423 3608 5495; x_wconf 74' lang='lat' dir='ltr'><strong>referatur.</strong></span> <span class='ocrx_word' id='word_1_986' title='bbox 3642 5417 3742 5482; x_wconf 82' lang='lat' dir='ltr'><strong>Qui</strong></span> 
     </span>
    </p>
   </div>
   <div class='ocr_carea' id='block_1_123' title="bbox 2182 5491 3743 5562">
    <p class='ocr_par' dir='ltr' id='par_1_123' title="bbox 2182 5491 3743 5562">
     <span class='ocr_line' id='line_1_123' title="bbox 2182 5491 3743 5562; baseline -0.01 -10"><span class='ocrx_word' id='word_1_987' title='bbox 2182 5491 2228 5552; x_wconf 78' lang='lat' dir='ltr'><strong>si</strong></span> <span class='ocrx_word' id='word_1_988' title='bbox 2260 5498 2485 5562; x_wconf 88' lang='lat' dir='ltr'><strong>erravit,</strong></span> <span class='ocrx_word' id='word_1_989' title='bbox 2516 5508 2665 5551; x_wconf 88' lang='lat' dir='ltr'><strong>certe</strong></span> <span class='ocrx_word' id='word_1_990' title='bbox 2690 5513 2797 5550; x_wconf 93' lang='lat' dir='ltr'><strong>non</strong></span> <span class='ocrx_word' id='word_1_991' title='bbox 2838 5491 3136 5561; x_wconf 39' lang='lat' dir='ltr'><strong>solusfsed</strong></span> <span class='ocrx_word' id='word_1_992' title='bbox 3166 5508 3287 5546; x_wconf 90' lang='lat' dir='ltr'><strong>cnm</strong></span> <span class='ocrx_word' id='word_1_993' title='bbox 3321 5491 3504 5545; x_wconf 88' lang='lat' dir='ltr'><strong>multis</strong></span> <span class='ocrx_word' id='word_1_994' title='bbox 3543 5497 3595 5562; x_wconf 82' lang='lat' dir='ltr'><strong>et</strong></span> <span class='ocrx_word' id='word_1_995' title='bbox 3630 5503 3743 5562; x_wconf 21' lang='lat' dir='ltr'><strong>tua:</strong></span> 
     </span>
    </p>
   </div>
   <div class='ocr_carea' id='block_1_124' title="bbox 2183 5558 3745 5639">
    <p class='ocr_par' dir='ltr' id='par_1_124' title="bbox 2183 5558 3745 5639">
     <span class='ocr_line' id='line_1_124' title="bbox 2183 5558 3745 5639; baseline -0.009 -18"><span class='ocrx_word' id='word_1_996' title='bbox 2183 5570 2301 5639; x_wconf 85' lang='lat' dir='ltr'><strong>guis</strong></span> <span class='ocrx_word' id='word_1_997' title='bbox 2331 5558 2647 5621; x_wconf 84' lang='lat' dir='ltr'><strong>doctoribus</strong></span> <span class='ocrx_word' id='word_1_998' title='bbox 2677 5568 2764 5622; x_wconf 90' lang='lat' dir='ltr'><strong>hic</strong></span> <span class='ocrx_word' id='word_1_999' title='bbox 2790 5558 3011 5639; x_wconf 69' lang='lat' dir='ltr'><strong>erravit.</strong></span> <span class='ocrx_word' id='word_1_1000' title='bbox 3038 5563 3258 5639; x_wconf 78' lang='lat' dir='ltr'><strong>Antiqui</strong></span> <span class='ocrx_word' id='word_1_1001' title='bbox 3282 5564 3427 5616; x_wconf 91' lang='lat' dir='ltr'><strong>enim</strong></span> <span class='ocrx_word' id='word_1_1002' title='bbox 3460 5558 3745 5639; x_wconf 79' lang='lat' dir='ltr'><strong>ortbodos&#39;</strong></span> 
     </span>
    </p>
   </div>
   <div class='ocr_carea' id='block_1_125' title="bbox 2187 5635 3726 5695">
    <p class='ocr_par' dir='ltr' id='par_1_125' title="bbox 2187 5635 3726 5695">
     <span class='ocr_line' id='line_1_125' title="bbox 2187 5635 3726 5695; baseline -0.01 -3"><span class='ocrx_word' id='word_1_1003' title='bbox 2187 5635 2338 5692; x_wconf 73' lang='lat' dir='ltr'><strong>illiilli</strong></span> <span class='ocrx_word' id='word_1_1004' title='bbox 2367 5641 2419 5691; x_wconf 89' lang='lat' dir='ltr'><strong>in</strong></span> <span class='ocrx_word' id='word_1_1005' title='bbox 2445 5638 2635 5691; x_wconf 86' lang='lat' dir='ltr'><strong>eodem</strong></span> <span class='ocrx_word' id='word_1_1006' title='bbox 2674 5652 2794 5691; x_wconf 90' lang='lat' dir='ltr'><strong>cum</strong></span> <span class='ocrx_word' id='word_1_1007' title='bbox 2827 5636 2919 5689; x_wconf 88' lang='lat' dir='ltr'><strong>illo</strong></span> <span class='ocrx_word' id='word_1_1008' title='bbox 2951 5649 3162 5695; x_wconf 87' lang='lat' dir='ltr'><strong>errore,</strong></span> <span class='ocrx_word' id='word_1_1009' title='bbox 3191 5635 3233 5686; x_wconf 82' lang='lat' dir='ltr'><strong>si</strong></span> <span class='ocrx_word' id='word_1_1010' title='bbox 3277 5646 3431 5685; x_wconf 87' lang='lat' dir='ltr'><strong>error</strong></span> <span class='ocrx_word' id='word_1_1011' title='bbox 3456 5636 3592 5692; x_wconf 90' lang='lat' dir='ltr'><strong>erat,</strong></span> <span class='ocrx_word' id='word_1_1012' title='bbox 3626 5639 3726 5679; x_wconf 81' lang='lat' dir='ltr'><strong>ver</strong></span> 
     </span>
    </p>
   </div>
   <div class='ocr_carea' id='block_1_126' title="bbox 2187 5697 3749 5773">
    <p class='ocr_par' dir='ltr' id='par_1_126' title="bbox 2187 5697 3749 5773">
     <span class='ocr_line' id='line_1_126' title="bbox 2187 5697 3749 5773; baseline -0.008 -12"><span class='ocrx_word' id='word_1_1013' title='bbox 2187 5713 2467 5763; x_wconf 78' lang='lat' dir='ltr'><strong>sabantnr.</strong></span> <span class='ocrx_word' id='word_1_1014' title='bbox 2510 5705 2743 5760; x_wconf 85' lang='lat' dir='ltr'><strong>llilarius</strong></span> <span class='ocrx_word' id='word_1_1015' title='bbox 2773 5705 3054 5773; x_wconf 78' lang='lat' dir='ltr'><strong>distinguit</strong></span> <span class='ocrx_word' id='word_1_1016' title='bbox 3080 5704 3181 5757; x_wconf 86' lang='lat' dir='ltr'><strong>hoc</strong></span> <span class='ocrx_word' id='word_1_1017' title='bbox 3212 5703 3372 5757; x_wconf 84' lang='lat' dir='ltr'><strong>modo</strong></span> <span class='ocrx_word' id='word_1_1018' title='bbox 3403 5717 3417 5753; x_wconf 89' lang='lat'><strong>:</strong></span> <span class='ocrx_word' id='word_1_1019' title='bbox 3465 5697 3611 5773; x_wconf 78' lang='lat' dir='ltr'><strong>l’ad_e_</strong></span> <span class='ocrx_word' id='word_1_1020' title='bbox 3642 5709 3749 5764; x_wconf 77' lang='lat' dir='ltr'><strong>post</strong></span> 
     </span>
    </p>
   </div>
   <div class='ocr_carea' id='block_1_127' title="bbox 518 5767 3740 5847">
    <p class='ocr_par' dir='ltr' id='par_1_127' title="bbox 518 5767 3740 5847">
     <span class='ocr_line' id='line_1_127' title="bbox 518 5767 3740 5847; baseline -0.002 -14"><span class='ocrx_word' id='word_1_1021' title='bbox 518 5774 684 5833; x_wconf 75' lang='lat' dir='ltr'><strong>briele</strong></span> <span class='ocrx_word' id='word_1_1022' title='bbox 716 5767 1065 5833; x_wconf 69' lang='lat' dir='ltr'><strong>internuntio.</strong></span> <span class='ocrx_word' id='word_1_1023' title='bbox 1091 5767 1422 5847; x_wconf 75' lang='lat' dir='ltr'><strong>designatur.</strong></span> <span class='ocrx_word' id='word_1_1024' title='bbox 1446 5775 1562 5843; x_wconf 82' lang='lat' dir='ltr'><strong>Quo</strong></span> <span class='ocrx_word' id='word_1_1025' title='bbox 1603 5767 1755 5833; x_wconf 87' lang='lat' dir='ltr'><strong>titulo</strong></span> <span class='ocrx_word' id='word_1_1026' title='bbox 1790 5767 1855 5833; x_wconf 68' lang='lat' dir='ltr'><strong>ne</strong></span> <span class='ocrx_word' id='word_1_1027' title='bbox 1876 5775 2085 5843; x_wconf 74' lang='lat' dir='ltr'><strong>Moyses</strong></span> <span class='ocrx_word' id='word_1_1028' title='bbox 2190 5796 2287 5845; x_wconf 89' lang='lat' dir='ltr'><strong>me,</strong></span> <span class='ocrx_word' id='word_1_1029' title='bbox 2333 5780 2497 5835; x_wconf 81' lang='lat' dir='ltr'><strong>Satan</strong></span> <span class='ocrx_word' id='word_1_1030' title='bbox 2518 5794 2537 5845; x_wconf 81' lang='lat'><strong>,&#39;</strong></span> <span class='ocrx_word' id='word_1_1031' title='bbox 2592 5776 2717 5831; x_wconf 82' lang='lat' dir='ltr'><strong>nti/ti</strong></span> <span class='ocrx_word' id='word_1_1032' title='bbox 2747 5767 2998 5832; x_wconf 76' lang='lat' dir='ltr'><strong>scandala</strong></span> <span class='ocrx_word' id='word_1_1033' title='bbox 3029 5791 3080 5831; x_wconf 92' lang='lat' dir='ltr'><strong>es</strong></span> <span class='ocrx_word' id='word_1_1034' title='bbox 3114 5773 3326 5841; x_wconf 74' lang='lat' dir='ltr'><strong>(.llattlt.</strong></span> <span class='ocrx_word' id='word_1_1035' title='bbox 3377 5787 3489 5839; x_wconf 74' lang='grc' dir='ltr'>ιινι,</span> <span class='ocrx_word' id='word_1_1036' title='bbox 3531 5767 3643 5839; x_wconf 75' lang='lat'><strong>‘25),</strong></span> <span class='ocrx_word' id='word_1_1037' title='bbox 3678 5778 3740 5822; x_wconf 80' lang='lat' dir='ltr'><strong>ut</strong></span> 
     </span>
    </p>
   </div>
  </div>
