4098 6200
522 323 625 375 ’155

1197 320 1466 377 EUSEBII
1509 321 1982 376 CAESARIENSlS
2022 321 2172 376 OPP.
2215 320 2394 374 PARS
2430 320 2518 375 Ν.
2559 352 2627 364 -
2666 321 3107 378 ΒΟΟΜΑΤΙΕΑ.’

3663 315 3772 370 756

523 437 630 489 ruit
676 435 968 502 miraculis,
1002 445 1118 490 erat
1167 437 1307 492 lilius
1355 437 1520 501 Nave,
1549 440 1615 493 de
1642 439 1782 492 tribu
1814 439 2088 508 Ephraim,

2214 437 2331 509 τρὸς
2367 439 2713 493 διδασκαλίαν
2746 442 2846 510 τῆς
2884 439 3142 494 ἀνωτάτω
3191 435 3502 512 θεολογίαςς
3538 433 3646 486 Καὶ
3683 419 3775 485 ἐπἱ

525 541 643 594 qua:
678 527 850 581 tribus
880 543 1000 582 cum
1057 529 1359 582 sacerdotio
1397 530 1529 582 nihil
1572 530 1758 584 habuit
1790 544 2093 584 commune.

525 616 814 681 Quocirca,
853 617 943 683 qui
999 615 1048 669 in
1102 631 1234 671 voce
1269 627 1375 670 tam
1406 617 1576 672 cuivis
1609 619 1766 672 obvia
1802 620 2094 682 aberravit,

525 717 580 760 et
608 707 802 765 nudam
835 707 1104 775 ignoravit
1142 708 1396 763 Historiae
1440 710 1660 775 seriem,
1710 728 1813 765 non
1856 713 2097 780 p0testei

528 805 642 850 tuto
686 799 819 852 satis
858 797 989 852 lich
1025 798 1271 853 adhiberi
1313 799 1364 852 in
1392 801 1550 855 rebus
1579 801 1918 870 theologicis,
1947 801 2102 856 etdi-

525 887 703 941 vinam
729 889 1157 958 pertingentibus
1181 892 1566 958 cognitionem.
1612 891 1879 948 Debemus
1920 902 2098 946 autem

526 989 581 1034 et
610 979 659 1033 iit
694 979 855 1034 Petru
898 982 1148 1036 insistere
1173 1023 1187 1046 ,
1224 984 1677 1051 quemadmodum
1727 986 1791 1039 ad
1828 985 1974 1038 illum
2019 985 2101 1039 di-

528 1080 674 1124 ctum
699 1071 792 1136 sit,
826 1071 970 1126 Vade
989 1084 1100 1138 post
1127 1091 1236 1139 me,
1269 1089 1496 1142 quaeque
1524 1077 1760 1130 nominis
1790 1076 1955 1141 illius,
1993 1077 2100 1131 Sa-

531 1171 691 1227 tame,
737 1164 809 1218 sit
841 1165 1237 1234 interpretatio.
1283 1166 1510 1233 Propter
1558 1167 1687 1236 quid
1725 1169 1889 1222 etiam
1922 1169 1987 1222 de
2014 1167 2103 1223 illo

531 1255 730 1308 dictum
757 1255 846 1320 sit,
876 1255 1123 1308 scandala
1155 1255 1286 1309 mihi
1322 1273 1374 1310 es
1403 1265 1452 1309 et
1480 1257 1774 1326 o/fensiom’.
1799 1258 1864 1312 Et
1888 1268 2104 1328 propter

533 1360 696 1414 quam
741 1347 949 1400 tandem
984 1347 1246 1402 rationem
1295 1347 1405 1412 fiat,
1443 1357 1500 1400 ut
1537 1347 1638 1401 sub
1666 1364 1770 1403 uno
1807 1357 1860 1403 et
1916 1346 2102 1402 eodem

534 1443 774 1504 tempore
803 1438 891 1490 uni
937 1447 990 1490 et
1017 1437 1190 1490 eidem
1229 1436 1462 1499 dicatur,
1485 1435 1676 1491 Beatus
1710 1453 1762 1490 es
1805 1448 1884 1501 tu,
1920 1435 2104 1492 Simon

533 1524 805 1595 Barjona;
835 1537 910 1593 et,
940 1527 1076 1582 Vade
1107 1539 1222 1599 post
1255 1545 1357 1593 me,
1379 1528 1578 1584 Sataua
1601 1529 1666 1582 ".
1689 1529 1824 1596 Quid
1839 1530 2107 1600 signiﬁcet

535 1617 686 1680 illud,
725 1617 868 1673 Vade
902 1629 1013 1689 post
1045 1637 1148 1687 me,
1195 1630 1252 1675 et
1284 1622 1426 1690 quod
1472 1621 1653 1675 statim
1697 1623 1972 1693 subjunxit
1997 1633 2050 1677 et
2075 1638 2105 1677 e

536 1712 764 1782 vestigio
797 1712 1074 1780 Servator,
1113 1713 1175 1767 Si
1208 1715 1323 1783 quis
1375 1713 1490 1766 velit
1523 1727 1634 1782 post
1669 1730 1747 1768 me
1787 1715 1980 1778 venire,
2010 1715 2104 1768 ab—

2197 530 2289 582 τοῦ
2332 529 2538 600 Πέτρου
2587 531 2643 583 δὲ
2675 531 2933 595 ὡσαύτως
2991 528 3281 599 ἐπιστῆσαι
3335 527 3454 581 δέον
3496 526 3578 588 τὸ,
3629 525 3780 586 ὅπως

2198 622 2388 692 ἐλέχθη
2422 621 2557 692 πρὸς
2589 623 2748 676 αὑτὸν
2778 623 2860 684 τὸ,
2899 625 3130 690 ’Ὕπαγε
3163 621 3356 674 ὀπίσω
3379 633 3527 687 μου’
3564 616 3657 669 καὶ
3691 614 3776 677 τίς

2199 714 2232 782 ἠ
2273 712 2363 765 τοῦ
2414 711 2646 767 Σατανᾶ
2693 713 2954 784 ὀνόματος
3000 711 3293 782 ἐρμηνεία·
3324 710 3411 762 διὰ
3453 709 3506 761 τί
3548 707 3633 769 δὲ,
3681 711 3776 758 καὶ

2202 805 2493 858 σκάνδαλον
2527 806 2688 859 αὐτὸν
2723 802 2903 858 εἶπενο
2941 805 3058 868 πῶς
3101 804 3158 856 δὲ
3199 802 3380 872 σχεδὸν
3433 800 3523 869 ὑφ’
3557 800 3652 852 Eva
3683 797 3777 850 καὶ

2200 895 2290 948 τὸν
2339 897 2500 950 αὑτὸν
2560 898 2749 968 καιρὸν
2799 897 2894 950 καὶ
2949 896 3044 960 τὸ,
3104 894 3402 961 Μακάριος
3451 893 3525 955 εἴ,
3582 891 3778 959 Σίμων

2200 989 2488 1056 Βαριωνᾶ,
2533 991 2668 1061 πρὸς
2737 990 2897 1042 αὑτὸν
2961 989 3176 1058 ἐλέγετο
3244 987 3336 1040 καὶ
3397 985 3485 1038 τό·
3548 985 3777 1051 Ὕπαγε

2202 1079 2392 1132 ὀπίσω
2417 1097 2558 1148 μου,
2586 1079 2842 1145 Σατανᾶ,
2879 1080 2972 1133 καὶ
3007 1080 3089 1143 τίς
3135 1081 3167 1149 ὴ
3208 1078 3411 1131 διάνοια
3453 1075 3556 1128 τοῦ
3587 1075 3778 1127 ὀπίσω

2204 1169 2555 1235 πορεύεσθαι
2589 1170 2724 1240 (75),
2769 1169 2862 1224 τοῦ
2903 1171 3151 1240 Σωτῆρος
3182 1170 3248 1239 ἢν
3279 1167 3429 1239 παρὰ
3472 1166 3636 1228 πόδας
3681 1166 3779 1218 αὐ-

2201 1259 2293 1322 τδς
2321 1260 2612 1332 διεσάφησε
2647 1263 2884 1332 συνάψας
2913 1261 3038 1332 ἑξῆς
3067 1263 3148 1321 τὸ,
3185 1261 3256 1314 Εἴ
3293 1277 3384 1325 τις
3408 1257 3563 1311 θέλει
3586 1258 3777 1309 ὀπίσω

2197 1371 2317 1423 μου
2345 1354 2544 1408 ἐλθεῖν
2570 1354 3018 1423 ἀπαρνησάσθω
3041 1352 3256 1407 ἑαυτὸν
3275 1389 3289 1413 ,
3325 1349 3424 1404 καὶ
3454 1349 3646 1417 ἀράτω
3670 1347 3780 1401 τὸν

2205 1445 2470 1514 σταυρὸν
2505 1445 2710 1510 αὐτοῦ,
2761 1446 2860 1499 καὶ
2907 1444 3304 1499 ἀκολουθείτω
3335 1459 3463 1510 μοι·
3513 1440 3541 1492 ὃ
3586 1439 3650 1509 δὴ
3685 1439 3779 1490 καὶ

2205 1535 2350 1607 ἔργῳ
2384 1536 2711 1607 διεπράξατο
2758 1538 2951 1609 μικρὸν
2987 1535 3212 1605 ὕστερον
3262 1533 3422 1595 αὐτὸς
3468 1533 3496 1584 ὁ
3539 1531 3777 1601 Πέτρος,

2208 1628 2487 1699 μαρτυρίῳ
2535 1628 2858 1692 τελειωθείς.
2920 1627 3081 1681 Ἀλλὰ
3132 1627 3224 1680 καὶ
3262 1623 3586 1694 ἐπιζητῆσαι
3635 1622 3776 1684 δέον,

2206 1720 2298 1771 ἐπὶ
2351 1721 2522 1783 ποίοις
2573 1721 2670 1790 μὲν
2725 1721 2886 1775 αὑτὸν
2935 1719 3290 1790 ὲμακάρισεν,
3351 1719 3442 1770 ἐπὶ
3500 1715 3672 1778 ποίοις
3722 1713 3780 1767 δὲ

534 1812 681 1872 neget
718 1815 873 1858 semet
904 1806 1095 1872 ipsum,
1135 1805 1343 1858 attollat
1374 1823 1523 1858 sua»:
1558 1822 1782 1868 crucem,
1818 1815 1863 1858 et
1913 1807 1987 1859 sic
2025 1823 2106 1860 se-

2214 1811 2357 1882 αὑτῷ
2405 1809 2738 1882 ὲπέπληξενς
2782 1812 2838 1865 '0
2877 1811 2956 1874 δὲ,
3007 1810 3191 1880 μηδενὶ
3240 1809 3444 1862 τούτων
3475 1823 3779 1878 προσεσχη-

533 1903 728 1962 quatur
759 1911 838 1947 me
859 1895 925 1946 ’9.
959 1895 1112 1961 Quod
1155 1896 1329 1963 rcipsa
1367 1894 1680 1964 adimplevit
1710 1895 1850 1949 idem
1885 1895 1972 1949 ille
2010 1894 2106 1949 Pe-

534 1991 672 2048 trus,
705 2000 824 2038 cum
879 1987 1134 2056 deinceps
1176 1985 1440 2056 martyrio
1480 1994 1974 2042 consummaretur.
2002 1985 2108 2039 Sed

533 2072 944 2140 disquirendum
998 2085 1080 2129 est
1123 2077 1366 2140 omnino,
1409 2094 1521 2135 cur.
1559 2091 1680 2129 cum
1707 2077 1844 2129 adeo
1890 2076 2105 2130 beatum

537 2164 685 2219 hunc
746 2168 1238 2235 deprcedicaverat,
1287 2179 1461 2224 tamen
1509 2170 1688 2222 statim
1745 2166 2113 2222 vehementius

535 2253 900 2323 ohjurgavcrit
922 2258 944 2310 ?
967 2258 1167 2312 lloruut
1200 2270 1446 2313 neutrum
1482 2275 1599 2312 cum
1625 2256 1904 2310 Marcellus
1935 2255 2112 2310 consi-

539 2345 775 2409 deraret,
807 2349 872 2400 atl
915 2349 1186 2404 diabolum
1242 2350 1527 2405 referenda
1559 2349 1645 2403 illa
1690 2349 1832 2402 dicta
1882 2362 2114 2416 pronun-

541 2435 714 2502 tiavit,
734 2449 922 2492 contra
950 2439 1243 2510 Scriptura:
1270 2441 1608 2494 manifestam
1630 2439 1933 2493 veritatem.
1969 2436 2105 2490 Num

540 2539 719 2584 autem
774 2534 874 2588 hoc
930 2536 1150 2588 unicum
1209 2535 1475 2607 ignoravit
1515 2534 1539 2586 ?
1586 2534 1696 2588 Imo
1730 2531 2109 2604 progrediente

613 2691 657 2723 ³⁷
698 2691 881 2747 Matth.
909 2711 1020 2762 xw,
1059 2697 1149 2762 17,
1177 2697 1266 2753 25.
1345 2697 1389 2727 ⁸⁸
1421 2697 1552 2755 ibib.
1609 2702 1679 2759 2-4

617 2865 726 2937 (7‘5)
767 2866 874 2918 Kal
902 2867 1009 2920 τοῦ
1043 2865 1331 2937 Σωτῆρος.
1370 2867 1492 2921 llaec
1523 2883 1624 2921 non
1655 2868 1944 2923 cohmrent.
1973 2867 2113 2937 Quid

546 2939 598 3009 si
630 2936 891 3009 legamus,
929 2937 1023 3009 καὶ
1063 2936 1147 3000 τίς
1189 2941 1222 3007 ἡ
1267 2938 1628 3009 διάνοιαίτοῦ,
1671 2938 1848 2992 ὀπίσω
1896 2936 2118 3009 πορεύε-

548 3007 668 3060 σθαι
693 3004 795 3057 ίτοῦ
825 3006 1096 3078 Σωτῆρος,
1128 3004 1378 3078 ἦν’παρὰ
1407 3008 1592 3074 πόδας,
1619 3019 1749 3073 etc.,
1776 3004 1980 3078 nempe
1995 3007 2113 3078 διά-

546 3093 699 3129 νοιαν
728 3084 840 3138 aut,
888 3076 1029 3142 quod
1081 3076 1453 3129 seculus'sum
1498 3079 1550 3130 in
1581 3078 1845 3142 versione,
1873 3077 1968 3130 καὶ
1996 3076 2112 3136 τοῦ.

545 3145 575 3198 δ
615 3144 765 3216 παρὰ
808 3145 1170 3216 πόδαςῖαὺτός
1193 3149 1220 3198 ὁ
1265 3146 1453 3216 Σωτὴρ
1500 3146 1812 3215 διεσάφησε,
1844 3158 1952 3201 etc.
1982 3146 2029 3199 Μ
2054 3179 2120 3188 ~—

546 3215 676 3284 Kat
696 3214 821 3284 ante
846 3214 938 3284 τοῦ
962 3215 1019 3268 Σ.
1054 3216 1222 3269 delevi
1254 3231 1376 3268 cum
1403 3214 1558 3270 (odd.
1587 3214 1756 3281 Supra
1784 3215 1939 3284 vulgo
1973 3217 2122 3282 ἀξιο-

586 3283 741 3357 ρειξ›ς;
782 3281 919 3357 Infra
949 3285 1104 3351 vulgo
1131 3285 1474 3356 ἀκολουοήτω
1497 3296 1550 3339 et
1577 3284 1606 3337 ὃ
1633 3285 1691 3338 δέ
1713 3295 1766 3338 et
1791 3281 1900 3355 άρᾶ
1935 3281 2119 3357 (codd.

590 3351 777 3427 Ραλᾶν
800 3363 850 3427 et
883 3355 1140 3427 ἐγεγερμ-

621 3425 730 3494 (74)
796 3423 915 3490 Πρὸ
972 3423 1094 3496 τῶν
1144 3427 1369 3496 λόγων
1399 3423 1758 3480 Ἐλισσαῖον.
1812 3423 1994 3496 Pergit
2055 3427 2122 3480 ad

551 3495 714 3568 aliam
759 3494 1168 3568 accusationem
1217 3495 1520 3568 Eusebius:
1557 3498 1608 3568 in
1659 3512 1761 3568 qua
1809 3495 2123 3568 λευκρτερον

549 3566 725 3620 adhuc
771 3565 1158 3633 sycophantam
1188 3567 1316 3634 agit.
1355 3566 1468 3619 Non
1504 3567 1649 3620 enim
1691 3566 1736 3619 is
1772 3568 1860 3634 qui
1887 3565 2120 3620 aﬂirmat

551 3635 800 3690 Elisaaum
830 3637 1126 3689 suscitasse
1167 3645 1459 3697 mortuum,
1493 3644 1616 3690 ante
1663 3636 2118 3690 resurrectionem

549 3704 772 3768 Christi,
809 3713 900 3756 aut
933 3718 1055 3758 eum
1085 3706 1326 3758 omnium
1375 3705 1603 3774 primtun
1634 3714 1794 3771 atque
1823 3706 2118 3773 principem

558 3786 846 3845 mortuum
869 3775 934 3826 ad
984 3776 1147 3845 vitam
1198 3789 1484 3845 revocasse
1515 3792 1528 3827 :
1559 3785 1653 3827 aut
1691 3777 1756 3828 de
1790 3775 1902 3828 Elia
1939 3787 2118 3845 negat,

556 3860 660 3898 non
693 3846 766 3898 ait
799 3844 945 3898 illum
992 3843 1206 3914 πρῶτον
1252 3844 1466 3896 πάντων
1521 3845 1925 3914 resuscitatum,
1958 3843 2117 3914 quem

552 3915 758 3968 reduxit
803 3915 854 3966 in
885 3913 1045 3965 vitam
1071 3913 1319 3984 Elissartts
1341 3956 1354 3979 ,
1387 3915 1480 3984 sed
1517 3913 1809 3984 πρότερον;
1855 3916 1918 3967 atl
1957 3913 2118 3969 istum

556 3984 770 4036 modum
820 3990 1028 4050 poterat
1067 3992 1121 4035 ct
1156 3982 1302 4053 litem
1339 3987 1403 4037 de
1441 3982 1644 4037 Lazaro
1687 3982 1990 4046 intendere,
2020 3987 2114 4053 qui

551 4063 678 4106 ante
727 4053 1000 4105 Christum
1051 4062 1101 4106 ct
1137 4068 1231 4119 per
1273 4051 1542 4108 Christum
1581 4054 1873 4106 resurrexit
1903 4069 1916 4118 ;
1945 4051 2120 4108 corri-

587 4123 721 4176 cnda
767 4133 848 4175 est
892 4132 1069 4194 autem
1123 4122 1282 4194 lectio
1327 4125 1530 4194 codicis
1555 4122 1788 4194 πρώτων
1826 4123 2020 4190 λόγων,
2056 4135 2113 4182 et

570 4195 852 4262 egendum,
891 4191 1116 4264 _7:ptir:ov
1167 4191 1340 4260 λέγων
1400 4192 1503 4264 [sic
1561 4191 1688 4246 Mss.
1751 4210 1875 4264 cum
1937 4195 2010 4259 ἴς.
2067 4203 2120 4250 et

552 4261 740 4333 margo
808 4261 987 4333 codd.,
1027 4264 1180 4333 quod
1261 4261 1481 4330 recepi;
1544 4278 1706 4332 porro
1773 4263 1932 4332 vulgo
2005 4279 2114 4319 om.

547 4331 644 4403 τὸν
665 4330 1042 4403 βοει-Ἐλισσλ
1070 4350 1082 4386 :
1115 4343 1170 4385 ut
1201 4333 1478 4399 sequentia
1502 4330 1714 4387 docent.
1737 4330 1961 4388 Dissérit
1979 4335 2118 4388 Mar-

549 4401 737 4468 cellus,
769 4401 1042 4456 Christum
1103 4417 1206 4454 non
1258 4404 1378 4455 ideo
1437 4403 1641 4456 dictum
1691 4404 2107 4472 primogenitum

2209 1902 2349 1966 κὼς,
2386 1903 2533 1956 ταῦτ’
2567 1903 2819 1974 εἰρῆσθαι
2863 1903 2994 1974 πρὸς
3033 1901 3124 1954 τὸν
3173 1900 3417 1953 διάϐολον
3462 1899 3779 1969 ἀπεφήνατο

2207 1991 2306 2062 τῆς
2336 1991 2559 2062 Γραφῆς
2592 1991 2864 2054 ἐναντίως.
2897 1987 3046 2059 Ἀρά
3084 1985 3176 2042 οὖν
3221 1989 3378 2042 τοῦτο
3423 1988 3581 2058 μόνον
3619 1986 3780 2056 ἠγνό-

2210 2097 2370 2150 ησεν;
2413 2082 2545 2150 Οὐχὶ
2588 2081 2644 2133 δέ
2697 2080 2791 2134 καὶ
2841 2078 3042 2147 προῖὼν
3087 2075 3260 2141 αὖθις,
3293 2078 3392 2147 τῆς
3433 2076 3780 2136 ἀναστάσεως

2209 2167 2302 2220 τοῦ
2351 2169 2600 2239 Σωτῆρος
2627 2170 2780 2240 ἡμῶν
2825 2168 3220 2239 μνημονεύσας,
3270 2168 3456 2220 ἔπειτα
3501 2165 3782 2236 βουληθεὶς

2208 2257 2396 2322 δεῖξαι,
2431 2260 2512 2312 ὅτι
2554 2260 2648 2312 καὶ
2687 2259 2792 2332 πρὸ
2837 2260 2999 2313 αὐτοῦ
3049 2259 3191 2313 κατὰ
3235 2259 3359 2322 τοὺς
3392 2257 3613 2329 χρόνους
3655 2258 3784 2320 τοὺς

2209 2352 2577 2420 προφητικοὺς
2625 2351 2846 2422 φέρεταί
2891 2370 2976 2416 τις
3025 2355 3090 2406 ὲκ
3133 2350 3338 2422 νεκρῶν
3388 2348 3780 2419 ἐγηγερμένος,

2215 2442 2374 2495 πάλιν
2416 2441 2690 2496 κάνταῦθα
2741 2444 3054 2512 σφάλλεται,
3091 2443 3200 2516 (74)
3238 2443 3449 2514 πρῶτον
3487 2441 3660 2508 λέγων
3691 2439 3782 2492 τὸν

2227 2533 2524 2589 Ἐλισσαῖον
2566 2536 2656 2589 τὸν
2699 2537 2980 2609 προφήτην
3008 2539 3071 2590 ἐκ
3108 2535 3314 2608 νεκρῶν
3347 2535 3586 2606 ἐγεῖραν
3620 2532 3783 2602 ἀγνο-

2224 2866 2316 2920 sed
2370 2864 2570 2918 factum
2611 2875 2819 2927 tamen;
2863 2866 3003 2918 unde
3044 2865 3429 2934 primogenitus
3459 2863 3565 2934 ~sit
3607 2863 3784 2919 dictus

2221 2934 2426 3003 πάσης
2455 2936 2723 3001 κτίσεως.
2768 2936 2896 2998 lmo,
2932 2936 3101 3003 inquit
3125 2932 3426 2997 Marcellus,
3445 2932 3691 2988 Christus
3718 2949 3783 2987 eo

2226 3006 2384 3060 modo
2442 3006 2829 3074 primogenitus
2877 3015 3136 3060 creatura:
3186 3005 3364 3058 omnis
3413 3003 3653 3064 dicitur,
3725 3014 3784 3057 ut

2225 3075 2406 3128 statim
2455 3076 2846 3143 primogenitus
2898 3084 3273 3138 mortuorum;
3321 3087 3425 3126 non
3472 3082 3556 3143 est
3600 3082 3780 3126 autem

2224 3145 2398 3198 dictus
2446 3142 2777 3199 mortuorum
2827 3144 3234 3212 primogenitus,
3269 3143 3410 3209 quod
3457 3142 3665 3210 primus
3697 3159 3782 3195 re—

2226 3214 2390 3268 dierit
2435 3229 2462 3268 a
2503 3224 2678 3268 morte
2708 3215 2772 3266 ad
2805 3215 2991 3274 vitam,
3033 3230 3154 3266 cum
3193 3213 3342 3266 multi
3388 3226 3453 3266 eo
3481 3213 3783 3266 anteriores

2226 3284 2528 3337 redierint:
2569 3293 2752 3352 utpote
2799 3282 3072 3348 Lazarus,
3121 3294 3178 3336 et
3219 3283 3290 3346 is,
3344 3283 3425 3336 vel
3468 3281 3562 3346 illi,
3590 3282 3682 3349 qui
3712 3280 3783 3334 ab

2227 3353 2447 3406 Elissaeo
2463 3354 2884 3414 suscitshantur,
2904 3353 2974 3404 ita
2995 3369 3092 3405 nec
3105 3353 3489 3421 ptitnogeuitus
3503 3360 3782 3404 creatura-

2226 3438 2341 3474 rum
2373 3423 2593 3486 dicitur,
2629 3424 2768 3491 quod
2807 3433 3022 3475 creatus
3061 3424 3276 3491 quidem
3309 3422 3483 3484 fuerit,
3511 3422 3605 3473 sed
3639 3431 3778 3491 ante

2223 3492 2355 3545 alias
2385 3488 2678 3546 creaturas.
2705 3491 2840 3544 Hinc
2854 3488 3140 3545 cavillator
3169 3491 3421 3546 Eusebius
3442 3491 3591 3557 quasi
3619 3488 3775 3542 dixe-

2224 3563 2293 3615 rit
2323 3561 2601 3616 Marcellus
2631 3563 2857 3628 primum
2876 3563 3112 3616 omnium
3134 3561 3406 3616 Elissmum
3423 3559 3775 3614 resuscitasse

2224 3642 2492 3686 mortumn
2521 3651 2535 3685 :
2563 3630 2920 3699 λεπτολογῶν,
2947 3643 3002 3685 et
3047 3631 3372 3702 syllabarum
3413 3639 3655 3697 captator
3687 3643 3778 3698 sy—

2225 3702 2608 3770 cophanticus;
2634 3703 2834 3755 omisso
2867 3703 3008 3768 quod
3045 3712 3162 3754 erat
3193 3712 3358 3769 caput
3389 3713 3404 3754 :
3435 3713 3628 3770 nempe
3654 3714 3779 3770 seu-

2223 3767 2307 3834 ευ,
2355 3781 2408 3826 et
2452 3767 2718 3826 sententia
2775 3767 3051 3840 apoétolici
3099 3772 3227 3826 dicti
3260 3767 3276 3825 ἐ
3305 3772 3449 3840 quod
3501 3767 3783 3823 Marcellus

2224 3841 2424 3896 dicitur
2465 3858 2590 3896 cum
2644 3841 2940 3896 Athanasio
2971 3843 3322 3909 exposuisse,
3370 3841 3442 3893 ita
3497 3849 3556 3894 ut
3605 3840 3782 3893 dictus

2223 3909 2388 3966 fuerit
2437 3913 2864 3980 primogenitus,
2917 3912 3236 3978 utrobique,
3275 3911 3418 3977 quod
3467 3913 3519 3963 iu
3563 3923 3648 3980 eo,
3691 3923 3786 3976 per

2221 3997 2365 4052 eum,
2401 3978 2546 4036 illius
2574 3978 2645 4043 vi,
2678 3981 2938 4052 potentia,
2965 3981 3246 4047 majestate
3285 3992 3339 4034 et
3367 3978 3617 4052 ἐνεργείᾳ
3638 3994 3784 4031 mor-

2226 4051 2299 4104 tui
2341 4063 2776 4115 resurrexerant,
2808 4051 2933 4104 licet
2981 4067 3049 4105 eo
3082 4052 3310 4118 priores.
3349 4052 3623 4106 Creatura:
3651 4064 3781 4100 cou-

2222 4121 2496 4188 stiterant,
2537 4123 2628 4177 illo
2669 4122 2987 4185 anteriores,
3029 4122 3242 4175 scilicet
3273 4123 3450 4190 quoad
3481 4121 3780 4190 hominem,

2221 4191 2372 4258 cujus
2405 4187 2671 4262 respectu,
2700 4201 2755 4245 et
2784 4207 2887 4262 non
2939 4193 3094 4245 aliter
3128 4192 3232 4244 dici
3267 4187 3456 4246 debeat
3505 4187 3781 4262 πρωτότοέ

2220 4277 2337 4330 κος,
2377 4279 2481 4316 non
2523 4275 2579 4315 ut
2633 4261 2817 4315 Ariani
2863 4262 3343 4330 blaspltemahaut,
3387 4262 3556 4330 etiam
3600 4261 3781 4324 qniiad

2219 4329 2499 4385 deitatem.
2539 4332 2671 4386 Vide
2710 4329 2994 4398 Atlianas.,
3019 4329 3169 4384 Orat.
3209 4347 3288 4395 Ill,
3319 4340 3501 4384 contra
3526 4329 3780 4390 Arianos,

2219 4414 2340 4470 pag.
2392 4402 2519 4464 254,
2548 4402 2674 4456 Q53.
2720 4402 3040 4470 Quaanam
3071 4410 3126 4454 et
3177 4402 3282 4455 alia
3328 4402 3534 4454 ratione
3564 4413 3783 4470 quoque

551 4483 906 4535 mortuormn,
933 4472 1072 4540 quod
1115 4473 1322 4540 primus
1368 4476 1605 4526 omnium
1634 4468 1706 4526 de
1732 4468 1900 4528 morte
1933 4475 1998 4527 ad
2028 4476 2106 4527 vi-
2142 4469 2186 4522 D
2219 4469 2470 4525 Christus
2493 4514 2507 4536 ,
2555 4468 2907 4526 mortuorum
2930 4471 3138 4525 dicatur
3183 4473 3591 4539 primogenitus.
3623 4468 3780 4531 Quod

553 4550 662 4595 tam
713 4544 1010 4596 resurrexit
1062 4557 1075 4593 :
1116 4557 1240 4594 nam
1295 4555 1420 4595 ante
1451 4560 1596 4597 cum.
1627 4544 1818 4610 inquit,
1860 4544 2110 4598 Elissmus

552 4612 818 4684 πρότερον
861 4611 1202 4665 resuscitavit
1248 4625 1558 4666 mortuum:
1590 4613 1826 4666 Lazarus
1873 4616 2112 4667 surrexit

553 4690 677 4736 ante
726 4683 894 4750 ipsius
931 4684 1380 4740 resurrectionem
1413 4701 1428 4737 :
1467 4694 1520 4737 et
1554 4694 1795 4749 tempore
1844 4687 2112 4749 passionis

552 4751 722 4822 πολλὰ
756 4750 978 4822 σώματα
1012 4751 1118 4805 τῶν
1154 4753 1565 4822 κεκοιμημένων
1586 4753 1905 4821 ἀνέστησαν.
1939 4755 2112 4821 Atque

554 4821 627 4875 ita
661 4832 809 4893 patet
847 4821 1116 4893 calumnia
1151 4821 1452 4876 Eusebtana
1489 4825 1554 4878 de
1588 4823 1832 4876 Elissaeo.
1870 4824 1960 4876 Ait
1992 4832 2112 4876 tan-

474 4919 478 4923 -
555 4891 674 4944 tum
725 4891 1034 4956 Marcellus,
1085 4907 1206 4944 eum
1262 4903 1532 4946 mortuum
1584 4894 1938 4946 resuscitasse
1985 4902 2111 4946 ante

553 4963 863 5027 Christum;
927 4976 1032 5014 non
1068 4962 1161 5024 ait,
1211 4961 1356 5014 illum
1403 4962 1638 5014 omnium
1701 4963 1955 5027 primum,
2004 4977 2108 5015 non

555 4977 863 5027 Christum;
927 4977 1161 5024 nonan,
1211 4977 1356 5014 mum
1403 4978 1638 5014 omnium
1740 4978 1955 5024 rituum,
2004 4977 2108 5015 non

555 5033 667 5086 Elia
695 5035 926 5102 priorem
957 5037 1314 5102 resuscitasse
1361 5042 1648 5085 mortuum.
1685 4977 1836 5098 (gllod
1872 5032 1938 5084 ad
1969 5045 2112 5084 mor-

556 5114 678 5156 tuos
698 5101 920 5165 attinet,
954 5101 1005 5153 in
1042 5101 1356 5170 Evangelio,
1391 5110 1538 5156 certe
1569 5101 1696 5154 illud
1743 5117 1846 5154 non
1890 5102 2113 5170 perinde

552 5183 879 5227 excusatur;
918 5172 1133 5224 etiamsi
1188 5172 1398 5224 lui-ntus
1444 5173 1513 5224 sit
1556 5170 1839 5224 Marcellus
1891 5173 2112 5234 laxe,év

552 5242 629 5312 τῷ
658 5242 832 5312 καιρῷ
853 5240 942 5296 τοῦ
966 5241 1186 5304 πάθους.
1221 5242 1442 5312 Constat
1472 5241 1756 5312 enimeos,
1788 5245 1930 5309 quod
1964 5252 2112 5295 notat

552 5311 838 5376 Eusebius,
875 5328 980 5366 non
1017 5313 1114 5365 nisi
1152 5328 1271 5364 cum
1308 5311 1524 5364 Christo
1557 5311 1742 5364 saltem
1781 5317 2111 5365 resurrexis-

553 5397 632 5436 Se.
674 5380 846 5434 Locus
877 5383 1116 5450 Apostoli
1154 5391 1256 5444 est,
1290 5380 1498 5434 Coloss.
1532 5397 1572 5442 ι,
1611 5381 1698 5445 15,
1734 5381 1822 5450 ubi
1865 5381 2113 5436 Christus

552 5461 773 5504 vocatur
799 5449 1170 5519 πρωτότοκος
1205 5450 1408 5517 πάσης
1448 5452 1719 5516 κτίσεως.
1757 5449 1821 5502 Ει
1853 5465 1994 5502 vers.
2026 5452 2108 5516 l8,

550 5521 922 5588 πρωτότοκος
947 5523 1015 5574 ἐκ
1040 5522 1154 5575 τῶν
1173 5521 1420 5590 νεκρῶν.
1445 5521 1497 5574 lit
1530 5522 1627 5575 loci
1660 5522 1814 5574 istius
1845 5520 2114 5590 interpre-

554 5591 780 5651 latione,
831 5594 1043 5645 videtur
1094 5593 1374 5646 Marcellus
1421 5593 1652 5646 Ariauos
1683 5591 1993 5660 pupugisse.
2035 5592 2111 5646 Illi

551 5661 693 5715 enim
733 5661 1004 5714 Christum
1039 5664 1159 5715 hinc
1199 5673 1502 5717 creaturam
1545 5663 1794 5717 volebant
1834 5661 1994 5714 statui
2047 5663 2113 5715 ab

551 5727 830 5810 apostolo,
862 5740 984 5786 ante
1027 5732 1130 5786 alia
1173 5734 1376 5796 omnia,
1414 5734 1575 5788 ctiam
1608 5733 1826 5804 angelos
1857 5732 2052 5788 factum
2091 5749 2103 5786 :

2215 4540 2422 4604 primus
2481 4544 2548 4594 ad
2614 4552 2874 4595 aeternam
2941 4543 3105 4594 vitam
3159 4545 3479 4596 resurrexit.
3541 4541 3785 4608 Surgens

2211 4609 2354 4661 enim
2381 4612 2446 4663 de
2474 4614 2722 4676 mortuis,
2763 4627 2868 4665 non
2893 4611 3090 4665 iterum
3123 4615 3370 4666 moritur.
3404 4611 3478 4664 Illi
3511 4618 3686 4664 autem
3729 4612 3780 4662 in

2213 4679 2460 4744 pulveres
2504 4697 2631 4735 suos
2677 4683 2877 4735 reversi
2906 4691 3151 4736 suntzet
3196 4683 3246 4735 in
3294 4684 3558 4749 sepulcris
3589 4695 3784 4748 exspe-

2212 4757 2361 4802 ctant
2408 4751 2608 4803 tubam.
2659 4751 2722 4806 Et
2773 4752 2896 4804 licet
2951 4751 3062 4816 illi,
3114 4754 3205 4819 qui
3263 4762 3381 4820 post
3433 4751 3786 4806 resurrectio-

2215 4831 2334 4868 nem
2365 4830 2741 4884 surrexerunt,
2775 4837 2880 4874 nou
2916 4823 3026 4875 sint
3056 4823 3258 4877 reversi
3287 4824 3341 4875 in
3363 4821 3613 4891 pulveres
3632 4835 3780 4883 suos,

2213 4894 2393 4961 tamen
2430 4892 2592 4943 etiam
2625 4901 2865 4960 tempore
2906 4892 3237 4961 posteriores
3276 4903 3400 4946 sunt
3435 4892 3506 4944 illi
3540 4907 3784 4944 resurre-

2212 4958 2392 5028 ctione
2421 4961 2624 5014 Christi
2658 4977 2670 5012 :
2711 4958 2853 5028 quod
2892 4958 3138 5016 disertim
3191 4972 3410 5017 notatur
3444 4962 3496 5013 in
3537 4962 3786 5028 Evange-

2215 5025 2307 5080 lio.
2361 5031 2432 5082 Ita
2484 5031 2686 5098 primus
2729 5025 2973 5098 tempore
3009 5034 3246 5086 surrexit
3281 5033 3347 5086 ad
3398 5041 3660 5083 a‘ternam
3694 5025 3784 5084 vi-

2215 5104 2343 5153 tam.
2376 5103 2489 5154 Non
2543 5103 2779 5156 surrexit
2829 5105 3033 5170 primus
3077 5114 3316 5170 tempore
3363 5099 3783 5163 ἀπο).ύτως,εοο

2211 5177 2389 5232 eundo
2414 5175 2671 5235 surrexit,
2701 5173 2815 5241 ipse
2843 5188 2940 5225 sua
2970 5182 3255 5240 potestate,
3287 5187 3390 5225 non
3422 5171 3620 5225 aliena.
3644 5170 3780 5222 'l‘er—

2213 5249 2308 5312 tio,
2341 5244 2394 5297 iu
2430 5258 2516 5305 eo,
2543 5254 2594 5294 et
2627 5259 2721 5311 per
2759 5243 3218 5312 euturesuscitati
3247 5253 3373 5296 sunt
3421 5241 3535 5302 alii,
3569 5241 3776 5294 excita-

2210 5317 2412 5371 buntur
2437 5327 2650 5375 omnes,
2677 5323 2734 5366 ut
2779 5311 2973 5366 merito
3017 5314 3406 5381 primogenitus
3442 5322 3773 5366 mortuorum

2211 5389 2542 5441 dicaturch
2595 5381 2777 5437 Jacobi
2827 5382 2955 5436 illud
3007 5383 3224 5436 allatum
3277 5382 3347 5436 de
3403 5383 3628 5436 ltubene
3675 5391 3774 5431 suo

2213 5455 2365 5523 (Gen.
2393 5453 2640 5522 xux.3),
2678 5453 2994 5507 humanitati
3047 5453 3251 5506 Christi
3306 5453 3386 5508 sic
3430 5453 3774 5523 appliceinus,

2225 5516 2472 5592 Ῥουϐίμ,
2515 5516 2884 5590 πρωτότοκος
2916 5539 3056 5590 μου,
3092 5524 3272 5590 ἰσχύς
3299 5541 3434 5588 μου,
3464 5516 3581 5576 ’καὶ

2213 5591 2435 5650 τέκνων
2466 5610 2607 5661 μου.
2640 5593 2801 5646 Certe
2840 5609 2930 5660 qut
2983 5602 3103 5659 post
3137 5595 3432 5657 Christum,
3467 5605 3520 5645 ut
3550 5591 3776 5644 comites

2213 5668 2361 5722 illius
2390 5663 2735 5724 ἀναστάσεως
2775 5675 3214 5727 resurrexcruut,
3262 5667 3492 5727 iterum,
3540 5671 3597 5714 ιιι
3643 5661 3777 5714 mihi

2220 5740 2456 5799 videtur,
2493 5736 2688 5788 mortui
2720 5747 2826 5787 non
2857 5744 3005 5788 sunt.
3048 5733 3169 5790 llaec
3203 5745 3285 5790 est
3317 5734 3616 5791 communis
3648 5731 3774 5796 upi-
