4098 6200
334 273 433 329 757

1454 268 1732 324 CONTRA
1770 268 2192 322 MARCELLI)“
2231 266 2361 323 LIB.
2406 269 2447 323 l.

3122 191 3144 215 Ρ

3471 274 3593 333 738'

335 392 490 464 ἔλσας,
521 392 594 451 ὡς
621 387 716 440 καὶ
741 387 847 458 πρὸ
884 385 1183 439 Ἐλισσαίου
1224 385 1405 449 Ἠλίας
1432 388 1460 439 6
1490 387 1661 457 μέγας
1687 386 1777 440 τὸν
1799 387 1901 456 τῆς
1932 429 1940 448 ι

2029 397 2254 441 :ontextu
2292 387 2557 441 oratiunis
2597 400 2730 451 sure,
2779 391 3051 444 mentione
3086 392 3152 446 de
3179 389 3475 448 Salvatoris
3500 412 3585 449 re-

330 485 507 555 χήρας
555 480 668 531 υἱὸν
701 476 1035 529 ἀποθανόντα
1074 476 1388 545 ἀνέστησεν,
1439 476 1513 539 ὡς
1548 476 1668 528 ἔστι
1716 475 1908 547 μαθεῖν

330 578 398 629 ὲκ
424 575 526 646 τῆς
552 571 735 642 τρίτης
760 569 865 621 τῶν
892 566 1202 620 Βασιλειῶν·
1226 569 1253 618 6
1277 568 1334 619 δὲ
1359 568 1449 620 καὶ
1474 568 1617 620 τοῦτ’
1640 568 1910 637 ἀγνοήσας

334 667 608 738 φαίνεται,
634 663 698 714 δι’
733 658 803 714 ὧν
832 659 981 712 ταῦθ’
1014 658 1155 711 οὓτω
1187 658 1419 729 γράφει·
1458 680 1476 709 ι
1521 660 1593 711 Οὐ
1626 659 1781 728 μόνον
1803 657 1913 711 τοί-

342 778 361 809 ι
407 772 505 809 νυν
537 755 633 824 τῆς
660 750 848 820 καινῆς
876 748 1107 811 κτίσεως
1138 748 1482 819 πρωτότοκον
1507 748 1665 800 αὐτὸν
1699 750 1726 800 6
1753 746 1910 799 Ἀπό-

346 869 367 899 s
414 844 593 907 στολος
630 838 763 894 εἷναί
802 856 986 909 φησιν,
1041 836 1177 889 ἀλλὰ
1228 836 1322 888 καὶ
1356 835 1693 905 πρωτότοκον
1725 835 1791 886 ὲκ
1824 851 1910 885 νε-

347 958 365 988 ι
410 937 589 1009 κρῶν,
621 935 685 986 δι’
719 932 872 984 οὐδὲν
913 930 1100 999 ἕτερον
1134 927 1257 997 ἐμοὶ
1296 927 1493 984 δοκεῖν.
1529 926 1643 979 ἀλλ’
1692 927 1778 978 ἵνα
1825 924 1909 977 διὰ

349 1053 366 1081 ι
409 1029 501 1083 τοῦ
539 1025 877 1098 πρωτοτόκου
914 1021 1023 1074 τῶν
1054 1018 1262 1091 νεκρῶν
1295 1018 1426 1087 (74),
1456 1020 1603 1080 ὅπως
1642 1017 1734 1069 καὶ⁵
1766 1033 1913 1087 πρω-

351 1136 368 1165 ι
411 1116 619 1176 τότοκος
662 1112 878 1180 ἁπάσης
917 1110 1146 1168 κτίσεως
1195 1106 1429 1178 εἴρηται,
1478 1105 1782 1176 γνωσθῆναι
1823 1105 1912 1158 δυ-

351 1224 368 1254 ι
410 1204 561 1274 νηθῇ.
592 1202 664 1254 Οὐ
697 1201 807 1270 γὰρ
834 1200 897 1251 ἐκ
918 1196 1125 1269 νεκρῶν
1150 1197 1346 1266 ἀνέστη
1370 1196 1581 1266 πρῶτος
1604 1198 1631 1248 6
1653 1195 1913 1264 δεσπότης

345 1317 363 1348 ι
406 1294 559 1366 ἡμῶν
603 1291 811 1363 Ἰησοῦς
852 1290 1118 1361 Χριστὸς,
1153 1288 1265 1342 ἀλλ’
1309 1289 1336 1340 6
1374 1288 1439 1340 δι’
1486 1286 1781 1339 Ἐλισσαίου
1819 1285 1910 1337 τοῦ

343 1408 362 1440 ι
403 1386 684 1457 προφήτου
717 1381 976 1444 ἀναστὰς,
1006 1381 1201 1451 ἀνέστη
1233 1379 1515 1451 πρότερος.
1535 1381 1645 1431 Καὶ
1666 1378 1914 1449 Λάζαρος

342 1500 361 1531 ι
404 1480 508 1551 πρὸ
554 1478 655 1547 τῆς
708 1474 873 1528 αὑτοῦ
917 1474 1264 1533 ἀναστάσεως
1300 1473 1536 1542 ἀνέστη,
1584 1473 1676 1524 καὶ
1729 1473 1784 1523 ὲν
1836 1471 1914 1540 τῷ

346 1593 362 1623 ι
406 1571 585 1643 καιρῷ
599 1569 694 1622 τοῦ
718 1567 918 1629 πάθους
942 1565 1108 1617 πολλὰ
1130 1564 1353 1635 σώματα
1369 1564 1475 1616 τῶν
1502 1562 1914 1634 κεκοιμημένων

345 1685 362 1715 ι
404 1664 723 1732 ἀνέστησαν.
771 1680 789 1710 ι
834 1657 941 1711 Καὶ
982 1656 1138 1709 τοῦτο
1181 1656 1236 1708 δὲ
1282 1655 1607 1726 ἀθεωρήτως
1637 1655 1782 1707 δοκεῖ
1826 1671 1914 1725 μοι

2009 477 2344 532 surrectioue
2372 477 2589 543 injecta,
2610 477 2804 532 docere
2835 494 3121 549 aggressus
3143 492 3248 545 est,
3276 492 3403 535 ante
3435 483 3581 539 illum

2010 567 2367 628 incnrnatum,
2400 566 2499 620 sub
2551 568 2879 635 temporibus
2918 570 3326 637 prophetarum,
3380 573 3583 628 dictum

2011 668 2145 719 esse,
2180 669 2208 707 a
2257 656 2481 708 tttortuis
2515 657 2799 722 quemdam
2835 658 3171 711 suscitatum.
3224 661 3278 713 In
3318 660 3419 714 hoc
3467 662 3587 729 qui.

2012 746 2129 799 dem
2166 746 2280 813 ipso
2310 745 2525 815 egregie
2564 748 2945 801 Itallttciuatur.
2981 750 3066 801 Ait
3097 751 3238 802 enim
3270 752 3583 819 prophetam
3619 744 3628 773 ⁵

2011 837 2568 901 ΕΙίειειιιησιιοιιυιιιη
2601 840 2831 907 primum
2855 843 3119 895 excitasse
3151 857 3165 893 :
3199 843 3449 910 ignorans
3480 846 3587 898 sci-

2011 929 2156 994 licet,
2186 936 2243 992 >I<
2281 931 2446 984 Ellam
2473 930 2615 983 illum
2652 933 2945 986 maximum
2966 975 2981 997 ,
3010 933 3197 986 Elisazo
3242 933 3406 987 fuisse
3440 934 3587 1003 prio-

2014 1036 2149 1084 rem,
2187 1032 2239 1073 ct
2269 1022 2439 1075 vidua:
2472 1022 2636 1075 lilium
2665 1025 2729 1077 de
2760 1025 2986 1077 mortuis
3021 1026 3348 1079 suscitasse:
3383 1029 3526 1094 quod
3554 1041 3587 1080 e

2016 1112 2329 1166 tcrtiolibro
2363 1114 2668 1184 Regnorum
2698 1131 3028 1185 cognoscere
3060 1118 3347 1183 poterat".
3369 1117 3587 1186 ignora-

2012 1204 2105 1257 bat
2137 1214 2316 1259 autem
2354 1206 2454 1260 hoc
2487 1207 2680 1275 ipsum,
2712 1218 2769 1259 ttt
2799 1219 3039 1276 apparet,
3068 1225 3188 1262 cum
3223 1208 3441 1264 disertis
3468 1221 3587 1261 ver-

2013 1291 2093 1347 bis
2137 1294 2204 1346 ita
2254 1295 2452 1348 scribat
2496 1313 2513 1346 t
2555 1296 2664 1349 Non
2701 1297 2828 1367 :[R.
2862 1296 2947 1367 1L]
2993 1297 3327 1350 solummodo
3366 1295 3569 1350 Primo-

2020 1402 2038 1433 ι
2085 1386 2318 1453 genitum
2374 1398 2633 1441 creatura:
2675 1405 2820 1442 nova:
2845 1389 2888 1419 ³⁸
2931 1389 3077 1442 illttm
3109 1389 3244 1442 dixit
3277 1386 3585 1456 Apostolus,

2020 1494 2038 1526 ι
2082 1492 2269 1530 verum
2288 1478 2449 1532 etiam
2475 1480 2611 1531 etde
2636 1481 2853 1533 mortuis
2870 1480 3275 1549 primogenitum
3294 1479 3337 1510 ³¹
3360 1498 3372 1533 :
3394 1494 3494 1533 non
3518 1479 3589 1535 ob

2021 1586 2039 1616 ι
2088 1568 2243 1621 aliam
2278 1580 2425 1624 certe
2454 1586 2693 1636 causam,
2727 1581 2785 1625 ut
2813 1572 3024 1625 videtur
3053 1571 3206 1633 mihi,
3240 1586 3398 1639 quam
3433 1580 3489 1623 ut
3521 1572 3588 1635 is,

2022 1676 2039 1705 ι
2087 1660 2176 1725 (ιιιί
2206 1660 2383 1714 omnis
2420 1670 2682 1717 creatura:
2728 1662 3116 1732 primogenitus
3147 1663 3362 1726 dicitur,
3396 1662 3591 1716 intelli-

339 1724 641 1809 τεθεικέναι
666 1752 693 1804 6
723 1750 1037 1821 Μάρκελλος
1056 1766 1067 1778 ·
1104 1748 1245 1816 λέγω
1270 1748 1326 1799 δὲ
1351 1747 1411 1799 τὸ
1431 1724 1459 1797 -ι
1486 1724 1661 1802 πολλὰ
1691 1744 1912 1816 σώματα

2029 1768 2043 1798 ι
2090 1760 2247 1819 gatur
2267 1752 2401 1805 etde
2426 1753 2654 1807 mortuis
2679 1768 2796 1807 esse
2824 1754 3229 1821 primogenitus.
3251 1754 3363 1807 Non
3389 1754 3588 1807 etenim

343 1848 455 1903 τῶν
511 1843 917 1915 κεκοιμημένων
948 1842 1118 1909 ἁγίων
1166 1841 1271 1911 πρὸ
1314 1836 1476 1892 αὑτοῦ
1532 1837 1847 1907 ὲγηγέρθαι.
1889 1856 1906 1886 ι

347 1941 426 1994 Οὐ
458 1938 567 2009 γὰρ
599 1935 890 2009 προσέσχεν
919 1935 1015 2006 ὅλῃ
1047 1936 1111 2003 τῇ
1146 1931 1238 1985 τοῦ
1274 1931 1601 1998 Εὑαγγελίου
1633 1932 1816 2001 γραφῇ
1840 1928 1915 1982 δι-

349 2030 639 2101 δασκούσῃ.
677 2029 755 2080 ὅτι
802 2026 939 2097 μετὰ
982 2025 1079 2095 τὴν
1114 2023 1296 2086 αὑτοῦ,
1342 2022 1411 2075 τὰ
1442 2022 1548 2074 τῶν
1587 2022 1754 2090 ἁγίων
1783 2023 1914 2092 ἐγή-

352 2140 539 2195 γερται
575 2120 816 2191 σώματα.
852 2117 1048 2188 Εὖροις
1078 2117 1121 2168 δ’
1151 2116 1216 2169 ἂν
1248 2116 1406 2169 αὐτὸν
1431 2114 1795 2185 σφαλλόμενον
1826 2115 1916 2168 καὶ

354 2218 411 2269 ἐν
442 2218 503 2285 τῇ
548 2213 639 2266 τοῦ
671 2211 1023 2267 ἁποστολικοῦ
1069 2208 1229 2281 ῥητοῦ
1281 2208 1511 2260 ἐκθέσει.
1577 2207 1633 2259 Ὀ
1681 2206 1777 2277 μὲν
1809 2206 1917 2277 γάρ

352 2307 488 2368 θεῖος
530 2302 877 2366 Ἀπόστολος,
927 2301 1211 2369 Ῥωμαίοις
1252 2298 1510 2368 γράφων,
1546 2297 1671 2349 τάδε
1719 2295 1912 2367 φησίν

362 2394 789 2466 Ἀφωρισμένος
828 2395 915 2458 εὶς
942 2392 1297 2460 εὐαγγέλιον
1341 2388 1509 2451 Θεοῦ,
1558 2388 1587 2441 ὃ
1623 2404 1915 2456 προεπηγ-

347 2491 584 2558 γείλατο
639 2485 739 2539 διὰ
786 2483 903 2538 τῶν
955 2481 1273 2550 προφητῶν
1325 2481 1510 2533 αὐτοῦ
1551 2480 1621 2531 ἐν
1655 2480 1920 2547 Γραφαῖς

348 2582 542 2650 ἁγίαις
582 2578 717 2647 περὶ
757 2576 864 2630 τοῦ
902 2575 1035 2628 υἱοῦ
1079 2572 1263 2627 αὐτοῦ
1294 2573 1399 2626 τοῦ
1438 2572 1802 2641 μονογενοῦς
1854 2572 1921 2626 ἐκ

350 2667 689 2735 σπέρματος
737 2664 912 2717 Δαϐὶδ
967 2663 1116 2716 κατὰ
1157 2661 1381 2729 σάρκα,
1428 2660 1533 2713 τοῦ
1582 2660 1922 2728 ὁρισθέντος

351 2758 485 2810 υἱοῦ
536 2757 682 2811 Θεοῦ
720 2756 790 2808 ἐν
820 2754 1067 2823 δυνάμει
1109 2753 1259 2806 κατὰ
1292 2752 1532 2821 Πνεῦμα
1565 2753 1918 2822 ἁγιωσύνης.

367 2848 425 2900 Ὀ
452 2848 528 2909 δὲ,
560 2848 659 2901 οῦκ
693 2844 827 2910 οἶδα,
864 2847 992 2916 ποίᾳ
1022 2845 1255 2915 διανοίᾳ,
1310 2843 1586 2897 κάνταῦθα
1616 2844 1922 2914 διαστρέφει

356 2940 456 3011 τὴν
499 2940 851 3009 ἀποστολικὴν
894 2938 1065 3003 λέξιν’
1121 2939 1241 2989 ἀντὶ
1282 2935 1373 2988 τοῦ
1424 2935 1765 3003 ὁρισθέντος
1811 2936 1923 3005 (75)

357 3031 591 3099 ποιήσας
622 3028 1091 3097 προορισθέντος,
1122 3028 1188 3078 ἶν’
1276 3024 1474 3095 ὁμοίως
1503 3028 1613 3089 τοῖς
1643 3025 1781 3077 κατὰ
1797 3025 1927 3097 πρό-

358 3138 563 3190 γνωσιν
601 3120 1019 3191 προορισθείσιν.
1050 3119 1210 3187 Λέγει
1253 3114 1344 3171 οὖν
1389 3117 1529 3170 κατὰ
1560 3116 1705 3181 λέξιν
1754 3117 1924 3169 οὕτω·

364 3234 383 3264 ι
430 3215 640 3284 ’Ὠσπερ
678 3206 768 3265 οὖν
815 3212 913 3280 τὴν
964 3209 1289 3279 Ἐκκλησίαν
1326 3207 1489 3287 πάλαι
1530 3207 1874 3280 προωρίσατο
1902 3209 1930 3260 6

364 3325 383 3355 ι
432 3304 819 3374 παντοκράτωρ
847 3301 998 3364 Θεὸς,
1027 3299 1167 3353 οὕτω
1200 3301 1293 3351 καὶ
1319 3300 1417 3369 τὴν
1446 3298 1585 3351 κατὰ
1630 3298 1805 3368 σάρκα
1835 3296 1929 3351 τοῦ

364 3417 384 3450 ι
426 3395 661 3467 Χριστοῦ
688 3394 997 3464 οἰκονομίαν
1020 3410 1031 3422 ·
1067 3392 1128 3445 δι’
1162 3387 1220 3445 οὗ
1243 3391 1303 3443 τό
1333 3392 1438 3443 τῶν
1464 3389 1728 3444 θεοσεϐῶν
1752 3390 1927 3458 γένος,

364 3508 384 3540 ι
432 3491 511 3551 είς
538 3487 804 3540 υἱοθεσίαν
835 3485 1061 3538 καλέσαι
1092 3483 1450 3555 προωρίσατο,
1481 3483 1743 3554 πρότερον
1773 3481 1933 3553 θεμε-

368 3599 388 3631 ι
426 3578 620 3641 λιώσας
632 3581 689 3631 ὲν
702 3580 768 3647 τῇ
788 3576 948 3628 αὑτοῦ
960 3575 1183 3645 διανοίᾳ.
1200 3572 1298 3625 Διὰ
1310 3572 1465 3626 τοῦτο
1484 3575 1512 3625 6
1527 3571 1840 3634 Ἀπόστολος
1856 3570 1933 3641 τῷ

368 3692 389 3724 ι
428 3672 568 3741 ἁγίῳ
582 3670 859 3739 Πνεῦματι
882 3667 1065 3737 σαφῶς
1082 3666 1459 3739 προαγορεύει,
1474 3662 1567 3717 τοῦ
1592 3664 1933 3735 προορισθέν-

368 3783 390 3815 ι
430 3782 520 3826 τος
538 3764 665 3816 Υἱοῦ
690 3762 845 3824 Θεοῦ,
868 3760 1057 3827 λέγων.
1093 3778 1109 3809 ι
1132 3759 1239 3812 Καὶ
1267 3754 1419 3821 αὖθίς
1438 3771 1599 3827 φησιν
1624 3758 1679 3810 έν
1705 3742 1927 3826 ἑτέροις·

370 3877 390 3907 ι
435 3851 601 3917 Οὗτός
625 3856 739 3907 ἐστι
760 3854 886 3921 περὶ
907 3845 967 3905 οὗ
998 3854 1025 3904 ὁ
1042 3850 1249 3913 Παῦλος
1279 3849 1382 3919 ἔφη
1407 3848 1498 3901 τοῦ
1524 3848 1931 3918 προορισθέντος

374 3968 391 3997 ι
434 3946 562 3999 Υἱοῦ
583 3944 738 3998 Θεοῦ.
756 3965 773 3996 ι
800 3945 907 3997 Καὶ
932 3941 1163 3996 ἐνταῦθα
1189 3941 1252 4011 δὴ
1274 3942 1333 3994 οὐ
1356 3943 1451 4012 τὴν
1478 3940 1621 4004 λέξιν
1650 3940 1815 4010 μόνην
1841 3937 1937 4007 τὴν

370 4036 729 4106 ἁποστολικὴν
749 4033 1129 4105 παρέφθειρεν,
1148 4032 1282 4084 ἀλλὰ
1299 4032 1390 4084 καὶ
1408 4030 1506 4100 τὴν
1522 4029 1754 4082 διάνοιαν
1771 4027 1938 4097 αὐτὴν

372 4129 462 4181 διά
498 4127 596 4197 τῆς
639 4127 954 4198 προσθήκης
996 4124 1107 4195 (76)
1151 4126 1250 4192 τῆς
1285 4122 1376 4175 τοῦ
1416 4121 1572 4188 λόγου
1609 4110 1937 4190 προθέσεως.

388 4220 613 4288 Ἀδελφὰ
651 4219 705 4271 δὲ
734 4218 941 4280 τούτοις
969 4216 1245 4287 πράττων.
1281 4214 1380 4275 “ait;
1421 4212 1748 4273 Ψαλιιωδίας
1784 4227 1936 4279 περι-

448 4316 508 4374 >3
548 4310 644 4367 Ed.
680 4309 874 4375 Paris.,
903 4324 1021 4377 pag.
1056 4308 1141 4360 12.

442 4443 858 4513 "llchg.xvu,
889 4442 977 4495 22.

2024 1860 2042 1890 ι
2089 1842 2153 1895 de
2208 1844 2429 1896 mortuis
2478 1853 2601 1897 ante
2664 1844 2796 1898 alios
2844 1860 3028 1898 omnes
3086 1847 3289 1914 primus
3353 1845 3592 1899 surrexit

2026 1950 2042 1981 ι
2086 1931 2330 1987 Christus
2383 1934 2659 1997 Dominus,
2686 1951 2872 1989 verum
2916 1936 3061 2004 prior
3104 1945 3419 1989 surrexerat
3466 1943 3591 1989 ante

2027 2042 2044 2074 ι
2090 2039 2210 2077 eum
2261 2025 2306 2079 is
2338 2042 2499 2095 quem
2552 2026 2812 2096 propheta
2864 2027 3088 2082 Elismus
3123 2027 3438 2082 suscitabat.
3485 2025 3591 2081 Sed

2026 2134 2044 2165 ι
2095 2125 2149 2167 et
2178 2125 2300 2169 ante
2351 2120 2804 2173 resurrectionem
2852 2119 2969 2188 ejus
3004 2129 3122 2172 erat
3153 2118 3389 2174 Lazarus
3416 2119 3589 2172 susci-

2029 2226 2045 2256 ι
2094 2217 2254 2263 tants.
2307 2209 2372 2261 Et
2417 2225 2523 2277 quo
2563 2219 2801 2279 tempore
2855 2210 2905 2263 in
2944 2225 3104 2265 cruce
3150 2226 3341 2279 passus
3395 2211 3593 2275 fuerat,

2029 2317 2047 2350 ι
2098 2300 2389 2354 multorum
2439 2312 2750 2355 sanctorum
2803 2318 3063 2371 corpora,
3100 2304 3190 2370 qui
3226 2302 3597 2357 obdormisce-

2031 2410 2048 2440 ι
2095 2391 2264 2455 bant,
2317 2393 2690 2462 resurgebant.
2743 2412 2761 2444 ι
2817 2393 2969 2460 Quod
3031 2394 3330 2448 inconsulto
3385 2394 3598 2448 videtur

2028 2482 2310 2536 Marcellus
2355 2486 2599 2552 posuisse
2637 2503 2649 2539 :
2686 2500 2909 2552 corpora
2947 2486 3032 2539 illa
3086 2500 3278 2554 nempe
3325 2485 3596 2539 dormien-

2028 2574 2156 2628 tium
2198 2584 2503 2628 sauctorum
2556 2584 2681 2629 ante
2735 2575 3008 2629 Christum
3060 2576 3442 2630 resurrexisse.
3488 2574 3598 2630 Nec

2028 2665 2321 2734 Scriptura:
2350 2666 2672 2719 sententiam
2695 2666 2953 2735 integram
2978 2666 3432 2733 attendebat,th
3465 2682 3592 2719 con.
3660 2727 3664 2730 ,

2028 2765 2131 2809 stat
2167 2758 2278 2811 haec
2326 2770 2552 2824 corpora
2612 2758 2998 2822 resurrexisse,
3050 2767 3335 2825 postquam
3374 2756 3485 2825 ipse
3531 2760 3598 2811 de

2030 2847 2249 2901 mortuis
2283 2848 2637 2901 rcsnscitatus
2664 2848 2978 2902 exstitisset.
3014 2847 3250 2902 Ulterius
3281 2858 3332 2901 et
3365 2849 3417 2900 in
3451 2848 3597 2902 dicto

2030 2938 2257 3005 quodam
2294 2938 2608 3007 apostolico,
2653 2939 2926 2993 invenitur
2966 2941 3108 2993 idem
3142 2955 3266 2994 esse
3297 2939 3599 2993 hallucina-

2035 3040 2138 3082 tus.
2178 3028 2401 3082 Divinos
2418 3030 2703 3098 Apostolus
2744 3030 2794 3082 in
2826 3030 2911 3081 illa
2953 3031 3019 3083 ad
3060 3031 3328 3085 Romanos
3356 3030 3425 3083 ita
3465 3031 3600 3085 scri-

2035 3121 2113 3173 bit
2153 3135 2166 3171 :
2200 3119 2486 3189 Separatus
2531 3123 2583 3175 in
2628 3122 2971 3192 Evangelium
3011 3123 3123 3187 Dei,
3159 3124 3299 3191 quod
3334 3124 3451 3190 jam
3482 3135 3602 3177 ante

2033 3213 2340 3278 promiserat
2385 3229 2476 3281 per
2521 3214 2796 3282 prophetas
2846 3231 2970 3267 suos
3014 3215 3067 3266 in
3101 3212 3395 3275 Scripturis
3434 3229 3606 3267 sacro-

2033 3304 2249 3368 sanctis,
2290 3304 2353 3355 de
2400 3302 2543 3356 Filio
2588 3306 2749 3373 ipsius
2788 3306 3052 3372 unigenito
3084 3321 3110 3357 e
3139 3304 3334 3357 semine
3391 3303 3604 3356 Davitlis

2034 3394 2316 3446 secundum
2366 3410 2595 3457 carnem,
2636 3396 2726 3463 qui
2780 3396 3148 3463 ttesignabatur
3191 3393 3366 3447 Filius
3414 3394 3507 3447 Dei
3550 3397 3605 3446 in

2038 3485 2223 3537 virtute
2267 3487 2547 3537 secundum
2596 3488 2840 3551 spiritum
2883 3485 3318 3551 sanctiﬁcationis
3339 3485 3401 3536 ³².
3433 3484 3607 3548 Quam

2039 3575 2126 3628 ille
2186 3574 2544 3637 sententiam,
2576 3590 2680 3643 qua
2731 3582 2907 3627 mente
2958 3573 3159 3635 nescio,
3207 3573 3303 3627 sed
3349 3572 3609 3639 pervertit

2037 3681 2188 3721 sane.
2219 3666 2371 3736 Legit
2394 3665 2534 3719 enim
2576 3666 2626 3720 in
2662 3675 2805 3720 textu
2839 3665 3163 3735 apostolico,
3195 3664 3609 3736 προορισθέντος

2043 3776 2060 3808 ι
2098 3758 2359 3827 praevism
2382 3766 2434 3811 et
2470 3776 2487 3808 ι
2510 3757 2943 3827 prtedesignato;
2985 3775 3002 3807 ι
3040 3755 3126 3824 qui
3162 3756 3437 3817 debuerat,
3489 3754 3607 3821 ὁρι-

2039 3850 2274 3913 σθέντος,
2305 3850 2619 3915 constituto,
2661 3859 2712 3903 et
2741 3850 3125 3911 determinato;
3172 3866 3190 3899 ι
3226 3848 3277 3901 in
3309 3861 3429 3900 eum
3460 3859 3609 3899 neot-

2038 3957 2102 4011 pe
2128 3943 2310 4008 linem,
2350 3951 2408 3995 ut
2443 3941 2770 4011 intelligatur
2806 3941 2972 3995 Filius
3013 3955 3165 4005 esse,
3209 3954 3273 3995 eo
3309 3938 3466 3993 modo
3504 3952 3610 4005 quo

2039 4042 2164 4084 Sunt
2196 4032 2269 4085 illi
2307 4032 2395 4102 qui
2442 4047 2538 4101 per
2566 4032 2959 4102 prtescientiam
2991 4031 3359 4100 designantur.
3390 4027 3468 4080 Ad
3493 4039 3611 4079 ver-

2042 4124 2167 4176 bum
2227 4125 2447 4187 idcirco,
2500 4125 2572 4177 ita
2607 4122 2796 4177 scribit
2831 4142 2842 4176 :
2883 4142 2900 4174 ι
2939 4122 3395 4188 Quemadmodum
3449 4117 3612 4186 igitur

2049 4229 2066 4261 ι
2114 4212 2407 4266 Ecclesiam
2446 4226 2597 4267 suam
2624 4212 2903 4280 praevisum
2927 4211 3266 4280 omnipotens
3288 4209 3611 4279 designavit.

1068 4441 1113 4472 ⁸ο
1139 4440 1348 4495 Coloss.
1378 4454 1415 4503 ι,
1446 4436 1535 4494 l5.
1612 4436 1653 4467 ³¹
1685 4435 1813 4490 ibid.
1850 4434 1945 4501 18;
1981 4433 2149 4503 Apoc.
2182 4445 2218 4494 ι,
2259 4430 2312 4483 5.
2388 4429 2432 4459 ³⁸
2467 4426 2623 4482 Rom.
2650 4444 2689 4493 ι,
2715 4429 2765 4481 1.

377 4611 470 4665 nio
499 4617 761 4669 veterum,
788 4614 1012 4673 excepto
1041 4602 1469 4673 Theophylacto.
1500 4608 1555 4653 et
1590 4598 1940 4673 interpretum

2048 4592 2315 4673 Quive-cant.
2351 4589 2961 4673 Mox_vul‘go‘7:p6:spov
2987 4599 3041 4645 et
3077 4590 3214 4642 infra
3244 4587 3344 4658 τὴν
3380 4586 3476 4640 τοῦ
3514 4586 3615 4642 αό-

380 4680 767 4741 rccentiorum,
800 4686 856 4729 ιιι
887 4670 1228 4728 docltssimus
1269 4670 1606 4741 Maldouatus
1638 4670 1817 4741 docet,
1850 4682 1939 4741 co-

380 4752 539 4804 mites
566 4736 776 4802 scilicet
810 4745 1075 4799 reservari
1119 4744 1385 4809 triumpho
1414 4740 1486 4792 illi
1541 4740 1595 4791 in
1641 4737 1794 4791 caelis
1823 4736 1940 4809 glo-

378 4803 546 4878 rioso,
579 4818 828 4886 quando,
872 4824 927 4866 ιιι
972 4814 1204 4886 loquitur
1249 4803 1945 4886 Νὐιῑέιηῑειιιιε,’παρατρέ-

378 4878 613 4959 χοντες,’
645 4887 737 4939 καὶ
786 4878 1305 4959 παραπεμπόμενοι,
1366 4880 1598 4959 ᾄσμασιν
1656 4878 1944 4956 ἐπινικίοις

379 4946 793 5028 ἒπανηγύριζον.
854 4946 1032 5028 Certe,
1084 4946 1285 5028 κατέϐη
1339 4946 1534 5028 μόνος-ζ.
1561 4948 1794 5028 lgnaltius
1843 4946 1939 5025 ait,

378 5015 641 5098 ἁνέὸήδὲ
665 5015 801 5097 μετὰ
841 5024 1120 5076 πλειόνων.
1155 5015 1452 5089 Utrum-que
1493 5015 1856 5072 'l‘ertullianus
1886 5015 1940 5067 in

380 5098 718 5153 Carminibus
744 5098 816 5148 uit
850 5111 863 5146 :

521 5188 675 5248 Illos,
704 5203 805 5239 non
836 5182 1064 5237 tumulos
1102 5191 1302 5234 certum
1326 5190 1398 5232 est
1429 5177 1672 5244 repetisse
1700 5175 1907 5226 silentes

522 5247 783 5325 Amplius,
812 5266 899 5308 aut
925 5266 1077 5307 terrm
1112 5251 1324 5303 retineri
1354 5251 1545 5302 viscere
1581 5247 1813 5298 clausos.

380 5371 489 5426 Sed
526 5384 832 5424 mensuram
890 5366 1201 5421 excedimtts
1257 5362 1695 5415 Aduotationum.
1724 5356 1947 5409 Videtur

379 5441 592 5511 legend.
615 5442 665 5491 in
688 5440 879 5511 Euseb.
902 5439 975 5511 φῦ
999 5436 1155 5511 μόνον
1170 5432 1348 5511 τοίνυν
1366 5430 1462 5501 τῆς
1483 5428 1665 5509 κοινῆς
1695 5428 1942 5511 κτίσεως..

383 5496 516 5573 αἱ,
544 5520 601 5561 ιιι
630 5509 858 5576 explicet
904 5496 1029 5559 illud
1056 5506 1251 5576 πάσης.
1286 5502 1352 5554 Et
1384 5496 1499 5576 ujox
1530 5516 1543 5551 ι
1575 5499 1708 5567 ὅπερ
1742 5496 1946 5576 xuii-6L6

383 5579 477 5701 Ξοῦ
504 5566 846 5701 ῗὲαῗῗτοκος
881 5578 1058 5646 πάσης
1113 5566 1337 5635 κτίσεως
1376 5571 1607 5641 εἴρηται,
1642 5566 1947 5637 γνωσθῆναι

417 5667 511 5701 υντῖ
596 5692 607 5701 .

450 5667 585 5703 νηυη
596 5692 607 5703 .

385 5649 607 5719 δυντθῇ.
641 5649 687 5701 Μ

458 5694 573 5789 (Ἠ)
608 5720 772 5786 Vulgo
795 5716 931 5784 ὅπερ
955 5725 1007 5771 et
1042 5716 1218 5785 πάσης
1251 5714 1370 5768 loco
1404 5712 1501 5765 ἀπ.
1538 5709 1657 5765 dein
1705 5705 1808 5776 Mp.
1851 5720 1941 5774 γρ.

2046 4661 2137 4717 τοῦ
2173 4672 2223 4715 el
2258 4662 2415 4729 ἀφορ.
2452 4662 2531 4723 εἰς
2556 4661 2616 4712 τὸ
2649 4661 2804 4730 εὐαγ.

2114 4732 2233 4804 (75)Δ
2260 4725 2526 4799 Ποιήσας
2572 4725 3048 4804 προορισθέντος.
3082 4728 3343 4804 __Aceusat_
3378 4725 3610 4804 Marcel-

2040 4797 2171 4867 lum,
2206 4797 2511 4871 depravata:
2555 4797 2835 4871 scriptura:
2886 4797 3611 4871 apostolicacgglaiso.gNam

2040 4878 2091 4930 in
2108 4867 2403 4929 variatitem
2421 4872 2566 4924 ilium
2583 4867 2919 4940 Scripturam
2937 4867 3120 4936 procul
3135 4868 3298 4940 dubio
3311 4868 3607 4940 inciderat.

2040 4946 2113 5000 Ita
2159 4948 2303 4999 enim
2358 4942 2410 4994 in
2444 4940 2669 4993 diversis
2709 4938 3109 5008 exemplaribus
3157 4938 3283 5008 olim
3310 4938 3610 5008 legebatur.

2040 5017 2113 5069 lla
2153 5018 2203 5068 in
2236 5014 2348 5066 suis
2397 5011 2597 5063 invenit
2654 5006 2996 5064 lidelissiinus
3036 5007 3298 5069 omnium,
3333 5018 3387 5058 et
3414 5006 3616 5059 doctis—

2041 5088 2210 5139 simus
2260 5092 2413 5135 vetus
2458 5081 2728 5147 Ittterpres
2791 5090 3001 5136 noster.
3045 5078 3135 5145 qui
3196 5078 3359 5147 vertit
3390 5072 3613 5129 Prwde-

2040 5158 2289 5217 stinatus,
2324 5155 2395 5204 ita
2445 5151 2570 5215 legit
2606 5144 2945 5218 Epiphanius
2974 5144 3613 5218 contraUTheodotianos,

2041 5225 2115 5279 ita
2143 5225 2255 5283 alii.
2277 5214 2346 5275 ἐι
2390 5221 2476 5273 hic
2498 5214 2687 5272 fetiatt".
2718 5214 3000 5272 Eusebius
3051 5215 3365 5268 cavillatur.
3392 5244 3462 5256 -—
3492 5214 3616 5269 Mox

2042 5295 2197 5362 Vulgo
2248 5307 2464 5411 προορη
2522 5290 2643 5341 dein
2701 5290 2892 5341 ἀποστ.
2928 5289 2983 5339 ἐν
3029 5285 3106 5355 τῷ
3146 5287 3233 5348 Β..
3267 5300 3431 5355 porro
3456 5286 3617 5356 vulgo

2044 5365 2150 5411 ὲντ.
2178 5362 2232 5411 δέ
2259 5376 2309 5411 et
2346 5380 2381 5411 υ.
2414 5377 2509 5411 νην
2542 5359 2637 5411 ἀπ,
2669 5369 2722 5411 et
2754 5360 3056 5411 ἐπάκουσον
3079 5356 3226 5411 γοῦν.

2044 5356 2157 5415 ὲντῖ
2178 5362 2232 5414 δέ
2259 5356 2309 5412 «εἰ
2344 5356 2509 5430 μόνην
2542 5359 2637 5411 ἀπ.
2669 5369 2722 5411 et
2754 5360 3056 5430 ἐπάκουσον
3079 5356 3226 5423 γοῦν.

2118 5434 2225 5504 (76)
2270 5425 2383 5504 Τῆς
2438 5425 2542 5504 τοῦ
2590 5430 2774 5496 λόγου
2818 5427 3174 5504 προθέσεως.
3217 5427 3284 5479 At
3326 5425 3619 5504 ηερ-λόγον

2048 5496 2243 5571 adjecit
2270 5496 2551 5554 Marcellus
2571 5537 2584 5561 ,
2610 5515 2708 5571 nec
2735 5512 2819 5571 est
2843 5498 2997 5565 λόγος
3014 5497 3293 5571 πρόθεσις)
3315 5498 3405 5550 sed
3426 5496 3616 5571 livopa.

2048 5564 2351 5693 Legggdum
2396 5571 2557 5691 ihglitur
2604 5567 2691 5621 διὰ
2733 5570 2831 5639 τῆς
2866 5564 3200 5639 προσθήκης,
3229 5567 3327 5637 τῆς
3368 5566 3464 5619 τοῦ
3512 5564 3622 5638 πρὸ

2050 5660 2154 5693 ποο
2224 5657 2375 5693 πως.

2050 5657 2375 5713 προθέσεως.
