4098 6200
518 260 621 321 789

1192 248 1463 309 EUSEBII
1498 250 1981 307 CXESABIENSIS
2018 249 2169 307 OPP.
2211 249 2393 306 PARS
2429 250 2518 307 ιγ.
2562 284 2625 296 -
2666 251 3091 310 DOGMATICA.

3669 255 3771 309 746

522 395 542 430 ι
588 376 656 432 ad
688 374 936 431 eumdem
984 373 1201 429 modum
1252 382 1307 428 et
1339 370 1541 427 Christi
1590 370 1753 425 etiam
1792 371 2081 426 secundum

2196 370 2447 441 εχούσηςο
2490 372 2583 427 Ἐκ
2607 374 2867 443 γαστρὸς
2892 372 3006 441 πρὸ
3023 373 3339 442 ἑωσφόρον
3357 370 3663 441 ἑγέννησά
3676 388 3771 427 σε.

522 488 542 522 ι
588 483 807 524 carnem
844 466 1226 529 (economiam,
1260 478 1356 534 per
1389 478 1551 532 quem
1599 477 1769 532 genus
1808 461 1939 516 illud
1972 463 2090 532 pio-

524 575 542 608 ι
591 573 708 611 rum
739 566 792 610 et
817 554 1108 609 colentium
1146 556 1333 618 Deum,
1375 555 1442 607 ad
1482 554 1828 621 adoptionem
1860 552 2092 608 filiorum

522 663 542 696 ι
590 646 971 714 praeordinavit
991 644 1036 673 ³³
1056 684 1070 708 ,
1103 643 1278 711 posito
1322 642 1414 697 illo
1440 643 1593 712 prius
1622 641 1996 707 fundamento,
2022 643 2095 698 ita

522 756 544 791 ι
587 741 725 808 apud
756 753 912 792 suum
954 738 1192 791 animum
1236 736 1517 792 statuisse.
1554 734 1706 791 Hanc
1742 735 1813 791 ob
1846 750 2093 802 causam,

523 845 544 880 ι
590 827 876 897 Apostolus
901 842 997 896 per
1033 828 1293 896 Spiritum
1328 836 1603 889 sanctum,
1634 824 1918 880 manifeste
1947 826 2094 880 illum

524 943 543 974 ‹
585 934 740 977 vocat
772 922 965 977 Filium
992 921 1082 974 Dei
1109 920 1393 990 praevisum
1426 928 1481 973 et
1504 919 2090 989 praedeterminatum.»

520 1016 586 1070 Et
621 1016 726 1069 alio
757 1015 874 1069 loco
903 1032 916 1067 :
957 1031 975 1065 ι
1014 1013 1111 1069 llic
1145 1023 1228 1067 est
1277 1011 1365 1065 ille
1396 1010 1461 1064 de
1490 1026 1598 1080 quo
1629 1011 1845 1065 dicebat
1875 1010 2093 1075 Paulus,

524 1125 543 1159 ι
590 1107 987 1177 praeordinatus
1019 1106 1186 1159 Filius
1215 1106 1330 1159 Dei.
1361 1124 1380 1158 ι
1409 1104 1594 1173 Neque
1634 1121 1818 1161 vocem
1860 1114 2097 1159 tantum-

520 1198 679 1253 modo
710 1198 1023 1267 depravavit
1050 1196 1221 1250 hocin
1259 1197 1379 1252 loco
1402 1198 1739 1267 aliApostolo
1764 1207 2095 1265 usurpatam,

519 1291 614 1345 sed
654 1298 706 1345 et
738 1290 909 1357 ipsam
940 1288 1055 1358 ejus
1101 1297 1333 1344 mentem
1383 1304 1481 1359 per
1518 1290 1659 1343 illius
1694 1287 2097 1359 praepositionis

518 1398 613 1452 pro
673 1382 1084 1451 appositionem.
1148 1380 1273 1436 Istis
1309 1394 1488 1437 autem
1546 1392 1671 1437 sunt
1734 1396 1987 1452 germana
2045 1390 2095 1436 et

520 1474 754 1544 genuina
806 1490 925 1542 quae
981 1484 1035 1528 et
1091 1475 1141 1528 in
1195 1473 1422 1529 Psalmis
1477 1480 1780 1531 attentavit.
1824 1474 1955 1529 Nam
2007 1474 2096 1529 ubi

519 1566 758 1629 dicitur,
797 1566 873 1620 De
916 1577 1060 1620 utero
1106 1577 1229 1620 ante
1266 1566 1568 1636 Luciferum
1613 1570 1766 1638 genui
1809 1577 1876 1634 te,
1905 1574 1963 1631 ›Ῑ‹
1998 1569 2095 1621 ad-

520 1660 875 1715 ditamentum
908 1661 1147 1729 adhibet,
1179 1662 1322 1732 quod
1373 1676 1636 1730 nusquam
1684 1662 1736 1715 in
1770 1660 1983 1731 Psalmo
2014 1678 2096 1715 re-

519 1754 764 1823 peritur,
796 1767 853 1807 ut
885 1754 986 1809 illis
1026 1756 1096 1808 ita
1142 1763 1322 1824 posset
1374 1755 1713 1818 obtrectare,
1746 1755 1839 1824 qui
1870 1770 1973 1808 non
2006 1771 2098 1824 pa-

524 1847 600 1901 ria
656 1861 779 1902 cum
834 1847 949 1917 ipso
1001 1848 1330 1902 sentiebant.
1376 1846 1609 1901 Attende
1669 1861 1798 1901 vero
1851 1862 2095 1917 quamam

520 1940 629 1995 sint
660 1955 781 2011 quae
830 1940 1036 1996 scribit.
1089 1939 1179 2011 [R.
1212 1937 1440 2010 XXlll.]
1495 1958 1514 1991 ι
1576 1936 1727 1993 Hanc
1765 1938 1833 1993 ob
1878 1955 2096 1993 causam

526 2051 546 2085 ι
588 2033 727 2099 ideo,
762 2033 975 2087 videtur
1008 2033 1137 2086 mihi
1169 2031 1371 2100 aliquid
1412 2032 1635 2085 omnino
1664 2032 1949 2086 dicendum
1978 2047 2098 2086 esse

526 2143 545 2176 σ
586 2127 651 2180 de
677 2139 741 2179 eo
769 2127 911 2192 quod
950 2139 1212 2191 nusquam
1259 2124 1436 2179 adhuc
1482 2124 1605 2178 alibi
1641 2124 1873 2192 positum
1909 2133 2011 2179 est.
2072 2144 2090 2176 ι

524 2214 713 2285 Magna
749 2230 875 2282 pars
906 2215 1103 2267 etenim
1133 2214 1200 2267 ab
1232 2214 1324 2268 illo
1360 2213 1657 2282 positorum
1689 2254 1704 2278 ,
1750 2228 1817 2268 ex
1849 2222 1974 2268 ante
2005 2230 2098 2267 no-

523 2309 605 2363 bis
630 2306 788 2362 dietis
824 2304 1103 2359 manifesta
1130 2316 1275 2360 sunt.
1326 2306 1400 2360 De
1424 2307 1702 2372 utero,ait,
1733 2317 1850 2360 ante
1884 2305 2098 2376 Lucife-

526 2414 636 2451 rum
672 2398 826 2467 genui
854 2407 905 2449 te
934 2396 1000 2449 ³³.
1054 2394 1318 2465 Opinatus
1352 2407 1436 2451 est
1479 2408 1660 2451 autem
1694 2397 1836 2451 hanc
1877 2408 2096 2453 senten-

525 2492 676 2553 tiam,
714 2489 1098 2558 praepositione
1153 2488 1240 2542 illa
1292 2487 1375 2554 ἐξ,
1428 2489 1569 2543 clam
1635 2488 1777 2543 furto
1804 2490 2094 2555 subducta,

522 2599 642 2637 cum
668 2582 920 2637 haeretica
958 2583 1125 2651 ipsius
1164 2582 1418 2651 opinione
1462 2584 1917 2651 conspiraturam.
1953 2582 2097 2649 Quo-

519 2675 665 2729 circa
685 2674 774 2728 ubi
816 2674 1074 2744 syllabam
1109 2672 1251 2728 illam
1284 2673 1855 2743 congruentissimam,
1878 2673 1944 2728 de
1966 2688 2098 2727 voce

518 2776 796 2822 exemerat
824 2766 1293 2836 regenerationem
1333 2766 1451 2835 ejus
1483 2766 1786 2835 antiquam,
1821 2781 1921 2820 nec
1951 2765 2097 2821 aliud

520 2858 856 2928 quidquam,
911 2858 1014 2913 hoc
1063 2857 1276 2913 volebat
1309 2858 1428 2912 loco
1477 2858 1793 2913 iudicatam.
1837 2858 2095 2925 Quando-

519 2950 735 3018 quidem
787 2964 914 3003 vero
947 2949 1407 3003 vehementiorem
1473 2950 1526 3003 in
1579 2951 1797 3005 modum
1854 2967 1951 3022 pro
1996 2966 2095 3007 suo

2194 463 2223 514 ὀ
2282 462 2339 514 δὲ
2397 463 2676 517 κάνταῦθα
2743 464 3028 536 προσθήκῃ
3064 463 3341 535 ίκέχρηται
3395 466 3460 533 τῇ
3515 462 3773 535 μηδαμῶς

2196 555 2565 627 ἐμφερομένῃ,
2606 557 2741 628 πρὸς
2774 557 2835 609 τὸ
2878 554 3335 627 καταμέμφεσθαι
3362 554 3438 625 τῷ
3472 554 3546 627 μὴ
3580 555 3773 626 ὁμοίως

2195 648 2344 719 αὐτῷ
2377 648 2661 717 φάσκοντι·
2706 647 3040 701 Ἐπάκουσον
3061 643 3153 700 οὖν
3180 648 3329 709 ὅπως
3354 647 3559 718 γράφει
3581 646 3757 715 λέγων

2203 758 2221 791 ι
2262 739 2361 793 Διὰ
2392 738 2551 792 τοῦτο
2591 740 2792 800 τοίνυν,
2833 739 2979 792 δοκεῖ
3014 756 3104 809 μοι
3138 738 3319 801 καλῶς
3359 738 3501 809 ἔχειν
3533 756 3609 802 τι,
3651 738 3773 809 περὶ

2203 850 2221 882 ι
2259 826 2333 886 ὧν
2364 831 2497 902 μηδέ
2523 848 2607 884 πω
2634 830 2898 903 πρότερον
2923 832 3033 901 ('77)
3065 830 3267 899 διῆλθε,
3302 832 3418 883 νυνὶ
3473 830 3719 883 διελθεῖν.
3756 850 3773 881 ι

2197 924 2279 977 Τὰ
2323 924 2433 996 γὰρ
2466 928 2694 978 πλεῖστα
2733 924 2842 978 τῶν
2873 924 2964 977 ὑπ’
2998 924 3163 977 αὑτοῦ
3198 924 3537 995 γραφέντων,
3579 925 3643 976 ἐκ
3671 924 3775 977 τῶν

2196 1016 2294 1088 ἤδη
2321 1018 2737 1089 προειρημένων
2775 1020 2905 1088 ἡμῖν
2944 1018 3133 1085 γέγονε
3166 1016 3316 1087 δῆλα.
3367 1018 3461 1069 Ἐκ
3496 1015 3774 1085 γαστρὸς,

2198 1111 2352 1182 φησὶ,
2380 1110 2492 1178 πρὸ
2522 1111 2829 1179 ἐωσφόρου
2852 1110 2962 1181 (78)
2981 1108 3351 1179 ἐξεγέννησά
3377 1126 3469 1163 σε.
3492 1111 3651 1181 ’ᾨετο
3670 1109 3776 1181 γὰρ

2197 1204 2415 1265 πάντως
2442 1221 2542 1255 που
2568 1203 2691 1274 τὴν,
2721 1204 2799 1269 ἐξ,
2832 1202 3088 1273 πρόθεσιν
3117 1202 3415 1255 κλαπεῖσαν
3452 1203 3761 1273 συνδραμεῖ-

2199 1295 2319 1348 σθαι
2357 1297 2423 1365 τῇ
2473 1295 2573 1364 τῆς
2610 1295 2878 1366 αἱρέσεως
2922 1293 3138 1365 γνώμῃ.
3189 1294 3297 1357 Διὸ,
3338 1294 3398 1347 τὸ
3440 1292 3776 1365 κυριώτατον

2196 1388 2295 1458 τῆς
2320 1387 2586 1457 συλλαϐῆς
2603 1384 2818 1450 ἐξελὼν,
2845 1386 2943 1456 τὴν
2963 1384 3198 1456 ἀρχαίαν
3227 1384 3392 1437 αὐτοῦ
3419 1384 3776 1455 ἁναγέννησιν

2200 1480 2440 1552 σημῆναι
2482 1479 2768 1551 ἐϐουλήθη.
2806 1480 2917 1533 Kal
2951 1479 3250 1548 ἐπειδήπερ
3291 1480 3348 1531 ἐν
3383 1477 3591 1540 τούτοις
3625 1479 3773 1546 ἰσχυ-

2202 1569 2309 1640 ρῶς
2358 1568 2647 1622 διετείνετο
2696 1569 2824 1639 περὶ
2880 1569 2971 1621 τοῦ
3027 1569 3227 1621 οἰκείου
3290 1568 3623 1637 σφάλματος,
3684 1568 3775 1621 τὸν

2198 1661 2372 1732 ὀρθῶς
2388 1660 2673 1732 γράψαντα
2703 1660 3077 1731 μεμψάμενος,
3100 1661 3249 1713 οὐδὲν
3272 1660 3432 1723 αὐτὸς
3457 1659 3626 1712 είπὼν
3663 1661 3776 1722 τοῖς

2130 1733 2170 1787 Β
2200 1753 2604 1823 ἐντυγχάνουσι,
2626 1753 2725 1825 τὴν
2752 1751 2919 1823 αὐτὴν
2948 1753 3044 1823 τῆς
3066 1751 3421 1820 ἀναγνώσεως
3444 1750 3776 1822 παραδίδωσι

2202 1845 2527 1918 μαρτυρίαν.
2579 1844 2792 1916 Προϊὼν
2838 1845 2882 1896 δ’
2934 1840 3089 1907 αὖθις
3129 1846 3156 1897 ὀ
3204 1844 3383 1907 αὐτὸς,
3434 1844 3643 1911 εἰσάγει
3686 1842 3777 1896 τὸν

2199 1938 2427 2009 Σωτῆρα
2456 1938 2713 2005 λέγοντα’
2773 1935 2912 2004 Ἐγὼ
2944 1938 3060 2005 ειμι
3105 1938 3142 2003 ἡ
3182 1935 3390 2003 ἡμέρω
3423 1928 3523 1987 ὧδέ
3556 1952 3632 2005 πη
3677 1934 3777 2003 φά-

2200 2046 2376 2082 σκωνο
2420 2048 2436 2080 ι
2477 2029 2709 2091 Σκότους
2745 2027 2853 2098 γὰρ
2885 2028 3035 2091 ὄντος
3077 2029 3362 2099 πρότερον,
3403 2026 3491 2079 διὰ
3532 2026 3631 2097 τὴν
3680 2025 3776 2095 τῆς

2202 2140 2219 2171 ι
2260 2120 2569 2182 θεοσεϐείας
2597 2120 2839 2187 ἄγνοιαν,
2875 2119 2974 2188 τῆς
3000 2119 3056 2170 δὲ
3083 2119 3295 2189 ἡμέρας
3333 2117 3620 2186 φαίνεσθαι
3649 2117 3777 2187 μελ-

2196 2211 2411 2283 λούσης,
2466 2210 2613 2280 Ἐγὼ
2647 2210 2756 2280 γάρ
2784 2212 2921 2279 εἰμι,
2958 2211 3142 2280 φησὶν,
3186 2211 3223 2275 ὴ
3259 2208 3446 2279 ἡμέρα
3470 2210 3599 2279 (79).
3632 2228 3649 2259 ι
3689 2210 3779 2262 Εἱ-

2197 2306 2368 2369 κότως
2396 2306 2485 2357 τὸν
2516 2305 2719 2375 ἀστέρα
2759 2306 3032 2375 ἑωσφόρον
3072 2305 3343 2376 ὀνομάζει.
3376 2305 3486 2357 Kal
3519 2306 3577 2357 ὲν
3606 2304 3779 2377 ἑτέρῳ

2196 2404 2346 2470 τόπῳ
2379 2398 2539 2469 φησίν
2560 2414 2570 2426 ·
2599 2418 2616 2448 ι
2642 2398 2856 2468 Ἐπειδὴ
2879 2398 3013 2468 μετὰ
3030 2397 3124 2468 τὴν
3148 2399 3245 2469 τῆς
3268 2397 3465 2468 σαρκὸς
3487 2398 3778 2469 ἀνάληψιν,

2204 2510 2221 2542 ι
2263 2489 2494 2561 Χριστός
2535 2505 2591 2541 τε
2627 2489 2720 2541 καὶ
2780 2488 2987 2558 Ἰησοῦς
3026 2489 3375 2559 κηρύττεται,
3413 2488 3525 2559 ζωή
3580 2506 3639 2541 τε
3680 2488 3779 2542 καὶ

2196 2584 2313 2647 ὁδὸς
2349 2582 2443 2635 καὶ
2476 2582 2675 2653 ἡμέρα.
2720 2603 2738 2634 ι
2787 2582 2897 2634 Kal
2931 2578 3086 2643 αὖθις
3117 2580 3321 2651 προῖὼν
3353 2580 3444 2633 τοῦ
3480 2580 3778 2635 ἀποστόλου

2195 2674 2375 2744 τίθησι
2404 2672 2483 2736 τὸ,
2525 2674 2591 2726 Ἠ
2617 2671 2685 2725 δὲ
2717 2672 2974 2741 ἡμετέρα
3010 2671 3399 2741 Ἰερουσαλὴμ
3429 2672 3550 2725 ἅνω
3580 2674 3777 2727 ἐστίν.

2198 2767 2307 2820 Kal
2338 2766 2389 2819 τί
2423 2783 2489 2837 με
2517 2765 2600 2818 δεῖ
2635 2765 2921 2837 μηκύνειν,
2958 2766 3131 2835 παρὸν
3159 2764 3235 2834 τῷ
3256 2765 3641 2836 βουλομένῳέκ
3668 2767 3778 2821 τῶν

2198 2857 2611 2930 προειρημένων
2656 2857 2724 2910 τὰ
2770 2856 3127 2927 παραπλήσια
3162 2857 3225 2909 ἐκ
3269 2856 3363 2909 τοῦ
3404 2858 3603 2921 παντὸς
3649 2875 3782 2927 συγ-

2198 2951 2523 3021 γράμματος
2553 2949 2929 3017 ἀναλέγεσθαι,
2972 2950 3065 3001 καὶ
3108 2947 3167 3000 τὸ
3201 2948 3423 3020 εὐχερὲς
3452 2949 3547 3001 τοῦ
3590 2950 3781 3022 ἀνδρὸς

520 3043 608 3097 hic
632 3056 820 3095 errore
852 3041 1250 3095 concertaverit
1279 3080 1295 3107 ,
1328 3040 1420 3095 illo
1452 3042 1787 3110 reprehenso
1823 3043 1915 3113 qui
1949 3053 2081 3099 recte

2200 3042 2541 3097 ἐποπτεύειν.
2590 3037 2769 3115 Ἑξῆς
2795 3042 3078 3113 εὐχερείας
3110 3041 3331 3095 ἀκούσει
3353 3041 3519 3095 αὐτοῦ
3550 3042 3659 3113 (80)
3689 3043 3781 3097 τὸν

593 3159 654 3218 »Β
686 3154 783 3210 Ed.
814 3154 1011 3216 Paris.,
1044 3169 1163 3225 pag.
1198 3152 1281 3207 l3.

588 3249 632 3280 ³⁸
657 3247 799 3303 Psal.
822 3261 910 3311 cx,
946 3246 997 3302 9.
1094 3244 1141 3277 “
1168 3242 1306 3300 Psal.
1337 3260 1421 3300 (ιιι
1441 3284 1457 3312 ,
1489 3244 1540 3300 5.

590 3432 702 3501 (TI)
738 3431 1010 3503 Διῆλθεν.
1040 3430 1186 3500 Lege
1218 3430 1431 3502 διῆλθον
1477 3430 1555 3503 [et
1599 3431 1678 3486 sic
1724 3431 1776 3485 in
1818 3446 1960 3487 corr.
1989 3432 2075 3486 ed.

646 3514 700 3558 et
741 3502 995 3578 transfer,
1036 3503 1218 3555 videor
1247 3502 1402 3578 mihi,
1436 3502 1528 3555 nec
1575 3503 1797 3571 injuria,
1839 3504 2077 3578 dicturus

518 3573 865 3644 de’eo,iquod
892 3587 1149 3644 nusquam
1204 3574 1333 3625 alibi
1380 3583 1681 3640 persecutus
1726 3590 1859 3627 sum.
1908 3573 2077 3644 Derse

518 3642 804 3699 Marcellus
854 3643 997 3697 enim
1056 3642 1333 3709 loquitur:
1369 3644 1415 3696 is
1464 3653 1644 3696 autem
1693 3657 1852 3709 quem
1895 3653 1950 3696 et
1989 3643 2073 3696 hic

519 3717 764 3784 designat
808 3714 943 3784 ipse,
1001 3720 1058 3784 et
1108 3727 1268 3784 quem
1325 3710 1588 3784 Eusebius
1623 3710 1979 3781 intelligebat,
2019 3714 2071 3765 in

516 3784 596 3855 τῷ
640 3780 716 3855 μὴ
740 3780 1150 3855 ομοίωςγαὺτῷ
1177 3781 1458 3855 φάσκοντι,
1490 3782 1737 3835 Asterius
1764 3780 1867 3842 est,
1897 3796 2077 3855 quem,

518 3852 859 3920 cumprimis
897 3854 1155 3906 Arianam
1208 3852 1456 3921 hmresim
1491 3859 1941 3920 propugnantem,
1978 3854 2079 3905 hoc

518 3939 619 3979 suo
660 3923 880 3992 scripto,
917 3922 1058 3991 quod
1093 3921 1330 3974 traducit
1370 3921 1662 3992 Eu_sebius._
1696 3923 2077 3992 exagitandam

521 3995 622 4049 sibi
655 3989 947 4046 Marcellus
982 3994 1237 4059 suscepit.
1257 3992 1333 4045 M.
1353 3990 1609 4059 —Supra
1639 3989 1781 4060 ἔχειν
1804 3991 1904 4053 ἔτι,
1922 3990 2001 4055 ιιι.

587 4064 698 4135 (‘78)
720 4060 1179 4135 _'E£eq~évm0a._
1201 4061 1410 4135 Fa_teor_
1433 4076 1519 4135 ine
1548 4076 1780 4135 sensum
1810 4061 1911 4116 loci
1962 4079 2066 4135 non

518 4131 756 4203 assequi.
796 4134 983 4186 Dicere
1023 4131 1212 4203 debuit
1256 4132 1541 4203 Eusebius.
1571 4131 1876 4203 Marcellum
1919 4134 2071 4203 addi:

516 4200 1122 4273 disse’prmpositionem
1156 4200 1337 4273 eiad
1369 4201 1814 4273 ἐγέννησαηΝίιιιι
1844 4212 1905 4273 et
1930 4202 2071 4255 LXX

516 4284 571 4330 et
613 4271 822 4339 omnes,
876 4273 1073 4340 legunt,
1114 4273 1195 4325 vel
1237 4271 1555 4341 ἐγέννησα,
1599 4271 1678 4325 vel
1722 4271 2069 4342 γεγέννηκα,

517 4345 704 4399 nullibi
746 4346 945 4398 mentio
985 4343 1379 4411 praepositionis
1430 4343 1591 4406 illius,
1621 4358 1782 4410 quam
1819 4344 1930 4395 vult
1972 4344 2065 4394 ad-

516 4417 685 4469 ditam
716 4430 744 4467 a
782 4413 1061 4476 Marcello;
1098 4413 1190 4466 sed
1238 4424 1598 4482 praeterquam
1630 4414 1772 4479 quod
1802 4428 1903 4467 vox
1936 4411 2069 4465 κλα-

2192 3433 2393 3506 tjonem
2419 3434 2694 3506 improbet
2718 3451 2733 3487 :
2756 3433 3091 3506 Augustinus
3116 3440 3297 3506 tamen
3320 3441 3370 3487 et
3393 3431 3478 3484 alii
3508 3435 3762 3501 probant.

2187 3501 2384 3575 Quidni
2409 3505 2432 3558 ?
2459 3501 2579 3558 cum
2598 3506 2756 3559 unius
2773 3501 3122 3575 ejifsdeiiique
3148 3504 3272 3566 loci,
3290 3511 3471 3557 contra
3493 3517 3650 3572 quam
3671 3519 3768 3556 vo-

2184 3572 2305 3627 lunt
2322 3574 2617 3628 Novatores
2638 3572 2828 3639 nostri,
2844 3575 3023 3643 plures
3044 3576 3317 3643 iidemque
3355 3575 3642 3627 secundum
3680 3576 3769 3627 lit-

2184 3652 2354 3723 teram
2400 3659 2591 3699 sensus
2631 3646 2779 3700 reddi
2837 3642 3064 3715 possint.
3091 3645 3164 3699 Μ.
3190 3642 3257 3683 -ὲ
3278 3642 3394 3697 Mox
3425 3643 3579 3714 vulgo
3603 3660 3771 3715 σεμνο

2182 3729 2326 3769 υναι.

2261 3784 2373 3853 (79)
2402 3784 2679 3849 Εἰκότως,
2715 3785 2827 3838 τὸν
2875 3785 3120 3852 ἀστέρα.
3153 3782 3275 3838 ηερε
3308 3794 3434 3837 sunt
3465 3783 3766 3849 ἁσύστατα,

2190 3852 2546 3914 Γοιιείιιθιξει.
2605 3856 2816 3919 ἑαυτόν,
2871 3866 2928 3908 ut
2983 3857 3243 3923 legamus,
3301 3855 3529 3918 εἰκότως
3578 3857 3771 3910 ἐαυτὸν

2186 3924 2389 3995 ἀστέρα
2423 3925 2697 3995 ἑωσφόρον
2736 3926 3015 3995 ὀνομάζει.
3070 3927 3199 3989 Quae
3262 3940 3387 3995 mox
3438 3938 3765 3993 sequuntur,

2189 3994 2519 4067 transrposita‘
2563 3994 2710 4050 sunt.
2772 3994 3110 4067 Legeuilum,
3129 3994 3318 4067 ἐπειδὴ
3359 3996 3498 4067 μετὰ
3537 3996 3636 4067 τὴν
3669 3997 3770 4066 τῆς

2188 4062 2443 4145 [vulgo-il.
2472 4063 2569 4145 sint
2603 4066 2754 4145 μετὰ.
2782 4062 2902 4136 τῆξ]
2956 4065 3157 4136 σαρκὸς
3200 4062 3486 4145 ανάληψιν,
3540 4062 3776 4145 Χριστός

2172 4150 2231 4186 τε
2254 4138 2346 4188 καὶ
2382 4135 2590 4208 Ἰησους
2608 4135 3131 4208 κηρύττεταιςῇευηι
3148 4138 3293 4189 enim
3319 4135 3419 4204 τῆς
3435 4137 3770 4203 οἰκονομίας,

2171 4213 2227 4258 et
2257 4205 2716 4274 συγκαταὸάσεως
2756 4207 2889 4260 tituli
2950 4205 3019 4258 Μ.

2248 4273 2360 4346 (80)
2386 4277 2493 4330 Τὸν
2509 4275 2865 4345 Σολομῶντα
2888 4274 3198 4347 [Σολομῶνα
3224 4273 3406 4347 codd.]
3428 4275 3769 4344 προφήτην.

2178 4345 2355 4400 Grave
2388 4349 2595 4401 crimen
2645 4345 3264 4410 scilicet{Salomoucm
3312 4345 3627 4415 prophetam
3664 4362 3766 4399 no-

2183 4416 2419 4485 niinasse
2463 4419 2615 4485 quasi
2666 4433 2802 4478 non.
2838 4417 2927 4483 qui
2983 4416 3272 4470 character
3309 4426 3393 4469 est
3445 4417 3767 4485 prolihetia’,

515 4487 729 4547 πεῖσαν,
765 4484 889 4537 furti
929 4484 1347 4555 subtractionem
1404 4483 1604 4555 potius,
1640 4498 1802 4551 quam
1842 4484 2075 4555 ailititio-
2112 4482 2155 4539 Ι)
2185 4484 2396 4541 locutus
2427 4482 2604 4540 fuerat
2660 4487 2714 4540 in
2769 4482 2970 4555 Spiritu
3020 4499 3230 4546 saneto,
3277 4496 3372 4538 aut
3404 4482 3594 4540 saltem
3624 4486 3765 4540 Can-

515 4571 637 4609 tiem
668 4556 803 4609 clain
838 4555 1030 4606 factum
1066 4554 1329 4621 signiticet
1350 4572 1362 4606 :
1387 4553 1510 4617 quid
1545 4554 1671 4605 illud
1708 4563 1789 4607 est
1821 4571 1832 4605 :
1864 4552 1924 4605 τὸ
1950 4570 2073 4605 καις

518 4624 778 4697 ριώτατον
808 4623 924 4695 (sir)
944 4624 1041 4693 τῆς
1068 4621 1341 4697 ’συλλαϐῆς
1369 4622 1597 4689 ἐξελώνῖ
1636 4623 1865 4697 Sensum
1890 4626 2075 4697 viileor

517 4693 1031 4750 assecutus.'Ariani
1066 4694 1237 4747 locum
1277 4695 1440 4757 hunc,
1476 4709 1582 4746 non
1624 4695 1689 4747 de
1713 4706 1914 4747 αλια-ιιι]
1954 4693 2071 4749 Filii

514 4768 885 4832 generatione,
923 4766 1015 4817 sed
1041 4764 1106 4817 de
1143 4765 1425 4831 temporali
1478 4764 1852 4819 incarnatione
1893 4780 2073 4832 capie-

515 4838 663 4899 bant,
697 4846 755 4889 ut
778 4837 842 4889 de
874 4846 1029 4887 noctu
1058 4844 1215 4886 natus
1238 4834 1449 4887 dicatur
1474 4848 1598 4886 ante
1628 4845 1874 4887 exortum
1904 4837 2072 4889 stellae

514 4908 822 4969 matutinae;
880 4906 1090 4957 videtur
1128 4905 1267 4957 hunc
1314 4919 1553 4965 sensum.
1585 4913 1637 4957 et
1674 4906 1810 4958 hanc
1850 4916 2065 4959 senteuo

515 4978 641 5030 tiam
673 4991 982 5045 oppugnare
1018 4974 1302 5028 Marcellus
1329 4993 1342 5026 :
1367 4986 1421 5028 et
1462 4975 1527 5026 ad
1549 4984 1805 5045 aeternam
1841 4990 2068 5042 genera-

515 5042 889 5101 tionem'li‘ilii
953 5046 1040 5098 Dei
1101 5045 1166 5098 de
1222 5046 1523 5098 substantia
1567 5042 1746 5098 Patris
1800 5046 2067 5108 retulisse,

511 5135 669 5186 quam
706 5118 791 5171 hic
819 5125 973 5170 vocat
1024 5114 1558 5186 Ειιεεὺίυεηάρχαίαν
1583 5114 1961 5186 ἀναγέννησιν,
1988 5117 2069 5169 vel

509 5188 622 5242 ἅνω
658 5188 894 5256 γένεσιν,
924 5186 1226 5256 etilegisse,
1263 5185 1608 5255 ἐξεγέννησα,
1665 5185 1848 5253 utpote
1880 5189 1929 5239 in
1962 5201 2067 5255 qua

513 5274 642 5312 voce
673 5255 859 5327 magis
919 5255 1212 5310 ellicaciter
1252 5258 1527 5327 resultet,
1574 5256 1639 5327 id!
1668 5256 1810 5324 quod
1854 5258 2068 5327 volebat

509 5324 881 5381 stabilireCDe
908 5327 1068 5381 Patre
1097 5341 1215 5394 suo,
1250 5324 1373 5380 Filii
1404 5325 1803 5396 generationem
1836 5326 2063 5391 scilicet,

511 5398 795 5463 Eusebius,
838 5399 949 5452 Arii
1004 5396 1203 5461 fautor,
1246 5395 1433 5451 ansam
1477 5395 1669 5464 arripit
1702 5395 2064 5451 calumniandi

476 5466 839 5521 *Marcellum.
896 5468 1072 5522 Posita
1123 5479 1301 5521 autem
1358 5468 1446 5520 illa
1504 5467 1967 5535 interpretatione.
2001 5468 2066 5521 de

507 5547 709 5591 :eterna
737 5537 857 5591 Filii
895 5540 1264 5607 generatione,
1295 5537 1428 5591 nihil
1463 5548 1612 5591 certe
1646 5534 2064 5607 impedit,quo-

509 5607 687 5677 minus
715 5609 781 5662 ad
824 5605 1053 5661 litteram
1098 5616 1396 5677 exponatur
1430 5607 1601 5671 locus,
1635 5608 1702 5661 de
1734 5605 1939 5660 carnali
1973 5623 2060 5676 ge-

509 5676 787 5745 neratione
824 5677 942 5730 Filii
979 5676 1209 5732 hominis
1242 5693 1254 5727 :
1282 5679 1373 5747 qui
1415 5680 1480 5747 de
1515 5688 1673 5733 nocte
1718 5678 2058 5733 nascebatur.

508 5750 682 5820 Quam
719 5748 841 5804 licet
871 5746 1371 5811 Chrysostomus’in
1422 5746 1564 5802 Psal.
1594 5764 1704 5813 CIX,
1738 5750 2060 5820 interpreta-

2188 4555 2350 4636 ticum
2404 4558 2891 4636 canticornmmon
2945 4556 3083 4636 foret
3134 4555 3765 4636 ypagaipnpgcpnttbdqg.

2185 4625 2358 4679 Locus
2388 4641 2545 4692 quem
2576 4629 2711 4688 vult,
2749 4625 2978 4679 habetur
3027 4626 3079 4678 in
3127 4625 3394 4695 principio
3422 4625 3771 4680 ’Pro‘verliio-

2178 4711 2318 4749 rum.
2363 4694 2502 4761 Quae
2546 4698 2764 4765 quidem
2816 4695 3103 4750 Proverbia
3148 4698 3495 4750 sanctissime
3524 4706 3767 4763 sumpta,

2176 4782 2280 4837 non
2312 4776 2438 4820 sunt
2467 4769 2820 4837 προφητεῖαι.
2866 4765 2970 4819 Sed
3015 4766 3313 4837 prophetae,
3349 4767 3589 4837 generali
3633 4783 3769 4834 qna-

2174 4836 2297 4889 dam
2328 4835 2572 4901 notione,
2606 4835 2871 4891 vocantur
2900 4852 3089 4889 omnes
3124 4835 3222 4888 viri
3275 4839 3470 4889 sancti.
3523 4835 3767 4903 Prophe-

2178 4908 2266 4960 tia:
2292 4916 2443 4971 sunt,
2467 4908 2630 4961 etiam
2659 4910 2725 4960 de
2752 4906 3051 4975 praeteritis
3078 4909 3349 4969 notiones,
3383 4908 3547 4960 etiam
3579 4906 3770 4960 νουθε-

2179 4977 2312 5042 σίαι,
2360 4986 2418 5029 ut
2453 4977 2568 5032 ista:
2611 4986 2757 5040 sunt,
2814 4975 3183 5037 θεόπνευστοι,
3225 4977 3607 5043 characteres;
3638 4990 3771 5033 sunt

2171 5059 2322 5102 certe
2352 5047 2562 5101 diversa
2592 5046 2944 5118 χαρισμάτων
2978 5061 3210 5116 genera,
3235 5048 3328 5101 sed
3370 5061 3653 5116 nunquam
3688 5050 3767 5104 ita

2170 5118 2273 5170 fuit
2296 5128 2603 5172 coarctatus
2629 5119 2866 5186 Spiritus
2886 5129 3134 5183 sanctus,
3159 5118 3290 5187 quin
3316 5118 3407 5184 qui
3437 5132 3547 5169 uno
3577 5119 3766 5187 aliquo

2170 5202 2369 5257 genere
2395 5189 2661 5257 praecipue
2690 5189 3051 5251 excolerctur,
3080 5189 3125 5241 is
3155 5197 3210 5239 et
3236 5186 3383 5239 aliud
3433 5186 3681 5251 haberet,
3713 5192 3760 5242 si

2171 5256 2224 5310 in
2275 5256 2571 5312 remissiori
2614 5260 2805 5326 gradu.
2856 5258 2988 5312 Nam
3044 5268 3100 5311 et
3155 5256 3387 5325 apostoli
3450 5262 3759 5327 preplietati

2168 5336 2318 5391 sunt,
2347 5338 2401 5384 et
2442 5328 2789 5396 evangelista:
2819 5329 3101 5397 prophetia
3151 5327 3424 5381 adornati.
3457 5330 3590 5381 illud
3623 5342 3756 5397 vero

2170 5398 2450 5452 ridiculum
2472 5394 2742 5465 est,qtiod
2769 5394 2873 5452 non
2903 5394 3189 5469 περιῆλθεν
3207 5400 3262 5451 ἐν
3300 5397 3593 5469 μηλωταῖς.
3618 5394 3758 5448 Nam

2167 5482 2289 5531 nec,
2316 5470 2407 5537 qui
2443 5469 2520 5523 sic
2568 5469 2751 5522 amicti
2800 5471 3246 5534 obambulabant,
3280 5477 3558 5538 propheta:
3597 5477 3761 5538 erant

2165 5536 2357 5592 omnes
2386 5558 2400 5591 :
2435 5554 2532 5592 nec
2575 5541 2853 5608 propheta:
2914 5541 3003 5607 qui
3039 5536 3490 5605 fuerant,'omiies
3512 5537 3591 5589 sic
3615 5536 3759 5586 ami—

2165 5610 2237 5661 cti
2263 5608 2703 5662 obambulabant.
2749 5609 2942 5677 loeptit
2975 5625 3104 5677 ergo
3131 5610 3237 5675 hic,
3273 5626 3379 5663 non
3415 5617 3621 5677 tantum
3660 5619 3760 5659 ca-

2168 5676 2458 5750 lumniatur
2485 5681 2513 5731 ὀ
2548 5678 2641 5731 τοῦ
2704 5675 3009 5750 Παμφίλου.
3045 5675 3120 5734 Μ.
3143 5710 3212 5720 -
3234 5681 3355 5736 Mox
3413 5675 3573 5733 αὑτοῦ
3634 5684 3763 5748 post

2166 5749 2499 5819 προφητείας
2530 5764 2640 5808 cui.
2678 5752 2837 5804 codd.
