4098 6200
368 220 461 274 741

1505 223 1780 280 CONTRA
1824 222 2253 279 MARCELLUM
2293 222 2425 280 LIB.
2468 204 2515 279 ιζ

3511 232 3625 296 ’πει

366 340 658 409 Σολομῶνα
688 342 981 412 προφήτην
999 341 1398 411 ἀποκαλοῦντος
1420 346 1700 411 πολλάκις,
1724 346 1818 399 καὶ
1844 346 1930 407 τὰς

2046 344 2362 414 scripserat,
2390 344 2520 399 nihil
2545 354 2726 401 tamen
2756 346 3112 417 attnlit'novi,
3142 350 3239 407 sed
3268 350 3453 409 lectori
3510 360 3624 415 cni-

368 433 667 504 παροιμίας
700 433 1034 506 προφητείας
1073 435 1449 505 ὀνομάζοντος.
1502 440 1710 509 Ὥσπερ
1752 434 1843 491 οὖν
1889 440 1945 490 ἐν

363 521 447 590 οἷς
482 544 666 597 φησιν’
708 545 725 577 ι
768 525 967 578 Τούτου
1016 526 1126 597 γὰρ
1157 529 1316 600 χάριν
1346 532 1374 583 6
1406 530 1708 599 ἁγιώτατος
1733 531 1946 602 προφή-

370 638 388 670 ι
432 636 535 689 της
559 615 829 687 Σολομὼν,
852 616 1142 680 δέξασθαί
1159 636 1221 671 τε
1244 621 1509 689 στροφὰς
1532 623 1730 691 λόγων
1752 623 1887 690 ἔφη’
1922 641 1939 672 ι

364 711 464 763 καὶ
506 710 686 762 πάλιν·
742 727 761 760 ι
809 707 1040 774 Ῥήσεις
1083 726 1147 762 τε
1172 710 1381 781 σοφῶν
1423 714 1523 766 καὶ
1561 715 1876 783 αἰνίγματα
1921 732 1939 765 ι

363 800 469 871 τὴν
524 798 815 872 παροιμίαν
866 800 1204 871 προφητείαν
1270 802 1558 874 ὀνομάζει·
1607 805 1702 858 καὶ
1756 801 1939 869 αὖθις

372 912 391 944 ι
435 894 527 946 Διό
557 910 643 962 μοι
675 893 824 945 δοκεῖ
857 896 886 946 6
915 892 1229 963 σοφώτατος
1257 888 1409 959 οὗτος
1440 898 1727 967 προφήτης
1759 897 1852 949 καὶ
1878 896 1945 950 τὰ

371 1004 391 1037 s
429 984 616 1056 πρῶτα
655 979 876 1053 ῥήματα
907 984 1007 1053 τῆς
1051 985 1389 1057 προφητείας
1440 986 1823 1058 παροιμιωδῶς
1868 988 1945 1038 εξ-

371 1097 391 1127 (
430 1076 668 1148 ρηκὲναι.
709 1094 727 1127 ι
768 1075 879 1129 Kal.
924 1074 1177 1147 δεύτερον
1205 1076 1281 1141 δὲ,
1332 1076 1425 1130 καὶ
1454 1077 1658 1148 τρίτον,
1692 1078 1785 1130 καὶ
1818 1078 1944 1130 πολ-

362 1168 536 1230 λάκις,
575 1166 650 1230 ὡς
683 1165 840 1237 ἔφην,
868 1165 1025 1220 τοῦτο
1058 1170 1219 1231 ποιεῖ,
1256 1167 1463 1237 ἀγνοῶν
1497 1168 1586 1222 ὅτι
1624 1168 1943 1237 διαιρέσεις

359 1258 744 1329 χαρισμάτων
778 1258 959 1323 εισὶν,
995 1261 1047 1312 εὶ
1090 1260 1185 1312 καὶ
1233 1260 1297 1314 τὸ
1333 1260 1480 1314 αὑτό
1533 1260 1788 1329 πνεῦμα.
1832 1260 1942 1313 Καὶ

355 1352 524 1419 ἄλλῳ
565 1351 686 1420 μὲν
714 1350 941 1404 δίδοται
977 1351 1160 1421 λόγος
1186 1354 1429 1422 σοφίας,
1465 1354 1604 1407 κατὰ
1650 1354 1739 1407 τὸν
1784 1353 1942 1406 Ἀπό-

356 1443 563 1508 σςολον,
599 1443 768 1507 ἄλλῳ
792 1446 974 1513 λόγος
1003 1444 1278 1515 γνώσεως
1312 1446 1461 1500 κατὰ
1490 1445 1557 1499 τὸ
1581 1445 1727 1500 αὐτὸ
1758 1447 1940 1500 πνεῦ-

350 1554 455 1606 μα,
506 1535 687 1605 ἑτέρῳ
732 1537 935 1603 πίστις
972 1537 1042 1590 ἐν
1086 1536 1165 1602 τῷ
1210 1536 1371 1603 αὐτῷ
1412 1539 1721 1607 πνεύματι,
1775 1538 1941 1609 ἄλλῳ

354 1628 709 1697 προφητεία.
756 1627 956 1697 Διόπερ
989 1630 1018 1681 6
1063 1626 1313 1699 Σολομὼν
1346 1628 1536 1697 σοφίας
1572 1628 1670 1699 μὲν
1703 1627 1939 1699 εἰληφὼς

2051 450 2265 505 cunque
2293 436 2436 489 idem
2466 450 2561 506 per
2592 437 2775 492 omnia
2807 439 3030 495 exhibet
3064 444 3453 500 testimonium.
3484 446 3623 503 Per-

2047 527 2443 596 gitdeinceps,
2493 538 2548 582 et
2578 530 2872 585 introducit
2924 531 3192 589 dicentem
3242 534 3620 604 Servatorein,

2053 638 2070 669 ι
2108 618 2219 687 Ego
2264 634 2382 673 sum
2426 620 2540 674 dies
2580 636 2594 674 :
2632 640 2651 672 ι
2698 624 2862 676 verba
2918 634 3096 678 autem
3150 626 3315 693 ipsius
3364 629 3431 682 ad
3480 630 3619 684 hunc

2049 709 2264 764 modum
2313 725 2371 766 se
2424 711 2623 766 habent
2661 732 2674 767 :
2718 732 2737 762 ι
2796 714 2931 768 Cum
2991 714 3081 786 [Β.
3137 715 3330 789 XXV.]
3384 721 3620 774 tenebrae

2052 821 2070 853 ι
2110 804 2259 873 prius
2288 801 2597 857 obtinerent
2647 815 2866 873 propter
2900 805 3078 860 cultus
3131 807 3296 861 divini
3327 808 3622 878 ignoratio-

2052 912 2070 945 ι
2109 910 2253 960 nem,
2273 894 2361 947 ubi
2405 892 2520 947 dies
2541 893 2649 962 jam
2673 904 2817 948 esset
2835 894 2885 948 in
2904 896 3205 966 propinquo
3233 901 3458 963 oritura,
3481 899 3619 970 Ego,

2052 1002 2071 1035 ι
2115 985 2312 1053 inquit,
2342 985 2460 1040 dies
2490 1001 2629 1040 sum».
2676 1004 2694 1035 ι
2734 984 2843 1040 Nec
2875 985 3073 1053 injuria
3127 990 3365 1055 stellam,
3402 991 3619 1049 Lucife-

2047 1094 2163 1131 rum
2244 1078 2557 1146 appellavit.
2629 1078 2746 1134 Alio
2796 1078 3049 1153 deinceps
3105 1080 3221 1137 loco
3266 1084 3337 1137 ita
3391 1084 3563 1154 inquit
3598 1105 3614 1119 ο

2047 1166 2138 1239 [IL
2172 1167 2436 1223 XXXVII.
2465 1169 2536 1224 cf.
2571 1170 2796 1240 pag.8l,
2817 1171 2904 1244 B.]
2934 1173 3407 1245 «Quandoquidem
3441 1191 3468 1228 ιι
3493 1192 3616 1233 sus-

2050 1278 2069 1311 ι
2110 1270 2264 1330 cepta
2310 1260 2474 1315 semel
2514 1278 2699 1327 carne,
2725 1263 2973 1320 Chrisms
3003 1267 3161 1321 simul
3192 1282 3311 1325 esse
3332 1268 3487 1327 Jesus
3514 1284 3616 1327 an-

2050 1369 2067 1402 ι
2108 1352 2422 1405 nuntiatur:
2454 1352 2559 1407 vita
2589 1365 2641 1407 et
2666 1355 2770 1420 via,
2808 1366 2970 1427 atque
3004 1358 3139 1413 dies.
3174 1379 3192 1411 ι
3230 1359 3409 1431 Pergit
3430 1379 3612 1432 porro,

2044 1452 2099 1497 et
2136 1444 2349 1496 tandem
2390 1444 2457 1497 ab
2489 1443 2751 1514 Apostolo
2785 1446 2856 1499 ita
2880 1458 3177 1507 mutuatur.
3216 1451 3414 1506 Nostra
3439 1463 3613 1509 autem

2041 1534 2335 1589 Jerusalem
2360 1553 2569 1590 sursum
2605 1548 2701 1591 est.
2746 1538 2883 1605 Quid
2933 1551 3112 1597 autem
3156 1542 3241 1597 his
3273 1544 3474 1602 diutius
3514 1563 3615 1617 ego

2046 1626 2318 1680 immorari
2354 1630 2523 1682 debeo
2541 1630 2564 1682 ’ἶ
2581 1628 2762 1683 Cuivis
2782 1632 2977 1686 etenim
2996 1674 3009 1698 ,
3037 1636 3122 1688 cui
3159 1634 3349 1689 saltem
3375 1636 3611 1703 libuerit,

354 1724 602 1791 χάρισμα
627 1719 1063 1792 μεμαρτύρηται.
1094 1721 1201 1776 Kal
1234 1720 1416 1775 ἔδωκε
1444 1720 1553 1791 (81)
1585 1722 1694 1790 γὰρ
1721 1723 1930 1789 Κύριος

2037 1719 2271 1787 proclive
2320 1729 2425 1782 est,
2469 1720 2618 1775 hisee
2653 1738 2771 1790 quae
2799 1723 2939 1777 dicta
2968 1736 3273 1795 suntquam
3315 1726 3608 1797 simillima,

355 1809 438 1876 τῷ
468 1809 763 1879 Σολομῶνι
799 1812 1045 1880 σοφίαν,
1092 1812 1166 1875 ὡς
1198 1814 1230 1883 ἡ
1265 1812 1451 1882 Γραφή
1488 1829 1637 1880 φησι,
1674 1813 1771 1865 καὶ
1801 1812 1937 1865 ἐσο-

358 1904 549 1972 ερίσθη
600 1903 744 1971 ὑπὲρ
775 1903 1006 1969 πάντας
1026 1903 1377 1971 ἀνθρώπους
1399 1921 1412 1934 ·
1446 1903 1583 1956 Οὖτε
1613 1904 1669 1956 δὲ
1698 1904 1787 1956 τὸν
1822 1902 1934 1973 βίον

358 1993 694 2066 προφητικὸν
722 1993 989 2065 ἐσχηκὼς,
1037 1994 1161 2047 οὔτε
1197 1995 1288 2048 τὸν
1321 1994 1421 2065 τῆς
1453 1994 1787 2066 προφητείας
1830 2012 1931 2064 χα-

362 2082 627 2151 ρακτῆρα,
668 2080 756 2134 τὸν
789 2082 897 2135 ἀπὸ
937 2082 1030 2135 τοῦ
1082 2082 1225 2136 Τάδε
1252 2082 1414 2154 λέγει
1454 2085 1688 2151 Κύριος,
1731 2084 1838 2137 τῶν
1872 2101 1931 2136 τε

359 2172 722 2243 ὁμοιοτρόπων
758 2172 1174 2245 γνωριζόμενον,
1205 2174 1293 2227 διὰ
1344 2175 1453 2228 τῶν
1488 2175 1701 2228 οἰκείων
1735 2175 1933 2246 ἐμφαί-

357 2280 435 2316 νει
462 2263 650 2331 λόγων.
697 2264 753 2317 ὐ
782 2265 838 2318 δὲ
868 2266 1070 2319 τούτων
1104 2267 1252 2320 οὐδὲν
1292 2266 1433 2332 ἰδὼν,
1468 2267 1656 2341 ὥσπερ
1690 2286 1739 2321 τι
1774 2286 1930 2341 χαρι-

354 2354 577 2425 ζόμενος
604 2357 681 2427 τῷ
709 2358 861 2429 ἀνδρὶ
892 2360 1174 2429 προφήτην
1200 2359 1361 2413 αὐτὸν
1393 2360 1569 2425 καλεῖ,
1600 2361 1661 2413 ού
1708 2362 1927 2426 συνιεὶς,

350 2448 433 2501 ὅτι
456 2450 503 2501 οἱ
535 2450 807 2521 προφῆται
831 2450 1157 2518 περιῆλθον
1175 2450 1246 2503 ἐν
1254 2451 1579 2519 μηλωταῖς,
1601 2453 1671 2505 ὲν
1688 2453 1930 2522 αἰγείοις

350 2540 667 2609 δέρμασιν,
686 2544 1131 2611 ὑστερούμενοι,
1159 2544 1513 2611 θλιϐόμενοι,
1528 2546 1930 2614 κακουχούμε-

350 2648 466 2685 νοι.
502 2634 612 2687 Καὶ
648 2632 747 2697 τὰς
779 2634 1084 2705 Παροιμίας
1121 2635 1177 2688 δὲ
1212 2634 1375 2686 αὑτοῦ
1420 2635 1756 2706 προφητείαν
1789 2636 1926 2689 εἶναι

350 2721 520 2791 λέγει,
570 2726 618 2777 εξ
659 2724 905 2795 μηδαμοῦ
942 2725 1041 2797 τῆς
1088 2725 1236 2790 θείας
1284 2726 1506 2797 Γραφῆς
1551 2726 1924 2798 διδασκούσης,

352 2816 518 2867 αὐτοῦ
552 2816 609 2868 δὲ
640 2816 733 2869 τοῦ
770 2817 1082 2887 σοφωτάτου
1117 2820 1212 2872 σὺν
1247 2818 1374 2888 θείῳ
1419 2818 1712 2890 πνεύματι,
1755 2819 1927 2892 ταύτῃ

358 2907 457 2977 μὲν
498 2909 563 2977 τῇ
614 2906 776 2979 βίϐλῳ
821 2910 1127 2982 Παροιμίας
1164 2910 1273 2981 (82)
1304 2910 1472 2982 ὄνομα
1496 2910 1709 2974 θέντος,
1754 2914 1820 2982 τῇ
1871 2911 1926 2964 δὲ

352 2997 541 3069 ἑτέρᾳ,
570 2997 1013 3071 Ἐκκλησιαστήςο
1042 3001 1134 3053 καὶ
1153 3003 1218 3071 τῇ
1234 3001 1413 3074 τρίτῃ,
1445 3002 1717 3071 ’ᾼσματα
1738 3002 1927 3072 ἁσμᾴ-

2041 1809 2141 1865 alia
2172 1827 2384 1882 quoque
2414 1814 2617 1868 intinita
2667 1814 2917 1881 colligere
2949 1816 3015 1870 ab
3050 1817 3140 1871 illo
3161 1817 3276 1887 ejus
3299 1834 3481 1889 opere,
3509 1822 3610 1877 ob-

2040 1912 2252 1957 servata
2282 1942 2297 1966 ,
2333 1906 2477 1958 unde
2506 1905 2743 1959 hominis
2792 1906 3060 1960 inscitiam
3096 1908 3607 1967 animadvertamus.

2040 1990 2177 2047 Iﬁnc
2209 2009 2423 2066 quoque
2452 1995 2676 2063 factum,
2731 2007 2788 2051 nt
2818 1996 3160 2055 Salomonem
3194 2003 3507 2071 prophetam
3534 2004 3611 2058 in-

2042 2084 2352 2154 digitaverit
2384 2125 2398 2151 ,
2439 2096 2493 2139 ιιι
2521 2095 2573 2140 et
2616 2088 2897 2155 proverbia
2951 2088 3291 2158 Prophetiam
3345 2106 3450 2146 non
3500 2108 3607 2149 una

2039 2178 2177 2232 vice.
2215 2176 2371 2232 Verbi
2400 2178 2571 2246 gratia
2593 2219 2609 2245 ,
2634 2179 2699 2232 ad
2735 2179 2880 2235 hunc
2904 2181 3120 2234 modum
3171 2182 3246 2235 ait
3275 2199 3290 2235 :
3326 2181 3501 2252 Hujus
3534 2184 3609 2237 rei

2038 2284 2198 2323 causa
2224 2270 2584 2323 sanctissimus
2622 2272 2872 2340 propheta
2903 2271 3155 2325 Salomon
3179 2274 3253 2325 ait
3286 2288 3307 2328 .°
3332 2274 3412 2326 Ad
3434 2275 3609 2329 susci-

2035 2364 2278 2429 piendam
2322 2363 2667 2416 eruditionem
2714 2363 2971 2417 doctrina:
2995 2364 3351 2419 35:etiterutn
3386 2382 3400 2419 :
3437 2364 3607 2421 Verba

2034 2455 2368 2521 sapientium,
2400 2464 2447 2507 et
2494 2455 2771 2523 (enigmata
2799 2455 2866 2512 ³⁸.
2899 2453 3192 2509 Proverbia
3220 2496 3235 2520 ,
3261 2457 3602 2525 prophetiam

2035 2545 2343 2613 appellavit.
2373 2543 2568 2598 lterum
2604 2562 2616 2597 :
2648 2562 2667 2595 ι
2701 2542 2781 2597 01)
2810 2544 2948 2598 hanc
2970 2560 3190 2599 causam
3214 2546 3426 2601 videtur
3469 2548 3601 2601 mihi

2040 2654 2057 2687 ι
2091 2636 2521 2702 sapientissimus
2544 2636 2631 2689 hic
2661 2636 2921 2704 propheta
2944 2636 3114 2703 prima
3158 2638 3321 2690 verba
3373 2638 3605 2705 prophe-

2039 2745 2057 2778 ι
2100 2728 2184 2782 tia:
2231 2743 2343 2782 sua:
2394 2726 2809 2797 proverbialiter
2857 2727 3184 2782 ennntiasse.
3246 2747 3264 2779 ι
3314 2727 3599 2796 Secundo,

2035 2818 2196 2888 igitur
2228 2828 2283 2872 et
2317 2820 2476 2874 tertio
2511 2819 2729 2889 saepius.
2780 2819 2861 2873 uti
2893 2819 3094 2874 dictum
3137 2830 3239 2885 est,
3281 2822 3380 2875 hoc
3405 2820 3473 2875 ab
3510 2821 3601 2875 illo

2032 2909 2103 2961 ita
2132 2910 2329 2963 factum
2360 2921 2462 2964 est.
2496 2909 2712 2980 Ignorat
2735 2909 2947 2965 interim
2972 2911 3312 2965 diversitates
3332 2908 3599 2967 donorum

2031 3012 2179 3066 esse,
2205 3000 2330 3054 licet
2366 3002 2502 3054 idem
2531 3000 2765 3071 Spiritus
2808 3001 2898 3057 sit.
2939 2999 3044 3054 Uni
3070 3002 3276 3071 quidem
3299 3004 3600 3055 conceditur

351 3104 494 3152 των,
528 3088 626 3141 οὐκ
658 3089 826 3154 ἀθεεὶ,
879 3091 998 3144 οὐδὲ
1038 3091 1362 3163 ἀνθρωπίνῳ
1408 3092 1651 3162 λογισμῷ
1702 3090 1925 3154 ταύταις

2035 3092 2233 3146 verbum
2294 3092 2563 3159 sapientia:
2592 3132 2606 3155 ,
2659 3092 2956 3146 secundum
3009 3093 3151 3162 quod
3185 3092 3473 3162 Apostolus
3499 3094 3595 3158 ait,

351 3181 729 3246 ἐπιϐάλλοντος
767 3187 884 3247 ταῖς
917 3186 1237 3256 ὲπιγορίαις.
1294 3185 1451 3239 Ἀλλὰ
1484 3185 1579 3239 καὶ
1610 3184 1780 3256 αὐτὴν
1825 3183 1924 3256 τὴν

351 3272 705 3327 θεόπνευστον
755 3274 919 3329 αὑτοῦ
949 3275 1194 3347 Γραφὴν,
1248 3276 1315 3329 δι’
1372 3275 1700 3347 Ἑλληνικῶν
1734 3275 1925 3343 πειρᾶ-

346 3380 440 3417 ται
470 3364 578 3433 (85)
616 3366 1072 3437 παραδειγμάτων
1106 3367 1452 3439 ἑρμηνεύειν,
1483 3368 1582 3420 οὐκ
1616 3366 1925 3429 ἐπακούσας

348 3454 562 3509 Παύλου
600 3457 691 3509 τοῦ
742 3456 1043 3511 ἀποστόλου
1086 3458 1353 3527 λέγοντος·
1414 3457 1601 3527 Ἡμεῖς
1644 3457 1711 3509 δὲ
1758 3457 1829 3510 οὺ
1857 3455 1924 3509 τὸ

348 3545 585 3615 πνεῦμα
628 3546 733 3601 τοῦ
771 3549 1001 3618 κόσμου
1034 3548 1344 3620 ἐλάϐομεν,
1390 3549 1551 3604 ἀλλὰ
1587 3549 1653 3602 τὸ
1692 3547 1926 3617 πνεῦμα

349 3636 417 3690 τό
438 3638 505 3691 ἐκ
541 3638 643 3692 τοῦ
673 3640 840 3705 Θεοῦ,
866 3640 966 3693 ἵνα
995 3640 1211 3711 ἴδωμεν
1252 3643 1323 3695 τὰ
1355 3641 1474 3697 ὑπὸ
1504 3641 1612 3695 τοῦ
1645 3640 1790 3694 Θεοῦ
1820 3654 1926 3692 κα-

340 3729 631 3795 ρισθέντα
658 3730 829 3800 ἡμῖν·
862 3731 900 3785 ἂ
923 3731 1020 3786 καὶ
1038 3734 1361 3802 λαλοῦμεν,
1391 3736 1501 3787 οὐκ
1531 3733 1601 3785 ἐν
1630 3729 1927 3795 διδακτοῖς

348 3823 729 3892 ἀνθρωπίνης
778 3826 997 3894 σοφίας
1046 3828 1269 3896 λόγοις,
1322 3826 1579 3881 ἁλλ”ἐν
1629 3824 1928 3890 διδακτοῖς

350 3918 697 3985 Πνεύματος
764 3919 957 3989 ἁγίου,
1022 3919 1390 3989 πνευματικὰ
1462 3917 1925 3989 (πνευματικοῖς)

346 4010 799 4077 συγκρίνοντες.
842 4012 1108 4080 Ψυχικὸς
1153 4010 1221 4063 δὲ
1253 4010 1561 4077 ἅνθρωπος
1588 4010 1659 4062 οὐ
1691 4007 1926 4075 δέχεται

345 4103 423 4157 τὰ
452 4102 557 4157 τοῦ
575 4105 919 4173 ΙΙνεύματος
941 4104 1045 4157 τοῦ
1070 4102 1237 4167 Θεοῦ,
1255 4102 1445 4172 μωρία
1462 4101 1570 4171 γὰρ
1592 4098 1753 4165 αὐτῷ
1773 4098 1924 4162 ἐστι,

347 4196 451 4249 καὶ
486 4199 557 4250 οὐ
584 4196 833 4252 δύναται
871 4198 1092 4268 γνῶναι
1126 4196 1216 4250 ὅτι
1238 4193 1653 4265 πνευματικῶς
1683 4194 1928 4263 ἀνακρί-

422 4308 832 4381 ,BAEd.Paris.,
860 4326 980 4381 pag.
1013 4311 1099 4366 14.

418 4380 464 4413 ³³
488 4379 647 4437 Prov.
676 4397 722 4445 ι,
747 4383 801 4437 5.
861 4379 874 4381 ⁷
910 4382 955 4413 ³³
989 4381 1115 4436 ibid.
1156 4381 1210 4436 6.

1269 4377 1311 4409 ³⁷
1344 4378 1511 4435 lCor.
1550 4340 1652 4445 ιιι,
1680 4379 1764 4435 ιο.
1842 4378 1888 4411 ιι
1916 4378 1979 4434 ιιι
2016 4377 2147 4448 Reg.
2183 4392 2232 4441 ν,
2262 4375 2343 4430 is.

2025 3182 2178 3236 alteri
2203 3182 2408 3236 verbum
2436 3182 2813 3252 intelligentia,
2839 3186 3135 3237 secundum
3168 3184 3416 3238 eumdem
3451 3185 3598 3253 Apo-

2028 3274 2225 3329 stolum
2259 3292 2270 3327 :
2299 3276 2393 3328 alii
2436 3275 2572 3343 ﬁdes
2597 3292 2688 3342 per
2717 3278 2950 3327 eumdem
2982 3276 3222 3342 spiritum
3249 3292 3266 3329 :
3293 3276 3449 3330 alteri
3477 3292 3600 3346 pro-

2026 3367 2199 3435 phetia
2224 3365 2289 3417 ³⁷.
2330 3365 2583 3419 Salomon
2605 3374 2786 3419 autem
2820 3366 3019 3418 donum
3047 3367 3257 3434 accepit
3293 3368 3597 3436 sapientius,

2028 3469 2084 3512 ut
2109 3459 2398 3526 Scriptura:
2437 3458 2739 3510 testimonio
2789 3458 3166 3524 comprobatur
3206 3472 3220 3510 :
3263 3462 3320 3519 ὦ
3359 3457 3426 3510 Et
3454 3458 3598 3512 dedit

2027 3549 2281 3604 Dominus
2296 3548 2606 3618 sapientiam
2634 3544 2904 3602 Salomoui
2937 3548 3005 3613 ⁸⁸,
3030 3559 3076 3600 et
3099 3558 3208 3602 erat
3233 3549 3468 3603 omnibus
3497 3550 3595 3603 ho-

2028 3638 2254 3691 minibus
2271 3635 2643 3705 sapientior”.
2678 3633 2855 3690 Vitam
2881 3646 3059 3690 autem
3091 3636 3460 3707 pr0phcticam
3488 3652 3595 3693 non

2031 3731 2349 3785 instituebat
2383 3750 2395 3785 :
2434 3744 2610 3798 neque
2652 3729 2759 3784 ullo
2789 3729 3105 3785 charactere
3138 3729 3453 3800 prophetico
3478 3738 3597 3785 erat

2030 3824 2322 3896 insignitus
2355 3843 2367 3879 :
2399 3824 2591 3895 quales
2640 3832 2835 3889 erant,
2894 3821 3020 3877 Haec
3044 3824 3168 3876 dicit
3221 3821 3499 3888 Dominus,
3541 3830 3599 3876 et

2026 3916 2154 3972 huic
2178 3918 2387 3973 similes
2419 3932 2434 3972 :
2469 3931 2629 3987 atque
2677 3918 2780 3971 hoc
2812 3932 2877 3970 ex
2908 3916 2992 3982 iis,
3032 3932 3152 3987 quze
3179 3914 3419 3986 scripsit,
3462 3916 3596 3970 satis

2026 4008 2215 4075 liquet.
2247 4008 2554 4075 Marcellus,
2606 4010 2707 4064 hoc
2754 4009 2975 4062 minime
3006 4008 3424 4071 animadverso,
3470 4019 3595 4064 tan-

2027 4115 2190 4168 quam
2214 4102 2263 4157 ei
2294 4101 2361 4155 de
2403 4117 2500 4155 suo
2546 4100 2761 4171 elargiri
2793 4100 2954 4156 vellet
2981 4101 3183 4171 aliquid
3211 4141 3227 4166 ,
3273 4104 3593 4172 prophetam

2029 4193 2178 4248 illum
2228 4194 2545 4263 indigitabat
2578 4211 2591 4245 :
2627 4193 2847 4247 minime
2874 4192 3094 4249 interim
3146 4197 3434 4263 meminit,
3467 4211 3595 4267 pro-

2456 4376 2500 4407 ³ο
2532 4373 2591 4428 1ΙΙ
2623 4375 2752 4447 Reg.
2784 4390 2856 4440 tv,
2886 4377 2976 4431 51.

560 4633 672 4702 Γάρ
697 4642 755 4709 et
778 4632 853 4696 ὡς
878 4648 989 4709 om.
1024 4635 1185 4709 vulgo
1217 4676 1230 4701 ,
1272 4635 1395 4690 dein
1449 4635 1607 4705 vulgo
1628 4636 1927 4709 AEOXOpEW'

2035 4633 2252 4709 omnino
2285 4632 2468 4709 animi,
2498 4632 2660 4709 quasi
2700 4633 3030 4709 prohibitum
3056 4642 3199 4687 esset
3224 4633 3292 4709 ah
3315 4635 3592 4703 Apostolo,

346 4706 591 4778 nulntra
624 4704 779 4772 vulgo
806 4707 1006 4778 κακόχ.
1040 4716 1095 4757 et
1119 4705 1216 4768 τὰς
1233 4723 1291 4778 τε
1324 4724 1455 4778 παρ.
1488 4704 1675 4778 αὑτοῦ.

421 4774 534 4845 (Βῖ)
573 4775 907 4846 ,Παροιμιάς
956 4774 1437 4844 ὀνομασθέντος.
1489 4777 1631 4846 Lege
1682 4778 1921 4841 divisim,

345 4843 654 4918 παροιμίας
675 4843 1204 4918 [δοτῆρείνπαροίμιαι
1251 4856 1305 4899 et
1358 4850 1531 4918 recepi
1573 4843 1751 4917 ονομα
1808 4846 1927 4899 θέν-

346 4916 477 4989 τοςς
506 4918 554 4968 εί
594 4917 775 4969 addito
830 4916 944 4989 καί⁵
981 4917 1193 4989 tolerari
1243 4916 1442 4988 potest]
1490 4916 1686 4989 ὄνομα
1718 4917 1922 4981 θέντος.

347 4988 646 5042 Delendum
700 5000 861 5053 porro
891 4986 1018 5037 illud
1038 4988 1083 5037 εί
1106 5002 1120 5049 ;
1145 4996 1199 5039 et
1223 4996 1331 5039 tota
1369 4986 1659 5047 sententia.
1685 4989 1764 5041 sic
1793 5003 1925 5040 con-

344 5058 614 5126 cipienda,
640 5056 737 5119 τάς
771 5073 828 5109 τε
864 5057 1159 5125 παροιμίας
1196 5056 1381 5117 αὐτοῦ,
1424 5058 1757 5128 προφητείαν
1789 5053 1924 5111 εἶναι

344 5125 768 5200 λέγειῌμηδαμοῦ
798 5127 898 5196 τῆς
924 5124 1073 5200 θείας
1101 5127 1727 5200 Ιξραφῆςδιδασκούσης·
1760 5128 1923 5200 αὐτοῦ

873 5162 895 5189 ἱ
926 5160 1069 5187 υῦιψξ
1101 5160 1155 5198 Ii

346 5146 496 5196 Λεγει
522 5146 768 5199 μηοαμου
798 5146 898 5196 της
924 5146 1073 5187 υειας
1101 5146 1121 5177 ι
1144 5146 1317 5198 ραφης
1345 5146 1727 5200 οιοασκουσης·
1760 5146 1921 5181 αυτου

346 5198 402 5271 δὲ
420 5196 522 5271 τοῦ
550 5197 887 5271 σοφωτάτου,
908 5196 1019 5271 μσὺν
1047 5195 1173 5271 θείῳ
1197 5197 1491 5271 Πνεύματι,
1522 5198 1692 5271 ταύτῃ
1720 5198 1921 5271 Ῠμὲνμτῇ

344 5250 887 5342 βίϐλωΑΠαροιμίαςί
906 5266 1073 5335 ὄνομα
1100 5250 1302 5342 θέντος,
1325 5250 1390 5340 τῇ
1428 5250 1491 5321 δὲ’
1519 5250 1925 5342 ἑτέρᾲῗὲκκληί

343 5337 594 5406 σιαστήν.
627 5337 777 5402 Quod
806 5354 990 5392 verum
1031 5348 1132 5392 est.
1165 5338 1281 5391 Non
1307 5337 1448 5392 enim
1474 5337 1922 5405 sunt'a'djectitiai:

344 5408 750 5475 inscriptiones,
800 5410 890 5462 sed
932 5407 1001 5462 ab
1063 5408 1293 5474 ipsumet
1351 5420 1570 5463 auctore
1625 5424 1916 5477 expressa}.

343 5477 483 5533 Tum
556 5479 825 5545 sequitur,
866 5477 961 5531 καὶ
1007 5478 1106 5531 οὐκ
1144 5477 1316 5532 ἀθεεί.
1357 5478 1468 5531 lluc
1520 5487 1623 5541 cst,
1661 5494 1764 5531 non
1802 5481 1920 5532 sine

342 5549 587 5620 numine,
613 5548 780 5617 χωρὶς
813 5548 946 5620 Θεοῦ
978 5547 1222 5620 γνώμης,
1255 5558 1312 5602 ιιι
1342 5548 1637 5619 Hesychius
1666 5550 1907 5618 exponit.

340 5617 420 5676 Μ.
452 5648 518 5658 —-
546 5616 674 5672 Dein
703 5620 856 5689 vulgo
875 5618 954 5689 ὡς
987 5616 1172 5689 *ᾼσμα
1204 5620 1259 5689 ᾀ.

413 5688 531 5761 (8⁸5)
589 5686 1495 5758 Παραδειγμάτωνἑρμηνεύειν.
1556 5688 1776 5745 Morbus
1828 5696 1911 5745 est

2030 4705 2047 4758 Ι
2084 4704 2210 4778 Cor.
2246 4720 2309 4765 lt,
2346 4703 2432 4765 1‘2,
2460 4704 2528 4778 ah
2560 4703 2827 4774 A‘ngptiis
2850 4720 2919 4778 ea
2959 4706 3443 4778 rnutnoaccipere.
3473 4725 3593 4778 quas

2029 4776 2411 4835 conducerent,
2452 4776 2518 4827 ad
2568 4774 2980 4834 exslt'nendntn,
3012 4786 3062 4825 et
3104 4774 3592 4831 adornandum—la-

2031 4844 2403 4899 bcrnaculnm.
2440 4844 2606 4910 Quasi
2642 4846 2865 4912 ipsemet
2902 4842 3118 4904 Panlns,
3146 4861 3247 4896 non
3274 4848 3339 4898 de
3372 4847 3592 4899 Menan-

2029 4918 2148 4979 dro,
2198 4918 2384 4977 Arato,
2433 4915 2768 4982 Epimenide,
2816 4913 2896 4984 vel
2923 4914 3252 4984 Callimacho
3284 4912 3506 4984 γνώμας
3536 4926 3592 4969 et

2028 4984 2425 5053 ἀποφθέγματα
2476 4980 2832 5037 inntnaretnr.
2866 4980 3027 5046 Quasi
3061 4980 3322 5053 Eusebius
3346 4980 3459 5051 ipsi:
3483 5000 3587 5038 non

2030 5051 2165 5107 l'oret
2210 5051 2459 5122 scriptor.
2488 5054 2533 5107 si
2573 5056 2693 5121 quis
2718 5054 2855 5105 alius
2887 5051 3306 5122 στρωματώδης,
3333 5055 3422 5120 qni
3452 5055 3589 5107 ἀπό-

2025 5123 2189 5188 δειξιν
2228 5125 2369 5176 illam
2401 5125 2800 5193 Evangelicam,
2842 5125 3114 5175 tessellato
3147 5123 3235 5195 illo
3264 5139 3426 5195 opere
3457 5141 3591 5195 προ-

2026 5196 2397 5264 παρασκευῆς,
2435 5192 2856 5247 eiiiendatiorent
2912 5196 3096 5253 multo,
3117 5202 3183 5264 ‘et
3213 5192 3593 5247 διδακτικωτέ-

2027 5260 2124 5335 ραν
2154 5281 2257 5335 non
2286 5260 2634 5326 credidisset;
2667 5266 2774 5335 sed
2794 5265 2909 5335 l_ia-_c_
2952 5272 3076 5335 sinit
3107 5260 3377 5325 factionis,
3409 5274 3462 5319 et
3501 5267 3594 5318 ἀν-

2021 5331 2280 5403 τιλογίας.
2334 5335 2492 5389 Certe
2557 5333 2813 5401 quidquid
2871 5331 3130 5403 Eusebius
3190 5335 3591 5403 συκοφαντίζει,

2024 5421 2127 5458 non
2151 5401 2158 5403 ⁷
2183 5415 2266 5459 est
2318 5404 2369 5457 in
2417 5420 2481 5458 eo
2517 5405 2993 5474 reprehendendus
3014 5401 3319 5466 Marcellus,
3337 5401 3490 5474 ’qnod
3524 5406 3593 5459 ad

2022 5474 2393 5539 Salomoqiaca
2444 5474 2733 5526 Proverbia
2782 5472 3067 5526 saeculares
3110 5473 3334 5539 litteras,
3363 5472 3418 5530 et
3466 5476 3593 5531 ἀνα-

2018 5544 2333 5615 γνώσματα,
2362 5554 2417 5594 ιιι
2447 5552 2624 5607 vocat,
2643 5542 2927 5613 Ἑλληνικὰ
2961 5544 3223 5600 attulerit.
3248 5544 3317 5598 Μ.
3350 5577 3417 5586 -
3438 5546 3589 5600 Dein.

2020 5613 2180 5684 vulgo
2242 5613 2477 5685 xaliiel
2508 5629 2615 5670 om.
2686 5615 2844 5685 vulgo
2906 5619 3317 5678 πνευματικοῖς.
3365 5616 3595 5669 deniuna

2020 5682 2176 5756 vulgo
2202 5682 2416 5755 γράψας
