4098 6200
526 243 634 298 ’745
1195 233 1287 291 ΕΙ]
1297 232 1468 288 SE‘Bll
1505 232 1984 290 CESARlENSlS
2019 235 2092 291 Οἱ

2211 235 2392 292 PARS
2428 235 2518 293 Ν.
2560 267 2629 280 -
2667 237 3088 295 DOGMATICA.
3650 242 3758 298 πο

525 360 715 427 phetas
743 351 1078 409 circumiisse
1107 349 1320 406 melotis
1373 351 1604 406 amictus
1631 360 1686 406 et
1713 353 1938 407 haedinis
1973 355 2088 422 pel-

2199 371 2373 409 νεται.
2408 356 2517 409 Καὶ
2548 355 2717 410 ταῦτα
2749 357 2807 411 δὲ
2835 359 3105 430 ἀγνοήσας
3135 359 3164 411 ὁ
3197 358 3462 425 γενναῖος,
3503 359 3760 414 πειρᾶται

525 448 663 502 libus
688 486 704 511 ,
746 459 965 515 egenos,
1000 457 1306 512 oppressos,
1347 444 1681 513 angustiatos
1699 444 1764 497 “.
1798 444 2086 501 Proverbia

2199 446 2322 515 ἡμῖν
2362 442 2421 508 eg
2468 444 2794 515 Ἑλληνικῶν
2834 447 3277 516 ἀναγνωσμάτων
3317 445 3415 517 τὴν
3454 443 3562 499 τῶν
3605 446 3762 506 θείων

524 537 928 607 prophetiarum
961 535 1180 589 nomine
1222 535 1485 603 designat,
1521 549 1644 588 cum
1683 551 1950 604 nusquam
1987 538 2088 594 hoc

2199 536 2507 606 Παροιμιῶν
2534 537 2770 591 διάνοιαν
2802 539 3167 610 προστιθέναι,
3199 537 3388 593 τοῦτον
3415 539 3641 610 γράφων
3664 541 3763 594 αὐ·-

525 628 771 682 docuerit
800 627 1078 694 Scriptura
1128 640 1284 680 sacra
1314 663 1329 688 ,
1377 627 1470 678 sed
1503 635 1692 679 auctor
1737 626 1850 694 ipse
1875 627 2089 694 sapien-

2199 629 2301 690 τοῖς
2331 627 2538 698 ῥήμασι
2564 627 2654 680 τὸν
2682 628 2900 700 τρόπον.

528 723 772 777 tissimus
841 729 896 772 et
952 718 1158 787 Spiritu
1196 718 1418 786 insuper
1468 725 1655 772 sancto
1725 718 2021 787 praeditus,
2085 717 2371 773 Proverbia
2422 720 2783 775 nominaverit
2814 739 2828 774 :
2858 732 2916 775 ut
2964 721 3194 776 alterum
3251 722 3447 777 librum
3499 721 3766 777 Ecclesia—

525 826 636 868 sten
670 825 689 863 :
726 811 940 864 tertium
990 809 1267 863 Canticum
1312 810 1634 863 canticorum
1664 825 1682 862 :
1711 825 1845 877 quos
1872 811 2090 880 scriptis
2129 811 2278 866 hisce
2341 811 2525 868 titulos
2589 829 2694 866 non
2724 812 2960 866 humana
2998 812 3207 867 ratione
3234 811 3434 882 aliqua,
3460 814 3555 869 sed
3591 813 3768 868 nuini-

527 925 593 962 ne
640 907 832 960 ductus
858 948 874 971 ,
905 905 1175 975 apposuit.
1248 903 1400 960 Hanc
1444 904 1614 972 ipsam
1666 920 1825 974 porro
1890 906 2154 960 divinitus
2191 906 2509 976 inspiratam
2547 907 2874 976 scripturam
2905 906 3139 962 ethnicis
3177 906 3454 961 illustrare
3499 897 3767 978 exemplis

525 1000 642 1052 volt
669 998 910 1067 neglecta
934 997 1174 1068 Apostoli
1216 995 1368 1050 Pauli
1413 1010 1544 1052 voce
1568 997 1681 1062 illa,
1709 996 1821 1051 Nos
1843 998 2084 1067 spiritum
2122 999 2282 1066 hujus
2353 999 2536 1051 mundi
2607 1014 2708 1052 non
2761 999 3054 1066 accepimus
3079 1037 3096 1062 ,
3134 999 3223 1051 sed
3278 999 3522 1067 spiritum
3570 1000 3659 1068 qui
3701 1015 3767 1052 ex

529 1095 634 1149 Deo
658 1105 752 1158 est,
787 1105 864 1158 ut,
888 1110 1003 1164 quin
1037 1105 1154 1146 sunt
1191 1111 1222 1146 a
1261 1093 1367 1146 Deo
1408 1094 1552 1147 nobis
1596 1093 1791 1147 donata
1821 1095 2188 1162 dignoscantur
2213 1108 2231 1146 :
2256 1103 2302 1146 et
2365 1110 2481 1161 qua
2524 1093 2808 1163 loquimur,
2877 1109 2979 1146 non
3041 1103 3160 1146 sunt
3207 1093 3260 1144 in
3290 1092 3547 1146 docilibus
3586 1094 3768 1145 huma-

527 1201 607 1239 na:
631 1186 900 1254 sapientiae
927 1186 1114 1251 verbis,
1142 1187 1230 1239 sed
1262 1185 1494 1248 Spiritus
1521 1184 1689 1238 sancti
1711 1185 1799 1254 qui
1837 1184 2087 1238 discernit
2125 1185 2447 1253 spiritualia.
2481 1183 2742 1238 Animalis
2774 1185 2926 1237 Immo
2971 1200 3075 1236 non
3157 1186 3373 1254 percipit
3409 1201 3526 1254 qua:
3591 1199 3624 1237 α
3658 1181 3770 1238 Deo

526 1286 668 1342 sunt,
691 1278 916 1330 stultitia
951 1281 1135 1347 quippe
1162 1280 1400 1332 videntur
1421 1279 1519 1346 ipsi
1551 1294 1570 1332 :
1601 1293 1761 1346 neque
1797 1286 1961 1344 potest
2005 1278 2293 1348 intelligere
2337 1294 2420 1344 ea,
2482 1277 2624 1346 quod
2687 1277 3033 1346 spiritualiter
3095 1278 3464 1332 discernuntur
3516 1275 3583 1328 δ’.
3641 1273 3770 1329 Hice

527 1373 612 1426 vir
662 1373 910 1441 egregius
944 1389 1065 1426 cum
1100 1375 1326 1444 ignoret,
1372 1372 1772 1426 Proverbiorum
1805 1375 2132 1429 sententiam
2173 1381 2228 1428 et
2267 1372 2678 1442 intelligentiam
2733 1379 2964 1430 conatur
3023 1385 3357 1439 paganorum
3391 1369 3610 1440 scriptis
3646 1353 3771 1425 illit-

529 1474 725 1520 strare.
762 1461 840 1516 lia
873 1465 1020 1518 enim
1063 1465 1282 1521 disertis
1319 1465 1497 1520 verbis
1519 1467 1613 1520 ait.

1165 1560 1318 1615 CAP.
1356 1559 1440 1615 lll.

763 1651 1003 1708 Mamili
1035 1651 1098 1704 de
1131 1650 1416 1719 proverbiis
1444 1654 1582 1718 apud
1613 1646 1843 1704 ercos.

603 1765 622 1798 ι
660 1744 774 1798 Non
818 1754 900 1798 est
934 1759 959 1795 a
993 1741 1268 1811 proposito
1293 1780 1307 1802 ,
1343 1748 1402 1791 ut
1435 1739 1696 1804 arbitror,
1727 1740 1960 1794 alienum
1988 1779 2002 1804 ,
2048 1740 2095 1795 si

535 1860 552 1892 ι
593 1854 762 1907 pauca
793 1835 1159 1891 rccensuerim
1211 1833 1260 1885 in
1302 1833 1587 1902 praesenti,
1614 1847 1731 1900 quae
1759 1842 1884 1887 sunt
1913 1832 1967 1887 in
1997 1847 2094 1887 usu

535 1949 554 1982 ι
593 1929 734 2000 apud
773 1927 1010 1989 Graecos,
1067 1921 1369 1990 proverbia.
1418 1920 1555 1976 Sane
1593 1922 1667 1976 vel
1702 1933 1936 1976 mortuus
1986 1933 2092 1988 est,

534 2039 554 2072 ι
601 2019 678 2074 vel
709 2019 910 2072 litteras
946 2020 1111 2068 docet.
1165 2014 1342 2067 Prima
1385 2014 1598 2082 quidem
1652 2013 1788 2068 facie
1829 2017 2096 2084 putaverit

536 2133 551 2162 ο
593 2109 858 2178 quispiam
890 2108 993 2160 hoc
1025 2105 1386 2174 proverbium,
1429 2109 1487 2166 iis
1537 2104 1588 2156 in
1620 2103 1918 2158 litterarum
1968 2121 2096 2174 pro-

523 2181 555 2254 ἰ
591 2201 827 2255 fessores
876 2205 1225 2264 usurpatum,
1275 2194 1429 2263 quasi
1470 2209 1572 2246 non
1627 2195 1782 2248 aliter
1828 2196 1966 2266 apud
2000 2212 2094 2252 eos

535 2311 554 2344 ι
591 2293 786 2347 litterae
815 2291 1159 2344 docerentur.
1195 2285 1306 2356 Ego
1333 2296 1533 2351 autem,
1584 2286 1774 2355 inquit,
1808 2287 1968 2342 didici
1993 2289 2095 2344 hoc

535 2403 554 2436 ι
591 2399 694 2437 non
728 2383 799 2435 ita
831 2395 888 2434 se
923 2379 1142 2432 habere.
1177 2377 1280 2431 Sed
1312 2387 1595 2447 propterea
1615 2379 1780 2447 quod,
1804 2394 1923 2432 cum
1956 2393 2094 2448 pra:-

537 2495 555 2527 ι
601 2477 671 2530 lio
701 2473 1059 2528 Athenienses
1088 2469 1256 2529 Siculi
1300 2471 1562 2534 vicerant,
1614 2469 1756 2524 solos
1812 2469 1932 2524 illos
1986 2471 2093 2525 vita

536 2585 554 2617 ι
592 2568 820 2620 domitos
843 2572 1156 2623 servarent,
1183 2559 1272 2630 qui
1310 2559 1503 2613 litteris
1549 2569 1703 2613 erant
1738 2560 2006 2626 instructi,
2037 2571 2096 2616 ut

537 2674 554 2707 ι
595 2656 778 2710 liberis
807 2656 919 2709 suis
965 2661 1328 2723 przeceptores
1379 2651 1500 2704 illos
1551 2651 1836 2718 haberent,
1865 2663 2092 2709 cznteros

535 2766 554 2798 ι
594 2760 722 2800 vero
751 2760 939 2799 omnes
980 2753 1155 2796 morte
1210 2741 1533 2796 multabant.
1574 2741 1706 2796 Cum
1738 2756 1866 2796 vero
1903 2757 1934 2796 e
1959 2758 2094 2813 pra:-

537 2853 557 2888 (
595 2835 668 2889 lio
695 2833 909 2904 quidam
941 2831 1283 2902 aufugientes
1315 2830 1530 2883 domum
1578 2839 1988 2896 remeaverant,
2023 2832 2091 2885 ab

538 2945 556 2978 ι
596 2924 1021 2978 Atheniensibus
1072 2923 1392 2992 interrogati
1434 2924 1500 2976 de
1552 2923 1742 2976 amicis
1771 2924 2092 2992 quibusdam
2121 2907 2162 2962 (ἶ

537 3036 555 3069 ι
594 3019 707 3072 suis
735 3027 823 3070 aut
857 3014 1114 3068 alIinitate
1157 3014 1478 3083 cunjunctis,
1530 3015 1803 3078 dicebant,
1849 3014 1991 3070 Sane
2021 3019 2096 3070 vel

536 3129 555 3162 ι
592 3122 827 3163 mortuus
862 3116 957 3169 est,
1004 3105 1082 3158 vel
1116 3106 1316 3158 litteras
1344 3106 1511 3158 docet.
1563 3105 1698 3170 Quid
1731 3106 1857 3161 illud
1889 3119 2095 3175 autem,

538 3224 554 3254 ‹
590 3203 765 3269 Cap-ra
789 3199 1021 3270 gladium
1047 3239 1060 3262 ,
1091 3199 1192 3252 sibi
1220 3197 1392 3252 velit?
1427 3196 1613 3252 Nonne
1644 3199 1986 3268 proverbium
2015 3201 2097 3254 di-

537 3313 554 3344 ι
595 3293 736 3346 citur
765 3291 832 3344 de
859 3305 948 3354 eo,
982 3287 1074 3358 qui
1109 3302 1227 3356 quae
1252 3285 1318 3341 de
1354 3287 1468 3356 ipso
1490 3287 1762 3351 dicuntur,
1788 3299 1941 3343 antea
1966 3305 2096 3360 prae-

537 3403 553 3432 ι
597 3381 770 3435 vidit?
806 3389 1090 3450 propterea
1137 3377 1278 3445 quod
1310 3392 1470 3446 capra
1508 3377 1862 3445 immolanda,
1898 3381 2092 3435 intueri

536 3493 553 3525 ι
595 3474 730 3528 solet
754 3472 1007 3542 gladium.
1052 3467 1161 3523 lloc
1189 3469 1432 3539 profecto
1456 3485 1520 3524 ex
1549 3471 1786 3540 antiquis
1823 3472 1947 3525 nulli
1970 3489 2096 3542 pro-

536 3585 554 3618 ι
597 3567 801 3620 didere.
864 3563 1046 3632 Neque
1106 3562 1249 3615 enim
1304 3563 1407 3615 hoc
1459 3576 1621 3616 sensu
1680 3565 2096 3632 proverbialiter

538 3678 553 3708 ι
597 3663 969 3725 usurparetur.
1001 3655 1128 3708 Erat
1157 3655 1302 3709 enim
1351 3651 1507 3706 facile
1547 3663 1600 3708 et
1649 3655 1823 3708 cuivis
1875 3655 2093 3709 obvium

536 3767 554 3800 ι
598 3750 699 3801 hoc
733 3762 762 3800 e
788 3754 1061 3800 renatum
1104 3745 1555 3799 animadvertere.
1606 3743 1917 3812 *Usurpatur
1965 3759 2092 3799 vero

534 3859 552 3891 ι
590 3841 654 3894 de
680 3840 742 3892 iis
759 3837 846 3906 qui
872 3837 1068 3890 malum
1090 3836 1434 3904 sibimetipsis
1466 3845 1777 3906 procurant.
1814 3835 1948 3891 Nam
1977 3835 2093 3892 Me-

534 3953 553 3986 ι
589 3935 689 3988 dea
741 3932 982 3988 Corinthi
1017 3941 1298 4002 postquam
1356 3930 1554 3985 liberos
1606 3943 1732 3984 suos
1777 3944 1872 3984 sua
1927 3945 2089 3984 manu

538 4045 556 4077 ι
595 4026 969 4087 interemerat,
1001 4022 1198 4076 dicitur
1241 4036 1307 4075 eo
1333 4021 1450 4076 loco
1478 4022 1781 4076 occultasse
1809 4021 2040 4076 cultrum
2073 4039 2088 4076 :

537 4135 555 4167 ι
596 4115 796 4171 secutis
825 4128 952 4168 vero
980 4113 1311 4184 temporibus
1331 4111 1550 4179 factum,
1585 4121 1645 4166 ut
1673 4111 1937 4167 Corinthii
1968 4127 2088 4166 ora-

535 4227 554 4257 ι
591 4208 712 4263 culo
738 4207 946 4271 moniti,
984 4223 1199 4276 capram
1237 4207 1441 4274 nigram
1497 4205 1777 4260 immolare
1809 4205 2089 4270 deberent,

536 4321 554 4357 ‹
591 4301 702 4366 ubi,
739 4315 859 4356 cum
891 4301 1065 4355 cultro
1079 4300 1525 4372 ,destitueremur,
1541 4312 1701 4368 capra
1729 4298 1956 4368 pedibus
1979 4300 2092 4354 suis

603 4436 661 4492 gn
701 4418 797 4477 Ed.
835 4418 1008 4481 Paris,
1041 4431 1163 4486 pag.
1189 4416 1278 4470 l5.

602 4517 647 4548 “
690 4515 852 4570 llebr.
881 4528 955 4578 xi,
986 4509 1075 4565 57.
1150 4507 1194 4539 “
1224 4505 1246 4559 Ι
1285 4506 1411 4562 Cor.
1440 4522 1500 4570 ll,
1533 4506 1619 4563 i2.

623 4629 711 4697 84)
751 4625 921 4692 Vulgo
943 4623 1167 4697 όλίγων.

623 4631 711 4697 84)
751 4631 921 4692 Vulgo
947 4631 1167 4691 ὀλίγων.

597 4631 708 4771 ἒ85)
747 4696 896 4750 Ἀλλ’
1002 4694 1309 4771 τέθνηκεν,
1453 4691 1721 4771 διδάσκει
1758 4691 2084 4762 γράμματα.

530 4762 788 4824 Νοίεἰέε
837 4781 902 4819 cx
961 4762 1207 4828 historia,
1253 4774 1307 4816 et
1364 4762 1650 4816 Plutarcho
1681 4780 1694 4814 :
1725 4779 1882 4828 quam
1944 4773 2090 4817 recte

528 4839 813 4896 Marcellus
877 4835 1199 4902 explicabat.
1273 4831 1496 4886 Videudi
1544 4832 2022 4903 παροιμιογράφοι,
2060 4847 2090 4884 a

528 4909 826 4966 reverenda
877 4906 1161 4958 admodum
1216 4912 1270 4957 et
1319 4903 1622 4957 clarissimo
1655 4902 1712 4956 Ρ.
1760 4902 2088 4956 Αζδυιιοιιο

526 4982 688 5043 editi;
727 4978 819 5032 sed
877 4975 1026 5029 locus
1076 4973 1130 5043 in
1185 4974 1369 5043 codice
1390 4988 1502 5026 non
1532 4983 1765 5043 constat.
1803 4972 1934 5026 Nam
1959 4974 2086 5041 quid

528 5054 614 5104 illa
654 5049 754 5104 sibi
787 5046 990 5107 volunt,
1023 5042 1145 5095 ἐπεὶ
1178 5044 1272 5095 καὶ
1299 5042 1485 5112 ἕτερός
1519 5059 1622 5104 τις,
1652 5042 1811 5105 forte,
1845 5044 1964 5096 ἐπεὶ
1994 5043 2088 5095 καὶ

529 5121 602 5192 μὴ
626 5120 823 5192 ἑτέρως
849 5133 930 5178 τις
951 5113 1057 5192 τῶν
1087 5113 1211 5192 παρ’
1241 5114 1453 5192 αὐτοῖς·
1472 5111 1599 5192 nan}?
1638 5112 1680 5192 δῖ
1713 5112 1932 5192 ginem"
1961 5112 2085 5183 εφη,

528 5182 682 5244 τοῧτο
721 5182 764 5241 δ’
789 5188 886 5256 οὐχ
919 5184 1090 5246 οὓτως
1122 5183 1284 5256 ἔχειν,
1314 5182 1428 5256 ἀλλ’
1457 5183 1530 5245 ὡς
1551 5183 1599 5234 οἱ
1628 5183 1695 5234 τὰ
1722 5182 2087 5255 ὑπομνῆματα

529 5252 1114 5331 γράψαντεςέφασαν.
1153 5252 1433 5331 θίἘπειδιή.
1490 5257 1668 5315 Certe,
1727 5256 1779 5331 in
1833 5252 2087 5331 miseram

529 5324 856 5384 eruditorum
884 5328 1160 5381 hominum
1189 5327 1571 5385 conditionem,
1605 5339 1707 5377 non
1741 5324 1919 5390 inepte
1954 5325 2080 5374 ada-

530 5403 672 5468 gium
711 5410 1019 5468 usurpatur,
1056 5398 1144 5464 qui
1197 5395 1510 5463 plerumque
1540 5392 1713 5446 ἄσιτοι
1749 5393 2082 5468 ἁναδώρῃτοι

531 5464 855 5539 ιρορμίζουσι
906 5465 1084 5539 μέλος,
1120 5477 1176 5519 ut
1206 5471 1272 5518 de
1308 5474 1676 5539 be__lllt€m9l'ai.
1713 5475 1911 5539 auctor
1953 5464 2085 5531 Ety-

531 5534 815 5606 t'notogici;
845 5534 997 5591 et'de
1025 5537 1308 5592 Lactantio
1341 5535 1473 5606 olim
1499 5534 1932 5606 Ut'rispidesaris
1973 5549 2087 5606 ma-

532 5603 702 5678 gistro
732 5623 959 5668 merum,
986 5616 1303 5678 usurpatum
1341 5603 1871 5678 fuitbucispl'ungis,
1906 5605 2085 5678 fatuis,

532 5674 696 5734 asinis
715 5676 1165 5748 μυστηριοφόροις
1197 5675 1565 5746 grassantibus
1597 5675 1661 5728 ad
1695 5675 1943 5739 honores,
1974 5674 2092 5730 aliis

2850 1551 3007 1605 ΚΕΦ.
3047 1551 3119 1602 Γ¹.

2194 1647 2553 1716 Μαρκέλλου
2592 1645 2723 1713 περὶ
2768 1629 2888 1697 τῶν
2932 1645 3071 1711 παρ’
3118 1643 3380 1710 Ἕλλησι
3419 1642 3764 1712 παροιμιῶν.

2271 1760 2288 1791 ι
2325 1737 2488 1791 Οὐδὲν
2525 1736 2634 1808 γὰρ
2658 1737 2855 1790 ἄτοπον
2887 1731 3040 1805 οἶμαι
3073 1736 3129 1786 ὲν
3158 1733 3237 1804 τῷ
3265 1733 3492 1805 παρόντι
3520 1734 3628 1804 (84)
3655 1735 3768 1787 ὀλί-

2202 1852 2220 1884 «
2260 1848 2354 1900 γον
2377 1830 2484 1882 τῶν
2514 1828 2708 1895 ἔξωθεν
2725 1827 3031 1898 ὑπομνῆσαι
3049 1825 3352 1897 παροιμιῶν
3381 1825 3512 1893 (85).
3548 1826 3709 1880 Ἀλλ’
3727 1827 3764 1895 ἣ

2203 1943 2222 1975 ι
2265 1922 2549 1990 τέθνηκεν
2563 1922 2600 1988 ἢ
2617 1919 2880 1974 διδάσκει
2905 1917 3447 1989 γράμματαπαύτην
3460 1918 3558 1988 τὴν
3577 1935 3767 1988 παροι-

2202 2032 2219 2064 ‹
2253 2013 2379 2083 μίαν
2402 2012 2536 2082 πρὸς
2551 2012 2649 2083 μὲν
2672 2012 2730 2063 τὸ
2749 2011 3066 2082 φαινόμενον
3084 2009 3177 2064 τοῦ
3199 2010 3542 2081 γράμματος,
3560 2010 3763 2062 ὑπολά-

2204 2125 2222 2155 ι
2251 2105 2333 2157 6οι
2353 2105 2416 2158 ἄν
2433 2121 2515 2167 τις
2536 2103 2678 2156 κατὰ
2692 2102 2799 2154 τῶν
2813 2103 3111 2173 γράμματα
3124 2102 3475 2156 διδασκόντων
3493 2101 3761 2173 εἰρῆσθαι·

2203 2216 2220 2247 ι
2263 2197 2381 2249 ἐπεὶ
2407 2196 2500 2249 καὶ
2533 2196 2717 2268 ἕτερός
2754 2213 2836 2258 τις
2868 2195 2974 2249 τῶν
3023 2200 3155 2267 παρ’
3195 2199 3375 2259 αὐτοῖς
3424 2197 3665 2250 ἐδίδασκε
3698 2197 3768 2251 τὰ

2202 2307 2219 2338 ι
2252 2290 2573 2359 γράμματα.
2626 2288 2764 2358 Ἐγὼ
2791 2291 2834 2343 δ’
2873 2291 3119 2360 ἐφοίτων,
3144 2288 3267 2361 ἔφη,
3303 2289 3364 2342 τὸ
3400 2289 3445 2341 δ’
3460 2291 3559 2360 οὐχ
3591 2288 3769 2352 οὕτως

2202 2396 2219 2427 ι
2263 2377 2422 2448 ἔχειν,
2457 2379 2506 2430 οί
2547 2377 2614 2430 τὰ
2644 2379 3010 2450 ὑπομνήματα
3039 2379 3345 2450 γράψαντες
3378 2379 3604 2448 ἔφασαν.
3627 2378 3767 2432 Ἀλλ’

2199 2486 2220 2520 ι
2254 2471 2439 2542 ἐπειδὴ
2484 2470 2791 2542 Ἀθηναίους
2823 2470 3139 2524 Σικελιῶται
3171 2488 3333 2541 φασιν
3373 2471 3592 2542 πολέμῳ
3616 2473 3770 2544 νική-

2201 2581 2218 2613 ι
2261 2579 2476 2626 σαντες,
2528 2563 2718 2633 μόνους
2760 2562 2958 2625 ἔσωζον
2996 2563 3122 2625 τοὺς
3167 2561 3410 2615 παιδείαν
3458 2563 3770 2634 σκηπτομέ-

2203 2671 2221 2703 ‹
2255 2670 2398 2716 νους,
2445 2653 2792 2719 διδασκάλους
2844 2655 3037 2717 αὐτοὺς
3083 2657 3198 2717 τοῖς
3251 2656 3439 2708 παισὶν
3499 2655 3725 2722 ἄγοντες
3748 2697 3765 2721 ,

2202 2764 2221 2796 ‹
2255 2746 2380 2809 τοὺς
2401 2745 2458 2798 δὲ
2489 2745 2679 2809 ἄλλους
2710 2747 2914 2809 πάντας
2936 2747 3185 2816 ἐφόνευον
3209 2763 3223 2776 ·
3257 2745 3314 2812 ἐξ
3340 2747 3518 2800 αὐτῶν
3536 2747 3591 2799 δέ
3613 2765 3768 2811 τινας

2203 2853 2221 2886 ι
2265 2836 2553 2905 φυγόντας,
2589 2838 2681 2890 καὶ
2713 2837 3119 2902 ἐπανελθόντας,
3152 2838 3536 2909 ἐρωτωμένους
3575 2855 3632 2890 τε
3671 2839 3765 2891 ὑπ’

2203 2945 2220 2978 ι
2273 2928 2570 2999 Ἀθηναίων
2603 2928 2729 3000 περί
2755 2947 2912 2982 τινων
2940 2930 3300 3002 διαφερόντων
3332 2933 3534 2999 αὐτοῖς,
3561 2935 3768 3005 ἔφασαν

2203 3039 2221 3070 ι
2269 3019 2568 3091 εἰρηκέναι,
2601 3020 2765 3074 Ἀλλ’
2803 3021 2841 3088 ἢ
2873 3021 3174 3090 τέθνηκεν,
3206 3023 3242 3091 ἢ
3263 3022 3536 3079 διδάσκει
3585 3027 3767 3097 πράμ-

2203 3150 2220 3182 ι
2255 3131 2502 3201 ματα.Τί
2516 3131 2572 3185 δὲ
2589 3132 2680 3184 καὶ
2697 3132 2756 3184 τὸ
2772 3131 2900 3203 (86),
2917 3133 3025 3198 Αἲξ
3040 3135 3153 3203 τὴν
3161 3134 3480 3205 μάχαιραν,
3500 3140 3770 3210 νομίσειεν

2204 3242 2220 3274 ‹
2267 3222 2329 3275 ἀν
2371 3240 2452 3285 τις
2500 3223 2584 3275 ἵνα
2623 3221 2701 3275 θῶ
2733 3222 2994 3294 πρότερον
3026 3223 3092 3276 τὰ
3125 3225 3254 3296 περὶ
3295 3227 3464 3296 αὐτῆς
3499 3227 3769 3297 λεγόμενα

2203 3331 2221 3362 ‹
2267 3313 2483 3378 πάντως
2517 3330 2640 3374 που,
2675 3312 2761 3365 διὰ
2811 3312 2912 3382 (τὸ)
2960 3314 3058 3384 τὴν
3099 3314 3364 3386 θυομένην
3395 3313 3519 3384 αἶγα
3554 3319 3634 3380 είς
3667 3318 3769 3387 τὴν

2201 3423 2220 3455 ι
2264 3407 2533 3476 μάχαιραν
2565 3407 2791 3478 ἀφορᾷν,
2836 3407 3084 3478 εἰρῆσθαι
3135 3407 3234 3478 τὴν
3280 3408 3583 3478 παροιμίαν.
3621 3408 3764 3461 Ἀλλ’

2201 3518 2219 3547 Ι
2261 3498 2322 3550 οὐ
2355 3497 2499 3560 τινὲς
2527 3498 2672 3550 τοῦτ’
2706 3499 2910 3568 ἔφασαν
2938 3501 2986 3552 οί
3021 3499 3271 3553 παλαιοί·
3291 3500 3405 3553 οὐδὲ
3429 3499 3533 3571 γὰρ
3563 3517 3758 3570 παροι-

2201 3607 2219 3638 ι
2259 3588 2355 3658 μία
2384 3583 2452 3659 ἦν
2480 3589 2546 3642 ἂν
2571 3591 2604 3660 ἡ
2636 3590 2902 3659 λεχθεῖσα,
2927 3591 3040 3660 εἴγε
3062 3592 3207 3644 τοῦθ’
3230 3592 3396 3655 οὕτως
3421 3587 3550 3662 εἷχε,
3579 3591 3761 3660 (τοῦτο

2201 3699 2218 3730 ι
2253 3679 2362 3750 γὰρ
2413 3680 2700 3733 ἀκόλουθον
2749 3679 2815 3754 ἦν
2865 3685 2929 3736 ἐκ
2970 3685 3076 3736 τῶν
3132 3684 3466 3754 φαινομένων
3518 3685 3761 3757 ἐννοεῖν,)

2201 3791 2217 3820 ι
2259 3771 2373 3825 ἀλλ’
2403 3773 2495 3825 ἐπὶ
2531 3772 2639 3825 τῶν
2671 3774 2880 3838 ἑαυτοῖς
2913 3776 3056 3829 κακά
3089 3775 3488 3848 προξενούντων
3517 3775 3764 3847 εἰρῆσθαι

2201 3895 2219 3928 ι
2261 3877 2416 3930 τοῦτό
2465 3895 2617 3948 φασι.
2664 3880 2798 3932 Φασὶ
2856 3879 2963 3952 γὰρ
3005 3881 3244 3951 Μηδείαν
3295 3885 3352 3935 ὲν
3405 3882 3653 3955 Κορίνθῳ
3696 3883 3765 3938 τὰ

2201 4003 2217 4035 ι
2257 3983 2424 4036 τέκνα
2469 3984 2902 4048 ἀποκτείνασαν,
2959 3985 3304 4056 κατακρύψαι
3341 3986 3440 4057 τὴν
3491 3987 3767 4059 μάχαιραν

2204 4105 2222 4138 ι
2261 4088 2466 4142 αὐτόθι.
2515 4090 2650 4153 Τοὺς
2681 4089 2738 4142 δὲ
2774 4089 3112 4161 Κορινθίους,
3148 4090 3288 4144 κατὰ
3313 4092 3556 4163 χρησμὸν
3587 4093 3768 4156 αὐτοῖς

2203 4213 2221 4246 ι
2259 4195 2501 4260 δοθέντα,
2535 4192 2667 4265 αἶγα
2707 4197 2960 4267 μέλαιναν
2997 4197 3361 4265 ἐναγίζοντας,
3405 4200 3625 4271 ἀπορεῖν
3657 4216 3766 4269 μα-

2207 4322 2224 4353 ι
2263 4304 2473 4376 χαίρας.
2520 4304 2629 4375 Τὴν
2671 4304 2727 4357 δὲ
2772 4299 2922 4372 αἶγα,
2973 4303 3304 4359 σκάλλουσαν
3351 4304 3429 4374 τῷ
3477 4303 3596 4357 ποδὶ
3626 4303 3768 4374 (87),

2191 4636 2300 4675 non
2334 4619 2433 4674 sibi
2454 4618 2686 4672 debitos.
2706 4617 2837 4671 Nam
2864 4617 2945 4672 vel
2972 4617 3152 4684 pueris
3170 4616 3526 4672 inl'ormandis
3543 4631 3766 4686 vacare,

2193 4692 2277 4744 vcl
2314 4690 2671 4756 ineiliaperire
2699 4699 2929 4758 Oportet.
2968 4687 3018 4741 Μ
3043 4720 3111 4728 —
3133 4687 3252 4741 Mox
3275 4687 3430 4756 vulgo
3457 4687 3767 4742 ἐδιδάσκετε)

2196 4772 2249 4816 ct
2276 4761 2392 4813 Σικ.
2419 4761 2597 4828 νικήσ.
2622 4759 2742 4813 πολ.
2769 4771 2821 4812 et
2849 4758 3147 4826 φεύγοντας
3173 4769 3225 4811 et
3250 4773 3362 4810 om.»
3387 4758 3694 4827 είρῃκέναι.

2267 4831 2377 4901 (86)
2411 4827 2656 4897 Αἳξτὴν
2683 4828 3004 4898 μάχαιραν.
3052 4829 3224 4901 Locus
3253 4828 3390 4901 haud
3431 4843 3632 4889 sanus;
3666 4844 3767 4899 ego

2199 4897 2307 4954 non
2347 4900 2594 4961 restituo.
2629 4902 2766 4952 Verti
2813 4897 2876 4952 uti
2909 4901 3078 4968 potui,
3127 4900 3219 4952 sed
3255 4897 3498 4950 mihimet
3542 4914 3646 4951 non
3680 4897 3768 4952 sia-

2197 4969 2391 5024 tisfeci.
2434 4968 2660 5031 Nedum,
2700 4970 2833 5032 scio,
2885 4972 3023 5022 aliis.
3075 4970 3250 5036 Ipsum
3299 4968 3671 5034 proverbium,
3713 4979 3767 5022 et

2195 5041 2431 5108 aliunde,
2461 5049 2514 5093 et
2554 5041 2643 5093 hic
2677 5042 2838 5091 etiam
2890 5040 3026 5094 satis
3072 5038 3390 5109 liquet;_sed
3434 5037 3532 5109 illa
3557 5039 3768 5109 προόδι·

2195 5105 2423 5180 κα,νηοιί
2451 5123 2770 5180 magnopere
2797 5109 2861 5161 ad
2891 5127 2998 5162 rem
3027 5105 3247 5162 faciunt.
3345 5134 3411 5142 —
3446 5105 3576 5180 [lein
3603 5105 3768 5180 vulgo

2194 5179 2444 5251 εἰρῆσθαι
2472 5175 2780 5251 μὴν-αθ)εῴ
2821 5190 2873 5233 et
2904 5179 3147 5251 πάντων,
3167 5179 3402 5251 etdeest
3429 5175 3511 5229 τό.

2266 5245 2376 5318 (87)
2405 5245 2665 5316 Μ’ὴδείιις
2693 5245 2989 5317 ιίιλευρεῖν.
3018 5249 3152 5318 Quid
3189 5249 3246 5318 isi
3276 5246 3516 5318 legamus
3547 5245 3762 5316 ἀνορύτ-

2193 5316 2505 5388 τεινῖιιιιυά
2524 5319 2742 5373 Suiuam
2777 5316 2988 5389 legitur,
3011 5317 3102 5384 αἲξ
3122 5317 3285 5371 δοῦσα
3307 5318 3404 5386 τὴν
3441 5316 3716 5387 μάχαιραν
3741 5330 3755 5344 ·

2189 5394 2347 5453 male,
2389 5390 2508 5444 dele
2559 5389 2721 5443 δοῦσα
2778 5390 2853 5452 ὡς
2891 5389 3082 5460 diuiso;
3137 5389 3459 5460 redundant?
3489 5389 3609 5445 ista,
3659 5400 3758 5438 nec

2189 5472 2315 5514 sunt
2343 5461 2429 5514 hic
2469 5463 2797 5514 necessaria.
2840 5461 2967 5525 Quae
3015 5467 3340 5527 sequuntur,
3370 5459 3558 5510 vitiosa
3587 5465 3755 5519 sunt;

2190 5529 2331 5584 forte
2386 5530 3042 5610 Ιεευιιιιυιιι,εἰρημένης,
3075 5528 3169 5583 καὶ
3197 5528 3320 5610 τίνα
3347 5545 3407 5580 π.
3440 5543 3492 5580 α.
3517 5542 3591 5603 γι.
3623 5536 3760 5590 etc.,

2195 5599 2585 5671 μνημονεῦσαι,
2602 5601 2691 5653 ἵνα
2705 5599 2998 5671 Ἀστέριον,
3016 5610 3071 5654 et
3085 5599 3268 5654 statim
3285 5599 3684 5671 προσποιουντα
3703 5606 3764 5671 et.

2195 5665 2649 5738 κατασκευάζειν,
2679 5665 3080 5736 aitAsicrium,
3149 5665 3496 5726 sa'culairibus
3555 5665 3763 5721 litteris
