4098 6200
370 275 475 332 ’145

1502 267 1783 325 CONTRA
1821 267 2247 325 MARCELLUM
2290 268 2419 325 LIB.
2461 269 2502 323 Ι.

3409 263 3418 271 ’
3498 284 3605 339 πε

378 419 393 448 ι
436 414 539 457 την
594 394 835 468 Μηδείας
878 394 1122 467 ἀνευρεῖν
1164 393 1470 465 μάχαιραν,
1526 394 1618 448 καὶ
1666 394 1800 465 αὐτῇ
1852 411 1946 447 τυ-

2056 412 2075 443 1
2118 403 2321 447 terram
2347 378 2582 456 eruens‘,
2617 392 2766 448 illum
2797 392 3111 450 Medeanum
3139 397 3444 469 detegebat,
3504 421 3611 475 quo

374 498 400 541 ς
444 490 630 542 Orum.

460 499 471 540 ξ
515 504 549 541 τι
617 530 630 541 .

460 499 683 633 ιὴΤῗιδὲ
714 578 791 641 τὸ,
820 578 988 642 Ἀλις
1033 574 1232 645 δρυὸς,
1266 576 1550 647 σημαίνεις
1578 576 1711 646 φησί
1748 590 1852 639 τις*
1886 575 1946 628 οὐ

385 688 407 722 1
448 670 563 743 γὰρ
594 670 813 725 δυνατὸν
842 671 907 723 ὲκ
927 668 1021 722 τοῦ
1046 667 1333 740 προχείρου
1353 666 1675 737 γιγνώσκειν
1689 668 1788 740 τὴν
1811 684 1948 736 παρ⁶

390 780 410 813 1
451 763 652 833 οιμίαν.
682 764 743 815 Oi
778 760 1016 827 παλαιοὶ,
1046 761 1122 825 ὡς
1148 762 1376 830 ἔφασαν,
1414 759 1519 833 πρὸ
1549 760 1647 831 τῆς
1681 760 1775 812 τοῦ
1803 760 1947 812 σίτου

392 874 413 905 1
455 855 742 925 γεωργίας,
794 852 1321 925 βαλανηφαγοῦντες,
1356 852 1564 923 ἐπειδὴ.
1593 852 1669 914 ὼς
1699 852 1886 922 ᾣοντο,
1920 854 1949 904 ὁ

392 967 413 998 1
456 948 660 1017 καρπὸς
684 939 840 1011 οὗτος
869 946 1093 1020 ὕστερον
1125 946 1343 1018 εὑρέθη,
1379 946 1569 1016 ἐκείνῳ
1594 944 1948 1016 προσέχοντες

393 1057 413 1089 1
452 1039 541 1092 τὸν
585 1038 703 1091 νοῦν
744 1038 838 1091 καὶ
876 1041 942 1110 τῇ
992 1038 1261 1110 μεταϐολῇ
1303 1036 1751 1109 προσχαίροντες,
1789 1036 1950 1099 Ἅλις

392 1148 413 1179 1
451 1128 649 1197 δρυὸς,
686 1129 894 1199 ἔλεγον.
940 1131 1047 1183 Καὶ
1079 1129 1236 1183 τοῦτο
1275 1129 1372 1200 τὴν
1419 1126 1714 1199 παροιμίαν
1746 1126 1949 1196 ἔφασαν

388 1237 409 1269 1
445 1216 600 1274 εἶναι.
639 1216 806 1284 Αὖθίς
850 1238 909 1274 τε
953 1221 1144 1293 ἑτέρας
1183 1219 1510 1291 παροιμίας,
1555 1218 1659 1272 ὑπὸ
1688 1217 1950 1271 πλείστων

385 1331 407 1365 1
445 1313 553 1366 τῶν
584 1314 711 1387 παρ’
741 1316 927 1379 αὐτοῖς
954 1314 1131 1384 σοφῶν
1164 1316 1222 1369 ἐν
1251 1313 1521 1377 πλείστοις
1553 1313 1647 1365 καὶ
1676 1312 1951 1383 διαφόροις

382 1421 405 1455 1
443 1402 669 1473 βιϐλίοις
710 1405 1023 1477 εἰρημένης,
1060 1405 1180 1459 τίνα
1231 1405 1359 1477 περὶ
1396 1404 1563 1475 αὐτῆς
1593 1404 1947 1475 γεγράφασιν,

382 1514 403 1547 1
439 1496 490 1548 οί
531 1496 634 1561 τὰς
668 1498 966 1569 παροιμίας
1011 1496 1339 1569 ἑρμηνεῦσαι
1383 1496 1750 1569 προελόμενοι,
1786 1496 1951 1564 ἀναγ-

380 1607 401 1639 1
443 1591 599 1641 καῖον
642 1588 756 1662 (88)
802 1591 859 1644 ἐν
904 1589 981 1661 τῷ
1022 1590 1243 1661 παρόντι
1279 1589 1661 1661 μνημονεῦσαι.
1704 1589 1839 1641 Ἀλλ’
1885 1590 1949 1641 ἵν’

382 1698 403 1731 1
438 1680 748 1752 ὲλέγξωμεν
787 1682 1081 1754 Ἀστέριον,
1129 1683 1223 1736 καὶ
1253 1682 1359 1734 ἀπὸ
1404 1682 1510 1735 τῶν
1554 1681 1751 1746 ἔξωθεν
1791 1683 1950 1735 αὐτὸν

383 1791 404 1822 1
453 1774 787 1844 μαθημάτων
819 1776 995 1829 εἰδότα
1033 1776 1130 1845 μὲν
1171 1775 1412 1847 ἀκριϐῶς
1439 1776 1500 1828 τὸ
1528 1776 1628 1846 τῆς
1656 1777 1951 1847 παροιμίας

388 1883 407 1915 1
447 1866 736 1938 ἐξαίρετον,
757 1869 814 1923 ἐν
836 1868 892 1921 δὲ
912 1867 988 1939 τῷ
1010 1869 1233 1939 παρόντι
1261 1868 1482 1936 ἄγνοιαν
1498 1867 1949 1939 προσποιηθέντα,

387 1975 409 2007 1
452 1957 541 2011 ἵνα
578 1958 638 2010 τὸ
681 1958 868 2012 ἑαυτοῦ
907 1958 1150 2030 βούλημα
1183 1958 1272 2012 διὰ
1298 1959 1395 2028 τῆς
1428 1956 1521 2011 τοῦ
1554 1956 1951 2030 παροιμιώδους

391 2069 410 2100 1
453 2050 615 2121 ῥητοῦ
653 2053 893 2122 χρήσεως
920 2050 1156 2114 πιθανῶς
1179 2047 1605 2113 κατασκευάζειν
1627 2049 1773 2123 δόξῃ.
1797 2051 1950 2102 Ἐστι

391 2153 412 2185 1
450 2135 527 2203 δὲ,
560 2139 840 2191 Γλαύκου
872 2138 1073 2207 τέχνη·
1097 2137 1299 2209 ταύτης
1336 2140 1382 2190 οἱ
1415 2136 1611 2202 ἔξωθεν
1656 2140 1809 2208 σοφοὶ
1852 2139 1950 2209 τῆς

391 2249 410 2280 1
450 2231 741 2302 παροιμίας
770 2230 1241 2302 μνημονεύσαντες
1264 2232 1535 2303 διαφόρως
1565 2230 1732 2303 αὐτὴν
1757 2228 1953 2303 ἐξηγὴ-

388 2341 407 2374 ‹
445 2341 620 2377 σαντο.
671 2324 728 2377 Ὀ
766 2324 865 2395 μὲν
907 2322 1014 2396 γὰρ
1049 2322 1227 2376 αὐτῶν
1267 2340 1350 2387 τις
1383 2323 1485 2393 ἔφη
1508 2364 1521 2388 ,
1564 2322 1803 2377 Γλαῦκόν
1831 2340 1950 2376 τινα

384 2434 403 2465 1
446 2416 784 2485 ἐπιστήμονα
815 2415 1009 2486 τέχνης
1037 2413 1179 2478 τινὸς
1220 2414 1500 2484 γεγονότα,
1542 2414 1749 2467 πολλῶν
1785 2411 1950 2468 οὖσαν

383 2529 403 2558 1
443 2507 919 2579 Θαυμασιωτάτην,
952 2506 1243 2562 ἀπολέσθαι
1280 2506 1552 2579 ἆμα(88⁶)
1583 2507 1774 2577 ἐκείνῳ
1813 2508 1951 2561 κατὰ

386 2620 403 2650 1
446 2601 736 2664 θάλατταν,
769 2600 990 2672 μηδενός
1020 2618 1105 2654 πω
1128 2600 1476 2674 διακηκοότος
1508 2601 1695 2671 αὐτῆς.
1729 2600 1950 2671 Ἕτερος

386 2712 406 2744 1
444 2693 521 2756 δὲ,
553 2694 649 2765 τὴν
676 2694 760 2746 ἐπ’
788 2694 953 2765 ἄκρον
990 2693 1254 2764 μουσικῆς
1285 2693 1571 2764 ἐμπειρίαν
1596 2692 1949 2764 μαρτυρήσας

386 2801 407 2833 1
444 2782 521 2853 τῷ
571 2783 823 2855 Γλαύκῳ,
875 2784 1002 2847 τοὺς
1056 2781 1595 2845 κατασκευασθέντας
1642 2782 1734 2835 ὑπ’
1784 2780 1946 2834 αὐτοῦ

390 2891 410 2923 1
453 2873 666 2937 δίσκους
709 2872 937 2944 χαλκοῦς
981 2889 1110 2943 φησι
1155 2871 1444 2943 τέσσαρας,
1474 2870 1607 2943 πρὸς
1629 2870 1690 2922 τὸ
1736 2867 1947 2939 ἐμμελῆ

392 2981 412 3014 1
453 2980 573 3017 τινα
604 2965 700 3035 τῆς
745 2964 1016 3036 κρούσεως
1059 2964 1156 3035 τὴν
1194 2962 1509 3034 συμφωνίαν
1550 2961 1658 3015 τῶν
1699 2960 1948 3030 φθόγγων

388 3074 411 3107 1
455 3057 758 3110 ἀποτελεῖν·
795 3056 943 3110 ἔνθεν
975 3074 1033 3109 τε
1068 3055 1314 3128 είρῆσθαι
1342 3055 1441 3127 τὴν
1473 3053 1791 3126 παροιμίαν.
1819 3051 1947 3104 Ἀλ-
1974 3090 2015 3145 C

390 3167 410 3199 1
451 3148 540 3211 λος
586 3149 641 3201 δέ
684 3166 764 3213 τις
815 3149 1176 3203 Ἀλυαττικῶν
1224 3148 1579 3219 ἀναθεμάτων
1617 3146 1779 3217 φησὶν
1818 3147 1946 3200 ἀνα-

382 3260 408 3292 1
449 3240 656 3293 κεῖσθαι
704 3241 955 3313 κρατῆρα
1002 3242 1096 3295 καὶ
1154 3241 1553 3312 ὑποκρατήριον
1608 3237 1904 3308 θαυμάσιον
1928 3280 1943 3303 ,

386 3353 404 3385 1
451 3332 689 3386 Γλαύκου
724 3332 855 3385 Χίου
885 3332 1114 3403 ποίημα.
1160 3332 1384 3403 ’Έτερος
1410 3330 1486 3394 δὲ,
1520 3328 1757 3383 Γλαῦκον
1785 3328 1946 3382 αὑτὸν

384 3444 406 3478 1
445 3426 718 3487 ἀναθεῖναι
743 3429 823 3489 είς
864 3425 1096 3495 Δελφοὺς
1121 3424 1351 3496 τρίποδα
1389 3423 1641 3495 χαλκοῦν,
1675 3420 1817 3475 οὕτω
1848 3421 1944 3492 δη-

385 3540 404 3571 1
446 3522 848 3593 μιουργήσαντα
890 3521 1002 3582 τοῖς
1044 3518 1261 3589 παχέως
1304 3534 1363 3570 τε
1429 3515 1787 3587 κρουομένου,
1822 3515 1948 3577 τούς

385 3634 404 3664 1
443 3631 501 3666 τε
532 3613 716 3677 πόδας,
762 3611 846 3682 ἐφ’
894 3603 971 3664 ὧν
1005 3609 1223 3682 βέϐηκε,
1282 3610 1377 3663 καὶ
1420 3610 1511 3662 τὸν
1553 3607 1665 3663 ἄνω
1706 3607 1948 3679 περικεί-

384 3725 405 3756 1
446 3724 622 3776 μενον,
656 3706 749 3759 καὶ
779 3706 879 3777 τὴν
906 3703 1173 3775 στεφάνην
1211 3702 1307 3774 τὴν
1336 3703 1428 3756 ἐπὶ
1462 3702 1556 3756 τοῦ
1581 3701 1822 3774 λέϐητος,
1851 3702 1947 3755 καὶ

384 3818 405 3849 1
442 3799 539 3861 τὰς
591 3797 815 3869 ῥάϐδους
853 3796 941 3851 διὰ
988 3795 1151 3867 μέσου
1196 3794 1561 3865 τεταγμένας,
1615 3791 1944 3862 φθέγγεσθαι

385 3908 405 3940 1
443 3889 607 3961 λύρας
640 3891 809 3960 φωνῇ.
844 3888 952 3941 Καὶ
980 3882 1134 3950 αὖθις
1163 3887 1368 3958 ἕτερος,
1398 3884 1504 3938 ἀπὸ
1534 3883 1772 3937 Γλαύκου
1803 3884 1945 3947 τινὸς

383 4002 406 4033 1
447 3982 693 4049 δόξαντός
734 4000 785 4035 τι
820 3980 977 4034 πλέον
1008 3978 1361 4051 πεποιηκέναι
1384 3977 1635 4050 εἰρῆσθαι
1673 3977 1773 4048 τὴν
1806 3994 1945 4047 παρ-

386 4094 406 4126 1
445 4075 649 4146 οιμίαν.

458 4392 478 4425 1
523 4374 681 4444 Ὀρᾷς
704 4372 834 4443 (89),
865 4373 1010 4436 ὅπως
1037 4371 1098 4426 τὸ
1123 4371 1378 4442 δυσχερὲς
1404 4369 1505 4440 τῆς
1529 4372 1822 4441 παροιμίας
1852 4372 1945 4424 καὶ

380 4484 404 4518 1
435 4466 525 4519 διὰ
556 4466 743 4519 τούτου
787 4465 1085 4529 δείκνυται,
1114 4463 1202 4517 διὰ
1228 4462 1322 4517 τοῦ
1361 4462 1493 4534 μηδὲ
1535 4461 1627 4515 ἐπὶ
1654 4462 1751 4533 τῆς
1779 4462 1945 4534 αὐτῆς

383 4578 404 4612 1
445 4559 737 4631 ἑρμηνείας
763 4558 951 4628 στῆναι
992 4557 1117 4619 τοὺς
1151 4556 1248 4625 τὴν
1295 4553 1590 4625 παροιμίαν
1626 4554 1824 4625 ταύτην
1860 4556 1945 4622 ἐξ·

378 4671 403 4704 ‹
426 4649 730 4722 ηγήσασθαι
752 4646 1121 4719 βουληθέντας.
1136 4643 1288 4698 Οῦτω
1305 4643 1629 4714 δυσεύρητὸν
1644 4660 1695 4695 τι
1716 4644 1944 4713 πρᾶγμα

381 4762 403 4794 1
440 4742 503 4795 τδ
528 4741 625 4811 τῆς
650 4738 942 4812 παροιμίας
966 4736 1058 4790 καὶ
1083 4734 1229 4806 παρὰ
1256 4736 1366 4795 τοῖς
1400 4731 1594 4796 ἔξωθεν
1616 4727 1754 4787 εἶναι
1776 4733 1939 4787 δοκεῖ.

379 4854 403 4887 ‹
445 4834 535 4888 Διὸ
560 4834 651 4887 καί
674 4848 756 4895 τις
783 4830 889 4884 τῶν
918 4828 1047 4899 παρ’
1073 4827 1254 4889 αὐτοῖς
1282 4824 1478 4895 σοφῶν,
1509 4824 1824 4894 συναγαγὼν
1849 4825 1947 4889 τὰς

453 5013 513 5072 ›Ῑ‹
545 5000 641 5058 Ed.
676 4998 873 5062 Paris,
905 5010 1025 5064 pag.
1051 4992 1133 5048 16.

370 5160 689 5235 eruditum_;_
726 5167 875 5235 recte
904 5174 919 5235 ξ
944 5161 1058 5210 erat
1102 5154 1247 5235 enim
1293 5153 1533 5235 sophista
1574 5151 1931 5235 professione,

370 5246 429 5291 et
462 5242 590 5287 ante
628 5222 1120 5287 Christianismum,
1148 5225 1326 5277 ludum
1362 5222 1412 5277 in
1432 5222 1764 5293 Cappadocia
1803 5236 1935 5291 ape-

372 5310 582 5360 ruerat.
613 5298 769 5355 M.—
790 5296 981 5353 Addidi
1012 5310 1074 5349 ex
1106 5295 1261 5349 codd.
1300 5296 1591 5365 μάχαιραν,
1615 5294 1752 5365 unde
1778 5308 1935 5361 supra

370 5376 492 5444 λέγ.
512 5372 617 5446 γάρ
634 5372 750 5427 loco
771 5368 903 5441 φασὶ
922 5366 1031 5441 γάρ
1046 5365 1259 5437 scripsi,
1276 5376 1329 5419 et
1344 5365 1411 5417 τά
1430 5364 1551 5419 ante
1575 5364 1738 5417 τέκνα
1755 5378 1936 5418 arces-

372 5463 503 5501 SIVI.

448 5512 559 5584 (88)
599 5512 773 5581 Vulgo
817 5510 1130 5584 ἀναγκαίως
1184 5518 1239 5562 et
1287 5522 1410 5562 mox
1456 5524 1693 5580 παρασκ.
1749 5517 1935 5562 contra

374 5582 547 5641 codd.
571 5584 842 5638 Posterius
863 5585 967 5635 iam
996 5582 1099 5651 Mp.
1141 5594 1284 5651 corr.

448 5656 586 5722 (κδ’)
621 5653 728 5722 Mp.
775 5668 889 5722 γρ,
915 5646 1119 5722 ἐκείνῃ.
1168 5649 1286 5722 Μοι
1316 5647 1475 5722 vulgo
1500 5665 1601 5722 που
1629 5646 1936 5722 διγαδεδωκό⁶

375 5715 468 5789 τος
518 5715 704 5777 contra
759 5715 916 5776 codd.
972 5715 1180 5790 ιιιιΓπω
1208 5719 1353 5773 διακ.
1382 5715 1529 5790 dant.
1580 5715 1748 5790 Porro
1801 5720 1936 5790 male

376 5785 539 5867 vulgo
561 5792 769 5865 ἁκρῶν,
789 5793 931 5860 quod
947 5785 1018 5845 ei
1046 5793 1166 5846 cod.
1194 5789 1433 5858 correxi,
1455 5804 1522 5845 ex
1543 5803 1648 5858 quo
1670 5787 1787 5842 dein
1806 5785 1938 5855 χαλ-

665 5912 934 5968 Ρλτιάιι..
965 5910 1082 5969 Gtt.
1105 5908 1166 5972 ,Χ
1186 5904 1348 5966 Χιν.

2054 505 2073 536 1
2111 485 2512 540 immolabatur.

2123 594 2143 629 1
2178 576 2246 629 At
2283 576 2409 643 quid
2434 574 2536 630 hoc
2567 575 2667 629 sibi
2700 576 2832 641 vult,
2856 576 3062 648 inquiet
3083 580 3300 650 aliquis,
3327 580 3401 637 De
3418 600 3611 654 quercu

2054 687 2073 718 1
2113 668 2238 722 satis
2255 669 2279 721 Ρ
2297 667 2413 721 Νοιι
2441 677 2526 721 est
2556 667 2712 722 facile
2735 669 2903 724 cuivis
2924 672 3116 727 obvius
3144 672 3368 742 hujusce
3392 691 3611 745 prover-

2056 780 2073 809 1
2117 760 2205 821 bii,
2237 774 2445 815 sensus.
2482 758 2653 814 Prisci
2695 760 2769 814 illi
2816 764 3107 830 quondam,
3158 776 3283 821 ante
3314 769 3608 837 agricultu-

2058 869 2075 898 1
2124 865 2236 902 ram
2291 851 2659 915 adinventam,
2690 850 2975 922 glandibus
3022 858 3395 915 vescebantur.
3450 859 3609 923 Post-

2055 963 2071 992 1
2115 958 2275 1011 quam
2327 958 2456 997 vero
2504 942 2684 1014 fruges
2758 946 3009 1015 deinceps
3070 950 3337 1017 prodiere,
3373 954 3608 1010 animum

2058 1054 2074 1083 1
2124 1034 2270 1088 hisce
2329 1034 2660 1103 applicantes
2713 1036 2962 1091 dixerunt
3013 1038 3295 1106 Oblectati,
3334 1042 3407 1098 De
3454 1061 3612 1113 quer-

2058 1150 2074 1176 1
2118 1144 2180 1180 cu
2208 1129 2357 1180 satis.
2412 1128 2586 1197 Atque
2648 1128 2785 1183 banc
2838 1146 2955 1185 esse
3012 1142 3242 1187 mentem
3289 1147 3345 1190 et
3395 1152 3603 1195 senten-

2058 1236 2074 1265 1
2118 1218 2244 1269 tiam
2313 1220 2579 1287 proverbii
2649 1221 2951 1289 prodidere.
3028 1222 3257 1280 Necesse
3322 1242 3498 1285 autem
3557 1236 3611 1289 iu

2059 1327 2075 1357 1
2116 1312 2359 1378 przesenli
2417 1310 2713 1377 habemus,
2783 1314 3008 1368 alterius
3065 1316 3339 1383 cujusdam
3395 1338 3614 1390 prover-

2058 1421 2074 1452 1
2116 1405 2183 1456 bii
2240 1404 2562 1457 mentionem
2606 1404 2785 1458 facere
2818 1447 2833 1470 ,
2880 1409 3021 1475 quod
3079 1410 3131 1463 in
3196 1412 3380 1467 multis
3437 1427 3492 1469 et
3539 1417 3615 1471 di-

2061 1513 2078 1543 1
2120 1497 2287 1550 versis
2315 1498 2631 1552 auctoribus
2676 1498 2881 1553 Grazcis
2935 1502 3192 1558 habetur:
3216 1515 3269 1560 et
3296 1509 3424 1576 quid
3452 1511 3615 1567 etiam

2059 1606 2076 1635 1
2117 1588 2181 1640 de
2242 1589 2429 1641 eodem
2506 1590 2578 1642 illi
2649 1595 2926 1646 memoriae
2987 1597 3291 1663 prodidere.
3358 1600 3474 1655 Non
3546 1607 3617 1661 οδ

2059 1696 2074 1727 1
2116 1678 2273 1731 aliam
2301 1695 2537 1739 causam.
2575 1698 2734 1750 quam
2784 1694 2841 1736 ut
2890 1686 3161 1740 Asterium
3194 1693 3502 1748 convictum
3535 1705 3616 1751 te:-

2058 1788 2077 1820 1
2118 1786 2338 1825 ncamus
2367 1789 2381 1825 :
2409 1773 2521 1840 qui,
2555 1788 2697 1838 cum,
2746 1790 2853 1843 qua
2884 1786 2965 1829 est
3008 1780 3314 1835 eruditione
3356 1786 3615 1851 praeditus

2061 1882 2078 1913 1
2113 1864 2380 1930 saeculari,
2408 1867 2759 1933 proverbialis
2780 1872 3059 1925 sententiae
3086 1877 3450 1939 praastantiam
3486 1894 3611 1938 cum

2059 1973 2075 2005 1
2115 1956 2304 2023 primis
2333 1956 2617 2027 intelligat,
2649 1959 2699 2011 in
2737 1963 2986 2029 praesenti
3023 1974 3202 2019 tamen
3237 1966 3380 2023 illius
3414 1986 3523 2040 pra:
3552 1989 3611 2029 se

2059 2062 2076 2095 1
2118 2044 2220 2097 fert
2253 2046 2645 2116 ignorantiam,
2694 2059 2750 2101 ut
2781 2065 2877 2119 per
2908 2052 3032 2106 dicti
3071 2054 3211 2111 illius
3256 2063 3612 2126 proverbith

2058 2154 2075 2186 1
2116 2151 2269 2189 usum
2296 2153 2448 2191 suam
2483 2138 2654 2207 ipsius
2677 2140 3009 2196 voluntatem
3048 2156 3104 2199 et
3126 2151 3448 2204 sententiam
3488 2168 3609 2220 pro-

2057 2248 2075 2278 1
2117 2228 2365 2285 babiliter
2391 2240 2638 2286 astruere
2658 2232 2925 2287 videatur.
2953 2234 3051 2291 Est
3074 2248 3253 2294 autem
3279 2241 3426 2308 illttd,
3446 2242 3611 2299 Glau-

2058 2340 2075 2371 1
2112 2322 2160 2374 ci
2183 2339 2271 2375 ars
2296 2363 2312 2387 ,
2342 2322 2494 2391 cujus
2520 2338 2645 2377 cum
2674 2327 3016 2381 meminerint
3050 2332 3247 2386 eruditi
3295 2336 3433 2403 apud
3462 2336 3611 2392 Grae-

2058 2432 2075 2462 1
2110 2427 2205 2467 cos
2248 2414 2442 2479 multi,
2484 2416 2727 2471 diversas
2760 2418 3060 2474 retulerunt
3111 2422 3604 2493 interpretationes.

2059 2523 2076 2554 1
2116 2510 2175 2567 >11
2205 2504 2304 2560 Est
2340 2509 2484 2561 enim
2509 2508 2598 2574 qui
2646 2508 2824 2573 docet,
2851 2509 3115 2567 Glaucum
3151 2516 3425 2572 exstitisse
3467 2524 3605 2576 artis

2056 2612 2076 2644 1
2113 2594 2388 2663 cujusdam
2419 2596 2656 2651 maxime
2686 2599 2927 2652 omnium
2971 2602 3304 2661 admiranda:
3339 2611 3606 2676 peritissi-

2056 2704 2073 2735 1
2115 2701 2278 2752 mum,
2306 2701 2408 2740 una
2432 2702 2551 2741 cum
2578 2696 2697 2742 arte
2732 2705 2828 2743 sua
2860 2689 3165 2758 interiisse,
3196 2698 3329 2752 mari
3358 2700 3608 2758 submer-

2052 2797 2074 2829 1
2110 2792 2226 2832 sum
2252 2817 2267 2841 ,
2295 2777 2425 2832 nulli
2453 2793 2676 2847 prorsus
2706 2780 2977 2851 impertita
3004 2783 3244 2853 ejusdem
3277 2793 3603 2860 cognitione.

2055 2888 2074 2921 1
2109 2869 2258 2926 Alius
2279 2871 2665 2939 peritissimum
2696 2872 2927 2928 musices
2960 2876 3231 2931 exstitisse
3261 2879 3443 2945 docet,
3465 2894 3520 2938 et
3539 2888 3607 2941 ab

2056 2982 2073 3014 1
2112 2977 2177 3019 eo
2215 2963 2395 3018 discos
2447 2977 2616 3020 aereos
2644 2974 2876 3034 quatuor
2902 2965 3106 3023 affabre
3138 2974 3490 3042 compositos,
3550 2988 3610 3032 ut

2056 3075 2074 3106 1
2114 3056 2305 3126 pulsati
2360 3055 2647 3126 quamdam
2700 3057 3073 3129 symphoniam
3129 3078 3262 3119 sono
3323 3081 3611 3125 numeroso

2054 3168 2073 3199 1
2110 3149 2373 3207 ederent:
2434 3157 2599 3218 atque
2666 3149 2791 3204 binc
2863 3153 3204 3220 proverbium
3267 3170 3604 3229 usurpatum.

2054 3260 2073 3291 1
2112 3236 2370 3303 Tertius,
2429 3242 2569 3295 inter
2640 3241 2783 3296 dona
2842 3241 3113 3314 Halyattis
3187 3247 3319 3318 Lydi
3388 3251 3610 3323 Delphis

2054 3350 2071 3382 1
2113 3332 2352 3387 oblatum
2379 3373 2393 3395 ,
2440 3339 2494 3385 et
2533 3332 2767 3387 mirandi
2809 3337 2989 3404 operis
3046 3339 3360 3396 subcratera
3418 3359 3606 3413 quem-

2054 3443 2073 3474 1
2110 3426 2253 3489 dam,
2321 3423 2508 3478 Glauci
2576 3424 2694 3479 Cbii
2779 3441 2935 3495 opus.
2997 3429 3278 3497 Quartus,
3340 3433 3601 3494 Glaucum

2056 3533 2073 3566 1
2112 3516 2283 3584 ipsum
2326 3516 2541 3586 Delphis
2572 3517 2835 3573 obtulisse
2862 3532 3050 3574 narrat
3075 3537 3278 3578 retieam
3311 3527 3601 3596 tripodem,

2054 3626 2072 3658 1
2111 3607 2185 3661 ita
2209 3606 2558 3663 fabrefactam
2583 3649 2598 3674 ,
2638 3619 2697 3663 ut
2738 3610 2909 3680 siquis
2947 3615 3271 3671 crassiorem
3302 3618 3352 3672 in
3387 3622 3602 3677 modum

2053 3717 2071 3749 1
2104 3701 2348 3754 eamdem
2397 3700 2655 3768 pulsaret,
2697 3702 2781 3757 vel
2832 3705 2997 3772 pedes
3030 3706 3081 3761 in
3136 3708 3331 3777 quibus
3384 3715 3602 3784 stabat,

2051 3813 2070 3844 1
2105 3794 2186 3849 vel
2210 3794 2351 3864 quod
2393 3810 2604 3850 sursum
2655 3807 2774 3851 erat
2812 3798 3210 3867 redimiculum,
3240 3804 3322 3858 vel
3350 3821 3603 3865 coronam

2050 3905 2070 3936 1
2105 3886 2261 3941 lebeti
2296 3887 2720 3944 circnmductam
2748 3929 2763 3953 ,
2816 3900 2909 3945 aut
2958 3891 3199 3964 virgulas
3250 3912 3346 3966 per
3371 3901 3603 3957 medium

2051 3996 2071 4029 1
2106 3993 2226 4035 sese
2272 3979 2662 4047 distendentcs,
2718 3982 2846 4054 lyra:
2921 4000 3110 4041 sonum
3168 4000 3604 4059 repraesenta‘ret.

2049 4086 2071 4120 1
2108 4070 2259 4124 Alius
2289 4082 2563 4140 postremo
2594 4074 2938 4142 proverbium
2966 4077 3243 4134 existimat
3281 4085 3551 4152 usurpari,
3574 4102 3606 4140 ει

2051 4178 2068 4208 1
2103 4159 2308 4213 Glauco
2353 4160 2585 4229 quodam
2623 4161 2949 4228 deductum,
2981 4165 3072 4233 qui
3123 4166 3351 4222 scientia
3382 4179 3607 4228 caeteros

2050 4270 2066 4299 1
2104 4251 2480 4305 antecellebat.

2121 4384 2139 4415 1
2185 4364 2385 4418 Videtis
2412 4374 2587 4418 autem
2623 4367 3032 4434 proverbiorum
3059 4368 3428 4430 dillicultatem
3450 4374 3604 4430 exin-

1977 4452 2018 4505 ι)
2050 4472 2072 4505 ‹
2110 4456 2175 4508 de
2210 4453 2343 4508 satis
2372 4453 2620 4521 pateﬁeri
2650 4494 2665 4519 ,
2711 4457 2851 4524 quod
2898 4473 3237 4529 nequaquam
3285 4463 3608 4533 interpretes

2055 4566 2072 4597 1
2117 4546 2274 4614 bujus
2302 4548 2458 4601 unius
2484 4549 2754 4616 proverbii
2791 4550 2931 4604 inter
2973 4568 3031 4607 se
3075 4553 3125 4606 in
3155 4553 3341 4608 eadem
3390 4560 3607 4626 exposi-

2054 4657 2072 4689 1
2114 4640 2265 4693 tione
2299 4641 2660 4694 consentiant.
2692 4640 2842 4696 Adeo
2878 4658 2963 4696 res
2992 4655 3106 4697 erat
3132 4645 3218 4698 illa
3255 4645 3609 4704 inextricabi-

2055 4754 2072 4786 1
2110 4734 2177 4789 lis
2206 4735 2388 4793 babita
2415 4736 2557 4805 apud
2587 4748 2823 4791 exteros.
2852 4736 3117 4802 Quocirca
3158 4742 3294 4795 inter
3334 4759 3427 4796 eos
3467 4761 3607 4799 unus

2056 4848 2074 4880 1
2115 4830 2378 4901 sapientia
2413 4842 2466 4886 et
2490 4831 2793 4887 eruditione
2820 4844 3107 4901 prarstans,
3150 4835 3201 4886 in
3246 4850 3412 4887 untnn
3442 4837 3605 4891 colle-

2039 5147 2168 5283 :6122;
2202 5162 2296 5217 pro
2324 5146 2523 5217 χαλκοῦ
2549 5156 2601 5201 et
2633 5148 2767 5219 πρός
2812 5162 2908 5216 pro
2941 5146 3046 5216 πρό
3075 5156 3126 5201 et
3164 5162 3216 5197 τι
3248 5160 3345 5217 pro
3378 5165 3461 5212 τις
3489 5160 3603 5219 pnsi

2116 5287 2226 5358 (89)
2262 5287 2445 5358 Ὁρᾷς,
2468 5289 2626 5355 ὅπως
2644 5289 2707 5342 τὸ
2730 5289 3039 5357 δυσχερές.
3071 5287 3193 5343 "hac
3210 5288 3276 5343 de
3293 5290 3605 5352 dilﬁcultate

2044 5360 2458 5415 Proverbinrum
2489 5377 2518 5413 a
2548 5376 2630 5413 me
2657 5359 2784 5412 olim
2842 5373 3058 5427 :tCCPpia
3092 5360 3173 5411 vir
3214 5362 3394 5418 multis
3432 5367 3606 5421 nomi-

2046 5432 2204 5485 nibus
2250 5431 2603 5491 clarissimus,
2634 5430 2875 5483 Andreas
2925 5428 3204 5493 Scbottus,
3240 5431 3463 5488 inseruit
3493 5451 3605 5492 sure

2041 5502 2375 5573 praefationi,
2410 5510 2533 5554 ante
2580 5498 2873 5573 Proverbia
2903 5499 3144 5573 Zenobii,
3187 5500 3521 5573 Diogeniani,
3549 5519 3605 5564 et

2042 5570 2290 5626 aliorum.
2323 5574 2458 5625 Sunt
2508 5582 2684 5623 autem
2743 5570 2841 5622 iSIa
2872 5572 3074 5631 omnia,
3107 5588 3211 5624 non
3242 5570 3476 5637 Eusebii,
3510 5570 3603 5632 sed

2043 5642 2280 5695 Μηκέτιιὶ
2331 5643 2399 5695 ab
2435 5640 2665 5693 Eusebio
2709 5642 2923 5709 quidem
2955 5642 3115 5694 relata
3146 5659 3157 5691 :
3183 5658 3419 5698 erratum
3461 5660 3542 5701 cst
3572 5667 3601 5702 ι

2044 5727 2146 5773 me,
2168 5715 2254 5780 qui
2283 5713 2353 5762 illi
2376 5712 2580 5773 uplium
2612 5712 2726 5764 viro
2754 5711 2989 5765 miserint
3027 5724 3083 5765 υι
3114 5714 3432 5768 Eusebinuu.
3454 5716 3505 5771 Μ
3554 5744 3601 5757 -

2042 5779 2365 5850 Dciuvulgo
2389 5779 2475 5833 διὰ
2505 5780 2584 5838 τό.

3248 5897 3327 5954 2’s
