4098 6200
551 286 650 344 747

1250 273 1514 332 EUSEBII
1553 272 2027 330 CAESARIENSIS
2055 269 2204 325 OPP.
2245 271 2423 327 PARS
2452 271 2538 326 IV.
2571 301 2640 313 -
2666 269 3086 326 DOGMATICA.

3665 273 3771 325 7-53

556 419 573 450 ι
606 399 710 454 etis
746 395 930 452 multis
974 392 1245 460 variisque
1283 390 1620 459 proverbiis.
1653 390 1705 443 in
1737 391 1923 444 eadem
1953 403 2113 442 com-

2220 407 2236 436 l
2278 388 2378 440 ὑπδ
2399 387 2602 439 πολλῶν
2625 387 2718 440 καί
2739 385 3008 456 διαφόρως
3030 384 3309 454 λεχθείσας
3345 383 3656 454 παροιμίας,
3693 387 3772 445 εἰς

556 509 572 540 ι
612 495 880 541 mentatus
929 492 1051 548 est;
1095 482 1304 536 duobus
1354 481 1508 535 libris
1569 481 1818 546 metrica,
1876 491 2110 550 quatuor

554 601 572 632 ι
606 596 733 635 vero
751 577 985 632 numeris
1005 573 1176 628 soluta
1207 574 1488 644 proverbia
1513 574 1804 644 explicans.
1822 572 2112 628 Parmmias

554 691 571 722 ι
607 681 784 724 autem
829 666 1056 736 gentiles
1081 707 1095 728 ,
1134 665 1398 719 sententia
1441 665 1658 734 quidem
1687 679 1823 730 mea,
1878 665 1947 718 ob
1991 677 2110 717 eam

554 781 571 812 ι
609 774 827 815 causam
851 761 963 810 haec
993 758 1103 825 ipsa
1137 756 1514 822 nominarunt,
1543 758 1685 826 quod
1721 757 2108 825 sapientissimi

554 871 572 903 ι
615 849 922 906 Salomonis
973 848 1262 902 Proverbia
1316 848 1555 917 legerant
1598 857 1654 903 et
1715 848 2109 911 intellexerant,

555 961 572 992 ι
615 956 717 994 non
751 954 871 994 esse
907 953 1018 991 rem
1048 938 1218 992 cuivis
1249 938 1464 993 obviam
1495 940 1561 992 de
1589 937 1762 1007 prima
1795 937 1932 992 facie
1959 954 2103 991 com-

556 1054 572 1082 ι
613 1033 946 1102 prehendere
963 1030 1175 1084 illorum
1200 1045 1414 1084 sensum
1436 1044 1451 1082 :
1472 1029 1668 1084 vellent
1688 1040 1866 1084 autem
1887 1031 2108 1096 imitari,

555 1146 571 1175 ι
611 1137 774 1195 atque
817 1125 888 1177 ita
943 1124 1155 1177 fuerant
1201 1124 1390 1176 imitati
1437 1123 1804 1193 propheticam
1842 1125 2111 1179 scribendi

557 1237 574 1268 ι
616 1216 1084 1270 consuetudinem.
1115 1214 1358 1282 Cumque
1405 1230 1599 1269 nomen
1645 1213 1846 1268 nullum
1895 1225 2114 1284 possent

557 1328 574 1360 ι
612 1308 790 1379 aptius
849 1317 942 1360 aut
1002 1307 1412 1361 convenientius
1475 1308 1754 1374 invenire,
1820 1307 2112 1363 Proverbia

557 1422 574 1451 ι
612 1416 768 1456 suum
804 1415 940 1469 opus
993 1399 1370 1470 iudigitarunt.
1427 1420 1445 1452 ι

619 1494 794 1560 Atque
833 1493 902 1544 ita
938 1492 1003 1545 ad
1031 1492 1171 1546 hunc
1202 1494 1417 1545 modum
1453 1489 1738 1547 Marcellus
1758 1502 1990 1547 conatur
2018 1493 2115 1548 Ec-

551 1584 770 1638 clesiam
793 1583 884 1637 Dei
900 1583 1299 1653 Seripturarum
1329 1583 1734 1653 intelligentiam
1761 1586 1983 1640 docere:
2002 1584 2116 1638 lon-

551 1691 674 1745 gam
716 1689 846 1728 vero
877 1675 1032 1728 istam
1054 1684 1110 1728 et
1154 1675 1388 1744 ineptam
1427 1675 1561 1729 adeo
1597 1690 1908 1730 sermonum
1945 1677 2115 1746 ipsius

550 1778 607 1822 et
639 1765 963 1837 superﬂuam
987 1767 1180 1821 seriem
1215 1768 1352 1834 ideo;
1376 1766 1546 1820 visum
1583 1775 1662 1820 est
1713 1777 2028 1832 contexere,
2055 1779 2111 1824 ut

552 1859 843 1912 amentiam
872 1857 1460 1913 hominismanil‘estam
1489 1859 1732 1922 reddere,
1761 1859 2110 1928 multiplicem

551 1965 767 2020 quoque
793 1960 848 2006 et
886 1952 1316 2020 intempestivam
1357 1952 1648 2006 vanitatem
1695 1967 1906 2021 possem
1934 1993 1950 2018 ,
2005 1968 2112 2020 qua

555 2045 744 2106 utitur,
772 2043 906 2097 satis
926 2043 1141 2110 quidem
1174 2057 1296 2095 cum
1335 2057 1524 2112 pompa
1553 2083 1568 2106 ,
1603 2044 1743 2114 quod
1797 2045 2111 2099 surcularem

551 2137 748 2189 attinet
781 2135 1182 2197 eruditionem;
1214 2135 1358 2200 quod
1387 2135 1695 2203 Scripturas
1724 2147 1901 2190 autem
1931 2151 2114 2190 sacras

553 2223 1074 2293 coucernit,jejune.
1096 2225 1248 2289 Quod
1276 2225 1319 2278 si
1353 2240 1563 2281 memor
1587 2226 1780 2282 fuisset
1808 2227 2114 2298 apostolicae

553 2315 980 2381 admonitionis,
1033 2316 1099 2368 ad
1130 2315 1272 2370 hanc
1323 2324 1526 2370 tantum
1577 2318 1848 2388 proiectus
1904 2320 2113 2372 vanita-

555 2420 662 2464 tem
696 2447 711 2469 ,
771 2422 1110 2477 nequaquam
1176 2407 1499 2476 procidisset
1547 2423 1563 2463 :
1619 2411 1810 2465 suadet
1867 2420 2048 2465 autem
2097 2451 2114 2474 ,

555 2509 613 2553 ut
667 2499 811 2568 loqui
861 2498 1085 2552 velimus
1111 2539 1125 2561 ,
1166 2514 1285 2568 qtae
1323 2509 1448 2553 sunt
1486 2500 1640 2556 nobis
1676 2503 2074 2555 communicata
2098 2542 2113 2564 ,

553 2598 616 2656 ᾖ(
664 2607 765 2644 non
817 2591 873 2644 in
916 2589 1232 2643 docibilibus
1293 2590 1538 2646 humana:
1592 2593 1868 2659 sapientia:
1916 2592 2112 2654 verbis,

553 2685 642 2739 sed
682 2684 735 2737 iu
773 2683 841 2737 iis
873 2699 990 2752 qua:
1022 2699 1054 2735 a
1089 2680 1292 2752 Spiritu
1322 2680 1498 2735 doceri
1525 2682 1713 2746 solent,
1748 2683 1801 2735 in
1833 2683 2032 2752 Spiritu
2067 2694 2116 2736 et

553 2793 675 2830 cum
707 2773 1069 2844 spiritualibus
1093 2771 1737 2830 discernendo".Minime
1749 2785 1966 2842 quoque
1981 2773 2120 2842 cepit

554 2872 694 2939 quod
724 2871 982 2938 scriptum
1013 2877 1097 2921 est
1123 2885 1136 2920 :
1168 2866 1422 2920 Animalis
1445 2867 1598 2920 homo
1628 2883 1730 2920 non
1760 2868 1976 2936 percipit
2003 2881 2120 2936 qua:

554 2975 673 3016 sunt
704 2960 930 3028 Spiritus
951 2960 1064 3014 Dei.
1091 2959 1333 3014 Stultitia
1364 2959 1553 3028 quippe
1579 2959 1680 3025 ipsi
1705 2968 1821 3010 sunt
1843 2970 1860 3008 :
1881 2967 1928 3010 et
1948 2957 2118 3025 nequit

2220 500 2236 529 ι
2281 481 2445 543 αὑτάς
2475 481 2745 550 γέγραφεν
2771 480 2828 544 ἓξ
2854 480 2961 547 (90)
2983 479 3179 546 βιϐλία·
3217 476 3309 529 δύο
3343 477 3438 546 μὲν
3471 477 3576 528 τῶν
3608 477 3758 545 ἐμμέ-

2220 591 2238 622 ι
2280 589 2443 643 τρων,
2472 573 2577 624 τῶν
2607 572 2661 623 δὲ
2691 572 2940 642 ἀμέτρων
2967 572 3227 641 τέσσαρα.
3260 568 3471 631 Ταύτας
3500 568 3555 620 δὲ
3589 587 3765 639 πάροι·

2220 687 2236 715 ι
2283 667 2411 737 μίας
2451 665 2739 736 ὠνόμασαν
2780 667 2828 717 οἱ
2875 665 3068 731 ἔξωθεν
3104 665 3170 716 δι’
3209 663 3359 716 οὐδὲν
3401 662 3608 733 ἕτερον,
3656 662 3775 732 ὲμολ

2219 778 2236 809 ι
2272 759 2468 820 δοκεῖν,
2503 759 2614 811 ἀλλ’
2659 757 2844 828 ἐπειδὴ
2870 760 2988 819 ταῖς
3013 755 3106 808 τοῦ
3137 755 3443 823 σοφωτάτου
3471 753 3778 823 Σολομῶνος

2221 871 2236 900 ς
2280 851 2603 920 Παροιμίαις
2634 851 2961 919 ἐντυχόντες,
2994 848 3086 900 καὶ
3116 847 3331 915 γνόντες
3377 846 3443 898 δι’
3474 845 3671 906 αὐτῶν,
3698 845 3779 896 ὃτι

2223 963 2238 994 ι
2275 944 2425 996 οὐδέν
2456 946 2603 995 ὲστιν
2629 943 2691 994 ἐκ
2719 942 2812 994 τοῦ
2843 943 3130 1012 προχείρου
3163 939 3345 1008 σαιρῶς
3368 939 3477 992 τῶν
3504 942 3562 992 ὲν
3591 941 3780 1002 αὑταῖς

2221 1055 2236 1084 ι
2275 1036 2575 1106 εἰρημένων
2610 1034 2819 1104 μαθεῖν,
2854 1035 2946 1087 καὶ
2973 1033 3126 1086 αὐτοὶ
3152 1032 3384 1101 ζηλῶσαι
3428 1031 3488 1084 τὸ
3521 1049 3782 1101 προφητι-

2222 1149 2236 1179 ι
2280 1129 2372 1180 κον
2399 1125 2744 1198 βουληθέντες
2773 1127 3026 1197 γράμμα,
3063 1124 3150 1177 τὸν
3181 1124 3338 1176 αὑτὸν
3366 1124 3554 1192 ἐκείνῳ
3583 1124 3783 1192 γεγρά-

2222 1240 2238 1270 ι
2276 1237 2406 1289 φασι
2432 1219 2646 1290 τρόπον.
2683 1216 2832 1282 Εἶτα,
2867 1218 2942 1281 ὡς
2974 1217 3139 1289 μηδὲν
3172 1217 3355 1288 ἓτερον
3387 1215 3555 1284 ὄνομα
3579 1215 3782 1286 κυριώ-

2221 1332 2238 1363 ι
2275 1330 2429 1384 τερον
2477 1311 2684 1364 ἐκείνου
2733 1310 3017 1380 ἐπινοῆσαι
3064 1307 3396 1378 δυνηθέντες,
3440 1308 3532 1360 καὶ
3573 1305 3781 1368 ταύτας

2221 1425 2238 1456 ι
2281 1404 2582 1476 Παροιμίας
2615 1403 2920 1474 ὠνόμασαν.
2952 1421 2969 1452 ι

2283 1498 2381 1550 Διά
2412 1496 2664 1550 τοιούτων
2693 1494 3007 1566 Μάρκελλος
3041 1491 3392 1564 παραθέσεων
3419 1492 3516 1562 τὴν
3558 1489 3782 1560 Ἐκκλη-

2218 1592 2336 1644 σίαν
2364 1589 2457 1642 τοῦ
2490 1588 2624 1641 Θεοῦ
2657 1588 2924 1642 διδάσκειν
2952 1585 3049 1649 τὰς
3078 1584 3463 1646 θεοπνεύστους
3489 1586 3624 1635 νοεῖν
3660 1600 3782 1634 πει-

2219 1685 2376 1754 ρᾶται
2402 1681 2640 1752 Γραφάς.
2679 1680 2847 1750 Ὅλην
2893 1679 2950 1731 δὲ
2985 1678 3188 1746 ταύτην
3217 1674 3531 1746 παρεθέμην
3563 1675 3661 1744 τὴν
3691 1692 3786 1743 μα-

2214 1773 2352 1845 κρὰν
2381 1774 2474 1826 καὶ
2503 1759 2787 1842 ἀδόλεσχον
2821 1769 3244 1842 περιττολογίαν,
3269 1767 3434 1833 δεῖξαι
3464 1767 3785 1836 βουλόμενος

2213 1859 2376 1916 αὑτοῦ
2402 1861 2500 1931 τὴν
2527 1859 2709 1912 ἄνοιαν
2732 1860 2828 1930 τῆς
2857 1858 3053 1928 πολλῆς
3078 1859 3170 1910 καὶ
3198 1858 3426 1928 ἀκαίρου
3447 1857 3782 1928 φιλοτιμίας,

2213 1949 2534 2028 ᾖκέχρηται
2567 1953 2594 2004 ὁ
2628 1952 2786 2024 ἀνὴρ,
2820 1950 2928 2003 τῶν
2966 1951 3064 2020 μὲν
3103 1949 3428 2020 Ἑλληνικῶν
3467 1948 3639 2017 λόγων
3667 1952 3784 2001 ἐπι-

2213 2045 2514 2107 δεικτικῶς,
2544 2043 2649 2096 τῶν
2675 2043 2732 2095 δὲ
2763 2042 2920 2094 θείων
2950 2041 3292 2112 ἀμνημόνως.
3323 2041 3394 2092 Οὐ
3417 2039 3526 2110 γὰρ
3558 2042 3624 2094 ἂν
3658 2059 3783 2093 ποτε

2214 2133 2293 2194 είς
2319 2131 2586 2202 τοσαύτην
2615 2131 2870 2195 ἐξέπιπτε
2896 2130 3181 2202 φλυαρίαν,
3211 2131 3258 2182 εί
3281 2129 3388 2183 τῶν
3413 2131 3785 2183 ἀποστολικῶν

2215 2223 2489 2294 ἐμέμνητο
2539 2221 3032 2293 παραγγελμάτων,
3092 2222 3157 2274 δι’
3207 2215 3281 2275 ὧν
3339 2225 3594 2292 παραινεῖ
3651 2223 3788 2292 χρῆ-

2214 2335 2319 2380 ναι,
2371 2317 2441 2368 τὰ
2496 2315 2598 2368 ὑπὸ
2652 2315 2745 2368 τοῦ
2801 2313 2935 2367 Θεοῦ
2996 2314 3320 2385 χαρισθέντα
3377 2317 3505 2384 ἡμῖν
3559 2314 3740 2367 λαλεῖν
3772 2355 3786 2372 ,

2214 2412 2323 2462 οὐκ
2342 2409 2410 2461 ἐν
2437 2406 2735 2473 διδακτοῖς
2755 2407 3132 2475 ἀνθρωπίνης
3161 2407 3378 2474 σοφίας
3397 2407 3621 2473 λόγοις,
3649 2406 3787 2458 ἀλλ’

2213 2501 2282 2553 ἐν
2297 2498 2592 2564 διδακτοῖς
2609 2501 2973 2567 Πνεύματος,
2991 2496 3356 2566 πνευματικὰ
3372 2497 3791 2564 πνευματικοῖς

2215 2591 2669 2661 συπηφίνοντας.
2693 2590 2828 2642 Οὐδὲ
2858 2591 3056 2660 νοήσας
3079 2589 3226 2652 ὅπως
3253 2589 3444 2660 ἐλέχθη
3483 2589 3563 2650 τὸ,
3601 2591 3788 2657 Ψυχι-

2217 2677 2324 2744 κὸς
2355 2676 2661 2746 ἅνθρωπος
2709 2679 2778 2730 οὐ
2819 2677 3050 2748 δέχεται
3081 2677 3151 2730 τὰ
3181 2677 3286 2731 τοῦ
3310 2679 3651 2748 Πνεὺματος
3681 2679 3789 2731 τοῦ

2220 2771 2386 2826 Θεοῦ.
2421 2772 2622 2838 Μωριά
2643 2771 2751 2840 γὰρ
2773 2770 2931 2835 αὐτῷ
2949 2771 3100 2824 ἐστι·
3130 2770 3225 2822 καὶ
3255 2771 3325 2824 οὐ
3363 2770 3605 2824 δύναται
3638 2771 3788 2840 γνῶ-

2218 2879 2349 2926 ναι,
2398 2863 2487 2915 ὅτι
2544 2861 2949 2931 πνευματικῶς
3013 2863 3412 2931 ἀνακρίνεται.
3492 2862 3672 2916 Ταῦτα
3733 2863 3789 2915 δὲ

2220 2955 2508 3024 ἀγνοήσω,
2569 2956 2691 3017 τοὺς
2755 2953 3015 3024 Ἑλλήνιον
3070 2953 3266 3022 σοφοὺς
3314 2953 3548 3007 ὑπέλαϐε
3592 2953 3791 3022 γνῶσιν

555 3055 650 3106 illa
685 3051 990 3119 intelligere.
1034 3061 1304 3118 propterea
1347 3049 1488 3117 quod
1541 3049 1914 3102 discernuntur
1964 3054 2113 3116 spiri-

2221 3047 2508 3118 ὲσχηκέναι
2545 3048 2642 3118 τῆς
2678 3047 2781 3100 ὑπὸ
2802 3046 2893 3099 τοῦ
2929 3046 3062 3099 Θεοῦ
3095 3046 3172 3117 τῷ
3212 3048 3486 3118 Σολομῶνι
3517 3048 3790 3120 χαρισοεί-

557 3145 769 3195 tualiter
790 3141 878 3193 δ”.
929 3141 1051 3194 llaec
1079 3154 1200 3192 cum
1260 3141 1535 3205 ignoraret
1574 3139 1682 3201 ille,
1715 3139 1922 3206 putavit
1973 3153 2118 3194 certe

555 3233 864 3286 Grtecortun
898 3231 1169 3300 sapientes
1207 3231 1478 3300 cognitam
1512 3229 1767 3283 habuisse
1797 3229 2115 3298 sapientiam

558 3321 724 3384 illam,
756 3337 914 3389 quam
946 3323 1082 3376 Deus
1115 3321 1394 3375 Saloutoni
1440 3320 1809 3390 itnpertiverat
1842 3340 1852 3372 :
1891 3330 1944 3374 et
1972 3321 2116 3389 quod

556 3412 824 3481 cognitam
871 3413 1133 3466 haberent
1164 3411 1331 3471 illam.
1363 3409 1733 3481 propltetiCam
1774 3413 2114 3481 scripturam,

555 3513 615 3558 ut
652 3504 826 3574 inquit
861 3505 971 3566 ille,
1006 3505 1263 3558 imitatos.
1288 3503 1404 3570 Quo
1435 3519 1564 3558 vero
1589 3514 1745 3574 pacto
1781 3504 1894 3559 lieri
1923 3507 2114 3574 potuit,

558 3606 616 3650 ut
649 3595 910 3650 animales
977 3597 1220 3650 homines
1266 3596 1340 3649 illi
1393 3596 1570 3650 divina
1623 3607 2014 3666 cognoscerent
2065 3605 2118 3651 et

535 3686 790 3750 annulati
818 3695 1022 3750 essent,
1050 3685 1172 3738 cum
1205 3685 1502 3754 spiritualia
1531 3686 1884 3755 spiritualiter
1917 3688 2118 3742 discer-

554 3792 688 3833 nere
734 3779 1043 3846 nequirent,
1090 3787 1144 3830 et
1194 3779 1260 3830 ab
1296 3778 1554 3846 Apostolo
1621 3780 1888 3832 sancitum
1953 3792 2114 3846 esset,

558 3869 848 3922 Animalem
902 3868 1158 3920 hominem
1190 3884 1291 3920 non
1334 3884 1518 3937 capere
1572 3885 1688 3939 quae
1729 3883 1848 3924 sunt
1888 3871 2116 3941 Spiritus

557 3961 694 4024 Dei;
746 3971 800 4014 et
826 3961 1000 4014 adhuc
1031 3957 1098 4012 ab
1131 3958 1318 4011 eodem
1346 3948 1652 4024 statuaturp
1691 3962 1983 4016 Animalem
2013 3981 2116 4017 non

551 4067 706 4120 posse
755 4051 1054 4119 spirituulia
1095 4051 1408 4119 intelligere,
1461 4067 1522 4105 eo
1575 4053 1716 4122 quod
1769 4055 2116 4122 spiritualiter

555 4145 960 4198 discernantur?
983 4143 1063 4197 Ad
1089 4145 1400 4213 Oppositum
1452 4160 1578 4200 vero
1619 4146 1875 4215 Apostolo
1914 4147 2000 4202 hic
2035 4148 2117 4201 vir

555 4236 804 4306 egregius
846 4236 921 4289 ait
951 4233 1302 4290 :Grtecoruin
1348 4236 1669 4292 collectores
1709 4240 2113 4306 proverbiormn

555 4325 622 4378 ad
647 4326 896 4380 eumdem
946 4325 1160 4380 modum
1195 4327 1498 4396 scripsisse,
1529 4343 1636 4397 quo
1672 4329 1944 4386 Salomon.
1980 4330 2114 4386 Ver-

2223 3151 2321 3202 σης
2348 3133 2536 3202 σοφίας
2560 3175 2574 3195 ,
2607 3135 2699 3188 καὶ
2725 3135 2948 3202 γνόντας
2979 3134 3218 3205 ζηλῶσαι
3253 3137 3312 3189 τὸ
3339 3139 3690 3209 προφητικὲν,
3718 3139 3792 3202 ὡς

2221 3230 2380 3293 αὑτός
2409 3247 2558 3300 φησι,
2585 3233 2836 3303 γράμμα.
2865 3233 2974 3286 Καὶ
3007 3234 3123 3297 πῶς
3144 3229 3244 3287 οἷοί
3266 3236 3312 3287 τ’
3331 3232 3465 3307 ἦσαν
3493 3237 3698 3308 γνῶναι
3727 3238 3792 3290 τὰ

2223 3322 2338 3374 θεῖα
2376 3325 2469 3376 καὶ
2505 3322 2741 3395 ζηλῶσαι
2773 3326 2821 3377 οἱ
2851 3325 3094 3396 ψυχικοὶ,
3143 3328 3237 3381 καὶ
3264 3329 3362 3381 οὐκ
3395 3328 3589 3391 εἰδότες
3623 3347 3788 3383 πνευ-

2226 3413 2429 3484 ματικὰ
2472 3415 2583 3486 (91)
2615 3421 2998 3487 πνευματικοῖς
3081 3419 3403 3492 συγκρίνειν,
3465 3419 3556 3470 τοῦ
3639 3419 3785 3472 θείου

2235 3505 2553 3559 ’Λποστὸλου
2585 3508 3023 3580 ἀποφηναμένου,
3060 3513 3326 3582 Ψυχικὸν
3360 3511 3667 3578 ἄνθρωπον
3697 3513 3782 3581 pit

2221 3595 2494 3664 δέχεσθαι
2522 3600 2591 3652 τὰ
2615 3599 2720 3652 τοῦ
2743 3603 3084 3670 Πνεύματος
3105 3605 3210 3657 τοῦ
3235 3604 3379 3657 Θεοῦ
3397 3621 3410 3634 ’
3443 3604 3534 3656 τοῦ
3555 3603 3596 3657 δ’
3624 3605 3784 3657 αὐτοῦ

2223 3693 2510 3759 φήσαντος,
2552 3691 2645 3759 Μὴ
2675 3692 2966 3748 δύνασθαι
3008 3695 3224 3765 γνῶναι
3271 3696 3378 3748 τὸν
3421 3697 3683 3765 ψυχικὸν
3721 3701 3790 3749 τὰ

2223 3781 2605 3848 πνευματικὰ,
2633 3781 2718 3834 ὅτι
2755 3786 3164 3854 πνευματικῶς
3201 3787 3613 3855 ἀνακρίνεταιο
3651 3789 3795 3840 ἀντι-

2221 3871 2454 3939 δοξάζων
2479 3875 2506 3926 ὁ
2527 3877 2766 3941 γενναῖος
2804 3875 2880 3947 τῷ
2924 3879 3227 3949 Ἀποστόλῳ
3263 3881 3483 3949 φάσκει,
3518 3881 3608 3933 τὸν
3637 3882 3794 3934 αὑτὸν

2221 3967 2419 4036 τρόπον
2457 3965 2533 4036 τῷ
2559 3967 2825 4037 Σολομῶνι
2849 3972 3178 4042 γεγραφέναι
3206 3973 3330 4036 τοὺς
3352 3973 3450 4037 τὰς
3482 3974 3794 4037 Ἑλληνικὰς

2223 4059 2519 4129 παροιμίας
2551 4062 2970 4130 πεποιημένους.
3016 4064 3175 4132 Λέγει
3208 4064 3263 4116 δὲ
3303 4062 3396 4118 οὖν
3443 4067 3534 4118 ἐπὶ
3563 4067 3789 4133 λέξεως*

2228 4168 2246 4200 ι
2295 4148 2509 4220 Ἐπειδὴ
2537 4153 2655 4212 ταῖς
2683 4150 2770 4202 τοῦ
2798 4153 3104 4220 σοφωτάτου
3133 4154 3442 4224 Σολομῶνος
3469 4156 3793 4226 Παροιμίαις

2227 4259 2245 4291 ι
2289 4241 2616 4310 ἐντυχόντες,
2653 4243 2746 4293 καὶ
2788 4243 3005 4310 γνόντες
3055 4245 3116 4297 δι’
3143 4246 3320 4299 αὐτῶν
3365 4248 3444 4300 ὅτι
3470 4248 3618 4300 οὐδέν
3643 4249 3795 4300 ἐστιν

2227 4353 2244 4385 ι
2287 4336 2350 4386 ἐκ
2379 4333 2470 4387 τοῦ
2495 4334 2781 4405 προχείρου
2809 4335 2922 4403 (99.)
2946 4336 3128 4404 σαφῶς
3144 4337 3252 4390 τῶν
3275 4341 3332 4392 ὲν
3355 4341 3538 4402 αὐταῖς
3563 4341 3795 4410 εἰρημέ-

524 4481 527 4484 _
557 4419 718 4472 liatiiu
770 4418 1007 4486 loquitur
1041 4419 1107 4471 ad
1153 4418 1297 4473 hunc
1331 4420 1546 4473 modum
1577 4439 1591 4473 :
1628 4438 1648 4472 ‹
1674 4421 2113 4492 Quandoquidem

2227 4448 2243 4477 ι
2283 4445 2388 4480 νων
2413 4425 2621 4496 μαθεῖν,
2649 4429 2740 4479 καὶ
2770 4427 2919 4478 αὐτοὶ
2945 4427 3182 4499 ζηλῶσαι
3211 4431 3272 4483 τὸ
3304 4433 3636 4503 προφητικὸν
3675 4434 3799 4501 ficu-

562 4529 579 4561 ι
627 4511 678 4564 in
715 4509 1007 4565 Proverbia
1040 4509 1345 4564 Salomonis
1371 4511 1757 4581 sapientissimi
1787 4513 2111 4582 inciderant,

560 4621 578 4654 ι
626 4613 679 4657 et
731 4619 794 4658 ex
851 4603 1060 4657 illorum
1117 4613 1482 4671 cognoverant
1534 4603 1787 4670 lectione,
1827 4605 2116 4659 dilIiculter

562 4715 579 4746 ι
629 4697 916 4750 admodum
974 4697 1038 4749 de
1081 4697 1252 4764 prima
1304 4695 1440 4749 facie
1471 4695 1681 4750 illorum
1714 4713 1933 4752 sensum
1968 4714 2114 4753 com-

562 4806 580 4839 i
628 4788 884 4859 prehendi
913 4803 1088 4856 posse,
1125 4787 1322 4842 vellent
1356 4797 1533 4840 autem
1575 4789 1941 4857 propheticam
1972 4793 2110 4845 scri-

563 4899 579 4930 ι
627 4881 782 4934 bendi
835 4880 1094 4934 rationein
1147 4879 1289 4933 illaut
1321 4881 1582 4945 auunlari,
1617 4881 1680 4934 ad
1711 4881 1956 4936 euutdetu
1991 4901 2106 4938 uto-

627 5073 684 5128 ᾖ
727 5065 825 5121 Ed.
855 5063 1052 5129 Paris.,
1081 5081 1202 5135 pag.
1237 5063 1319 5118 17,

524 5309 528 5314 _
623 5246 735 5315 (90)
775 5243 877 5311 Εἰς
909 5245 1094 5310 αὑτὰς
1123 5243 1492 5314 γεῃοαερέναι.
1536 5241 1691 5315 Deest
1730 5242 1976 5315 λέγεται,
2029 5243 2112 5315 vel

554 5313 681 5387 quid
705 5317 898 5387 sitnile.
934 5315 1004 5368 De
1035 5319 1135 5368 hoc
1168 5313 1293 5387 loco
1315 5317 1431 5387 vide
1456 5315 1520 5368 Β.
1634 5315 1697 5366 Α.
1724 5313 2027 5387 Scltottutu,
2060 5314 2112 5366 itt

559 5382 869 5456 praelatione
901 5387 966 5438 ad
1001 5387 1227 5454 Adagia.
1247 5384 1451 5439 bl.—ln
1476 5386 1594 5437 cod.
1625 5397 1653 5435 a
1681 5399 1889 5456 sec._tn.
1912 5382 2116 5456 γέγρατ

541 5453 744 5527 ’ξρενὲξ
781 5456 922 5527 quod
953 5471 1048 5522 pro
1077 5453 1406 5527 γεγραφέναι
1422 5466 1486 5527 Aet
1510 5470 1671 5527 supra
1714 5453 1818 5527 ὑπό
1859 5455 1974 5527 loco
2009 5453 2115 5506 ἀπό

553 5523 669 5579 dedi
693 5528 856 5594 ;_dein
900 5525 942 5576 δ’
971 5523 1095 5580 ante
1125 5523 1320 5592 ἔξωθεν
1355 5525 1548 5594 ιΙοΙυνίζ
1579 5525 1705 5577 Dein
1741 5523 1948 5594 vulgoﬂ
1991 5534 2116 5578 ante

552 5592 737 5682 ἐπειδη
778 5604 830 5678 et
881 5594 1238 5682 ξολομῶντος.
1288 5599 1470 5681 ΡοτιὉο
1504 5592 1658 5682 vulgat}
1708 5592 2117 5682 ἐντμγχάνοντες

551 5665 644 5720 καὶ
672 5663 736 5716 δι’
768 5663 944 5716 αὐτῶν
973 5663 1324 5732 γινώσκοντες
1357 5675 1409 5721 et
1443 5665 1516 5729 ὡς
1541 5664 1691 5718 οὐδέν
1720 5674 1773 5720 et
1797 5663 2116 5728 διδακτικοῖς

550 5753 640 5792 πν.
669 5733 937 5803 πνεύματι
969 5735 1079 5788 καί.

2199 5064 2244 5095 δ’
2281 5063 2296 5117 l
2330 5063 2455 5118 Cor.
2481 5063 2657 5130 ",15.

2224 4537 2242 4568 ι
2283 4517 2532 4588 ληθέντες
2587 4518 2839 4586 γράμμα,
2895 4518 2983 4572 τὸν
3043 4521 3205 4573 αὐτὸν
3255 4523 3448 4593 ἐκείνῳ
3487 4523 3797 4596 γεγράιξατι

2225 4625 2242 4656 ι
2281 4605 2499 4678 τρόπον.
2535 4626 2552 4655 ι
2594 4606 2795 4676 Σκέψαι
2828 4607 2883 4658 δὲ
2923 4609 3015 4660 καὶ
3041 4609 3214 4674 ἄλλως
3249 4612 3307 4678 ἐξ
3345 4613 3524 4666 αὐτῶν
3556 4615 3663 4666 τῶν
3693 4633 3800 4666 πα-

2223 4699 2511 4771 ραθέσεων,
2547 4701 2668 4751 ὅσον
2702 4701 2797 4769 τῆς
2839 4701 3094 4770 ἀληθείας
3123 4704 3442 4774 διήμαρτεν,
3473 4706 3642 4760 εἰπὼν
3671 4711 3797 4770 τοὺς

2220 4793 2347 4861 παρ’
2389 4790 2631 4860 Ἕλλησι,
2675 4792 2765 4843 τὸν
2811 4793 2971 4846 αὑτὸν
3023 4794 3099 4864 τῷ
3141 4796 3413 4868 Σολομῶνι
3463 4801 3799 4870 γεγραφέναι

2215 4884 2432 4956 τρόπον.
2475 4884 2530 4936 Ὀ
2567 4884 2662 4955 μὲν
2689 4885 2797 4955 γάρ
2837 4885 3105 4957 Σολομὼν,
3153 4889 3470 4962 Θεοδωρήτῳ
3516 4893 3676 4964 σοφίᾳ
3718 4911 3801 4945 κι-

2734 5062 2799 5093 ⁸²“
2829 5063 2960 5120 ibid.
2993 5067 3078 5123 14.

2291 5244 2404 5315 (9|)
2458 5245 2750 5313 Πνεύμίιτι
2823 5247 3264 5316 πνευματικοῖς.
3332 5245 3673 5313 Lugendum,
3737 5260 3793 5300 ut

2221 5318 2705 5389 statittt__recitatur
2730 5333 2792 5369 ex
2826 5320 3103 5385 Apestolo,
3123 5319 3464 5389 πνευματικὰ
3497 5335 3760 5386 πνευματι

2224 5384 2352 5448 κῶς.
2381 5384 2528 5456 νΙΙειιο
2563 5397 2739 5456 autent
2792 5384 3092 5456 importune
3137 5384 3392 5442 dicuntur
3433 5391 3500 5439 ab
3538 5384 3787 5450 limi-tim,

2221 5460 2344 5522 quia
2373 5455 2660 5528 ἐριστικῶς
2684 5455 2928 5528 ;7st:ttiin,
2953 5474 3047 5524 μιν·
3069 5460 3476 5528 πνευματικοῖς,
3500 5461 3608 5525 lege
3625 5473 3790 5508 πνευ-

2226 5525 2492 5599 ματικῶς,
2514 5527 2585 5584 Μ,
2604 5558 2667 5599 Α-
2696 5527 2822 5599 [tein
2853 5534 3007 5599 vulgo
3029 5532 3140 5591 τοῖς
3174 5525 3574 5599 πεποιημένοις.

2295 5595 2406 5664 (9‘2)
2448 5596 2550 5670 hlp.
2590 5597 2656 5648 ῖσ.
2685 5596 3010 5670 καὶ-σαφῶς.
3037 5602 3174 5670 In'ra
3207 5595 3549 5670 νιιΙειῒένεκα
3577 5605 3628 5649 el
3650 5613 3792 5670 προ-

2214 5667 2620 5745 ενηνεγμένοις,
2644 5679 2696 5721 et
2719 5667 2872 5720 τοῦτό
2895 5667 2944 5740 γ’
2976 5679 3032 5722 et
3073 5667 3105 5721 ἂ
3133 5669 3210 5732 δέ,
3250 5667 3444 5725 ρι⁷ἁλλ’
3473 5667 3568 5728 ὡς,
3600 5677 3647 5721 el
3697 5667 3795 5723 ἐπὶ

2223 5752 2334 5791 του.
