  <div class='ocr_page' id='page_1' title='image "/cluster/home/n/w/nwhite01/storage/ocr_20150623/24/hvd.32044073501801/382.png"; bbox 0 0 4098 6200; ppageno 0'>
   <div class='ocr_carea' id='block_1_1' title="bbox 348 279 456 341">
    <p class='ocr_par' dir='ltr' id='par_1_1' title="bbox 348 279 456 341">
     <span class='ocr_line' id='line_1_1' title="bbox 348 279 456 341; baseline 0.046 -5"><span class='ocrx_word' id='word_1_1' title='bbox 348 279 456 341; x_wconf 68' lang='grc'><strong>743</strong></span> 
     </span>
    </p>
   </div>
   <div class='ocr_carea' id='block_1_2' title="bbox 1484 282 2477 340">
    <p class='ocr_par' dir='ltr' id='par_1_2' title="bbox 1484 282 2477 340">
     <span class='ocr_line' id='line_1_2' title="bbox 1484 282 2477 340; baseline -0.001 -2"><span class='ocrx_word' id='word_1_2' title='bbox 1484 282 1764 339; x_wconf 71' lang='lat' dir='ltr'><strong>CONTRA</strong></span> <span class='ocrx_word' id='word_1_3' title='bbox 1800 283 2225 340; x_wconf 67' lang='lat' dir='ltr'><strong>MARCELLUM</strong></span> <span class='ocrx_word' id='word_1_4' title='bbox 2268 283 2394 340; x_wconf 86' lang='lat' dir='ltr'><strong>LIB.</strong></span> <span class='ocrx_word' id='word_1_5' title='bbox 2438 285 2477 338; x_wconf 83' lang='grc' dir='ltr'><strong>Ι.</strong></span> 
     </span>
    </p>
   </div>
   <div class='ocr_carea' id='block_1_3' title="bbox 3503 293 3606 351">
    <p class='ocr_par' dir='ltr' id='par_1_3' title="bbox 3503 293 3606 351">
     <span class='ocr_line' id='line_1_3' title="bbox 3503 293 3606 351; baseline 0.029 -3"><span class='ocrx_word' id='word_1_6' title='bbox 3503 293 3606 351; x_wconf 77' lang='lat'><strong>750</strong></span> 
     </span>
    </p>
   </div>
   <div class='ocr_carea' id='block_1_4' title="bbox 339 398 1904 476">
    <p class='ocr_par' dir='ltr' id='par_1_4' title="bbox 339 398 1904 474">
     <span class='ocr_line' id='line_1_4' title="bbox 339 398 1904 474; baseline 0.001 -19"><span class='ocrx_word' id='word_1_7' title='bbox 339 401 627 474; x_wconf 77' lang='grc' dir='ltr'>νούμενος,</span> <span class='ocrx_word' id='word_1_8' title='bbox 662 399 844 453; x_wconf 73' lang='grc' dir='ltr'>πᾶσαν</span> <span class='ocrx_word' id='word_1_9' title='bbox 877 398 1040 454; x_wconf 77' lang='grc' dir='ltr'>αὑτοῦ</span> <span class='ocrx_word' id='word_1_10' title='bbox 1073 399 1170 470; x_wconf 79' lang='grc' dir='ltr'>τὴν</span> <span class='ocrx_word' id='word_1_11' title='bbox 1202 399 1419 471; x_wconf 78' lang='grc' dir='ltr'>γραφὴν</span> <span class='ocrx_word' id='word_1_12' title='bbox 1451 402 1536 454; x_wconf 82' lang='grc' dir='ltr'>ἐπ’</span> <span class='ocrx_word' id='word_1_13' title='bbox 1560 403 1798 474; x_wconf 77' lang='grc' dir='ltr'><strong>ὠφελείᾳ</strong></span> <span class='ocrx_word' id='word_1_14' title='bbox 1832 422 1904 457; x_wconf 85' lang='grc' dir='ltr'><strong>κα</strong></span> 
     </span>
    </p>
   </div>
   <div class='ocr_carea' id='block_1_5' title="bbox 2010 398 3607 476">
    <p class='ocr_par' dir='ltr' id='par_1_5' title="bbox 2037 401 3607 476">
     <span class='ocr_line' id='line_1_5' title="bbox 2037 401 3607 476; baseline 0.008 -24"><span class='ocrx_word' id='word_1_15' title='bbox 2037 421 2054 452; x_wconf 80' lang='grc' dir='ltr'><strong>ι</strong></span> <span class='ocrx_word' id='word_1_16' title='bbox 2103 405 2227 455; x_wconf 86' lang='lat' dir='ltr'><strong>dum</strong></span> <span class='ocrx_word' id='word_1_17' title='bbox 2261 403 2612 468; x_wconf 82' lang='lat' dir='ltr'><strong>scripserunt.</strong></span> <span class='ocrx_word' id='word_1_18' title='bbox 2648 422 2664 452; x_wconf 74' lang='grc' dir='ltr'><strong>ι</strong></span> <span class='ocrx_word' id='word_1_19' title='bbox 2708 401 2812 458; x_wconf 85' lang='lat' dir='ltr'><strong>Sed</strong></span> <span class='ocrx_word' id='word_1_20' title='bbox 2845 413 2896 458; x_wconf 88' lang='lat' dir='ltr'><strong>et</strong></span> <span class='ocrx_word' id='word_1_21' title='bbox 2941 402 3103 458; x_wconf 98' lang='lat' dir='ltr'><strong>aliter</strong></span> <span class='ocrx_word' id='word_1_22' title='bbox 3143 419 3357 476; x_wconf 84' lang='lat' dir='ltr'><strong>quoque</strong></span> <span class='ocrx_word' id='word_1_23' title='bbox 3387 422 3418 462; x_wconf 88' lang='lat' dir='ltr'><strong>e</strong></span> <span class='ocrx_word' id='word_1_24' title='bbox 3445 410 3607 467; x_wconf 78' lang='lat' dir='ltr'><strong>dictis</strong></span> 
     </span>
    </p>
   </div>
   <div class='ocr_carea' id='block_1_6' title="bbox 339 491 1925 567">
    <p class='ocr_par' dir='ltr' id='par_1_6' title="bbox 339 491 1925 567">
     <span class='ocr_line' id='line_1_6' title="bbox 339 491 1925 567; baseline 0.003 -23"><span class='ocrx_word' id='word_1_25' title='bbox 339 493 595 566; x_wconf 78' lang='grc' dir='ltr'><strong>σωτηρίᾳ</strong></span> <span class='ocrx_word' id='word_1_26' title='bbox 629 493 814 564; x_wconf 78' lang='grc' dir='ltr'>ψυχῶν</span> <span class='ocrx_word' id='word_1_27' title='bbox 853 491 930 562; x_wconf 85' lang='grc' dir='ltr'>τῷ</span> <span class='ocrx_word' id='word_1_28' title='bbox 969 492 1067 563; x_wconf 84' lang='grc' dir='ltr'><strong>τῆς</strong></span> <span class='ocrx_word' id='word_1_29' title='bbox 1114 491 1422 556; x_wconf 76' lang='grc' dir='ltr'>θεοσεϐείας</span> <span class='ocrx_word' id='word_1_30' title='bbox 1473 495 1708 548; x_wconf 77' lang='grc' dir='ltr'>ἀνετίθει</span> <span class='ocrx_word' id='word_1_31' title='bbox 1760 496 1925 567; x_wconf 87' lang='grc' dir='ltr'>λόγῳ,</span> 
     </span>
    </p>
   </div>
   <div class='ocr_carea' id='block_1_7' title="bbox 333 584 1923 667">
    <p class='ocr_par' dir='ltr' id='par_1_7' title="bbox 333 584 1923 657">
     <span class='ocr_line' id='line_1_7' title="bbox 333 584 1923 657; baseline 0.003 -21"><span class='ocrx_word' id='word_1_32' title='bbox 333 601 404 652; x_wconf 88' lang='grc' dir='ltr'><strong>γυ</strong></span> <span class='ocrx_word' id='word_1_33' title='bbox 414 585 650 656; x_wconf 79' lang='grc' dir='ltr'>μνασίοιι</span> <span class='ocrx_word' id='word_1_34' title='bbox 678 584 722 638; x_wconf 83' lang='grc' dir='ltr'>δ’</span> <span class='ocrx_word' id='word_1_35' title='bbox 741 584 924 637; x_wconf 83' lang='grc' dir='ltr'>’ἐνεκεν</span> <span class='ocrx_word' id='word_1_36' title='bbox 945 585 1043 656; x_wconf 85' lang='grc' dir='ltr'><strong>τῆς</strong></span> <span class='ocrx_word' id='word_1_37' title='bbox 1069 584 1176 637; x_wconf 86' lang='grc' dir='ltr'><strong>τῶν</strong></span> <span class='ocrx_word' id='word_1_38' title='bbox 1203 586 1640 657; x_wconf 72' lang='grc' dir='ltr'><strong>ἐντυγχανόντων</strong></span> <span class='ocrx_word' id='word_1_39' title='bbox 1667 587 1923 652; x_wconf 77' lang='grc' dir='ltr'>διανοίας,</span> 
     </span>
    </p>
   </div>
   <div class='ocr_carea' id='block_1_8' title="bbox 337 675 1924 751">
    <p class='ocr_par' dir='ltr' id='par_1_8' title="bbox 337 675 1924 751">
     <span class='ocr_line' id='line_1_8' title="bbox 337 675 1924 751; baseline 0.004 -25"><span class='ocrx_word' id='word_1_40' title='bbox 337 677 643 738; x_wconf 81' lang='grc' dir='ltr'>σκοτεινοῖς</span> <span class='ocrx_word' id='word_1_41' title='bbox 672 676 869 746; x_wconf 86' lang='grc' dir='ltr'>ἐχρῆτο</span> <span class='ocrx_word' id='word_1_42' title='bbox 896 675 1266 748; x_wconf 76' lang='grc' dir='ltr'>προϐλήμασι,</span> <span class='ocrx_word' id='word_1_43' title='bbox 1300 678 1392 731; x_wconf 77' lang='grc' dir='ltr'><strong>καὶ</strong></span> <span class='ocrx_word' id='word_1_44' title='bbox 1442 678 1614 746; x_wconf 90' lang='grc' dir='ltr'>λόγων</span> <span class='ocrx_word' id='word_1_45' title='bbox 1648 683 1924 751; x_wconf 80' lang='grc' dir='ltr'><strong>στροφαῖς,</strong></span> 
     </span>
    </p>
   </div>
   <div class='ocr_carea' id='block_1_9' title="bbox 2034 494 3605 567">
    <p class='ocr_par' dir='ltr' id='par_1_9' title="bbox 2034 494 3605 567">
     <span class='ocr_line' id='line_1_9' title="bbox 2034 494 3605 567; baseline 0.007 -20"><span class='ocrx_word' id='word_1_46' title='bbox 2034 494 2468 550; x_wconf 86' lang='lat' dir='ltr'><strong>animadvertere</strong></span> <span class='ocrx_word' id='word_1_47' title='bbox 2515 496 2662 560; x_wconf 90' lang='lat' dir='ltr'><strong>licet,</strong></span> <span class='ocrx_word' id='word_1_48' title='bbox 2693 506 3029 567; x_wconf 74' lang='lat' dir='ltr'><strong>quantopere</strong></span> <span class='ocrx_word' id='word_1_49' title='bbox 3063 500 3342 554; x_wconf 88' lang='lat' dir='ltr'><strong>aberravit</strong></span> <span class='ocrx_word' id='word_1_50' title='bbox 3383 501 3429 556; x_wconf 92' lang='lat' dir='ltr'><strong>is</strong></span> <span class='ocrx_word' id='word_1_51' title='bbox 3458 518 3487 556; x_wconf 89' lang='lat' dir='ltr'><strong>a</strong></span> <span class='ocrx_word' id='word_1_52' title='bbox 3513 519 3605 558; x_wconf 47' lang='lat' dir='ltr'><strong>ve.</strong></span> 
     </span>
    </p>
   </div>
   <div class='ocr_carea' id='block_1_10' title="bbox 2032 586 3609 664">
    <p class='ocr_par' dir='ltr' id='par_1_10' title="bbox 2032 586 3609 664">
     <span class='ocr_line' id='line_1_10' title="bbox 2032 586 3609 664; baseline 0.007 -25"><span class='ocrx_word' id='word_1_53' title='bbox 2032 586 2212 651; x_wconf 89' lang='lat' dir='ltr'><strong>ritate,</strong></span> <span class='ocrx_word' id='word_1_54' title='bbox 2254 601 2376 642; x_wconf 91' lang='lat' dir='ltr'><strong>cum</strong></span> <span class='ocrx_word' id='word_1_55' title='bbox 2423 586 2653 642; x_wconf 80' lang='lat' dir='ltr'><strong>allirmet</strong></span> <span class='ocrx_word' id='word_1_56' title='bbox 2701 588 2956 651; x_wconf 70' lang='grc' dir='ltr'>Οιωεοε,</span> <span class='ocrx_word' id='word_1_57' title='bbox 3021 592 3086 645; x_wconf 86' lang='lat' dir='ltr'><strong>ad</strong></span> <span class='ocrx_word' id='word_1_58' title='bbox 3141 593 3389 648; x_wconf 89' lang='lat' dir='ltr'><strong>eumdem</strong></span> <span class='ocrx_word' id='word_1_59' title='bbox 3448 595 3609 664; x_wconf 82' lang='lat' dir='ltr'><strong>plane</strong></span> 
     </span>
    </p>
   </div>
   <div class='ocr_carea' id='block_1_11' title="bbox 2030 678 3602 751">
    <p class='ocr_par' dir='ltr' id='par_1_11' title="bbox 2030 678 3602 751">
     <span class='ocr_line' id='line_1_11' title="bbox 2030 678 3602 751; baseline 0.005 -20"><span class='ocrx_word' id='word_1_60' title='bbox 2030 681 2272 745; x_wconf 87' lang='lat' dir='ltr'><strong>modum,</strong></span> <span class='ocrx_word' id='word_1_61' title='bbox 2307 693 2414 748; x_wconf 91' lang='lat' dir='ltr'><strong>quo</strong></span> <span class='ocrx_word' id='word_1_62' title='bbox 2460 678 2738 746; x_wconf 84' lang='lat' dir='ltr'><strong>Salomon,</strong></span> <span class='ocrx_word' id='word_1_63' title='bbox 2776 683 3079 751; x_wconf 83' lang='lat' dir='ltr'><strong>scripsisse.</strong></span> <span class='ocrx_word' id='word_1_64' title='bbox 3139 683 3393 738; x_wconf 87' lang='lat' dir='ltr'><strong>Salomon</strong></span> <span class='ocrx_word' id='word_1_65' title='bbox 3459 688 3602 740; x_wconf 86' lang='lat' dir='ltr'><strong>enim</strong></span> 
     </span>
    </p>
   </div>
   <div class='ocr_carea' id='block_1_12' title="bbox 336 768 1904 843">
    <p class='ocr_par' dir='ltr' id='par_1_12' title="bbox 336 768 1904 840">
     <span class='ocr_line' id='line_1_12' title="bbox 336 768 1904 840; baseline 0.002 -19"><span class='ocrx_word' id='word_1_66' title='bbox 336 770 436 822; x_wconf 68' lang='grc' dir='ltr'><strong>καὶ</strong></span> <span class='ocrx_word' id='word_1_67' title='bbox 465 772 666 838; x_wconf 81' lang='grc' dir='ltr'><strong>φωναῖς</strong></span> <span class='ocrx_word' id='word_1_68' title='bbox 686 769 752 822; x_wconf 87' lang='grc' dir='ltr'>δι’</span> <span class='ocrx_word' id='word_1_69' title='bbox 778 768 1120 840; x_wconf 75' lang='grc' dir='ltr'><strong>αἰνιγμάτων</strong></span> <span class='ocrx_word' id='word_1_70' title='bbox 1144 773 1661 840; x_wconf 78' lang='grc' dir='ltr'>προενήνεγμέναις.</span> <span class='ocrx_word' id='word_1_71' title='bbox 1689 772 1798 824; x_wconf 75' lang='grc' dir='ltr'><strong>Καὶ</strong></span> <span class='ocrx_word' id='word_1_72' title='bbox 1813 773 1904 825; x_wconf 76' lang='grc' dir='ltr'>τοῦ</span> 
     </span>
    </p>
   </div>
   <div class='ocr_carea' id='block_1_13' title="bbox 2010 768 3606 843">
    <p class='ocr_par' dir='ltr' id='par_1_13' title="bbox 2028 771 3606 843">
     <span class='ocr_line' id='line_1_13' title="bbox 2028 771 3606 843; baseline 0.004 -18"><span class='ocrx_word' id='word_1_73' title='bbox 2028 771 2313 841; x_wconf 77' lang='lat' dir='ltr'><strong>sapientia,</strong></span> <span class='ocrx_word' id='word_1_74' title='bbox 2345 788 2466 841; x_wconf 79' lang='lat' dir='ltr'><strong>qua:</strong></span> <span class='ocrx_word' id='word_1_75' title='bbox 2498 773 2755 828; x_wconf 82' lang='lat' dir='ltr'><strong>divinitus</strong></span> <span class='ocrx_word' id='word_1_76' title='bbox 2784 784 2888 838; x_wconf 89' lang='lat' dir='ltr'><strong>est,</strong></span> <span class='ocrx_word' id='word_1_77' title='bbox 2930 774 3214 843; x_wconf 86' lang='lat' dir='ltr'><strong>impulsus.</strong></span> <span class='ocrx_word' id='word_1_78' title='bbox 3259 792 3412 831; x_wconf 86' lang='lat' dir='ltr'><strong>suam</strong></span> <span class='ocrx_word' id='word_1_79' title='bbox 3466 779 3606 832; x_wconf 86' lang='lat' dir='ltr'><strong>scri-</strong></span> 
     </span>
    </p>
   </div>
   <div class='ocr_carea' id='block_1_14' title="bbox 336 860 1925 932">
    <p class='ocr_par' dir='ltr' id='par_1_14' title="bbox 336 860 1925 932">
     <span class='ocr_line' id='line_1_14' title="bbox 336 860 1925 932; baseline 0.003 -21"><span class='ocrx_word' id='word_1_80' title='bbox 336 876 402 912; x_wconf 89' lang='grc' dir='ltr'><strong>το</strong></span> <span class='ocrx_word' id='word_1_81' title='bbox 431 860 476 913; x_wconf 79' lang='grc' dir='ltr'>δ’</span> <span class='ocrx_word' id='word_1_82' title='bbox 509 863 564 914; x_wconf 85' lang='grc' dir='ltr'><strong>ἐν</strong></span> <span class='ocrx_word' id='word_1_83' title='bbox 590 861 727 931; x_wconf 83' lang='grc' dir='ltr'>ἀρχῇ</span> <span class='ocrx_word' id='word_1_84' title='bbox 752 862 851 931; x_wconf 83' lang='grc' dir='ltr'>τῆς</span> <span class='ocrx_word' id='word_1_85' title='bbox 885 860 1068 930; x_wconf 79' lang='grc' dir='ltr'>βίϐλου</span> <span class='ocrx_word' id='word_1_86' title='bbox 1094 860 1430 932; x_wconf 78' lang='grc' dir='ltr'><strong>μαρτύρεται</strong></span> <span class='ocrx_word' id='word_1_87' title='bbox 1459 861 1650 930; x_wconf 81' lang='grc' dir='ltr'>λέγων·</span> <span class='ocrx_word' id='word_1_88' title='bbox 1673 881 1691 912; x_wconf 79' lang='grc' dir='ltr'><strong>ι</strong></span> <span class='ocrx_word' id='word_1_89' title='bbox 1727 863 1846 916; x_wconf 89' lang='grc' dir='ltr'><strong>Τῶν</strong></span> <span class='ocrx_word' id='word_1_90' title='bbox 1869 864 1925 916; x_wconf 80' lang='grc' dir='ltr'><strong>δὲ</strong></span> 
     </span>
    </p>
   </div>
   <div class='ocr_carea' id='block_1_15' title="bbox 345 952 1925 1026">
    <p class='ocr_par' dir='ltr' id='par_1_15' title="bbox 345 952 1925 1026">
     <span class='ocr_line' id='line_1_15' title="bbox 345 952 1925 1026; baseline 0.003 -23"><span class='ocrx_word' id='word_1_91' title='bbox 345 971 365 1003; x_wconf 83' lang='grc' dir='ltr'><strong>ι</strong></span> <span class='ocrx_word' id='word_1_92' title='bbox 404 955 512 1024; x_wconf 79' lang='grc' dir='ltr'>γὰρ</span> <span class='ocrx_word' id='word_1_93' title='bbox 543 952 775 1016; x_wconf 82' lang='grc' dir='ltr'>ἀκούσας</span> <span class='ocrx_word' id='word_1_94' title='bbox 819 953 982 1022; x_wconf 82' lang='grc' dir='ltr'>σοφὸς</span> <span class='ocrx_word' id='word_1_95' title='bbox 1008 953 1316 1026; x_wconf 81' lang='grc' dir='ltr'>σοφώτερος</span> <span class='ocrx_word' id='word_1_96' title='bbox 1341 954 1520 1008; x_wconf 72' lang='grc' dir='ltr'>ἔσται’</span> <span class='ocrx_word' id='word_1_97' title='bbox 1562 957 1592 1008; x_wconf 87' lang='grc' dir='ltr'><strong>ό</strong></span> <span class='ocrx_word' id='word_1_98' title='bbox 1620 955 1676 1007; x_wconf 85' lang='grc' dir='ltr'>δὲ</span> <span class='ocrx_word' id='word_1_99' title='bbox 1705 957 1925 1026; x_wconf 85' lang='grc' dir='ltr'>νοήμων</span> 
     </span>
    </p>
   </div>
   <div class='ocr_carea' id='block_1_16' title="bbox 345 1046 1923 1120">
    <p class='ocr_par' dir='ltr' id='par_1_16' title="bbox 345 1046 1923 1120">
     <span class='ocr_line' id='line_1_16' title="bbox 345 1046 1923 1120; baseline 0.003 -22"><span class='ocrx_word' id='word_1_100' title='bbox 345 1066 364 1098; x_wconf 77' lang='grc' dir='ltr'><strong>ι</strong></span> <span class='ocrx_word' id='word_1_101' title='bbox 405 1046 723 1117; x_wconf 79' lang='grc' dir='ltr'>κυϐέρνησιν</span> <span class='ocrx_word' id='word_1_102' title='bbox 751 1048 1034 1114; x_wconf 74' lang='grc' dir='ltr'>κτήσεται,</span> <span class='ocrx_word' id='word_1_103' title='bbox 1070 1047 1252 1117; x_wconf 81' lang='grc' dir='ltr'>νοήσει</span> <span class='ocrx_word' id='word_1_104' title='bbox 1272 1065 1331 1100; x_wconf 83' lang='grc' dir='ltr'><strong>τε</strong></span> <span class='ocrx_word' id='word_1_105' title='bbox 1363 1047 1677 1120; x_wconf 76' lang='grc' dir='ltr'>παραϐολὴν</span> <span class='ocrx_word' id='word_1_106' title='bbox 1710 1065 1923 1102; x_wconf 85' lang='grc' dir='ltr'>σκοτει-</span> 
     </span>
    </p>
   </div>
   <div class='ocr_carea' id='block_1_17' title="bbox 339 1139 1921 1216">
    <p class='ocr_par' dir='ltr' id='par_1_17' title="bbox 339 1139 1921 1216">
     <span class='ocr_line' id='line_1_17' title="bbox 339 1139 1921 1216; baseline 0.003 -23"><span class='ocrx_word' id='word_1_107' title='bbox 339 1160 364 1192; x_wconf 80' lang='grc'><em>‹</em></span> <span class='ocrx_word' id='word_1_108' title='bbox 399 1141 503 1193; x_wconf 92' lang='grc' dir='ltr'><strong>νῶν</strong></span> <span class='ocrx_word' id='word_1_109' title='bbox 532 1139 722 1208; x_wconf 86' lang='grc' dir='ltr'>λόγων,</span> <span class='ocrx_word' id='word_1_110' title='bbox 755 1141 944 1212; x_wconf 82' lang='grc' dir='ltr'>ῥήσεις</span> <span class='ocrx_word' id='word_1_111' title='bbox 971 1157 1030 1194; x_wconf 86' lang='grc' dir='ltr'><strong>τε</strong></span> <span class='ocrx_word' id='word_1_112' title='bbox 1060 1140 1240 1210; x_wconf 83' lang='grc' dir='ltr'>σοφῶν</span> <span class='ocrx_word' id='word_1_113' title='bbox 1269 1144 1363 1196; x_wconf 80' lang='grc' dir='ltr'><strong>καὶ</strong></span> <span class='ocrx_word' id='word_1_114' title='bbox 1388 1144 1708 1216; x_wconf 75' lang='grc' dir='ltr'>αἰνίγματα.</span> <span class='ocrx_word' id='word_1_115' title='bbox 1753 1163 1771 1196; x_wconf 75' lang='grc' dir='ltr'><strong>ι</strong></span> <span class='ocrx_word' id='word_1_116' title='bbox 1811 1145 1921 1196; x_wconf 78' lang='grc' dir='ltr'><strong>Καὶ</strong></span> 
     </span>
    </p>
   </div>
   <div class='ocr_carea' id='block_1_18' title="bbox 337 1230 1922 1307">
    <p class='ocr_par' dir='ltr' id='par_1_18' title="bbox 337 1230 1922 1307">
     <span class='ocr_line' id='line_1_18' title="bbox 337 1230 1922 1307; baseline 0.001 -21"><span class='ocrx_word' id='word_1_117' title='bbox 337 1233 516 1295; x_wconf 83' lang='grc' dir='ltr'>πάλιν,</span> <span class='ocrx_word' id='word_1_118' title='bbox 555 1230 812 1296; x_wconf 80' lang='grc' dir='ltr'>δέξασθαι</span> <span class='ocrx_word' id='word_1_119' title='bbox 859 1233 1095 1303; x_wconf 85' lang='grc' dir='ltr'>στροφὰς</span> <span class='ocrx_word' id='word_1_120' title='bbox 1127 1233 1330 1303; x_wconf 87' lang='grc' dir='ltr'>λόγων·</span> <span class='ocrx_word' id='word_1_121' title='bbox 1375 1253 1393 1286; x_wconf 82' lang='grc' dir='ltr'><strong>ι</strong></span> <span class='ocrx_word' id='word_1_122' title='bbox 1435 1237 1501 1288; x_wconf 77' lang='grc' dir='ltr'>Ἀ</span> <span class='ocrx_word' id='word_1_123' title='bbox 1534 1235 1600 1307; x_wconf 86' lang='grc' dir='ltr'>δὴ</span> <span class='ocrx_word' id='word_1_124' title='bbox 1620 1236 1716 1290; x_wconf 78' lang='grc' dir='ltr'>καὶ</span> <span class='ocrx_word' id='word_1_125' title='bbox 1747 1234 1922 1300; x_wconf 76' lang='grc' dir='ltr'>οὕτως</span> 
     </span>
    </p>
   </div>
   <div class='ocr_carea' id='block_1_19' title="bbox 333 1325 1921 1399">
    <p class='ocr_par' dir='ltr' id='par_1_19' title="bbox 333 1325 1921 1399">
     <span class='ocr_line' id='line_1_19' title="bbox 333 1325 1921 1399; baseline 0.003 -20"><span class='ocrx_word' id='word_1_126' title='bbox 333 1346 358 1379; x_wconf 79' lang='grc'><em>‹</em></span> <span class='ocrx_word' id='word_1_127' title='bbox 393 1327 583 1398; x_wconf 81' lang='grc' dir='ltr'>ἔχοντα</span> <span class='ocrx_word' id='word_1_128' title='bbox 612 1327 678 1379; x_wconf 89' lang='grc' dir='ltr'><strong>ἐκ</strong></span> <span class='ocrx_word' id='word_1_129' title='bbox 714 1325 823 1379; x_wconf 88' lang='grc' dir='ltr'><strong>τῶν</strong></span> <span class='ocrx_word' id='word_1_130' title='bbox 854 1326 1246 1398; x_wconf 79' lang='grc' dir='ltr'>ἐμφερομένων</span> <span class='ocrx_word' id='word_1_131' title='bbox 1283 1330 1347 1399; x_wconf 83' lang='grc' dir='ltr'>τῇ</span> <span class='ocrx_word' id='word_1_132' title='bbox 1385 1327 1550 1398; x_wconf 78' lang='grc' dir='ltr'>βίϐλῳ</span> <span class='ocrx_word' id='word_1_133' title='bbox 1582 1329 1921 1399; x_wconf 79' lang='grc' dir='ltr'>καταμαθεῖν</span> 
     </span>
    </p>
   </div>
   <div class='ocr_carea' id='block_1_20' title="bbox 330 1418 1922 1492">
    <p class='ocr_par' dir='ltr' id='par_1_20' title="bbox 330 1418 1922 1492">
     <span class='ocr_line' id='line_1_20' title="bbox 330 1418 1922 1492; baseline 0.002 -20"><span class='ocrx_word' id='word_1_134' title='bbox 330 1439 351 1472; x_wconf 81' lang='grc' dir='ltr'><strong>ι</strong></span> <span class='ocrx_word' id='word_1_135' title='bbox 387 1419 772 1491; x_wconf 77' lang='grc' dir='ltr'>ρᾴδιον,ἄλλως</span> <span class='ocrx_word' id='word_1_136' title='bbox 782 1419 844 1472; x_wconf 76' lang='grc' dir='ltr'>οὗ</span> <span class='ocrx_word' id='word_1_137' title='bbox 856 1418 1164 1489; x_wconf 82' lang='grc' dir='ltr'>δυναμένων</span> <span class='ocrx_word' id='word_1_138' title='bbox 1177 1419 1451 1491; x_wconf 86' lang='grc' dir='ltr'>νοηθῆναι,</span> <span class='ocrx_word' id='word_1_139' title='bbox 1462 1420 1495 1491; x_wconf 85' lang='grc' dir='ltr'><strong>ἢ</strong></span> <span class='ocrx_word' id='word_1_140' title='bbox 1513 1420 1750 1474; x_wconf 88' lang='grc' dir='ltr'>διιόντων</span> <span class='ocrx_word' id='word_1_141' title='bbox 1763 1422 1796 1491; x_wconf 80' lang='grc' dir='ltr'><strong>ἡ</strong></span> <span class='ocrx_word' id='word_1_142' title='bbox 1803 1422 1922 1492; x_wconf 84' lang='grc' dir='ltr'><strong>μῶν</strong></span> 
     </span>
    </p>
   </div>
   <div class='ocr_carea' id='block_1_21' title="bbox 329 1507 1917 1584">
    <p class='ocr_par' dir='ltr' id='par_1_21' title="bbox 329 1507 1917 1584">
     <span class='ocr_line' id='line_1_21' title="bbox 329 1507 1917 1584; baseline 0.003 -22"><span class='ocrx_word' id='word_1_143' title='bbox 329 1529 349 1562; x_wconf 76' lang='grc' dir='ltr'><strong>ι</strong></span> <span class='ocrx_word' id='word_1_144' title='bbox 385 1513 451 1564; x_wconf 86' lang='grc' dir='ltr'><strong>ἐκ</strong></span> <span class='ocrx_word' id='word_1_145' title='bbox 482 1510 584 1580; x_wconf 81' lang='grc' dir='ltr'><strong>τῆς</strong></span> <span class='ocrx_word' id='word_1_146' title='bbox 610 1508 902 1580; x_wconf 82' lang='grc' dir='ltr'>προχείρου</span> <span class='ocrx_word' id='word_1_147' title='bbox 938 1507 1135 1574; x_wconf 78' lang='grc' dir='ltr'>λέξεως</span> <span class='ocrx_word' id='word_1_148' title='bbox 1161 1511 1254 1563; x_wconf 78' lang='grc' dir='ltr'>ἐπὶ</span> <span class='ocrx_word' id='word_1_149' title='bbox 1278 1511 1370 1564; x_wconf 78' lang='grc' dir='ltr'><strong>τὸν</strong></span> <span class='ocrx_word' id='word_1_150' title='bbox 1400 1508 1458 1576; x_wconf 80' lang='grc' dir='ltr'>ἐξ</span> <span class='ocrx_word' id='word_1_151' title='bbox 1489 1511 1658 1582; x_wconf 82' lang='grc' dir='ltr'>αὐτῆς</span> <span class='ocrx_word' id='word_1_152' title='bbox 1685 1511 1917 1584; x_wconf 80' lang='grc' dir='ltr'>θεωρού-</span> 
     </span>
    </p>
   </div>
   <div class='ocr_carea' id='block_1_22' title="bbox 330 1597 1920 1676">
    <p class='ocr_par' dir='ltr' id='par_1_22' title="bbox 330 1597 1920 1676">
     <span class='ocr_line' id='line_1_22' title="bbox 330 1597 1920 1676; baseline 0.003 -21"><span class='ocrx_word' id='word_1_153' title='bbox 330 1622 350 1655; x_wconf 79' lang='grc' dir='ltr'><strong>ι</strong></span> <span class='ocrx_word' id='word_1_154' title='bbox 392 1621 554 1674; x_wconf 87' lang='grc' dir='ltr'>μενον</span> <span class='ocrx_word' id='word_1_155' title='bbox 589 1602 714 1657; x_wconf 80' lang='grc' dir='ltr'>νοῦν</span> <span class='ocrx_word' id='word_1_156' title='bbox 737 1618 751 1632; x_wconf 73' lang='grc'><strong>⁸</strong></span> <span class='ocrx_word' id='word_1_157' title='bbox 790 1597 904 1656; x_wconf 73' lang='grc' dir='ltr'>οἷόν</span> <span class='ocrx_word' id='word_1_158' title='bbox 926 1605 1041 1656; x_wconf 86' lang='grc' dir='ltr'>ἐστι</span> <span class='ocrx_word' id='word_1_159' title='bbox 1079 1603 1159 1668; x_wconf 81' lang='grc' dir='ltr'><strong>τὸ,</strong></span> <span class='ocrx_word' id='word_1_160' title='bbox 1197 1602 1274 1672; x_wconf 78' lang='grc' dir='ltr'><strong>Τῇ</strong></span> <span class='ocrx_word' id='word_1_161' title='bbox 1295 1602 1532 1673; x_wconf 78' lang='grc' dir='ltr'><strong>,ϐδέλλῃ</strong></span> <span class='ocrx_word' id='word_1_162' title='bbox 1563 1604 1719 1673; x_wconf 85' lang='grc' dir='ltr'>τρεῖς</span> <span class='ocrx_word' id='word_1_163' title='bbox 1739 1609 1920 1676; x_wconf 80' lang='grc' dir='ltr'>θυγα-</span> 
     </span>
    </p>
   </div>
   <div class='ocr_carea' id='block_1_23' title="bbox 331 1692 1914 1766">
    <p class='ocr_par' dir='ltr' id='par_1_23' title="bbox 331 1692 1914 1766">
     <span class='ocr_line' id='line_1_23' title="bbox 331 1692 1914 1766; baseline 0.002 -18"><span class='ocrx_word' id='word_1_164' title='bbox 331 1715 349 1748; x_wconf 89' lang='grc' dir='ltr'><strong>ι</strong></span> <span class='ocrx_word' id='word_1_165' title='bbox 389 1695 557 1763; x_wconf 86' lang='grc' dir='ltr'>τέρες</span> <span class='ocrx_word' id='word_1_166' title='bbox 589 1692 752 1765; x_wconf 77' lang='grc' dir='ltr'>ἦσαν</span> <span class='ocrx_word' id='word_1_167' title='bbox 780 1694 1080 1765; x_wconf 78' lang='grc' dir='ltr'><strong>ἀγαπήσει</strong></span> <span class='ocrx_word' id='word_1_168' title='bbox 1101 1695 1501 1766; x_wconf 75' lang='grc' dir='ltr'>ἀγαπώμεναι·</span> <span class='ocrx_word' id='word_1_169' title='bbox 1540 1696 1637 1750; x_wconf 81' lang='grc' dir='ltr'><strong>καί</strong></span> <span class='ocrx_word' id='word_1_170' title='bbox 1669 1699 1729 1750; x_wconf 85' lang='grc' dir='ltr'>αἱ</span> <span class='ocrx_word' id='word_1_171' title='bbox 1756 1698 1914 1766; x_wconf 83' lang='grc' dir='ltr'>τρεῖς</span> 
     </span>
    </p>
   </div>
   <div class='ocr_carea' id='block_1_24' title="bbox 2031 864 3602 932">
    <p class='ocr_par' dir='ltr' id='par_1_24' title="bbox 2031 864 3602 932">
     <span class='ocr_line' id='line_1_24' title="bbox 2031 864 3602 932; baseline 0.006 -18"><span class='ocrx_word' id='word_1_172' title='bbox 2031 873 2240 932; x_wconf 88' lang='lat' dir='ltr'><strong>pturam</strong></span> <span class='ocrx_word' id='word_1_173' title='bbox 2265 864 2597 930; x_wconf 87' lang='lat' dir='ltr'><strong>universam,</strong></span> <span class='ocrx_word' id='word_1_174' title='bbox 2631 867 2697 918; x_wconf 89' lang='lat' dir='ltr'><strong>ad</strong></span> <span class='ocrx_word' id='word_1_175' title='bbox 2727 865 3015 920; x_wconf 80' lang='lat' dir='ltr'><strong>utilitatem</strong></span> <span class='ocrx_word' id='word_1_176' title='bbox 3048 875 3100 920; x_wconf 88' lang='lat' dir='ltr'><strong>et</strong></span> <span class='ocrx_word' id='word_1_177' title='bbox 3129 867 3360 922; x_wconf 83' lang='lat' dir='ltr'><strong>Salutem</strong></span> <span class='ocrx_word' id='word_1_178' title='bbox 3390 873 3602 924; x_wconf 86' lang='lat' dir='ltr'><strong>anima--</strong></span> 
     </span>
    </p>
   </div>
   <div class='ocr_carea' id='block_1_25' title="bbox 2032 948 3603 1030">
    <p class='ocr_par' dir='ltr' id='par_1_25' title="bbox 2032 948 3603 1030">
     <span class='ocr_line' id='line_1_25' title="bbox 2032 948 3603 1030; baseline 0.004 -20"><span class='ocrx_word' id='word_1_179' title='bbox 2032 973 2147 1010; x_wconf 89' lang='lat' dir='ltr'><strong>rttm</strong></span> <span class='ocrx_word' id='word_1_180' title='bbox 2181 948 2366 1026; x_wconf 80' lang='lat' dir='ltr'><strong>pietati</strong></span> <span class='ocrx_word' id='word_1_181' title='bbox 2403 960 2742 1013; x_wconf 80' lang='lat' dir='ltr'><strong>consecravit</strong></span> <span class='ocrx_word' id='word_1_182' title='bbox 2771 975 2783 1009; x_wconf 94' lang='lat'>:</span> <span class='ocrx_word' id='word_1_183' title='bbox 2815 973 2944 1012; x_wconf 92' lang='lat' dir='ltr'><strong>usus</strong></span> <span class='ocrx_word' id='word_1_184' title='bbox 2979 968 3064 1013; x_wconf 90' lang='lat' dir='ltr'><strong>est</strong></span> <span class='ocrx_word' id='word_1_185' title='bbox 3092 969 3291 1026; x_wconf 88' lang='lat' dir='ltr'><strong>autem,</strong></span> <span class='ocrx_word' id='word_1_186' title='bbox 3340 964 3405 1014; x_wconf 87' lang='lat' dir='ltr'><strong>ad</strong></span> <span class='ocrx_word' id='word_1_187' title='bbox 3451 964 3603 1030; x_wconf 81' lang='lat' dir='ltr'><strong>inge-</strong></span> 
     </span>
    </p>
   </div>
   <div class='ocr_carea' id='block_1_26' title="bbox 2031 1049 3602 1119">
    <p class='ocr_par' dir='ltr' id='par_1_26' title="bbox 2031 1049 3602 1119">
     <span class='ocr_line' id='line_1_26' title="bbox 2031 1049 3602 1119; baseline 0.002 -17"><span class='ocrx_word' id='word_1_188' title='bbox 2031 1050 2115 1102; x_wconf 90' lang='lat' dir='ltr'><strong>nia</strong></span> <span class='ocrx_word' id='word_1_189' title='bbox 2165 1051 2452 1119; x_wconf 87' lang='lat' dir='ltr'><strong>legentium</strong></span> <span class='ocrx_word' id='word_1_190' title='bbox 2503 1050 2828 1112; x_wconf 80' lang='lat' dir='ltr'><strong>exercenda,</strong></span> <span class='ocrx_word' id='word_1_191' title='bbox 2869 1049 3224 1104; x_wconf 87' lang='lat' dir='ltr'><strong>tenebricosis</strong></span> <span class='ocrx_word' id='word_1_192' title='bbox 3253 1055 3602 1119; x_wconf 87' lang='lat' dir='ltr'><strong>problemati-</strong></span> 
     </span>
    </p>
   </div>
   <div class='ocr_carea' id='block_1_27' title="bbox 2027 1140 3597 1213">
    <p class='ocr_par' dir='ltr' id='par_1_27' title="bbox 2027 1140 3597 1213">
     <span class='ocr_line' id='line_1_27' title="bbox 2027 1140 3597 1213; baseline 0.002 -19"><span class='ocrx_word' id='word_1_193' title='bbox 2027 1141 2148 1202; x_wconf 78' lang='lat' dir='ltr'><strong>bus.</strong></span> <span class='ocrx_word' id='word_1_194' title='bbox 2177 1144 2519 1196; x_wconf 78' lang='lat' dir='ltr'><strong>sermonibus</strong></span> <span class='ocrx_word' id='word_1_195' title='bbox 2559 1140 2818 1196; x_wconf 85' lang='lat' dir='ltr'><strong>tortuosis</strong></span> <span class='ocrx_word' id='word_1_196' title='bbox 2865 1152 2918 1196; x_wconf 89' lang='lat' dir='ltr'><strong>et</strong></span> <span class='ocrx_word' id='word_1_197' title='bbox 2945 1141 3165 1196; x_wconf 83' lang='lat' dir='ltr'><strong>vocibus</strong></span> <span class='ocrx_word' id='word_1_198' title='bbox 3192 1159 3288 1211; x_wconf 85' lang='lat' dir='ltr'><strong>per</strong></span> <span class='ocrx_word' id='word_1_199' title='bbox 3311 1144 3597 1213; x_wconf 75' lang='lat' dir='ltr'><strong>:enigmata</strong></span> 
     </span>
    </p>
   </div>
   <div class='ocr_carea' id='block_1_28' title="bbox 2027 1234 3596 1306">
    <p class='ocr_par' dir='ltr' id='par_1_28' title="bbox 2027 1234 3596 1306">
     <span class='ocr_line' id='line_1_28' title="bbox 2027 1234 3596 1306; baseline 0.005 -24"><span class='ocrx_word' id='word_1_200' title='bbox 2027 1235 2466 1299; x_wconf 76' lang='lat' dir='ltr'><strong>procedentibus.</strong></span> <span class='ocrx_word' id='word_1_201' title='bbox 2499 1234 2753 1288; x_wconf 76' lang='lat' dir='ltr'><strong>Testatur</strong></span> <span class='ocrx_word' id='word_1_202' title='bbox 2779 1236 2878 1288; x_wconf 88' lang='lat' dir='ltr'><strong>hoc</strong></span> <span class='ocrx_word' id='word_1_203' title='bbox 2916 1236 3088 1306; x_wconf 90' lang='lat' dir='ltr'><strong>ipsum</strong></span> <span class='ocrx_word' id='word_1_204' title='bbox 3129 1236 3179 1288; x_wconf 91' lang='lat' dir='ltr'><strong>in</strong></span> <span class='ocrx_word' id='word_1_205' title='bbox 3220 1235 3375 1290; x_wconf 91' lang='lat' dir='ltr'><strong>initio</strong></span> <span class='ocrx_word' id='word_1_206' title='bbox 3411 1236 3596 1290; x_wconf 86' lang='lat' dir='ltr'><strong>statim</strong></span> 
     </span>
    </p>
   </div>
   <div class='ocr_carea' id='block_1_29' title="bbox 2025 1325 3595 1396">
    <p class='ocr_par' dir='ltr' id='par_1_29' title="bbox 2025 1325 3595 1396">
     <span class='ocr_line' id='line_1_29' title="bbox 2025 1325 3595 1396; baseline 0.001 -17"><span class='ocrx_word' id='word_1_207' title='bbox 2025 1326 2171 1386; x_wconf 89' lang='lat' dir='ltr'><strong>libri,</strong></span> <span class='ocrx_word' id='word_1_208' title='bbox 2194 1325 2284 1379; x_wconf 83' lang='lat' dir='ltr'><strong>tibi</strong></span> <span class='ocrx_word' id='word_1_209' title='bbox 2319 1328 2430 1380; x_wconf 88' lang='lat' dir='ltr'><strong>ait:</strong></span> <span class='ocrx_word' id='word_1_210' title='bbox 2469 1346 2487 1376; x_wconf 80' lang='grc' dir='ltr'><strong>ι</strong></span> <span class='ocrx_word' id='word_1_211' title='bbox 2522 1326 2615 1379; x_wconf 86' lang='lat' dir='ltr'><strong>llis</strong></span> <span class='ocrx_word' id='word_1_212' title='bbox 2643 1327 2841 1382; x_wconf 80' lang='lat' dir='ltr'><strong>auditis</strong></span> <span class='ocrx_word' id='word_1_213' title='bbox 2871 1327 3088 1395; x_wconf 82' lang='lat' dir='ltr'><strong>sapiens</strong></span> <span class='ocrx_word' id='word_1_214' title='bbox 3115 1326 3412 1396; x_wconf 83' lang='lat' dir='ltr'><strong>sapientior</strong></span> <span class='ocrx_word' id='word_1_215' title='bbox 3446 1328 3551 1380; x_wconf 89' lang='lat' dir='ltr'><strong>erit</strong></span> <span class='ocrx_word' id='word_1_216' title='bbox 3579 1343 3595 1381; x_wconf 89' lang='lat'><strong>:</strong></span> 
     </span>
    </p>
   </div>
   <div class='ocr_carea' id='block_1_30' title="bbox 2027 1418 3598 1490">
    <p class='ocr_par' dir='ltr' id='par_1_30' title="bbox 2027 1418 3598 1490">
     <span class='ocr_line' id='line_1_30' title="bbox 2027 1418 3598 1490; baseline 0.003 -21"><span class='ocrx_word' id='word_1_217' title='bbox 2027 1436 2047 1469; x_wconf 86' lang='grc' dir='ltr'><strong>ι</strong></span> <span class='ocrx_word' id='word_1_218' title='bbox 2097 1418 2404 1489; x_wconf 70' lang='lat' dir='ltr'><strong>intelligens</strong></span> <span class='ocrx_word' id='word_1_219' title='bbox 2440 1419 2736 1487; x_wconf 84' lang='lat' dir='ltr'><strong>possidebit</strong></span> <span class='ocrx_word' id='word_1_220' title='bbox 2770 1421 3257 1490; x_wconf 78' lang='lat' dir='ltr'><strong>gubernationem,</strong></span> <span class='ocrx_word' id='word_1_221' title='bbox 3308 1429 3362 1474; x_wconf 89' lang='lat' dir='ltr'><strong>et</strong></span> <span class='ocrx_word' id='word_1_222' title='bbox 3400 1421 3598 1476; x_wconf 88' lang='lat' dir='ltr'><strong>obscu-</strong></span> 
     </span>
    </p>
   </div>
   <div class='ocr_carea' id='block_1_31' title="bbox 2027 1512 3598 1593">
    <p class='ocr_par' dir='ltr' id='par_1_31' title="bbox 2027 1512 3598 1593">
     <span class='ocr_line' id='line_1_31' title="bbox 2027 1512 3598 1593; baseline 0.003 -30"><span class='ocrx_word' id='word_1_223' title='bbox 2027 1530 2047 1563; x_wconf 84' lang='grc' dir='ltr'><strong>ι</strong></span> <span class='ocrx_word' id='word_1_224' title='bbox 2096 1527 2276 1564; x_wconf 90' lang='lat' dir='ltr'><strong>rorum</strong></span> <span class='ocrx_word' id='word_1_225' title='bbox 2326 1512 2612 1566; x_wconf 86' lang='lat' dir='ltr'><strong>verborum</strong></span> <span class='ocrx_word' id='word_1_226' title='bbox 2665 1514 2949 1582; x_wconf 84' lang='lat' dir='ltr'><strong>parabolas</strong></span> <span class='ocrx_word' id='word_1_227' title='bbox 3022 1524 3331 1582; x_wconf 82' lang='lat' dir='ltr'><strong>cognoscet,</strong></span> <span class='ocrx_word' id='word_1_228' title='bbox 3383 1515 3598 1593; x_wconf 57' lang='lat' dir='ltr'><strong>sapien:</strong></span> 
     </span>
    </p>
   </div>
   <div class='ocr_carea' id='block_1_32' title="bbox 2027 1603 3598 1674">
    <p class='ocr_par' dir='ltr' id='par_1_32' title="bbox 2027 1603 3598 1674">
     <span class='ocr_line' id='line_1_32' title="bbox 2027 1603 3598 1674; baseline 0.004 -21"><span class='ocrx_word' id='word_1_229' title='bbox 2027 1620 2047 1653; x_wconf 81' lang='grc' dir='ltr'><strong>ι</strong></span> <span class='ocrx_word' id='word_1_230' title='bbox 2096 1613 2206 1657; x_wconf 90' lang='lat' dir='ltr'><strong>tum</strong></span> <span class='ocrx_word' id='word_1_231' title='bbox 2232 1617 2446 1672; x_wconf 87' lang='lat' dir='ltr'><strong>quoque</strong></span> <span class='ocrx_word' id='word_1_232' title='bbox 2463 1603 2603 1656; x_wconf 83' lang='lat' dir='ltr'><strong>dicta</strong></span> <span class='ocrx_word' id='word_1_233' title='bbox 2629 1612 2683 1657; x_wconf 90' lang='lat' dir='ltr'><strong>et</strong></span> <span class='ocrx_word' id='word_1_234' title='bbox 2707 1604 3044 1670; x_wconf 64' lang='lat' dir='ltr'><strong>aenigmata.»</strong></span> <span class='ocrx_word' id='word_1_235' title='bbox 3070 1604 3266 1659; x_wconf 87' lang='lat' dir='ltr'><strong>Iterum</strong></span> <span class='ocrx_word' id='word_1_236' title='bbox 3289 1619 3504 1674; x_wconf 88' lang='lat' dir='ltr'><strong>quoque</strong></span> <span class='ocrx_word' id='word_1_237' title='bbox 3529 1605 3598 1659; x_wconf 88' lang='lat' dir='ltr'><strong>ad</strong></span> 
     </span>
    </p>
   </div>
   <div class='ocr_carea' id='block_1_33' title="bbox 2022 1697 3594 1771">
    <p class='ocr_par' dir='ltr' id='par_1_33' title="bbox 2022 1697 3594 1771">
     <span class='ocr_line' id='line_1_33' title="bbox 2022 1697 3594 1771; baseline 0.004 -22"><span class='ocrx_word' id='word_1_238' title='bbox 2022 1697 2420 1767; x_wconf 76' lang='lat' dir='ltr'><strong>percipiendam</strong></span> <span class='ocrx_word' id='word_1_239' title='bbox 2453 1712 2762 1751; x_wconf 86' lang='lat' dir='ltr'><strong>sermonum</strong></span> <span class='ocrx_word' id='word_1_240' title='bbox 2812 1699 3215 1769; x_wconf 83' lang='lat' dir='ltr'><strong>intelligentiam</strong></span> <span class='ocrx_word' id='word_1_241' title='bbox 3245 1718 3260 1754; x_wconf 89' lang='lat'><strong>:</strong></span> <span class='ocrx_word' id='word_1_242' title='bbox 3310 1718 3328 1750; x_wconf 88' lang='grc'><strong><em>‹</em></strong></span> <span class='ocrx_word' id='word_1_243' title='bbox 3358 1698 3424 1753; x_wconf 89' lang='lat' dir='ltr'><strong>Et</strong></span> <span class='ocrx_word' id='word_1_244' title='bbox 3464 1716 3594 1771; x_wconf 87' lang='lat' dir='ltr'><strong>pro-</strong></span> 
     </span>
    </p>
   </div>
   <div class='ocr_carea' id='block_1_34' title="bbox 332 1765 1904 1860">
    <p class='ocr_par' dir='ltr' id='par_1_34' title="bbox 332 1785 1904 1859">
     <span class='ocr_line' id='line_1_34' title="bbox 332 1785 1904 1859; baseline 0.003 -19"><span class='ocrx_word' id='word_1_245' title='bbox 332 1808 352 1840; x_wconf 73' lang='grc' dir='ltr'><strong>ι</strong></span> <span class='ocrx_word' id='word_1_246' title='bbox 393 1785 574 1844; x_wconf 85' lang='grc' dir='ltr'>αὗται</span> <span class='ocrx_word' id='word_1_247' title='bbox 599 1791 707 1841; x_wconf 82' lang='grc' dir='ltr'>οὐκ</span> <span class='ocrx_word' id='word_1_248' title='bbox 733 1787 1195 1856; x_wconf 80' lang='grc' dir='ltr'>ἐνεπίμπλασαν</span> <span class='ocrx_word' id='word_1_249' title='bbox 1217 1786 1432 1856; x_wconf 76' lang='grc' dir='ltr'>αὐτὴν,</span> <span class='ocrx_word' id='word_1_250' title='bbox 1459 1787 1556 1842; x_wconf 79' lang='grc' dir='ltr'><strong>καί</strong></span> <span class='ocrx_word' id='word_1_251' title='bbox 1583 1789 1620 1856; x_wconf 71' lang='grc' dir='ltr'><strong><em>ἡ</em></strong></span> <span class='ocrx_word' id='word_1_252' title='bbox 1663 1788 1904 1859; x_wconf 79' lang='grc' dir='ltr'><strong>τετάρτη</strong></span> 
     </span>
    </p>
   </div>
   <div class='ocr_carea' id='block_1_35' title="bbox 2010 1765 3595 1860">
    <p class='ocr_par' dir='ltr' id='par_1_35' title="bbox 2022 1788 3595 1860">
     <span class='ocr_line' id='line_1_35' title="bbox 2022 1788 3595 1860; baseline 0.004 -19"><span class='ocrx_word' id='word_1_253' title='bbox 2022 1807 2040 1841; x_wconf 86' lang='grc' dir='ltr'><strong>ι</strong></span> <span class='ocrx_word' id='word_1_254' title='bbox 2091 1790 2232 1844; x_wconf 64' lang='lat' dir='ltr'><strong>freto</strong></span> <span class='ocrx_word' id='word_1_255' title='bbox 2268 1792 2380 1844; x_wconf 77' lang='lat' dir='ltr'><strong>haec</strong></span> <span class='ocrx_word' id='word_1_256' title='bbox 2409 1791 2480 1843; x_wconf 89' lang='lat' dir='ltr'><strong>ita</strong></span> <span class='ocrx_word' id='word_1_257' title='bbox 2509 1804 2566 1844; x_wconf 82' lang='lat' dir='ltr'><strong>se</strong></span> <span class='ocrx_word' id='word_1_258' title='bbox 2605 1790 2804 1844; x_wconf 88' lang='lat' dir='ltr'><strong>habere</strong></span> <span class='ocrx_word' id='word_1_259' title='bbox 2840 1788 2997 1844; x_wconf 81' lang='lat' dir='ltr'><strong>facile</strong></span> <span class='ocrx_word' id='word_1_260' title='bbox 3026 1791 3192 1860; x_wconf 78' lang='lat' dir='ltr'><strong>liquet</strong></span> <span class='ocrx_word' id='word_1_261' title='bbox 3231 1806 3262 1846; x_wconf 91' lang='lat' dir='ltr'><strong>e</strong></span> <span class='ocrx_word' id='word_1_262' title='bbox 3316 1793 3595 1848; x_wconf 80' lang='lat' dir='ltr'><strong>contentis</strong></span> 
     </span>
    </p>
   </div>
   <div class='ocr_carea' id='block_1_36' title="bbox 333 1879 1911 1950">
    <p class='ocr_par' dir='ltr' id='par_1_36' title="bbox 333 1879 1911 1950">
     <span class='ocr_line' id='line_1_36' title="bbox 333 1879 1911 1950; baseline 0.003 -18"><span class='ocrx_word' id='word_1_263' title='bbox 333 1901 354 1932; x_wconf 74' lang='grc' dir='ltr'><strong>ι</strong></span> <span class='ocrx_word' id='word_1_264' title='bbox 395 1882 509 1934; x_wconf 71' lang='grc' dir='ltr'>οὐκ</span> <span class='ocrx_word' id='word_1_265' title='bbox 533 1879 816 1947; x_wconf 80' lang='grc' dir='ltr'><strong>ἠρκέσθη,</strong></span> <span class='ocrx_word' id='word_1_266' title='bbox 840 1879 1031 1934; x_wconf 70' lang='grc' dir='ltr'><strong>εἰπεῖν</strong></span> <span class='ocrx_word' id='word_1_267' title='bbox 1054 1880 1284 1934; x_wconf 79' lang='grc' dir='ltr'>ἱκανόν.</span> <span class='ocrx_word' id='word_1_268' title='bbox 1316 1880 1425 1932; x_wconf 85' lang='lat' dir='ltr'><strong>Kal.</strong></span> <span class='ocrx_word' id='word_1_269' title='bbox 1453 1879 1515 1936; x_wconf 85' lang='grc' dir='ltr'><strong>Ἠ</strong></span> <span class='ocrx_word' id='word_1_270' title='bbox 1545 1882 1731 1950; x_wconf 66' lang='grc' dir='ltr'>σοφία</span> <span class='ocrx_word' id='word_1_271' title='bbox 1760 1883 1911 1947; x_wconf 82' lang='grc' dir='ltr'>ᾠκο-</span> 
     </span>
    </p>
   </div>
   <div class='ocr_carea' id='block_1_37' title="bbox 333 1968 1913 2042">
    <p class='ocr_par' dir='ltr' id='par_1_37' title="bbox 333 1968 1913 2042">
     <span class='ocr_line' id='line_1_37' title="bbox 333 1968 1913 2042; baseline 0.001 -18"><span class='ocrx_word' id='word_1_272' title='bbox 333 1992 356 2024; x_wconf 74' lang='grc' dir='ltr'><strong>ι</strong></span> <span class='ocrx_word' id='word_1_273' title='bbox 394 1972 663 2042; x_wconf 78' lang='grc' dir='ltr'>δόμησεν</span> <span class='ocrx_word' id='word_1_274' title='bbox 680 1970 860 2040; x_wconf 78' lang='grc' dir='ltr'>ἑαυτῇ</span> <span class='ocrx_word' id='word_1_275' title='bbox 881 1968 1068 2036; x_wconf 72' lang='grc' dir='ltr'>οἷκον,</span> <span class='ocrx_word' id='word_1_276' title='bbox 1090 1971 1189 2024; x_wconf 77' lang='grc' dir='ltr'>καὶ</span> <span class='ocrx_word' id='word_1_277' title='bbox 1204 1970 1623 2042; x_wconf 80' lang='grc' dir='ltr'>ὑπήρεισε,(95)</span> <span class='ocrx_word' id='word_1_278' title='bbox 1646 1972 1913 2038; x_wconf 77' lang='grc' dir='ltr'>στύλους</span> 
     </span>
    </p>
   </div>
   <div class='ocr_carea' id='block_1_38' title="bbox 334 2062 1912 2134">
    <p class='ocr_par' dir='ltr' id='par_1_38' title="bbox 334 2062 1912 2134">
     <span class='ocr_line' id='line_1_38' title="bbox 334 2062 1912 2134; baseline 0.001 -17"><span class='ocrx_word' id='word_1_279' title='bbox 334 2085 356 2116; x_wconf 71' lang='grc' dir='ltr'><strong>ι</strong></span> <span class='ocrx_word' id='word_1_280' title='bbox 396 2065 565 2128; x_wconf 81' lang='grc' dir='ltr'>ἑπτὰ,</span> <span class='ocrx_word' id='word_1_281' title='bbox 599 2065 827 2134; x_wconf 65' lang='grc' dir='ltr'>ἔσφαξε</span> <span class='ocrx_word' id='word_1_282' title='bbox 853 2065 927 2119; x_wconf 88' lang='grc' dir='ltr'>τὰ</span> <span class='ocrx_word' id='word_1_283' title='bbox 947 2062 1170 2132; x_wconf 80' lang='grc' dir='ltr'>ἑαυτῆς</span> <span class='ocrx_word' id='word_1_284' title='bbox 1203 2065 1464 2134; x_wconf 82' lang='grc' dir='ltr'>θύματα·</span> <span class='ocrx_word' id='word_1_285' title='bbox 1495 2064 1787 2133; x_wconf 79' lang='grc' dir='ltr'>ἐκέρασεν</span> <span class='ocrx_word' id='word_1_286' title='bbox 1825 2067 1912 2130; x_wconf 79' lang='grc' dir='ltr'>εὶς</span> 
     </span>
    </p>
   </div>
   <div class='ocr_carea' id='block_1_39' title="bbox 337 2153 1910 2227">
    <p class='ocr_par' dir='ltr' id='par_1_39' title="bbox 337 2153 1910 2227">
     <span class='ocr_line' id='line_1_39' title="bbox 337 2153 1910 2227; baseline 0.001 -19"><span class='ocrx_word' id='word_1_287' title='bbox 337 2179 358 2208; x_wconf 85' lang='grc'>‹</span> <span class='ocrx_word' id='word_1_288' title='bbox 401 2157 660 2227; x_wconf 81' lang='grc' dir='ltr'>κρατῆρα</span> <span class='ocrx_word' id='word_1_289' title='bbox 679 2158 787 2211; x_wconf 76' lang='grc' dir='ltr'>τόν</span> <span class='ocrx_word' id='word_1_290' title='bbox 815 2156 1037 2226; x_wconf 80' lang='grc' dir='ltr'>ἑαυτῆς</span> <span class='ocrx_word' id='word_1_291' title='bbox 1071 2153 1260 2211; x_wconf 78' lang='grc' dir='ltr'><strong>οἶνον.</strong></span> <span class='ocrx_word' id='word_1_292' title='bbox 1285 2157 1393 2210; x_wconf 72' lang='grc' dir='ltr'>Καὶ</span> <span class='ocrx_word' id='word_1_293' title='bbox 1423 2155 1523 2210; x_wconf 82' lang='grc' dir='ltr'>ὅσα</span> <span class='ocrx_word' id='word_1_294' title='bbox 1543 2155 1678 2210; x_wconf 80' lang='grc' dir='ltr'>ἄλλα</span> <span class='ocrx_word' id='word_1_295' title='bbox 1697 2157 1910 2219; x_wconf 81' lang='grc' dir='ltr'>τούτοις</span> 
     </span>
    </p>
   </div>
   <div class='ocr_carea' id='block_1_40' title="bbox 329 2247 1907 2323">
    <p class='ocr_par' dir='ltr' id='par_1_40' title="bbox 329 2247 1907 2323">
     <span class='ocr_line' id='line_1_40' title="bbox 329 2247 1907 2323; baseline 0 -21"><span class='ocrx_word' id='word_1_296' title='bbox 329 2270 354 2302; x_wconf 71' lang='grc' dir='ltr'><strong>ι</strong></span> <span class='ocrx_word' id='word_1_297' title='bbox 391 2251 764 2323; x_wconf 82' lang='grc' dir='ltr'>παραπλήσια,</span> <span class='ocrx_word' id='word_1_298' title='bbox 817 2251 916 2322; x_wconf 86' lang='grc' dir='ltr'><strong>οὐχ</strong></span> <span class='ocrx_word' id='word_1_299' title='bbox 963 2249 1163 2321; x_wconf 76' lang='grc' dir='ltr'>ἑτέρως</span> <span class='ocrx_word' id='word_1_300' title='bbox 1211 2248 1409 2302; x_wconf 85' lang='grc' dir='ltr'>δυνατὰ</span> <span class='ocrx_word' id='word_1_301' title='bbox 1457 2247 1715 2311; x_wconf 80' lang='grc' dir='ltr'>νοεῖσθαι,</span> <span class='ocrx_word' id='word_1_302' title='bbox 1783 2248 1907 2302; x_wconf 78' lang='grc' dir='ltr'>οὔτε</span> 
     </span>
    </p>
   </div>
   <div class='ocr_carea' id='block_1_41' title="bbox 323 2341 1908 2416">
    <p class='ocr_par' dir='ltr' id='par_1_41' title="bbox 323 2341 1908 2416">
     <span class='ocr_line' id='line_1_41' title="bbox 323 2341 1908 2416; baseline 0 -20"><span class='ocrx_word' id='word_1_303' title='bbox 323 2363 350 2396; x_wconf 66' lang='grc' dir='ltr'><strong>ι</strong></span> <span class='ocrx_word' id='word_1_304' title='bbox 387 2343 715 2416; x_wconf 85' lang='grc' dir='ltr'>προχείρως,</span> <span class='ocrx_word' id='word_1_305' title='bbox 742 2341 866 2396; x_wconf 72' lang='grc' dir='ltr'>οὔτε</span> <span class='ocrx_word' id='word_1_306' title='bbox 899 2342 961 2396; x_wconf 81' lang='grc' dir='ltr'><strong>ἐκ</strong></span> <span class='ocrx_word' id='word_1_307' title='bbox 979 2359 1124 2406; x_wconf 88' lang='grc' dir='ltr'>τινος</span> <span class='ocrx_word' id='word_1_308' title='bbox 1159 2342 1414 2414; x_wconf 84' lang='grc' dir='ltr'>ἱστορίας,</span> <span class='ocrx_word' id='word_1_309' title='bbox 1447 2343 1496 2395; x_wconf 86' lang='grc' dir='ltr'>εἰ</span> <span class='ocrx_word' id='word_1_310' title='bbox 1537 2341 1780 2413; x_wconf 82' lang='grc' dir='ltr'>μὴκατὰ</span> <span class='ocrx_word' id='word_1_311' title='bbox 1807 2341 1908 2413; x_wconf 91' lang='grc' dir='ltr'>μό-</span> 
     </span>
    </p>
   </div>
   <div class='ocr_carea' id='block_1_42' title="bbox 319 2434 1906 2509">
    <p class='ocr_par' dir='ltr' id='par_1_42' title="bbox 319 2434 1906 2509">
     <span class='ocr_line' id='line_1_42' title="bbox 319 2434 1906 2509; baseline -0.002 -20"><span class='ocrx_word' id='word_1_312' title='bbox 319 2456 346 2489; x_wconf 68' lang='grc' dir='ltr'><strong>η</strong></span> <span class='ocrx_word' id='word_1_313' title='bbox 386 2455 484 2508; x_wconf 87' lang='grc' dir='ltr'><strong>νην</strong></span> <span class='ocrx_word' id='word_1_314' title='bbox 512 2436 825 2509; x_wconf 82' lang='grc' dir='ltr'>μεταφορὰν</span> <span class='ocrx_word' id='word_1_315' title='bbox 847 2435 940 2490; x_wconf 60' lang='grc' dir='ltr'><strong>καὶ⁸</strong></span> <span class='ocrx_word' id='word_1_316' title='bbox 970 2434 1318 2506; x_wconf 80' lang='grc' dir='ltr'>ἀναστροφὴν</span> <span class='ocrx_word' id='word_1_317' title='bbox 1341 2435 1438 2506; x_wconf 84' lang='grc' dir='ltr'>τῆς</span> <span class='ocrx_word' id='word_1_318' title='bbox 1462 2434 1681 2501; x_wconf 77' lang='grc' dir='ltr'>λέξεως.</span> <span class='ocrx_word' id='word_1_319' title='bbox 1723 2453 1741 2484; x_wconf 78' lang='grc' dir='ltr'><strong>ι</strong></span> <span class='ocrx_word' id='word_1_320' title='bbox 1771 2434 1837 2486; x_wconf 81' lang='grc' dir='ltr'><strong>Αἱ</strong></span> <span class='ocrx_word' id='word_1_321' title='bbox 1861 2434 1906 2486; x_wconf 78' lang='grc' dir='ltr'>δ’</span> 
     </span>
    </p>
   </div>
   <div class='ocr_carea' id='block_1_43' title="bbox 322 2526 1907 2600">
    <p class='ocr_par' dir='ltr' id='par_1_43' title="bbox 322 2526 1907 2600">
     <span class='ocr_line' id='line_1_43' title="bbox 322 2526 1907 2600; baseline -0.001 -19"><span class='ocrx_word' id='word_1_322' title='bbox 322 2529 626 2583; x_wconf 84' lang='grc' dir='ltr'>ἐκτεθεῖσαι</span> <span class='ocrx_word' id='word_1_323' title='bbox 644 2528 753 2582; x_wconf 88' lang='grc' dir='ltr'><strong>τῶν</strong></span> <span class='ocrx_word' id='word_1_324' title='bbox 795 2527 1060 2600; x_wconf 83' lang='grc' dir='ltr'>Ἐλλήνων</span> <span class='ocrx_word' id='word_1_325' title='bbox 1104 2527 1395 2599; x_wconf 84' lang='grc' dir='ltr'>παροιμίαι</span> <span class='ocrx_word' id='word_1_326' title='bbox 1434 2526 1543 2581; x_wconf 85' lang='grc' dir='ltr'><strong>ἀπό</strong></span> <span class='ocrx_word' id='word_1_327' title='bbox 1573 2543 1735 2580; x_wconf 90' lang='grc' dir='ltr'>τινων</span> <span class='ocrx_word' id='word_1_328' title='bbox 1761 2527 1907 2580; x_wconf 88' lang='grc' dir='ltr'>ἱστο-</span> 
     </span>
    </p>
   </div>
   <div class='ocr_carea' id='block_1_44' title="bbox 319 2618 1902 2692">
    <p class='ocr_par' dir='ltr' id='par_1_44' title="bbox 319 2618 1902 2692">
     <span class='ocr_line' id='line_1_44' title="bbox 319 2618 1902 2692; baseline 0.001 -20"><span class='ocrx_word' id='word_1_329' title='bbox 319 2620 454 2691; x_wconf 91' lang='grc' dir='ltr'>ριῶν</span> <span class='ocrx_word' id='word_1_330' title='bbox 510 2619 610 2684; x_wconf 80' lang='grc' dir='ltr'>τὰς</span> <span class='ocrx_word' id='word_1_331' title='bbox 646 2618 822 2692; x_wconf 81' lang='grc' dir='ltr'>ἀρχὰς</span> <span class='ocrx_word' id='word_1_332' title='bbox 850 2619 1125 2692; x_wconf 77' lang='grc' dir='ltr'>εἰλήφασι.</span> <span class='ocrx_word' id='word_1_333' title='bbox 1161 2619 1234 2673; x_wconf 82' lang='grc' dir='ltr'><strong>Τὸ</strong></span> <span class='ocrx_word' id='word_1_334' title='bbox 1269 2618 1400 2691; x_wconf 85' lang='grc' dir='ltr'>γὰρ,</span> <span class='ocrx_word' id='word_1_335' title='bbox 1429 2619 1498 2673; x_wconf 85' lang='grc' dir='ltr'><strong><em>Ἦ</em></strong></span> <span class='ocrx_word' id='word_1_336' title='bbox 1528 2618 1836 2686; x_wconf 79' lang='grc' dir='ltr'>τέθνηκεν,</span> <span class='ocrx_word' id='word_1_337' title='bbox 1865 2619 1902 2687; x_wconf 79' lang='grc' dir='ltr'><em>ἢ</em></span> 
     </span>
    </p>
   </div>
   <div class='ocr_carea' id='block_1_45' title="bbox 312 2703 1904 2779">
    <p class='ocr_par' dir='ltr' id='par_1_45' title="bbox 312 2703 1904 2779">
     <span class='ocr_line' id='line_1_45' title="bbox 312 2703 1904 2779; baseline -0.003 -19"><span class='ocrx_word' id='word_1_338' title='bbox 312 2709 592 2763; x_wconf 75' lang='grc' dir='ltr'>διδάσκει</span> <span class='ocrx_word' id='word_1_339' title='bbox 641 2707 968 2779; x_wconf 69' lang='grc' dir='ltr'>γράμματα,</span> <span class='ocrx_word' id='word_1_340' title='bbox 1019 2707 1108 2762; x_wconf 82' lang='grc' dir='ltr'>διὰ</span> <span class='ocrx_word' id='word_1_341' title='bbox 1150 2706 1333 2779; x_wconf 84' lang='grc' dir='ltr'>τήνδε,</span> <span class='ocrx_word' id='word_1_342' title='bbox 1366 2705 1550 2777; x_wconf 78' lang='grc' dir='ltr'>φησὶν,</span> <span class='ocrx_word' id='word_1_343' title='bbox 1582 2703 1776 2776; x_wconf 78' lang='grc' dir='ltr'><strong>ἐλέχθη</strong></span> <span class='ocrx_word' id='word_1_344' title='bbox 1804 2704 1904 2775; x_wconf 80' lang='grc' dir='ltr'>τὴν</span> 
     </span>
    </p>
   </div>
   <div class='ocr_carea' id='block_1_46' title="bbox 311 2794 1900 2871">
    <p class='ocr_par' dir='ltr' id='par_1_46' title="bbox 311 2794 1900 2871">
     <span class='ocr_line' id='line_1_46' title="bbox 311 2794 1900 2871; baseline -0.004 -18"><span class='ocrx_word' id='word_1_345' title='bbox 311 2802 585 2870; x_wconf 62' lang='grc' dir='ltr'>ἱστορίαν,</span> <span class='ocrx_word' id='word_1_346' title='bbox 617 2801 711 2854; x_wconf 75' lang='grc' dir='ltr'><strong>καὶ</strong></span> <span class='ocrx_word' id='word_1_347' title='bbox 751 2800 820 2854; x_wconf 87' lang='grc' dir='ltr'>δι’</span> <span class='ocrx_word' id='word_1_348' title='bbox 854 2801 1044 2871; x_wconf 79' lang='grc' dir='ltr'>ἑτέραν</span> <span class='ocrx_word' id='word_1_349' title='bbox 1072 2798 1234 2853; x_wconf 81' lang='grc' dir='ltr'>πάλιν</span> <span class='ocrx_word' id='word_1_350' title='bbox 1267 2795 1565 2868; x_wconf 79' lang='grc' dir='ltr'>γενομένην</span> <span class='ocrx_word' id='word_1_351' title='bbox 1594 2796 1793 2868; x_wconf 80' lang='grc' dir='ltr'>πρᾶξιν</span> <span class='ocrx_word' id='word_1_352' title='bbox 1822 2794 1900 2856; x_wconf 78' lang='grc' dir='ltr'><strong>τὸ,</strong></span> 
     </span>
    </p>
   </div>
   <div class='ocr_carea' id='block_1_47' title="bbox 318 2885 1900 2964">
    <p class='ocr_par' dir='ltr' id='par_1_47' title="bbox 318 2885 1900 2964">
     <span class='ocr_line' id='line_1_47' title="bbox 318 2885 1900 2964; baseline -0.007 -15"><span class='ocrx_word' id='word_1_353' title='bbox 318 2895 432 2955; x_wconf 77' lang='grc' dir='ltr'><strong>Αἲξ</strong></span> <span class='ocrx_word' id='word_1_354' title='bbox 461 2893 574 2960; x_wconf 82' lang='grc' dir='ltr'><strong>τὴν</strong></span> <span class='ocrx_word' id='word_1_355' title='bbox 590 2893 908 2962; x_wconf 77' lang='grc' dir='ltr'>μάχαιραν,</span> <span class='ocrx_word' id='word_1_356' title='bbox 947 2890 1231 2964; x_wconf 71' lang='grc' dir='ltr'>εἰρῆσθαιο</span> <span class='ocrx_word' id='word_1_357' title='bbox 1266 2889 1361 2943; x_wconf 74' lang='grc' dir='ltr'><strong>καὶ</strong></span> <span class='ocrx_word' id='word_1_358' title='bbox 1387 2888 1471 2949; x_wconf 83' lang='grc' dir='ltr'><strong>τὸ,</strong></span> <span class='ocrx_word' id='word_1_359' title='bbox 1509 2887 1672 2952; x_wconf 79' lang='grc' dir='ltr'>Ἅλις</span> <span class='ocrx_word' id='word_1_360' title='bbox 1699 2885 1900 2953; x_wconf 78' lang='grc' dir='ltr'>δρυός,</span> 
     </span>
    </p>
   </div>
   <div class='ocr_carea' id='block_1_48' title="bbox 313 2977 1903 3056">
    <p class='ocr_par' dir='ltr' id='par_1_48' title="bbox 313 2977 1903 3056">
     <span class='ocr_line' id='line_1_48' title="bbox 313 2977 1903 3056; baseline -0.005 -18"><span class='ocrx_word' id='word_1_361' title='bbox 313 2985 607 3049; x_wconf 79' lang='grc' dir='ltr'>ὡσαύτως,</span> <span class='ocrx_word' id='word_1_362' title='bbox 651 2984 738 3038; x_wconf 81' lang='grc' dir='ltr'><strong>διὰ</strong></span> <span class='ocrx_word' id='word_1_363' title='bbox 761 2985 822 3038; x_wconf 80' lang='grc' dir='ltr'><strong>τὸ</strong></span> <span class='ocrx_word' id='word_1_364' title='bbox 860 2981 1378 3056; x_wconf 81' lang='grc' dir='ltr'>βαλανηφαγοῦντάς</span> <span class='ocrx_word' id='word_1_365' title='bbox 1416 2997 1548 3033; x_wconf 87' lang='grc' dir='ltr'>ποτε</span> <span class='ocrx_word' id='word_1_366' title='bbox 1591 2977 1903 3033; x_wconf 86' lang='grc' dir='ltr'>παύσασθαι</span> 
     </span>
    </p>
   </div>
   <div class='ocr_carea' id='block_1_49' title="bbox 313 3069 1902 3147">
    <p class='ocr_par' dir='ltr' id='par_1_49' title="bbox 313 3069 1902 3147">
     <span class='ocr_line' id='line_1_49' title="bbox 313 3069 1902 3147; baseline -0.006 -17"><span class='ocrx_word' id='word_1_367' title='bbox 313 3077 421 3147; x_wconf 75' lang='grc' dir='ltr'>τῆς</span> <span class='ocrx_word' id='word_1_368' title='bbox 449 3076 703 3147; x_wconf 79' lang='grc' dir='ltr'>τοιαύτης</span> <span class='ocrx_word' id='word_1_369' title='bbox 721 3075 944 3147; x_wconf 80' lang='grc' dir='ltr'>τροφῆς.</span> <span class='ocrx_word' id='word_1_370' title='bbox 980 3075 1042 3128; x_wconf 78' lang='lat' dir='ltr'><strong>El</strong></span> <span class='ocrx_word' id='word_1_371' title='bbox 1071 3073 1127 3127; x_wconf 86' lang='grc' dir='ltr'><strong>δέ</strong></span> <span class='ocrx_word' id='word_1_372' title='bbox 1155 3073 1251 3127; x_wconf 62' lang='grc' dir='ltr'><strong>καὶ⁴</strong></span> <span class='ocrx_word' id='word_1_373' title='bbox 1274 3069 1516 3134; x_wconf 84' lang='grc' dir='ltr'>Γλαῦκός</span> <span class='ocrx_word' id='word_1_374' title='bbox 1545 3087 1650 3134; x_wconf 86' lang='grc' dir='ltr'>τις,</span> <span class='ocrx_word' id='word_1_375' title='bbox 1675 3071 1902 3140; x_wconf 87' lang='grc' dir='ltr'>ἐπιστή-</span> 
     </span>
    </p>
   </div>
   <div class='ocr_carea' id='block_1_50' title="bbox 319 3164 1896 3242">
    <p class='ocr_par' dir='ltr' id='par_1_50' title="bbox 319 3164 1896 3242">
     <span class='ocr_line' id='line_1_50' title="bbox 319 3164 1896 3242; baseline -0.004 -17"><span class='ocrx_word' id='word_1_376' title='bbox 319 3187 441 3242; x_wconf 88' lang='grc' dir='ltr'><strong>μων</strong></span> <span class='ocrx_word' id='word_1_377' title='bbox 481 3169 676 3242; x_wconf 87' lang='grc' dir='ltr'>τέχνης</span> <span class='ocrx_word' id='word_1_378' title='bbox 711 3170 852 3233; x_wconf 77' lang='grc' dir='ltr'>τινὸς</span> <span class='ocrx_word' id='word_1_379' title='bbox 897 3168 1156 3238; x_wconf 86' lang='grc' dir='ltr'>γεγονὼς,</span> <span class='ocrx_word' id='word_1_380' title='bbox 1201 3167 1473 3238; x_wconf 83' lang='grc' dir='ltr'>διαφόρως</span> <span class='ocrx_word' id='word_1_381' title='bbox 1519 3164 1896 3237; x_wconf 79' lang='grc' dir='ltr'>ἐμνημονεύθη</span> 
     </span>
    </p>
   </div>
   <div class='ocr_carea' id='block_1_51' title="bbox 310 3257 1900 3335">
    <p class='ocr_par' dir='ltr' id='par_1_51' title="bbox 310 3257 1900 3335">
     <span class='ocr_line' id='line_1_51' title="bbox 310 3257 1900 3335; baseline -0.004 -18"><span class='ocrx_word' id='word_1_382' title='bbox 310 3261 468 3335; x_wconf 73' lang='grc' dir='ltr'>παρὰ</span> <span class='ocrx_word' id='word_1_383' title='bbox 497 3267 607 3327; x_wconf 86' lang='grc' dir='ltr'>τοῖς</span> <span class='ocrx_word' id='word_1_384' title='bbox 642 3263 781 3334; x_wconf 80' lang='grc' dir='ltr'>μετὰ</span> <span class='ocrx_word' id='word_1_385' title='bbox 805 3262 976 3317; x_wconf 77' lang='grc' dir='ltr'>ταῦτα</span> <span class='ocrx_word' id='word_1_386' title='bbox 1005 3259 1408 3331; x_wconf 82' lang='grc' dir='ltr'>διαφωνήσασιν</span> <span class='ocrx_word' id='word_1_387' title='bbox 1442 3260 1499 3310; x_wconf 88' lang='grc' dir='ltr'><strong>ἐν</strong></span> <span class='ocrx_word' id='word_1_388' title='bbox 1531 3257 1609 3328; x_wconf 79' lang='grc' dir='ltr'>τῷ</span> <span class='ocrx_word' id='word_1_389' title='bbox 1639 3260 1768 3330; x_wconf 75' lang='grc' dir='ltr'>περὶ</span> <span class='ocrx_word' id='word_1_390' title='bbox 1801 3259 1900 3310; x_wconf 81' lang='grc' dir='ltr'><strong>αὺ-</strong></span> 
     </span>
    </p>
   </div>
   <div class='ocr_carea' id='block_1_52' title="bbox 308 3349 1893 3428">
    <p class='ocr_par' dir='ltr' id='par_1_52' title="bbox 308 3349 1893 3428">
     <span class='ocr_line' id='line_1_52' title="bbox 308 3349 1893 3428; baseline -0.006 -18"><span class='ocrx_word' id='word_1_391' title='bbox 308 3357 405 3410; x_wconf 83' lang='grc' dir='ltr'>τοῦ</span> <span class='ocrx_word' id='word_1_392' title='bbox 429 3357 588 3428; x_wconf 80' lang='grc' dir='ltr'>λόγῳ,</span> <span class='ocrx_word' id='word_1_393' title='bbox 618 3357 670 3409; x_wconf 85' lang='grc' dir='ltr'>τί</span> <span class='ocrx_word' id='word_1_394' title='bbox 701 3355 855 3410; x_wconf 78' lang='grc' dir='ltr'>τοῦτο</span> <span class='ocrx_word' id='word_1_395' title='bbox 875 3356 1009 3427; x_wconf 75' lang='grc' dir='ltr'>πρὸς</span> <span class='ocrx_word' id='word_1_396' title='bbox 1027 3353 1124 3417; x_wconf 78' lang='grc' dir='ltr'>τὰς</span> <span class='ocrx_word' id='word_1_397' title='bbox 1159 3351 1546 3414; x_wconf 84' lang='grc' dir='ltr'>θεοπνεύστους</span> <span class='ocrx_word' id='word_1_398' title='bbox 1568 3349 1893 3422; x_wconf 84' lang='grc' dir='ltr'>παροιμίας;</span> 
     </span>
    </p>
   </div>
   <div class='ocr_carea' id='block_1_53' title="bbox 303 3437 1896 3521">
    <p class='ocr_par' dir='ltr' id='par_1_53' title="bbox 303 3437 1896 3521">
     <span class='ocr_line' id='line_1_53' title="bbox 303 3437 1896 3521; baseline -0.005 -17"><span class='ocrx_word' id='word_1_399' title='bbox 303 3451 388 3504; x_wconf 71' lang='grc' dir='ltr'><strong>0νῦ</strong></span> <span class='ocrx_word' id='word_1_400' title='bbox 416 3449 524 3521; x_wconf 74' lang='grc' dir='ltr'>γὰρ</span> <span class='ocrx_word' id='word_1_401' title='bbox 548 3448 748 3520; x_wconf 87' lang='grc' dir='ltr'>ὁμοίως</span> <span class='ocrx_word' id='word_1_402' title='bbox 777 3450 897 3510; x_wconf 86' lang='grc' dir='ltr'>ταῖς</span> <span class='ocrx_word' id='word_1_403' title='bbox 930 3445 1264 3516; x_wconf 81' lang='grc' dir='ltr'>Ἑλληνικαῖς</span> <span class='ocrx_word' id='word_1_404' title='bbox 1293 3442 1641 3514; x_wconf 87' lang='grc' dir='ltr'>παροιμίαις,</span> <span class='ocrx_word' id='word_1_405' title='bbox 1671 3443 1767 3495; x_wconf 81' lang='grc' dir='ltr'><strong>καὶ</strong></span> <span class='ocrx_word' id='word_1_406' title='bbox 1808 3437 1896 3496; x_wconf 77' lang='grc' dir='ltr'>αὖ-</span> 
     </span>
    </p>
   </div>
   <div class='ocr_carea' id='block_1_54' title="bbox 306 3533 1891 3611">
    <p class='ocr_par' dir='ltr' id='par_1_54' title="bbox 306 3533 1891 3611">
     <span class='ocr_line' id='line_1_54' title="bbox 306 3533 1891 3611; baseline -0.005 -16"><span class='ocrx_word' id='word_1_407' title='bbox 306 3560 398 3595; x_wconf 84' lang='grc' dir='ltr'><strong>ται</strong></span> <span class='ocrx_word' id='word_1_408' title='bbox 427 3541 490 3594; x_wconf 79' lang='grc' dir='ltr'><strong>ἐκ</strong></span> <span class='ocrx_word' id='word_1_409' title='bbox 516 3558 658 3604; x_wconf 84' lang='grc' dir='ltr'>τινος</span> <span class='ocrx_word' id='word_1_410' title='bbox 683 3539 922 3611; x_wconf 86' lang='grc' dir='ltr'>ἱστορίας</span> <span class='ocrx_word' id='word_1_411' title='bbox 943 3538 1040 3610; x_wconf 80' lang='grc' dir='ltr'><strong>τὴν</strong></span> <span class='ocrx_word' id='word_1_412' title='bbox 1063 3537 1214 3591; x_wconf 86' lang='grc' dir='ltr'>λύσιν</span> <span class='ocrx_word' id='word_1_413' title='bbox 1240 3537 1596 3607; x_wconf 81' lang='grc' dir='ltr'>ἐπιδέχονται.</span> <span class='ocrx_word' id='word_1_414' title='bbox 1641 3533 1891 3606; x_wconf 74' lang='grc' dir='ltr'>Ἀμαθῶς</span> 
     </span>
    </p>
   </div>
   <div class='ocr_carea' id='block_1_55' title="bbox 303 3627 1886 3706">
    <p class='ocr_par' dir='ltr' id='par_1_55' title="bbox 303 3627 1886 3706">
     <span class='ocr_line' id='line_1_55' title="bbox 303 3627 1886 3706; baseline -0.006 -18"><span class='ocrx_word' id='word_1_415' title='bbox 303 3634 420 3706; x_wconf 73' lang='grc' dir='ltr'>ἄρα</span> <span class='ocrx_word' id='word_1_416' title='bbox 450 3633 541 3686; x_wconf 76' lang='grc' dir='ltr'><strong>καὶ</strong></span> <span class='ocrx_word' id='word_1_417' title='bbox 576 3632 818 3703; x_wconf 86' lang='grc' dir='ltr'>ἀπείρως</span> <span class='ocrx_word' id='word_1_418' title='bbox 840 3632 936 3702; x_wconf 82' lang='grc' dir='ltr'>τῆς</span> <span class='ocrx_word' id='word_1_419' title='bbox 958 3631 1064 3685; x_wconf 83' lang='grc' dir='ltr'><strong>τῶν</strong></span> <span class='ocrx_word' id='word_1_420' title='bbox 1087 3629 1248 3684; x_wconf 87' lang='grc' dir='ltr'>θείων</span> <span class='ocrx_word' id='word_1_421' title='bbox 1277 3629 1510 3701; x_wconf 84' lang='grc' dir='ltr'>Γραφῶν</span> <span class='ocrx_word' id='word_1_422' title='bbox 1539 3627 1770 3699; x_wconf 86' lang='grc' dir='ltr'>θεωρίας</span> <span class='ocrx_word' id='word_1_423' title='bbox 1826 3628 1886 3680; x_wconf 83' lang='grc' dir='ltr'><strong>οὐ</strong></span> 
     </span>
    </p>
   </div>
   <div class='ocr_carea' id='block_1_56' title="bbox 308 3718 1887 3797">
    <p class='ocr_par' dir='ltr' id='par_1_56' title="bbox 308 3718 1887 3797">
     <span class='ocr_line' id='line_1_56' title="bbox 308 3718 1887 3797; baseline -0.004 -18"><span class='ocrx_word' id='word_1_424' title='bbox 308 3725 495 3797; x_wconf 76' lang='grc' dir='ltr'>μόνον,</span> <span class='ocrx_word' id='word_1_425' title='bbox 523 3725 656 3777; x_wconf 82' lang='grc' dir='ltr'>ἀλλὰ</span> <span class='ocrx_word' id='word_1_426' title='bbox 685 3725 778 3777; x_wconf 71' lang='grc' dir='ltr'>καὶ</span> <span class='ocrx_word' id='word_1_427' title='bbox 810 3723 1066 3786; x_wconf 75' lang='grc' dir='ltr'>ἐναντίως</span> <span class='ocrx_word' id='word_1_428' title='bbox 1092 3722 1170 3794; x_wconf 81' lang='grc' dir='ltr'><strong>τῷ</strong></span> <span class='ocrx_word' id='word_1_429' title='bbox 1211 3721 1538 3792; x_wconf 86' lang='grc' dir='ltr'>Ἀποστόλῳ,</span> <span class='ocrx_word' id='word_1_430' title='bbox 1566 3718 1887 3792; x_wconf 81' lang='grc' dir='ltr'>Μάρκελλος</span> 
     </span>
    </p>
   </div>
   <div class='ocr_carea' id='block_1_57' title="bbox 305 3810 1887 3886">
    <p class='ocr_par' dir='ltr' id='par_1_57' title="bbox 305 3810 1887 3886">
     <span class='ocr_line' id='line_1_57' title="bbox 305 3810 1887 3886; baseline -0.004 -17"><span class='ocrx_word' id='word_1_431' title='bbox 305 3817 438 3878; x_wconf 77' lang='grc' dir='ltr'>τοὺς</span> <span class='ocrx_word' id='word_1_432' title='bbox 503 3815 768 3886; x_wconf 80' lang='grc' dir='ltr'>Ἑλλήνων</span> <span class='ocrx_word' id='word_1_433' title='bbox 818 3813 1034 3881; x_wconf 86' lang='grc' dir='ltr'>σοφοὺς,</span> <span class='ocrx_word' id='word_1_434' title='bbox 1077 3813 1339 3883; x_wconf 82' lang='grc' dir='ltr'>τυχόντας</span> <span class='ocrx_word' id='word_1_435' title='bbox 1398 3815 1516 3875; x_wconf 80' lang='grc' dir='ltr'>ταῖς</span> <span class='ocrx_word' id='word_1_436' title='bbox 1562 3810 1887 3882; x_wconf 86' lang='grc' dir='ltr'>Παροιμίαις</span> 
     </span>
    </p>
   </div>
   <div class='ocr_carea' id='block_1_58' title="bbox 307 3902 1888 3978">
    <p class='ocr_par' dir='ltr' id='par_1_58' title="bbox 307 3902 1888 3978">
     <span class='ocr_line' id='line_1_58' title="bbox 307 3902 1888 3978; baseline -0.002 -20"><span class='ocrx_word' id='word_1_437' title='bbox 307 3906 639 3976; x_wconf 82' lang='grc' dir='ltr'>Σολομῶνος,</span> <span class='ocrx_word' id='word_1_438' title='bbox 673 3905 863 3976; x_wconf 85' lang='grc' dir='ltr'>μαθεῖν</span> <span class='ocrx_word' id='word_1_439' title='bbox 886 3904 978 3958; x_wconf 70' lang='grc' dir='ltr'><strong>καὶ</strong></span> <span class='ocrx_word' id='word_1_440' title='bbox 1006 3903 1246 3978; x_wconf 80' lang='grc' dir='ltr'>ζηλῶσαι</span> <span class='ocrx_word' id='word_1_441' title='bbox 1261 3904 1322 3957; x_wconf 85' lang='grc' dir='ltr'><strong>τὸ</strong></span> <span class='ocrx_word' id='word_1_442' title='bbox 1351 3902 1686 3976; x_wconf 75' lang='grc' dir='ltr'>προφητικὸν</span> <span class='ocrx_word' id='word_1_443' title='bbox 1716 3902 1888 3974; x_wconf 77' lang='grc' dir='ltr'>γράμ-</span> 
     </span>
    </p>
   </div>
   <div class='ocr_carea' id='block_1_59' title="bbox 309 3993 1886 4069">
    <p class='ocr_par' dir='ltr' id='par_1_59' title="bbox 309 3993 1886 4069">
     <span class='ocr_line' id='line_1_59' title="bbox 309 3993 1886 4069; baseline -0.003 -19"><span class='ocrx_word' id='word_1_444' title='bbox 309 4016 410 4068; x_wconf 82' lang='grc' dir='ltr'><strong>μα,</strong></span> <span class='ocrx_word' id='word_1_445' title='bbox 447 3999 538 4050; x_wconf 80' lang='grc' dir='ltr'><strong>καὶ</strong></span> <span class='ocrx_word' id='word_1_446' title='bbox 591 3998 680 4052; x_wconf 82' lang='grc' dir='ltr'><strong>τὸν</strong></span> <span class='ocrx_word' id='word_1_447' title='bbox 719 3998 879 4051; x_wconf 80' lang='grc' dir='ltr'>αὐτὸν</span> <span class='ocrx_word' id='word_1_448' title='bbox 915 3996 1109 4066; x_wconf 82' lang='grc' dir='ltr'>ἐκείνῳ</span> <span class='ocrx_word' id='word_1_449' title='bbox 1153 3995 1360 4067; x_wconf 72' lang='grc' dir='ltr'>γράψαι</span> <span class='ocrx_word' id='word_1_450' title='bbox 1415 3995 1636 4069; x_wconf 84' lang='grc' dir='ltr'>τρόπον,</span> <span class='ocrx_word' id='word_1_451' title='bbox 1672 3993 1886 4065; x_wconf 87' lang='grc' dir='ltr'>ἀπεφή-</span> 
     </span>
    </p>
   </div>
   <div class='ocr_carea' id='block_1_60' title="bbox 305 4110 459 4146">
    <p class='ocr_par' dir='ltr' id='par_1_60' title="bbox 305 4110 459 4146">
     <span class='ocr_line' id='line_1_60' title="bbox 305 4110 459 4146; baseline -0.006 0"><span class='ocrx_word' id='word_1_452' title='bbox 305 4110 459 4146; x_wconf 81' lang='grc' dir='ltr'>νατο.</span> 
     </span>
    </p>
   </div>
   <div class='ocr_carea' id='block_1_61' title="bbox 2022 1881 3593 1950">
    <p class='ocr_par' dir='ltr' id='par_1_61' title="bbox 2022 1881 3593 1950">
     <span class='ocr_line' id='line_1_61' title="bbox 2022 1881 3593 1950; baseline 0.004 -18"><span class='ocrx_word' id='word_1_453' title='bbox 2022 1902 2040 1932; x_wconf 84' lang='grc'><strong>‹</strong></span> <span class='ocrx_word' id='word_1_454' title='bbox 2085 1881 2346 1950; x_wconf 80' lang='lat' dir='ltr'><strong>perillum</strong></span> <span class='ocrx_word' id='word_1_455' title='bbox 2382 1881 2598 1945; x_wconf 91' lang='lat' dir='ltr'><strong>librum,</strong></span> <span class='ocrx_word' id='word_1_456' title='bbox 2630 1897 2752 1950; x_wconf 79' lang='lat' dir='ltr'><strong>qua:</strong></span> <span class='ocrx_word' id='word_1_457' title='bbox 2779 1899 2883 1936; x_wconf 90' lang='lat' dir='ltr'><strong>non</strong></span> <span class='ocrx_word' id='word_1_458' title='bbox 2917 1881 3078 1936; x_wconf 85' lang='lat' dir='ltr'><strong>aliter</strong></span> <span class='ocrx_word' id='word_1_459' title='bbox 3108 1897 3395 1950; x_wconf 84' lang='lat' dir='ltr'><strong>possumus</strong></span> <span class='ocrx_word' id='word_1_460' title='bbox 3427 1883 3593 1938; x_wconf 86' lang='lat' dir='ltr'><strong>intel-</strong></span> 
     </span>
    </p>
   </div>
   <div class='ocr_carea' id='block_1_62' title="bbox 2022 1974 3594 2043">
    <p class='ocr_par' dir='ltr' id='par_1_62' title="bbox 2022 1974 3594 2043">
     <span class='ocr_line' id='line_1_62' title="bbox 2022 1974 3594 2043; baseline 0.005 -21"><span class='ocrx_word' id='word_1_461' title='bbox 2022 1993 2040 2022; x_wconf 76' lang='grc' dir='ltr'><strong>ι</strong></span> <span class='ocrx_word' id='word_1_462' title='bbox 2089 1974 2394 2042; x_wconf 80' lang='lat' dir='ltr'><strong>ligere,uisi</strong></span> <span class='ocrx_word' id='word_1_463' title='bbox 2431 1974 2500 2028; x_wconf 88' lang='lat' dir='ltr'><strong>ah</strong></span> <span class='ocrx_word' id='word_1_464' title='bbox 2529 1985 2716 2043; x_wconf 86' lang='lat' dir='ltr'><strong>aperta</strong></span> <span class='ocrx_word' id='word_1_465' title='bbox 2744 1974 2973 2029; x_wconf 88' lang='lat' dir='ltr'><strong>lectione</strong></span> <span class='ocrx_word' id='word_1_466' title='bbox 3007 1974 3074 2026; x_wconf 88' lang='lat' dir='ltr'><strong>ad</strong></span> <span class='ocrx_word' id='word_1_467' title='bbox 3116 1974 3438 2028; x_wconf 86' lang='lat' dir='ltr'><strong>sententiam</strong></span> <span class='ocrx_word' id='word_1_468' title='bbox 3467 1975 3594 2030; x_wconf 85' lang='lat' dir='ltr'><strong>inde</strong></span> 
     </span>
    </p>
   </div>
   <div class='ocr_carea' id='block_1_63' title="bbox 2020 2065 3588 2138">
    <p class='ocr_par' dir='ltr' id='par_1_63' title="bbox 2020 2065 3588 2138">
     <span class='ocr_line' id='line_1_63' title="bbox 2020 2065 3588 2138; baseline 0.004 -20"><span class='ocrx_word' id='word_1_469' title='bbox 2020 2084 2040 2118; x_wconf 79' lang='grc' dir='ltr'><strong>ι</strong></span> <span class='ocrx_word' id='word_1_470' title='bbox 2084 2068 2405 2120; x_wconf 89' lang='lat' dir='ltr'><strong>eliciendam</strong></span> <span class='ocrx_word' id='word_1_471' title='bbox 2472 2081 2572 2122; x_wconf 86' lang='lat' dir='ltr'><strong>nos</strong></span> <span class='ocrx_word' id='word_1_472' title='bbox 2625 2066 2994 2121; x_wconf 81' lang='lat' dir='ltr'><strong>conferamus.</strong></span> <span class='ocrx_word' id='word_1_473' title='bbox 3053 2065 3298 2135; x_wconf 81' lang='lat' dir='ltr'><strong>Exempli</strong></span> <span class='ocrx_word' id='word_1_474' title='bbox 3365 2070 3588 2138; x_wconf 74' lang='lat' dir='ltr'><strong>gratia:</strong></span> 
     </span>
    </p>
   </div>
   <div class='ocr_carea' id='block_1_64' title="bbox 2019 2155 3594 2226">
    <p class='ocr_par' dir='ltr' id='par_1_64' title="bbox 2019 2155 3594 2226">
     <span class='ocr_line' id='line_1_64' title="bbox 2019 2155 3594 2226; baseline 0.002 -17"><span class='ocrx_word' id='word_1_475' title='bbox 2019 2177 2037 2210; x_wconf 79' lang='grc' dir='ltr'><strong>ι</strong></span> <span class='ocrx_word' id='word_1_476' title='bbox 2088 2157 2254 2210; x_wconf 73' lang='lat' dir='ltr'><strong>Erant</strong></span> <span class='ocrx_word' id='word_1_477' title='bbox 2301 2158 2538 2211; x_wconf 82' lang='lat' dir='ltr'><strong>hirudini</strong></span> <span class='ocrx_word' id='word_1_478' title='bbox 2576 2169 2680 2212; x_wconf 84' lang='lat' dir='ltr'><strong>tres</strong></span> <span class='ocrx_word' id='word_1_479' title='bbox 2729 2158 2859 2226; x_wconf 70' lang='lat' dir='ltr'><strong>ﬁlia:</strong></span> <span class='ocrx_word' id='word_1_480' title='bbox 2895 2157 3100 2211; x_wconf 73' lang='lat' dir='ltr'><strong>dilecta:</strong></span> <span class='ocrx_word' id='word_1_481' title='bbox 3131 2157 3437 2211; x_wconf 77' lang='lat' dir='ltr'><strong>admodum.</strong></span> <span class='ocrx_word' id='word_1_482' title='bbox 3463 2155 3594 2212; x_wconf 66' lang='lat' dir='ltr'><strong>Ista</strong></span> 
     </span>
    </p>
   </div>
   <div class='ocr_carea' id='block_1_65' title="bbox 2018 2249 3594 2322">
    <p class='ocr_par' dir='ltr' id='par_1_65' title="bbox 2018 2249 3594 2322">
     <span class='ocr_line' id='line_1_65' title="bbox 2018 2249 3594 2322; baseline 0.001 -20"><span class='ocrx_word' id='word_1_483' title='bbox 2018 2270 2038 2302; x_wconf 77' lang='grc' dir='ltr'><strong>ι</strong></span> <span class='ocrx_word' id='word_1_484' title='bbox 2084 2262 2259 2305; x_wconf 82' lang='lat' dir='ltr'><strong>autem</strong></span> <span class='ocrx_word' id='word_1_485' title='bbox 2284 2263 2410 2314; x_wconf 82' lang='lat' dir='ltr'><strong>tres,</strong></span> <span class='ocrx_word' id='word_1_486' title='bbox 2437 2251 2585 2304; x_wconf 83' lang='lat' dir='ltr'><strong>illaut</strong></span> <span class='ocrx_word' id='word_1_487' title='bbox 2607 2267 2932 2322; x_wconf 81' lang='lat' dir='ltr'><strong>nequaquam</strong></span> <span class='ocrx_word' id='word_1_488' title='bbox 2955 2249 3356 2314; x_wconf 55' lang='lat' dir='ltr'><strong>adimplebantv:</strong></span> <span class='ocrx_word' id='word_1_489' title='bbox 3386 2260 3594 2320; x_wconf 70' lang='lat' dir='ltr'><strong>quarta:</strong></span> 
     </span>
    </p>
   </div>
   <div class='ocr_carea' id='block_1_66' title="bbox 2018 2341 3593 2413">
    <p class='ocr_par' dir='ltr' id='par_1_66' title="bbox 2018 2341 3593 2413">
     <span class='ocr_line' id='line_1_66' title="bbox 2018 2341 3593 2413; baseline 0.001 -19"><span class='ocrx_word' id='word_1_490' title='bbox 2018 2362 2037 2394; x_wconf 82' lang='grc' dir='ltr'><strong>ι</strong></span> <span class='ocrx_word' id='word_1_491' title='bbox 2083 2361 2201 2397; x_wconf 80' lang='lat' dir='ltr'><strong>vero</strong></span> <span class='ocrx_word' id='word_1_492' title='bbox 2226 2361 2328 2398; x_wconf 82' lang='lat' dir='ltr'><strong>non</strong></span> <span class='ocrx_word' id='word_1_493' title='bbox 2354 2342 2665 2412; x_wconf 79' lang='lat' dir='ltr'><strong>satisﬁebat,</strong></span> <span class='ocrx_word' id='word_1_494' title='bbox 2707 2359 2868 2413; x_wconf 80' lang='lat' dir='ltr'><strong>neque</strong></span> <span class='ocrx_word' id='word_1_495' title='bbox 2903 2343 3130 2406; x_wconf 80' lang='lat' dir='ltr'><strong>dicebat,</strong></span> <span class='ocrx_word' id='word_1_496' title='bbox 3151 2342 3280 2395; x_wconf 83' lang='lat' dir='ltr'><strong>satis</strong></span> <span class='ocrx_word' id='word_1_497' title='bbox 3308 2353 3354 2394; x_wconf 86' lang='lat' dir='ltr'><strong>et</strong></span> <span class='ocrx_word' id='word_1_498' title='bbox 3384 2341 3593 2396; x_wconf 81' lang='lat' dir='ltr'><strong>abunde</strong></span> 
     </span>
    </p>
   </div>
   <div class='ocr_carea' id='block_1_67' title="bbox 2015 2434 3590 2503">
    <p class='ocr_par' dir='ltr' id='par_1_67' title="bbox 2015 2434 3590 2503">
     <span class='ocr_line' id='line_1_67' title="bbox 2015 2434 3590 2503; baseline 0.001 -17"><span class='ocrx_word' id='word_1_499' title='bbox 2015 2453 2034 2486; x_wconf 80' lang='grc' dir='ltr'><strong>ι</strong></span> <span class='ocrx_word' id='word_1_500' title='bbox 2081 2447 2178 2491; x_wconf 73' lang='lat' dir='ltr'><strong>est.</strong></span> <span class='ocrx_word' id='word_1_501' title='bbox 2218 2443 2276 2500; x_wconf 52' lang='grc' dir='ltr'>ᾖ</span> <span class='ocrx_word' id='word_1_502' title='bbox 2308 2437 2435 2490; x_wconf 83' lang='lat' dir='ltr'><strong>Item</strong></span> <span class='ocrx_word' id='word_1_503' title='bbox 2464 2456 2477 2491; x_wconf 87' lang='lat'><strong>:</strong></span> <span class='ocrx_word' id='word_1_504' title='bbox 2521 2436 2800 2502; x_wconf 81' lang='lat' dir='ltr'><strong>Sapientia</strong></span> <span class='ocrx_word' id='word_1_505' title='bbox 2826 2437 2922 2488; x_wconf 74' lang='lat' dir='ltr'><strong>sibi</strong></span> <span class='ocrx_word' id='word_1_506' title='bbox 2957 2435 3169 2488; x_wconf 84' lang='lat' dir='ltr'><strong>domum</strong></span> <span class='ocrx_word' id='word_1_507' title='bbox 3199 2434 3504 2503; x_wconf 69' lang='lat' dir='ltr'><strong>cdiﬁcarit,</strong></span> <span class='ocrx_word' id='word_1_508' title='bbox 3540 2445 3590 2488; x_wconf 88' lang='lat' dir='ltr'><strong>et</strong></span> 
     </span>
    </p>
   </div>
   <div class='ocr_carea' id='block_1_68' title="bbox 2013 2524 3592 2594">
    <p class='ocr_par' dir='ltr' id='par_1_68' title="bbox 2013 2524 3592 2594">
     <span class='ocr_line' id='line_1_68' title="bbox 2013 2524 3592 2594; baseline -0.001 -18"><span class='ocrx_word' id='word_1_509' title='bbox 2013 2544 2032 2576; x_wconf 78' lang='grc' dir='ltr'><strong>ι</strong></span> <span class='ocrx_word' id='word_1_510' title='bbox 2079 2528 2367 2581; x_wconf 80' lang='lat' dir='ltr'><strong>substruxit</strong></span> <span class='ocrx_word' id='word_1_511' title='bbox 2400 2527 2675 2580; x_wconf 71' lang='lat' dir='ltr'><strong>columnas</strong></span> <span class='ocrx_word' id='word_1_512' title='bbox 2704 2533 2922 2594; x_wconf 79' lang='lat' dir='ltr'><strong>septem,</strong></span> <span class='ocrx_word' id='word_1_513' title='bbox 2971 2524 3243 2592; x_wconf 77' lang='lat' dir='ltr'><strong>sacriﬁcia</strong></span> <span class='ocrx_word' id='word_1_514' title='bbox 3291 2541 3390 2578; x_wconf 81' lang='lat' dir='ltr'><strong>sua</strong></span> <span class='ocrx_word' id='word_1_515' title='bbox 3420 2524 3592 2594; x_wconf 76' lang='lat' dir='ltr'><strong>jugu-</strong></span> 
     </span>
    </p>
   </div>
   <div class='ocr_carea' id='block_1_69' title="bbox 2014 2614 3588 2690">
    <p class='ocr_par' dir='ltr' id='par_1_69' title="bbox 2014 2614 3588 2690">
     <span class='ocr_line' id='line_1_69' title="bbox 2014 2614 3588 2690; baseline 0.003 -25"><span class='ocrx_word' id='word_1_516' title='bbox 2014 2633 2033 2665; x_wconf 79' lang='grc' dir='ltr'><strong>ι</strong></span> <span class='ocrx_word' id='word_1_517' title='bbox 2078 2614 2223 2680; x_wconf 81' lang='lat' dir='ltr'><strong>lavit,</strong></span> <span class='ocrx_word' id='word_1_518' title='bbox 2258 2618 2432 2669; x_wconf 78' lang='lat' dir='ltr'><strong>vinum</strong></span> <span class='ocrx_word' id='word_1_519' title='bbox 2457 2633 2612 2669; x_wconf 80' lang='lat' dir='ltr'><strong>suum</strong></span> <span class='ocrx_word' id='word_1_520' title='bbox 2636 2616 2689 2668; x_wconf 84' lang='lat' dir='ltr'><strong>in</strong></span> <span class='ocrx_word' id='word_1_521' title='bbox 2716 2625 2920 2674; x_wconf 81' lang='lat' dir='ltr'><strong>cratere</strong></span> <span class='ocrx_word' id='word_1_522' title='bbox 2943 2615 3296 2669; x_wconf 65' lang='lat' dir='ltr'><strong>comminuit.</strong></span> <span class='ocrx_word' id='word_1_523' title='bbox 3321 2614 3455 2670; x_wconf 78' lang='lat' dir='ltr'><strong>item</strong></span> <span class='ocrx_word' id='word_1_524' title='bbox 3481 2615 3588 2690; x_wconf 76' lang='lat' dir='ltr'><strong>alia</strong></span> 
     </span>
    </p>
   </div>
   <div class='ocr_carea' id='block_1_70' title="bbox 2013 2706 3586 2777">
    <p class='ocr_par' dir='ltr' id='par_1_70' title="bbox 2013 2706 3586 2777">
     <span class='ocr_line' id='line_1_70' title="bbox 2013 2706 3586 2777; baseline 0.002 -17"><span class='ocrx_word' id='word_1_525' title='bbox 2013 2727 2032 2760; x_wconf 84' lang='grc' dir='ltr'><strong>ι</strong></span> <span class='ocrx_word' id='word_1_526' title='bbox 2080 2723 2183 2762; x_wconf 91' lang='lat' dir='ltr'><strong>non</strong></span> <span class='ocrx_word' id='word_1_527' title='bbox 2219 2722 2387 2776; x_wconf 86' lang='lat' dir='ltr'><strong>pauca</strong></span> <span class='ocrx_word' id='word_1_528' title='bbox 2417 2707 2574 2776; x_wconf 87' lang='lat' dir='ltr'><strong>hujus</strong></span> <span class='ocrx_word' id='word_1_529' title='bbox 2605 2706 2846 2777; x_wconf 84' lang='lat' dir='ltr'><strong>generis,</strong></span> <span class='ocrx_word' id='word_1_530' title='bbox 2884 2721 3006 2771; x_wconf 74' lang='lat' dir='ltr'><strong>qua:</strong></span> <span class='ocrx_word' id='word_1_531' title='bbox 3031 2720 3138 2760; x_wconf 91' lang='lat' dir='ltr'><strong>non</strong></span> <span class='ocrx_word' id='word_1_532' title='bbox 3163 2719 3394 2775; x_wconf 79' lang='lat' dir='ltr'><strong>possunt</strong></span> <span class='ocrx_word' id='word_1_533' title='bbox 3426 2706 3586 2763; x_wconf 77' lang='lat' dir='ltr'><strong>aliter</strong></span> 
     </span>
    </p>
   </div>
   <div class='ocr_carea' id='block_1_71' title="bbox 2013 2797 3589 2866">
    <p class='ocr_par' dir='ltr' id='par_1_71' title="bbox 2013 2797 3589 2866">
     <span class='ocr_line' id='line_1_71' title="bbox 2013 2797 3589 2866; baseline 0.003 -16"><span class='ocrx_word' id='word_1_534' title='bbox 2013 2817 2030 2850; x_wconf 87' lang='grc' dir='ltr'><strong>ι</strong></span> <span class='ocrx_word' id='word_1_535' title='bbox 2078 2799 2489 2866; x_wconf 81' lang='lat' dir='ltr'><strong>comprehendi,</strong></span> <span class='ocrx_word' id='word_1_536' title='bbox 2523 2814 2627 2852; x_wconf 89' lang='lat' dir='ltr'><strong>non</strong></span> <span class='ocrx_word' id='word_1_537' title='bbox 2660 2799 2726 2853; x_wconf 88' lang='lat' dir='ltr'><strong>de</strong></span> <span class='ocrx_word' id='word_1_538' title='bbox 2777 2797 3030 2852; x_wconf 86' lang='lat' dir='ltr'><strong>lectionis</strong></span> <span class='ocrx_word' id='word_1_539' title='bbox 3060 2797 3221 2864; x_wconf 89' lang='lat' dir='ltr'><strong>facie,</strong></span> <span class='ocrx_word' id='word_1_540' title='bbox 3257 2813 3362 2852; x_wconf 85' lang='lat' dir='ltr'><strong>non</strong></span> <span class='ocrx_word' id='word_1_541' title='bbox 3389 2815 3457 2853; x_wconf 79' lang='lat' dir='ltr'><strong>ex</strong></span> <span class='ocrx_word' id='word_1_542' title='bbox 3487 2798 3589 2854; x_wconf 80' lang='lat' dir='ltr'><strong>ali-</strong></span> 
     </span>
    </p>
   </div>
   <div class='ocr_carea' id='block_1_72' title="bbox 2013 2888 3583 2958">
    <p class='ocr_par' dir='ltr' id='par_1_72' title="bbox 2013 2888 3583 2958">
     <span class='ocr_line' id='line_1_72' title="bbox 2013 2888 3583 2958; baseline 0 -17"><span class='ocrx_word' id='word_1_543' title='bbox 2013 2909 2030 2941; x_wconf 80' lang='grc' dir='ltr'><strong>ι</strong></span> <span class='ocrx_word' id='word_1_544' title='bbox 2076 2905 2178 2956; x_wconf 73' lang='lat' dir='ltr'><strong>qua</strong></span> <span class='ocrx_word' id='word_1_545' title='bbox 2221 2888 2473 2950; x_wconf 87' lang='lat' dir='ltr'><strong>historia.</strong></span> <span class='ocrx_word' id='word_1_546' title='bbox 2525 2889 2619 2942; x_wconf 89' lang='lat' dir='ltr'><strong>sed</strong></span> <span class='ocrx_word' id='word_1_547' title='bbox 2657 2888 2996 2942; x_wconf 85' lang='lat' dir='ltr'><strong>soluminodo</strong></span> <span class='ocrx_word' id='word_1_548' title='bbox 3045 2902 3140 2958; x_wconf 89' lang='lat' dir='ltr'><strong>per</strong></span> <span class='ocrx_word' id='word_1_549' title='bbox 3190 2893 3583 2958; x_wconf 67' lang='lat' dir='ltr'><strong>metaphoram,</strong></span> 
     </span>
    </p>
   </div>
   <div class='ocr_carea' id='block_1_73' title="bbox 2010 2978 3582 3048">
    <p class='ocr_par' dir='ltr' id='par_1_73' title="bbox 2010 2978 3582 3048">
     <span class='ocr_line' id='line_1_73' title="bbox 2010 2978 3582 3048; baseline 0.001 -16"><span class='ocrx_word' id='word_1_550' title='bbox 2010 3000 2029 3032; x_wconf 79' lang='grc' dir='ltr'><strong>ι</strong></span> <span class='ocrx_word' id='word_1_551' title='bbox 2071 2991 2123 3034; x_wconf 90' lang='lat' dir='ltr'><strong>et</strong></span> <span class='ocrx_word' id='word_1_552' title='bbox 2175 2980 2431 3034; x_wconf 80' lang='lat' dir='ltr'><strong>dit-tionis</strong></span> <span class='ocrx_word' id='word_1_553' title='bbox 2480 2980 2915 3034; x_wconf 88' lang='lat' dir='ltr'><strong>conversionem.</strong></span> <span class='ocrx_word' id='word_1_554' title='bbox 2961 3000 2978 3031; x_wconf 77' lang='grc' dir='ltr'><strong>ι</strong></span> <span class='ocrx_word' id='word_1_555' title='bbox 3014 2978 3083 3032; x_wconf 86' lang='lat' dir='ltr'><strong>At</strong></span> <span class='ocrx_word' id='word_1_556' title='bbox 3120 2995 3248 3035; x_wconf 88' lang='lat' dir='ltr'><strong>vero</strong></span> <span class='ocrx_word' id='word_1_557' title='bbox 3295 2981 3582 3048; x_wconf 81' lang='lat' dir='ltr'><strong>proverbia</strong></span> 
     </span>
    </p>
   </div>
   <div class='ocr_carea' id='block_1_74' title="bbox 2005 3070 3581 3139">
    <p class='ocr_par' dir='ltr' id='par_1_74' title="bbox 2005 3070 3581 3139">
     <span class='ocr_line' id='line_1_74' title="bbox 2005 3070 3581 3139; baseline 0.001 -13"><span class='ocrx_word' id='word_1_558' title='bbox 2005 3071 2316 3126; x_wconf 67' lang='lat' dir='ltr'><strong>Graecorum</strong></span> <span class='ocrx_word' id='word_1_559' title='bbox 2368 3071 2458 3124; x_wconf 90' lang='lat' dir='ltr'><strong>illa</strong></span> <span class='ocrx_word' id='word_1_560' title='bbox 2511 3070 2579 3124; x_wconf 89' lang='lat' dir='ltr'><strong>ab</strong></span> <span class='ocrx_word' id='word_1_561' title='bbox 2626 3070 2852 3126; x_wconf 82' lang='lat' dir='ltr'><strong>historia</strong></span> <span class='ocrx_word' id='word_1_562' title='bbox 2884 3070 3118 3139; x_wconf 81' lang='lat' dir='ltr'><strong>quadam</strong></span> <span class='ocrx_word' id='word_1_563' title='bbox 3151 3070 3581 3127; x_wconf 80' lang='lat' dir='ltr'><strong>deducebantur.</strong></span> 
     </span>
    </p>
   </div>
   <div class='ocr_carea' id='block_1_75' title="bbox 2003 3162 3582 3230">
    <p class='ocr_par' dir='ltr' id='par_1_75' title="bbox 2003 3162 3582 3230">
     <span class='ocr_line' id='line_1_75' title="bbox 2003 3162 3582 3230; baseline 0 -12"><span class='ocrx_word' id='word_1_564' title='bbox 2003 3164 2138 3220; x_wconf 79' lang='lat' dir='ltr'><strong>llud</strong></span> <span class='ocrx_word' id='word_1_565' title='bbox 2177 3165 2345 3230; x_wconf 85' lang='lat' dir='ltr'><strong>enim,</strong></span> <span class='ocrx_word' id='word_1_566' title='bbox 2383 3162 2474 3217; x_wconf 78' lang='lat' dir='ltr'><strong>Vel</strong></span> <span class='ocrx_word' id='word_1_567' title='bbox 2512 3173 2754 3216; x_wconf 81' lang='lat' dir='ltr'><strong>mortuus</strong></span> <span class='ocrx_word' id='word_1_568' title='bbox 2796 3172 2894 3228; x_wconf 78' lang='lat' dir='ltr'><strong>est,</strong></span> <span class='ocrx_word' id='word_1_569' title='bbox 2940 3162 3018 3216; x_wconf 78' lang='lat' dir='ltr'><strong>vel</strong></span> <span class='ocrx_word' id='word_1_570' title='bbox 3061 3166 3211 3217; x_wconf 78' lang='lat' dir='ltr'><strong>(locet</strong></span> <span class='ocrx_word' id='word_1_571' title='bbox 3237 3163 3476 3226; x_wconf 74' lang='lat' dir='ltr'><strong>litteras,</strong></span> <span class='ocrx_word' id='word_1_572' title='bbox 3513 3171 3582 3218; x_wconf 82' lang='lat' dir='ltr'><strong>ab</strong></span> 
     </span>
    </p>
   </div>
   <div class='ocr_carea' id='block_1_76' title="bbox 2003 3251 3579 3323">
    <p class='ocr_par' dir='ltr' id='par_1_76' title="bbox 2003 3251 3579 3323">
     <span class='ocr_line' id='line_1_76' title="bbox 2003 3251 3579 3323; baseline -0.004 -12"><span class='ocrx_word' id='word_1_573' title='bbox 2003 3256 2229 3311; x_wconf 85' lang='lat' dir='ltr'><strong>historia</strong></span> <span class='ocrx_word' id='word_1_574' title='bbox 2273 3255 2529 3323; x_wconf 85' lang='lat' dir='ltr'><strong>quadam,</strong></span> <span class='ocrx_word' id='word_1_575' title='bbox 2564 3251 2814 3307; x_wconf 86' lang='lat' dir='ltr'><strong>concedit</strong></span> <span class='ocrx_word' id='word_1_576' title='bbox 2857 3252 2994 3320; x_wconf 88' lang='lat' dir='ltr'><strong>ipse,</strong></span> <span class='ocrx_word' id='word_1_577' title='bbox 3021 3251 3301 3305; x_wconf 84' lang='lat' dir='ltr'><strong>oriebatur</strong></span> <span class='ocrx_word' id='word_1_578' title='bbox 3334 3268 3348 3305; x_wconf 89' lang='lat'><strong>:</strong></span> <span class='ocrx_word' id='word_1_579' title='bbox 3381 3251 3448 3304; x_wconf 87' lang='lat' dir='ltr'><strong>ab</strong></span> <span class='ocrx_word' id='word_1_580' title='bbox 3476 3251 3579 3304; x_wconf 72' lang='lat' dir='ltr'><strong>alia</strong></span> 
     </span>
    </p>
   </div>
   <div class='ocr_carea' id='block_1_77' title="bbox 2005 3338 3580 3412">
    <p class='ocr_par' dir='ltr' id='par_1_77' title="bbox 2005 3338 3580 3412">
     <span class='ocr_line' id='line_1_77' title="bbox 2005 3338 3580 3412; baseline -0.005 -11"><span class='ocrx_word' id='word_1_581' title='bbox 2005 3348 2226 3409; x_wconf 90' lang='lat' dir='ltr'><strong>itidem,</strong></span> <span class='ocrx_word' id='word_1_582' title='bbox 2257 3344 2433 3407; x_wconf 81' lang='lat' dir='ltr'><strong>Capra</strong></span> <span class='ocrx_word' id='word_1_583' title='bbox 2478 3343 2838 3412; x_wconf 80' lang='lat' dir='ltr'><strong>gladium:et</strong></span> <span class='ocrx_word' id='word_1_584' title='bbox 2888 3340 3030 3393; x_wconf 86' lang='lat' dir='ltr'><strong>illius</strong></span> <span class='ocrx_word' id='word_1_585' title='bbox 3085 3343 3259 3402; x_wconf 83' lang='lat' dir='ltr'><strong>item,</strong></span> <span class='ocrx_word' id='word_1_586' title='bbox 3317 3338 3463 3395; x_wconf 78' lang='lat' dir='ltr'><strong>Satis</strong></span> <span class='ocrx_word' id='word_1_587' title='bbox 3514 3339 3580 3394; x_wconf 82' lang='lat' dir='ltr'><strong>de</strong></span> 
     </span>
    </p>
   </div>
   <div class='ocr_carea' id='block_1_78' title="bbox 1999 3433 3579 3511">
    <p class='ocr_par' dir='ltr' id='par_1_78' title="bbox 1999 3433 3579 3511">
     <span class='ocr_line' id='line_1_78' title="bbox 1999 3433 3579 3511; baseline -0.004 -18"><span class='ocrx_word' id='word_1_588' title='bbox 1999 3455 2217 3511; x_wconf 81' lang='lat' dir='ltr'><strong>quercu,</strong></span> <span class='ocrx_word' id='word_1_589' title='bbox 2261 3453 2326 3491; x_wconf 81' lang='lat' dir='ltr'><strong>eo</strong></span> <span class='ocrx_word' id='word_1_590' title='bbox 2368 3437 2511 3506; x_wconf 90' lang='lat' dir='ltr'><strong>quod</strong></span> <span class='ocrx_word' id='word_1_591' title='bbox 2563 3436 2654 3504; x_wconf 85' lang='lat' dir='ltr'><strong>qui</strong></span> <span class='ocrx_word' id='word_1_592' title='bbox 2706 3433 2990 3504; x_wconf 77' lang='lat' dir='ltr'><strong>glandibus</strong></span> <span class='ocrx_word' id='word_1_593' title='bbox 3040 3434 3169 3486; x_wconf 89' lang='lat' dir='ltr'><strong>olim</strong></span> <span class='ocrx_word' id='word_1_594' title='bbox 3225 3433 3579 3488; x_wconf 88' lang='lat' dir='ltr'><strong>vescebantur</strong></span> 
     </span>
    </p>
   </div>
   <div class='ocr_carea' id='block_1_79' title="bbox 1998 3520 3581 3594">
    <p class='ocr_par' dir='ltr' id='par_1_79' title="bbox 1998 3520 3581 3594">
     <span class='ocr_line' id='line_1_79' title="bbox 1998 3520 3581 3594; baseline -0.004 -8"><span class='ocrx_word' id='word_1_595' title='bbox 1998 3531 2202 3586; x_wconf 84' lang='lat' dir='ltr'><strong>diutius</strong></span> <span class='ocrx_word' id='word_1_596' title='bbox 2230 3530 2335 3584; x_wconf 90' lang='lat' dir='ltr'><strong>illis</strong></span> <span class='ocrx_word' id='word_1_597' title='bbox 2365 3527 2507 3583; x_wconf 70' lang='lat' dir='ltr'><strong>vesci</strong></span> <span class='ocrx_word' id='word_1_598' title='bbox 2546 3527 2886 3581; x_wconf 86' lang='lat' dir='ltr'><strong>tlestilerunt.</strong></span> <span class='ocrx_word' id='word_1_599' title='bbox 2918 3523 3071 3592; x_wconf 86' lang='lat' dir='ltr'><strong>Quod</strong></span> <span class='ocrx_word' id='word_1_600' title='bbox 3112 3524 3154 3578; x_wconf 91' lang='lat' dir='ltr'><strong>si</strong></span> <span class='ocrx_word' id='word_1_601' title='bbox 3179 3520 3414 3580; x_wconf 86' lang='lat' dir='ltr'><strong>Glaucus</strong></span> <span class='ocrx_word' id='word_1_602' title='bbox 3435 3523 3581 3594; x_wconf 86' lang='lat' dir='ltr'><strong>quis-</strong></span> 
     </span>
    </p>
   </div>
   <div class='ocr_carea' id='block_1_80' title="bbox 1997 3613 3578 3690">
    <p class='ocr_par' dir='ltr' id='par_1_80' title="bbox 1997 3613 3578 3690">
     <span class='ocr_line' id='line_1_80' title="bbox 1997 3613 3578 3690; baseline -0.004 -15"><span class='ocrx_word' id='word_1_603' title='bbox 1997 3622 2163 3690; x_wconf 91' lang='lat' dir='ltr'><strong>piam,</strong></span> <span class='ocrx_word' id='word_1_604' title='bbox 2209 3619 2405 3674; x_wconf 83' lang='lat' dir='ltr'><strong>artifex</strong></span> <span class='ocrx_word' id='word_1_605' title='bbox 2455 3617 2652 3687; x_wconf 81' lang='lat' dir='ltr'><strong>aliqris</strong></span> <span class='ocrx_word' id='word_1_606' title='bbox 2692 3615 2961 3686; x_wconf 76' lang='lat' dir='ltr'><strong>egregius,</strong></span> <span class='ocrx_word' id='word_1_607' title='bbox 3002 3613 3366 3669; x_wconf 86' lang='lat' dir='ltr'><strong>diversimode</strong></span> <span class='ocrx_word' id='word_1_608' title='bbox 3409 3614 3475 3669; x_wconf 90' lang='lat' dir='ltr'><strong>ab</strong></span> <span class='ocrx_word' id='word_1_609' title='bbox 3510 3613 3578 3669; x_wconf 86' lang='lat' dir='ltr'><strong>iis</strong></span> 
     </span>
    </p>
   </div>
   <div class='ocr_carea' id='block_1_81' title="bbox 1996 3705 3576 3781">
    <p class='ocr_par' dir='ltr' id='par_1_81' title="bbox 1996 3705 3576 3781">
     <span class='ocr_line' id='line_1_81' title="bbox 1996 3705 3576 3781; baseline -0.006 -13"><span class='ocrx_word' id='word_1_610' title='bbox 1996 3715 2296 3775; x_wconf 88' lang='lat' dir='ltr'><strong>ferebatur,</strong></span> <span class='ocrx_word' id='word_1_611' title='bbox 2322 3711 2415 3781; x_wconf 88' lang='lat' dir='ltr'><strong>qtti</strong></span> <span class='ocrx_word' id='word_1_612' title='bbox 2440 3711 2698 3779; x_wconf 88' lang='lat' dir='ltr'><strong>deinceps</strong></span> <span class='ocrx_word' id='word_1_613' title='bbox 2720 3709 2772 3762; x_wconf 90' lang='lat' dir='ltr'><strong>in</strong></span> <span class='ocrx_word' id='word_1_614' title='bbox 2806 3706 3112 3762; x_wconf 81' lang='lat' dir='ltr'><strong>sententias</strong></span> <span class='ocrx_word' id='word_1_615' title='bbox 3145 3707 3212 3760; x_wconf 89' lang='lat' dir='ltr'><strong>de</strong></span> <span class='ocrx_word' id='word_1_616' title='bbox 3247 3705 3338 3760; x_wconf 92' lang='lat' dir='ltr'><strong>illo</strong></span> <span class='ocrx_word' id='word_1_617' title='bbox 3366 3705 3576 3760; x_wconf 87' lang='lat' dir='ltr'><strong>discre-</strong></span> 
     </span>
    </p>
   </div>
   <div class='ocr_carea' id='block_1_82' title="bbox 1994 3795 3575 3880">
    <p class='ocr_par' dir='ltr' id='par_1_82' title="bbox 1994 3795 3575 3880">
     <span class='ocr_line' id='line_1_82' title="bbox 1994 3795 3575 3880; baseline -0.009 -17"><span class='ocrx_word' id='word_1_618' title='bbox 1994 3817 2187 3880; x_wconf 89' lang='lat' dir='ltr'><strong>pantes</strong></span> <span class='ocrx_word' id='word_1_619' title='bbox 2212 3806 2421 3866; x_wconf 86' lang='lat' dir='ltr'><strong>abiere.</strong></span> <span class='ocrx_word' id='word_1_620' title='bbox 2447 3803 2578 3873; x_wconf 85' lang='lat' dir='ltr'><strong>quid</strong></span> <span class='ocrx_word' id='word_1_621' title='bbox 2607 3804 2709 3858; x_wconf 90' lang='lat' dir='ltr'><strong>hoc</strong></span> <span class='ocrx_word' id='word_1_622' title='bbox 2744 3802 2808 3854; x_wconf 86' lang='lat' dir='ltr'><strong>ad</strong></span> <span class='ocrx_word' id='word_1_623' title='bbox 2845 3799 3102 3854; x_wconf 89' lang='lat' dir='ltr'><strong>divinitus</strong></span> <span class='ocrx_word' id='word_1_624' title='bbox 3136 3797 3396 3867; x_wconf 88' lang='lat' dir='ltr'><strong>inspirata</strong></span> <span class='ocrx_word' id='word_1_625' title='bbox 3439 3795 3575 3849; x_wconf 80' lang='lat' dir='ltr'><strong>Pro—</strong></span> 
     </span>
    </p>
   </div>
   <div class='ocr_carea' id='block_1_83' title="bbox 1993 3887 3575 3966">
    <p class='ocr_par' dir='ltr' id='par_1_83' title="bbox 1993 3887 3575 3966">
     <span class='ocr_line' id='line_1_83' title="bbox 1993 3887 3575 3966; baseline -0.008 -11"><span class='ocrx_word' id='word_1_626' title='bbox 1993 3898 2217 3956; x_wconf 83' lang='lat' dir='ltr'><strong>verbia?</strong></span> <span class='ocrx_word' id='word_1_627' title='bbox 2241 3897 2422 3966; x_wconf 79' lang='lat' dir='ltr'><strong>Neque</strong></span> <span class='ocrx_word' id='word_1_628' title='bbox 2447 3895 2614 3961; x_wconf 88' lang='lat' dir='ltr'><strong>enim,</strong></span> <span class='ocrx_word' id='word_1_629' title='bbox 2644 3903 2703 3948; x_wconf 92' lang='lat' dir='ltr'><strong>ut</strong></span> <span class='ocrx_word' id='word_1_630' title='bbox 2729 3894 2780 3948; x_wconf 93' lang='lat' dir='ltr'><strong>in</strong></span> <span class='ocrx_word' id='word_1_631' title='bbox 2807 3892 3122 3948; x_wconf 71' lang='lat' dir='ltr'><strong>Grzecorum</strong></span> <span class='ocrx_word' id='word_1_632' title='bbox 3158 3889 3218 3945; x_wconf 89' lang='lat' dir='ltr'><strong>lit</strong></span> <span class='ocrx_word' id='word_1_633' title='bbox 3251 3887 3575 3961; x_wconf 85' lang='lat' dir='ltr'><strong>proverbiis,</strong></span> 
     </span>
    </p>
   </div>
   <div class='ocr_carea' id='block_1_84' title="bbox 1994 3983 3574 4059">
    <p class='ocr_par' dir='ltr' id='par_1_84' title="bbox 1994 3983 3574 4059">
     <span class='ocr_line' id='line_1_84' title="bbox 1994 3983 3574 4059; baseline -0.009 -11"><span class='ocrx_word' id='word_1_634' title='bbox 1994 3991 2064 4048; x_wconf 85' lang='lat' dir='ltr'><strong>ab</strong></span> <span class='ocrx_word' id='word_1_635' title='bbox 2086 3989 2308 4048; x_wconf 89' lang='lat' dir='ltr'><strong>historia</strong></span> <span class='ocrx_word' id='word_1_636' title='bbox 2328 3990 2561 4059; x_wconf 88' lang='lat' dir='ltr'><strong>quadam</strong></span> <span class='ocrx_word' id='word_1_637' title='bbox 2583 3987 2671 4042; x_wconf 90' lang='lat' dir='ltr'><strong>illa</strong></span> <span class='ocrx_word' id='word_1_638' title='bbox 2693 3985 3014 4042; x_wconf 88' lang='lat' dir='ltr'><strong>solutionem</strong></span> <span class='ocrx_word' id='word_1_639' title='bbox 3041 3983 3345 4038; x_wconf 91' lang='lat' dir='ltr'><strong>sortiuntur</strong></span> <span class='ocrx_word' id='word_1_640' title='bbox 3365 3995 3518 4037; x_wconf 88' lang='lat' dir='ltr'><strong>suam</strong></span> <span class='ocrx_word' id='word_1_641' title='bbox 3558 3995 3574 4033; x_wconf 90' lang='lat'><strong>:</strong></span> 
     </span>
    </p>
   </div>
   <div class='ocr_carea' id='block_1_85' title="bbox 1995 4075 3574 4145">
    <p class='ocr_par' dir='ltr' id='par_1_85' title="bbox 1995 4075 3574 4145">
     <span class='ocr_line' id='line_1_85' title="bbox 1995 4075 3574 4145; baseline -0.009 -5"><span class='ocrx_word' id='word_1_642' title='bbox 1995 4095 2055 4141; x_wconf 90' lang='grc' dir='ltr'><strong>ιιι</strong></span> <span class='ocrx_word' id='word_1_643' title='bbox 2078 4097 2301 4139; x_wconf 89' lang='lat' dir='ltr'><strong>necesse</strong></span> <span class='ocrx_word' id='word_1_644' title='bbox 2328 4081 2399 4136; x_wconf 91' lang='lat' dir='ltr'><strong>sit</strong></span> <span class='ocrx_word' id='word_1_645' title='bbox 2425 4078 2758 4142; x_wconf 80' lang='lat' dir='ltr'><strong>Marcellum,</strong></span> <span class='ocrx_word' id='word_1_646' title='bbox 2789 4092 2894 4132; x_wconf 89' lang='lat' dir='ltr'><strong>non</strong></span> <span class='ocrx_word' id='word_1_647' title='bbox 2925 4075 3100 4131; x_wconf 89' lang='lat' dir='ltr'><strong>solum</strong></span> <span class='ocrx_word' id='word_1_648' title='bbox 3126 4075 3377 4145; x_wconf 87' lang='lat' dir='ltr'><strong>imperite</strong></span> <span class='ocrx_word' id='word_1_649' title='bbox 3409 4083 3574 4141; x_wconf 86' lang='lat' dir='ltr'><strong>atque</strong></span> 
     </span>
    </p>
   </div>
   <div class='ocr_carea' id='block_1_86' title="bbox 309 4167 3574 4257">
    <p class='ocr_par' dir='ltr' id='par_1_86' title="bbox 309 4167 3574 4257">
     <span class='ocr_line' id='line_1_86' title="bbox 309 4167 3574 4257; baseline -0.007 -13"><span class='ocrx_word' id='word_1_650' title='bbox 309 4193 548 4253; x_wconf 80' lang='lat' dir='ltr'><strong>indocte,</strong></span> <span class='ocrx_word' id='word_1_651' title='bbox 613 4189 706 4244; x_wconf 84' lang='lat' dir='ltr'><strong>sed</strong></span> <span class='ocrx_word' id='word_1_652' title='bbox 762 4200 956 4244; x_wconf 89' lang='lat' dir='ltr'><strong>contra</strong></span> <span class='ocrx_word' id='word_1_653' title='bbox 1014 4198 1248 4243; x_wconf 91' lang='lat' dir='ltr'><strong>mentem</strong></span> <span class='ocrx_word' id='word_1_654' title='bbox 1293 4186 1536 4257; x_wconf 84' lang='lat' dir='ltr'><strong>Apostoli</strong></span> <span class='ocrx_word' id='word_1_655' title='bbox 1583 4184 1885 4240; x_wconf 75' lang='lat' dir='ltr'><strong>aﬂirmasse</strong></span> <span class='ocrx_word' id='word_1_656' title='bbox 1922 4183 2195 4252; x_wconf 83' lang='lat' dir='ltr'><strong>sapientes</strong></span> <span class='ocrx_word' id='word_1_657' title='bbox 2232 4176 2572 4239; x_wconf 70' lang='lat' dir='ltr'><strong>Graecorum,</strong></span> <span class='ocrx_word' id='word_1_658' title='bbox 2629 4189 2751 4228; x_wconf 82' lang='lat' dir='ltr'><strong>cum</strong></span> <span class='ocrx_word' id='word_1_659' title='bbox 2805 4172 2859 4226; x_wconf 91' lang='lat' dir='ltr'><strong>in</strong></span> <span class='ocrx_word' id='word_1_660' title='bbox 2918 4169 3211 4226; x_wconf 82' lang='lat' dir='ltr'><strong>Proverbia</strong></span> <span class='ocrx_word' id='word_1_661' title='bbox 3266 4167 3574 4224; x_wconf 84' lang='lat' dir='ltr'><strong>Salomonis</strong></span> 
     </span>
    </p>
   </div>
   <div class='ocr_carea' id='block_1_87' title="bbox 310 4269 2820 4352">
    <p class='ocr_par' dir='ltr' id='par_1_87' title="bbox 310 4269 2820 4352">
     <span class='ocr_line' id='line_1_87' title="bbox 310 4269 2820 4352; baseline -0.007 -13"><span class='ocrx_word' id='word_1_662' title='bbox 310 4287 645 4348; x_wconf 69' lang='lat' dir='ltr'><strong>incidissent,</strong></span> <span class='ocrx_word' id='word_1_663' title='bbox 690 4286 756 4338; x_wconf 88' lang='lat' dir='ltr'><strong>ad</strong></span> <span class='ocrx_word' id='word_1_664' title='bbox 809 4286 1168 4340; x_wconf 89' lang='lat' dir='ltr'><strong>imitationem</strong></span> <span class='ocrx_word' id='word_1_665' title='bbox 1206 4283 1538 4352; x_wconf 71' lang='lat' dir='ltr'><strong>prophetica:</strong></span> <span class='ocrx_word' id='word_1_666' title='bbox 1565 4281 1946 4349; x_wconf 52' lang='lat' dir='ltr'><strong>scripturtegse</strong></span> <span class='ocrx_word' id='word_1_667' title='bbox 1977 4276 2043 4332; x_wconf 89' lang='lat' dir='ltr'><strong>ad</strong></span> <span class='ocrx_word' id='word_1_668' title='bbox 2073 4273 2427 4330; x_wconf 89' lang='lat' dir='ltr'><strong>scribendum</strong></span> <span class='ocrx_word' id='word_1_669' title='bbox 2470 4269 2820 4340; x_wconf 84' lang='lat' dir='ltr'><strong>applicuisse.</strong></span> 
     </span>
    </p>
   </div>
   <div class='ocr_carea' id='block_1_88' title="bbox 379 4374 1966 4452">
    <p class='ocr_par' dir='ltr' id='par_1_88' title="bbox 379 4374 1966 4452">
     <span class='ocr_line' id='line_1_88' title="bbox 379 4374 1966 4452; baseline -0.006 -17"><span class='ocrx_word' id='word_1_670' title='bbox 379 4381 596 4435; x_wconf 83' lang='grc' dir='ltr'>Τούτων</span> <span class='ocrx_word' id='word_1_671' title='bbox 623 4381 752 4450; x_wconf 84' lang='grc' dir='ltr'>ἡμῖν</span> <span class='ocrx_word' id='word_1_672' title='bbox 779 4378 1082 4450; x_wconf 82' lang='grc' dir='ltr'>εἰρημένων</span> <span class='ocrx_word' id='word_1_673' title='bbox 1103 4379 1181 4441; x_wconf 84' lang='grc' dir='ltr'>εἰς</span> <span class='ocrx_word' id='word_1_674' title='bbox 1203 4376 1474 4441; x_wconf 80' lang='grc' dir='ltr'>ἀπόδειξιν</span> <span class='ocrx_word' id='word_1_675' title='bbox 1493 4374 1587 4430; x_wconf 78' lang='grc' dir='ltr'>τοῦ</span> <span class='ocrx_word' id='word_1_676' title='bbox 1616 4375 1751 4447; x_wconf 76' lang='grc' dir='ltr'>μηδὲ</span> <span class='ocrx_word' id='word_1_677' title='bbox 1773 4377 1891 4437; x_wconf 85' lang='grc' dir='ltr'>ταῖς</span> <span class='ocrx_word' id='word_1_678' title='bbox 1924 4398 1966 4452; x_wconf 80' lang='lat' dir='ltr'><strong>D</strong></span> 
     </span>
    </p>
   </div>
   <div class='ocr_carea' id='block_1_89' title="bbox 297 4466 1888 4546">
    <p class='ocr_par' dir='ltr' id='par_1_89' title="bbox 297 4466 1888 4546">
     <span class='ocr_line' id='line_1_89' title="bbox 297 4466 1888 4546; baseline -0.006 -18"><span class='ocrx_word' id='word_1_679' title='bbox 297 4475 480 4538; x_wconf 84' lang='grc' dir='ltr'>θείαις</span> <span class='ocrx_word' id='word_1_680' title='bbox 523 4476 787 4546; x_wconf 76' lang='grc' dir='ltr'>ι’ραφαῖς,</span> <span class='ocrx_word' id='word_1_681' title='bbox 839 4472 897 4524; x_wconf 87' lang='grc' dir='ltr'>ὃν</span> <span class='ocrx_word' id='word_1_682' title='bbox 939 4470 1044 4542; x_wconf 78' lang='grc' dir='ltr'><strong>χρὴ</strong></span> <span class='ocrx_word' id='word_1_683' title='bbox 1077 4470 1298 4541; x_wconf 86' lang='grc' dir='ltr'>τρόπον,</span> <span class='ocrx_word' id='word_1_684' title='bbox 1337 4468 1754 4538; x_wconf 81' lang='grc' dir='ltr'>ἐντετυχηκέναι</span> <span class='ocrx_word' id='word_1_685' title='bbox 1797 4466 1888 4519; x_wconf 82' lang='grc' dir='ltr'><strong>τὸν</strong></span> 
     </span>
    </p>
   </div>
   <div class='ocr_carea' id='block_1_90' title="bbox 297 4558 1891 4640">
    <p class='ocr_par' dir='ltr' id='par_1_90' title="bbox 297 4558 1891 4640">
     <span class='ocr_line' id='line_1_90' title="bbox 297 4558 1891 4640; baseline -0.008 -17"><span class='ocrx_word' id='word_1_686' title='bbox 297 4569 495 4640; x_wconf 76' lang='grc' dir='ltr'>ἄνδρα,</span> <span class='ocrx_word' id='word_1_687' title='bbox 525 4567 679 4621; x_wconf 86' lang='grc' dir='ltr'>καλεῖ</span> <span class='ocrx_word' id='word_1_688' title='bbox 701 4567 764 4636; x_wconf 81' lang='grc' dir='ltr'>δὴ</span> <span class='ocrx_word' id='word_1_689' title='bbox 795 4565 982 4636; x_wconf 66' lang='grc' dir='ltr'>καιρὸς</span> <span class='ocrx_word' id='word_1_690' title='bbox 1003 4565 1095 4618; x_wconf 72' lang='grc' dir='ltr'><strong>καὶ</strong></span> <span class='ocrx_word' id='word_1_691' title='bbox 1113 4563 1210 4634; x_wconf 87' lang='grc' dir='ltr'><strong>τὴν</strong></span> <span class='ocrx_word' id='word_1_692' title='bbox 1234 4563 1336 4632; x_wconf 77' lang='grc' dir='ltr'><strong>οὐχ</strong></span> <span class='ocrx_word' id='word_1_693' title='bbox 1365 4561 1494 4632; x_wconf 79' lang='grc' dir='ltr'>ὑγιῆ</span> <span class='ocrx_word' id='word_1_694' title='bbox 1524 4561 1624 4632; x_wconf 80' lang='grc' dir='ltr'>τῆς</span> <span class='ocrx_word' id='word_1_695' title='bbox 1655 4558 1891 4621; x_wconf 84' lang='grc' dir='ltr'>πίστεως</span> 
     </span>
    </p>
   </div>
   <div class='ocr_carea' id='block_1_91' title="bbox 299 4650 1890 4728">
    <p class='ocr_par' dir='ltr' id='par_1_91' title="bbox 299 4650 1890 4728">
     <span class='ocr_line' id='line_1_91' title="bbox 299 4650 1890 4728; baseline -0.008 -13"><span class='ocrx_word' id='word_1_696' title='bbox 299 4661 469 4715; x_wconf 74' lang='grc' dir='ltr'>αὐτοῦ</span> <span class='ocrx_word' id='word_1_697' title='bbox 489 4660 642 4726; x_wconf 79' lang='grc' dir='ltr'>δόξαν</span> <span class='ocrx_word' id='word_1_698' title='bbox 663 4657 1088 4728; x_wconf 71' lang='grc' dir='ltr'>ἐπισκέψασθαι·</span> <span class='ocrx_word' id='word_1_699' title='bbox 1117 4656 1193 4720; x_wconf 81' lang='grc' dir='ltr'>ὡς</span> <span class='ocrx_word' id='word_1_700' title='bbox 1213 4654 1430 4708; x_wconf 84' lang='grc' dir='ltr'>ἐναντία</span> <span class='ocrx_word' id='word_1_701' title='bbox 1451 4650 1811 4724; x_wconf 54' lang='grc' dir='ltr'>(9.4)δοξάζων</span> <span class='ocrx_word' id='word_1_702' title='bbox 1826 4650 1890 4719; x_wconf 80' lang='grc' dir='ltr'>τῇ</span> 
     </span>
    </p>
   </div>
   <div class='ocr_carea' id='block_1_92' title="bbox 297 4743 1893 4824">
    <p class='ocr_par' dir='ltr' id='par_1_92' title="bbox 297 4743 1893 4824">
     <span class='ocr_line' id='line_1_92' title="bbox 297 4743 1893 4824; baseline -0.009 -17"><span class='ocrx_word' id='word_1_703' title='bbox 297 4754 730 4824; x_wconf 77' lang='grc' dir='ltr'>ἐκκλησιαστικῇ</span> <span class='ocrx_word' id='word_1_704' title='bbox 795 4750 1130 4821; x_wconf 80' lang='grc' dir='ltr'>διδασκαλίᾳ,</span> <span class='ocrx_word' id='word_1_705' title='bbox 1178 4749 1348 4819; x_wconf 78' lang='grc' dir='ltr'>αὐτήν</span> <span class='ocrx_word' id='word_1_706' title='bbox 1385 4763 1444 4799; x_wconf 89' lang='grc' dir='ltr'><strong>τε</strong></span> <span class='ocrx_word' id='word_1_707' title='bbox 1484 4746 1578 4798; x_wconf 73' lang='grc' dir='ltr'><strong>καὶ</strong></span> <span class='ocrx_word' id='word_1_708' title='bbox 1616 4743 1740 4804; x_wconf 74' lang='grc' dir='ltr'>τοὺς</span> <span class='ocrx_word' id='word_1_709' title='bbox 1766 4758 1893 4812; x_wconf 82' lang='grc' dir='ltr'>προ-</span> 
     </span>
    </p>
   </div>
   <div class='ocr_carea' id='block_1_93' title="bbox 295 4844 1072 4917">
    <p class='ocr_par' dir='ltr' id='par_1_93' title="bbox 295 4844 1072 4917">
     <span class='ocr_line' id='line_1_93' title="bbox 295 4844 1072 4917; baseline -0.001 -17"><span class='ocrx_word' id='word_1_710' title='bbox 295 4847 543 4910; x_wconf 86' lang='grc' dir='ltr'>εστῶτας</span> <span class='ocrx_word' id='word_1_711' title='bbox 573 4846 742 4917; x_wconf 75' lang='grc' dir='ltr'>αὐτῆς</span> <span class='ocrx_word' id='word_1_712' title='bbox 773 4844 1072 4899; x_wconf 79' lang='grc' dir='ltr'>διέϐαλλεν.</span> 
     </span>
    </p>
   </div>
   <div class='ocr_carea' id='block_1_94' title="bbox 968 4945 1231 5015">
    <p class='ocr_par' dir='ltr' id='par_1_94' title="bbox 968 4945 1231 5015">
     <span class='ocr_line' id='line_1_94' title="bbox 968 4945 1231 5015; baseline 0 0"><span class='ocrx_word' id='word_1_713' title='bbox 968 4945 1124 5015; x_wconf 70' lang='grc' dir='ltr'>ιξεφ.</span> <span class='ocrx_word' id='word_1_714' title='bbox 1159 4962 1231 5015; x_wconf 78' lang='grc' dir='ltr'><strong>Δο.</strong></span> 
     </span>
    </p>
   </div>
   <div class='ocr_carea' id='block_1_95' title="bbox 293 5047 1879 5125">
    <p class='ocr_par' dir='ltr' id='par_1_95' title="bbox 293 5047 1879 5125">
     <span class='ocr_line' id='line_1_95' title="bbox 293 5047 1879 5125; baseline -0.011 -9"><span class='ocrx_word' id='word_1_715' title='bbox 293 5064 420 5115; x_wconf 79' lang='grc' dir='ltr'>’Ὁτι</span> <span class='ocrx_word' id='word_1_716' title='bbox 470 5059 581 5125; x_wconf 71' lang='grc' dir='ltr'>τήν</span> <span class='ocrx_word' id='word_1_717' title='bbox 634 5076 695 5112; x_wconf 87' lang='grc' dir='ltr'><strong>τε</strong></span> <span class='ocrx_word' id='word_1_718' title='bbox 740 5053 1253 5125; x_wconf 61' lang='grc' dir='ltr'>ἐκκλησιαστικὴκ</span> <span class='ocrx_word' id='word_1_719' title='bbox 1293 5051 1719 5125; x_wconf 64' lang='grc' dir='ltr'>διδασκαλίαν,</span> <span class='ocrx_word' id='word_1_720' title='bbox 1781 5047 1879 5100; x_wconf 75' lang='grc' dir='ltr'>καὶ</span> 
     </span>
    </p>
   </div>
   <div class='ocr_carea' id='block_1_96' title="bbox 509 5122 1658 5197">
    <p class='ocr_par' dir='ltr' id='par_1_96' title="bbox 509 5122 1658 5197">
     <span class='ocr_line' id='line_1_96' title="bbox 509 5122 1658 5197; baseline -0.01 -14"><span class='ocrx_word' id='word_1_721' title='bbox 509 5122 651 5195; x_wconf 83' lang='grc' dir='ltr'>τοὺς</span> <span class='ocrx_word' id='word_1_722' title='bbox 691 5124 1070 5197; x_wconf 77' lang='grc' dir='ltr'>προεστῶτας</span> <span class='ocrx_word' id='word_1_723' title='bbox 1097 5122 1286 5191; x_wconf 80' lang='grc' dir='ltr'>αὐτῆς</span> <span class='ocrx_word' id='word_1_724' title='bbox 1323 5122 1658 5176; x_wconf 74' lang='grc' dir='ltr'>διέϐαλλεν.</span> 
     </span>
    </p>
   </div>
   <div class='ocr_carea' id='block_1_97' title="bbox 365 5208 1877 5295">
    <p class='ocr_par' dir='ltr' id='par_1_97' title="bbox 365 5208 1877 5295">
     <span class='ocr_line' id='line_1_97' title="bbox 365 5208 1877 5295; baseline -0.011 -19"><span class='ocrx_word' id='word_1_725' title='bbox 365 5222 480 5295; x_wconf 72' lang='grc'><strong>(95)</strong></span> <span class='ocrx_word' id='word_1_726' title='bbox 503 5221 661 5293; x_wconf 83' lang='grc' dir='ltr'>Θήσω</span> <span class='ocrx_word' id='word_1_727' title='bbox 678 5220 733 5273; x_wconf 82' lang='grc' dir='ltr'><strong>δὲ</strong></span> <span class='ocrx_word' id='word_1_728' title='bbox 757 5218 968 5290; x_wconf 82' lang='grc' dir='ltr'>πρῶτα,</span> <span class='ocrx_word' id='word_1_729' title='bbox 982 5209 1132 5269; x_wconf 82' lang='grc' dir='ltr'>δι’ὧν</span> <span class='ocrx_word' id='word_1_730' title='bbox 1149 5217 1262 5278; x_wconf 79' lang='grc' dir='ltr'>τοῖς</span> <span class='ocrx_word' id='word_1_731' title='bbox 1281 5213 1455 5286; x_wconf 84' lang='grc' dir='ltr'>ὀρθῶς</span> <span class='ocrx_word' id='word_1_732' title='bbox 1475 5211 1570 5265; x_wconf 72' lang='grc' dir='ltr'>καὶ</span> <span class='ocrx_word' id='word_1_733' title='bbox 1589 5208 1877 5279; x_wconf 86' lang='grc' dir='ltr'>ἐκκλησια-</span> 
     </span>
    </p>
   </div>
   <div class='ocr_carea' id='block_1_98' title="bbox 369 5352 1093 5428">
    <p class='ocr_par' dir='ltr' id='par_1_98' title="bbox 369 5352 1093 5428">
     <span class='ocr_line' id='line_1_98' title="bbox 369 5352 1093 5428; baseline -0.008 -14"><span class='ocrx_word' id='word_1_734' title='bbox 369 5367 431 5426; x_wconf 65' lang='lat'><strong>&gt;14</strong></span> <span class='ocrx_word' id='word_1_735' title='bbox 471 5359 567 5414; x_wconf 86' lang='lat' dir='ltr'><strong>Ed.</strong></span> <span class='ocrx_word' id='word_1_736' title='bbox 605 5358 804 5424; x_wconf 86' lang='lat' dir='ltr'><strong>Paris.,</strong></span> <span class='ocrx_word' id='word_1_737' title='bbox 848 5372 968 5428; x_wconf 78' lang='lat' dir='ltr'><strong>pag.</strong></span> <span class='ocrx_word' id='word_1_738' title='bbox 1005 5352 1093 5409; x_wconf 85' lang='lat' dir='ltr'><strong>l8.</strong></span> 
     </span>
    </p>
   </div>
   <div class='ocr_carea' id='block_1_99' title="bbox 359 5485 1868 5584">
    <p class='ocr_par' dir='ltr' id='par_1_99' title="bbox 359 5485 1868 5584">
     <span class='ocr_line' id='line_1_99' title="bbox 359 5485 1868 5584; baseline -0.013 -29"><span class='ocrx_word' id='word_1_739' title='bbox 359 5498 482 5584; x_wconf 51' lang='lat'><strong>195)</strong></span> <span class='ocrx_word' id='word_1_740' title='bbox 517 5499 689 5570; x_wconf 80' lang='lat' dir='ltr'><strong>Vulgo</strong></span> <span class='ocrx_word' id='word_1_741' title='bbox 717 5498 914 5584; x_wconf 61' lang='grc' dir='ltr'>στήλας</span> <span class='ocrx_word' id='word_1_742' title='bbox 941 5506 992 5584; x_wconf 56' lang='lat' dir='ltr'><strong>et</strong></span> <span class='ocrx_word' id='word_1_743' title='bbox 1007 5495 1228 5584; x_wconf 70' lang='grc' dir='ltr'>δύναται</span> <span class='ocrx_word' id='word_1_744' title='bbox 1250 5487 1483 5584; x_wconf 54' lang='grc' dir='ltr'>νοείσθω</span> <span class='ocrx_word' id='word_1_745' title='bbox 1515 5496 1569 5574; x_wconf 68' lang='lat' dir='ltr'><strong>et</strong></span> <span class='ocrx_word' id='word_1_746' title='bbox 1595 5485 1702 5584; x_wconf 76' lang='grc' dir='ltr'><strong>τῶν</strong></span> <span class='ocrx_word' id='word_1_747' title='bbox 1727 5486 1868 5584; x_wconf 59' lang='grc' dir='ltr'>ἱστο-</span> 
     </span>
    </p>
   </div>
   <div class='ocr_carea' id='block_1_100' title="bbox 299 5561 1868 5644">
    <p class='ocr_par' dir='ltr' id='par_1_100' title="bbox 299 5561 1868 5644">
     <span class='ocr_line' id='line_1_100' title="bbox 299 5561 1868 5644; baseline -0.013 -19"><span class='ocrx_word' id='word_1_748' title='bbox 299 5561 429 5644; x_wconf 82' lang='grc' dir='ltr'>ριῶν</span> <span class='ocrx_word' id='word_1_749' title='bbox 452 5561 717 5634; x_wconf 69' lang='grc' dir='ltr'>τινωνξ’θι</span> <span class='ocrx_word' id='word_1_750' title='bbox 744 5561 829 5620; x_wconf 73' lang='grc' dir='ltr'>διὰ</span> <span class='ocrx_word' id='word_1_751' title='bbox 850 5567 1042 5644; x_wconf 51' lang='lat' dir='ltr'><strong>capas,</strong></span> <span class='ocrx_word' id='word_1_752' title='bbox 1073 5580 1123 5620; x_wconf 90' lang='lat' dir='ltr'><strong>et</strong></span> <span class='ocrx_word' id='word_1_753' title='bbox 1155 5580 1274 5644; x_wconf 76' lang='lat' dir='ltr'><strong>mox</strong></span> <span class='ocrx_word' id='word_1_754' title='bbox 1308 5563 1410 5644; x_wconf 52' lang='grc' dir='ltr'><strong>θη».</strong></span> <span class='ocrx_word' id='word_1_755' title='bbox 1437 5561 1611 5644; x_wconf 54' lang='grc' dir='ltr'>φασί(</span> <span class='ocrx_word' id='word_1_756' title='bbox 1635 5561 1752 5637; x_wconf 58' lang='lat' dir='ltr'><strong>loro</strong></span> <span class='ocrx_word' id='word_1_757' title='bbox 1766 5571 1868 5623; x_wconf 83' lang='grc' dir='ltr'>φη-</span> 
     </span>
    </p>
   </div>
   <div class='ocr_carea' id='block_1_101' title="bbox 297 5628 1870 5708">
    <p class='ocr_par' dir='ltr' id='par_1_101' title="bbox 297 5628 1870 5708">
     <span class='ocr_line' id='line_1_101' title="bbox 297 5628 1870 5708; baseline -0.013 -12"><span class='ocrx_word' id='word_1_758' title='bbox 297 5628 399 5698; x_wconf 62' lang='grc' dir='ltr'>σίν.</span> <span class='ocrx_word' id='word_1_759' title='bbox 432 5643 551 5696; x_wconf 81' lang='lat' dir='ltr'><strong>Mox</strong></span> <span class='ocrx_word' id='word_1_760' title='bbox 585 5628 740 5708; x_wconf 77' lang='lat' dir='ltr'><strong>vulgo</strong></span> <span class='ocrx_word' id='word_1_761' title='bbox 777 5628 1068 5708; x_wconf 76' lang='grc' dir='ltr'>γινομένην</span> <span class='ocrx_word' id='word_1_762' title='bbox 1091 5649 1144 5690; x_wconf 88' lang='lat' dir='ltr'><strong>et</strong></span> <span class='ocrx_word' id='word_1_763' title='bbox 1167 5635 1330 5688; x_wconf 77' lang='grc' dir='ltr'>αὑταὶ</span> <span class='ocrx_word' id='word_1_764' title='bbox 1359 5635 1423 5685; x_wconf 81' lang='grc' dir='ltr'><strong>ἐκ</strong></span> <span class='ocrx_word' id='word_1_765' title='bbox 1445 5643 1500 5686; x_wconf 85' lang='lat' dir='ltr'><strong>et</strong></span> <span class='ocrx_word' id='word_1_766' title='bbox 1525 5628 1870 5698; x_wconf 83' lang='grc' dir='ltr'>Σολομῶντος</span> 
     </span>
    </p>
   </div>
   <div class='ocr_carea' id='block_1_102' title="bbox 320 5713 720 5764">
    <p class='ocr_par' dir='ltr' id='par_1_102' title="bbox 320 5713 720 5764">
     <span class='ocr_line' id='line_1_102' title="bbox 320 5713 720 5764; baseline 0.005 -4"><span class='ocrx_word' id='word_1_767' title='bbox 320 5722 349 5764; x_wconf 62' lang='lat' dir='ltr'><strong>at</strong></span> <span class='ocrx_word' id='word_1_768' title='bbox 379 5713 434 5764; x_wconf 81' lang='grc' dir='ltr'><strong>δέ</strong></span> <span class='ocrx_word' id='word_1_769' title='bbox 457 5715 485 5764; x_wconf 79' lang='grc' dir='ltr'><strong>ὁ</strong></span> <span class='ocrx_word' id='word_1_770' title='bbox 509 5713 720 5764; x_wconf 78' lang='grc' dir='ltr'>νοόνος.</span> 
     </span>
    </p>
   </div>
   <div class='ocr_carea' id='block_1_103' title="bbox 293 5713 1874 5855">
    <p class='ocr_par' dir='ltr' id='par_1_103' title="bbox 293 5713 1874 5855">
     <span class='ocr_line' id='line_1_103' title="bbox 293 5713 1874 5855; baseline -0.022 -1"><span class='ocrx_word' id='word_1_771' title='bbox 293 5713 485 5855; x_wconf 50' lang='grc' dir='ltr'><strong>Μ(ῗῇΙῖ</strong></span> <span class='ocrx_word' id='word_1_772' title='bbox 509 5727 904 5846; x_wconf 36' lang='lat' dir='ltr'><strong>latim-ria,</strong></span> <span class='ocrx_word' id='word_1_773' title='bbox 924 5789 1050 5843; x_wconf 84' lang='lat' dir='ltr'><strong>etc.,</strong></span> <span class='ocrx_word' id='word_1_774' title='bbox 1070 5774 1400 5830; x_wconf 72' lang='grc' dir='ltr'>διαϐάλλει.</span> <span class='ocrx_word' id='word_1_775' title='bbox 1420 5799 1487 5812; x_wconf 88' lang='lat'><strong>—-</strong></span> <span class='ocrx_word' id='word_1_776' title='bbox 1502 5767 1616 5841; x_wconf 73' lang='lat' dir='ltr'><strong>Ego</strong></span> <span class='ocrx_word' id='word_1_777' title='bbox 1633 5783 1697 5825; x_wconf 77' lang='lat' dir='ltr'><strong>ex</strong></span> <span class='ocrx_word' id='word_1_778' title='bbox 1717 5765 1874 5822; x_wconf 87' lang='lat' dir='ltr'><strong>codd.</strong></span> 
     </span>
    </p>
   </div>
   <div class='ocr_carea' id='block_1_104' title="bbox 2073 4358 3574 4434">
    <p class='ocr_par' dir='ltr' id='par_1_104' title="bbox 2073 4358 3574 4434">
     <span class='ocr_line' id='line_1_104' title="bbox 2073 4358 3574 4434; baseline -0.009 -11"><span class='ocrx_word' id='word_1_779' title='bbox 2073 4369 2169 4425; x_wconf 91' lang='lat' dir='ltr'><strong>llis</strong></span> <span class='ocrx_word' id='word_1_780' title='bbox 2191 4370 2242 4422; x_wconf 92' lang='lat' dir='ltr'><strong>in</strong></span> <span class='ocrx_word' id='word_1_781' title='bbox 2274 4383 2395 4422; x_wconf 87' lang='lat' dir='ltr'><strong>eum</strong></span> <span class='ocrx_word' id='word_1_782' title='bbox 2424 4367 2583 4420; x_wconf 88' lang='lat' dir='ltr'><strong>linem</strong></span> <span class='ocrx_word' id='word_1_783' title='bbox 2606 4381 2634 4418; x_wconf 86' lang='lat' dir='ltr'><strong>a</strong></span> <span class='ocrx_word' id='word_1_784' title='bbox 2657 4365 2812 4418; x_wconf 90' lang='lat' dir='ltr'><strong>nobis</strong></span> <span class='ocrx_word' id='word_1_785' title='bbox 2837 4363 3154 4434; x_wconf 68' lang='lat' dir='ltr'><strong>praemissis,</strong></span> <span class='ocrx_word' id='word_1_786' title='bbox 3189 4370 3245 4413; x_wconf 89' lang='lat' dir='ltr'><strong>ut</strong></span> <span class='ocrx_word' id='word_1_787' title='bbox 3271 4358 3574 4414; x_wconf 85' lang='lat' dir='ltr'><strong>certissime</strong></span> 
     </span>
    </p>
   </div>
   <div class='ocr_carea' id='block_1_105' title="bbox 1996 4453 3574 4532">
    <p class='ocr_par' dir='ltr' id='par_1_105' title="bbox 1996 4453 3574 4532">
     <span class='ocr_line' id='line_1_105' title="bbox 1996 4453 3574 4532; baseline -0.01 -15"><span class='ocrx_word' id='word_1_788' title='bbox 1996 4472 2258 4532; x_wconf 89' lang='lat' dir='ltr'><strong>appareat</strong></span> <span class='ocrx_word' id='word_1_789' title='bbox 2283 4461 2556 4515; x_wconf 88' lang='lat' dir='ltr'><strong>hominem</strong></span> <span class='ocrx_word' id='word_1_790' title='bbox 2588 4471 2954 4527; x_wconf 87' lang='lat' dir='ltr'><strong>nequaquam,</strong></span> <span class='ocrx_word' id='word_1_791' title='bbox 2987 4456 3057 4509; x_wconf 84' lang='lat' dir='ltr'><strong>ita</strong></span> <span class='ocrx_word' id='word_1_792' title='bbox 3091 4453 3428 4523; x_wconf 86' lang='lat' dir='ltr'><strong>utoportuit,</strong></span> <span class='ocrx_word' id='word_1_793' title='bbox 3454 4466 3574 4502; x_wconf 84' lang='lat' dir='ltr'><strong>vcr-</strong></span> 
     </span>
    </p>
   </div>
   <div class='ocr_carea' id='block_1_106' title="bbox 1995 4541 3572 4618">
    <p class='ocr_par' dir='ltr' id='par_1_106' title="bbox 1995 4541 3572 4618">
     <span class='ocr_line' id='line_1_106' title="bbox 1995 4541 3572 4618; baseline -0.011 -9"><span class='ocrx_word' id='word_1_794' title='bbox 1995 4563 2172 4610; x_wconf 90' lang='lat' dir='ltr'><strong>satum</strong></span> <span class='ocrx_word' id='word_1_795' title='bbox 2197 4553 2250 4606; x_wconf 87' lang='lat' dir='ltr'><strong>itt</strong></span> <span class='ocrx_word' id='word_1_796' title='bbox 2267 4550 2938 4618; x_wconf 82' lang='lat' dir='ltr'><strong>Scripturis,tempusest,</strong></span> <span class='ocrx_word' id='word_1_797' title='bbox 2965 4559 3023 4603; x_wconf 92' lang='lat' dir='ltr'><strong>ut</strong></span> <span class='ocrx_word' id='word_1_798' title='bbox 3040 4546 3292 4614; x_wconf 90' lang='lat' dir='ltr'><strong>deinceps</strong></span> <span class='ocrx_word' id='word_1_799' title='bbox 3322 4545 3480 4596; x_wconf 87' lang='lat' dir='ltr'><strong>tidem</strong></span> <span class='ocrx_word' id='word_1_800' title='bbox 3509 4541 3572 4593; x_wconf 87' lang='lat' dir='ltr'><strong>il-</strong></span> 
     </span>
    </p>
   </div>
   <div class='ocr_carea' id='block_1_107' title="bbox 1996 4639 3571 4714">
    <p class='ocr_par' dir='ltr' id='par_1_107' title="bbox 1996 4639 3571 4714">
     <span class='ocr_line' id='line_1_107' title="bbox 1996 4639 3571 4714; baseline -0.008 -15"><span class='ocrx_word' id='word_1_801' title='bbox 1996 4645 2120 4710; x_wconf 90' lang='lat' dir='ltr'><strong>lius,</strong></span> <span class='ocrx_word' id='word_1_802' title='bbox 2154 4659 2314 4714; x_wconf 90' lang='lat' dir='ltr'><strong>quam</strong></span> <span class='ocrx_word' id='word_1_803' title='bbox 2358 4642 2429 4698; x_wconf 92' lang='lat' dir='ltr'><strong>sit</strong></span> <span class='ocrx_word' id='word_1_804' title='bbox 2461 4642 2602 4696; x_wconf 88' lang='lat' dir='ltr'><strong>male</strong></span> <span class='ocrx_word' id='word_1_805' title='bbox 2630 4654 2785 4707; x_wconf 85' lang='lat' dir='ltr'><strong>sana,</strong></span> <span class='ocrx_word' id='word_1_806' title='bbox 2822 4639 3231 4694; x_wconf 89' lang='lat' dir='ltr'><strong>consideremus</strong></span> <span class='ocrx_word' id='word_1_807' title='bbox 3261 4650 3274 4686; x_wconf 90' lang='lat'>:</span> <span class='ocrx_word' id='word_1_808' title='bbox 3307 4643 3360 4687; x_wconf 90' lang='lat' dir='ltr'><strong>et</strong></span> <span class='ocrx_word' id='word_1_809' title='bbox 3407 4647 3571 4701; x_wconf 85' lang='lat' dir='ltr'><strong>quam</strong></span> 
     </span>
    </p>
   </div>
   <div class='ocr_carea' id='block_1_108' title="bbox 1993 4726 3566 4807">
    <p class='ocr_par' dir='ltr' id='par_1_108' title="bbox 1993 4726 3566 4807">
     <span class='ocr_line' id='line_1_108' title="bbox 1993 4726 3566 4807; baseline -0.009 -15"><span class='ocrx_word' id='word_1_810' title='bbox 1993 4737 2300 4807; x_wconf 85' lang='lat' dir='ltr'><strong>oppositam</strong></span> <span class='ocrx_word' id='word_1_811' title='bbox 2313 4733 2635 4790; x_wconf 87' lang='lat' dir='ltr'><strong>sententiam</strong></span> <span class='ocrx_word' id='word_1_812' title='bbox 2655 4741 2868 4787; x_wconf 88' lang='lat' dir='ltr'><strong>tueatur</strong></span> <span class='ocrx_word' id='word_1_813' title='bbox 2881 4726 3566 4794; x_wconf 70' lang='lat' dir='ltr'><strong>doctrinzeecclcsiastiCm:</strong></span> 
     </span>
    </p>
   </div>
   <div class='ocr_carea' id='block_1_109' title="bbox 1995 4822 3390 4900">
    <p class='ocr_par' dir='ltr' id='par_1_109' title="bbox 1995 4822 3390 4900">
     <span class='ocr_line' id='line_1_109' title="bbox 1995 4822 3390 4900; baseline -0.007 -16"><span class='ocrx_word' id='word_1_814' title='bbox 1995 4844 2158 4900; x_wconf 85' lang='lat' dir='ltr'><strong>quam</strong></span> <span class='ocrx_word' id='word_1_815' title='bbox 2190 4844 2295 4882; x_wconf 88' lang='lat' dir='ltr'><strong>una</strong></span> <span class='ocrx_word' id='word_1_816' title='bbox 2336 4842 2459 4882; x_wconf 89' lang='lat' dir='ltr'><strong>cum</strong></span> <span class='ocrx_word' id='word_1_817' title='bbox 2497 4825 2740 4894; x_wconf 82' lang='lat' dir='ltr'><strong>ejusdem</strong></span> <span class='ocrx_word' id='word_1_818' title='bbox 2769 4822 3112 4879; x_wconf 84' lang='lat' dir='ltr'><strong>antistitibus</strong></span> <span class='ocrx_word' id='word_1_819' title='bbox 3143 4828 3390 4874; x_wconf 81' lang='lat' dir='ltr'><strong>accusat.</strong></span> 
     </span>
    </p>
   </div>
   <div class='ocr_carea' id='block_1_110' title="bbox 2647 4943 2928 5000">
    <p class='ocr_par' dir='ltr' id='par_1_110' title="bbox 2647 4943 2928 5000">
     <span class='ocr_line' id='line_1_110' title="bbox 2647 4943 2928 5000; baseline -0.014 0"><span class='ocrx_word' id='word_1_820' title='bbox 2647 4943 2797 5000; x_wconf 75' lang='lat' dir='ltr'><strong>CAP.</strong></span> <span class='ocrx_word' id='word_1_821' title='bbox 2843 4944 2928 4998; x_wconf 73' lang='lat' dir='ltr'><strong>IV.</strong></span> 
     </span>
    </p>
   </div>
   <div class='ocr_carea' id='block_1_111' title="bbox 1991 5032 3568 5158">
    <p class='ocr_par' dir='ltr' id='par_1_111' title="bbox 1991 5032 3568 5158">
     <span class='ocr_line' id='line_1_111' title="bbox 1991 5032 3568 5158; baseline -0.009 -65"><span class='ocrx_word' id='word_1_822' title='bbox 1991 5039 2145 5107; x_wconf 81' lang='lat' dir='ltr'><strong>Quod</strong></span> <span class='ocrx_word' id='word_1_823' title='bbox 2173 5055 2289 5092; x_wconf 82' lang='lat' dir='ltr'><strong>cum</strong></span> <span class='ocrx_word' id='word_1_824' title='bbox 2329 5040 2623 5158; x_wconf 61' lang='lat' dir='ltr'><strong>dectriuan;</strong></span> <span class='ocrx_word' id='word_1_825' title='bbox 2655 5037 2925 5096; x_wconf 74' lang='lat' dir='ltr'><strong>Ecclesim,</strong></span> <span class='ocrx_word' id='word_1_826' title='bbox 2954 5041 3064 5086; x_wconf 85' lang='lat' dir='ltr'><strong>tum</strong></span> <span class='ocrx_word' id='word_1_827' title='bbox 3104 5032 3341 5101; x_wconf 77' lang='lat' dir='ltr'><strong>ejusdem</strong></span> <span class='ocrx_word' id='word_1_828' title='bbox 3368 5044 3568 5100; x_wconf 67' lang='lat' dir='ltr'><strong>pra’su-</strong></span> 
     </span>
     <span class='ocr_line' id='line_1_112' title="bbox 2130 5116 2932 5158; baseline -0.007 5"><span class='ocrx_word' id='word_1_829' title='bbox 2130 5139 2132 5142; x_wconf 54' lang='grc' dir='ltr'><strong>ν</strong></span> <span class='ocrx_word' id='word_1_830' title='bbox 2623 5124 2674 5158; x_wconf 75' lang='lat' dir='ltr'><strong>es</strong></span> <span class='ocrx_word' id='word_1_831' title='bbox 2705 5116 2932 5158; x_wconf 78' lang='lat' dir='ltr'><strong>accuset.</strong></span> 
     </span>
    </p>
   </div>
   <div class='ocr_carea' id='block_1_112' title="bbox 2130 5116 2932 5160">
    <p class='ocr_par' dir='ltr' id='par_1_112' title="bbox 2130 5116 2932 5160">
     <span class='ocr_line' id='line_1_113' title="bbox 2130 5116 2932 5160; baseline -0.002 -1"><span class='ocrx_word' id='word_1_832' title='bbox 2130 5139 2132 5142; x_wconf 56' lang='grc' dir='ltr'>ν</span> <span class='ocrx_word' id='word_1_833' title='bbox 2603 5116 2674 5160; x_wconf 73' lang='lat' dir='ltr'><strong>ll&quot;</strong></span> <span class='ocrx_word' id='word_1_834' title='bbox 2705 5116 2932 5159; x_wconf 76' lang='lat' dir='ltr'><strong>accuset.</strong></span> 
     </span>
    </p>
   </div>
   <div class='ocr_carea' id='block_1_113' title="bbox 2055 5191 3570 5274">
    <p class='ocr_par' dir='ltr' id='par_1_113' title="bbox 2055 5191 3570 5274">
     <span class='ocr_line' id='line_1_114' title="bbox 2055 5191 3570 5274; baseline -0.009 -16"><span class='ocrx_word' id='word_1_835' title='bbox 2055 5209 2194 5260; x_wconf 79' lang='lat' dir='ltr'><strong>Ante</strong></span> <span class='ocrx_word' id='word_1_836' title='bbox 2222 5203 2407 5258; x_wconf 88' lang='lat' dir='ltr'><strong>omnia</strong></span> <span class='ocrx_word' id='word_1_837' title='bbox 2444 5201 2790 5274; x_wconf 79' lang='lat' dir='ltr'><strong>proponenda</strong></span> <span class='ocrx_word' id='word_1_838' title='bbox 2828 5207 2955 5252; x_wconf 84' lang='lat' dir='ltr'><strong>sunt</strong></span> <span class='ocrx_word' id='word_1_839' title='bbox 2987 5213 3016 5250; x_wconf 88' lang='lat' dir='ltr'><strong>a</strong></span> <span class='ocrx_word' id='word_1_840' title='bbox 3050 5211 3136 5251; x_wconf 87' lang='lat' dir='ltr'><strong>me</strong></span> <span class='ocrx_word' id='word_1_841' title='bbox 3184 5195 3294 5258; x_wconf 88' lang='lat' dir='ltr'><strong>illa,</strong></span> <span class='ocrx_word' id='word_1_842' title='bbox 3348 5194 3401 5248; x_wconf 91' lang='lat' dir='ltr'><strong>in</strong></span> <span class='ocrx_word' id='word_1_843' title='bbox 3442 5191 3570 5262; x_wconf 73' lang='lat' dir='ltr'><strong>qui,</strong></span> 
     </span>
    </p>
   </div>
   <div class='ocr_carea' id='block_1_114' title="bbox 1975 5467 3419 5538">
    <p class='ocr_par' dir='ltr' id='par_1_114' title="bbox 1975 5467 3419 5538">
     <span class='ocr_line' id='line_1_115' title="bbox 1975 5467 3419 5538; baseline -0.01 -2"><span class='ocrx_word' id='word_1_844' title='bbox 1975 5481 2094 5536; x_wconf 90' lang='lat' dir='ltr'><strong>dedi</strong></span> <span class='ocrx_word' id='word_1_845' title='bbox 2124 5478 2398 5533; x_wconf 74' lang='grc' dir='ltr'>διέϐαλλεν</span> <span class='ocrx_word' id='word_1_846' title='bbox 2415 5485 2469 5532; x_wconf 84' lang='lat' dir='ltr'><strong>et</strong></span> <span class='ocrx_word' id='word_1_847' title='bbox 2497 5476 2548 5528; x_wconf 89' lang='lat' dir='ltr'><strong>in</strong></span> <span class='ocrx_word' id='word_1_848' title='bbox 2578 5473 2832 5526; x_wconf 88' lang='lat' dir='ltr'><strong>lemmate</strong></span> <span class='ocrx_word' id='word_1_849' title='bbox 2860 5469 3038 5524; x_wconf 86' lang='lat' dir='ltr'><strong>addidi</strong></span> <span class='ocrx_word' id='word_1_850' title='bbox 3068 5485 3127 5523; x_wconf 80' lang='grc' dir='ltr'><strong>τε</strong></span> <span class='ocrx_word' id='word_1_851' title='bbox 3151 5475 3272 5537; x_wconf 89' lang='lat' dir='ltr'><strong>post</strong></span> <span class='ocrx_word' id='word_1_852' title='bbox 3299 5467 3419 5538; x_wconf 89' lang='grc' dir='ltr'>τήν.</span> 
     </span>
    </p>
   </div>
   <div class='ocr_carea' id='block_1_115' title="bbox 2047 5539 3564 5622">
    <p class='ocr_par' dir='ltr' id='par_1_115' title="bbox 2047 5539 3564 5622">
     <span class='ocr_line' id='line_1_116' title="bbox 2047 5539 3564 5622; baseline -0.011 -16"><span class='ocrx_word' id='word_1_853' title='bbox 2047 5552 2162 5619; x_wconf 77' lang='lat'><strong>(93)</strong></span> <span class='ocrx_word' id='word_1_854' title='bbox 2208 5546 2590 5622; x_wconf 55' lang='lat' dir='ltr'><strong>Syllabuulhic</strong></span> <span class='ocrx_word' id='word_1_855' title='bbox 2621 5545 2844 5622; x_wconf 66' lang='lat' dir='ltr'><strong>exhibet</strong></span> <span class='ocrx_word' id='word_1_856' title='bbox 2883 5541 3094 5622; x_wconf 75' lang='lat' dir='ltr'><strong>illorum</strong></span> <span class='ocrx_word' id='word_1_857' title='bbox 3116 5539 3402 5602; x_wconf 85' lang='lat' dir='ltr'><strong>Eusebius,</strong></span> <span class='ocrx_word' id='word_1_858' title='bbox 3427 5548 3564 5606; x_wconf 79' lang='lat' dir='ltr'><strong>quos</strong></span> 
     </span>
    </p>
   </div>
   <div class='ocr_carea' id='block_1_116' title="bbox 1982 5612 3564 5688">
    <p class='ocr_par' dir='ltr' id='par_1_116' title="bbox 1982 5612 3564 5688">
     <span class='ocr_line' id='line_1_117' title="bbox 1982 5612 3564 5688; baseline -0.012 -12"><span class='ocrx_word' id='word_1_859' title='bbox 1982 5612 2182 5688; x_wconf 81' lang='lat' dir='ltr'><strong>scripto</strong></span> <span class='ocrx_word' id='word_1_860' title='bbox 2213 5612 2309 5674; x_wconf 79' lang='lat' dir='ltr'><strong>suo</strong></span> <span class='ocrx_word' id='word_1_861' title='bbox 2335 5619 2423 5688; x_wconf 86' lang='lat' dir='ltr'><strong>ait</strong></span> <span class='ocrx_word' id='word_1_862' title='bbox 2454 5615 2763 5688; x_wconf 74' lang='lat' dir='ltr'><strong>Marcellum</strong></span> <span class='ocrx_word' id='word_1_863' title='bbox 2796 5612 3126 5682; x_wconf 74' lang='lat' dir='ltr'><strong>exagitasse,</strong></span> <span class='ocrx_word' id='word_1_864' title='bbox 3163 5625 3302 5688; x_wconf 63' lang='lat' dir='ltr'><strong>quos</strong></span> <span class='ocrx_word' id='word_1_865' title='bbox 3330 5623 3564 5675; x_wconf 78' lang='lat' dir='ltr'><strong>genera-</strong></span> 
     </span>
    </p>
   </div>
   <div class='ocr_carea' id='block_1_117' title="bbox 1986 5680 3566 5758">
    <p class='ocr_par' dir='ltr' id='par_1_117' title="bbox 1986 5680 3566 5758">
     <span class='ocr_line' id='line_1_118' title="bbox 1986 5680 3566 5758; baseline -0.011 -14"><span class='ocrx_word' id='word_1_866' title='bbox 1986 5680 2106 5754; x_wconf 60' lang='lat' dir='ltr'><strong>tim;</strong></span> <span class='ocrx_word' id='word_1_867' title='bbox 2134 5691 2292 5758; x_wconf 80' lang='grc' dir='ltr'>λόγου</span> <span class='ocrx_word' id='word_1_868' title='bbox 2331 5686 2637 5758; x_wconf 81' lang='grc' dir='ltr'>ἀρξάμενος</span> <span class='ocrx_word' id='word_1_869' title='bbox 2687 5680 3228 5758; x_wconf 56' lang='lat' dir='ltr'><strong>commemorarent.</strong></span> <span class='ocrx_word' id='word_1_870' title='bbox 3261 5680 3566 5758; x_wconf 52' lang='lat' dir='ltr'><strong>_Eran_t“au-</strong></span> 
     </span>
    </p>
   </div>
   <div class='ocr_carea' id='block_1_118' title="bbox 1988 5748 3565 5825">
    <p class='ocr_par' dir='ltr' id='par_1_118' title="bbox 1988 5748 3565 5825">
     <span class='ocr_line' id='line_1_119' title="bbox 1988 5748 3565 5825; baseline -0.01 -9"><span class='ocrx_word' id='word_1_871' title='bbox 1988 5748 2309 5816; x_wconf 61' lang='lat' dir='ltr'><strong>tentent&#39;nes</strong></span> <span class='ocrx_word' id='word_1_872' title='bbox 2339 5748 2660 5813; x_wconf 65' lang='lat' dir='ltr'><strong>A&#39;rianoruin</strong></span> <span class='ocrx_word' id='word_1_873' title='bbox 2693 5754 2970 5825; x_wconf 88' lang='lat' dir='ltr'><strong>primipili,</strong></span> <span class='ocrx_word' id='word_1_874' title='bbox 3005 5760 3059 5807; x_wconf 87' lang='lat' dir='ltr'><strong>et</strong></span> <span class='ocrx_word' id='word_1_875' title='bbox 3095 5750 3353 5823; x_wconf 82' lang='lat' dir='ltr'><strong>acerrimi</strong></span> <span class='ocrx_word' id='word_1_876' title='bbox 3379 5748 3565 5805; x_wconf 64' lang='lat' dir='ltr'><strong>deleu-</strong></span> 
     </span>
    </p>
   </div>
  </div>
