4098 6200
283 320 383 375 7ᾱῖ

1403 315 1674 369 CONTRA
1723 311 2149 369 MARCELLUM
2186 313 2309 368 LIB.
2355 316 2393 368 1.

3414 316 3517 371 754

282 458 300 490 ι
339 436 463 489 Θεὸκ
528 436 954 507 παντοκράτορα,
1009 436 1100 487 καὶ
1140 436 1217 497 είς
1258 436 1350 488 τὸν
1402 437 1529 489 Υἱὸν
1560 436 1720 490 αὑτοῦ
1763 437 1851 489 τὸν

1957 437 2091 492 velle
2148 439 2516 491 contradicere
2567 436 2792 507 singulis
2838 440 3102 506 partibus,
3146 455 3266 507 qua:
3326 442 3377 493 in
3415 441 3520 495 fide

279 548 298 581 ι
343 528 615 599 μονογενῆ
638 527 789 590 Θεὸν,
820 527 910 579 τὸν
942 527 1141 597 Κύριον
1177 526 1331 597 ἡμῶν
1366 529 1569 597 Ἰησοῦν
1598 528 1845 600 Χριστὸν,

276 639 298 674 ι
339 621 438 675 καὶ
466 622 547 683 εἰς
578 620 638 673 τὸ
672 618 887 689 Πνεῦμα
921 619 980 671 τὸ
1010 619 1162 686 ἅγιον
1187 636 1199 648 ⁸
1241 638 1258 670 ι
1294 619 1387 673 καί
1434 638 1614 691 φησιν,
1658 624 1722 674 ἐκ
1744 621 1849 673 τῶν

274 714 440 769 θεῖων
486 714 716 785 Γραφῶν
770 710 1141 783 μεμαθηκέναι
1185 712 1372 767 τοῦτον
1418 714 1508 766 τὸν
1542 714 1638 784 τῆς
1672 714 1850 767 θεοσε-

275 806 434 871 ϐείας
454 807 671 879 τρόπον.
712 803 848 872 Ἐγὼ
880 804 956 867 δὲ,
986 805 1118 857 ὃταν
1152 805 1249 875 μὲν
1277 805 1431 858 τοῦτο
1458 806 1610 878 λέγῃ,
1661 806 1851 858 ἀποδέ-

278 917 448 971 χομαι
472 900 668 969 σφόδρα
687 896 751 950 τὰ
771 896 1056 965 λεγόμενα.
1082 896 1274 959 Κοινὸς
1296 897 1404 967 γὰρ
1426 891 1580 960 οὗτος
1598 897 1850 950 ἀπάντων

280 991 437 1063 ἡμῶν
494 995 591 1061 τῆς
653 989 961 1052 θεοσεϐείας
1014 989 1042 1040 6
1102 988 1319 1057 τρόπος·
1392 990 1702 1041 Πιστεύειν
1764 990 1851 1053 είς

280 1084 530 1152 Πατέρα,
570 1082 663 1135 καὶ
707 1080 863 1143 Υἱὸν,
912 1081 1009 1134 καὶ
1053 1081 1223 1149 ἅγιον
1260 1080 1516 1149 Πνεῦμα.
1560 1081 1724 1133 Ὅταν
1768 1080 1846 1144 δὲ,

284 1174 357 1245 μὴ
382 1175 478 1243 τῆς
501 1173 648 1236 θείας
681 1172 1077 1243 ἐστοχασμένος
1108 1172 1407 1241 δυνάμεως,
1437 1171 1850 1243 ἀνθρωπικώτε-

278 1284 370 1337 ρον
400 1268 528 1335 ήμῖν
559 1265 647 1317 διά
680 1281 826 1327 τινος
854 1264 1097 1335 ἐντέχνου
1134 1264 1383 1334 Θεωρίας,
1414 1263 1505 1316 τόν
1539 1281 1596 1316 τε
1630 1265 1849 1335 Πατέρα

278 1359 491 1427 Πατέρα
518 1355 674 1428 λέγῃ,
705 1356 799 1409 καὶ
831 1356 921 1408 τὸν
948 1356 1073 1408 Υίὸν
1097 1355 1241 1417 Υἱὸν,
1271 1356 1370 1408 οὐκ
1392 1354 1464 1407 ἔτ’
1488 1358 1727 1409 ἐπαινεῖν
1752 1357 1849 1428 τὴν

278 1448 523 1519 τοιαύτην
559 1448 794 1519 θεωρίαν
827 1448 1122 1501 ἀκίνδυνον.
1175 1448 1272 1501 Διὰ
1328 1448 1434 1520 γὰρ
1470 1449 1567 1519 τῆς
1600 1448 1850 1519 τοιαύτης

268 1540 503 1610 θεωρίας
532 1539 631 1610 τὴν
667 1539 760 1591 νῦν
795 1540 975 1601 αὐτοῖς
1018 1538 1403 1608 ἐπινοουμένην
1454 1539 1664 1609 αἵρεσιν
1694 1537 1850 1603 αὐξά-

277 1632 456 1686 ιρεσθαι
487 1631 774 1700 συμϐαίνει
795 1648 808 1660 ·
838 1630 1026 1699 ῶσπερ
1062 1630 1244 1698 σαφῶς
1272 1629 1531 1696 ἐπιδεῖξαι
1563 1630 1741 1701 ῥᾴδιον
1768 1625 1847 1682 οἷ-

274 1724 464 1793 pati-:1
492 1723 599 1775 τῶν
629 1722 791 1775 αὑτοῦ
824 1722 1014 1789 λόγων.
1047 1723 1187 1792 Ἔφη
1225 1722 1330 1791 γὰρ
1364 1721 1598 1789 τὸνμὲν
1621 1721 1850 1787 Πατέρα

272 1816 402 1869 δεῖν
427 1812 659 1882 άληθῶς
695 1812 924 1881 Πατέρα
967 1809 1116 1867 εἶναι
1146 1812 1417 1880 νομίζειν,
1448 1813 1543 1865 καὶ
1574 1811 1678 1865 τὸν
1716 1814 1847 1866 Υἱὸν

272 1905 516 1971 ἀληθῶς
570 1907 731 1959 Υιόν·
779 1908 875 1959 καὶ
925 1906 992 1959 τὸ
1044 1904 1213 1974 ἅγιον
1257 1904 1495 1972 Πνεῦμα
1546 1904 1844 1969 ὡσαύτως.

275 1999 464 2051 Ταῦτα
485 2000 513 2050 6
538 1996 849 2069 Μάρκελλος
881 1997 1011 2068 πρὸς
1047 1996 1338 2066 Ἀστέριον,
1357 1996 1455 2048 οὐκ
1484 1996 1846 2066 ἀρεσκόμενος

278 2089 359 2158 τῷ
400 2089 489 2140 τὸν
523 2088 735 2158 Πατέρα
775 2088 883 2140 δεῖν
913 2087 1125 2158 ἀληθῶς
1161 2089 1377 2159 Πατέρα
1409 2088 1708 2157 ὁμολογεῖν,
1754 2089 1847 2140 καὶ

282 2181 371 2233 τὸν
402 2181 525 2233 Υίὸν
553 2180 765 2251 ἀληθῶς
814 2180 961 2248 Υίὸν,
1011 2182 1103 2233 καὶ
1134 2181 1193 2233 τὸ
1232 2182 1383 2249 ἆγιον
1412 2180 1633 2250 Πνεῦμα
1671 2181 1848 2233 ὡσαύ-

281 2290 402 2335 τως.
431 2272 589 2325 Ὅθεν
623 2271 750 2341 ἑξῆς
792 2272 879 2327 διὰ
931 2272 1280 2343 μακροτέρων
1324 2272 1711 2337 ἀνασκευάζειν
1758 2273 1848 2326 τὸν

278 2365 403 2435 περὶ
437 2364 639 2417 τούτων
688 2366 939 2435 πειρᾶται
968 2364 1141 2432 λόγον.
1180 2363 1345 2417 Ψιλὸν
1370 2364 1479 2437 γὰρ
1528 2365 1621 2418 καὶ
1652 2365 1729 2435 τῷ
1758 2366 1849 2418 ἀν-

274 2454 525 2525 θρωπείῳ
553 2453 698 2524 λόγῳ
717 2455 921 2523 ὅμοιον,
946 2454 1063 2523 οὐχὶ
1086 2454 1141 2505 δὲ
1170 2453 1295 2506 Υίὸν
1314 2453 1527 2525 ἀληθῶς
1549 2454 1722 2519 ζῶντα
1757 2455 1849 2506 καὶ

274 2545 574 2614 ὑφεστῶτα,
629 2546 718 2598 τὸν
758 2545 989 2616 Χριστὸν
1023 2541 1160 2597 εἶναι
1195 2544 1473 2614 ὁμολογεῖν
1500 2544 1689 2600 ἐθέλει.
1740 2546 1849 2599 Καὶ

272 2637 459 2708 ἐπειδὴ
481 2636 681 2706 ταύτην
706 2631 825 2689 εἷπε
856 2636 1184 2689 ἐπινοεῖσθαι
1217 2634 1311 2688 νῦν
1338 2635 1567 2706 αἵρεσιν,
1589 2635 1845 2699 δεικτέον,

270 2730 348 2793 ὡς
379 2730 603 2801 προῖὼν,
620 2729 923 2800 Ὤριγένους
940 2729 1033 2782 τοῦ
1062 2728 1227 2781 πάλαι
1244 2728 1318 2797 (9..)
1332 2728 1621 2798 γενομένου
1644 2730 1850 2799 μέμνη-

271 2838 366 2875 ται
406 2822 481 2884 ὡς
515 2820 892 2891 ὁμοδοξοῦντος
922 2824 1031 2885 τοῖς
1067 2823 1183 2875 νυνὶ
1212 2822 1349 2892 πρὸς
1376 2820 1537 2873 αὑτοῦ
1567 2820 1847 2873 διαϐαλλο-

280 2914 481 2985 μένοις.
522 2912 660 2982 Ἐγὼ
685 2914 739 2967 δὲ
766 2916 859 2968 καὶ
896 2915 1199 2986 Ὠριγὲνους
1232 2912 1616 2983 παλαιωτέρων
1643 2912 1850 2983 ἀνδρῶν

277 3006 552 3069 πλείστοις
576 3007 719 3071 ὅσοις
744 3008 1211 3078 ἐκκλησιαστικοῖς
1246 3006 1671 3078 συγγράμμασιν
1702 3007 1849 3059 ἐντε-

274 3098 513 3169 τύχηκα,
540 3099 846 3154 ἐπισκόπων
880 3118 939 3153 τε
963 3101 1056 3154 καὶ
1080 3100 1310 3153 συνόδων
1335 3098 1640 3163 ἐπιστολαῖς
1668 3099 1852 3169 διαφό-

280 3209 414 3261 ροις,
451 3192 721 3263 πρόπαλαι
755 3194 1101 3264 γραφείσαις,
1133 3192 1200 3245 δι’
1230 3186 1303 3245 ὧν
1338 3189 1415 3256 εἷς
1452 3194 1543 3245 καὶ
1575 3194 1603 3245 6
1636 3192 1794 3255 αὐτὸς
1821 3195 1850 3245 6

276 3282 376 3350 τῆς
406 3283 637 3347 πίστεως
666 3285 950 3355 χαρακτὴρ
983 3284 1387 3337 ἀποδείκνυται.
1414 3283 1527 3335 υύκ
1549 3283 1721 3355 ὀρθῶς
1743 3283 1851 3354 ἄρα

275 3374 626 3446 διαϐέϐληκεν
660 3376 829 3431 εἰπὼν
886 3376 1213 3430 ἐπινοεῖσθαι
1248 3376 1345 3447 τὴν
1373 3376 1467 3430 νῦν
1501 3377 1711 3446 αἵρεσιν
1747 3377 1851 3429 ὑπὸ

275 3466 385 3520 τῶν
408 3468 859 3539 διαϐαλλομένων.
878 3468 1033 3522 Μετά
1051 3468 1222 3522 ταῦτα
1251 3469 1445 3539 μικρὸν
1472 3468 1767 3540 προελθὼν,
1788 3471 1847 3522 ού

274 3560 368 3612 τὸν
396 3560 668 3631 ’Δστέριον
696 3562 872 3631 μόνον,
898 3560 1030 3614 ἀλλά
1053 3561 1143 3613 καὶ
1172 3560 1260 3613 τὸν
1281 3561 1452 3631 μέγαν
1468 3559 1723 3615 Εὑσέὸιον
1749 3560 1847 3631 (5),

275 3647 339 3707 οὗ
395 3654 495 3723 τῆς
557 3654 859 3724 ἐπισκοπῆς
913 3653 1158 3707 πλεῖσται
1214 3654 1305 3705 καὶ⁵
1359 3652 1635 3722 διαφανεῖς
1684 3654 1856 3723 ἐπαρ-

276 3744 391 3814 χίαι
439 3761 497 3796 τε
545 3747 636 3797 καὶ
686 3746 868 3808 πόλεις
905 3744 1360 3815 μετεποιήθησαν,
1397 3744 1580 3808 κακῶς
1604 3743 1854 3815 ἀγορεύει

274 3830 464 3886 τοῦτον
490 3834 580 3887 τὸν
613 3834 843 3905 τρόπον’
879 3852 896 3885 ι
942 3835 1271 3904 ’Υπομνήσω
1296 3833 1352 3887 δέ
1380 3851 1459 3894 σε,
1484 3827 1559 3887 ὧν
1588 3835 1748 3897 αὐτὸς
1769 3834 1854 3903 γέ-

281 3943 300 3975 ι
348 3942 524 3996 γραφε
554 3927 936 3997 συνιστάμενος
964 3930 1073 3989 τοῖς
1099 3926 1284 3990 κακῶς
1306 3926 1409 3979 ὑπὸ
1439 3926 1696 3979 Εὐσεϐίου
1720 3944 1853 3997 γρα-

282 4037 301 4069 σ
352 4021 515 4085 φεῖσι,
533 4020 619 4072 ἴνα
633 4019 795 4090 γνῷς,
821 4021 901 4072 ὅτι
935 4020 1224 4087 ἀφίσταται
1252 4018 1435 4086 σαφῶς
1462 4019 1563 4087 τῆς
1584 4020 1855 4089 προτέρας

281 4128 300 4160 ι
353 4111 709 4181 ἀπαγγελίας.
746 4112 995 4184 Γέγραφε
1026 4111 1134 4182 γὰρ
1167 4112 1357 4173 αὑταῖς
1408 4109 1614 4175 λέξεσιν
1651 4110 1848 4173 οὕτως·

358 4324 413 4381 ἧς
450 4317 544 4372 Ed.
584 4318 780 4383 Paris.,
806 4337 922 4389 pag.
960 4320 1049 4373 20.

1957 531 2130 583 minus
2162 540 2305 583 recte
2338 529 2549 582 fuerant
2584 530 2804 583 sanciue
2835 544 2849 582 :
2885 549 2903 580 ι
2950 529 3180 583 Credere
3203 532 3343 584 enim
3370 546 3429 585 se
3465 533 3519 585 in

1958 640 1977 671 ι
2026 623 2188 677 Deum
2222 621 2433 676 Patrem
2464 622 2905 690 omnipotentem,
2938 632 2991 677 et
3034 622 3086 675 iu
3116 622 3311 678 Filium
3348 623 3520 694 ipsius

1958 734 1975 765 ι
2024 712 2359 783 unigenitum
2426 713 2614 777 Deum,
2676 713 2963 767 Dominum
3029 724 3273 768 nostrum
3335 714 3518 770 Jesnm

1957 826 1973 857 ι
2020 806 2319 868 Christum,
2352 814 2407 858 et
2461 805 2515 859 in
2569 806 2827 875 Spiritum
2876 816 3165 864 sanctum:
3200 826 3218 859 ι
3249 808 3431 877 aitque
3462 823 3520 863 se

1952 900 2196 953 edoctum
2230 914 2261 952 e
2289 898 2459 953 sacris
2502 898 2692 953 litteris
2720 900 2862 953 hanc
2896 900 3110 966 pietatis
3138 899 3361 954 formam
3382 901 3519 955 didi-

1953 986 2106 1041 cisse.
2132 987 2260 1052 Quaa
2291 989 2368 1041 sic
2405 991 2470 1042 ab
2508 987 2598 1041 illo
2624 988 2789 1055 dicta,
2824 990 3197 1045 lubentissimo
3222 990 3519 1059 amplector

1952 1080 2151 1132 animo.
2191 1079 2282 1133 Est
2309 1080 2451 1134 enim
2480 1082 2784 1136 communis
2815 1082 2929 1135 haec
2961 1083 3205 1135 omnium
3257 1081 3376 1136 tidei
3408 1082 3519 1135 for-

1954 1169 2124 1222 mula:
2148 1167 2443 1224 Crederein
2468 1168 2697 1240 Patrem,
2725 1181 2772 1225 et
2792 1170 3016 1239 Filium,
3046 1183 3091 1227 et
3112 1172 3372 1241 Spiritum
3390 1192 3517 1229 san-
3554 1190 3561 1199 ‘

1953 1270 2109 1314 ctum.
2143 1262 2212 1312 At
2248 1277 2367 1314 cum
2397 1262 2560 1325 idem,
2589 1264 2885 1331 potentiam
2917 1273 2971 1317 et
3008 1265 3115 1317 vim
3149 1266 3385 1318 divinam
3420 1266 3520 1319 mi-

1954 1352 2097 1406 nime
2135 1352 2446 1417 advertens,
2479 1354 2725 1409 lnnnano
2755 1370 2904 1410 more
2948 1370 3045 1423 per
3097 1357 3520 1426 speculationem

1951 1445 2237 1513 quamdam
2261 1445 2477 1500 Patrem
2501 1447 2631 1501 dicit
2658 1446 2910 1512 Patrem;
2940 1448 3133 1503 Filium
3160 1450 3382 1515 Filium,
3414 1467 3520 1506 non

1953 1536 2175 1605 perinde
2205 1546 2319 1592 tuto
2344 1538 2563 1592 laudare
2586 1539 2717 1592 mihi
2748 1555 2845 1607 par
2882 1549 2986 1602 est,
3019 1542 3157 1595 hanc
3186 1545 3305 1609 ejus
3333 1542 3520 1611 hujus-

1953 1627 2160 1679 cemodi
2207 1626 2743 1695 contemplationem.
2777 1629 2877 1683 Per
2910 1629 3047 1683 hanc
3078 1632 3275 1684 etenim
3310 1634 3523 1686 contin-

1956 1717 2053 1785 git,
2090 1717 2339 1771 haeresim
2370 1717 2441 1772 ab
2474 1718 2578 1773 illis
2621 1719 2968 1774 adinventam
3002 1721 3393 1776 incrementum
3428 1737 3520 1778 su-

1954 1822 2134 1873 mere;
2165 1810 2304 1877 quod
2342 1808 2502 1864 facile
2531 1825 2614 1863 me
2643 1826 2801 1879 posse
2848 1813 3226 1867 demonstrare
3266 1816 3517 1879 arbitror,

1954 1900 2226 1967 productis
2254 1916 2371 1969 qua:
2399 1900 2465 1955 ab
2489 1902 2576 1956 illo
2609 1903 2747 1957 dicta
2783 1913 2928 1957 sunt.
2964 1904 3050 1976 [Β.
3087 1904 3520 1976 ιΙΧ.]ηΑΙῘὶι·ηιοι

1953 1992 2095 2045 enim
2131 1997 2275 2061 quod
2309 1996 2517 2048 omnino
2548 1996 2616 2049 sit
2658 2013 2861 2050 necesse
2907 1995 3122 2050 Patrem
3156 1999 3395 2066 conﬁteri
3433 2017 3521 2054 ve-

1954 2085 2150 2138 raciter
2200 2103 2310 2140 esse
2343 2086 2555 2142 Patrem
2583 2098 2668 2141 εει
2705 2087 2907 2142 Filium
2942 2092 3009 2143 ad
3042 2092 3278 2144 eumdem
3307 2096 3521 2145 modum

1954 2191 2064 2230 esse
2094 2174 2294 2230 Filium
2321 2194 2455 2245 vere,
2492 2195 2582 2232 ne:
2620 2196 2723 2232 non
2748 2190 2797 2232 et
2834 2178 3089 2248 Spiritum
3118 2194 3378 2237 sanctum.
3401 2184 3523 2239 ":cc

1954 2279 2141 2321 contra
2171 2271 2443 2324 ASIerium
2478 2270 2759 2327 Marcellus
2799 2270 3053 2339 alﬁrmat,
3094 2291 3195 2328 non
3236 2285 3549 2345 contentus,

1955 2361 2198 2429 posuisse
2254 2363 2304 2415 in
2354 2363 2628 2429 confesso,
2691 2364 2902 2419 Patrem
2957 2368 3352 2436 agnoscendum
3402 2385 3524 2424 esse

1954 2453 2170 2508 Patrem
2202 2456 2492 2519 veraciter,
2520 2456 2714 2510 Filium
2746 2473 2868 2513 esse
2902 2458 3127 2522 Filium,
3176 2469 3226 2513 et
3262 2459 3523 2530 Spiritum

1956 2558 2201 2603 sanctum
2231 2549 2295 2601 ad
2327 2547 2574 2603 eumdem
2609 2550 2846 2603 modum.
2872 2548 3008 2604 llinc
3044 2549 3243 2603 factum
3278 2561 3335 2604 nt
3365 2553 3522 2605 deiu-

1955 2654 2080 2708 ceps
2118 2640 2170 2693 in
2207 2641 2667 2708 consequentibus
2698 2639 2944 2694 refellere
2982 2650 3206 2695 conetur
3256 2644 3396 2697 hanc
3427 2657 3526 2710 po-

1956 2732 2223 2786 sitionem.
2258 2730 2383 2786 Vult
2420 2731 2563 2786 enim
2620 2730 2897 2787 Christum
2952 2735 3350 2802 agnoscendum
3401 2749 3523 2788 esse

1957 2825 2155 2876 nudum
2188 2825 2410 2878 verbum
2447 2833 2501 2880 et
2536 2824 2770 2878 humano
2793 2824 3259 2891 consimillimnm,
3291 2840 3395 2880 non
3431 2842 3526 2880 au-

1960 2925 2063 2969 tem
2111 2914 2301 2969 Filium
2344 2930 2464 2971 esse
2499 2915 2592 2971 Dei
2637 2916 2816 2970 vivum
2856 2926 2912 2972 et
2948 2918 3356 2973 subsistentem.
3388 2917 3521 2973 Cum

1958 3021 2087 3061 vero
2115 3008 2181 3060 ab
2212 3007 2299 3061 illo
2328 3008 2531 3063 dictum
2581 3009 2671 3074 sit,
2712 3011 3023 3079 nuperrime
3078 3010 3218 3065 hanc
3272 3012 3520 3066 haeresim

1957 3100 2314 3167 excogitatam
2340 3100 2529 3167 fuisse,
2566 3106 2623 3164 »Β
2656 3103 3047 3156 ostendendum
3086 3110 3189 3169 est,
3213 3102 3519 3173 Origencm,

1959 3192 2106 3245 illum
2140 3192 2312 3261 ipsum
2336 3194 2427 3263 qui
2453 3193 2585 3247 vixit
2608 3209 2734 3249 cum
2763 3194 3059 3264 majoribus
3085 3197 3304 3261 nostris,
3327 3198 3393 3250 ab
3424 3197 3525 3251 hoc
3606 3228 3610 3233 -

1958 3284 2076 3354 ipso
2124 3283 2398 3352 Marcello,
2430 3286 2483 3340 in
2518 3300 2774 3356 processu
2826 3288 3095 3342 sermonis
3143 3288 3433 3351 introduci,
3469 3299 3524 3341 ut

1956 3379 2199 3430 eamdem
2243 3376 2513 3433 foventem
2565 3381 2840 3446 Opinionis
2884 3380 3230 3447 sententiam,
3266 3398 3387 3435 cum
3433 3383 3523 3439 iis.

1955 3484 2090 3536 quos
2122 3479 2362 3524 accusat.
2399 3469 2510 3541 Ego
2548 3482 2727 3527 autem
2779 3473 3167 3545 scriptionibus
3191 3474 3525 3528 ecclesiasti-

1955 3561 2034 3616 cis
2065 3562 2483 3633 quamplurimis
2513 3564 2785 3633 perlectis,
2823 3567 2891 3620 ab
2924 3565 3156 3636 Origene
3195 3566 3520 3634 antiquiori-

1957 3653 2057 3707 bus
2095 3652 2222 3707 olim
2270 3653 2605 3710 elaboratis:
2635 3664 2690 3710 et
2720 3655 2968 3726 epistolis
3006 3656 3240 3710 diversis
3287 3654 3523 3726 synodo-

1956 3760 2073 3799 rum
2115 3754 2171 3800 et
2223 3747 2606 3816 episcoporum
2640 3749 2861 3804 nomine
2895 3747 3114 3818 scriptis
3142 3764 3155 3800 :
3182 3749 3236 3802 in
3270 3746 3377 3801 illis
3412 3747 3525 3800 sin-

1955 3838 2095 3904 gulis
2146 3840 2396 3895 eumdem
2456 3840 2577 3897 fidei
2629 3843 2944 3898 charactera
2982 3857 3078 3911 per
3105 3842 3285 3895 omnia
3342 3840 3529 3909 depre-

1962 3929 2144 3983 hendi.
2179 3928 2248 3986 Ut
2276 3947 2496 3988 necesse
2528 3934 2601 3989 sit
2636 3934 2787 3989 illum
2834 3950 3023 4004 parum
3056 3934 3351 3989 secundum
3385 3933 3527 3986 veri-

1963 4030 2129 4075 tatem
2185 4023 2327 4079 hanc
2388 4026 2789 4081 accusationem
2845 4027 3178 4092 instituisse,
3215 4025 3525 4096 nuperrime

1960 4113 2117 4168 istam
2138 4114 2386 4172 haeresim
2414 4118 2780 4175 adinventam.
2809 4118 3139 4175 Procedente
3162 4134 3322 4189 porro
3345 4116 3529 4188 paula-

280 4502 445 4561 Dens,
471 4515 630 4572 verus
656 4501 870 4567 quidem
905 4516 1010 4554 non
1050 4501 1237 4563 ἀΐδιος,
1269 4517 1398 4572 sane
1432 4499 1851 4572 apntl_At_haua-

1958 4501 2157 4572 ψηφον.
2192 4498 2329 4572 Quid
2360 4498 2425 4554 de
2467 4497 2557 4572 illo
2600 4498 2943 4572 χαλκεντέρῳ
2973 4498 3265 4572 scripserat
3306 4498 3528 4553 Marcel-

279 4573 449 4634 sium,
494 4571 740 4638 inquiunt
768 4572 972 4635 Ariani,
999 4573 1045 4623 εί
1085 4572 1151 4624 δὲ’
1172 4572 1265 4624 καὶ
1305 4570 1436 4623 Θεὸν
1476 4569 1724 4638 ἀληθινὸν
1770 4570 1856 4623 λέ-

280 4658 441 4712 γουσι
478 4640 737 4712 τὸνλνΥίὸν,
766 4642 826 4694 ού
857 4642 1015 4694 λυπεῖ
1040 4644 1203 4712 ἡμᾶς·
1231 4641 1517 4712 γενόμενος
1538 4640 1645 4712 γάρ
1672 4640 1857 4710 ἀληθι-

279 4711 371 4772 νός
404 4714 538 4764 ἐστι.
565 4710 654 4765 Sic
678 4712 753 4763 illi
786 4710 1553 4765 nebulonesludebantvafre.
1572 4710 1856 4765 Marcellus

282 4792 535 4834 assuetus
563 4782 771 4834 illorum
809 4785 1017 4835 tccbnis
1058 4784 1159 4835 hoc
1192 4782 1366 4850 tetigit
1413 4798 1426 4833 :
1468 4783 1692 4850 pupugit
1728 4798 1857 4849 ergo

282 4852 377 4904 τὸν
413 4852 618 4921 σαπρόν
651 4851 955 4915 Eusebium,
985 4863 1039 4905 et
1084 4852 1207 4906 hinc
1235 4852 1323 4903 illa
1368 4852 1622 4903 immanis
1652 4851 1854 4903 caluitii-

284 4923 375 4975 nia
401 4923 455 4973 iu
485 4923 797 4989 eum,qnasi
830 4922 1022 4974 Filiqu
1058 4922 1147 4976 Dei
1181 4938 1285 4975 non
1314 4937 1502 4974 revera
1522 4921 1715 4973 Filium
1742 4937 1858 4976 cre-

284 4994 442 5042 deret
476 4992 583 5053 ille,
607 4993 698 5060 qui
753 5007 854 5045 non
889 4993 1254 5061 oppugnabat.
1285 4990 1535 5061 ἀληθινὸν
1563 4991 1689 5044 Υίὸν
1724 4993 1853 5044 siin-

285 5062 526 5129 pliciter,
555 5067 645 5114 sed
680 5071 886 5115 tantum
918 5063 1212 5115 secundum
1242 5075 1473 5115 mentem
1502 5063 1851 5125 Arianorum,

284 5133 379 5200 qui
436 5147 620 5183 verum
657 5132 845 5196 Deum,
878 5147 1062 5185 verum
1119 5130 1333 5195 Filium,
1359 5147 1542 5184 verum
1595 5133 1850 5195 Verbum,

285 5219 337 5254 Ct
370 5202 551 5255 omnia
584 5205 648 5254 de
692 5218 757 5256 eo
801 5216 925 5257 vera
974 5202 1302 5267 fatebantur,
1340 5204 1432 5257 sed
1474 5202 1740 5267 ὑπούλως,
1767 5214 1852 5254 ut-

290 5284 416 5338 pote
440 5287 543 5343 non
574 5286 834 5325 :eternum
879 5277 971 5326 sed
1017 5283 1281 5327 creatum.
1320 5290 1426 5326 non
1464 5273 1717 5343 ὸμούσιον
1757 5276 1849 5327 sed

290 5341 630 5412 ἐτερούσιον,
679 5344 743 5396 ad
794 5359 1060 5396 summum
1119 5344 1441 5412 ὀμοιούσιον.
1502 5341 1572 5399 Μ.
1624 5374 1693 5384 -
1738 5343 1859 5397 Mox

296 5411 399 5485 ιιι).
451 5412 620 5485 τύπον
649 5414 771 5485 loco;
794 5414 1013 5484 τρόπον,
1058 5411 1180 5467 dein
1210 5417 1368 5483 vulgo
1410 5418 1559 5470 deest
1603 5414 1699 5485 μέν
1740 5424 1862 5484 post

293 5482 419 5535 ὅταν
441 5494 493 5533 et
523 5483 657 5535 infra
691 5482 845 5550 vulgo
867 5486 960 5536 Πν.
989 5486 1160 5551 ἆγιον.

363 5554 439 5622 t2)
492 5553 826 5623 Ὠριγέζους
858 5554 961 5606 τοῦ
1000 5555 1204 5607 πάλαι.
1255 5551 1373 5607 Jain
1423 5554 1857 5619 antcOrigencm

300 5621 645 5692 retensnerat
690 5621 949 5677 Eusebius
996 5626 1136 5678 inter
1164 5641 1258 5677 eos
1293 5640 1429 5692 quos
1459 5628 1573 5678 vult
1628 5625 1856 5676 Marcel-

297 5691 406 5745 lum
450 5692 810 5759 proscidisse;
852 5694 939 5747 hic
989 5710 1117 5761 ergo
1150 5697 1217 5747 ad
1249 5691 1489 5748 eamdem
1537 5694 1856 5747 sententiam

295 5764 395 5831 ait,
430 5764 717 5833 Origeuem
742 5765 807 5817 ab
832 5779 895 5818 eo
939 5775 1247 5820 accusatum
1291 5767 1449 5821 veluti
1480 5765 1694 5821 Arionis
1723 5763 1859 5832 σύμ-

1961 4568 2066 4636 ιιιὲ,
2097 4587 2198 4624 non
2237 4569 2422 4637 liquet.
2456 4568 2615 4622 Certe
2642 4568 2966 4622 Athanaéius
2999 4569 3139 4622 illius
3170 4571 3396 4622 advocat
3446 4580 3528 4621 te-

1957 4643 2292 4710 stimonium.
2356 4640 2407 4691 in
2435 4655 2547 4710 quo
2584 4638 2877 4710 διαρρήδην
2912 4640 3039 4692 illud
3059 4641 3395 4710 Arianorum
3420 4638 3527 4710 ψή-

1960 4731 2156 4782 φισμα.
2186 4707 2252 4782 ἦν
2277 4682 2365 4763 ὸτε
2394 4680 2494 4782 οὐκ
2518 4705 2606 4779 ἦν.
2632 4680 2896 4782 τιέίὲιίιιίιι·
2923 4722 2976 4763 et
2998 4708 3255 4782 rejicilnr.
3278 4680 3530 4763 M.--§tl'

1959 4778 2148 4852 pra-di;
2172 4778 2297 4835 ante
2326 4778 2560 4852 προῖῶνξ
2600 4780 2735 4852 infra
2761 4783 2789 4832 6
2816 4790 2938 4852 ante
2969 4780 3128 4843 αύτός
3164 4781 3321 4848 vulgo
3350 4781 3524 4852 deest.

2029 4854 2103 4925 (5)
2152 4853 2263 4925 Τὸν
2302 4850 2507 4925 μέγαν-
2538 4851 2849 4925 Εὐσέϐιον.
2909 4851 3137 4925 Semper
3181 4852 3281 4925 hoc
3322 4850 3528 4925 elogio,

1964 4920 2104 4977 hunc
2134 4920 2453 4981 alastoretn;
2496 4922 2585 4974 llic
2619 4935 2746 4975 vero
2790 4930 3009 4988 apparet
3058 4921 3203 4973 llllllll
3250 4920 3527 4986 designari

1960 4993 2451 5047 Nicomediensem.
2489 4991 2617 5043 Erat
2652 4992 2794 5045 enim
2824 4992 3229 5057 episcopatnum
3266 4989 3526 5052 desultor,

1962 5063 2291 5133 Berytensis,
2339 5062 2803 5133 Nicomediensis,
2840 5060 3472 5133 tloustantiuopolitauus
3514 5078 3525 5113 :

1957 5145 2011 5188 et
2035 5130 2078 5188 si
2114 5142 2257 5188 recte
2290 5134 2531 5194 memini,
2555 5132 2788 5185 ambitor
2820 5130 2946 5183 oliui
2986 5131 3334 5183 Autiochena:
3363 5130 3527 5183 sedis.

1957 5204 2117 5271 Quasi
2152 5204 2327 5257 hocin
2355 5218 2419 5258 eo
2446 5202 2603 5255 laude
2634 5201 2810 5254 fuerat
2842 5200 3085 5267 dignum,
3114 5202 3183 5252 ita
3216 5200 3283 5252 ab
3313 5198 3530 5271 hocal-

1961 5269 2074 5330 tero
2129 5274 2357 5329 Eusebio
2412 5283 2899 5337 commemoratur;
2930 5272 3200 5335 objectum
3235 5278 3317 5322 est
3342 5269 3392 5322 ei
3429 5270 3530 5324 hoc

1965 5348 2162 5411 ipsum,
2192 5343 2503 5397 ambitionis
2531 5341 2770 5401 animali,
2799 5356 2893 5409 per
2921 5339 3358 5411 Constantinum,
3392 5354 3530 5393 non-

1964 5407 2088 5469 dum
2117 5407 2537 5485 ἀρειανίζοντας
2581 5412 2627 5485 is
2655 5426 2778 5465 enm
2806 5407 3064 5485 depingit
3109 5408 3248 5479 apud
3264 5407 3531 5485 Ehe-udo-

1966 5497 2065 5538 ret.
2093 5478 2327 5538 no'udutu
2378 5485 2444 5537 ab
2472 5483 2561 5535 illo
2596 5482 2868 5535 inescatus
2896 5480 2988 5536 lib.
3022 5497 3072 5545 ι,
3100 5495 3221 5549 cap.
3260 5478 3328 5531 20
3358 5495 3374 5545 ;
3412 5480 3530 5532 vide

1964 5555 2242 5620 epistolam
2300 5554 2550 5608 Ecclesia:
2594 5553 2970 5605 Alexandrinae
3017 5552 3446 5621 apudAthanas.
3477 5548 3531 5621 in

1964 5619 2117 5695 Apol.
2156 5626 2299 5684 n.de
2316 5626 2432 5695 ejus
2462 5623 2753 5695 desultoria
2787 5619 3099 5695 ambitione.
3121 5619 3396 5673 M.——l)ein
3418 5620 3533 5695 vnl-

1960 5688 2025 5763 gu
2057 5690 2131 5749 ὧν
2174 5688 2424 5761 αύτὸξγ.
2475 5692 2916 5765 συνεσταλμένος.
2977 5692 3081 5760 Mp.
3116 5710 3204 5765 γρ.
3246 5688 3532 5744 συνεσταλιι

1967 5764 2160 5834 μένως,
2186 5768 2323 5820 idem
2354 5780 2475 5821 mox
2494 5781 2583 5836 γρ.
2611 5764 2937 5833 ἐπαγγελίας
2967 5766 3083 5821 loco
3112 5764 3281 5833 ἀπαγ.
