2049 3100
276 136 330 165 759

598 137 732 165 EUSEBll
752 137 992 167 CASSARIENSIS
1010 139 1087 169 OPP.
1107 140 1198 168 PARS
1216 141 1259 170 Ν.
1280 158 1315 163 ——
1334 142 1541 172 DOGMATICA.

1838 143 1894 173 τοο
1927 177 1930 179 _

277 200 367 224 autem
379 203 409 223 se
422 198 460 224 ita
474 196 591 224 habent:
608 206 618 222 ‹
632 196 750 232 Tempus
766 203 855 226 autem
872 203 926 231 est.
938 204 967 226 ut
976 207 1051 235 pauet

1112 210 1121 226 ε
1142 202 1224 237 γεννᾷ
1238 202 1287 237 μὲν
1297 202 1326 236 ἑξ
1336 203 1418 230 αὐτοῦ
1430 204 1510 231 ὁποία
1518 202 1553 230 τά
1567 211 1622 230 των
1637 202 1897 239 ζώων-γεννήματα.
1928 240 1932 244 _

280 252 289 267 ι
307 242 342 270 de
355 242 545 277 praetermissis
559 247 724 275 attexamus,
741 251 801 278 quae
825 244 858 270 ad
875 243 982 272 Patrem
998 252 1059 278 spe-

280 299 288 311 ι
306 293 388 319 ciant,
396 292 424 314 et
432 287 539 319 Filium,
548 293 574 314 et
583 289 711 322 Spiritum
718 295 851 316 salictum.
861 290 897 317 De
906 291 982 317 Patre
991 291 1057 323 hare,

280 344 289 356 ι
308 334 378 368 quod
406 334 578 361 indivisibilis
593 342 653 361 cum
670 336 784 362 exsistat
801 343 851 362 nec
879 336 1057 371 dividendus,

279 391 288 403 ι
311 380 369 407 Filii
400 384 488 407 tamen
506 381 586 408 Pater
615 381 666 413 sit;
695 389 746 408 non
771 382 897 409 emitteus
926 383 1010 414 ἱΙΙιιιιι,
1030 389 1058 410 ιιι

279 437 287 449 ι
310 434 360 453 non
385 433 464 454 neruo
490 427 584 454 voluit.
610 427 677 454 Nam
696 428 718 455 si
742 428 826 456 Filius
844 428 932 456 Patris
958 430 999 456 sui
1023 430 1058 457 sit

279 482 285 496 ι
305 472 426 505 emissio,
442 478 468 500 et
480 472 502 500 si
519 473 592 500 illum
611 475 644 501 de
661 475 749 508 seipse
765 475 868 508 genuit,
880 475 912 502 ad
926 483 987 502 eum
1002 483 1059 503 mo-

278 529 286 543 α
307 520 369 545 «tum
388 527 441 553 quo
468 520 501 546 de
517 526 546 547 se
574 520 700 546 animalia
730 521 857 555 gignunt,
884 528 994 549 necesse
1017 527 1059 549 est

278 574 286 588 ι
304 569 333 590 ιιι
361 572 458 600 corpus
487 565 532 593 ille
565 566 599 592 sit
629 566 675 600 qui
701 567 811 599 emittit,
839 571 894 594 tum
924 567 1006 594 etiam
1030 573 1058 595 et

278 621 286 635 ι
307 611 352 639 ille
379 613 424 646 qui
453 613 594 640 emittitur.
624 623 632 638 ι
665 612 731 640 Tum
752 618 897 648 postquam
929 614 962 641 de
991 614 1055 642 Ori-

275 657 396 688 ucnianis
423 658 473 685 ista
510 659 630 693 quaedam
656 659 850 686 interseruerat
868 680 876 692 ,
909 659 990 687 infert
1024 660 1057 687 ad

277 704 348 731 lmnc
369 705 476 731 modum
502 715 508 732 :
534 714 543 731 ι
565 704 681 739 Scripsit
700 705 831 741 Origenes
853 714 904 734 non
925 716 940 734 a
958 708 1058 735 sanctis

277 760 286 775 ι
310 751 447 785 prophetis
463 756 488 777 et
506 752 646 786 apostolis,
667 753 700 780 de
723 753 874 780 aeternitate
903 753 982 781 Verbi
1008 762 1057 781 (ευ-

277 804 286 820 ι
303 796 379 828 piens
402 796 526 829 edoceri;
549 797 595 824 sed
617 805 677 824 cum
700 798 751 825 sibi
775 798 825 833 ipsi
843 799 901 834 plus
920 800 1002 827 nimio
1017 800 1057 827 in-

279 851 286 865 t
305 841 436 876 dulgeret,
452 849 534 870 ausus
548 847 590 870 est
604 845 749 870 secundam
770 845 913 879 quamdam
931 845 1058 880 hyposta-

278 897 287 912 ι
307 888 348 914 sin
364 887 444 915 Verbi
466 891 641 918 constituere.
657 901 666 917 ι
681 891 718 918 lta
730 891 816 918 illisce
831 898 890 925 qua:
907 891 1056 918 rectissime

276 934 309 960 ab
321 932 436 968 Origene
448 935 519 962 dicta
531 941 604 968 sunt,
615 944 667 964 non
683 937 766 964 licere
774 937 877 964 scilicet
888 937 1055 972 corporalem

274 981 418 1013 quamdam
428 986 455 1008 et
469 982 604 1016 passivam
618 984 821 1017 generationem
833 983 981 1010 divinitatis
995 982 1055 1010 Filii

275 1025 321 1052 Dei
335 1027 515 1060 comminisci,
541 1035 589 1062 per
613 1028 663 1055 ista
680 1029 858 1061 contradicit,
883 1035 909 1055 et
932 1029 1056 1062 inprimis

273 1072 344 1106 quod
365 1072 521 1108 liypostasin
535 1075 699 1102 concesserit
720 1075 800 1102 Filio.
816 1075 897 1102 Addit
911 1075 1054 1110 Origeuem

275 1117 424 1144 maledictis
440 1118 581 1152 impetens.
595 1125 622 1146 et
638 1125 709 1147 recte
723 1120 756 1146 ab
772 1121 818 1148 illo
834 1121 929 1155 positis
945 1126 1054 1147 contra-

273 1163 387 1191 tlicens:
407 1173 416 1189 ι
434 1165 575 1199 Origenes,
591 1166 688 1200 inquit,
708 1167 770 1193 dum
790 1167 846 1194 liazc
868 1167 977 1201 scriptis
998 1167 1054 1194 suis

276 1217 285 1233 ε
304 1210 423 1242 mandat,
438 1211 554 1245 propriis
568 1212 624 1238 suis
644 1212 728 1239 utitur
745 1213 941 1240 assertionibus
956 1221 962 1238 :
981 1212 1005 1239 id
1022 1212 1054 1238 li-

275 1264 283 1279 ι
304 1260 368 1288 «luet
395 1261 499 1288 autem,
518 1259 589 1291 quod
607 1265 659 1284 non
687 1266 737 1284 una
762 1263 864 1285 tantum
893 1258 969 1290 vice.
989 1266 1054 1285 suas

274 1309 284 1326 ι
303 1301 386 1335 ipsius
394 1302 525 1330 subvertit
539 1305 704 1332 assertiones
714 1313 721 1337 ;
733 1311 900 1339 consequens
909 1310 997 1332 autem
1012 1309 1055 1332 est

274 1359 282 1372 ι
303 1348 346 1374 illa
373 1348 416 1376 hic
442 1350 502 1377 ideo
531 1357 755 1384 commemorare,
777 1359 836 1385 quae
865 1352 928 1378 alibi
945 1352 978 1378 de
999 1352 1053 1379 Deo

273 1403 283 1418 ε
298 1395 371 1422 dicit.
388 1405 398 1421 ι
418 1396 457 1422 Ad
476 1396 533 1424 haec
549 1398 631 1424 verba
646 1403 735 1424 autem
751 1398 865 1425 scribit:
882 1407 891 1423 ε
909 1397 966 1425 Non
982 1399 1052 1426 enim

273 1451 281 1464 ι
301 1442 479 1475 ἰιιοωμῑιεδεο
494 1442 574 1470 Pater
587 1443 666 1476 Deus,
676 1451 708 1470 eo
721 1444 803 1479 quod,
815 1450 843 1471 ut
854 1445 1053 1473 interliomiues

274 1496 281 1511 ε
307 1487 363 1513 lieri
383 1488 460 1518 solet,
481 1488 562 1516 Pater
582 1497 641 1516 esse
662 1490 831 1524 nequiverat.
855 1490 922 1517 Nam
946 1492 967 1518 si
984 1498 1055 1518 sem-

273 1542 281 1557 ‹
300 1541 346 1565 per
365 1534 502 1568 perfectus
528 1535 664 1562 exstiterit
690 1536 770 1569 Deus,
792 1541 819 1563 et
838 1542 969 1572 potestate
989 1546 1053 1572 pra:-

273 1588 282 1602 ς
303 1579 385 1611 ditus,
404 1584 434 1606 ut
454 1580 603 1612 liatPater,
623 1587 650 1608 et
667 1581 689 1608 si
719 1586 828 1616 praestet
855 1588 883 1609 ut
912 1584 947 1610 sit
972 1584 1052 1611 Pater

274 1634 281 1648 ι
299 1624 481 1657 hujuscemodi
496 1625 567 1658 Filii,
582 1628 645 1653 dum
664 1634 720 1653 rem
733 1627 831 1659 diﬂ'ert,
845 1635 874 1654 se
888 1633 962 1655 tanto
983 1629 1051 1656 bono

274 1679 282 1694 ‹
302 1671 400 1703 privat,
415 1675 444 1697 ut
459 1678 510 1698 non
525 1671 560 1698 sit
580 1671 641 1698 Filii
666 1671 755 1699 Pater.
773 1674 848 1705 Quod
874 1674 942 1701 idem
968 1680 996 1701 et
1018 1675 1051 1701 de

273 1726 281 1741 ι
303 1716 404 1750 Spiritu
418 1722 513 1744 sancto
527 1718 625 1751 poterit
635 1717 771 1745 alIirmari.
786 1728 795 1744 ›
807 1718 856 1752 Qui
875 1720 971 1746 factum
982 1720 1050 1752 ideo,

271 1769 300 1790 ut
316 1771 376 1790 cum
389 1763 521 1799 Origenes
538 1765 573 1791 ita
590 1765 742 1799 scripserit,
757 1765 861 1797 beatus.
881 1766 917 1792 illi
930 1772 959 1793 ut
976 1767 1050 1794 vide-

271 1816 323 1842 tur,
337 1810 464 1838 Paulinus
481 1811 677 1838 existimaverit
692 1819 743 1838 non
757 1819 818 1839 esse
839 1813 945 1846 quidem
964 1813 989 1839 in
1008 1818 1050 1839 tu—

270 1862 325 1883 tum
347 1857 398 1884 hoc
408 1857 544 1884 occultare
560 1864 567 1883 :
583 1859 615 1884 ad
642 1865 704 1884 suas
720 1862 808 1884 tamen
829 1858 969 1891 opiniones
985 1866 1051 1886 con-

269 1903 416 1930 lii-mandas
435 1911 498 1930 usus
516 1903 597 1930 fuerit
612 1903 816 1935 contrariis;de
831 1904 929 1937 quibus
946 1913 979 1931 ne
989 1904 1051 1931 Ori-

268 1956 349 1982 genes
364 1954 438 1976 certe
454 1949 512 1982 ipse
527 1949 674 1976 reddiderit
690 1949 846 1976 rationem?
863 1949 990 1976 Mentitus
1008 1956 1050 1978 est

269 1997 357 2019 autem
371 1993 398 2020 in
419 1993 478 2021 istis
489 1993 641 2027 Marcellus,
656 1993 810 2029 Origenem,
821 1995 899 2028 quasi
917 1996 967 2022 sibi
985 2004 1050 2022 cou-

269 2039 350 2065 Iraria
366 2044 496 2072 tueretur,
511 2048 571 2067 cum
594 2048 646 2067 non
667 2040 798 2075 intelligat
826 2041 900 2068 illum
917 2050 964 2076 per
977 2042 1049 2075 prio-

268 2093 323 2111 rem
343 2093 418 2112 suam
444 2086 656 2121 propositionem
684 2088 828 2119 docuisse,
860 2087 967 2115 Patrem
989 2089 1049 2116 sine

266 2139 379 2166 corpore
393 2138 419 2159 et
431 2134 503 2159 omni
518 2134 643 2167 passione
656 2139 782 2165 exstare;
799 2142 846 2168 per
859 2136 977 2162 secundo
988 2135 1047 2163 loco

267 2179 391 2211 positam,
412 2179 509 2206 Filium
524 2188 613 2213 suum,
629 2188 682 2208 non
701 2182 726 2208 in
740 2186 859 2216 tempore
868 2183 987 2216 quidem,
1000 2183 1046 2210 sed

1113 256 1122 272 ε
1142 247 1248 284 ἀνάγκη
1264 248 1343 284 σῶμα
1364 247 1433 276 εἶναι
1451 250 1497 277 τὸν
1510 249 1680 285 προϐαλόντι
1696 249 1743 275 καὶ
1760 249 1807 276 τὸν
1828 257 1900 284 προ-

1112 304 1120 319 (
1142 294 1316 329 ϐεϐλημένον.
1335 305 1343 321 ι
1359 294 1414 322 Εἶθ’
1428 296 1491 331 ἑξῆς
1506 296 1574 332 μετὰ
1583 296 1632 331 τὴν
1647 296 1702 322 τῶν
1724 296 1899 331 Ὦριγενειῶν

1110 341 1205 374 φωνῶν
1229 341 1387 377 παράθεσιν,
1407 343 1531 378 ἐπιφέρει
1552 342 1649 376 λέγων·
1678 351 1687 368 ι
1705 341 1797 368 Ταῦτα
1821 342 1898 377 Ὠρι-

1112 396 1121 412 ι
1139 387 1220 422 γένης
1235 388 1368 423 γέγραφε,
1384 388 1421 424 μὴ
1437 389 1511 425 παρὰ
1527 389 1580 415 τῶν
1600 388 1679 424 ἱεμιν
1697 389 1842 424 προφητῶν
1863 396 1898 414 τε

1113 442 1121 458 ι
1140 434 1186 459 καὶ
1203 434 1358 460 ἀποστόλων
1373 435 1437 470 περὶ
1449 435 1497 470 τῆς
1508 435 1658 470 ἀῖδιὸτητος
1670 434 1717 461 τοῦ
1737 435 1823 469 Λόγου
1842 443 1899 470 μα-

1113 488 1121 503 t
1143 479 1197 506 θεῖν
1220 480 1376 515 βουληθείς·
1391 481 1449 507 ἀλλ’
1465 481 1553 517 ἐαυτῷ
1571 480 1694 513 δεδωκὼς
1713 481 1814 513 πλεῖον,
1833 481 1899 507 δευ-

1113 533 1122 549 ο
1141 525 1222 559 τέραν
1252 526 1379 553 ὑπόθεσιν
1413 526 1595 562 διηγήσασθαι
1609 527 1657 554 τοῦ
1683 527 1771 561 Λόγου
1797 527 1898 563 μαθεῖν

1112 580 1120 595 ι
1143 571 1237 607 τολμᾷ.
1255 581 1264 598 ι
1280 573 1336 599 Καὶ
1347 573 1452 604 τούτοις
1462 573 1490 600 δὲ
1503 575 1559 605 τοῖς
1572 573 1624 600 ὑπὸ
1643 573 1796 609 Ὠριγένους
1807 571 1896 609 ὀρθῶς

1110 617 1274 652 εξρημένοις,
1299 617 1430 653 περὶτοῦ
1453 618 1489 653 μὴ
1505 618 1560 644 δεῖν
1583 619 1742 654 σωματικήν
1763 627 1824 645 τινα
1846 619 1897 645 καὶ

1110 662 1262 698 παθητικὴν
1278 662 1478 699 ὑωλαμεάνειν
1494 664 1544 699 τῆς
1558 664 1682 700 θεότητος
1694 664 1741 691 τοῦ
1754 664 1818 691 Υἱοῦ
1832 665 1897 699 γέν-

1109 717 1186 743 νησιν
1218 709 1369 743 ἀντιλέγει,
1411 709 1517 744 μάλισθ’
1548 710 1589 737 ὃτι
1618 710 1657 745 τῷ
1696 710 1752 745 Υῐῷ
1778 710 1895 737 δέδωκεν

1108 755 1265 787 ὑπόστασιν,
1281 756 1326 781 καὶ
1340 756 1475 791 ἐπιφέρει,
1496 757 1543 782 τὸν
1568 756 1693 792 Ὧριγένη
1708 756 1788 783 πάλιν
1803 756 1896 788 κακῶς

1108 800 1203 835 λέγων,
1216 803 1272 833 τοῖς
1286 810 1315 828 τε
1329 802 1374 828 ὑπ’
1388 801 1469 828 αὑτοῦ
1482 801 1569 837 ὀρθῶς
1578 804 1723 838 γραφεῖσιν
1736 803 1894 837 ἀντιλέγων,

1109 847 1137 872 ὲν
1162 846 1277 878 τούτοις·
1307 856 1315 872 ι
1338 847 1398 873 Ὅτι
1421 848 1455 874 τὰ
1479 847 1590 874 τοιαῦτα
1609 848 1722 884 γράφων
1755 848 1896 884 Ὠριγὲνης

1113 902 1121 917 ι
1143 892 1218 923 ἰδίοις
1232 892 1331 928 ἐχρῆτο
1349 893 1474 928 δόγμασι,
1486 893 1565 928 δῆλον
1580 894 1626 927 ἀφ’
1640 891 1677 921 ὦν
1692 894 1784 921 καὶτὰ
1797 894 1895 921 ἑαυτοῦ

1112 949 1121 964 ι
1139 939 1286 974 ἀνατρέπει
1304 939 1442 971 πολλάκις·
1460 940 1489 965 ὲν
1510 940 1574 974 γοῦν
1590 940 1675 976 ἑτέρῳ
1700 941 1791 976 χωρίῳ
1815 941 1895 968 ἅτινα

1113 997 1121 1010 ι
1141 987 1205 1021 περὶ
1225 986 1293 1013 θεοῦ
1315 986 1398 1020 λέγει,
1424 987 1569 1014 ἀκόλουθόν
1587 988 1661 1014 ἐστιν
1685 987 1851 1022 ὑπομνῆσαι.
1882 996 1891 1012 ι

1110 1033 1210 1068 Γράφει
1225 1032 1253 1058 δὲ
1269 1032 1365 1064 οὓτως
1388 1041 1397 1058 t
1416 1033 1453 1059 Οὐ
1470 1033 1523 1068 γὰρ
1535 1034 1550 1059 6
1571 1033 1637 1064 Θεὸς
1651 1032 1745 1068 Πατὴρ
1760 1030 1828 1058 εἶναι
1842 1032 1893 1067 ἧρ-

1112 1087 1119 1102 ι
1139 1078 1213 1110 ξατο.
1227 1078 1408 1113 κωλυόμενος,
1422 1079 1460 1110 ὡς
1473 1080 1498 1105 οἱ
1510 1079 1646 1114 γινόμενοι
1660 1079 1775 1114 πατέρες
1787 1078 1893 1114 ἄνθρω-

1111 1134 1118 1148 c
1139 1132 1194 1155 ποι,
1205 1124 1256 1150 ὑπὸ
1267 1124 1313 1151 τοῦ
1331 1125 1368 1160 μὴ
1378 1125 1507 1152 δύνασθαί
1520 1134 1562 1152 πω
1573 1125 1628 1160 (l0)
1642 1125 1758 1160 πατέρες
1768 1122 1846 1151 εἶναι.
1862 1125 1893 1151 Εἰ

1111 1179 1119 1194 ε
1138 1170 1191 1206 γὰρ
1203 1170 1245 1197 ἀεὶ
1259 1170 1361 1202 τέλειος
1372 1173 1386 1198 6
1400 1171 1475 1203 Θεὸς,
1490 1172 1537 1198 καὶ
1551 1171 1681 1207 πάρεστιν
1694 1171 1767 1206 αὐτῷ
1779 1171 1893 1206 δύναμις

1111 1227 1119 1242 α
1138 1217 1184 1244 τοῦ
1205 1218 1314 1253 Πατέρα
1330 1218 1411 1245 αὐτὸν
1436 1216 1515 1251 εἶναι,
1538 1220 1584 1246 καὶ
1608 1218 1689 1245 καλὸν
1716 1218 1795 1245 αὑτὸν
1823 1215 1892 1245 εἶναι

1111 1273 1119 1288 ι
1139 1263 1248 1298 Πατέρα
1260 1264 1380 1290 τοιούτου
1390 1264 1468 1295 Υἱοῦ,
1479 1264 1668 1297 ἀναϐάλλεται,
1686 1265 1734 1291 καὶ
1748 1263 1795 1290 τοῦ
1809 1264 1892 1290 καλοῦ

1111 1319 1119 1334 ι
1138 1310 1232 1336 ἑαυτὸν
1250 1310 1400 1345 στηρίσκει,
1426 1311 1473 1337 καὶ
1486 1311 1524 1343 ὼς
1537 1311 1608 1337 ἔστιν
1630 1312 1728 1342 εἰπεῖν,
1751 1311 1781 1342 ἐξ
1796 1308 1826 1337 οὖ
1847 1310 1892 1338 δύ-

1110 1364 1118 1379 t
1139 1363 1216 1381 ναται
1239 1355 1333 1390 Πατὴρ
1354 1353 1421 1381 εἶναι
1446 1355 1519 1383 Υίοῦ.
1551 1355 1587 1382 Τὸ
1609 1355 1675 1382 αὐτὸ
1698 1355 1821 1391 μέντοιγε
1844 1356 1892 1381 καὶ

1110 1410 1118 1425 ι
1139 1401 1203 1437 περ)⁸
1227 1401 1273 1427 τοῦ
1290 1402 1368 1436 ἁγίου
1390 1401 1546 1437 Πνεύματος
1570 1401 1690 1428 λεκτέον.
1711 1411 1720 1427 ›
1747 1401 1809 1433 Πῶς
1832 1399 1889 1431 οὖν.

1114 1446 1265 1481 Ὠριγένους
1287 1448 1332 1474 καὶ
1353 1447 1431 1474 τοῦτο
1454 1448 1618 1483 γράψαντος,
1634 1449 1648 1475 6
1669 1448 1812 1484 μακάριος,
1831 1448 1890 1474 κατ’

1106 1493 1196 1525 αὐτὸν,
1211 1493 1342 1525 Παυλῖνος
1355 1493 1434 1520 τοῦτο
1452 1493 1499 1528 μὲν
1520 1494 1731 1529 ἀποκρύψασθαι
1747 1495 1797 1521 οὐκ
1816 1495 1891 1521 ἀκίν-

1106 1538 1181 1563 δυνον
1196 1537 1315 1573 ἐνόμισε,
1342 1538 1494 1574 χρήσασθαι
1518 1539 1545 1566 δὲ
1570 1540 1610 1571 εἰς
1635 1540 1807 1575 κατασκευὴν
1837 1541 1891 1567 τῶν

1106 1584 1194 1619 ἑαυτῷ
1209 1584 1358 1611 δοκούντων
1382 1586 1438 1617 τοῖς
1457 1586 1587 1617 ἐναντίοις
1605 1586 1627 1621 (l
1637 1587 1671 1619 ll,
1687 1586 1725 1618 ὠς
1739 1587 1798 1613 οὐδὲ
1810 1587 1890 1613 αὑτὸν

1105 1631 1136 1657 ἂν
1157 1631 1289 1667 Ὠριγένη,
1304 1631 1331 1658 εἴ
1347 1640 1373 1658 τι
1391 1632 1436 1658 τὸν
1450 1632 1527 1667 λόγον
1542 1632 1689 1660 ἀποδοῦναι
1704 1633 1815 1660 δυνατὸν
1837 1632 1887 1669 ἦνς

1112 1678 1154 1703 Ἐν
1173 1677 1276 1709 τούτοις
1294 1679 1308 1704 ὁ
1324 1677 1491 1713 Μάρκελλος,
1514 1678 1621 1704 ἐναντία
1646 1679 1725 1713 φάναι
1747 1678 1819 1712 αὐτῷ
1841 1678 1887 1704 τὸν

1111 1723 1233 1758 Ὠριγένη
1249 1723 1342 1754 εἰπὼν,
1358 1723 1551 1758 κατεψεύσατο,
1569 1724 1606 1760 μὴ
1620 1724 1737 1759 δυνηθεὶς
1755 1724 1882 1754 συνιέναι.

1104 1769 1140 1800 ὡς
1156 1769 1198 1796 διὰ
1217 1770 1265 1805 μὲν
1279 1772 1328 1804 τῆς
1343 1771 1478 1805 προτέρας
1503 1770 1679 1806 παραθέσεως
1694 1770 1725 1796 τὸ
1741 1770 1884 1805 ἀσώματον

1103 1815 1151 1842 καὶ
1164 1816 1267 1847 ἀπαθὲς
1283 1816 1329 1843 τοῦ
1345 1817 1450 1853 Πατρὸς
1471 1816 1576 1852 ἐδήλου,
1591 1817 1634 1844 διὰ
1650 1817 1678 1844 δὲ
1693 1816 1742 1851 τῆς
1758 1817 1886 1853 δευτέρας

1103 1861 1133 1887 τὸ
1150 1862 1186 1897 μὴ
1212 1862 1308 1897 χρόνῳ,
1326 1862 1378 1897 πρὸ
1398 1863 1505 1889 πάντων
1528 1863 1556 1889 δὲ
1574 1863 1679 1890 αἰώνων
1694 1863 1738 1889 τὸν
1762 1863 1824 1889 Υῐδν
1839 1871 1887 1896 γε-

1103 1907 1272 1941 γεννηκέναι.
1286 1905 1368 1940 Αὖθις
1382 1908 1409 1935 δὲ
1426 1908 1484 1943 μεθ’
1499 1908 1579 1944 ἕτερα
1592 1909 1656 1944 περὶ
1670 1908 1717 1935 τοῦ
1737 1909 1888 1944 Ὡριγένους

1102 1955 1116 1979 6
1131 1954 1211 1985 αὐτὸς
1225 1953 1311 1980 ταῦτα
1325 1954 1425 1989 γράφει
1438 1963 1445 1969 ο
1460 1964 1468 1979 ι
1487 1955 1592 1985 Καίτοι,
1606 1956 1629 1980 εί
1642 1954 1682 1981 δεῖ
1694 1954 1809 1990 τάληθὲς
1826 1955 1888 1990 περὶ

1106 2009 1114 2024 ι
1139 1999 1290 2035 Ὠριγένους
1303 2000 1399 2032 εἰπεῖν,
1417 2000 1495 2026 τοῦτο
1512 2001 1644 2036 προσήκει
1658 2000 1760 2035 λέγειν,
1773 2001 1813 2027 ὅτι
1825 2001 1888 2036 ἄρτι

1105 2054 1114 2069 ‹
1133 2045 1186 2071 τῶν
1202 2045 1270 2071 κατά
1285 2046 1443 2080 φιλοσοφίαν
1455 2047 1573 2077 ἀποστὰς
1590 2046 1766 2081 μαθημάτων,
1779 2047 1823 2072 καὶ
1831 2048 1887 2078 τοῖς

1105 2101 1113 2116 ‹
1129 2091 1210 2123 θείοις
1217 2092 1344 2127 ὁμιλῆσαι
1352 2093 1527 2128 προελόμενος
1535 2093 1635 2126 λόγοις,
1644 2093 1696 2128 πρὸ
1702 2092 1750 2127 τῆς
1757 2092 1887 2127 ἀκριϐοῦς

1105 2148 1112 2162 ι
1134 2138 1186 2164 τῶν
1199 2138 1313 2173 Γραφῶν
1324 2138 1510 2173 καταλήψεως,
1522 2139 1565 2164 διὰ
1573 2139 1603 2164 τὸ
1616 2138 1682 2165 πολὺ
1692 2139 1738 2165 καὶ
1747 2138 1887 2173 φιλότιμον

1105 2194 1112 2208 ι
1134 2184 1181 2218 τῆς
1195 2184 1291 2215 ἔξωθεν
1305 2184 1480 2215 παιδεύσεως,
1489 2184 1584 2210 θᾶττον
1595 2184 1641 2210 τοῦ
1653 2184 1755 2216 δέοντος
1767 2182 1887 2219 ἀρξάμε-

266 2230 328 2251 ante
347 2225 444 2252 saecula
459 2227 548 2253 omnia
566 2227 753 2260 progenuisse.
781 2227 844 2254 Post
861 2229 988 2261 deinceps
1014 2230 1047 2256 de

1105 2240 1111 2254 ι
1132 2239 1175 2262 νος
1181 2231 1358 2265 ὑπογράφειν,
1368 2230 1419 2256 ὑπὸ
1425 2230 1477 2256 τῶν
1485 2230 1535 2265 τῆς
1546 2230 1701 2264 φιλοσοφίας
1712 2229 1838 2265 παρήχθη
1846 2229 1888 2255 λό-

267 2270 383 2304 Origene
402 2275 430 2303 >14
455 2272 525 2299 idem
545 2272 641 2299 iterum
672 2273 767 2300 scribit
794 2273 850 2309 [Β.
872 2273 998 2301 LXXVHI
1014 2274 1043 2310 ]:

267 2326 275 2341 ε
300 2316 375 2350 Quod
388 2318 410 2343 si
428 2325 520 2344 verum
542 2318 620 2345 fateri
633 2319 665 2345 de
678 2318 794 2354 Origene
810 2320 964 2352 debeamus,
980 2321 1043 2347 illud

301 2389 330 2418 δῖ(
346 2386 396 2413 Ed.
410 2386 510 2419 Parim.
525 2394 587 2422 pag.
607 2387 653 2415 25.

298 2457 355 2493 (10)
446 2457 594 2495 δύνασᾴαι
610 2465 655 2484 πω
676 2459 810 2493 πατέρες.
828 2458 877 2487 Vel
893 2459 988 2495 Πατὴρ
1003 2457 1041 2486 εἷ-

262 2492 307 2520 ναι
318 2498 346 2520 nt
359 2492 500 2529 ad'lteum
510 2492 658 2529 referatur,
673 2499 719 2521 aut
729 2492 946 2528 distinguendum
962 2492 1042 2529 post,

263 2537 315 2562 πω,
333 2532 395 2555 ante
406 2527 596 2560 ἀναϐάλλεται,
610 2528 684 2556 deest
697 2530 731 2555 εί·
741 2529 798 2557 dele
809 2527 856 2556 καί
867 2534 928 2557 ante
936 2527 1042 2560 ἑαύτόν,

261 2569 289 2590 et
307 2568 368 2591 ante
384 2563 422 2595 ὡς
444 2563 495 2590 Μ.-
505 2563 576 2590 -Μυκ
588 2564 665 2597 vulgo
672 2564 718 2590 τοῦ
728 2573 752 2592 τ.
762 2564 841 2598 Tim");
853 2565 913 2592 dein
926 2566 952 2592 τί
964 2565 1042 2592 ἅναὸ.

263 2600 307 2629 ιι..
318 2599 380 2625 dein
392 2599 472 2630 vulgo
482 2599 578 2626 ἑαυτὸν
589 2598 635 2625 τοῦ
648 2608 686 2632 κ.,
704 2607 783 2634 porro
794 2600 826 2626 Β,
839 2599 908 2627 εῐναι
923 2600 999 2633 Υἱοῦ,
1012 2600 1045 2627 οὐ

262 2634 365 2671 γίνεται
383 2634 479 2671 ῌατήρ
493 2643 500 2667 ;
516 2635 632 2671 denique
657 2635 736 2669 vulgo
759 2635 876 2671 ἐνόμιζε.
899 2636 984 2663 Porro
1011 2636 1044 2664 ad

268 2669 353 2705 Ὠριγ.
366 2669 403 2696 cf.
416 2669 493 2704 Orig.
506 2676 551 2703 op.
566 2669 609 2697 ed.
626 2672 660 2697 de
674 2670 697 2696 la
711 2671 767 2697 Bue
783 2669 837 2702 t.‘l,
852 2679 878 2705 p.
892 2671 936 2698 ιδ.

297 2678 353 2740 ριγ.
366 2678 493 2710 el._urlg.
506 2678 551 2703 op.
566 2678 609 2697 eu.
626 2678 660 2697 oe
674 2678 697 2696 ia
711 2678 767 2712 nne
783 2678 802 2699 t.
817 2678 837 2702 ι,
852 2679 878 2705 p.
892 2678 936 2698 ω.
967 2706 973 2711 _

309 2705 352 2740 ll)
374 2706 438 2737 Τοις
454 2705 675 2738 ἐναντίοιςΝυΙι
690 2705 828 2733 Paulinum
840 2714 871 2733 ea
884 2708 918 2733 ab
928 2705 1044 2741 Origene

262 2745 422 2773 mutuatum,
443 2748 502 2774 quas
524 2742 575 2768 sibi
601 2742 830 2772 emntradicerent,
851 2747 879 2768 et
900 2742 960 2769 aliis
978 2741 1043 2768 alibi

262 2775 431 2812 dogmatibus
456 2775 641 2811 Origeuianis.
658 2777 726 2804 adeo
752 2782 781 2804 ut
805 2785 839 2804 ne
855 2778 912 2812 ipse
932 2776 1041 2811 quidem

260 2811 390 2846 Origenes
413 2818 445 2846 εει
471 2817 579 2844 posset.
593 2812 729 2839 redivivus
749 2811 1039 2846 recollciliareﬂegen-

259 2844 322 2883 dimi
337 2853 416 2883 ergo:
487 2846 548 2883 om
557 2845 596 2883 ἀν
610 2846 691 2874 αὑτὸν
707 2847 832 2883 Ὠριγένη
846 2847 955 2875 ὲπὶιτδν
965 2844 1043 2882 λόγον

258 2879 415 2917 ἀποδοῦναι,
430 2881 541 2908 δυνατὸν
557 2879 600 2918 ἦν.
614 2883 686 2911 Sans
700 2879 806 2911 videtur
826 2879 853 2912 et
879 2879 1044 2912 Athanasius

1102 2286 1110 2301 ι
1132 2285 1197 2310 γων,
1212 2276 1257 2303 καί
1271 2285 1331 2303 τινα
1342 2277 1375 2302 δι’
1388 2277 1485 2309 αὐτοὺς
1501 2277 1531 2302 οὐ
1549 2277 1638 2308 καλῶς
1654 2277 1784 2312 γέγραφε.
1803 2276 1887 2311 Δῆλον

1102 2332 1110 2346 ε
1130 2322 1158 2348 δέ
1176 2330 1183 2337 °
1207 2322 1246 2348 ἔτι
1265 2322 1320 2357 γὰρ
1343 2322 1397 2348 τῶν
1423 2321 1468 2348 τοῦ
1500 2321 1641 2354 Πλάτωνος
1665 2322 1721 2357 (12)
1745 2321 1888 2358 μεμνημέ-

1093 2458 1127 2487 de
1143 2457 1261 2493 Origene
1274 2456 1369 2493 eadem
1396 2459 1546 2489 censuisse,
1562 2465 1625 2484 cum
1646 2457 1672 2484 in
1692 2456 1764 2493 libro
1781 2456 1819 2483 De
1841 2458 1888 2484 de-

1093 2494 1169 2521 cretis
1183 2491 1288 2520 concilii
1303 2491 1408 2528 Ματῃᾶ
1423 2493 1545 2521 scribat:
1558 2493 1592 2528 ’Δ
1605 2492 1654 2527 μὲν
1668 2491 1722 2527 γὰρ
1732 2492 1775 2528 ιῦς
1795 2492 1887 2528 ζητῶν

1094 2529 1141 2556 καὶ
1152 2528 1298 2569 γυμνάζων
1317 2527 1419 2569 ἔγραψε
1429 2547 1436 2560 ,
1448 2527 1595 2569 ταῦταημί]
1606 2526 1644 2560 ὥς
1663 2526 1745 2569 agna
1759 2526 1888 2569 φρονοῦν-

1093 2573 1139 2597 τος
1155 2562 1276 2600 λεγέσθω
1289 2562 1424 2600 τις,ξὰΗά
1437 2563 1491 2600 τῷν
1503 2562 1571 2600 πρὸς
1584 2562 1639 2600 ἔριν
1650 2562 1884 2600 φιλονεικούντων,

1096 2600 1125 2642 ἐν
1141 2597 1288 2642 tarmes
1298 2597 1402 2642 ,ᾁδέωςι
1416 2597 1716 2642 ἐρίξωιάεεοφαίιδιτε-
1811 2600 1883 2642 Pri"-

1095 2633 1205 2670 legenda
1217 2633 1243 2661 et
1254 2633 1441 2670 distinguenda
1457 2639 1529 2663 sunt.
1594 2649 1629 2654 —
1644 2633 1675 2660 Κ.
1687 2633 1727 2670 ὧν
1735 2633 1790 2659 οὐδ’
1803 2633 1884 2670 αὑτὸν

1093 2667 1178 2697 ἃνῖὬ.
1191 2670 1295 2704 εἴποιμι
1305 2678 1331 2696 τ.
1343 2669 1368 2696 λ.
1381 2670 1460 2697 ἀποδ.
1472 2669 1614 2701 δύνασθαι,
1628 2671 1673 2704 qui
1686 2667 1756 2695 infra
1768 2669 1882 2704 γράφειν

1094 2705 1155 2733 loco
1170 2705 1351 2741 ὑπογράφειν.

1129 2741 1184 2776 (12)
1204 2737 1265 2768 Ἕὲι
1281 2737 1336 2776 ἀνὴρ
1348 2740 1412 2769 ,τῶν
1426 2740 1479 2767 τοῦ
1498 2739 1668 2774 Πλάτωνος.
1686 2737 1881 2776 Ορίηοιζ-δῆλον

1093 2777 1122 2804 δέ
1132 2773 1200 2804 ἐστι·
1219 2776 1273 2803 τῶν
1284 2773 1344 2812 ’γάρ
1363 2776 1410 2803 τοῦ
1432 2776 1574 2812 Πλάτωνος
1590 2773 1772 2812 μεμνημένος,
1782 2773 1881 2812 Verum

1092 2818 1135 2840 est
1149 2812 1220 2845 quod
1233 2810 1339 2840 censuit
1350 2811 1492 2840 Marcellus
1503 2812 1536 2838 de
1547 2810 1674 2848 Origene.
1682 2810 1744 2838 eum
1756 2810 1789 2836 de
1800 2810 1881 2850 scho-

1095 2848 1127 2875 lis
1152 2847 1309 2880 Platoriicis,
1321 2855 1436 2882 quarum
1459 2846 1547 2874 sacris
1570 2851 1631 2874 erat
1644 2853 1699 2873 non
1720 2845 1814 2882 leviter
1829 2852 1882 2882 un-

1095 2884 1242 2917 t'tatus,sed
1254 2888 1283 2911 ut
1295 2883 1321 2911 in
1331 2880 1459 2918 'tuargine
1468 2883 1591 2915 habetur,
1603 2880 1788 2917 μεμυημένος,
1797 2880 1883 2908 multa
