4098 6200
565 321 668 376 765
689 361 692 368 ι

1228 324 1489 383 EUSEBil
1528 329 1994 386 CESARIENSIS
2031 331 2179 389 OPP.
2221 332 2394 389 PARS
2431 332 2517 391 IV.
2558 367 2625 378 —-
2662 334 3078 392 DOGMATICA.

3674 334 3779 394 764

569 459 588 490 ι
625 441 725 495 sibi
762 451 950 510 puteos
977 442 1297 499 eﬂ‘odcrnnt.
1344 465 1361 498 ι
1411 453 1468 510 ὦ
1504 449 1584 501 Ad
1639 448 1798 503 istum
1853 465 1977 505 vero
2008 467 2086 505 mu

2225 471 2242 502 ι
2277 470 2369 505 τον
2409 453 2499 505 τὸν
2550 455 2680 507 Θεὸν
2729 453 2818 507 τοῦ
2867 455 3038 523 Λόγου
3080 454 3355 525 διαφέρειν
3400 453 3605 524 διδάξῃ,
3657 453 3781 508 ὅσον

562 529 687 584 dum
720 533 1094 599 calumniatus,
1117 546 1344 590 conatur
1367 539 1650 594 ostendere
1672 541 1723 594 in
1750 543 2113 611 sequentibus,

563 637 630 676 ne
656 625 868 692 quidem
911 644 929 676 σ
963 628 1249 692 imaginem
1305 632 1384 684 sui
1429 630 1607 686 Patris
1656 648 1776 687 esse
1834 633 2047 690 Filium.
2091 657 2108 688 ι

559 714 645 767 Ait
676 727 852 769 autem
885 715 972 788 [Β.
1007 717 1220 792 LXXX]
1253 741 1265 775 :
1307 740 1324 773 ι
1356 722 1703 794 Consequens
1734 741 1854 781 esse
1883 728 2115 783 arbitror

558 824 580 855 ‹
612 808 797 873 paucis
832 809 897 862 de
951 811 1182 881 imagine
1247 814 1595 883 disceptare:
1646 818 1863 886 scripsit
1925 819 2108 875 enim:

562 916 580 948 α
609 899 762 953 Alius
796 903 1011 968 quidem
1049 914 1132 958 est
1155 904 1223 958 ab
1252 907 1364 975 ipso
1407 909 1638 977 genitus,
1671 911 1763 979 qui
1815 922 1899 965 est
1929 911 2112 983 imago

559 1008 577 1038 ί
611 990 700 1043 Dei
733 993 1038 1049 invisibilis.
1081 995 1325 1052 Meminit
1369 1011 1547 1054 autem
1576 1000 1825 1071 imaginis
1853 1003 1944 1057 Dei
1979 1004 2113 1057 invi-

558 1099 575 1130 ι
618 1081 788 1138 sibilis
845 1085 1106 1152 Asterius,
1159 1100 1218 1142 ut
1274 1091 1598 1147 confirmare
1626 1095 1815 1161 possit,
1858 1094 2022 1150 Deum
2079 1111 2109 1150 a

557 1192 574 1223 ι
613 1171 788 1229 Verbo
837 1193 936 1232 suo
964 1179 1015 1232 in
1055 1190 1260 1236 tantum
1294 1183 1529 1248 dilicrre,
1569 1185 1618 1238 in
1657 1196 1913 1254 quantum
1949 1187 2111 1243 distet

556 1283 574 1312 ι
612 1265 679 1318 ab
706 1267 938 1337 imagine
964 1287 1059 1324 sua
1091 1273 1314 1340 quilibet
1341 1275 1520 1330 homo.
1557 1295 1574 1327 ›
1615 1276 1792 1343 Hisce,
1823 1291 2106 1348 postquam

552 1356 805 1411 nonnulla
836 1361 1264 1431 inter-posuisset,
1298 1367 1478 1422 addit:
1515 1388 1532 1419 ι
1576 1367 1804 1425 Omnino
1827 1371 1991 1442 igitur
2013 1388 2108 1442 pa-

555 1469 572 1497 ι
615 1460 708 1514 ιει,
737 1450 995 1519 Verbum,
1020 1471 1139 1509 cum
1165 1458 1341 1514 adhuc
1365 1475 1582 1515 carnem
1607 1462 1708 1516 sibi
1737 1472 1976 1516 nostram
2001 1481 2105 1519 non

554 1561 570 1588 ι
601 1541 952 1611 aduuavcrat,
984 1547 1127 1602 nullo
1158 1551 1337 1613 modo,
1373 1567 1467 1620 per
1492 1567 1572 1618 se,
1625 1553 1908 1624 imaginem
1937 1557 2105 1610 exsti-

553 1652 568 1679 ι
611 1633 740 1687 tisse
797 1636 1084 1690 invisibilis
1116 1637 1230 1692 Dei.
1291 1640 1395 1694 Par
1420 1643 1752 1710 esteteniin,
1802 1643 1978 1715 imago
2027 1648 2102 1700 uti

553 1740 570 1771 ι
611 1723 780 1777 oculis
802 1739 1071 1795 cernatur,
1089 1738 1147 1783 ut
1173 1744 1267 1797 per
1293 1731 1601 1802 imaginem,
1629 1734 1677 1787 id
1705 1736 1843 1803 quod
1867 1744 1977 1790 tum
1998 1753 2100 1791 non

2223 560 2240 592 ι
2280 543 2562 612 ἄνθρωπος
2609 544 2706 614 τῆς
2746 543 2937 597 ἑαυτοῦ
2988 544 3192 607 εἰκόνος
3228 544 3503 614 διαφέρειν
3539 545 3704 597 δοκεῖ.
3753 565 3773 598 ι

2215 634 2324 686 Kal
2355 632 2553 704 μεταξύ
2579 653 2700 688 τινα
2721 635 2910 700 εἰπὼν,
2933 637 3203 706 ἐπιφέρει·
3241 656 3258 688 t
3287 635 3496 690 Οὐκοῦν
3518 637 3781 711 πρόδηλον

2220 744 2236 773 σ
2275 727 2353 779 ὃτι
2385 727 2490 798 πρὸ
2527 728 2627 797 τῆς
2658 727 2750 780 τοῦ
2780 729 3044 799 ἡμετέρου
3091 726 3338 798 σώματος
3374 726 3710 798 ἀναλήψεως,
3749 730 3782 782 6

2217 837 2235 869 ι
2275 819 2462 887 Λόγος,
2487 819 2606 873 καθ’
2624 819 2833 884 ἑαυτὸν,
2859 821 2957 873 οὐκ
2976 815 3043 891 ἦν
3067 819 3226 872 εἰκὼν
3253 818 3346 873 τοῦ
3367 815 3594 890 ἀοράτου
3615 819 3774 873 Θεοῦ·

2217 929 2235 960 ι
2267 910 2362 981 τὴν
2415 910 2522 980 γὰρ
2567 913 2750 966 εἰκόνα
2795 912 3023 984 ὁρᾶσθαι
3072 914 3358 983 προσήκει,
3407 912 3493 964 ἴνα
3541 912 3628 965 διὸ⁴
3675 913 3777 983 τῆς

2217 1020 2235 1052 ι
2271 1003 2475 1066 εἰκόνος
2521 1004 2580 1056 τὸ
2621 1005 2756 1068 τέως
2796 1005 2870 1076 μὴ
2899 1003 3170 1074 ὁρώμενον
3210 1003 3435 1076 ὁρᾶσθαι
3467 1003 3706 1074 δύνηται.
3753 1023 3771 1054 ι

2209 1094 2317 1147 Kal
2349 1093 2610 1162 ἐπιλέγει·
2659 1113 2677 1146 ι
2712 1095 2835 1157 Πῶς
2871 1090 2963 1148 οὖν
2997 1096 3181 1147 εἰκόνα
3227 1093 3320 1148 τοῦ
3366 1093 3596 1162 ἀοράτου
3635 1091 3777 1144 Θεοῦ

2215 1205 2232 1238 ι
2271 1186 2359 1240 τὸν
2390 1186 2481 1239 τοῦ
2509 1186 2643 1239 Θεοῦ
2677 1187 2848 1255 Λόγον
2892 1187 3167 1258 Ἀστέριος
3195 1181 3332 1239 εἶναι
3359 1186 3666 1256 γέγραφεν;
3703 1186 3772 1238 Αἱ

2213 1297 2231 1328 ι
2269 1277 2375 1349 γάρ
2403 1279 2605 1341 εἰκόνες
2638 1277 2838 1331 τούτων
2864 1271 2938 1334 ὧν
2967 1281 3104 1331 εἰσιν
3138 1279 3360 1341 εἰκόνες,
3398 1279 3492 1330 καὶ
3523 1278 3772 1330 ἀπόντων

2213 1391 2231 1423 ί
2269 1371 2528 1424 δεικτικαί
2571 1373 2738 1424 εἰσιν·
2783 1370 2921 1422 ὥστε
2971 1372 3064 1422 καὶ
3111 1369 3201 1422 τὸν
3245 1369 3448 1423 ἀπόντα
3487 1369 3552 1421 δι’
3589 1368 3767 1421 αὐτῶν

2211 1483 2231 1517 ε
2269 1463 2547 1534 φαίνεσθαι
2568 1463 2763 1518 δοκεῖν.
2791 1463 2852 1515 Εἰ
2873 1462 2928 1515 δὲ
2955 1461 3044 1514 τοῦ
3069 1461 3203 1514 Θεοῦ
3229 1461 3320 1514 τοῦ
3345 1463 3572 1532 ἀοράτου
3597 1461 3763 1525 δντος,

2210 1576 2228 1607 ι
2262 1542 2487 1628 ἀόρατον
2521 1551 2656 1608 εἶναι
2688 1554 2894 1608 καὶτὸν
2925 1554 3094 1622 Λόγον
3127 1553 3431 1625 ωμῦαίνει,
3461 1553 3577 1618 πῶς
3606 1553 3769 1607 εἰκὼν

2208 1662 2227 1696 ι
2264 1645 2357 1698 τοῦ
2397 1644 2624 1714 ἀοράτου
2653 1644 2786 1697 Θεοῦ
2814 1646 2841 1696 6
2869 1642 3038 1712 Λόγος
3067 1643 3186 1697 καθ’
3226 1643 3413 1696 ἑαυτὸν
3443 1638 3578 1696 εἶναι
3604 1643 3766 1696 δύνα-

2209 1757 2227 1787 ί
2261 1755 2371 1800 ται,
2414 1738 2506 1790 καὶ
2545 1735 2706 1799 αὐτὸς
2748 1734 2975 1806 ἀόρατος
3015 1734 3116 1800 div;
3166 1756 3183 1787 ι
3227 1737 3335 1790 Kal
3377 1735 3578 1808 προῖὼν
3609 1732 3766 1801 αὖθις

551 1831 570 1862 ι
609 1825 898 1883 usurpatur
918 1820 1107 1885 oculis,
1160 1821 1327 1875 videri
1364 1833 1537 1876 tamen
1581 1826 1773 1892 possit.
1803 1845 1822 1878 ι
1848 1827 2086 1898 Adjungil

2203 1794 2446 1902 λοιδορεῖ,
2482 1831 2653 1898 λέγων
2685 1794 2853 1884 ὀῦτω·
2904 1849 2922 1881 ι
2955 1794 3217 1892 νΠῶςόῦν
3260 1832 3308 1882 οἱ
3357 1794 3584 1903 πλήρεις
3612 1794 3764 1884 δόλου

542 1918 720 1958 autem
750 1905 837 1978 [Β.
871 1909 1124 1974 LXXXII,
1155 1913 1223 1966 cf.
1257 1929 1308 1981 p.
1338 1915 1407 1968 35
1439 1916 1496 1979 Ι),
1525 1916 1592 1969 47
1623 1916 1690 1988 Α]
1725 1937 1735 1970 :
1774 1937 1790 1968 ι
1827 1920 2101 1984 Quomodo

547 2014 564 2044 ι
605 1995 766 2062 igitur
792 1999 1035 2056 Asterius
1073 2005 1348 2058 scribebat
1393 2004 1622 2060 Verbum
1677 2007 1768 2062 Dei
1821 2025 1940 2062 esse
1970 2009 2101 2064 ima-

545 2103 563 2132 ι
602 2087 778 2153 ginem
814 2090 1098 2146 invisibilis
1148 2092 1290 2147 Dei?
1347 2095 1542 2149 Eorum
1571 2099 1739 2162 enim,
1781 2111 1834 2152 ει
1883 2100 2097 2168 quidem

545 2193 562 2225 ι
602 2180 839 2231 omnium
865 2183 1180 2245 universim,
1203 2186 1462 2253 imagines
1481 2191 1766 2243 ostensivaz
1796 2201 1938 2257 sunt,
1969 2209 2100 2261 quo-

545 2285 562 2314 ι
604 2283 718 2320 rum
749 2284 867 2324 esse
899 2273 1159 2342 imagines
1193 2275 1560 2346 intelliguntur
1589 2301 1599 2334 :
1658 2281 1790 2335 adeo
1822 2292 1879 2335 ut
1914 2299 2009 2352 per
2035 2283 2097 2337 il-

541 2375 558 2405 ι
599 2357 696 2420 las,
736 2360 782 2413 is
813 2364 900 2428 qui
928 2374 1009 2416 est
1040 2367 1253 2434 absens,
1278 2371 1543 2424 videatur.
1571 2371 1722 2438 Quod
1745 2374 1786 2425 si
1818 2389 1947 2428 vero
1977 2373 2092 2441 Dci,

542 2466 560 2496 ε
597 2449 686 2516 qui
724 2449 880 2512 plane
917 2454 1198 2510 invisibilis
1229 2469 1330 2522 est,
1365 2457 1597 2512 Verbum
1624 2477 1838 2531 quoque
1862 2479 1980 2518 esse
2009 2465 2095 2517 iit-

539 2556 557 2588 l
597 2539 807 2593 visibile
845 2544 1127 2613 contingit,
1159 2562 1266 2616 quo
1312 2561 1468 2618 pacto
1499 2559 1673 2618 potest
1703 2567 1822 2608 esse.
1859 2555 2091 2611 Verbum

537 2649 555 2680 ι
603 2646 698 2698 per
726 2646 785 2684 se
836 2634 1013 2703 imago
1046 2637 1140 2691 Dei
1169 2639 1472 2707 invisibilis,
1497 2659 1619 2696 cuin
1643 2654 1698 2699 et
1721 2646 1889 2715 ipsum
1911 2648 1980 2702 sit
2008 2649 2091 2703 in-

537 2737 557 2768 c
594 2720 849 2775 visibile?
888 2743 905 2775 ›
946 2725 1127 2793 Pergit
1189 2729 1242 2782 in
1296 2732 1644 2799 sequentibus
1699 2735 1874 2789 denuo
1904 2739 2093 2791 convi-

529 2811 661 2864 (υἱετί
701 2813 794 2883 [Β.
841 2814 1069 2890 XXIV]:
1106 2837 1124 2870 ι
1164 2820 1314 2876 Unde
1347 2823 1511 2893 igitur
1541 2825 1660 2881 dolo
1696 2827 1880 2897 repleti
1917 2839 1970 2883 et
1999 2844 2090 2881 va-

535 2921 553 2952 ι
591 2903 758 2970 fritie,
795 2917 855 2960 ιιι
880 2924 999 2962 cum
1035 2913 1293 2980 Apostolo
1314 2915 1360 2946 ⁴⁶
1391 2916 1601 2984 loquar,
1630 2918 1835 2972 dictum
1861 2919 2090 2974 transfe-

531 3010 550 3042 ι
593 3005 718 3047 runt
744 2998 809 3048 ad
837 2998 1005 3066 ipsius
1031 3001 1214 3065 Verbi,
1239 3013 1297 3057 ut
1323 3014 1532 3071 rentur,
1564 3007 1792 3075 primam
1823 3010 2088 3064 conditio-

532 3102 550 3135 ι
590 3100 734 3150 nem,
763 3103 882 3142 cum
920 3091 984 3146 de
1011 3095 1359 3160 generatione
1389 3096 1501 3162 illa,
1538 3113 1655 3166 qum
1677 3110 1759 3152 est
1791 3103 2083 3156 secundum

532 3193 549 3225 ι
582 3191 823 3242 carnem,
851 3180 1034 3248 David,
1061 3184 1136 3237 uti
1161 3195 1392 3250 constat,
1417 3188 1545 3242 illud
1569 3193 1843 3260 usurparit
1868 3195 1891 3245 ’ἰ
1914 3194 2085 3248 »ιου-

525 3284 645 3362 gum
672 3271 924 3342 deinceps
944 3275 1275 3332 intertexcns
1297 3295 1599 3337 sermonem
1624 3287 1700 3338 ait
1719 3284 1807 3357 [ιι.
1835 3284 2079 3362 LXXV]:

533 3377 552 3412 ι
592 3360 729 3428 Quid
765 3365 832 3418 ad
859 3366 960 3420 ista
991 3369 1153 3438 igitur
1191 3372 1436 3430 dicturus
1465 3377 1591 3430 est?
1637 3376 1794 3432 Certe
1827 3360 2078 3447 arbitror,

503 3461 548 3502 ἰ
585 3455 716 3508 nihil
747 3455 944 3513 habere
969 3461 1118 3516 illum
1152 3465 1295 3533 quod
1323 3469 1665 3536 respondeat.
1714 3468 1896 3539 Neque
1918 3472 2081 3527 credo

528 3562 549 3595 ‹
584 3545 636 3597 in
668 3558 852 3616 aperta
882 3553 1224 3611 confessione
1251 3571 1434 3612 coram
1453 3558 1575 3613 aliis
1601 3560 1750 3614 illum
1778 3562 2077 3631 positurum

525 3658 546 3692 ι
573 3657 692 3711 quae
715 3649 874 3700 tacita
906 3650 1046 3718 apud
1075 3667 1134 3707 se
1163 3652 1302 3706 celat
1331 3654 1663 3723 cogitatione
1696 3673 1708 3707 :
1748 3656 1800 3709 id
1832 3658 1974 3724 quod
2001 3661 2078 3710 vi-

524 3750 545 3784 ς
589 3736 716 3792 dere
744 3740 916 3794 cuivis
941 3742 1065 3797 licet
1102 3760 1166 3798 ex
1196 3745 1262 3799 iis
1288 3760 1408 3814 qua:
1437 3747 1671 3816 scripsit.
1719 3747 1943 3815 Scripsit
1977 3764 2076 3801 au-

523 3845 542 3878 l
578 3836 681 3881 tem
715 3849 728 3884 :
785 3832 932 3887 Alius
975 3844 1060 3888 est
1092 3835 1248 3890 Pater
1292 3839 1382 3906 qui
1420 3839 1584 3909 gignit
1637 3856 1702 3894 ex
1728 3855 1786 3894 se
1840 3839 2074 3896 Verbum

521 3937 540 3969 ε
576 3921 931 3993 unigenitum,
966 3937 1019 3980 et
1073 3929 1249 3982 omnis
1305 3940 1569 3985 creatura:
1619 3933 2072 4002 primogenitum,

520 4030 540 4062 ο
585 4013 734 4069 solus
789 4017 984 4083 solum,
1022 4022 1294 4088 perfectus
1335 4023 1666 4092 periectum,
1717 4040 1810 4079 rex
1859 4041 2071 4094 regem,

517 4121 539 4153 ι
585 4105 842 4161 Dominus
900 4109 1205 4177 Dominum,
1257 4115 1396 4168 Deus
1455 4116 1671 4170 Deum:
1733 4109 2086 4183 substantia;

518 4211 537 4244 ι
579 4197 814 4262 consilii,
838 4202 1042 4268 gloriaa,
1071 4207 1324 4272 potentia:
1356 4207 1642 4276 imaginem
1679 4208 2068 4263 invariabilem.

520 4303 540 4338 ι
569 4285 697 4354 Qua:
727 4290 940 4356 quidem
989 4295 1058 4346 ita
1106 4297 1174 4348 ab
1209 4296 1300 4352 illo
1340 4298 1537 4368 posita,
1590 4297 1877 4353 manifeste
1913 4311 2072 4352 coer-

585 4499 643 4558 ›Ῑ‹
679 4491 774 4548 Ed.
808 4493 1004 4558 Paris.,
1042 4511 1163 4566 pag.
1203 4497 1290 4554 ‘24.
1581 4501 1627 4533 “
1659 4501 1817 4558 Hum.
1856 4518 1896 4567 ι,
1925 4500 2018 4558 29.

2209 1943 2226 1976 ι
2259 1926 2350 1978 καὶ
2382 1925 2746 1996 ῥᾳδιουργίας,
2775 1923 3142 1987 ἀποστολικῶς
3171 1925 3280 1995 (Η)
3300 1926 3491 1985 εἰπεῖν,
3530 1925 3765 1995 μεταφέο

2207 2038 2226 2069 ι
2265 2036 2414 2090 ρουσι
2448 2017 2506 2071 τὸ
2538 2017 2702 2089 ῥητὸν
2729 2021 2808 2081 εἰς
2833 2018 2929 2090 τὴν
2956 2020 3179 2090 πρώτην
3204 2017 3386 2081 αὑτοῦ,
3436 2018 3508 2081 ὡς
3537 2017 3737 2071 οἴονται
3748 2062 3759 2086 ,

2205 2130 2224 2164 ι
2263 2112 2436 2164 κτίσιν
2489 2109 2623 2180 (15),
2654 2111 2746 2164 καὶ
2789 2111 2961 2164 ταῦτα
3009 2107 3100 2164 τοῦ
3139 2109 3300 2163 Δαυῒδ
3352 2111 3460 2182 (16)
3489 2112 3618 2183 περί⁵
3663 2111 3762 2182 τῆς

2203 2223 2221 2255 ‹
2259 2205 2397 2256 κατὰ
2425 2205 2599 2274 σάρκα
2631 2203 2793 2257 αὑτοῦ
2833 2204 3136 2275 γεννήσεως
3168 2203 3350 2272 σαφῶς
3377 2203 3698 2273 εἰρηκότος;
3734 2223 3754 2256 ι

2197 2291 2305 2343 Kal
2347 2291 2546 2360 μεταξὺ
2592 2290 2795 2343 τούτων
2832 2292 3040 2362 μακρὸν
3089 2293 3408 2356 κατατείνας
3438 2292 3593 2362 λόγον
3635 2295 3758 2348 ἐπι-

2197 2381 2349 2451 φέρει
2369 2399 2381 2411 υ
2430 2399 2447 2432 ι
2479 2380 2543 2433 Τί
2569 2377 2660 2435 οῦν
2689 2382 2822 2453 πρὸς
2853 2381 3022 2435 ταῦτα
3051 2383 3222 2448 λέξει;
3251 2385 3311 2436 οὐ
3346 2385 3453 2456 γὰρ
3482 2379 3633 2456 οἶμαι
3663 2386 3760 2439 αὑ-

2201 2486 2220 2518 (
2257 2469 2346 2523 τὸν
2384 2469 2523 2540 ἔχειν
2549 2488 2600 2522 τι
2631 2471 2757 2541 περὶ
2785 2471 2975 2524 τούτου
3004 2473 3201 2541 λέγειν.
3229 2474 3391 2527 Οὐδὲν
3431 2476 3540 2548 γάρ
3573 2477 3758 2546 σαφῶς

2200 2581 2218 2612 i
2252 2561 2412 2614 αὑτὸν
2441 2562 2533 2614 καὶ
2560 2563 3041 2633 ἀπαρακαλύπτως
3071 2564 3329 2634 ἡγοῦμαι,
3361 2566 3452 2618 καί
3479 2567 3612 2637 πρὸς
3642 2567 3756 2620 ἐτέ-

2200 2673 2215 2702 ι
2261 2671 2385 2724 ρους
2415 2653 2742 2725 ὁμολογῆσαι
2771 2655 2835 2709 ἂν
2867 2657 3002 2727 ὅπερ
3045 2657 3204 2720 αὐτὸς
3231 2661 3286 2710 ὲν
3308 2661 3372 2730 τῇ
3404 2659 3595 2712 ἑαυτοῦ
3623 2658 3756 2732 xpo-

2198 2763 2216 2795 ι
2255 2763 2374 2798 mat
2399 2745 2624 2818 διανοίᾳ·
2652 2749 2730 2812 ὡς
2757 2747 2870 2802 ἔστι
2904 2749 3088 2818 σαφῶς
3116 2751 3206 2819 ἀφ’
3233 2743 3306 2803 ὧν
3333 2751 3599 2823 γέγραφε,
3629 2769 3756 2823 μαν-

2199 2856 2216 2887 ι
2253 2835 2450 2892 Θάνειν.
2491 2839 2679 2903 ’Λλλος
2723 2841 2818 2911 μὲν
2859 2840 2986 2911 γάρ,
3040 2843 3222 2913 φησιν,
3257 2841 3402 2895 ἐστιν
3440 2845 3469 2896 6
3499 2844 3686 2916 Πατὴρ
3727 2847 3758 2898 6

2199 2947 2216 2980 ι
2251 2931 2512 3000 γεννήσας
2539 2931 2596 2996 ἐξ
2623 2933 2785 2985 αὐτοῦ
2821 2933 2908 2986 τὸν
2944 2935 3204 3006 μονογενῆ
3229 2935 3400 3004 Λόγον
3427 2937 3519 2989 καὶ
3547 2938 3758 3008 πρωτό-

2197 3039 2214 3070 ι
2253 3037 2406 3073 τοκον
2447 3021 2663 3093 ἀπάσης
2705 3022 2952 3087 κτίσεως,
3003 3024 3161 3094 μόνος
3205 3025 3383 3095 μόνον,
3425 3025 3626 3090 τέλειος
3666 3028 3755 3080 τέ-

2199 3132 2216 3163 t
2255 3111 2414 3177 λειον,
2444 3111 2691 3182 βασιλεὺς
2714 3112 2957 3183 βασιλέα,
2982 3115 3181 3186 Κύριος
3199 3115 3423 3186 Κύριον,
3447 3115 3580 3182 Θεὸς
3600 3117 3753 3178 Θεὸν,

2195 3221 2215 3256 ι
2251 3203 2435 3267 οὐσίας
2452 3223 2510 3257 τε
2522 3206 2612 3258 καί
2637 3205 2847 3277 βουλῆς,
2865 3208 2956 3261 καὶ
2977 3208 3153 3279 δόξης,
3170 3209 3261 3262 καί
3285 3209 3566 3281 δυνάμεως
3582 3212 3754 3282 ἀπαρ-

2195 3313 2212 3346 ι
2252 3296 2509 3350 άλλακτον
2537 3297 2738 3351 εἰκόνα.
2757 3299 2943 3354 Ταῦτα
2958 3299 3025 3353 τὰ
3050 3301 3188 3371 ῥητά
3222 3303 3408 3372 σαφῶς
3425 3302 3520 3372 τὴν
3538 3302 3747 3372 φαύλην

2193 3405 2212 3438 ι
2247 3387 2410 3440 αὐτοῦ
2429 3388 2554 3459 περὶ
2581 3387 2829 3461 Θεότητος
2857 3389 3070 3460 ἐλέγχει
3101 3391 3278 3457 δόξαν.
3304 3391 3422 3454 Πῶς
3456 3391 3562 3462 γάρ
3585 3392 3612 3442 6
3631 3391 3744 3444 Κύι-

2191 3492 2210 3525 c
2252 3492 2362 3546 ριος
2381 3475 2661 3547 γεννηθεὶς
2693 3478 2788 3531 καὶ
2824 3478 2976 3542 Θεὸς,
3007 3479 3081 3543 ὡς
3114 3481 3278 3544 αὐτὸς
3308 3478 3581 3550 προλαϐὼν
3609 3479 3736 3550 ἔφη,

2191 3583 2208 3615 ι
2245 3563 2466 3618 δύναται
2491 3565 2654 3619 εἰκὼν
2676 3567 2808 3620 Θεοῦ
2831 3565 2965 3622 εἶναι
2986 3587 2999 3635 ;
3036 3571 3259 3642 ’Ἕτερον
3281 3570 3383 3642 γὰρ
3403 3569 3562 3625 εἰκὼν
3584 3569 3739 3635 Θεοῦ,

2191 3671 2208 3704 ι
2243 3656 2336 3708 καί
2365 3656 2550 3726 ἓτερον
2573 3659 2601 3710 ὁ
2622 3657 2774 3722 Θεός.
2807 3659 2966 3712 Ὥστε
2994 3662 3041 3712 εἰ
3072 3662 3169 3730 μὲν
3207 3660 3390 3726 εἰκὼν,
3427 3662 3485 3715 οὐ
3516 3660 3744 3733 Κύριος,

2186 3765 2205 3796 ι
2238 3747 2357 3800 οὐδὲ
2385 3747 2535 3812 Θεὸς,
2556 3749 2670 3803 ἀλλ’
2696 3749 2860 3804 εἰκὼν
2889 3752 3094 3822 Κυρίου
3126 3755 3220 3806 καὶ
3245 3753 3401 3806 Θεοῦ*
3445 3755 3494 3806 εἰ
3539 3754 3594 3808 δὲ
3636 3754 3748 3808 Κύ-

2188 3856 2206 3890 t
2249 3857 2364 3911 ριος
2386 3839 2555 3904 ὅντως
2602 3842 2696 3895 καὶ
2739 3841 2896 3907 Θεὸς,
2925 3844 3105 3897 οὐκέτι
3129 3844 3178 3915 [ὁ
3200 3844 3404 3916 Κύριος
3427 3845 3524 3898 καὶ
3545 3847 3573 3898 6
3594 3846 3749 3917 Θεὸς]

2187 3949 2206 3983 ‹
2237 3931 2396 3985 εἰκὼν
2415 3934 2616 4004 Κυρίου
2633 3936 2726 3988 καὶ
2736 3935 2868 3987 Θεοῦ
2882 3931 3265 3990 εἷναιδύναται.
3282 3957 3299 3989 ›
3313 3938 3418 3992 Kal
3433 3937 3604 3992 ταῦτα
3622 3939 3749 4007 σφό-

2179 4024 2279 4096 δρα
2294 4023 2573 4079 ἀϐλεπτῶν
2589 4027 2699 4096 (l7)
2716 4028 3055 4098 εἴρηκεν,οὑκ
3072 4030 3221 4101 ἐννοή
3230 4047 3345 4092 σας,
3363 4030 3439 4092 ὡς
3455 4031 3551 4082 καὶ
3575 4031 3602 4082 6
3619 4030 3743 4093 Υἱὸς

2176 4117 2397 4171 δύναται
2431 4117 2669 4189 ἔμψυχός
2709 4138 2837 4173 ποτε
2886 4120 3047 4174 εἰκὼν
3083 4121 3175 4173 τοῦ
3225 4121 3354 4173 ἰδίου
3397 4122 3606 4192 Πατρὸς
3655 4121 3745 4172 λε-

2178 4209 2391 4281 χθῆναι,
2421 4211 2637 4265 ὲπειδάν
2726 4213 2804 4283 τῷ
2842 4215 3016 4284 Πατρί
3047 4215 3378 4285 ὁμοιότατος.
3415 4213 3582 4266 Τοῦτο
3610 4211 3743 4280 γοῦν

2178 4301 2272 4354 καὶ
2307 4303 2338 4371 ή
2370 4301 2556 4374 Γραφὴ
2593 4303 2833 4358 διδάσκει
2869 4307 2900 4377 ὴ
2931 4305 3158 4373 λέγουσα
3179 4324 3193 4336 ·
3230 4303 3439 4374 Ἕζησε
3465 4304 3532 4358 δὲ
3572 4302 3745 4373 Ἀδὰμ

577 4700 691 4769 (14)
745 4702 1174 4780 ’ῥᾳοστολ-ικῶς
1213 4707 1421 4780 εἰπεῖν.
1473 4709 1547 4762 Ita
1587 4711 1728 4764 enim
1783 4710 2073 4780 alloquitur

2193 4719 2344 4763 iturze
2377 4723 2479 4763 non
2519 4709 2766 4777 apposuit
2802 4708 3185 4780 testiinonium,
3221 4726 3316 4764 nec
3351 4709 3468 4778 ejus
3501 4706 3740 4780 applica-

507 4785 720 4837 niaguni
753 4773 994 4842 Elymam
1031 4778 1214 4831 beatus
1244 4779 1460 4846 l’aulus,
1490 4781 1606 4834 Act.
1641 4796 1754 4844 xm.
1786 4773 2068 4848 10,Π.Μ.

578 4907 687 4987 (15)
730 4906 974 4975 Πρώτην
988 4910 1174 4987 αὐτοῦ
1201 4913 1419 4987 κτίσιν.
1456 4913 1712 4987 Deitatem
1732 4931 1745 4979 ;
1765 4914 1900 4987 dicta
1930 4917 2072 4987 πρώ·

503 4995 568 5050 τη
602 4979 776 5041 κτίσις
833 4992 1077 5046 respectu
1131 4984 1541 5036 incarnationis.
1581 4983 1711 5037 Nam
1750 4986 1934 5039 Ariani
1974 4979 2064 5042 Fi-

504 5048 632 5122 lium
684 5050 1046 5117 praedicabant
1075 5063 1402 5116 crea:uram,
1437 5056 1730 5108 secundum
1774 5056 2060 5122 deitatem;

503 5119 568 5201 ad
603 5123 849 5243 eunxllem
878 5123 1093 5176 modum
1122 5124 1257 5177 dixit
1283 5123 1638 5195 ἀναγέννησιν
1659 5167 1674 5192 ,
1699 5140 1938 5196 respectu
1965 5119 2064 5198 τῆς

503 5204 669 5242 κατω.
736 5209 738 5212 τ
765 5233 778 5243 .

503 5204 669 5242 κατω.
708 5204 755 5243 Μ
765 5233 778 5246 .

571 5328 682 5402 (νί6)
722 5330 1052 5402 Καὶ-,τοῦτο
1096 5332 1200 5386 τοῦ
1258 5333 1458 5388 Δαυΐὸ.
1495 5335 1683 5402 Τοῦτο,
1739 5335 2066 5401 Quodnam?

503 5397 729 5474 Ubinam
760 5401 782 5451 ’ἓ
834 5400 973 5455 Niltil
1010 5405 1152 5474 enim
1203 5404 1286 5457 hic
1317 5406 1538 5459 citatum
1581 5397 1806 5474 legimus
1836 5425 1865 5459 ε
1905 5407 2056 5461 Psal-

501 5471 635 5544 mis._
657 5470 784 5520 Illud
811 5474 984 5544 enim,
1023 5473 1206 5543 Imago
1254 5476 1549 5539 invisibilis,
1578 5470 1925 5544 ali—Apostolo
1951 5491 2054 5539 est.

498 5540 636 5605 apud
658 5555 786 5609 cuni
809 5541 1004 5607 legitur
1023 5540 1226 5599 Culuss.
1246 5562 1281 5604 I.
1412 5547 1583 5600 Credo
1615 5540 1741 5601 illud
1770 5550 2052 5609 insinuari,

497 5607 690 5687 εἶρξαι.
722 5626 830 5674 eis,
854 5611 927 5687 De
951 5624 1094 5666 utero
1117 5625 1236 5687 ante
1252 5616 1550 5685 Luciferum
1573 5619 1723 5687 genui
1752 5629 1818 5672 te.
1836 5619 1940 5673 Sed
1972 5607 2051 5673 vel

497 5680 878 5755 ἰὶΙηίι-ιηϊιψιί
911 5694 1055 5746 sunt,
1083 5685 1161 5738 vel
1183 5680 1466 5741 admodum
1488 5680 1834 5755 negligenter.
1866 5705 2053 5742 sei-ure

495 5766 548 5805 et
598 5752 872 5816 tlissclutc,
910 5766 1150 5808 versatus
1197 5759 1280 5812 liic
1319 5774 1397 5812 cst
1432 5752 1689 5814 tusc—llius
1720 5777 1731 5811 :
1766 5762 1856 5830 qui
1906 5763 2047 5816 Scri-

2181 4776 2414 4849 tionem,
2456 4781 2520 4833 ad
2569 4776 2708 4849 quod
2753 4778 2947 4849 referri
2994 4779 3182 4833 debeat
3231 4781 3358 4831 illud
3383 4776 3404 4831 ἒ
3435 4778 3542 4832 Kal
3581 4776 3738 4831 τοῦτο

2176 4850 2267 4902 τοῦ
2297 4848 2473 4912 Δαυῒδ,
2505 4847 2632 4921 περὶ
2671 4850 2769 4916 τῆς
2825 4847 2964 4902 κατά
3006 4850 3181 4921 σάρκα
3210 4849 3372 4903 αὐτοῦ
3409 4850 3734 4918 γεννήσεως,

2179 4922 2362 4993 σαφῶς
2387 4920 2683 4993 εἰρηκότος.
2705 4921 2966 4993 M.—-Sc_ri
2976 4923 3051 4989 psi
3068 4920 3236 4993 ταῦτα
3251 4941 3265 4984 ;
3283 4923 3402 4974 dcin
3423 4921 3736 4993 vnlgoam-

2176 4989 2517 5064 ρικαλύπτως
2553 5005 2606 5046 ει
2634 4989 3037 5064 γπρωτὲπάσης
3065 4992 3354 5064 att-.l’orro
3392 4991 3545 5058 volgo
3579 4990 3607 5040 6
3639 5007 3739 5042 κυ-

2176 5062 2304 5130 ρίως
2336 5079 2473 5130 γεν..
2504 5063 2642 5127 qnml
2677 5061 2778 5114 iam
2824 5062 2886 5114 [ἰ.
2921 5077 3035 5116 cor.
3064 5062 3115 5115 in
3158 5061 3361 5132 Κύριος
3392 5064 3511 5132 cod.
3542 5073 3736 5132 aucto-

2174 5129 2327 5202 ritate
2350 5129 2620 5199 rescripsi.
2659 5133 2851 5186 Statim
2885 5132 3041 5202 vulgo
3065 5135 3092 5186 6
3129 5129 3262 5195 Θεὸς
3284 5143 3338 5186 et
3367 5130 3459 5182 καὶ
3479 5129 3608 5193 Θεὸς
3633 5133 3736 5185 οὐκ

2170 5201 2332 5255 εἰκὼν
2361 5221 2412 5256 κ.

2239 5273 2350 5343 (l7)
2391 5273 2498 5326 Καὶ
2522 5271 2705 5325 ταῦτα
2724 5273 2958 5343 σφόδρα
2988 5271 3316 5328 timeam-ir.
3351 5270 3476 5325 Ilaec
3516 5270 3730 5325 Eusebii

2165 5354 2310 5404 sunt,
2340 5353 2394 5396 et
2437 5346 2716 5397 continent
2767 5362 3017 5413 superius
3059 5363 3086 5396 a
3139 5343 3387 5397 Marcello
3435 5345 3726 5413 positorum

2163 5430 2472 5476 censuram,
2516 5412 2868 5467 orthodoxam
2900 5427 2952 5469 et
2983 5431 3162 5470 veram
3195 5425 3460 5478 quatenus
3503 5412 3568 5464 ad
3601 5413 3726 5463 ima-

2166 5486 2364 5546 ginem.
2391 5489 2550 5536 etiam
2586 5489 2880 5538 secundum
2915 5487 3192 5545 deitatem,
3214 5484 3381 5538 Filius
3409 5485 3488 5536 sui
3526 5483 3721 5534 Patris.

2165 5553 2346 5624 Imago
2371 5557 2512 5627 enim
2547 5557 2759 5623 proprie
2804 5567 2905 5618 est,
2943 5566 2999 5607 nt
3045 5555 3366 5627 loquuntur,
3395 5564 3726 5627 qum-prore:

2162 5627 2239 5677 dit
2269 5633 2333 5677 ad
2369 5625 2775 5677 sitttilitudim-m
2807 5628 2853 5676 al
2880 5632 3041 5680 eritis.
3062 5625 3147 5700 AI.
3183 5624 3598 5700 -_—_I)ci‘i_iuvulgt.)
3627 5624 3722 5700 τοῦ

2162 5704 2287 5747 ante
2317 5695 2443 5748 ἰδίου
2471 5697 2635 5749 deest.
2672 5697 2808 5749 Infra
2847 5699 3001 5764 vulgo
3026 5695 3121 5763 τὴν
3155 5694 3334 5747 εἰκόνα
3362 5697 3487 5748 Υἱὸν
3514 5693 3604 5748 καὶ
3629 5693 3720 5746 ξπ.

2160 5778 2210 5820 ct
2238 5766 2573 5836 ἀπαύγασμα
2601 5765 2774 5835 δόξης.
