4098 6200
460 324 571 383 765

1599 334 1874 392 CONTRA
1914 336 2338 394 MARCELLUM
2377 338 2502 395 LIB.
2545 338 2584 393 l.

3588 350 3694 406 766

455 441 777 511 τριάκοντα
814 444 910 497 καὶ
948 443 1224 500 διακόσια
1259 448 1385 515 ἐτη,
1417 449 1515 501 καὶ
1557 449 1846 519 ἐγέννησε
1886 467 2007 504 κατι

2144 469 2163 502 ι
2196 462 2365 522 guunt
2397 467 2561 523 quam
2593 452 2813 523 impiam
2846 461 3060 509 tueatur
3090 455 3135 511 is
3175 456 3464 512 de-deitate
3486 461 3695 529 opinio-

456 534 578 603 τὴν
607 536 772 589 ἰδέαν
808 538 994 591 αὐτοῦ
1026 539 1124 591 καὶ
1160 538 1309 593 κατὰ
1342 540 1455 607 τὴν
1473 542 1677 598 εἰκόνα
1704 543 1908 606 αὑτοῦ,
1933 544 2031 598 καὶ

454 626 807 696 ἐπωνόμασε
833 628 897 681 τὸ
914 628 1100 699 ὄνομα
1114 631 1298 685 αὐτοῦ
1314 633 1456 700 Σὴθ.
1477 633 1583 686 Kal
1597 632 1723 704 περὶ
1740 634 1833 704 τῆς
1850 632 2033 703 θεότη-

406 734 553 797 έητος
581 718 635 770 δὲ
665 717 754 770 τοῦ
789 717 919 771 Υἱοῦ
960 720 989 772 ό
1034 719 1351 783 Ἀπόστολος
1384 720 1640 785 διδάσκει,
1678 721 1880 790 λέγων’
1927 724 2032 787 ’ος

402 792 528 861 Ῥέν
554 807 755 877 μορφῇ
790 809 939 862 Θεοῦ
964 808 1248 880 ὑπάρχων
1278 812 1391 880 οὐχ
1425 811 1736 881 ἁρπαγμὸν
1761 811 2031 881 ἡγήσατο

408 955 416 961 ,
458 897 523 950 τὸ
552 894 701 951 εἶναι
728 898 835 951 ίσα
867 898 1010 965 Θεῷ,
1045 902 1183 955 ἀλλ’
1222 901 1437 955 ἑαυτὸν
1460 902 1750 955 ἐκένωσε·
1798 904 1893 956 καὶ
1926 903 2029 956 πά-

456 991 536 1043 λιν
558 1009 572 1021 ο
612 993 715 1056 ’ος
742 988 828 1043 ὢν
857 993 1222 1063 ἀπαύγασμα
1254 992 1360 1061 τῆς
1392 994 1575 1063 δόξης
1596 996 1698 1055 καὶ
1726 997 2027 1066 χαρακτὴρ

455 1084 561 1152 τῆς
582 1084 998 1153 ὑποστάσεως.
1031 1088 1141 1141 Kal
1162 1089 1219 1141 ἐν
1243 1088 1447 1160 ἑτέροις
1474 1089 1529 1142 δὲ
1552 1089 1787 1161 εἴρηται·
1824 1091 2027 1147 Ἇπαύ-

450 1194 650 1246 γασμα
677 1178 789 1247 γάρ
813 1180 942 1233 ἐστι
963 1180 1159 1248 φωτὸς
1174 1180 1390 1245 ἀϊδίου,
1419 1182 1518 1236 καὶ
1537 1183 1858 1250 εῖσοπτρον
1881 1183 2025 1249 ἀκη-

442 1268 702 1322 λίδωτον
741 1268 849 1338 τῆς
887 1271 991 1325 τοῦ
1044 1272 1189 1325 Θεοῦ
1224 1273 1541 1343 ἐνεργείας,
1571 1274 1669 1327 καὶ
1696 1273 1871 1328 εἰκὼν
1916 1272 2025 1343 τῆς

442 1362 816 1429 ἀγαθότητος
848 1362 1051 1416 αὐτοῦ’
1095 1359 1249 1427 αὖθις
1278 1363 1335 1417 δὲ
1374 1365 1403 1416 ό
1444 1364 1787 1429 ’Λπόστολος-
1836 1366 2025 1418 Ἀπεκ-

441 1452 776 1523 δυσάμενοι
804 1454 909 1508 τὸν
934 1455 1193 1510 παλαιὸν
1218 1454 1548 1524 ἄνθρωπον,
1578 1457 1676 1511 καὶ
1701 1456 2021 1526 ἐνδυσάμε-

440 1562 537 1597 νοι
560 1549 669 1598 τὸν
704 1545 864 1611 νέον,
896 1547 1003 1601 τὸν
1027 1548 1538 1618 ἀνακαινούμενον
1564 1552 1649 1614 είς
1673 1550 2018 1618 ἐπίγνωσιν,

443 1638 573 1691 κατ’
600 1639 807 1692 εἰκόνα
836 1639 939 1693 τοῦ
970 1640 1308 1707 κτίσαντος,
1343 1640 1539 1709 λέγων,
1569 1640 1727 1711 δῆλός
1760 1642 1925 1704 ἐστιν,
1958 1642 2017 1694 οὐ

2141 565 2159 597 ι
2199 562 2341 601 nem.
2366 546 2500 601 Nam
2533 547 2623 616 qui
2654 555 2831 617 potest
2869 546 2999 602 illud
3033 547 3174 616 ﬁeri,
3204 558 3263 602 ιιι
3293 549 3385 619 qui
3436 550 3694 609 Dominus

2138 656 2157 690 ι
2189 650 2243 695 et
2272 640 2413 696 Deus
2436 648 2596 694 natus
2630 651 2734 705 est,
2765 641 2906 709 quod
2932 650 3046 695 erat
3074 642 3141 695 ab
3172 642 3265 696 illo
3296 642 3349 696 in
3383 645 3691 711 praeceden-

2138 751 2156 783 ι
2202 732 2344 788 tibus
2401 732 2659 801 positum,
2714 732 2807 787 Dei
2869 734 3049 803 imago
3092 733 3399 788 diceretur?
3424 734 3581 788 Aliud
3612 744 3696 788 est

2137 837 2155 869 ι
2198 820 2395 889 quippe
2426 821 2564 874 Deus
2597 839 2609 873 :
2642 830 2695 875 et
2723 820 2897 889 imago
2927 822 3020 873 Dei
3054 821 3217 875 aliud.
3237 822 3377 892 Ergo
3399 824 3488 892 qui
3520 824 3695 893 imago

2136 928 2153 963 ι
2183 920 2267 965 est
2296 951 2311 975 ,
2349 925 2455 965 non
2498 920 2579 965 est
2610 912 2655 966 is
2684 913 2867 981 utique
2919 912 3176 968 Dominus
3228 923 3323 967 aut
3370 915 3542 968 Deus:
3600 917 3693 970 sed

2135 1021 2154 1055 ι
2200 1002 2410 1057 Domini
2440 1003 2637 1071 imago,
2671 1014 2833 1073 atque
2869 1004 2985 1061 Dei.
3029 1003 3183 1070 Quod
3239 1005 3283 1059 si
3314 1005 3574 1060 Dominus
3606 1022 3693 1060 re-

2133 1114 2151 1147 ι
2193 1110 2318 1149 vera
2352 1096 2421 1150 sit
2447 1107 2503 1150 et
2530 1095 2693 1161 Deus,
2721 1112 2825 1153 non
2851 1106 3028 1167 potest
3049 1111 3171 1152 esse
3200 1098 3375 1168 imago
3403 1098 3492 1153 Dei
3527 1108 3690 1169 atque

2133 1204 2151 1238 ι
2182 1186 2410 1242 Domini.
2452 1206 2469 1239 ι
2505 1186 2628 1243 llaec
2661 1188 3208 1245 inconsideratissime
3236 1189 3314 1244 sic
3356 1190 3422 1244 ab
3452 1190 3540 1245 illo
3571 1201 3686 1245 sta-

2126 1290 2379 1333 tuuntur:
2431 1280 2653 1337 minime
2699 1291 2879 1336 autem
2939 1280 3223 1346 intellexit,
3289 1295 3443 1350 posse
3491 1281 3685 1336 Filium

2129 1375 2186 1431 >I<
2217 1369 2342 1435 dici,
2373 1370 2546 1424 vivam
2594 1371 2885 1440 imaginem
2928 1370 3109 1426 Patris
3156 1371 3237 1425 sui
3267 1411 3282 1436 ,
3332 1387 3452 1426 cum
3484 1372 3556 1426 sit
3590 1389 3688 1427 suo

2126 1458 2270 1513 Patri
2304 1474 2465 1528 quam
2500 1461 2830 1517 simillimus.
2881 1462 2993 1517 lloc
3031 1474 3085 1518 et
3130 1462 3410 1532 Scriptura
3463 1473 3690 1518 testatur

2124 1551 2370 1620 inquiens
2403 1570 2415 1606 :
2462 1550 2597 1607 Vixit
2645 1565 2817 1607 autem
2852 1556 3018 1607 Adam
3041 1555 3291 1609 ducentos
3319 1572 3486 1609 annos
3520 1566 3567 1608 et
3602 1558 3691 1609 tri-

2119 1644 2284 1712 ginta,
2313 1655 2358 1699 et
2398 1648 2571 1715 genuit
2597 1648 2880 1701 secundum
2913 1648 3192 1716 imaginem
3214 1659 3261 1702 et
3287 1649 3687 1701 similitudinem

446 1728 543 1797 τὴν
589 1728 765 1799 σάρκα
802 1728 1050 1800 εἰρῆσθαι
1089 1729 1351 1783 διδάσκων
1394 1732 1491 1800 τὴν
1528 1730 1708 1784 εἰκόνα
1757 1726 1893 1783 εἶναι
1926 1730 2007 1783 τοῐ

2119 1754 2268 1790 suam
2321 1738 2512 1806 filium,
2565 1756 2783 1809 eumque
2840 1741 3125 1794 nominavit
3177 1742 3298 1795 Selii
3342 1743 3405 1794 ⁸⁵⁷.
3438 1744 3512 1795 De
3561 1741 3683 1795 Filii

449 1819 605 1873 Θεοῦ.
634 1820 888 1884 Μεταϐὰς
918 1820 973 1873 δὲ
1003 1818 1157 1885 αὖθις
1181 1822 1495 1894 Μάρκελλος
1517 1823 1609 1875 ἐπὶ
1641 1824 1765 1885 τοὺς
1794 1823 2007 1876 ἐπισκό-

2120 1838 2296 1882 autem
2321 1802 2609 1885 divinitate
2637 1831 2923 1901 Apostolus
2960 1832 3137 1896 docet,
3180 1834 3401 1887 dicens:
3435 1834 3537 1898 Qui
3569 1850 3685 1885 cum

450 1928 605 1977 πους,
641 1905 739 1965 ὦδε
777 1912 1007 1983 γράφει·
1049 1933 1067 1965 ι
1138 1913 1266 1969 Ἰδοὺ
1314 1915 1423 1987 γὰρ
1452 1915 1513 1968 τὸ
1557 1915 1699 1969 κατὰ
1745 1916 2007 1987 Ἀστέριον

2118 1924 2171 1973 in
2208 1921 2378 1989 forma
2415 1920 2508 1975 Dei
2544 1924 2953 1987 exsisteret,non
2988 1925 3163 1993 utique
3192 1926 3427 1992 rapinam
3460 1925 3688 1977 arbitra-

457 2022 477 2055 ι
519 2005 663 2073 ἡμᾶς
696 2005 801 2075 (18)
842 2006 900 2058 οὐ
932 2005 1182 2060 τοσοῦτον
1221 2006 1399 2070 λυπεῖ,
1434 2006 1734 2060 είττοιαῦτα
1767 2005 2012 2078 προήχθη

457 2116 473 2147 ι
514 2096 762 2166 γράφειν,
788 2096 902 2149 ἀλλ’
928 2098 1006 2150 ὅτι
1034 2098 1126 2150 καί
1155 2116 1297 2162 τινες
1322 2098 1430 2151 τῶν
1457 2098 1782 2170 προεστάναι
1800 2098 2015 2152 δοκούν-

452 2208 471 2239 ι
509 2205 614 2241 των
632 2189 729 2259 τῆς
766 2188 1113 2259 Ἑκκλησίας,
1130 2190 1228 2259 τῆς
1255 2189 1352 2260 μὲν
1371 2189 1734 2260 ἀποπολικῆς
1761 2189 2012 2244 ἐπιλαθό-

448 2293 467 2327 ι
509 2292 657 2345 μενοι
679 2277 1046 2348 παραδόσεως,
1080 2278 1145 2332 τὰ
1168 2278 1224 2331 δὲ
1257 2278 1454 2345 ἔξωθεν
1486 2280 1592 2333 τῶν
1632 2278 1790 2334 θείων
1822 2298 2011 2354 προτι-

446 2386 465 2417 ι
510 2369 800 2439 μήσαντες,
828 2369 1046 2424 τοιαῦτά
1070 2388 1189 2424 τινα
1217 2371 1424 2443 γράψαι
1445 2390 1504 2426 τε
1525 2373 1619 2427 καὶ
1638 2373 1844 2441 διδάξαι
1866 2375 2011 2428 ἐτόλ-

444 2478 464 2511 ‹
508 2476 709 2531 μησαν,
762 2460 798 2514 ἃ.
848 2461 996 2515 οὐδὲν
1039 2462 1255 2516 ἔλαττον
1300 2463 1401 2534 τῆς
1443 2464 1552 2518 τῶν
1598 2450 2011 2538 προειρημένων

444 2572 465 2606 t
502 2554 684 2625 ἔχεται
711 2556 939 2627 πλάνης.
980 2577 998 2609 ι
1032 2559 1141 2611 Kal
1181 2558 1297 2630 μεθ’
1326 2560 1489 2631 ἔτερα
1515 2560 1778 2629 ἐπιλέγει*
1816 2581 1834 2614 ι
1896 2563 2010 2615 Ἐν-

443 2664 463 2698 (
502 2646 678 2717 τυχὼν
702 2648 812 2720 γὰρ
841 2650 1151 2721 Ναρκίσσου
1184 2651 1279 2704 τοῦ
1309 2652 1643 2721 Νερωνιάδος
1671 2655 2009 2726 προεστῶτος

444 2759 462 2791 ι
503 2742 779 2813 ἐπιστολῇ,
804 2744 868 2813 ἥν
892 2742 1132 2814 γέγραφε
1157 2744 1293 2816 πρὸς
1322 2746 1566 2817 Χρηστόν
1597 2746 1707 2817 (19)
1735 2765 1875 2813 τινα,
1916 2750 2009 2802 καὶ

446 2852 465 2884 ι
505 2835 817 2905 Εὐφρόνιον,
843 2837 934 2889 καὶ
962 2836 1238 2901 Εὐσέϐιον,
1264 2837 1341 2900 ὡς
1378 2838 1553 2891 Ὀσίου
1578 2838 1676 2892 τοῦ
1708 2839 2005 2893 ἐπισκόπου

448 2941 468 2974 ι
507 2925 872 2996 ἐρωτήσαντος
904 2927 1086 2993 αὐτὸν,
1114 2929 1185 2992 εί,
1214 2927 1401 3001 ῶσπερ
1430 2928 1685 2994 Εὐσέϐιος
1708 2932 1737 2983 ό
1763 2931 1863 3001 τῆς
1894 2932 2006 2987 Ha-

450 3036 469 3068 ι
510 3017 782 3089 λαιστίνης
805 3019 896 3073 δύο
925 3020 1112 3085 οὐσίας
1147 3016 1285 3075 εἶναί
1331 3038 1513 3092 φησιν,
1545 3020 1686 3076 οὕτω
1726 3024 1820 3077 καὶ
1844 3024 2005 3089 αὐτὸς

2119 2020 2200 2065 tus
2233 2022 2305 2065 est
2325 2053 2339 2078 ,
2362 2027 2469 2065 esse
2483 2029 2538 2067 se
2563 2013 2813 2082 wqualem
2845 2012 2952 2066 Deo
2974 2028 2992 2064 :
3020 2014 3109 2067 sed
3143 2015 3471 2079 semetipsum
3506 2015 3688 2067 exina-

2116 2103 2243 2155 nivit
2277 2103 2358 2168 ⁸⁸;
2390 2114 2445 2158 et
2480 2104 2672 2158 iterum
2707 2119 2720 2155 :
2748 2102 2879 2157 Cum
2901 2115 3027 2158 esset
3056 2106 3238 2173 gloria:
3263 2108 3681 2174 rcspleudcscen-

2115 2194 2191 2247 tia
2242 2205 2289 2248 et
2316 2196 2603 2261 emanatio,
2632 2206 2681 2251 et
2708 2198 2981 2250 character
3020 2200 3315 2266 Itypostasis
3344 2200 3411 2251 δ’.
3459 2199 3524 2252 Ει
3556 2199 3684 2252 alibi

2114 2286 2311 2341 dicitur
2345 2304 2359 2341 :
2393 2286 2547 2342 Lucis
2582 2291 2770 2343 etenim
2789 2300 2999 2344 aeterna:
3030 2302 3102 2343 est
3127 2292 3411 2356 emanatio,
3432 2302 3477 2344 et
3505 2307 3687 2359 specu-

2112 2377 2220 2431 lum
2268 2378 2661 2433 immaculatum
2698 2379 2794 2435 Dei
2825 2382 3161 2449 operationis,
3205 2390 3254 2435 et
3298 2382 3471 2449 imago
3519 2381 3685 2450 ipsius

2111 2471 2357 2526 bonitatis
2383 2473 2471 2538 ⁸⁰;
2512 2480 2565 2527 et
2602 2474 2890 2542 Apostolus
2924 2474 3097 2527 adhuc
3132 2492 3143 2527 :
3186 2473 3431 2527 Devestiti
3470 2484 3685 2527 veterem

2108 2564 2388 2627 hominem,
2420 2574 2467 2619 et
2499 2580 2687 2617 novum
2713 2565 2885 2617 induti
2915 2568 3003 2632 qui
3035 2577 3321 2618 renovatur
3351 2566 3403 2618 in
3427 2566 3685 2633 cognitio-

2110 2669 2244 2718 nem,
2291 2654 2576 2708 secundum
2609 2655 2887 2723 imaginem
2915 2654 3219 2710 Conditoris
3249 2659 3314 2708 I‘.
3380 2657 3509 2723 Qua:
3559 2673 3682 2711 cum

2107 2743 2273 2811 dicat,
2341 2745 2472 2800 satis
2524 2753 2673 2815 patet
2734 2761 2838 2801 non
2904 2747 3135 2802 voluisse
3187 2749 3336 2803 illum
3385 2749 3685 2820 intelligere

2072 2856 2073 2859 η
2106 2851 2325 2891 carnem
2358 2850 2479 2891 esse
2512 2834 2805 2902 imaginem
2835 2837 2949 2894 Dei.
2984 2837 3276 2894 Trausiens
3310 2839 3435 2894 hinc
3464 2840 3684 2896 Marcel-

2106 2926 2191 2981 lus
2211 2928 2277 2981 ad
2299 2925 2587 2997 episcopos
2614 2925 2686 2981 ita
2714 2926 2901 2982 scribit
2941 2926 3035 3000 [Β.
3068 2928 3381 3001 LXXXVII]
3417 2950 3431 2985 :
3474 2950 3492 2981 ι
3542 2930 3681 2986 Ecce

2074 3050 2077 3051 ν
2111 3038 2130 3072 ι
2169 3036 2318 3086 vero,
2352 3036 2454 3076 non
2489 3033 2596 3076 tam
2643 3020 2841 3076 Asterii
2874 3037 3035 3077 causa
3081 3037 3180 3078 nos
3213 3037 3446 3078 mcerore
3493 3022 3675 3085 allicit,

446 3129 467 3163 ι
507 3110 676 3180 λέγοι.
703 3113 907 3182 Ἕγνων
934 3114 1094 3168 αὐτὸν
1114 3114 1223 3186 (20)
1242 3114 1349 3169 ἀπὸ
1380 3113 1487 3168 τῶν
1501 3115 1838 3187 γραφέντων,
1859 3120 2005 3189 τρεῖς

2112 3131 2130 3166 ι
2170 3114 2216 3170 si
2270 3114 2397 3169 talia
2436 3113 2633 3170 litteris
2666 3114 2973 3180 mandavit,
3024 3130 3185 3185 quam
3240 3116 3380 3185 quod
3434 3113 3674 3169 nonnulli

444 3224 465 3256 ι
505 3201 640 3259 εἶναι
670 3207 940 3261 πιστεύειν
969 3208 1155 3272 οὐσίας
1196 3208 1639 3280 ἀποκρινόμενον.
1678 3228 1697 3262 ι
1731 3208 1894 3264 Ταῦτ’
1925 3212 2003 3265 εἰ-

439 3297 576 3362 πὼν,
604 3298 712 3353 ἀπὸ
746 3298 839 3353 τοῦ
874 3299 1183 3373 Ναρκίσσου
1210 3302 1302 3355 ἐπὶ
1337 3300 1428 3355 τὸν
1464 3300 1721 3355 Εὐσέϐιον
1754 3303 2006 3372 μεταϐαί-

435 3408 533 3456 νει,
574 3391 915 3464 κατηγορῶν,
950 3392 1032 3445 ὅτι
1058 3390 1149 3445 τόν
1178 3392 1347 3461 Λόγον
1378 3392 1473 3446 τοῦ
1507 3391 1673 3457 Θεοῦ,
1708 3393 1838 3447 Θεὸν
1866 3390 2003 3448 εἶναι

432 3483 701 3553 ὁμολογεῖ.
752 3484 957 3556 Γράφει
988 3484 1045 3537 δὲ
1078 3486 1170 3538 καὶ
1198 3484 1326 3555 περὶ
1358 3484 1522 3537 αὐτοῦ
1572 3483 1745 3537 ταῦτα
1770 3502 1783 3515 ·
1835 3504 1853 3536 ι
1890 3487 2003 3539 Διε-

441 3598 458 3626 σ
498 3573 609 3627 λεῖν
638 3576 749 3646 γάρ
770 3575 862 3628 τὸν
886 3575 1057 3644 Λόγον
1092 3575 1186 3629 τοῦ
1211 3575 1345 3628 Θεοῦ
1374 3575 1667 3648 τολμήσας,
1694 3577 1789 3630 καὶ
1818 3576 2005 3649 ἕτερον

440 3688 459 3721 ι
499 3670 631 3723 Θεὸν
664 3671 756 3722 τὸν
802 3669 972 3738 Λόγον
1011 3669 1293 3739 ὀνομάσαι,
1343 3669 1499 3739 οὐσίᾳ
1541 3686 1600 3723 τε
1634 3670 1736 3723 καὶ
1779 3669 2003 3739 δυνάμει

440 3785 457 3814 ι
497 3762 763 3818 διεστῶτα
810 3762 903 3816 τοῦ
935 3762 1177 3833 Πατρὸς,
1212 3763 1290 3824 εἰς
1336 3763 1465 3832 ὅσην
1514 3761 1861 3834 βλασφημίαν
1909 3764 2002 3816 ὲκ-

441 3878 458 3907 ι
498 3857 805 3920 πέπτωκεν,
840 3857 1012 3910 ἔνεστι
1041 3856 1225 3925 σαφῶς
1253 3855 1347 3909 ἀπ’
1372 3855 1549 3909 αὐτῶν
1577 3856 1684 3910 τῶν
1712 3857 1801 3909 ὐπ’
1842 3856 2003 3910 αὐτοῦ

440 3966 459 3999 α
500 3949 819 4018 γραφέντων
862 3946 1039 4018 ῥητῶν
1088 3947 1284 4018 ῥᾳδίως
1328 3945 1636 4017 μανθάνειν.
1692 3966 1710 3998 ι
1756 3947 2001 4019 Γέγραφε

433 4040 489 4092 δὲ
523 4040 711 4105 αὐταῖς
731 4040 935 4104 λέξεσιν
962 4039 1136 4102 οὕτως
1155 4056 1167 4069 ·
1203 4057 1219 4088 ι
1259 4039 1333 4090 υύ
1368 4039 1429 4109 δή
1457 4056 1558 4091 που
1581 4038 1638 4090 δὲ
1664 4040 1698 4109 ἡ
1726 4038 1888 4092 εἰκὼν
1910 4041 2003 4093 καὶ

437 4156 453 4185 ι
495 4134 554 4187 τὸ
590 4129 650 4188 οὐ
703 4136 850 4189 ἐστιν
898 4136 930 4205 ἡ
970 4133 1151 4195 εἰκὼν,
1188 4132 1245 4185 ἒν
1295 4134 1387 4186 καὶ
1429 4132 1625 4186 ταύτὸν
1668 4134 1996 4186 ἐπινοεῖταιο

437 4247 455 4278 ι
494 4226 629 4279 ἀλλὰ
656 4227 749 4280 δύο
780 4226 877 4297 μὲν
908 4226 1107 4290 οὐσίαι,
1144 4225 1235 4279 καὶ
1273 4223 1365 4278 δύο
1401 4224 1732 4295 πράγματα,
1774 4226 1867 4278 καὶ
1911 4226 2003 4279 δύο

435 4338 452 4367 ι
492 4316 783 4388 δυνάμεις,
825 4309 899 4370 ὧν
939 4316 1032 4369 καὶ
1094 4312 1347 4367 τοσαῦται
1393 4311 1773 4384 προσηγορίαι.
1822 4331 1840 4363 ι
1892 4312 2002 4366 Καὶ

427 4407 601 4461 ταῦτα
662 4407 737 4471 ὡς
798 4406 977 4470 καλῶς
1040 4404 1339 4460 διαϐάλλων
1408 4404 1731 4475 προστίθησι
1789 4404 1995 4473 λέγων’

2115 3229 2134 3263 ι
2178 3211 2268 3282 qui
2288 3224 2519 3281 praeesse
2537 3209 2787 3265 videntur
2803 3209 3081 3277 Ecclesia),
3106 3210 3411 3279 apostolica:
3438 3209 3681 3263 traditio-

2111 3319 2131 3353 ι
2176 3300 2265 3354 nis
2295 3300 2470 3365 obliti,
2503 3309 2558 3355 et
2590 3300 2869 3355 smcularia
2897 3299 3094 3356 divinis
3123 3300 3492 3371 prazferentes,
3528 3300 3678 3370 ejus-

2110 3411 2129 3443 ι
2170 3392 2375 3447 ceutodi
2404 3392 2647 3461 quaedam
2680 3392 2922 3446 scribere
2952 3401 3006 3446 et
3034 3392 3230 3446 docere
3271 3392 3447 3461 palam
3480 3392 3680 3446 fuerint

2111 3501 2129 3534 ι
2177 3484 2315 3548 ausi,
2356 3499 2474 3553 quae
2497 3498 2603 3537 non
2634 3483 2814 3537 minus
2848 3498 3008 3550 quam
3033 3483 3389 3550 praecedentia
3435 3499 3675 3538 errorem

2110 3595 2127 3626 ι
2177 3575 2469 3645 implicant.
2499 3594 2518 3627 ι
2541 3574 2743 3630 Deinde
2762 3574 3038 3644 subiungit
3074 3584 3194 3644 post
3220 3575 3471 3629 nonnulla
3497 3576 3676 3629 inter-

2076 3669 2278 3739 rjecta:
2319 3669 2525 3724 «Incidi
2564 3667 2852 3735 aliquando
2900 3668 2955 3722 in
3010 3666 3293 3735 epistolam
3339 3683 3369 3720 a
3422 3665 3675 3721 Narcisso

2108 3784 2126 3817 ι
2174 3763 2429 3833 scriptam
2461 3762 2780 3818 Neroniadis
2805 3762 3078 3831 episcopo,
3106 3775 3267 3829 quam
3288 3760 3352 3814 ad
3383 3758 3671 3813 Clirestum

2108 3876 2127 3909 ι
2170 3857 2459 3928 quemdam
2498 3856 2694 3912 direxit
2720 3865 2776 3911 et
2805 3854 3170 3924 Euphronium
3197 3894 3213 3918 ,
3248 3864 3303 3909 et
3349 3852 3673 3917 Eusebium,

2109 3969 2127 4002 ι
2176 3952 2328 4021 quasi
2356 3950 2633 4021 proposita
2665 3950 2766 4019 ipsi
2792 3948 2860 4003 ab
2886 3946 3048 4002 Hosio
3077 3946 3329 4017 episcopo
3358 3942 3674 4012 quaestione,

2108 4061 2126 4094 ι
2175 4053 2354 4111 utrum
2402 4044 2552 4113 ipse,
2606 4041 2768 4096 veluti
2823 4040 3087 4095 Eusebius
3149 4038 3491 4103 I‘alzestinus,
3544 4037 3676 4092 duas

2108 4153 2127 4185 ι
2173 4134 2503 4190 substantias
2531 4133 2814 4188 fateretur.
2836 4132 2984 4187 Hanc
3011 4132 3099 4186 ubi
3130 4131 3386 4202 legeram,
3428 4130 3673 4183 animad-

2108 4244 2126 4277 ι
2176 4226 2315 4281 verti
2384 4236 2437 4281 et
2473 4226 2646 4294 ipsum
2687 4224 2891 4294 scripto
2930 4224 3020 4279 illo
3053 4239 3152 4279 suo
3204 4235 3312 4279 tres
3342 4222 3675 4277 substantias

2107 4336 2125 4368 ε
2170 4317 2391 4373 omnino
2427 4316 2699 4371 confiteri.
2726 4334 2744 4368 ι
2787 4315 2911 4371 lltec
2940 4316 3028 4371 ubi
3066 4316 3220 4383 dixit,
3250 4331 3277 4369 a
3308 4314 3561 4369 Narcisso
3606 4314 3674 4367 ad

2102 4408 2390 4463 Eusebium
2444 4408 2792 4471 transcendit,
2838 4422 3068 4477 eumque
3120 4416 3340 4462 accusat
3389 4421 3454 4461 eo
3500 4406 3675 4459 nomi-

435 4519 454 4551 ι
496 4499 620 4563 Πῶς
655 4494 747 4553 οὖν
777 4500 835 4552 οὐ
868 4498 964 4569 τὴν
993 4498 1162 4569 αὐτὴν
1192 4492 1333 4552 οὗτοι
1375 4500 1486 4560 τοῖς
1514 4496 1708 4562 ἔξωθεν
1734 4496 1997 4568 κακίστην

2112 4516 2187 4567 ιε,
2249 4499 2388 4570 quod
2430 4498 2661 4555 Verbum
2716 4498 2809 4555 Dei
2869 4500 3189 4570 proﬁteatur
3232 4498 3419 4552 Deum.
3478 4494 3677 4549 Scribit

434 4610 451 4641 ι
493 4588 611 4643 ὁδὸν
658 4588 985 4660 τραπέντας,
1022 4589 1092 4642 τὰ
1133 4586 1269 4641 αὐτὰ
1308 4588 1513 4654 διδάξαι
1561 4606 1621 4641 τε
1655 4591 1747 4643 καὶ
1791 4589 1995 4661 γράψαι

498 4734 557 4790 ›Ι‹
594 4728 693 4798 Ed.
725 4726 925 4791 Paris”
950 4743 1069 4798 pag.
1096 4729 1186 4782 25.

500 4798 542 4830 "
577 4797 714 4853 Gen.
766 4813 819 4863 ν,
868 4798 920 4853 3.
953 4797 956 4798 ⁷
996 4799 1040 4831 ⁸⁸
1070 4798 1262 4870 Philip.
1306 4815 1369 4866 ιι,
1406 4799 1459 4866 6,
1493 4800 1545 4855 7.
1621 4800 1664 4833 ³³
1695 4800 1860 4859 Hebr.
1887 4820 1923 4871 ι,
1968 4804 2022 4858 3.

501 4934 613 5008 (18)
656 4938 738 4989 Οὐ
768 4936 1059 4991 τοσοῦτον
1109 4935 1267 5007 ἡμᾶς
1310 4936 1509 4992 λυπεῖ.
1566 4936 1824 5008 Scilicet,
1875 4938 2002 5008 quia

427 5007 547 5063 erat
586 5008 778 5073 laicus,
831 5022 968 5076 pene
1004 5024 1245 5077 paganus
1280 5008 1367 5060 hic
1416 5008 1680 5062 Asterius.
1732 5007 1865 5062 Nam
1899 5007 2005 5063 ’ltic

427 5079 719 5132 manifeste
775 5077 1017 5141 docetur,
1072 5094 1177 5131 non
1236 5078 1405 5132 fuisse
1456 5077 1604 5130 illum
1666 5078 1998 5147 episcopum.

423 5147 596 5203 Porro
627 5164 694 5201 ex
731 5149 815 5203 liis
865 5164 983 5216 quae
1026 5158 1349 5217 sequuntur,
1386 5147 1786 5202 manifestarius
1836 5152 2002 5203 haere-

428 5219 567 5277 ticus
592 5220 1012 5286 deprehenditur
1036 5218 1344 5281 Marcellus,
1373 5220 1415 5272 si
1444 5232 1567 5272 vere
1594 5219 1835 5273 retulerit
1860 5220 2003 5273 illius

424 5289 567 5362 dicta
608 5290 914 5362 scriptaque
945 5289 1221 5362 Eusebius.
1242 5288 1312 5342 M.
1331 5320 1402 5331 ——-
1425 5288 1556 5362 Dein
1582 5289 1738 5358 vulgo
1768 5291 2000 5362 γράφειν

423 5370 480 5413 et
506 5360 607 5429 τῆς
637 5361 832 5412 ἀποστ.
857 5368 911 5413 et
936 5376 1043 5415 om.
1072 5360 1181 5429 γάρ
1216 5358 1621 5430 ιιιιειᾷὲντυχὼν.

500 5430 613 5498 (i9)
656 5430 811 5496 Πρὸς
837 5431 1114 5499 Χρηστόν
1145 5428 1295 5483 τινα.
1335 5428 1464 5483 Erat
1493 5428 1845 5497 Euphronius
1883 5431 1995 5499 epi-

425 5515 624 5569 scopus
670 5502 1056 5563 Autint-heuus,
1107 5515 1390 5555 successor
1428 5500 1663 5555 Flaccilli
1696 5522 1708 5555 :
1754 5501 1890 5567 ejus,
1921 5501 1987 5555 ad

424 5580 751 5641 quetntres
804 5570 963 5625 hosce
1014 5572 1341 5641 posteriores
1394 5586 1522 5625 suos
1573 5571 1737 5626 libras
1795 5581 1981 5625 contra

424 5640 771 5699 Marcellum.
829 5642 969 5693 misit
1020 5640 1298 5696 Eusebius
1357 5642 1668 5707 dedicatos;
1723 5642 1981 5695 Clirestus

423 5724 557 5765 vero
584 5712 865 5779 episcopus
894 5712 1165 5780 Nysscuus
1196 5714 1247 5766 in
1282 5714 1457 5766 locum
1487 5712 1816 5778 'l‘lieognidis
1844 5710 1979 5779 pulsi

428 5795 459 5835 a
490 5782 837 5837 Constantino
857 5823 869 5847 ,
898 5792 947 5838 et
977 5783 1101 5837 olim
1134 5784 1355 5853 depositi
1384 5800 1410 5837 ιι
1447 5783 1674 5839 coucilio
1704 5803 1714 5836 :
1745 5783 1835 5837 sed
1863 5796 1983 5836 cum

2102 4600 2279 4648 autem
2314 4591 2378 4646 ad
2403 4590 2545 4646 hunc
2580 4591 2796 4647 modum
2832 4609 2845 4646 :
2894 4589 2986 4662 [ιι.
3012 4587 3224 4661 LXXII]
3263 4606 3282 4641 ι
3307 4588 3541 4644 Verbum
3575 4581 3672 4639 Dei

2098 4803 2145 4842 ιο
2175 4801 2305 4871 Sap.
2337 4817 2405 4857 vit
2428 4842 2444 4866 ,
2474 4800 2565 4857 26.
2642 4756 2684 4834 εί
2714 4801 2829 4857 Col.
2868 4816 2949 4863 ιιι,
2975 4800 3027 4865 9,
3058 4800 3145 4855 10.

2109 4939 2357 4993 videatur
2404 4938 2491 4992 hic
2522 4937 2775 5000 Arianus,
2820 4946 2874 4991 et
2903 4938 2969 4991 de
2995 4951 3061 4991 eo
3106 4945 3361 5004 tanquam
3405 4948 3501 5004 per
3544 4948 3670 4989 con-

2106 5016 2369 5078 temptum
2406 5009 2655 5078 loquatur
2690 5005 2995 5069 Marcellus,
3032 5005 3246 5074 opinor,
3275 5004 3435 5058 alium
3471 5004 3537 5057 ab
3566 5004 3670 5060 isto

2103 5078 2237 5132 vult.
2273 5078 2342 5131 Μ.

2174 5149 2287 5221 (20)
2330 5149 2558 5217 Ἕγνων
2589 5148 2789 5221 αὐτόν.
2841 5146 3101 5217 Loquitur
3136 5144 3431 5221 Marcellus
3450 5143 3672 5221 Ett-

2101 5214 2279 5284 sebio,’
2297 5230 2351 5272 et
2388 5214 2573 5272 verum
2600 5229 2703 5282 est,
2732 5214 3069 5271 fatetur'tres
3096 5215 3303 5280 οὐσίας,
3332 5216 3424 5269 sed
3450 5214 3668 5278 Filium,

2103 5300 2160 5344 et
2206 5289 2463 5358 Spiritum
2514 5300 2760 5358 sanctum
2814 5297 3027 5342 creatas
3081 5286 3431 5358 substantias.
3476 5284 3668 5358 Filium

2103 5354 2265 5414 Patre
2304 5360 2589 5418 minorem,
2642 5357 2900 5426 Spiritum
2951 5367 3193 5410 sanctum
3224 5354 3377 5417 Filio,
3427 5358 3569 5409 hunc
3616 5355 3666 5409 in

2102 5439 2363 5499 tempore,
2412 5428 2555 5499 illum
2591 5438 2715 5499 ante
2753 5439 3013 5499 tempora,
3045 5426 3446 5499 sedereatum;
3480 5426 3664 5499 statim

2100 5494 2319 5554 accusat
2344 5515 2465 5553 eum
2496 5497 2776 5551 Marcellus
2795 5494 2985 5551 de’lioc
3013 5496 3485 5566 ipsoblaspliemo,
3509 5494 3667 5566 οὐσία

2098 5571 2190 5623 καὶ
2210 5569 2433 5639 δυνάμει
2460 5567 2720 5621 διεστῶτα
2739 5566 2832 5619 τοῦ
2854 5568 3083 5639 ῌᾼατρός.
3102 5565 3209 5620 Nec
3233 5565 3481 5639 atuolitttr
3500 5565 3650 5639 Euge

2099 5642 2219 5695 bius
2252 5634 2386 5709 hanc
2414 5640 2833 5709 accusationem.
2864 5636 2934 5692 M.
2962 5634 3028 5677 -'—-
3063 5640 3187 5692 Dein
3224 5637 3382 5709 vulgo
3420 5637 3525 5691 ἀπὸ
3558 5634 3657 5689 τῶι

2096 5712 2185 5762 ὑπ’
2226 5707 2385 5762 αὐτοῦ
2413 5721 2463 5762 et
2485 5702 2555 5761 ὢν
2581 5708 2671 5761 καί
2698 5725 2811 5763 res.
2833 5722 2883 5765 ct
2912 5709 3229 5780 τραπόντας.
