  <div class='ocr_page' id='page_1' title='image "/cluster/home/n/w/nwhite01/storage/ocr_20150623/24/hvd.32044073501801/392.png"; bbox 0 0 4098 6200; ppageno 0'>
   <div class='ocr_carea' id='block_1_1' title="bbox 368 275 470 333">
    <p class='ocr_par' dir='ltr' id='par_1_1' title="bbox 368 275 470 333">
     <span class='ocr_line' id='line_1_1' title="bbox 368 275 470 333; baseline 0.039 -4"><span class='ocrx_word' id='word_1_1' title='bbox 368 275 470 333; x_wconf 79' lang='grc'><strong>769</strong></span> 
     </span>
    </p>
   </div>
   <div class='ocr_carea' id='block_1_2' title="bbox 1481 274 2472 335">
    <p class='ocr_par' dir='ltr' id='par_1_2' title="bbox 1481 274 2472 335">
     <span class='ocr_line' id='line_1_2' title="bbox 1481 274 2472 335; baseline 0 -3"><span class='ocrx_word' id='word_1_2' title='bbox 1481 277 1760 333; x_wconf 80' lang='lat' dir='ltr'><strong>CONTRA</strong></span> <span class='ocrx_word' id='word_1_3' title='bbox 1798 275 2219 335; x_wconf 76' lang='lat' dir='ltr'><strong>MARCELLUM</strong></span> <span class='ocrx_word' id='word_1_4' title='bbox 2261 274 2389 331; x_wconf 87' lang='lat' dir='ltr'><strong>LIB.</strong></span> <span class='ocrx_word' id='word_1_5' title='bbox 2432 302 2472 332; x_wconf 71' lang='grc' dir='ltr'>ε.</span> 
     </span>
    </p>
   </div>
   <div class='ocr_carea' id='block_1_3' title="bbox 3492 282 3594 338">
    <p class='ocr_par' dir='ltr' id='par_1_3' title="bbox 3492 282 3594 338">
     <span class='ocr_line' id='line_1_3' title="bbox 3492 282 3594 338; baseline 0.029 -4"><span class='ocrx_word' id='word_1_6' title='bbox 3492 282 3594 338; x_wconf 79' lang='lat'><strong>770</strong></span> 
     </span>
    </p>
   </div>
   <div class='ocr_carea' id='block_1_4' title="bbox 357 390 1936 479">
    <p class='ocr_par' dir='ltr' id='par_1_4' title="bbox 357 391 1932 465">
     <span class='ocr_line' id='line_1_4' title="bbox 357 391 1932 465; baseline -0.001 -18"><span class='ocrx_word' id='word_1_7' title='bbox 357 395 596 465; x_wconf 82' lang='grc' dir='ltr'>πικρῶς,</span> <span class='ocrx_word' id='word_1_8' title='bbox 627 395 705 462; x_wconf 83' lang='grc' dir='ltr'>τῷ</span> <span class='ocrx_word' id='word_1_9' title='bbox 733 392 895 461; x_wconf 74' lang='grc' dir='ltr'>μηδὲν</span> <span class='ocrx_word' id='word_1_10' title='bbox 921 393 1163 463; x_wconf 71' lang='grc' dir='ltr'>εἰρηκότι</span> <span class='ocrx_word' id='word_1_11' title='bbox 1193 391 1394 455; x_wconf 86' lang='grc' dir='ltr'>πλεῖον,</span> <span class='ocrx_word' id='word_1_12' title='bbox 1423 393 1497 456; x_wconf 87' lang='grc' dir='ltr'>ὼς</span> <span class='ocrx_word' id='word_1_13' title='bbox 1525 394 1685 456; x_wconf 82' lang='grc' dir='ltr'>αὐτὸς</span> <span class='ocrx_word' id='word_1_14' title='bbox 1710 395 1932 464; x_wconf 87' lang='grc' dir='ltr'>γράφει,</span> 
     </span>
    </p>
   </div>
   <div class='ocr_carea' id='block_1_5' title="bbox 2039 390 3597 479">
    <p class='ocr_par' dir='ltr' id='par_1_5' title="bbox 2039 390 3597 463">
     <span class='ocr_line' id='line_1_5' title="bbox 2039 390 3597 463; baseline 0.004 -16"><span class='ocrx_word' id='word_1_15' title='bbox 2039 394 2312 457; x_wconf 87' lang='lat' dir='ltr'><strong>transiret,</strong></span> <span class='ocrx_word' id='word_1_16' title='bbox 2344 394 2411 456; x_wconf 84' lang='lat' dir='ltr'><strong>in</strong></span> <span class='ocrx_word' id='word_1_17' title='bbox 2440 390 2665 447; x_wconf 76' lang='lat' dir='ltr'><strong>ecclesia</strong></span> <span class='ocrx_word' id='word_1_18' title='bbox 2689 391 3110 447; x_wconf 88' lang='lat' dir='ltr'><strong>concionaretur</strong></span> <span class='ocrx_word' id='word_1_19' title='bbox 3137 410 3151 447; x_wconf 91' lang='lat'><strong>:</strong></span> <span class='ocrx_word' id='word_1_20' title='bbox 3180 396 3323 463; x_wconf 88' lang='lat' dir='ltr'><strong>quod</strong></span> <span class='ocrx_word' id='word_1_21' title='bbox 3356 410 3414 451; x_wconf 87' lang='lat' dir='ltr'><strong>se</strong></span> <span class='ocrx_word' id='word_1_22' title='bbox 3440 396 3597 453; x_wconf 76' lang='lat' dir='ltr'><strong>fando</strong></span> 
     </span>
    </p>
   </div>
   <div class='ocr_carea' id='block_1_6' title="bbox 353 483 1933 558">
    <p class='ocr_par' dir='ltr' id='par_1_6' title="bbox 353 483 1933 558">
     <span class='ocr_line' id='line_1_6' title="bbox 353 483 1933 558; baseline 0 -20"><span class='ocrx_word' id='word_1_23' title='bbox 353 489 390 558; x_wconf 80' lang='grc' dir='ltr'><strong>ἢ</strong></span> <span class='ocrx_word' id='word_1_24' title='bbox 426 485 491 539; x_wconf 81' lang='grc' dir='ltr'><strong>τὸ</strong></span> <span class='ocrx_word' id='word_1_25' title='bbox 522 483 874 537; x_wconf 65' lang='grc' dir='ltr'>ἀποστολικὼδ</span> <span class='ocrx_word' id='word_1_26' title='bbox 909 486 1092 554; x_wconf 74' lang='grc' dir='ltr'>ῥητόν.</span> <span class='ocrx_word' id='word_1_27' title='bbox 1127 485 1235 537; x_wconf 78' lang='grc' dir='ltr'>Καὶ</span> <span class='ocrx_word' id='word_1_28' title='bbox 1269 485 1364 538; x_wconf 86' lang='grc' dir='ltr'><strong>νῦν</strong></span> <span class='ocrx_word' id='word_1_29' title='bbox 1407 485 1508 555; x_wconf 86' lang='grc' dir='ltr'>μὲν</span> <span class='ocrx_word' id='word_1_30' title='bbox 1544 485 1636 539; x_wconf 88' lang='grc' dir='ltr'><strong>δύο</strong></span> <span class='ocrx_word' id='word_1_31' title='bbox 1666 485 1819 550; x_wconf 76' lang='grc' dir='ltr'>θεοὺς</span> <span class='ocrx_word' id='word_1_32' title='bbox 1848 486 1933 538; x_wconf 85' lang='grc' dir='ltr'>λέ-</span> 
     </span>
    </p>
   </div>
   <div class='ocr_carea' id='block_1_7' title="bbox 356 575 1931 647">
    <p class='ocr_par' dir='ltr' id='par_1_7' title="bbox 356 575 1931 647">
     <span class='ocr_line' id='line_1_7' title="bbox 356 575 1931 647; baseline -0.001 -17"><span class='ocrx_word' id='word_1_33' title='bbox 356 595 482 647; x_wconf 91' lang='grc' dir='ltr'>γειν</span> <span class='ocrx_word' id='word_1_34' title='bbox 511 576 602 629; x_wconf 84' lang='grc' dir='ltr'><strong>τὸν</strong></span> <span class='ocrx_word' id='word_1_35' title='bbox 632 576 883 628; x_wconf 78' lang='grc' dir='ltr'>Εὐσέϐιον</span> <span class='ocrx_word' id='word_1_36' title='bbox 916 575 1187 645; x_wconf 74' lang='grc' dir='ltr'>ὁμολογεῖ,</span> <span class='ocrx_word' id='word_1_37' title='bbox 1219 576 1295 638; x_wconf 84' lang='grc' dir='ltr'>ὡς</span> <span class='ocrx_word' id='word_1_38' title='bbox 1314 576 1380 630; x_wconf 84' lang='grc' dir='ltr'>ἂν</span> <span class='ocrx_word' id='word_1_39' title='bbox 1401 577 1492 631; x_wconf 84' lang='grc' dir='ltr'><strong>τὸν</strong></span> <span class='ocrx_word' id='word_1_40' title='bbox 1522 578 1645 631; x_wconf 87' lang='grc' dir='ltr'>Υἰὸν</span> <span class='ocrx_word' id='word_1_41' title='bbox 1668 578 1761 631; x_wconf 86' lang='grc' dir='ltr'><strong>τοῦ</strong></span> <span class='ocrx_word' id='word_1_42' title='bbox 1798 577 1931 631; x_wconf 92' lang='grc' dir='ltr'>Θεοῦ</span> 
     </span>
    </p>
   </div>
   <div class='ocr_carea' id='block_1_8' title="bbox 358 667 1930 739">
    <p class='ocr_par' dir='ltr' id='par_1_8' title="bbox 358 667 1930 739">
     <span class='ocr_line' id='line_1_8' title="bbox 358 667 1930 739; baseline 0 -19"><span class='ocrx_word' id='word_1_43' title='bbox 358 667 716 735; x_wconf 87' lang='grc' dir='ltr'>θεολογοῦντα</span> <span class='ocrx_word' id='word_1_44' title='bbox 749 668 844 718; x_wconf 77' lang='grc' dir='ltr'><strong>σὺν</strong></span> <span class='ocrx_word' id='word_1_45' title='bbox 875 667 953 737; x_wconf 81' lang='grc' dir='ltr'>τῷ</span> <span class='ocrx_word' id='word_1_46' title='bbox 990 668 1194 738; x_wconf 82' lang='grc' dir='ltr'>Πατρί’</span> <span class='ocrx_word' id='word_1_47' title='bbox 1233 667 1434 738; x_wconf 89' lang='grc' dir='ltr'>προῖὼν</span> <span class='ocrx_word' id='word_1_48' title='bbox 1465 669 1509 722; x_wconf 86' lang='grc' dir='ltr'>δ’</span> <span class='ocrx_word' id='word_1_49' title='bbox 1547 672 1605 723; x_wconf 84' lang='grc' dir='ltr'>ὲν</span> <span class='ocrx_word' id='word_1_50' title='bbox 1640 673 1751 733; x_wconf 88' lang='grc' dir='ltr'>τοῖς</span> <span class='ocrx_word' id='word_1_51' title='bbox 1783 671 1930 739; x_wconf 73' lang='grc' dir='ltr'>ἑξῆς,</span> 
     </span>
    </p>
   </div>
   <div class='ocr_carea' id='block_1_9' title="bbox 362 754 1932 835">
    <p class='ocr_par' dir='ltr' id='par_1_9' title="bbox 362 754 1932 835">
     <span class='ocr_line' id='line_1_9' title="bbox 362 754 1932 835; baseline 0.004 -25"><span class='ocrx_word' id='word_1_52' title='bbox 362 760 557 831; x_wconf 76' lang='grc' dir='ltr'>ὥσπερ</span> <span class='ocrx_word' id='word_1_53' title='bbox 588 758 1006 829; x_wconf 69' lang='grc' dir='ltr'><strong>ἐπιλελησμένος</strong></span> <span class='ocrx_word' id='word_1_54' title='bbox 1051 754 1125 814; x_wconf 84' lang='grc' dir='ltr'>ὧν</span> <span class='ocrx_word' id='word_1_55' title='bbox 1169 762 1401 815; x_wconf 79' lang='grc' dir='ltr'>ἐνταῦθα</span> <span class='ocrx_word' id='word_1_56' title='bbox 1432 762 1773 835; x_wconf 81' lang='grc' dir='ltr'><strong>κατηγόρηκε</strong></span> <span class='ocrx_word' id='word_1_57' title='bbox 1794 803 1809 825; x_wconf 96' lang='grc'><strong>,</strong></span> <span class='ocrx_word' id='word_1_58' title='bbox 1842 764 1932 816; x_wconf 91' lang='grc' dir='ltr'><strong>τὸν</strong></span> 
     </span>
    </p>
   </div>
   <div class='ocr_carea' id='block_1_10' title="bbox 363 850 1933 924">
    <p class='ocr_par' dir='ltr' id='par_1_10' title="bbox 363 850 1933 924">
     <span class='ocr_line' id='line_1_10' title="bbox 363 850 1933 924; baseline 0.003 -21"><span class='ocrx_word' id='word_1_59' title='bbox 363 851 529 903; x_wconf 75' lang='grc' dir='ltr'>αὐτὸν</span> <span class='ocrx_word' id='word_1_60' title='bbox 573 850 818 919; x_wconf 74' lang='grc' dir='ltr'>πειρᾶται</span> <span class='ocrx_word' id='word_1_61' title='bbox 860 850 1164 904; x_wconf 89' lang='grc' dir='ltr'>διαϐάλλειν</span> <span class='ocrx_word' id='word_1_62' title='bbox 1209 851 1285 915; x_wconf 83' lang='grc' dir='ltr'>ὡς</span> <span class='ocrx_word' id='word_1_63' title='bbox 1320 852 1473 921; x_wconf 76' lang='grc' dir='ltr'>ψιλὸν</span> <span class='ocrx_word' id='word_1_64' title='bbox 1516 853 1798 924; x_wconf 82' lang='grc' dir='ltr'>ἄνθρωπον</span> <span class='ocrx_word' id='word_1_65' title='bbox 1844 854 1933 907; x_wconf 90' lang='grc' dir='ltr'><strong>τὸν</strong></span> 
     </span>
    </p>
   </div>
   <div class='ocr_carea' id='block_1_11' title="bbox 367 940 1931 1017">
    <p class='ocr_par' dir='ltr' id='par_1_11' title="bbox 367 940 1931 1017">
     <span class='ocr_line' id='line_1_11' title="bbox 367 940 1931 1017; baseline 0.001 -22"><span class='ocrx_word' id='word_1_66' title='bbox 367 942 597 1013; x_wconf 83' lang='grc' dir='ltr'>Χριστὸν</span> <span class='ocrx_word' id='word_1_67' title='bbox 611 940 746 994; x_wconf 82' lang='grc' dir='ltr'>εἶναι</span> <span class='ocrx_word' id='word_1_68' title='bbox 772 942 1017 1010; x_wconf 87' lang='grc' dir='ltr'>λέγοντα.</span> <span class='ocrx_word' id='word_1_69' title='bbox 1038 942 1193 1014; x_wconf 81' lang='grc' dir='ltr'>Ἑξῆς</span> <span class='ocrx_word' id='word_1_70' title='bbox 1208 943 1265 995; x_wconf 85' lang='grc' dir='ltr'>δὲ</span> <span class='ocrx_word' id='word_1_71' title='bbox 1281 946 1391 1008; x_wconf 86' lang='grc' dir='ltr'>τοῖς</span> <span class='ocrx_word' id='word_1_72' title='bbox 1410 945 1789 1017; x_wconf 81' lang='grc' dir='ltr'>προκειμένοις</span> <span class='ocrx_word' id='word_1_73' title='bbox 1811 946 1931 998; x_wconf 86' lang='grc' dir='ltr'>ὲπι-</span> 
     </span>
    </p>
   </div>
   <div class='ocr_carea' id='block_1_12' title="bbox 368 1033 1931 1107">
    <p class='ocr_par' dir='ltr' id='par_1_12' title="bbox 368 1033 1931 1107">
     <span class='ocr_line' id='line_1_12' title="bbox 368 1033 1931 1107; baseline 0.003 -22"><span class='ocrx_word' id='word_1_74' title='bbox 368 1035 623 1086; x_wconf 79' lang='grc' dir='ltr'>συνάπτει</span> <span class='ocrx_word' id='word_1_75' title='bbox 643 1033 839 1103; x_wconf 80' lang='grc' dir='ltr'>πολλήν</span> <span class='ocrx_word' id='word_1_76' title='bbox 859 1050 979 1085; x_wconf 87' lang='grc' dir='ltr'>τινα</span> <span class='ocrx_word' id='word_1_77' title='bbox 1003 1036 1096 1087; x_wconf 72' lang='grc' dir='ltr'><strong>καὶ</strong></span> <span class='ocrx_word' id='word_1_78' title='bbox 1115 1034 1331 1106; x_wconf 86' lang='grc' dir='ltr'>μακρὰν</span> <span class='ocrx_word' id='word_1_79' title='bbox 1347 1035 1633 1107; x_wconf 83' lang='grc' dir='ltr'>φλυαρίαν,</span> <span class='ocrx_word' id='word_1_80' title='bbox 1649 1036 1717 1089; x_wconf 92' lang='grc' dir='ltr'><strong>τά</strong></span> <span class='ocrx_word' id='word_1_81' title='bbox 1731 1053 1788 1088; x_wconf 91' lang='grc' dir='ltr'><strong>τε</strong></span> <span class='ocrx_word' id='word_1_82' title='bbox 1805 1036 1931 1089; x_wconf 79' lang='grc' dir='ltr'>ὄντα</span> 
     </span>
    </p>
   </div>
   <div class='ocr_carea' id='block_1_13' title="bbox 366 1124 1932 1197">
    <p class='ocr_par' dir='ltr' id='par_1_13' title="bbox 366 1124 1932 1197">
     <span class='ocr_line' id='line_1_13' title="bbox 366 1124 1932 1197; baseline 0.001 -18"><span class='ocrx_word' id='word_1_83' title='bbox 366 1127 434 1179; x_wconf 81' lang='grc' dir='ltr'><strong>τά</strong></span> <span class='ocrx_word' id='word_1_84' title='bbox 448 1142 504 1179; x_wconf 86' lang='grc' dir='ltr'><strong>τε</strong></span> <span class='ocrx_word' id='word_1_85' title='bbox 521 1125 592 1195; x_wconf 77' lang='grc' dir='ltr'><strong>μὴ</strong></span> <span class='ocrx_word' id='word_1_86' title='bbox 608 1124 735 1177; x_wconf 78' lang='grc' dir='ltr'>ὄντα</span> <span class='ocrx_word' id='word_1_87' title='bbox 750 1125 926 1195; x_wconf 80' lang='grc' dir='ltr'>ἐαυτῷ</span> <span class='ocrx_word' id='word_1_88' title='bbox 942 1126 1340 1196; x_wconf 74' lang='grc' dir='ltr'>συνείριυν(25)⁶</span> <span class='ocrx_word' id='word_1_89' title='bbox 1364 1129 1644 1197; x_wconf 76' lang='grc' dir='ltr'>μονονουχὶ</span> <span class='ocrx_word' id='word_1_90' title='bbox 1658 1128 1797 1180; x_wconf 86' lang='grc' dir='ltr'><strong>κατά</strong></span> <span class='ocrx_word' id='word_1_91' title='bbox 1810 1129 1932 1191; x_wconf 71' lang='grc' dir='ltr'>τοὺς</span> 
     </span>
    </p>
   </div>
   <div class='ocr_carea' id='block_1_14' title="bbox 366 1216 1933 1288">
    <p class='ocr_par' dir='ltr' id='par_1_14' title="bbox 366 1216 1933 1288">
     <span class='ocr_line' id='line_1_14' title="bbox 366 1216 1933 1288; baseline 0.003 -20"><span class='ocrx_word' id='word_1_92' title='bbox 366 1219 659 1287; x_wconf 78' lang='grc' dir='ltr'>φήσαντας.</span> <span class='ocrx_word' id='word_1_93' title='bbox 694 1217 769 1269; x_wconf 84' lang='grc' dir='ltr'><em>Τὰ</em></span> <span class='ocrx_word' id='word_1_94' title='bbox 789 1218 961 1285; x_wconf 64' lang='grc' dir='ltr'>χείλη</span> <span class='ocrx_word' id='word_1_95' title='bbox 988 1216 1156 1286; x_wconf 78' lang='grc' dir='ltr'><strong>ἡμῶν</strong></span> <span class='ocrx_word' id='word_1_96' title='bbox 1176 1217 1312 1285; x_wconf 76' lang='grc' dir='ltr'>παρ’</span> <span class='ocrx_word' id='word_1_97' title='bbox 1334 1219 1477 1288; x_wconf 77' lang='grc' dir='ltr'><strong>ἡμῖν</strong></span> <span class='ocrx_word' id='word_1_98' title='bbox 1490 1219 1641 1283; x_wconf 86' lang='grc' dir='ltr'>ἐστι,</span> <span class='ocrx_word' id='word_1_99' title='bbox 1663 1217 1933 1288; x_wconf 58' lang='lat' dir='ltr'><strong>“rch</strong></span> 
     </span>
    </p>
   </div>
   <div class='ocr_carea' id='block_1_15' title="bbox 361 1299 1933 1381">
    <p class='ocr_par' dir='ltr' id='par_1_15' title="bbox 361 1299 1933 1381">
     <span class='ocr_line' id='line_1_15' title="bbox 361 1299 1933 1381; baseline 0.003 -24"><span class='ocrx_word' id='word_1_100' title='bbox 361 1307 565 1372; x_wconf 75' lang='grc' dir='ltr'>κύριός</span> <span class='ocrx_word' id='word_1_101' title='bbox 611 1305 777 1366; x_wconf 84' lang='grc' dir='ltr'>ἐστι;</span> <span class='ocrx_word' id='word_1_102' title='bbox 833 1305 909 1356; x_wconf 84' lang='grc' dir='ltr'><strong>Δι’</strong></span> <span class='ocrx_word' id='word_1_103' title='bbox 939 1299 1014 1358; x_wconf 81' lang='grc' dir='ltr'>ὧν</span> <span class='ocrx_word' id='word_1_104' title='bbox 1054 1307 1355 1368; x_wconf 77' lang='grc' dir='ltr'>δείκνυται,</span> <span class='ocrx_word' id='word_1_105' title='bbox 1404 1308 1585 1373; x_wconf 88' lang='grc' dir='ltr'>καθὼς</span> <span class='ocrx_word' id='word_1_106' title='bbox 1638 1309 1933 1381; x_wconf 84' lang='grc' dir='ltr'>ἀρχόμενος</span> 
     </span>
    </p>
   </div>
   <div class='ocr_carea' id='block_1_16' title="bbox 359 1396 1933 1473">
    <p class='ocr_par' dir='ltr' id='par_1_16' title="bbox 359 1396 1933 1473">
     <span class='ocr_line' id='line_1_16' title="bbox 359 1396 1933 1473; baseline 0.004 -26"><span class='ocrx_word' id='word_1_107' title='bbox 359 1397 494 1466; x_wconf 80' lang='grc' dir='ltr'>ἔφην</span> <span class='ocrx_word' id='word_1_108' title='bbox 537 1396 632 1448; x_wconf 91' lang='grc' dir='ltr'><strong>τοῦ</strong></span> <span class='ocrx_word' id='word_1_109' title='bbox 683 1397 1130 1467; x_wconf 83' lang='grc' dir='ltr'>συγγράμματος,</span> <span class='ocrx_word' id='word_1_110' title='bbox 1178 1398 1237 1463; x_wconf 77' lang='grc' dir='ltr'><strong>ἐξ</strong></span> <span class='ocrx_word' id='word_1_111' title='bbox 1262 1399 1703 1472; x_wconf 85' lang='grc' dir='ltr'>ὑπερϐαλλούσης</span> <span class='ocrx_word' id='word_1_112' title='bbox 1735 1401 1933 1473; x_wconf 80' lang='grc' dir='ltr'>ἔχθρας</span> 
     </span>
    </p>
   </div>
   <div class='ocr_carea' id='block_1_17' title="bbox 357 1491 1949 1565">
    <p class='ocr_par' dir='ltr' id='par_1_17' title="bbox 357 1491 1949 1565">
     <span class='ocr_line' id='line_1_17' title="bbox 357 1491 1949 1565; baseline 0.004 -25"><span class='ocrx_word' id='word_1_113' title='bbox 357 1507 415 1541; x_wconf 88' lang='grc' dir='ltr'><strong>τε</strong></span> <span class='ocrx_word' id='word_1_114' title='bbox 451 1491 546 1543; x_wconf 78' lang='grc' dir='ltr'>καὶ</span> <span class='ocrx_word' id='word_1_115' title='bbox 581 1491 933 1560; x_wconf 69' lang='grc' dir='ltr'>μισαδελφίας</span> <span class='ocrx_word' id='word_1_116' title='bbox 965 1492 1304 1562; x_wconf 74' lang='grc' dir='ltr'><strong>ἐπιπηδήσας</strong></span> <span class='ocrx_word' id='word_1_117' title='bbox 1331 1495 1396 1562; x_wconf 82' lang='grc' dir='ltr'>τῇ</span> <span class='ocrx_word' id='word_1_118' title='bbox 1429 1497 1634 1565; x_wconf 81' lang='grc' dir='ltr'>γραφῇ.</span> <span class='ocrx_word' id='word_1_119' title='bbox 1676 1494 1949 1557; x_wconf 80' lang='grc' dir='ltr'>Μεταϐἀς·</span> 
     </span>
    </p>
   </div>
   <div class='ocr_carea' id='block_1_18' title="bbox 355 1580 1932 1656">
    <p class='ocr_par' dir='ltr' id='par_1_18' title="bbox 355 1580 1932 1656">
     <span class='ocr_line' id='line_1_18' title="bbox 355 1580 1932 1656; baseline 0.001 -21"><span class='ocrx_word' id='word_1_120' title='bbox 355 1582 401 1635; x_wconf 78' lang='grc' dir='ltr'>δ’</span> <span class='ocrx_word' id='word_1_121' title='bbox 449 1584 513 1634; x_wconf 80' lang='grc' dir='ltr'><strong>ὲκ</strong></span> <span class='ocrx_word' id='word_1_122' title='bbox 563 1583 787 1647; x_wconf 86' lang='grc' dir='ltr'>τούτων,</span> <span class='ocrx_word' id='word_1_123' title='bbox 843 1585 1112 1655; x_wconf 77' lang='grc' dir='ltr'>Ἀστέριον</span> <span class='ocrx_word' id='word_1_124' title='bbox 1168 1580 1321 1648; x_wconf 82' lang='grc' dir='ltr'>αὖθις</span> <span class='ocrx_word' id='word_1_125' title='bbox 1370 1585 1654 1654; x_wconf 80' lang='grc' dir='ltr'>τραγῳδεῖ,</span> <span class='ocrx_word' id='word_1_126' title='bbox 1719 1586 1932 1656; x_wconf 85' lang='grc' dir='ltr'>μακρὰν</span> 
     </span>
    </p>
   </div>
   <div class='ocr_carea' id='block_1_19' title="bbox 360 1676 1930 1747">
    <p class='ocr_par' dir='ltr' id='par_1_19' title="bbox 360 1676 1930 1747">
     <span class='ocr_line' id='line_1_19' title="bbox 360 1676 1930 1747; baseline 0.001 -21"><span class='ocrx_word' id='word_1_127' title='bbox 360 1676 663 1728; x_wconf 81' lang='grc' dir='ltr'>ἀποτείνων</span> <span class='ocrx_word' id='word_1_128' title='bbox 701 1677 795 1729; x_wconf 78' lang='grc' dir='ltr'>καὶ</span> <span class='ocrx_word' id='word_1_129' title='bbox 838 1677 967 1747; x_wconf 78' lang='grc' dir='ltr'>περὶ</span> <span class='ocrx_word' id='word_1_130' title='bbox 1011 1676 1175 1729; x_wconf 77' lang='grc' dir='ltr'>αὑτοῦ</span> <span class='ocrx_word' id='word_1_131' title='bbox 1206 1676 1475 1746; x_wconf 75' lang='grc' dir='ltr'>διήγησιν,</span> <span class='ocrx_word' id='word_1_132' title='bbox 1524 1677 1669 1739; x_wconf 84' lang='grc' dir='ltr'>ὅπως</span> <span class='ocrx_word' id='word_1_133' title='bbox 1702 1693 1760 1728; x_wconf 87' lang='grc' dir='ltr'><strong>τε</strong></span> <span class='ocrx_word' id='word_1_134' title='bbox 1793 1678 1930 1729; x_wconf 87' lang='grc' dir='ltr'>ἀπο-</span> 
     </span>
    </p>
   </div>
   <div class='ocr_carea' id='block_1_20' title="bbox 360 1767 2005 1843">
    <p class='ocr_par' dir='ltr' id='par_1_20' title="bbox 360 1767 2005 1843">
     <span class='ocr_line' id='line_1_20' title="bbox 360 1767 2005 1843; baseline 0.001 -24"><span class='ocrx_word' id='word_1_135' title='bbox 360 1768 526 1836; x_wconf 84' lang='grc' dir='ltr'>δημεῖ</span> <span class='ocrx_word' id='word_1_136' title='bbox 558 1768 689 1837; x_wconf 71' lang='grc'><strong>(26),</strong></span> <span class='ocrx_word' id='word_1_137' title='bbox 722 1770 816 1821; x_wconf 81' lang='grc' dir='ltr'><strong>καὶ</strong></span> <span class='ocrx_word' id='word_1_138' title='bbox 850 1771 959 1833; x_wconf 85' lang='grc' dir='ltr'>ποῖ,</span> <span class='ocrx_word' id='word_1_139' title='bbox 1004 1769 1096 1822; x_wconf 77' lang='grc' dir='ltr'><strong>καὶ</strong></span> <span class='ocrx_word' id='word_1_140' title='bbox 1120 1770 1278 1832; x_wconf 87' lang='grc' dir='ltr'>πότε,</span> <span class='ocrx_word' id='word_1_141' title='bbox 1323 1769 1416 1821; x_wconf 79' lang='grc' dir='ltr'><strong>καὶ</strong></span> <span class='ocrx_word' id='word_1_142' title='bbox 1448 1768 1585 1839; x_wconf 85' lang='grc' dir='ltr'>πρὸς</span> <span class='ocrx_word' id='word_1_143' title='bbox 1613 1767 1781 1830; x_wconf 88' lang='grc' dir='ltr'>τίνας.</span> <span class='ocrx_word' id='word_1_144' title='bbox 1824 1768 1931 1821; x_wconf 75' lang='grc' dir='ltr'>Καὶ</span> <span class='ocrx_word' id='word_1_145' title='bbox 1965 1789 2005 1843; x_wconf 74' lang='grc' dir='ltr'><strong><em>Β</em></strong></span> 
     </span>
    </p>
   </div>
   <div class='ocr_carea' id='block_1_21' title="bbox 362 1854 1927 1928">
    <p class='ocr_par' dir='ltr' id='par_1_21' title="bbox 362 1854 1927 1928">
     <span class='ocr_line' id='line_1_21' title="bbox 362 1854 1927 1928; baseline 0.001 -21"><span class='ocrx_word' id='word_1_146' title='bbox 362 1856 556 1909; x_wconf 58' lang='grc' dir='ltr'>τούτου</span> <span class='ocrx_word' id='word_1_147' title='bbox 588 1857 642 1909; x_wconf 77' lang='grc' dir='ltr'><strong>δὲ</strong></span> <span class='ocrx_word' id='word_1_148' title='bbox 676 1858 973 1928; x_wconf 78' lang='grc' dir='ltr'>ἀφέμενος,</span> <span class='ocrx_word' id='word_1_149' title='bbox 1004 1854 1154 1922; x_wconf 77' lang='grc' dir='ltr'>αὖθις</span> <span class='ocrx_word' id='word_1_150' title='bbox 1202 1858 1294 1910; x_wconf 75' lang='grc' dir='ltr'>ἐπὶ</span> <span class='ocrx_word' id='word_1_151' title='bbox 1332 1857 1422 1910; x_wconf 89' lang='grc' dir='ltr'><strong>τὸν</strong></span> <span class='ocrx_word' id='word_1_152' title='bbox 1459 1858 1550 1910; x_wconf 84' lang='grc' dir='ltr'><strong>τοῦ</strong></span> <span class='ocrx_word' id='word_1_153' title='bbox 1585 1857 1718 1910; x_wconf 87' lang='grc' dir='ltr'>Θεοῦ</span> <span class='ocrx_word' id='word_1_154' title='bbox 1760 1858 1927 1928; x_wconf 80' lang='grc' dir='ltr'>ἄνδρα</span> 
     </span>
    </p>
   </div>
   <div class='ocr_carea' id='block_1_22' title="bbox 370 1950 1922 2021">
    <p class='ocr_par' dir='ltr' id='par_1_22' title="bbox 370 1950 1922 2021">
     <span class='ocr_line' id='line_1_22' title="bbox 370 1950 1922 2021; baseline 0.001 -21"><span class='ocrx_word' id='word_1_155' title='bbox 370 1950 631 2001; x_wconf 80' lang='grc' dir='ltr'>Παυλῖνον</span> <span class='ocrx_word' id='word_1_156' title='bbox 668 1951 946 2021; x_wconf 86' lang='grc' dir='ltr'>τρέπεται.</span> <span class='ocrx_word' id='word_1_157' title='bbox 980 1951 1153 2004; x_wconf 90' lang='grc' dir='ltr'>ταῦτα</span> <span class='ocrx_word' id='word_1_158' title='bbox 1186 1950 1411 2020; x_wconf 82' lang='grc' dir='ltr'>γράφων</span> <span class='ocrx_word' id='word_1_159' title='bbox 1457 1951 1641 2014; x_wconf 83' lang='grc' dir='ltr'>αὐτοῖς</span> <span class='ocrx_word' id='word_1_160' title='bbox 1686 1952 1922 2021; x_wconf 74' lang='grc' dir='ltr'>ῥήμασιο</span> 
     </span>
    </p>
   </div>
   <div class='ocr_carea' id='block_1_23' title="bbox 376 2040 1928 2113">
    <p class='ocr_par' dir='ltr' id='par_1_23' title="bbox 376 2040 1928 2113">
     <span class='ocr_line' id='line_1_23' title="bbox 376 2040 1928 2113; baseline 0.003 -24"><span class='ocrx_word' id='word_1_161' title='bbox 376 2060 393 2089; x_wconf 71' lang='grc' dir='ltr'><strong>ι</strong></span> <span class='ocrx_word' id='word_1_162' title='bbox 430 2040 648 2104; x_wconf 73' lang='grc' dir='ltr'>Τούτοις</span> <span class='ocrx_word' id='word_1_163' title='bbox 670 2041 724 2094; x_wconf 84' lang='grc' dir='ltr'>δὲ</span> <span class='ocrx_word' id='word_1_164' title='bbox 755 2044 866 2103; x_wconf 83' lang='grc' dir='ltr'>τοῖς</span> <span class='ocrx_word' id='word_1_165' title='bbox 899 2044 1082 2113; x_wconf 79' lang='grc' dir='ltr'>ῥητοῖς</span> <span class='ocrx_word' id='word_1_166' title='bbox 1112 2043 1204 2095; x_wconf 55' lang='grc' dir='ltr'><strong>καὶ⁹</strong></span> <span class='ocrx_word' id='word_1_167' title='bbox 1240 2043 1268 2094; x_wconf 83' lang='grc' dir='ltr'><strong>ὁ</strong></span> <span class='ocrx_word' id='word_1_168' title='bbox 1298 2042 1487 2095; x_wconf 90' lang='grc' dir='ltr'>τούτου</span> <span class='ocrx_word' id='word_1_169' title='bbox 1524 2041 1704 2113; x_wconf 87' lang='grc' dir='ltr'>πατὴρ</span> <span class='ocrx_word' id='word_1_170' title='bbox 1750 2041 1928 2095; x_wconf 78' lang='grc' dir='ltr'>πειθό-</span> 
     </span>
    </p>
   </div>
   <div class='ocr_carea' id='block_1_24' title="bbox 376 2128 1930 2202">
    <p class='ocr_par' dir='ltr' id='par_1_24' title="bbox 376 2128 1930 2202">
     <span class='ocr_line' id='line_1_24' title="bbox 376 2128 1930 2202; baseline 0.006 -27"><span class='ocrx_word' id='word_1_171' title='bbox 376 2146 393 2175; x_wconf 69' lang='grc' dir='ltr'><strong>ι</strong></span> <span class='ocrx_word' id='word_1_172' title='bbox 438 2143 610 2196; x_wconf 87' lang='grc' dir='ltr'>μενος,</span> <span class='ocrx_word' id='word_1_173' title='bbox 636 2128 912 2192; x_wconf 77' lang='grc' dir='ltr'>Παυλῖνος,</span> <span class='ocrx_word' id='word_1_174' title='bbox 949 2128 1118 2182; x_wconf 87' lang='grc' dir='ltr'>ταῦτα</span> <span class='ocrx_word' id='word_1_175' title='bbox 1154 2129 1331 2198; x_wconf 90' lang='grc' dir='ltr'>λέγειν</span> <span class='ocrx_word' id='word_1_176' title='bbox 1364 2147 1421 2184; x_wconf 91' lang='grc' dir='ltr'><strong>τε</strong></span> <span class='ocrx_word' id='word_1_177' title='bbox 1456 2132 1549 2184; x_wconf 78' lang='grc' dir='ltr'><strong>καὶ</strong></span> <span class='ocrx_word' id='word_1_178' title='bbox 1579 2132 1809 2202; x_wconf 83' lang='grc' dir='ltr'>γράφειν</span> <span class='ocrx_word' id='word_1_179' title='bbox 1831 2133 1930 2184; x_wconf 80' lang='grc' dir='ltr'><strong>οὐκ</strong></span> 
     </span>
    </p>
   </div>
   <div class='ocr_carea' id='block_1_25' title="bbox 377 2218 1927 2295">
    <p class='ocr_par' dir='ltr' id='par_1_25' title="bbox 377 2218 1927 2295">
     <span class='ocr_line' id='line_1_25' title="bbox 377 2218 1927 2295; baseline 0.009 -32"><span class='ocrx_word' id='word_1_180' title='bbox 377 2236 396 2263; x_wconf 82' lang='grc'><em>‹</em></span> <span class='ocrx_word' id='word_1_181' title='bbox 435 2218 595 2279; x_wconf 70' lang='grc' dir='ltr'>ὀκνεῖ,</span> <span class='ocrx_word' id='word_1_182' title='bbox 626 2220 752 2272; x_wconf 84' lang='grc' dir='ltr'>ποτὲ</span> <span class='ocrx_word' id='word_1_183' title='bbox 793 2221 890 2291; x_wconf 80' lang='grc' dir='ltr'><strong>μὲν</strong></span> <span class='ocrx_word' id='word_1_184' title='bbox 920 2220 1169 2292; x_wconf 88' lang='grc' dir='ltr'>δεύτερον</span> <span class='ocrx_word' id='word_1_185' title='bbox 1194 2223 1325 2274; x_wconf 83' lang='grc' dir='ltr'>Θεὸν</span> <span class='ocrx_word' id='word_1_186' title='bbox 1353 2222 1525 2291; x_wconf 83' lang='grc' dir='ltr'>λέγων</span> <span class='ocrx_word' id='word_1_187' title='bbox 1555 2224 1647 2276; x_wconf 87' lang='grc' dir='ltr'><strong>τὸν</strong></span> <span class='ocrx_word' id='word_1_188' title='bbox 1674 2224 1927 2295; x_wconf 85' lang='grc' dir='ltr'>Χριστὸν,</span> 
     </span>
    </p>
   </div>
   <div class='ocr_carea' id='block_1_26' title="bbox 374 2308 1925 2389">
    <p class='ocr_par' dir='ltr' id='par_1_26' title="bbox 374 2308 1925 2389">
     <span class='ocr_line' id='line_1_26' title="bbox 374 2308 1925 2389; baseline 0.008 -31"><span class='ocrx_word' id='word_1_189' title='bbox 374 2327 392 2356; x_wconf 71' lang='grc' dir='ltr'><strong>ι</strong></span> <span class='ocrx_word' id='word_1_190' title='bbox 434 2310 525 2361; x_wconf 79' lang='grc' dir='ltr'><strong>καὶ</strong></span> <span class='ocrx_word' id='word_1_191' title='bbox 569 2308 754 2364; x_wconf 87' lang='grc' dir='ltr'>τοῦτον</span> <span class='ocrx_word' id='word_1_192' title='bbox 809 2311 1295 2386; x_wconf 80' lang='grc' dir='ltr'>ἀνθρωπικώτερον</span> <span class='ocrx_word' id='word_1_193' title='bbox 1356 2316 1712 2389; x_wconf 82' lang='grc' dir='ltr'>γεγεννῆσθαι</span> <span class='ocrx_word' id='word_1_194' title='bbox 1763 2318 1925 2371; x_wconf 85' lang='grc' dir='ltr'>Θεόν·</span> 
     </span>
    </p>
   </div>
   <div class='ocr_carea' id='block_1_27' title="bbox 370 2401 1931 2479">
    <p class='ocr_par' dir='ltr' id='par_1_27' title="bbox 370 2401 1931 2479">
     <span class='ocr_line' id='line_1_27' title="bbox 370 2401 1931 2479; baseline 0.008 -28"><span class='ocrx_word' id='word_1_195' title='bbox 370 2419 389 2449; x_wconf 74' lang='grc' dir='ltr'><strong>ι</strong></span> <span class='ocrx_word' id='word_1_196' title='bbox 433 2402 557 2453; x_wconf 82' lang='grc' dir='ltr'>ποτὲ</span> <span class='ocrx_word' id='word_1_197' title='bbox 588 2402 644 2454; x_wconf 78' lang='grc' dir='ltr'>δὲ</span> <span class='ocrx_word' id='word_1_198' title='bbox 674 2402 767 2455; x_wconf 76' lang='grc' dir='ltr'><strong>καὶ</strong></span> <span class='ocrx_word' id='word_1_199' title='bbox 801 2404 1002 2474; x_wconf 80' lang='grc' dir='ltr'>κτίσμα</span> <span class='ocrx_word' id='word_1_200' title='bbox 1032 2407 1191 2459; x_wconf 84' lang='grc' dir='ltr'>αὑτὸν</span> <span class='ocrx_word' id='word_1_201' title='bbox 1219 2401 1355 2460; x_wconf 74' lang='grc' dir='ltr'>εἶναι</span> <span class='ocrx_word' id='word_1_202' title='bbox 1395 2407 1775 2479; x_wconf 79' lang='grc' dir='ltr'>διοριζόμενος.</span> <span class='ocrx_word' id='word_1_203' title='bbox 1810 2410 1931 2462; x_wconf 83' lang='grc' dir='ltr'>Ὅτι</span> 
     </span>
    </p>
   </div>
   <div class='ocr_carea' id='block_1_28' title="bbox 369 2492 1939 2571">
    <p class='ocr_par' dir='ltr' id='par_1_28' title="bbox 369 2492 1939 2571">
     <span class='ocr_line' id='line_1_28' title="bbox 369 2492 1939 2571; baseline 0.008 -30"><span class='ocrx_word' id='word_1_204' title='bbox 369 2510 389 2541; x_wconf 82' lang='grc'><strong><em>‹</em></strong></span> <span class='ocrx_word' id='word_1_205' title='bbox 430 2493 485 2544; x_wconf 85' lang='grc' dir='ltr'>δὲ</span> <span class='ocrx_word' id='word_1_206' title='bbox 524 2492 669 2547; x_wconf 83' lang='grc' dir='ltr'>τοῦθ’</span> <span class='ocrx_word' id='word_1_207' title='bbox 698 2493 871 2557; x_wconf 77' lang='grc' dir='ltr'>οὕτως</span> <span class='ocrx_word' id='word_1_208' title='bbox 914 2496 1059 2565; x_wconf 73' lang='grc' dir='ltr'>ἔχει,</span> <span class='ocrx_word' id='word_1_209' title='bbox 1105 2499 1199 2551; x_wconf 77' lang='grc' dir='ltr'>καὶ</span> <span class='ocrx_word' id='word_1_210' title='bbox 1251 2499 1387 2570; x_wconf 89' lang='grc' dir='ltr'>πρὸς</span> <span class='ocrx_word' id='word_1_211' title='bbox 1430 2501 1579 2569; x_wconf 82' lang='grc' dir='ltr'>ἡμᾶς</span> <span class='ocrx_word' id='word_1_212' title='bbox 1624 2517 1783 2563; x_wconf 90' lang='grc' dir='ltr'>ποτε,</span> <span class='ocrx_word' id='word_1_213' title='bbox 1833 2498 1939 2571; x_wconf 79' lang='grc' dir='ltr'>τὴν</span> 
     </span>
    </p>
   </div>
   <div class='ocr_carea' id='block_1_29' title="bbox 372 2582 1926 2657">
    <p class='ocr_par' dir='ltr' id='par_1_29' title="bbox 372 2582 1926 2657">
     <span class='ocr_line' id='line_1_29' title="bbox 372 2582 1926 2657; baseline 0.005 -26"><span class='ocrx_word' id='word_1_214' title='bbox 372 2601 388 2631; x_wconf 77' lang='grc' dir='ltr'><strong>ι</strong></span> <span class='ocrx_word' id='word_1_215' title='bbox 428 2582 694 2653; x_wconf 85' lang='grc' dir='ltr'>Ἀγκύραν</span> <span class='ocrx_word' id='word_1_216' title='bbox 722 2582 891 2647; x_wconf 85' lang='grc' dir='ltr'>διῖὼν,</span> <span class='ocrx_word' id='word_1_217' title='bbox 918 2586 1119 2656; x_wconf 79' lang='grc' dir='ltr'>κτίσμα</span> <span class='ocrx_word' id='word_1_218' title='bbox 1136 2587 1274 2639; x_wconf 82' lang='grc' dir='ltr'>εἶναι</span> <span class='ocrx_word' id='word_1_219' title='bbox 1290 2588 1379 2640; x_wconf 88' lang='grc' dir='ltr'><strong>τὸν</strong></span> <span class='ocrx_word' id='word_1_220' title='bbox 1408 2587 1635 2657; x_wconf 78' lang='grc' dir='ltr'>Χριστὸν</span> <span class='ocrx_word' id='word_1_221' title='bbox 1652 2589 1875 2657; x_wconf 76' lang='grc' dir='ltr'>ἔφασκε.</span> <span class='ocrx_word' id='word_1_222' title='bbox 1908 2608 1926 2639; x_wconf 78' lang='grc' dir='ltr'><strong>ι</strong></span> 
     </span>
    </p>
   </div>
   <div class='ocr_carea' id='block_1_30' title="bbox 367 2674 1929 2751">
    <p class='ocr_par' dir='ltr' id='par_1_30' title="bbox 367 2674 1929 2751">
     <span class='ocr_line' id='line_1_30' title="bbox 367 2674 1929 2751; baseline 0.006 -26"><span class='ocrx_word' id='word_1_223' title='bbox 367 2674 475 2726; x_wconf 75' lang='grc' dir='ltr'>Καὶ</span> <span class='ocrx_word' id='word_1_224' title='bbox 512 2674 671 2728; x_wconf 91' lang='grc' dir='ltr'>πάλιν</span> <span class='ocrx_word' id='word_1_225' title='bbox 715 2676 1024 2746; x_wconf 84' lang='grc' dir='ltr'>μυθολογῶν</span> <span class='ocrx_word' id='word_1_226' title='bbox 1056 2678 1319 2749; x_wconf 82' lang='grc' dir='ltr'>διελέχθαι</span> <span class='ocrx_word' id='word_1_227' title='bbox 1356 2680 1435 2750; x_wconf 80' lang='grc' dir='ltr'>τῷ</span> <span class='ocrx_word' id='word_1_228' title='bbox 1470 2680 1717 2751; x_wconf 85' lang='grc' dir='ltr'>Παυλίνῳ</span> <span class='ocrx_word' id='word_1_229' title='bbox 1746 2682 1929 2749; x_wconf 87' lang='grc' dir='ltr'>φησίν.</span> 
     </span>
    </p>
   </div>
   <div class='ocr_carea' id='block_1_31' title="bbox 370 2768 1933 2841">
    <p class='ocr_par' dir='ltr' id='par_1_31' title="bbox 370 2768 1933 2841">
     <span class='ocr_line' id='line_1_31' title="bbox 370 2768 1933 2841; baseline 0.003 -21"><span class='ocrx_word' id='word_1_230' title='bbox 370 2768 599 2820; x_wconf 83' lang='grc' dir='ltr'>Ἔπειτα</span> <span class='ocrx_word' id='word_1_231' title='bbox 636 2768 907 2822; x_wconf 87' lang='grc' dir='ltr'>διαϐάλλει</span> <span class='ocrx_word' id='word_1_232' title='bbox 938 2770 1028 2822; x_wconf 89' lang='grc' dir='ltr'><strong>τὸν</strong></span> <span class='ocrx_word' id='word_1_233' title='bbox 1074 2772 1359 2841; x_wconf 89' lang='grc' dir='ltr'>μακάριον,</span> <span class='ocrx_word' id='word_1_234' title='bbox 1394 2772 1470 2834; x_wconf 85' lang='grc' dir='ltr'>ὡς</span> <span class='ocrx_word' id='word_1_235' title='bbox 1516 2771 1668 2835; x_wconf 86' lang='grc' dir='ltr'>θεοὺς</span> <span class='ocrx_word' id='word_1_236' title='bbox 1707 2771 1933 2835; x_wconf 63' lang='grc' dir='ltr'>πολλοὺς</span> 
     </span>
    </p>
   </div>
   <div class='ocr_carea' id='block_1_32' title="bbox 365 2860 1933 2932">
    <p class='ocr_par' dir='ltr' id='par_1_32' title="bbox 365 2860 1933 2932">
     <span class='ocr_line' id='line_1_32' title="bbox 365 2860 1933 2932; baseline 0.002 -21"><span class='ocrx_word' id='word_1_237' title='bbox 365 2860 656 2929; x_wconf 73' lang='grc' dir='ltr'>εἰρηκότα,</span> <span class='ocrx_word' id='word_1_238' title='bbox 692 2862 785 2915; x_wconf 77' lang='grc' dir='ltr'>καὶ</span> <span class='ocrx_word' id='word_1_239' title='bbox 834 2862 1143 2915; x_wconf 86' lang='grc' dir='ltr'>καταλιπὼν</span> <span class='ocrx_word' id='word_1_240' title='bbox 1178 2862 1269 2916; x_wconf 87' lang='grc' dir='ltr'><strong>τὸν</strong></span> <span class='ocrx_word' id='word_1_241' title='bbox 1313 2863 1593 2927; x_wconf 87' lang='grc' dir='ltr'>Παυλῖνον,</span> <span class='ocrx_word' id='word_1_242' title='bbox 1647 2862 1808 2917; x_wconf 88' lang='grc' dir='ltr'>πάλιν</span> <span class='ocrx_word' id='word_1_243' title='bbox 1856 2862 1933 2932; x_wconf 84' lang='grc' dir='ltr'>τῷ</span> 
     </span>
    </p>
   </div>
   <div class='ocr_carea' id='block_1_33' title="bbox 372 2954 1935 3027">
    <p class='ocr_par' dir='ltr' id='par_1_33' title="bbox 372 2954 1935 3027">
     <span class='ocr_line' id='line_1_33' title="bbox 372 2954 1935 3027; baseline 0.003 -22"><span class='ocrx_word' id='word_1_244' title='bbox 372 2954 613 3024; x_wconf 84' lang='grc' dir='ltr'>Εύσεϐίῳ</span> <span class='ocrx_word' id='word_1_245' title='bbox 644 2956 887 3027; x_wconf 78' lang='grc' dir='ltr'>σχολάζει</span> <span class='ocrx_word' id='word_1_246' title='bbox 944 2957 1165 3025; x_wconf 84' lang='grc' dir='ltr'>φάσκων</span> <span class='ocrx_word' id='word_1_247' title='bbox 1186 2976 1198 2988; x_wconf 89' lang='grc'><strong>·</strong></span> <span class='ocrx_word' id='word_1_248' title='bbox 1236 2979 1253 3010; x_wconf 73' lang='grc' dir='ltr'><strong>ι</strong></span> <span class='ocrx_word' id='word_1_249' title='bbox 1291 2957 1445 3011; x_wconf 87' lang='grc' dir='ltr'>Οῦτω</span> <span class='ocrx_word' id='word_1_250' title='bbox 1472 2958 1527 3012; x_wconf 83' lang='grc' dir='ltr'>δὲ</span> <span class='ocrx_word' id='word_1_251' title='bbox 1559 2957 1653 3011; x_wconf 74' lang='grc' dir='ltr'><strong>καὶ</strong></span> <span class='ocrx_word' id='word_1_252' title='bbox 1678 2957 1935 3020; x_wconf 83' lang='grc' dir='ltr'>Εὐσέϐιος</span> 
     </span>
    </p>
   </div>
   <div class='ocr_carea' id='block_1_34' title="bbox 374 3044 1934 3124">
    <p class='ocr_par' dir='ltr' id='par_1_34' title="bbox 374 3044 1934 3124">
     <span class='ocr_line' id='line_1_34' title="bbox 374 3044 1934 3124; baseline 0.004 -28"><span class='ocrx_word' id='word_1_253' title='bbox 374 3064 393 3095; x_wconf 73' lang='grc' dir='ltr'><strong>ι</strong></span> <span class='ocrx_word' id='word_1_254' title='bbox 435 3046 464 3098; x_wconf 77' lang='grc' dir='ltr'><strong>ό</strong></span> <span class='ocrx_word' id='word_1_255' title='bbox 501 3044 599 3115; x_wconf 79' lang='grc' dir='ltr'>τῆς</span> <span class='ocrx_word' id='word_1_256' title='bbox 636 3048 966 3121; x_wconf 84' lang='grc' dir='ltr'>Καισαρείας</span> <span class='ocrx_word' id='word_1_257' title='bbox 994 3051 1237 3124; x_wconf 88' lang='grc' dir='ltr'>γέγραφε</span> <span class='ocrx_word' id='word_1_258' title='bbox 1278 3052 1371 3104; x_wconf 81' lang='grc' dir='ltr'>καὶ</span> <span class='ocrx_word' id='word_1_259' title='bbox 1408 3050 1589 3114; x_wconf 76' lang='grc' dir='ltr'>αὐτὸς,</span> <span class='ocrx_word' id='word_1_260' title='bbox 1634 3049 1734 3121; x_wconf 86' lang='grc' dir='ltr'>τὴν</span> <span class='ocrx_word' id='word_1_261' title='bbox 1767 3049 1934 3121; x_wconf 77' lang='grc' dir='ltr'>αὐτὴν</span> 
     </span>
    </p>
   </div>
   <div class='ocr_carea' id='block_1_35' title="bbox 2035 483 3600 553">
    <p class='ocr_par' dir='ltr' id='par_1_35' title="bbox 2035 483 3600 553">
     <span class='ocr_line' id='line_1_35' title="bbox 2035 483 3600 553; baseline 0.003 -15"><span class='ocrx_word' id='word_1_262' title='bbox 2035 486 2305 539; x_wconf 81' lang='lat' dir='ltr'><strong>audivisse</strong></span> <span class='ocrx_word' id='word_1_263' title='bbox 2340 483 2603 550; x_wconf 77' lang='lat' dir='ltr'><strong>aﬁirmat,</strong></span> <span class='ocrx_word' id='word_1_264' title='bbox 2664 493 2827 551; x_wconf 88' lang='lat' dir='ltr'><strong>atque</strong></span> <span class='ocrx_word' id='word_1_265' title='bbox 2869 499 2935 537; x_wconf 75' lang='lat' dir='ltr'><strong>ex</strong></span> <span class='ocrx_word' id='word_1_266' title='bbox 2994 485 3360 553; x_wconf 74' lang='lat' dir='ltr'><strong>indignatione</strong></span> <span class='ocrx_word' id='word_1_267' title='bbox 3415 490 3600 543; x_wconf 75' lang='lat' dir='ltr'><strong>scribit</strong></span> 
     </span>
    </p>
   </div>
   <div class='ocr_carea' id='block_1_36' title="bbox 2041 574 3597 647">
    <p class='ocr_par' dir='ltr' id='par_1_36' title="bbox 2041 574 3597 647">
     <span class='ocr_line' id='line_1_36' title="bbox 2041 574 3597 647; baseline 0.004 -20"><span class='ocrx_word' id='word_1_268' title='bbox 2041 574 2139 647; x_wconf 77' lang='grc' dir='ltr'>[ιι.</span> <span class='ocrx_word' id='word_1_269' title='bbox 2180 574 2422 646; x_wconf 76' lang='lat' dir='ltr'><strong>LXXIII]</strong></span> <span class='ocrx_word' id='word_1_270' title='bbox 2455 593 2468 627; x_wconf 91' lang='lat'><strong><em>:</em></strong></span> <span class='ocrx_word' id='word_1_271' title='bbox 2509 592 2526 626; x_wconf 76' lang='grc' dir='ltr'><strong>ι</strong></span> <span class='ocrx_word' id='word_1_272' title='bbox 2563 575 2849 645; x_wconf 80' lang='lat' dir='ltr'><strong>Apostolus</strong></span> <span class='ocrx_word' id='word_1_273' title='bbox 2887 576 3188 643; x_wconf 70' lang='lat' dir='ltr'><strong>huiusmodi</strong></span> <span class='ocrx_word' id='word_1_274' title='bbox 3235 576 3597 633; x_wconf 87' lang='lat' dir='ltr'><strong>testimonium</strong></span> 
     </span>
    </p>
   </div>
   <div class='ocr_carea' id='block_1_37' title="bbox 2045 666 3599 740">
    <p class='ocr_par' dir='ltr' id='par_1_37' title="bbox 2045 666 3599 740">
     <span class='ocr_line' id='line_1_37' title="bbox 2045 666 3599 740; baseline 0.005 -24"><span class='ocrx_word' id='word_1_275' title='bbox 2045 684 2062 716; x_wconf 83' lang='grc' dir='ltr'><strong>ι</strong></span> <span class='ocrx_word' id='word_1_276' title='bbox 2110 666 2418 720; x_wconf 82' lang='lat' dir='ltr'><strong>Galatarum</strong></span> <span class='ocrx_word' id='word_1_277' title='bbox 2453 666 2572 721; x_wconf 85' lang='lat' dir='ltr'><strong>lidei</strong></span> <span class='ocrx_word' id='word_1_278' title='bbox 2604 667 2851 735; x_wconf 86' lang='lat' dir='ltr'><strong>perhibet</strong></span> <span class='ocrx_word' id='word_1_279' title='bbox 2880 685 2893 720; x_wconf 92' lang='lat'>:</span> <span class='ocrx_word' id='word_1_280' title='bbox 2928 667 3188 722; x_wconf 82' lang='lat' dir='ltr'><strong>Eusebius</strong></span> <span class='ocrx_word' id='word_1_281' title='bbox 3220 678 3400 722; x_wconf 88' lang='lat' dir='ltr'><strong>autem</strong></span> <span class='ocrx_word' id='word_1_282' title='bbox 3425 709 3441 733; x_wconf 96' lang='lat'><strong>,</strong></span> <span class='ocrx_word' id='word_1_283' title='bbox 3476 686 3599 740; x_wconf 86' lang='lat' dir='ltr'><strong>per-</strong></span> 
     </span>
    </p>
   </div>
   <div class='ocr_carea' id='block_1_38' title="bbox 2038 757 3603 829">
    <p class='ocr_par' dir='ltr' id='par_1_38' title="bbox 2038 757 3603 829">
     <span class='ocr_line' id='line_1_38' title="bbox 2038 757 3603 829; baseline 0.006 -24"><span class='ocrx_word' id='word_1_284' title='bbox 2038 772 2058 805; x_wconf 71' lang='lat' dir='ltr'><strong>c</strong></span> <span class='ocrx_word' id='word_1_285' title='bbox 2107 772 2261 809; x_wconf 78' lang='lat' dir='ltr'><strong>verso</strong></span> <span class='ocrx_word' id='word_1_286' title='bbox 2282 771 2442 809; x_wconf 83' lang='lat' dir='ltr'><strong>sensu</strong></span> <span class='ocrx_word' id='word_1_287' title='bbox 2473 757 2786 825; x_wconf 79' lang='lat' dir='ltr'><strong>apostolico,</strong></span> <span class='ocrx_word' id='word_1_288' title='bbox 2814 772 2921 826; x_wconf 91' lang='lat' dir='ltr'><strong>quo</strong></span> <span class='ocrx_word' id='word_1_289' title='bbox 2949 758 3169 827; x_wconf 82' lang='lat' dir='ltr'><strong>scripsit</strong></span> <span class='ocrx_word' id='word_1_290' title='bbox 3204 776 3217 813; x_wconf 79' lang='lat'><strong>2</strong></span> <span class='ocrx_word' id='word_1_291' title='bbox 3249 758 3603 829; x_wconf 84' lang='lat' dir='ltr'><strong>Filioli,quos</strong></span> 
     </span>
    </p>
   </div>
   <div class='ocr_carea' id='block_1_39' title="bbox 2040 847 3603 914">
    <p class='ocr_par' dir='ltr' id='par_1_39' title="bbox 2040 847 3603 914">
     <span class='ocr_line' id='line_1_39' title="bbox 2040 847 3603 914; baseline 0.004 -18"><span class='ocrx_word' id='word_1_292' title='bbox 2040 863 2058 896; x_wconf 76' lang='grc' dir='ltr'><strong>ι</strong></span> <span class='ocrx_word' id='word_1_293' title='bbox 2106 849 2297 901; x_wconf 80' lang='lat' dir='ltr'><strong>iterum</strong></span> <span class='ocrx_word' id='word_1_294' title='bbox 2329 848 2594 914; x_wconf 87' lang='lat' dir='ltr'><strong>parturio,</strong></span> <span class='ocrx_word' id='word_1_295' title='bbox 2642 848 2813 901; x_wconf 85' lang='lat' dir='ltr'><strong>donec</strong></span> <span class='ocrx_word' id='word_1_296' title='bbox 2850 847 3163 901; x_wconf 78' lang='lat' dir='ltr'><strong>ellormetnr</strong></span> <span class='ocrx_word' id='word_1_297' title='bbox 3194 852 3244 901; x_wconf 89' lang='lat' dir='ltr'><strong>in</strong></span> <span class='ocrx_word' id='word_1_298' title='bbox 3273 848 3421 903; x_wconf 74' lang='lat' dir='ltr'><strong>vobis</strong></span> <span class='ocrx_word' id='word_1_299' title='bbox 3451 850 3603 904; x_wconf 86' lang='lat' dir='ltr'><strong>Chri-</strong></span> 
     </span>
    </p>
   </div>
   <div class='ocr_carea' id='block_1_40' title="bbox 2039 936 3602 1004">
    <p class='ocr_par' dir='ltr' id='par_1_40' title="bbox 2039 936 3602 1004">
     <span class='ocr_line' id='line_1_40' title="bbox 2039 936 3602 1004; baseline 0.004 -16"><span class='ocrx_word' id='word_1_300' title='bbox 2039 956 2057 988; x_wconf 76' lang='grc' dir='ltr'><strong>ι</strong></span> <span class='ocrx_word' id='word_1_301' title='bbox 2105 949 2240 1004; x_wconf 90' lang='lat' dir='ltr'><strong>stus,</strong></span> <span class='ocrx_word' id='word_1_302' title='bbox 2272 936 2477 993; x_wconf 86' lang='lat' dir='ltr'><strong>Calatis</strong></span> <span class='ocrx_word' id='word_1_303' title='bbox 2505 940 2836 993; x_wconf 84' lang='lat' dir='ltr'><strong>obtrectatus</strong></span> <span class='ocrx_word' id='word_1_304' title='bbox 2879 948 2962 991; x_wconf 89' lang='lat' dir='ltr'><strong>est</strong></span> <span class='ocrx_word' id='word_1_305' title='bbox 2988 978 3003 1003; x_wconf 95' lang='lat'><strong>,</strong></span> <span class='ocrx_word' id='word_1_306' title='bbox 3060 947 3116 990; x_wconf 91' lang='lat' dir='ltr'><strong>ut</strong></span> <span class='ocrx_word' id='word_1_307' title='bbox 3164 940 3339 993; x_wconf 92' lang='lat' dir='ltr'><strong>minus</strong></span> <span class='ocrx_word' id='word_1_308' title='bbox 3368 950 3511 995; x_wconf 88' lang='lat' dir='ltr'><strong>recte</strong></span> <span class='ocrx_word' id='word_1_309' title='bbox 3535 944 3602 994; x_wconf 85' lang='lat' dir='ltr'><strong>de</strong></span> 
     </span>
    </p>
   </div>
   <div class='ocr_carea' id='block_1_41' title="bbox 2039 1029 3602 1099">
    <p class='ocr_par' dir='ltr' id='par_1_41' title="bbox 2039 1029 3602 1099">
     <span class='ocr_line' id='line_1_41' title="bbox 2039 1029 3602 1099; baseline 0.004 -21"><span class='ocrx_word' id='word_1_310' title='bbox 2039 1046 2057 1077; x_wconf 77' lang='grc' dir='ltr'><strong>ι</strong></span> <span class='ocrx_word' id='word_1_311' title='bbox 2104 1030 2211 1080; x_wconf 90' lang='lat' dir='ltr'><strong>Deo</strong></span> <span class='ocrx_word' id='word_1_312' title='bbox 2273 1029 2653 1083; x_wconf 81' lang='lat' dir='ltr'><strong>sentientibus.</strong></span> <span class='ocrx_word' id='word_1_313' title='bbox 2698 1048 2717 1080; x_wconf 79' lang='grc' dir='ltr'><strong>ι</strong></span> <span class='ocrx_word' id='word_1_314' title='bbox 2779 1029 2939 1083; x_wconf 85' lang='lat' dir='ltr'><strong>Certe</strong></span> <span class='ocrx_word' id='word_1_315' title='bbox 3013 1030 3260 1099; x_wconf 90' lang='lat' dir='ltr'><strong>inquiens</strong></span> <span class='ocrx_word' id='word_1_316' title='bbox 3318 1033 3602 1099; x_wconf 63' lang='lat' dir='ltr'><strong>parturiwit</strong></span> 
     </span>
    </p>
   </div>
   <div class='ocr_carea' id='block_1_42' title="bbox 2033 1122 3599 1190">
    <p class='ocr_par' dir='ltr' id='par_1_42' title="bbox 2033 1122 3599 1190">
     <span class='ocr_line' id='line_1_42' title="bbox 2033 1122 3599 1190; baseline 0.005 -20"><span class='ocrx_word' id='word_1_317' title='bbox 2033 1123 2287 1173; x_wconf 84' lang='lat' dir='ltr'><strong>acerbum</strong></span> <span class='ocrx_word' id='word_1_318' title='bbox 2322 1123 2603 1189; x_wconf 83' lang='lat' dir='ltr'><strong>quemdam</strong></span> <span class='ocrx_word' id='word_1_319' title='bbox 2641 1134 2697 1175; x_wconf 87' lang='lat' dir='ltr'><strong>et</strong></span> <span class='ocrx_word' id='word_1_320' title='bbox 2742 1122 3179 1175; x_wconf 83' lang='lat' dir='ltr'><strong>molestissimum</strong></span> <span class='ocrx_word' id='word_1_321' title='bbox 3229 1136 3441 1190; x_wconf 56' lang='lat' dir='ltr'><strong>partum</strong></span> <span class='ocrx_word' id='word_1_322' title='bbox 3490 1137 3599 1178; x_wconf 90' lang='lat' dir='ltr'><strong>tum</strong></span> 
     </span>
    </p>
   </div>
   <div class='ocr_carea' id='block_1_43' title="bbox 2033 1212 3602 1284">
    <p class='ocr_par' dir='ltr' id='par_1_43' title="bbox 2033 1212 3602 1284">
     <span class='ocr_line' id='line_1_43' title="bbox 2033 1212 3602 1284; baseline 0.006 -21"><span class='ocrx_word' id='word_1_323' title='bbox 2033 1226 2152 1263; x_wconf 90' lang='lat' dir='ltr'><strong>cum</strong></span> <span class='ocrx_word' id='word_1_324' title='bbox 2206 1213 2495 1265; x_wconf 77' lang='lat' dir='ltr'><strong>resciverat</strong></span> <span class='ocrx_word' id='word_1_325' title='bbox 2523 1212 2768 1276; x_wconf 86' lang='lat' dir='ltr'><strong>Galatas,</strong></span> <span class='ocrx_word' id='word_1_326' title='bbox 2816 1230 2919 1268; x_wconf 91' lang='lat' dir='ltr'><strong>non</strong></span> <span class='ocrx_word' id='word_1_327' title='bbox 2954 1215 3046 1274; x_wconf 85' lang='lat' dir='ltr'><strong>ita,</strong></span> <span class='ocrx_word' id='word_1_328' title='bbox 3100 1226 3156 1267; x_wconf 89' lang='lat' dir='ltr'><strong>ut</strong></span> <span class='ocrx_word' id='word_1_329' title='bbox 3204 1217 3334 1284; x_wconf 84' lang='lat' dir='ltr'><strong>ipse,</strong></span> <span class='ocrx_word' id='word_1_330' title='bbox 3388 1218 3451 1271; x_wconf 88' lang='lat' dir='ltr'><strong>de</strong></span> <span class='ocrx_word' id='word_1_331' title='bbox 3500 1217 3602 1272; x_wconf 83' lang='lat' dir='ltr'><strong>ﬁde</strong></span> 
     </span>
    </p>
   </div>
   <div class='ocr_carea' id='block_1_44' title="bbox 2032 1303 3598 1374">
    <p class='ocr_par' dir='ltr' id='par_1_44' title="bbox 2032 1303 3598 1374">
     <span class='ocr_line' id='line_1_44' title="bbox 2032 1303 3598 1374; baseline 0.005 -20"><span class='ocrx_word' id='word_1_332' title='bbox 2032 1303 2326 1356; x_wconf 74' lang='lat' dir='ltr'><strong>statuisse:</strong></span> <span class='ocrx_word' id='word_1_333' title='bbox 2366 1309 2425 1366; x_wconf 60' lang='grc' dir='ltr'><strong>ᾖ(</strong></span> <span class='ocrx_word' id='word_1_334' title='bbox 2471 1321 2577 1358; x_wconf 89' lang='lat' dir='ltr'><strong>non</strong></span> <span class='ocrx_word' id='word_1_335' title='bbox 2640 1306 2776 1359; x_wconf 87' lang='lat' dir='ltr'><strong>duas</strong></span> <span class='ocrx_word' id='word_1_336' title='bbox 2833 1307 3168 1361; x_wconf 83' lang='lat' dir='ltr'><strong>substantias</strong></span> <span class='ocrx_word' id='word_1_337' title='bbox 3227 1309 3547 1363; x_wconf 73' lang='lat' dir='ltr'><strong>confitentes</strong></span> <span class='ocrx_word' id='word_1_338' title='bbox 3582 1349 3598 1374; x_wconf 87' lang='lat'><strong>,</strong></span> 
     </span>
    </p>
   </div>
   <div class='ocr_carea' id='block_1_45' title="bbox 2034 1396 3603 1467">
    <p class='ocr_par' dir='ltr' id='par_1_45' title="bbox 2034 1396 3603 1467">
     <span class='ocr_line' id='line_1_45' title="bbox 2034 1396 3603 1467; baseline 0.006 -23"><span class='ocrx_word' id='word_1_339' title='bbox 2034 1408 2137 1446; x_wconf 91' lang='lat' dir='ltr'><strong>non</strong></span> <span class='ocrx_word' id='word_1_340' title='bbox 2163 1409 2246 1448; x_wconf 90' lang='lat' dir='ltr'><strong>res</strong></span> <span class='ocrx_word' id='word_1_341' title='bbox 2283 1396 2413 1449; x_wconf 88' lang='lat' dir='ltr'><strong>duas</strong></span> <span class='ocrx_word' id='word_1_342' title='bbox 2440 1406 2491 1450; x_wconf 92' lang='lat' dir='ltr'><strong>et</strong></span> <span class='ocrx_word' id='word_1_343' title='bbox 2515 1398 2803 1465; x_wconf 81' lang='lat' dir='ltr'><strong>potentias,</strong></span> <span class='ocrx_word' id='word_1_344' title='bbox 2846 1415 2951 1453; x_wconf 90' lang='lat' dir='ltr'><strong>non</strong></span> <span class='ocrx_word' id='word_1_345' title='bbox 2988 1399 3121 1452; x_wconf 89' lang='lat' dir='ltr'><strong>duos</strong></span> <span class='ocrx_word' id='word_1_346' title='bbox 3154 1400 3283 1453; x_wconf 87' lang='lat' dir='ltr'><strong>deos</strong></span> <span class='ocrx_word' id='word_1_347' title='bbox 3310 1415 3603 1467; x_wconf 82' lang='lat' dir='ltr'><strong>agnoscen-</strong></span> 
     </span>
    </p>
   </div>
   <div class='ocr_carea' id='block_1_46' title="bbox 2034 1485 3604 1560">
    <p class='ocr_par' dir='ltr' id='par_1_46' title="bbox 2034 1485 3604 1560">
     <span class='ocr_line' id='line_1_46' title="bbox 2034 1485 3604 1560; baseline 0.007 -24"><span class='ocrx_word' id='word_1_348' title='bbox 2034 1495 2132 1540; x_wconf 87' lang='lat' dir='ltr'><strong>tes.</strong></span> <span class='ocrx_word' id='word_1_349' title='bbox 2161 1485 2291 1540; x_wconf 85' lang='lat' dir='ltr'><strong>Nota</strong></span> <span class='ocrx_word' id='word_1_350' title='bbox 2322 1488 2449 1541; x_wconf 90' lang='lat' dir='ltr'><strong>mihi</strong></span> <span class='ocrx_word' id='word_1_351' title='bbox 2491 1500 2673 1545; x_wconf 88' lang='lat' dir='ltr'><strong>autem</strong></span> <span class='ocrx_word' id='word_1_352' title='bbox 2704 1502 2907 1560; x_wconf 88' lang='lat' dir='ltr'><strong>quanto</strong></span> <span class='ocrx_word' id='word_1_353' title='bbox 2934 1507 3055 1545; x_wconf 92' lang='lat' dir='ltr'><strong>cum</strong></span> <span class='ocrx_word' id='word_1_354' title='bbox 3090 1492 3209 1546; x_wconf 80' lang='lat' dir='ltr'><strong>felle</strong></span> <span class='ocrx_word' id='word_1_355' title='bbox 3235 1503 3287 1545; x_wconf 89' lang='lat' dir='ltr'><strong>ct</strong></span> <span class='ocrx_word' id='word_1_356' title='bbox 3310 1493 3604 1547; x_wconf 77' lang='lat' dir='ltr'><strong>acerbitate</strong></span> 
     </span>
    </p>
   </div>
   <div class='ocr_carea' id='block_1_47' title="bbox 2033 1577 3600 1652">
    <p class='ocr_par' dir='ltr' id='par_1_47' title="bbox 2033 1577 3600 1652">
     <span class='ocr_line' id='line_1_47' title="bbox 2033 1577 3600 1652; baseline 0.006 -25"><span class='ocrx_word' id='word_1_357' title='bbox 2033 1577 2363 1630; x_wconf 86' lang='lat' dir='ltr'><strong>convieietur</strong></span> <span class='ocrx_word' id='word_1_358' title='bbox 2394 1578 2464 1644; x_wconf 93' lang='lat' dir='ltr'><strong>ei,</strong></span> <span class='ocrx_word' id='word_1_359' title='bbox 2502 1580 2591 1647; x_wconf 86' lang='lat' dir='ltr'><strong>qui</strong></span> <span class='ocrx_word' id='word_1_360' title='bbox 2638 1582 2775 1634; x_wconf 85' lang='lat' dir='ltr'><strong>nihil</strong></span> <span class='ocrx_word' id='word_1_361' title='bbox 2820 1597 3043 1650; x_wconf 83' lang='lat' dir='ltr'><strong>prorsus</strong></span> <span class='ocrx_word' id='word_1_362' title='bbox 3084 1584 3135 1636; x_wconf 93' lang='lat' dir='ltr'><strong>in</strong></span> <span class='ocrx_word' id='word_1_363' title='bbox 3160 1585 3359 1652; x_wconf 79' lang='lat' dir='ltr'><strong>scripta</strong></span> <span class='ocrx_word' id='word_1_364' title='bbox 3402 1584 3600 1649; x_wconf 92' lang='lat' dir='ltr'><strong>retulit,</strong></span> 
     </span>
    </p>
   </div>
   <div class='ocr_carea' id='block_1_48' title="bbox 2034 1670 3602 1746">
    <p class='ocr_par' dir='ltr' id='par_1_48' title="bbox 2034 1670 3602 1746">
     <span class='ocr_line' id='line_1_48' title="bbox 2034 1670 3602 1746; baseline 0.007 -27"><span class='ocrx_word' id='word_1_365' title='bbox 2034 1678 2227 1735; x_wconf 70' lang='lat' dir='ltr'><strong>praztcr</strong></span> <span class='ocrx_word' id='word_1_366' title='bbox 2295 1670 2433 1721; x_wconf 89' lang='lat' dir='ltr'><strong>nuda</strong></span> <span class='ocrx_word' id='word_1_367' title='bbox 2500 1670 2878 1740; x_wconf 82' lang='lat' dir='ltr'><strong>ipsissimaque</strong></span> <span class='ocrx_word' id='word_1_368' title='bbox 2922 1674 3162 1742; x_wconf 79' lang='lat' dir='ltr'><strong>Apostoli</strong></span> <span class='ocrx_word' id='word_1_369' title='bbox 3217 1677 3399 1740; x_wconf 84' lang='lat' dir='ltr'><strong>verba,</strong></span> <span class='ocrx_word' id='word_1_370' title='bbox 3447 1677 3602 1746; x_wconf 87' lang='lat' dir='ltr'><strong>idque</strong></span> 
     </span>
    </p>
   </div>
   <div class='ocr_carea' id='block_1_49' title="bbox 2032 1758 3604 1836">
    <p class='ocr_par' dir='ltr' id='par_1_49' title="bbox 2032 1758 3604 1836">
     <span class='ocr_line' id='line_1_49' title="bbox 2032 1758 3604 1836; baseline 0.008 -25"><span class='ocrx_word' id='word_1_371' title='bbox 2032 1758 2194 1812; x_wconf 89' lang='lat' dir='ltr'><strong>etiam</strong></span> <span class='ocrx_word' id='word_1_372' title='bbox 2227 1762 2341 1828; x_wconf 92' lang='lat' dir='ltr'><strong>ipso</strong></span> <span class='ocrx_word' id='word_1_373' title='bbox 2370 1760 2583 1815; x_wconf 78' lang='lat' dir='ltr'><strong>favente</strong></span> <span class='ocrx_word' id='word_1_374' title='bbox 2610 1774 2947 1819; x_wconf 86' lang='lat' dir='ltr'><strong>accusatore.</strong></span> <span class='ocrx_word' id='word_1_375' title='bbox 2974 1765 3041 1818; x_wconf 88' lang='lat' dir='ltr'><strong>Et</strong></span> <span class='ocrx_word' id='word_1_376' title='bbox 3072 1766 3245 1820; x_wconf 89' lang='lat' dir='ltr'><strong>adhuc</strong></span> <span class='ocrx_word' id='word_1_377' title='bbox 3277 1768 3368 1836; x_wconf 92' lang='lat' dir='ltr'><strong>qui</strong></span> <span class='ocrx_word' id='word_1_378' title='bbox 3402 1767 3604 1823; x_wconf 80' lang='lat' dir='ltr'><strong>fatetur</strong></span> 
     </span>
    </p>
   </div>
   <div class='ocr_carea' id='block_1_50' title="bbox 2032 1852 3600 1928">
    <p class='ocr_par' dir='ltr' id='par_1_50' title="bbox 2032 1852 3600 1928">
     <span class='ocr_line' id='line_1_50' title="bbox 2032 1852 3600 1928; baseline 0.004 -23"><span class='ocrx_word' id='word_1_379' title='bbox 2032 1852 2134 1905; x_wconf 93' lang='lat' dir='ltr'><strong>boc</strong></span> <span class='ocrx_word' id='word_1_380' title='bbox 2164 1853 2215 1905; x_wconf 92' lang='lat' dir='ltr'><strong>iu</strong></span> <span class='ocrx_word' id='word_1_381' title='bbox 2246 1854 2365 1906; x_wconf 91' lang='lat' dir='ltr'><strong>loco</strong></span> <span class='ocrx_word' id='word_1_382' title='bbox 2402 1852 2693 1909; x_wconf 87' lang='lat' dir='ltr'><strong>Eusebium</strong></span> <span class='ocrx_word' id='word_1_383' title='bbox 2743 1856 2878 1910; x_wconf 88' lang='lat' dir='ltr'><strong>duos</strong></span> <span class='ocrx_word' id='word_1_384' title='bbox 2927 1858 3058 1910; x_wconf 86' lang='lat' dir='ltr'><strong>deos</strong></span> <span class='ocrx_word' id='word_1_385' title='bbox 3110 1860 3369 1926; x_wconf 79' lang='lat' dir='ltr'><strong>proﬁteri,</strong></span> <span class='ocrx_word' id='word_1_386' title='bbox 3412 1871 3600 1928; x_wconf 86' lang='lat' dir='ltr'><strong>utputa</strong></span> 
     </span>
    </p>
   </div>
   <div class='ocr_carea' id='block_1_51' title="bbox 2028 1942 3598 2018">
    <p class='ocr_par' dir='ltr' id='par_1_51' title="bbox 2028 1942 3598 2018">
     <span class='ocr_line' id='line_1_51' title="bbox 2028 1942 3598 2018; baseline 0.006 -22"><span class='ocrx_word' id='word_1_387' title='bbox 2028 1942 2118 2012; x_wconf 92' lang='lat' dir='ltr'><strong>qui</strong></span> <span class='ocrx_word' id='word_1_388' title='bbox 2164 1958 2285 1998; x_wconf 92' lang='lat' dir='ltr'><strong>cum</strong></span> <span class='ocrx_word' id='word_1_389' title='bbox 2315 1944 2476 1999; x_wconf 83' lang='lat' dir='ltr'><strong>Patre</strong></span> <span class='ocrx_word' id='word_1_390' title='bbox 2521 1962 2639 2012; x_wconf 88' lang='lat' dir='ltr'><strong>suo,</strong></span> <span class='ocrx_word' id='word_1_391' title='bbox 2695 1963 2797 2001; x_wconf 85' lang='lat' dir='ltr'><strong>una</strong></span> <span class='ocrx_word' id='word_1_392' title='bbox 2857 1959 2911 2003; x_wconf 89' lang='lat' dir='ltr'><strong>et</strong></span> <span class='ocrx_word' id='word_1_393' title='bbox 2940 1948 3134 2001; x_wconf 82' lang='lat' dir='ltr'><strong>Filium</strong></span> <span class='ocrx_word' id='word_1_394' title='bbox 3186 1965 3399 2018; x_wconf 87' lang='lat' dir='ltr'><strong>quoque</strong></span> <span class='ocrx_word' id='word_1_395' title='bbox 3432 1949 3598 2005; x_wconf 88' lang='lat' dir='ltr'><strong>Demn</strong></span> 
     </span>
    </p>
   </div>
   <div class='ocr_carea' id='block_1_52' title="bbox 2030 2042 3599 2112">
    <p class='ocr_par' dir='ltr' id='par_1_52' title="bbox 2030 2042 3599 2112">
     <span class='ocr_line' id='line_1_52' title="bbox 2030 2042 3599 2112; baseline 0.009 -27"><span class='ocrx_word' id='word_1_396' title='bbox 2030 2044 2285 2104; x_wconf 67' lang='lat' dir='ltr'><strong>agnosmt</strong></span> <span class='ocrx_word' id='word_1_397' title='bbox 2312 2051 2455 2101; x_wconf 87' lang='lat' dir='ltr'><strong>esse,</strong></span> <span class='ocrx_word' id='word_1_398' title='bbox 2484 2055 2713 2108; x_wconf 79' lang='lat' dir='ltr'><strong>pergens</strong></span> <span class='ocrx_word' id='word_1_399' title='bbox 2746 2056 2907 2110; x_wconf 87' lang='lat' dir='ltr'><strong>porro</strong></span> <span class='ocrx_word' id='word_1_400' title='bbox 2932 2042 2983 2095; x_wconf 92' lang='lat' dir='ltr'><strong>in</strong></span> <span class='ocrx_word' id='word_1_401' title='bbox 3016 2044 3399 2112; x_wconf 87' lang='lat' dir='ltr'><strong>sequentibus,</strong></span> <span class='ocrx_word' id='word_1_402' title='bbox 3435 2045 3599 2099; x_wconf 83' lang='lat' dir='ltr'><strong>veluti</strong></span> 
     </span>
    </p>
   </div>
   <div class='ocr_carea' id='block_1_53' title="bbox 2030 2126 3604 2195">
    <p class='ocr_par' dir='ltr' id='par_1_53' title="bbox 2030 2126 3604 2195">
     <span class='ocr_line' id='line_1_53' title="bbox 2030 2126 3604 2195; baseline 0.008 -16"><span class='ocrx_word' id='word_1_403' title='bbox 2030 2126 2110 2179; x_wconf 86' lang='lat' dir='ltr'><strong>sui</strong></span> <span class='ocrx_word' id='word_1_404' title='bbox 2153 2126 2371 2193; x_wconf 88' lang='lat' dir='ltr'><strong>oblitus,</strong></span> <span class='ocrx_word' id='word_1_405' title='bbox 2420 2140 2475 2183; x_wconf 87' lang='lat' dir='ltr'><strong>et</strong></span> <span class='ocrx_word' id='word_1_406' title='bbox 2537 2133 2925 2195; x_wconf 79' lang='lat' dir='ltr'><strong>accusationis,</strong></span> <span class='ocrx_word' id='word_1_407' title='bbox 2963 2146 3194 2188; x_wconf 81' lang='lat' dir='ltr'><strong>conatur</strong></span> <span class='ocrx_word' id='word_1_408' title='bbox 3239 2136 3487 2190; x_wconf 86' lang='lat' dir='ltr'><strong>eumdem</strong></span> <span class='ocrx_word' id='word_1_409' title='bbox 3548 2146 3604 2191; x_wconf 86' lang='lat' dir='ltr'><strong>et</strong></span> 
     </span>
    </p>
   </div>
   <div class='ocr_carea' id='block_1_54' title="bbox 2031 2217 3606 2290">
    <p class='ocr_par' dir='ltr' id='par_1_54' title="bbox 2031 2217 3606 2290">
     <span class='ocr_line' id='line_1_54' title="bbox 2031 2217 3606 2290; baseline 0.006 -19"><span class='ocrx_word' id='word_1_410' title='bbox 2031 2217 2370 2285; x_wconf 87' lang='lat' dir='ltr'><strong>calumniari,</strong></span> <span class='ocrx_word' id='word_1_411' title='bbox 2396 2222 2538 2290; x_wconf 88' lang='lat' dir='ltr'><strong>quod</strong></span> <span class='ocrx_word' id='word_1_412' title='bbox 2576 2223 2777 2276; x_wconf 90' lang='lat' dir='ltr'><strong>nudum</strong></span> <span class='ocrx_word' id='word_1_413' title='bbox 2812 2236 3019 2278; x_wconf 89' lang='lat' dir='ltr'><strong>tantum</strong></span> <span class='ocrx_word' id='word_1_414' title='bbox 3070 2227 3338 2280; x_wconf 87' lang='lat' dir='ltr'><strong>hominem</strong></span> <span class='ocrx_word' id='word_1_415' title='bbox 3375 2228 3606 2283; x_wconf 85' lang='lat' dir='ltr'><strong>atlirmet</strong></span> 
     </span>
    </p>
   </div>
   <div class='ocr_carea' id='block_1_55' title="bbox 2029 2313 3607 2389">
    <p class='ocr_par' dir='ltr' id='par_1_55' title="bbox 2029 2313 3607 2389">
     <span class='ocr_line' id='line_1_55' title="bbox 2029 2313 3607 2389; baseline 0.006 -22"><span class='ocrx_word' id='word_1_416' title='bbox 2029 2328 2149 2369; x_wconf 88' lang='lat' dir='ltr'><strong>esse</strong></span> <span class='ocrx_word' id='word_1_417' title='bbox 2199 2313 2501 2370; x_wconf 85' lang='lat' dir='ltr'><strong>Christum.</strong></span> <span class='ocrx_word' id='word_1_418' title='bbox 2542 2318 2848 2374; x_wconf 81' lang='lat' dir='ltr'><strong>Antedictis</strong></span> <span class='ocrx_word' id='word_1_419' title='bbox 2890 2320 3134 2374; x_wconf 88' lang='lat' dir='ltr'><strong>annectit</strong></span> <span class='ocrx_word' id='word_1_420' title='bbox 3169 2320 3220 2374; x_wconf 91' lang='lat' dir='ltr'><strong>in</strong></span> <span class='ocrx_word' id='word_1_421' title='bbox 3253 2322 3607 2389; x_wconf 80' lang='lat' dir='ltr'><strong>sequentibus</strong></span> 
     </span>
    </p>
   </div>
   <div class='ocr_carea' id='block_1_56' title="bbox 2032 2405 3603 2482">
    <p class='ocr_par' dir='ltr' id='par_1_56' title="bbox 2032 2405 3603 2482">
     <span class='ocr_line' id='line_1_56' title="bbox 2032 2405 3603 2482; baseline 0.006 -25"><span class='ocrx_word' id='word_1_422' title='bbox 2032 2405 2381 2475; x_wconf 84' lang='lat' dir='ltr'><strong>multiplicem</strong></span> <span class='ocrx_word' id='word_1_423' title='bbox 2423 2420 2478 2463; x_wconf 89' lang='lat' dir='ltr'><strong>et</strong></span> <span class='ocrx_word' id='word_1_424' title='bbox 2518 2408 2731 2480; x_wconf 77' lang='lat' dir='ltr'><strong>longam</strong></span> <span class='ocrx_word' id='word_1_425' title='bbox 2777 2414 3066 2480; x_wconf 85' lang='lat' dir='ltr'><strong>quamdam</strong></span> <span class='ocrx_word' id='word_1_426' title='bbox 3121 2413 3603 2482; x_wconf 83' lang='lat' dir='ltr'><strong>vaniloquentiam,</strong></span> 
     </span>
    </p>
   </div>
   <div class='ocr_carea' id='block_1_57' title="bbox 2032 2496 3605 2570">
    <p class='ocr_par' dir='ltr' id='par_1_57' title="bbox 2032 2496 3605 2570">
     <span class='ocr_line' id='line_1_57' title="bbox 2032 2496 3605 2570; baseline 0.005 -21"><span class='ocrx_word' id='word_1_427' title='bbox 2032 2496 2175 2550; x_wconf 86' lang='lat' dir='ltr'><strong>entia</strong></span> <span class='ocrx_word' id='word_1_428' title='bbox 2207 2506 2263 2552; x_wconf 87' lang='lat' dir='ltr'><strong>et</strong></span> <span class='ocrx_word' id='word_1_429' title='bbox 2286 2512 2389 2553; x_wconf 89' lang='lat' dir='ltr'><strong>non</strong></span> <span class='ocrx_word' id='word_1_430' title='bbox 2410 2501 2551 2553; x_wconf 86' lang='lat' dir='ltr'><strong>entia</strong></span> <span class='ocrx_word' id='word_1_431' title='bbox 2580 2502 2941 2570; x_wconf 76' lang='lat' dir='ltr'><strong>aggregando,</strong></span> <span class='ocrx_word' id='word_1_432' title='bbox 2972 2511 3177 2555; x_wconf 87' lang='lat' dir='ltr'><strong>tantum</strong></span> <span class='ocrx_word' id='word_1_433' title='bbox 3198 2519 3301 2556; x_wconf 91' lang='lat' dir='ltr'><strong>non</strong></span> <span class='ocrx_word' id='word_1_434' title='bbox 3333 2506 3399 2556; x_wconf 88' lang='lat' dir='ltr'><strong>ad</strong></span> <span class='ocrx_word' id='word_1_435' title='bbox 3417 2519 3605 2557; x_wconf 89' lang='lat' dir='ltr'><strong>eorum</strong></span> 
     </span>
    </p>
   </div>
   <div class='ocr_carea' id='block_1_58' title="bbox 2032 2589 3603 2661">
    <p class='ocr_par' dir='ltr' id='par_1_58' title="bbox 2032 2589 3603 2661">
     <span class='ocr_line' id='line_1_58' title="bbox 2032 2589 3603 2661; baseline 0.003 -20"><span class='ocrx_word' id='word_1_436' title='bbox 2032 2602 2234 2642; x_wconf 88' lang='lat' dir='ltr'><strong>morem</strong></span> <span class='ocrx_word' id='word_1_437' title='bbox 2261 2590 2353 2658; x_wconf 86' lang='lat' dir='ltr'><strong>qui</strong></span> <span class='ocrx_word' id='word_1_438' title='bbox 2376 2591 2528 2643; x_wconf 87' lang='lat' dir='ltr'><strong>aiunt</strong></span> <span class='ocrx_word' id='word_1_439' title='bbox 2555 2610 2568 2642; x_wconf 88' lang='lat'><strong>:</strong></span> <span class='ocrx_word' id='word_1_440' title='bbox 2591 2589 2756 2643; x_wconf 78' lang='lat' dir='ltr'><strong>Labia</strong></span> <span class='ocrx_word' id='word_1_441' title='bbox 2778 2604 2954 2643; x_wconf 75' lang='lat' dir='ltr'><strong>nostra</strong></span> <span class='ocrx_word' id='word_1_442' title='bbox 2980 2609 3134 2657; x_wconf 80' lang='lat' dir='ltr'><strong>penes</strong></span> <span class='ocrx_word' id='word_1_443' title='bbox 3156 2609 3249 2645; x_wconf 81' lang='lat' dir='ltr'><strong>nos</strong></span> <span class='ocrx_word' id='word_1_444' title='bbox 3272 2595 3410 2661; x_wconf 74' lang='lat' dir='ltr'><strong>ipsos</strong></span> <span class='ocrx_word' id='word_1_445' title='bbox 3439 2604 3561 2647; x_wconf 79' lang='lat' dir='ltr'><strong>sunt</strong></span> <span class='ocrx_word' id='word_1_446' title='bbox 3585 2610 3603 2646; x_wconf 90' lang='lat'><strong><em>:</em></strong></span> 
     </span>
    </p>
   </div>
   <div class='ocr_carea' id='block_1_59' title="bbox 2031 2683 3604 2757">
    <p class='ocr_par' dir='ltr' id='par_1_59' title="bbox 2031 2683 3604 2757">
     <span class='ocr_line' id='line_1_59' title="bbox 2031 2683 3604 2757; baseline 0.004 -24"><span class='ocrx_word' id='word_1_447' title='bbox 2031 2683 2202 2751; x_wconf 76' lang='lat' dir='ltr'><strong>ecquis</strong></span> <span class='ocrx_word' id='word_1_448' title='bbox 2250 2683 2413 2735; x_wconf 78' lang='lat' dir='ltr'><strong>nostri</strong></span> <span class='ocrx_word' id='word_1_449' title='bbox 2458 2683 2763 2735; x_wconf 81' lang='lat' dir='ltr'><strong>dominatur</strong></span> <span class='ocrx_word' id='word_1_450' title='bbox 2799 2684 2889 2737; x_wconf 69' lang='grc' dir='ltr'><strong>ιιι</strong></span> <span class='ocrx_word' id='word_1_451' title='bbox 2949 2683 3082 2739; x_wconf 82' lang='lat' dir='ltr'><strong>lliuc</strong></span> <span class='ocrx_word' id='word_1_452' title='bbox 3146 2695 3435 2755; x_wconf 42' lang='lat' dir='ltr'><strong>apparet”</strong></span> <span class='ocrx_word' id='word_1_453' title='bbox 3462 2689 3604 2757; x_wconf 90' lang='lat' dir='ltr'><strong>quod</strong></span> 
     </span>
    </p>
   </div>
   <div class='ocr_carea' id='block_1_60' title="bbox 2034 2774 3607 2846">
    <p class='ocr_par' dir='ltr' id='par_1_60' title="bbox 2034 2774 3607 2846">
     <span class='ocr_line' id='line_1_60' title="bbox 2034 2774 3607 2846; baseline 0.004 -19"><span class='ocrx_word' id='word_1_454' title='bbox 2034 2774 2250 2827; x_wconf 85' lang='lat' dir='ltr'><strong>memini</strong></span> <span class='ocrx_word' id='word_1_455' title='bbox 2279 2774 2570 2843; x_wconf 84' lang='lat' dir='ltr'><strong>scripsisse</strong></span> <span class='ocrx_word' id='word_1_456' title='bbox 2622 2789 2707 2829; x_wconf 89' lang='lat' dir='ltr'><strong>me</strong></span> <span class='ocrx_word' id='word_1_457' title='bbox 2741 2776 2809 2829; x_wconf 89' lang='lat' dir='ltr'><strong>ab</strong></span> <span class='ocrx_word' id='word_1_458' title='bbox 2849 2776 3005 2829; x_wconf 92' lang='lat' dir='ltr'><strong>initio</strong></span> <span class='ocrx_word' id='word_1_459' title='bbox 3046 2780 3256 2846; x_wconf 87' lang='lat' dir='ltr'><strong>operis,</strong></span> <span class='ocrx_word' id='word_1_460' title='bbox 3314 2779 3382 2831; x_wconf 88' lang='lat' dir='ltr'><strong>ab</strong></span> <span class='ocrx_word' id='word_1_461' title='bbox 3418 2778 3607 2833; x_wconf 86' lang='lat' dir='ltr'><strong>hostili</strong></span> 
     </span>
    </p>
   </div>
   <div class='ocr_carea' id='block_1_61' title="bbox 2033 2865 3605 2940">
    <p class='ocr_par' dir='ltr' id='par_1_61' title="bbox 2033 2865 3605 2940">
     <span class='ocr_line' id='line_1_61' title="bbox 2033 2865 3605 2940; baseline 0.006 -21"><span class='ocrx_word' id='word_1_462' title='bbox 2033 2865 2310 2920; x_wconf 89' lang='lat' dir='ltr'><strong>inimicitia</strong></span> <span class='ocrx_word' id='word_1_463' title='bbox 2332 2877 2388 2921; x_wconf 87' lang='lat' dir='ltr'><strong>et</strong></span> <span class='ocrx_word' id='word_1_464' title='bbox 2420 2866 2659 2921; x_wconf 81' lang='lat' dir='ltr'><strong>fraterno</strong></span> <span class='ocrx_word' id='word_1_465' title='bbox 2680 2868 2803 2921; x_wconf 89' lang='lat' dir='ltr'><strong>odio</strong></span> <span class='ocrx_word' id='word_1_466' title='bbox 2833 2870 2900 2924; x_wconf 85' lang='lat' dir='ltr'><strong>ad</strong></span> <span class='ocrx_word' id='word_1_467' title='bbox 2920 2869 3261 2924; x_wconf 85' lang='lat' dir='ltr'><strong>scribendum</strong></span> <span class='ocrx_word' id='word_1_468' title='bbox 3292 2873 3605 2940; x_wconf 81' lang='lat' dir='ltr'><strong>prosiluisse</strong></span> 
     </span>
    </p>
   </div>
   <div class='ocr_carea' id='block_1_62' title="bbox 2033 2955 3603 3025">
    <p class='ocr_par' dir='ltr' id='par_1_62' title="bbox 2033 2955 3603 3025">
     <span class='ocr_line' id='line_1_62' title="bbox 2033 2955 3603 3025; baseline 0.005 -16"><span class='ocrx_word' id='word_1_469' title='bbox 2033 2955 2363 3013; x_wconf 83' lang='lat' dir='ltr'><strong>Marcellum.</strong></span> <span class='ocrx_word' id='word_1_470' title='bbox 2404 2956 2538 3011; x_wconf 87' lang='lat' dir='ltr'><strong>Hine</strong></span> <span class='ocrx_word' id='word_1_471' title='bbox 2571 2959 2848 3025; x_wconf 74' lang='lat' dir='ltr'><strong>digreSsus</strong></span> <span class='ocrx_word' id='word_1_472' title='bbox 2880 2959 2931 3013; x_wconf 92' lang='lat' dir='ltr'><strong>in</strong></span> <span class='ocrx_word' id='word_1_473' title='bbox 2969 2961 3243 3013; x_wconf 79' lang='lat' dir='ltr'><strong>Asterium</strong></span> <span class='ocrx_word' id='word_1_474' title='bbox 3274 2963 3449 3017; x_wconf 89' lang='lat' dir='ltr'><strong>denuo</strong></span> <span class='ocrx_word' id='word_1_475' title='bbox 3491 2974 3603 3017; x_wconf 85' lang='lat' dir='ltr'><strong>tra-</strong></span> 
     </span>
    </p>
   </div>
   <div class='ocr_carea' id='block_1_63' title="bbox 2034 3049 3607 3121">
    <p class='ocr_par' dir='ltr' id='par_1_63' title="bbox 2034 3049 3607 3121">
     <span class='ocr_line' id='line_1_63' title="bbox 2034 3049 3607 3121; baseline 0.004 -18"><span class='ocrx_word' id='word_1_476' title='bbox 2034 3049 2154 3119; x_wconf 73' lang='lat' dir='ltr'><strong>gice</strong></span> <span class='ocrx_word' id='word_1_477' title='bbox 2202 3050 2551 3120; x_wconf 85' lang='lat' dir='ltr'><strong>ampullatur,</strong></span> <span class='ocrx_word' id='word_1_478' title='bbox 2609 3051 2744 3105; x_wconf 84' lang='lat' dir='ltr'><strong>bene</strong></span> <span class='ocrx_word' id='word_1_479' title='bbox 2779 3051 2993 3121; x_wconf 80' lang='lat' dir='ltr'><strong>longam</strong></span> <span class='ocrx_word' id='word_1_480' title='bbox 3048 3052 3115 3106; x_wconf 90' lang='lat' dir='ltr'><strong>de</strong></span> <span class='ocrx_word' id='word_1_481' title='bbox 3168 3052 3257 3106; x_wconf 90' lang='lat' dir='ltr'><strong>illo</strong></span> <span class='ocrx_word' id='word_1_482' title='bbox 3319 3055 3607 3111; x_wconf 82' lang='lat' dir='ltr'><strong>instituens</strong></span> 
     </span>
    </p>
   </div>
   <div class='ocr_carea' id='block_1_64' title="bbox 374 3135 1936 3214">
    <p class='ocr_par' dir='ltr' id='par_1_64' title="bbox 374 3135 1934 3212">
     <span class='ocr_line' id='line_1_64' title="bbox 374 3135 1934 3212; baseline 0.005 -26"><span class='ocrx_word' id='word_1_483' title='bbox 374 3154 394 3185; x_wconf 74' lang='grc' dir='ltr'><strong>ι</strong></span> <span class='ocrx_word' id='word_1_484' title='bbox 435 3135 573 3205; x_wconf 77' lang='grc' dir='ltr'>ἔχων</span> <span class='ocrx_word' id='word_1_485' title='bbox 601 3137 842 3210; x_wconf 83' lang='grc' dir='ltr'>Παυλίνῳ</span> <span class='ocrx_word' id='word_1_486' title='bbox 864 3157 922 3191; x_wconf 92' lang='grc' dir='ltr'><strong>τε</strong></span> <span class='ocrx_word' id='word_1_487' title='bbox 946 3141 1038 3195; x_wconf 77' lang='grc' dir='ltr'><strong>καὶ</strong></span> <span class='ocrx_word' id='word_1_488' title='bbox 1068 3144 1178 3204; x_wconf 87' lang='grc' dir='ltr'>τοῖς</span> <span class='ocrx_word' id='word_1_489' title='bbox 1206 3138 1403 3204; x_wconf 80' lang='grc' dir='ltr'>ἔξωθεν</span> <span class='ocrx_word' id='word_1_490' title='bbox 1436 3140 1564 3212; x_wconf 77' lang='grc' dir='ltr'>περὶ</span> <span class='ocrx_word' id='word_1_491' title='bbox 1592 3139 1727 3193; x_wconf 88' lang='grc' dir='ltr'>Θεοῦ</span> <span class='ocrx_word' id='word_1_492' title='bbox 1759 3139 1934 3206; x_wconf 78' lang='grc' dir='ltr'>δόξαν.</span> 
     </span>
    </p>
   </div>
   <div class='ocr_carea' id='block_1_65' title="bbox 2039 3135 3606 3214">
    <p class='ocr_par' dir='ltr' id='par_1_65' title="bbox 2040 3139 3606 3214">
     <span class='ocr_line' id='line_1_65' title="bbox 2040 3139 3606 3214; baseline 0.004 -22"><span class='ocrx_word' id='word_1_493' title='bbox 2040 3141 2428 3194; x_wconf 87' lang='lat' dir='ltr'><strong>narrationem.</strong></span> <span class='ocrx_word' id='word_1_494' title='bbox 2454 3139 2649 3193; x_wconf 83' lang='lat' dir='ltr'><strong>Narrat</strong></span> <span class='ocrx_word' id='word_1_495' title='bbox 2672 3148 2941 3209; x_wconf 87' lang='lat' dir='ltr'><strong>quomodo</strong></span> <span class='ocrx_word' id='word_1_496' title='bbox 2972 3143 3171 3210; x_wconf 87' lang='lat' dir='ltr'><strong>passim</strong></span> <span class='ocrx_word' id='word_1_497' title='bbox 3208 3147 3606 3214; x_wconf 70' lang='lat' dir='ltr'><strong>peregrinetur,</strong></span> 
     </span>
    </p>
   </div>
   <div class='ocr_carea' id='block_1_66' title="bbox 372 3229 1935 3303">
    <p class='ocr_par' dir='ltr' id='par_1_66' title="bbox 372 3229 1935 3303">
     <span class='ocr_line' id='line_1_66' title="bbox 372 3229 1935 3303; baseline 0.004 -25"><span class='ocrx_word' id='word_1_498' title='bbox 372 3246 392 3277; x_wconf 72' lang='grc' dir='ltr'><strong>ι</strong></span> <span class='ocrx_word' id='word_1_499' title='bbox 436 3229 679 3298; x_wconf 77' lang='grc' dir='ltr'>Γέγραφε</span> <span class='ocrx_word' id='word_1_500' title='bbox 711 3232 837 3303; x_wconf 84' lang='grc' dir='ltr'>γάρ,</span> <span class='ocrx_word' id='word_1_501' title='bbox 866 3234 963 3302; x_wconf 85' lang='grc' dir='ltr'>ούχ</span> <span class='ocrx_word' id='word_1_502' title='bbox 1003 3233 1078 3296; x_wconf 87' lang='grc' dir='ltr'><strong>ὡς</strong></span> <span class='ocrx_word' id='word_1_503' title='bbox 1108 3234 1260 3297; x_wconf 75' lang='grc' dir='ltr'>ὄντος</span> <span class='ocrx_word' id='word_1_504' title='bbox 1294 3234 1454 3303; x_wconf 84' lang='grc' dir='ltr'>μόνου</span> <span class='ocrx_word' id='word_1_505' title='bbox 1482 3232 1636 3297; x_wconf 89' lang='grc' dir='ltr'>Θεοῦ,</span> <span class='ocrx_word' id='word_1_506' title='bbox 1671 3232 1783 3287; x_wconf 85' lang='grc' dir='ltr'>ἀλλ’</span> <span class='ocrx_word' id='word_1_507' title='bbox 1818 3233 1935 3295; x_wconf 81' lang='grc' dir='ltr'>ἑνὸς</span> 
     </span>
    </p>
   </div>
   <div class='ocr_carea' id='block_1_67' title="bbox 374 3322 1935 3397">
    <p class='ocr_par' dir='ltr' id='par_1_67' title="bbox 374 3322 1935 3397">
     <span class='ocr_line' id='line_1_67' title="bbox 374 3322 1935 3397; baseline 0.006 -25"><span class='ocrx_word' id='word_1_508' title='bbox 374 3338 389 3371; x_wconf 83' lang='grc' dir='ltr'><strong>ι</strong></span> <span class='ocrx_word' id='word_1_509' title='bbox 431 3322 579 3385; x_wconf 71' lang='grc' dir='ltr'>ὄντος</span> <span class='ocrx_word' id='word_1_510' title='bbox 607 3322 699 3375; x_wconf 81' lang='grc' dir='ltr'><strong>τοῦ</strong></span> <span class='ocrx_word' id='word_1_511' title='bbox 736 3326 897 3396; x_wconf 83' lang='grc' dir='ltr'>μόνου</span> <span class='ocrx_word' id='word_1_512' title='bbox 930 3325 1183 3396; x_wconf 76' lang='grc' dir='ltr'>ἀληθινοῦ</span> <span class='ocrx_word' id='word_1_513' title='bbox 1230 3325 1387 3379; x_wconf 86' lang='grc' dir='ltr'>Θεοῦ.</span> <span class='ocrx_word' id='word_1_514' title='bbox 1422 3326 1585 3381; x_wconf 89' lang='grc' dir='ltr'>Ὅθεν</span> <span class='ocrx_word' id='word_1_515' title='bbox 1614 3327 1794 3381; x_wconf 86' lang='grc' dir='ltr'>τοίνυν</span> <span class='ocrx_word' id='word_1_516' title='bbox 1830 3345 1935 3397; x_wconf 88' lang='grc' dir='ltr'>μα·-</span> 
     </span>
    </p>
   </div>
   <div class='ocr_carea' id='block_1_68' title="bbox 373 3413 1938 3490">
    <p class='ocr_par' dir='ltr' id='par_1_68' title="bbox 373 3413 1938 3490">
     <span class='ocr_line' id='line_1_68' title="bbox 373 3413 1938 3490; baseline 0.004 -26"><span class='ocrx_word' id='word_1_517' title='bbox 373 3432 391 3462; x_wconf 73' lang='lat' dir='ltr'><strong>c</strong></span> <span class='ocrx_word' id='word_1_518' title='bbox 434 3413 541 3466; x_wconf 87' lang='grc' dir='ltr'>θὼν</span> <span class='ocrx_word' id='word_1_519' title='bbox 585 3417 677 3468; x_wconf 71' lang='grc' dir='ltr'>καὶ</span> <span class='ocrx_word' id='word_1_520' title='bbox 711 3419 740 3469; x_wconf 84' lang='grc' dir='ltr'><strong>ό</strong></span> <span class='ocrx_word' id='word_1_521' title='bbox 799 3418 1074 3488; x_wconf 79' lang='grc' dir='ltr'>Ἀστερίου</span> <span class='ocrx_word' id='word_1_522' title='bbox 1122 3420 1302 3489; x_wconf 81' lang='grc' dir='ltr'>πατὴρ</span> <span class='ocrx_word' id='word_1_523' title='bbox 1348 3419 1610 3483; x_wconf 84' lang='grc' dir='ltr'>Παυλῖνος</span> <span class='ocrx_word' id='word_1_524' title='bbox 1645 3417 1938 3490; x_wconf 83' lang='grc' dir='ltr'>νεωτέρους</span> 
     </span>
    </p>
   </div>
   <div class='ocr_carea' id='block_1_69' title="bbox 370 3506 1939 3581">
    <p class='ocr_par' dir='ltr' id='par_1_69' title="bbox 370 3506 1939 3581">
     <span class='ocr_line' id='line_1_69' title="bbox 370 3506 1939 3581; baseline 0.006 -25"><span class='ocrx_word' id='word_1_525' title='bbox 370 3524 388 3555; x_wconf 80' lang='grc' dir='ltr'><strong>ι</strong></span> <span class='ocrx_word' id='word_1_526' title='bbox 432 3506 586 3571; x_wconf 77' lang='grc' dir='ltr'>θεοὺς</span> <span class='ocrx_word' id='word_1_527' title='bbox 626 3506 763 3563; x_wconf 82' lang='grc' dir='ltr'>εἶναι</span> <span class='ocrx_word' id='word_1_528' title='bbox 795 3510 948 3581; x_wconf 77' lang='grc' dir='ltr'>ᾤετο.</span> <span class='ocrx_word' id='word_1_529' title='bbox 982 3532 999 3563; x_wconf 75' lang='grc' dir='ltr'><strong>ι</strong></span> <span class='ocrx_word' id='word_1_530' title='bbox 1030 3513 1137 3565; x_wconf 73' lang='grc' dir='ltr'><strong>Καὶ</strong></span> <span class='ocrx_word' id='word_1_531' title='bbox 1170 3513 1228 3564; x_wconf 81' lang='grc' dir='ltr'>ὲν</span> <span class='ocrx_word' id='word_1_532' title='bbox 1260 3512 1468 3576; x_wconf 83' lang='grc' dir='ltr'>τούτοις</span> <span class='ocrx_word' id='word_1_533' title='bbox 1495 3512 1550 3565; x_wconf 81' lang='grc' dir='ltr'>δὲ</span> <span class='ocrx_word' id='word_1_534' title='bbox 1576 3514 1651 3575; x_wconf 86' lang='grc' dir='ltr'>ὡς</span> <span class='ocrx_word' id='word_1_535' title='bbox 1681 3511 1817 3564; x_wconf 82' lang='grc' dir='ltr'>θεῶν</span> <span class='ocrx_word' id='word_1_536' title='bbox 1855 3510 1939 3565; x_wconf 81' lang='grc' dir='ltr'>δό-</span> 
     </span>
    </p>
   </div>
   <div class='ocr_carea' id='block_1_70' title="bbox 363 3594 1939 3673">
    <p class='ocr_par' dir='ltr' id='par_1_70' title="bbox 363 3594 1939 3673">
     <span class='ocr_line' id='line_1_70' title="bbox 363 3594 1939 3673; baseline 0.002 -23"><span class='ocrx_word' id='word_1_537' title='bbox 363 3594 464 3662; x_wconf 81' lang='grc' dir='ltr'>ξας</span> <span class='ocrx_word' id='word_1_538' title='bbox 519 3599 836 3668; x_wconf 80' lang='grc' dir='ltr'>εἰσάγοντας</span> <span class='ocrx_word' id='word_1_539' title='bbox 893 3604 1154 3666; x_wconf 75' lang='grc' dir='ltr'>αἰτιᾶται,</span> <span class='ocrx_word' id='word_1_540' title='bbox 1212 3602 1542 3673; x_wconf 76' lang='grc' dir='ltr'>ἀρνούμενος</span> <span class='ocrx_word' id='word_1_541' title='bbox 1610 3602 1770 3665; x_wconf 80' lang='grc' dir='ltr'>αὐτὸς</span> <span class='ocrx_word' id='word_1_542' title='bbox 1840 3596 1939 3671; x_wconf 72' lang='grc' dir='ltr'>τῆν</span> 
     </span>
    </p>
   </div>
   <div class='ocr_carea' id='block_1_71' title="bbox 365 3688 1938 3767">
    <p class='ocr_par' dir='ltr' id='par_1_71' title="bbox 365 3688 1938 3767">
     <span class='ocr_line' id='line_1_71' title="bbox 365 3688 1938 3767; baseline 0.004 -27"><span class='ocrx_word' id='word_1_543' title='bbox 365 3688 594 3759; x_wconf 82' lang='grc' dir='ltr'>θεότητα</span> <span class='ocrx_word' id='word_1_544' title='bbox 635 3691 725 3745; x_wconf 88' lang='grc' dir='ltr'><strong>τοῦ</strong></span> <span class='ocrx_word' id='word_1_545' title='bbox 779 3694 930 3748; x_wconf 84' lang='grc' dir='ltr'>Υἱοῦ·</span> <span class='ocrx_word' id='word_1_546' title='bbox 984 3696 1079 3748; x_wconf 77' lang='grc' dir='ltr'><strong>καὶ</strong></span> <span class='ocrx_word' id='word_1_547' title='bbox 1118 3697 1491 3767; x_wconf 80' lang='grc' dir='ltr'>παραθέμενος</span> <span class='ocrx_word' id='word_1_548' title='bbox 1532 3696 1633 3767; x_wconf 82' lang='grc' dir='ltr'>τὴν</span> <span class='ocrx_word' id='word_1_549' title='bbox 1680 3693 1938 3750; x_wconf 74' lang='grc' dir='ltr'>Εὑσιϐίου</span> 
     </span>
    </p>
   </div>
   <div class='ocr_carea' id='block_1_72' title="bbox 364 3780 1941 3859">
    <p class='ocr_par' dir='ltr' id='par_1_72' title="bbox 364 3780 1941 3859">
     <span class='ocr_line' id='line_1_72' title="bbox 364 3780 1941 3859; baseline 0.006 -26"><span class='ocrx_word' id='word_1_550' title='bbox 364 3780 530 3849; x_wconf 80' lang='grc' dir='ltr'>λέξιν,</span> <span class='ocrx_word' id='word_1_551' title='bbox 563 3784 825 3855; x_wconf 86' lang='grc' dir='ltr'>συνίησιν,</span> <span class='ocrx_word' id='word_1_552' title='bbox 860 3787 936 3849; x_wconf 82' lang='grc' dir='ltr'>ὡς</span> <span class='ocrx_word' id='word_1_553' title='bbox 972 3788 1070 3841; x_wconf 80' lang='grc' dir='ltr'><strong>οὐκ</strong></span> <span class='ocrx_word' id='word_1_554' title='bbox 1094 3804 1163 3859; x_wconf 85' lang='grc' dir='ltr'><strong>ην</strong></span> <span class='ocrx_word' id='word_1_555' title='bbox 1191 3787 1356 3841; x_wconf 84' lang='grc' dir='ltr'>αὑτοῦ</span> <span class='ocrx_word' id='word_1_556' title='bbox 1398 3790 1431 3858; x_wconf 79' lang='grc' dir='ltr'><strong>ἡ</strong></span> <span class='ocrx_word' id='word_1_557' title='bbox 1463 3788 1555 3842; x_wconf 87' lang='grc' dir='ltr'><strong>τὸν</strong></span> <span class='ocrx_word' id='word_1_558' title='bbox 1592 3788 1813 3859; x_wconf 84' lang='grc' dir='ltr'>Πατέρα</span> <span class='ocrx_word' id='word_1_559' title='bbox 1846 3786 1941 3859; x_wconf 82' lang='grc' dir='ltr'>μό-</span> 
     </span>
    </p>
   </div>
   <div class='ocr_carea' id='block_1_73' title="bbox 365 3875 1940 3950">
    <p class='ocr_par' dir='ltr' id='par_1_73' title="bbox 365 3875 1940 3950">
     <span class='ocr_line' id='line_1_73' title="bbox 365 3875 1940 3950; baseline 0.005 -25"><span class='ocrx_word' id='word_1_560' title='bbox 365 3890 455 3928; x_wconf 88' lang='grc' dir='ltr'><strong>νον</strong></span> <span class='ocrx_word' id='word_1_561' title='bbox 486 3875 735 3946; x_wconf 81' lang='grc' dir='ltr'>ἁληθινὸν</span> <span class='ocrx_word' id='word_1_562' title='bbox 764 3877 894 3931; x_wconf 85' lang='grc' dir='ltr'>Θεὸν</span> <span class='ocrx_word' id='word_1_563' title='bbox 930 3878 1255 3932; x_wconf 74' lang='grc' dir='ltr'>διδάσκουσα</span> <span class='ocrx_word' id='word_1_564' title='bbox 1285 3880 1457 3950; x_wconf 81' lang='grc' dir='ltr'>φωνὴ,</span> <span class='ocrx_word' id='word_1_565' title='bbox 1487 3878 1579 3932; x_wconf 88' lang='grc' dir='ltr'><strong>τοῦ</strong></span> <span class='ocrx_word' id='word_1_566' title='bbox 1606 3879 1663 3931; x_wconf 83' lang='grc' dir='ltr'>δὲ</span> <span class='ocrx_word' id='word_1_567' title='bbox 1692 3880 1940 3950; x_wconf 78' lang='grc' dir='ltr'>Σωτῆρος</span> 
     </span>
    </p>
   </div>
   <div class='ocr_carea' id='block_1_74' title="bbox 365 3964 1943 4039">
    <p class='ocr_par' dir='ltr' id='par_1_74' title="bbox 365 3964 1943 4039">
     <span class='ocr_line' id='line_1_74' title="bbox 365 3964 1943 4039; baseline 0.005 -23"><span class='ocrx_word' id='word_1_568' title='bbox 365 3964 523 4034; x_wconf 75' lang='grc' dir='ltr'>ἡμῶν</span> <span class='ocrx_word' id='word_1_569' title='bbox 550 3967 852 4036; x_wconf 81' lang='grc' dir='ltr'>εἰρηκότος,</span> <span class='ocrx_word' id='word_1_570' title='bbox 880 3969 981 4021; x_wconf 81' lang='grc' dir='ltr'><strong>ἵνα</strong></span> <span class='ocrx_word' id='word_1_571' title='bbox 1005 3969 1345 4039; x_wconf 73' lang='grc' dir='ltr'>γινώσκωσι</span> <span class='ocrx_word' id='word_1_572' title='bbox 1367 3985 1440 4022; x_wconf 88' lang='grc' dir='ltr'><strong>σε</strong></span> <span class='ocrx_word' id='word_1_573' title='bbox 1463 3970 1569 4022; x_wconf 69' lang='grc' dir='ltr'><strong>τεν</strong></span> <span class='ocrx_word' id='word_1_574' title='bbox 1588 3971 1781 4038; x_wconf 77' lang='grc' dir='ltr'>μόνον</span> <span class='ocrx_word' id='word_1_575' title='bbox 1804 3970 1943 4037; x_wconf 68' lang='grc' dir='ltr'>ἀλη-</span> 
     </span>
    </p>
   </div>
   <div class='ocr_carea' id='block_1_75' title="bbox 365 4057 1937 4134">
    <p class='ocr_par' dir='ltr' id='par_1_75' title="bbox 365 4057 1937 4134">
     <span class='ocr_line' id='line_1_75' title="bbox 365 4057 1937 4134; baseline 0.002 -23"><span class='ocrx_word' id='word_1_576' title='bbox 365 4057 535 4111; x_wconf 82' lang='grc' dir='ltr'>θινὸν</span> <span class='ocrx_word' id='word_1_577' title='bbox 594 4060 770 4113; x_wconf 73' lang='grc' dir='ltr'>Θεῶν·</span> <span class='ocrx_word' id='word_1_578' title='bbox 822 4062 916 4113; x_wconf 77' lang='grc' dir='ltr'><strong>καὶ</strong></span> <span class='ocrx_word' id='word_1_579' title='bbox 983 4061 1101 4131; x_wconf 87' lang='grc' dir='ltr'>μεθ’</span> <span class='ocrx_word' id='word_1_580' title='bbox 1151 4063 1311 4134; x_wconf 80' lang='grc' dir='ltr'>έτερα</span> <span class='ocrx_word' id='word_1_581' title='bbox 1370 4060 1691 4132; x_wconf 89' lang='grc' dir='ltr'>προστίθησι</span> <span class='ocrx_word' id='word_1_582' title='bbox 1747 4060 1937 4127; x_wconf 81' lang='grc' dir='ltr'>λέγων’</span> 
     </span>
    </p>
   </div>
   <div class='ocr_carea' id='block_1_76' title="bbox 372 4149 1942 4224">
    <p class='ocr_par' dir='ltr' id='par_1_76' title="bbox 372 4149 1942 4224">
     <span class='ocr_line' id='line_1_76' title="bbox 372 4149 1942 4224; baseline 0.004 -26"><span class='ocrx_word' id='word_1_583' title='bbox 372 4170 390 4198; x_wconf 78' lang='grc' dir='ltr'><strong>ι</strong></span> <span class='ocrx_word' id='word_1_584' title='bbox 445 4149 595 4203; x_wconf 78' lang='grc' dir='ltr'>Ἐπεὶ</span> <span class='ocrx_word' id='word_1_585' title='bbox 626 4152 790 4204; x_wconf 87' lang='grc' dir='ltr'>πόθεν</span> <span class='ocrx_word' id='word_1_586' title='bbox 823 4155 952 4224; x_wconf 77' lang='grc' dir='ltr'>ἡμῖν</span> <span class='ocrx_word' id='word_1_587' title='bbox 994 4155 1057 4205; x_wconf 78' lang='grc' dir='ltr'>ὲκ</span> <span class='ocrx_word' id='word_1_588' title='bbox 1088 4152 1198 4205; x_wconf 85' lang='grc' dir='ltr'>τῶν</span> <span class='ocrx_word' id='word_1_589' title='bbox 1233 4152 1392 4206; x_wconf 90' lang='grc' dir='ltr'>θείων</span> <span class='ocrx_word' id='word_1_590' title='bbox 1421 4153 1742 4223; x_wconf 78' lang='grc' dir='ltr'>δυνήσονται</span> <span class='ocrx_word' id='word_1_591' title='bbox 1772 4151 1942 4219; x_wconf 80' lang='grc' dir='ltr'>δεῖξαι</span> 
     </span>
    </p>
   </div>
   <div class='ocr_carea' id='block_1_77' title="bbox 372 4238 1943 4317">
    <p class='ocr_par' dir='ltr' id='par_1_77' title="bbox 372 4238 1943 4317">
     <span class='ocr_line' id='line_1_77' title="bbox 372 4238 1943 4317; baseline 0.004 -26"><span class='ocrx_word' id='word_1_592' title='bbox 372 4261 391 4291; x_wconf 75' lang='grc' dir='ltr'><strong>ι</strong></span> <span class='ocrx_word' id='word_1_593' title='bbox 439 4242 647 4313; x_wconf 80' lang='grc' dir='ltr'>ῥητῶν,</span> <span class='ocrx_word' id='word_1_594' title='bbox 701 4245 783 4297; x_wconf 83' lang='grc' dir='ltr'>ὅτι</span> <span class='ocrx_word' id='word_1_595' title='bbox 816 4240 897 4309; x_wconf 75' lang='grc' dir='ltr'>εἷς</span> <span class='ocrx_word' id='word_1_596' title='bbox 946 4246 1043 4317; x_wconf 84' lang='grc' dir='ltr'><strong>μὲν</strong></span> <span class='ocrx_word' id='word_1_597' title='bbox 1080 4245 1393 4317; x_wconf 88' lang='grc' dir='ltr'>ἀγέννητος,</span> <span class='ocrx_word' id='word_1_598' title='bbox 1434 4238 1513 4308; x_wconf 78' lang='grc' dir='ltr'>εἷς</span> <span class='ocrx_word' id='word_1_599' title='bbox 1559 4244 1616 4298; x_wconf 81' lang='grc' dir='ltr'>δὲ</span> <span class='ocrx_word' id='word_1_600' title='bbox 1664 4244 1943 4314; x_wconf 83' lang='grc' dir='ltr'>γεννητὸς,</span> 
     </span>
    </p>
   </div>
   <div class='ocr_carea' id='block_1_78' title="bbox 372 4332 1941 4407">
    <p class='ocr_par' dir='ltr' id='par_1_78' title="bbox 372 4332 1941 4407">
     <span class='ocr_line' id='line_1_78' title="bbox 372 4332 1941 4407; baseline 0.003 -24"><span class='ocrx_word' id='word_1_601' title='bbox 372 4352 390 4383; x_wconf 74' lang='grc' dir='ltr'><strong>ι</strong></span> <span class='ocrx_word' id='word_1_602' title='bbox 432 4332 506 4395; x_wconf 82' lang='grc' dir='ltr'>ὡς</span> <span class='ocrx_word' id='word_1_603' title='bbox 547 4335 698 4388; x_wconf 74' lang='grc' dir='ltr'>αὐτοὶ</span> <span class='ocrx_word' id='word_1_604' title='bbox 734 4337 1089 4407; x_wconf 81' lang='grc' dir='ltr'>γεγεννῆσθαι</span> <span class='ocrx_word' id='word_1_605' title='bbox 1133 4337 1293 4390; x_wconf 81' lang='grc' dir='ltr'>αὐτὸν</span> <span class='ocrx_word' id='word_1_606' title='bbox 1327 4335 1784 4401; x_wconf 86' lang='grc' dir='ltr'>πεπιστεύκασιν;</span> <span class='ocrx_word' id='word_1_607' title='bbox 1819 4334 1941 4389; x_wconf 74' lang='grc' dir='ltr'>οὕτε</span> 
     </span>
    </p>
   </div>
   <div class='ocr_carea' id='block_1_79' title="bbox 372 4427 1940 4499">
    <p class='ocr_par' dir='ltr' id='par_1_79' title="bbox 372 4427 1940 4499">
     <span class='ocr_line' id='line_1_79' title="bbox 372 4427 1940 4499; baseline 0.003 -23"><span class='ocrx_word' id='word_1_608' title='bbox 372 4445 392 4476; x_wconf 76' lang='grc' dir='ltr'><strong>ι</strong></span> <span class='ocrx_word' id='word_1_609' title='bbox 438 4427 745 4498; x_wconf 81' lang='grc' dir='ltr'>προφητῶν,</span> <span class='ocrx_word' id='word_1_610' title='bbox 780 4428 902 4482; x_wconf 75' lang='grc' dir='ltr'>οὔτε</span> <span class='ocrx_word' id='word_1_611' title='bbox 940 4428 1359 4498; x_wconf 86' lang='grc' dir='ltr'>εύαγγελιστῶν,</span> <span class='ocrx_word' id='word_1_612' title='bbox 1404 4427 1438 4499; x_wconf 79' lang='grc' dir='ltr'>ἢ</span> <span class='ocrx_word' id='word_1_613' title='bbox 1473 4427 1783 4482; x_wconf 86' lang='grc' dir='ltr'>ἀποστόλων</span> <span class='ocrx_word' id='word_1_614' title='bbox 1829 4427 1940 4499; x_wconf 73' lang='grc'>(27)</span> 
     </span>
    </p>
   </div>
   <div class='ocr_carea' id='block_1_80' title="bbox 372 4516 1939 4592">
    <p class='ocr_par' dir='ltr' id='par_1_80' title="bbox 372 4516 1939 4592">
     <span class='ocr_line' id='line_1_80' title="bbox 372 4516 1939 4592; baseline 0.002 -23"><span class='ocrx_word' id='word_1_615' title='bbox 372 4536 391 4570; x_wconf 72' lang='grc' dir='ltr'><strong>ι</strong></span> <span class='ocrx_word' id='word_1_616' title='bbox 432 4516 575 4570; x_wconf 85' lang='grc' dir='ltr'>τοῦτ’</span> <span class='ocrx_word' id='word_1_617' title='bbox 613 4520 927 4591; x_wconf 77' lang='grc' dir='ltr'>εἰρηκότων.</span> <span class='ocrx_word' id='word_1_618' title='bbox 972 4540 990 4573; x_wconf 74' lang='grc' dir='ltr'><strong>ι</strong></span> <span class='ocrx_word' id='word_1_619' title='bbox 1028 4518 1140 4575; x_wconf 81' lang='grc' dir='ltr'><strong>Εἶθ’</strong></span> <span class='ocrx_word' id='word_1_620' title='bbox 1169 4521 1357 4592; x_wconf 83' lang='grc' dir='ltr'>ὥσπερ</span> <span class='ocrx_word' id='word_1_621' title='bbox 1387 4521 1445 4575; x_wconf 83' lang='grc' dir='ltr'>ὲν</span> <span class='ocrx_word' id='word_1_622' title='bbox 1474 4519 1657 4583; x_wconf 81' lang='grc' dir='ltr'>ἄθλοις</span> <span class='ocrx_word' id='word_1_623' title='bbox 1696 4521 1939 4591; x_wconf 87' lang='grc' dir='ltr'>ἀπογρα-</span> 
     </span>
    </p>
   </div>
   <div class='ocr_carea' id='block_1_81' title="bbox 364 4611 1938 4685">
    <p class='ocr_par' dir='ltr' id='par_1_81' title="bbox 364 4611 1938 4685">
     <span class='ocr_line' id='line_1_81' title="bbox 364 4611 1938 4685; baseline 0 -20"><span class='ocrx_word' id='word_1_624' title='bbox 364 4611 626 4682; x_wconf 74' lang='grc' dir='ltr'>ψάμενος,</span> <span class='ocrx_word' id='word_1_625' title='bbox 648 4614 783 4685; x_wconf 84' lang='grc' dir='ltr'>ὁμοῦ</span> <span class='ocrx_word' id='word_1_626' title='bbox 816 4615 920 4685; x_wconf 86' lang='grc' dir='ltr'><strong>πρὸ</strong></span> <span class='ocrx_word' id='word_1_627' title='bbox 931 4633 946 4678; x_wconf 86' lang='lat'><strong>;</strong></span> <span class='ocrx_word' id='word_1_628' title='bbox 969 4615 1209 4677; x_wconf 77' lang='grc' dir='ltr'>ἅπαντας</span> <span class='ocrx_word' id='word_1_629' title='bbox 1235 4613 1741 4685; x_wconf 86' lang='grc' dir='ltr'>διαπληκτίσασθαι,</span> <span class='ocrx_word' id='word_1_630' title='bbox 1776 4629 1938 4684; x_wconf 82' lang='grc' dir='ltr'>μετα-</span> 
     </span>
    </p>
   </div>
   <div class='ocr_carea' id='block_1_82' title="bbox 367 4704 1940 4780">
    <p class='ocr_par' dir='ltr' id='par_1_82' title="bbox 367 4704 1940 4780">
     <span class='ocr_line' id='line_1_82' title="bbox 367 4704 1940 4780; baseline 0.001 -23"><span class='ocrx_word' id='word_1_631' title='bbox 367 4704 543 4758; x_wconf 89' lang='grc' dir='ltr'>ϐαίνει</span> <span class='ocrx_word' id='word_1_632' title='bbox 577 4708 667 4760; x_wconf 77' lang='grc' dir='ltr'><strong>ἐπὶ</strong></span> <span class='ocrx_word' id='word_1_633' title='bbox 698 4708 788 4760; x_wconf 83' lang='grc' dir='ltr'><strong>τὸν</strong></span> <span class='ocrx_word' id='word_1_634' title='bbox 820 4709 1147 4780; x_wconf 81' lang='grc' dir='ltr'>Νάρκισσον,</span> <span class='ocrx_word' id='word_1_635' title='bbox 1182 4708 1275 4762; x_wconf 87' lang='grc' dir='ltr'><strong>καί</strong></span> <span class='ocrx_word' id='word_1_636' title='bbox 1323 4722 1522 4778; x_wconf 87' lang='grc' dir='ltr'>φησιν·</span> <span class='ocrx_word' id='word_1_637' title='bbox 1568 4726 1587 4759; x_wconf 75' lang='grc' dir='ltr'><strong>ι</strong></span> <span class='ocrx_word' id='word_1_638' title='bbox 1625 4707 1787 4759; x_wconf 82' lang='grc' dir='ltr'>Ὥστε</span> <span class='ocrx_word' id='word_1_639' title='bbox 1838 4704 1940 4759; x_wconf 77' lang='grc' dir='ltr'><strong>κᾶν</strong></span> 
     </span>
    </p>
   </div>
   <div class='ocr_carea' id='block_1_83' title="bbox 374 4794 1941 4871">
    <p class='ocr_par' dir='ltr' id='par_1_83' title="bbox 374 4794 1941 4871">
     <span class='ocr_line' id='line_1_83' title="bbox 374 4794 1941 4871; baseline -0.001 -21"><span class='ocrx_word' id='word_1_640' title='bbox 374 4817 394 4849; x_wconf 83' lang='grc' dir='ltr'><strong>ι</strong></span> <span class='ocrx_word' id='word_1_641' title='bbox 436 4801 612 4853; x_wconf 76' lang='grc' dir='ltr'>ἐκεῖνό</span> <span class='ocrx_word' id='word_1_642' title='bbox 634 4818 717 4865; x_wconf 87' lang='grc' dir='ltr'><strong>τις</strong></span> <span class='ocrx_word' id='word_1_643' title='bbox 746 4801 913 4870; x_wconf 83' lang='grc' dir='ltr'>λέγοι,</span> <span class='ocrx_word' id='word_1_644' title='bbox 938 4801 1359 4866; x_wconf 81' lang='grc' dir='ltr'>κατασκευάζων</span> <span class='ocrx_word' id='word_1_645' title='bbox 1389 4799 1603 4871; x_wconf 87' lang='grc' dir='ltr'>πρῶτον</span> <span class='ocrx_word' id='word_1_646' title='bbox 1628 4794 1765 4853; x_wconf 73' lang='grc' dir='ltr'>εἶναι</span> <span class='ocrx_word' id='word_1_647' title='bbox 1787 4797 1941 4861; x_wconf 88' lang='grc' dir='ltr'>Θεὸν,</span> 
     </span>
    </p>
   </div>
   <div class='ocr_carea' id='block_1_84' title="bbox 375 4889 1942 4966">
    <p class='ocr_par' dir='ltr' id='par_1_84' title="bbox 375 4889 1942 4966">
     <span class='ocr_line' id='line_1_84' title="bbox 375 4889 1942 4966; baseline -0.001 -20"><span class='ocrx_word' id='word_1_648' title='bbox 375 4913 394 4945; x_wconf 77' lang='lat' dir='ltr'><strong>t</strong></span> <span class='ocrx_word' id='word_1_649' title='bbox 438 4896 531 4947; x_wconf 74' lang='grc' dir='ltr'>καὶ</span> <span class='ocrx_word' id='word_1_650' title='bbox 568 4895 846 4966; x_wconf 88' lang='grc' dir='ltr'>δεύτερον,</span> <span class='ocrx_word' id='word_1_651' title='bbox 898 4895 973 4959; x_wconf 86' lang='grc' dir='ltr'><strong>ὡς</strong></span> <span class='ocrx_word' id='word_1_652' title='bbox 1020 4897 1329 4965; x_wconf 83' lang='grc' dir='ltr'>Νάρκισσος</span> <span class='ocrx_word' id='word_1_653' title='bbox 1379 4895 1567 4957; x_wconf 84' lang='grc' dir='ltr'>αὑταῖς</span> <span class='ocrx_word' id='word_1_654' title='bbox 1620 4891 1796 4956; x_wconf 82' lang='grc' dir='ltr'>λέξεσι</span> <span class='ocrx_word' id='word_1_655' title='bbox 1848 4889 1942 4958; x_wconf 77' lang='grc' dir='ltr'>γέ·</span> 
     </span>
    </p>
   </div>
   <div class='ocr_carea' id='block_1_85' title="bbox 450 5076 1623 5148">
    <p class='ocr_par' dir='ltr' id='par_1_85' title="bbox 450 5076 1623 5148">
     <span class='ocr_line' id='line_1_85' title="bbox 450 5076 1623 5148; baseline -0.006 -12"><span class='ocrx_word' id='word_1_656' title='bbox 450 5086 507 5144; x_wconf 57' lang='grc' dir='ltr'>ὦ</span> <span class='ocrx_word' id='word_1_657' title='bbox 542 5080 640 5135; x_wconf 84' lang='lat' dir='ltr'><strong>Ed.</strong></span> <span class='ocrx_word' id='word_1_658' title='bbox 673 5079 872 5141; x_wconf 76' lang='lat' dir='ltr'><strong>Paris..</strong></span> <span class='ocrx_word' id='word_1_659' title='bbox 899 5094 1017 5148; x_wconf 82' lang='lat' dir='ltr'><strong>pag.</strong></span> <span class='ocrx_word' id='word_1_660' title='bbox 1053 5078 1144 5132; x_wconf 76' lang='grc'><strong>27.</strong></span> <span class='ocrx_word' id='word_1_661' title='bbox 1242 5078 1287 5107; x_wconf 83' lang='grc'><strong>⁸⁸</strong></span> <span class='ocrx_word' id='word_1_662' title='bbox 1306 5076 1447 5132; x_wconf 82' lang='lat' dir='ltr'><strong>Psal.</strong></span> <span class='ocrx_word' id='word_1_663' title='bbox 1470 5092 1542 5141; x_wconf 58' lang='grc' dir='ltr'><strong>χι</strong></span> <span class='ocrx_word' id='word_1_664' title='bbox 1569 5076 1623 5129; x_wconf 84' lang='grc'>5.</span> 
     </span>
    </p>
   </div>
   <div class='ocr_carea' id='block_1_86' title="bbox 446 5235 1935 5313">
    <p class='ocr_par' dir='ltr' id='par_1_86' title="bbox 446 5235 1935 5313">
     <span class='ocr_line' id='line_1_86' title="bbox 446 5235 1935 5313; baseline -0.005 -17"><span class='ocrx_word' id='word_1_665' title='bbox 446 5240 558 5313; x_wconf 70' lang='lat'><strong>(25)</strong></span> <span class='ocrx_word' id='word_1_666' title='bbox 589 5240 808 5306; x_wconf 78' lang='grc' dir='ltr'>Ἐαυτῷ</span> <span class='ocrx_word' id='word_1_667' title='bbox 864 5239 1177 5313; x_wconf 71' lang='grc' dir='ltr'>συνείρων.</span> <span class='ocrx_word' id='word_1_668' title='bbox 1228 5237 1390 5292; x_wconf 85' lang='lat' dir='ltr'><strong>Forte</strong></span> <span class='ocrx_word' id='word_1_669' title='bbox 1444 5238 1523 5301; x_wconf 84' lang='grc' dir='ltr'><strong>εἰς</strong></span> <span class='ocrx_word' id='word_1_670' title='bbox 1574 5235 1705 5291; x_wconf 78' lang='grc' dir='ltr'>αὐτὸ</span> <span class='ocrx_word' id='word_1_671' title='bbox 1755 5236 1935 5290; x_wconf 81' lang='grc' dir='ltr'>συνείο</span> 
     </span>
    </p>
   </div>
   <div class='ocr_carea' id='block_1_87' title="bbox 375 5310 1216 5386">
    <p class='ocr_par' dir='ltr' id='par_1_87' title="bbox 375 5310 1216 5386">
     <span class='ocr_line' id='line_1_87' title="bbox 375 5310 1216 5386; baseline -0.007 -19"><span class='ocrx_word' id='word_1_672' title='bbox 375 5310 701 5386; x_wconf 42' lang='grc' dir='ltr'>ρωνιιη-</span> <span class='ocrx_word' id='word_1_673' title='bbox 720 5313 835 5365; x_wconf 77' lang='lat' dir='ltr'><strong>Mox</strong></span> <span class='ocrx_word' id='word_1_674' title='bbox 867 5310 1216 5386; x_wconf 39' lang='lat' dir='ltr'><strong>vulgo-Eata}.</strong></span> 
     </span>
    </p>
   </div>
   <div class='ocr_carea' id='block_1_88' title="bbox 447 5376 1937 5456">
    <p class='ocr_par' dir='ltr' id='par_1_88' title="bbox 447 5376 1937 5456">
     <span class='ocr_line' id='line_1_88' title="bbox 447 5376 1937 5456; baseline -0.004 -19"><span class='ocrx_word' id='word_1_675' title='bbox 447 5384 558 5456; x_wconf 73' lang='lat'><strong>(‘26)</strong></span> <span class='ocrx_word' id='word_1_676' title='bbox 599 5384 789 5449; x_wconf 84' lang='grc' dir='ltr'>Ὅπως</span> <span class='ocrx_word' id='word_1_677' title='bbox 814 5398 878 5435; x_wconf 81' lang='grc' dir='ltr'><strong>τε</strong></span> <span class='ocrx_word' id='word_1_678' title='bbox 898 5376 1207 5456; x_wconf 58' lang='grc' dir='ltr'>ἀποδημεῖ.</span> <span class='ocrx_word' id='word_1_679' title='bbox 1240 5378 1351 5431; x_wconf 83' lang='lat' dir='ltr'><strong>Iloe</strong></span> <span class='ocrx_word' id='word_1_680' title='bbox 1374 5388 1454 5431; x_wconf 86' lang='lat' dir='ltr'><strong>est</strong></span> <span class='ocrx_word' id='word_1_681' title='bbox 1486 5377 1629 5456; x_wconf 80' lang='lat' dir='ltr'><strong>quod</strong></span> <span class='ocrx_word' id='word_1_682' title='bbox 1657 5376 1791 5442; x_wconf 80' lang='lat' dir='ltr'><strong>dixi,</strong></span> <span class='ocrx_word' id='word_1_683' title='bbox 1816 5393 1937 5456; x_wconf 78' lang='lat' dir='ltr'><strong>cur-</strong></span> 
     </span>
    </p>
   </div>
   <div class='ocr_carea' id='block_1_89' title="bbox 370 5450 1938 5525">
    <p class='ocr_par' dir='ltr' id='par_1_89' title="bbox 370 5450 1938 5525">
     <span class='ocr_line' id='line_1_89' title="bbox 370 5450 1938 5525; baseline -0.006 -15"><span class='ocrx_word' id='word_1_684' title='bbox 370 5450 565 5510; x_wconf 58' lang='lat' dir='ltr'><strong>situsse</strong></span> <span class='ocrx_word' id='word_1_685' title='bbox 594 5456 860 5507; x_wconf 75' lang='lat' dir='ltr'><strong>Asterium</strong></span> <span class='ocrx_word' id='word_1_686' title='bbox 890 5468 904 5525; x_wconf 69' lang='grc' dir='ltr'>ς</span> <span class='ocrx_word' id='word_1_687' title='bbox 938 5450 1137 5525; x_wconf 77' lang='grc' dir='ltr'>ῥεμϐόν</span> <span class='ocrx_word' id='word_1_688' title='bbox 1170 5450 1668 5525; x_wconf 62' lang='grc' dir='ltr'>ει-περιφοιτητήν,</span> <span class='ocrx_word' id='word_1_689' title='bbox 1698 5450 1938 5525; x_wconf 84' lang='lat' dir='ltr'><strong>quod_de</strong></span> 
     </span>
    </p>
   </div>
   <div class='ocr_carea' id='block_1_90' title="bbox 370 5519 1940 5590">
    <p class='ocr_par' dir='ltr' id='par_1_90' title="bbox 370 5519 1940 5590">
     <span class='ocr_line' id='line_1_90' title="bbox 370 5519 1940 5590; baseline -0.004 -13"><span class='ocrx_word' id='word_1_690' title='bbox 370 5526 465 5583; x_wconf 88' lang='lat' dir='ltr'><strong>illo</strong></span> <span class='ocrx_word' id='word_1_691' title='bbox 504 5525 828 5578; x_wconf 76' lang='lat' dir='ltr'><strong>Athanasius</strong></span> <span class='ocrx_word' id='word_1_692' title='bbox 860 5519 1182 5577; x_wconf 69' lang='lat' dir='ltr'><strong>observavit.</strong></span> <span class='ocrx_word' id='word_1_693' title='bbox 1228 5520 1561 5590; x_wconf 81' lang='grc' dir='ltr'>Περιήρχετο</span> <span class='ocrx_word' id='word_1_694' title='bbox 1594 5519 1692 5581; x_wconf 78' lang='grc' dir='ltr'><strong>τάς</strong></span> <span class='ocrx_word' id='word_1_695' title='bbox 1743 5520 1799 5571; x_wconf 82' lang='grc' dir='ltr'>ὲν</span> <span class='ocrx_word' id='word_1_696' title='bbox 1841 5519 1940 5590; x_wconf 66' lang='lat' dir='ltr'><strong>Eu:</strong></span> 
     </span>
    </p>
   </div>
   <div class='ocr_carea' id='block_1_91' title="bbox 375 5586 1939 5669">
    <p class='ocr_par' dir='ltr' id='par_1_91' title="bbox 375 5586 1939 5669">
     <span class='ocr_line' id='line_1_91' title="bbox 375 5586 1939 5669; baseline -0.005 -22"><span class='ocrx_word' id='word_1_697' title='bbox 375 5597 506 5669; x_wconf 68' lang='grc' dir='ltr'>ρίᾳ,</span> <span class='ocrx_word' id='word_1_698' title='bbox 550 5593 770 5669; x_wconf 32' lang='grc' dir='ltr'>καὶ-τάς</span> <span class='ocrx_word' id='word_1_699' title='bbox 817 5591 976 5656; x_wconf 76' lang='grc' dir='ltr'>ἄλλας</span> <span class='ocrx_word' id='word_1_700' title='bbox 1004 5586 1339 5669; x_wconf 67' lang='grc' dir='ltr'><strong>Δἐκκλησίας,</strong></span> <span class='ocrx_word' id='word_1_701' title='bbox 1382 5586 1487 5643; x_wconf 61' lang='lat' dir='ltr'><strong>ate.</strong></span> <span class='ocrx_word' id='word_1_702' title='bbox 1546 5586 1939 5669; x_wconf 60' lang='lat' dir='ltr'><strong>lterutn,_§aoﬁ</strong></span> 
     </span>
    </p>
   </div>
   <div class='ocr_carea' id='block_1_92' title="bbox 372 5653 1939 5737">
    <p class='ocr_par' dir='ltr' id='par_1_92' title="bbox 372 5653 1939 5737">
     <span class='ocr_line' id='line_1_92' title="bbox 372 5653 1939 5737; baseline -0.008 -17"><span class='ocrx_word' id='word_1_703' title='bbox 372 5653 515 5737; x_wconf 66' lang='grc' dir='ltr'><strong>ἀνῆρ</strong></span> <span class='ocrx_word' id='word_1_704' title='bbox 550 5653 800 5718; x_wconf 77' lang='lat' dir='ltr'><strong>Paulinus</strong></span> <span class='ocrx_word' id='word_1_705' title='bbox 820 5653 1125 5737; x_wconf 52' lang='grc' dir='ltr'>θεμιιιίιιιιε</span> <span class='ocrx_word' id='word_1_706' title='bbox 1164 5653 1523 5737; x_wconf 55' lang='lat' dir='ltr'><strong>i&#39;nnlnsqnam</strong></span> <span class='ocrx_word' id='word_1_707' title='bbox 1554 5662 1768 5737; x_wconf 45' lang='lat' dir='ltr'><strong>caueri;</strong></span> <span class='ocrx_word' id='word_1_708' title='bbox 1783 5658 1847 5710; x_wconf 77' lang='grc' dir='ltr'><strong>Μ.</strong></span> <span class='ocrx_word' id='word_1_709' title='bbox 1872 5688 1939 5697; x_wconf 91' lang='lat'><strong>-</strong></span> 
     </span>
    </p>
   </div>
   <div class='ocr_carea' id='block_1_93' title="bbox 374 5729 1946 5803">
    <p class='ocr_par' dir='ltr' id='par_1_93' title="bbox 374 5729 1946 5803">
     <span class='ocr_line' id='line_1_93' title="bbox 374 5729 1946 5803; baseline -0.006 -11"><span class='ocrx_word' id='word_1_710' title='bbox 374 5729 515 5792; x_wconf 72' lang='lat' dir='ltr'><strong>Iulia</strong></span> <span class='ocrx_word' id='word_1_711' title='bbox 563 5738 719 5803; x_wconf 69' lang='lat' dir='ltr'><strong>vulgo</strong></span> <span class='ocrx_word' id='word_1_712' title='bbox 766 5749 885 5801; x_wconf 89' lang='grc' dir='ltr'>γεγ.</span> <span class='ocrx_word' id='word_1_713' title='bbox 925 5733 1054 5786; x_wconf 85' lang='grc' dir='ltr'>Θεὸν</span> <span class='ocrx_word' id='word_1_714' title='bbox 1088 5751 1145 5786; x_wconf 89' lang='grc' dir='ltr'><strong>π.</strong></span> <span class='ocrx_word' id='word_1_715' title='bbox 1175 5732 1230 5785; x_wconf 73' lang='grc' dir='ltr'>δὲ</span> <span class='ocrx_word' id='word_1_716' title='bbox 1278 5732 1368 5784; x_wconf 76' lang='grc' dir='ltr'><strong>καὶ</strong></span> <span class='ocrx_word' id='word_1_717' title='bbox 1416 5747 1501 5783; x_wconf 85' lang='grc' dir='ltr'><strong>κτ.</strong></span> <span class='ocrx_word' id='word_1_718' title='bbox 1526 5746 1580 5785; x_wconf 86' lang='lat' dir='ltr'><strong>et</strong></span> <span class='ocrx_word' id='word_1_719' title='bbox 1618 5729 1693 5792; x_wconf 80' lang='grc' dir='ltr'>ὡς</span> <span class='ocrx_word' id='word_1_720' title='bbox 1732 5729 1861 5790; x_wconf 87' lang='grc' dir='ltr'>Θεος</span> <span class='ocrx_word' id='word_1_721' title='bbox 1892 5741 1946 5782; x_wconf 84' lang='lat' dir='ltr'><strong>ct</strong></span> 
     </span>
    </p>
   </div>
   <div class='ocr_carea' id='block_1_94' title="bbox 2038 3231 3605 3301">
    <p class='ocr_par' dir='ltr' id='par_1_94' title="bbox 2038 3231 3605 3301">
     <span class='ocr_line' id='line_1_94' title="bbox 2038 3231 3605 3301; baseline 0.006 -18"><span class='ocrx_word' id='word_1_722' title='bbox 2038 3231 2147 3294; x_wconf 91' lang='lat' dir='ltr'><strong>ubi,</strong></span> <span class='ocrx_word' id='word_1_723' title='bbox 2174 3232 2407 3301; x_wconf 88' lang='lat' dir='ltr'><strong>quando,</strong></span> <span class='ocrx_word' id='word_1_724' title='bbox 2457 3243 2508 3285; x_wconf 90' lang='lat' dir='ltr'><strong>et</strong></span> <span class='ocrx_word' id='word_1_725' title='bbox 2551 3233 2617 3285; x_wconf 86' lang='lat' dir='ltr'><strong>ad</strong></span> <span class='ocrx_word' id='word_1_726' title='bbox 2659 3248 2793 3299; x_wconf 89' lang='lat' dir='ltr'><strong>quos</strong></span> <span class='ocrx_word' id='word_1_727' title='bbox 2842 3234 2955 3287; x_wconf 90' lang='lat' dir='ltr'><strong>itet.</strong></span> <span class='ocrx_word' id='word_1_728' title='bbox 2999 3232 3229 3287; x_wconf 84' lang='lat' dir='ltr'><strong>Dimisso</strong></span> <span class='ocrx_word' id='word_1_729' title='bbox 3263 3235 3329 3288; x_wconf 85' lang='lat' dir='ltr'><strong>de</strong></span> <span class='ocrx_word' id='word_1_730' title='bbox 3360 3238 3605 3292; x_wconf 89' lang='lat' dir='ltr'><strong>manibus</strong></span> 
     </span>
    </p>
   </div>
   <div class='ocr_carea' id='block_1_95' title="bbox 2039 3322 3602 3387">
    <p class='ocr_par' dir='ltr' id='par_1_95' title="bbox 2039 3322 3602 3387">
     <span class='ocr_line' id='line_1_95' title="bbox 2039 3322 3602 3387; baseline 0.003 -12"><span class='ocrx_word' id='word_1_731' title='bbox 2039 3322 2228 3376; x_wconf 90' lang='lat' dir='ltr'><strong>iterum</strong></span> <span class='ocrx_word' id='word_1_732' title='bbox 2253 3323 2363 3386; x_wconf 91' lang='lat' dir='ltr'><strong>illo,</strong></span> <span class='ocrx_word' id='word_1_733' title='bbox 2391 3324 2440 3376; x_wconf 88' lang='lat' dir='ltr'><strong>itt</strong></span> <span class='ocrx_word' id='word_1_734' title='bbox 2461 3323 2739 3377; x_wconf 79' lang='lat' dir='ltr'><strong>I&#39;aulinum</strong></span> <span class='ocrx_word' id='word_1_735' title='bbox 2759 3324 2933 3378; x_wconf 91' lang='lat' dir='ltr'><strong>denuo</strong></span> <span class='ocrx_word' id='word_1_736' title='bbox 2957 3326 3311 3387; x_wconf 80' lang='lat' dir='ltr'><strong>convertitur,</strong></span> <span class='ocrx_word' id='word_1_737' title='bbox 3333 3326 3602 3381; x_wconf 88' lang='lat' dir='ltr'><strong>hominem</strong></span> 
     </span>
    </p>
   </div>
   <div class='ocr_carea' id='block_1_96' title="bbox 2039 3411 3607 3485">
    <p class='ocr_par' dir='ltr' id='par_1_96' title="bbox 2039 3411 3607 3485">
     <span class='ocr_line' id='line_1_96' title="bbox 2039 3411 3607 3485; baseline 0.004 -21"><span class='ocrx_word' id='word_1_738' title='bbox 2039 3411 2151 3476; x_wconf 88' lang='lat' dir='ltr'><strong>Dei,</strong></span> <span class='ocrx_word' id='word_1_739' title='bbox 2185 3412 2368 3467; x_wconf 86' lang='lat' dir='ltr'><strong>verbis</strong></span> <span class='ocrx_word' id='word_1_740' title='bbox 2410 3413 2628 3466; x_wconf 83' lang='lat' dir='ltr'><strong>totidem</strong></span> <span class='ocrx_word' id='word_1_741' title='bbox 2660 3412 2997 3483; x_wconf 74' lang='lat' dir='ltr'><strong>scribens[|t</strong></span> <span class='ocrx_word' id='word_1_742' title='bbox 3050 3413 3288 3485; x_wconf 74' lang='lat' dir='ltr'><strong>XXXIII]</strong></span> <span class='ocrx_word' id='word_1_743' title='bbox 3328 3434 3342 3469; x_wconf 90' lang='lat'>:</span> <span class='ocrx_word' id='word_1_744' title='bbox 3383 3435 3401 3467; x_wconf 86' lang='grc'><strong>‹</strong></span> <span class='ocrx_word' id='word_1_745' title='bbox 3446 3417 3607 3472; x_wconf 86' lang='lat' dir='ltr'><strong>Dictis</strong></span> 
     </span>
    </p>
   </div>
   <div class='ocr_carea' id='block_1_97' title="bbox 2044 3503 3608 3573">
    <p class='ocr_par' dir='ltr' id='par_1_97' title="bbox 2044 3503 3608 3573">
     <span class='ocr_line' id='line_1_97' title="bbox 2044 3503 3608 3573; baseline 0.004 -20"><span class='ocrx_word' id='word_1_746' title='bbox 2044 3520 2063 3553; x_wconf 73' lang='grc' dir='ltr'><strong>ι</strong></span> <span class='ocrx_word' id='word_1_747' title='bbox 2105 3503 2252 3557; x_wconf 86' lang='lat' dir='ltr'><strong>hisce</strong></span> <span class='ocrx_word' id='word_1_748' title='bbox 2276 3505 2467 3558; x_wconf 92' lang='lat' dir='ltr'><strong>ductus</strong></span> <span class='ocrx_word' id='word_1_749' title='bbox 2493 3505 2722 3573; x_wconf 84' lang='lat' dir='ltr'><strong>ethujus</strong></span> <span class='ocrx_word' id='word_1_750' title='bbox 2748 3513 2918 3570; x_wconf 88' lang='lat' dir='ltr'><strong>pater,</strong></span> <span class='ocrx_word' id='word_1_751' title='bbox 2952 3503 3227 3571; x_wconf 87' lang='lat' dir='ltr'><strong>Paulinus,</strong></span> <span class='ocrx_word' id='word_1_752' title='bbox 3264 3521 3367 3559; x_wconf 90' lang='lat' dir='ltr'><strong>non</strong></span> <span class='ocrx_word' id='word_1_753' title='bbox 3395 3520 3608 3561; x_wconf 76' lang='lat' dir='ltr'><strong>verezur</strong></span> 
     </span>
    </p>
   </div>
   <div class='ocr_carea' id='block_1_98' title="bbox 2045 3595 3603 3665">
    <p class='ocr_par' dir='ltr' id='par_1_98' title="bbox 2045 3595 3603 3665">
     <span class='ocr_line' id='line_1_98' title="bbox 2045 3595 3603 3665; baseline 0.006 -20"><span class='ocrx_word' id='word_1_754' title='bbox 2045 3613 2065 3645; x_wconf 75' lang='grc' dir='ltr'><strong>ι</strong></span> <span class='ocrx_word' id='word_1_755' title='bbox 2108 3595 2265 3650; x_wconf 89' lang='lat' dir='ltr'><strong>dictis</strong></span> <span class='ocrx_word' id='word_1_756' title='bbox 2279 3605 2334 3649; x_wconf 89' lang='lat' dir='ltr'><strong>et</strong></span> <span class='ocrx_word' id='word_1_757' title='bbox 2353 3596 2565 3665; x_wconf 84' lang='lat' dir='ltr'><strong>scriptis</strong></span> <span class='ocrx_word' id='word_1_758' title='bbox 2589 3597 2829 3665; x_wconf 87' lang='lat' dir='ltr'><strong>protiteri</strong></span> <span class='ocrx_word' id='word_1_759' title='bbox 2861 3596 3416 3651; x_wconf 82' lang='lat' dir='ltr'><strong>interdnmChristnm</strong></span> <span class='ocrx_word' id='word_1_760' title='bbox 3439 3598 3603 3654; x_wconf 87' lang='lat' dir='ltr'><strong>Deum</strong></span> 
     </span>
    </p>
   </div>
   <div class='ocr_carea' id='block_1_99' title="bbox 2045 3688 3605 3757">
    <p class='ocr_par' dir='ltr' id='par_1_99' title="bbox 2045 3688 3605 3757">
     <span class='ocr_line' id='line_1_99' title="bbox 2045 3688 3605 3757; baseline 0.004 -19"><span class='ocrx_word' id='word_1_761' title='bbox 2045 3704 2065 3738; x_wconf 72' lang='grc' dir='ltr'><strong>ι</strong></span> <span class='ocrx_word' id='word_1_762' title='bbox 2110 3702 2231 3742; x_wconf 88' lang='lat' dir='ltr'><strong>esse</strong></span> <span class='ocrx_word' id='word_1_763' title='bbox 2284 3688 2476 3741; x_wconf 86' lang='lat' dir='ltr'><strong>ordine</strong></span> <span class='ocrx_word' id='word_1_764' title='bbox 2544 3688 2880 3751; x_wconf 88' lang='lat' dir='ltr'><strong>secundum;</strong></span> <span class='ocrx_word' id='word_1_765' title='bbox 2952 3688 3311 3757; x_wconf 88' lang='lat' dir='ltr'><strong>eumdemqne</strong></span> <span class='ocrx_word' id='word_1_766' title='bbox 3370 3690 3605 3745; x_wconf 88' lang='lat' dir='ltr'><strong>hmnano</strong></span> 
     </span>
    </p>
   </div>
   <div class='ocr_carea' id='block_1_100' title="bbox 2043 3777 3606 3850">
    <p class='ocr_par' dir='ltr' id='par_1_100' title="bbox 2043 3777 3606 3850">
     <span class='ocr_line' id='line_1_100' title="bbox 2043 3777 3606 3850; baseline 0.004 -19"><span class='ocrx_word' id='word_1_767' title='bbox 2043 3795 2064 3831; x_wconf 74' lang='grc' dir='ltr'><strong>ι</strong></span> <span class='ocrx_word' id='word_1_768' title='bbox 2110 3794 2256 3832; x_wconf 90' lang='lat' dir='ltr'><strong>tnore</strong></span> <span class='ocrx_word' id='word_1_769' title='bbox 2286 3777 2450 3833; x_wconf 91' lang='lat' dir='ltr'><strong>Deum</strong></span> <span class='ocrx_word' id='word_1_770' title='bbox 2474 3781 2709 3850; x_wconf 76' lang='lat' dir='ltr'><strong>genitum</strong></span> <span class='ocrx_word' id='word_1_771' title='bbox 2742 3797 2754 3833; x_wconf 92' lang='lat'><strong>:</strong></span> <span class='ocrx_word' id='word_1_772' title='bbox 2788 3782 3055 3833; x_wconf 82' lang='lat' dir='ltr'><strong>interdum</strong></span> <span class='ocrx_word' id='word_1_773' title='bbox 3101 3796 3228 3833; x_wconf 84' lang='lat' dir='ltr'><strong>vero</strong></span> <span class='ocrx_word' id='word_1_774' title='bbox 3274 3783 3606 3837; x_wconf 86' lang='lat' dir='ltr'><strong>determinat</strong></span> 
     </span>
    </p>
   </div>
   <div class='ocr_carea' id='block_1_101' title="bbox 2045 3872 3603 3943">
    <p class='ocr_par' dir='ltr' id='par_1_101' title="bbox 2045 3872 3603 3943">
     <span class='ocr_line' id='line_1_101' title="bbox 2045 3872 3603 3943; baseline 0.004 -21"><span class='ocrx_word' id='word_1_775' title='bbox 2045 3889 2063 3922; x_wconf 73' lang='grc' dir='ltr'><strong>ι</strong></span> <span class='ocrx_word' id='word_1_776' title='bbox 2112 3872 2255 3926; x_wconf 90' lang='lat' dir='ltr'><strong>illum</strong></span> <span class='ocrx_word' id='word_1_777' title='bbox 2280 3888 2400 3928; x_wconf 89' lang='lat' dir='ltr'><strong>esse</strong></span> <span class='ocrx_word' id='word_1_778' title='bbox 2430 3883 2750 3928; x_wconf 88' lang='lat' dir='ltr'><strong>creaturam.</strong></span> <span class='ocrx_word' id='word_1_779' title='bbox 2788 3873 2949 3943; x_wconf 88' lang='lat' dir='ltr'><strong>quue</strong></span> <span class='ocrx_word' id='word_1_780' title='bbox 3006 3876 3079 3927; x_wconf 89' lang='lat' dir='ltr'><strong>ita</strong></span> <span class='ocrx_word' id='word_1_781' title='bbox 3127 3885 3183 3927; x_wconf 92' lang='lat' dir='ltr'><strong>ut</strong></span> <span class='ocrx_word' id='word_1_782' title='bbox 3213 3890 3334 3930; x_wconf 74' lang='lat' dir='ltr'><strong>esse</strong></span> <span class='ocrx_word' id='word_1_783' title='bbox 3369 3886 3603 3937; x_wconf 86' lang='lat' dir='ltr'><strong>constet.</strong></span> 
     </span>
    </p>
   </div>
   <div class='ocr_carea' id='block_1_102' title="bbox 2046 3964 3603 4034">
    <p class='ocr_par' dir='ltr' id='par_1_102' title="bbox 2046 3964 3603 4034">
     <span class='ocr_line' id='line_1_102' title="bbox 2046 3964 3603 4034; baseline 0.003 -20"><span class='ocrx_word' id='word_1_784' title='bbox 2046 3980 2065 4014; x_wconf 75' lang='grc' dir='ltr'><strong>ι</strong></span> <span class='ocrx_word' id='word_1_785' title='bbox 2118 3965 2393 4017; x_wconf 85' lang='lat' dir='ltr'><strong>sciendum</strong></span> <span class='ocrx_word' id='word_1_786' title='bbox 2434 3974 2517 4018; x_wconf 90' lang='lat' dir='ltr'><strong>est</strong></span> <span class='ocrx_word' id='word_1_787' title='bbox 2545 3964 2692 4018; x_wconf 90' lang='lat' dir='ltr'><strong>illum</strong></span> <span class='ocrx_word' id='word_1_788' title='bbox 2726 3965 2955 4034; x_wconf 66' lang='lat' dir='ltr'><strong>Ancyrae</strong></span> <span class='ocrx_word' id='word_1_789' title='bbox 2988 3966 3263 4020; x_wconf 81' lang='lat' dir='ltr'><strong>nobiscum</strong></span> <span class='ocrx_word' id='word_1_790' title='bbox 3301 3979 3603 4020; x_wconf 82' lang='lat' dir='ltr'><strong>versantem</strong></span> 
     </span>
    </p>
   </div>
   <div class='ocr_carea' id='block_1_103' title="bbox 2047 4052 3600 4126">
    <p class='ocr_par' dir='ltr' id='par_1_103' title="bbox 2047 4052 3600 4126">
     <span class='ocr_line' id='line_1_103' title="bbox 2047 4052 3600 4126; baseline 0.004 -20"><span class='ocrx_word' id='word_1_791' title='bbox 2047 4071 2066 4105; x_wconf 83' lang='grc' dir='ltr'><strong>ι</strong></span> <span class='ocrx_word' id='word_1_792' title='bbox 2106 4052 2433 4123; x_wconf 84' lang='lat' dir='ltr'><strong>aliquando,</strong></span> <span class='ocrx_word' id='word_1_793' title='bbox 2485 4056 2759 4110; x_wconf 88' lang='lat' dir='ltr'><strong>Christum</strong></span> <span class='ocrx_word' id='word_1_794' title='bbox 2816 4058 3140 4126; x_wconf 73' lang='lat' dir='ltr'><strong>przedicasse</strong></span> <span class='ocrx_word' id='word_1_795' title='bbox 3186 4070 3498 4113; x_wconf 89' lang='lat' dir='ltr'><strong>creaturam</strong></span> <span class='ocrx_word' id='word_1_796' title='bbox 3535 4080 3546 4115; x_wconf 95' lang='lat'>:</span> <span class='ocrx_word' id='word_1_797' title='bbox 3581 4080 3600 4112; x_wconf 80' lang='grc' dir='ltr'><strong>ι</strong></span> 
     </span>
    </p>
   </div>
   <div class='ocr_carea' id='block_1_104' title="bbox 2041 4148 3609 4218">
    <p class='ocr_par' dir='ltr' id='par_1_104' title="bbox 2041 4148 3609 4218">
     <span class='ocr_line' id='line_1_104' title="bbox 2041 4148 3609 4218; baseline 0 -15"><span class='ocrx_word' id='word_1_798' title='bbox 2041 4162 2207 4218; x_wconf 85' lang='lat' dir='ltr'><strong>seque</strong></span> <span class='ocrx_word' id='word_1_799' title='bbox 2243 4165 2362 4203; x_wconf 90' lang='lat' dir='ltr'><strong>cum</strong></span> <span class='ocrx_word' id='word_1_800' title='bbox 2393 4163 2458 4203; x_wconf 90' lang='lat' dir='ltr'><strong>eo</strong></span> <span class='ocrx_word' id='word_1_801' title='bbox 2488 4148 2675 4203; x_wconf 86' lang='lat' dir='ltr'><strong>iniisse</strong></span> <span class='ocrx_word' id='word_1_802' title='bbox 2719 4149 3135 4217; x_wconf 79' lang='lat' dir='ltr'><strong>disputationem</strong></span> <span class='ocrx_word' id='word_1_803' title='bbox 3173 4152 3451 4204; x_wconf 90' lang='lat' dir='ltr'><strong>mentitur.</strong></span> <span class='ocrx_word' id='word_1_804' title='bbox 3505 4153 3609 4203; x_wconf 82' lang='lat' dir='ltr'><strong>Ac-</strong></span> 
     </span>
    </p>
   </div>
   <div class='ocr_carea' id='block_1_105' title="bbox 2043 4238 3607 4311">
    <p class='ocr_par' dir='ltr' id='par_1_105' title="bbox 2043 4238 3607 4311">
     <span class='ocr_line' id='line_1_105' title="bbox 2043 4238 3607 4311; baseline 0 -16"><span class='ocrx_word' id='word_1_805' title='bbox 2043 4249 2201 4295; x_wconf 83' lang='lat' dir='ltr'><strong>cusat</strong></span> <span class='ocrx_word' id='word_1_806' title='bbox 2228 4240 2448 4308; x_wconf 89' lang='lat' dir='ltr'><strong>insuper</strong></span> <span class='ocrx_word' id='word_1_807' title='bbox 2481 4240 2623 4294; x_wconf 88' lang='lat' dir='ltr'><strong>hunc</strong></span> <span class='ocrx_word' id='word_1_808' title='bbox 2655 4238 2871 4294; x_wconf 85' lang='lat' dir='ltr'><strong>beatum</strong></span> <span class='ocrx_word' id='word_1_809' title='bbox 2901 4242 3105 4307; x_wconf 80' lang='lat' dir='ltr'><strong>virum,</strong></span> <span class='ocrx_word' id='word_1_810' title='bbox 3132 4244 3284 4311; x_wconf 88' lang='lat' dir='ltr'><strong>quasi</strong></span> <span class='ocrx_word' id='word_1_811' title='bbox 3311 4244 3443 4296; x_wconf 88' lang='lat' dir='ltr'><strong>deos</strong></span> <span class='ocrx_word' id='word_1_812' title='bbox 3474 4244 3607 4295; x_wconf 85' lang='lat' dir='ltr'><strong>tnui-</strong></span> 
     </span>
    </p>
   </div>
   <div class='ocr_carea' id='block_1_106' title="bbox 2046 4331 3607 4396">
    <p class='ocr_par' dir='ltr' id='par_1_106' title="bbox 2046 4331 3607 4396">
     <span class='ocr_line' id='line_1_106' title="bbox 2046 4331 3607 4396; baseline 0.002 -11"><span class='ocrx_word' id='word_1_813' title='bbox 2046 4339 2131 4385; x_wconf 86' lang='lat' dir='ltr'><strong>tos</strong></span> <span class='ocrx_word' id='word_1_814' title='bbox 2160 4332 2457 4386; x_wconf 86' lang='lat' dir='ltr'><strong>statuisset.</strong></span> <span class='ocrx_word' id='word_1_815' title='bbox 2493 4331 2699 4386; x_wconf 71' lang='lat' dir='ltr'><strong>Relicto</strong></span> <span class='ocrx_word' id='word_1_816' title='bbox 2726 4332 2939 4386; x_wconf 90' lang='lat' dir='ltr'><strong>demum</strong></span> <span class='ocrx_word' id='word_1_817' title='bbox 2964 4332 3206 4396; x_wconf 82' lang='lat' dir='ltr'><strong>Paulino,</strong></span> <span class='ocrx_word' id='word_1_818' title='bbox 3234 4335 3429 4387; x_wconf 91' lang='lat' dir='ltr'><strong>iterum</strong></span> <span class='ocrx_word' id='word_1_819' title='bbox 3450 4344 3607 4388; x_wconf 87' lang='lat' dir='ltr'><strong>vacat</strong></span> 
     </span>
    </p>
   </div>
   <div class='ocr_carea' id='block_1_107' title="bbox 2045 4422 3605 4498">
    <p class='ocr_par' dir='ltr' id='par_1_107' title="bbox 2045 4422 3605 4498">
     <span class='ocr_line' id='line_1_107' title="bbox 2045 4422 3605 4498; baseline 0.001 -20"><span class='ocrx_word' id='word_1_820' title='bbox 2045 4422 2272 4479; x_wconf 80' lang='lat' dir='ltr'><strong>Eusebio</strong></span> <span class='ocrx_word' id='word_1_821' title='bbox 2286 4424 2625 4493; x_wconf 77' lang='lat' dir='ltr'><strong>exagitanda,</strong></span> <span class='ocrx_word' id='word_1_822' title='bbox 2647 4424 2894 4493; x_wconf 86' lang='lat' dir='ltr'><strong>inquiens</strong></span> <span class='ocrx_word' id='word_1_823' title='bbox 2908 4424 2992 4496; x_wconf 65' lang='grc' dir='ltr'><strong>[Ιὶ.</strong></span> <span class='ocrx_word' id='word_1_824' title='bbox 3018 4425 3105 4480; x_wconf 81' lang='lat' dir='ltr'><strong>LX</strong></span> <span class='ocrx_word' id='word_1_825' title='bbox 3116 4425 3255 4498; x_wconf 74' lang='lat' dir='ltr'><strong>XIV]</strong></span> <span class='ocrx_word' id='word_1_826' title='bbox 3273 4445 3316 4481; x_wconf 69' lang='grc' dir='ltr'>τι</span> <span class='ocrx_word' id='word_1_827' title='bbox 3331 4428 3443 4480; x_wconf 82' lang='lat' dir='ltr'><strong>Hoc.</strong></span> <span class='ocrx_word' id='word_1_828' title='bbox 3468 4428 3605 4480; x_wconf 86' lang='lat' dir='ltr'><strong>idem</strong></span> 
     </span>
    </p>
   </div>
   <div class='ocr_carea' id='block_1_108' title="bbox 2054 4518 3608 4584">
    <p class='ocr_par' dir='ltr' id='par_1_108' title="bbox 2054 4518 3608 4584">
     <span class='ocr_line' id='line_1_108' title="bbox 2054 4518 3608 4584; baseline 0.005 -16"><span class='ocrx_word' id='word_1_829' title='bbox 2054 4534 2073 4568; x_wconf 81' lang='grc' dir='ltr'><strong>ι</strong></span> <span class='ocrx_word' id='word_1_830' title='bbox 2114 4518 2331 4584; x_wconf 88' lang='lat' dir='ltr'><strong>scripsit</strong></span> <span class='ocrx_word' id='word_1_831' title='bbox 2358 4526 2413 4569; x_wconf 91' lang='lat' dir='ltr'><strong>et</strong></span> <span class='ocrx_word' id='word_1_832' title='bbox 2444 4518 2705 4572; x_wconf 78' lang='lat' dir='ltr'><strong>Eusebius</strong></span> <span class='ocrx_word' id='word_1_833' title='bbox 2728 4518 3097 4581; x_wconf 68' lang='lat' dir='ltr'><strong>Caesariensis,</strong></span> <span class='ocrx_word' id='word_1_834' title='bbox 3142 4521 3386 4574; x_wconf 85' lang='lat' dir='ltr'><strong>eamdem</strong></span> <span class='ocrx_word' id='word_1_835' title='bbox 3422 4520 3608 4575; x_wconf 81' lang='lat' dir='ltr'><strong>fovens</strong></span> 
     </span>
    </p>
   </div>
   <div class='ocr_carea' id='block_1_109' title="bbox 2049 4607 3605 4679">
    <p class='ocr_par' dir='ltr' id='par_1_109' title="bbox 2049 4607 3605 4679">
     <span class='ocr_line' id='line_1_109' title="bbox 2049 4607 3605 4679; baseline 0.003 -20"><span class='ocrx_word' id='word_1_836' title='bbox 2049 4626 2069 4659; x_wconf 77' lang='grc' dir='ltr'><strong>ι</strong></span> <span class='ocrx_word' id='word_1_837' title='bbox 2115 4624 2239 4662; x_wconf 89' lang='lat' dir='ltr'><strong>cum</strong></span> <span class='ocrx_word' id='word_1_838' title='bbox 2274 4607 2496 4662; x_wconf 83' lang='lat' dir='ltr'><strong>Paulino</strong></span> <span class='ocrx_word' id='word_1_839' title='bbox 2528 4621 2583 4663; x_wconf 86' lang='lat' dir='ltr'><strong>et</strong></span> <span class='ocrx_word' id='word_1_840' title='bbox 2608 4624 2637 4662; x_wconf 85' lang='lat' dir='ltr'><strong>a</strong></span> <span class='ocrx_word' id='word_1_841' title='bbox 2679 4610 2781 4664; x_wconf 87' lang='lat' dir='ltr'><strong>tide</strong></span> <span class='ocrx_word' id='word_1_842' title='bbox 2822 4610 3015 4664; x_wconf 85' lang='lat' dir='ltr'><strong>alienis</strong></span> <span class='ocrx_word' id='word_1_843' title='bbox 3043 4611 3109 4664; x_wconf 89' lang='lat' dir='ltr'><strong>de</strong></span> <span class='ocrx_word' id='word_1_844' title='bbox 3136 4611 3241 4664; x_wconf 88' lang='lat' dir='ltr'><strong>Deo</strong></span> <span class='ocrx_word' id='word_1_845' title='bbox 3274 4611 3605 4679; x_wconf 87' lang='lat' dir='ltr'><strong>opinionem.</strong></span> 
     </span>
    </p>
   </div>
   <div class='ocr_carea' id='block_1_110' title="bbox 2051 4699 3604 4770">
    <p class='ocr_par' dir='ltr' id='par_1_110' title="bbox 2051 4699 3604 4770">
     <span class='ocr_line' id='line_1_110' title="bbox 2051 4699 3604 4770; baseline 0.003 -18"><span class='ocrx_word' id='word_1_846' title='bbox 2051 4716 2070 4751; x_wconf 77' lang='grc' dir='ltr'><strong>ι</strong></span> <span class='ocrx_word' id='word_1_847' title='bbox 2118 4699 2348 4769; x_wconf 83' lang='lat' dir='ltr'><strong>Scripsit</strong></span> <span class='ocrx_word' id='word_1_848' title='bbox 2395 4701 2574 4765; x_wconf 89' lang='lat' dir='ltr'><strong>enim,</strong></span> <span class='ocrx_word' id='word_1_849' title='bbox 2612 4716 2716 4755; x_wconf 90' lang='lat' dir='ltr'><strong>non</strong></span> <span class='ocrx_word' id='word_1_850' title='bbox 2762 4703 2914 4770; x_wconf 83' lang='lat' dir='ltr'><strong>quasi</strong></span> <span class='ocrx_word' id='word_1_851' title='bbox 2966 4711 3108 4755; x_wconf 85' lang='lat' dir='ltr'><strong>esset</strong></span> <span class='ocrx_word' id='word_1_852' title='bbox 3134 4702 3281 4755; x_wconf 88' lang='lat' dir='ltr'><strong>solus</strong></span> <span class='ocrx_word' id='word_1_853' title='bbox 3317 4703 3477 4768; x_wconf 85' lang='lat' dir='ltr'><strong>Deus,</strong></span> <span class='ocrx_word' id='word_1_854' title='bbox 3512 4708 3604 4759; x_wconf 87' lang='lat' dir='ltr'><strong>sed</strong></span> 
     </span>
    </p>
   </div>
   <div class='ocr_carea' id='block_1_111' title="bbox 2052 4794 3608 4851">
    <p class='ocr_par' dir='ltr' id='par_1_111' title="bbox 2052 4794 3608 4851">
     <span class='ocr_line' id='line_1_111' title="bbox 2052 4794 3608 4851; baseline 0.004 -8"><span class='ocrx_word' id='word_1_855' title='bbox 2052 4810 2072 4843; x_wconf 72' lang='grc' dir='ltr'><strong>ι</strong></span> <span class='ocrx_word' id='word_1_856' title='bbox 2119 4809 2256 4849; x_wconf 90' lang='lat' dir='ltr'><strong>unus</strong></span> <span class='ocrx_word' id='word_1_857' title='bbox 2307 4803 2452 4849; x_wconf 88' lang='lat' dir='ltr'><strong>esset</strong></span> <span class='ocrx_word' id='word_1_858' title='bbox 2496 4810 2659 4849; x_wconf 83' lang='lat' dir='ltr'><strong>verus</strong></span> <span class='ocrx_word' id='word_1_859' title='bbox 2690 4798 2837 4851; x_wconf 87' lang='lat' dir='ltr'><strong>solus</strong></span> <span class='ocrx_word' id='word_1_860' title='bbox 2874 4797 3031 4850; x_wconf 88' lang='lat' dir='ltr'><strong>Deus.</strong></span> <span class='ocrx_word' id='word_1_861' title='bbox 3088 4794 3240 4850; x_wconf 89' lang='lat' dir='ltr'><strong>Unde</strong></span> <span class='ocrx_word' id='word_1_862' title='bbox 3281 4795 3504 4849; x_wconf 87' lang='lat' dir='ltr'><strong>edoctus</strong></span> <span class='ocrx_word' id='word_1_863' title='bbox 3553 4807 3608 4850; x_wconf 90' lang='lat' dir='ltr'><strong>et</strong></span> 
     </span>
    </p>
   </div>
   <div class='ocr_carea' id='block_1_112' title="bbox 2051 4887 3612 4959">
    <p class='ocr_par' dir='ltr' id='par_1_112' title="bbox 2051 4887 3612 4959">
     <span class='ocr_line' id='line_1_112' title="bbox 2051 4887 3612 4959; baseline 0.002 -19"><span class='ocrx_word' id='word_1_864' title='bbox 2051 4907 2069 4940; x_wconf 74' lang='grc' dir='ltr'><strong>ι</strong></span> <span class='ocrx_word' id='word_1_865' title='bbox 2118 4889 2311 4943; x_wconf 81' lang='lat' dir='ltr'><strong>Asterii</strong></span> <span class='ocrx_word' id='word_1_866' title='bbox 2351 4898 2501 4959; x_wconf 87' lang='lat' dir='ltr'><strong>pater</strong></span> <span class='ocrx_word' id='word_1_867' title='bbox 2540 4888 2815 4956; x_wconf 84' lang='lat' dir='ltr'><strong>Paulinus,</strong></span> <span class='ocrx_word' id='word_1_868' title='bbox 2864 4887 3108 4956; x_wconf 87' lang='lat' dir='ltr'><strong>juniores</strong></span> <span class='ocrx_word' id='word_1_869' title='bbox 3158 4890 3423 4959; x_wconf 89' lang='lat' dir='ltr'><strong>quosdam</strong></span> <span class='ocrx_word' id='word_1_870' title='bbox 3479 4891 3612 4943; x_wconf 74' lang='lat' dir='ltr'><strong>deos</strong></span> 
     </span>
    </p>
   </div>
   <div class='ocr_carea' id='block_1_113' title="bbox 2043 5226 3408 5299">
    <p class='ocr_par' dir='ltr' id='par_1_113' title="bbox 2043 5226 3408 5299">
     <span class='ocr_line' id='line_1_113' title="bbox 2043 5226 3408 5299; baseline -0.007 -14"><span class='ocrx_word' id='word_1_871' title='bbox 2043 5229 2212 5285; x_wconf 89' lang='grc' dir='ltr'>Παυλ.</span> <span class='ocrx_word' id='word_1_872' title='bbox 2240 5246 2303 5299; x_wconf 75' lang='grc' dir='ltr'><strong>τε</strong></span> <span class='ocrx_word' id='word_1_873' title='bbox 2326 5227 2463 5298; x_wconf 79' lang='grc' dir='ltr'>ἔχων</span> <span class='ocrx_word' id='word_1_874' title='bbox 2487 5239 2539 5282; x_wconf 88' lang='lat' dir='ltr'><strong>et</strong></span> <span class='ocrx_word' id='word_1_875' title='bbox 2566 5228 2715 5293; x_wconf 73' lang='grc' dir='ltr'>ὄντος</span> <span class='ocrx_word' id='word_1_876' title='bbox 2748 5228 2905 5299; x_wconf 82' lang='grc' dir='ltr'>μόνου</span> <span class='ocrx_word' id='word_1_877' title='bbox 2934 5229 3026 5281; x_wconf 85' lang='grc' dir='ltr'><strong>τοῦ</strong></span> <span class='ocrx_word' id='word_1_878' title='bbox 3054 5226 3408 5299; x_wconf 11' lang='grc' dir='ltr'>εῑᾲκαὶ-Ἀστ.</span> 
     </span>
    </p>
   </div>
   <div class='ocr_carea' id='block_1_114' title="bbox 2114 5293 3609 5371">
    <p class='ocr_par' dir='ltr' id='par_1_114' title="bbox 2114 5293 3609 5371">
     <span class='ocr_line' id='line_1_114' title="bbox 2114 5293 3609 5371; baseline -0.004 -18"><span class='ocrx_word' id='word_1_879' title='bbox 2114 5302 2224 5371; x_wconf 69' lang='grc'><strong>(27)</strong></span> <span class='ocrx_word' id='word_1_880' title='bbox 2266 5293 2435 5371; x_wconf 54' lang='grc' dir='ltr'>νιιίξςο</span> <span class='ocrx_word' id='word_1_881' title='bbox 2484 5293 2839 5371; x_wconf 24' lang='grc' dir='ltr'>ἢῳάποστξιξι</span> <span class='ocrx_word' id='word_1_882' title='bbox 2886 5296 3320 5371; x_wconf 78' lang='grc' dir='ltr'>άπληκτίσασθαι</span> <span class='ocrx_word' id='word_1_883' title='bbox 3368 5307 3415 5371; x_wconf 70' lang='lat' dir='ltr'><strong>et</strong></span> <span class='ocrx_word' id='word_1_884' title='bbox 3468 5293 3609 5371; x_wconf 79' lang='grc' dir='ltr'>ὥστε</span> 
     </span>
    </p>
   </div>
   <div class='ocr_carea' id='block_1_115' title="bbox 2047 5366 3606 5443">
    <p class='ocr_par' dir='ltr' id='par_1_115' title="bbox 2047 5366 3606 5443">
     <span class='ocr_line' id='line_1_115' title="bbox 2047 5366 3606 5443; baseline -0.005 -18"><span class='ocrx_word' id='word_1_885' title='bbox 2047 5366 2144 5443; x_wconf 76' lang='grc' dir='ltr'><strong>μὲν</strong></span> <span class='ocrx_word' id='word_1_886' title='bbox 2249 5387 2298 5422; x_wconf 90' lang='grc' dir='ltr'>τ.</span> <span class='ocrx_word' id='word_1_887' title='bbox 2326 5366 2469 5443; x_wconf 81' lang='grc' dir='ltr'>λέγοι</span> <span class='ocrx_word' id='word_1_888' title='bbox 2500 5366 2775 5443; x_wconf 12' lang='grc' dir='ltr'>(ὥστ’γοὺκ</span> <span class='ocrx_word' id='word_1_889' title='bbox 2813 5370 2877 5443; x_wconf 78' lang='grc' dir='ltr'>ἄν</span> <span class='ocrx_word' id='word_1_890' title='bbox 2918 5366 3036 5439; x_wconf 64' lang='grc' dir='ltr'>Ιί.)ξ</span> <span class='ocrx_word' id='word_1_891' title='bbox 3086 5384 3247 5438; x_wconf 82' lang='lat' dir='ltr'><strong>porro</strong></span> <span class='ocrx_word' id='word_1_892' title='bbox 3301 5366 3453 5443; x_wconf 68' lang='lat' dir='ltr'><strong>vulgo</strong></span> <span class='ocrx_word' id='word_1_893' title='bbox 3503 5369 3606 5443; x_wconf 52' lang='lat' dir='ltr'><strong>six:</strong></span> 
     </span>
    </p>
   </div>
   <div class='ocr_carea' id='block_1_116' title="bbox 2042 5435 3610 5513">
    <p class='ocr_par' dir='ltr' id='par_1_116' title="bbox 2042 5435 3610 5513">
     <span class='ocr_line' id='line_1_116' title="bbox 2042 5435 3610 5513; baseline -0.005 -17"><span class='ocrx_word' id='word_1_894' title='bbox 2042 5435 2137 5513; x_wconf 77' lang='grc' dir='ltr'>τὴν</span> <span class='ocrx_word' id='word_1_895' title='bbox 2170 5435 2408 5513; x_wconf 59' lang='grc' dir='ltr'>ἡμετέρξ</span> <span class='ocrx_word' id='word_1_896' title='bbox 2441 5435 2515 5513; x_wconf 75' lang='lat' dir='ltr'><strong>et</strong></span> <span class='ocrx_word' id='word_1_897' title='bbox 2542 5442 2693 5513; x_wconf 68' lang='lat' dir='ltr'><strong>uncis</strong></span> <span class='ocrx_word' id='word_1_898' title='bbox 2736 5442 2936 5513; x_wconf 53' lang='lat' dir='ltr'><strong>inrlnsa</strong></span> <span class='ocrx_word' id='word_1_899' title='bbox 2969 5435 3119 5513; x_wconf 41' lang='lat' dir='ltr'><strong>om;</strong></span> <span class='ocrx_word' id='word_1_900' title='bbox 3160 5454 3280 5491; x_wconf 78' lang='lat' dir='ltr'><strong>mox</strong></span> <span class='ocrx_word' id='word_1_901' title='bbox 3329 5441 3490 5513; x_wconf 70' lang='lat' dir='ltr'><strong>.vntgo</strong></span> <span class='ocrx_word' id='word_1_902' title='bbox 3514 5435 3610 5513; x_wconf 82' lang='grc' dir='ltr'><strong>τοῦ</strong></span> 
     </span>
    </p>
   </div>
   <div class='ocr_carea' id='block_1_117' title="bbox 2045 5509 3611 5595">
    <p class='ocr_par' dir='ltr' id='par_1_117' title="bbox 2045 5509 3611 5595">
     <span class='ocr_line' id='line_1_117' title="bbox 2045 5509 3611 5595; baseline -0.006 -29"><span class='ocrx_word' id='word_1_903' title='bbox 2045 5509 2173 5566; x_wconf 58' lang='lat' dir='ltr'><strong>Eoo.</strong></span> <span class='ocrx_word' id='word_1_904' title='bbox 2192 5509 2363 5564; x_wconf 71' lang='grc' dir='ltr'>πάλιν</span> <span class='ocrx_word' id='word_1_905' title='bbox 2388 5521 2437 5562; x_wconf 82' lang='lat' dir='ltr'><strong>et</strong></span> <span class='ocrx_word' id='word_1_906' title='bbox 2463 5510 2759 5595; x_wconf 36' lang='grc' dir='ltr'>άπλκοῆσαι</span> <span class='ocrx_word' id='word_1_907' title='bbox 2782 5510 2927 5579; x_wconf 72' lang='grc' dir='ltr'>βούλ.</span> <span class='ocrx_word' id='word_1_908' title='bbox 2954 5524 3001 5563; x_wconf 78' lang='lat' dir='ltr'><strong>et</strong></span> <span class='ocrx_word' id='word_1_909' title='bbox 3038 5510 3254 5595; x_wconf 57' lang='grc' dir='ltr'>ὲξῄχεεν</span> <span class='ocrx_word' id='word_1_910' title='bbox 3272 5524 3283 5536; x_wconf 87' lang='grc'><strong>·</strong></span> <span class='ocrx_word' id='word_1_911' title='bbox 3312 5509 3432 5595; x_wconf 63' lang='lat' dir='ltr'><strong>dein</strong></span> <span class='ocrx_word' id='word_1_912' title='bbox 3459 5509 3611 5575; x_wconf 68' lang='lat' dir='ltr'><strong>vulgo</strong></span> 
     </span>
    </p>
   </div>
   <div class='ocr_carea' id='block_1_118' title="bbox 2045 5577 3611 5652">
    <p class='ocr_par' dir='ltr' id='par_1_118' title="bbox 2045 5577 3611 5652">
     <span class='ocr_line' id='line_1_118' title="bbox 2045 5577 3611 5652; baseline -0.003 -16"><span class='ocrx_word' id='word_1_913' title='bbox 2045 5582 2164 5636; x_wconf 79' lang='grc' dir='ltr'>εἶτα</span> <span class='ocrx_word' id='word_1_914' title='bbox 2201 5582 2297 5651; x_wconf 81' lang='grc' dir='ltr'><strong>μὲν</strong></span> <span class='ocrx_word' id='word_1_915' title='bbox 2335 5597 2384 5652; x_wconf 87' lang='grc' dir='ltr'><strong>τ.</strong></span> <span class='ocrx_word' id='word_1_916' title='bbox 2408 5580 2501 5631; x_wconf 72' lang='grc' dir='ltr'><strong>ἕνα</strong></span> <span class='ocrx_word' id='word_1_917' title='bbox 2536 5580 2596 5652; x_wconf 75' lang='grc' dir='ltr'><strong>Θ.</strong></span> <span class='ocrx_word' id='word_1_918' title='bbox 2624 5577 2676 5631; x_wconf 78' lang='lat' dir='ltr'><strong>et</strong></span> <span class='ocrx_word' id='word_1_919' title='bbox 2705 5577 2964 5652; x_wconf 68' lang='grc' dir='ltr'>κακεῖνος</span> <span class='ocrx_word' id='word_1_920' title='bbox 3009 5595 3055 5631; x_wconf 75' lang='lat' dir='ltr'><strong>et</strong></span> <span class='ocrx_word' id='word_1_921' title='bbox 3104 5577 3276 5650; x_wconf 49' lang='grc' dir='ltr'>ἓῖτὴν</span> <span class='ocrx_word' id='word_1_922' title='bbox 3318 5577 3437 5631; x_wconf 56' lang='lat' dir='ltr'><strong>an.</strong></span> <span class='ocrx_word' id='word_1_923' title='bbox 3460 5617 3477 5642; x_wconf 95' lang='lat'><strong>,</strong></span> <span class='ocrx_word' id='word_1_924' title='bbox 3520 5587 3611 5652; x_wconf 55' lang='lat' dir='ltr'><strong>dt;-</strong></span> 
     </span>
    </p>
   </div>
   <div class='ocr_carea' id='block_1_119' title="bbox 2048 5650 3615 5723">
    <p class='ocr_par' dir='ltr' id='par_1_119' title="bbox 2048 5650 3615 5723">
     <span class='ocr_line' id='line_1_119' title="bbox 2048 5650 3615 5723; baseline -0.003 -17"><span class='ocrx_word' id='word_1_925' title='bbox 2048 5650 2211 5722; x_wconf 62' lang='lat' dir='ltr'><strong>mqute</strong></span> <span class='ocrx_word' id='word_1_926' title='bbox 2268 5651 2418 5718; x_wconf 65' lang='lat' dir='ltr'><strong>\‘ttlgu</strong></span> <span class='ocrx_word' id='word_1_927' title='bbox 2468 5650 2849 5719; x_wconf 78' lang='grc' dir='ltr'>ὁμολογοῦντι,</span> <span class='ocrx_word' id='word_1_928' title='bbox 2906 5652 3254 5723; x_wconf 60' lang='grc' dir='ltr'>μεμοζνάριενὸς</span> <span class='ocrx_word' id='word_1_929' title='bbox 3307 5666 3369 5718; x_wconf 72' lang='grc' dir='ltr'><strong>γε</strong></span> <span class='ocrx_word' id='word_1_930' title='bbox 3414 5661 3466 5702; x_wconf 81' lang='lat' dir='ltr'><strong>et</strong></span> <span class='ocrx_word' id='word_1_931' title='bbox 3518 5650 3615 5702; x_wconf 76' lang='grc' dir='ltr'><strong>νῦν</strong></span> 
     </span>
    </p>
   </div>
   <div class='ocr_carea' id='block_1_120' title="bbox 2048 5741 2227 5777">
    <p class='ocr_par' dir='ltr' id='par_1_120' title="bbox 2048 5741 2227 5777">
     <span class='ocr_line' id='line_1_120' title="bbox 2048 5741 2227 5777; baseline -0.022 0"><span class='ocrx_word' id='word_1_932' title='bbox 2048 5741 2145 5777; x_wconf 71' lang='grc' dir='ltr'><strong>αυτ</strong></span> <span class='ocrx_word' id='word_1_933' title='bbox 2181 5741 2227 5773; x_wconf 92' lang='grc' dir='ltr'><strong>ν.</strong></span> 
     </span>
    </p>
   </div>
  </div>
