4098 6200
455 248 551 303 771
1120 238 1385 297 EUSEBII
1424 230 1890 291 CESARIENSIS
1923 227 2073 286 OPP.
2113 225 2292 284 PARS
2331 226 2415 281 IV.
2457 254 2525 265 --
2563 223 2980 281 DOGMATICA.

3580 223 3680 276 772

458 386 476 416 ι
523 365 820 418 arbitratus
855 371 937 416 est
959 374 1101 415 esse.
1130 377 1148 409 ι
1179 358 1349 423 Quos,
1377 355 1537 409 veluti
1581 353 1647 406 de
1675 349 1778 404 diis
1810 347 2017 417 opinio-

2128 366 2141 397 ι
2186 361 2412 416 γραφεν.
2441 343 2604 396 υὺδέν
2644 341 2751 413 γὰρ
2784 338 3298 413 ωγχωρείὁλὲγων·
3334 338 3679 411 Ποιήσωμεν

454 474 549 512 nes
589 458 995 511 iutroducentes
1025 460 1263 512 accusat,
1294 464 1415 502 cum
1442 447 1561 500 Filii
1588 445 1839 498 deitatem
1862 450 2016 509 neget

453 552 588 615 ipse.
632 547 731 613 Qui
762 546 805 598 si
838 543 999 596 verba
1055 539 1354 593 Eusebiana
1388 550 1687 606 proponere
1735 532 2013 594 voluisset,

454 638 805 691 intellexisset
836 630 1020 700 procul
1053 630 1216 683 dubio
1248 641 1351 681 non
1384 626 1472 679 illa
1494 637 1633 687 esse,
1651 637 1771 691 quae
1800 622 2012 674 Patrem

453 728 624 780 solum
652 740 835 779 verum
850 723 1018 775 Deum
1039 720 1366 785 docuissent,
1388 733 1510 773 cum
1530 732 1557 770 a
1578 714 1865 770 Servatorc
1890 728 2015 782 pro-

454 818 618 871 latum
638 818 705 871 sit
735 814 887 880 illud,
904 823 956 867 ut
981 828 1029 867 te
1053 820 1364 882 cognoscant
1383 808 1552 863 solum
1577 823 1749 861 verum
1769 805 1930 858 Deum
1947 802 2015 857 ³⁸.

452 911 582 964 Post
628 906 887 962 nonnulla
940 904 1211 960 subnectit
1274 901 1526 971 inquiens
1587 898 1677 972 [Β.
1734 895 1945 968 XXVII]
1999 915 2011 948 :

459 1022 476 1053 ι
524 1001 766 1069 Namque
812 998 953 1052 unde
1009 996 1102 1051 ille
1142 994 1300 1049 nobis
1335 996 1705 1049 demonstrare
1754 990 1951 1059 poterit
1986 1003 2016 1042 e

384 1118 395 1138 ο
458 1113 477 1146 ι
525 1091 820 1161 Scripturis
855 1090 1060 1151 sacris,
1098 1102 1265 1140 unum
1320 1099 1441 1139 esse
1486 1084 1819 1154 ingenitum,
1852 1097 2014 1135 unum

458 1205 476 1237 ι
524 1187 649 1239 item
677 1182 913 1253 genitum
944 1184 1001 1243 ᾖ
1030 1178 1114 1249 (eo
1144 1177 1304 1231 modo
1334 1176 1590 1229 nimirum
1616 1188 1723 1243 quo
1750 1188 1871 1228 esse
1894 1188 2014 1227 eum

457 1301 475 1331 ι
522 1282 754 1351 genitum
784 1280 883 1349 ipsi
913 1277 1255 1344 autumant),
1279 1291 1400 1330 cum
1430 1274 1814 1343 prophetarum
1841 1272 2014 1324 nullus

458 1391 477 1423 ι
522 1384 616 1425 aut
651 1371 1127 1440 evangelistarum,
1158 1367 1337 1421 nullus
1367 1364 1732 1436 apostolorum
1778 1363 1829 1417 id
1874 1362 2017 1416 amr-

458 1483 476 1515 ‹
524 1464 692 1518 met?»
730 1464 1005 1531 Deinceps,
1049 1476 1155 1515 non
1181 1474 1341 1514 secus
1367 1472 1528 1528 quam
1557 1456 1646 1526 qui
1685 1456 1736 1509 in
1766 1455 2016 1509 certami-

452 1557 610 1611 nibus
640 1553 990 1618 descrihitur,
1026 1552 1093 1607 ad
1131 1565 1348 1605 manum
1390 1564 1511 1603 cum
1549 1548 1799 1602 omnibus
1823 1559 2015 1600 conseo

452 1650 694 1709 rendam,
731 1644 939 1699 confert
965 1659 1023 1699 se
1047 1644 1112 1697 ad
1156 1642 1465 1696 Narcissum
1492 1649 1545 1694 et
1578 1637 1773 1710 ait[R.
1806 1634 2009 1706 LXX]:

457 1754 474 1786 ‹
522 1735 654 1801 Quis
685 1746 862 1788 autem
913 1733 1045 1787 illud
1088 1732 1347 1796 alﬁrmat,
1388 1731 1580 1785 nedum
1614 1730 1923 1791 contendit,
1966 1735 2023 1781 ut
2055 1710 2095 1766 Β

457 1848 474 1880 ι
521 1828 807 1882 Narcissus
841 1827 1059 1882 disertis
1099 1824 1281 1880 verbis
1334 1824 1565 1888 asserit,
1624 1822 1857 1892 primum
1904 1834 2023 1874 esse

459 1938 477 1969 ι
528 1920 714 1982 Deum,
763 1926 818 1970 et
848 1917 1170 1971 secundum.
1220 1912 1335 1967 Non
1384 1923 1535 1967 certe
1576 1911 1863 1967 conﬁrmat
1918 1910 2023 1964 hoc

461 2029 481 2063 ι
527 2014 670 2079 quod
701 2010 922 2073 dicitur,
953 2008 1105 2071 illud,
1153 2005 1438 2060 Faciamus
1484 2006 1744 2059 hominem
1779 2004 1847 2056 ad
1886 2004 2022 2055 ima-

462 2121 479 2152 ι
526 2118 695 2170 gmem
750 2109 981 2152 nostram
1034 2108 1083 2152 et
1126 2098 1521 2151 similitudinem
1571 2095 1638 2126 ⁵⁶¹
1691 2094 1832 2163 (ipse
1873 2094 2017 2147 enim

458 2192 715 2245 Dominus
765 2200 1015 2253 testatur,
1048 2198 1103 2243 et
1153 2190 1346 2258 partim
1392 2188 1693 2241 audivimus
1746 2202 1774 2239 a
1819 2187 2022 2241 sanctis

457 2284 770 2353 Scripturis,
797 2283 921 2352 quia
968 2284 1082 2351 ipse
1119 2281 1390 2350 ipsiusque
1429 2280 1590 2333 Pater
1622 2280 1738 2332 duo
1785 2286 1928 2333 sunt.
1966 2277 2022 2331 Si

456 2392 589 2446 ergo
607 2375 903 2429 Narcissus
926 2374 1128 2427 idcirco
1159 2372 1286 2426 velit
1310 2371 1502 2425 Filium
1533 2385 1563 2423 a
1604 2367 1761 2421 Patre
1786 2367 2022 2436 potentia

458 2467 732 2531 dividere,
784 2465 995 2519 noverit
1040 2464 1163 2531 quia
1222 2462 1308 2516 ille
1356 2460 1445 2530 qui
1498 2459 1716 2526 scripsit
1769 2457 2023 2526 propheta

462 2560 615 2628 quasi
651 2560 788 2613 Dens
828 2558 1023 2611 dixerit
1062 2573 1076 2609 :
1128 2554 1413 2607 Faciamus
1439 2554 1695 2607 hominem
1732 2552 1800 2603 ad
1842 2549 2027 2619 imagi-

463 2671 482 2703 ι
526 2668 638 2706 nem
690 2660 922 2704 nostram
973 2660 1020 2704 et
1073 2647 1512 2715 similitudinem),
1577 2645 1691 2713 ipse
1721 2644 1844 2697 ait:
1889 2660 1907 2693 ι
1956 2640 2023 2695 Et

469 2764 488 2797 ι
531 2744 651 2814 {erit
724 2744 987 2797 hominem
1050 2741 1206 2795 Deus.
1275 2759 1292 2791 ι
1352 2739 1558 2793 Relicto
1616 2736 1907 2800 Narcisso,
1972 2736 2023 2789 in

463 2837 728 2891 Asterium
764 2835 954 2890 scribit
986 2833 1079 2906 [Π.
1120 2830 1303 2904 LXIII]
1348 2849 1411 2885 τι
1455 2831 1631 2886 Unum
1681 2840 1843 2898 atque
1885 2830 2023 2883 idem

464 2946 481 2978 ι
520 2942 637 2981 esse
655 2929 963 2996 pronuntiat
986 2926 1249 2987 Asterius,
1270 2925 1483 2977 Patrem
1509 2922 1843 2976 solummodo
1868 2933 2026 2990 atque

2125 456 2142 488 ι
2184 438 2494 503 ἄνθρωπον
2523 436 2643 487 κατ’
2660 436 2859 488 εἰκόνα
2886 435 3179 503 ἡμετέραν
3200 432 3297 486 καὶ
3320 433 3450 487 καθ’
3479 437 3673 504 ὁμοίω-

2123 548 2141 579 (
2184 544 2289 580 σιν
2302 528 2403 596 (ὅτι
2423 527 2521 596 μὲν
2538 524 2698 588 αὐτὸς
2715 526 2807 579 καὶ
2819 528 2846 578 ὁ
2863 525 3049 597 Πατὴρ
3062 525 3224 578 αὑτοῦ
3238 525 3332 577 δύο
3344 526 3498 588 είσὶν,
3519 526 3685 579 αὑτοῦ

2123 639 2141 670 ι
2183 619 2277 673 τοῦ
2326 617 2531 688 Κυρίου
2569 615 2965 687 μαρτυροῦντος
3018 618 3112 670 καὶ
3159 615 3267 668 τῶν
3326 616 3497 685 ἁγίων
3545 618 3685 689 Γρα-

2123 730 2141 764 ι
2183 712 2299 781 φῶν
2333 714 2396 764 ἐκ
2431 711 2628 783 μέρους
2666 709 2996 780 ἠκούσαμεν.
3047 710 3108 762 Ei
3150 709 3327 761 τοίνυν
3375 708 3687 781 Νάρκισσος

2123 827 2140 857 ι
2178 806 2267 859 διὰ
2305 804 2462 858 τοῦτο
2493 804 2720 873 διαιρεῖν
2756 801 2981 871 δυνάμει
3009 802 3100 853 τὸν
3130 802 3298 870 Λόγον
3329 801 3423 855 τοῦ
3471 802 3687 872 Πατρος

2123 920 2140 951 ι
2180 898 2379 961 ἐθέλοι,
2408 898 2596 967 γνώτω
2624 898 2703 950 ὅτι
2730 898 2758 949 6
2783 895 2994 967 γράψας
3020 902 3300 967 προφήτης
3324 896 3399 959 ὼς
3422 896 3514 949 τοῦ
3546 896 3684 950 Θεοῦ

2123 1016 2140 1048 ι
2181 996 2488 1067 εἰρηκότος·
2538 992 2886 1063 Ποιήσωμεν
2938 994 3249 1059 ἄνθρωπον
3297 991 3421 1044 κατ’
3480 992 3689 1044 εἰκόνα

2123 1107 2141 1139 ι
2182 1088 2471 1157 ἡμετέραν
2525 1086 2624 1139 καί
2675 1085 2803 1139 καθ’
2855 1085 3176 1153 ὁμοίωσιν),
3208 1084 3365 1146 αὐτὸς
3408 1084 3681 1155 γέγραφε·

2123 1200 2140 1230 ι
2179 1179 2288 1233 Καὶ
2314 1178 2600 1245 ἐποίησεν·
2630 1180 2663 1231 ὁ
2684 1177 2826 1243 Θεὸς
2850 1176 2955 1230 τὸν
2987 1175 3314 1245 ἄνθρωπον.
3347 1194 3365 1227 ι
3386 1175 3495 1228 Καὶ
3519 1193 3685 1246 μετα-

2118 1271 2218 1333 ϐὰς
2241 1270 2348 1323 ἀπὸ
2376 1270 2685 1341 Ναρκίσσου
2720 1270 2812 1322 ἐπὶ
2835 1270 2925 1321 τὸν
2958 1269 3249 1339 Ἀστέριον,
3271 1266 3441 1320 ταῦτα
3462 1269 3684 1338 γράφειο

2123 1380 2141 1411 ι
2188 1362 2283 1414 ’Ἑν
2332 1362 2440 1432 γὰρ
2479 1357 2617 1414 εἶναι
2655 1362 2748 1414 καὶ⁷
2792 1361 2988 1414 ταύτὸν
3036 1362 3307 1432 Ἀστέριος
3350 1360 3491 1414 κατὰ
3528 1360 3686 1414 τοῦτο

2124 1472 2141 1504 ι
2168 1454 2498 1523 ⁸ἀπεφήνατο
2533 1453 2689 1523 μόνον
2728 1452 2816 1505 τὸν
2869 1452 3087 1523 Πατέρα
3123 1454 3217 1507 καὶ⁹
3250 1453 3339 1506 τὸν
3378 1454 3523 1517 Υἱὸν,
3560 1453 3685 1506 καθ’

2124 1564 2141 1595 ι
2181 1544 2208 1597 ὃ
2239 1546 2295 1597 ἐν
2326 1546 2459 1597 πᾶσι
2489 1544 2887 1615 συμφωνοῦσιν.
2922 1545 3078 1597 Οῦτω
3122 1546 3230 1617 γὰρ
3275 1546 3407 1616 ἔφη·
3451 1546 3559 1600 Καὶ
3597 1546 3689 1600 διὰ

2124 1655 2141 1686 ‹
2184 1636 2282 1707 τὴν
2317 1637 2375 1689 ἐν
2405 1639 2537 1690 πᾶσι
2559 1636 2733 1705 λόγοις
2778 1654 2835 1688 τε
2868 1637 2962 1689 καὶ
3009 1637 3189 1708 ἔργοις
3227 1637 3425 1709 ἀκριϐῆ
3460 1654 3689 1707 συμφω-

2129 1747 2148 1779 ι
2184 1730 2320 1793 νίαν,
2365 1729 2509 1798 Ἐγὼ
2536 1730 2631 1782 καὶ
2673 1732 2706 1783 ὁ
2734 1730 2934 1797 Πατὴρ
2978 1730 3047 1783 ἓν
3075 1730 3279 1798 ἐσμεν.
3324 1750 3341 1781 ι
3378 1732 3485 1784 Καὶ
3518 1731 3689 1782 Εὐσε-

2124 1821 2238 1873 ϐίου
2273 1820 2430 1873 πάλιν
2454 1819 2985 1889 καθάπτεται.λεγων
3009 1838 3022 1850 ·
3055 1839 3071 1871 t
3110 1822 3425 1893 Ἄνθρωπον
3454 1820 3560 1892 γάρ
3591 1819 3687 1875 τὸν

2129 1933 2147 1966 ι
2190 1915 2417 1987 Σωτῆρα
2454 1910 2590 1967 εἶναι
2625 1912 2887 1983 βούλεται.
2932 1914 3097 1985 Δῆλον
3128 1915 3183 1967 δὲ
3226 1915 3317 1983 ἀφ’
3346 1909 3419 1968 ὧν
3450 1914 3689 1986 πανούρ-

2128 2027 2145 2059 ι
2186 2026 2295 2077 γως
2345 2008 2414 2061 τὰ
2449 2008 2541 2061 τοῦ
2577 2009 2893 2062 Ἀποστόλου
2946 2008 3083 2079 ῥητὰ
3133 2008 3388 2072 Εὐσέϐιος
3437 2008 3570 2081 πρὸς
3626 2009 3690 2063 τὸ

2129 2119 2147 2150 s
2186 2100 2375 2154 ἑαυτοῦ
2420 2102 2717 2172 μετήνεγκε
2762 2100 3023 2172 βούλημα.
3081 2101 3166 2166 Ὠς
3203 2101 3309 2172 γὰρ
3348 2104 3413 2154 ἐκ
3452 2101 3690 2165 παλαιᾶς

2130 2212 2146 2243 ι
2188 2210 2327 2254 τινος
2347 2191 2552 2256 ὠδῖνος,
2576 2194 2835 2263 μεγίστην
2859 2194 3167 2264 ἀποκυῆσαι
3191 2192 3504 2264 βουλόμενος
3526 2192 3691 2263 βλασ-

2129 2301 2146 2333 ι
2187 2283 2415 2354 φημίαν,
2452 2283 2663 2353 ἐξέχεεν
2711 2285 2819 2336 ἀπὸ
2855 2284 2947 2336 τοῦ
3020 2284 3148 2337 ἰδίου
3204 2284 3495 2355 θησαυροῦ,
3546 2284 3692 2338 κατὰ

2131 2398 2146 2429 ι
2186 2380 2282 2450 τὴν
2314 2380 2406 2433 τοῦ
2454 2379 2703 2447 Σωτῆρος
2754 2380 2929 2450 ῥῆσιν,
2965 2378 3025 2431 τὸ
3068 2377 3320 2449 πονηρόν.
3370 2376 3691 2448 Ἄνθρωπον

2131 2487 2147 2518 ι
2176 2456 2294 2541 ’γὰρ
2338 2470 2495 2540 μόνον
2535 2469 2626 2523 τὸν
2657 2469 2881 2539 Σωτῆρα
2910 2467 3076 2532 δεῖξαι
3108 2468 3443 2539 βουλόμενος,
3489 2467 3565 2530 ὡς
3596 2467 3695 2538 μὲ-

2131 2580 2148 2611 ‹
2187 2578 2367 2629 γιστον
2408 2563 2539 2632 ἡμῖν
2588 2561 2891 2633 ἀπόρρητον
2923 2561 3015 2614 τοῦ
3061 2562 3379 2613 Ἀποστόλου
3421 2559 3691 2615 ἀνακαλύ-

2131 2672 2149 2704 ‹
2192 2670 2337 2706 πτων
2383 2654 2699 2725 μυστήριον,
2726 2654 2896 2718 οὕτως
2923 2654 3047 2725 ἔφη·
3083 2655 3174 2707 Διὸ
3200 2656 3511 2724 σαφέστατα
3540 2654 3633 2708 καὶ
3658 2656 3689 2707 6

2131 2767 2148 2797 ι
2189 2744 2328 2811 θεῐϐς
2372 2746 2716 2811 Ἀπόστολος,
2745 2748 2843 2818 τὴν
2867 2748 3169 2819 ἀπόρρητον
3202 2750 3331 2818 ἡμῖν
3371 2749 3463 2800 καὶ
3499 2740 3690 2819 aunt-

2132 2857 2149 2888 ι
2188 2838 2288 2909 κὴν
2326 2840 2643 2911 παραδιδοὺς
2670 2839 2962 2907 θεολογίαν,
3007 2840 3103 2910 βοᾷ
3129 2840 3219 2893 καὶ
3247 2839 3549 2911 κέκραγεν·
3584 2834 3691 2905 Εἷς

2132 2948 2149 2980 ι
2196 2934 2227 2983 ό
2246 2932 2404 2997 Θεός.
2426 2927 2555 2985 Εἶτα
2582 2933 2719 3004 μετὰ
2737 2933 2827 2986 τὸν
2847 2932 2942 2985 ἕνα
2958 2931 3086 2985 Θεόν
3112 2949 3293 3002 φησιν’
3323 2928 3690 3001 Εἷςμεσίτης

464 3034 481 3064 ι
524 3014 715 3067 Filium
774 3015 825 3067 in
878 3030 943 3068 eo
989 3013 1131 3083 quod
1190 3029 1283 3083 per
1331 3012 1510 3065 omnia
1574 3013 1918 3066 consentiant
1969 3020 2022 3065 et

2131 3038 2149 3071 ι
2191 3021 2337 3075 Θεοῦ
2360 3022 2454 3074 καὶ
2478 3022 2815 3091 ἀνθρώπων,
2842 3022 3146 3090 ἅνθρωπος
3159 3022 3397 3091 Ἰησοῦς
3413 3022 3692 3091 Χριστός.

464 3124 481 3153 ι
528 3105 881 3173 conspirent;
951 3105 1028 3157 ait
1066 3106 1212 3157 enim
1256 3121 1269 3156 :
1324 3090 1552 3171 Propter
1613 3104 2017 3157 exactissimam

464 3214 482 3246 ι
535 3196 677 3248 illam
746 3194 1157 3248 consonantiam
1217 3198 1268 3246 in
1332 3193 1583 3247 omnibus
1641 3194 1800 3246 dictis
1861 3201 2021 3258 atque

466 3304 484 3337 ι
532 3286 706 3349 factis,
762 3285 958 3338 dicitur
986 3302 1001 3339 :
1031 3282 1139 3354 Ego
1172 3294 1217 3337 et
1262 3281 1423 3335 Pater
1469 3298 1629 3335 unum
1663 3297 1839 3335 sumus
1891 3280 1955 3334 ⁸⁷.
1997 3300 2015 3332 ι

460 3379 730 3434 Invehitur
771 3379 962 3433 deinde
1013 3378 1064 3431 in
1119 3376 1407 3431 Eusebium
1459 3377 1530 3428 ita
1560 3374 1649 3446 [Β.
1684 3372 1969 3445 LXXXIX]
2003 3390 2019 3428 :

466 3493 485 3525 ι
534 3472 879 3528 Servatorem
919 3473 1190 3526 hominem
1228 3471 1395 3525 fuisse
1431 3469 1627 3524 docet:
1664 3469 1822 3538 idque
1858 3468 2023 3536 liquet

464 3587 482 3619 ι
536 3567 586 3620 in
634 3582 697 3620 eo
745 3566 886 3633 quod
939 3566 1231 3618 vaferrime
1286 3565 1609 3617 sententiam
1672 3561 2019 3630 apostolicam

463 3678 481 3710 ι
531 3660 765 3713 traducit
796 3658 1063 3711 Eusebius
1097 3658 1164 3711 ad
1192 3671 1341 3711 suam
1374 3656 1708 3709 voluntatem
1744 3652 2020 3706 constabi-

463 3769 484 3803 t
531 3752 785 3806 liendam.
823 3750 997 3804 Veluti
1021 3749 1164 3802 enim
1190 3748 1281 3816 qui
1304 3748 1415 3816 jam
1446 3748 1646 3799 dudum
1672 3746 2019 3813 parturierat,

465 3860 485 3896 ι
534 3854 589 3896 ut
635 3844 686 3896 in
731 3842 901 3895 lucem
944 3839 1339 3908 hlaSphetniam
1370 3837 1695 3890 horrendam
1730 3836 2021 3905 productu-

465 3957 482 3987 ι
534 3952 642 3996 rus,
670 3935 740 3987 ita
772 3934 836 3986 de
876 3948 973 3987 suo
1004 3933 1221 4000 proprio
1251 3930 1502 3983 thesauro
1530 3926 1715 3981 elIudit
1738 3928 2019 3993 malitiam,

465 4046 483 4078 ι
520 4028 673 4096 juxta
696 4027 894 4080 dictum
913 4024 1239 4079 Servatoris.
1261 4022 1501 4090 Namque
1520 4030 1834 4074 ostensurus
1853 4022 2023 4074 homi-

462 4138 482 4170 ‹
534 4133 653 4171 nem
693 4118 864 4172 solum
928 4117 1274 4175 Servatorem
1333 4115 1639 4179 exstitisse,
1698 4129 1805 4168 non
1864 4115 2023 4170 aliter

465 4229 484 4261 ι
530 4226 689 4278 quam
717 4210 808 4279 qui
840 4209 1155 4279 mysterium
1179 4207 1556 4262 absconditum
1587 4206 1829 4277 Apostoli
1858 4208 2025 4259 mani-

463 4322 484 4353 ‹
534 4304 825 4358 l'estnturns
856 4312 994 4368 erat,
1026 4305 1111 4373 ,ita
1163 4303 1339 4372 inquit
1370 4325 1381 4357 :
1415 4302 1751 4371 Quapropter
1799 4302 2025 4371 apertis-

2134 3131 2151 3163 ι
2192 3114 2252 3165 Et
2292 3115 2467 3166 τοίνυν
2513 3115 2792 3186 ἄνθρωπον
2840 3114 3001 3167 αὐτὸν
3052 3111 3187 3167 εἶναι
3216 3132 3379 3185 φησι,
3449 3118 3513 3186 τῇ
3552 3115 3693 3170 κατὰ

2133 3226 2150 3256 ι
2193 3207 2367 3277 σάρκα
2418 3206 2577 3259 αὐτοῦ
2637 3208 2770 3279 μόνῃ
2811 3206 3089 3277 προσέχων
3133 3206 3429 3278 οἰκονομίᾳ,
3474 3208 3691 3271 πάντως

2134 3318 2151 3349 ι
2190 3302 2404 3354 κάκεῖνο
2434 3301 2865 3371 συνομολογεῖτὸ
2897 3303 3029 3372 μηδὲ
3067 3302 3209 3371 ἔχειν
3243 3300 3428 3353 ἐλπίδα
3470 3300 3557 3351 ἐπ’
3592 3298 3689 3350 αὺ-

2133 3410 2149 3441 ι
2189 3393 2299 3444 τόν.
2336 3393 2792 3461 Ἐπικατάρατος
2817 3394 2923 3465 γὰρ
2944 3392 3271 3461 ἅνθρωπος,
3319 3394 3346 3446 6
3403 3390 3685 3460 προφήτης

2134 3501 2150 3533 ι
2187 3482 2447 3554 Ἱερεμίας
2469 3485 2591 3555 ἔφη,
2621 3486 2688 3548 ὃς
2708 3485 3043 3551 τὴνέλπίδα
3069 3486 3192 3553 ἔχει
3216 3484 3675 3553 ἐπ’ἇνθρωπονή

2139 3574 2297 3645 Ὁρᾷς
2329 3575 2474 3637 ὅπως
2514 3576 2547 3643 ἡ
2596 3575 2760 3628 κακία
2799 3575 3113 3643 τυφλώττει.
3150 3574 3332 3629 Ταῦτα
3357 3573 3482 3643 γοῦν
3523 3572 3684 3635 αὐτὸς

2131 3668 2478 3737 μαρτυρήσας
2507 3667 2636 3720 Θεὸν
2681 3667 3022 3736 ὁμολογοῦντι
3062 3669 3149 3721 τὸν
3174 3668 3318 3732 Υίὸν,
3350 3665 3689 3739 μεμφόμενός

2126 3774 2185 3808 τε
2223 3760 2313 3811 ἐπὶ
2341 3758 2532 3829 τούτῳ,
2568 3760 2642 3823 ὡς
2668 3760 2797 3813 Θεὸν
2822 3760 2977 3831 οὐσίᾳ
3016 3761 3104 3813 καὶ
3149 3760 3374 3830 δυνάμει
3410 3758 3694 3829 ὑφεστῶτα

2127 3853 2216 3906 τὸν
2244 3852 2337 3905 τοῦ
2384 3853 2518 3905 Θεοῦ
2558 3854 2724 3921 Λόγον
2757 3853 3045 3921 εἰσάγοντι,
3087 3852 3181 3905 νῦν
3228 3852 3315 3905 τὸν
3343 3851 3505 3906 αὑτὸν
3537 3867 3696 3903 συκο-

2130 3948 2336 4013 φαντεί,
2370 3945 2443 4008 ὡς
2483 3944 2633 4012 ψιλὸν
2676 3945 2957 4014 ἄνθρωπον
2999 3943 3222 4011 λέγοντα
3264 3939 3399 3995 εἶναι
3439 3942 3528 3994 τὸν
3564 3945 3697 4014 Χρι-

2131 4037 2271 4100 στὸν,
2303 4037 2588 4108 προφανῶς
2617 4038 3113 4107 καταψευδόμενος,
3154 4036 3208 4089 ἓν
3256 4053 3312 4089 τε
3359 4030 3438 4099 οἷς
3485 4035 3694 4107 εἴρηκε,

2129 4129 2221 4182 καὶ
2271 4130 2325 4180 ἐν
2367 4124 2446 4192 οἷς
2494 4128 2618 4198 ἑξῆς
2670 4128 2862 4197 ἐπάγει
2900 4126 3053 4191 αὖθις
3111 4128 3236 4198 περὶ
3279 4127 3441 4180 αὐτοῦ
3491 4126 3691 4194 λέγων·

2135 4236 2152 4269 ι
2207 4218 2343 4270 Ἀλλ’
2380 4222 2407 4272 6
2439 4220 2846 4290 προειρημένος,
2889 4219 3090 4289 βραχέα
3122 4220 3229 4271 τῶν
3276 4219 3446 4285 ἁγίων
3485 4235 3695 4289 προεθῇ·-

2136 4330 2152 4361 ι
2192 4311 2298 4364 τῶν
2335 4310 2622 4381 φροντίσας
2641 4352 2654 4374 ,
2678 4311 2752 4373 ὡς
2792 4311 3095 4382 ἀπόρρητόν
3127 4328 3244 4362 τινα
3275 4310 3370 4361 καὶ
3401 4309 3693 4361 λανθάνου-

464 4414 481 4446 ‹
529 4396 665 4449 sime
694 4395 906 4449 divinus
939 4395 1228 4465 Apostolus
1253 4397 1624 4450 absconditam
1659 4406 1711 4450 et
1743 4397 2020 4467 mysticam

2133 4421 2149 4453 ι
2192 4421 2291 4456 σαν
2319 4404 2411 4455 τοῦ
2458 4403 2776 4456 Ἀποστόλου
2821 4404 3095 4470 θεολογίαν
3135 4403 3521 4473 ἐξηγούμενος*
3592 4397 3696 4467 Εἷς

464 4505 483 4538 ι
533 4489 687 4542 nobis
721 4488 1046 4559 theologiam
1090 4488 1454 4555 revelaturus,
1500 4488 1698 4543 clamat
1740 4499 1794 4543 et
1832 4488 2026 4544 vocife-

464 4600 481 4632 ι
534 4592 709 4634 ratur:
732 4574 877 4634 Unus
917 4592 989 4635 est
1031 4581 1168 4635 Deus
1190 4582 1257 4636 ⁵⁸.
1285 4581 1649 4650 Etpostquam
1673 4579 1835 4634 Deum
1860 4596 2022 4634 unum

465 4695 481 4725 ι
530 4690 651 4729 csse
699 4674 1156 4739 couflrmaverat,
1220 4673 1566 4726 Mediatorem
1594 4688 1806 4742 quoque
1860 4690 2021 4726 unum

466 4784 484 4817 ι
536 4764 627 4818 Dei
651 4774 803 4835 atque
829 4767 1094 4818 hominum
1124 4765 1406 4835 constituit
1435 4765 1502 4829 ",
1535 4765 1805 4818 hominem
1839 4765 2020 4819 Jesum

465 4876 483 4908 ι
531 4860 823 4912 Christum.
891 4859 1042 4925 Quod
1105 4860 1149 4914 si
1202 4874 1330 4928 ergo
1388 4858 1659 4912 hominem
1707 4858 1825 4910 ideo
1877 4856 2021 4908 illmn

467 4971 483 5003 ι
524 4953 774 5022 appellet,
811 4954 950 5021 quod
980 4954 1272 5022 respiceret
1293 4968 1435 5017 eam,
1475 4967 1591 5020 qua:
1623 4960 1704 5006 est
1730 4952 2021 5005 secundum

464 5064 483 5096 ι
530 5062 773 5110 carnem,
806 5048 1191 5111 oeconomiam,
1218 5061 1323 5099 non
1352 5054 1526 5113 potest
1567 5044 1680 5097 ﬁeri
1710 5043 1837 5112 quin
1866 5042 2025 5097 simul

466 5153 483 5185 ι
530 5137 843 5204 proﬁteatur
871 5135 980 5201 ille,
1011 5150 1159 5203 spem
1200 5150 1259 5189 se
1303 5133 1500 5187 nullam
1534 5134 1585 5185 in
1618 5147 1682 5187 eo
1716 5132 2002 5187 collocare.

533 5257 590 5312 νζ(
629 5249 725 5302 Ed.
760 5248 958 5312 Paris.,
982 5265 1125 5318 pag.,
1159 5247 1247 5303 28.

526 5319 572 5349 ⁸⁸
601 5318 755 5371 Joan.
790 5334 919 5384 xvu,
958 5315 1010 5373 3.
1054 5315 1151 5351 ’⁸³⁸
1191 5318 1322 5373 Gen.
1351 5334 1393 5381 ι,
1420 5317 1509 5372 26.
1578 5317 1623 5348 ⁸⁷
1649 5316 1804 5371 Joan.
1831 5331 1887 5380 χ,
1919 5316 2007 5370 50.

2156 5315 2174 5368 l
2208 5315 2344 5370 Tim.
2380 5334 2438 5380 ιι,

532 5432 642 5500 (‘28)
682 5431 851 5501 Vulgo
882 5435 1105 5501 ἐκεῖνος,
1152 5436 1239 5489 ed.
1279 5451 1333 5503 p.
1372 5435 1423 5488 in
1461 5450 1602 5489 corr.
1646 5438 1853 5497 ἐκεῖνος
1896 5451 2017 5489 mox

458 5504 615 5573 vulgo
644 5504 924 5576 εὑρηθείς;
959 5506 1081 5559 dein
1127 5504 1233 5574 Mp.
1262 5523 1353 5576 γρ.
1387 5505 1573 5558 τούτου
1606 5506 1744 5576 (loco
1791 5505 2016 5566 τούτων,

459 5586 514 5629 et
548 5575 879 5646 iul’raat'noﬁ
908 5576 1047 5643 (loco
1083 5575 1315 5646 αὐτῶν)ζ
1370 5593 1530 5645 porro
1565 5575 1720 5645 vulgo
1774 5575 2017 5646 βούλημα

460 5646 573 5701 loco
601 5643 917 5715 βουλόμενος
946 5656 1000 5699 et
1028 5645 1092 5699 ἂν
1127 5644 1234 5700 εἷεν
1260 5643 1312 5702 et
1340 5643 1419 5700 ὅτι
1440 5646 1503 5717 δὴ
1520 5647 1629 5699 οὐδ.
1658 5643 1709 5702 τ.
1729 5643 1810 5700 ἀλ.
1840 5643 2028 5717 ἔμελλε
2098 5728 2101 5729 ν

2140 4512 2157 4542 ι
2195 4492 2355 4557 Θεὸς,
2392 4493 2517 4563 ἔφη,
2537 4487 2625 4556 εἷς
2656 4494 2753 4545 καὶ
2776 4495 3027 4562 μεσίτης
3053 4494 3199 4545 Θεοῦ
3222 4493 3317 4545 καὶ
3351 4491 3696 4559 ἀνθρώπων,

2137 4603 2153 4633 ι
2182 4583 2487 4651 ἄνθρωπος
2503 4585 2736 4649 Ἰησοῦς
2753 4586 3021 4651 Χριστός.
3049 4605 3067 4636 ι
3088 4586 3195 4636 Καὶ
3209 4588 3236 4636 6
3251 4584 3422 4636 ταῦτα
3457 4583 3695 4653 γράψας,

2131 4676 2219 4727 καὶ
2255 4674 2456 4743 σφόδρα
2488 4676 2577 4726 ἐπὶ
2628 4674 2704 4745 τῷ
2762 4677 3061 4746 μεμνῆσθαι
3107 4675 3211 4728 τῶν
3246 4675 3472 4747 Γραφιῦν
3529 4690 3701 4743 μεγα-

2128 4766 2358 4835 λαυχῶν,
2393 4767 2491 4818 οὐκ
2525 4767 2821 4837 ἐνενόησεν,
2854 4768 2932 4819 ὅτι
2966 4769 2993 4818 ὁ
3024 4766 3182 4819 τοῦτο
3214 4767 3427 4836 γράψας
3454 4764 3698 4832 ἁγιώτα-

2128 4876 2218 4921 τος
2259 4859 2572 4921 Ἀπόστολος
2620 4860 2712 4911 καὶ
2746 4862 2918 4911 ἐκεῖνο
2953 4860 3063 4928 (28)
3112 4861 3415 4930 γέγραφενο
3478 4861 3575 4922 ⁵·ος
3627 4856 3700 4908 ἐν

2124 4949 2322 5018 μορφῇ
2353 4950 2498 5003 Θεοῦ
2525 4951 2824 5019 ὑπάρχων,
2855 4954 2966 5019 οὐχ
2997 4951 3307 5021 ἁρπαγμὸν
3328 4950 3598 5019 ἡγήσατο
3630 4950 3697 5001 τὸ

2130 5042 2279 5094 εἶναι
2326 5042 2430 5095 ἶσα
2478 5042 2617 5107 Θεῷ,
2663 5042 2796 5095 ἀλλ’
2838 5042 3135 5095 ἐκένωσεν
3164 5043 3410 5102 ἐαυτῢν,
3450 5038 3697 5109 μορφὴν

2113 5132 2334 5187 δούλου
2378 5136 2598 5199 λαϐὼν,
2627 5134 2696 5186 ἐν
2736 5131 3049 5204 ὁμοιώματι
3094 5135 3403 5204 ἀνθρώπου
3446 5134 3693 5204 γενόμε-

2596 5319 2639 5350 ”
2667 5318 2792 5372 ibid.

2119 5447 2170 5489 et
2202 5430 2390 5507 εἷρμον
2417 5446 2464 5509 et
2495 5438 2600 5491 τῶν
2629 5438 2886 5509 ῥημάτων
2945 5442 3058 5492 loco
3104 5439 3387 5508 ῥηματίων
3421 5449 3474 5493 et
3514 5432 3593 5509 εἷς
3635 5435 3690 5488 δέ

2120 5509 2216 5580 καὶ,
2245 5524 2302 5577 μ.
2332 5520 2386 5580 et
2416 5508 2480 5561 δι’
2512 5507 2759 5564 αὑτοῦει
2807 5508 2903 5573 τὰς
2936 5510 2992 5562 ἐν
3038 5507 3188 5580 αὐτῇ
3229 5522 3283 5566 et
3324 5507 3691 5579 πεποιημένας

2120 5576 2155 5629 ἃ
2179 5578 2233 5631 δὲ
2248 5576 2401 5632 κατὰ
2427 5598 2483 5633 π.
2512 5581 2710 5652 τρόπον
2739 5580 2784 5634 δ.
