4098 6200
354 242 447 298 275

1448 245 1727 302 CONTRA
1771 247 2189 306 MABCELLUM
2229 253 2357 308 LIB.
2403 257 2442 312 Ι.

3455 280 3561 329 ἠε

341 379 447 428 νος
499 361 594 414 καὶ
645 361 903 430 σχήματι
946 363 1204 428 εὑρεθεὶς
1253 363 1332 428 ὡς
1378 364 1700 431 ἅνθρωπος.
1749 366 1888 436 Ὁρᾷς

2012 386 2028 416 ι
2080 368 2317 438 Namque
2383 373 2688 429 maledictns
2751 376 2941 444 homo,
2982 379 3246 439 Jcremias
3304 390 3557 458 propheta

336 456 514 517 ὅπως,
542 453 731 527 ὥσπερ
759 452 983 524 προϊδὼν
1031 453 1108 522 τῷ
1152 454 1418 524 πνεύματι
1448 457 1543 525 τὴν
1569 473 1769 510 τουτων
1803 477 1899 510 κα-

335 545 611 616 κουργίαν
653 548 680 598 ὁ
716 545 851 615 ἱερὸς
891 545 1225 606 Ἀπόστολος,
1255 544 1425 609 οὕτως
1462 549 1519 598 ὲν
1546 547 1714 618 ἑτέρῳ
1750 550 1902 619 μέρει

334 639 417 701 τὸ,
447 637 531 702 ὡς
556 637 876 703 ἅνθρωπος,
903 635 1126 706 ἔγραψε,
1148 637 1239 689 καὶ
1263 636 1331 688 ἐν
1354 637 1664 705 ὁμοιώματι
1685 639 1903 706 ἀνθρώ-

337 743 463 780 που
513 728 843 795 γενόμενος,
895 726 979 778 ἵνα
1025 726 1206 796 παύσῃ
1255 727 1432 780 αὐτῶν
1486 730 1584 798 τὴν
1636 730 1900 801 τοσαύτην

342 817 707 888 βλασφημίαν.
749 816 854 869 Καὶ
894 817 1010 887 μεθ’
1041 817 1203 888 ἕτερα
1233 818 1323 871 τὸν
1372 819 1532 872 αὐτὸν
1582 827 1902 891 συκοφαντεί

341 903 446 961 ὧδὲ
482 925 594 970 πως
615 925 626 936 ·
667 927 684 956 ι
717 907 837 969 Πῶς
865 903 958 960 οὖν
989 909 1198 970 τούτοις
1233 909 1305 980 μὴ
1342 910 1590 980 προσχὼν
1624 912 1896 978 Εὐσέϐιος,

353 1018 371 1049 ι
416 999 570 1069 μόνον
596 997 873 1068 ἄνθρωπον
901 998 990 1050 τὸν
1029 999 1250 1070 Σωτῆρα
1275 995 1412 1058 εἶναι
1442 1000 1718 1070 βούλεται;
1754 1023 1772 1055 ι
1824 1007 1898 1058 Ού

346 1089 588 1160 φανερῶς
626 1089 722 1158 μὲν
753 1089 912 1141 τοῦτο
938 1089 1114 1158 λέγειν
1139 1091 1371 1160 τολμῶν,
1418 1091 1574 1146 τοῦτο
1618 1095 1674 1147 δὲ
1720 1096 1900 1165 βουλό.

347 1197 500 1249 μενος
529 1178 630 1232 ὑπὸ
657 1178 762 1230 τῶν
798 1179 940 1232 ἰδίων
966 1180 1241 1250 ἐλέγχεται
1272 1181 1496 1250 ῥήσεων.
1535 1183 1698 1254 Καὶό
1730 1184 1897 1238 ταῦτα

341 1270 502 1322 εἰπὼν
528 1271 615 1322 τὸν
645 1269 804 1321 αὑτὸν
828 1271 1222 1341 κατεμέμφετο,
1254 1272 1328 1334 ὡς
1352 1272 1482 1325 Θεὸν
1501 1274 1896 1346 ἀναγορεύοντα

338 1365 427 1417 τὸν
455 1364 597 1427 Υίὺν,
636 1364 860 1433 γράφων
913 1362 1082 1416 οὕτω·
1126 1364 1326 1417 Διελεῖν
1355 1365 1460 1437 γὰρ
1491 1367 1581 1420 τὸν
1606 1368 1774 1436 Λόγον
1801 1368 1893 1421 τοῦ

334 1456 466 1508 Θεοῦ
494 1455 792 1525 τολμήσας,
835 1456 925 1507 καὶ
963 1455 1144 1526 ἕτερον
1171 1457 1301 1508 Θεὸν
1337 1457 1428 1509 τὸν
1474 1458 1644 1526 Λόγον
1693 1459 1891 1529 ὀνομά-

304 1591 310 1597 -
336 1568 455 1614 σας,
493 1549 652 1620 οὐσίᾳ
683 1566 741 1600 τε
776 1551 866 1602 καὶ
898 1548 1120 1618 δυνάμει
1147 1547 1404 1601 διεστῶτα
1436 1550 1527 1602 τοῦ
1557 1551 1786 1621 ΙΙατρὸς,
1813 1552 1892 1614 είς

253 5793 294 5829 Ι

333 1645 464 1714 ὅσην
497 1641 840 1712 βλασφημίαν
872 1640 1258 1706 ὲκπέπτωκεν;

2011 480 2029 509 ι
2077 464 2242 524 ait“,
2291 467 2379 534 qui
2427 469 2479 520 in
2533 468 2738 523 homine
2785 474 3115 529 collocanerit
3153 493 3292 546 spem
3327 497 3493 536 suam.
3537 505 3556 537 ι

2013 551 2169 608 Vides
2197 563 2253 608 nt
2276 558 2511 613 obcmcat
2539 561 2777 617 homines
2801 565 3024 621 malitia.
3049 566 3180 622 Nam
3205 571 3293 639 qui
3324 575 3562 629 testimo-

2007 647 2152 696 nium
2187 645 2291 700 tale
2325 648 2669 715 perhibuerat
2696 651 2859 707 Deum
2898 654 3093 710 Filium
3121 662 3435 718 conﬁtenti:
3471 668 3560 732 qui

2007 736 2428 804 reprehenderat
2463 754 2582 792 enm
2632 757 2658 793 a
2707 759 2813 810 quo
2865 747 2952 800 Dei
3005 748 3234 804 Verbum
3274 753 3412 807 Dens
3445 768 3563 810 esse

2010 827 2287 883 dicebatur
2305 831 2606 885 substantia
2638 837 2935 892 subsistens
2963 849 3016 892 et
3035 843 3304 911 potentia;
3336 845 3397 904 is.
3420 829 3574 900 idem~

2006 933 2172 982 nunc,
2196 920 2444 974 eumdem
2485 923 2602 978 ideo
2633 938 2872 994 accusat,
2901 931 3053 997 quasi
3096 932 3183 999 qui
3215 939 3408 988 nudum
3438 954 3560 991 esse

2005 1007 2276 1064 hominem
2324 1012 2598 1068 Christum
2630 1017 2841 1072 ditera-t
2870 1036 2884 1072 :
2913 1022 3252 1088 apertissime
3280 1030 3555 1092 mentitus,

2005 1107 2115 1152 tum
2149 1101 2201 1154 in
2234 1101 2351 1156 istis
2388 1104 2458 1157 ita
2491 1106 2702 1174 positis,
2737 1119 2847 1163 tum
2888 1111 2940 1165 in
2984 1113 3087 1167 illis
3136 1129 3254 1182 qua:
3305 1118 3558 1188 deinceps

2003 1191 2241 1245 annectit
2273 1193 2562 1266 dicens[l{.
2590 1197 2743 1270 XC]:
2776 1199 3014 1256 «Verum
3037 1219 3196 1273 supra
3231 1208 3554 1274 nominatus,

2007 1297 2025 1329 ι
2047 1295 2168 1334 cum
2189 1298 2293 1338 non
2310 1288 2486 1356 magni
2509 1287 2709 1344 faceret
2725 1294 3092 1348 sanctissimos
3109 1299 3419 1364 prophetas,
3443 1313 3557 1353 tan-

2005 1391 2025 1423 i
2055 1389 2211 1442 quam
2229 1376 2318 1444 qui
2345 1377 2709 1435 absconditam
2741 1384 2882 1437 illam
2902 1395 2954 1440 et
2977 1376 3296 1443 inetIabilem
3316 1391 3556 1459 Apostoli

2005 1482 2023 1514 ι
2061 1465 2376 1534 theologiam
2407 1469 2873 1539 interpretaretur,
2894 1475 3062 1543 Unus,
3086 1481 3276 1549 inquit,
3302 1483 3440 1538 Deus
3458 1497 3552 1548 est,

2003 1571 2023 1605 ι
2056 1572 2190 1610 unus
2221 1556 2479 1629 Deiatque
2496 1561 2759 1618 hominum
2787 1570 3045 1622 mediator
3069 1574 3220 1626 homo
3239 1573 3395 1628 Jesus
3414 1576 3556 1629 Chri-

1922 1640 1964 1694 B
1996 1663 2014 1695 ι
2051 1658 2160 1702 stus
2177 1649 2242 1702 ⁶¹.
2268 1667 2286 1701 ι
2311 1651 2500 1714 >14ch
2519 1657 2607 1723 qui
2627 1658 2864 1727 scripsit,
2884 1671 2938 1714 et
2960 1662 3305 1719 vehementer
3319 1667 3420 1720 sibi
3449 1668 3567 1743 ipsi.

336 1735 556 1803 placuit,
575 1735 725 1802 quasi
745 1733 1054 1802 Scripturas
1074 1745 1260 1785 omnes
1278 1732 1531 1787 memoria
1557 1741 1764 1800 tenens,
1790 1750 2126 1806 nequaquam
2159 1749 2334 1797 tamen
2359 1745 2634 1814 cogitavit,
2655 1751 2899 1804 eumdem
2923 1753 3014 1819 qui
3049 1754 3148 1808 hoc
3173 1757 3389 1824 scripsit
3415 1759 3552 1813 divi-

339 1843 468 1878 num
499 1826 829 1894 Apostolttm,
859 1835 913 1879 et
946 1824 1076 1878 illttd
1108 1825 1158 1877 in
1184 1824 1386 1892 scripta
1419 1826 1662 1881 retulisse
1693 1845 1706 1881 :
1738 1829 1839 1893 Qui
1866 1846 1982 1882 cum
2009 1831 2063 1884 in
2089 1832 2259 1900 forma
2292 1834 2386 1888 Dei
2413 1837 2703 1905 exsisteret,
2734 1857 2834 1895 non
2862 1843 3149 1897 arbitratus
3188 1859 3260 1898 est
3293 1850 3548 1913 rapinnrm

337 1939 449 1975 esse
473 1920 716 1987 wqunlem
743 1919 868 1981 Deo,
884 1920 971 1972 sed
990 1919 1272 1972 exinanivit
1296 1920 1622 1985 semetipsum
1641 1932 1908 1990 assumpta
1930 1925 2063 1977 servi
2083 1924 2339 1991 {orma,in
2363 1929 2758 1985 similitudinem
2774 1934 2998 1989 hominis
3020 1939 3288 2003 exsistens,
3307 1951 3352 1992 et
3372 1941 3548 2010 ﬁgura

342 2022 572 2081 repertus
595 2018 834 2079 tanquam
865 2009 1014 2063 homo
1033 2010 1100 2064 °'.
1131 2007 1292 2066 Vides
1320 2020 1376 2064 ut
1397 2021 1615 2066 sanctus
1636 2011 1722 2066 hic
1750 2014 2053 2082 Apostolus,
2087 2017 2248 2073 veluti
2277 2021 2364 2089 qui
2389 2023 2579 2091 spiritu
2613 2024 2839 2078 istorum
2867 2026 3266 2097 improbitatem
3299 2007 3548 2101 provide-

345 2113 446 2164 ret,
466 2102 608 2164 alibi,
641 2110 798 2170 atque
826 2100 928 2154 alia
948 2103 998 2154 in
1029 2111 1179 2170 parte
1206 2102 1278 2155 ita
1311 2101 1568 2174 scriptum
1595 2103 1823 2174 reliquit,
1857 2116 2104 2178 tanquam
2125 2110 2299 2179 homo,
2320 2125 2372 2168 et
2393 2115 2446 2169 in
2478 2116 2872 2171 similitudinem
2892 2120 3116 2174 hominis
3142 2100 3419 2186 exsistens,
3440 2140 3546 2194 quo

345 2206 546 2250 tantam
575 2198 765 2252 horum
812 2197 1197 2265 blasphemiam
1237 2214 1582 2270 compescere
1631 2213 1830 2269 posset.
1879 2201 2006 2259 Post
2056 2207 2161 2260 alia
2199 2212 2446 2266 eumdem
2485 2211 2846 2268 calumniatur
2897 2215 3000 2270 isto
3044 2218 3201 2271 modo
3238 2216 3328 2289 [IL
3360 2216 3544 2290 XCI]:

344 2312 362 2342 ι
407 2293 681 2360 Quomodo
708 2294 869 2363 igitur
899 2293 1120 2356 factum,
1153 2301 1210 2347 nt
1237 2294 1498 2352 Eusebius
1532 2312 1652 2353 cum
1685 2298 1750 2352 ad
1779 2299 1878 2354 ista
1912 2317 2016 2356 non
2055 2309 2376 2373 attenderet,
2419 2306 2763 2364 Servatorem
2793 2317 3037 2364 nostrum
3069 2311 3241 2366 solum
3274 2313 3542 2368 hominem

339 2408 357 2439 ι
405 2399 620 2444 exstare
651 2389 1024 2444 contendat?»
1058 2388 1172 2444 Non
1210 2390 1310 2443 hoc
1336 2391 1552 2459 quidem
1581 2409 1746 2447 ausus
1789 2405 1872 2448 est
1908 2407 2092 2464 aperte
2153 2399 2352 2468 profari
2384 2420 2397 2455 :
2457 2412 2514 2455 at
2558 2404 2659 2458 hoc
2691 2397 2693 2399 ’
2724 2404 2960 2461 voluisse
3005 2408 3283 2462 convictus
3335 2417 3546 2464 tenetur

331 2486 444 2538 suis
495 2485 664 2555 ipsius
723 2485 920 2539 verbis.
972 2483 1034 2538 Et
1080 2484 1451 2551 nihilominus,
1509 2487 1598 2555 qui
1635 2488 1714 2542 sic
1754 2505 1873 2543 eum
1914 2505 2153 2559 accusat,
2184 2496 2526 2564 reprehendit
2580 2497 2729 2556 illum
2755 2513 2990 2568 quoque,
3033 2503 3173 2570 quod
3203 2500 3395 2557 Filiutn
3423 2519 3545 2559 esse

333 2576 497 2630 Deum
523 2585 796 2630 asseveret
821 2593 834 2628 :
863 2575 1103 2628 dividere
1134 2575 1346 2642 quidem
1377 2575 1470 2628 Dei
1504 2576 1738 2632 Verbum
1777 2594 1959 2646 ausus,
2016 2593 2071 2637 et
2113 2583 2343 2639 Verbum
2408 2586 2572 2640 Deum
2638 2589 2866 2643 alterum
2923 2591 3226 2657 nominans,
3293 2593 3542 2648 substan-

334 2674 403 2724 tia
434 2681 486 2722 et
515 2671 752 2737 potentia
786 2685 814 2721 a
853 2666 1014 2722 Patre
1052 2666 1409 2735 diﬂ‘erentem,
1444 2670 1495 2722 in
1529 2681 1786 2740 quantam
1821 2674 2008 2730 incidit
2033 2677 2466 2746 blasphemiam?

403 2762 651 2815 Τοσαῦτα
695 2761 785 2813 καὶ
828 2758 1028 2814 τούτων
1058 2759 1137 2812 ἔτι
1173 2760 1364 2831 μακρῷ
1386 2761 1602 2816 πλείονα
1634 2765 1694 2817 ού
1745 2767 1886 2820 κατὰ

2054 2769 2222 2824 Totet
2243 2771 2387 2833 talia,
2408 2781 2462 2826 et
2486 2771 2640 2842 longe
2667 2773 2842 2828 adhuc
2866 2773 3016 2843 plura
3049 2791 3152 2831 non
3187 2776 3238 2830 in
3265 2777 3406 2833 solos
3423 2780 3538 2848 epi-

337 2855 513 2925 μόνων
560 2852 666 2906 τῶν
719 2853 1048 2916 ἐπισκόπων,
1092 2851 1226 2905 ἀλλά
1259 2853 1524 2907 καὶκατὰ
1565 2856 1663 2926 τῆς
1708 2857 1890 2925 ὑγιοῦς

335 2947 431 2999 καὶ
457 2944 900 3018 ὲκκλησιαστικῆς
929 2946 1160 3010 πίστεως
1212 2946 1503 3016 ἐκθέμενος
1553 2949 1886 3020 Μάρκελλος,

331 3038 490 3108 δῆλος
513 3037 578 3090 ἂν
606 3038 690 3106 εἴη
717 3039 900 3102 ὁποίοις
924 3039 1084 3102 αὐτὸς
1110 3039 1317 3110 ὑπῆρχε
1347 3040 1728 3111 προαιρέσεως.
1767 3041 1889 3095 Ὅτι

331 3131 376 3182 δ’
413 3131 563 3184 οὐδὲν
591 3131 687 3200 τῆς
714 3131 962 3202 ἀληθείας
998 3131 1154 3203 ἔμελε
1177 3132 1254 3202 τῷ
1283 3133 1454 3203 ἀνδρὶ,
1488 3133 1674 3203 μάθοις
1704 3134 1770 3187 ἂν
1796 3135 1886 3188 αύ-

329 3227 452 3286 ταῖς
482 3223 712 3294 ἐντυχὼν
744 3227 855 3287 ταῖς
891 3223 997 3277 τῶν
1026 3225 1337 3277 ἐπισκόπων
1365 3225 1690 3292 ἐπιστολαῖς,
1722 3227 1778 3279 ἐν
1799 3221 1886 3290 αἷς

328 3319 580 3389 εὑρήσεις
607 3319 764 3372 αὑτὸν
790 3321 849 3370 τὸ
891 3319 987 3388 μὲν
1027 3319 1130 3370 πᾶν
1173 3317 1331 3388 σῶμα
1363 3317 1463 3387 τῆς
1503 3317 1737 3382 διανοίας
1781 3320 1888 3374 τῶν

327 3409 524 3474 λέξεων
552 3408 1026 3481 ἀκρωτηριάζοντα
1048 3426 1060 3438 ·
1117 3409 1210 3462 καὶ
1237 3410 1328 3462 τὸν
1369 3409 1468 3478 μὲν
1495 3410 1670 3462 πάντα
1702 3411 1886 3482 εἱρμὸν

327 3502 764 3573 ἀποκρύπτοντα,
814 3503 1094 3573 ῥηματίων
1123 3502 1178 3554 δὲ
1214 3501 1760 3574 ἀντιλαμϐανόμενον,
1793 3503 1887 3556 καὶ

327 3594 527 3647 τούτων
553 3593 870 3665 κακούργως
907 3594 1219 3665 ποιούμενον
1255 3595 1351 3666 τὴν
1371 3593 1640 3664 διαϐολήν.
1682 3594 1887 3649 Αὐτίκα

327 3687 456 3754 γοῦν
488 3689 810 3755 συκοφαντεῖ
832 3685 921 3737 τὸν
956 3686 1210 3739 Εύσέϐιον
1239 3689 1303 3740 ὲκ
1334 3685 1428 3740 τοῦ
1457 3686 1782 3758 προφανοῦς,
1812 3686 1886 3750 ὡς

327 3778 477 3847 ψιλὸν
507 3777 789 3848 ἄνθρωπον
829 3777 920 3830 τὸν
950 3777 1182 3848 Χριστὸν
1213 3778 1496 3849 εἰρηκότα·
1550 3777 1734 3848 ἐπειδὴ
1790 3777 1886 3846 τῆς

326 3871 683 3940 ἀτωστολικῆς
706 3869 886 3939 φωνῆς
916 3871 970 3921 ὲν
998 3872 1062 3941 τῇ
1094 3868 1282 3922 ἑαυτοῦ
1311 3868 1561 3938 ἐπιστολῇ
1591 3867 1686 3938 τὴν
1707 3866 1885 3938 παρά-

327 3963 473 4017 θεσιν
505 3963 813 4032 πεποίηται,
867 3963 934 4016 δι’
975 3957 1042 4032 ἦς
1086 3962 1246 4026 αὐτὸς
1293 3959 1443 4013 εἶπεν
1485 3962 1513 4013 ό
1538 3959 1880 4022 Ἀπόστολος·

328 4051 433 4121 Εἷς
458 4055 564 4124 γὰρ
588 4059 620 4110 ό
658 4057 820 4120 Θεός’
854 4049 940 4120 εἷς
975 4054 1043 4106 δὲ
1077 4052 1175 4106 καὶ
1205 4053 1455 4122 μεσίτης
1483 4052 1628 4105 Θεοῦ
1659 4050 1756 4103 καὶ
1781 4051 1884 4104 ἁν-

1989 2878 2180 2933 scopos
2215 2878 2337 2919 cum
2377 2865 2608 2920 eﬂutivit
2650 2867 2954 2932 Marcellus,
2988 2869 3083 2924 sed
3118 2870 3170 2924 in
3210 2871 3378 2940 ipsam
3401 2888 3536 2942 quo-

1987 2970 2090 3023 que
2105 2970 2288 3010 sanam
2315 2967 2370 3010 et
2394 2956 2816 3012 ecclesiasticam
2846 2957 3024 3024 ﬁdem,
3047 2959 3336 3016 manifeste
3359 2963 3538 3018 decla-

1987 3057 2072 3102 rat
2098 3063 2205 3118 quo
2231 3047 2414 3102 animo
2446 3049 2698 3118 praeditus
2723 3058 2779 3103 et
2808 3049 3082 3106 voluntate
3105 3051 3298 3108 fuerat.
3326 3053 3536 3111 Nullam

1989 3156 2115 3194 vero
2146 3155 2330 3195 curam
2371 3141 2444 3195 illi
2488 3141 2731 3197 veritatis
2769 3141 2937 3198 fuisse
2978 3145 3188 3200 discere
3233 3149 3457 3216 poteris,
3491 3150 3534 3205 si

1988 3233 2038 3286 in
2066 3232 2210 3303 ipsas
2241 3233 2526 3303 aliquando
2555 3235 2930 3304 episcoporum
2955 3237 3208 3305 epistolas
3237 3238 3530 3296 incideris:

1986 3324 2228 3380 invenies
2257 3325 2456 3380 etenim
2500 3325 2671 3390 illum,
2716 3341 2912 3395 corpus
2965 3329 3296 3398 universum,
3345 3349 3537 3390 sensus

1985 3428 2038 3471 et
2065 3417 2346 3472 sententia:
2383 3431 2571 3470 earum
2617 3417 2956 3472 delumbasse
3006 3422 3222 3486 seriem,
3265 3425 3533 3482 dictorum

1985 3509 2090 3561 vim
2121 3508 2419 3563 occultasse
2444 3522 2461 3561 :
2486 3508 2646 3562 verba
2681 3511 3000 3578 arripuisse.
3039 3523 3094 3566 et
3137 3525 3354 3582 arrepta
3400 3519 3535 3575 satis

1987 3600 2227 3668 improbe
2265 3600 2648 3654 calumniasse.
2689 3599 2978 3655 Eusebium
3018 3616 3201 3673 aperte
3248 3608 3533 3666 calumniis

1985 3685 2212 3755 impetit,
2241 3688 2393 3757 quasi
2418 3689 2620 3742 diceret
2652 3688 2923 3744 Christum
2969 3705 3087 3748 esse
3119 3698 3318 3750 nudum
3353 3699 3529 3753 homi-

1985 3794 2128 3842 nem,
2161 3780 2280 3834 ideo
2312 3781 2539 3848 quod'in
2576 3782 2804 3850 epistola
2836 3799 2931 3838 sua
2960 3787 3282 3840 sententiam
3314 3800 3530 3857 aposto-

1985 3871 2140 3925 h'cam
2169 3884 2474 3940 nsurparat,
2514 3889 2672 3942 quam
2721 3876 2802 3929 sic
2832 3878 3005 3944 posuit
3031 3878 3319 3946 Apostolus
3343 3900 3357 3935 :
3381 3879 3529 3936 Unus

1982 3964 2162 4018 etenim
2193 3963 2330 4018 Deus
2353 3976 2466 4018 est:
2496 3982 2629 4020 unus
2657 3967 2912 4022 mediator
2937 3968 3033 4023 Dei
3064 3981 3217 4041 atque
3238 3973 3526 4044 hominum,

1983 4055 2132 4109 homo
2155 4056 2307 4110 Jesus
2332 4057 2570 4111 Christus
2597 4058 2661 4111 ⁸³.
2690 4057 2802 4114 [loc
2833 4059 3050 4116 elIatum
3085 4063 3284 4120 idcirco
3316 4079 3529 4136 aposto-

325 4147 588 4214 0pibnwr,
606 4147 902 4214 ἅνθρωπος
924 4144 1162 4213 Ἰησοῦς
1176 4141 1659 4210 Χριστός-,Ταύτην
1683 4143 1779 4211 μὲν
1792 4136 1882 4194 οὖν

1989 4145 2165 4211 licunt,
2203 4157 2452 4217 tanquam
2485 4149 2845 4207 Eusebianum
2874 4165 3132 4209 accusat:
3172 4172 3270 4212 nec
3299 4161 3529 4214 advertit

325 4241 424 4309 τὴν
464 4239 821 4309 ἁποστολικὴν
849 4235 1013 4302 λέξιν,
1048 4235 1246 4289 ὡσανεὶ
1265 4233 1522 4286 Εὑσεϐίου
1551 4229 1734 4297 οὖσαν,
1769 4233 1881 4286 δια-

327 4332 577 4402 ϐέϐληκε·
617 4333 689 4402 μὴ
719 4333 917 4394 συνιεὶς
945 4333 973 4384 ό
1000 4328 1322 4400 σοφώτατος,
1351 4329 1430 4381 ὅτι
1461 4328 1551 4380 τὸν
1568 4327 1880 4382 Ἀπόστολον

327 4423 594 4487 διέϐαλλε,
620 4424 715 4487 τὰς
737 4423 792 4476 δὲ
825 4421 986 4475 αὐτοῦ
1017 4421 1217 4490 φωνὰς,
1249 4420 1346 4483 τὰς
1365 4423 1422 4473 ὲν
1455 4421 1520 4490 τῇ
1549 4419 1684 4490 αὐτῇ
1720 4435 1881 4488 φερο-

328 4516 497 4586 μένας
545 4515 818 4587 ἐπιστολῇ,
849 4514 945 4577 τάς
976 4531 1032 4566 τε
1069 4515 1125 4566 ὲν
1169 4515 1281 4575 τοῖς
1311 4512 1514 4576 λοιποῖς
1552 4510 1714 4564 αὐτοῦ
1758 4528 1882 4579 συγ·

325 4611 634 4679 γράμμασι,
660 4612 768 4672 τοῖς
791 4610 868 4671 εἰς
888 4607 983 4670 τὰς
1013 4607 1159 4671 Θείας
1183 4606 1400 4678 Γραφὰς
1433 4605 1825 4676 πεπονημένοις
1846 4603 1881 4658 δι

323 4699 390 4767 δὴ
412 4697 551 4750 κατὰ
579 4698 751 4750 πάντα
781 4697 939 4750 τόπον
957 4697 1268 4760 διαδέδοται,
1293 4697 1467 4766 σιωπῇ
1505 4694 1846 4765 παραδέδωκε
1863 4712 1878 4726 ο

327 4791 538 4861 κρύψας
567 4794 630 4862 τῇ
659 4793 830 4860 σιωπῇ
860 4789 895 4843 ὃ.
922 4790 994 4860 μὴ
1032 4789 1141 4859 (‘29)
1189 4789 1560 4857 συκοφαντεῖν.
1595 4786 1678 4871 Τὸ.
1695 4787 1876 4857 ὅμοιον

324 4883 371 4937 δ’
415 4883 478 4935 ἂν
509 4881 653 4954 εὖροι
675 4900 756 4944 τις
782 4882 942 4934 αύτὺν
990 4880 1322 4950 πεποιηκότα
1354 4881 1448 4932 καὶ
1497 4879 1588 4932 ἐπὶ
1615 4879 1721 4930 τῶν
1767 4877 1876 4930 λοι-

327 4973 467 5037 πῶν,
501 4967 574 5027 ὧν
601 4973 913 5042 διαϐέϐληκε
958 4973 1325 5043 γραμμάτων·
1377 4971 1411 5024 ἃ.
1447 4970 1532 5039 δὴ,
1565 4969 1720 5036 λόγου
1744 4986 1877 5039 συμ-

331 5067 523 5138 μετρίᾳ
553 5067 870 5138 φειδόμενοι,
894 5067 1004 5127 τοῖς
1031 5063 1267 5116 ἐθέλουσι
1311 5062 1407 5133 τὴν
1440 5060 1642 5114 τούτων
1675 5060 1873 5131 ἀκριϐῆ

327 5157 595 5211 ποιεῖσθαι
659 5156 947 5224 διάγνωσιν
1002 5153 1485 5222 παραχωρήσομεν,
1561 5148 1874 5212 σπεύδοντες

325 5250 479 5304 αὐτοὶ
502 5250 596 5320 τὴν
634 5250 800 5320 αὐτὴν
843 5245 1155 5318 Μαρκέλλου
1190 5243 1424 5315 περὶτοῦ
1448 5241 1574 5295 Υἱοῦ
1608 5241 1700 5294 τοῦ
1739 5240 1871 5293 Θεοῦ

325 5341 650 5409 ξενοφωνίαν
672 5343 772 5412 ἤδη
800 5340 979 5394 λοιπὸν
1029 5335 1386 5405 ἀποκαλύψαι,
1419 5335 1493 5397 ὼς
1538 5333 1602 5386 ἂν
1649 5334 1876 5403 φανερ“.ν

1984 4239 2066 4292 vir
2095 4240 2345 4309 prudens,
2381 4242 2694 4310 Apostolum
2736 4245 2802 4298 ab
2835 4259 2899 4300 eo
2935 4257 3264 4312 accusatum,
3312 4261 3527 4319 propter

1985 4329 2082 4384 has
2114 4345 2272 4385 voces
2307 4332 2508 4400 positas
2547 4333 2597 4386 in
2635 4335 2855 4403 epistola
2884 4335 2992 4402 illa,
3023 4347 3076 4391 et
3112 4339 3238 4394 alibi
3272 4344 3324 4394 in
3357 4342 3528 4410 Operi-

1986 4419 2084 4472 bus
2114 4418 2347 4483 ejusdem
2380 4420 2518 4486 aliis,
2548 4436 2668 4490 qua:
2692 4423 2743 4476 in
2781 4439 2962 4480 sacras
2992 4426 3298 4496 Scripturas
3329 4445 3524 4484 exara-

1988 4509 2099 4572 vit;
2127 4525 2246 4579 quae
2283 4512 2483 4581 ubique
2533 4527 2587 4568 et
2626 4519 2824 4584 passim
2875 4521 3319 4588 depraedicantur,
3357 4529 3414 4587 ἦ(
3453 4527 3526 4579 si-

1975 4601 2142 4657 lentio
2193 4603 2447 4670 involvit;
2497 4606 2585 4661 illa
2637 4608 2871 4664 reticens
2894 4627 3010 4680 qua:
3056 4613 3372 4668 calumniari
3421 4633 3522 4671 non

1977 4704 2204 4763 poterat.
2249 4697 2555 4752 Consimilia
2611 4712 2948 4770 perpetrasse
2997 4705 3141 4758 illum
3189 4706 3314 4760 licet
3339 4709 3524 4762 obser-

1975 4802 2104 4842 vare
2137 4787 2187 4841 in
2213 4789 2421 4844 caeteris
2444 4807 2658 4862 quoque
2709 4795 2926 4864 scriptis
2957 4813 3075 4866 quae
3109 4810 3345 4855 accusat.
3371 4801 3519 4866 Quae,

1979 4892 2045 4932 ne
2070 4880 2243 4934 oratio
2263 4894 2542 4938 excrescat
2565 4883 2618 4938 in
2649 4886 2993 4950 immensum,
3029 4888 3132 4941 illis
3161 4891 3524 4956 permittimus

1976 4973 2368 5038 cognoscenda,
2398 4976 2596 5042 quibus
2636 4978 2842 5031 libitum
2870 4989 2952 5032 est
2985 4981 3230 5034 exactius
3263 4996 3323 5034 ea
3375 4984 3524 5037 inve-

1979 5060 2180 5130 Stigare
2208 5080 2220 5114 :
2248 5077 2312 5116 eo
2359 5067 2745 5121 contendentes
2787 5069 2921 5136 ipsi,
2954 5081 3013 5122 ut
3053 5069 3287 5124 Marcelli
3319 5073 3524 5124 novita-

1979 5161 2084 5205 tem
2119 5154 2184 5207 de
2229 5154 2320 5208 Dei
2361 5154 2499 5210 Filio
2537 5157 2842 5212 inusitatam
2886 5160 2936 5213 in
2984 5169 3228 5230 apertum
3285 5161 3523 5231 profera-

1981 5259 2117 5306 mus,
2155 5245 2224 5298 ita
2267 5256 2321 5302 ut
2373 5248 2673 5319 intelligant
2719 5252 2958 5306 universi
3010 5258 3327 5322 perspicue,
3361 5269 3518 5325 quam

1981 5336 2300 5392 sententiam
2335 5337 2540 5395 fovebat
2571 5341 2616 5397 is
2643 5341 2708 5397 de
2735 5341 2869 5396 Filio
2904 5342 3019 5398 Dei.

324 5438 534 5507 γένοιτο
558 5441 665 5498 τοῖς
686 5438 866 5497 πᾶσιν,
890 5437 1034 5496 ὅπως
1060 5431 1217 5492 αὐτὸς
1243 5430 1454 5500 ἐφρόνει
1476 5428 1600 5501 περὶ
1633 5426 1725 5480 τοῦ
1747 5424 1874 5480 Υἱού
1906 5425 1999 5478 τοῦ
2025 5427 2177 5481 Θεοῦ.

343 5538 356 5544 ⁷
402 5535 459 5591 tis
499 5529 595 5583 Ed.
624 5527 823 5590 Paris.,
857 5543 974 5597 pag.
1015 5524 1199 5597 99-50.

399 5589 446 5630 ⁸³
481 5599 590 5653 Jer.
618 5614 750 5664 svn,
777 5589 830 5652 5⁷.
857 5589 870 5597 ’
903 5589 943 5628 ⁶¹
975 5598 993 5649 l
1028 5596 1145 5648 'l‘im
1177 5611 1234 5656 Il,
1265 5593 1317 5647 5.
1391 5595 1435 5626 τ’
1473 5589 1700 5661 Philipp.
1733 5605 1790 5654 ιι,
1824 5591 1875 5652 6,
1905 5589 1958 5641 7.

400 5690 510 5760 (29)
549 5690 642 5760 Μὴ
672 5686 766 5762 ἦν,
799 5697 888 5743 aut
918 5686 1039 5757 ὲξῆν
1074 5689 1435 5756 συκοφαντεῖν.

2035 5589 2080 5619 ’³
2112 5591 2125 5642 l
2158 5587 2296 5642 Tim.
2327 5605 2384 5652 tt.
2415 5590 2463 5643 5.
