4084 6208
386 261 489 321 ΤΠ

1510 262 1790 321 CONTRA
1829 259 2255 318 MARCELLUM
2297 261 2422 316 ΜΒ.
2468 260 2529 317 ll.

3504 269 3625 328 778‘

379 376 689 448 ἄνθρωπος,
719 377 854 450 μήτε
877 374 1039 443 εἶναι,
1059 380 1193 451 μήτε
1211 383 1630 453 προῦφεστάναι,
1661 383 1797 455 μήτε
1822 382 1930 436 ὃλωη

2059 377 2125 432 sti
2156 377 2406 433 Ecclesia:
2436 378 2683 450 praesedit
2709 394 2726 435 :
2756 396 2949 452 nempe
2989 382 3038 439 is
3085 385 3176 454 qui
3209 384 3381 452 palam
3412 400 3627 440 assere-‘

380 465 605 520 ταῖκιτοτε
635 466 764 520 Υίὸν
795 468 1035 539 ὑπάρξαι
1065 469 1144 541 τῷ
1170 470 1307 541 Θεῷ,
1343 472 1448 543 πρὸ
1472 472 1563 526 τοῦ
1589 472 1845 544 τεχθῆναι
1868 473 1956 527 διὰ

379 558 480 629 τῆς
508 558 807 630 Παρθένου,
834 559 1101 624 δοξάζωνο
1151 563 1311 616 αὑτὸν
1341 563 1396 617 δὲ
1439 564 1597 635 μόνον
1618 562 1757 617 εἶναι
1784 564 1956 633 Λόγον

381 648 629 717 φάσκων,
665 650 887 719 συμφυᾶ
924 649 1001 719 τῷ
1030 650 1169 722 Θεῷ,
1199 652 1381 716 ἀῖδίως
1424 654 1570 724 αὐτῷ
1609 654 1834 707 συνόντα
1862 656 1957 708 καὶ

380 739 679 809 ἡνωμένον,
726 734 838 803 οἶος
890 740 955 794 ἂν
1007 741 1090 812 εἴη
1121 743 1216 796 καὶ
1252 746 1281 796 ὁ
1340 744 1397 796 ὲν
1450 744 1720 816 ἀνθρώπῳ
1776 745 1950 813 λόγος.

381 829 569 900 Τούτῳ
608 830 712 902 γάρ
746 832 907 895 αὐτὸς
949 833 1145 903 χρῆται
1195 833 1274 904 τῷ
1320 837 1740 908 παραδείγματι,
1782 838 1954 906 Λόγον

381 913 522 973 εἶναι
548 923 722 992 φήσας
749 922 896 975 ἔνδον
920 925 977 977 ἐν
1012 924 1162 995 αὑτῷ
1186 926 1265 994 τῷ
1300 926 1439 997 Θεῷ,
1474 929 1604 981 ποτὲ
1632 929 1730 998 μὲν
1757 930 1955 999 ήσυχά-

381 1011 561 1073 ζοντα,
585 1012 712 1065 ποτὲ
740 1012 797 1066 δὲ
829 1030 894 1085 ση
903 1016 1177 1085 μαντικῶς
1192 1017 1533 1089 ἐνεργοῦντα,
1563 1020 1695 1091 μόνῃ
1720 1037 1779 1072 τε
1802 1021 1954 1091 ἐνερ-

379 1103 505 1171 Tela
530 1103 784 1174 προῖόντα
812 1104 907 1157 τοῦ
938 1107 1152 1178 Πατρός
1172 1124 1184 1138 ·
1206 1109 1281 1172 ὡς
1313 1108 1380 1163 ἂν
1400 1111 1494 1164 καὶ
1524 1112 1683 1182 ἡμεῖς
1709 1130 1761 1165 τι
1787 1130 1953 1184 προσ-

372 1195 679 1259 τάττοντες,
714 1199 771 1249 sv
806 1197 884 1269 τῷ
924 1198 1103 1267 λέγειν
1138 1218 1193 1253 τι
1246 1202 1339 1255 καὶ
1386 1201 1586 1267 λαλεῖν,
1634 1206 1951 1276 ὲνεργήσαι-

377 1303 497 1356 μεν.
535 1286 656 1340 Ὀτι
683 1287 731 1340 δ’
763 1288 863 1341 οὐκ
893 1289 956 1342 ἄν
982 1307 1066 1353 τις
1095 1290 1236 1344 οὕτω
1261 1309 1325 1360 γε
1352 1294 1493 1348 εἴποι
1517 1295 1642 1349 Υἱὸν
1674 1292 1812 1350 εἷναι
1860 1298 1949 1351 τὸν

374 1378 716 1446 σημαντικὸν
738 1378 831 1431 καὶ
853 1382 1203 1452 ἐνεργητικὸν
1224 1383 1416 1453 Λόγον,
1445 1387 1607 1441 παντί
1648 1406 1725 1459 τῳ
1766 1388 1945 1459 δῆλον.

381 1468 439 1521 '0
464 1469 523 1522 δὲ
553 1468 710 1522 τοῦτο
733 1470 855 1534 δοὺς
885 1472 979 1524 ἐπὶ
1003 1472 1095 1525 τοῦ
1126 1474 1282 1539 Θεοῦ,
1324 1477 1423 1531 οὐκ
1443 1473 1537 1532 οἶδ’
1564 1479 1709 1542 ὅπως
1732 1480 1824 1534 τὸν
1872 1482 1946 1553 μή

371 1559 663 1627 ὑφεστῶτα
720 1561 891 1629 Λόγον
910 1563 1022 1634 (55)
1052 1564 1153 1634 τὴν
1204 1566 1379 1640 σάρκα
1430 1568 1794 1640 ἀνειληφέναι,
1853 1572 1945 1624 καὶ

370 1649 664 1720 ἐνεργῆσαι
698 1652 755 1705 ὲν
781 1652 915 1724 αὐτῇ
946 1670 1111 1724 φησι·
1148 1657 1239 1709 καὶ
1263 1658 1382 1710 τότε
1418 1657 1651 1729 Χριστὸν
1672 1660 1941 1729 γενέσθαι,

2055 468 2172 532 bat,
2203 468 2399 523 Filium
2443 486 2782 541 nequaquam
2816 473 2902 529 vel
2936 472 3103 531 fuisse
3152 477 3261 531 Deo
3294 475 3378 530 vel
3410 491 3618 545 praeex-

2054 561 2281 625 stitisse,
2338 561 2650 632 priusquam
2718 562 2785 618 de
2829 563 3054 635 Virgine
3102 574 3433 639 nasceretur.
3482 566 3619 620 Tan-

2056 654 2333 708 tummodo
2381 664 2562 715 autem
2610 654 2847 710 Verbum
2899 671 3021 712 esse
3047 656 3196 712 illum
3239 658 3463 722 diceret,
3506 656 3619 712 Deo

2054 744 2425 812 congenitum,
2457 746 2524 799 ab
2582 755 2785 801 aeterno
2837 749 3194 812 coexsistens,
3240 757 3295 803 et
3340 747 3612 803 counitum

2054 831 2185 895 Deo,
2219 841 2276 886 ut
2305 842 2431 901 puta
2476 833 2527 886 in
2557 833 2775 890 homine
2799 836 3022 891 verbum
3049 835 3252 891 assolet
3283 837 3609 891 humanum:

2055 922 2156 977 hoc
2190 921 2389 976 etenim
2424 923 2597 977 utitur
2625 924 2913 994 exemplo:
2948 925 3184 980 Verbum
3219 924 3491 979 allirmans
3526 925 3615 979 in-

2054 1021 2140 1067 tus
2164 1013 2215 1067 in
2250 1013 2358 1067 Deo
2401 1013 2522 1083 ipso
2552 1014 2853 1078 exstitisse,
2891 1015 3174 1084 quiescens
3210 1015 3502 1079 interdum,
3537 1014 3612 1068 si-

2049 1102 2352 1172 gnilicative
2405 1118 2783 1172 nonnunquam
2851 1119 3109 1173 operans,
3150 1106 3462 1175 operatione
3519 1105 3608 1159 illa

2049 1207 2143 1248 sua
2176 1193 2286 1248 sola
2314 1195 2379 1248 de
2412 1193 2572 1249 Patre
2596 1210 2693 1250 suo
2724 1196 2934 1261 exiens,
2954 1195 3402 1267 quemadmodum
3430 1205 3483 1252 et
3513 1212 3610 1250 nos

2051 1284 2267 1353 operari
2299 1288 2533 1339 solemus
2559 1286 2876 1351 scribendo,
2908 1288 3157 1365 dicendo,
3208 1287 3493 1357 loquendo.
3541 1290 3611 1341 At

2047 1379 2321 1434 enimvero
2351 1382 2473 1449 quis
2511 1395 2617 1437 non
2678 1382 2952 1453 intelligit,
2988 1399 3092 1437 non
3124 1398 3241 1437 esse
3265 1383 3603 1437 statuendum

2044 1468 2112 1524 de
2144 1467 2300 1535 Filio,
2339 1471 2490 1526 illum
2520 1472 2585 1527 ad
2623 1472 2783 1527 istum
2814 1475 2985 1529 solum
3036 1476 3253 1528 modum
3288 1473 3605 1544 signiﬁcati-

2043 1575 2169 1615 vum
2207 1561 2440 1616 Verbum
2483 1573 2537 1618 et
2568 1564 2903 1633 operativum
2946 1566 3101 1621 esse?
3149 1565 3362 1634 Quique
3400 1566 3500 1620 hoc
3537 1567 3605 1619 ad

2048 1652 2186 1705 hanc
2234 1650 2463 1706 formam
2515 1654 2569 1708 in
2621 1654 2728 1708 Deo
2782 1655 3235 1719 comminiscitur,
3284 1655 3465 1709 nescio
3499 1669 3609 1724 quo

370 1742 466 1795 καὶ
500 1719 723 1813 Ἰησοῦν,
758 1746 850 1798 καὶ
886 1719 1128 1815 θασιλέα,
1162 1749 1254 1801 καὶ
1302 1719 1484 1803 εἰκόνα
1527 1751 1619 1804 τοῦ
1660 1719 1816 1816 Θεοῦ,
1848 1754 1930 1807 καῚ

2048 1752 2203 1812 pacto
2237 1742 2468 1798 allirmet
2524 1744 2758 1799 Verbum
2799 1747 3021 1802 minime
3052 1746 3353 1802 subsistens
3393 1761 3606 1801 assum-

366 1835 669 1905 ἀγαπητὸν,
690 1837 783 1889 καὶ
800 1837 927 1891 Υίδν
957 1838 1364 1911 δεδοξασμένον,
1396 1843 1488 1896 καὶ
1513 1843 1577 1915 δὴ
1604 1845 1695 1897 καὶ
1722 1846 1941 1917 Πρωτό-

366 1946 522 1981 τοκον
547 1930 726 1999 πάσης
749 1929 996 1994 κτίσεως,
1032 1933 1105 2003 μὴ
1137 1932 1266 1987 ὄντα
1306 1936 1592 2007 πρότερον,
1631 1936 1753 1989 τότε
1795 1938 1944 2006 γενέ-ι

372 2019 517 2083 σθαι,
552 2020 752 2092 καίπερ
784 2022 880 2092 οὐχ
931 2023 1245 2091 ὑφεστῶτα·
1300 2026 1359 2078 τὸ
1400 2025 1457 2078 δὲ
1507 2026 1804 2098 παράδοξον
1844 2027 1938 2081 τοῦ

369 2110 560 2178 Λόγου,
589 2110 852 2182 ἄρξασθαί
879 2130 940 2182 γε
969 2113 1076 2166 ἀπὸ
1103 2116 1467 2187 τετρακοσίων
1492 2117 1612 2170 οὐδὲ
1642 2118 1779 2171 ὅλων
1802 2118 1939 2172 ἐτῶν

368 2200 570 2254 τούτων
597 2203 877 2257 ἁπάντων⁸
909 2206 1002 2257 καὶ
1061 2206 1220 2259 πάλιν
1268 2206 1453 2261 τοῦτον
1491 2209 1701 2279 ἀθρόως
1738 2210 1939 2281 παυθή-

369 2289 556 2343 σεσθαι
586 2291 722 2361 μετὰ
752 2292 843 2345 τὸν
868 2293 969 2363 τῆς
1006 2295 1241 2365 κρίσεως
1286 2297 1475 2369 καιρὸν
1502 2297 1594 2350 τοῦ
1639 2298 1737 2369 μὲν
1763 2300 1934 2368 Λόγου

362 2382 641 2453 ήνωμένου
672 2383 750 2454 τῷ
783 2384 923 2455 Θεῷ,
974 2386 1049 2450 ὠς
1080 2387 1244 2459 μηδὲν
1279 2388 1463 2460 ἓτερον
1496 2386 1632 2444 εἶναι
1676 2390 1812 2462 πλὴν
1839 2392 1933 2445 τοῦ

361 2471 517 2537 Θεοῦ,
544 2473 645 2544 τῆς
674 2474 731 2527 δὲ
761 2476 983 2548 σαρκὸς,
1012 2470 1080 2548 ἦς
1103 2468 1411 2547 ἀνείληφεν,
1445 2480 1651 2551 ἐρήμου
1685 2481 1935 2534 καταλει-

361 2562 707 2634 φθησομένης
744 2565 848 2618 ὑπὸ
875 2564 971 2619 τοῦ
1017 2568 1216 2635 Λόγου,
1241 2568 1317 2631 ὡς
1369 2570 1505 2639 μήτε
1552 2569 1645 2622 τὸν
1684 2570 1810 2623 Υἱὸν
1838 2570 1931 2624 τοῦ

360 2653 495 2707 Θεοῦ
542 2673 668 2709 ποτε
696 2657 1010 2727 ὑφεστάναι,
1048 2659 1184 2730 μήτε
1220 2659 1313 2711 τὸν
1338 2659 1465 2712 Υίὸν
1492 2660 1585 2713 τοῦ
1622 2661 1929 2733 ἀνθρώπου,

363 2746 428 2799 ὃν
478 2746 753 2819 ἀνείληφε.
806 2750 914 2802 Καὶ
958 2749 1015 2803 δὲ
1066 2752 1145 2813 είς
1181 2748 1338 2804 τοῦτο
1389 2751 1539 2815 τέλος
1569 2754 1931 2824 καταστρέφει

361 2832 551 2905 ὥσπερ
581 2839 996 2909 κεκωφωμένος,
1036 2840 1129 2892 καὶ
1159 2841 1296 2911 μήτε
1322 2840 1415 2893 τοῦ
1439 2842 1670 2911 ἀγγέλου
1696 2843 1933 2915 Γαϐριὴλ

361 2924 609 2989 ἀκούων,
662 2927 1142 3010 εὐαγγελιζομένου
1194 2930 1293 3002 τὴν
1343 2931 1602 2987 Θεοτόκον
1650 2935 1836 3003 σαφῶς
1870 2952 1929 2988 τε

361 3017 456 3071 καὶ
486 3016 772 3091 διαρρήδην
799 3021 924 3091 περὶ
952 3021 1046 3076 τοῦ
1084 3024 1142 3090 ἐξ
1183 3023 1354 3095 αὐτῆς
1378 3025 1799 3096 τεχθησομένου,
1832 3028 1924 3079 καὶ

358 3107 426 3160 ὲκ
472 3108 779 3180 σπέρματος
828 3113 989 3166 Δασὶδ
1038 3115 1178 3169 κατά
1226 3117 1404 3188 σάρκα
1441 3117 1921 3190 προελευσομένου,

359 3196 687 3266 φάσκοντοςο
725 3200 868 3255 Ἰδοὺ
908 3202 1207 3273 συλλήψει
1247 3205 1318 3257 ἐν
1362 3207 1595 3276 γαστρὶ,
1643 3207 1740 3261 καὶ
1782 3208 1924 3278 τέξῃ

356 3293 513 3354 υἱὸν,
571 3293 668 3345 καὶ
726 3298 1007 3361 καλέσεις
1048 3297 1111 3349 τὸ
1172 3297 1359 3367 ὄνομα
1417 3300 1603 3354 αὐτοῦ
1664 3302 1918 3369 Ἰησοῦν.

359 3380 548 3452 Οὗτος
568 3384 739 3439 ἔσται
761 3387 969 3458 μένας,
1011 3388 1107 3443 καὶ
1146 3390 1273 3456 υἱὸς
1311 3390 1589 3461 Ὑψίστου
1622 3395 1924 3463 κληθήσε-

352 3492 475 3529 ται·
508 3477 606 3532 καὶ
654 3477 832 3532 δώσει
877 3478 1036 3544 αὐτῷ
1066 3482 1281 3548 Κύριος
1317 3485 1351 3536 ὀ
1390 3481 1534 3549 Θεὸς
1573 3484 1680 3537 τὸν
1712 3488 1926 3554 θρόνον

352 3568 532 3622 Δαόιδ
563 3568 670 3623 τοῦ
696 3570 911 3638 πατρὸς
938 3572 1144 3637 αὐτοῦ,
1198 3574 1295 3627 καὶ
1316 3576 1675 3639 βασιλεύσει
1705 3578 1802 3630 ἐπὶ
1820 3578 1926 3631 τὸν

352 3653 521 3712 οἷκον
549 3657 749 3712 Ἰακὼϐ
780 3662 868 3726 εἰς
909 3660 1051 3727 τοὺς
1076 3660 1315 3729 αἰῶνας,
1339 3664 1437 3717 καί
1464 3661 1573 3731 τῆς
1601 3664 1923 3732 βασιλείας

352 3747 540 3802 αὑτοῦ
574 3750 684 3803 οὐκ
719 3736 888 3804 ἔσται
916 3750 1106 3818 τέλος.
1141 3754 1292 3824 Μήτε
1324 3754 1520 3826 Δανιὴλ
1558 3754 1652 3808 τοῦ
1687 3755 1922 3825 μεγάλου

353 3840 630 3912 προφήτου
653 3840 751 3905 τὰς
780 3842 961 3911 φωνὰς
1002 3844 1223 3907 συνιεὶς,
1249 3845 1388 3898 αὐτά
1434 3845 1602 3897 ταῦτα
1632 3847 1922 3917 σφραγιζο-

353 3931 539 4001 μένου,
568 3932 637 3985 δι’
668 3926 741 3985 ὧν
772 3934 828 3986 ὲν
856 3933 982 4005 θείῳ
1012 3934 1289 4005 Πνεῦματι
1314 3935 1561 4005 διεφώνει
1586 3937 1775 4005 λέγων·
1811 3939 1919 3992 Καὶ

352 4022 481 4075 ἰδοὺ
520 4024 670 4092 μετὰ
713 4024 829 4077 τῶν
862 4026 1133 4095 νεφελῶν
1163 4028 1273 4097 (54)
1310 4028 1411 4080 τοῦ
1443 4028 1701 4095 οὐρανοῦ
1729 4069 1743 4093 ,
1788 4031 1919 4095 Υἱὸς

348 4113 662 4182 ἀνθρώπου
678 4116 1001 4185 ἐρχόμενος
1030 4114 1130 4187 ἦν,
1150 4119 1247 4171 καὶ
1278 4118 1387 4184 ἕως
1402 4118 1509 4172 τοῦ
1524 4118 1787 4172 Παλαιοῦ
1803 4119 1919 4174 τῶν

347 4204 581 4272 ἡμερῶν
612 4207 870 4275 ἔφθασε,
899 4209 995 4262 καὶ
1050 4208 1390 4279 ἔμπροσθεν
1440 4210 1625 4263 αὐτοῦ
1660 4224 1919 4278 προσην-

348 4296 518 4363 έχθη.
561 4298 669 4351 Καὶ
711 4297 870 4365 αὑτῷ
915 4300 1093 4367 ἐδόθη
1122 4300 1300 4369 ἀρχὴ,
1338 4300 1435 4353 καί
1467 4302 1504 4369 ἡ
1551 4300 1708 4370 τιμὴ,
1749 4303 1843 4354 καὶ
1875 4304 1913 4371 ἠ

2042 1837 2213 1902 psisse
2241 1850 2483 1901 carnem,
2512 1845 2565 1890 et
2600 1836 2651 1890 in
2692 1836 2780 1890 illa
2808 1848 3080 1907 assumpta
3114 1838 3184 1891 ita
3217 1846 3515 1906 operatum.
3541 1836 3609 1890 Et

2040 1932 2166 1979 tunc
2199 1928 2430 1993 primum
2469 1926 2741 1981 Christum
2788 1928 3065 1983 exstitisse
3093 1968 3109 1995 ,
3151 1928 3355 1991 Jesum,
3400 1941 3604 1997 regem.

2037 2015 2328 2086 imaginem
2387 2018 2501 2085 Dei,
2538 2020 2819 2085 dilectum,
2869 2020 3036 2074 lilium
3080 2018 3461 2090 gloriﬁcatum,
3501 2017 3606 2084 pri-

2038 2111 2371 2177 mogenitum
2403 2111 2582 2167 omnis
2609 2120 2897 2176 creaturae,
2931 2127 3055 2166 cum
3101 2126 3204 2165 non
3241 2118 3387 2165 esset
3430 2111 3602 2179 prius,

2036 2213 2137 2253 nec
2167 2209 2322 2255 antea
2357 2202 2581 2257 omnino
2607 2202 2918 2257 exsisteret.
2952 2201 3225 2272 Imprimis
3268 2202 3604 2272 paradoxum

2036 2291 2165 2344 illud
2204 2302 2305 2355 est,
2338 2294 2627 2363 incazpisse
2649 2294 2752 2349 hoc
2781 2294 3033 2356 Verbum,
3067 2310 3172 2349 non
3197 2293 3265 2349 ab
3296 2293 3455 2348 antiis
3480 2292 3604 2346 hinc

2037 2392 2184 2436 retro
2216 2384 2623 2454 quadringentis
2655 2384 2972 2453 completis:
2998 2394 3051 2439 et
3080 2383 3236 2439 simul
3266 2384 3317 2438 in
3355 2383 3601 2437 eamdem

2034 2489 2140 2528 non
2188 2476 2563 2531 exsistentiam
2608 2477 3018 2541 revolvendum,
3077 2488 3201 2547 post
3243 2473 3430 2545 judicii
3460 2483 3598 2531 tem-

2032 2581 2153 2635 pus,
2194 2568 2368 2621 Verbo
2409 2568 2628 2637 quidem
2676 2568 2785 2623 Deo
2836 2571 3052 2625 demum
3107 2570 3354 2636 adunito,
3418 2570 3489 2623 ita
3541 2582 3600 2623 ut

2031 2666 2226 2725 praeter
2249 2656 2412 2710 Deum
2448 2656 2580 2710 nihil
2609 2655 2898 2726 quidquam
2930 2656 3189 2720 exsistat;
3224 2670 3407 2720 carne,
3432 2670 3594 2725 quant

2031 2748 2347 2816 assumpsit,
2376 2746 2615 2801 desolata
2658 2756 2714 2801 et
2747 2747 3001 2802 destituta
3033 2762 3063 2800 a
3094 2745 3289 2811 Verbo,
3314 2746 3386 2800 ita
3416 2753 3474 2799 ut
3500 2758 3597 2798 ne-

2030 2853 2134 2908 que
2164 2838 2333 2893 Filius
2363 2838 2558 2908 aliquis
2586 2837 2679 2894 Dei
2708 2839 2970 2894 subsistat
2995 2882 3011 2907 ,
3048 2854 3146 2894 nec
3168 2838 3336 2896 Filius
3362 2839 3597 2894 hominis

2023 2943 2187 2999 quem
2220 2931 2534 2998 assumpsit.
2563 2930 2637 2983 Eo
2660 2940 2838 2985 autem
2870 2931 3082 2985 tandem
3114 2931 3396 2987 descendit
3438 2932 3588 3001 abie-

2029 3019 2243 3085 ctionis,
2272 3020 2651 3076 utGabrielem
2681 3037 2783 3076 non
2813 3022 2997 3076 audiat
3030 3023 3442 3093 archangelum,
3475 3023 3596 3078 Dei-

2027 3127 2168 3181 para:
2199 3113 2483 3168 Iliaeileste
2510 3123 2564 3168 et
2590 3115 2877 3185 perspicue
2901 3117 3331 3186 annuntiantem,
3366 3119 3431 3174 de
3457 3119 3593 3173 Filio

2026 3218 2091 3256 ex
2119 3202 2207 3257 illa
2236 3204 2562 3274 generando,
2588 3214 2641 3259 et
2672 3206 2740 3261 de
2776 3206 2982 3262 semine
3010 3207 3249 3271 Doridis.
3296 3213 3591 3265 secundum

2027 3310 2242 3350 carnem
2278 3296 2625 3363 descensum,
2652 3312 2774 3351 cum
2805 3298 2878 3351 ita
2909 3298 3150 3369 inquiat:
3178 3299 3312 3355 Ecce
3332 3302 3592 3369 concipies

2024 3385 2078 3437 in
2104 3392 2252 3438 utero
2282 3394 2394 3446 tuo,
2422 3394 2470 3438 et
2508 3402 2682 3452 partes
2708 3384 2902 3452 ﬁlium,
2946 3397 2991 3439 et
3029 3389 3234 3441 vocabis
3263 3405 3448 3443 nomen
3473 3390 3589 3460 ejus

2023 3475 2228 3529 Iesum.
2280 3474 2382 3529 Hic
2429 3477 2526 3530 erit
2555 3479 2797 3545 magnus,
2824 3486 2873 3530 et
2912 3478 3056 3545 [ilius
3087 3478 3346 3532 Altissimi
3382 3482 3591 3535 uocabi-

2024 3574 2148 3617 tur:
2190 3574 2241 3635 e_t
2294 3566 2438 3619 dabit
2484 3566 2563 3618 illi
2602 3565 2860 3619 Dominus
2904 3567 3043 3620 Deus
3089 3570 3332 3621 thronum
3372 3569 3587 3625 Davidis

2022 3658 2187 3726 patris
2219 3659 2322 3724 sui,
2363 3668 2410 3712 et
2462 3660 2693 3728 regnabit
2733 3676 2891 3726 super
2920 3659 3129 3711 domum
3162 3657 3328 3713 Jacob
3361 3661 3414 3714 in
3439 3672 3589 3716 teter-

2024 3766 2169 3812 num,
2200 3760 2245 3803 et
2277 3752 2420 3820 regni
2452 3750 2596 3805 illius
2637 3768 2739 3806 non
2776 3755 2873 3805 erit
2899 3749 3021 3819 ﬁnis
3049 3750 3115 3804 “.
3167 3751 3274 3806 Sed
3303 3767 3400 3807 nec
3426 3767 3585 3808 voces

2022 3840 2290 3896 intellexit
2322 3842 2498 3913 magni
2555 3843 2697 3898 illius
2752 3844 2890 3897 vatis
2948 3843 3205 3910 Danielis,
3252 3843 3345 3913 qui
3393 3844 3581 3900 eadem

2020 3934 2133 4003 ipsa
2168 3935 2528 4006 consignavit,
2554 3935 2677 3990 dum
2712 3936 2905 4004 spiritu
2934 3935 3025 3990 Dei
3053 3936 3267 3991 alllatus
3310 3937 3576 4008 profatur.

2019 4026 2311 4095 inquiens:
2346 4027 2414 4080 Et
2455 4044 2568 4081 ecce
2590 4044 2707 4080 cum
2740 4028 2959 4081 nubibus
2996 4029 3110 4081 caeli
3151 4026 3324 4083 Filius
3350 4033 3578 4085 hominis

2018 4117 2345 4181 adveniebat,
2380 4127 2427 4170 et
2466 4132 2627 4185 usque
2674 4114 3053 4187 adAnliquum
3095 4125 3152 4183 >14
3184 4120 3387 4174 dierum
3408 4137 3582 4189 perve-

2019 4209 2114 4272 nit,
2148 4219 2197 4263 et
2222 4208 2427 4262 delatus
2466 4216 2542 4260 est
2574 4218 2696 4261 ante
2736 4220 3065 4276 conspectum
3097 4210 3233 4279 ejus.
3265 4209 3377 4281 Ipsi
3406 4222 3579 4265 autem

2016 4300 2243 4352 dabatur
2268 4298 2613 4366 principatus,
2644 4309 2691 4351 et
2723 4298 2906 4364 honor,
2932 4308 2983 4352 et
3004 4316 3215 4369 regnum
3234 4317 3255 4356 :
3280 4311 3329 4356 et
3354 4304 3578 4357 servient

345 4387 629 4449 βασιλεία
653 4404 667 4417 ·
718 4389 815 4442 καὶ
854 4388 1076 4456 πάντες
1123 4394 1175 4444 οἱ
1214 4391 1372 4453 λαοὶ,
1404 4391 1610 4461 φυλαὶ,
1641 4391 1912 4462 γλῶσσαι

2032 4387 2096 4440 'lli
2118 4404 2296 4441 omnes
2337 4386 2540 4454 populi,
2579 4386 2768 4452 tribus,
2806 4386 3019 4456 linguae.
3066 4386 3308 4444 Potestas
3330 4392 3471 4447 illius
3500 4406 3574 4448 est

341 4478 503 4544 αὐτῷ
545 4479 1011 4535 δουλεύσουσιν.
1068 4484 1138 4537 Ἠ
1170 4482 1420 4548 ἐξουσία
1455 4483 1637 4536 αὐτοῦ
1660 4482 1911 4547 ἐξουσία

343 4571 607 4639 αιώνιος,
640 4568 785 4639 ’ἣτις
817 4574 888 4626 οὐ
922 4575 1351 4640 παρελεύσεται
1371 4591 1385 4604 ·
1433 4575 1532 4627 καὶ
1564 4575 1601 4642 ἡ
1625 4575 1911 4638 ,βασιλεία

340 4664 530 4717 αὐτοῦ
552 4666 623 4717 οὺ
643 4662 1131 4732 διαφθαρήσεται.
1166 4664 1305 4717 Ἀλλ’
1327 4664 1446 4717 οὐδὲ
1474 4665 1701 4728 Ἡσαΐας
1740 4665 1807 4717 αὑ
1817 4665 1908 4719 τὸν

341 4753 526 4808 ἔπεισε
552 4755 679 4826 περὶ
715 4755 812 4825 τῆς
837 4756 1192 4827 ἀτελευτήτου
1221 4755 1493 4825 βασιλείας
1520 4754 1612 4809 τοῦ
1645 4756 1776 4809 Υἱοῦ
1808 4756 1903 4809 τοῦ

340 4846 498 4913 Θεοῦ,
521 4841 621 4901 ὦδε
640 4848 733 4902 καὶ
755 4847 917 4912 αὐτὸς
938 4848 1229 4911 θεσπίζων,
1259 4849 1363 4908 ὅτι,
1383 4847 1625 4901 Παιδίον
1651 4830 1902 4917 ἐγενήθη

339 4939 519 5008 ἡμῖν·
550 4939 679 5006 υίὸς
719 4940 817 4994 καὶ
858 4939 1036 5007 ἐδόθη
1076 4939 1225 5009 ἡμῖν
1254 4936 1326 4995 οὗ
1362 4940 1399 5006 ἡ
1443 4938 1599 5008 ἀρχὴ
1643 4940 1755 5009 (55)
1802 4940 1901 4993 ἐπὶ

2014 4486 2240 4545 potestas
2290 4487 2506 4539 (eterna,
2548 4492 2665 4546 quat
2695 4493 2797 4529 non
2840 4478 3171 4545 pertransibit
3210 4494 3231 4533 :
3284 4489 3332 4533 et
3363 4497 3574 4551 regnum

2015 4569 2160 4622 illius
2189 4586 2291 4622 nun
2321 4569 2551 4621 interibit
2577 4568 2638 4621 ⁸⁸.
2673 4567 2779 4622 Sed
2830 4582 2928 4622 nec
2971 4568 3125 4622 illum
3152 4567 3323 4625 Isaias
3351 4570 3421 4626 de
3449 4586 3575 4626 sen-

2014 4663 2180 4717 tentia
2210 4662 2452 4728 deduxit,
2475 4662 2565 4731 qui
2593 4661 2659 4715 dc
2688 4675 2853 4731 regno
2876 4659 2995 4716 Filii
3029 4662 3120 4717 Dei
3150 4661 3568 4727 interminabili,

2012 4757 2081 4810 ad
2113 4756 2273 4810 istum
2313 4755 2531 4808 modum
2561 4757 2751 4811 scribit
2776 4775 2790 4811 :
2826 4757 2967 4809 Puer
2987 4753 3131 4808 nobis
3158 4763 3313 4808 natus
3334 4765 3445 4809 est:
3477 4754 3574 4809 Fi-

2009 4847 2113 4901 lius
2138 4863 2342 4917 quoque
2361 4847 2518 4900 datus
2541 4856 2617 4901 est
2662 4848 2832 4913 nobis,
2863 4846 3014 4916 cujus
3046 4844 3372 4916 principatus
3415 4864 3573 4915 super

2008 4941 2250 4991 humeros
2282 4937 2435 5007 ejus:
2457 4938 2726 4993 vocabitur
2764 4938 2982 5007 insuper
3020 4953 3206 4993 nomen
3230 4937 3363 5009 ejus,
3390 4937 3569 5010 magni

417 5060 476 5118 is
518 5053 617 5109 Ed.
650 5053 847 5121 Psris.,
877 5070 999 5125 pag.
1032 5055 1121 5109 35.
1197 5054 1244 5086 “
1269 5053 1400 5109 Luc.
1438 5069 1477 5119 ι,
1503 5054 1688 5109 51-55.
1768 5054 1813 5086 ⁸⁸
1846 5053 1930 5108 Dai

2032 5069 2109 5117 tu,
2148 5054 2237 5117 l3,
2270 5052 2355 5110 Η.

414 5224 527 5296 (33)
562 5224 683 5301 ΔΤὸν
706 5220 792 5301 μῂ
840 5215 1154 5301 ὑφεστῶτα
1169 5218 1545 5301 [toros-ullam
1569 5228 1651 5301 est
1686 5234 1895 5301 summa

2032 5218 2192 5301 λασαν
2216 5226 2271 5299 et
2304 5216 2399 5270 καὶ
2428 5217 2590 5270 αὐτὸν
2624 5216 2743 5288 μέν,
2780 5215 3011 5284 denique
3042 5215 3257 5285 ἐκείνην
3278 5216 3479 5286 ἑπαγγ.
3512 5229 3568 5272 et
3666 5202 3675 5216 ’

335 5288 720 5350 accusationis
755 5292 1088 5353 Eusehtauw,
1121 5289 1187 5341 de
1231 5304 1357 5356 qua,
1389 5288 1442 5342 in
1478 5290 1582 5342 illis
1611 5289 1679 5343 de
1724 5288 1901 5344 Theo-

2035 5288 2103 5358 ἀρ
2136 5288 2324 5358 irim!-

336 5365 518 5505 his?)
546 5364 663 5487 bibi
690 5429 826 5505 Mair
837 5425 1133 5505 μετᾲμῖῶν
1148 5426 1432 5505 νεφελῶνῘ
1460 5427 1631 5505 Locus
1653 5439 1731 5481 est
1752 5428 1894 5505 _[_)an.

2069 5352 2194 5426 (ssi
2222 5352 2301 5410 Οὖ
2337 5358 2375 5425 ὴ
2405 5354 2584 5424 ἀρχή.
2630 5354 2802 5426 Locus
2833 5364 2908 5407 est
2942 5354 3043 5426 Isa.
3092 5369 3167 5416 Ix,
3199 5355 3252 5422 6,
3289 5357 3339 5409 ἰη
3377 5354 3518 5409 LXX
3546 5376 3558 5408 :
3622 5360 3625 5363 '

2001 5424 2119 5496 post
2150 5426 2302 5494 ἀρχή
2340 5424 2602 5496 sequitur,
2627 5424 2910 5496 agmen;
2939 5425 3264 5496 sedyariant
3298 5428 3365 5479 ibi
3398 5430 3561 5481 etiam

333 5493 429 5564 th‘.
457 5493 551 5570 li;
578 5506 712 5573 lege,
746 5493 935 5579 καῖἀζς
954 5499 1080 5578 ne;
1112 5493 1397 5583 ἀνθρώπου
1404 5497 1722 5620 ἐρχόμενος.

335 5575 475 5620 Infra
517 5576 675 5620 vnlms
703 5590 756 5620 τ-
790 5572 919 5620 ἰ’ίου
951 5587 1044 5620 του
1081 5568 1368 5620 ἀνθοωπου
1397 5587 1441 5620 ω
1474 5586 1499 5620 ε
1532 5579 1583 5619 et
1617 5569 1709 5620 ὲπι
1735 5584 1890 5620 ωιιου

2033 5493 2458 5551 οιΙίεοεζειαιὶω
2495 5494 2546 5547 in
2589 5493 2725 5548 LXX
2761 5495 2971 5563 legitur,
3000 5494 3124 5559 ἄξω
3170 5496 3279 5564 γὰρ
3314 5496 3565 5564 εἰρήνην

2032 5566 2248 5620 anteire
2271 5564 2695 5620 ἄρκον-ταακαὶ
2724 5564 2951 5620 ὑγίειαν
2978 5564 3155 5620 αὐτῶ.
3185 5567 3280 5619 καὶ
3309 5564 3558 5620 μεγάλη.

335 5562 475 5629 Infra
517 5562 675 5642 νὶυιεῖ»
701 5562 756 5627 τ.
790 5562 923 5623 Υίοῦ
951 5569 1044 5642 τοῦ
1081 5562 1368 5642 ἀνθρὶθπου

1532 5564 1583 5619 et
1617 5567 1709 5620 ἐπὶ
1735 5566 1890 5636 ὤμου
1990 5566 2248 5636 ἐπὶξτοὺς
2271 5564 2695 5636 ἅρχοντιις,καὶ
2724 5564 2951 5633 ὑγίειαν
2978 5564 3155 5629 αὐτῷ,
3185 5567 3280 5619 καὶ
3302 5564 3558 5636 μεγάλη.

328 5644 448 5698 τοῦ.
483 5632 649 5699 Porri»
688 5642 793 5709 Mp.
837 5632 1355 5729 ἀντιλαμὸἀνεσθαι,
1404 5641 1523 5724 dein
1564 5636 1729 5729 ἐσται
1772 5632 1889 5729 loco

2032 5641 2059 5690 ἐ
2082 5632 2198 5718 iter
2227 5632 2317 5705 ιιῆ
2346 5632 2631 5729 πρξεῖναι.
2675 5635 2747 5688 lla
2774 5632 2925 5717 mle
2956 5636 3125 5717 ἱιιυεὶι
3164 5632 3410 5729 ligantur:
3433 5634 3562 5729 vlla-

330 5712 569 5771 ισεσθαι.
609 5701 752 5768 Dein
791 5711 948 5781 vulgo
982 5701 1046 5763 δέ
1082 5701 1141 5761 οὗ
1178 5709 1314 5779 ὁμοῦ
1357 5720 1409 5765 et
1444 5708 1797 5779 ὡμολόγησαν
1836 5714 1889 5761 et

2032 5701 2208 5773 iliiati,
2229 5701 2335 5776 'pe'r
2363 5701 2597 5760 nefarios
2622 5721 2748 5761 suos
2786 5706 3100 5762 emissirios
3122 5745 3136 5773 ,
3191 5705 3378 5761 Satau.
3433 5706 3565 5789 Ἔγ-

657 5807 925 5867 ΡΛτιιοι.
972 5804 1088 5866 Gn.
1137 5804 1368 5866 XXIV.

3168 5800 3248 5863 25
