4098 6200
493 282 596 338 7το

495 393 702 449 consilii
754 391 983 461 Angelus
1025 402 1041 439 :

493 488 687 556 fortis:
716 493 966 553 potestate
1025 481 1318 547 prtcditus;
1362 481 1595 549 princeps
1644 479 1787 546 pacis
1832 493 1850 530 :

495 575 662 642 futuri
705 571 906 626 swculi.
943 569 1219 621 Adducam
1278 571 1415 622 enim
1469 570 1746 621 sanitatem
1793 581 1840 621 et
1883 583 2060 634 pacem

496 683 613 718 cum
646 664 759 717 illo.
795 663 1019 731 Magnus
1054 662 1147 713 erit
1184 661 1509 730 principatus
1541 659 1674 728 ejus,
1702 671 1750 713 et
1781 659 1923 728 pacis
1947 659 2062 727 ejus

501 778 602 812 non
625 764 721 813 erit
748 757 886 825 finis.
914 754 1080 820 Super
1100 756 1290 808 solium
1341 754 1530 815 David,
1568 763 1616 806 et
1647 769 1802 818 super
1849 767 2063 822 regnum

499 852 635 919 ejus,
685 859 740 902 ut
785 850 1010 918 corrigat
1061 847 1214 909 illud,
1254 855 1300 898 et
1351 845 1643 898 auxilietur
1681 845 1733 898 iu
1773 844 1968 911 iudicio
2015 853 2064 898 et

489 943 727 1012 justitia,
763 957 828 994 ea:
851 943 946 993 hoc
979 955 1114 993 nunc
1148 948 1198 992 et
1231 954 1392 1008 usque
1418 938 1471 990 in
1499 936 1748 991 saeculum
1777 937 1844 990 “.
1893 939 2068 1004 Atque

498 1033 618 1088 istis
650 1048 746 1102 per
771 1032 952 1085 omnia
983 1046 1217 1085 consona
1253 1029 1496 1094 fuerunt,
1531 1045 1650 1099 qua:
1683 1027 1892 1098 Virgini
1943 1030 2068 1083 Dci-

498 1142 641 1195 parze
665 1123 1026 1179 annuntiabat
1056 1121 1298 1188 Gabriel,
1342 1121 1429 1175 ubi
1483 1121 1582 1185 ait,
1637 1127 1982 1190 regnaturum
2014 1119 2066 1172 in

497 1227 760 1271 aeternum
797 1215 888 1284 qui
945 1225 1063 1270 erat
1112 1229 1175 1267 ex
1216 1213 1302 1267 illa
1338 1213 1688 1279 nasciturus;
1739 1211 1908 1282 Regni
1956 1211 2068 1282 ejus

501 1325 603 1362 non
634 1309 733 1362 erit
762 1307 909 1376 ﬁnis.
964 1305 1171 1373 Quanta
1210 1315 1388 1358 autem
1427 1320 1548 1358 cum
1591 1303 1811 1358 audacia
1845 1302 2071 1358 Marcel-

501 1402 584 1454 lus
621 1401 769 1455 hisce
805 1399 1130 1453 testimoniis
1187 1397 1462 1451 contraria
1506 1397 1782 1466 scripserit
1827 1405 1881 1450 et
1912 1411 2071 1464 repu-

504 1493 748 1562 gnantia,
793 1491 860 1543 ah
893 1490 1062 1558 ipsius
1105 1487 1321 1557 scriptis
1354 1487 1635 1542 edocearis
1681 1485 1827 1550 licet,
1863 1485 1914 1538 in
1951 1485 2074 1554 qui-

502 1584 606 1637 bus
638 1580 757 1635 Filii
803 1595 924 1634 cum
981 1579 1258 1642 deitatem,
1310 1588 1421 1630 tum
1479 1574 1639 1629 etiam
1681 1572 2069 1628 humanitatem

505 1673 840 1744 pernegavit,
872 1671 1009 1723 ultra
1038 1669 1277 1722 omnium
1309 1667 1594 1722 hmresium
1639 1665 1952 1718 novitatem.
1991 1661 2075 1714 ln-

1126 273 1391 330 EUSEBII
1430 265 1914 327 CAESARIENSIS
1951 262 2104 322 OPP.
2145 263 2325 349 PARS
2365 263 2452 317 IV.
2494 295 2560 304 -—-
2599 257 3019 317 DOGMATICA.

1099 373 1430 442 admirabilis
1466 386 1802 440 consiliarius
1853 401 1871 440 :
1919 385 2088 441 Deus.

2194 383 2266 436 οὗ
2299 381 2459 451 ὤμου
2489 379 2696 444 αὑτοῦ,
2740 376 2838 430 καί
2888 372 3156 428 καλεῖται
3198 370 3264 422 τὸ
3307 367 3494 434 ὄνομα
3525 361 3738 426 αὐτοῦ⁹

1904 477 2062 531 Pater
2156 472 2428 544 μεγάλης
2439 467 2684 536 βουλῆς
2699 471 2996 538 Ἄγγελος,
3019 458 3363 532 θαυμαστὸς
3377 457 3740 526 σύμϐουλος,

3631 243 3736 299 780

2165 565 2308 631 Θεὸς
2330 563 2599 633 ἰσχυρὸς,
2621 557 3041 626 ὲξουσιαστὴς,
3056 549 3526 623 ἄρχωνείρήνης,
3545 545 3745 614 Πατὴρ

2163 656 2269 710 τοῦ
2280 656 2616 725 μέλλοντος
2624 651 2937 715 ἀίῶνος.Ἀ
2944 649 3025 712 ξω
3037 649 3146 716 γὰρ
3166 643 3414 712 εἰρήνην
3427 641 3525 694 καὶ
3539 639 3747 708 ὑγείαν

2165 749 2344 814 αὐτῷ.
2401 746 2651 816 Μεγάλη
2700 746 2739 812 ἠ
2786 740 2942 811 ἀρχὴ
2986 736 3193 796 αὐτοῦ·
3240 733 3478 802 καὶτῆς
3505 730 3746 800 εἰρήνης

2166 839 2351 894 αὐτοῦ
2377 841 2488 892 οὐκ
2519 838 2689 892 ἔσται
2727 835 2923 899 τέλος.
2983 831 3116 886 Ἐπὶ
3151 829 3258 883 τὸν
3303 830 3520 897 θρόνον
3545 823 3744 886 dum,

2168 929 2268 983 καί
2302 929 2400 982 ἐπὶ
2429 928 2545 996 τὴν
2577 926 2909 991 ,βασιλείαν
2949 922 3158 987 αὑτοῦ,
3214 918 3320 973 τοῦ
3376 913 3746 984 κατορθῶσαι

2168 1020 2383 1090 αὐτὴν,
2421 1019 2519 1074 καὶ
2548 1017 2979 1075 ἀντιλαϐέσθαι
3011 1016 3080 1069 ἐν
3117 1013 3348 1083 κρίματι
3401 1010 3500 1064 καὶ
3547 1009 3617 1062 ἐν
3661 1006 3749 1062 δι-

2169 1114 2494 1181 καιοσύνῃ,
2550 1110 2669 1165 ἀπὸ
2720 1110 2825 1163 τοῦ
2876 1107 2994 1161 νῦν
3040 1105 3142 1160 καὶ
3181 1108 3266 1170 είς
3320 1102 3461 1168 τοὺς
3507 1099 3743 1166 αίῶνιις.

2170 1203 2392 1267 Τούτοις
2422 1201 2552 1271 γοῦν
2602 1201 2865 1271 σύμφωνα
2897 1195 2964 1270 ῆν
3008 1198 3104 1251 καὶ
3139 1198 3280 1267 ειπερ
3303 1197 3332 1248 6
3357 1192 3597 1264 Γαϐριὴλ
3646 1190 3749 1262 τὴν

2171 1295 2445 1367 Παρθένον
2468 1293 2873 1366 εὐηγγελίζετο,
2911 1292 2991 1356 εἰς
3014 1291 3138 1352 τοὺς
3162 1289 3366 1351 αἰῶνας
3415 1285 3753 1358 βασιλεύσειν

2171 1391 2261 1444 τὸν
2288 1389 2346 1457 ἐξ
2379 1390 2568 1460 αὐτῆς,
2626 1389 2819 1457 λέγων,
2863 1387 2958 1440 καὶ
2996 1386 3096 1456 τῆς
3125 1383 3401 1456 βασιλείας
3451 1381 3615 1436 αὑτοῦ
3676 1381 3753 1453 μὴ

2173 1483 2391 1536 ἔσεσθαι
2442 1482 2612 1545 τέλος.
2647 1479 2964 1551 Μάρκελλος
3003 1478 3059 1532 δὲ
3102 1479 3249 1540 ὅπως
3285 1475 3495 1538 τούτοις
3544 1474 3751 1528 ἆπασιι

2174 1563 2392 1626 ἕναντία
2412 1572 2642 1642 γράφειν
2674 1572 2896 1642 ἐτόλμα,
2931 1568 3121 1640 μάθοις
3149 1567 3214 1622 ἂν
3235 1569 3299 1621 ἐκ
3325 1567 3433 1620 τῶν
3459 1564 3623 1619 αὑτοῦ
3639 1581 3754 1634 φω-

2174 1664 2302 1730 νῶν,
2333 1665 2398 1718 δι’
2447 1658 2521 1718 ῶν
2568 1664 2700 1735 ὁμοῦ
2731 1664 2829 1736 τῆν
2858 1663 3085 1733 θεότητα
3121 1662 3215 1714 καὶ
3240 1661 3339 1730 τὴν
3357 1656 3753 1731 ἀνθρωπότητα

509 1773 590 1817 ter
637 1762 780 1814 enim
840 1775 1129 1829 pravarum
1182 1758 1494 1827 opinionum
1553 1765 1823 1818 auctores,
1886 1752 2074 1821 aliqui,

2193 1754 2271 1808 τοῦ
2303 1753 2436 1809 Θεοῦ
2456 1753 2549 1808 τοῦ
2569 1755 2700 1809 Υἱοῦ
2730 1757 2977 1828 ἠρνεῖτο,
3003 1753 3313 1824 καινότερον
3342 1751 3376 1823 ἢ
3407 1749 3548 1804 κατὰ
3573 1749 3754 1802 πᾶσαν

505 1870 626 1907 cum
657 1851 851 1906 Filium
895 1851 986 1904 Dei
1039 1847 1474 1918 supposuissent,
1533 1859 1707 1915 neque
1755 1845 1880 1898 olim
1910 1843 2077 1898 exsti.

509 1948 659 2012 tisse,
695 1960 792 1998 uec
823 1957 947 1998 ante
978 1942 1305 2003 substitisse,
1335 1940 1607 1994 hominem
1633 1953 1755 1990 eum
1808 1951 1973 1990 unum
2016 1935 2080 1989 de

509 2037 694 2092 multis
721 2043 1028 2091 statuerunt
1076 2033 1290 2087 caeteris
1328 2030 1585 2093 similem,
1625 2029 1914 2097 adoptione
1959 2037 2079 2080 tan-

511 2141 649 2194 tum,
683 2129 822 2183 natis
854 2129 921 2180 de
950 2123 1288 2188 mulieribus,
1325 2121 1640 2191 praelatum:
1692 2128 1746 2173 et
1787 2119 1960 2172 eidem
1995 2127 2082 2170 ta-

514 2237 637 2276 men
693 2216 1051 2272 nihilominus
1097 2215 1406 2268 attribuunt
1472 2211 1732 2265 honorem
1808 2221 2083 2276 nunquam

513 2309 938 2374 terminandum,
974 2316 1028 2360 et
1078 2319 1307 2372 regnum
1351 2305 1404 2356 in
1451 2312 1714 2356 azternum
1743 2300 2083 2354 duraturum.

514 2402 723 2458 Rursus
753 2401 844 2471 qui
894 2411 1124 2454 renuunt
1164 2396 1558 2450 humanitatem
1601 2394 1736 2464 ejus,
1780 2400 2087 2463 supponunt

513 2505 731 2551 exstare
755 2509 877 2550 eum
904 2491 997 2547 Dei
1024 2490 1244 2552 Filium,
1280 2489 1447 2543 Deum
1479 2502 1692 2558 quoque
1709 2485 2088 2556 praeexsisten-

517 2601 649 2653 tem,
685 2586 781 2643 sed
813 2587 1083 2641 hactenus
1105 2581 1374 2653 progressi
1410 2586 1537 2635 sunt
1567 2577 1880 2642 errabundi,
1923 2584 1978 2631 et
2017 2575 2086 2629 ab

516 2681 756 2737 Ecclesia
780 2679 964 2734 alieni.
996 2676 1101 2732 Iste
1129 2691 1277 2740 vero,
1313 2674 1404 2743 qui
1441 2672 1534 2727 Dei
1564 2671 1816 2726 Ecclesiae
1843 2679 2089 2738 tempore

517 2772 774 2844 praesedit
803 2781 912 2826 tam
947 2770 1227 2832 diuturno,
1256 2766 1666 2822 subsistenttam
1707 2761 1830 2816 Filii
1861 2760 1954 2815 Dei
1991 2758 2091 2814 tol-

517 2866 598 2931 lit,
629 2875 739 2918 tum
790 2877 916 2916 cum
966 2860 1100 2930 ipsis
1153 2859 1273 2928 ejus
1322 2857 1530 2912 serviat
1567 2853 1853 2907 altaribus.
1913 2850 2092 2918 Seque

519 2958 704 3010 forsan
748 2962 934 3022 sperat
987 2951 1153 3004 vitam
1206 2959 1464 3002 aeternam
1518 2956 1680 3015 atque
1727 2942 2089 2998 immortalem

2180 1846 2335 1902 ἄθεον
2359 1848 2588 1918 αἵρεσιν.
2619 1847 2739 1900 Τῶν
2770 1846 2879 1918 γὰρ
2907 1844 3228 1917 ἑτεροδόξων
3252 1843 3300 1896 οἱ
3339 1843 3435 1914 μὲν
3465 1840 3540 1913 μὴ
3574 1841 3758 1913 προεῖ-

2181 1957 2269 1992 ναι
2307 1939 2441 2011 μηδὲ
2457 1940 2831 2011 προϋπάρχειν
2856 1938 2945 1991 τὸν
2972 1937 3096 1990 Υἱὸν
3126 1935 3217 1990 τοῦ
3242 1935 3376 1988 Θεοῦ
3409 1933 3607 2003 φάντες
3623 1972 3637 1997 ,
3660 1932 3756 1986 ἄν·

2181 2030 2401 2102 θρωπον
2421 2030 2519 2083 ἕνα
2544 2030 2726 2096 αὑτὸν,
2753 2033 2865 2091 τοῖς
2891 2030 3096 2091 λοιποῖς
3123 2028 3328 2098 ὅμοιον,
3353 2024 3676 2094 ὑποθέμενοι
3700 2023 3759 2089 ἐξ

2183 2119 2492 2191 ἀνθρώπου,
2529 2121 2773 2192 υἱοθεσία
2806 2119 3128 2191 τετιμῆσθαι
3171 2117 3332 2171 αὐτὸν
3383 2115 3626 2186 ἔφασαν·
3664 2114 3761 2167 καὶ

2180 2210 2337 2264 τοῦτο
2365 2211 2544 2276 δόντες
2573 2212 2836 2266 ἀθάνατον
2879 2212 2973 2265 καὶ
3017 2209 3368 2280 ἀτελεύτητον
3403 2205 3550 2277 αὐτῷ
3592 2205 3758 2276 τιμὴν

2183 2305 2280 2357 καὶ
2309 2303 2464 2368 δόξαν
2487 2304 2582 2357 καὶ
2610 2303 2884 2375 βασιλείαν
2905 2302 3122 2356 αἰώνιον
3159 2300 3577 2373 ὡμολογήκασιν
3597 2315 3610 2328 ·
3642 2299 3691 2352 οἱ
3705 2297 3762 2350 δὲ

2184 2395 2275 2448 τὸν
2324 2395 2607 2465 ἄνθρωπον
2654 2396 3045 2467 ἀρνησάμενοι,
3096 2394 3211 2446 υἱὸν
3240 2387 3382 2446 εἶναι
3419 2389 3578 2454 Θεοῦ,
3624 2389 3760 2443 Θεὸν

2187 2487 2444 2559 προόντα,
2486 2490 2882 2560 ὑπεστήσαντο.
2926 2487 3064 2540 Ἀλλ’
3082 2487 3131 2540 οἱ
3175 2487 3273 2558 μὲν
3298 2488 3397 2556 τῆς
3437 2484 3764 2556 Ἐκκλησίας

2187 2577 2477 2648 ἀλλότριοι,
2516 2578 2675 2648 μέχρι
2703 2577 2958 2630 τοσούτου
2985 2577 3193 2648 πλάνης
3221 2575 3428 2647 ῆλασαν
3453 2592 3468 2605 ο
3499 2576 3530 2628 6
3559 2574 3617 2628 δὲ
3662 2573 3764 2644 τῆς

2199 2667 2527 2739 Ἐκκλησίας
2565 2668 2656 2722 τοῦ
2697 2667 2830 2721 Θεοῦ
2854 2667 3128 2731 τοσούτοις
3166 2666 3618 2737 καθηγησάμενος
3644 2663 3771 2734 χρό-

2189 2777 2318 2824 νοις,
2337 2759 2435 2831 τὴν
2469 2758 2701 2831 ὓπαρξιν
2733 2762 2947 2831 ἀναιρεῖ
2964 2759 3057 2813 τοῦ
3095 2758 3225 2812 Υίοῦ
3247 2758 3340 2812 τοῦ
3381 2756 3540 2821 Θεοῦ,
3571 2755 3650 2827 τῷ
3671 2756 3764 2808 a6-

2189 2851 2283 2904 τοῦ
2313 2852 2704 2924 λειτουργήσας
2739 2852 3140 2924 θυσιαστηρίῳ·
3173 2852 3268 2905 καὶ
3289 2850 3480 2905 ἑαυτὸν
3510 2850 3608 2920 μὲν
3637 2851 3768 2903 αἰω-

2191 2944 2303 2997 νίου
2325 2944 2418 2997 καὶ
2444 2944 2710 2997 ἀθανάτου
2729 2942 2874 3015 ζωῆς
2901 2941 3184 3008 τεύξεσθαι
3207 2943 3347 3014 τάχα
3367 2959 3472 2997 που
3501 2939 3766 3004 πιστεύει,

520 3054 960 3110 consecuturum,
1026 3041 1344 3096 Pontiﬁccm
1401 3053 1529 3092 vero
1584 3036 1852 3106 ejusdem,
1902 3035 2088 3088 eadem

2193 3038 2280 3091 τὸν
2337 3038 2382 3091 δ’
2431 3037 2689 3109 ἀρχιερέα
2749 3038 2953 3109 ταύτης
3006 3039 3314 3109 ἀποστερεῖ.
3371 3037 3632 3105 Ἐχομεν
3701 3033 3771 3087 δὲ

520 3141 630 3191 vita
681 3136 877 3206 privat.
934 3130 1201 3185 Habemus
1252 3130 1462 3195 etenim,
1505 3127 1796 3182 secundum
1846 3124 2087 3193 Apostoli

2195 3129 2471 3198 ἀρχιερέα
2503 3129 2696 3200 μέγαν
2717 3170 2730 3192 ,
2764 3130 2904 3183 κατὰ
2945 3129 3037 3182 τὸν
3080 3128 3401 3182 Ἀπόστολον
3424 3167 3441 3192 ,
3487 3126 3771 3193 διεληλυ-

523 3227 763 3288 ell‘atum,
796 3223 1098 3292 Pontiﬁcem
1141 3237 1412 3289 magnum,
1451 3219 1540 3291 qui
1588 3218 1742 3271 cwlos
1783 3216 2089 3284 penetravit,

523 3319 704 3373 Jesum
758 3314 962 3369 Filium
1001 3311 1096 3366 Dei
1144 3312 1209 3370 ⁸⁷.
1245 3312 1414 3378 Quem
1467 3323 1643 3379 neque
1693 3306 2089 3377 prteexsistere,

523 3406 625 3466 nec
677 3407 1086 3478 praesubsistere
1133 3403 1298 3458 audet
1325 3403 1428 3456 iste
1467 3399 1760 3462 allirmare,
1798 3412 1956 3467 quem
1991 3409 2092 3451 nec

526 3503 905 3564 substiturum,
947 3514 1046 3552 ucc
1095 3511 1216 3550 cum
1259 3494 1468 3551 sanctis
1510 3493 1600 3546 Dei
1645 3499 2092 3547 conversaturqu

526 3598 707 3660 docet,
741 3592 1034 3649 secundum
1059 3587 1476 3659 promissionem
1509 3583 1706 3638 factam
1739 3584 1804 3637 de
1836 3581 2096 3637 cmlorum

530 3702 714 3756 regno.
781 3685 939 3739 Certe
988 3697 1108 3735 cum
1157 3678 1330 3734 sancti
1361 3676 1432 3730 illi
1461 3689 1653 3730 omnes
1690 3674 1742 3726 in
1775 3671 2097 3740 corporibus

524 3769 1025 3840 'immortalitate,et
1052 3769 1568 3839 incorruptibilitate
1593 3764 1835 3836 praeditis
1866 3778 2096 3831 regnum

533 3872 623 3926 Dei
651 3869 875 3924 cteleste
912 3864 1285 3934 possidebunt,
1314 3866 1372 3923 ᾖ(
1415 3857 1752 3914 solummodo
1795 3855 2098 3918 Christum,

533 3971 590 4016 et
635 3959 887 4014 Christus
926 3972 1090 4026 quam
1141 3954 1457 4020 assumpsit,
1505 3965 1726 4004 carnem
1766 3948 1858 4002 ille
1899 3949 2097 4017 privat.

535 4055 720 4123 Neque
767 4046 1138 4106 contremiscit
1187 4042 1608 4098 resurrectionis
1658 4049 1860 4094 nostrae
1908 4040 2098 4094 ducem

535 4167 590 4211 et
614 4153 898 4224 originem,
931 4149 1054 4202 vitae
1084 4145 1426 4216 sempiterna:
1475 4150 1886 4212 procuratorem
1923 4138 2101 4191 omni-

536 4251 657 4313 bus,
686 4255 739 4301 et
772 4256 989 4298 causam
1029 4254 1194 4308 regno
1228 4252 1328 4290 suo
1363 4235 1690 4289 deturbare:
1727 4247 1826 4285 nec
1874 4232 1974 4284 hoc
2006 4245 2099 4283 so-

541 4335 834 4398 lmmnodo,
866 4331 958 4386 sed
993 4339 1045 4385 et
1075 4330 1182 4382 vita
1209 4325 1524 4382 omnimodo
1553 4322 1825 4391 dejecutm
1861 4322 2098 4390 privare.

2199 3223 2341 3276 θότα
2386 3222 2526 3287 τοὺς
2554 3222 2866 3289 οὐρανοὺς,
2911 3221 3143 3289 Ἰησοῦν
3173 3219 3281 3274 τὸν
3308 3220 3445 3274 Υίὸν
3469 3218 3575 3272 τοῦ
3598 3217 3766 3280 Θεοῦ,

2199 3313 2257 3365 ὃν
2289 3311 2409 3364 οὔτε
2445 3314 2711 3382 προεῖναι,
2759 3311 2880 3364 οὔτε
2921 3311 3324 3382 προῦφεστάναι
3360 3309 3529 3378 τολμᾷ
3567 3305 3764 3374 λέγειν.

2200 3404 2335 3457 ἀλλὰ
2365 3403 2498 3474 μηδὲ
2531 3403 2769 3468 ἔσεσθαι,
2810 3403 2943 3474 μηδὲ
2993 3406 3103 3465 τοῖς
3135 3402 3310 3470 ἁγίοις
3343 3399 3434 3453 τοῦ
3463 3396 3601 3451 Θεοῦ
3633 3413 3763 3449 συν-

2202 3497 2441 3560 έσεσθαι,
2470 3495 2590 3549 κατ’
2609 3495 2776 3566 αὐτὴν
2795 3495 3006 3565 εκείνην
3028 3494 3127 3564 τὴν
3158 3491 3502 3562 ἐπαγγελίαν,
3529 3489 3628 3559 τῆς
3653 3487 3763 3540 τῶν

2201 3588 2443 3659 οὐρανῶν
2472 3586 2762 3657 βασιλείας.
2798 3585 3108 3657 Τηνικαῦτα
3129 3585 3237 3656 γὰρ
3261 3583 3367 3637 τῶν
3401 3581 3568 3650 ἁγίων
3597 3580 3768 3634 ἁπάν-

2201 3699 2310 3735 των
2341 3681 2669 3751 μεθεξόντων
2690 3681 2790 3750 τῆς
2813 3679 2905 3732 τοῦ
2933 3679 3066 3731 Θεοῦ
3093 3678 3369 3748 βασιλείας
3387 3677 3445 3729 ὲν
3475 3674 3769 3746 ἀφθάρτοις

2205 3774 2298 3827 καὶ
2328 3772 2618 3835 ἀθανάτοις
2665 3770 2902 3842 σώμασι,
2951 3771 3106 3842 μόνον
3135 3769 3226 3822 τὸν
3265 3767 3521 3840 Χριστὸν,
3553 3767 3646 3820 καὶ
3677 3764 3775 3836 τὴν

2206 3864 2386 3936 σάρκα
2409 3864 2474 3934 ἣν
2509 3864 2814 3935 ἀνείληφεν,
2852 3865 3142 3934 ἀποστερεῖ
3166 3862 3354 3932 αὐτῆς.
3391 3860 3500 3913 Καὶ
3533 3860 3595 3912 ού
3622 3858 3778 3930 φρίτ-

2205 3973 2287 4009 τει
2317 3957 2406 4008 τὸν
2441 3955 2682 4026 ἀρχηγὸν
2722 3956 2819 4025 τῆς
2853 3956 3221 4018 ἀναστάσεως,
3269 3953 3363 4007 τὸν
3405 3951 3504 4022 τῆς
3557 3951 3778 4004 αἰωνίου

2209 4046 2355 4116 ζωῆς
2388 4049 2500 4110 τοῖς
2529 4048 2693 4098 πᾶσιν
2743 4049 2917 4099 αἴτιον
2956 4045 3307 4099 ἐκπεσεῖσθαι
3349 4043 3450 4114 τῆς
3500 4041 3778 4113 βασιλείας

2207 4139 2268 4190 ού
2299 4138 2474 4208 μόνον,
2503 4137 2638 4191 ἀλλὰ
2674 4138 2766 4190 καὶ
2794 4138 2962 4207 αὐτῆς
3002 4138 3100 4208 τῆς
3127 4137 3270 4208 ζωῆς
3307 4135 3739 4205 ἀποφαινόμενος
3758 4150 3773 4163 ·

2208 4227 2395 4299 ῶσπερ
2409 4228 2472 4281 ἂν
2495 4228 2548 4279 εί
2569 4246 2651 4291 τις
2673 4227 2982 4297 ὀφθαλμοὺς
3001 4227 3099 4298 μὲν
3125 4213 3219 4297 δῷ,
3240 4226 3356 4295 φῶς
3385 4225 3442 4279 δὲ
3457 4225 3518 4279 τὸ
3537 4225 3635 4294 τῆς
3651 4223 3778 4276 τούι

2208 4336 2316 4373 των
2334 4318 2567 4391 χορηγὸν
2594 4319 2938 4389 ὲκλάμψεως,
2967 4318 3159 4372 ἀνέλοι.
3191 4319 3299 4371 Καὶ
3323 4318 3449 4371 οὔτε
3481 4319 3508 4372 6
3527 4315 3780 4379 τοσοῦτος

539 4430 652 4482 Non
685 4427 841 4480 aliter
873 4436 1037 4492 quam
1081 4421 1124 4474 si
1174 4419 1298 4488 quis
1339 4416 1530 4471 oculos
1576 4415 1876 4485 largiatur,
1927 4411 2088 4466 lucem

2215 4411 2310 4466 τοῦ
2348 4411 2482 4464 Θεοῦ
2510 4411 2737 4478 ἄγγελος
2769 4410 3029 4482 Γαϐριὴλ,
3063 4409 3186 4464 οὔτε
3223 4413 3251 4463 6
3283 4410 3458 4481 μέγας
3494 4409 3779 4480 προφήτης

538 4537 666 4578 vero
707 4520 920 4590 penitus
949 4513 1260 4574 amoliatur,
1293 4524 1410 4579 quae
1438 4518 1522 4562 est
1555 4507 1840 4560 oculorum
1879 4504 2102 4558 visionis

539 4631 636 4686 per
664 4611 1063 4677 eutanationem
1105 4605 1279 4674 origo.
1331 4603 1392 4656 Et
1438 4614 1610 4668 neque
1646 4607 1829 4652 tantus
1877 4596 1965 4650 ille
2008 4596 2102 4650 Dei

541 4683 765 4776 angelus
786 4697 1038 4756 Gabriel:
1067 4711 1170 4748 non
1201 4706 1427 4761 magnus
1459 4687 1550 4742 ille
1593 4688 1852 4756 propinata
1891 4683 2101 4745 Daniel,

540 4775 742 4866 tleiqtto
776 4795 979 4847 dictum
997 4799 1100 4852 est,
1132 4785 1271 4839 Num
1298 4796 1351 4835 tu
1381 4780 1598 4834 Daniele
1629 4779 1916 4846 sapientior
1943 4793 1995 4829 es
2019 4775 2103 4827 ⁸⁸⁸3

2209 4503 2429 4574 Δανιὴλ,
2471 4504 2599 4573 περὶ
2632 4498 2692 4556 οὗ
2744 4502 2965 4572 ἐλέχθη,
2997 4502 3090 4570 Μὴ
3121 4503 3200 4556 σὺ
3227 4501 3566 4572 σοφώτερος
3589 4497 3650 4554 ετ
3672 4499 3780 4553 τοῦ

2211 4595 2467 4661 Δανιήλ;
2501 4595 2621 4647 οὔτε
2651 4597 2679 4647 6
2717 4594 2968 4658 τοσοῦτος
2984 4597 3230 4659 Ἡσαΐας,
3259 4595 3370 4648 οὗθ’
3395 4599 3423 4649 6
3451 4595 3634 4658 λοιπὸς
3673 4593 3783 4646 τῶν

2211 4687 2503 4757 προφητῶν
2538 4688 2695 4758 χορὸς
2723 4686 2947 4739 τοιαῦτα
2998 4685 3070 4756 μὴ
3096 4686 3346 4756 γράφειν,
3375 4685 3509 4756 μηδὲ
3566 4687 3784 4758 φρονεῖν

2208 4777 2300 4829 τὸν
2335 4776 2504 4831 ᾶνδοα
2546 4777 2788 4840 ἔπεισαν,
2834 4778 2940 4830 οὐδ’
2969 4778 3124 4830 αὐτοὶ
3169 4777 3430 4842 Ἰουδαῖοι,
3477 4779 3606 4848 παρ’
3646 4771 3728 4839 οἷς
3758 4779 3787 4829 6

548 4967 605 5023 ὦ
647 4957 741 5012 Ed.
781 4955 978 5017 Paris.,
1011 4967 1132 5022 pag.
1163 4949 1250 5003 54.
1331 4947 1376 4978 ⁸⁸
1407 4944 1510 5000 lsa.
1545 4960 1622 5012 Ix,
1650 4943 1777 5007 6,7.
1854 4944 1897 4974 °'
1926 4940 2173 5006 llcbmv,
2225 4942 2325 5010 H;
2359 4957 2476 5006 vnt,
2511 4942 2560 4995 1.
2640 4941 2684 4972 ⁸⁸
2717 4942 2911 4996 Ezech.
2946 4951 3137 5005 xxvm,
3166 4941 3218 4995 ὅ.

546 5252 688 5299 νων,
719 5236 809 5288 ὅτι
856 5233 1015 5298 τινὲς
1047 5229 1164 5286 τῶν
1194 5229 1300 5283 τοῦ
1327 5225 1563 5282 Σατανᾶ
1596 5224 2110 5299 ὑπηρετῶνβέὅορ-

547 5292 827 5373 λήθησαν
870 5292 1026 5372 ὑμᾶς
1082 5300 1426 5373 ταράσσειν.
1475 5301 1537 5373 Ol
1588 5292 1835 5373 μέςνίότι
1883 5292 2114 5373 ξιῃσοιξς

548 5364 793 5439 δοκήσει
840 5364 1165 5444 ἐγεννήθη,
1191 5373 1290 5444 ,καὶ
1343 5364 1600 5444 ῥοφήσει
1639 5364 1999 5444 ἐσταυρῴρη.
2039 5367 2116 5444 -Οί

548 5445 638 5507 es,
663 5434 752 5498 ὅτι
784 5434 894 5498 οὑθὶ
922 5434 1090 5498 ἐστιν
1114 5434 1242 5508 ὺίύς
1272 5437 1375 5494 τοῦ
1402 5435 1780 5508 δημιουργοῦ.
1817 5439 1879 5488 Οὶ
2029 5434 2117 5487 ὅτι

549 5503 731 5579 αὐτός
771 5515 942 5567 ἐστιν
983 5518 1015 5567 ό
1058 5513 1156 5565 ἐπὶ
1204 5503 1880 5579 ¹πάντωνὉεόςξ.’Ἄλλοι
1916 5503 1984 5579 δε
2021 5509 2119 5579 ψι-

547 5583 661 5648 λὸς
708 5575 1029 5650 ἄνθρωπος.
1073 5584 1294 5652 Ἕτεροι
1346 5581 1433 5645 δὲ,
1469 5579 1586 5652 ὅτι-
1603 5576 1923 5652 σὰρξ-Δοῦλε
1959 5575 2112 5652 ἐγεί-

549 5647 741 5724 ρεται,
769 5647 872 5706 etc.
913 5647 994 5706 Ila
1033 5647 1266 5721 lgnatiits
1303 5651 1524 5721 cpistola
1559 5650 1609 5711 5,
1647 5648 1856 5724 etunlilti
1884 5647 2111 5724 similia;

2219 5224 2556 5279 divinitatem
2593 5223 2913 5278 detrahebat
2957 5239 3211 5279 concessa
3255 5221 3614 5277 humanitate.
3660 5223 3790 5291 Quae

2221 5294 2608 5348 humanitatem
2659 5295 2895 5365 negabat
2939 5295 3066 5365 data
3111 5293 3415 5347 divinitate.
3447 5292 3786 5365 Δβξιιτιοιιτειε,

2223 5365 2496 5418 hominem
2525 5361 2994 5419 merum'docebat.
3021 5363 3427 5428 Samosatenus,
3447 5361 3638 5415 Filium
3671 5364 3788 5427 Dei,

2224 5438 2316 5505 sed
2347 5435 2488 5488 κατὰ
2516 5437 2834 5505 προκοπήν;
2888 5434 3158 5505 hominem
3211 5435 3480 5505 negabant
3523 5432 3785 5505 Marcion,

2227 5504 2536 5570 Manichasi;
2564 5501 2963 5571 phantasticum
2992 5501 3369 5557 Gnoslicorum
3405 5502 3620 5556 Dociue.
3653 5501 3794 5555 Mar-

2217 5574 2382 5628 cellus
2417 5575 2647 5645 ὓπαρξιν
2682 5585 2965 5645 accusatur
2994 5575 3280 5627 sustulisse
3317 5573 3438 5626 Filii
3479 5573 3607 5626 Dei:
3641 5575 3789 5641 quod

2222 5659 2390 5719 nemo
2428 5643 2577 5719 prius
2626 5643 3121 5719 (ξι-ιιι..ἱιιίίοἰιιιξιεςΔ
3157 5660 3281 5696 nam
3335 5654 3403 5719 et-
3439 5645 3652 5696 Δοκίται
3687 5644 3793 5719 τὴν

551 5711 889 5781 adversarius
917 5724 1002 5778 hic
1027 5711 1257 5780 b‘z'ercses
1281 5711 1668 5777 commemorat
1691 5717 1967 5772 Eusebius.
1991 5716 2120 5783 Qua!
2223 5711 2476 5787 ὓπαρξιν,
2502 5716 2691 5773 saltem
2723 5715 2960 5770 divinam
2996 5713 3323 5771 fatebantur.
3355 5711 3423 5768 M.
