4098 6200
369 337 468 391 731

1494 343 1768 396 CONTRA
1811 343 2230 399 MARCELLUM
2274 344 2398 395 Llll.
2442 343 2503 397 ll.

3486 346 3592 377 αισα

3497 377 3598 404 lx.‘

365 455 818 524 προσδοκώμενος
841 454 1007 507 εἰσέτι
1052 454 1144 507 νῦν
1169 458 1417 527 Χριστὸς,
1452 458 1510 509 ὃν
1554 459 1920 526 Ἠλειμμένοι

2038 474 2139 511 non
2176 460 2298 513 talis
2336 470 2625 529 tantusque
2679 470 2828 515 vates
2880 460 3085 517 lsaias:
3135 475 3240 515 non
3296 461 3594 532 propheta-

365 544 562 597 καλεῖν
596 543 863 607 είὼθασιν,
906 546 1100 616 ἀγήρω
1156 546 1253 617 τὴν
1309 548 1583 616 βασιλείαν
1630 551 1723 602 καὶ
1775 549 1935 602 θάνα-

364 652 461 688 τον
486 635 628 699 ἕξειν
658 635 767 704 (56)
800 636 1099 699 ἐλπίζεται.
1168 637 1324 691 Ἀλλὰ
1374 640 1465 692 καὶ
1495 640 1698 693 τούτων
1744 642 1932 708 γέγονε

369 726 571 797 χείρων
589 729 616 778 6
641 727 731 780 καὶ
758 728 835 790 είς
858 728 955 797 τὴν
994 726 1167 798 ἀρχὴν
1195 729 1327 799 ὁμοῦ
1362 731 1455 783 καὶ
1476 732 1553 794 εἰς
1574 731 1633 784 τὸ
1660 732 1811 795 τέλος
1840 731 1931 785 τοῦ

371 818 502 872 Υἱσῦ
516 818 645 871 Θεοῦ
658 817 920 889 ἀσεϐῆσαι
933 819 1101 890 τολμή
1110 820 1288 884 σας,δν
1301 822 1570 885 οὐδάὺτὺς
1585 823 1613 874 6
1629 823 1767 886 θεῖος
1785 825 1933 876 Ἀπό-

373 908 555 971 στσλοις
596 907 1009 978 κατεδυσώπησε
1055 910 1127 980 μὴ
1159 910 1381 965 τοιαῦτα
1410 912 1642 975 ἀσεϐεῖν,
1679 913 1933 982 ἄντικρυς

372 997 561 1065 λέγων,
581 997 801 1063 Πιστὸς
818 1000 850 1049 ὀ
876 997 1077 1066 λόγος’
1095 999 1147 1050 εὶ
1167 997 1275 1066 γὰρ
1304 999 1811 1068 συναπεθάνομεν,
1833 1000 1930 1052 καὶ

371 1087 729 1157 συζήσομεν,
750 1089 801 1141 εὶ
819 1086 1209 1156 ὑπομένομεν,
1228 1089 1321 1141 καὶ
1346 1092 1929 1159 συμϐασιλεύσομεν,

370 1182 461 1235 καὶ
500 1180 865 1250 κληρονόμους
895 1180 993 1250 μὲν
1028 1182 1173 1250 ἡμᾶς
1200 1180 1413 1235 ἔσεσθαι
1436 1182 1528 1234 τοῦ
1550 1182 1705 1247 Θεοῦ,
1732 1184 1791 1235 οὺ
1828 1183 1930 1252 μὴν

365 1273 485 1344 δίχα
519 1272 613 1326 τοῦ
659 1272 914 1342 Χριστοῦ.
959 1274 1323 1342 κληρονόμοι
1360 1274 1501 1345 γὰρ,
1544 1260 1702 1345 φησι,
1752 1274 1928 1336 Θεοῦ,

364 1363 849 1431 συνκληρονόμοι
870 1361 936 1414 δὲ
968 1362 1071 1415 τοῦ
1090 1361 1362 1429 Χριστοῦ·
1392 1365 1555 1431 εἴπερ
1579 1363 1930 1433 συμπάσχοο

357 1471 495 1524 μεν,
524 1453 628 1506 ἵνα
680 1454 777 1506 καὶ
821 1452 1342 1522 συνδοξασθῶμεν.
1398 1454 1506 1507 Καὶ
1536 1455 1724 1508 πάλιν*
1756 1458 1822 1509 El
1865 1455 1931 1508 δὲ

360 1543 759 1612 ἀπεθάνομεν,
794 1543 945 1614 φησὶ,
978 1542 1098 1596 σὺν
1128 1542 1377 1611 Χριστῷ,
1411 1545 1801 1614 πιστεύομεν.
1843 1544 1930 1598 ὅτι

362 1637 461 1690 καὶ
493 1633 835 1704 συζιὶσομεν
858 1633 1043 1700 αὐτῷ,
1073 1634 1297 1699 ειδότες
1334 1636 1421 1689 ὄτι
1449 1637 1700 1703 Χριστὸς
1724 1677 1737 1699 ,
1770 1637 1930 1705 ἐγερ-

364 1726 488 1792 θεὶς
538 1727 606 1779 ἐκ
638 1724 886 1792 νεκρῶν,
934 1727 1045 1780 οὐκ
1101 1726 1186 1779 ἔτι
1235 1726 1602 1785 ἀποθνήσκει
1626 1745 1637 1757 ·
1676 1727 1929 1794 θάνατος

365 1816 553 1871 αὑτοῦ
575 1819 683 1871 οὐκ
714 1819 798 1871 ἐτι
830 1817 1147 1885 κυριεύσειο
1177 1820 1270 1871 καὶ
1289 1814 1460 1882 αὖθις·
1483 1820 1552 1872 Τὸ
1574 1818 1641 1872 δὲ
1670 1819 1928 1889 χάρισμα

367 1908 477 1962 τοῦ
507 1908 651 1962 Θεοῦ
675 1907 783 1977 ζωὴ
810 1909 1043 1975 αἰώνιος
1059 1910 1129 1964 ἐν
1151 1909 1379 1978 Χριστῷ
1414 1911 1605 1978 Ἰησοῦ
1638 1911 1715 1977 τῷ
1734 1913 1928 1978 Κιρίῳ

372 2000 561 2067 ἡμῶν.
595 2000 794 2053 Οὐκοῦν
828 2004 861 2072 ἡ
901 2001 1116 2065 αἰώνιος
1148 2002 1259 2074 ζωὴ
1286 2004 1383 2056 οὐκ
1415 2003 1588 2067 ἄλλως
1620 2006 1748 2074 ἡμῖν
1774 2022 1927 2075 πορι-

376 2092 627 2162 σθήσεται
654 2092 685 2161 ἢ
714 2095 770 2145 ὲν
808 2092 1027 2165 Χριστῷ
1072 2093 1246 2163 Ἰησοῦ
1285 2094 1361 2163 τῷ
1396 2096 1580 2167 Κυρίῳ
1609 2095 1765 2166 ἡμῶν
1788 2113 1800 2125 ·
1833 2097 1927 2149 καὶ

373 2186 404 2255 ἡ
437 2184 587 2248 ἐλπὶς
610 2185 766 2255 ἡμῶν
781 2187 878 2255 οὐχ
908 2185 1092 2249 ἁπλῶς
1108 2186 1290 2257 ζῆσαι,
1315 2187 1449 2241 ἀλλὰ
1471 2190 1568 2241 σὺν
1597 2188 1744 2258 αὐτῴ
1771 2188 1927 2253 695a—

370 2277 577 2347 σθῆναι,
613 2278 706 2332 καὶ
760 2278 854 2331 σὺν
879 2278 1025 2349 αὑτῷ
1058 2278 1480 2351 κληρονομῆσαι,
1518 2282 1611 2333 καὶ
1658 2283 1753 2334 σὺν
1780 2281 1926 2351 αὐτῷ

368 2369 684 2439 βασιλεῦσαι
707 2386 720 2400 ⁸
753 2372 926 2424 πάντα
960 2373 1067 2442 γὰρ
1091 2375 1219 2443 ἡμῖν
1240 2374 1303 2425 ὲκ
1333 2373 1431 2443 τῆς
1455 2373 1616 2426 αὑτοῦ
1646 2373 1926 2436 κοινωνίας

364 2461 632 2533 ὑπάρξει·
678 2462 707 2514 ὃ
744 2462 979 2516 διδάσκει
1048 2466 1076 2516 6
1144 2465 1303 2527 αὐτὸς
1359 2465 1569 2535 φήσας’
1626 2464 1844 2529 Πιστὸς
1893 2467 1926 2517 ό

364 2552 530 2620 Θεὸς,
546 2553 617 2607 δι’
638 2550 708 2610 οὗ
723 2553 1013 2621 ἐκλήθητε
1028 2557 1115 2622 εις
1131 2556 1443 2608 κοινωνίαν
1464 2556 1566 2609 τοῦ
1592 2557 1725 2609 Υἱοῦ
1742 2555 1925 2608 αὑτοῦ

375 2644 579 2711 Ἰησοῦ
593 2646 847 2713 Χριστοῦ
863 2644 968 2699 τοῦ
985 2645 1200 2713 Κυρίου
1216 2644 1400 2713 ἡμῶν.
1420 2645 1513 2708 Τίς
1532 2645 1587 2696 δὲ
1604 2646 1635 2711 ἡ
1654 2645 1921 2707 κοινωνία,

364 2734 681 2806 παρίστησι,
708 2737 801 2789 καὶ
833 2737 1138 2807 συνήγειρε,
1159 2736 1356 2805 λέγων’
1384 2736 1489 2789 Καὶ
1525 2735 1925 2790 συνεκάθισεν

364 2833 435 2878 ἐν
462 2826 589 2893 τοῖς
627 2827 1019 2896 ἐπουρανίοις,
1065 2829 1133 2881 ἐν
1158 2827 1389 2896 Χριστῷ
1441 2827 1661 2895 Ἰησοῦ,
1693 2828 1791 2881 ἵνα
1830 2828 1923 2880 ἐν·-

366 2919 631 2985 ὄείξηται
673 2920 741 2972 ἐν
788 2919 911 2987 τοῖς
957 2919 1129 2974 αὶῶσι
1181 2919 1305 2985 τοῖς
1369 2919 1787 2989 ἐπερχομένοις
1858 2919 1923 2972 τὸ

364 3014 745 3082 ὑπερϐάλλον
781 3015 1036 3081 πλοῦτος
1064 3014 1173 3081 τῆς
1203 3013 1439 3083 χάριτος
1471 3014 1540 3067 ἐν
1568 3016 1923 3085 χρηστότητι

365 3109 459 3175 ἐρ’
479 3105 719 3175 ἡμᾶς-ὲν
748 3106 970 3174 Χριστῷ
1001 3107 1223 3174 Ἰησοῦ.
1265 3106 1321 3160 'O
1352 3106 1397 3158 δ’
1427 3105 1585 3168 αὐτὸς
1621 3104 1713 3157 καὶ
1753 3103 1922 3158 ταῦτα

2041 566 2157 604 rum
2210 565 2495 607 consessus
2545 552 2870 621 persuadere
2909 556 3035 610 huic
3086 556 3288 611 homini
3351 567 3597 626 potuere,

2036 654 2143 709 quo
2196 640 2374 693 minus
2422 641 2534 694 haec
2578 643 2868 709 scriberet,
2918 653 2973 697 et
3008 645 3341 715 Opinaretur.
3392 645 3501 698 lino
3528 662 3596 700 ne

2035 733 2249 801 quidem
2280 733 2446 787 Judaei
2481 735 2603 804 ipsi,
2640 737 2779 805 apud
2829 753 2986 806 quos.
3024 739 3113 804 qui
3158 741 3333 794 adhuc
3374 740 3592 809 quidem

2033 834 2377 894 exspectatur
2399 825 2667 891 Christus,
2694 843 2852 895 quem
2876 829 2946 881 illi
2968 828 3299 883 Elimmenon
3316 831 3596 900 appellare

2035 918 2231 983 solent,
2265 920 2500 971 creditur
2544 919 2831 974 habiturus
2866 935 3087 989 regnum
3133 936 3234 976 non
3268 922 3586 986 desiturum,

2034 1017 2127 1061 aut
2152 1020 2375 1061 mortem
2411 1010 2523 1078 ipse
2558 1010 2827 1064 obiturus.
2881 1010 3063 1081 Longe
3088 1014 3301 1081 quidem
3335 1014 3454 1068 istis
3488 1014 3586 1068 de-

2037 1100 2202 1154 terior
2234 1109 2315 1153 est
2345 1100 2433 1169 qui
2479 1118 2583 1155 non
2619 1114 2834 1157 veretur
2864 1103 3194 1172 impietatem
3226 1103 3429 1167 fovere,
3466 1122 3584 1159 cum

2033 1189 2099 1244 de
2129 1190 2283 1243 initio
2314 1190 2400 1245 Dei
2431 1190 2570 1253 Filii.
2590 1202 2702 1246 tum
2733 1193 2798 1246 de
2829 1194 2951 1247 line.
2982 1194 3149 1259 Quem
3180 1210 3282 1250 non
3306 1197 3476 1263 potuit
3505 1196 3589 1249 di-

2032 1280 2188 1334 vinus
2217 1281 2506 1349 Apostolus
2533 1281 2828 1345 inﬂectere,
2864 1298 2930 1336 ne
2955 1298 3020 1337 eo
3052 1298 3225 1352 usque
3266 1299 3587 1354 prorumpe-

2035 1381 2116 1424 ret
2145 1372 2471 1439 impietatis,
2514 1374 2637 1426 dum
2674 1373 2746 1427 ita
2780 1374 3057 1443 loquitur:
3082 1373 3281 1429 Fidelis
3314 1376 3396 1428 hic
3422 1392 3588 1429 sermo

2031 1471 2125 1525 est,
2160 1463 2205 1515 si
2236 1479 2351 1515 cum
2409 1463 2502 1516 illo
2552 1467 2753 1517 mortui
2796 1467 2982 1533 simus,
3028 1483 3131 1520 una
3165 1484 3283 1520 cum
3322 1468 3415 1521 illo
3453 1468 3589 1521 viue-

2031 1570 2143 1606 mus
2174 1571 2191 1607 :
2216 1555 2592 1623 sisuﬁ'eramus
2618 1570 2663 1610 et
2694 1559 3142 1628 conregnabimus,
3170 1560 3235 1613 θ’.
3259 1560 3323 1613 Ει
3348 1560 3589 1615 lueretles

2029 1646 2241 1711 quidem
2302 1662 2399 1701 nos
2452 1647 2659 1702 futuros
2715 1649 2804 1704 Dei
2855 1652 3033 1717 docet,
3089 1667 3195 1705 non
3244 1662 3425 1706 tamen
3468 1654 3586 1707 sine

2028 1736 2264 1791 Christo.
2302 1736 2570 1805 Hau-edes,
2624 1739 2817 1809 inquit,
2885 1740 3021 1794 Dei:
3074 1742 3369 1797 cohteredes
3410 1753 3586 1797 autem

1959 1851 2000 1903 Β
2031 1828 2251 1891 Christi,
2309 1831 2354 1883 si
2413 1832 2813 1899 compatiuntur,
2862 1844 2917 1885 ut
2972 1850 3173 1904 quoque
3228 1835 3587 1905 congloriﬁce-

2030 1933 2149 1969 mur
2167 1918 2233 1971 ⁷⁵.
2264 1918 2327 1972 Et
2364 1935 2586 1973 rursus:
2628 1920 2690 1975 Si
2743 1923 2935 1975 mortui
2982 1939 3185 1987 sumus,
3224 1924 3419 1993 inquit,
3467 1943 3586 1980 cum

2030 2006 2258 2074 Christo,
2318 2011 2577 2063 credimus
2629 2011 2767 2081 quod
2822 2014 3043 2067 vivemus
3101 2032 3206 2068 una
3264 2032 3380 2069 cum
3439 2018 3582 2083 illo;

2027 2100 2247 2153 scientes
2273 2102 2413 2170 quod
2453 2101 2695 2156 Christus
2754 2104 2818 2156 de
2864 2106 3085 2159 mortuis
3127 2108 3430 2172 suscitatus,
3480 2127 3585 2163 nou

2029 2191 2248 2244 ulterius
2282 2194 2520 2255 moritur,
2579 2212 2720 2247 mors
2783 2196 2953 2248 adhuc
3002 2198 3079 2249 illi
3131 2214 3234 2253 non
3289 2201 3585 2255 dominabi-

2028 2289 2115 2332 tur
2148 2282 2227 2335 “z
2256 2295 2308 2337 et
2345 2284 2537 2337 iterum
2568 2303 2578 2338 :
2609 2284 2814 2338 Donum
2863 2303 2975 2339 vero
3007 2286 3103 2341 Dei
3132 2299 3208 2342 est
3238 2290 3342 2344 vita
3366 2301 3581 2350 (eterna.

2028 2374 2080 2425 in
2137 2372 2266 2427 Jesu
2313 2372 2520 2429 Christo
2571 2374 2796 2429 Domino
2853 2388 3032 2431 nostro
3077 2379 3143 2433 ⁷³.
3195 2377 3363 2434 Vitam
3423 2383 3584 2451 igitur

2025 2475 2281 2519 aeternam
2314 2484 2416 2520 non
2451 2466 2666 2520 aliunde
2690 2483 3104 2539 consequemur,
3125 2485 3282 2539 quam
3308 2487 3402 2540 per
3424 2471 3583 2527 Chri-

2024 2564 2163 2608 stum
2202 2555 2384 2609 Jesum
2416 2556 2692 2609 Dominum
2729 2568 2988 2611 nostrum.
3018 2558 3082 2612 Et
3115 2575 3237 2630 spes
3262 2561 3349 2615 illa
3379 2578 3476 2615 nos
3501 2562 3583 2619 ΐο-

2024 2653 2131 2708 vet,
2170 2660 2272 2697 non
2316 2645 2485 2697 solum
2512 2646 2651 2711 quod
2683 2646 2942 2709 vivemus,
2974 2646 3066 2700 sed
3101 2650 3240 2716 quod
3262 2650 3422 2704 etiam
3456 2668 3578 2705 cum

2026 2732 2114 2785 illo
2144 2748 2244 2785 una
2272 2732 2710 2801 gloriﬁcabimur,
2751 2744 2806 2787 et
2850 2735 3221 2791 haereditatetn
3250 2753 3351 2792 una
3384 2754 3577 2795 conse—

2024 2837 2269 2892 quemur,
2305 2830 2358 2876 et
2403 2838 2521 2875 cum
2554 2838 2618 2877 eo
2666 2823 2821 2877 simul
2872 2827 3346 2896 conregnabimus.
3386 2830 3578 2886 Omnia

2023 2915 2164 2969 enim
2190 2924 2372 2970 nostra
2420 2914 2573 2969 nobis
2618 2915 2937 2982 proveniunt
2977 2917 3045 2971 ab
3087 2917 3197 2984 illa,
3229 2934 3388 2989 quam
3414 2921 3580 2977 habe-

2026 3024 2143 3062 mus
2165 3024 2286 3063 cum
2316 3024 2401 3073 eo,
2432 3009 2841 3064 communione:
2868 3012 3007 3078 quod
3040 3012 3195 3067 docet
3223 3014 3337 3084 ipse
3381 3014 3578 3071 Paulus

2026 3104 2113 3158 ubi
2144 3105 2248 3158 ait:
2283 3103 2482 3159 Fidelis
2536 3104 2670 3159 Deus
2719 3115 2815 3169 est,
2846 3123 2938 3176 per
2964 3124 3112 3177 quem
3152 3112 3318 3164 vocati
3355 3112 3479 3165 estis
3508 3112 3579 3166 ml

366 3196 617 3266 περὶτοῦ
658 3197 898 3268 Σωτῆρος
934 3197 1176 3250 ἐδίδασκε
1212 3195 1463 3265 φάσκων·
1510 3196 1573 3248 Ὃ
1604 3195 1692 3259 δὲ,
1731 3194 1828 3248 διὰ
1854 3194 1919 3247 τὸ

2022 3197 2433 3250 communionem
2484 3194 2614 3250 Filii
2651 3198 2753 3260 sui,
2804 3196 2933 3251 Jésu
2983 3198 3178 3253 Christi
3232 3200 3441 3255 Domini
3483 3220 3577 3257 no-

355 3288 565 3358 ,ιιένειν
589 3290 773 3342 αὐτὸν
796 3291 881 3356 εὶς
908 3289 1012 3343 τὸν
1030 3288 1232 3352 αἰῶνα,
1258 3287 1636 3355 ἀπαράϐατον
1654 3288 1773 3356 ἔχει
1805 3286 1916 3353 τὴν

359 3383 690 3451 ιερωσύνην
707 3400 719 3412 ’
762 3382 900 3437 ὅθεν
928 3381 1026 3434 καὶ
1067 3378 1271 3440 σώζειν
1294 3383 1379 3444 εἰς
1404 3377 1469 3432 τὸ
1498 3377 1790 3445 παντελὲς
1816 3378 1917 3432 δύο

360 3491 531 3528 ναται
554 3473 693 3539 τοὺς
708 3474 1065 3541 προσιόντας
1090 3472 1162 3525 δι’
1179 3471 1363 3526 αὐτοῦ
1393 3468 1471 3536 τῷ
1504 3469 1645 3536 Θεῷ,
1666 3468 1919 3523 πάντοτε

360 3565 492 3629 ζῶν,
525 3568 611 3632 εὶς
633 3566 698 3619 τὸ
718 3564 1106 3634 ἐντυγχάνειν
1133 3563 1283 3633 ὑπὲρ
1312 3561 1526 3618 αὐτῶν.
1556 3563 1627 3616 Οὐ
1654 3561 1756 3633 μὴν
1786 3561 1918 3614 ἀλλὰ

361 3658 457 3709 καὶ
511 3657 602 3709 τὸν
644 3656 973 3726 Μελχισεδὲκ
1029 3656 1107 3718 είς
1160 3655 1221 3707 τὸ
1254 3654 1495 3725 διηνεκὲς
1540 3652 1688 3723 ἱερέα
1741 3652 1919 3722 μένειν

360 3746 530 3814 ἔλεγε,
583 3745 670 3798 διὰ
726 3745 788 3798 τὸ
859 3743 1289 3815 ἀφομοιούμενον
1333 3738 1471 3796 εἶναι
1517 3742 1594 3812 τῷ
1640 3740 1754 3811 Υίῷ
1816 3740 1911 3793 τοῦ

359 3837 514 3890 Θεοῦ.
557 3838 696 3890 Ἀλλ’
734 3838 816 3890 ὃτι
874 3837 972 3908 μὲν
1012 3836 1221 3898 τούτοις
1269 3834 1472 3888 ἅπασιν
1516 3834 1546 3886 6
1600 3832 1915 3903 Μάρκελλος

358 3931 617 3986 τάναντία
658 3931 886 4000 γράφειν
910 3930 1109 3999 ἐτόλμα
1142 3927 1330 3999 μικρὸν
1363 3927 1584 3997 ὕστερον
1608 3924 1917 3995 παρατεθή-

362 4039 533 4088 σεται,
560 4024 674 4075 νυνὶ
699 4023 754 4075 δὲ
777 4023 922 4085 ὅπως
948 4021 1159 4091 ἐφρόνει
1186 4017 1424 4087 περὶτοῦ
1458 4018 1591 4088 μηδὲ
1617 4017 1714 4087 τὴν
1742 4016 1913 4087 ἀρχὴν

358 4108 518 4167 εἶναι’
561 4112 681 4183 μηδ’
712 4111 1004 4182 ὑφεστάναι
1042 4111 1129 4163 τὸν
1151 4109 1242 4163 τοῦ
1267 4108 1399 4161 Θεοῦ
1430 4108 1576 4174 Υίὸν,
1599 4106 1915 4177 θεασώμεθα

358 4202 521 4273 πρότε
531 4220 634 4273 ρον.

2023 3288 2118 3342 stri
2142 3289 2208 3341 ⁷⁸.
2243 3288 2500 3355 Quaenam
2531 3303 2659 3343 vero
2690 3288 2777 3342 illa
2817 3290 2885 3344 sit
2918 3290 3228 3344 communio
3284 3292 3460 3347 docet.
3508 3291 3576 3346 Et

2022 3380 2308 3440 suscitavit,
2362 3380 2456 3443 ait,
2488 3389 2533 3432 et
2570 3380 2749 3432 sedere
2801 3380 2920 3448 fecit
2973 3380 3120 3432 illum
3151 3398 3182 3433 a
3218 3383 3436 3449 dextris,
3469 3400 3577 3438 una

2021 3487 2192 3524 secum
2218 3471 2270 3522 in
2316 3470 2603 3523 caelestibus
2639 3470 2692 3522 in
2720 3468 2926 3523 Christo
2960 3468 3113 3534 Jesu,
3152 3482 3205 3523 ut
3254 3475 3491 3526 ostendat
3520 3476 3575 3526 in

2021 3559 2246 3611 venturis
2280 3557 2400 3610 olim
2425 3558 2635 3610 sarculis
2666 3558 3141 3625 superabundautes
3188 3558 3399 3613 divitias
3444 3577 3570 3629 gra-

2021 3654 2131 3709 me.
2162 3648 2215 3700 in
2255 3648 2480 3700 bonitate
2506 3662 2631 3714 erga
2658 3662 2750 3699 nos
2783 3647 2836 3699 in
2867 3645 3075 3699 Christo
3100 3644 3229 3698 Iesu
3258 3646 3323 3701 ⁷⁸.
3351 3647 3490 3701 Idem
3518 3662 3574 3703 et

2023 3741 2087 3794 tle
2119 3739 2406 3793 Servatore
2432 3738 2618 3790 eadem
2656 3737 2838 3791 docuit
2885 3738 2971 3789 ubi
3019 3738 3230 3805 inquit:
3266 3738 3386 3803 Qui,
3434 3745 3573 3810 quod

2022 3840 2227 3885 maneat
2255 3832 2307 3884 in
2343 3840 2620 3896 wternum,
2651 3830 2972 3883 immutabile
3003 3830 3152 3883 habet
3186 3833 3532 3886 sacerdotium
3552 3849 3574 3887 :

2021 3928 2156 3979 unde
2178 3938 2224 3979 et
2248 3944 2453 3981 servare
2477 3943 2651 3980 omnes
2693 3935 2859 3994 potest
2883 3929 2971 3994 qui
3012 3930 3264 3981 accedunt
3298 3944 3387 3995 per
3423 3928 3569 3982 illum

2020 4023 2089 4069 ad
2114 4019 2299 4083 Deum,
2337 4036 2539 4088 semper
2569 4022 2758 4079 vivens.
2784 4022 2837 4073 in
2858 4035 2973 4073 eum
2998 4020 3176 4087 linem,
3210 4030 3264 4071 ut
3293 4035 3387 4084 pro
3421 4019 3571 4072 nobis

2019 4109 2303 4161 intercedat
2339 4110 2405 4161 ⁷⁸.
2454 4115 2512 4171 >14
2556 4108 2691 4174 Quin
2742 4117 2795 4162 et
2856 4107 3212 4162 Melcltisedec
3262 4123 3565 4161 mansurum

2021 4197 2357 4251 sacerdotem
2384 4197 2436 4251 in
2461 4206 2717 4251 a-ternum
2750 4197 3053 4262 conﬁrmat,
3089 4211 3153 4252 eo
3185 4199 3324 4265 quod
3359 4196 3568 4251 assimi-

359 4293 498 4347 letur
528 4294 664 4349 Filio
696 4294 810 4349 Dei.
848 4292 1004 4349 Hisce
1038 4303 1213 4347 tamen
1249 4290 1495 4343 oumilms
1519 4304 1704 4343 ausum
1748 4288 1909 4341 fuisse
1949 4286 2255 4342 Marcellum
2314 4289 2583 4341 contraria
2645 4289 2800 4355 plane
2850 4290 3105 4342 mandare
3154 4288 3366 4349 litteris,
3410 4287 3566 4355 paulo

356 4398 475 4455 post
504 4398 833 4454 propoiietur
854 4388 1155 4453 cuicunque
1201 4383 1532 4437 intuendum.
1570 4381 1622 4435 ln
1660 4380 1907 4451 pnesenti
1946 4390 2121 4433 autem
2156 4380 2559 4448 despiciendum
2622 4380 2776 4434 nobis
2829 4381 2981 4447 prius
3012 4391 3114 4443 est,
3163 4394 3321 4447 quam
3356 4377 3567 4431 fovebat

355 4479 448 4533 ille
471 4478 815 4544 sententiam,
848 4480 914 4535 de
943 4478 1077 4534 Filio
1113 4477 1203 4532 Dei
1242 4495 1343 4529 non
1378 4474 1673 4529 exsistente
1715 4473 1782 4526 ab
1814 4473 1965 4527 initio
2007 4488 2105 4526 nec
2145 4473 2336 4526 sortito
2377 4473 2805 4525 subsistentiatu.

468 4687 524 4744 >14
570 4680 664 4736 Ed.
694 4680 1024 4745 Paris..png.
1063 4679 1148 4733 35.
1215 4679 1259 4709 δ’
1300 4679 1334 4731 ΙΙ
1378 4676 1516 4731 Tim.
1554 4694 1613 4738 ll,
1654 4679 1735 4738 ll,
1770 4679 1848 4732 l2.
1926 4682 1971 4711 "°
2006 4681 2158 4733 ιζυιιι.
2192 4696 2303 4744 wn,
2350 4682 2429 4736 l7.

1403 4750 1447 4777 ⁷⁸
1479 4746 1639 4801 Hebr.
1671 4765 1758 4805 Vll.
1796 4750 1887 4807 ει.
1911 4751 2002 4804 25.

353 4749 585 4805 algor.
621 4767 657 4815 ι,
684 4753 736 4805 9.
809 4751 853 4781 ⁷⁸
880 4753 1070 4818 lipltes.
1107 4750 1236 4814 ",6.
1274 4749 1324 4800 7-

425 5086 536 5152 (56)
574 5085 681 5139 Καὶ
716 5084 971 5164 θάνατον
1007 5083 1184 5146 ἕξειν.
1205 5083 1351 5164 "lino
1378 5081 1677 5164 _devarov,
1717 5097 1905 5149 nempe
1936 5106 1982 5164 ι)

354 5172 599 5225 regnum,
630 5155 943 5225 uI_requirit
964 5168 1182 5225 sensus.
1204 5153 1266 5206 Et
1290 5152 1455 5206 Judaei
1488 5168 1585 5225 suo
1609 5155 1901 5225 etiamnum

349 5222 665 5295 exspectato
690 5222 897 5295 Messias
936 5222 1316 5295 attribuebant,
1341 5237 1497 5295 quem
1534 5223 1802 5295 hominem
1836 5224 1903 5277 de

350 5291 573 5350 homine
602 5293 950 5361 temporalem
990 5293 1302 5362 principem,
1336 5291 1472 5362 μετὰ
1506 5292 1747 5362 μεγάλης
1775 5309 1903 5361 φαν-

346 5364 541 5427 τασίας
569 5378 621 5420 et
650 5363 927 5433 δυνάμεως
958 5371 1321 5431 regnaturum,
1350 5364 1416 5414 ab
1434 5363 1545 5433 Elia
1568 5365 1898 5429 ungendum,

348 5436 430 5489 sui
465 5432 799 5502 ignorantem
834 5445 961 5502 ante
1006 5433 1309 5485 unctionem
1340 5448 1353 5483 :
1394 5432 1516 5502 aliis
1565 5433 1895 5502 incognitum

350 5500 708 5558 deblaterant.
740 5503 871 5556 Vide
897 5500 1093 5556 Justin.
1122 5502 1409 5569 Martyrem
1438 5501 1629 5555 Contra
1651 5500 1895 5555 Jttdaaum

353 5572 698 5644 Tryphonem.
723 5573 994 5644 Nusquam
1022 5586 1145 5625 vero
1170 5572 1385 5644 memini
1413 5572 1622 5639 legisse,
1651 5588 1679 5644 a
1703 5569 1900 5644 ludatis

354 5640 599 5697 Ile'ssiam
636 5658 792 5698 suum
831 5640 1157 5695 ElimmenOn
1208 5642 1563 5708 appellatum,
1612 5641 1714 5694 nisi
1759 5641 1896 5707 apud

354 5713 523 5780 ipsum
562 5715 702 5767 hunc
736 5722 975 5765 nostrum
1012 5711 1202 5765 Euseb.
1233 5712 1323 5763 lib.
1352 5726 1402 5764 Iv
1437 5714 1787 5764 Demonstrat.
1820 5726 1896 5762 ev.

344 5797 470 5855 pag.
499 5783 619 5852 HD,
646 5784 842 5851 Διόπερ
864 5780 1091 5851 Χριστὸν
1116 5782 1206 5834 καὶ
1238 5781 1586 5852 Ἠλειμμένον
1612 5781 1703 5833 τὸν
1732 5780 1897 5848 αὐτῆς

2540 4684 2580 4712 ⁷⁸
2612 4682 2763 4735 Rom.
2806 4700 2879 4746 Vt,
2903 4683 2956 4745 8,
2981 4684 3031 4738 9.
3110 4684 3152 4711 ⁷³
3186 4681 3375 4749 Eplu-s.
3410 4696 3469 4746 ll,
3503 4680 3557 4736 8.

2009 5084 2237 5155 χρίσεως
2291 5084 2510 5153 μέτοχον
2573 5082 2923 5136 ἀποκαλοῦσι.
2974 5082 3039 5135 Et
3085 5082 3163 5155 sic
3206 5084 3306 5155 b_o_c
3353 5082 3468 5136 loco
3507 5084 3556 5139 i1

2010 5152 2157 5235 Ecstu
2192 5152 2427 5235 queque
2445 5152 2826 5235 scribendum;
2875 5162 2941 5235 et.
2969 5152 3188 5235 prohillo
3227 5153 3557 5235 Elimmenon

2009 5221 2335 5279 inversione
2381 5221 2608 5277 Unctum
2642 5238 2853 5290 repone.
2904 5221 3122 5276 Erudite
3170 5232 3433 5275 autemet
3474 5225 3560 5291 pie

2006 5295 2242 5361 disputat
2268 5292 2333 5346 ad
2353 5294 2509 5347 linem
2538 5293 2783 5361 icapitis,
2804 5294 2890 5361 ide
2932 5302 3129 5361 a'terna
3170 5292 3556 5359 subsistentia,

2007 5360 2173 5433 regno
2217 5372 2476 5433 perpetuo
2527 5360 2652 5433 Filii
2680 5361 2769 5415 Dei
2801 5360 3079 5433 Eusebius,
3108 5361 3559 5433 qnsdllarcellus

2007 5380 2064 5417 re
2106 5380 2173 5417 no
2217 5380 2476 5433 perpetuo
2527 5380 2646 5414 l‘llll
2680 5380 2769 5415 uel
2802 5380 3079 5423 LUSCINUS,
3108 5380 3243 5429 quan
3276 5380 3558 5417 marcellus

2000 5380 2340 5495 vefsustnlit,
2365 5432 2446 5484 vel
2465 5430 2747 5484 sustulisse
2767 5433 2833 5482 ab
2859 5445 2923 5481 eo
2938 5430 3198 5501 signetur.
3227 5430 3369 5484 M.—
3387 5432 3558 5501 Supra

1998 5504 2158 5573 yulgo
2184 5501 2499 5573 ὴλιμμένον,
2542 5500 2667 5573 dein
2711 5501 2865 5567 vulgo
2890 5500 2983 5573 ναι
3014 5502 3180 5573 sic}.
3204 5502 3257 5557 ἀ.
3283 5502 3419 5572 ὁμοῦ
3446 5500 3556 5573 om.

2001 5568 2166 5643 Porfro
2190 5568 2346 5643 vulgo
2373 5568 2779 5643 συμπάσχωμεν
2802 5580 2852 5621 et
2891 5569 3074 5633 ἁπλῶς
3100 5569 3254 5643 ζήσει
3286 5568 3339 5625 et
3362 5591 3419 5625 π.
3447 5571 3555 5643 γὰρ

1997 5642 2191 5711 ήμῶν;
2236 5642 2379 5713 dein_
2412 5656 2553 5713 fetv.
2596 5639 2870 5713 συνίστησι
2920 5651 2974 5693 et
3024 5639 3209 5713 συνήγ.
3252 5644 3412 5711 φησὶν
3461 5639 3558 5713 κτλ

1996 5708 2178 5790 συνεκ.
2206 5708 2494 5793 egressam.
2530 5738 2596 5748 —
2629 5708 2809 5763 l’aulor
2821 5719 2938 5779 post
2970 5708 3532 5782 vulgo'tbvuﬁepﬁl

1998 5798 2154 5834 Λοντα
2192 5796 2322 5832 πΑου
2330 5795 2415 5831 τον
2423 5818 2435 5830 .
