4098 6200
566 310 667 360 78³5
1240 301 1506 356 EUSEBII
1543 302 2017 359 CAESARIENSIS
2056 302 2201 358 OPP.
2245 302 2422 358 PARS
2462 304 2548 359 IV.
2590 335 2658 345 ——
2691 302 3107 359 DOCMATICA.
3682 300 3790 358 784

1219 421 1368 475 CAP.
1412 421 1469 476 ll.

2876 425 3029 477 ΚΕΦ.
3072 423 3145 475 B'.

637 516 767 581 Quae
791 515 962 581 fuerat
999 512 1240 566 Marcelli
1274 514 1531 591 sententia
1565 515 1629 567 de
1663 512 1827 568 Verbo
1860 515 1914 567 in
1940 515 2046 567 Deo

1191 592 1490 635 exstslente.
1704 600 1707 601 '

2226 516 2423 580 Ὅπως
2452 513 2803 582 Μάρκελλος
2836 515 3070 638 ἐῇρᾴνει
3116 514 3246 582 περὶ
3290 513 3397 566 τοῦ
3440 512 3506 566 ἐν
3541 512 3621 577 τῷ
3666 511 3795 580 Θεῷ

2931 602 3093 653 ογου.

633 677 687 730 In
743 691 837 730 eos
884 681 1166 744 postquam
1216 673 1574 729 insultaverat
1634 675 1728 743 qui
1783 673 1875 729 Dei
1923 673 2116 729 Filium

561 783 688 823 vere
730 767 899 821 ﬁlium
957 766 1230 820 exstitisse
1257 766 1436 820 vivum
1490 765 1917 831 arbitrabantur,
1967 782 2118 821 suam

560 861 727 929 ipsius
763 858 1069 928 opinionem
1130 855 1332 927 profert
1360 857 1578 912 totidem
1629 857 1847 928 syllabis
1893 859 1944 912 in
1976 859 2119 912 hunc

559 949 775 1004 modum
810 950 1249 1018 comprehensam
1287 962 1303 1002 :
1340 946 1430 1020 [[ὶ.
1463 946 1623 1012 XLII,
1650 948 1775 1002 coll.
1808 965 1861 1018 p.
1900 948 2023 1011 116,
2053 945 2117 1018 D]

565 1065 583 1098 ι
631 1046 992 1113 Quamobrem
1027 1046 1343 1115 priusquam
1391 1046 1766 1112 descenderet,
1805 1056 1860 1100 et
1902 1046 1967 1101 de
1996 1046 2121 1101 Vir-

564 1156 582 1184 ι
630 1137 751 1207 gine
782 1145 1116 1201 nasceretur,
1144 1136 1380 1191 Verbum
1412 1146 1531 1191 erat
1575 1135 1932 1191 solummodo.
1984 1135 2117 1191 Nam

563 1246 581 1278 ι
629 1228 760 1298 quid
783 1226 927 1281 aliud
962 1236 1081 1280 erat
1112 1226 1426 1296 priusquam
1461 1234 1703 1280 nostram
1731 1240 1945 1281 carnem
1970 1240 2121 1280 assu-

564 1338 581 1368 ι
626 1326 795 1373 meret
818 1318 1125 1381 humanam,
1150 1316 1201 1371 id
1226 1315 1367 1385 quod
1399 1316 1679 1372 descendit
1710 1316 1761 1371 in
1791 1315 2120 1387 temporibus

564 1428 582 1459 ι
631 1407 957 1474 novissimis,
1006 1403 1457 1476 quemadmodum
1515 1406 1628 1475 ipse
1675 1405 1915 1470 scribit;
1961 1413 2015 1460 et
2066 1404 2119 1460 id

564 1521 581 1551 ι
629 1501 773 1570 quod
802 1502 868 1555 de
902 1499 1117 1570 Virgine
1150 1498 1471 1554 nascebatur
1502 1498 1633 1554 nihil
1663 1499 1805 1553 aliud
1834 1506 1951 1553 erat
1979 1513 2117 1569 pra:-

564 1613 581 1644 ι
630 1603 711 1648 ter
731 1608 890 1661 quam
923 1592 1199 1648 Verbum?
1231 1610 1250 1644 ι
1283 1590 1521 1661 Pergens
1556 1591 1810 1661 deinceps
1836 1591 1931 1655 ait,
1960 1602 2119 1645 teter-

558 1700 684 1738 nutn
738 1684 905 1738 fuisse
950 1692 1003 1737 et
1051 1682 1350 1752 ingenitum
1404 1696 1620 1751 quoque
1662 1682 1873 1736 deﬁnit.
1922 1679 2123 1735 Scribit

2303 674 2642 746 Ἐπισκήψας
2658 674 2767 745 ('57)
2777 677 2889 735 τοῖς
2900 672 3141 746 εἰρηκόσι
3155 673 3246 726 τὸν
3262 672 3387 725 Υίὸν
3401 672 3495 725 τοῦ
3511 671 3646 725 Θεοῦ
3663 671 3797 745 άλη-

2222 769 2329 832 θῶς
2361 769 2473 822 υίὸν
2506 764 2643 821 εἶναι
2667 766 2842 833 ζῶντα
2866 766 2958 819 xal
2975 764 3393 835 ὑφεστῶταῃὴν
3423 763 3613 817 ἐαυτοῦ
3630 763 3794 828 δόξαν

2221 881 2354 933 φανε
2364 862 2459 931 ράν
2474 862 2790 933 καθίστησιν
2806 861 2995 921 αὐταῖς
3021 857 3307 919 συλλαϐαῖς
3328 855 3553 928 γράφων
3591 856 3788 920 οὕτως·

2225 974 2243 1006 ι
2265 951 2470 1007 Οὐκοῦν
2486 953 2591 1023 πρὸ
2608 953 2704 1023 μὲν
2720 946 2813 1004 τοῦ
2832 949 3129 1013 κατελθεῖν,
3149 948 3242 1002 καὶ
3272 947 3358 1003 διὰ
3386 948 3483 1020 τῆς
3506 948 3790 1020 Παρθένου

2226 1067 2243 1099 ι
2284 1046 2560 1117 τεχθῆναι,
2612 1046 2783 1113 Λόγος
2829 1039 2896 1114 ἦν
2944 1043 3123 1113 μόνον.
3164 1039 3315 1094 Ἐπεὶ
3359 1038 3409 1093 τί
3461 1040 3644 1111 ἕτερον
3692 1035 3789 1109 ἦν,

2225 1159 2242 1191 ι
2286 1139 2391 1211 πρὸ
2412 1136 2502 1191 τοῦ
2522 1137 2620 1208 τὴν
2636 1136 2980 1207 ἀνθρωπίνην
3000 1132 3281 1187 ἀναλαὸεῖν
3300 1132 3497 1204 σάρκα,
3518 1132 3576 1184 τὺ
3591 1129 3789 1184 κατελ-

2226 1246 2243 1279 ι
2285 1228 2376 1281 θὸν
2395 1226 2480 1279 ἐπ’
2502 1226 2743 1298 ἐσχάτων
2759 1225 2866 1278 τῶν
2882 1227 2915 1297 ἡ
2923 1242 2987 1295 με
2987 1224 3122 1293 ρῶν.
3138 1224 3213 1286 ὡς
3230 1222 3324 1276 καὶ
3344 1222 3503 1285 αὐτὸς
3517 1221 3788 1293 γέγραφε,

2226 1340 2243 1371 ι
2281 1318 2393 1391 (58)
2415 1320 2506 1372 καὶ
2534 1318 2595 1371 τὸ
2620 1318 2874 1388 γεννηθὲν
2906 1318 2971 1369 ἐκ
3000 1317 3099 1386 τῆς
3118 1314 3393 1387 Παρθένου
3423 1312 3573 1367 οὐδὲν
3599 1313 3789 1385 ἕτερον

2226 1431 2243 1461 ι
2284 1410 2317 1481 ἢ
2346 1412 2375 1463 ό
2393 1410 2584 1477 Λόγος.
2620 1427 2637 1459 ι
2666 1403 2798 1461 Elea
2830 1406 3042 1476 προῖὼν
3056 1406 3204 1477 ἑξῆς,
3229 1405 3394 1458 ἀΐδιον
3423 1401 3585 1458 αὐτὸν
3612 1404 3788 1473 λέγει⁹

2218 1502 2512 1572 ἀγέννητον
2542 1498 2702 1554 αὑτὸν
2720 1497 2889 1562 οὕτως
2908 1498 3238 1569 ὁριζόμενος.
3270 1498 3472 1569 Γράφει
3505 1496 3562 1549 δέ
3577 1495 3749 1559 οὕτως
3764 1512 3785 1529 ο

2226 1615 2243 1646 ι
2287 1595 2525 1657 Ἀκούεις
2556 1594 2733 1646 τοίνυν
2758 1593 2855 1665 τῆς
2880 1591 3194 1662 συμφωνίας
3232 1590 3328 1644 τοῦ
3348 1591 3504 1659 ἁγίου
3531 1589 3784 1659 Πνεύμα-

2227 1704 2245 1737 ι
2287 1702 2378 1749 τος
2416 1686 2503 1739 διὰ
2551 1683 2759 1737 πολλῶν
2794 1684 2889 1738 καὶ
2920 1682 3192 1755 διαφόρων
3239 1681 3566 1754 προσώπων,
3590 1683 3654 1752 τῇ
3688 1679 3787 1733 τοῦ

558 1787 736 1830 autem
799 1775 888 1848 [ῐῖ.
929 1773 1157 1837 XLVIII,
1206 1775 1327 1829 coll.
1387 1789 1441 1842 p.
1485 1773 1610 1837 116,
1652 1772 1756 1846 D]:
1795 1793 1813 1826 ι
1857 1773 2118 1841 Quocirca

2229 1798 2247 1831 ι
2289 1778 2462 1846 Λόγου
2489 1775 2869 1849 μαρτυρούσης
2886 1775 3016 1845 (58⁸)
3033 1774 3311 1847 ἁῖδιότητι.
3338 1793 3356 1826 ι
3387 1775 3498 1827 Kal
3523 1774 3608 1827 διὰ
3630 1772 3790 1827 τοῦτο

563 1889 581 1919 ι
628 1885 948 1924 consensum
979 1870 1135 1923 audis
1164 1866 1399 1939 Spiritus
1425 1868 1619 1930 sancti,
1651 1881 1758 1937 quo
1792 1880 1886 1936 per
1924 1865 2120 1919 multas

563 1981 579 2011 ι
624 1972 678 2016 et
705 1960 1012 2016 dill'ereutes
1042 1976 1321 2031 personas.
1360 1961 1647 2016 αξιοι-υἱιδιί
1682 1959 1831 2014 verbi
1875 1957 2119 2013 testimo-

562 2072 581 2104 ι
629 2055 773 2107 nium
814 2054 1149 2122 perhibetur.
1185 2072 1204 2104 ι
1251 2052 1318 2105 Et
1369 2066 1467 2119 per
1519 2052 1621 2106 hoc
1678 2051 1872 2119 ipsum,
1932 2049 2120 2118 incipit

494 2144 496 2147 ’
556 2148 774 2216 quidem
804 2149 869 2199 ah
892 2146 1197 2200 aeternitate
1220 2146 1392 2209 verbi,
1417 2144 1519 2199 hoc
1549 2144 1741 2198 modo:
1770 2141 1835 2195 In
1865 2141 2119 2211 principio

555 2247 668 2292 erat
714 2236 933 2289 Verbum
969 2251 987 2289 :
1032 2245 1078 2290 et
1121 2233 1344 2288 Verbum
1375 2246 1485 2288 erat
1516 2235 1655 2303 apud
1684 2233 1955 2288 Deum:et
1980 2232 2118 2287 Deus

555 2338 667 2383 erat
695 2326 828 2381 illud
870 2325 1091 2379 Verbum
1113 2326 1183 2379 ⁷⁸.
1220 2326 1294 2379 Ita
1326 2325 1494 2379 tribus
1531 2324 1857 2380 testimoniis
1885 2338 1944 2379 se
1976 2323 2117 2378 invi—

555 2436 671 2475 cem
703 2418 1160 2489 consequentibus
1192 2416 1353 2472 Verbi
1378 2417 1491 2471 vult
1515 2418 1707 2472 docere
1731 2416 2117 2473 aeternitatem.

554 2512 681 2568 Post
728 2520 918 2565 caetera
977 2509 1250 2580 subjungit
1299 2507 1388 2581 [Ιῖ.
1444 2508 1622 2574 XLIII,
1653 2509 1775 2565 coll.
1806 2523 1859 2579 ρ.
1891 2509 1984 2575 81,
2016 2506 2117 2580 DJ:

561 2624 579 2656 ι
630 2604 786 2658 Prius
823 2612 970 2658 certe
1008 2604 1248 2672 quidem,
1308 2614 1364 2655 ut
1418 2617 1789 2673 saepenumero
1814 2601 1950 2668 dixi,
1984 2599 2120 2656 nihil

559 2715 578 2748 ι
625 2696 768 2750 aliud
806 2704 923 2749 erat
962 2694 1218 2750 Verbum.
1246 2714 1265 2747 ι
1296 2695 1361 2749 Ει
1386 2694 1630 2766 adjungit
1652 2695 1793 2764 quod
1826 2708 1924 2749 nec
1944 2695 2120 2763 imago

556 2789 657 2842 fuit
716 2788 805 2842 Dei
874 2787 1194 2853 invisibilis,
1242 2787 1531 2856 inquiens:
1563 2786 1654 2859 [Β.
1698 2785 1958 2850 LXXXII,
1993 2788 2116 2844 coll.

555 2898 608 2949 p.
637 2881 728 2945 24,
782 2878 843 2932 Β.
902 2880 991 2943 47,
1033 2879 1122 2949 A1
1165 2897 1183 2931 ι
1223 2878 1487 2946 Quocirca
1526 2879 1869 2935 manifestum
1905 2880 2118 2950 quidem

560 2993 579 3024 ι
627 2983 731 3037 est,
768 2972 912 3041 quod
948 2969 1182 3026 Verbum
1234 2982 1361 3026 ante
1405 2972 1576 3027 nostri
1627 2972 1871 3041 corporis
1926 2986 2110 3028 susce-

2218 1871 2442 1942 ἄρχεται
2467 1870 2565 1941 μὲν
2590 1869 2697 1922 ἀπὸ
2717 1869 2817 1939 τῆς
2837 1867 3131 1939 ἀῖδιότητος
3157 1866 3252 1920 τοῦ
3277 1867 3471 1935 Λόγου’
3502 1867 3596 1918 Ἐν
3625 1865 3787 1935 ἀρχῇ

2217 1958 2294 2031 ἦν
2316 1964 2347 2014 ὁ
2378 1963 2569 2030 Λόγος
2589 2000 2603 2024 ,
2631 1958 2825 2028 λέγων,
2855 1959 2951 2013 καὶ
2970 1961 3002 2013 ό
3024 1954 3302 2029 Λόγοςῆν
3325 1957 3473 2026 πρὸς
3489 1958 3595 2011 τὸν
3616 1958 3786 2019 Θεὸν,

2216 2049 2315 2115 καὶ
2334 2049 2476 2116 Θεὸς
2502 2045 2581 2120 ἦν
2608 2053 2640 2105 ὁ
2667 2050 2877 2119 Λόγος.
2900 2050 2943 2101 Τ
2948 2049 3086 2119 ρισὶν
3111 2048 3430 2120 ἐπαλλήλοις
3459 2049 3785 2120 μαρτυρίαις

2216 2143 2511 2214 χρώμενος,
2546 2142 2642 2212 τὴν
2668 2141 2942 2212 ἀῐδιότητα
2969 2140 3062 2194 τοῦ
3097 2142 3271 2209 Λόγου
3294 2140 3561 2195 δεικνύναι
3599 2140 3783 2211 βούλε-

2216 2252 2324 2287 ται.
2361 2233 2467 2285 Καὶ
2501 2231 2616 2303 μεθ’
2646 2231 2806 2301 ἕτερα
2828 2230 3086 2298 ἐπιλέγει’
3121 2247 3139 2281 ι
3163 2229 3429 2301 Πρότερον
3458 2227 3564 2299 γὰρ
3595 2226 3786 2298 ὥσπερ

2224 2345 2242 2377 ι
2286 2324 2542 2387 πολλάκις
2592 2323 2749 2395 ἐφην,
2802 2324 2955 2376 οὐδὲν
2987 2324 3172 2395 ἕτερον
3212 2324 3241 2374 ό
3285 2323 3456 2391 Λόγος
3492 2317 3580 2393 ἦν.
3617 2341 3635 2373 ι
3672 2322 3786 2374 Kal

2218 2418 2589 2491 προστίθησιν,
2616 2419 2697 2471 ὅτι
2721 2418 2839 2471 οὐδὲ
2860 2416 3021 2470 εἰκὼν
3039 2413 3107 2488 ἦν
3134 2415 3227 2469 τοῦ
3247 2415 3379 2469 Θεοῦ
3395 2414 3489 2468 τοῦ
3515 2414 3776 2486 ἀοράτου,

2219 2513 2442 2582 φάσκων
2464 2528 2475 2540 ·
2515 2530 2533 2562 ι
2565 2507 2771 2563 Οὐκοῦν
2796 2508 3082 2580 πρόδηλον,
3114 2509 3196 2561 ὅτι
3222 2507 3329 2580 πρὸ
3346 2507 3446 2577 τῆς
3466 2507 3559 2559 τοῦ
3586 2506 3786 2577 ἡμετέο

2224 2624 2243 2657 ι
2290 2620 2382 2676 ρου
2419 2602 2668 2674 σώματος
2697 2601 3013 2671 ἀναλήψεως
3033 2603 3061 2654 ό
3082 2600 3252 2668 Λόγος
3280 2599 3401 2653 καθ’
3436 2598 3657 2664 ἐαυτὸν,
3681 2598 3785 2652 οὐκ

2223 2715 2241 2747 ι
2278 2692 2344 2767 ἦν
2372 2692 2534 2747 είκὼν
2558 2692 2650 2747 τοῦ
2675 2692 2908 2764 ἀοράτου
2943 2692 3098 2745 Θεοῦ.
3115 2712 3131 2743 ι
3157 2692 3268 2745 Kal
3299 2687 3452 2755 αὖθις
3476 2691 3596 2763 μεθ’
3619 2690 3785 2761 ἕτερα.

2218 2786 2466 2857 ἐπιφέρει
2484 2804 2497 2816 θ
2533 2806 2550 2837 ι
2587 2786 2651 2839 Τί
2680 2785 2857 2839 τοίνυν
2892 2780 2959 2855 ἦν
2989 2784 3049 2837 τὸ
3078 2784 3334 2837 κατελθὸν
3360 2782 3539 2848 τοῦτο,
3561 2783 3665 2854 πρὸ
3685 2782 3780 2835 τοῦ

2224 2900 2241 2931 ι
2284 2878 2727 2951 ἐνανθρωπῆσαι;
2759 2862 2980 2941 Πάντως
3042 2894 3166 2941 που,
3219 2876 3385 2947 φησὶ,
3437 2874 3681 2946 Πνεῦμα.
3718 2875 3783 2927 El

2224 2991 2241 3022 ι
2280 2972 2389 3043 γάρ
2432 2988 2486 3024 τι
2514 2969 2663 3042 παρὰ
2710 2968 2866 3023 τοῦτο
2917 2967 3087 3021 ἐθέλοι
3124 2967 3322 3035 λέγειν,
3352 2968 3412 3020 οὐ
3441 2968 3783 3038 συγχωρήσει

562 3081 581 3114 ι
630 3064 973 3131 ptionem,ne
991 3061 1205 3131 quidem
1235 3061 1410 3131 imago
1444 3061 1536 3117 Dei
1567 3062 1744 3115 fuerat
1766 3062 2070 3118 invisibilis.
2093 3081 2112 3115 ι

2224 3084 2243 3116 ι
2283 3063 2449 3135 αὐτῷ,
2498 3065 2526 3117 ό
2572 3062 2707 3135 πρὸς
2747 3061 2843 3133 τὴν
2896 3060 3169 3133 Παρθένον
3214 3059 3448 3131 εἰρηκὼς
3514 3060 3777 3128 ἄγγελος·

557 3155 623 3209 Ει
644 3169 829 3208 rursus
861 3162 983 3222 post
1010 3152 1115 3207 alia
1145 3152 1412 3208 subinl'ert
1440 3154 1611 3209 idem:
1644 3153 1731 3225 [ιι.
1751 3153 1935 3217 XLIX,
1964 3155 2114 3224 ιοοιι.

2225 3175 2243 3207 ι
2283 3155 2522 3224 Πνεῦμα
2544 3154 2711 3225 ἅγιον
2733 3153 3118 3207 ἐπελεύσεται
3135 3151 3232 3204 ἐπὶ
3271 3150 3365 3205 σέ.
3394 3152 3455 3204 El
3478 3151 3535 3204 δέ
3558 3150 3781 3221 Πνεῦμα

555 3263 609 3315 p.
645 3246 769 3309 104,
800 3244 867 3317 Α]
928 3263 946 3297 ι
988 3244 1125 3312 Quid
1155 3254 1274 3299 erat
1307 3244 1471 3316 igitur
1502 3245 1605 3301 hoc
1645 3247 1788 3316 quod
1842 3247 2118 3302 descendit

2227 3267 2245 3299 ι
2287 3243 2423 3300 εἶναι
2444 3247 2623 3317 φήσει,
2651 3244 2813 3298 ἄκουε
2848 3243 2941 3297 τοῦ
2972 3243 3219 3312 Σωτῆρος
3244 3241 3509 3310 λέγοντος,
3539 3241 3782 3310 Πνεῦμα

561 3360 579 3391 ι
625 3348 750 3394 ante
784 3336 1252 3394 incarnationem?
1280 3335 1511 3392 Omnino
1546 3350 1693 3393 certe
1726 3339 1960 3409 Spiritus
1996 3339 2117 3404 fuit,

2227 3360 2244 3391 ι
2281 3344 2313 3394 ό
2346 3340 2508 3405 Θεός.
2550 3336 2741 3409 Σαφῶς
2791 3337 3038 3390 ἐντεῦθεν
3080 3327 3175 3388 τοῦ
3224 3334 3471 3407 Σωτῆρος
3521 3332 3651 3402 περὶ
3684 3333 3779 3385 τοῦ

562 3448 581 3481 ι
627 3430 825 3501 siquid
852 3429 994 3484 enim
1034 3428 1176 3483 aliud
1202 3430 1443 3484 dicturus
1492 3439 1575 3485 est
1622 3431 1837 3501 aliquis,
1879 3446 1983 3486 non
2016 3431 2118 3487 hoc

2226 3454 2244 3486 ι
2283 3433 2493 3506 Πατρὸς
2540 3432 2850 3503 είρηκότοςο
2892 3450 2910 3482 ι
2962 3430 3202 3500 Πνεῦμα
3235 3433 3267 3484 ό
3300 3429 3462 3492 Osric,
3498 3426 3775 3496 ἐλέγχεται

562 3538 580 3569 ι
628 3518 777 3572 dabit
803 3517 893 3588 qui
926 3518 992 3572 ad
1026 3516 1302 3588 Virginem
1333 3518 1544 3573 locutus
1586 3531 1668 3574 est
1713 3521 1779 3575 ad
1824 3520 1967 3575 hunc
2006 3534 2118 3573 mo-

2222 3525 2531 3598 Μὰργελλος
2562 3524 2722 3578 αὑτὸν
2762 3523 2853 3577 τὸν
2888 3523 3104 3595 Πατέρα
3126 3519 3589 3595 ἐνηνθρωπηκέναι
3612 3519 3773 3590 (58·⁶)

563 3629 581 3660 ι
627 3609 752 3664 dum
780 3610 1001 3680 angelus
1024 3627 1038 3663 :
1060 3608 1293 3679 Spiritus
1323 3621 1533 3666 sanctus
1557 3613 1882 3679 superveniet
1906 3616 1962 3666 in
1982 3624 2029 3666 te
2046 3613 2117 3666 7':

561 3721 579 3752 ι
626 3702 669 3756 si
706 3712 887 3755 autem
923 3700 1184 3771 Spiritum
1216 3702 1385 3757 fuisse
1420 3712 1650 3767 asserat,
1694 3704 1817 3758 audi
1847 3704 2115 3760 dicentem

562 3815 579 3846 ι
620 3796 1009 3850 Servatorem:
1066 3794 1298 3864 Spiritus
1339 3794 1480 3849 Deus
1520 3806 1595 3850 est
1632 3797 1721 3859 "°;
1771 3796 1861 3851 ιιιιί
1892 3813 2012 3852 cum
2047 3798 2117 3853 li-

562 3908 580 3940 ι
627 3889 947 3957 quidissimo
978 3898 1188 3942 constet
1221 3887 1562 3943 Servatorem
1599 3895 1656 3952 ὦ
1687 3889 1754 3945 de
1780 3889 1941 3946 Patre
1966 3891 2119 3948 locu-

563 3999 581 4033 ι
631 3990 741 4036 tum
778 3980 966 4044 fuisse,
1015 3980 1157 4036 Deus
1197 3990 1280 4035 est
1327 3981 1568 4049 spiritus,
1602 4001 1619 4033 ι
1656 3983 1933 4038 convictus
1966 3994 2117 4040 tene-

2218 3614 2405 3670 εἰπών.
2450 3617 2506 3669 '0
2538 3615 2581 3668 δ’
2618 3615 2697 3668 ἔτι
2733 3615 2931 3686 μᾶλλον
2959 3615 3337 3685 φιλοτιμεῖται,
3376 3612 3601 3685 γράφων
3629 3605 3734 3665 ὧδε
3758 3629 3774 3643 ·

2226 3726 2243 3759 ι
2281 3706 2389 3760 Kal
2426 3705 2738 3777 μανθανέτω
2764 3707 2942 3759 τοίνυν
2975 3705 3108 3759 Θεοῦ
3137 3705 3305 3773 Λόγον
3348 3702 3681 3774 ἐληλυθέναι,
3718 3702 3781 3756 ού

2225 3818 2244 3852 ι
2281 3800 2450 3868 Λόγον
2475 3798 2925 3870 καταχρηστικῶς
2956 3797 3348 3869 ὀνομασθέντα,
3397 3796 3473 3859 ὡς
3504 3795 3655 3849 αὐτοί
3681 3811 3786 3864 φα-

2225 3910 2242 3942 ι
2286 3908 2388 3955 σιν,
2435 3891 2549 3944 ἀλλ’
2568 3890 2743 3961 ἀληθῆ
2791 3890 2918 3944 ὄντα
2946 3889 3135 3958 Λόγον.
3172 3907 3189 3939 ι
3228 3890 3337 3940 Kal
3368 3884 3523 3950 αὖθις
3564 3884 3785 3959 προστί-

2220 3982 2345 4054 θησι
2369 3983 2540 4038 ταῦτα
2570 3985 2681 4047 τοῖς
2703 3985 2823 4055 είρη
2833 3982 3033 4054 μένοις·
3068 4004 3085 4034 ι
3110 3984 3170 4035 El
3192 3984 3288 4053 μὲν
3317 3981 3423 4053 γὰρ
3451 3980 3593 4051 ἢτοῦ
3624 3980 3785 4035 πνεύ-

446 4216 453 4221 is
558 4168 919 4223 incarnatum.
948 4164 1079 4220 Cum
1109 4165 1431 4219 sententiam
1469 4165 1644 4219 adhuc
1672 4167 1910 4235 apertius
1937 4166 2116 4232 eIIert,

557 4083 645 4127 tur
703 4071 989 4127 Marcellus
1040 4072 1405 4135 existimasse,
1449 4072 1621 4142 ipsum
1680 4073 1891 4127 Patrem
1953 4074 2118 4131 luisse

2227 4097 2244 4129 ι
2272 4095 2437 4148 ματος
2456 4077 2700 4142 ἐξέτασις
2726 4076 2963 4144 γίγνοιτο
2992 4076 3148 4146 μόνη,
3174 4075 3230 4128 ἒν
3246 4074 3341 4128 καὶ
3354 4074 3546 4127 ταύτδν
3562 4074 3784 4135 εἰκότως

2225 4188 2243 4220 ι
2267 4165 2403 4221 εἶναι
2419 4168 2496 4239 τῷ
2511 4167 2630 4239 Θεῷ
2659 4168 2916 4237 φαίνοιτο·
2946 4167 3065 4220 είδέ
3089 4169 3120 4237 ἡ
3145 4166 3283 4220 κατὰ
3299 4168 3473 4237 σάρκα
3495 4164 3781 4236 προσθήκη

557 4257 625 4311 ad
660 4258 799 4312 hunc
827 4257 1038 4312 modum
1064 4255 1340 4310 scribens:
1372 4255 1721 4326 “LXXXIX,
1756 4258 1881 4314 coll.
1923 4260 2117 4329 p.116,

2226 4281 2244 4313 ι
2269 4262 2358 4313 ἐπὶ
2389 4260 2482 4314 τοῦ
2501 4261 2747 4331 Σωτῆρος
2762 4259 3083 4325 ἐξετάζοιτο,
3102 4259 3349 4330 ἐνεργείᾳ
3370 4263 3403 4329 ἡ
3428 4260 3611 4328 θεότης
3643 4258 3781 4328 μόνη

558 4348 636 4421 1)]
675 4367 692 4400 ι
736 4350 918 4403 Discat
948 4348 1132 4418 igitur,
1170 4351 1399 4403 Verbum
1428 4350 1518 4403 Dei
1559 4351 1875 4405 advenisse:
1905 4368 2033 4417 non,
2063 4364 2118 4408 ut

2227 4372 2245 4403 ι
2273 4353 2633 4407 πλατύνεσθαι
2655 4353 2829 4405 δοκεῖ·
2850 4352 2990 4406 ὥστε
3016 4353 3237 4416 εἰκότως
3257 4352 3421 4423 μονὰς
3438 4353 3603 4414 ὅντως
3632 4351 3783 4403 ἐστὶν

562 4462 582 4493 ε
632 4443 704 4496 illi
730 4442 933 4509 volunt,
962 4441 1192 4497 Verbum
1222 4442 1617 4497 catachrestice
1649 4442 1997 4511 appellatum,
2025 4444 2115 4498 sed

2229 4462 2245 4493 ι
2270 4442 2591 4514 ἀδιαίρετος.
2618 4460 2636 4492 ι
2659 4442 2765 4494 Kal
2793 4440 2870 4494 ἐτι
2898 4441 3093 4511 μᾶλλον
3118 4441 3275 4495 τοῦτο
3290 4438 3685 4503 κατασκευάζει
3714 4440 3785 4492 δι’

562 4553 580 4584 ι
633 4548 818 4588 revera
855 4533 944 4602 qui
967 4532 1261 4588 exsistebat
1288 4532 1541 4587 Verbum.
1577 4550 1595 4583 ι
1623 4533 1781 4585 Addit
1823 4533 2015 4587 iterum
2060 4542 2114 4587 et

2222 4528 2295 4587 ὧν
2320 4534 2376 4586 ἐν
2402 4537 2513 4596 τοῖς
2537 4534 2661 4603 ἐξῆς
2684 4532 2824 4585 οὓτω
2847 4533 3066 4606 γράφει·
3103 4553 3120 4584 ι
3169 4534 3241 4587 Τὸ
3287 4536 3385 4605 μὲν
3411 4525 3503 4588 οὖν
3536 4534 3641 4603 πρὸ
3676 4533 3787 4585 τῶν

556 4627 659 4680 ista
688 4624 991 4679 antedictis:
1019 4645 1037 4676 ι
1061 4625 1210 4691 Quod
1243 4625 1286 4679 si
1316 4625 1383 4678 de
1424 4623 1616 4693 spiritu
1634 4624 1937 4692 disquisitio
1959 4625 2114 4679 insti-

2226 4644 2245 4677 ι
2282 4624 2491 4679 αἰώνων
2511 4624 2672 4677 αὑτὸν
2692 4624 3047 4695 γεγεννῆσθαι
3063 4626 3232 4697 φῆσαι
3248 4626 3553 4689 ἀκολούθως
3576 4625 3789 4697 εἰρηκέ-

563 4737 581 4768 ‹
610 4725 792 4770 luatur
822 4716 956 4775 sola.
993 4731 1156 4770 unum
1204 4725 1366 4783 atque
1402 4715 1564 4779 idem,
1603 4728 1699 4767 nec
1740 4711 1955 4781 injuria,
1994 4729 2115 4769 cum

2229 4736 2247 4767 ι
2281 4735 2367 4769 ναι
2398 4716 2573 4769 δοκεῖ’
2602 4716 2850 4788 γέννημα
2870 4718 2977 4790 γὰρ
3002 4718 3063 4771 τὸ
3089 4717 3346 4790 προελθὸν
3367 4717 3460 4771 τοῦ
3484 4717 3788 4790 προεμένου

630 4881 689 4938 >3
724 4869 818 4924 Ed.
852 4868 1051 4931 Paris.,
1084 4884 1207 4940 pag.
1240 4870 1323 4924 56.
1394 4867 1619 4928 "Joan.
1642 4875 1753 4941 I,-I.
1805 4870 1849 4901 ⁷⁷
1888 4870 2017 4925 Luc.
2050 4889 2087 4935 t.
2117 4876 2118 4880 “

2314 4872 2361 4904 ⁷⁸
2384 4871 2540 4927 Joan.
2573 4888 2648 4937 tv,
2677 4872 2770 4929 24.

629 5080 741 5147 ('57)
784 5076 969 5147 Vulgo,
1002 5078 1320 5148 ἐπισκέψας.

630 5150 739 5221 (58)
778 5149 885 5203 Kal
917 5148 1100 5221 abrdc
1127 5149 1397 5220 τέτραφε.
1437 5150 1569 5219 Quis
1597 5158 1774 5204 autem
1810 5150 1943 5205 iste?
1971 5160 2119 5205 certe

559 5216 877 5293 Marcellus,
899 5216 1077 5293 cujus,
1099 5216 1563 5288 opit'mr,'divers:e
1599 5221 1784 5293 ῥήσεις
1820 5223 1906 5274 hie
1936 5237 2120 5293 recen-

558 5300 766 5352 sentur,
788 5290 880 5343 sed
912 5290 1125 5360 interim
1161 5301 1340 5360 tamen
1370 5294 1483 5346 haec
1504 5288 1629 5345 sunt
1648 5288 1947 5360 ἀσύστατα.
1982 5292 2113 5360 (Αύ-

555 5360 935 5433 τόςλΛδιετὶιιε
967 5358 1174 5433 R.,_qui
1210 5359 1348 5433 infra
1400 5362 1614 5433 τρόπων
1661 5359 1776 5433 loco
1812 5358 2117 5433 προσώπων

558 5429 727 5500 curti.)
763 5430 954 5482 Statim
1003 5443 1019 5482 :
1069 5431 1206 5485 forte
1251 5429 1636 5500 ἀΐδιονλέγει,
1689 5429 1783 5482 καὶ
1827 5430 2116 5500 ἀγέννητον

557 5499 739 5569 αὐτόν.
779 5500 929 5565 Quod
966 5502 1193 5569 negabat
1228 5502 1490 5557 Eusebius
1522 5499 1772 5563 Arianus,
1808 5516 1930 5554 uno:
1965 5499 2117 5555 οὐδὲν

558 5568 792 5654 ἕτερονιῆ
810 5569 981 5654 Λόγος
1006 5566 1093 5640 ἦν,
1125 5580 1178 5624 et
1204 5575 1268 5626 ού
1308 5574 1677 5654 συγχωρῄσει..

562 5677 565 5679 .
633 5638 765 5714 (ξδ’)
810 5638 973 5714 Vulgo
1022 5638 1461 5714 μαρτυρήσαςέι
1493 5638 1628 5698 ἰιείιι
1662 5643 1747 5694 ἐπ’
1772 5640 2026 5714 ἀλλήλαις
2070 5653 2123 5695 et

564 5709 823 5781 πρότερον
856 5709 954 5777 μὲν
970 5726 1023 5778 γ.
1050 5709 1308 5783 etiam
1337 5717 1365 5767 ό
1390 5715 1591 5782 Λόγος;
1621 5728 1780 5783 porro
1811 5709 1963 5781 vulgo
1996 5730 2121 5781 συγ-

2223 5082 2470 5155 χωρῆσαι
2501 5091 2557 5139 οι
2600 5083 2763 5153 φησίν
2801 5093 2859 5140 et
2887 5084 3169 5157 εἰρηκότος
3219 5100 3307 5139 πν.
3342 5093 3398 5138 et
3422 5083 3657 5154 ’Πατρὸς
3703 5085 3793 5139 λέ-

2222 5170 2428 5222 γοντος.

2316 5223 2453 5293 58“)
2486 5223 3051 5292 Ἐννηθρωπηκέναι.
3073 5223 3183 5279 Hoc
3202 5232 3351 5279 certe
3380 5222 3453 5276 illi
3473 5226 3786 5284 ascribitur,

2222 5303 2279 5365 ut
2302 5293 2463 5347 fuerit
2484 5293 2721 5365 Pragxeae,
2744 5307 2798 5347 et
2815 5295 3349 5365 PatrOpassianorum
3373 5296 3652 5364 ἀποφυάς,
3677 5298 3785 5349 sci—

2221 5362 2343 5434 licet
2369 5365 2493 5432 quia
2522 5363 2691 5432 Λόγον
2732 5362 2992 5419 aeternum
3036 5367 3226 5421 asserit
3272 5382 3285 5418 :
3330 5362 3590 5434 Spiritum
3621 5369 3786 5434 fuisse

2221 5433 2395 5497 docet,
2430 5434 2529 5487 hoc
2555 5446 2636 5488 est
2660 5437 2843 5490 Deum.
2877 5435 3038 5500 Quasi
3068 5437 3217 5492 solus
3251 5433 3411 5490 Pater
3450 5437 3586 5489 foret
3611 5433 3789 5500 Spiri-

2222 5510 2326 5573 tus,
2360 5505 2460 5557 hoc
2485 5516 2568 5558 est
2596 5506 2736 5559 Deus
2755 5545 2769 5567 ,
2797 5520 2917 5573 quae
2949 5516 3067 5559 erat
3090 5521 3241 5561 mens
3265 5506 3582 5561 Eusebiana.
3616 5504 3687 5556 M.
3712 5534 3790 5545 ——

2222 5572 2341 5625 Mox
2374 5573 2530 5647 vulgo
2555 5575 2666 5647 ἀλλ’
2708 5572 2999 5647 ἀληθῶςμει
3045 5576 3270 5640 εἰκότως
3326 5578 3492 5647 μόνας
3535 5572 3792 5647 παρήλη-

2224 5660 2371 5718 πται.
2407 5640 2534 5718 Dein
2556 5646 2740 5718 τοῦτον
2778 5640 3023 5718 μὴμεῖναι
3051 5659 3105 5703 et
3129 5647 3287 5718 ἀνθρ,
3318 5640 3683 5717 φύσεωςοοιιὶξ
3715 5640 3790 5704 Ιξ.

2224 5724 2277 5768 et
2299 5714 2390 5768 τὸν
2422 5715 2553 5768 Θεὸν
2585 5716 2719 5769 Θεοῦ
2753 5719 2817 5769 Λ.
2841 5714 2957 5788 Μία.
