4098 6200
424 275 536 331 785

1529 274 1805 332 CONTRA
1844 275 2263 332 MARCELLUM
2304 275 2431 331 LIB.
2472 275 2538 330 Ii.

3536 280 3641 339 786

430 411 449 441 s
492 388 741 458 γίγνεται
777 386 1005 459 Πατρός.
1045 386 1283 459 Θάτερον
1304 387 1346 440 δ’
1368 388 1467 442 οὐκ
1496 388 1573 442 ἔτι
1598 389 1767 459 ὑγιῶς
1782 390 1887 443 οὐδ’
1913 390 1985 442 εύ-

2106 409 2124 442 t
2147 390 2257 446 Deo
2290 389 2553 444 videbitur
2577 404 2716 445 esse.
2745 392 2897 459 Quod
2925 391 2969 446 si
2999 390 3087 445 illa
3113 387 3332 454 additio,
3351 396 3640 449 secundum

431 500 448 529 ι
501 476 678 540 σεϐὦς
705 476 852 546 αὑτῷ
874 476 1261 548 παρείληπται.
1302 477 1375 530 Τὸ
1414 478 1520 549 γάρ
1551 479 1625 550 μὴ
1658 480 1826 548 Λόγον
1853 476 1990 533 εἶναι

435 590 451 620 ι
480 570 651 640 φῆσαι
682 568 772 621 τὸν
800 566 859 632 ἐξ
885 567 1048 621 αὐτοῦ
1072 568 1419 640 προελθόντα,
1440 570 1531 623 xal
1542 570 1727 624 τοῦτον
1745 565 1882 625 εῖναι
1901 572 1992 625 τὸν

434 682 453 712 s
480 662 581 731 τῆς
599 661 900 729 γεννήσεως
916 660 1091 731 άληθῆ
1107 660 1320 731 τρόπον,
1340 661 1451 715 ἀλλ’
1467 661 1650 726 ἁπλῶς
1666 663 1793 716 Υίὸν
1812 664 1991 734 μόνον,

433 772 455 805 ι
494 752 727 823 ἕμφασίν
747 769 865 805 τινα
885 755 996 816 τοῖς
1016 751 1300 806 ἀκούουσιν
1320 753 1659 826 ἀνθρωπίνης
1672 756 1844 827 ὅψεως
1858 773 1994 825 παρ-

438 865 457 897 s
494 846 637 915 ἐχειν
666 843 843 900 εἴωθε.
881 864 900 896 ι
933 846 1043 899 Kal
1067 847 1123 898 ἐν
1157 845 1366 909 τούτοις
1390 848 1485 917 μὲν
1506 850 1681 919 γυμνῇ
1702 850 1766 918 τῇ
1785 848 1991 918 κεφαλῇ

430 936 521 988 τὸν
552 935 649 1005 μὲν
680 934 808 987 Υίὸν
841 936 1135 1007 ἠρνήσατο,
1164 935 1316 1005 ψιλὸν
1344 936 1401 989 δὲ
1429 937 1625 1005 Λόγον,
1651 937 1838 1009 ὥσπερ
1872 938 1994 991 τινὰ

434 1027 825 1098 προστακτικὸν
842 1027 952 1080 τῶν
969 1028 1236 1097 ποιητέων
1252 1028 1666 1098 είσάγων,δῆλός
1680 1030 1825 1083 ἐστιν
1845 1030 1903 1095 ἐξ
1917 1024 1992 1083 ὧν

431 1118 678 1190 ἐπιφέρει
698 1118 901 1187 λέγων·
932 1138 950 1171 ‹
984 1120 1079 1173 Ὃν
1096 1118 1237 1173 οὕτω
1251 1122 1418 1173 πᾶσαι
1444 1122 1499 1175 αἱ
1516 1121 1652 1176 θεῖαι
1670 1123 1992 1193 κηρύττουσι

429 1210 656 1281 Γραφαί.
692 1211 853 1264 Δαὸὶδ
882 1210 980 1280 μὲν
1007 1209 1113 1282 γὰρ
1135 1211 1263 1281 περὶ
1295 1212 1458 1265 αὐτοῦ
1493 1213 1640 1280 λέγει
1668 1232 1681 1244 ·
1713 1214 1796 1280 Τῷ
1828 1217 1994 1284 Λόγῳ

425 1303 645 1370 Κυρίου
668 1306 722 1356 ol
743 1302 981 1371 οὐρανοί
998 1302 1446 1371 ἐστερεώθησαν
1469 1321 1483 1334 ο
1509 1301 1663 1368 αὖθις
1691 1305 1767 1370 δὲ,
1803 1306 1991 1373 Αὐτὸς

423 1393 824 1457 ἐξαποστελεῖ
842 1394 946 1446 τὸν
966 1395 1157 1463 Λόγον
1174 1394 1360 1468 αὑτοῦ
1382 1396 1478 1448 καὶ
1502 1395 1728 1451 ἰάσεται
1748 1399 1986 1464 αὐτούς·

424 1484 676 1556 Σολομὼν
691 1485 768 1538 δέ·
798 1485 1141 1553 Ζητήσουσί
1149 1504 1223 1555 με
1249 1488 1439 1551 κακοί,
1459 1490 1554 1542 καί
1577 1491 1686 1560 οὐχ
1711 1491 1993 1560 εὑρήσου-

423 1594 550 1633 σιν.
582 1580 919 1648 Ἑμίσησαν
939 1581 1046 1650 γὰρ
1067 1581 1307 1648 σοφίαν·
1343 1582 1448 1636 τὸν
1467 1582 1534 1635 δὲ
1560 1584 1751 1654 Λόγον
1771 1586 1991 1653 Κυρίου

426 1672 501 1722 οὺ
525 1672 895 1738 προείλοντο.
929 1672 1154 1735 Ἡσαΐας
1181 1690 1261 1735 τε,
1298 1674 1391 1726 Ἐκ
1422 1673 1529 1742 γὰρ
1558 1675 1709 1728 Σιὼν
1749 1676 1989 1741 ἐξελεύ-

428 1776 618 1828 σεται,
651 1762 773 1833 ἔφη,
806 1762 988 1830 νόμος
1026 1763 1121 1815 καὶ
1145 1764 1332 1832 Λόγος
1361 1764 1578 1832 Κυρίου
1599 1750 1668 1829 ἐξ
1698 1767 1993 1836 Ἰερουσα-

429 1851 576 1920 λήμ.
627 1853 732 1905 Kal
777 1849 932 1917 αὖθις
975 1854 1267 1925 Ἱερεμίας
1317 1856 1739 1927 ᾘσχύνθησαν
1779 1860 1986 1929 σοφοὶ,

2108 502 2124 533 ι
2155 497 2373 537 carnem
2404 482 2722 549 disquisitio,
2742 485 2806 539 de
2824 486 3105 539 Servatore
3126 482 3427 551 adjiciatur,
3454 499 3647 552 opera—

2104 594 2122 625 ‹
2149 575 2292 629 tione
2310 573 2559 629 divinitas
2603 575 2714 630 sola
2759 575 3029 630 videbitur
3064 573 3298 640 dilatari,
3349 584 3409 628 ut
3448 576 3647 631 merito

2101 686 2119 716 ι
2144 665 2355 735 quidem
2380 665 2557 719 unitas
2580 663 3446 720 sitindivisibilis.»Vehementius
3468 664 3646 720 adhuc

2096 759 2195 814 hoc
2230 758 2366 811 idem
2398 766 2621 811 conatur
2647 768 2887 813 astruere
2947 758 2998 812 in
3030 758 3095 811 iis
3131 771 3254 825 quae
3291 756 3545 823 deinceps
3569 756 3643 811 ita

2094 850 2281 903 scribit
2308 868 2323 903 :
2349 848 2368 920 [
2398 847 2462 901 Β.
2494 848 2684 914 XXXI,
2704 849 2827 904 coll.
2857 864 2910 919 p.
2946 848 3069 912 “2,
3108 848 3149 901 Λ
3174 846 3193 917 Ῑ
3218 846 3396 900 Dicere
3424 848 3641 909 idcirco,

2092 940 2241 993 illum
2265 951 2385 993 ante
2401 940 2594 994 sazcula
2616 950 2915 1009 generatum
2948 940 3130 1010 fuisse,
3158 935 3355 994 videtur
3376 932 3445 995 de
3470 957 3644 995 neces-

2092 1032 2232 1085 saria
2276 1032 2381 1085 dici
2431 1033 2814 1101 consequentia.
2847 1029 2985 1085 Nam
3031 1034 3168 1100 quod
3212 1031 3461 1099 procedit,
3499 1033 3644 1102 geni-

2093 1131 2201 1175 tum
2240 1132 2334 1187 est,
2377 1123 2542 1189 patris
2591 1139 2621 1175 a
2664 1138 2765 1190 quo
2817 1123 2943 1179 exit.
3001 1122 3327 1175 Alterutrum
3373 1137 3473 1176 non
3512 1139 3641 1175 sano

2092 1214 2266 1279 modo,
2327 1228 2419 1265 nec
2467 1216 2744 1281 conjuncta
2790 1230 2907 1266 cum
2946 1214 3131 1281 pietate
3158 1212 3347 1265 abillo
3397 1212 3639 1266 sumitur.

2094 1299 2217 1354 Non
2243 1302 2377 1355 enim
2403 1303 2609 1356 verbum
2642 1320 2751 1358 esse
2780 1304 2936 1368 illud,
2957 1306 3148 1369 dicere,
3180 1307 3317 1374 quod
3345 1304 3406 1357 ab
3433 1320 3491 1357 eo
3520 1319 3643 1373 pro-

2093 1391 2261 1444 cedit:
2291 1400 2337 1443 et
2361 1392 2497 1444 hunc
2530 1409 2639 1447 esse
2663 1395 3006 1463 generationis
3048 1411 3221 1448 verum
3276 1396 3525 1449 modum:
3554 1394 3644 1448 sed

2091 1481 2395 1551 simpliciter
2421 1480 2621 1535 Filium
2648 1483 2841 1545 solum,
2878 1483 3008 1537 solet
3040 1485 3246 1553 quidem
3293 1485 3360 1538 iis
3390 1486 3477 1555 qui
3511 1484 3642 1538 illud

2092 1575 2312 1627 audiunt
2341 1574 2610 1641 emphasin
2638 1577 2920 1638 quamdam
2948 1586 2992 1629 et
3019 1577 3378 1643 apparentiam
3405 1577 3643 1631 exhibere

2090 1666 2334 1718 humana:
2366 1665 2601 1719 visionis.
2647 1665 2702 1719 In
2760 1667 2896 1731 istis,
2943 1668 3059 1722 sine
3089 1668 3235 1722 omni
3279 1668 3645 1739 integumento

2092 1754 2303 1823 negavit
2334 1754 2523 1821 ﬁlium,
2553 1757 2798 1811 eumdem
2828 1771 2954 1811 vero
2989 1767 3203 1812 constat
3230 1757 3378 1812 illum
3404 1759 3646 1837 introdu-

2091 1860 2214 1901 cere
2252 1846 2447 1899 nudum
2498 1855 2706 1901 tantum
2756 1846 3009 1911 Verbum,
3057 1848 3417 1904 faciendarum
3463 1866 3641 1905 rerum

432 1941 585 2010 φησὶ,
600 1940 1099 2009 καίέπτοήθησαν,
1116 1945 1211 1998 καὶ
1245 1943 1539 2007 ἑάλωσαν,
1568 1945 1655 1999 ὅτι
1675 1948 1781 2001 τὸν
1796 1951 1985 2021 Λόγον

2091 1936 2479 1992 litandatorium
2502 1957 2515 1993 :
2538 1940 2586 1992 id
2615 1940 2754 2008 quod
2783 1940 2949 2010 liquet
2976 1957 3041 1995 ex
3062 1942 3322 2012 adjectis:
3346 1962 3364 1992 ι
3388 1941 3555 2008 Quem
3574 1943 3641 1996 ad

435 2032 540 2087 τοῦ
566 2033 781 2100 Κυρίου
836 2034 1305 2104 ἀπεδοκίμασαν
1371 2036 1465 2090 καὶ
1520 2038 1675 2109 Ὠσηέ
1716 2042 1744 2093 6
1777 2044 1988 2113 προφή-

430 2143 527 2195 της
549 2143 563 2157 ·
611 2127 942 2196 Ἐμίσησαν
959 2127 1029 2179 ἐν
1055 2129 1274 2193 πύλαις
1302 2128 1644 2200 ἐλέγχοντα,
1670 2133 1767 2185 καὶ
1801 2135 1991 2203 Λόγον

426 2214 595 2269 ὅσιον
629 2217 1043 2281 ἐϐδελύξαντο.
1078 2219 1315 2289 Μιχαίας
1366 2238 1424 2273 τε
1451 2222 1652 2291 ὁμοίως
1688 2223 1780 2276 καὶ
1829 2224 1990 2289 αὐτὸς

424 2325 490 2361 πε
498 2310 549 2379 pl
564 2309 657 2362 τοῦ
670 2310 842 2379 Λόγου
871 2312 1221 2384 μνημονεύων
1240 2312 1363 2384 ἔφη’
1382 2314 1792 2379 Ἐξελεύσεται
1809 2318 1989 2387 νόμος

422 2402 518 2455 καὶ
536 2403 723 2469 Λόγος
746 2403 964 2472 Κυρίου
1000 2404 1067 2469 ἐξ
1100 2404 1511 2476 Ἰερουσαλήμ.
1542 2427 1559 2457 ι
1592 2408 1838 2462 Τοσαῦτα
1866 2426 1989 2462 συν-

422 2492 569 2561 άγων
591 2510 658 2545 πε
668 2493 719 2564 pl
744 2493 841 2547 τοῦ
865 2496 1264 2564 προστακτικοῦ
1282 2497 1452 2565 Λόγου
1478 2498 1614 2568 ῥητὰ
1648 2498 1984 2571 Μάρκελλος,

418 2584 657 2638 τοιοῦτόν
678 2602 799 2638 τινα
821 2580 959 2638 εἶναι
988 2602 1059 2656 φη
1069 2602 1118 2638 σι
1141 2586 1232 2640 καὶ
1256 2585 1345 2640 τὸν
1363 2587 1418 2638 ἐν
1442 2589 1579 2657 ἀρχῇ
1606 2587 1740 2656 πρὸς
1754 2587 1843 2639 τὸν
1858 2586 1987 2640 Θεὸν

420 2676 553 2729 Θεὸν
586 2677 775 2745 Λόγον.
808 2676 897 2729 Διὸ
929 2678 1119 2745 ἐπάγει
1172 2676 1425 2747 φάσκων·
1462 2700 1479 2729 ι
1524 2678 1582 2731 ’0
1616 2678 1661 2730 δ’
1694 2678 1834 2749 ἱερὸς
1856 2678 1989 2732 ἀπό-

429 2787 448 2818 (
493 2766 674 2831 στολός
703 2784 763 2820 τε
795 2768 887 2821 καὶ
920 2767 1163 2838 μαθητὴς
1194 2768 1287 2820 τοῦ
1321 2767 1523 2839 Κυρίου
1562 2767 1811 2837 Ἰωάννης
1834 2806 1849 2831 ,
1894 2784 1987 2819 σα-

432 2878 450 2909 ι
490 2858 604 2927 φῶς
632 2859 725 2911 καὶ
750 2859 1040 2931 διαρρήδην
1072 2861 1128 2912 ἐν
1155 2862 1296 2930 ἀρχῇ
1337 2859 1430 2911 τοῦ
1474 2859 1801 2927 Εὑαγγελίου
1853 2857 1989 2911 διδά-

432 2969 451 3002 s
487 2967 650 3016 σκων,
711 2950 787 3014 ὡς
838 2951 1193 3022 ἀγνοούμενον
1248 2954 1304 3004 ἐν
1365 2948 1666 3021 ἀνθρώποις
1728 2949 1986 3020 πρότερον

432 3062 452 3095 s
494 3043 664 3112 Λόγον
694 3043 852 3097 αὑτὸν
879 3043 970 3096 τοῦ
1002 3042 1438 3113 παντοκράτορος
1476 3038 1775 3113 ὀνομάζων,
1815 3038 1987 3104 οὕτως

428 3154 448 3187 s
478 3135 621 3207 ἔφη’
672 3136 766 3188 Ἐν
820 3135 975 3206 ἀρχῇ
1022 3132 1101 3205 ἦν
1139 3138 1172 3189 ό
1208 3136 1414 3204 Λόγος,
1466 3132 1564 3187 καί
1615 3135 1647 3186 ό
1700 3129 1989 3203 Λόγοςῆν

2095 2045 2113 2078 ι
2140 2028 2279 2083 hunc
2312 2030 2523 2084 modum
2572 2045 2756 2086 omnes
2801 2031 3091 2101 Scriptura:
3128 2033 3449 2103 praedicant:
3476 2032 3642 2087 David

2095 2140 2114 2172 ι
2135 2120 2396 2189 siquidem
2437 2122 2503 2175 de
2526 2122 2615 2177 illo
2645 2123 2815 2193 inquit
2840 2126 2908 2191 ⁷⁵,
2961 2122 3121 2179 Verbo
3154 2125 3392 2188 Domini,
3422 2126 3644 2179 stabiliti

2095 2232 2114 2265 ‹
2138 2226 2258 2269 sunt
2292 2216 2443 2270 caeli:
2466 2225 2519 2270 et
2556 2217 2812 2280 secundo,
2842 2215 2961 2286 Ipse
2989 2218 3179 2270 emittet
3215 2216 3436 2280 verbum,
3474 2226 3521 2271 et
3555 2232 3643 2271 sm

2096 2326 2114 2357 ι
2142 2308 2282 2361 nabit
2319 2324 2405 2362 eos
2428 2307 2495 2364 3’.
2521 2308 2774 2363 Salomon
2811 2319 3025 2362 autem:
3073 2307 3313 2373 Quwrent
3354 2324 3433 2362 me
3478 2308 3644 2377 impii,

2096 2418 2112 2448 ι
2138 2414 2227 2451 nec
2264 2399 2543 2453 invenient.
2581 2397 2715 2452 Odia
2740 2399 2925 2452 etenim
2960 2400 3250 2453 habuerunt
3294 2399 3646 2467 sapientiam:

2099 2485 2372 2551 «Verbum
2410 2504 2526 2543 vero
2560 2488 2771 2541 Domini
2805 2504 2906 2541 non
2931 2487 3192 2557 elegerunt
3223 2490 3293 2554 ⁸¹;
3335 2498 3389 2543 et
3424 2488 3589 2543 Isaias
3627 2507 3642 2543 :

2094 2597 2111 2629 ι
2140 2576 2279 2630 Nam
2309 2579 2372 2631 de
2401 2577 2528 2633 Sion
2554 2578 2844 2647 egredietur
2872 2578 2956 2631 lex
2974 2592 2993 2629 :
3024 2590 3069 2631 et
3106 2577 3323 2631 Verbum
3352 2578 3560 2633 Domini
3580 2580 3645 2633 de

2094 2688 2111 2719 ι
2134 2666 2426 2722 Jerusalem
2460 2669 2538 2736 ⁸²;
2561 2677 2615 2722 et
2638 2666 2900 2725 Jcremias
2925 2687 2939 2723 :
2961 2668 3243 2737 Pudefacti
3266 2677 3408 2733 sunt,
3448 2670 3642 2741 inquit,

2095 2778 2113 2810 ι
2137 2758 2414 2826 sapientes,
2438 2758 2616 2813 timore
2638 2761 2895 2827 concussi,
2926 2762 3064 2830 capti
3100 2772 3241 2823 sunt,
3267 2761 3387 2831 quia
3420 2758 3642 2815 Verbum

2090 2850 2303 2904 Domini
2332 2851 2630 2920 abjecerunt
2675 2852 2744 2909 ⁸³.
2786 2852 2855 2906 Ει
2901 2853 3157 2923 propheta
3193 2852 3362 2908 Osce:
3403 2852 3642 2907 Oderunt

2089 2943 2151 2995 in
2177 2943 2342 3010 portis
2370 2944 2828 3012 reprehendentem
2860 2958 2877 2995 :
2916 2956 2962 2998 et
3005 2942 3224 2998 Verbum
3261 2954 3502 2999 sanctum
3547 2946 3641 2997 ab-

2090 3034 2305 3087 ominati
2357 3043 2478 3088 sunt
2517 3035 2584 3089 ⁸⁵.
2622 3035 2881 3090 Similiter
2918 3045 2972 3091 et
3004 3036 3254 3093 Michaaas
3314 3036 3640 3091 mentionem

2091 3126 2249 3182 Verbi
2282 3125 2507 3191 faciens,
2540 3128 2654 3182 ait:
2697 3126 3012 3198 Egredielur
3035 3129 3140 3194 lex,
3176 3140 3225 3184 et
3275 3127 3499 3183 Verbum
3528 3128 3641 3182 Do-

425 3248 445 3278 ‹
481 3227 631 3297 πρὸς
660 3226 768 3281 τὸν
804 3228 969 3293 Θεὸν,
992 3229 1091 3282 καὶ
1126 3227 1286 3313 ⁵Θεὸς
1336 3221 1415 3295 ἦν
1446 3227 1479 3279 ό
1512 3226 1717 3295 Λόγος.
1760 3225 1833 3278 Οὐ
1887 3226 1985 3307 μιᾳ

2091 3220 2217 3272 mini
2244 3236 2307 3274 ea:
2338 3218 2633 3275 Jerusalem
2658 3222 2756 3273 ⁸⁵.»
2793 3223 2895 3277 Tot
2923 3234 2977 3277 et
3010 3232 3153 3277 tanta
3190 3223 3277 3275 ubi
3305 3222 3643 3276 coacervavit

423 3337 445 3372 ι
485 3319 758 3392 μαρτυρίᾳ
789 3319 1067 3391 χρώμενος
1100 3318 1195 3390 τὴν
1236 3319 1509 3389 ἀῖδιότητα
1534 3318 1626 3371 τοῦ
1669 3318 1840 3385 Λόγου
1891 3334 1981 3387 ση-

421 3428 442 3461 ‹
482 3408 679 3479 μαίνει.
723 3429 743 3463 s
784 3411 892 3464 Kal
923 3411 1242 3483 προστίθησι
1295 3409 1502 3473 τούτοις
1551 3408 1815 3478 ἐπιλέγων
1868 3408 1979 3481 (39)

415 3501 561 3571 ἑξῆς,
598 3521 617 3552 ι
658 3502 725 3555 ἶν’
750 3503 809 3555 ἐν
836 3503 932 3572 μὲν
959 3501 1035 3573 τῷ
1058 3506 1247 3573 φῆσαι,
1274 3503 1368 3556 Ἑν
1406 3500 1563 3572 ἀρχῇ
1585 3498 1664 3573 ἦν
1706 3504 1738 3556 ό
1770 3502 1978 3571 Λόγος.

421 3613 441 3645 ι
480 3592 649 3667 δείξῃ,
680 3594 902 3664 δυνάμει
926 3595 983 3647 ἐν
1013 3593 1091 3664 τῷ
1117 3595 1289 3663 Πατρὶ
1322 3589 1460 3647 εἶναι
1492 3594 1581 3648 τὸν
1630 3593 1800 3661 Λόγον
1831 3609 1846 3622 ·
1893 3592 1981 3644 Ἐν

421 3701 441 3735 ι
474 3684 615 3755 ἀρχῇ
647 3684 755 3755 γὰρ
786 3684 1037 3737 ἁπάντων
1062 3683 1169 3737 τῶν
1196 3684 1493 3753 γεγονότων
1515 3687 1542 3737 ό
1559 3683 1707 3747 Θεὸς,
1736 3682 1794 3749 ἐξ
1816 3676 1875 3736 οὗ
1911 3679 1981 3734 τὰ

422 3792 442 3824 ι
476 3774 671 3829 πάντα’
705 3778 762 3828 ἐν
781 3775 837 3827 δὲ
867 3775 945 3845 τῷ
969 3792 982 3806 ο
1020 3776 1157 3829 «Καὶ
1176 3778 1204 3829 ὸ
1226 3776 1396 3844 Λόγος
1419 3771 1487 3846 ἦν
1511 3775 1646 3845 πρὸς
1666 3774 1757 3827 τὸν
1789 3772 1939 3837 Θεὸν,
1954 3790 1973 3825 ι

423 3885 444 3918 s
473 3868 719 3938 ἐνεργείᾳ
745 3867 879 3938 πρὸς
896 3867 988 3920 τὸν
1007 3866 1139 3920 Θεὸν
1172 3862 1309 3921 εἶναι
1329 3867 1420 3919 τὸν
1438 3866 1606 3934 Λόγον
1624 3882 1640 3898 ο
1673 3865 1846 3918 πάντα
1871 3865 1980 3936 γὰρ

422 3978 442 4011 s
477 3958 723 4013 διἀύτοῦ
752 3959 987 4027 ἐγένετο,
1018 3958 1109 4011 καὶ
1133 3958 1300 4028 χωρὶς
1326 3955 1489 4009 αὐτοῦ
1513 3956 1725 4025 ἐγένετο
1748 3956 1866 4009 οὐδὲ
1898 3957 1976 4011 ἐν.

422 4067 443 4102 s
487 4048 579 4103 Ἐν
607 4049 664 4102 δέ
705 4047 783 4119 τῷ
817 4048 965 4101 Θεὸν
998 4043 1149 4100 εἶναι
1188 4045 1297 4098 τὸν
1355 4044 1547 4113 Λόγον
1575 4043 1872 4115 εἰρηκέναι,
1905 4042 1979 4114 μὴ

421 4158 441 4192 s
481 4140 706 4213 διαιρεῖν
734 4140 831 4210 τὴν
856 4138 1124 4208 Θεότητον
1154 4135 1339 4206 ἐπειδὴ
1361 4137 1389 4188 6
1431 4134 1601 4203 Λόγος
1630 4133 1691 4187 τὸ
1716 4134 1773 4185 ἐν
1810 4132 1978 4204 αὐτῷ,

419 4251 439 4279 ι
472 4233 567 4285 καὶ
597 4226 749 4294 οὗτος
781 4232 838 4284 ἐν
896 4230 975 4301 τῷ
1000 4232 1184 4299 Λόγῳ·
1226 4229 1321 4281 Ἐν
1357 4226 1485 4296 ἐμοὶ
1530 4225 1658 4298 γὰρ,
1718 4224 1901 4297 φησὶν,
1945 4227 1979 4279 ό

414 4323 637 4392 Πατὴρ,
658 4322 818 4392 κάγὼ
843 4323 911 4376 ἐν
937 4321 1016 4388 τῷ
1044 4322 1243 4389 Πατρί.
1282 4338 1305 4372 ›
1334 4320 1441 4372 Kal
1471 4317 1549 4372 έτι
1578 4318 1785 4381 τούτοις
1814 4332 1981 4388 προσ-

410 4414 642 4486 τίθησιν,
704 4414 1034 4486 ἀπογυμνῶν
1094 4415 1187 4467 τὸν
1248 4414 1376 4467 ἴδιον
1430 4410 1574 4477 νοῦν,
1608 4411 1672 4465 δι’
1730 4404 1804 4464 ὧν
1837 4409 1981 4481 γέξῆς

414 4507 608 4575 ἐπάγει
635 4506 824 4575 λέγων.
864 4525 882 4557 ι
905 4507 963 4559 '0
988 4506 1165 4559 τοίνυν
1188 4505 1327 4577 ἱερὸς
1357 4502 1644 4567 ἁπόστολός
1662 4519 1723 4555 τε
1754 4502 1847 4556 καὶ
1876 4519 1978 4572 μα-

2089 3310 2155 3363 de
2183 3308 2359 3364 Verbo
2384 3313 2719 3366 mandatorio
2751 3312 3037 3367 Marcellus
3066 3314 3397 3377 testimonia,
3431 3311 3640 3381 ejusce-

2089 3401 2229 3455 modi
2258 3416 2468 3470 quoque
2494 3403 2687 3458 asserit
2714 3405 2988 3459 exstitisse
3014 3414 3068 3458 et
3085 3404 3317 3459 Verbum
3343 3406 3468 3459 illud
3500 3404 3641 3474 quod

2081 3494 2219 3562 apud
2273 3493 2459 3557 Deum,
2518 3494 2658 3549 Deus
2689 3496 2938 3549 exstabat
2988 3497 3055 3549 ab
3114 3498 3288 3551 initio.
3323 3496 3413 3567 [Β.
3453 3496 3640 3559 XLVI,

2080 3584 2207 3638 coll.
2224 3583 2414 3653 p.1l8,
2438 3585 2500 3651 C,
2525 3586 2649 3651 144,
2676 3585 2768 3657 Λ.]
2789 3587 3049 3653 Quocirca
3076 3588 3639 3656 subinfertinquieus:

2087 3696 2104 3726 ι
2130 3676 2197 3729 Sa
2206 3677 2512 3733 notissimus
2526 3678 2797 3747 apostolus
2809 3689 2862 3735 et
2879 3681 3171 3750 discipulus
3185 3681 3391 3735 Domini
3410 3679 3647 3735 Joannes

2090 3792 2106 3823 ι
2134 3770 2392 3827 essertim
2420 3771 2616 3828 docens
2648 3772 2984 3841 apertissime
3012 3773 3064 3827 in
3086 3773 3347 3843 principio
3370 3774 3451 3829 sui
3470 3775 3641 3835 Eva...

2091 3881 2108 3911 ‹
2134 3862 2256 3931 gelii
2285 3858 2538 3928 Verbum,
2564 3862 2708 3916 velut
2730 3863 2877 3931 prius
2897 3864 3036 3919 inter
3053 3863 3294 3919 homines
3312 3864 3638 3935 ignoratum,

2091 3975 2113 4006 ι
2138 3954 2229 4010 Dei
2275 3956 2657 4026 omnipotentis
2686 3956 3005 4010 nominatim
3036 3957 3336 4027 compellat,
3369 3959 3638 4027 inquiens.

2090 4053 2150 4109 ᾧ
2188 4067 2209 4100 s
2257 4048 2318 4103 ιη
2343 4047 2595 4116 principio
2617 4056 2727 4101 erat
2763 4044 3010 4111 Verbum,
3035 4058 3079 4100 et
3109 4045 3333 4101 Verbum
3366 4058 3478 4101 erat
3502 4048 3641 4117 apud

2091 4156 2108 4190 ι
2137 4139 2319 4204 Deum,
2373 4150 2418 4193 et
2456 4138 2595 4191 Deus
2623 4148 2735 4191 erat
2776 4137 2907 4190 illud
2961 4137 3180 4192 Verbum
3216 4140 3283 4192 ⁸⁵.
3336 4138 3450 4193 Non
3485 4144 3641 4195 unico

2091 4250 2109 4280 ι
2132 4241 2416 4285 contentus
2436 4230 2928 4292 testimonio,Verbi
2945 4230 3209 4300 signiﬁcat
3227 4232 3600 4287 :eternitatem.
3616 4252 3632 4283 ι

2082 4322 2189 4395 [Β.
2224 4338 2365 4377 vau
2397 4322 2518 4376 coll.
2546 4337 2600 4392 p.
2637 4322 2739 4376 118
2768 4320 2873 4394 D.]
2904 4322 3108 4389 Quibus
3140 4323 3405 4377 subiul’ert
3436 4324 3637 4384 statim.

2091 4434 2109 4466 ι
2141 4423 2197 4467 ut
2228 4414 2277 4467 in
2306 4428 2371 4468 eo
2412 4412 2551 4482 quod
2582 4412 2834 4478 aﬂirmat,
2871 4412 2937 4466 In
2971 4415 3230 4482 principio
3250 4423 3359 4466 erat
3392 4413 3637 4478 Verbum,

2092 4526 2113 4557 ο
2136 4506 2419 4559 ostendere
2458 4514 2659 4574 posset,
2694 4505 2930 4575 potentia
2964 4520 3083 4560 esse
3119 4504 3169 4557 in
3198 4504 3357 4559 Patre
3391 4520 3488 4559 suo
3505 4502 3639 4560 Ver-

421 4619 441 4653 t
479 4600 646 4672 θητὴς
670 4600 762 4653 τοῦ
806 4600 1009 4671 Κυρίου
1044 4599 1311 4669 Ἰωάννης,
1363 4597 1461 4668 τῆς
1490 4594 1786 4665 ἀῖδιότητος
1816 4592 1978 4647 αὑτοῦ

2091 4618 2107 4649 ι
2138 4598 2280 4651 bum.
2312 4596 2439 4650 Erat
2460 4597 2600 4651 enim
2632 4597 2685 4651 iu
2718 4597 2975 4666 principio
3005 4611 3180 4650 rerum
3204 4596 3441 4649 omnium
3480 4597 3639 4659 Deus.

421 4709 439 4741 ι
485 4690 852 4761 μνημονεύων⁶
878 4689 1082 4760 ἀληθὴς
1134 4688 1375 4757 ἐγίγνετο
1423 4687 1515 4740 τοῦ
1549 4688 1720 4756 Λόγου
1752 4688 1979 4759 μάρτυς,

420 4802 438 4835 ι
488 4783 583 4834 Ἐν
605 4781 761 4851 ἀρχῇ
817 4778 896 4852 ἦν
936 4786 968 4837 ό
1015 4782 1225 4851 Λόγος,
1262 4780 1455 4849 λέγων,
1486 4778 1582 4832 καί
1632 4781 1664 4831 ό
1686 4779 1875 4848 Λόγος
1904 4773 1984 4847 ἦν

421 4892 438 4923 s
483 4872 634 4940 πρὸς
654 4873 761 4927 τὸν
816 4874 983 4935 Θεὸν,
1019 4872 1119 4927 καὶ
1156 4871 1299 4938 Θεὸς
1335 4866 1414 4940 ἦν
1462 4873 1495 4926 ὁ
1542 4872 1730 4939 Λόγος
1762 4885 1777 4901 ο
1834 4869 1982 4923 οὐδὲν

420 4983 439 5015 ι
485 4964 755 5033 γενέσεως
812 4964 1044 5019 ἐνταῦθα
1098 4963 1447 5035 μνημονεύων
1486 4962 1580 5016 τοῦ
1635 4962 1830 5027 Λόγου,
1867 4961 1979 5015 ἀλλ’

427 5074 446 5107 s
486 5055 809 5127 ἐπαλλήλοις
838 5056 983 5126 τρισὶ
1034 5054 1354 5127 μαρτυρίαις
1406 5053 1704 5126 χρώμενος,
1730 5051 1980 5105 ἐϐεϐαίου

418 5168 436 5200 ι
472 5151 529 5201 ἐν
556 5149 696 5219 ἀρχῇ
734 5149 825 5201 τὸν
848 5148 1019 5217 Λόγον
1048 5144 1204 5200 εἶναι.
1230 5168 1247 5199 ι
1282 5148 1389 5201 Kal
1423 5145 1742 5218 προστίθησι
1767 5144 1975 5208 τούτοις

2084 4712 2102 4743 ι
2132 4692 2197 4745 de
2214 4707 2317 4759 quo
2344 4690 2545 4746 omnia.
2574 4690 2628 4745 In
2659 4706 2723 4745 eo
2747 4691 2889 4760 quod
2919 4691 3015 4754 ait,
3036 4687 3101 4741 Et
3135 4686 3350 4741 Verbum
3374 4689 3506 4743 illud
3529 4699 3640 4744 erat

2086 4804 2102 4834 ι
2132 4784 2270 4853 apud
2302 4781 2486 4849 Deum,
2519 4781 2751 4836 Verbum
2800 4782 3070 4835 exstitisse
3111 4781 3266 4835 docet
3292 4782 3429 4848 apud
3474 4782 3637 4835 Deum

2086 4895 2102 4925 ι
2135 4883 2273 4928 actu.
2316 4872 2447 4927 Nam
2484 4888 2589 4944 per.
2621 4873 2765 4927 illum
2816 4873 3005 4927 omnia
3044 4872 3271 4939 ﬁebant,
3300 4884 3353 4928 et
3383 4874 3499 4928 sine
3550 4873 3638 4928 illo

2088 4986 2105 5017 ι
2134 4965 2295 5019 tiebat
2339 4966 2470 5019 nihil
2502 4966 2640 5034 quod
2682 4965 2876 5019 factum
2900 4959 3036 5029 fuit;
3080 4965 3130 5018 in
3166 4980 3229 5019 eo
3271 4964 3414 5034 quod
3441 4964 3638 5018 dicitur

2092 5075 2109 5105 ι
2142 5056 2305 5110 Deum
2332 5070 2454 5111 esse
2494 5056 2621 5111 illud
2654 5054 2881 5110 Verbum
2904 5095 2920 5121 ,
2948 5055 3279 5109 divinitatem
3320 5072 3423 5110 non
3451 5055 3639 5109 dividit

2087 5163 2105 5192 ι
2139 5146 2280 5213 quod
2308 5145 2539 5200 Verbum
2570 5155 2731 5212 esset,
2766 5146 2817 5199 id
2838 5148 2977 5215 quod
3014 5146 3064 5200 iu
3092 5146 3179 5199 illo
3204 5156 3355 5211 erat,
3383 5158 3433 5200 et
3466 5145 3555 5199 ille
3589 5148 3639 5200 in

412 5238 616 5307 λέγων·
661 5256 679 5290 ι
709 5239 820 5311 Τὴν
854 5240 954 5310 μὲν
1000 5237 1141 5293 κατὰ
1172 5238 1349 5311 σάρκα
1396 5238 1704 5309 οἰκονομίαν
1748 5236 1826 5307 τῷ
1878 5237 1974 5290 άν-

2091 5258 2101 5288 ι
2131 5238 2323 5294 Verbo.
2342 5237 2409 5292 In
2427 5256 2505 5292 me
2520 5240 2682 5303 enim,
2707 5239 2897 5307 inquit,
2914 5236 3086 5304 Pater,
3106 5248 3153 5292 et
3170 5256 3259 5308 ego
3285 5242 3337 5292 in
3361 5239 3520 5295 Patre
3537 5239 3601 5295 ".
3616 5256 3635 5291 ι

480 5410 538 5468 ›Ῑ‹
569 5404 667 5460 Ed.
703 5404 905 5476 Paris"
937 5420 1055 5476 pag.
1093 5405 1181 5459 37.
1285 5404 1331 5476 Ῐέ
1357 5403 1494 5476 Psal.
1533 5418 1704 5476 χχχιι.
1727 5404 1825 5476 6.__
1865 5400 2083 5476 _°°‘Psat.
2118 5421 2225 5465 CVI,
2253 5404 2345 5476 20Ζ
2428 5404 2469 5435 ει
2502 5404 2778 5476 δερ-χιιι,
2809 5400 2936 5465 6,7.
3034 5402 3078 5434 ⁸³
3103 5401 3268 5467 lsa.|.',
3293 5403 3345 5457 5.
3453 5403 3499 5437 ⁸³
3524 5399 3634 5460 .icr.

409 5490 533 5539 vui,
568 5476 621 5531 9.
695 5471 952 5531 u"Amos:
994 5471 1051 5544 ἦ,
1132 5476 1217 5529 1ο.
1290 5473 1706 5539 "Mich.tv,2.
1783 5471 1985 5527 “Jean

2091 5522 2093 5530 ι
2129 5478 2173 5531 ι.
2247 5476 2291 5506 ⁸⁷
2316 5473 2470 5527 Joau.
2510 5490 2561 5535 χ,
2590 5473 2675 5527 58.

480 5732 593 5801 (39)
620 5733 785 5804 Vulgo
802 5731 1001 5797 οὓτως;
1035 5731 1173 5788 infra
1193 5731 1353 5802 vulgo
1376 5731 1442 5784 δι’
1469 5724 1542 5787 ὧν
1574 5730 1695 5800 ἑξῆς
1728 5730 1985 5795 ἐπαγγὲλ)

2091 5729 2272 5795 λέγων·
2307 5727 2479 5797 ἱερός’
2509 5734 2560 5779 ct
2596 5726 2894 5797 γεννήσεως
2929 5734 2982 5781 et
3009 5723 3357 5795 ὲπαλλὴλαιςδ
