4098 6200
403 288 510 343 789

1518 288 1793 343 CONTRA
1835 287 2260 344 HARCELLUM
2300 288 2428 345 LIB.
2471 289 2533 344 ll.

3539 288 3640 344 79“

410 425 429 455 ι
464 402 637 457 κοινὰ
694 402 866 453 ἐστιν
926 397 1121 462 εἰπεῖν,
1187 399 1371 453 Πάντα
1424 400 1525 454 ὅσα
1570 401 1684 471 ἔχει
1718 404 1747 455 6
1795 402 1983 473 Πατὴρ

2100 418 2110 451 ι
2155 401 2349 455 exinde
2374 402 2564 470 liquet,
2596 414 2659 455 ex
2691 414 2756 454 eo
2780 398 2922 468 quod
2952 396 3204 459 declinat,
3236 402 3289 450 et
3307 393 3643 464 deprecatur;

414 516 432 546 ι
473 493 585 564 ὲμά
625 494 772 543 ὲστιν
822 489 946 559 ἔφη.
980 488 1175 542 Καίτοι
1217 490 1319 543 οὑκ
1347 486 1415 561 ἦν
1461 492 1589 545 ίδιον
1616 491 1708 545 τοῦ
1758 509 1983 563 συμφω-

416 604 434 633 ι
467 581 687 643 νοῦντος
732 578 871 632 οὕτω
909 578 1109 645 λέγειν,
1145 579 1300 645 ἀλλά,
1338 598 1357 631 ι
1396 581 1598 633 Πάντα
1630 581 1747 635 ὅσα
1781 582 1905 648 ἔχει
1951 583 1983 634 ό

417 691 435 721 ι
475 668 695 737 Πατὴρ,
728 666 897 721 κοινά
918 666 1105 722 ἐστιν.
1130 687 1148 720 ι
1176 669 1241 721 Ei
1267 668 1375 740 γάρ
1421 672 1476 723 ai
1508 669 1616 724 τῶν
1654 672 1985 727 Ἀποστόλων

421 784 439 815 ι
479 762 732 835 Πράξεις,
757 762 856 830 τὴν
882 761 990 814 τῶν
1026 760 1326 831 τηνικαῦτα
1352 763 1685 832 προσιόντων
1708 766 1772 834 τῇ
1808 765 1985 817 πίστει

422 874 440 903 ι
482 850 793 922 συμφωνίαν
816 847 1157 911 ἐπαινοῦσαι,
1198 866 1216 900 ι
1254 849 1456 903 Πάντα
1486 846 1564 919 ἦν
1589 851 1793 915 αὐτοῖς
1817 851 1988 905 κοινὰ

424 964 441 993 ι
483 944 705 1013 ἔφασαν,
739 942 835 995 καὶ
865 943 952 996 ἐπ’
972 940 1293 1009 ἀνθρώπιον,
1330 941 1435 994 τῶν
1466 945 1773 1011 συμφωνεῖν
1830 941 1987 993 δυνα-

422 1056 440 1088 ι
483 1035 677 1107 μένων,
724 1034 881 1088 κοινὰ
936 1030 1075 1088 εἶναι
1123 1034 1299 1087 πάντα
1350 1033 1588 1105 νομίζειν
1646 1034 1984 1102 ὀφειλόντων,

421 1148 441 1179 ι
484 1127 590 1198 (42)
645 1127 796 1197 πόσῳ
832 1126 1028 1197 μᾶλλον
1056 1125 1161 1178 ἔδει
1193 1125 1283 1178 τὸν
1317 1124 1534 1195 Πατέρα
1564 1124 1658 1178 καὶ
1710 1124 1799 1176 τὸν
1862 1122 1987 1175 Υίδν

419 1234 438 1265 ι
478 1214 761 1276 κοινωνίας
794 1214 1060 1285 μετέχειν,
1097 1214 1175 1274 εἰς
1221 1210 1314 1263 δύο
1346 1212 1669 1274 ὑποστάσεις
1724 1209 1989 1283 διῃρημέ-

416 1324 437 1357 ι
477 1323 633 1371 νους;
661 1306 801 1357 Νυνὶ
820 1305 875 1357 δὲ
901 1307 960 1357 ὲν
990 1304 1088 1374 μὲν
1122 1301 1200 1373 τῷ
1225 1302 1423 1371 λέγειν,
1452 1301 1654 1356 Πάντα
1716 1301 1831 1355 ὅσα
1862 1302 1988 1369 ἔχει

416 1416 435 1447 ι
474 1400 507 1451 ὀ
537 1396 763 1465 Πατὴρ,
793 1393 906 1464 ἐμά
919 1395 1072 1456 ἐστι,
1099 1393 1434 1448 πλεονεκτῶν
1456 1394 1484 1447 ὀ
1510 1393 1634 1457 Υίὸς
1659 1392 1747 1446 τὸν
1775 1393 1988 1464 Πατέρα

415 1508 433 1537 ι
478 1488 759 1557 φαίνεται·
794 1489 850 1541 ὲν
880 1486 936 1539 δὲ
951 1484 1029 1555 τῷ
1061 1486 1310 1554 φάσκειν,
1342 1485 1475 1556 μηδὲ
1524 1483 1620 1538 τοῦ
1656 1485 1844 1539 ἑαυτοῦ
1888 1485 1990 1539 Λό-

417 1599 436 1630 ι
470 1596 570 1647 γου
626 1578 829 1649 Κύριον
886 1574 1050 1645 εἶναι,
1080 1577 1217 1631 ἀλλά
1260 1578 1354 1630 καὶ
1385 1577 1577 1632 τούτου
1615 1578 1704 1631 τὸν
1748 1576 1986 1646 Πατέρα,

417 1691 437 1723 ι
482 1673 568 1741 (Ὀ
607 1673 717 1742 γὰρ
747 1672 935 1741 Λόγος
968 1672 1041 1725 ὃν
1086 1672 1352 1733 ἀκούετε,
1407 1671 1607 1741 φησὶν,
1649 1673 1760 1725 οὐκ
1822 1670 1991 1724 ἐστιν

2090 512 2107 543 ι
2156 494 2333 561 Atque
2363 493 2465 546 alia
2494 492 2630 557 vice,
2666 490 2788 545 Non
2811 506 3011 560 quiem,
3046 488 3245 557 inquit,
3269 501 3438 539 meam
3466 488 3645 542 volun-

2090 603 2109 634 ι
2157 594 2335 647 tatem,
2371 584 2463 639 sed
2527 581 2840 635 voluntatem
2896 579 3076 633 Patris
3134 578 3222 647 qui
3274 576 3415 630 misit
3468 592 3548 629 me
3576 575 3645 630 ’°.

2094 691 2111 723 ι
2156 672 2438 739 Quomodo
2496 672 2656 742 igitur
2712 681 2930 738 propter
2977 668 3120 723 illam
3189 666 3387 735 ubique
3441 674 3491 721 et
3554 678 3650 734 pct‘

2092 782 2111 815 ι
2157 765 2337 817 omnia
2375 762 2824 824 consonantiam,
2877 758 3219 815 Servatorem
3252 756 3481 811 allirmat
3519 771 3648 825 pro—

2093 875 2110 906 ι
2168 856 2463 916 nuntiasse,
2500 854 2611 924 Ego
2644 862 2697 906 et
2726 852 2884 907 Pater
2913 866 3063 905 meus
3098 865 3259 902 unum
3292 849 3517 903 sumus?
3538 866 3555 898 ι
3588 846 3651 901 Et

2088 944 2605 1016 paucisinterjectis
2638 946 2714 999 ait
2754 962 2766 997 :
2822 943 2911 1015 [Β.
2942 940 3104 1012 LXV]
3142 958 3161 992 ι
3199 939 3476 1006 Quomodo
3523 952 3647 1008 erga

2096 1057 2113 1089 ι
2164 1038 2354 1092 Filium
2388 1036 2797 1091 consonantiam
2845 1033 3040 1089 habere
3088 1033 3247 1087 Pater
3300 1030 3516 1099 poterit,
3565 1031 3649 1086 vel

2094 1148 2114 1181 ι
2162 1128 2329 1184 Filius
2359 1142 2484 1195 erga
2524 1127 2762 1189 Patrem,
2812 1140 2935 1180 cum
2985 1123 3182 1177 dixerit
3222 1122 3413 1187 Filius,
3458 1121 3649 1175 Omnia

2096 1240 2114 1273 ι
2162 1222 2255 1273 illa
2294 1236 2411 1290 qua:
2447 1219 2611 1272 Pater
2645 1218 2818 1281 habet,
2843 1232 2955 1269 mea
2988 1216 3147 1269 sunt?
3175 1214 3267 1268 Est
3292 1214 3435 1268 enim
3460 1211 3648 1274 Filius,

2094 1334 2112 1367 ι
2159 1314 2246 1383 qui
2278 1314 2379 1367 hoc
2405 1313 2563 1365 modo
2612 1310 2872 1381 loquitur,
2918 1307 3278 1362 abundantior
3321 1320 3419 1360 suo
3466 1303 3649 1358 Patre.

2097 1427 2113 1457 ι
2162 1405 2355 1461 Omnia
2391 1420 2507 1473 qua:
2548 1403 2710 1456 Pater
2733 1402 2907 1466 habet,
2948 1415 3062 1452 mea
3097 1407 3239 1459 sunt,
3280 1395 3476 1465 inquit,
3533 1395 3654 1449 ideo

2096 1518 2114 1549 ι
2162 1513 2266 1552 non
2295 1504 2496 1559 autem,
2536 1494 2727 1550 Omnia
2759 1507 2877 1562 quae
2919 1490 3081 1545 Pater
3112 1489 3307 1553 habet,
3345 1485 3652 1542 communia

2096 1611 2114 1642 ι
2162 1598 2323 1653 sunt;
2352 1602 2475 1641 cum
2508 1586 2793 1641 dicendum
2819 1583 2893 1637 ita
2925 1591 3069 1637 esset
3105 1580 3201 1645 illi,
3232 1582 3322 1649 qui
3352 1594 3451 1648 per
3473 1577 3652 1634 omnia

2095 1702 2112 1733 ι
2158 1681 2378 1735 haberet
2403 1694 2523 1732 cum
2551 1693 2648 1732 suo
2684 1677 2845 1731 Patre
2906 1673 3311 1730 consonantiam
3343 1690 3358 1726 :
3390 1670 3653 1740 siquidem

422 1784 440 1813 ι
482 1764 641 1833 ἐμὸς,
674 1763 835 1817 ἀλλὰ
864 1762 971 1816 τοῦ
1020 1762 1368 1832 πέμψαντός
1398 1779 1475 1831 με
1525 1762 1779 1829 Πατρός)
1830 1761 1989 1828 ἀφαι-

2100 1792 2114 1825 ι
2164 1773 2215 1826 in
2245 1771 2470 1826 Actibus
2498 1768 2838 1839 apostolicis,
2892 1766 2980 1820 ubi
3011 1780 3195 1820 eorum
3230 1764 3319 1833 qui
3373 1762 3440 1817 ad
3494 1762 3655 1817 ﬁdem

424 1871 445 1905 ι
490 1854 697 1924 ρεῖσθαι
723 1853 811 1905 τὸν
844 1851 1062 1923 Πατέρα
1089 1851 1158 1906 τὰ
1188 1851 1292 1904 ἴδια
1326 1849 1419 1904 τοῦ
1454 1850 1638 1914 παιδὸς
1697 1850 1986 1903 δείκνυσιν.

429 1966 446 1995 ι
508 1945 767 2014 Ἐκάτερα
789 1944 846 1996 δὲ
884 1942 1026 1997 κατά
1062 1942 1160 2014 τὴν
1198 1942 1472 2013 Ἀστερίου
1501 1944 1672 2013 οἴησιν
1716 1942 1820 2011 οὑκ
1861 1942 1989 1995 ἀκο-

428 2052 449 2087 ι
484 2034 681 2097 λοὺθως
711 2034 974 2105 εἰρημένα
1000 2034 1265 2102 φαίνεται.
1308 2033 1453 2086 Ἔδει
1484 2026 1593 2103 γὰρ
1647 2033 1736 2085 τὸν
1771 2049 1991 2102 συμφω-

430 2144 448 2176 ι
486 2124 673 2179 νοῦντα
707 2127 780 2196 μὴ
811 2125 877 2177 τά
930 2124 1101 2195 ἑτέρῳ
1133 2124 1403 2195 προσόντα
1463 2123 1852 2194 Μρασπᾶσθαι
1911 2123 1990 2176 δί-

429 2236 448 2267 ι
490 2232 638 2279 καια,
669 2216 1049 2269 πλεονεκτικὸν
1082 2214 1189 2285 γὰρ
1211 2214 1369 2268 τοῦτό
1397 2232 1481 2284 γε,
1513 2214 1650 2268 ἀλλά
1682 2213 1748 2267 τά
1799 2215 1989 2268 ἑκατέ-

422 2326 443 2360 ι
485 2325 562 2380 ρῳ
585 2307 854 2378 προσόντα
877 2308 1027 2360 κοινά
1056 2303 1192 2359 εἶναι
1226 2308 1483 2377 νομίζειν.
1516 2308 1699 2370 Ὥστε,
1735 2308 1860 2361 ὅταν
1892 2308 1989 2377 μὲν

423 2421 441 2452 ι
479 2403 557 2464 είς
611 2401 712 2473 τὴν
776 2400 1122 2471 ἀνθρωπίνην
1169 2398 1566 2470 ἀποϐλέπωμεν
1626 2400 1844 2471 σάρκα,
1892 2401 1989 2469 οὑχ

422 2512 440 2543 ι
482 2494 670 2565 ὥσπερ
708 2493 981 2563 Ἀστέριος
1013 2492 1308 2563 γέγραφεν,
1339 2491 1510 2556 οὕτως
1565 2493 1867 2564 εὑρήσομεν
1914 2495 1989 2545 εί-

422 2607 441 2638 c
473 2588 676 2659 ρηκότα
704 2587 797 2640 τὸν
833 2587 1060 2657 Σωτῆρα
1082 2603 1095 2615 ·
1152 2586 1292 2655 Ἐγὼ
1336 2586 1432 2638 καί
1464 2588 1497 2638 ό
1558 2584 1758 2654 Πατὴρ
1792 2584 1862 2638 ἐν
1885 2584 1989 2638 ἐσ-

422 2700 439 2731 ι
465 2698 580 2749 μεν
613 2698 628 2711 ·
674 2681 722 2733 εί
767 2680 877 2751 γὰρ
919 2678 1066 2731 τοῦτ’
1099 2674 1186 2749 ἦν.
1224 2678 1440 2740 πάντως
1459 2678 1525 2731 ἂν
1551 2677 1653 2749 ἔφη
1674 2694 1686 2708 υ
1729 2677 1868 2746 Ἐγὼ
1894 2681 1987 2732 καὶ

426 2787 446 2821 ι
480 2773 508 2822 ὀ
542 2770 725 2841 Πατὴρ
781 2772 837 2822 ὲν
884 2770 1052 2823 ἅπασι
1114 2769 1247 2840 πρὸς
1276 2768 1532 2839 ἀλλήλους
1569 2768 1982 2839 συμφωνοῦμεν.

427 2880 446 2911 ι
488 2862 621 2915 Novi
646 2862 725 2925 δὲ,
762 2861 901 2931 Ἐγὼ
934 2862 1027 2915 καί
1082 2864 1114 2915 ὁ
1144 2860 1345 2930 Πατὴρ
1369 2861 1437 2915 ἓν
1476 2861 1682 2928 ἐσμεν,
1733 2860 1858 2930 ἔφη.
1911 2861 1985 2913 Οὑ

429 2973 447 3004 ι
490 2955 601 3025 γὰρ
621 2955 707 3008 διά
735 2955 831 3027 τὴν
858 2958 913 3008 ὲν
938 2955 1137 3009 ἀπασιν
1162 2954 1337 3023 λόγοις
1365 2971 1425 3007 τε
1486 2955 1579 3008 καὶ
1610 2954 1789 3025 ἔργοις
1830 2954 1987 3025 ἀκρι-

430 3068 448 3096 ι
491 3048 559 3119 ϐῆ
587 3049 920 3119 συμφωνίαν,
957 3048 1033 3111 ὡς
1060 3049 1220 3111 αὐτὸς
1244 3047 1540 3118 γέγραφεν,
1567 3049 1594 3101 ὀ
1624 3048 1814 3118 Σωτὴρ
1842 3046 1987 3118 εἴρη-

2095 1883 2113 1915 ι
2159 1873 2285 1918 tunc
2311 1862 2675 1926 accedebant,
2716 1860 2966 1915 laudatur
3014 1854 3404 1919 consonantia,
3462 1851 3654 1910 Omnia

2096 1980 2114 2011 ι
2165 1958 2334 2013 fuisse
2359 1958 2489 2026 ipsis
2514 1953 2853 2017 communia,
2883 1952 3082 2006 dicitur
3107 1949 3155 1981 "
3189 1966 3202 2002 :
3236 1956 3290 2003 et
3323 1946 3505 2002 omnia
3533 1953 3658 1999 sunt

2096 2069 2113 2100 ι
2160 2048 2466 2104 communia
2516 2045 2871 2101 existimanda
2917 2043 3055 2097 inter
3084 2055 3176 2096 eos
3224 2039 3316 2110 qui
3354 2051 3655 2093 consonan-

2097 2160 2114 2192 ι
2164 2140 2292 2195 tiam
2331 2140 2471 2193 inter
2506 2138 2757 2192 homines
2792 2134 3189 2205 amplectuntur
3220 2150 3234 2187 :
3260 2138 3461 2200 quanto
3490 2128 3660 2195 magis

2096 2250 2113 2281 ι
2162 2246 2258 2301 par
2304 2230 2436 2299 fuit,
2491 2232 2706 2285 Patrem
2769 2238 2933 2296 atque
2982 2225 3174 2280 Filium
3221 2221 3656 2280 communionem

2096 2347 2113 2377 ι
2156 2326 2434 2395 amplecti,
2486 2326 2574 2394 qui
2609 2325 2660 2379 in
2690 2323 2828 2378 duas
2861 2324 3180 2393 hypostases
3233 2311 3659 2371 dividebantur?

2094 2439 2111 2470 ι
2164 2428 2215 2472 at
2253 2432 2392 2471 nunc
2429 2415 2601 2470 Filius
2642 2429 2801 2483 quam
2851 2411 3014 2466 Pater
3058 2410 3175 2480 plus
3204 2408 3406 2463 habere
3428 2405 3657 2467 videtur,

2096 2532 2113 2561 ι
2163 2526 2282 2565 cum
2314 2509 2565 2571 aﬂirmel,
2620 2506 2813 2561 Omnia
2847 2522 2962 2575 qua:
2994 2502 3156 2555 Pater
3192 2503 3342 2555 habet
3375 2515 3486 2553 mea
3515 2506 3656 2552 sunt.

2093 2624 2111 2653 ι
2163 2603 2215 2656 lu
2249 2617 2314 2655 eo
2352 2611 2528 2655 autem
2561 2599 2702 2667 quod
2757 2597 2925 2657 dicit,
2972 2595 3205 2647 Vcrlmm
3255 2607 3359 2646 non
3416 2604 3534 2645 esse
3575 2590 3658 2643 sui

2094 2715 2110 2745 ι
2164 2693 2471 2755 Dominum,
2510 2692 2602 2745 sed
2637 2690 2805 2758 ipsius
2834 2687 3073 2748 Patrem,
3108 2686 3311 2753 (sermo
3340 2682 3474 2736 enim
3509 2697 3660 2749 quem

2093 2806 2110 2835 ι
2158 2786 2377 2850 auditis,
2409 2783 2602 2852 inquit,
2640 2798 2742 2836 non
2770 2790 2843 2834 est
2878 2796 3041 2841 meus,
3072 2776 3163 2831 sed
3202 2776 3373 2829 Patris
3404 2775 3492 2843 qui
3519 2774 3664 2825 misi:

2092 2897 2109 2927 ι
2158 2895 2237 2931 me
2264 2877 2319 2948 :)
2351 2876 2657 2932 ostenditur
2685 2874 2896 2927 Patrem
2923 2889 2950 2924 a
2987 2871 3123 2924 Filio
3148 2867 3361 2922 auferre
3384 2868 3547 2922 etiam
3574 2865 3661 2917 illa

2094 2983 2111 3014 ι
2158 2980 2280 3033 quae
2304 2946 2526 3032 propria
2561 2973 2706 3015 sunt.
2768 2961 3025 3014 Neutrum
3071 2962 3331 3020 istorum,
3363 2971 3427 3011 ex
3465 2946 3661 3010 Asterii

2097 3075 2114 3106 ι
2163 3055 2454 3121 sententia,
2514 3064 2660 3109 recte
2707 3054 2921 3107 dicitur.
2994 3050 3098 3104 Par
3144 3058 3200 3103 et
3254 3062 3466 3118 atquum
3516 3048 3662 3102 enim

430 3160 449 3189 ι
493 3134 608 3203 κεν,
640 3139 750 3207 ἐγὼ
780 3141 869 3192 καὶ
910 3143 938 3194 6
984 3141 1173 3211 Πατὴρ
1213 3140 1271 3194 ἓν
1309 3142 1494 3209 ἐσμεν.
1575 3139 1780 3193 Οὐκοῦν
1826 3140 1875 3192 εί
1931 3141 1989 3192 ὲν

2100 3168 2116 3199 ι
2167 3150 2341 3201 fuerat
2382 3155 2771 3200 consonantem
2807 3144 3082 3212 aliquem,
3126 3141 3271 3195 nullo
3306 3143 3464 3195 modo
3492 3140 3557 3193 ad
3606 3154 3665 3193 se

430 3250 449 3281 σ
492 3231 718 3296 ἐκείνοις
741 3233 1064 3303 ἀσυμφωνία
1092 3251 1173 3295 τις
1200 3227 1289 3303 ἦν,
1325 3232 1534 3301 ἀνάγκη
1575 3232 1631 3284 δὲ
1658 3232 1748 3285 τὸν
1798 3231 1993 3285 δεσπό-

429 3343 449 3375 σ
495 3342 595 3396 την
620 3326 921 3396 ἀληθεύειν,
967 3327 1056 3379 τὸν
1086 3326 1314 3396 Σωτῆρα
1340 3324 1581 3396 ἁκριὸὦς
1602 3324 1798 3377 εἰδέναι
1824 3342 1992 3395 προσ-

430 3433 449 3467 ι
485 3417 631 3484 ήκει,
663 3417 764 3479 ὅτι,
814 3416 976 3486 ἡνίκα
1003 3415 1067 3469 ἂν
1108 3414 1248 3485 Ἐγὼ
1274 3416 1371 3469 καί
1404 3418 1435 3469 ό
1471 3414 1671 3481 Πατὴρ
1699 3414 1767 3467 ἓν
1786 3416 1991 3483 ἐσμεν,

431 3527 450 3558 ι
489 3508 642 3580 λέγῃ,
676 3507 978 3580 τηνικαῦτα
1010 3509 1111 3561 οὑκ
1143 3510 1221 3567 είς
1246 3508 1336 3561 τὸν
1362 3507 1644 3575 ἄνθρωπον
1682 3507 1737 3558 ὃν
1786 3506 1997 3577 ἀνείλη-

430 3618 451 3651 ο
492 3617 595 3670 φιν
643 3601 969 3659 ἀποϐλέπων
1020 3600 1180 3653 τοῦτό
1209 3618 1393 3671 φησιν,
1424 3600 1538 3653 ἀλλ’
1566 3602 1644 3663 είς
1668 3600 1759 3652 τὸν
1793 3600 1857 3652 ὲκ
1903 3597 1996 3651 τοῦ

432 3710 451 3742 ι
496 3681 704 3764 Πατρός
728 3692 1059 3764 προελθόντα
1086 3692 1276 3759 Λόγον.
1312 3694 1372 3744 Εί
1406 3693 1512 3763 γάρ
1543 3710 1627 3755 τις
1676 3691 1999 3761 ἀσυμφωνία

434 3803 453 3835 ι
495 3780 635 3837 εῖναι
662 3784 867 3854 δοκοίη,
893 3784 1030 3855 αὕτη
1066 3784 1434 3855 ἀναφέρεσθαι
1466 3786 1545 3846 είς
1593 3782 1689 3854 τὴν
1734 3783 1833 3853 τῆς
1877 3799 2001 3850 σαρ-

436 3893 452 3923 ι
496 3873 593 3937 κὸς
615 3875 900 3929 ἀσθένειαν
931 3875 1155 3943 ὀφείλει,
1186 3877 1250 3946 ἢν
1276 3876 1349 3947 μὴ
1381 3874 1641 3946 πρότερον
1696 3874 1833 3944 ἔχων
1864 3874 2003 3926 ἀνεί-

438 3984 458 4016 ι
496 3966 663 4036 ληφεν
694 3968 723 4019 ὀ
756 3967 1025 4035 Λόγος.Εί
1046 3966 1099 4019 δὲ
1130 3966 1317 4036 ἑνότης
1348 3966 1555 4033 λέγοιτο
1578 3965 1739 4036 αὕτη,
1774 3964 1854 4034 τῷ
1900 3965 2003 4018 Λό-

439 4080 455 4107 ι
489 4075 569 4129 γῳ
608 4059 937 4131 διαφέρουσα
961 4060 1230 4129 φαίνεται.
1262 4058 1423 4111 Ὅθεν
1442 4059 1503 4111 οὑ
1542 4058 1701 4127 μόνον
1736 4058 1817 4120 τὸ,
1858 4056 2004 4125 Ἐγὼ

438 4169 457 4200 ι
493 4149 591 4203 καί
618 4153 651 4203 ὁ
678 4151 881 4219 Πατὴρ
916 4151 1207 4220 ἒνέσμεν,
1246 4150 1472 4211 εἰκότως
1496 4150 1622 4219 ἔφη,
1650 4148 1784 4202 ἀλλὰ
1818 4150 2005 4201 κάκεῖ-

388 4298 401 4311 _
439 4259 458 4291 ι
501 4258 580 4303 νο,
614 4243 884 4309 Τοσούτῳ
902 4245 1101 4311 χρόνῳ
1110 4242 1238 4311 μεθ’
1258 4239 1423 4310 ὑμῶν
1447 4244 1582 4309 ειμι,
1606 4242 1882 4302 Φίλιππε,
1909 4240 2004 4293 καὶ

439 4350 457 4380 ι
499 4331 714 4400 λέγεις,
729 4332 937 4397 Δεῖξόν
953 4351 1053 4401 μοι
1084 4334 1189 4386 τὸν
1212 4332 1465 4401 Πατέρα.
1486 4332 1674 4401 Δῆλον,
1698 4334 1779 4386 ὅτι
1800 4334 1861 4385 οὑ
1887 4329 2007 4384 τού-

441 4441 458 4472 ι
491 4440 605 4486 τοις
634 4426 747 4487 τοῖς
774 4424 1099 4494 ὀφθαλμοῖς,
1131 4424 1266 4478 ἀλλά
1306 4426 1417 4487 τοῖς
1456 4426 1665 4494 νοητοῖς
1718 4422 1786 4477 τὰ
1841 4430 2005 4495 νσητά

443 4538 460 4569 ι
498 4520 629 4589 όρᾷν
652 4519 988 4591 δυναμένοις.
1030 4520 1282 4589 Ἀὀρατος
1342 4518 1450 4590 γὰρ
1502 4521 1612 4582 τοῖς
1656 4518 1758 4589 τῆς
1806 4522 2005 4593 σαρκὸς

443 4630 458 4657 ι
498 4609 736 4679 ὃμμασιν
764 4611 792 4663 ὀ
812 4628 871 4663 τε
902 4612 1091 4683 Πατὴρ
1119 4613 1371 4685 ὑπάρχει,
1406 4612 1498 4665 καὶ
1522 4616 1550 4666 ὀ
1592 4613 1783 4665 τούτου
1811 4613 2001 4681 Λόγος.

442 4721 458 4748 ι
495 4701 569 4753 ()5
592 4700 681 4753 διὰ
709 4701 807 4772 τὴν
835 4704 894 4755 ὲν
926 4704 1131 4757 ἅπασιν
1181 4700 1273 4757 οὖν
1323 4704 1638 4773 συμφωνίαν
1698 4704 1841 4757 τοῦτ’
1898 4704 2003 4773 ἔφη

444 4811 461 4841 ι
498 4791 630 4862 πρὸς
659 4792 943 4847 Φίλιππον.
986 4814 1003 4846 ›
1037 4794 1284 4848 Τοσαῦτα
1333 4793 1523 4857 εἰπὼν,
1555 4794 1907 4847 ὲπαναλαϐὼν
1946 4794 2006 4858 ἐξ

438 4883 691 4953 ὑπαρχῆς
735 4884 827 4937 τὸν
869 4884 1026 4953 λόγον
1054 4928 1068 4947 ,
1122 4884 1309 4940 τοῦτον
1356 4886 1673 4956 ’δογματίζει
1741 4886 1831 4939 τὸν
1885 4887 2007 4956 τρόέ

438 4991 539 5027 πον
559 4991 572 5003 ·
604 4993 622 5025 ι
655 4975 768 5045 Πρὸ
788 4976 896 5046 γὰρ
923 4977 1024 5046 τῆς
1057 4976 1413 5049 δημιουργίας
1448 4978 1665 5048 ἀπάσης
1695 4978 1892 5047 ἡσυχία
1924 4994 2009 5043 τις

445 5085 462 5114 ι
502 5062 589 5135 ἦν,
621 5067 696 5129 ὡς
721 5067 886 5130 εἰκὸς,
914 5067 1065 5130 ὄντος
1096 5068 1206 5135 (45)
1247 5070 1304 5121 έν
1340 5068 1418 5138 τῷ
1458 5067 1576 5138 Θεῷ
1606 5067 1697 5121 τοῦ
1728 5068 1918 5137 Λόγου.
1946 5070 2007 5122 Εἰ

446 5177 464 5208 ι
499 5158 605 5227 γὰρ
663 5158 890 5229 ποιητὴν
920 5158 1176 5212 ἀπάντων
1205 5158 1294 5212 τὸν
1327 5159 1457 5212 Θεὸν
1485 5162 1513 5214 ὀ
1543 5159 1813 5229 Ἀστέριος
1846 5160 2008 5211 πεπί-

2100 3258 2118 3289 a
2166 3240 2403 3304 trahere,
2443 3252 2565 3306 qua:
2589 3239 2654 3291 de
2681 3237 2801 3306 jure
2833 3235 2993 3289 alteri
3039 3234 3437 3303 competebant,
3486 3230 3663 3285 avari-

2100 3353 2117 3383 σ
2172 3333 2297 3385 tiam
2331 3331 2530 3402 quippe
2568 3330 2667 3382 hoc
2690 3329 2929 3389 denotat,
2966 3327 3055 3381 sed
3094 3341 3211 3393 quin
3242 3325 3434 3379 utrivis
3469 3339 3664 3393 suppe-

2101 3444 2117 3473 ι
2168 3423 2371 3486 tebant,
2404 3422 2491 3475 illa
2516 3436 2634 3474 esse
2649 3419 2957 3474 communia
2982 3417 3257 3471 arbitrari.
3285 3418 3433 3471 Adeo
3464 3426 3520 3471 ut
3542 3432 3665 3472 cum

2102 3532 2121 3565 ι
2170 3514 2455 3567 humanam
2488 3526 2703 3565 carnem
2732 3511 3056 3572 intueamur,
3088 3524 3193 3561 non
3216 3508 3664 3575 quemadmodum

2105 3623 2122 3653 ι
2170 3603 2413 3657 Asterius
2446 3602 2685 3671 scripsit,
2730 3599 3006 3654 Dominum
3032 3598 3265 3651 locutum
3308 3598 3666 3660 inveniamus,

2107 3713 2123 3744 ι
2176 3694 2285 3763 Ego
2308 3701 2359 3746 et
2389 3691 2552 3745 Pater
2584 3708 2727 3745 meus
2766 3707 2923 3744 unum
2947 3705 3125 3742 sumus
3149 3703 3169 3752 ;
3196 3689 3240 3743 si
3268 3688 3411 3743 enim
3440 3687 3490 3741 id
3518 3690 3666 3743 vole-

2107 3808 2125 3836 ι
2172 3787 2284 3851 bat,
2318 3786 2541 3840 omnino
2566 3785 2795 3847 diceret,
2842 3783 2952 3854 Ego
2996 3791 3050 3836 et
3096 3780 3259 3836 Pater
3307 3780 3361 3834 in
3418 3780 3669 3834 omnibus

2107 3900 2123 3931 ι
2178 3880 2320 3933 inter
2353 3894 2451 3934 nos
2498 3878 2872 3947 conspiramus
2902 3892 2917 3929 :
2949 3884 3003 3929 at
3053 3890 3193 3929 nunc
3236 3874 3406 3940 dixit,
3459 3872 3570 3943 Ego
3619 3884 3667 3926 et

2109 3992 2124 4021 ι
2181 3970 2344 4025 Pater
2385 3988 2547 4045 unum
2591 3987 2788 4024 sumus.
2843 3968 3009 4037 Igitur
3055 3967 3100 4022 si
3167 3965 3343 4035 aliqua
3386 3966 3527 4019 inter
3578 3980 3671 4019 eos

2109 4084 2127 4114 ι
2174 4065 2469 4129 exstitisset
2510 4062 2957 4123 inconsouantia,
3010 4069 3065 4114 et
3114 4058 3229 4113 ﬁeri
3298 4066 3554 4128 nequeat.
3612 4065 3672 4111 ut

2111 4177 2128 4207 ι
2181 4158 2437 4210 Dominus
2482 4156 2826 4219 mentiretur,
2857 4164 3008 4207 certe
3035 4161 3118 4206 est
3148 4158 3370 4206 necesse
3401 4149 3671 4217 intelliga-

2112 4266 2129 4297 ι
2184 4262 2302 4301 mus
2330 4246 2695 4306 Servatorem,
2750 4260 2871 4297 cum
2922 4246 3143 4311 diceret,
3185 4249 3243 4306 >14
3285 4242 3398 4312 Ego
3426 4253 3472 4295 et
3516 4238 3674 4293 Patr:

2112 4358 2131 4389 ο
2179 4356 2337 4392 unum
2366 4354 2574 4401 sumus,
2598 4337 2701 4392 hoc
2732 4352 2838 4391 non
2863 4337 3061 4391 dixisse
3089 4350 3155 4389 ex
3200 4334 3390 4388 intuitu
3416 4332 3668 4394 hominis.

2041 4464 2082 4519 ο
2117 4448 2136 4481 ι
2182 4445 2340 4517 quem
2370 4429 2694 4497 assumpsit,
2731 4429 2822 4483 sed
2854 4428 3012 4482 Verbi
3057 4442 3087 4481 e
3133 4426 3293 4480 Patre
3336 4424 3667 4494 prodeuntis.

2117 4542 2135 4574 ι
2184 4514 2325 4575 Nam
2343 4521 2388 4575 si
2422 4522 2598 4590 aliqua
2645 4520 2973 4590 deprehendi
3020 4516 3428 4572 inconsonantia
3470 4524 3670 4585 posset,

2117 4635 2134 4665 ι
2186 4614 2342 4668 debet
2378 4614 2463 4668 illa
2500 4612 2689 4668 referri
2718 4613 2933 4683 quidem
2959 4613 3024 4665 ad
3069 4610 3251 4665 carnis
3277 4610 3671 4675 infirmitatem,

2118 4722 2135 4754 ι
2182 4719 2341 4771 quam
2379 4718 2499 4757 cum
2538 4703 2686 4772 prius
2716 4717 2819 4755 non
2848 4700 3113 4765 haberet,
3149 4698 3386 4767 suscepit
3413 4695 3671 4752 Verbum.

2116 4814 2135 4846 ε
2182 4796 2334 4863 Quod
2379 4797 2422 4851 si
2470 4796 2649 4849 unitas
2705 4796 2818 4849 haec
2851 4793 3081 4856 dicatur,
3146 4801 3293 4845 certe
3333 4791 3547 4845 videtur
3607 4790 3672 4845 ad

2115 4902 2133 4933 ι
2200 4883 2427 4937 Verbum
2456 4897 2577 4937 esse
2602 4882 2905 4937 referenda.
2935 4880 3086 4936 Unde
3119 4896 3223 4934 non
3270 4882 3409 4935 istud
3442 4890 3673 4943 tantum,

2117 4994 2134 5025 ι
2188 4974 2296 5043 Ego
2324 4984 2373 5027 et
2402 4972 2567 5029 Pater
2593 4991 2752 5028 unum
2779 4989 2992 5036 sumus,
3041 4972 3232 5027 merito
3262 4973 3465 5026 dictum
3495 4981 3581 5027 est
3607 4973 3674 5025 ab

2118 5086 2136 5117 ι
2192 5066 2302 5132 illo,
2330 5068 2424 5120 sed
2451 5067 2593 5120 aliud
2626 5067 2847 5134 insuper
2884 5064 3093 5119 :-Tanto
3141 5076 3363 5133 tempore
3401 5063 3477 5131 fui
3508 5063 3676 5117 vobis-

2119 5176 2137 5208 ι
2189 5174 2327 5224 cum,
2374 5156 2636 5226 Philippe,
2658 5167 2705 5210 et
2727 5168 2783 5209 tu
2811 5157 2969 5209 dicis:
2997 5156 3223 5212 Ostende
3244 5157 3371 5210 mihi
3391 5158 3675 5216 Patrem".

520 5325 577 5383 ᾧ
624 5319 719 5374 Ed.
752 5320 949 5385 Paris.,
986 5337 1109 5393 pag.
1137 5322 1226 5377 59.
1307 5322 1354 5354 "
1377 5322 1533 5378 Joan.
1560 5338 1612 5385 ν.
1646 5324 1731 5378 50.
1810 5326 1995 5379 "Act.
2029 5342 2088 5387 ll,
2122 5325 2186 5378 Η
2210 5342 2221 5381 :
2249 5340 2319 5388 tv,
2361 5322 2449 5376 '52.
2528 5322 2579 5353 “
2609 5280 2761 5375 Joan.
2806 5320 2971 5381 λιτά).

516 5503 627 5575 W2)
668 5502 933 5575 Νομίζειν
959 5508 1339 5575 βφειλόντων.
1372 5508 1623 5575 Ὀφείλει.
1648 5510 1849 5568 statim.
1876 5509 1994 5562 forte

2126 5508 2458 5563 intermediis
2485 5521 2602 5572 quae
2630 5505 2783 5559 codd.
2810 5508 2958 5559 dant.

441 5573 542 5659 τῆς
572 5574 741 5660 αὑξῇς
785 5573 1329 5660 κοινωνίαςητιιιχτῆς
1366 5573 1485 5658 ἴσης
1519 5597 1571 5660 κ.
1599 5579 1784 5660 μικᾶν
1813 5579 1890 5660 είς
1920 5578 2011 5660 δὺο

449 5644 544 5716 ὑπ.
576 5643 623 5716 δ,
645 5642 713 5696 Μ.
740 5645 991 5716 τ-διιρτιι
1027 5648 1181 5715 vulgo
1206 5642 1501 5701 ἐπαινοῦσα
1522 5658 1573 5701 et
1599 5642 1739 5702 inira
1766 5649 1881 5699 νυνὶ
1912 5649 2009 5716 μὲν

452 5713 511 5764 ὲν
556 5712 629 5781 τῷ
654 5723 708 5768 ct
744 5712 1205 5784 ἁποϐλέπομενέι
1236 5718 1293 5769 ἓν
1325 5719 1489 5787 ἐσμεν
1511 5734 1523 5746 ·
1554 5720 1601 5770 εἰ
1653 5720 1758 5785 γάρ
1798 5712 2012 5774 omiSsis

2195 5580 2303 5648 (45)
2324 5571 2510 5648 Vulgo
2529 5576 2678 5648 ὄντος
2710 5587 2829 5648 post
2859 5575 3039 5648 MSon
3058 5585 3111 5648 et
3144 5575 3268 5648 dein,
3299 5571 3433 5648 εἶναι
3469 5576 3549 5648 ὅτι
3584 5576 3677 5631 καὶ

2123 5643 2368 5717 συνομολ.
2399 5643 2452 5715 ἡζ
2487 5647 2642 5708 αὑτός
2674 5656 2727 5699 et
2758 5646 2931 5700 πάντα
2964 5643 3224 5710 ὲνάὑτοῖς
3249 5645 3353 5699 ὑπὸ
3380 5645 3533 5699 θεοῦ.
