2049 3100
263 139 312 169 701

611 141 746 170 EUSEBII
764 141 1001 170 CESABIENSIS
1019 142 1035 170 ι]

1088 161 1094 169 .
1114 141 1207 170 PARS
1225 142 1270 171 IV.
1288 142 1539 172 —DOGMATICA.

1825 143 1878 171 79!

264 207 275 224 ι
298 197 429 227 Nimirum
447 206 500 227 non
514 198 572 227 istis
588 204 692 227 tantum
706 199 802 232 oculis,
815 200 861 227 sed
877 200 1035 228 intellecttta.

1097 207 1107 224 ‹
1127 207 1240 227 στευκεν
1257 197 1343 233 εῖναι,
1361 200 1439 236 δῆλον
1453 200 1495 227 ὅτι
1509 198 1718 236 συνομολογήσιι
1734 198 1799 235 ἡμῖν
1832 198 1881 226 καὶ

263 254 274 271 ε
302 245 575 280 Iibus,intelligibilia
602 245 647 279 qui
680 252 794 273 eernere
822 250 946 280 possunt.
973 246 1040 274 Nam

264 301 273 316 ι
296 292 433 325 corporeis
446 290 531 318 oculis
546 290 690 318 invisibilis
713 296 758 318 est
776 295 804 318 et
823 291 902 319 I’ater
915 297 942 318 et
955 291 1041 319 Patris

264 347 272 362 ι
298 337 424 365 Verbum.
445 336 502 364 Non
526 336 610 371 igitur
629 338 662 364 ad
681 337 752 365 itunc
776 337 884 365 modunt
908 337 1041 364 allocutus

262 392 271 408 ε
293 387 335 410 est
347 381 508 417 Philippum,
532 387 644 417 propter
669 382 742 410 illam
769 382 795 410 in
812 383 926 418 singulis
943 390 1040 410 conso-

262 439 271 453 ‹
296 428 424 455 nantiam.
445 438 454 454 ι
484 428 630 463 Postquam
654 433 708 456 tam
731 428 822 456 multis
848 429 906 456 haec
925 429 1039 460 dixerat,

259 478 396 509 resumpto
421 475 455 502 ab
478 475 555 502 initio
585 482 708 502 sermone
725 494 733 508 ,
759 475 793 503 ad
826 476 897 502 [tunc
932 475 1039 502 modum

258 520 421 553 dogmatizat
438 530 445 548 :
465 520 510 556 [IL
532 520 600 548 XCII
617 521 680 549 coll.
712 529 739 556 p.
778 520 830 548 101
847 520 890 560 D,
915 521 965 548 I06
988 520 1039 557 8.]

261 566 352 593 «Ante
388 573 494 593 omnem
532 574 622 594 rerum
655 566 859 601 productionem
891 572 969 598 erat.
1011 572 1041 594 ιιι

262 619 270 634 ι
294 617 342 644 par
355 615 396 637 est
411 611 532 643 credere,
559 613 637 646 quies
664 612 689 638 in
712 612 776 644 Deo,
797 612 945 639 exsistente
971 613 1040 646 apud

261 664 270 678 ε
293 661 354 682 eum
373 656 445 683 intus
461 656 557 683 Verbo.
581 656 647 683 Nam
663 658 684 683 si
701 657 822 684 omniutn
840 664 928 684 rerqu
946 658 1040 684 condi-

262 710 271 725 ι
294 705 377 728 torem
397 709 457 729 esse
471 701 554 729 Deum
571 702 693 730 Asterius
714 703 799 730 credit
819 703 866 738 (id
893 704 963 738 quod
984 704 1041 738 ipse

261 755 270 770 r
295 747 433 774 nobiscum
446 755 498 774 una
513 748 687 776 conﬁtebitur
699 758 706 775 :
720 749 804 776 Deum
822 748 949 776 nimirum
971 757 1042 776 sem-

261 801 269 816 Ι
292 799 340 826 per
350 792 527 820 exsistentem
541 794 648 821 ittitium
662 802 717 821 sua:
729 795 879 822 existentiae
892 803 944 822 non
962 795 1041 822 sorti-

260 846 270 861 ‹
293 842 348 863 tttm
372 846 379 864 :
400 843 498 866 caetera
525 839 633 873 quidem
661 841 750 867 omnia
780 841 814 868 ab
837 841 882 868 illo
912 841 1039 876 producta

260 892 269 907 ε
293 882 386 915 fuisse,
405 889 433 911 et
445 884 553 919 quidem
568 886 697 919 producta
711 887 743 914 de
759 887 854 915 nihilo.
865 886 957 922 Neque
968 888 1038 915 enim

260 937 268 952 ι
293 929 385 961 credo.
410 934 436 957 et
462 930 524 958 illud
554 931 725 966 proiessurus
753 937 804 965 est,
832 941 893 961 esse
916 934 1038 968 quaedam

259 982 268 998 ι
293 973 424 1009 ingenita.
449 982 499 1002 nec
527 975 632 1003 dicturo
661 977 813 1004 crediturus
835 987 841 1005 :
865 979 911 1005 sed
940 979 1039 1006 habere

259 1027 268 1042 ί
293 1019 539 1052 persuasissimum.
556 1020 667 1053 caelum.
681 1026 794 1055 terram,
812 1028 839 1049 et
854 1024 945 1050 omnia
963 1024 988 1051 in
1006 1024 1039 1052 iis

259 1072 268 1088 ι
291 1071 306 1089 a
329 1063 383 1090 Deo
407 1064 489 1092 tuisse
511 1066 657 1100 producta)
671 1066 692 1093 si
707 1067 817 1098 credat,
834 1068 954 1105 inquam,
976 1068 1038 1101 ista,

258 1117 268 1133 ι
292 1115 403 1136 necesse
417 1115 459 1137 est
473 1115 503 1137 ut
517 1110 581 1138 illud
599 1112 679 1138 simul
692 1113 862 1145 conﬁteatur,
879 1114 945 1141 nihil
963 1122 1039 1149 pror-

259 1163 268 1179 ι
291 1161 338 1181 sus
358 1155 431 1182 aliud
452 1161 548 1190 praeter
571 1157 654 1184 Deum
682 1158 831 1185 exstitisse.
864 1159 950 1187 liabet
974 1167 1039 1195 ergo

258 1208 267 1224 ε
292 1200 424 1234 privatam
446 1208 522 1229 suam
544 1203 688 1237 quamdam
703 1203 857 1237 opinionem
874 1211 963 1232 sermo
977 1205 1037 1236 iste,

258 1254 268 1270 c
291 1246 427 1274 exsistens
441 1247 467 1274 in
484 1246 563 1274 Patre
581 1256 640 1276 suo.
654 1258 663 1274 ι
682 1249 743 1276 Haec
765 1254 906 1283 postquam
923 1250 1037 1283 dixerat,

254 1291 388 1319 subiniert
410 1293 500 1321 statim
517 1293 562 1329 [R.
577 1293 667 1329 XCIII]
683 1304 689 1322 :
706 1304 715 1320 ι
730 1296 891 1323 ConceSsam
912 1296 948 1323 illi
964 1302 1039 1332 pote~

257 1346 266 1362 ε
290 1342 399 1370 statem,
421 1339 535 1374 gloriam
551 1340 674 1368 Asterius
687 1342 854 1375 nominavit;
880 1351 929 1371 nec
941 1344 1039 1371 solutu-

257 1393 266 1408 ι
287 1384 366 1411 ntodo
385 1384 509 1419 gloriam,
537 1387 584 1413 sed
611 1392 637 1414 et
659 1389 885 1417 antetnundanam
901 1391 1037 1426 gloriam:

256 1439 266 1454 ι
292 1438 344 1457 non
360 1431 588 1465 animadvertens,
602 1437 664 1460 ante
674 1435 800 1461 mundum
811 1435 958 1468 conditum,
974 1444 1039 1471 prae»

257 1483 266 1499 ι
291 1479 332 1502 ter
346 1483 428 1502 unum
444 1476 530 1504 solum
547 1477 630 1504 Deum
649 1479 787 1506 exstitisse
806 1481 916 1508 omnino
931 1482 1008 1510 nihil.
1027 1492 1036 1509 ι

253 1518 314 1546 Ilaec
330 1519 475 1549 Marcellus
490 1522 533 1549 ubi
550 1523 668 1555 dixerat,
695 1529 721 1551 et
748 1526 807 1552 sine
826 1526 879 1553 ullo
906 1533 1036 1561 przctextu
1052 1542 1072 1570 ε

254 1572 301 1598 per
318 1565 360 1592 illa
374 1566 471 1594 Filium
488 1568 677 1604 abnegaverat,
694 1575 722 1596 ut
739 1571 815 1598 nobis
835 1572 958 1599 redderet
976 1581 1037 1607 per-

253 1610 452 1645 suasissimum,
465 1612 608 1646 qualenam
628 1614 674 1641 Dei
694 1614 808 1642 Verbum
831 1616 1034 1652 imaginaretur,

252 1658 370 1681 tuentem
385 1662 461 1682 suam
481 1657 565 1691 aperit
583 1658 728 1686 dilucidius
756 1660 843 1687 adltuc
857 1681 864 1693 ,
890 1667 917 1689 et
943 1669 1036 1691 nostro

251 1700 333 1728 verbo
347 1701 479 1729 assimilat
501 1711 548 1737 per
562 1704 652 1732 omnia
664 1726 671 1738 ,
692 1706 718 1733 itt
737 1706 770 1733 iis
786 1715 846 1741 qua:
865 1708 899 1734 ita
922 1709 1032 1736 scribit:

251 1745 296 1781 [RL
315 1744 359 1773 LV
374 1747 434 1775 coll.
451 1756 476 1782 ρ.
493 1749 527 1776 79
544 1748 573 1781 Β,
590 1749 639 1776 114
659 1750 692 1782 Ι),
710 1750 762 1778 1ἳὸ
776 1751 815 1787 Β]
831 1762 839 1777 ι
854 1753 949 1780 Omnia
973 1755 1033 1788 qui-

253 1801 263 1818 a
285 1792 345 1820 dent
360 1801 419 1828 qua:
434 1795 503 1822 facta
525 1800 598 1828 sunt,
614 1796 800 1831 intelliguntur
823 1807 836 1825 a
860 1798 937 1827 Patre
963 1799 1033 1827 facta

252 1847 261 1863 ι
283 1846 343 1866 esse
358 1847 405 1874 per
425 1840 552 1869 Verbum.
567 1843 698 1876 Quocirca
714 1849 741 1871 et
756 1846 942 1873 sanctissimus
961 1845 1034 1881 Moy-

252 1893 262 1909 ‹
285 1892 339 1918 ses,
355 1886 478 1920 angelum
493 1887 609 1922 appellat
622 1889 673 1916 ltoe
689 1889 715 1916 in
742 1890 801 1917 loco
819 1890 948 1923 Verbum,
973 1899 1033 1925 pro-

252 1939 262 1955 ι
284 1935 376 1964 pterea
393 1932 463 1965 quod
476 1940 527 1959 non
540 1934 574 1960 ob
588 1933 669 1960 aliam
679 1942 789 1962 causam
806 1937 939 1970 apparuit,
951 1944 1030 1971 quam

252 1984 261 2000 ι
285 1979 312 2001 ut
329 1975 412 2011 Moysi
426 1978 595 2006 renuntiaret
619 1979 662 2007 illa
678 1988 737 2014 qua:
759 1982 909 2009 conducere
928 1982 1032 2010 sciebat

252 2030 261 2045 ι
285 2021 347 2049 ﬁliis
369 2021 461 2051 Israel.
487 2024 598 2053 Sciebat
611 2032 702 2054 autettt
727 2027 791 2054 illud
814 2030 975 2062 conducere,
1003 2036 1031 2057 ut

251 2077 260 2092 ε
284 2069 426 2096 crederent
447 2078 530 2098 unum
546 2072 633 2099 solum
656 2073 738 2099 Deum
756 2081 825 2101 esse.
851 2078 880 2106 >3
898 2075 1029 2108 Quocirca

250 2126 259 2139 ι
282 2118 311 2141 et
330 2114 474 2150 alloquitur
501 2117 586 2149 illum,
612 2118 668 2153 Ego
692 2121 808 2154 suntqui
827 2129 884 2147 sum
897 2121 918 2136 "
932 2130 938 2147 :
954 2126 982 2149 ut
996 2122 1029 2149 ab

248 2169 260 2186 ε
283 2160 339 2194 ipso
354 2168 413 2188 cum
428 2163 607 2196 recesserint,
632 2165 732 2191 nullum
751 2173 811 2193 esse
836 2165 919 2193 Deum
947 2166 1027 2193 aliutn

1094 254 1104 270 ε
1124 245 1206 277 αὑτός
1217 253 1225 261 ·
1238 245 1284 272 τὸν
1299 246 1349 281 μὲν
1368 246 1411 272 ἀεὶ
1430 246 1571 280 ὑπάρχειν,
1587 245 1653 281 μηδὲ
1669 244 1780 272 rulime
1811 242 1881 271 εἷναι

1094 301 1102 316 t
1116 292 1204 327 ἀρχὴν
1221 291 1337 318 λαϐόντα
1349 300 1355 306 '
1372 292 1405 318 τὰ
1421 292 1449 318 δὲ
1466 291 1642 326 γεγεννῆσθαί
1663 299 1693 317 τε
1719 291 1764 317 ὑπ’
1782 289 1879 320 αὑτοῦ,

1094 347 1102 363 t
1123 338 1171 364 καὶ
1187 338 1216 370 ἐξ
1228 339 1278 364 οὐκ
1291 338 1375 364 ὀντων
1398 338 1585 372 γεγεννῆσθαι.
1609 338 1647 363 Οὐ
1660 337 1714 372 γὰρ
1728 334 1805 372 οἶμαι
1832 337 1880 363 καὶ

1094 393 1102 408 ι
1122 383 1201 410 τοῦτο
1212 384 1349 410 πιστεύειν
1364 384 1444 410 αὑτὸν
1457 383 1496 418 τῷ
1519 383 1622 417 λέγοντι
1650 381 1719 409 εἷναί
1741 390 1803 409 τινα
1832 382 1881 408 καὶ

1094 439 1102 455 ι
1123 430 1257 465 ἁγέννητα
1269 438 1276 445 ·
1292 429 1360 456 ἀλλὰ
1379 429 1499 464 ἀκριϐῶς
1518 428 1677 460 πεπεῖσθαι,
1695 428 1738 455 ὃτι
1763 428 1879 463 οὐρανός

1093 485 1102 501 t
1122 485 1151 502 τε
1168 476 1214 503 καὶ
1231 476 1266 511 γῆ
1281 476 1328 502 καὶ
1343 475 1430 501 πάντα
1452 475 1486 501 τὰ
1503 475 1531 500 ὲν
1545 474 1668 510 οὐρανοῖς
1689 474 1736 500 καὶ
1759 473 1805 499 ἐπὶ
1827 473 1879 507 γῆς

1094 530 1102 545 ι
1120 520 1184 546 ὄντα
1206 521 1258 546 ὑπὸ
1280 520 1347 547 Θεοῦ
1375 520 1546 554 γεγέννηται.
1564 520 1594 545 Ei
1627 519 1716 545 τοίνυν
1735 518 1814 544 τοῦτο
1832 526 1878 543 πι-

1094 575 1102 591 c
1128 566 1226 598 στεύοι,
1245 565 1350 600 ἀνάγκη
1375 566 1456 591 αὑτὸν
1478 566 1587 591 κάκεῖνο
1614 565 1816 599 συνομολογεῖν,
1836 563 1878 589 ὅτι

1094 620 1103 636 ι
1125 611 1192 646 πλὴν
1203 611 1269 637 Θεοῦ
1286 611 1360 637 οὐδὲν
1371 611 1463 645 ἕτερον
1486 609 1528 645 ἦν.
1549 609 1627 646 Εἷχεν
1642 609 1687 637 οὖν
1706 610 1756 645 τὴν
1776 609 1877 636 οἰκείαν

1094 666 1103 682 ι
1126 657 1203 690 δόξαν
1219 658 1233 683 ό
1250 658 1343 692 Λόγος,
1361 658 1398 684 ὢν
1411 658 1440 683 ὲν
1453 657 1492 692 τῷ
1512 657 1608 692 Πατρί.
1629 666 1638 682 ι
1662 657 1718 683 Καὶ
1741 655 1826 682 ταῦτα
1842 656 1876 681 εἰ.

1091 702 1165 734 πὼν,
1193 703 1289 736 ὲπάγει
1318 703 1375 737 μεθ’
1407 703 1509 738 ἔτερα·
1541 704 1620 738 (Τὴν
1642 703 1763 729 δοθεῖσαν
1803 701 1877 735 αὑτῷ

1094 757 1104 773 r
1122 747 1244 781 ἐξουσίαν
1264 748 1400 783 Ἀστέριος
1413 748 1491 781 δόξαν
1508 747 1653 782 ὀνομάζειο
1676 746 1723 772 καὶ
1749 746 1778 772 οὐ
1799 745 1877 777 δόξαν

1094 802 1102 818 ι
1125 793 1214 828 μόνον,
1241 792 1308 819 ἀλλὰ
1339 794 1386 819 καὶ
1403 794 1568 828 προκόσμιον
1589 793 1677 826 δόξαν,
1690 793 1740 818 οὐκ
1760 791 1875 822 ὲννοῶν,

1094 848 1102 864 ι
1120 840 1171 870 ὃτι,
1189 840 1271 874 μήπω
1287 839 1334 865 τοῦ
1350 840 1453 875 κόσμου
1469 840 1620 874 γεγονότος,
1638 839 1714 865 οὐδὲν
1737 839 1828 873 ἓτερον
1842 836 1877 873 ἦν

1056 874 1076 902 Β
1094 894 1103 910 t
1127 885 1195 922 πλὴν
1217 886 1284 912 Θεοῦ
1317 886 1408 921 μόνου.
1430 896 1438 912 ι
1458 886 1540 912 Ταῦτ’
1561 885 1645 912 εἰπὼν
1666 886 1680 911 ὁ
1706 884 1876 919 Μάρκελλος,

1089 931 1136 958 καὶ
1156 931 1201 958 τὸν
1229 931 1292 958 Υἱὸν
1317 932 1350 957 δι’
1378 932 1465 959 αὐτῶν
1492 931 1731 967 ἀπαρακαλύπτως
1759 931 1877 966 ἀρνησὰ-

1090 985 1169 1011 μενος
1181 997 1188 1008 ,
1205 977 1248 1002 ἵνα
1272 977 1345 1011 ἡμᾶς
1361 977 1481 1012 ἀκριϐῶς
1505 977 1604 1013 πείσῃ,
1633 978 1722 1003 ὁποῖον
1741 974 1808 1002 εἶναι
1831 976 1877 1002 τὸν

1089 1022 1173 1055 Λόγον
1190 1022 1236 1048 τοῦ
1255 1023 1322 1048 Θεοῦ
1347 1024 1465 1058 ἐφρόνει,
1485 1023 1649 1058 σαφέστερον
1678 1022 1804 1057 ἐμφαίνει
1827 1022 1878 1056 τὴν

1088 1068 1216 1099 διάνοιαν,
1236 1067 1274 1103 τῷ
1293 1068 1419 1104 ἡμετέρῳ
1447 1069 1519 1103 λόγῳ
1545 1067 1703 1099 ἀπεικάζων
1724 1068 1804 1094 αὑτὸν
1818 1087 1825 1099 ,
1843 1067 1876 1094 δι’

1088 1109 1125 1140 ὧν
1157 1113 1242 1140 ταῦτα
1275 1114 1394 1149 γράφει·
1435 1124 1443 1140 ι
1467 1115 1573 1150 ’Ὥσπερ
1605 1114 1659 1150 γὰρ
1687 1113 1721 1140 τὰ
1747 1114 1878 1147 γεγονότα

1093 1168 1102 1184 ι
1121 1159 1208 1186 πάντα
1235 1160 1287 1186 ὑπὸ
1312 1160 1359 1186 τοῦ
1374 1161 1480 1196 Πατρὸς
1500 1160 1545 1187 διὰ
1561 1160 1606 1187 τοῦ
1630 1160 1717 1194 Λόγου
1743 1159 1876 1195 σημαίνε-

1092 1214 1101 1230 t
1121 1206 1239 1240 ταιμέ).
1265 1206 1314 1232 Διά
1338 1206 1416 1232 τοῦτο
1436 1206 1490 1241 γὰρ
1512 1207 1579 1233 καὶὸ
1594 1205 1741 1240 ἁγιώτατος
1757 1205 1876 1239 Μωῠσῆς

1093 1261 1101 1276 ι
1120 1251 1234 1285 ἄγγελον
1246 1252 1362 1279 ἐνταῦθα
1380 1251 1508 1287 ὀνομάζει
1519 1252 1564 1279 τὸν
1590 1253 1684 1286 Λόγον,
1698 1253 1737 1278 ὅτι
1754 1251 1787 1278 δι’
1800 1251 1877 1278 οὐδὲν

1092 1305 1101 1321 ι
1120 1296 1213 1331 ἕτερον
1240 1297 1337 1332 ἐφάνη,
1365 1297 1422 1323 ἀλλ’
1445 1298 1488 1324 ἵνα
1514 1297 1661 1334 ἀναγγείλῃ
1679 1297 1717 1332 τῷ
1739 1297 1852 1324 Μωῦσεί
1869 1318 1876 1328 ,

1093 1350 1102 1365 ι
1123 1340 1209 1367 ταῦτα
1221 1341 1292 1376 ἆπερ
1309 1342 1456 1369 λυσιτελεῖν
1468 1344 1524 1374 τοῖς
1537 1343 1604 1374 υίοῖς
1612 1342 1720 1378 Ἰσραὴλ
1731 1342 1875 1377 ἠπίστατο·

1093 1396 1101 1412 ι
1123 1387 1255 1421 ἠπίστατο
1286 1388 1314 1414 δὲ
1335 1388 1480 1415 λυσιτελεῖν
1508 1389 1554 1415 ἕνα
1572 1388 1637 1415 Θεὸν
1657 1386 1726 1415 εἶναι
1745 1388 1874 1423 νομίζειν.

1093 1441 1102 1457 ι
1123 1433 1167 1459 Διὸ
1199 1434 1244 1459 καὶ
1275 1435 1343 1468 πρὸς
1361 1434 1450 1465 αὐτὸν,
1475 1435 1545 1469 Ἐγώ
1566 1436 1621 1469 ειμι
1639 1436 1655 1461 ό
1679 1434 1730 1466 ὢν,
1751 1434 1814 1468 ἔφη,
1833 1434 1876 1460 ἵνα

1093 1488 1101 1502 ι
1123 1478 1223 1513 μηδένα
1251 1480 1329 1511 ὲκτὺς
1348 1480 1444 1506 ἑαυτοῦ
1468 1480 1559 1515 ἓτερον
1584 1480 1650 1506 Θεὸν
1669 1478 1738 1507 εἶναι
1772 1479 1874 1516 διδάξῃ.

1094 1532 1101 1548 ι
1121 1523 1205 1550 Τοῦτο
1222 1525 1321 1559 ῥᾴδιον,
1337 1523 1422 1560 οἶμαι,
1440 1527 1495 1557 τοῖς
1507 1526 1684 1561 εὐφρονοῦσι,
1696 1526 1743 1553 καὶ
1759 1526 1814 1552 ἀπὸ
1829 1535 1875 1562 μι-

1093 1579 1101 1594 ι
1122 1570 1188 1604 κροῦ
1204 1579 1275 1602 τινος
1290 1571 1336 1598 καὶ
1352 1572 1477 1598 ταπεινοῦ
1495 1571 1555 1598 καθ’
1571 1573 1642 1607 ἡμᾶς
1656 1571 1875 1608 παραδείγματος

1092 1625 1101 1640 ι
1119 1616 1219 1649 γνῶναι
1239 1616 1305 1651 (45).
1324 1618 1389 1644 Οὐδὲ
1411 1618 1462 1653 γὰρ
1488 1619 1531 1645 τὸν
1550 1618 1596 1645 τοῦ
1628 1618 1770 1654 ἀνθρώπου
1797 1618 1875 1651 λόγον

1092 1671 1100 1686 ι
1120 1662 1232 1696 δυνάμει
1253 1663 1298 1688 καὶ
1313 1663 1456 1690 ὑποστάσει
1474 1663 1588 1699 χωρίσαι
1604 1664 1658 1690 τινι
1679 1663 1798 1690 δυνατόν.
1825 1664 1874 1689 Ἐν

1091 1716 1099 1731 ι
1118 1707 1172 1742 γάρ
1186 1709 1244 1734 ὲστι
1261 1709 1306 1734 καὶ
1320 1709 1416 1735 ταύτὸν
1431 1709 1470 1744 τῷ
1481 1709 1616 1744 ἀνθρώπῳ
1627 1709 1732 1743 όλόγος,
1746 1709 1791 1734 καὶ
1807 1709 1869 1734 οὑδ-

1090 1763 1099 1778 ‹
1117 1754 1156 1779 ενι
1180 1753 1361 1789 χωριζόμενος
1389 1756 1474 1790 ἑτέρῳ
1498 1756 1514 1790 ἢ
1537 1756 1603 1791 μόνῃ
1620 1757 1651 1791 τῇ
1679 1755 1727 1790 τῆς
1743 1754 1869 1790 πράξεως

1089 1810 1098 1825 t
1118 1800 1251 1836 ἐνεργείᾳ.
1267 1810 1276 1825 ι
1308 1800 1362 1826 Καὶ
1389 1800 1608 1835 ὲπιδαψιλεύεται
1628 1801 1667 1827 ἔτι
1698 1799 1794 1836 μᾶλλον
1819 1799 1869 1835 τὴν

1086 1845 1167 1871 αὑτοῦ
1180 1845 1297 1871 διάνοιαν
1317 1845 1466 1879 ἐμφαίνων,
1486 1845 1519 1871 δι’
1535 1842 1572 1872 ὧν
1595 1845 1656 1880 ἑξῆς
1682 1845 1744 1872 τάδε
1770 1844 1867 1880 φησίν·

1089 1898 1097 1914 ι
1118 1889 1155 1914 Οὐ
1172 1888 1225 1923 γὰρ
1237 1888 1269 1923 δὴ
1284 1889 1379 1924 ἑτέρας
1408 1889 1568 1924 ὀνομασίας,
1582 1888 1637 1916 οἷον
1655 1890 1721 1926 ὕλης
1747 1890 1763 1926 ἢ
1785 1890 1870 1925 ἄλλης

1088 1944 1097 1960 t
1114 1935 1186 1966 τινὸς
1206 1935 1381 1971 ἀνθρωπίνης
1399 1936 1489 1971 (46),ὀ
1509 1937 1574 1968 Θεὸς
1598 1937 1682 1964 ἐδεῖτο
1698 1937 1765 1972 πρὸς
1788 1946 1871 1964 κατα-

1088 1990 1097 2006 r
1117 1981 1226 2017 σκευὴν,
1244 1981 1310 2008 ἀλλὰ
1326 1982 1426 2017 ταύτης
1439 1982 1488 2017 τῆς
1504 1984 1533 2009 ἐν
1544 1985 1576 2018 τῇ
1594 1983 1675 2010 αὐτοῦ
1692 1983 1871 2019 διανοίᾳέτοι-

1087 2036 1095 2052 t
1117 2027 1226 2061 μασίας.
1247 2027 1321 2053 Ἐπεὶ
1331 2025 1376 2053 οὖν
1388 2027 1517 2054 ἀδύνατον
1530 2026 1563 2064 ἦν
1576 2029 1659 2064 χωρὶς
1675 2029 1754 2064 λόγου
1766 2029 1870 2064 καὶτῆς

1086 2082 1094 2098 ι
1117 2073 1270 2109 προσούσης
1292 2073 1330 2108 τῷ
1358 2073 1428 2109 λόγῳ
1454 2075 1548 2108 σοφίας
1576 2075 1700 2110 ἐννοῆσαι
1727 2077 1789 2111 περὶ
1818 2076 1868 2111 τῆς

1086 2129 1094 2145 ι
1117 2120 1164 2146 τοῦ
1183 2119 1299 2155 ούρανοῦ
1316 2121 1486 2155 κατασκευῆς
1502 2121 1547 2147 τὸν
1564 2121 1640 2153 Θεὸν,
1663 2122 1774 2154 εἰκότως
1796 2122 1870 2159 ἔφης

1085 2174 1093 2189 ι
1115 2165 1214 2191 Ἠνίκα
1235 2164 1369 2199 ἡτοίμαζε
1383 2164 1436 2191 τὸν
1448 2164 1584 2198 οὐρανὸν,
1601 2165 1804 2200 συμπαρήμην
1814 2165 1868 2191 αὐ-

248 2214 258 2231 σ
282 2206 490 2234 arbitrarentur.
513 2208 634 2236 Proclive
656 2215 698 2236 est
720 2216 810 2237 autent
832 2211 903 2238 istud
922 2213 1028 2239 cuicun-

1088 2219 1093 2233 l
1116 2209 1165 2242 τῷ.
1185 2219 1194 2235 ›
1211 2210 1264 2235 Καὶ
1282 2209 1456 2245 προστίθησιν
1471 2208 1547 2241 αὖθις
1560 2210 1690 2245 ἑξομοιῶν
1702 2210 1741 2245 τῷ
1762 2209 1867 2245 ἀνθρω-

248 2261 258 2278 ι
277 2258 330 2286 que
345 2254 478 2287 prudenti,
504 2255 676 2289 utiarbitror,
691 2256 850 2291 intelligere,
862 2258 895 2284 ab
904 2259 1029 2292 exemplo

248 2306 257 2323 ι
280 2299 395 2332 quodam
412 2300 509 2334 exiguo
533 2306 558 2328 et
584 2302 651 2329 satis
676 2302 768 2329 IiUIIIIII
788 2304 915 2331 ltutnano.
937 2304 1029 2339 Neque

248 2354 256 2369 ι
280 2345 351 2371 ettint
363 2346 489 2379 possibile
499 2351 551 2378 est,
559 2347 721 2381 cuicunque,
733 2349 842 2375 verbum
853 2350 977 2381 hominis,
987 2351 1027 2377 vel

247 2399 255 2415 t
278 2391 407 2424 potentia,
422 2391 456 2418 ab
474 2392 609 2427 ltypostasi
626 2401 761 2427 separare.
777 2393 863 2422 Unum
877 2400 918 2422 est
928 2396 1027 2422 etenim

190 2447 194 2456 -
246 2445 256 2461 ι
277 2441 358 2471 atque
378 2437 447 2464 idetn
462 2445 523 2465 cum
540 2439 647 2466 homine
670 2440 779 2466 verbum
799 2449 893 2475 suum;
910 2449 958 2469 nec
973 2443 1026 2470 ullo

246 2491 255 2506 ι
275 2487 352 2515 pacto
365 2483 444 2509 aliter
454 2485 642 2518 separandum,
659 2492 739 2519 quant
756 2486 812 2513 sola
822 2487 918 2520 agendi
929 2495 1026 2521 opera-

245 2536 254 2552 t
277 2527 557 2563 tione.»Magisadbuc
570 2530 678 2565 prodige
688 2539 762 2558 suattt
773 2537 888 2559 utentem
899 2533 1025 2563 insinuat.

297 2611 326 2640 »Β
345 2608 395 2636 Ed.
409 2608 511 2642 Paris,
525 2617 586 2645 pag.
600 2609 645 2637 40.
699 2610 721 2626 ⁸⁷
734 2610 819 2639 Exod.
838 2618 881 2644 tu,
895 2611 940 2638 ιι.

279 2678 398 2717 (“litui
410 2679 462 2717 ζοῦ
476 2679 582 2717 Λόγου-
590 2680 776 2717 σημαίνεται.
789 2681 879 2717 Deest,
894 2682 1026 2717 γεγεννῆ-

242 2711 314 2740 σθαι.
327 2711 472 2751 Ἐνταῦθα,
488 2711 655 2751 referebatur
668 2715 702 2742 ad
723 2716 810 2743 locum
824 2711 941 2751 aliquem
954 2711 1028 2744 Scri-

242 2751 447 2784 pturaquuenr
460 2750 486 2776 itt
513 2750 554 2777 bis
576 2751 633 2778 suis
652 2750 788 2784 excerptis
808 2750 917 2778 reticuit
941 2751 1026 2779 Euse-

241 2781 413 2821 bius.___M._—
427 2783 485 2821 Mox
504 2784 644 2821 vulgum!
656 2781 752 2821 ἁγιώτ.
765 2790 793 2813 et
808 2785 954 2821 ἀναγγέλῃ.

278 2816 335 2856 (ιβ)
355 2818 453 2856 βιαιὶιιι
469 2818 535 2856 lege.
550 2816 610 2847 οὐδὲ
625 2816 739 2856 rae-:06
759 2816 903 2856 ἀνθρώπου
918 2816 965 2847 τὸν
983 2821 1026 2848 λό-

242 2859 290 2892 γον
302 2852 423 2892 δυνάμει,
440 2853 455 2888 ἢ
477 2852 523 2881 κάξ
537 2852 684 2883 ὑποστάσει
699 2866 724 2892 χ.
741 2852 906 2892 Iit-possibile
921 2861 973 2891 est,
989 2857 1024 2885 ita

1079 2256 1147 2290 πίνῳ
1174 2255 1244 2290 λόγῳ
1265 2255 1309 2281 τὸν
1335 2255 1380 2281 τοῦ
1403 2255 1481 2287 Θεοῦ,
1505 2257 1543 2287 εἰς
1568 2256 1598 2282 τὸ
1618 2256 1702 2288 δεῖξαι
1714 2256 1793 2282 αὐτὸν
1818 2256 1866 2282 ἀν-

1078 2302 1349 2336 υπόστατον,Γράφει
1362 2301 1389 2327 δὲ
1407 2302 1492 2333 οὕτως
1506 2311 1513 2317 ·
1533 2311 1542 2326 ι
1568 2302 1700 2329 Ἐνταῦοα
1729 2302 1786 2337 ἐγώ
1807 2303 1865 2336 εἰμι

1080 2357 1088 2372 ι
1106 2346 1185 2379 όῶν,
1211 2346 1284 2380 λέγει
1306 2347 1355 2381 μὲν
1372 2347 1410 2381 τῷ
1431 2348 1543 2374 Μωῦσεῖ
1558 2349 1572 2374 ὁ
1597 2348 1701 2383 Πατήρ.
1718 2348 1798 2381 Λέγει
1823 2347 1862 2379 δὲ,

1079 2402 1088 2418 ι
1107 2391 1230 2427 δηλονότι
1243 2391 1285 2418 διὰ
1297 2392 1344 2418 τοῦ
1358 2393 1454 2426 Λόγου,
1466 2393 1558 2419 Πάντα
1574 2392 1628 2428 γὰρ
1642 2393 1691 2419 ὃσα
1704 2392 1736 2419 ἄν
1746 2394 1760 2418 ό
1772 2392 1865 2428 Πατὴρ

1081 2448 1089 2463 ι
1111 2438 1188 2473 λέγῃ,
1211 2439 1297 2465 ταῦτα
1326 2439 1463 2474 πανταχοῦ
1485 2439 1529 2466 διὰ
1541 2440 1587 2466 τοῦ
1609 2439 1695 2473 Λόγου
1704 2439 1790 2472 λέγων
1803 2439 1866 2473 φαί-

1081 2494 1090 2510 ‹
1109 2493 1192 2511 νεται.
1207 2485 1291 2511 Τοῦτο
1306 2485 1333 2511 δὲ
1344 2485 1422 2520 δῆλόν
1439 2486 1553 2512 ἐστικαὶ
1565 2486 1610 2520 ἀφ’
1623 2485 1700 2521 ἡμῶν
1712 2485 1800 2511 αὐτῶν
1814 2485 1865 2510 ὃσα

1083 2541 1091 2557 ι
1112 2532 1197 2567 μικρὰ
1214 2533 1269 2563 τοῖς
1292 2531 1419 2566 μεγάλοις
1438 2533 1485 2558 καὶ
1511 2532 1592 2564 θείοις
1623 2531 1779 2559 ἀπεικάσαι.
1808 2532 1864 2558 Καὶ

1078 2679 1189 2707 verbum
1206 2679 1367 2718 ab_ltomitte_
1377 2686 1458 2718 suum
1471 2685 1608 2718 separare!
1622 2676 1804 2718 ut._subsistat_
1818 2682 1860 2718 se:

1075 2720 1208 2749 paratum.
1223 2713 1304 2742 DL—
1322 2714 1389 2742 Dein
1415 2709 1624 2748 vulgo'entGaqa.
1644 2713 1704 2740 sine
1716 2711 1762 2742 καί
1779 2715 1806 2738 et
1824 2709 1850 2736 δι

1075 2749 1224 2818 him-“ﬂ
1238 2784 1337 2818 ἄλλης
1359 2785 1439 2816 τινὸς
1459 2782 1655 2816 ἀνθρωπίνης.
1667 2781 1757 2818 Deest
1768 2779 1858 2818 aliqua

1075 2813 1127 2849 voi
1140 2814 1281 2846 fulcienda;
1291 2813 1445 2847 sententié.
1505 2813 1539 2838 -ἒ-
1557 2813 1710 2878 υοίιίᾖυιρο
1732 2815 1797 2851 πρὸς
1807 2813 1858 2851 τὴν

1075 2863 1189 2878 ιατασκ.
1203 2860 1229 2878 et
1245 2853 1433 2878 προσηκούσης
1445 2862 1483 2878 τω
1497 2852 1569 2878 λόγω
1582 2857 1608 2878 et
1624 2860 1673 2878 τιτο
1686 2855 1771 2878 uacat

1075 2863 1189 2885 κατασκ.
1203 2860 1229 2883 et
1245 2853 1433 2898 προσηκούσης
1445 2853 1483 2888 τῷ
1497 2852 1569 2888 λόγῳ
1582 2857 1608 2880 et
1624 2852 1771 2888 ﬂtofy-GUEJ
