4098 6200
410 261 517 317 793

1507 262 1787 322 CONTRA
1821 268 2244 327 MARCELLUM
2282 272 2410 327 LIB.
2450 272 2518 328 Il.

3528 283 3632 342 794

410 395 433 431 ι
460 375 626 447 ἡμεϊς
650 374 761 445 γάρ
784 375 957 430 πάντα
984 376 1085 429 ὅσα
1105 376 1172 431 ἂν
1206 376 1467 450 θέλωμεν,
1486 382 1627 435 κατά
1651 383 1711 436 τὸ
1730 383 1951 439 δυνατὸν

2082 388 2133 442 in
2160 389 2532 459 sequentibus,
2561 389 2837 458 inquiens:
2868 391 2960 463 [Β.
2984 391 3090 448 LIII
3107 393 3230 450 coll.
3252 410 3305 465 p.
3326 396 3448 469 I25]
3471 417 3491 451 ι
3513 399 3628 458 Non

413 486 431 516 ι
461 464 644 532 λέγειν
677 481 737 516 τε
776 465 868 516 καὶ
903 466 1108 529 ποιεῖν,
1150 465 1228 537 τῷ
1280 468 1531 540 ἡμετέρῳ
1559 471 1813 542 ποιοῦμεν
1864 475 1974 544 (47)

412 580 433 614 ι
465 560 628 629 λόγῳ.
654 578 673 611 ι
706 555 837 612 Εἶτα
871 558 1072 629 μεταξύ
1104 576 1227 614 τινα
1258 560 1427 616 εἰπὼν
1449 564 1704 634 ἐπιλέγει·
1740 565 1858 629 Πῶς
1885 563 1978 621 οὖν

413 671 433 703 ι
474 651 765 723 ’Λστέριος,
794 653 913 714 ταῖς
935 650 1117 719 ἁγίαις
1147 653 1389 723 Γραφαῖς
1405 654 1592 718 ἁπλῶς
1614 656 1706 711 καὶ
1724 658 1977 727 ὲμφόδως

416 762 433 791 ι
463 740 772 793 ἀκολουθεῖν
792 741 1277 812 προσποιούμενος,
1299 745 1397 797 οὐκ
1411 744 1548 813 ἔγνω
1563 746 1623 799 τὸ
1646 748 1807 817 μέρος
1820 748 1976 801 τοῦτο

416 852 434 882 ι
467 833 636 901 λέγων
658 850 671 863 ·
698 831 901 903 Κύριος
941 834 969 885 6
993 832 1125 895 Θεός
1154 850 1245 886 σου
1269 875 1283 900 ,
1312 829 1464 899 οὗτος
1495 836 1691 908 Κύριος
1719 835 1798 901 εἷς
1837 841 1971 892 ἐστι’

418 945 435 974 ‹
465 924 594 987 Θεὸς
624 925 680 977 ὲν
709 924 787 994 τῷ
808 923 1021 994 οὐρανῷ
1054 924 1185 990 άνω,
1216 928 1309 979 καὶ
1336 928 1427 980 ἐπὶ
1451 929 1549 999 τῆς
1564 929 1665 999 γῆς
1682 930 1849 984 κάτω*
1881 932 1974 985 καὶ

415 1037 432 1066 ι
459 1017 556 1068 οὐκ
572 1015 715 1068 ἔστιν
736 1014 816 1067 ἔτι
844 1015 983 1087 πλὴν
1001 1016 1166 1070 αὑτοῦ
1194 1034 1208 1083 ;
1240 1019 1351 1072 Καὶ
1365 1020 1445 1072 ὅτι
1468 1015 1546 1084 εἷς
1560 1021 1697 1083 ἐστι,
1717 1023 1810 1074 καὶ
1834 1022 1972 1093 πλὴν

412 1130 429 1158 ι
455 1107 613 1160 αὑτοῦ
645 1108 833 1177 ἔτερος
865 1109 966 1161 οὐκ
996 1108 1131 1162 ἔστι,
1162 1126 1180 1160 ι
1218 1110 1327 1162 Καὶ
1349 1109 1550 1181 προῖὼν
1582 1106 1736 1173 αὖθις
1769 1112 1971 1183 διῖσχυ-

403 1201 607 1272 ρίζεται
639 1201 895 1269 φάσκων·
933 1219 950 1254 ι
984 1202 1056 1254 Οὐ
1092 1202 1539 1273 καταχρηστικῶς
1575 1203 1729 1273 λόγος
1776 1206 1971 1275 ὀνομα-

402 1314 420 1343 ι
456 1293 631 1357 σθεὶς,
699 1292 801 1347 κᾶν
857 1294 1221 1365 διαρραγῶσιν
1269 1296 1319 1349 οἱ
1377 1295 1969 1365 ἑτεροδιδασκαλοῦντες

401 1404 419 1435 ι
462 1384 789 1455 ψευδόμενοι
816 1424 830 1449 ,
879 1384 1013 1439 ἀλλά
1055 1386 1261 1457 κυρίως
1296 1404 1355 1439 τε
1406 1388 1500 1440 καὶ
1538 1387 1752 1458 ἀληθῶς
1791 1389 1967 1460 ὑπάρ-

399 1496 418 1527 ι
458 1496 569 1549 χων
600 1477 798 1545 Λόγος·
836 1496 855 1529 ι
911 1479 1004 1530 καὶ
1045 1479 1368 1549 προστίθησι
1393 1496 1406 1510 ο
1442 1499 1461 1531 ι
1514 1481 1578 1533 Τί
1638 1480 1747 1551 γὰρ
1782 1482 1966 1553 ἕτερον

400 1590 416 1619 ι
452 1564 523 1639 ἦν
561 1569 1049 1639 ἀποκεκρυμμένον
1087 1571 1383 1641 μυστήριον
1415 1570 1447 1643 ἢ
1477 1573 1615 1625 κατά
1643 1573 1734 1626 τὸν
1760 1574 1963 1641 Λόγον;

398 1680 416 1711 ι
454 1659 611 1713 Οὕτω
640 1656 786 1731 δὲῆν
819 1661 1304 1733 ἀποκεκρυμμένον
1331 1664 1389 1716 ὲν
1415 1662 1492 1734 τῷ
1518 1664 1637 1735 Θεῷ
1664 1666 1812 1719 τουτὶ
1835 1667 1966 1737 πρό-

398 1772 416 1802 ς
456 1769 612 1822 τερον
670 1752 731 1804 τὸ
767 1754 1082 1824 μυστήριον,
1117 1753 1257 1807 ὥστε
1311 1753 1513 1824 μηδένα
1556 1755 1649 1809 τοῦ
1697 1758 1959 1827 προτέρου

400 1863 418 1893 ι
461 1842 589 1895 λαοῦ
622 1844 807 1912 σαφῶς
837 1844 906 1898 τά
931 1844 1071 1898 κατά
1098 1844 1187 1898 τὸν
1213 1845 1384 1914 Λόγον
1410 1847 1605 1901 εἰδέναι
1625 1865 1640 1879 ο
1668 1847 1781 1903 ἀλλ’
1815 1849 1962 1919 ἡμᾶς

399 1953 417 1984 ι
454 1932 548 1987 τοῦ
582 1934 805 1988 πλούτου
830 1934 930 2004 τῆς
973 1936 1152 2007 δόξης,
1190 1938 1282 1990 καὶ
1322 1938 1416 1992 τοῦ
1467 1940 1956 2012 ἀποκεκρυμμένου

399 2042 418 2072 ι
467 2024 760 2094 μυστηρίου
788 2024 1079 2079 ἀπολαύειν
1111 2027 1226 2080 νυνί
1250 2027 1399 2099 (48).
1435 2048 1453 2081 ι
1482 2030 1588 2083 Καὶ
1616 2030 1752 2101 μετά
1786 2030 1958 2084 ταῦτα

394 2119 552 2173 πάλιν
582 2120 894 2193 ἀνθρωπίνῃ
925 2122 1187 2194 κέχρηται
1211 2124 1399 2188 εικόνι,
1418 2126 1604 2182 τοῦτον
1619 2127 1842 2199 γράφων
1870 2128 1958 2182 τὸν

391 2211 604 2282 τρόπον·
630 2214 755 2277 «Τίς
782 2214 888 2286 γάρ
913 2213 1135 2286 οῦτωςῆ
1163 2216 1270 2271 τῶν
1299 2218 1470 2286 ἁγίων
1506 2220 1769 2288 ἀγγέλων,
1795 2222 1827 2292 ἦ
1866 2222 1957 2275 άν-

390 2322 410 2353 ι
443 2303 584 2374 δρῶν
642 2305 864 2359 δικαίων
924 2306 1232 2372 ἀξιόπιστος
1283 2304 1350 2380 ἦν
1408 2310 1507 2381 τὴν
1558 2313 1621 2365 ὲκ
1666 2312 1953 2384 προσώπου

389 2413 408 2445 ι
440 2394 534 2447 τοῦ
608 2395 743 2448 Θεοῦ
811 2397 1113 2468 ὁρισθεῖσαν
1187 2401 1334 2472 αύτῷ
1396 2404 1666 2473 τιμωρίαν
1739 2404 1950 2467 λύσαις

387 2503 407 2535 ι
444 2487 492 2537 εί
522 2487 597 2556 μὴ
623 2487 784 2550 αὐτὸς
809 2489 837 2540 6
861 2488 1030 2555 Λόγος
1052 2489 1081 2540 6
1119 2489 1420 2562 συμπαρών
1454 2509 1513 2545 τε
1548 2492 1661 2559 (49)
1694 2493 1786 2546 καὶ
1814 2510 1951 2565 συμ-

340 2606 345 2610 ~
388 2596 407 2628 ι
448 2578 693 2633 πλάττων
714 2580 850 2651 πρὸς
876 2580 935 2633 ὃν
956 2581 983 2633 6
1014 2581 1226 2653 Πατὴρ,
1252 2583 1601 2653 Ποιήσωμεν
1617 2585 1948 2655 ἄνθρωπον,

387 2689 405 2721 ι
441 2670 566 2741 ἔφη,
605 2672 731 2725 κατ’
755 2674 961 2726 εἰκόνα
986 2673 1275 2742 ἡμετέραν
1290 2677 1386 2729 καί
1417 2677 1719 2745 ὁμοίωσιν,
1738 2679 1836 2732 οὐκ
1866 2680 1951 2733 6v-

388 2783 405 2811 ι
445 2780 533 2827 τος
558 2763 743 2835 ἑτέρου
773 2763 907 2817 Θεοῦ
934 2765 1026 2818 τοῦ
1064 2784 1126 2818 συ
1135 2767 1430 2836 μπλάττειν
1458 2768 1603 2839 αύτῷ
1632 2768 1945 2841 δυναμένου.

389 2873 407 2907 ι
464 2855 604 2925 Ἐγὼ
626 2856 735 2925 γάρ
756 2857 1058 2927 εἱμι,φησὶ,
1095 2857 1238 2924 Θεὸς
1275 2858 1523 2926 πρῶτος·
1550 2860 1649 2913 καὶ
1669 2860 1783 2930 ἐγὼ
1802 2862 1950 2930 μετὰ

388 2966 406 2997 ι
449 2945 652 3011 ταῦτα,
687 2947 783 3001 καί
812 2946 976 3016 πλὴν
999 2948 1144 3017 ἐμοῦ
1192 2947 1334 3015 Θεὸς
1376 2950 1575 3018 ἕτερος
1616 2953 1726 3005 οὐκ
1756 2952 1943 3007 ἐστιν.

2087 499 2104 531 ι
2143 491 2292 536 certe
2317 482 2757 554 iudigebatDeus,
2776 485 3131 555 appellatione
3154 488 3281 555 alia,
3301 502 3350 544 ut
3360 502 3485 560 puta
3518 510 3629 548 ma-

2083 592 2101 623 ι
2140 574 2321 639 terire,
2356 586 2447 629 aut
2486 576 2561 630 rei
2595 576 2842 633 humanae
2898 581 3306 650 cujuscunque:
3342 586 3435 639 sed
3488 584 3631 641 illius

2082 685 2099 717 ι
2137 666 2302 722 solius
2339 679 2647 737 apparatus,
2686 670 2776 740 qui
2818 673 2869 725 in
2913 671 3028 739 ejus
3082 683 3258 728 mente
3297 654 3656 732 versabatur:

2081 775 2099 805 ι
2139 755 2579 827 Quandoquidem
2597 774 2725 830 ergo
2750 760 3078 829 impossibile
3094 762 3284 829 fuerat,
3301 768 3417 819 sine
3438 767 3625 832 verbo,

2080 865 2098 898 ι
2135 857 2190 902 et
2244 849 2408 905 verbo
2457 853 2809 907 conveniente
2849 855 3160 923 prudentia,
3193 857 3353 911 Deum
3388 859 3627 927 cogitare

2079 957 2097 991 ι
2136 945 2318 999 mundi
2361 943 2576 1000 affuisse
2612 946 2925 1011 conditurae,
2964 962 3066 1002 non
3114 948 3573 1020 immeritoinquit
3606 970 3622 1007 :

2078 1056 2095 1087 ι
2132 1037 2264 1091 Cum
2275 1054 2593 1106 prwparares
2609 1040 2812 1105 calum,
2831 1056 2935 1093 una
2956 1041 3166 1093 aderam
3189 1054 3355 1095 tecum
3370 1044 3435 1096 ⁸⁸.
3449 1043 3625 1113 »Αιϋί-

2070 1130 2145 1184 cit
2171 1130 2347 1185 denuo
2375 1146 2405 1185 e
2434 1131 2786 1186 similitudine
2812 1132 3029 1185 humani
3062 1132 3234 1196 verbi,
3287 1142 3340 1187 et
3390 1133 3622 1188 Verbum

2070 1222 2161 1277 Dei
2201 1236 2352 1287 esse,
2387 1231 2445 1277 ut
2490 1224 2800 1278 ostenderet
2852 1224 2982 1279 illud
3038 1224 3259 1279 minime
3307 1226 3621 1281 subsistere.

2068 1312 2270 1369 Scribit
2304 1316 2471 1380 enim,
2514 1332 2531 1365 ι
2564 1314 2675 1369 Hoc
2705 1315 2758 1369 in
2794 1315 2931 1382 loco,
2966 1316 3062 1381 ait,
3094 1315 3206 1384 Ego
3233 1333 3347 1369 sum
3368 1319 3456 1385 qui
3482 1334 3619 1379 sum,

2073 1424 2092 1457 ι
2136 1406 2200 1459 ad
2230 1404 2448 1476 Moysen
2486 1405 2718 1476 loquitur
2758 1407 2934 1462 Pater.
2966 1427 2983 1459 ι
3026 1408 3129 1480 [Β.
3157 1408 3264 1464 LVI
3295 1411 3416 1463 coll.
3441 1427 3491 1479 p.
3523 1412 3624 1465 114

2073 1513 2091 1545 ‹
2133 1497 2193 1561 D,
2240 1496 2341 1549 II8
2392 1495 2789 1567 B.]Loquitur
2821 1507 2997 1552 autem
3042 1500 3181 1566 quod
3233 1508 3478 1562 constat,
3528 1515 3625 1568 per

2071 1606 2089 1637 ι
2123 1586 2354 1641 Verbum
2376 1602 2553 1641 suum.
2578 1586 2918 1658 Qumcunque
2950 1589 3146 1643 etenim
3170 1589 3406 1659 loquitur
3436 1590 3619 1657 Pater,

2070 1700 2088 1733 ‹
2129 1682 2241 1736 hate
2258 1682 2454 1750 ubique
2473 1696 2567 1750 per
2589 1680 2821 1734 Verbum
2855 1697 3006 1735 suum
3031 1682 3233 1737 locutus
3255 1683 3483 1737 videtur.
3510 1684 3622 1740 lloc

2072 1794 2089 1825 ι
2128 1784 2371 1845 apparet,
2408 1774 2451 1828 si
2480 1789 2642 1843 parva
2674 1774 2797 1829 licet
2827 1774 3033 1843 magnis
3057 1790 3380 1843 componere
3406 1786 3460 1830 et
3485 1777 3624 1830 divi-

2068 1888 2085 1920 ‹
2125 1867 2230 1933 nis,
2262 1883 2290 1922 a
2316 1867 2731 1936 nobismetipsis.
2753 1865 2859 1923 Nos
2892 1867 3087 1921 etenim
3115 1867 3293 1922 omnia
3316 1909 3330 1933 ,
3358 1882 3620 1937 quaecun-

2065 1979 2083 2009 ‹
2121 1974 2223 2027 que
2242 1959 2503 2017 volumus.
2533 1967 2791 2029 quantum
2816 1958 3005 2013 saltem
3027 1958 3080 2013 in
3120 1958 3275 2013 nobis
3310 1969 3413 2025 est,
3440 1959 3621 2015 facere

2064 2071 2082 2102 ι
2115 2059 2170 2105 et
2216 2051 2416 2114 dicere,
2445 2064 2540 2121 per
2570 2060 2814 2106 nostrum
2842 2051 3062 2105 verbum
3104 2065 3505 2119 procuramus.»
3525 2050 3614 2123 [IL

2058 2140 2261 2196 LXVIII
2294 2142 2419 2197 coll.
2456 2156 2509 2212 p.
2537 2141 2640 2195 I32
2672 2140 2761 2214 C.]
2795 2140 2893 2198 Ubi
2918 2142 3170 2197 nonnulla
3214 2143 3617 2209 interseruerat,

2056 2234 2354 2291 subnectit:
2378 2252 2398 2285 ι
2421 2233 2649 2302 Quinam
2666 2235 2830 2306 igitur
2843 2234 3109 2299 Asterius,
3123 2249 3244 2289 cum
3262 2250 3369 2305 pra:
3383 2250 3441 2289 se
3455 2234 3621 2291 ferret

2060 2346 2078 2378 ι
2125 2328 2461 2398 simpliciter,
2482 2338 2541 2384 et
2564 2342 2684 2383 cum
2711 2327 2905 2383 timore
2943 2328 3173 2397 quodam
3203 2328 3352 2397 sequi
3378 2328 3621 2398 Scriptu-

2058 2439 2077 2472 ι
2124 2436 2305 2475 rarum
2340 2426 2576 2485 ductum,
2624 2420 2767 2474 illam
2808 2434 2994 2474 earum
3026 2430 3233 2489 partem
3277 2430 3452 2475 tamen
3512 2437 3616 2475 non

2058 2529 2075 2563 ι
2125 2510 2476 2581 intelligebat,
2514 2512 2770 2565 Dominus
2801 2510 2941 2564 Deus
2970 2520 3123 2574 tuus,
3156 2510 3259 2564 iste
3304 2510 3445 2565 Deus
3481 2526 3618 2564 unus

2056 2623 2074 2655 ι
2123 2613 2223 2658 est.
2263 2604 2438 2668 Deus,
2496 2602 2549 2656 in
2603 2601 2757 2657 caelis
2806 2599 3044 2669 sursbm,
3096 2610 3149 2655 et
3201 2616 3362 2671 super
3414 2611 3613 2655 terram

2055 2712 2074 2745 ι
2121 2696 2410 2759 deorsum,
2462 2707 2560 2747 nec
2618 2693 2757 2748 alius
2818 2693 2993 2747 adhuc
3047 2703 3131 2749 est
3184 2703 3382 2763 praeter
3426 2693 3616 2748 illum?

2054 2805 2072 2837 ι
2116 2786 2265 2842 Unus
2293 2796 2395 2852 est,
2422 2786 2614 2856 inquit,
2650 2796 2704 2842 et
2728 2786 3095 2856 praeterillum
3126 2801 3229 2840 non
3273 2795 3355 2841 est
3386 2785 3543 2840 alius.
3585 2807 3604 2839 ι

2046 2873 2278 2944 Pergens
2317 2875 2569 2944 deinceps
2606 2875 2881 2931 contendit
2923 2875 3363 2937 vehementius,:
3397 2874 3487 2947 [Β.
3518 2873 3611 2929 XL

2045 2966 2170 3021 coll.
2223 2980 2277 3034 p.
2311 2966 2412 3022 116
2442 2965 2524 3039 C]
2566 2984 2585 3018 ι
2621 2965 2736 3020 Non
2784 2975 2900 3021 erat
2932 2964 3155 3021 verbum
3181 3006 3196 3031 ,
3234 2968 3410 3021 dictus
3466 2977 3615 3021 cata-

386 3058 406 3090 s
441 3038 578 3092 οὔτε
619 3034 713 3093 οὗν
757 3037 1013 3108 νεώτερός
1044 3057 1126 3103 τις
1171 3040 1321 3105 Θεὸς,
1364 3039 1485 3095 οὔτε
1519 3043 1664 3095 ἐστὶν
1690 3043 1846 3108 ἄλλος
1863 3062 1946 3108 τις

2054 3074 2072 3108 ι
2119 3058 2421 3124 chrestice,
2465 3034 2785 3127 rumpantur
2826 3057 2952 3113 licet
3000 3058 3072 3112 illi
3123 3058 3471 3123 mentiendo,
3519 3061 3608 3127 qui

384 3149 403 3181 ι
447 3130 582 3201 μετά
627 3130 798 3185 ταῦτα
838 3130 966 3194 Θεὸς
999 3130 1095 3195 ὢν,
1136 3131 1254 3202 Θεῷ
1290 3136 1570 3203 συνεργεῖν
1599 3135 1818 3197 δυνατὸς
1853 3131 1942 3205 ἦν.

381 3245 399 3276 ι
451 3224 591 3279 Ἀλλ’
623 3224 790 3291 εἴτις,
823 3225 1003 3297 μικρῷ
1033 3243 1141 3279 τινι
1166 3226 1260 3278 καὶ
1290 3227 1612 3298 ἀνθρωπίνῳ
1650 3228 1771 3281 καθ’
1799 3231 1946 3300 ἡμᾶς

377 3337 396 3368 ι
434 3317 831 3389 παραδείγματι
860 3318 1159 3389 χρώμενος,
1191 3319 1266 3383 ὠς
1301 3319 1388 3372 διὰ
1410 3319 1634 3383 εἰκόνος,
1664 3320 1763 3391 τὴν
1797 3321 1946 3375 θείαν

378 3428 398 3461 ι
423 3407 665 3474 ἐξετάζοι
695 3411 912 3480 πρᾶξιν,
942 3410 1129 3483 ὥσπερ
1161 3411 1227 3465 ἄν
1255 3428 1340 3474 τις
1366 3411 1799 3483 ἀνδριαντοποιὸς
1826 3412 1947 3466 ἐπι-

376 3521 397 3549 ο
436 3502 658 3574 στήμων
692 3503 852 3574 ἀνὴρ,
884 3503 1173 3575 ἀνδριάντα
1202 3504 1398 3558 πλάσαι
1426 3503 1761 3576 βουλόμενος,
1790 3505 1945 3577 πρῶ-

377 3612 395 3644 ι
429 3610 520 3647 τον
547 3594 646 3664 μὲν
674 3594 799 3658 τοὺς
823 3594 1023 3659 τύπους
1048 3595 1209 3649 αὑτοῦ
1243 3597 1339 3650 καλ⁹
1362 3598 1714 3669 χαρακτῆρας
1736 3599 1792 3650 ὲν
1818 3599 1945 3651 ἑαυ-

378 3704 395 3735 ι
428 3684 502 3755 τῷ
540 3689 750 3739 σκοπεῖ·
794 3686 983 3739 ἔπειτα
1011 3686 1211 3750 πλάτος
1248 3705 1308 3740 τε
1341 3689 1437 3741 καὶ⁹
1465 3689 1658 3760 μῆκος,
1685 3689 1808 3743 ὅσον
1856 3687 1945 3742 εύ-

377 3794 395 3825 :
440 3776 666 3847 πρεπὲς,
713 3776 901 3841 ὲννοεῖ,
949 3776 1240 3845 ἀναλογίαν
1264 3794 1325 3829 τε
1375 3777 1468 3829 τοῦ
1515 3776 1735 3842 παντὸς,
1775 3779 1832 3830 ὲν
1867 3778 1945 3848 τῷ

376 3886 393 3918 ι
432 3868 549 3923 καθ’
579 3868 807 3923 ἕκαστον
840 3868 1084 3935 ἐξετάζει
1118 3869 1296 3940 μέρει,
1333 3868 1534 3940 χαλκοῦ
1560 3887 1619 3922 τε
1652 3871 1750 3941 τὴν
1774 3870 1944 3941 πρόσ-

376 3979 395 4011 ι
435 3977 596 4032 φορον
621 3962 913 4033 ἑτοιμάσας
940 3961 1093 4033 ὓλην,
1128 3962 1334 4015 καὶτὸν
1360 3962 1614 4032 ἐσόμενον
1652 3962 1944 4034 ἀνδριάντα

378 4072 396 4103 ι
436 4056 502 4124 τῇ
546 4053 741 4107 ἑαυτοῦ
801 4055 1166 4125 προτυπωσας
1213 4053 1438 4124 διανοίᾳ,
1469 4053 1783 4123 καίναητῶς
1812 4055 1944 4126 ὁρᾷν

377 4162 395 4193 ι
430 4143 675 4212 νομίσας,
726 4144 976 4207 συνειδώς
1023 4161 1083 4196 τε
1134 4144 1312 4214 ἑαυτῷ
1346 4146 1625 4215 συνεργεῖν
1648 4143 1738 4197 τὸν
1767 4144 1942 4212 λόγον,

376 4253 395 4284 ι
437 4228 481 4303 ᾧ
507 4234 797 4305 λογίζεται,
826 4237 917 4289 καὶ
944 4230 989 4304 ᾧ
1025 4236 1201 4289 πάντα
1243 4237 1501 4308 πράττειν
1544 4236 1749 4301 εἴωθεν,
1772 4236 1945 4308 (οὐδὲν

377 4346 396 4378 ι
426 4327 534 4398 γάρ
580 4326 654 4398 μὴ
696 4326 836 4398 λόγῳ
889 4327 1205 4398 γιγνόμενον
1252 4328 1457 4399 καλόνο)
1513 4328 1814 4399 ἀρχόμενος
1844 4329 1944 4399 τῆς

2052 3150 2083 3194 ι
2119 3145 2451 3199 contrarium
2507 3154 2749 3209 tuentur,
2801 3147 2893 3201 sed
2933 3147 3149 3217 proprie
3195 3157 3248 3201 et
3296 3148 3610 3216 simpliciter

2051 3254 2071 3287 ι
2118 3246 2236 3292 erat
2277 3236 2535 3292 Verbum.
2564 3258 2582 3291 ι
2638 3236 2893 3307 Adiungit
2927 3256 2941 3292 :
2976 3238 3072 3310 [Β.
3109 3238 3246 3294 XLV
3288 3256 3342 3309 p.
3395 3241 3499 3294 144
3548 3240 3608 3309 BI

2050 3346 2068 3378 ι
2114 3328 2252 3394 Quid
2304 3343 2434 3384 vero
2483 3337 2602 3383 erat
2640 3329 2782 3381 aliud
2812 3329 3124 3401 mysterium
3169 3329 3294 3383 illud
3323 3330 3609 3384 abscondi-

2051 3438 2069 3470 ι
2117 3428 2251 3484 tum,
2286 3434 2446 3487 quam
2476 3419 2771 3473 secundum
2816 3420 3046 3474 Verbum
3080 3420 3214 3474 Dei?
3259 3420 3383 3473 Erat
3429 3432 3608 3487 autem

2050 3530 2068 3563 ι
2117 3510 2269 3577 illud,
2295 3511 2368 3566 ita
2394 3511 2523 3566 olim
2559 3511 2610 3565 in
2650 3511 2759 3565 Deo
2790 3511 3163 3565 absconditum
3192 3512 3374 3580 prius,
3409 3524 3461 3565 ut
3490 3516 3608 3567 nul-

2050 3621 2069 3654 ι
2118 3602 2200 3657 lus
2228 3602 2385 3673 plane
2411 3603 2549 3670 apud
2592 3601 2846 3672 populum
2886 3602 3120 3670 priorem
3143 3640 3158 3666 ,
3204 3604 3482 3670 perspicue
3515 3604 3602 3658 illa

2050 3713 2068 3745 ι
2116 3702 2362 3749 cerneret
2389 3707 2509 3762 qua
2539 3693 2605 3746 ad
2652 3690 2887 3747 Verbum
2918 3690 3283 3761 pertinebant.
3335 3691 3443 3745 Nos
3475 3707 3604 3746 vero

2051 3805 2069 3837 ι
2118 3786 2170 3840 in
2227 3785 2479 3854 praesenti
2546 3784 2776 3838 fruimur
2833 3783 3037 3838 divitiis
3089 3782 3270 3850 gloria:
3327 3782 3491 3853 ipsius
3549 3795 3605 3838 et

2050 3897 2069 3930 ι
2116 3878 2354 3950 mysterii
2385 3877 2626 3933 revelati.
2653 3895 2672 3928 ι
2723 3874 2964 3929 Humana
3005 3874 3216 3929 demum
3254 3874 3421 3928 utitur
3453 3874 3604 3929 simi-

2056 3970 2282 4026 litudine
2334 3970 2399 4023 ad
2456 3968 2599 4023 hunc
2664 3968 2880 4023 modum
2940 3967 3244 4021 scribens:
3312 3966 3330 4039 [
3384 3965 3449 4021 Β.
3511 3965 3600 4022 LII

2044 4061 2167 4118 coll.
2211 4078 2265 4131 p.
2322 4058 2472 4131 I25]
2538 4076 2556 4109 ι
2584 4057 2713 4123 Quis
2755 4070 2882 4111 vero
2923 4056 3024 4109 fuit
3082 4057 3217 4111 adeo
3276 4057 3469 4127 dignus
3517 4058 3599 4111 vel

2051 4170 2068 4202 ι
2120 4150 2260 4205 inter
2294 4148 2540 4203 homines
2568 4147 2744 4217 justos
2781 4146 2865 4200 vel
2906 4157 3127 4201 sanctos
3167 4148 3330 4201 etiam
3354 4147 3598 4215 angelos.

2050 4260 2069 4293 ‹
2114 4255 2328 4311 poenam
2394 4254 2423 4292 a
2486 4238 2594 4293 Deo
2644 4238 2697 4292 in
2767 4238 2887 4292 illos
2962 4238 3286 4292 destinatam
3346 4238 3600 4293 amoliri?

2050 4353 2068 4386 ι
2113 4340 2169 4397 >14
2205 4332 2440 4387 Verbum
2474 4330 2646 4386 solum
2698 4330 2787 4398 qui
2838 4345 2941 4383 una
2995 4332 3183 4384 aderat
3218 4346 3340 4383 cum
3374 4328 3503 4393 Deo,
3542 4339 3599 4383 et

373 4435 393 4467 ι
439 4417 702 4489 αἰσθητῆς
734 4418 937 4489 ταύτης
988 4419 1270 4490 ἐργασίας,
1308 4420 1444 4491 πρὸς
1490 4420 1673 4484 αὑτὸν,
1698 4419 1774 4484 ὡς
1806 4420 1941 4491 πρὸς

2054 4444 2067 4477 l
2102 4440 2205 4478 una
2231 4440 2350 4476 cum
2380 4423 2468 4476 illo
2492 4420 2755 4489 el’ligiarat
2785 4422 3051 4475 hominem
3080 4438 3095 4473 :
3129 4423 3193 4475 ad
3225 4436 3384 4490 quem
3433 4421 3597 4476 dice—

372 4528 390 4557 ι
419 4508 627 4580 ἕτερον,
647 4510 1075 4581 παρακελεύεται
1099 4510 1288 4578 λέγων’
1312 4513 1443 4580 Ἀγε
1466 4512 1778 4584 ποιήσωμεν
1801 4511 1934 4583 (50)’

370 4620 388 4650 ι
428 4600 528 4669 ἄγε
561 4600 854 4673 πλάσωμεν
879 4602 1187 4688 ἀνδριάντω
1216 4603 1388 4667 οὕτως
1412 4606 1440 4657 6
1460 4604 1567 4659 τῶν
1590 4604 1724 4657 ὅλων
1740 4604 1932 4657 δεσπό-

370 4710 390 4742 ι
427 4707 527 4760 της
568 4692 719 4757 Θεὸς,
762 4692 855 4746 τὸν
908 4692 1150 4764 ἔμψυχον
1186 4696 1250 4748 ὲκ
1280 4696 1383 4764 γῆς
1413 4695 1702 4767 ἀνδριάντα
1741 4694 1928 4760 ποιῶν,

2047 4534 2066 4567 ι
2105 4514 2198 4569 bat
2228 4513 2407 4575 Pater,
2440 4510 2725 4564 Faciamus
2748 4510 3030 4575 hominem,
3052 4510 3119 4562 ad
3145 4511 3420 4579 imaginem
3451 4521 3497 4563 et
3517 4511 3596 4564 si-

2045 4623 2063 4653 (
2096 4602 2441 4656 militudinem
2463 4610 2693 4653 nostram
2720 4598 2786 4665 ’⁸,
2820 4613 2942 4653 cum
2984 4615 3085 4652 non
3116 4608 3356 4653 exstaret
3400 4599 3594 4668 aliquis

2044 4712 2061 4743 ι
2101 4692 2235 4747 alius
2259 4691 2417 4757 Deus,
2444 4689 2532 4760 qui
2558 4704 2678 4743 cum
2718 4688 2808 4743 illo
2842 4705 2945 4743 una
2980 4687 3216 4757 eﬂigiare
3238 4700 3435 4757 posset.
3474 4687 3589 4758 Ego

436 4813 496 4872 ὦ
522 4806 618 4862 Ed.
655 4806 852 4876 Paris.,
892 4823 1015 4878 pag.
1042 4808 1133 4864 41.
1208 4808 1252 4841 ⁸⁸
1280 4809 1435 4865 Prov.
1473 4826 1588 4877 vm,
1614 4810 1705 4866 27.
1780 4812 1824 4842 "
1847 4811 1978 4869 Gen,
2017 4827 2056 4875 ι,
2077 4808 2168 4863 26.

436 4990 551 5063 (47)
600 4992 888 5062 Ἠμετέρφ
914 4994 1217 5062 ποιοῦμεν.
1243 4994 1357 5049 Νοη
1381 5004 1461 5049 est
1479 4994 1632 5063 plena
1665 4995 1917 5060 redditio,

362 5061 522 5127 adde,
552 5063 646 5115 καὶ
668 5061 931 5132 λέγομεν.
958 5064 1003 5117 Μ
1020 5061 1101 5116 .--ἒ
1128 5066 1256 5119 Dein
1281 5066 1436 5132 vulgo
1463 5061 1582 5117 τινα
1602 5064 1775 5131 λέγων
1796 5067 1917 5118 ἐπι-

362 5132 519 5207 φέρει
544 5143 598 5187 et
634 5132 861 5207 ﬁrmem;
889 5149 1017 5189 mss.
1042 5135 1159 5188 loco
1191 5134 1321 5205 ὲμφ.
1365 5132 1479 5188 Mox
1516 5137 1672 5205 vulgo
1699 5134 1920 5207 διαρρα-

362 5203 514 5271 γοῖεν
544 5213 599 5256 et
622 5203 763 5258 κατά
791 5203 980 5267 Λόγον.

432 5270 545 5395 (48)
595 5273 939 5327 Ἀπολαύειν
994 5273 1152 5327 νυνί.
1202 5272 1315 5327 Non
1370 5272 1575 5342 inepte.
1622 5272 1920 5328 ἀπολαύον-

432 5357 481 5395 c.
544 5341 644 5395 Izec
682 5345 862 5395 omnia
906 5346 971 5395 ad
1020 5359 1269 5395 nauseam
1318 5358 1483 5395 usaue
1513 5353 1826 5395 repetuntur
1869 5347 1919 5395 in

358 5357 481 5406 τας.
520 5341 644 5413 llaec
682 5345 862 5413 omnia
906 5346 971 5397 ad
1020 5359 1269 5397 nauseam
1318 5341 1483 5410 usque
1513 5353 1826 5413 repetuntur
1869 5347 1919 5398 in

362 5412 715 5485 seqrrentibus
733 5412 902 5485 libris.
931 5413 997 5485 Μ,
1024 5443 1089 5485 5—-
1121 5413 1247 5485 Deiu
1279 5413 1436 5485 vulgo
1474 5416 1539 5484 τῇ
1560 5412 1713 5485 κεχρ.
1754 5414 1920 5469 εικόνι

361 5494 415 5535 et
442 5480 551 5555 τῶν
823 5493 877 5535 et
906 5483 1000 5536 τοῦ
1026 5482 1160 5538 Θεοῦ
1192 5480 1500 5555 προσώπου.

452 5551 542 5622 49)
586 5550 760 5624 Vulgo
791 5568 849 5603 τε
897 5571 1029 5617 om.,
1068 5555 1191 5608 dein
1238 5550 1402 5623 vulgo
1456 5553 1547 5607 καὶ
1586 5553 1706 5606 καθ’
1735 5556 1824 5624 ὀμ.
1867 5563 1920 5608 et

738 5622 1110 5764 ﬁmum)».
1143 5692 1255 5752 Hoc
1288 5709 1397 5750 non
1432 5695 1621 5764 probat
1669 5693 1915 5761 Basilius,

2026 4995 2211 5069 homil.
2241 4995 2275 5048 9
2304 4995 2356 5069 in
2390 4991 2744 5069 Hexameron,
2770 4990 2870 5069 Τίς
2896 4986 3004 5069 γάρ
3037 4986 3269 5069 χαλκεὺς
3294 4985 3325 5057 ἢ
3359 4985 3586 5069 τέκτων,

2025 5066 2292 5138 inquiens,
2325 5063 2358 5133 ἢ
2391 5061 2748 5138 σκυτοτόμος,
2780 5061 2907 5138 ἐπὶ.
2927 5056 3324 5138 τῶνςόργάνων
3352 5056 3452 5134 τῆς
3500 5056 3588 5108 τέ-

2023 5127 2155 5205 χνής
2188 5127 2357 5205 μόνος
2381 5127 2951 5205 καθήμενοςζ-ού-δενὸς
2990 5127 3135 5205 αὐτῷ
3184 5127 3585 5205 συνεργοῦντοςέ

2024 5155 2034 5165 '
2060 5155 2155 5205 νης
2188 5155 2345 5205 pavor;
2381 5155 2701 5203 καυημενος,
2741 5155 2949 5190 υιιυξνυς
2990 5155 3135 5197 αυῑψ
3184 5155 3583 5196 υννεριυυνιυς,

2024 5155 2171 5274 λέγει
2222 5204 2383 5266 αὐτὸς
2432 5202 2628 5274 ἑαυτῷ,
2686 5200 3004 5274 Ποιήσωμεν
3048 5197 3156 5274 τὴν.
3204 5195 3503 5274 μάχαιραν,
3541 5197 3583 5274 ,ἢ

2026 5264 2392 5346 συμπήξωμεν
2419 5272 2488 5346 τιὸΔ
2524 5264 2827 5346 ἀροτρρν,
2874 5264 3321 5346 ἀπεργασώμεθα.
3355 5264 3416 5346 τὸ
3452 5264 3583 5318 ὑπόὶ

2021 5334 2344 5417 δημα,’ἀλλ’
2381 5342 2501 5417 οὐχὶ
2534 5334 2709 5417 ᾳίωτιῃ
2737 5334 2843 5417 ’τῂν
2875 5334 3263 5417 ἐπιϐάλλουσαν
3282 5334 3583 5417 ’ἐνέργειαν

2020 5404 2245 5481 ticam;
2296 5404 2881 5481 llaec'latiusibidem
2942 5417 3134 5481 contra
3193 5404 3428 5481 Iudaeos,
3480 5408 3580 5471 Qui

2018 5474 2442 5555 quod-sisquitur
2473 5481 2539 5534 de
2570 5479 2804 5555 animata
2844 5486 3015 5555 statua
3052 5475 3322 5555 hominis,
3370 5474 3450 5529 sic
3484 5490 3579 5529 ex-

2021 5545 2249 5623 pressit:
2278 5545 2557 5621 ἰἘμιῐμυχος
2583 5546 2829 5623 εἰκὼν-ὲν
2861 5547 3000 5619 μέσῃ
3015 5550 3080 5618 τῇ
3100 5545 3270 5623 κτίσει
3294 5547 3570 5623 ὲκτορνευ·

2018 5613 2295 5688 θείς.Μ.--
2315 5613 2507 5674 simia.
2531 5621 2687 5687 vulgo
2717 5613 3139 5689 πλάσσωμέν,ὀι
3166 5616 3307 5671 infra
3330 5613 3551 5669 λευκοτέ

2020 5711 2120 5761 ραν
2143 5705 2198 5750 ct
2226 5696 2254 5746 6
2285 5691 2414 5754 Θεὸς
2443 5705 2702 5753 παντοκρ.
