  <div class='ocr_page' id='page_1' title='image "/cluster/home/n/w/nwhite01/storage/ocr_20150623/24/hvd.32044073501801/405.png"; bbox 0 0 2049 3100; ppageno 0'>
   <div class='ocr_carea' id='block_1_1' title="bbox 267 135 1056 166">
    <p class='ocr_par' dir='ltr' id='par_1_1' title="bbox 267 135 1056 165">
     <span class='ocr_line' id='line_1_1' title="bbox 267 135 1056 165; baseline -0.003 0"><span class='ocrx_word' id='word_1_1' title='bbox 267 136 320 165; x_wconf 74' lang='grc'><strong>795</strong></span> <span class='ocrx_word' id='word_1_2' title='bbox 634 136 767 165; x_wconf 81' lang='lat' dir='ltr'><strong>EUSEBII</strong></span> <span class='ocrx_word' id='word_1_3' title='bbox 786 135 1022 165; x_wconf 64' lang='grc' dir='ltr'>ωεΑιιιΕΝειδ</span> <span class='ocrx_word' id='word_1_4' title='bbox 1039 135 1056 163; x_wconf 81' lang='grc' dir='ltr'>ί]</span> 
     </span>
    </p>
   </div>
   <div class='ocr_carea' id='block_1_2' title="bbox 1108 135 1889 166">
    <p class='ocr_par' dir='ltr' id='par_1_2' title="bbox 1108 136 1889 166">
     <span class='ocr_line' id='line_1_2' title="bbox 1108 136 1889 166; baseline 0.001 -3"><span class='ocrx_word' id='word_1_5' title='bbox 1108 155 1115 163; x_wconf 97' lang='grc'>.</span> <span class='ocrx_word' id='word_1_6' title='bbox 1135 136 1223 165; x_wconf 78' lang='lat' dir='ltr'><strong>PARS</strong></span> <span class='ocrx_word' id='word_1_7' title='bbox 1242 137 1285 165; x_wconf 86' lang='lat' dir='ltr'><strong>IV.</strong></span> <span class='ocrx_word' id='word_1_8' title='bbox 1306 152 1342 158; x_wconf 97' lang='lat'><strong>—</strong></span> <span class='ocrx_word' id='word_1_9' title='bbox 1359 137 1568 166; x_wconf 76' lang='lat' dir='ltr'><strong>DOGMATICA.</strong></span> <span class='ocrx_word' id='word_1_10' title='bbox 1833 136 1889 165; x_wconf 76' lang='lat'><strong>756</strong></span> 
     </span>
    </p>
   </div>
   <div class='ocr_carea' id='block_1_3' title="bbox 271 193 1056 230">
    <p class='ocr_par' dir='ltr' id='par_1_3' title="bbox 271 193 1048 229">
     <span class='ocr_line' id='line_1_3' title="bbox 271 193 1048 229; baseline 0.001 -9"><span class='ocrx_word' id='word_1_11' title='bbox 271 204 280 219; x_wconf 79' lang='grc' dir='ltr'><strong>ι</strong></span> <span class='ocrx_word' id='word_1_12' title='bbox 298 194 378 227; x_wconf 74' lang='lat' dir='ltr'><strong>enim,</strong></span> <span class='ocrx_word' id='word_1_13' title='bbox 391 193 489 229; x_wconf 80' lang='lat' dir='ltr'><strong>inquit.</strong></span> <span class='ocrx_word' id='word_1_14' title='bbox 502 193 572 221; x_wconf 75' lang='lat' dir='ltr'><strong>Deus</strong></span> <span class='ocrx_word' id='word_1_15' title='bbox 588 202 646 221; x_wconf 71' lang='lat' dir='ltr'><strong>sum</strong></span> <span class='ocrx_word' id='word_1_16' title='bbox 656 195 774 229; x_wconf 70' lang='lat' dir='ltr'><strong>primus:</strong></span> <span class='ocrx_word' id='word_1_17' title='bbox 789 193 845 228; x_wconf 71' lang='lat' dir='ltr'><strong>Ego</strong></span> <span class='ocrx_word' id='word_1_18' title='bbox 862 193 932 222; x_wconf 79' lang='lat' dir='ltr'><strong>Dm</strong></span> <span class='ocrx_word' id='word_1_19' title='bbox 948 198 1048 226; x_wconf 76' lang='lat' dir='ltr'><strong>postre-</strong></span> 
     </span>
    </p>
   </div>
   <div class='ocr_carea' id='block_1_4' title="bbox 1108 193 1890 230">
    <p class='ocr_par' dir='ltr' id='par_1_4' title="bbox 1108 193 1890 230">
     <span class='ocr_line' id='line_1_4' title="bbox 1108 193 1890 230; baseline 0.003 -10"><span class='ocrx_word' id='word_1_20' title='bbox 1108 203 1114 219; x_wconf 82' lang='grc' dir='ltr'><strong>ι</strong></span> <span class='ocrx_word' id='word_1_21' title='bbox 1130 193 1180 220; x_wconf 80' lang='grc' dir='ltr'>οὐκ</span> <span class='ocrx_word' id='word_1_22' title='bbox 1189 193 1261 230; x_wconf 71' lang='grc' dir='ltr'>ἄλλῳ</span> <span class='ocrx_word' id='word_1_23' title='bbox 1269 194 1323 221; x_wconf 75' lang='grc' dir='ltr'>τινὶ</span> <span class='ocrx_word' id='word_1_24' title='bbox 1332 194 1401 221; x_wconf 82' lang='grc' dir='ltr'>ἀλλὰ</span> <span class='ocrx_word' id='word_1_25' title='bbox 1416 194 1455 230; x_wconf 82' lang='grc' dir='ltr'><strong>τῷ</strong></span> <span class='ocrx_word' id='word_1_26' title='bbox 1465 193 1564 221; x_wconf 75' lang='grc' dir='ltr'>ἑαυτοῦ</span> <span class='ocrx_word' id='word_1_27' title='bbox 1580 194 1659 230; x_wconf 86' lang='grc' dir='ltr'>Λόγῳ</span> <span class='ocrx_word' id='word_1_28' title='bbox 1671 193 1890 230; x_wconf 61' lang='grc' dir='ltr'><strong>παρακελεύεται</strong></span> 
     </span>
    </p>
   </div>
   <div class='ocr_carea' id='block_1_5' title="bbox 272 238 1056 276">
    <p class='ocr_par' dir='ltr' id='par_1_5' title="bbox 272 238 1053 273">
     <span class='ocr_line' id='line_1_5' title="bbox 272 238 1053 273; baseline 0.003 -8"><span class='ocrx_word' id='word_1_29' title='bbox 272 250 280 265; x_wconf 77' lang='grc' dir='ltr'><strong>ι</strong></span> <span class='ocrx_word' id='word_1_30' title='bbox 295 248 362 272; x_wconf 78' lang='lat' dir='ltr'><strong>mus,</strong></span> <span class='ocrx_word' id='word_1_31' title='bbox 377 245 401 266; x_wconf 72' lang='lat' dir='ltr'><strong>et</strong></span> <span class='ocrx_word' id='word_1_32' title='bbox 418 245 515 273; x_wconf 71' lang='lat' dir='ltr'><strong>prater</strong></span> <span class='ocrx_word' id='word_1_33' title='bbox 526 247 566 266; x_wconf 68' lang='lat' dir='ltr'><strong>me</strong></span> <span class='ocrx_word' id='word_1_34' title='bbox 579 248 631 267; x_wconf 81' lang='lat' dir='ltr'><strong>non</strong></span> <span class='ocrx_word' id='word_1_35' title='bbox 652 245 691 267; x_wconf 77' lang='lat' dir='ltr'><strong>ut</strong></span> <span class='ocrx_word' id='word_1_36' title='bbox 707 240 777 267; x_wconf 81' lang='lat' dir='ltr'><strong>alius</strong></span> <span class='ocrx_word' id='word_1_37' title='bbox 801 240 871 267; x_wconf 73' lang='lat' dir='ltr'><strong>Deus</strong></span> <span class='ocrx_word' id='word_1_38' title='bbox 889 240 909 266; x_wconf 93' lang='grc'><strong>¹.</strong></span> <span class='ocrx_word' id='word_1_39' title='bbox 930 238 988 267; x_wconf 76' lang='lat' dir='ltr'><strong>Non</strong></span> <span class='ocrx_word' id='word_1_40' title='bbox 1010 245 1053 267; x_wconf 87' lang='lat' dir='ltr'><strong>est</strong></span> 
     </span>
    </p>
   </div>
   <div class='ocr_carea' id='block_1_6' title="bbox 1108 238 1891 276">
    <p class='ocr_par' dir='ltr' id='par_1_6' title="bbox 1108 239 1891 276">
     <span class='ocr_line' id='line_1_6' title="bbox 1108 239 1891 276; baseline 0.005 -12"><span class='ocrx_word' id='word_1_41' title='bbox 1108 248 1114 264; x_wconf 95' lang='lat' dir='ltr'><strong>l</strong></span> <span class='ocrx_word' id='word_1_42' title='bbox 1135 239 1233 273; x_wconf 79' lang='grc' dir='ltr'>λέγων’</span> <span class='ocrx_word' id='word_1_43' title='bbox 1257 239 1418 275; x_wconf 80' lang='grc' dir='ltr'><strong>Ποιήσωμεν</strong></span> <span class='ocrx_word' id='word_1_44' title='bbox 1439 240 1582 276; x_wconf 71' lang='grc' dir='ltr'>ἄνθρωπον</span> <span class='ocrx_word' id='word_1_45' title='bbox 1603 241 1633 267; x_wconf 84' lang='grc' dir='ltr'>οὐ</span> <span class='ocrx_word' id='word_1_46' title='bbox 1656 240 1701 267; x_wconf 84' lang='grc' dir='ltr'><strong>τὸν</strong></span> <span class='ocrx_word' id='word_1_47' title='bbox 1724 241 1806 267; x_wconf 83' lang='grc' dir='ltr'>αὑτὸν</span> <span class='ocrx_word' id='word_1_48' title='bbox 1830 242 1891 274; x_wconf 84' lang='grc' dir='ltr'>τοῖς</span> 
     </span>
    </p>
   </div>
   <div class='ocr_carea' id='block_1_7' title="bbox 271 284 1052 319">
    <p class='ocr_par' dir='ltr' id='par_1_7' title="bbox 271 284 1052 319">
     <span class='ocr_line' id='line_1_7' title="bbox 271 284 1052 319; baseline 0.003 -9"><span class='ocrx_word' id='word_1_49' title='bbox 271 294 280 310; x_wconf 69' lang='grc' dir='ltr'><strong>ι</strong></span> <span class='ocrx_word' id='word_1_50' title='bbox 300 284 488 319; x_wconf 83' lang='lat' dir='ltr'><strong>itaquejunior</strong></span> <span class='ocrx_word' id='word_1_51' title='bbox 502 285 571 312; x_wconf 83' lang='lat' dir='ltr'><strong>Deus</strong></span> <span class='ocrx_word' id='word_1_52' title='bbox 582 284 692 319; x_wconf 85' lang='lat' dir='ltr'><strong>aliquis,</strong></span> <span class='ocrx_word' id='word_1_53' title='bbox 707 293 756 312; x_wconf 88' lang='lat' dir='ltr'><strong>nec</strong></span> <span class='ocrx_word' id='word_1_54' title='bbox 772 286 798 312; x_wconf 92' lang='lat' dir='ltr'><strong>in</strong></span> <span class='ocrx_word' id='word_1_55' title='bbox 812 285 937 313; x_wconf 79' lang='lat' dir='ltr'><strong>secundis</strong></span> <span class='ocrx_word' id='word_1_56' title='bbox 949 285 1052 319; x_wconf 85' lang='lat' dir='ltr'><strong>positus</strong></span> 
     </span>
    </p>
   </div>
   <div class='ocr_carea' id='block_1_8' title="bbox 272 331 1051 365">
    <p class='ocr_par' dir='ltr' id='par_1_8' title="bbox 272 331 1051 365">
     <span class='ocr_line' id='line_1_8' title="bbox 272 331 1051 365; baseline 0.001 -9"><span class='ocrx_word' id='word_1_57' title='bbox 272 342 280 356; x_wconf 77' lang='grc' dir='ltr'><strong>ι</strong></span> <span class='ocrx_word' id='word_1_58' title='bbox 303 332 371 358; x_wconf 85' lang='lat' dir='ltr'><strong>Deus</strong></span> <span class='ocrx_word' id='word_1_59' title='bbox 384 331 493 365; x_wconf 82' lang='lat' dir='ltr'><strong>aliquis,</strong></span> <span class='ocrx_word' id='word_1_60' title='bbox 508 331 553 365; x_wconf 92' lang='lat' dir='ltr'><strong>qui</strong></span> <span class='ocrx_word' id='word_1_61' title='bbox 567 336 672 365; x_wconf 89' lang='lat' dir='ltr'><strong>poterat</strong></span> <span class='ocrx_word' id='word_1_62' title='bbox 689 339 741 358; x_wconf 85' lang='lat' dir='ltr'><strong>una</strong></span> <span class='ocrx_word' id='word_1_63' title='bbox 764 339 826 358; x_wconf 92' lang='lat' dir='ltr'><strong>cum</strong></span> <span class='ocrx_word' id='word_1_64' title='bbox 847 332 900 358; x_wconf 86' lang='lat' dir='ltr'><strong>Deo</strong></span> <span class='ocrx_word' id='word_1_65' title='bbox 923 331 1029 365; x_wconf 87' lang='lat' dir='ltr'><strong>operari</strong></span> <span class='ocrx_word' id='word_1_66' title='bbox 1044 340 1051 357; x_wconf 85' lang='lat'><strong>:</strong></span> 
     </span>
    </p>
   </div>
   <div class='ocr_carea' id='block_1_9' title="bbox 272 375 1053 411">
    <p class='ocr_par' dir='ltr' id='par_1_9' title="bbox 272 375 1053 411">
     <span class='ocr_line' id='line_1_9' title="bbox 272 375 1053 411; baseline -0.001 -8"><span class='ocrx_word' id='word_1_67' title='bbox 272 385 281 401; x_wconf 76' lang='grc' dir='ltr'><strong>ι</strong></span> <span class='ocrx_word' id='word_1_68' title='bbox 302 377 348 403; x_wconf 87' lang='lat' dir='ltr'><strong>sed</strong></span> <span class='ocrx_word' id='word_1_69' title='bbox 362 375 443 403; x_wconf 82' lang='lat' dir='ltr'><strong>veluti</strong></span> <span class='ocrx_word' id='word_1_70' title='bbox 457 376 480 403; x_wconf 89' lang='lat' dir='ltr'><strong>si</strong></span> <span class='ocrx_word' id='word_1_71' title='bbox 501 376 562 410; x_wconf 86' lang='lat' dir='ltr'><strong>quis</strong></span> <span class='ocrx_word' id='word_1_72' title='bbox 573 383 656 410; x_wconf 82' lang='lat' dir='ltr'><strong>parvo</strong></span> <span class='ocrx_word' id='word_1_73' title='bbox 670 376 786 411; x_wconf 86' lang='lat' dir='ltr'><strong>quodam</strong></span> <span class='ocrx_word' id='word_1_74' title='bbox 798 381 889 403; x_wconf 87' lang='lat' dir='ltr'><strong>utatur</strong></span> <span class='ocrx_word' id='word_1_75' title='bbox 901 381 928 404; x_wconf 90' lang='lat' dir='ltr'><strong>et</strong></span> <span class='ocrx_word' id='word_1_76' title='bbox 937 377 1053 404; x_wconf 85' lang='lat' dir='ltr'><strong>humano</strong></span> 
     </span>
    </p>
   </div>
   <div class='ocr_carea' id='block_1_10' title="bbox 273 422 1052 456">
    <p class='ocr_par' dir='ltr' id='par_1_10' title="bbox 273 422 1052 456">
     <span class='ocr_line' id='line_1_10' title="bbox 273 422 1052 456; baseline 0.003 -9"><span class='ocrx_word' id='word_1_77' title='bbox 273 431 282 446; x_wconf 76' lang='grc' dir='ltr'><strong><em>ο</em></strong></span> <span class='ocrx_word' id='word_1_78' title='bbox 299 422 433 456; x_wconf 79' lang='lat' dir='ltr'><strong>exemplo,</strong></span> <span class='ocrx_word' id='word_1_79' title='bbox 450 423 485 449; x_wconf 91' lang='lat' dir='ltr'><strong>ita</strong></span> <span class='ocrx_word' id='word_1_80' title='bbox 507 431 563 450; x_wconf 88' lang='lat' dir='ltr'><strong>rem</strong></span> <span class='ocrx_word' id='word_1_81' title='bbox 579 423 658 450; x_wconf 87' lang='lat' dir='ltr'><strong>istam</strong></span> <span class='ocrx_word' id='word_1_82' title='bbox 682 423 820 451; x_wconf 83' lang='lat' dir='ltr'><strong>examinet</strong></span> <span class='ocrx_word' id='word_1_83' title='bbox 843 424 877 450; x_wconf 85' lang='lat' dir='ltr'><strong>ad</strong></span> <span class='ocrx_word' id='word_1_84' title='bbox 901 423 1052 450; x_wconf 87' lang='lat' dir='ltr'><strong>similitudi-</strong></span> 
     </span>
    </p>
   </div>
   <div class='ocr_carea' id='block_1_11' title="bbox 274 468 1052 499">
    <p class='ocr_par' dir='ltr' id='par_1_11' title="bbox 274 468 1052 499">
     <span class='ocr_line' id='line_1_11' title="bbox 274 468 1052 499; baseline 0.001 -6"><span class='ocrx_word' id='word_1_85' title='bbox 274 478 282 492; x_wconf 75' lang='grc' dir='ltr'><strong>ι</strong></span> <span class='ocrx_word' id='word_1_86' title='bbox 302 476 373 495; x_wconf 88' lang='lat' dir='ltr'><strong>nem.</strong></span> <span class='ocrx_word' id='word_1_87' title='bbox 383 468 488 496; x_wconf 85' lang='lat' dir='ltr'><strong>Sicutsi</strong></span> <span class='ocrx_word' id='word_1_88' title='bbox 499 473 650 496; x_wconf 82' lang='lat' dir='ltr'><strong>statuarum</strong></span> <span class='ocrx_word' id='word_1_89' title='bbox 662 469 758 496; x_wconf 79' lang='lat' dir='ltr'><strong>artifex</strong></span> <span class='ocrx_word' id='word_1_90' title='bbox 773 469 920 499; x_wconf 82' lang='lat' dir='ltr'><strong>excellens,</strong></span> <span class='ocrx_word' id='word_1_91' title='bbox 933 474 1052 496; x_wconf 75' lang='lat' dir='ltr'><strong>statuam</strong></span> 
     </span>
    </p>
   </div>
   <div class='ocr_carea' id='block_1_12' title="bbox 274 513 1053 548">
    <p class='ocr_par' dir='ltr' id='par_1_12' title="bbox 274 513 1053 548">
     <span class='ocr_line' id='line_1_12' title="bbox 274 513 1053 548; baseline 0.001 -8"><span class='ocrx_word' id='word_1_92' title='bbox 274 524 282 538; x_wconf 79' lang='grc' dir='ltr'><strong>ι</strong></span> <span class='ocrx_word' id='word_1_93' title='bbox 298 513 416 541; x_wconf 82' lang='lat' dir='ltr'><strong>conﬂare</strong></span> <span class='ocrx_word' id='word_1_94' title='bbox 431 514 600 548; x_wconf 86' lang='lat' dir='ltr'><strong>propositum</strong></span> <span class='ocrx_word' id='word_1_95' title='bbox 628 514 742 547; x_wconf 83' lang='lat' dir='ltr'><strong>habens,</strong></span> <span class='ocrx_word' id='word_1_96' title='bbox 764 514 897 548; x_wconf 83' lang='lat' dir='ltr'><strong>imprimis</strong></span> <span class='ocrx_word' id='word_1_97' title='bbox 915 515 1053 541; x_wconf 86' lang='lat' dir='ltr'><strong>characte-</strong></span> 
     </span>
    </p>
   </div>
   <div class='ocr_carea' id='block_1_13' title="bbox 273 559 1053 595">
    <p class='ocr_par' dir='ltr' id='par_1_13' title="bbox 273 559 1053 595">
     <span class='ocr_line' id='line_1_13' title="bbox 273 559 1053 595; baseline 0.003 -11"><span class='ocrx_word' id='word_1_98' title='bbox 273 569 282 584; x_wconf 77' lang='grc' dir='ltr'><strong>ι</strong></span> <span class='ocrx_word' id='word_1_99' title='bbox 299 567 343 587; x_wconf 87' lang='lat' dir='ltr'><strong>ras</strong></span> <span class='ocrx_word' id='word_1_100' title='bbox 357 559 416 595; x_wconf 78' lang='lat' dir='ltr'><strong>ejus</strong></span> <span class='ocrx_word' id='word_1_101' title='bbox 431 565 511 595; x_wconf 87' lang='lat' dir='ltr'><strong>atque</strong></span> <span class='ocrx_word' id='word_1_102' title='bbox 531 560 632 587; x_wconf 80' lang='lat' dir='ltr'><strong>formas</strong></span> <span class='ocrx_word' id='word_1_103' title='bbox 644 567 735 587; x_wconf 85' lang='lat' dir='ltr'><strong>secum</strong></span> <span class='ocrx_word' id='word_1_104' title='bbox 752 559 908 594; x_wconf 85' lang='lat' dir='ltr'><strong>speculatur</strong></span> <span class='ocrx_word' id='word_1_105' title='bbox 924 569 930 587; x_wconf 95' lang='lat'><strong>:</strong></span> <span class='ocrx_word' id='word_1_106' title='bbox 960 560 1053 586; x_wconf 92' lang='lat' dir='ltr'><strong>latitu-</strong></span> 
     </span>
    </p>
   </div>
   <div class='ocr_carea' id='block_1_14' title="bbox 274 605 1050 641">
    <p class='ocr_par' dir='ltr' id='par_1_14' title="bbox 274 605 1050 641">
     <span class='ocr_line' id='line_1_14' title="bbox 274 605 1050 641; baseline 0.001 -9"><span class='ocrx_word' id='word_1_107' title='bbox 274 616 283 632; x_wconf 73' lang='grc' dir='ltr'>α</span> <span class='ocrx_word' id='word_1_108' title='bbox 307 606 396 634; x_wconf 84' lang='lat' dir='ltr'><strong>dinem</strong></span> <span class='ocrx_word' id='word_1_109' title='bbox 416 606 545 641; x_wconf 82' lang='lat' dir='ltr'><strong>deinceps</strong></span> <span class='ocrx_word' id='word_1_110' title='bbox 559 611 587 632; x_wconf 84' lang='lat' dir='ltr'><strong>et</strong></span> <span class='ocrx_word' id='word_1_111' title='bbox 609 605 805 641; x_wconf 77' lang='lat' dir='ltr'><strong>longitudinem</strong></span> <span class='ocrx_word' id='word_1_112' title='bbox 819 607 960 633; x_wconf 82' lang='lat' dir='ltr'><strong>decentem</strong></span> <span class='ocrx_word' id='word_1_113' title='bbox 979 607 1050 641; x_wconf 76' lang='lat' dir='ltr'><strong>cogi-</strong></span> 
     </span>
    </p>
   </div>
   <div class='ocr_carea' id='block_1_15' title="bbox 275 650 1054 685">
    <p class='ocr_par' dir='ltr' id='par_1_15' title="bbox 275 650 1054 685">
     <span class='ocr_line' id='line_1_15' title="bbox 275 650 1054 685; baseline 0.001 -8"><span class='ocrx_word' id='word_1_114' title='bbox 275 661 283 677; x_wconf 82' lang='grc' dir='ltr'><strong>ι</strong></span> <span class='ocrx_word' id='word_1_115' title='bbox 302 656 359 684; x_wconf 87' lang='lat' dir='ltr'><strong>tat,</strong></span> <span class='ocrx_word' id='word_1_116' title='bbox 376 655 404 679; x_wconf 88' lang='lat' dir='ltr'><strong>et</strong></span> <span class='ocrx_word' id='word_1_117' title='bbox 425 651 509 678; x_wconf 88' lang='lat' dir='ltr'><strong>totius</strong></span> <span class='ocrx_word' id='word_1_118' title='bbox 533 650 735 684; x_wconf 85' lang='lat' dir='ltr'><strong>proportionem</strong></span> <span class='ocrx_word' id='word_1_119' title='bbox 753 650 890 685; x_wconf 77' lang='lat' dir='ltr'><strong>sigillatim</strong></span> <span class='ocrx_word' id='word_1_120' title='bbox 902 658 950 685; x_wconf 85' lang='lat' dir='ltr'><strong>per</strong></span> <span class='ocrx_word' id='word_1_121' title='bbox 964 656 1054 685; x_wconf 88' lang='lat' dir='ltr'><strong>partes</strong></span> 
     </span>
    </p>
   </div>
   <div class='ocr_carea' id='block_1_16' title="bbox 273 696 1053 730">
    <p class='ocr_par' dir='ltr' id='par_1_16' title="bbox 273 696 1053 730">
     <span class='ocr_line' id='line_1_16' title="bbox 273 696 1053 730; baseline 0.001 -8"><span class='ocrx_word' id='word_1_122' title='bbox 273 707 282 722; x_wconf 72' lang='grc' dir='ltr'><strong>ι</strong></span> <span class='ocrx_word' id='word_1_123' title='bbox 302 698 392 725; x_wconf 78' lang='lat' dir='ltr'><strong>animo</strong></span> <span class='ocrx_word' id='word_1_124' title='bbox 411 702 487 723; x_wconf 86' lang='lat' dir='ltr'><strong>tenus</strong></span> <span class='ocrx_word' id='word_1_125' title='bbox 506 696 647 723; x_wconf 85' lang='lat' dir='ltr'><strong>amussitat</strong></span> <span class='ocrx_word' id='word_1_126' title='bbox 656 701 736 730; x_wconf 87' lang='lat' dir='ltr'><strong>atqtte</strong></span> <span class='ocrx_word' id='word_1_127' title='bbox 750 696 854 728; x_wconf 77' lang='lat' dir='ltr'><strong>exigit:</strong></span> <span class='ocrx_word' id='word_1_128' title='bbox 883 701 938 723; x_wconf 93' lang='lat' dir='ltr'><strong>tum</strong></span> <span class='ocrx_word' id='word_1_129' title='bbox 948 698 1053 723; x_wconf 81' lang='lat' dir='ltr'><strong>demum</strong></span> 
     </span>
    </p>
   </div>
   <div class='ocr_carea' id='block_1_17' title="bbox 274 741 1053 776">
    <p class='ocr_par' dir='ltr' id='par_1_17' title="bbox 274 741 1053 776">
     <span class='ocr_line' id='line_1_17' title="bbox 274 741 1053 776; baseline 0 -8"><span class='ocrx_word' id='word_1_130' title='bbox 274 752 283 768; x_wconf 79' lang='grc' dir='ltr'><strong>ι</strong></span> <span class='ocrx_word' id='word_1_131' title='bbox 305 743 455 774; x_wconf 80' lang='lat' dir='ltr'><strong>materiam,</strong></span> <span class='ocrx_word' id='word_1_132' title='bbox 475 749 513 768; x_wconf 67' lang='lat' dir='ltr'><strong>aes</strong></span> <span class='ocrx_word' id='word_1_133' title='bbox 533 742 559 768; x_wconf 92' lang='lat' dir='ltr'><strong>in</strong></span> <span class='ocrx_word' id='word_1_134' title='bbox 576 742 718 776; x_wconf 89' lang='lat' dir='ltr'><strong>procinctu</strong></span> <span class='ocrx_word' id='word_1_135' title='bbox 734 747 883 776; x_wconf 87' lang='lat' dir='ltr'><strong>comparat,</strong></span> <span class='ocrx_word' id='word_1_136' title='bbox 898 747 924 769; x_wconf 88' lang='lat' dir='ltr'><strong>et</strong></span> <span class='ocrx_word' id='word_1_137' title='bbox 937 741 1053 768; x_wconf 75' lang='lat' dir='ltr'><strong>(ultimm</strong></span> 
     </span>
    </p>
   </div>
   <div class='ocr_carea' id='block_1_18' title="bbox 279 786 1054 820">
    <p class='ocr_par' dir='ltr' id='par_1_18' title="bbox 279 786 1054 820">
     <span class='ocr_line' id='line_1_18' title="bbox 279 786 1054 820; baseline -0.001 -6"><span class='ocrx_word' id='word_1_138' title='bbox 279 798 288 814; x_wconf 70' lang='grc' dir='ltr'>ε</span> <span class='ocrx_word' id='word_1_139' title='bbox 309 788 382 815; x_wconf 87' lang='lat' dir='ltr'><strong>illam</strong></span> <span class='ocrx_word' id='word_1_140' title='bbox 401 792 518 815; x_wconf 86' lang='lat' dir='ltr'><strong>statuam</strong></span> <span class='ocrx_word' id='word_1_141' title='bbox 532 787 623 814; x_wconf 87' lang='lat' dir='ltr'><strong>animo</strong></span> <span class='ocrx_word' id='word_1_142' title='bbox 637 794 688 814; x_wconf 87' lang='lat' dir='ltr'><strong>suo</strong></span> <span class='ocrx_word' id='word_1_143' title='bbox 703 786 868 814; x_wconf 89' lang='lat' dir='ltr'><strong>deliueatam</strong></span> <span class='ocrx_word' id='word_1_144' title='bbox 885 787 1054 820; x_wconf 73' lang='lat' dir='ltr'><strong>complexus,</strong></span> 
     </span>
    </p>
   </div>
   <div class='ocr_carea' id='block_1_19' title="bbox 275 832 1056 868">
    <p class='ocr_par' dir='ltr' id='par_1_19' title="bbox 275 832 1056 868">
     <span class='ocr_line' id='line_1_19' title="bbox 275 832 1056 868; baseline -0.003 -8"><span class='ocrx_word' id='word_1_145' title='bbox 275 843 284 858; x_wconf 76' lang='grc' dir='ltr'><strong>ι</strong></span> <span class='ocrx_word' id='word_1_146' title='bbox 303 832 409 868; x_wconf 83' lang='lat' dir='ltr'><strong>sibique</strong></span> <span class='ocrx_word' id='word_1_147' title='bbox 426 833 561 865; x_wconf 87' lang='lat' dir='ltr'><strong>conscius,</strong></span> <span class='ocrx_word' id='word_1_148' title='bbox 583 832 715 859; x_wconf 86' lang='lat' dir='ltr'><strong>rationem</strong></span> <span class='ocrx_word' id='word_1_149' title='bbox 732 832 804 860; x_wconf 90' lang='lat' dir='ltr'><strong>intus</strong></span> <span class='ocrx_word' id='word_1_150' title='bbox 822 840 912 864; x_wconf 88' lang='lat' dir='ltr'><strong>suam,</strong></span> <span class='ocrx_word' id='word_1_151' title='bbox 930 840 984 864; x_wconf 83' lang='lat' dir='ltr'><strong>qua</strong></span> <span class='ocrx_word' id='word_1_152' title='bbox 1016 840 1056 858; x_wconf 78' lang='lat' dir='ltr'><strong>ra-</strong></span> 
     </span>
    </p>
   </div>
   <div class='ocr_carea' id='block_1_20' title="bbox 275 878 1056 912">
    <p class='ocr_par' dir='ltr' id='par_1_20' title="bbox 275 878 1056 912">
     <span class='ocr_line' id='line_1_20' title="bbox 275 878 1056 912; baseline 0 -8"><span class='ocrx_word' id='word_1_153' title='bbox 275 888 284 904; x_wconf 75' lang='grc' dir='ltr'>α</span> <span class='ocrx_word' id='word_1_154' title='bbox 303 879 457 911; x_wconf 89' lang='lat' dir='ltr'><strong>tiocinatur,</strong></span> <span class='ocrx_word' id='word_1_155' title='bbox 472 883 500 905; x_wconf 91' lang='lat' dir='ltr'><strong>et</strong></span> <span class='ocrx_word' id='word_1_156' title='bbox 509 886 561 912; x_wconf 87' lang='lat' dir='ltr'><strong>qua</strong></span> <span class='ocrx_word' id='word_1_157' title='bbox 574 878 735 905; x_wconf 87' lang='lat' dir='ltr'><strong>administra</strong></span> <span class='ocrx_word' id='word_1_158' title='bbox 749 880 886 912; x_wconf 89' lang='lat' dir='ltr'><strong>componit</strong></span> <span class='ocrx_word' id='word_1_159' title='bbox 900 880 989 905; x_wconf 84' lang='lat' dir='ltr'><strong>omnia</strong></span> <span class='ocrx_word' id='word_1_160' title='bbox 1004 878 1056 912; x_wconf 90' lang='lat' dir='ltr'><strong>(ui-</strong></span> 
     </span>
    </p>
   </div>
   <div class='ocr_carea' id='block_1_21' title="bbox 277 923 1055 958">
    <p class='ocr_par' dir='ltr' id='par_1_21' title="bbox 277 923 1055 958">
     <span class='ocr_line' id='line_1_21' title="bbox 277 923 1055 958; baseline -0.003 -7"><span class='ocrx_word' id='word_1_161' title='bbox 277 934 286 950; x_wconf 75' lang='grc' dir='ltr'><strong>ι</strong></span> <span class='ocrx_word' id='word_1_162' title='bbox 305 924 342 951; x_wconf 86' lang='lat' dir='ltr'><strong>ltil</strong></span> <span class='ocrx_word' id='word_1_163' title='bbox 357 924 457 951; x_wconf 87' lang='lat' dir='ltr'><strong>etenim</strong></span> <span class='ocrx_word' id='word_1_164' title='bbox 474 923 615 958; x_wconf 84' lang='lat' dir='ltr'><strong>pulchrum</strong></span> <span class='ocrx_word' id='word_1_165' title='bbox 629 928 680 955; x_wconf 87' lang='lat' dir='ltr'><strong>est,</strong></span> <span class='ocrx_word' id='word_1_166' title='bbox 693 931 746 950; x_wconf 87' lang='lat' dir='ltr'><strong>non</strong></span> <span class='ocrx_word' id='word_1_167' title='bbox 757 923 904 950; x_wconf 85' lang='lat' dir='ltr'><strong>secundum</strong></span> <span class='ocrx_word' id='word_1_168' title='bbox 922 923 1055 949; x_wconf 89' lang='lat' dir='ltr'><strong>rationem</strong></span> 
     </span>
    </p>
   </div>
   <div class='ocr_carea' id='block_1_22' title="bbox 275 969 1054 1004">
    <p class='ocr_par' dir='ltr' id='par_1_22' title="bbox 275 969 1054 1004">
     <span class='ocr_line' id='line_1_22' title="bbox 275 969 1054 1004; baseline -0.001 -8"><span class='ocrx_word' id='word_1_169' title='bbox 275 980 284 996; x_wconf 78' lang='grc' dir='ltr'><strong>ι</strong></span> <span class='ocrx_word' id='word_1_170' title='bbox 302 971 479 1004; x_wconf 84' lang='lat' dir='ltr'><strong>exasciatum)</strong></span> <span class='ocrx_word' id='word_1_171' title='bbox 492 970 536 997; x_wconf 89' lang='lat' dir='ltr'><strong>ubi</strong></span> <span class='ocrx_word' id='word_1_172' title='bbox 556 977 665 997; x_wconf 88' lang='lat' dir='ltr'><strong>manum</strong></span> <span class='ocrx_word' id='word_1_173' title='bbox 682 969 828 997; x_wconf 78' lang='lat' dir='ltr'><strong>admovere</strong></span> <span class='ocrx_word' id='word_1_174' title='bbox 840 969 916 1004; x_wconf 88' lang='lat' dir='ltr'><strong>operi</strong></span> <span class='ocrx_word' id='word_1_175' title='bbox 940 970 1034 1003; x_wconf 87' lang='lat' dir='ltr'><strong>incipit</strong></span> <span class='ocrx_word' id='word_1_176' title='bbox 1047 989 1054 1001; x_wconf 83' lang='lat'><strong>,</strong></span> 
     </span>
    </p>
   </div>
   <div class='ocr_carea' id='block_1_23' title="bbox 275 1015 1056 1051">
    <p class='ocr_par' dir='ltr' id='par_1_23' title="bbox 275 1015 1056 1051">
     <span class='ocr_line' id='line_1_23' title="bbox 275 1015 1056 1051; baseline -0.003 -8"><span class='ocrx_word' id='word_1_177' title='bbox 275 1026 285 1043; x_wconf 70' lang='grc' dir='ltr'>α</span> <span class='ocrx_word' id='word_1_178' title='bbox 306 1017 341 1043; x_wconf 89' lang='lat' dir='ltr'><strong>ita</strong></span> <span class='ocrx_word' id='word_1_179' title='bbox 362 1020 489 1051; x_wconf 86' lang='lat' dir='ltr'><strong>tanquam</strong></span> <span class='ocrx_word' id='word_1_180' title='bbox 508 1016 620 1043; x_wconf 84' lang='lat' dir='ltr'><strong>alteram</strong></span> <span class='ocrx_word' id='word_1_181' title='bbox 639 1024 781 1050; x_wconf 80' lang='lat' dir='ltr'><strong>personam</strong></span> <span class='ocrx_word' id='word_1_182' title='bbox 795 1015 894 1042; x_wconf 85' lang='lat' dir='ltr'><strong>all&#39;atur</strong></span> <span class='ocrx_word' id='word_1_183' title='bbox 909 1024 916 1042; x_wconf 73' lang='grc' dir='ltr'>ε</span> <span class='ocrx_word' id='word_1_184' title='bbox 931 1016 997 1050; x_wconf 74' lang='lat' dir='ltr'><strong>Age,</strong></span> <span class='ocrx_word' id='word_1_185' title='bbox 1017 1015 1056 1041; x_wconf 78' lang='lat' dir='ltr'><strong>l‘a-</strong></span> 
     </span>
    </p>
   </div>
   <div class='ocr_carea' id='block_1_24' title="bbox 275 1060 1056 1096">
    <p class='ocr_par' dir='ltr' id='par_1_24' title="bbox 275 1060 1056 1096">
     <span class='ocr_line' id='line_1_24' title="bbox 275 1060 1056 1096; baseline -0.001 -8"><span class='ocrx_word' id='word_1_186' title='bbox 275 1072 284 1088; x_wconf 71' lang='lat' dir='ltr'><strong>t</strong></span> <span class='ocrx_word' id='word_1_187' title='bbox 303 1062 419 1094; x_wconf 83' lang='lat' dir='ltr'><strong>ciamus,</strong></span> <span class='ocrx_word' id='word_1_188' title='bbox 436 1062 561 1095; x_wconf 79' lang='lat' dir='ltr'><strong>inquiens</strong></span> <span class='ocrx_word' id='word_1_189' title='bbox 582 1070 588 1088; x_wconf 85' lang='lat'><strong><em>:</em></strong></span> <span class='ocrx_word' id='word_1_190' title='bbox 619 1068 668 1095; x_wconf 78' lang='lat' dir='ltr'><strong>age</strong></span> <span class='ocrx_word' id='word_1_191' title='bbox 689 1060 847 1096; x_wconf 72' lang='lat' dir='ltr'><strong>ellingamus</strong></span> <span class='ocrx_word' id='word_1_192' title='bbox 873 1066 1000 1088; x_wconf 86' lang='lat' dir='ltr'><strong>statuam.</strong></span> <span class='ocrx_word' id='word_1_193' title='bbox 1016 1060 1056 1087; x_wconf 85' lang='lat' dir='ltr'><strong>Ad</strong></span> 
     </span>
    </p>
   </div>
   <div class='ocr_carea' id='block_1_25' title="bbox 276 1106 1057 1138">
    <p class='ocr_par' dir='ltr' id='par_1_25' title="bbox 276 1106 1057 1138">
     <span class='ocr_line' id='line_1_25' title="bbox 276 1106 1057 1138; baseline -0.004 -4"><span class='ocrx_word' id='word_1_194' title='bbox 276 1118 285 1134; x_wconf 81' lang='grc' dir='ltr'><strong>ι</strong></span> <span class='ocrx_word' id='word_1_195' title='bbox 300 1108 423 1135; x_wconf 88' lang='lat' dir='ltr'><strong>eumdem</strong></span> <span class='ocrx_word' id='word_1_196' title='bbox 436 1107 544 1134; x_wconf 92' lang='lat' dir='ltr'><strong>modum</strong></span> <span class='ocrx_word' id='word_1_197' title='bbox 562 1107 749 1134; x_wconf 89' lang='lat' dir='ltr'><strong>universorum</strong></span> <span class='ocrx_word' id='word_1_198' title='bbox 771 1106 902 1134; x_wconf 88' lang='lat' dir='ltr'><strong>Dominus</strong></span> <span class='ocrx_word' id='word_1_199' title='bbox 919 1106 999 1138; x_wconf 85' lang='lat' dir='ltr'><strong>Deus,</strong></span> <span class='ocrx_word' id='word_1_200' title='bbox 1018 1107 1057 1132; x_wconf 87' lang='lat' dir='ltr'><strong>vi-</strong></span> 
     </span>
    </p>
   </div>
   <div class='ocr_carea' id='block_1_26' title="bbox 275 1153 1055 1185">
    <p class='ocr_par' dir='ltr' id='par_1_26' title="bbox 275 1153 1055 1185">
     <span class='ocr_line' id='line_1_26' title="bbox 275 1153 1055 1185; baseline -0.003 -4"><span class='ocrx_word' id='word_1_201' title='bbox 275 1165 284 1180; x_wconf 75' lang='grc' dir='ltr'><strong>ι</strong></span> <span class='ocrx_word' id='word_1_202' title='bbox 306 1159 412 1181; x_wconf 83' lang='lat' dir='ltr'><strong>ventem</strong></span> <span class='ocrx_word' id='word_1_203' title='bbox 426 1154 459 1181; x_wconf 86' lang='lat' dir='ltr'><strong>de</strong></span> <span class='ocrx_word' id='word_1_204' title='bbox 473 1159 544 1181; x_wconf 85' lang='lat' dir='ltr'><strong>terra</strong></span> <span class='ocrx_word' id='word_1_205' title='bbox 555 1159 671 1180; x_wconf 88' lang='lat' dir='ltr'><strong>statuant</strong></span> <span class='ocrx_word' id='word_1_206' title='bbox 684 1153 844 1185; x_wconf 78' lang='lat' dir='ltr'><strong>eliinxurus,</strong></span> <span class='ocrx_word' id='word_1_207' title='bbox 856 1160 907 1180; x_wconf 89' lang='lat' dir='ltr'><strong>non</strong></span> <span class='ocrx_word' id='word_1_208' title='bbox 925 1154 957 1180; x_wconf 90' lang='lat' dir='ltr'><strong>ad</strong></span> <span class='ocrx_word' id='word_1_209' title='bbox 975 1153 1055 1180; x_wconf 86' lang='lat' dir='ltr'><strong>alium</strong></span> 
     </span>
    </p>
   </div>
   <div class='ocr_carea' id='block_1_27' title="bbox 275 1199 1057 1234">
    <p class='ocr_par' dir='ltr' id='par_1_27' title="bbox 275 1199 1057 1234">
     <span class='ocr_line' id='line_1_27' title="bbox 275 1199 1057 1234; baseline 0 -9"><span class='ocrx_word' id='word_1_210' title='bbox 275 1210 285 1225; x_wconf 77' lang='grc' dir='ltr'><strong>ι</strong></span> <span class='ocrx_word' id='word_1_211' title='bbox 303 1200 430 1234; x_wconf 82' lang='lat' dir='ltr'><strong>aliquem,</strong></span> <span class='ocrx_word' id='word_1_212' title='bbox 441 1199 488 1227; x_wconf 87' lang='lat' dir='ltr'><strong>sed</strong></span> <span class='ocrx_word' id='word_1_213' title='bbox 504 1200 537 1226; x_wconf 86' lang='lat' dir='ltr'><strong>ad</strong></span> <span class='ocrx_word' id='word_1_214' title='bbox 551 1207 628 1227; x_wconf 89' lang='lat' dir='ltr'><strong>suum</strong></span> <span class='ocrx_word' id='word_1_215' title='bbox 652 1199 739 1234; x_wconf 87' lang='lat' dir='ltr'><strong>ipsius</strong></span> <span class='ocrx_word' id='word_1_216' title='bbox 767 1199 926 1226; x_wconf 87' lang='lat' dir='ltr'><strong>Sermonem</strong></span> <span class='ocrx_word' id='word_1_217' title='bbox 940 1207 969 1226; x_wconf 87' lang='lat' dir='ltr'><strong>se</strong></span> <span class='ocrx_word' id='word_1_218' title='bbox 983 1208 1057 1226; x_wconf 82' lang='lat' dir='ltr'><strong>com-</strong></span> 
     </span>
    </p>
   </div>
   <div class='ocr_carea' id='block_1_28' title="bbox 277 1245 1056 1280">
    <p class='ocr_par' dir='ltr' id='par_1_28' title="bbox 277 1245 1056 1280">
     <span class='ocr_line' id='line_1_28' title="bbox 277 1245 1056 1280; baseline -0.003 -8"><span class='ocrx_word' id='word_1_219' title='bbox 277 1256 286 1272; x_wconf 78' lang='grc' dir='ltr'><strong>ι</strong></span> <span class='ocrx_word' id='word_1_220' title='bbox 308 1246 394 1280; x_wconf 88' lang='lat' dir='ltr'><strong>ponit,</strong></span> <span class='ocrx_word' id='word_1_221' title='bbox 407 1245 562 1276; x_wconf 78' lang='lat' dir='ltr'><strong>Faciamus,</strong></span> <span class='ocrx_word' id='word_1_222' title='bbox 580 1246 668 1277; x_wconf 83' lang='lat' dir='ltr'><strong>aiens,</strong></span> <span class='ocrx_word' id='word_1_223' title='bbox 685 1245 827 1278; x_wconf 77' lang='lat' dir='ltr'><strong>hominem,</strong></span> <span class='ocrx_word' id='word_1_224' title='bbox 853 1252 906 1272; x_wconf 88' lang='lat' dir='ltr'><strong>non</strong></span> <span class='ocrx_word' id='word_1_225' title='bbox 931 1245 965 1272; x_wconf 89' lang='lat' dir='ltr'><strong>ad</strong></span> <span class='ocrx_word' id='word_1_226' title='bbox 979 1253 1056 1272; x_wconf 90' lang='lat' dir='ltr'><strong>eum-</strong></span> 
     </span>
    </p>
   </div>
   <div class='ocr_carea' id='block_1_29' title="bbox 276 1290 1056 1325">
    <p class='ocr_par' dir='ltr' id='par_1_29' title="bbox 276 1290 1056 1325">
     <span class='ocr_line' id='line_1_29' title="bbox 276 1290 1056 1325; baseline -0.001 -8"><span class='ocrx_word' id='word_1_227' title='bbox 276 1302 285 1317; x_wconf 79' lang='lat' dir='ltr'><strong>I</strong></span> <span class='ocrx_word' id='word_1_228' title='bbox 303 1293 364 1319; x_wconf 90' lang='lat' dir='ltr'><strong>dem</strong></span> <span class='ocrx_word' id='word_1_229' title='bbox 383 1291 490 1318; x_wconf 92' lang='lat' dir='ltr'><strong>modum</strong></span> <span class='ocrx_word' id='word_1_230' title='bbox 504 1299 558 1325; x_wconf 93' lang='lat' dir='ltr'><strong>quo</strong></span> <span class='ocrx_word' id='word_1_231' title='bbox 580 1296 676 1318; x_wconf 67' lang='lat' dir='ltr'><strong>catera</strong></span> <span class='ocrx_word' id='word_1_232' title='bbox 693 1299 700 1318; x_wconf 92' lang='lat'><strong>:</strong></span> <span class='ocrx_word' id='word_1_233' title='bbox 723 1298 784 1317; x_wconf 86' lang='lat' dir='ltr'><strong>uam</strong></span> <span class='ocrx_word' id='word_1_234' title='bbox 810 1295 884 1318; x_wconf 86' lang='lat' dir='ltr'><strong>certe</strong></span> <span class='ocrx_word' id='word_1_235' title='bbox 908 1290 1056 1317; x_wconf 87' lang='lat' dir='ltr'><strong>secundum</strong></span> 
     </span>
    </p>
   </div>
   <div class='ocr_carea' id='block_1_30' title="bbox 276 1338 1057 1373">
    <p class='ocr_par' dir='ltr' id='par_1_30' title="bbox 276 1338 1057 1373">
     <span class='ocr_line' id='line_1_30' title="bbox 276 1338 1057 1373; baseline -0.003 -7"><span class='ocrx_word' id='word_1_236' title='bbox 276 1349 285 1365; x_wconf 86' lang='grc'><strong><em>‹</em></strong></span> <span class='ocrx_word' id='word_1_237' title='bbox 308 1339 441 1366; x_wconf 86' lang='lat' dir='ltr'><strong>rationem</strong></span> <span class='ocrx_word' id='word_1_238' title='bbox 454 1340 581 1366; x_wconf 86' lang='lat' dir='ltr'><strong>universa</strong></span> <span class='ocrx_word' id='word_1_239' title='bbox 595 1338 792 1366; x_wconf 82' lang='lat' dir='ltr'><strong>formabantur.</strong></span> <span class='ocrx_word' id='word_1_240' title='bbox 812 1348 822 1364; x_wconf 77' lang='grc' dir='ltr'><strong>ι</strong></span> <span class='ocrx_word' id='word_1_241' title='bbox 832 1339 913 1366; x_wconf 83' lang='lat' dir='ltr'><strong>Addit</strong></span> <span class='ocrx_word' id='word_1_242' title='bbox 926 1339 984 1366; x_wconf 84' lang='lat' dir='ltr'><strong>istis</strong></span> <span class='ocrx_word' id='word_1_243' title='bbox 999 1343 1057 1373; x_wconf 83' lang='lat' dir='ltr'><strong>post</strong></span> 
     </span>
    </p>
   </div>
   <div class='ocr_carea' id='block_1_31' title="bbox 273 1384 1057 1421">
    <p class='ocr_par' dir='ltr' id='par_1_31' title="bbox 273 1384 1057 1421">
     <span class='ocr_line' id='line_1_31' title="bbox 273 1384 1057 1421; baseline -0.003 -9"><span class='ocrx_word' id='word_1_244' title='bbox 273 1386 325 1412; x_wconf 68' lang='lat' dir='ltr'><strong>alia</strong></span> <span class='ocrx_word' id='word_1_245' title='bbox 343 1392 350 1412; x_wconf 88' lang='lat'><strong>:</strong></span> <span class='ocrx_word' id='word_1_246' title='bbox 367 1384 512 1421; x_wconf 83' lang='lat' dir='ltr'><strong>[R.CVlll]</strong></span> <span class='ocrx_word' id='word_1_247' title='bbox 545 1394 554 1410; x_wconf 82' lang='grc' dir='ltr'><strong>ι</strong></span> <span class='ocrx_word' id='word_1_248' title='bbox 583 1384 659 1412; x_wconf 82' lang='lat' dir='ltr'><strong>Nunc</strong></span> <span class='ocrx_word' id='word_1_249' title='bbox 688 1390 779 1413; x_wconf 88' lang='lat' dir='ltr'><strong>autem</strong></span> <span class='ocrx_word' id='word_1_250' title='bbox 806 1385 892 1412; x_wconf 87' lang='lat' dir='ltr'><strong>sacris</strong></span> <span class='ocrx_word' id='word_1_251' title='bbox 908 1384 1057 1418; x_wconf 86' lang='lat' dir='ltr'><strong>Scripturis</strong></span> 
     </span>
    </p>
   </div>
   <div class='ocr_carea' id='block_1_32' title="bbox 277 1431 1056 1466">
    <p class='ocr_par' dir='ltr' id='par_1_32' title="bbox 277 1431 1056 1466">
     <span class='ocr_line' id='line_1_32' title="bbox 277 1431 1056 1466; baseline -0.003 -7"><span class='ocrx_word' id='word_1_252' title='bbox 277 1441 285 1458; x_wconf 80' lang='grc' dir='ltr'><strong>ι</strong></span> <span class='ocrx_word' id='word_1_253' title='bbox 301 1433 393 1463; x_wconf 85' lang='lat' dir='ltr'><strong>credo,</strong></span> <span class='ocrx_word' id='word_1_254' title='bbox 407 1432 478 1466; x_wconf 91' lang='lat' dir='ltr'><strong>quod</strong></span> <span class='ocrx_word' id='word_1_255' title='bbox 489 1439 557 1458; x_wconf 90' lang='lat' dir='ltr'><strong>unus</strong></span> <span class='ocrx_word' id='word_1_256' title='bbox 572 1431 609 1458; x_wconf 84' lang='lat' dir='ltr'><strong>sit</strong></span> <span class='ocrx_word' id='word_1_257' title='bbox 628 1431 709 1463; x_wconf 83' lang='lat' dir='ltr'><strong>Deus,</strong></span> <span class='ocrx_word' id='word_1_258' title='bbox 733 1436 761 1458; x_wconf 89' lang='lat' dir='ltr'><strong>et</strong></span> <span class='ocrx_word' id='word_1_259' title='bbox 779 1431 837 1465; x_wconf 84' lang='lat' dir='ltr'><strong>ejus</strong></span> <span class='ocrx_word' id='word_1_260' title='bbox 854 1431 970 1458; x_wconf 87' lang='lat' dir='ltr'><strong>Verbqu</strong></span> <span class='ocrx_word' id='word_1_261' title='bbox 986 1431 1056 1457; x_wconf 84' lang='lat' dir='ltr'><strong>Deus</strong></span> 
     </span>
    </p>
   </div>
   <div class='ocr_carea' id='block_1_33' title="bbox 277 1475 1055 1511">
    <p class='ocr_par' dir='ltr' id='par_1_33' title="bbox 277 1475 1055 1511">
     <span class='ocr_line' id='line_1_33' title="bbox 277 1475 1055 1511; baseline -0.003 -8"><span class='ocrx_word' id='word_1_262' title='bbox 277 1487 285 1502; x_wconf 83' lang='lat' dir='ltr'><strong>I</strong></span> <span class='ocrx_word' id='word_1_263' title='bbox 303 1484 319 1503; x_wconf 92' lang='lat' dir='ltr'><strong>e</strong></span> <span class='ocrx_word' id='word_1_264' title='bbox 331 1476 410 1504; x_wconf 73' lang='lat' dir='ltr'><strong>Patre</strong></span> <span class='ocrx_word' id='word_1_265' title='bbox 425 1477 533 1511; x_wconf 85' lang='lat' dir='ltr'><strong>quidem</strong></span> <span class='ocrx_word' id='word_1_266' title='bbox 549 1476 626 1510; x_wconf 90' lang='lat' dir='ltr'><strong>exiit,</strong></span> <span class='ocrx_word' id='word_1_267' title='bbox 638 1482 668 1504; x_wconf 89' lang='lat' dir='ltr'><strong>ut</strong></span> <span class='ocrx_word' id='word_1_268' title='bbox 681 1476 770 1503; x_wconf 90' lang='lat' dir='ltr'><strong>omnia</strong></span> <span class='ocrx_word' id='word_1_269' title='bbox 785 1483 832 1510; x_wconf 88' lang='lat' dir='ltr'><strong>per</strong></span> <span class='ocrx_word' id='word_1_270' title='bbox 849 1475 923 1502; x_wconf 87' lang='lat' dir='ltr'><strong>illum</strong></span> <span class='ocrx_word' id='word_1_271' title='bbox 951 1476 1055 1502; x_wconf 84' lang='lat' dir='ltr'><strong>tierent.</strong></span> 
     </span>
    </p>
   </div>
   <div class='ocr_carea' id='block_1_34' title="bbox 277 1522 1092 1562">
    <p class='ocr_par' dir='ltr' id='par_1_34' title="bbox 277 1522 1092 1562">
     <span class='ocr_line' id='line_1_34' title="bbox 277 1522 1092 1562; baseline 0.001 -14"><span class='ocrx_word' id='word_1_272' title='bbox 277 1532 286 1548; x_wconf 70' lang='grc' dir='ltr'><strong>ε</strong></span> <span class='ocrx_word' id='word_1_273' title='bbox 306 1522 367 1549; x_wconf 86' lang='lat' dir='ltr'><strong>Post</strong></span> <span class='ocrx_word' id='word_1_274' title='bbox 378 1522 472 1555; x_wconf 87' lang='lat' dir='ltr'><strong>judicii</strong></span> <span class='ocrx_word' id='word_1_275' title='bbox 489 1527 593 1557; x_wconf 86' lang='lat' dir='ltr'><strong>tempus</strong></span> <span class='ocrx_word' id='word_1_276' title='bbox 617 1527 645 1550; x_wconf 90' lang='lat' dir='ltr'><strong>et</strong></span> <span class='ocrx_word' id='word_1_277' title='bbox 676 1530 766 1550; x_wconf 88' lang='lat' dir='ltr'><strong>rerum</strong></span> <span class='ocrx_word' id='word_1_278' title='bbox 783 1523 903 1550; x_wconf 92' lang='lat' dir='ltr'><strong>omnium</strong></span> <span class='ocrx_word' id='word_1_279' title='bbox 921 1528 1057 1549; x_wconf 87' lang='lat' dir='ltr'><strong>restaura-</strong></span> <span class='ocrx_word' id='word_1_280' title='bbox 1071 1534 1092 1562; x_wconf 66' lang='grc' dir='ltr'><strong>ς</strong></span> 
     </span>
    </p>
   </div>
   <div class='ocr_carea' id='block_1_35' title="bbox 278 1569 1056 1603">
    <p class='ocr_par' dir='ltr' id='par_1_35' title="bbox 278 1569 1056 1603">
     <span class='ocr_line' id='line_1_35' title="bbox 278 1569 1056 1603; baseline 0 -9"><span class='ocrx_word' id='word_1_281' title='bbox 278 1578 287 1594; x_wconf 71' lang='grc' dir='ltr'><strong>ε</strong></span> <span class='ocrx_word' id='word_1_282' title='bbox 310 1569 408 1596; x_wconf 88' lang='lat' dir='ltr'><strong>tionem</strong></span> <span class='ocrx_word' id='word_1_283' title='bbox 418 1590 425 1602; x_wconf 91' lang='lat'><strong>,</strong></span> <span class='ocrx_word' id='word_1_284' title='bbox 440 1572 468 1596; x_wconf 92' lang='lat' dir='ltr'><strong>et</strong></span> <span class='ocrx_word' id='word_1_285' title='bbox 484 1569 614 1603; x_wconf 70' lang='lat' dir='ltr'><strong>oppositae</strong></span> <span class='ocrx_word' id='word_1_286' title='bbox 628 1569 770 1603; x_wconf 84' lang='lat' dir='ltr'><strong>potestatis</strong></span> <span class='ocrx_word' id='word_1_287' title='bbox 782 1569 967 1603; x_wconf 77' lang='lat' dir='ltr'><strong>cujuscunque</strong></span> <span class='ocrx_word' id='word_1_288' title='bbox 980 1575 1056 1595; x_wconf 90' lang='lat' dir='ltr'><strong>amo-</strong></span> 
     </span>
    </p>
   </div>
   <div class='ocr_carea' id='block_1_36' title="bbox 278 1613 1053 1648">
    <p class='ocr_par' dir='ltr' id='par_1_36' title="bbox 278 1613 1053 1648">
     <span class='ocr_line' id='line_1_36' title="bbox 278 1613 1053 1648; baseline -0.003 -7"><span class='ocrx_word' id='word_1_289' title='bbox 278 1623 288 1640; x_wconf 72' lang='grc' dir='ltr'><strong>ο</strong></span> <span class='ocrx_word' id='word_1_290' title='bbox 310 1614 441 1645; x_wconf 84' lang='lat' dir='ltr'><strong>litionem,</strong></span> <span class='ocrx_word' id='word_1_291' title='bbox 455 1613 680 1646; x_wconf 66' lang='lat' dir='ltr'><strong>tuus-subiiciatur</strong></span> <span class='ocrx_word' id='word_1_292' title='bbox 694 1614 747 1647; x_wconf 76' lang='lat' dir='ltr'><strong>ipse</strong></span> <span class='ocrx_word' id='word_1_293' title='bbox 768 1614 820 1645; x_wconf 86' lang='lat' dir='ltr'><strong>illi,</strong></span> <span class='ocrx_word' id='word_1_294' title='bbox 838 1614 882 1648; x_wconf 86' lang='lat' dir='ltr'><strong>qui</strong></span> <span class='ocrx_word' id='word_1_295' title='bbox 901 1615 925 1640; x_wconf 77' lang='lat' dir='ltr'><strong>ei</strong></span> <span class='ocrx_word' id='word_1_296' title='bbox 942 1614 1053 1648; x_wconf 67' lang='lat' dir='ltr'><strong>subjecit</strong></span> 
     </span>
    </p>
   </div>
   <div class='ocr_carea' id='block_1_37' title="bbox 278 1659 1056 1692">
    <p class='ocr_par' dir='ltr' id='par_1_37' title="bbox 278 1659 1056 1692">
     <span class='ocr_line' id='line_1_37' title="bbox 278 1659 1056 1692; baseline -0.001 -6"><span class='ocrx_word' id='word_1_297' title='bbox 278 1669 288 1686; x_wconf 70' lang='grc' dir='ltr'>ς</span> <span class='ocrx_word' id='word_1_298' title='bbox 305 1660 393 1687; x_wconf 76' lang='lat' dir='ltr'><strong>omnia</strong></span> <span class='ocrx_word' id='word_1_299' title='bbox 407 1660 429 1692; x_wconf 80' lang='grc'>³,</span> <span class='ocrx_word' id='word_1_300' title='bbox 447 1659 500 1686; x_wconf 88' lang='lat' dir='ltr'><strong>Deo</strong></span> <span class='ocrx_word' id='word_1_301' title='bbox 525 1663 552 1686; x_wconf 89' lang='lat' dir='ltr'><strong>et</strong></span> <span class='ocrx_word' id='word_1_302' title='bbox 577 1659 660 1692; x_wconf 77' lang='lat' dir='ltr'><strong>Patri,</strong></span> <span class='ocrx_word' id='word_1_303' title='bbox 683 1664 711 1685; x_wconf 96' lang='lat' dir='ltr'><strong>ut</strong></span> <span class='ocrx_word' id='word_1_304' title='bbox 727 1659 760 1686; x_wconf 83' lang='lat' dir='ltr'><strong>ad</strong></span> <span class='ocrx_word' id='word_1_305' title='bbox 776 1667 838 1686; x_wconf 89' lang='lat' dir='ltr'><strong>eum</strong></span> <span class='ocrx_word' id='word_1_306' title='bbox 856 1659 962 1686; x_wconf 86' lang='lat' dir='ltr'><strong>modum</strong></span> <span class='ocrx_word' id='word_1_307' title='bbox 978 1660 1014 1686; x_wconf 90' lang='lat' dir='ltr'><strong>sit</strong></span> <span class='ocrx_word' id='word_1_308' title='bbox 1031 1659 1056 1685; x_wconf 94' lang='lat' dir='ltr'><strong>in</strong></span> 
     </span>
    </p>
   </div>
   <div class='ocr_carea' id='block_1_38' title="bbox 278 1704 1056 1740">
    <p class='ocr_par' dir='ltr' id='par_1_38' title="bbox 278 1704 1056 1740">
     <span class='ocr_line' id='line_1_38' title="bbox 278 1704 1056 1740; baseline 0 -8"><span class='ocrx_word' id='word_1_309' title='bbox 278 1715 288 1732; x_wconf 73' lang='grc' dir='ltr'><strong>ι</strong></span> <span class='ocrx_word' id='word_1_310' title='bbox 307 1705 360 1733; x_wconf 90' lang='lat' dir='ltr'><strong>Deo</strong></span> <span class='ocrx_word' id='word_1_311' title='bbox 376 1705 483 1732; x_wconf 88' lang='lat' dir='ltr'><strong>demum</strong></span> <span class='ocrx_word' id='word_1_312' title='bbox 496 1704 625 1736; x_wconf 85' lang='lat' dir='ltr'><strong>Verbum,</strong></span> <span class='ocrx_word' id='word_1_313' title='bbox 638 1712 692 1740; x_wconf 90' lang='lat' dir='ltr'><strong>quo</strong></span> <span class='ocrx_word' id='word_1_314' title='bbox 705 1705 779 1738; x_wconf 89' lang='lat' dir='ltr'><strong>prius</strong></span> <span class='ocrx_word' id='word_1_315' title='bbox 789 1705 852 1732; x_wconf 87' lang='lat' dir='ltr'><strong>olim</strong></span> <span class='ocrx_word' id='word_1_316' title='bbox 869 1704 966 1737; x_wconf 82' lang='lat' dir='ltr'><strong>fuerat,</strong></span> <span class='ocrx_word' id='word_1_317' title='bbox 976 1713 1056 1740; x_wconf 88' lang='lat' dir='ltr'><strong>quam</strong></span> 
     </span>
    </p>
   </div>
   <div class='ocr_carea' id='block_1_39' title="bbox 280 1748 1058 1784">
    <p class='ocr_par' dir='ltr' id='par_1_39' title="bbox 280 1748 1058 1784">
     <span class='ocr_line' id='line_1_39' title="bbox 280 1748 1058 1784; baseline 0.003 -10"><span class='ocrx_word' id='word_1_318' title='bbox 280 1758 288 1774; x_wconf 78' lang='grc' dir='ltr'><strong>ι</strong></span> <span class='ocrx_word' id='word_1_319' title='bbox 310 1750 426 1776; x_wconf 90' lang='lat' dir='ltr'><strong>mundus</strong></span> <span class='ocrx_word' id='word_1_320' title='bbox 443 1754 595 1776; x_wconf 84' lang='lat' dir='ltr'><strong>crearetur.</strong></span> <span class='ocrx_word' id='word_1_321' title='bbox 610 1748 677 1776; x_wconf 84' lang='lat' dir='ltr'><strong>Nam</strong></span> <span class='ocrx_word' id='word_1_322' title='bbox 691 1757 751 1776; x_wconf 80' lang='lat' dir='ltr'><strong>cum</strong></span> <span class='ocrx_word' id='word_1_323' title='bbox 768 1749 842 1784; x_wconf 85' lang='lat' dir='ltr'><strong>prius</strong></span> <span class='ocrx_word' id='word_1_324' title='bbox 863 1749 930 1776; x_wconf 87' lang='lat' dir='ltr'><strong>nihil</strong></span> <span class='ocrx_word' id='word_1_325' title='bbox 948 1757 1058 1784; x_wconf 86' lang='lat' dir='ltr'><strong>prorsus</strong></span> 
     </span>
    </p>
   </div>
   <div class='ocr_carea' id='block_1_40' title="bbox 279 1795 1059 1827">
    <p class='ocr_par' dir='ltr' id='par_1_40' title="bbox 279 1795 1059 1827">
     <span class='ocr_line' id='line_1_40' title="bbox 279 1795 1059 1827; baseline 0.001 -6"><span class='ocrx_word' id='word_1_326' title='bbox 279 1804 288 1820; x_wconf 79' lang='grc' dir='ltr'><strong>ι</strong></span> <span class='ocrx_word' id='word_1_327' title='bbox 307 1800 425 1823; x_wconf 77' lang='lat' dir='ltr'><strong>exstaret</strong></span> <span class='ocrx_word' id='word_1_328' title='bbox 441 1796 491 1822; x_wconf 87' lang='lat' dir='ltr'><strong>nisi</strong></span> <span class='ocrx_word' id='word_1_329' title='bbox 508 1795 582 1823; x_wconf 87' lang='lat' dir='ltr'><strong>solus</strong></span> <span class='ocrx_word' id='word_1_330' title='bbox 597 1795 678 1827; x_wconf 79' lang='lat' dir='ltr'><strong>Deus,</strong></span> <span class='ocrx_word' id='word_1_331' title='bbox 698 1796 838 1823; x_wconf 86' lang='lat' dir='ltr'><strong>condenda</strong></span> <span class='ocrx_word' id='word_1_332' title='bbox 854 1801 943 1824; x_wconf 89' lang='lat' dir='ltr'><strong>autem</strong></span> <span class='ocrx_word' id='word_1_333' title='bbox 968 1802 1059 1823; x_wconf 86' lang='lat' dir='ltr'><strong>essent</strong></span> 
     </span>
    </p>
   </div>
   <div class='ocr_carea' id='block_1_41' title="bbox 280 1841 1060 1877">
    <p class='ocr_par' dir='ltr' id='par_1_41' title="bbox 280 1841 1060 1877">
     <span class='ocr_line' id='line_1_41' title="bbox 280 1841 1060 1877; baseline 0.003 -10"><span class='ocrx_word' id='word_1_334' title='bbox 280 1851 288 1866; x_wconf 83' lang='lat' dir='ltr'><strong>t</strong></span> <span class='ocrx_word' id='word_1_335' title='bbox 307 1843 398 1869; x_wconf 86' lang='lat' dir='ltr'><strong>omnia</strong></span> <span class='ocrx_word' id='word_1_336' title='bbox 417 1849 465 1876; x_wconf 89' lang='lat' dir='ltr'><strong>per</strong></span> <span class='ocrx_word' id='word_1_337' title='bbox 482 1841 612 1875; x_wconf 85' lang='lat' dir='ltr'><strong>Verbum,</strong></span> <span class='ocrx_word' id='word_1_338' title='bbox 633 1842 731 1877; x_wconf 92' lang='lat' dir='ltr'><strong>prodiit</strong></span> <span class='ocrx_word' id='word_1_339' title='bbox 744 1842 861 1869; x_wconf 83' lang='lat' dir='ltr'><strong>Verbum</strong></span> <span class='ocrx_word' id='word_1_340' title='bbox 880 1842 979 1869; x_wconf 85' lang='lat' dir='ltr'><strong>virtute</strong></span> <span class='ocrx_word' id='word_1_341' title='bbox 992 1849 1060 1876; x_wconf 71' lang='lat' dir='ltr'><strong>prte-</strong></span> 
     </span>
    </p>
   </div>
   <div class='ocr_carea' id='block_1_42' title="bbox 279 1887 1057 1922">
    <p class='ocr_par' dir='ltr' id='par_1_42' title="bbox 279 1887 1057 1922">
     <span class='ocr_line' id='line_1_42' title="bbox 279 1887 1057 1922; baseline 0.001 -9"><span class='ocrx_word' id='word_1_342' title='bbox 279 1898 288 1913; x_wconf 82' lang='grc'><strong><em>‹</em></strong></span> <span class='ocrx_word' id='word_1_343' title='bbox 305 1889 392 1914; x_wconf 91' lang='lat' dir='ltr'><strong>ditum</strong></span> <span class='ocrx_word' id='word_1_344' title='bbox 409 1888 562 1922; x_wconf 82' lang='lat' dir='ltr'><strong>operatrice</strong></span> <span class='ocrx_word' id='word_1_345' title='bbox 578 1897 585 1915; x_wconf 93' lang='lat'><strong>:</strong></span> <span class='ocrx_word' id='word_1_346' title='bbox 604 1887 720 1915; x_wconf 87' lang='lat' dir='ltr'><strong>Verbum</strong></span> <span class='ocrx_word' id='word_1_347' title='bbox 738 1888 846 1921; x_wconf 84' lang='lat' dir='ltr'><strong>inquam</strong></span> <span class='ocrx_word' id='word_1_348' title='bbox 863 1888 927 1914; x_wconf 79' lang='lat' dir='ltr'><strong>illud</strong></span> <span class='ocrx_word' id='word_1_349' title='bbox 943 1888 1014 1922; x_wconf 89' lang='lat' dir='ltr'><strong>quod</strong></span> <span class='ocrx_word' id='word_1_350' title='bbox 1032 1888 1057 1914; x_wconf 87' lang='lat' dir='ltr'><strong>itt</strong></span> 
     </span>
    </p>
   </div>
   <div class='ocr_carea' id='block_1_43' title="bbox 279 1933 1057 1960">
    <p class='ocr_par' dir='ltr' id='par_1_43' title="bbox 279 1933 1057 1960">
     <span class='ocr_line' id='line_1_43' title="bbox 279 1933 1057 1960; baseline 0 -2"><span class='ocrx_word' id='word_1_351' title='bbox 279 1942 289 1958; x_wconf 75' lang='grc' dir='ltr'><strong>ι</strong></span> <span class='ocrx_word' id='word_1_352' title='bbox 308 1933 386 1959; x_wconf 80' lang='lat' dir='ltr'><strong>Patre</strong></span> <span class='ocrx_word' id='word_1_353' title='bbox 398 1933 458 1960; x_wconf 84' lang='lat' dir='ltr'><strong>ruit.</strong></span> <span class='ocrx_word' id='word_1_354' title='bbox 479 1945 488 1958; x_wconf 77' lang='grc' dir='ltr'><strong>ι</strong></span> <span class='ocrx_word' id='word_1_355' title='bbox 506 1933 610 1960; x_wconf 81' lang='lat' dir='ltr'><strong>Rursus</strong></span> <span class='ocrx_word' id='word_1_356' title='bbox 639 1938 728 1960; x_wconf 87' lang='lat' dir='ltr'><strong>autem</strong></span> <span class='ocrx_word' id='word_1_357' title='bbox 751 1933 872 1959; x_wconf 81' lang='lat' dir='ltr'><strong>eamdem</strong></span> <span class='ocrx_word' id='word_1_358' title='bbox 895 1933 1057 1960; x_wconf 87' lang='lat' dir='ltr'><strong>sententiam</strong></span> 
     </span>
    </p>
   </div>
   <div class='ocr_carea' id='block_1_44' title="bbox 277 1978 1058 2014">
    <p class='ocr_par' dir='ltr' id='par_1_44' title="bbox 277 1978 1058 2014">
     <span class='ocr_line' id='line_1_44' title="bbox 277 1978 1058 2014; baseline -0.001 -8"><span class='ocrx_word' id='word_1_359' title='bbox 277 1978 437 2013; x_wconf 70' lang='lat' dir='ltr'><strong>explicatius</strong></span> <span class='ocrx_word' id='word_1_360' title='bbox 450 1979 526 2013; x_wconf 88' lang='lat' dir='ltr'><strong>ponit</strong></span> <span class='ocrx_word' id='word_1_361' title='bbox 537 1980 563 2006; x_wconf 91' lang='lat' dir='ltr'><strong>in</strong></span> <span class='ocrx_word' id='word_1_362' title='bbox 576 1979 766 2014; x_wconf 89' lang='lat' dir='ltr'><strong>sequentibus:</strong></span> <span class='ocrx_word' id='word_1_363' title='bbox 778 1978 821 2014; x_wconf 71' lang='grc' dir='ltr'><strong>[Κ.</strong></span> <span class='ocrx_word' id='word_1_364' title='bbox 832 1978 885 2005; x_wconf 86' lang='lat' dir='ltr'><strong>LIV</strong></span> <span class='ocrx_word' id='word_1_365' title='bbox 901 1979 962 2006; x_wconf 88' lang='lat' dir='ltr'><strong>coll.</strong></span> <span class='ocrx_word' id='word_1_366' title='bbox 979 1979 1020 2013; x_wconf 83' lang='lat' dir='ltr'><strong>p.l</strong></span> <span class='ocrx_word' id='word_1_367' title='bbox 1031 1979 1058 2005; x_wconf 86' lang='grc' dir='ltr'><strong><em>Π</em></strong></span> 
     </span>
    </p>
   </div>
   <div class='ocr_carea' id='block_1_45' title="bbox 1071 866 1092 893">
    <p class='ocr_par' dir='ltr' id='par_1_45' title="bbox 1071 866 1092 893">
     <span class='ocr_line' id='line_1_45' title="bbox 1071 866 1092 893; baseline 0 0"><span class='ocrx_word' id='word_1_368' title='bbox 1071 866 1092 893; x_wconf 85' lang='grc' dir='ltr'><strong>Β</strong></span> 
     </span>
    </p>
   </div>
   <div class='ocr_carea' id='block_1_46' title="bbox 1105 284 1889 320">
    <p class='ocr_par' dir='ltr' id='par_1_46' title="bbox 1105 284 1889 320">
     <span class='ocr_line' id='line_1_46' title="bbox 1105 284 1889 320; baseline 0.003 -10"><span class='ocrx_word' id='word_1_369' title='bbox 1105 295 1113 310; x_wconf 77' lang='grc' dir='ltr'><strong>ι</strong></span> <span class='ocrx_word' id='word_1_370' title='bbox 1132 284 1221 316; x_wconf 75' lang='grc' dir='ltr'>ἄλλοις</span> <span class='ocrx_word' id='word_1_371' title='bbox 1232 284 1341 320; x_wconf 84' lang='grc' dir='ltr'>τρόπον·</span> <span class='ocrx_word' id='word_1_372' title='bbox 1362 285 1433 319; x_wconf 87' lang='grc' dir='ltr'>λόγῳ</span> <span class='ocrx_word' id='word_1_373' title='bbox 1447 284 1527 320; x_wconf 80' lang='grc' dir='ltr'>γὰρὴ</span> <span class='ocrx_word' id='word_1_374' title='bbox 1545 286 1621 312; x_wconf 83' lang='grc' dir='ltr'>πᾶσα</span> <span class='ocrx_word' id='word_1_375' title='bbox 1640 285 1746 319; x_wconf 76' lang='grc' dir='ltr'>ἐγένετο</span> <span class='ocrx_word' id='word_1_376' title='bbox 1758 286 1854 318; x_wconf 78' lang='grc' dir='ltr'>κτίσις.</span> <span class='ocrx_word' id='word_1_377' title='bbox 1876 297 1889 312; x_wconf 73' lang='grc' dir='ltr'><strong>ι</strong></span> 
     </span>
    </p>
   </div>
   <div class='ocr_carea' id='block_1_47' title="bbox 1104 330 1894 366">
    <p class='ocr_par' dir='ltr' id='par_1_47' title="bbox 1104 330 1894 366">
     <span class='ocr_line' id='line_1_47' title="bbox 1104 330 1894 366; baseline 0.004 -10"><span class='ocrx_word' id='word_1_378' title='bbox 1104 330 1157 356; x_wconf 75' lang='grc' dir='ltr'><strong>Καὶ</strong></span> <span class='ocrx_word' id='word_1_379' title='bbox 1169 330 1273 362; x_wconf 82' lang='grc' dir='ltr'><strong>τούτοις</strong></span> <span class='ocrx_word' id='word_1_380' title='bbox 1293 330 1352 365; x_wconf 80' lang='grc' dir='ltr'>μεθ’</span> <span class='ocrx_word' id='word_1_381' title='bbox 1366 330 1447 366; x_wconf 70' lang='grc' dir='ltr'>ἔτερα</span> <span class='ocrx_word' id='word_1_382' title='bbox 1463 331 1594 365; x_wconf 70' lang='grc' dir='ltr'>ἐπιλέγει·</span> <span class='ocrx_word' id='word_1_383' title='bbox 1616 340 1625 356; x_wconf 72' lang='grc' dir='ltr'><strong>ι</strong></span> <span class='ocrx_word' id='word_1_384' title='bbox 1645 331 1714 358; x_wconf 74' lang='grc' dir='ltr'>Νυνὶ</span> <span class='ocrx_word' id='word_1_385' title='bbox 1725 331 1754 358; x_wconf 73' lang='grc' dir='ltr'><strong>δὲ</strong></span> <span class='ocrx_word' id='word_1_386' title='bbox 1769 332 1894 359; x_wconf 77' lang='grc' dir='ltr'><strong>πιστεύω</strong></span> 
     </span>
    </p>
   </div>
   <div class='ocr_carea' id='block_1_48' title="bbox 1106 375 1891 411">
    <p class='ocr_par' dir='ltr' id='par_1_48' title="bbox 1106 375 1891 411">
     <span class='ocr_line' id='line_1_48' title="bbox 1106 375 1891 411; baseline 0.003 -9"><span class='ocrx_word' id='word_1_387' title='bbox 1106 386 1115 401; x_wconf 78' lang='grc' dir='ltr'><strong>ι</strong></span> <span class='ocrx_word' id='word_1_388' title='bbox 1134 377 1194 407; x_wconf 83' lang='grc' dir='ltr'>ταῖς</span> <span class='ocrx_word' id='word_1_389' title='bbox 1216 375 1303 407; x_wconf 79' lang='grc' dir='ltr'>θείαις</span> <span class='ocrx_word' id='word_1_390' title='bbox 1331 376 1462 411; x_wconf 81' lang='grc' dir='ltr'>Γραφαῖς,</span> <span class='ocrx_word' id='word_1_391' title='bbox 1487 377 1527 403; x_wconf 81' lang='grc' dir='ltr'>ὅτι</span> <span class='ocrx_word' id='word_1_392' title='bbox 1550 375 1590 408; x_wconf 75' lang='grc' dir='ltr'>εἷς</span> <span class='ocrx_word' id='word_1_393' title='bbox 1605 377 1681 408; x_wconf 81' lang='grc' dir='ltr'>Θεὸς,</span> <span class='ocrx_word' id='word_1_394' title='bbox 1700 377 1746 403; x_wconf 75' lang='grc' dir='ltr'>καὶ</span> <span class='ocrx_word' id='word_1_395' title='bbox 1764 377 1778 402; x_wconf 88' lang='grc' dir='ltr'><strong>ό</strong></span> <span class='ocrx_word' id='word_1_396' title='bbox 1794 377 1891 404; x_wconf 75' lang='grc' dir='ltr'>τούτου</span> 
     </span>
    </p>
   </div>
   <div class='ocr_carea' id='block_1_49' title="bbox 1106 421 1892 458">
    <p class='ocr_par' dir='ltr' id='par_1_49' title="bbox 1106 421 1892 458">
     <span class='ocr_line' id='line_1_49' title="bbox 1106 421 1892 458; baseline 0.004 -11"><span class='ocrx_word' id='word_1_397' title='bbox 1106 431 1115 446; x_wconf 77' lang='grc' dir='ltr'><strong>ε</strong></span> <span class='ocrx_word' id='word_1_398' title='bbox 1133 421 1217 455; x_wconf 82' lang='grc' dir='ltr'>Λόγος</span> <span class='ocrx_word' id='word_1_399' title='bbox 1229 421 1294 454; x_wconf 86' lang='grc' dir='ltr'>Θεὸς</span> <span class='ocrx_word' id='word_1_400' title='bbox 1308 422 1426 457; x_wconf 79' lang='grc' dir='ltr'>προῆλθε</span> <span class='ocrx_word' id='word_1_401' title='bbox 1445 423 1493 458; x_wconf 75' lang='grc' dir='ltr'>μὲν</span> <span class='ocrx_word' id='word_1_402' title='bbox 1509 431 1555 449; x_wconf 83' lang='grc' dir='ltr'><strong>του</strong></span> <span class='ocrx_word' id='word_1_403' title='bbox 1567 422 1683 458; x_wconf 82' lang='grc' dir='ltr'>Πατρὸς,</span> <span class='ocrx_word' id='word_1_404' title='bbox 1699 423 1743 449; x_wconf 83' lang='grc' dir='ltr'>ἶνα</span> <span class='ocrx_word' id='word_1_405' title='bbox 1756 423 1843 450; x_wconf 80' lang='grc' dir='ltr'>πάντα</span> <span class='ocrx_word' id='word_1_406' title='bbox 1855 423 1892 450; x_wconf 81' lang='grc' dir='ltr'><strong>δι’</strong></span> 
     </span>
    </p>
   </div>
   <div class='ocr_carea' id='block_1_50' title="bbox 1106 467 1892 503">
    <p class='ocr_par' dir='ltr' id='par_1_50' title="bbox 1106 467 1892 503">
     <span class='ocr_line' id='line_1_50' title="bbox 1106 467 1892 503; baseline 0.001 -10"><span class='ocrx_word' id='word_1_407' title='bbox 1106 478 1115 492; x_wconf 70' lang='grc' dir='ltr'><strong>ι</strong></span> <span class='ocrx_word' id='word_1_408' title='bbox 1133 467 1214 494; x_wconf 74' lang='grc' dir='ltr'>αὑτοῦ</span> <span class='ocrx_word' id='word_1_409' title='bbox 1237 467 1359 502; x_wconf 84' lang='grc' dir='ltr'>γένηται.</span> <span class='ocrx_word' id='word_1_410' title='bbox 1378 468 1455 494; x_wconf 78' lang='grc' dir='ltr'>Μετὰ</span> <span class='ocrx_word' id='word_1_411' title='bbox 1476 468 1504 494; x_wconf 82' lang='grc' dir='ltr'><strong>δὲ</strong></span> <span class='ocrx_word' id='word_1_412' title='bbox 1522 467 1566 494; x_wconf 81' lang='grc' dir='ltr'><strong>τὸν</strong></span> <span class='ocrx_word' id='word_1_413' title='bbox 1586 468 1679 502; x_wconf 81' lang='grc' dir='ltr'>καιρὸν</span> <span class='ocrx_word' id='word_1_414' title='bbox 1698 467 1748 502; x_wconf 83' lang='grc' dir='ltr'>τῆς</span> <span class='ocrx_word' id='word_1_415' title='bbox 1762 468 1892 503; x_wconf 82' lang='grc' dir='ltr'>κρίσεως,</span> 
     </span>
    </p>
   </div>
   <div class='ocr_carea' id='block_1_51' title="bbox 1107 513 1894 549">
    <p class='ocr_par' dir='ltr' id='par_1_51' title="bbox 1107 513 1894 549">
     <span class='ocr_line' id='line_1_51' title="bbox 1107 513 1894 549; baseline 0 -9"><span class='ocrx_word' id='word_1_416' title='bbox 1107 524 1115 539; x_wconf 80' lang='grc' dir='ltr'><strong>ι</strong></span> <span class='ocrx_word' id='word_1_417' title='bbox 1134 514 1180 540; x_wconf 76' lang='grc' dir='ltr'>καὶ</span> <span class='ocrx_word' id='word_1_418' title='bbox 1192 513 1241 548; x_wconf 82' lang='grc' dir='ltr'>τὴν</span> <span class='ocrx_word' id='word_1_419' title='bbox 1254 513 1308 540; x_wconf 84' lang='grc' dir='ltr'><strong>τῶν</strong></span> <span class='ocrx_word' id='word_1_420' title='bbox 1318 513 1445 540; x_wconf 85' lang='grc' dir='ltr'>ἁπάντων</span> <span class='ocrx_word' id='word_1_421' title='bbox 1455 513 1606 549; x_wconf 79' lang='grc' dir='ltr'><strong>διόρθωσιν,</strong></span> <span class='ocrx_word' id='word_1_422' title='bbox 1624 513 1670 539; x_wconf 66' lang='lat' dir='ltr'><strong>xui.</strong></span> <span class='ocrx_word' id='word_1_423' title='bbox 1681 513 1725 539; x_wconf 86' lang='grc' dir='ltr'><strong>τὸν</strong></span> <span class='ocrx_word' id='word_1_424' title='bbox 1738 513 1894 549; x_wconf 84' lang='grc' dir='ltr'>ἀφανισμὸν</span> 
     </span>
    </p>
   </div>
   <div class='ocr_carea' id='block_1_52' title="bbox 1107 559 1895 595">
    <p class='ocr_par' dir='ltr' id='par_1_52' title="bbox 1107 559 1895 595">
     <span class='ocr_line' id='line_1_52' title="bbox 1107 559 1895 595; baseline 0.001 -10"><span class='ocrx_word' id='word_1_425' title='bbox 1107 569 1115 585; x_wconf 80' lang='grc' dir='ltr'><strong>ι</strong></span> <span class='ocrx_word' id='word_1_426' title='bbox 1134 560 1184 595; x_wconf 88' lang='grc' dir='ltr'>τῆς</span> <span class='ocrx_word' id='word_1_427' title='bbox 1204 559 1397 595; x_wconf 81' lang='grc' dir='ltr'><strong>ἀντικειμένης</strong></span> <span class='ocrx_word' id='word_1_428' title='bbox 1425 559 1535 594; x_wconf 82' lang='grc' dir='ltr'>ἁπάσης</span> <span class='ocrx_word' id='word_1_429' title='bbox 1561 559 1710 594; x_wconf 75' lang='grc' dir='ltr'>ἐνεργείας,</span> <span class='ocrx_word' id='word_1_430' title='bbox 1725 559 1784 585; x_wconf 84' lang='grc' dir='ltr'>τότε</span> <span class='ocrx_word' id='word_1_431' title='bbox 1810 559 1895 592; x_wconf 83' lang='grc' dir='ltr'>αὐτὸς</span> 
     </span>
    </p>
   </div>
   <div class='ocr_carea' id='block_1_53' title="bbox 1107 604 1894 641">
    <p class='ocr_par' dir='ltr' id='par_1_53' title="bbox 1107 604 1894 641">
     <span class='ocr_line' id='line_1_53' title="bbox 1107 604 1894 641; baseline 0.003 -11"><span class='ocrx_word' id='word_1_432' title='bbox 1107 614 1116 630; x_wconf 69' lang='grc' dir='ltr'><strong>ι</strong></span> <span class='ocrx_word' id='word_1_433' title='bbox 1141 605 1341 641; x_wconf 82' lang='grc' dir='ltr'><strong>ὑποταγήσεται</strong></span> <span class='ocrx_word' id='word_1_434' title='bbox 1355 605 1394 640; x_wconf 76' lang='grc' dir='ltr'>τῷ</span> <span class='ocrx_word' id='word_1_435' title='bbox 1414 604 1576 638; x_wconf 76' lang='grc' dir='ltr'>ὑποτάξαντι</span> <span class='ocrx_word' id='word_1_436' title='bbox 1588 604 1662 640; x_wconf 79' lang='grc' dir='ltr'>αὐτῷ</span> <span class='ocrx_word' id='word_1_437' title='bbox 1673 604 1708 631; x_wconf 83' lang='grc' dir='ltr'>τὰ</span> <span class='ocrx_word' id='word_1_438' title='bbox 1724 605 1821 636; x_wconf 80' lang='grc' dir='ltr'>πάντα,</span> <span class='ocrx_word' id='word_1_439' title='bbox 1831 605 1894 641; x_wconf 80' lang='grc' dir='ltr'>Θεῷ</span> 
     </span>
    </p>
   </div>
   <div class='ocr_carea' id='block_1_54' title="bbox 1108 649 1895 687">
    <p class='ocr_par' dir='ltr' id='par_1_54' title="bbox 1108 649 1895 687">
     <span class='ocr_line' id='line_1_54' title="bbox 1108 649 1895 687; baseline -0.001 -9"><span class='ocrx_word' id='word_1_440' title='bbox 1108 661 1116 675; x_wconf 78' lang='grc' dir='ltr'><strong>ι</strong></span> <span class='ocrx_word' id='word_1_441' title='bbox 1135 652 1284 687; x_wconf 79' lang='grc' dir='ltr'>καὶΠατρὶ,</span> <span class='ocrx_word' id='word_1_442' title='bbox 1298 649 1453 687; x_wconf 80' lang='grc' dir='ltr'>ἴν¹οὓτωςῇ</span> <span class='ocrx_word' id='word_1_443' title='bbox 1475 652 1504 678; x_wconf 80' lang='grc' dir='ltr'>ὲν</span> <span class='ocrx_word' id='word_1_444' title='bbox 1521 651 1579 686; x_wconf 81' lang='grc' dir='ltr'>Θεῷ</span> <span class='ocrx_word' id='word_1_445' title='bbox 1592 651 1606 677; x_wconf 81' lang='grc' dir='ltr'>ὁ</span> <span class='ocrx_word' id='word_1_446' title='bbox 1623 651 1718 685; x_wconf 86' lang='grc' dir='ltr'>Λόγος,</span> <span class='ocrx_word' id='word_1_447' title='bbox 1739 651 1832 687; x_wconf 76' lang='grc' dir='ltr'>ὥσπερ</span> <span class='ocrx_word' id='word_1_448' title='bbox 1845 651 1895 678; x_wconf 74' lang='grc' dir='ltr'>καὶ</span> 
     </span>
    </p>
   </div>
   <div class='ocr_carea' id='block_1_55' title="bbox 1108 696 1893 734">
    <p class='ocr_par' dir='ltr' id='par_1_55' title="bbox 1108 696 1893 734">
     <span class='ocr_line' id='line_1_55' title="bbox 1108 696 1893 734; baseline 0.001 -11"><span class='ocrx_word' id='word_1_449' title='bbox 1108 708 1116 723; x_wconf 74' lang='grc' dir='ltr'><strong>ι</strong></span> <span class='ocrx_word' id='word_1_450' title='bbox 1133 699 1263 734; x_wconf 81' lang='grc' dir='ltr'>πρότερον</span> <span class='ocrx_word' id='word_1_451' title='bbox 1276 696 1320 734; x_wconf 85' lang='grc' dir='ltr'>ἦν,</span> <span class='ocrx_word' id='word_1_452' title='bbox 1336 698 1389 734; x_wconf 86' lang='grc' dir='ltr'><strong>πρὸ</strong></span> <span class='ocrx_word' id='word_1_453' title='bbox 1401 698 1448 724; x_wconf 80' lang='grc' dir='ltr'>τοῦ</span> <span class='ocrx_word' id='word_1_454' title='bbox 1457 698 1502 724; x_wconf 82' lang='grc' dir='ltr'><strong>τὸν</strong></span> <span class='ocrx_word' id='word_1_455' title='bbox 1518 698 1618 733; x_wconf 78' lang='grc' dir='ltr'>κόσμον</span> <span class='ocrx_word' id='word_1_456' title='bbox 1632 697 1827 730; x_wconf 80' lang='grc' dir='ltr'>εἷναι.οὺδενὸς</span> <span class='ocrx_word' id='word_1_457' title='bbox 1837 698 1893 733; x_wconf 76' lang='grc' dir='ltr'><strong>γὰρ</strong></span> 
     </span>
    </p>
   </div>
   <div class='ocr_carea' id='block_1_56' title="bbox 1108 742 1893 780">
    <p class='ocr_par' dir='ltr' id='par_1_56' title="bbox 1108 742 1893 780">
     <span class='ocr_line' id='line_1_56' title="bbox 1108 742 1893 780; baseline 0 -11"><span class='ocrx_word' id='word_1_458' title='bbox 1108 754 1116 769; x_wconf 80' lang='grc' dir='ltr'><strong>ι</strong></span> <span class='ocrx_word' id='word_1_459' title='bbox 1133 744 1208 776; x_wconf 72' lang='grc' dir='ltr'>ὄντος</span> <span class='ocrx_word' id='word_1_460' title='bbox 1235 744 1367 780; x_wconf 79' lang='grc' dir='ltr'>πρότερον</span> <span class='ocrx_word' id='word_1_461' title='bbox 1387 744 1403 779; x_wconf 80' lang='grc' dir='ltr'>ἢ</span> <span class='ocrx_word' id='word_1_462' title='bbox 1421 744 1488 770; x_wconf 83' lang='grc' dir='ltr'>Θεοῦ</span> <span class='ocrx_word' id='word_1_463' title='bbox 1503 744 1593 779; x_wconf 81' lang='grc' dir='ltr'>μόνου,</span> <span class='ocrx_word' id='word_1_464' title='bbox 1611 745 1718 771; x_wconf 83' lang='grc' dir='ltr'>πάντων</span> <span class='ocrx_word' id='word_1_465' title='bbox 1730 744 1758 770; x_wconf 81' lang='grc' dir='ltr'><strong>δὲ</strong></span> <span class='ocrx_word' id='word_1_466' title='bbox 1780 743 1824 770; x_wconf 83' lang='grc' dir='ltr'>διὰ</span> <span class='ocrx_word' id='word_1_467' title='bbox 1843 742 1893 770; x_wconf 79' lang='grc' dir='ltr'><strong>τοῦ</strong></span> 
     </span>
    </p>
   </div>
   <div class='ocr_carea' id='block_1_57' title="bbox 1108 786 1895 825">
    <p class='ocr_par' dir='ltr' id='par_1_57' title="bbox 1108 786 1895 825">
     <span class='ocr_line' id='line_1_57' title="bbox 1108 786 1895 825; baseline 0 -10"><span class='ocrx_word' id='word_1_468' title='bbox 1108 799 1118 815; x_wconf 73' lang='grc' dir='ltr'><strong>ε</strong></span> <span class='ocrx_word' id='word_1_469' title='bbox 1137 786 1221 824; x_wconf 80' lang='grc' dir='ltr'>Λόγου</span> <span class='ocrx_word' id='word_1_470' title='bbox 1233 789 1372 823; x_wconf 80' lang='grc' dir='ltr'>γίγνεσθαι</span> <span class='ocrx_word' id='word_1_471' title='bbox 1391 790 1549 825; x_wconf 83' lang='grc' dir='ltr'>μελλόντων,</span> <span class='ocrx_word' id='word_1_472' title='bbox 1564 789 1698 824; x_wconf 78' lang='grc' dir='ltr'>προῆλθεν</span> <span class='ocrx_word' id='word_1_473' title='bbox 1711 790 1725 815; x_wconf 83' lang='grc' dir='ltr'><strong>ό</strong></span> <span class='ocrx_word' id='word_1_474' title='bbox 1735 789 1820 823; x_wconf 85' lang='grc' dir='ltr'>Λόγος</span> <span class='ocrx_word' id='word_1_475' title='bbox 1827 789 1895 824; x_wconf 85' lang='grc' dir='ltr'>δρα-</span> 
     </span>
    </p>
   </div>
   <div class='ocr_carea' id='block_1_58' title="bbox 1110 831 1891 872">
    <p class='ocr_par' dir='ltr' id='par_1_58' title="bbox 1110 831 1891 872">
     <span class='ocr_line' id='line_1_58' title="bbox 1110 831 1891 872; baseline -0.004 -9"><span class='ocrx_word' id='word_1_476' title='bbox 1110 847 1118 862; x_wconf 82' lang='grc' dir='ltr'><strong>ι</strong></span> <span class='ocrx_word' id='word_1_477' title='bbox 1140 838 1217 872; x_wconf 77' lang='grc' dir='ltr'>στικῇ</span> <span class='ocrx_word' id='word_1_478' title='bbox 1244 836 1378 872; x_wconf 75' lang='grc' dir='ltr'>ἐνεργείᾳ,</span> <span class='ocrx_word' id='word_1_479' title='bbox 1402 837 1416 862; x_wconf 88' lang='grc' dir='ltr'><strong>ό</strong></span> <span class='ocrx_word' id='word_1_480' title='bbox 1436 835 1521 869; x_wconf 89' lang='grc' dir='ltr'>Λὸγος</span> <span class='ocrx_word' id='word_1_481' title='bbox 1538 831 1614 866; x_wconf 79' lang='grc' dir='ltr'>οὗτος</span> <span class='ocrx_word' id='word_1_482' title='bbox 1628 834 1675 861; x_wconf 83' lang='grc' dir='ltr'>τοῦ</span> <span class='ocrx_word' id='word_1_483' title='bbox 1694 835 1799 870; x_wconf 83' lang='grc' dir='ltr'>Πατρὸς</span> <span class='ocrx_word' id='word_1_484' title='bbox 1812 834 1860 861; x_wconf 79' lang='grc' dir='ltr'><strong>ὢν.</strong></span> <span class='ocrx_word' id='word_1_485' title='bbox 1881 844 1891 860; x_wconf 77' lang='grc' dir='ltr'><strong>ι</strong></span> 
     </span>
    </p>
   </div>
   <div class='ocr_carea' id='block_1_59' title="bbox 1107 879 1895 916">
    <p class='ocr_par' dir='ltr' id='par_1_59' title="bbox 1107 879 1895 916">
     <span class='ocr_line' id='line_1_59' title="bbox 1107 879 1895 916; baseline -0.003 -8"><span class='ocrx_word' id='word_1_486' title='bbox 1107 883 1161 908; x_wconf 74' lang='grc' dir='ltr'><strong>Καὶ</strong></span> <span class='ocrx_word' id='word_1_487' title='bbox 1185 882 1266 908; x_wconf 78' lang='grc' dir='ltr'>πάλιν</span> <span class='ocrx_word' id='word_1_488' title='bbox 1278 882 1326 916; x_wconf 83' lang='grc' dir='ltr'>τὴν</span> <span class='ocrx_word' id='word_1_489' title='bbox 1344 880 1426 916; x_wconf 83' lang='grc' dir='ltr'>αὐτὴν</span> <span class='ocrx_word' id='word_1_490' title='bbox 1441 880 1558 907; x_wconf 80' lang='grc' dir='ltr'>διάνοιαν</span> <span class='ocrx_word' id='word_1_491' title='bbox 1569 879 1730 914; x_wconf 81' lang='grc' dir='ltr'>λευκότερον</span> <span class='ocrx_word' id='word_1_492' title='bbox 1744 879 1835 915; x_wconf 84' lang='grc' dir='ltr'>τίθησι</span> <span class='ocrx_word' id='word_1_493' title='bbox 1848 879 1895 906; x_wconf 82' lang='grc' dir='ltr'><strong>λέ-</strong></span> 
     </span>
    </p>
   </div>
   <div class='ocr_carea' id='block_1_60' title="bbox 1106 922 1896 961">
    <p class='ocr_par' dir='ltr' id='par_1_60' title="bbox 1106 922 1896 961">
     <span class='ocr_line' id='line_1_60' title="bbox 1106 922 1896 961; baseline -0.003 -9"><span class='ocrx_word' id='word_1_494' title='bbox 1106 935 1171 960; x_wconf 87' lang='grc' dir='ltr'>γων·</span> <span class='ocrx_word' id='word_1_495' title='bbox 1185 926 1240 961; x_wconf 88' lang='grc' dir='ltr'>Πρὸ</span> <span class='ocrx_word' id='word_1_496' title='bbox 1254 926 1308 961; x_wconf 80' lang='grc' dir='ltr'><strong>γὰρ</strong></span> <span class='ocrx_word' id='word_1_497' title='bbox 1322 925 1369 952; x_wconf 80' lang='grc' dir='ltr'>τοῦ</span> <span class='ocrx_word' id='word_1_498' title='bbox 1377 926 1422 951; x_wconf 90' lang='grc' dir='ltr'><strong>τὸν</strong></span> <span class='ocrx_word' id='word_1_499' title='bbox 1437 925 1537 960; x_wconf 78' lang='grc' dir='ltr'>κόσμον</span> <span class='ocrx_word' id='word_1_500' title='bbox 1551 922 1631 956; x_wconf 79' lang='grc' dir='ltr'>εἶναι,</span> <span class='ocrx_word' id='word_1_501' title='bbox 1648 922 1682 959; x_wconf 80' lang='grc' dir='ltr'>ἦν</span> <span class='ocrx_word' id='word_1_502' title='bbox 1691 926 1705 951; x_wconf 88' lang='grc' dir='ltr'><strong>ό</strong></span> <span class='ocrx_word' id='word_1_503' title='bbox 1717 924 1802 959; x_wconf 85' lang='grc' dir='ltr'>Λόγος</span> <span class='ocrx_word' id='word_1_504' title='bbox 1817 925 1847 951; x_wconf 84' lang='grc' dir='ltr'>ἐν</span> <span class='ocrx_word' id='word_1_505' title='bbox 1855 933 1896 959; x_wconf 85' lang='grc' dir='ltr'><strong>τῳ</strong></span> 
     </span>
    </p>
   </div>
   <div class='ocr_carea' id='block_1_61' title="bbox 1110 970 1895 1007">
    <p class='ocr_par' dir='ltr' id='par_1_61' title="bbox 1110 970 1895 1007">
     <span class='ocr_line' id='line_1_61' title="bbox 1110 970 1895 1007; baseline -0.003 -9"><span class='ocrx_word' id='word_1_506' title='bbox 1110 982 1118 997; x_wconf 84' lang='grc' dir='ltr'><strong>ι</strong></span> <span class='ocrx_word' id='word_1_507' title='bbox 1132 973 1228 1007; x_wconf 86' lang='grc' dir='ltr'>Πατρί.</span> <span class='ocrx_word' id='word_1_508' title='bbox 1243 973 1306 998; x_wconf 77' lang='grc' dir='ltr'><strong>Ὅτε</strong></span> <span class='ocrx_word' id='word_1_509' title='bbox 1321 972 1348 998; x_wconf 82' lang='grc' dir='ltr'><strong>δὲ</strong></span> <span class='ocrx_word' id='word_1_510' title='bbox 1359 972 1373 997; x_wconf 86' lang='grc' dir='ltr'><strong>ό</strong></span> <span class='ocrx_word' id='word_1_511' title='bbox 1387 971 1452 1002; x_wconf 80' lang='grc' dir='ltr'>Θεὸς</span> <span class='ocrx_word' id='word_1_512' title='bbox 1461 970 1657 1005; x_wconf 77' lang='grc' dir='ltr'>παντοκράτωρ</span> <span class='ocrx_word' id='word_1_513' title='bbox 1669 970 1757 997; x_wconf 86' lang='grc' dir='ltr'>πάντα</span> <span class='ocrx_word' id='word_1_514' title='bbox 1765 970 1799 997; x_wconf 77' lang='grc' dir='ltr'>τὰ</span> <span class='ocrx_word' id='word_1_515' title='bbox 1811 971 1840 996; x_wconf 82' lang='grc' dir='ltr'>ὲν</span> <span class='ocrx_word' id='word_1_516' title='bbox 1850 971 1895 996; x_wconf 76' lang='grc' dir='ltr'><strong>οὺ-</strong></span> 
     </span>
    </p>
   </div>
   <div class='ocr_carea' id='block_1_62' title="bbox 1109 1015 1895 1052">
    <p class='ocr_par' dir='ltr' id='par_1_62' title="bbox 1109 1015 1895 1052">
     <span class='ocr_line' id='line_1_62' title="bbox 1109 1015 1895 1052; baseline -0.004 -8"><span class='ocrx_word' id='word_1_517' title='bbox 1109 1028 1117 1043; x_wconf 77' lang='grc' dir='ltr'><strong>ι</strong></span> <span class='ocrx_word' id='word_1_518' title='bbox 1136 1019 1225 1052; x_wconf 82' lang='grc' dir='ltr'>ρανοίς</span> <span class='ocrx_word' id='word_1_519' title='bbox 1242 1017 1289 1044; x_wconf 71' lang='grc' dir='ltr'><strong>καὶ</strong></span> <span class='ocrx_word' id='word_1_520' title='bbox 1310 1017 1356 1043; x_wconf 71' lang='grc' dir='ltr'><strong>ἐπὶ</strong></span> <span class='ocrx_word' id='word_1_521' title='bbox 1372 1017 1423 1051; x_wconf 83' lang='grc' dir='ltr'>γῆς</span> <span class='ocrx_word' id='word_1_522' title='bbox 1442 1015 1574 1050; x_wconf 70' lang='grc' dir='ltr'>προῦθετο</span> <span class='ocrx_word' id='word_1_523' title='bbox 1596 1015 1718 1050; x_wconf 76' lang='grc' dir='ltr'>ποιῆσαι,</span> <span class='ocrx_word' id='word_1_524' title='bbox 1731 1016 1895 1051; x_wconf 81' lang='grc' dir='ltr'>ὲνεργείαςή</span> 
     </span>
    </p>
   </div>
   <div class='ocr_carea' id='block_1_63' title="bbox 1109 1061 1895 1098">
    <p class='ocr_par' dir='ltr' id='par_1_63' title="bbox 1109 1061 1895 1098">
     <span class='ocr_line' id='line_1_63' title="bbox 1109 1061 1895 1098; baseline -0.004 -8"><span class='ocrx_word' id='word_1_525' title='bbox 1109 1074 1118 1090; x_wconf 78' lang='grc' dir='ltr'><strong>ι</strong></span> <span class='ocrx_word' id='word_1_526' title='bbox 1136 1063 1183 1090; x_wconf 74' lang='grc' dir='ltr'>τοῦ</span> <span class='ocrx_word' id='word_1_527' title='bbox 1195 1063 1296 1098; x_wconf 86' lang='grc' dir='ltr'>κόσμου</span> <span class='ocrx_word' id='word_1_528' title='bbox 1311 1062 1417 1096; x_wconf 81' lang='grc' dir='ltr'>γένεσις</span> <span class='ocrx_word' id='word_1_529' title='bbox 1433 1062 1515 1088; x_wconf 75' lang='grc' dir='ltr'>ἐδεῖτο</span> <span class='ocrx_word' id='word_1_530' title='bbox 1528 1061 1685 1097; x_wconf 69' lang='grc' dir='ltr'>δραστικῆςθ</span> <span class='ocrx_word' id='word_1_531' title='bbox 1695 1061 1741 1088; x_wconf 73' lang='grc' dir='ltr'>καὶ</span> <span class='ocrx_word' id='word_1_532' title='bbox 1751 1061 1795 1088; x_wconf 84' lang='grc' dir='ltr'>διὰ</span> <span class='ocrx_word' id='word_1_533' title='bbox 1805 1061 1895 1092; x_wconf 71' lang='grc' dir='ltr'>τοῦτο,</span> 
     </span>
    </p>
   </div>
   <div class='ocr_carea' id='block_1_64' title="bbox 1111 1106 1896 1145">
    <p class='ocr_par' dir='ltr' id='par_1_64' title="bbox 1111 1106 1896 1145">
     <span class='ocr_line' id='line_1_64' title="bbox 1111 1106 1896 1145; baseline -0.001 -10"><span class='ocrx_word' id='word_1_534' title='bbox 1111 1119 1119 1135; x_wconf 82' lang='grc' dir='ltr'><strong>ι</strong></span> <span class='ocrx_word' id='word_1_535' title='bbox 1135 1109 1247 1145; x_wconf 79' lang='grc' dir='ltr'>μηδενὸς</span> <span class='ocrx_word' id='word_1_536' title='bbox 1262 1109 1337 1139; x_wconf 83' lang='grc' dir='ltr'>όντος</span> <span class='ocrx_word' id='word_1_537' title='bbox 1358 1107 1450 1143; x_wconf 78' lang='grc' dir='ltr'>ἑτέρου</span> <span class='ocrx_word' id='word_1_538' title='bbox 1477 1107 1545 1142; x_wconf 78' lang='grc' dir='ltr'>πλὴν</span> <span class='ocrx_word' id='word_1_539' title='bbox 1568 1107 1614 1134; x_wconf 87' lang='grc' dir='ltr'>τοῦ</span> <span class='ocrx_word' id='word_1_540' title='bbox 1628 1106 1818 1142; x_wconf 83' lang='grc' dir='ltr'>Θεοῦ,(πάντα</span> <span class='ocrx_word' id='word_1_541' title='bbox 1841 1107 1896 1143; x_wconf 83' lang='grc' dir='ltr'><strong>γὰρ</strong></span> 
     </span>
    </p>
   </div>
   <div class='ocr_carea' id='block_1_65' title="bbox 1110 1152 1897 1189">
    <p class='ocr_par' dir='ltr' id='par_1_65' title="bbox 1110 1152 1897 1189">
     <span class='ocr_line' id='line_1_65' title="bbox 1110 1152 1897 1189; baseline 0 -9"><span class='ocrx_word' id='word_1_542' title='bbox 1110 1165 1117 1179; x_wconf 80' lang='grc' dir='ltr'><strong>ι</strong></span> <span class='ocrx_word' id='word_1_543' title='bbox 1135 1154 1304 1189; x_wconf 79' lang='grc' dir='ltr'>ὁμολογεῖται</span> <span class='ocrx_word' id='word_1_544' title='bbox 1326 1154 1371 1179; x_wconf 77' lang='grc' dir='ltr'><strong>ὑπ’</strong></span> <span class='ocrx_word' id='word_1_545' title='bbox 1390 1152 1472 1180; x_wconf 80' lang='grc' dir='ltr'>αὑτοῦ</span> <span class='ocrx_word' id='word_1_546' title='bbox 1494 1152 1694 1188; x_wconf 84' lang='grc' dir='ltr'>γεγεννῆσθαι).</span> <span class='ocrx_word' id='word_1_547' title='bbox 1708 1153 1767 1179; x_wconf 80' lang='grc' dir='ltr'>τότε</span> <span class='ocrx_word' id='word_1_548' title='bbox 1780 1154 1795 1180; x_wconf 84' lang='grc' dir='ltr'><strong>ό</strong></span> <span class='ocrx_word' id='word_1_549' title='bbox 1810 1153 1897 1187; x_wconf 82' lang='grc' dir='ltr'>Λόγος</span> 
     </span>
    </p>
   </div>
   <div class='ocr_carea' id='block_1_66' title="bbox 1110 1198 1898 1236">
    <p class='ocr_par' dir='ltr' id='par_1_66' title="bbox 1110 1198 1898 1236">
     <span class='ocr_line' id='line_1_66' title="bbox 1110 1198 1898 1236; baseline 0 -10"><span class='ocrx_word' id='word_1_550' title='bbox 1110 1212 1117 1226; x_wconf 77' lang='grc' dir='ltr'><strong>ι</strong></span> <span class='ocrx_word' id='word_1_551' title='bbox 1135 1199 1271 1236; x_wconf 81' lang='grc' dir='ltr'>προελθὼν</span> <span class='ocrx_word' id='word_1_552' title='bbox 1280 1199 1383 1234; x_wconf 78' lang='grc' dir='ltr'>ἐγίνετο</span> <span class='ocrx_word' id='word_1_553' title='bbox 1396 1199 1442 1225; x_wconf 87' lang='grc' dir='ltr'>τοῦ</span> <span class='ocrx_word' id='word_1_554' title='bbox 1455 1200 1558 1233; x_wconf 82' lang='grc' dir='ltr'>κόσμου</span> <span class='ocrx_word' id='word_1_555' title='bbox 1575 1198 1699 1234; x_wconf 76' lang='grc' dir='ltr'>ποιητὴς,</span> <span class='ocrx_word' id='word_1_556' title='bbox 1711 1199 1725 1225; x_wconf 81' lang='grc' dir='ltr'><strong>ὃ</strong></span> <span class='ocrx_word' id='word_1_557' title='bbox 1738 1199 1784 1226; x_wconf 75' lang='grc' dir='ltr'>καὶ</span> <span class='ocrx_word' id='word_1_558' title='bbox 1801 1199 1898 1235; x_wconf 77' lang='grc' dir='ltr'>πρότε-</span> 
     </span>
    </p>
   </div>
   <div class='ocr_carea' id='block_1_67' title="bbox 1110 1242 1898 1282">
    <p class='ocr_par' dir='ltr' id='par_1_67' title="bbox 1110 1242 1898 1282">
     <span class='ocr_line' id='line_1_67' title="bbox 1110 1242 1898 1282; baseline -0.004 -9"><span class='ocrx_word' id='word_1_559' title='bbox 1110 1257 1118 1272; x_wconf 75' lang='grc' dir='ltr'><strong>ι</strong></span> <span class='ocrx_word' id='word_1_560' title='bbox 1135 1255 1178 1282; x_wconf 88' lang='grc' dir='ltr'><strong>ρον</strong></span> <span class='ocrx_word' id='word_1_561' title='bbox 1190 1246 1262 1273; x_wconf 76' lang='grc' dir='ltr'>ἔνδον</span> <span class='ocrx_word' id='word_1_562' title='bbox 1278 1245 1379 1280; x_wconf 86' lang='grc' dir='ltr'>νοητῶς</span> <span class='ocrx_word' id='word_1_563' title='bbox 1395 1245 1534 1280; x_wconf 76' lang='grc' dir='ltr'>ὀνομάζων</span> <span class='ocrx_word' id='word_1_564' title='bbox 1546 1245 1652 1271; x_wconf 75' lang='grc' dir='ltr'>αὐτόν.»</span> <span class='ocrx_word' id='word_1_565' title='bbox 1666 1244 1720 1271; x_wconf 73' lang='grc' dir='ltr'><strong>Καὶ</strong></span> <span class='ocrx_word' id='word_1_566' title='bbox 1732 1242 1811 1276; x_wconf 82' lang='grc' dir='ltr'>αὖθις</span> <span class='ocrx_word' id='word_1_567' title='bbox 1829 1244 1898 1279; x_wconf 73' lang='grc' dir='ltr'>μετὰ</span> 
     </span>
    </p>
   </div>
   <div class='ocr_carea' id='block_1_68' title="bbox 1108 1289 1897 1326">
    <p class='ocr_par' dir='ltr' id='par_1_68' title="bbox 1108 1289 1897 1326">
     <span class='ocr_line' id='line_1_68' title="bbox 1108 1289 1897 1326; baseline -0.001 -7"><span class='ocrx_word' id='word_1_568' title='bbox 1108 1293 1194 1319; x_wconf 80' lang='grc' dir='ltr'>πάντα</span> <span class='ocrx_word' id='word_1_569' title='bbox 1203 1291 1327 1326; x_wconf 79' lang='grc' dir='ltr'>ἐπιφέρει</span> <span class='ocrx_word' id='word_1_570' title='bbox 1341 1291 1436 1325; x_wconf 82' lang='grc' dir='ltr'>λέγων·</span> <span class='ocrx_word' id='word_1_571' title='bbox 1448 1300 1457 1315; x_wconf 75' lang='grc' dir='ltr'><strong>ι</strong></span> <span class='ocrx_word' id='word_1_572' title='bbox 1471 1291 1524 1317; x_wconf 79' lang='grc' dir='ltr'><strong>Καὶ</strong></span> <span class='ocrx_word' id='word_1_573' title='bbox 1534 1290 1577 1316; x_wconf 83' lang='grc' dir='ltr'>διὰ</span> <span class='ocrx_word' id='word_1_574' title='bbox 1587 1289 1665 1316; x_wconf 81' lang='grc' dir='ltr'>τοῦτο</span> <span class='ocrx_word' id='word_1_575' title='bbox 1678 1290 1727 1325; x_wconf 78' lang='grc' dir='ltr'><strong>οὐχ</strong></span> <span class='ocrx_word' id='word_1_576' title='bbox 1740 1290 1809 1317; x_wconf 65' lang='lat' dir='ltr'><strong>Flor</strong></span> <span class='ocrx_word' id='word_1_577' title='bbox 1823 1291 1897 1318; x_wconf 85' lang='grc' dir='ltr'>Θεοῦ</span> 
     </span>
    </p>
   </div>
   <div class='ocr_carea' id='block_1_69' title="bbox 1110 1336 1898 1373">
    <p class='ocr_par' dir='ltr' id='par_1_69' title="bbox 1110 1336 1898 1373">
     <span class='ocr_line' id='line_1_69' title="bbox 1110 1336 1898 1373; baseline 0 -9"><span class='ocrx_word' id='word_1_578' title='bbox 1110 1349 1119 1364; x_wconf 86' lang='grc'><strong><em>‹</em></strong></span> <span class='ocrx_word' id='word_1_579' title='bbox 1131 1339 1225 1366; x_wconf 80' lang='grc' dir='ltr'>ἑαυτὸν</span> <span class='ocrx_word' id='word_1_580' title='bbox 1232 1337 1369 1373; x_wconf 78' lang='grc' dir='ltr'>ὀνομάζει,</span> <span class='ocrx_word' id='word_1_581' title='bbox 1379 1337 1435 1364; x_wconf 81' lang='grc' dir='ltr'>ἀλλ’</span> <span class='ocrx_word' id='word_1_582' title='bbox 1445 1336 1655 1371; x_wconf 66' lang='grc' dir='ltr'>ἀνθρωπονιῖνα</span> <span class='ocrx_word' id='word_1_583' title='bbox 1662 1336 1706 1363; x_wconf 76' lang='grc' dir='ltr'>διὰ</span> <span class='ocrx_word' id='word_1_584' title='bbox 1714 1336 1763 1372; x_wconf 84' lang='grc' dir='ltr'>τῆς</span> <span class='ocrx_word' id='word_1_585' title='bbox 1770 1336 1898 1373; x_wconf 81' lang='grc' dir='ltr'>τοιαύτης</span> 
     </span>
    </p>
   </div>
   <div class='ocr_carea' id='block_1_70' title="bbox 1111 1382 1898 1420">
    <p class='ocr_par' dir='ltr' id='par_1_70' title="bbox 1111 1382 1898 1420">
     <span class='ocr_line' id='line_1_70' title="bbox 1111 1382 1898 1420; baseline 0.001 -11"><span class='ocrx_word' id='word_1_586' title='bbox 1111 1395 1118 1409; x_wconf 80' lang='grc' dir='ltr'><strong>ι</strong></span> <span class='ocrx_word' id='word_1_587' title='bbox 1131 1384 1273 1420; x_wconf 76' lang='grc' dir='ltr'>ὁμολογίας</span> <span class='ocrx_word' id='word_1_588' title='bbox 1293 1383 1366 1410; x_wconf 82' lang='grc' dir='ltr'>θέσει</span> <span class='ocrx_word' id='word_1_589' title='bbox 1390 1382 1434 1409; x_wconf 87' lang='grc' dir='ltr'><strong>τὸν</strong></span> <span class='ocrx_word' id='word_1_590' title='bbox 1457 1382 1599 1418; x_wconf 74' lang='grc' dir='ltr'>ἄνθρωπον</span> <span class='ocrx_word' id='word_1_591' title='bbox 1608 1382 1651 1409; x_wconf 84' lang='grc' dir='ltr'>διὰ</span> <span class='ocrx_word' id='word_1_592' title='bbox 1670 1382 1718 1418; x_wconf 84' lang='grc' dir='ltr'>τὴν</span> <span class='ocrx_word' id='word_1_593' title='bbox 1734 1383 1801 1418; x_wconf 71' lang='grc' dir='ltr'>πρὸς</span> <span class='ocrx_word' id='word_1_594' title='bbox 1817 1383 1898 1410; x_wconf 68' lang='grc' dir='ltr'>αὐτὸν</span> 
     </span>
    </p>
   </div>
   <div class='ocr_carea' id='block_1_71' title="bbox 1111 1428 1898 1466">
    <p class='ocr_par' dir='ltr' id='par_1_71' title="bbox 1111 1428 1898 1466">
     <span class='ocr_line' id='line_1_71' title="bbox 1111 1428 1898 1466; baseline -0.003 -9"><span class='ocrx_word' id='word_1_595' title='bbox 1111 1442 1119 1457; x_wconf 82' lang='grc' dir='ltr'><strong>ι</strong></span> <span class='ocrx_word' id='word_1_596' title='bbox 1132 1431 1273 1458; x_wconf 86' lang='grc' dir='ltr'>κοινωνίαν</span> <span class='ocrx_word' id='word_1_597' title='bbox 1284 1430 1341 1456; x_wconf 79' lang='grc' dir='ltr'>υἱὸν</span> <span class='ocrx_word' id='word_1_598' title='bbox 1352 1429 1419 1456; x_wconf 78' lang='grc' dir='ltr'>Θεοῦ</span> <span class='ocrx_word' id='word_1_599' title='bbox 1429 1428 1554 1463; x_wconf 79' lang='grc' dir='ltr'>γενέσθαι</span> <span class='ocrx_word' id='word_1_600' title='bbox 1562 1429 1768 1466; x_wconf 69' lang='grc' dir='ltr'>παρασκευάσῃ*</span> <span class='ocrx_word' id='word_1_601' title='bbox 1778 1429 1824 1456; x_wconf 75' lang='grc' dir='ltr'>καὶ</span> <span class='ocrx_word' id='word_1_602' title='bbox 1831 1430 1898 1465; x_wconf 80' lang='grc' dir='ltr'>μετὰ</span> 
     </span>
    </p>
   </div>
   <div class='ocr_carea' id='block_1_72' title="bbox 1111 1473 1898 1511">
    <p class='ocr_par' dir='ltr' id='par_1_72' title="bbox 1111 1473 1898 1511">
     <span class='ocr_line' id='line_1_72' title="bbox 1111 1473 1898 1511; baseline -0.001 -8"><span class='ocrx_word' id='word_1_603' title='bbox 1111 1488 1119 1502; x_wconf 78' lang='grc' dir='ltr'><strong>ι</strong></span> <span class='ocrx_word' id='word_1_604' title='bbox 1132 1477 1163 1503; x_wconf 88' lang='grc' dir='ltr'><strong>τὸ</strong></span> <span class='ocrx_word' id='word_1_605' title='bbox 1184 1476 1259 1507; x_wconf 81' lang='grc' dir='ltr'>τέλος</span> <span class='ocrx_word' id='word_1_606' title='bbox 1275 1476 1325 1511; x_wconf 83' lang='grc' dir='ltr'>τῆς</span> <span class='ocrx_word' id='word_1_607' title='bbox 1350 1474 1474 1510; x_wconf 78' lang='grc' dir='ltr'>πράξεως</span> <span class='ocrx_word' id='word_1_608' title='bbox 1489 1473 1577 1506; x_wconf 83' lang='grc' dir='ltr'>αὖθις,</span> <span class='ocrx_word' id='word_1_609' title='bbox 1593 1475 1630 1506; x_wconf 82' lang='grc' dir='ltr'>ὡς</span> <span class='ocrx_word' id='word_1_610' title='bbox 1655 1475 1744 1509; x_wconf 85' lang='grc' dir='ltr'>λόγος,</span> <span class='ocrx_word' id='word_1_611' title='bbox 1759 1475 1845 1511; x_wconf 69' lang='grc' dir='ltr'>ἑνωθῇ</span> <span class='ocrx_word' id='word_1_612' title='bbox 1860 1475 1898 1510; x_wconf 83' lang='grc' dir='ltr'>τῷ</span> 
     </span>
    </p>
   </div>
   <div class='ocr_carea' id='block_1_73' title="bbox 1111 1520 1899 1558">
    <p class='ocr_par' dir='ltr' id='par_1_73' title="bbox 1111 1520 1899 1558">
     <span class='ocr_line' id='line_1_73' title="bbox 1111 1520 1899 1558; baseline -0.001 -9"><span class='ocrx_word' id='word_1_613' title='bbox 1111 1533 1120 1548; x_wconf 76' lang='grc' dir='ltr'><strong>ι</strong></span> <span class='ocrx_word' id='word_1_614' title='bbox 1131 1521 1314 1557; x_wconf 82' lang='grc' dir='ltr'>Θεῷ,πληρῶν</span> <span class='ocrx_word' id='word_1_615' title='bbox 1322 1521 1408 1548; x_wconf 76' lang='grc' dir='ltr'>ἐκεῖνο</span> <span class='ocrx_word' id='word_1_616' title='bbox 1415 1521 1445 1547; x_wconf 90' lang='grc' dir='ltr'><strong>τὸ</strong></span> <span class='ocrx_word' id='word_1_617' title='bbox 1452 1520 1504 1547; x_wconf 76' lang='grc' dir='ltr'><strong>ὑπὸ</strong></span> <span class='ocrx_word' id='word_1_618' title='bbox 1511 1520 1557 1547; x_wconf 79' lang='grc' dir='ltr'>τοῦ</span> <span class='ocrx_word' id='word_1_619' title='bbox 1566 1521 1726 1548; x_wconf 78' lang='grc' dir='ltr'>Ἀποστόλου</span> <span class='ocrx_word' id='word_1_620' title='bbox 1735 1522 1899 1558; x_wconf 76' lang='grc' dir='ltr'>προειρημέ-</span> 
     </span>
    </p>
   </div>
   <div class='ocr_carea' id='block_1_74' title="bbox 1107 1565 1899 1600">
    <p class='ocr_par' dir='ltr' id='par_1_74' title="bbox 1107 1565 1899 1600">
     <span class='ocr_line' id='line_1_74' title="bbox 1107 1565 1899 1600; baseline -0.001 -5"><span class='ocrx_word' id='word_1_621' title='bbox 1107 1580 1116 1595; x_wconf 75' lang='grc' dir='ltr'><strong>ι</strong></span> <span class='ocrx_word' id='word_1_622' title='bbox 1129 1577 1182 1595; x_wconf 90' lang='grc' dir='ltr'>νον.</span> <span class='ocrx_word' id='word_1_623' title='bbox 1195 1568 1262 1595; x_wconf 75' lang='grc' dir='ltr'>Τότε</span> <span class='ocrx_word' id='word_1_624' title='bbox 1271 1567 1360 1599; x_wconf 85' lang='grc' dir='ltr'>αὐτὸς</span> <span class='ocrx_word' id='word_1_625' title='bbox 1370 1565 1590 1600; x_wconf 73' lang='grc' dir='ltr'>ὑποταγήσεται</span> <span class='ocrx_word' id='word_1_626' title='bbox 1602 1566 1641 1598; x_wconf 84' lang='grc' dir='ltr'>τῷ</span> <span class='ocrx_word' id='word_1_627' title='bbox 1649 1567 1831 1599; x_wconf 73' lang='grc' dir='ltr'>ὑποτάξαντι</span> <span class='ocrx_word' id='word_1_628' title='bbox 1847 1568 1899 1594; x_wconf 86' lang='grc' dir='ltr'><strong>αὑ-</strong></span> 
     </span>
    </p>
   </div>
   <div class='ocr_carea' id='block_1_75' title="bbox 1108 1609 1896 1648">
    <p class='ocr_par' dir='ltr' id='par_1_75' title="bbox 1108 1609 1896 1648">
     <span class='ocr_line' id='line_1_75' title="bbox 1108 1609 1896 1648; baseline -0.001 -8"><span class='ocrx_word' id='word_1_629' title='bbox 1108 1624 1117 1640; x_wconf 76' lang='grc' dir='ltr'><strong>ι</strong></span> <span class='ocrx_word' id='word_1_630' title='bbox 1129 1613 1168 1646; x_wconf 83' lang='grc' dir='ltr'>τῷ</span> <span class='ocrx_word' id='word_1_631' title='bbox 1175 1612 1210 1640; x_wconf 84' lang='grc' dir='ltr'>τὰ</span> <span class='ocrx_word' id='word_1_632' title='bbox 1218 1612 1377 1643; x_wconf 60' lang='lat' dir='ltr'><strong>mir-calva</strong></span> <span class='ocrx_word' id='word_1_633' title='bbox 1384 1609 1403 1647; x_wconf 78' lang='grc' dir='ltr'><em>ᾖ</em></span> <span class='ocrx_word' id='word_1_634' title='bbox 1411 1610 1507 1638; x_wconf 75' lang='grc' dir='ltr'>πάντα</span> <span class='ocrx_word' id='word_1_635' title='bbox 1515 1612 1561 1638; x_wconf 77' lang='grc' dir='ltr'>καὶ</span> <span class='ocrx_word' id='word_1_636' title='bbox 1571 1612 1605 1638; x_wconf 82' lang='grc' dir='ltr'>ἑν</span> <span class='ocrx_word' id='word_1_637' title='bbox 1613 1611 1689 1640; x_wconf 82' lang='grc' dir='ltr'>πᾶσι</span> <span class='ocrx_word' id='word_1_638' title='bbox 1697 1614 1821 1646; x_wconf 77' lang='grc' dir='ltr'>Χριστός</span> <span class='ocrx_word' id='word_1_639' title='bbox 1829 1613 1869 1648; x_wconf 81' lang='lat' dir='ltr'><strong>(5t</strong></span> <span class='ocrx_word' id='word_1_640' title='bbox 1876 1613 1896 1647; x_wconf 91' lang='lat'><strong>).</strong></span> 
     </span>
    </p>
   </div>
   <div class='ocr_carea' id='block_1_76' title="bbox 1109 1657 1898 1696">
    <p class='ocr_par' dir='ltr' id='par_1_76' title="bbox 1109 1657 1898 1696">
     <span class='ocr_line' id='line_1_76' title="bbox 1109 1657 1898 1696; baseline -0.003 -8"><span class='ocrx_word' id='word_1_641' title='bbox 1109 1672 1117 1687; x_wconf 79' lang='grc' dir='ltr'><strong>ι</strong></span> <span class='ocrx_word' id='word_1_642' title='bbox 1134 1662 1229 1688; x_wconf 85' lang='grc' dir='ltr'>Ἔσται</span> <span class='ocrx_word' id='word_1_643' title='bbox 1239 1660 1293 1696; x_wconf 77' lang='grc' dir='ltr'><strong>γὰρ</strong></span> <span class='ocrx_word' id='word_1_644' title='bbox 1301 1658 1451 1695; x_wconf 80' lang='grc' dir='ltr'>τηνικαῦτα</span> <span class='ocrx_word' id='word_1_645' title='bbox 1465 1659 1537 1686; x_wconf 80' lang='grc' dir='ltr'>τοῦθ’</span> <span class='ocrx_word' id='word_1_646' title='bbox 1555 1660 1623 1696; x_wconf 78' lang='grc' dir='ltr'>ὅπερ</span> <span class='ocrx_word' id='word_1_647' title='bbox 1638 1661 1765 1696; x_wconf 79' lang='grc' dir='ltr'>πρότερον</span> <span class='ocrx_word' id='word_1_648' title='bbox 1772 1657 1832 1694; x_wconf 78' lang='grc' dir='ltr'><strong>ἦν.»</strong></span> <span class='ocrx_word' id='word_1_649' title='bbox 1847 1659 1898 1686; x_wconf 78' lang='grc' dir='ltr'>Διὰ</span> 
     </span>
    </p>
   </div>
   <div class='ocr_carea' id='block_1_77' title="bbox 1106 1703 1894 1742">
    <p class='ocr_par' dir='ltr' id='par_1_77' title="bbox 1106 1703 1894 1742">
     <span class='ocr_line' id='line_1_77' title="bbox 1106 1703 1894 1742; baseline -0.005 -8"><span class='ocrx_word' id='word_1_650' title='bbox 1106 1707 1239 1734; x_wconf 83' lang='grc' dir='ltr'>τοσούτων</span> <span class='ocrx_word' id='word_1_651' title='bbox 1252 1705 1410 1742; x_wconf 80' lang='grc' dir='ltr'>Μάρκελλος</span> <span class='ocrx_word' id='word_1_652' title='bbox 1426 1706 1516 1740; x_wconf 80' lang='grc' dir='ltr'>γυμνῇ</span> <span class='ocrx_word' id='word_1_653' title='bbox 1539 1706 1571 1740; x_wconf 84' lang='grc' dir='ltr'><strong>τῇ</strong></span> <span class='ocrx_word' id='word_1_654' title='bbox 1590 1705 1692 1740; x_wconf 80' lang='grc' dir='ltr'>κεφαλῇ</span> <span class='ocrx_word' id='word_1_655' title='bbox 1708 1704 1750 1731; x_wconf 78' lang='grc' dir='ltr'><strong>τὸν</strong></span> <span class='ocrx_word' id='word_1_656' title='bbox 1768 1703 1831 1730; x_wconf 86' lang='grc' dir='ltr'>Υίὸν</span> <span class='ocrx_word' id='word_1_657' title='bbox 1847 1704 1894 1730; x_wconf 77' lang='grc' dir='ltr'>τοῦ</span> 
     </span>
    </p>
   </div>
   <div class='ocr_carea' id='block_1_78' title="bbox 1110 1748 1895 1787">
    <p class='ocr_par' dir='ltr' id='par_1_78' title="bbox 1110 1748 1895 1787">
     <span class='ocr_line' id='line_1_78' title="bbox 1110 1748 1895 1787; baseline -0.005 -8"><span class='ocrx_word' id='word_1_658' title='bbox 1110 1753 1177 1779; x_wconf 82' lang='grc' dir='ltr'>Θεοῦ</span> <span class='ocrx_word' id='word_1_659' title='bbox 1192 1752 1356 1787; x_wconf 74' lang='grc' dir='ltr'>ἐξωμόσατο.</span> <span class='ocrx_word' id='word_1_660' title='bbox 1369 1751 1399 1777; x_wconf 79' lang='grc' dir='ltr'><strong>Εἰ</strong></span> <span class='ocrx_word' id='word_1_661' title='bbox 1408 1751 1461 1786; x_wconf 89' lang='grc' dir='ltr'><strong>γὰρ</strong></span> <span class='ocrx_word' id='word_1_662' title='bbox 1477 1751 1505 1777; x_wconf 89' lang='grc' dir='ltr'>ἒν</span> <span class='ocrx_word' id='word_1_663' title='bbox 1523 1752 1570 1778; x_wconf 75' lang='grc' dir='ltr'>καὶ</span> <span class='ocrx_word' id='word_1_664' title='bbox 1586 1751 1681 1778; x_wconf 84' lang='grc' dir='ltr'>ταύτὸν</span> <span class='ocrx_word' id='word_1_665' title='bbox 1691 1748 1724 1786; x_wconf 81' lang='grc' dir='ltr'>ἦν</span> <span class='ocrx_word' id='word_1_666' title='bbox 1737 1751 1752 1777; x_wconf 85' lang='grc' dir='ltr'><strong>ό</strong></span> <span class='ocrx_word' id='word_1_667' title='bbox 1764 1749 1895 1782; x_wconf 74' lang='grc' dir='ltr'>Θεὸς,καὶ</span> 
     </span>
    </p>
   </div>
   <div class='ocr_carea' id='block_1_79' title="bbox 1108 1794 1895 1833">
    <p class='ocr_par' dir='ltr' id='par_1_79' title="bbox 1108 1794 1895 1833">
     <span class='ocr_line' id='line_1_79' title="bbox 1108 1794 1895 1833; baseline -0.004 -9"><span class='ocrx_word' id='word_1_668' title='bbox 1108 1800 1122 1824; x_wconf 87' lang='grc' dir='ltr'><strong>ὸ</strong></span> <span class='ocrx_word' id='word_1_669' title='bbox 1139 1800 1166 1824; x_wconf 83' lang='grc' dir='ltr'>ὲν</span> <span class='ocrx_word' id='word_1_670' title='bbox 1181 1797 1254 1833; x_wconf 70' lang='grc' dir='ltr'>αὐτῷ</span> <span class='ocrx_word' id='word_1_671' title='bbox 1269 1797 1363 1830; x_wconf 82' lang='grc' dir='ltr'>Λόγος,</span> <span class='ocrx_word' id='word_1_672' title='bbox 1378 1796 1464 1827; x_wconf 73' lang='grc' dir='ltr'>οὐδεὶς</span> <span class='ocrx_word' id='word_1_673' title='bbox 1481 1796 1508 1822; x_wconf 78' lang='grc' dir='ltr'><strong>δὲ</strong></span> <span class='ocrx_word' id='word_1_674' title='bbox 1522 1795 1630 1823; x_wconf 84' lang='grc' dir='ltr'>πώποτε</span> <span class='ocrx_word' id='word_1_675' title='bbox 1643 1796 1721 1827; x_wconf 70' lang='grc' dir='ltr'>αὐτὸς</span> <span class='ocrx_word' id='word_1_676' title='bbox 1737 1794 1833 1822; x_wconf 74' lang='grc' dir='ltr'>ἑαυτοῦ</span> <span class='ocrx_word' id='word_1_677' title='bbox 1848 1795 1895 1829; x_wconf 82' lang='grc' dir='ltr'><strong>γέ-</strong></span> 
     </span>
    </p>
   </div>
   <div class='ocr_carea' id='block_1_80' title="bbox 1109 1840 1899 1878">
    <p class='ocr_par' dir='ltr' id='par_1_80' title="bbox 1109 1840 1899 1878">
     <span class='ocr_line' id='line_1_80' title="bbox 1109 1840 1899 1878; baseline -0.004 -8"><span class='ocrx_word' id='word_1_678' title='bbox 1109 1844 1173 1870; x_wconf 81' lang='grc' dir='ltr'>νοιτ’</span> <span class='ocrx_word' id='word_1_679' title='bbox 1203 1843 1235 1870; x_wconf 81' lang='grc' dir='ltr'>ἂν</span> <span class='ocrx_word' id='word_1_680' title='bbox 1255 1842 1358 1878; x_wconf 83' lang='grc' dir='ltr'>Πατὴρ,</span> <span class='ocrx_word' id='word_1_681' title='bbox 1374 1842 1412 1874; x_wconf 83' lang='grc' dir='ltr'>ὡς</span> <span class='ocrx_word' id='word_1_682' title='bbox 1439 1842 1492 1868; x_wconf 76' lang='grc' dir='ltr'><strong>οὐδ’</strong></span> <span class='ocrx_word' id='word_1_683' title='bbox 1507 1842 1587 1873; x_wconf 73' lang='grc' dir='ltr'>αὐτὸς</span> <span class='ocrx_word' id='word_1_684' title='bbox 1607 1842 1703 1868; x_wconf 75' lang='grc' dir='ltr'>ἑαυτοῦ</span> <span class='ocrx_word' id='word_1_685' title='bbox 1719 1841 1775 1874; x_wconf 74' lang='grc' dir='ltr'>υἱὸς</span> <span class='ocrx_word' id='word_1_686' title='bbox 1797 1840 1834 1867; x_wconf 79' lang='grc' dir='ltr'>ὢν</span> <span class='ocrx_word' id='word_1_687' title='bbox 1851 1842 1899 1868; x_wconf 78' lang='grc' dir='ltr'>καὶ</span> 
     </span>
    </p>
   </div>
   <div class='ocr_carea' id='block_1_81' title="bbox 1113 1886 1900 1924">
    <p class='ocr_par' dir='ltr' id='par_1_81' title="bbox 1113 1886 1900 1924">
     <span class='ocr_line' id='line_1_81' title="bbox 1113 1886 1900 1924; baseline -0.003 -9"><span class='ocrx_word' id='word_1_688' title='bbox 1113 1890 1201 1924; x_wconf 82' lang='grc' dir='ltr'>μόνος,</span> <span class='ocrx_word' id='word_1_689' title='bbox 1213 1887 1252 1920; x_wconf 71' lang='grc' dir='ltr'>εἷς</span> <span class='ocrx_word' id='word_1_690' title='bbox 1264 1888 1290 1915; x_wconf 81' lang='grc' dir='ltr'><strong>δὲ</strong></span> <span class='ocrx_word' id='word_1_691' title='bbox 1307 1888 1385 1923; x_wconf 78' lang='grc' dir='ltr'>μόνος</span> <span class='ocrx_word' id='word_1_692' title='bbox 1400 1886 1443 1923; x_wconf 81' lang='grc' dir='ltr'>ἦν,</span> <span class='ocrx_word' id='word_1_693' title='bbox 1460 1889 1507 1914; x_wconf 74' lang='grc' dir='ltr'>καὶ</span> <span class='ocrx_word' id='word_1_694' title='bbox 1524 1888 1618 1920; x_wconf 78' lang='grc' dir='ltr'>ἑαυτὸς</span> <span class='ocrx_word' id='word_1_695' title='bbox 1633 1888 1671 1923; x_wconf 85' lang='grc' dir='ltr'>τῷ</span> <span class='ocrx_word' id='word_1_696' title='bbox 1685 1887 1781 1915; x_wconf 77' lang='grc' dir='ltr'>ἑαυτοῦ</span> <span class='ocrx_word' id='word_1_697' title='bbox 1794 1887 1873 1922; x_wconf 83' lang='grc' dir='ltr'>Λόγῳ</span> <span class='ocrx_word' id='word_1_698' title='bbox 1885 1888 1900 1913; x_wconf 84' lang='grc' dir='ltr'>ὁ</span> 
     </span>
    </p>
   </div>
   <div class='ocr_carea' id='block_1_82' title="bbox 1112 1931 1899 1969">
    <p class='ocr_par' dir='ltr' id='par_1_82' title="bbox 1112 1931 1899 1969">
     <span class='ocr_line' id='line_1_82' title="bbox 1112 1931 1899 1969; baseline -0.003 -8"><span class='ocrx_word' id='word_1_699' title='bbox 1112 1935 1187 1966; x_wconf 84' lang='grc' dir='ltr'>Θεὸς,</span> <span class='ocrx_word' id='word_1_700' title='bbox 1209 1934 1288 1969; x_wconf 84' lang='grc' dir='ltr'>δῆλον</span> <span class='ocrx_word' id='word_1_701' title='bbox 1311 1934 1348 1965; x_wconf 84' lang='grc' dir='ltr'><strong>ὡς</strong></span> <span class='ocrx_word' id='word_1_702' title='bbox 1367 1934 1396 1960; x_wconf 86' lang='grc' dir='ltr'>οὺ</span> <span class='ocrx_word' id='word_1_703' title='bbox 1414 1934 1507 1969; x_wconf 84' lang='grc' dir='ltr'>Πατὴρ</span> <span class='ocrx_word' id='word_1_704' title='bbox 1520 1931 1564 1969; x_wconf 80' lang='grc' dir='ltr'>ἦν,</span> <span class='ocrx_word' id='word_1_705' title='bbox 1582 1933 1618 1969; x_wconf 82' lang='grc' dir='ltr'>μὴ</span> <span class='ocrx_word' id='word_1_706' title='bbox 1633 1934 1802 1969; x_wconf 79' lang='grc' dir='ltr'>ὑπάρχοντος</span> <span class='ocrx_word' id='word_1_707' title='bbox 1826 1932 1899 1968; x_wconf 79' lang='grc' dir='ltr'>αὐτῷ</span> 
     </span>
    </p>
   </div>
   <div class='ocr_carea' id='block_1_83' title="bbox 1113 1980 1793 2016">
    <p class='ocr_par' dir='ltr' id='par_1_83' title="bbox 1113 1980 1793 2016">
     <span class='ocr_line' id='line_1_83' title="bbox 1113 1980 1793 2016; baseline 0 -10"><span class='ocrx_word' id='word_1_708' title='bbox 1113 1980 1187 2007; x_wconf 82' lang='grc' dir='ltr'><strong>Υἱοῦ·</strong></span> <span class='ocrx_word' id='word_1_709' title='bbox 1203 1980 1264 2007; x_wconf 77' lang='grc' dir='ltr'>οὒτε</span> <span class='ocrx_word' id='word_1_710' title='bbox 1282 1981 1354 2012; x_wconf 79' lang='grc' dir='ltr'>Υἱὸς,</span> <span class='ocrx_word' id='word_1_711' title='bbox 1375 1981 1412 2016; x_wconf 80' lang='grc' dir='ltr'><strong>μὴ</strong></span> <span class='ocrx_word' id='word_1_712' title='bbox 1425 1980 1578 2015; x_wconf 82' lang='grc' dir='ltr'>ὑφεστῶτος</span> <span class='ocrx_word' id='word_1_713' title='bbox 1594 1981 1668 2016; x_wconf 74' lang='grc' dir='ltr'>αὐτῷ</span> <span class='ocrx_word' id='word_1_714' title='bbox 1678 1981 1793 2015; x_wconf 87' lang='grc' dir='ltr'>Πατρός.</span> 
     </span>
    </p>
   </div>
   <div class='ocr_carea' id='block_1_84' title="bbox 279 2024 1899 2062">
    <p class='ocr_par' dir='ltr' id='par_1_84' title="bbox 279 2024 1899 2062">
     <span class='ocr_line' id='line_1_84' title="bbox 279 2024 1899 2062; baseline 0.001 -11"><span class='ocrx_word' id='word_1_715' title='bbox 279 2024 374 2057; x_wconf 76' lang='grc' dir='ltr'><strong>Ι),165</strong></span> <span class='ocrx_word' id='word_1_716' title='bbox 391 2024 423 2060; x_wconf 83' lang='grc' dir='ltr'><strong>Α]</strong></span> <span class='ocrx_word' id='word_1_717' title='bbox 447 2034 456 2051; x_wconf 73' lang='grc' dir='ltr'><strong>ε</strong></span> <span class='ocrx_word' id='word_1_718' title='bbox 475 2025 552 2052; x_wconf 87' lang='lat' dir='ltr'><strong>Prius</strong></span> <span class='ocrx_word' id='word_1_719' title='bbox 562 2027 634 2053; x_wconf 90' lang='lat' dir='ltr'><strong>enim</strong></span> <span class='ocrx_word' id='word_1_720' title='bbox 647 2033 729 2060; x_wconf 87' lang='lat' dir='ltr'><strong>quam</strong></span> <span class='ocrx_word' id='word_1_721' title='bbox 745 2025 861 2053; x_wconf 84' lang='lat' dir='ltr'><strong>nmndus</strong></span> <span class='ocrx_word' id='word_1_722' title='bbox 876 2026 1038 2054; x_wconf 86' lang='lat' dir='ltr'><strong>conderetur</strong></span> <span class='ocrx_word' id='word_1_723' title='bbox 1055 2047 1062 2057; x_wconf 88' lang='lat'><strong>.</strong></span> <span class='ocrx_word' id='word_1_724' title='bbox 1079 2033 1138 2054; x_wconf 83' lang='lat' dir='ltr'><strong>erat</strong></span> <span class='ocrx_word' id='word_1_725' title='bbox 1152 2027 1276 2062; x_wconf 61' lang='lat' dir='ltr'><strong>Verbum;</strong></span> <span class='ocrx_word' id='word_1_726' title='bbox 1292 2027 1318 2054; x_wconf 90' lang='lat' dir='ltr'><strong>in</strong></span> <span class='ocrx_word' id='word_1_727' title='bbox 1342 2026 1423 2054; x_wconf 82' lang='lat' dir='ltr'><strong>Patre</strong></span> <span class='ocrx_word' id='word_1_728' title='bbox 1442 2034 1502 2053; x_wconf 83' lang='lat' dir='ltr'><strong>suo.</strong></span> <span class='ocrx_word' id='word_1_729' title='bbox 1513 2026 1578 2053; x_wconf 87' lang='lat' dir='ltr'><strong>Cum</strong></span> <span class='ocrx_word' id='word_1_730' title='bbox 1599 2034 1664 2054; x_wconf 82' lang='lat' dir='ltr'><strong>vero</strong></span> <span class='ocrx_word' id='word_1_731' title='bbox 1683 2026 1753 2054; x_wconf 85' lang='lat' dir='ltr'><strong>Deus</strong></span> <span class='ocrx_word' id='word_1_732' title='bbox 1777 2026 1899 2060; x_wconf 85' lang='lat' dir='ltr'><strong>omnipo-</strong></span> 
     </span>
    </p>
   </div>
   <div class='ocr_carea' id='block_1_85' title="bbox 281 2071 1898 2107">
    <p class='ocr_par' dir='ltr' id='par_1_85' title="bbox 281 2071 1898 2107">
     <span class='ocr_line' id='line_1_85' title="bbox 281 2071 1898 2107; baseline 0.001 -11"><span class='ocrx_word' id='word_1_733' title='bbox 281 2079 289 2095; x_wconf 78' lang='grc' dir='ltr'><strong>ι</strong></span> <span class='ocrx_word' id='word_1_734' title='bbox 307 2074 367 2097; x_wconf 85' lang='lat' dir='ltr'><strong>tens</strong></span> <span class='ocrx_word' id='word_1_735' title='bbox 380 2076 510 2098; x_wconf 80' lang='lat' dir='ltr'><strong>statueret</strong></span> <span class='ocrx_word' id='word_1_736' title='bbox 524 2073 614 2099; x_wconf 91' lang='lat' dir='ltr'><strong>omnia</strong></span> <span class='ocrx_word' id='word_1_737' title='bbox 625 2079 685 2106; x_wconf 75' lang='lat' dir='ltr'><strong>qua.-</strong></span> <span class='ocrx_word' id='word_1_738' title='bbox 702 2071 728 2098; x_wconf 94' lang='lat' dir='ltr'><strong>iu</strong></span> <span class='ocrx_word' id='word_1_739' title='bbox 744 2071 813 2098; x_wconf 70' lang='lat' dir='ltr'><strong>uelo</strong></span> <span class='ocrx_word' id='word_1_740' title='bbox 831 2076 904 2103; x_wconf 86' lang='lat' dir='ltr'><strong>sunt,</strong></span> <span class='ocrx_word' id='word_1_741' title='bbox 924 2077 951 2098; x_wconf 88' lang='lat' dir='ltr'><strong>et</strong></span> <span class='ocrx_word' id='word_1_742' title='bbox 969 2072 994 2099; x_wconf 90' lang='lat' dir='ltr'><strong>in</strong></span> <span class='ocrx_word' id='word_1_743' title='bbox 1011 2077 1092 2104; x_wconf 87' lang='lat' dir='ltr'><strong>terra,</strong></span> <span class='ocrx_word' id='word_1_744' title='bbox 1113 2073 1229 2101; x_wconf 90' lang='lat' dir='ltr'><strong>condere</strong></span> <span class='ocrx_word' id='word_1_745' title='bbox 1244 2084 1250 2101; x_wconf 88' lang='lat'><strong>:</strong></span> <span class='ocrx_word' id='word_1_746' title='bbox 1283 2073 1375 2100; x_wconf 88' lang='lat' dir='ltr'><strong>mundi</strong></span> <span class='ocrx_word' id='word_1_747' title='bbox 1393 2073 1497 2100; x_wconf 87' lang='lat' dir='ltr'><strong>creatio</strong></span> <span class='ocrx_word' id='word_1_748' title='bbox 1523 2072 1566 2099; x_wconf 85' lang='lat' dir='ltr'><strong>illa</strong></span> <span class='ocrx_word' id='word_1_749' title='bbox 1584 2073 1723 2107; x_wconf 76' lang='lat' dir='ltr'><strong>indigebat</strong></span> <span class='ocrx_word' id='word_1_750' title='bbox 1740 2071 1898 2107; x_wconf 83' lang='lat' dir='ltr'><strong>operatione</strong></span> 
     </span>
    </p>
   </div>
   <div class='ocr_carea' id='block_1_86' title="bbox 281 2117 1895 2154">
    <p class='ocr_par' dir='ltr' id='par_1_86' title="bbox 281 2117 1895 2154">
     <span class='ocr_line' id='line_1_86' title="bbox 281 2117 1895 2154; baseline 0.001 -10"><span class='ocrx_word' id='word_1_751' title='bbox 281 2127 290 2143; x_wconf 74' lang='grc' dir='ltr'><strong>ι</strong></span> <span class='ocrx_word' id='word_1_752' title='bbox 309 2117 442 2145; x_wconf 70' lang='lat' dir='ltr'><strong>elfectit&#39;a.</strong></span> <span class='ocrx_word' id='word_1_753' title='bbox 461 2118 573 2150; x_wconf 89' lang='lat' dir='ltr'><strong>Idcirco,</strong></span> <span class='ocrx_word' id='word_1_754' title='bbox 584 2126 645 2145; x_wconf 89' lang='lat' dir='ltr'><strong>cum</strong></span> <span class='ocrx_word' id='word_1_755' title='bbox 668 2123 768 2152; x_wconf 70' lang='lat' dir='ltr'><strong>praeter</strong></span> <span class='ocrx_word' id='word_1_756' title='bbox 783 2117 866 2145; x_wconf 75' lang='lat' dir='ltr'><strong>Deum</strong></span> <span class='ocrx_word' id='word_1_757' title='bbox 882 2118 947 2146; x_wconf 89' lang='lat' dir='ltr'><strong>nihil</strong></span> <span class='ocrx_word' id='word_1_758' title='bbox 962 2127 1072 2153; x_wconf 84' lang='lat' dir='ltr'><strong>prorsus</strong></span> <span class='ocrx_word' id='word_1_759' title='bbox 1091 2125 1175 2152; x_wconf 80' lang='lat' dir='ltr'><strong>esset,</strong></span> <span class='ocrx_word' id='word_1_760' title='bbox 1189 2120 1262 2154; x_wconf 88' lang='lat' dir='ltr'><strong>(nam</strong></span> <span class='ocrx_word' id='word_1_761' title='bbox 1277 2124 1320 2147; x_wconf 84' lang='lat' dir='ltr'><strong>est</strong></span> <span class='ocrx_word' id='word_1_762' title='bbox 1336 2119 1454 2154; x_wconf 91' lang='lat' dir='ltr'><strong>positum</strong></span> <span class='ocrx_word' id='word_1_763' title='bbox 1474 2119 1538 2146; x_wconf 88' lang='lat' dir='ltr'><strong>illud</strong></span> <span class='ocrx_word' id='word_1_764' title='bbox 1561 2119 1587 2146; x_wconf 93' lang='lat' dir='ltr'><strong>in</strong></span> <span class='ocrx_word' id='word_1_765' title='bbox 1617 2120 1755 2153; x_wconf 78' lang='lat' dir='ltr'><strong>confesso,</strong></span> <span class='ocrx_word' id='word_1_766' title='bbox 1771 2119 1895 2146; x_wconf 77' lang='lat' dir='ltr'><strong>universa</strong></span> 
     </span>
    </p>
   </div>
   <div class='ocr_carea' id='block_1_87' title="bbox 282 2163 1898 2200">
    <p class='ocr_par' dir='ltr' id='par_1_87' title="bbox 282 2163 1898 2200">
     <span class='ocr_line' id='line_1_87' title="bbox 282 2163 1898 2200; baseline 0.002 -11"><span class='ocrx_word' id='word_1_767' title='bbox 282 2176 289 2188; x_wconf 79' lang='grc' dir='ltr'><strong>ι</strong></span> <span class='ocrx_word' id='word_1_768' title='bbox 309 2163 390 2191; x_wconf 82' lang='lat' dir='ltr'><strong>fuisse</strong></span> <span class='ocrx_word' id='word_1_769' title='bbox 410 2165 444 2191; x_wconf 86' lang='lat' dir='ltr'><strong>ab</strong></span> <span class='ocrx_word' id='word_1_770' title='bbox 463 2164 508 2192; x_wconf 92' lang='lat' dir='ltr'><strong>illo</strong></span> <span class='ocrx_word' id='word_1_771' title='bbox 520 2164 638 2200; x_wconf 87' lang='lat' dir='ltr'><strong>condita)</strong></span> <span class='ocrx_word' id='word_1_772' title='bbox 653 2169 716 2191; x_wconf 88' lang='lat' dir='ltr'><strong>tunc</strong></span> <span class='ocrx_word' id='word_1_773' title='bbox 738 2164 886 2198; x_wconf 81' lang='lat' dir='ltr'><strong>procedens</strong></span> <span class='ocrx_word' id='word_1_774' title='bbox 901 2164 1016 2191; x_wconf 87' lang='lat' dir='ltr'><strong>Verbum</strong></span> <span class='ocrx_word' id='word_1_775' title='bbox 1051 2165 1132 2192; x_wconf 80' lang='lat' dir='ltr'><strong>[iebat</strong></span> <span class='ocrx_word' id='word_1_776' title='bbox 1163 2165 1255 2192; x_wconf 84' lang='lat' dir='ltr'><strong>mundi</strong></span> <span class='ocrx_word' id='word_1_777' title='bbox 1272 2165 1406 2196; x_wconf 84' lang='lat' dir='ltr'><strong>conditor,</strong></span> <span class='ocrx_word' id='word_1_778' title='bbox 1421 2164 1493 2199; x_wconf 92' lang='lat' dir='ltr'><strong>quod</strong></span> <span class='ocrx_word' id='word_1_779' title='bbox 1520 2165 1596 2199; x_wconf 89' lang='lat' dir='ltr'><strong>prius</strong></span> <span class='ocrx_word' id='word_1_780' title='bbox 1617 2164 1692 2192; x_wconf 89' lang='lat' dir='ltr'><strong>intus</strong></span> <span class='ocrx_word' id='word_1_781' title='bbox 1707 2164 1898 2192; x_wconf 71' lang='lat' dir='ltr'><strong>intellectuali-</strong></span> 
     </span>
    </p>
   </div>
   <div class='ocr_carea' id='block_1_88' title="bbox 281 2209 1952 2245">
    <p class='ocr_par' dir='ltr' id='par_1_88' title="bbox 281 2209 1952 2245">
     <span class='ocr_line' id='line_1_88' title="bbox 281 2209 1952 2245; baseline 0.001 -9"><span class='ocrx_word' id='word_1_782' title='bbox 281 2220 289 2235; x_wconf 76' lang='grc' dir='ltr'><strong>ι</strong></span> <span class='ocrx_word' id='word_1_783' title='bbox 311 2215 352 2237; x_wconf 92' lang='lat' dir='ltr'><strong>ter</strong></span> <span class='ocrx_word' id='word_1_784' title='bbox 370 2210 500 2243; x_wconf 77' lang='lat' dir='ltr'><strong>residens,</strong></span> <span class='ocrx_word' id='word_1_785' title='bbox 518 2209 578 2244; x_wconf 79' lang='lat' dir='ltr'><strong>Ipse</strong></span> <span class='ocrx_word' id='word_1_786' title='bbox 592 2210 670 2245; x_wconf 75' lang='lat' dir='ltr'><strong>fuit.)</strong></span> <span class='ocrx_word' id='word_1_787' title='bbox 689 2213 717 2242; x_wconf 50' lang='grc' dir='ltr'>ὦ</span> <span class='ocrx_word' id='word_1_788' title='bbox 733 2211 765 2237; x_wconf 84' lang='lat' dir='ltr'><strong>Et</strong></span> <span class='ocrx_word' id='word_1_789' title='bbox 780 2217 874 2237; x_wconf 84' lang='lat' dir='ltr'><strong>rursus</strong></span> <span class='ocrx_word' id='word_1_790' title='bbox 889 2211 1045 2244; x_wconf 81' lang='lat' dir='ltr'><strong>postomnia</strong></span> <span class='ocrx_word' id='word_1_791' title='bbox 1061 2211 1135 2238; x_wconf 84' lang='lat' dir='ltr'><strong>addit</strong></span> <span class='ocrx_word' id='word_1_792' title='bbox 1151 2220 1158 2237; x_wconf 90' lang='lat'>:</span> <span class='ocrx_word' id='word_1_793' title='bbox 1173 2220 1182 2236; x_wconf 78' lang='grc' dir='ltr'><strong>ι</strong></span> <span class='ocrx_word' id='word_1_794' title='bbox 1199 2210 1273 2238; x_wconf 81' lang='lat' dir='ltr'><strong>Hanc</strong></span> <span class='ocrx_word' id='word_1_795' title='bbox 1292 2211 1327 2237; x_wconf 91' lang='lat' dir='ltr'><strong>ob</strong></span> <span class='ocrx_word' id='word_1_796' title='bbox 1339 2218 1450 2237; x_wconf 84' lang='lat' dir='ltr'><strong>causam</strong></span> <span class='ocrx_word' id='word_1_797' title='bbox 1469 2217 1523 2237; x_wconf 80' lang='lat' dir='ltr'><strong>non</strong></span> <span class='ocrx_word' id='word_1_798' title='bbox 1538 2217 1567 2237; x_wconf 90' lang='lat' dir='ltr'><strong>se</strong></span> <span class='ocrx_word' id='word_1_799' title='bbox 1581 2210 1704 2238; x_wconf 86' lang='lat' dir='ltr'><strong>nominat</strong></span> <span class='ocrx_word' id='word_1_800' title='bbox 1717 2209 1819 2237; x_wconf 77' lang='lat' dir='ltr'><strong>Filium</strong></span> <span class='ocrx_word' id='word_1_801' title='bbox 1837 2210 1896 2243; x_wconf 77' lang='lat' dir='ltr'><strong>Dei,</strong></span> <span class='ocrx_word' id='word_1_802' title='bbox 1948 2217 1952 2220; x_wconf 67' lang='lat'><strong><em>‘</em></strong></span> 
     </span>
    </p>
   </div>
   <div class='ocr_carea' id='block_1_89' title="bbox 282 2255 1895 2290">
    <p class='ocr_par' dir='ltr' id='par_1_89' title="bbox 282 2255 1895 2290">
     <span class='ocr_line' id='line_1_89' title="bbox 282 2255 1895 2290; baseline 0.001 -8"><span class='ocrx_word' id='word_1_803' title='bbox 282 2269 290 2283; x_wconf 72' lang='grc' dir='ltr'><strong>ι</strong></span> <span class='ocrx_word' id='word_1_804' title='bbox 310 2258 355 2282; x_wconf 76' lang='lat' dir='ltr'><strong>sed</strong></span> <span class='ocrx_word' id='word_1_805' title='bbox 369 2256 499 2282; x_wconf 81' lang='lat' dir='ltr'><strong>hominem</strong></span> <span class='ocrx_word' id='word_1_806' title='bbox 513 2264 522 2282; x_wconf 88' lang='lat'><strong><em>:</em></strong></span> <span class='ocrx_word' id='word_1_807' title='bbox 540 2261 568 2282; x_wconf 89' lang='lat' dir='ltr'><strong>ut</strong></span> <span class='ocrx_word' id='word_1_808' title='bbox 583 2255 619 2282; x_wconf 89' lang='lat' dir='ltr'><strong>ita</strong></span> <span class='ocrx_word' id='word_1_809' title='bbox 644 2255 792 2287; x_wconf 88' lang='lat' dir='ltr'><strong>boutinem,</strong></span> <span class='ocrx_word' id='word_1_810' title='bbox 808 2263 857 2290; x_wconf 90' lang='lat' dir='ltr'><strong>per</strong></span> <span class='ocrx_word' id='word_1_811' title='bbox 880 2257 1098 2282; x_wconf 88' lang='lat' dir='ltr'><strong>comnmuiouem</strong></span> <span class='ocrx_word' id='word_1_812' title='bbox 1119 2263 1179 2283; x_wconf 91' lang='lat' dir='ltr'><strong>cum</strong></span> <span class='ocrx_word' id='word_1_813' title='bbox 1210 2256 1268 2290; x_wconf 84' lang='lat' dir='ltr'><strong>ipso</strong></span> <span class='ocrx_word' id='word_1_814' title='bbox 1286 2256 1453 2290; x_wconf 89' lang='lat' dir='ltr'><strong>copulatum,</strong></span> <span class='ocrx_word' id='word_1_815' title='bbox 1466 2256 1522 2283; x_wconf 76' lang='lat' dir='ltr'><strong>ﬁeri</strong></span> <span class='ocrx_word' id='word_1_816' title='bbox 1539 2261 1699 2290; x_wconf 86' lang='lat' dir='ltr'><strong>procuraret</strong></span> <span class='ocrx_word' id='word_1_817' title='bbox 1713 2256 1810 2284; x_wconf 83' lang='lat' dir='ltr'><strong>Filium</strong></span> <span class='ocrx_word' id='word_1_818' title='bbox 1826 2256 1872 2284; x_wconf 86' lang='lat' dir='ltr'><strong>Dei</strong></span> <span class='ocrx_word' id='word_1_819' title='bbox 1888 2266 1895 2283; x_wconf 70' lang='grc' dir='ltr'>ε</span> 
     </span>
    </p>
   </div>
   <div class='ocr_carea' id='block_1_90' title="bbox 282 2301 1899 2337">
    <p class='ocr_par' dir='ltr' id='par_1_90' title="bbox 282 2301 1899 2337">
     <span class='ocr_line' id='line_1_90' title="bbox 282 2301 1899 2337; baseline 0.001 -9"><span class='ocrx_word' id='word_1_820' title='bbox 282 2309 290 2325; x_wconf 70' lang='grc' dir='ltr'><strong>ι</strong></span> <span class='ocrx_word' id='word_1_821' title='bbox 311 2306 338 2328; x_wconf 90' lang='lat' dir='ltr'><strong>ct</strong></span> <span class='ocrx_word' id='word_1_822' title='bbox 355 2301 428 2328; x_wconf 78' lang='lat' dir='ltr'><strong>[inita</strong></span> <span class='ocrx_word' id='word_1_823' title='bbox 444 2303 494 2329; x_wconf 88' lang='lat' dir='ltr'><strong>hac</strong></span> <span class='ocrx_word' id='word_1_824' title='bbox 515 2302 726 2335; x_wconf 85' lang='lat' dir='ltr'><strong>dispensationis</strong></span> <span class='ocrx_word' id='word_1_825' title='bbox 751 2302 858 2329; x_wconf 86' lang='lat' dir='ltr'><strong>actione</strong></span> <span class='ocrx_word' id='word_1_826' title='bbox 869 2322 877 2334; x_wconf 91' lang='lat'><strong>,</strong></span> <span class='ocrx_word' id='word_1_827' title='bbox 900 2301 998 2328; x_wconf 89' lang='lat' dir='ltr'><strong>iterum</strong></span> <span class='ocrx_word' id='word_1_828' title='bbox 1022 2302 1094 2329; x_wconf 79' lang='lat' dir='ltr'><strong>velut</strong></span> <span class='ocrx_word' id='word_1_829' title='bbox 1115 2303 1231 2330; x_wconf 83' lang='lat' dir='ltr'><strong>Verbum</strong></span> <span class='ocrx_word' id='word_1_830' title='bbox 1247 2302 1392 2329; x_wconf 86' lang='lat' dir='ltr'><strong>aduniatur</strong></span> <span class='ocrx_word' id='word_1_831' title='bbox 1409 2303 1464 2329; x_wconf 88' lang='lat' dir='ltr'><strong>Deo</strong></span> <span class='ocrx_word' id='word_1_832' title='bbox 1481 2302 1630 2337; x_wconf 88' lang='lat' dir='ltr'><strong>adimplens</strong></span> <span class='ocrx_word' id='word_1_833' title='bbox 1645 2303 1717 2337; x_wconf 85' lang='lat' dir='ltr'><strong>quod</strong></span> <span class='ocrx_word' id='word_1_834' title='bbox 1734 2303 1837 2330; x_wconf 86' lang='lat' dir='ltr'><strong>dictum</strong></span> <span class='ocrx_word' id='word_1_835' title='bbox 1856 2302 1899 2330; x_wconf 53' lang='lat' dir='ltr'><strong>esi</strong></span> 
     </span>
    </p>
   </div>
   <div class='ocr_carea' id='block_1_91' title="bbox 283 2347 1897 2384">
    <p class='ocr_par' dir='ltr' id='par_1_91' title="bbox 283 2347 1897 2384">
     <span class='ocr_line' id='line_1_91' title="bbox 283 2347 1897 2384; baseline 0.001 -11"><span class='ocrx_word' id='word_1_836' title='bbox 283 2356 291 2371; x_wconf 77' lang='grc' dir='ltr'><strong>ι</strong></span> <span class='ocrx_word' id='word_1_837' title='bbox 314 2348 498 2381; x_wconf 78' lang='lat' dir='ltr'><strong>abAposIolo,</strong></span> <span class='ocrx_word' id='word_1_838' title='bbox 519 2347 590 2374; x_wconf 73' lang='lat' dir='ltr'><strong>Tunc</strong></span> <span class='ocrx_word' id='word_1_839' title='bbox 614 2351 638 2374; x_wconf 78' lang='lat' dir='ltr'><strong>et</strong></span> <span class='ocrx_word' id='word_1_840' title='bbox 659 2348 713 2381; x_wconf 77' lang='lat' dir='ltr'><strong>ipse</strong></span> <span class='ocrx_word' id='word_1_841' title='bbox 740 2347 869 2382; x_wconf 74' lang='lat' dir='ltr'><strong>subjectus</strong></span> <span class='ocrx_word' id='word_1_842' title='bbox 891 2348 939 2374; x_wconf 84' lang='lat' dir='ltr'><strong>erit</strong></span> <span class='ocrx_word' id='word_1_843' title='bbox 966 2348 1025 2380; x_wconf 85' lang='lat' dir='ltr'><strong>illi,</strong></span> <span class='ocrx_word' id='word_1_844' title='bbox 1052 2349 1095 2382; x_wconf 81' lang='lat' dir='ltr'><strong>qui</strong></span> <span class='ocrx_word' id='word_1_845' title='bbox 1117 2349 1272 2383; x_wconf 77' lang='lat' dir='ltr'><strong>omnia.ipsi</strong></span> <span class='ocrx_word' id='word_1_846' title='bbox 1290 2349 1447 2383; x_wconf 68' lang='lat' dir='ltr'><strong>subjeceml,</strong></span> <span class='ocrx_word' id='word_1_847' title='bbox 1467 2354 1495 2375; x_wconf 72' lang='lat' dir='ltr'><strong>ut</strong></span> <span class='ocrx_word' id='word_1_848' title='bbox 1521 2349 1560 2375; x_wconf 74' lang='lat' dir='ltr'><strong>sic</strong></span> <span class='ocrx_word' id='word_1_849' title='bbox 1585 2349 1655 2376; x_wconf 76' lang='lat' dir='ltr'><strong>Deus</strong></span> <span class='ocrx_word' id='word_1_850' title='bbox 1677 2349 1726 2384; x_wconf 77' lang='lat' dir='ltr'><strong>ﬁat</strong></span> <span class='ocrx_word' id='word_1_851' title='bbox 1752 2350 1842 2377; x_wconf 84' lang='lat' dir='ltr'><strong>omnia</strong></span> <span class='ocrx_word' id='word_1_852' title='bbox 1870 2350 1897 2376; x_wconf 83' lang='lat' dir='ltr'><strong>in</strong></span> 
     </span>
    </p>
   </div>
   <div class='ocr_carea' id='block_1_92' title="bbox 283 2392 1056 2431">
    <p class='ocr_par' dir='ltr' id='par_1_92' title="bbox 283 2392 1049 2428">
     <span class='ocr_line' id='line_1_92' title="bbox 283 2392 1049 2428; baseline 0.004 -11"><span class='ocrx_word' id='word_1_853' title='bbox 283 2402 292 2418; x_wconf 73' lang='grc' dir='ltr'><strong>ι</strong></span> <span class='ocrx_word' id='word_1_854' title='bbox 311 2392 527 2420; x_wconf 74' lang='grc' dir='ltr'>υιιιηίὺιιδ⁸.Τυιιε</span> <span class='ocrx_word' id='word_1_855' title='bbox 542 2394 612 2419; x_wconf 87' lang='lat' dir='ltr'><strong>enim</strong></span> <span class='ocrx_word' id='word_1_856' title='bbox 626 2393 678 2420; x_wconf 92' lang='lat' dir='ltr'><strong>erit</strong></span> <span class='ocrx_word' id='word_1_857' title='bbox 693 2393 762 2420; x_wconf 77' lang='lat' dir='ltr'><strong>idern</strong></span> <span class='ocrx_word' id='word_1_858' title='bbox 778 2394 847 2427; x_wconf 86' lang='lat' dir='ltr'><strong>quod</strong></span> <span class='ocrx_word' id='word_1_859' title='bbox 864 2393 938 2428; x_wconf 85' lang='lat' dir='ltr'><strong>prius</strong></span> <span class='ocrx_word' id='word_1_860' title='bbox 951 2393 1049 2421; x_wconf 81' lang='lat' dir='ltr'><strong>fuerat.</strong></span> 
     </span>
    </p>
   </div>
   <div class='ocr_carea' id='block_1_93' title="bbox 1108 2392 1899 2431">
    <p class='ocr_par' dir='ltr' id='par_1_93' title="bbox 1108 2394 1899 2431">
     <span class='ocr_line' id='line_1_93' title="bbox 1108 2394 1899 2431; baseline 0.003 -10"><span class='ocrx_word' id='word_1_861' title='bbox 1108 2394 1157 2421; x_wconf 80' lang='lat' dir='ltr'><strong>&#39;am</strong></span> <span class='ocrx_word' id='word_1_862' title='bbox 1175 2395 1266 2422; x_wconf 87' lang='lat' dir='ltr'><strong>multis</strong></span> <span class='ocrx_word' id='word_1_863' title='bbox 1286 2395 1428 2422; x_wconf 85' lang='lat' dir='ltr'><strong>Marcellus</strong></span> <span class='ocrx_word' id='word_1_864' title='bbox 1459 2395 1524 2422; x_wconf 91' lang='lat' dir='ltr'><strong>illud</strong></span> <span class='ocrx_word' id='word_1_865' title='bbox 1545 2395 1611 2431; x_wconf 74' lang='lat' dir='ltr'><strong>egit,</strong></span> <span class='ocrx_word' id='word_1_866' title='bbox 1636 2400 1666 2422; x_wconf 93' lang='lat' dir='ltr'><strong>ut</strong></span> <span class='ocrx_word' id='word_1_867' title='bbox 1692 2395 1811 2423; x_wconf 83' lang='lat' dir='ltr'><strong>revelata</strong></span> <span class='ocrx_word' id='word_1_868' title='bbox 1829 2395 1899 2423; x_wconf 77' lang='lat' dir='ltr'><strong>facie</strong></span> 
     </span>
    </p>
   </div>
   <div class='ocr_carea' id='block_1_94' title="bbox 281 2439 1897 2476">
    <p class='ocr_par' dir='ltr' id='par_1_94' title="bbox 281 2439 1897 2476">
     <span class='ocr_line' id='line_1_94' title="bbox 281 2439 1897 2476; baseline 0.002 -10"><span class='ocrx_word' id='word_1_869' title='bbox 281 2439 326 2466; x_wconf 87' lang='lat' dir='ltr'><strong>Dei</strong></span> <span class='ocrx_word' id='word_1_870' title='bbox 350 2439 446 2466; x_wconf 86' lang='lat' dir='ltr'><strong>Filiqu</strong></span> <span class='ocrx_word' id='word_1_871' title='bbox 469 2441 564 2475; x_wconf 88' lang='lat' dir='ltr'><strong>ejuret.</strong></span> <span class='ocrx_word' id='word_1_872' title='bbox 593 2441 621 2467; x_wconf 69' lang='lat' dir='ltr'><strong>Si</strong></span> <span class='ocrx_word' id='word_1_873' title='bbox 637 2440 708 2467; x_wconf 87' lang='lat' dir='ltr'><strong>euitn</strong></span> <span class='ocrx_word' id='word_1_874' title='bbox 726 2447 795 2467; x_wconf 90' lang='lat' dir='ltr'><strong>unus</strong></span> <span class='ocrx_word' id='word_1_875' title='bbox 819 2444 900 2473; x_wconf 88' lang='lat' dir='ltr'><strong>atque</strong></span> <span class='ocrx_word' id='word_1_876' title='bbox 914 2441 982 2468; x_wconf 86' lang='lat' dir='ltr'><strong>idem</strong></span> <span class='ocrx_word' id='word_1_877' title='bbox 999 2447 1058 2468; x_wconf 89' lang='lat' dir='ltr'><strong>erat</strong></span> <span class='ocrx_word' id='word_1_878' title='bbox 1079 2442 1161 2472; x_wconf 89' lang='lat' dir='ltr'><strong>Deus.</strong></span> <span class='ocrx_word' id='word_1_879' title='bbox 1177 2447 1204 2469; x_wconf 91' lang='lat' dir='ltr'><strong>et</strong></span> <span class='ocrx_word' id='word_1_880' title='bbox 1215 2442 1285 2476; x_wconf 89' lang='lat' dir='ltr'><strong>quod</strong></span> <span class='ocrx_word' id='word_1_881' title='bbox 1299 2442 1325 2468; x_wconf 92' lang='lat' dir='ltr'><strong>iu</strong></span> <span class='ocrx_word' id='word_1_882' title='bbox 1338 2441 1392 2468; x_wconf 81' lang='lat' dir='ltr'><strong>Deo</strong></span> <span class='ocrx_word' id='word_1_883' title='bbox 1401 2446 1459 2468; x_wconf 88' lang='lat' dir='ltr'><strong>erat</strong></span> <span class='ocrx_word' id='word_1_884' title='bbox 1469 2441 1598 2473; x_wconf 85' lang='lat' dir='ltr'><strong>Verbum,</strong></span> <span class='ocrx_word' id='word_1_885' title='bbox 1626 2446 1654 2468; x_wconf 87' lang='lat' dir='ltr'><strong>et</strong></span> <span class='ocrx_word' id='word_1_886' title='bbox 1682 2449 1762 2469; x_wconf 90' lang='lat' dir='ltr'><strong>nemo</strong></span> <span class='ocrx_word' id='word_1_887' title='bbox 1777 2449 1897 2476; x_wconf 84' lang='lat' dir='ltr'><strong>unquam</strong></span> 
     </span>
    </p>
   </div>
   <div class='ocr_carea' id='block_1_95' title="bbox 281 2484 1899 2522">
    <p class='ocr_par' dir='ltr' id='par_1_95' title="bbox 281 2484 1899 2522">
     <span class='ocr_line' id='line_1_95' title="bbox 281 2484 1899 2522; baseline 0.001 -10"><span class='ocrx_word' id='word_1_888' title='bbox 281 2485 444 2520; x_wconf 84' lang='lat' dir='ltr'><strong>sibimetipsi</strong></span> <span class='ocrx_word' id='word_1_889' title='bbox 462 2486 578 2512; x_wconf 83' lang='lat' dir='ltr'><strong>exsistat</strong></span> <span class='ocrx_word' id='word_1_890' title='bbox 594 2485 684 2517; x_wconf 86' lang='lat' dir='ltr'><strong>Pater,</strong></span> <span class='ocrx_word' id='word_1_891' title='bbox 711 2490 741 2512; x_wconf 87' lang='lat' dir='ltr'><strong>ut</strong></span> <span class='ocrx_word' id='word_1_892' title='bbox 773 2492 823 2513; x_wconf 78' lang='lat' dir='ltr'><strong>nec</strong></span> <span class='ocrx_word' id='word_1_893' title='bbox 847 2485 932 2513; x_wconf 82' lang='lat' dir='ltr'><strong>Filius</strong></span> <span class='ocrx_word' id='word_1_894' title='bbox 958 2486 1101 2521; x_wconf 84' lang='lat' dir='ltr'><strong>quisquam</strong></span> <span class='ocrx_word' id='word_1_895' title='bbox 1122 2486 1173 2514; x_wconf 90' lang='lat' dir='ltr'><strong>sibi</strong></span> <span class='ocrx_word' id='word_1_896' title='bbox 1189 2486 1252 2522; x_wconf 81' lang='lat' dir='ltr'><strong>ipsi,</strong></span> <span class='ocrx_word' id='word_1_897' title='bbox 1265 2488 1311 2521; x_wconf 84' lang='lat' dir='ltr'><strong>qui</strong></span> <span class='ocrx_word' id='word_1_898' title='bbox 1325 2493 1393 2512; x_wconf 90' lang='lat' dir='ltr'><strong>unus</strong></span> <span class='ocrx_word' id='word_1_899' title='bbox 1413 2490 1494 2517; x_wconf 83' lang='lat' dir='ltr'><strong>esset,</strong></span> <span class='ocrx_word' id='word_1_900' title='bbox 1509 2493 1578 2513; x_wconf 89' lang='lat' dir='ltr'><strong>unus</strong></span> <span class='ocrx_word' id='word_1_901' title='bbox 1596 2490 1684 2514; x_wconf 90' lang='lat' dir='ltr'><strong>autem</strong></span> <span class='ocrx_word' id='word_1_902' title='bbox 1699 2485 1772 2513; x_wconf 84' lang='lat' dir='ltr'><strong>solus</strong></span> <span class='ocrx_word' id='word_1_903' title='bbox 1795 2490 1857 2513; x_wconf 89' lang='lat' dir='ltr'><strong>erat</strong></span> <span class='ocrx_word' id='word_1_904' title='bbox 1871 2484 1899 2513; x_wconf 57' lang='lat' dir='ltr'><strong>ei</strong></span> 
     </span>
    </p>
   </div>
   <div class='ocr_carea' id='block_1_96' title="bbox 282 2531 1897 2568">
    <p class='ocr_par' dir='ltr' id='par_1_96' title="bbox 282 2531 1897 2568">
     <span class='ocr_line' id='line_1_96' title="bbox 282 2531 1897 2568; baseline 0 -9"><span class='ocrx_word' id='word_1_905' title='bbox 282 2534 396 2567; x_wconf 79' lang='lat' dir='ltr'><strong>ipsemet</strong></span> <span class='ocrx_word' id='word_1_906' title='bbox 408 2542 457 2561; x_wconf 82' lang='lat' dir='ltr'><strong>suo</strong></span> <span class='ocrx_word' id='word_1_907' title='bbox 477 2533 564 2560; x_wconf 86' lang='lat' dir='ltr'><strong>Verbo</strong></span> <span class='ocrx_word' id='word_1_908' title='bbox 597 2533 676 2565; x_wconf 87' lang='lat' dir='ltr'><strong>Deus,</strong></span> <span class='ocrx_word' id='word_1_909' title='bbox 702 2538 813 2568; x_wconf 87' lang='lat' dir='ltr'><strong>apparet</strong></span> <span class='ocrx_word' id='word_1_910' title='bbox 840 2535 911 2568; x_wconf 91' lang='lat' dir='ltr'><strong>quod</strong></span> <span class='ocrx_word' id='word_1_911' title='bbox 930 2542 982 2561; x_wconf 92' lang='lat' dir='ltr'><strong>non</strong></span> <span class='ocrx_word' id='word_1_912' title='bbox 1002 2539 1061 2561; x_wconf 85' lang='lat' dir='ltr'><strong>erat</strong></span> <span class='ocrx_word' id='word_1_913' title='bbox 1081 2535 1170 2568; x_wconf 81' lang='lat' dir='ltr'><strong>Pater,</strong></span> <span class='ocrx_word' id='word_1_914' title='bbox 1200 2542 1263 2562; x_wconf 90' lang='lat' dir='ltr'><strong>cum</strong></span> <span class='ocrx_word' id='word_1_915' title='bbox 1292 2534 1413 2561; x_wconf 91' lang='lat' dir='ltr'><strong>nondum</strong></span> <span class='ocrx_word' id='word_1_916' title='bbox 1440 2537 1561 2560; x_wconf 77' lang='lat' dir='ltr'><strong>exstaret</strong></span> <span class='ocrx_word' id='word_1_917' title='bbox 1595 2533 1678 2568; x_wconf 83' lang='lat' dir='ltr'><strong>ipsius</strong></span> <span class='ocrx_word' id='word_1_918' title='bbox 1699 2531 1803 2560; x_wconf 80' lang='lat' dir='ltr'><strong>Filius:</strong></span> <span class='ocrx_word' id='word_1_919' title='bbox 1820 2532 1897 2563; x_wconf 86' lang='lat' dir='ltr'><strong>item,</strong></span> 
     </span>
    </p>
   </div>
   <div class='ocr_carea' id='block_1_97' title="bbox 281 2578 1061 2612">
    <p class='ocr_par' dir='ltr' id='par_1_97' title="bbox 281 2578 1061 2612">
     <span class='ocr_line' id='line_1_97' title="bbox 281 2578 1061 2612; baseline 0.004 -9"><span class='ocrx_word' id='word_1_920' title='bbox 281 2580 352 2612; x_wconf 78' lang='lat' dir='ltr'><strong>quod</strong></span> <span class='ocrx_word' id='word_1_921' title='bbox 366 2587 417 2606; x_wconf 87' lang='lat' dir='ltr'><strong>non</strong></span> <span class='ocrx_word' id='word_1_922' title='bbox 429 2584 486 2606; x_wconf 83' lang='lat' dir='ltr'><strong>erat</strong></span> <span class='ocrx_word' id='word_1_923' title='bbox 505 2578 598 2612; x_wconf 80' lang='lat' dir='ltr'><strong>Filius,</strong></span> <span class='ocrx_word' id='word_1_924' title='bbox 612 2587 673 2606; x_wconf 92' lang='lat' dir='ltr'><strong>cum</strong></span> <span class='ocrx_word' id='word_1_925' title='bbox 698 2580 815 2607; x_wconf 89' lang='lat' dir='ltr'><strong>nondum</strong></span> <span class='ocrx_word' id='word_1_926' title='bbox 832 2583 954 2606; x_wconf 85' lang='lat' dir='ltr'><strong>exstaret</strong></span> <span class='ocrx_word' id='word_1_927' title='bbox 971 2578 1061 2606; x_wconf 86' lang='lat' dir='ltr'><strong>Pater.</strong></span> 
     </span>
    </p>
   </div>
   <div class='ocr_carea' id='block_1_98' title="bbox 318 2625 1053 2660">
    <p class='ocr_par' dir='ltr' id='par_1_98' title="bbox 318 2625 1053 2660">
     <span class='ocr_line' id='line_1_98' title="bbox 318 2625 1053 2660; baseline 0.001 -9"><span class='ocrx_word' id='word_1_928' title='bbox 318 2625 355 2652; x_wconf 68' lang='lat' dir='ltr'><strong>lix</strong></span> <span class='ocrx_word' id='word_1_929' title='bbox 374 2625 515 2653; x_wconf 82' lang='lat' dir='ltr'><strong>antedictis</strong></span> <span class='ocrx_word' id='word_1_930' title='bbox 529 2626 589 2652; x_wconf 89' lang='lat' dir='ltr'><strong>ideo</strong></span> <span class='ocrx_word' id='word_1_931' title='bbox 603 2626 892 2660; x_wconf 73' lang='lat' dir='ltr'><strong>cognoscimusqttaset</strong></span> <span class='ocrx_word' id='word_1_932' title='bbox 904 2626 992 2660; x_wconf 84' lang='lat' dir='ltr'><strong>qualia</strong></span> <span class='ocrx_word' id='word_1_933' title='bbox 1003 2627 1053 2652; x_wconf 86' lang='lat' dir='ltr'><strong>iste</strong></span> 
     </span>
    </p>
   </div>
   <div class='ocr_carea' id='block_1_99' title="bbox 282 2671 1053 2704">
    <p class='ocr_par' dir='ltr' id='par_1_99' title="bbox 282 2671 1053 2704">
     <span class='ocr_line' id='line_1_99' title="bbox 282 2671 1053 2704; baseline 0 -6"><span class='ocrx_word' id='word_1_934' title='bbox 282 2671 362 2698; x_wconf 85' lang='lat' dir='ltr'><strong>homo</strong></span> <span class='ocrx_word' id='word_1_935' title='bbox 371 2676 566 2699; x_wconf 87' lang='lat' dir='ltr'><strong>commentatus</strong></span> <span class='ocrx_word' id='word_1_936' title='bbox 575 2677 625 2704; x_wconf 85' lang='lat' dir='ltr'><strong>cst,</strong></span> <span class='ocrx_word' id='word_1_937' title='bbox 637 2671 669 2698; x_wconf 89' lang='lat' dir='ltr'><strong>de</strong></span> <span class='ocrx_word' id='word_1_938' title='bbox 680 2671 768 2698; x_wconf 85' lang='lat' dir='ltr'><strong>Verbo</strong></span> <span class='ocrx_word' id='word_1_939' title='bbox 779 2671 825 2698; x_wconf 82' lang='lat' dir='ltr'><strong>Dei</strong></span> <span class='ocrx_word' id='word_1_940' title='bbox 835 2679 888 2698; x_wconf 92' lang='lat' dir='ltr'><strong>non</strong></span> <span class='ocrx_word' id='word_1_941' title='bbox 897 2672 1053 2704; x_wconf 82' lang='lat' dir='ltr'><strong>exsistente,</strong></span> 
     </span>
    </p>
   </div>
   <div class='ocr_carea' id='block_1_100' title="bbox 1147 2619 1896 2658">
    <p class='ocr_par' dir='ltr' id='par_1_100' title="bbox 1147 2619 1896 2658">
     <span class='ocr_line' id='line_1_100' title="bbox 1147 2619 1896 2658; baseline -0.003 -9"><span class='ocrx_word' id='word_1_942' title='bbox 1147 2623 1243 2650; x_wconf 78' lang='grc' dir='ltr'>Ὀποῐα</span> <span class='ocrx_word' id='word_1_943' title='bbox 1258 2622 1307 2657; x_wconf 84' lang='grc' dir='ltr'>μὲν</span> <span class='ocrx_word' id='word_1_944' title='bbox 1317 2621 1364 2649; x_wconf 82' lang='grc' dir='ltr'>οὖν</span> <span class='ocrx_word' id='word_1_945' title='bbox 1380 2622 1442 2657; x_wconf 72' lang='grc' dir='ltr'>περὶ</span> <span class='ocrx_word' id='word_1_946' title='bbox 1458 2622 1504 2649; x_wconf 78' lang='grc' dir='ltr'>τοῦ</span> <span class='ocrx_word' id='word_1_947' title='bbox 1522 2622 1587 2658; x_wconf 79' lang='grc' dir='ltr'>μηδὲ</span> <span class='ocrx_word' id='word_1_948' title='bbox 1599 2619 1678 2654; x_wconf 85' lang='grc' dir='ltr'>εἶναι,</span> <span class='ocrx_word' id='word_1_949' title='bbox 1694 2620 1762 2658; x_wconf 74' lang='grc' dir='ltr'>μηδὲ</span> <span class='ocrx_word' id='word_1_950' title='bbox 1778 2623 1896 2656; x_wconf 78' lang='grc' dir='ltr'>προῦφε-</span> 
     </span>
    </p>
   </div>
   <div class='ocr_carea' id='block_1_101' title="bbox 1110 2666 1894 2703">
    <p class='ocr_par' dir='ltr' id='par_1_101' title="bbox 1110 2666 1894 2703">
     <span class='ocr_line' id='line_1_101' title="bbox 1110 2666 1894 2703; baseline -0.004 -7"><span class='ocrx_word' id='word_1_951' title='bbox 1110 2670 1204 2697; x_wconf 80' lang='grc' dir='ltr'>στάναι</span> <span class='ocrx_word' id='word_1_952' title='bbox 1231 2670 1276 2697; x_wconf 82' lang='grc' dir='ltr'><strong>τὸν</strong></span> <span class='ocrx_word' id='word_1_953' title='bbox 1305 2669 1351 2696; x_wconf 83' lang='grc' dir='ltr'>τοῦ</span> <span class='ocrx_word' id='word_1_954' title='bbox 1379 2669 1447 2695; x_wconf 83' lang='grc' dir='ltr'>Θεοῦ</span> <span class='ocrx_word' id='word_1_955' title='bbox 1478 2669 1550 2701; x_wconf 84' lang='grc' dir='ltr'>Υἱὸν,</span> <span class='ocrx_word' id='word_1_956' title='bbox 1577 2667 1703 2703; x_wconf 61' lang='grc' dir='ltr'>ψιλὸν-δὲ</span> <span class='ocrx_word' id='word_1_957' title='bbox 1722 2667 1808 2701; x_wconf 87' lang='grc' dir='ltr'>Λόγον</span> <span class='ocrx_word' id='word_1_958' title='bbox 1823 2666 1894 2694; x_wconf 67' lang='grc' dir='ltr'>ἑνῶν</span> 
     </span>
    </p>
   </div>
   <div class='ocr_carea' id='block_1_102' title="bbox 321 2753 1651 2793">
    <p class='ocr_par' dir='ltr' id='par_1_102' title="bbox 321 2753 1651 2793">
     <span class='ocr_line' id='line_1_102' title="bbox 321 2753 1651 2793; baseline -0.002 -10"><span class='ocrx_word' id='word_1_959' title='bbox 321 2757 350 2787; x_wconf 58' lang='lat' dir='ltr'><strong>ﬁt</strong></span> <span class='ocrx_word' id='word_1_960' title='bbox 369 2755 419 2784; x_wconf 83' lang='lat' dir='ltr'><strong>Ed.</strong></span> <span class='ocrx_word' id='word_1_961' title='bbox 431 2756 531 2790; x_wconf 86' lang='lat' dir='ltr'><strong>Paris.,</strong></span> <span class='ocrx_word' id='word_1_962' title='bbox 549 2765 610 2793; x_wconf 78' lang='lat' dir='ltr'><strong>pag.</strong></span> <span class='ocrx_word' id='word_1_963' title='bbox 628 2757 673 2785; x_wconf 71' lang='grc'><strong>42.</strong></span> <span class='ocrx_word' id='word_1_964' title='bbox 719 2758 727 2773; x_wconf 85' lang='grc'>¹</span> <span class='ocrx_word' id='word_1_965' title='bbox 746 2757 823 2785; x_wconf 86' lang='lat' dir='ltr'><strong>Deut.</strong></span> <span class='ocrx_word' id='word_1_966' title='bbox 839 2765 881 2788; x_wconf 84' lang='lat' dir='ltr'><strong>ut.</strong></span> <span class='ocrx_word' id='word_1_967' title='bbox 895 2756 947 2788; x_wconf 66' lang='grc' dir='ltr'>εις</span> <span class='ocrx_word' id='word_1_968' title='bbox 961 2764 998 2789; x_wconf 80' lang='grc' dir='ltr'><strong>ιν,</strong></span> <span class='ocrx_word' id='word_1_969' title='bbox 1011 2757 1055 2784; x_wconf 77' lang='lat'><strong>39.</strong></span> <span class='ocrx_word' id='word_1_970' title='bbox 1070 2756 1122 2785; x_wconf 87' lang='lat' dir='ltr'><strong>lsa.</strong></span> <span class='ocrx_word' id='word_1_971' title='bbox 1136 2756 1278 2789; x_wconf 71' lang='lat' dir='ltr'><strong>t.xvut,l2.</strong></span> <span class='ocrx_word' id='word_1_972' title='bbox 1300 2755 1310 2770; x_wconf 88' lang='lat'><strong><em>‘</em></strong></span> <span class='ocrx_word' id='word_1_973' title='bbox 1324 2754 1405 2783; x_wconf 84' lang='lat' dir='ltr'><strong>iCor.</strong></span> <span class='ocrx_word' id='word_1_974' title='bbox 1423 2761 1469 2788; x_wconf 79' lang='lat' dir='ltr'><strong>xv,</strong></span> <span class='ocrx_word' id='word_1_975' title='bbox 1482 2753 1528 2782; x_wconf 62' lang='lat'><strong>98.</strong></span> <span class='ocrx_word' id='word_1_976' title='bbox 1563 2753 1575 2769; x_wconf 82' lang='grc'><strong><em>³</em></strong></span> <span class='ocrx_word' id='word_1_977' title='bbox 1587 2753 1651 2782; x_wconf 89' lang='lat' dir='ltr'><strong>ibid.</strong></span> 
     </span>
    </p>
   </div>
   <div class='ocr_carea' id='block_1_103' title="bbox 320 2816 1056 2860">
    <p class='ocr_par' dir='ltr' id='par_1_103' title="bbox 320 2823 1056 2860">
     <span class='ocr_line' id='line_1_103' title="bbox 320 2823 1056 2860; baseline 0 -10"><span class='ocrx_word' id='word_1_978' title='bbox 320 2823 376 2859; x_wconf 81' lang='lat'><strong>(5|)</strong></span> <span class='ocrx_word' id='word_1_979' title='bbox 398 2823 498 2851; x_wconf 74' lang='grc' dir='ltr'><em>Πάντα</em></span> <span class='ocrx_word' id='word_1_980' title='bbox 524 2826 573 2852; x_wconf 74' lang='grc' dir='ltr'>καὶ</span> <span class='ocrx_word' id='word_1_981' title='bbox 594 2826 629 2852; x_wconf 81' lang='grc' dir='ltr'><strong>ἐν</strong></span> <span class='ocrx_word' id='word_1_982' title='bbox 654 2825 728 2853; x_wconf 81' lang='grc' dir='ltr'>πᾶσι</span> <span class='ocrx_word' id='word_1_983' title='bbox 752 2825 886 2859; x_wconf 72' lang='grc' dir='ltr'>Χριστός.</span> <span class='ocrx_word' id='word_1_984' title='bbox 903 2823 958 2852; x_wconf 82' lang='grc' dir='ltr'>Ιωο</span> <span class='ocrx_word' id='word_1_985' title='bbox 980 2825 1056 2860; x_wconf 53' lang='grc' dir='ltr'>Θεόςη</span> 
     </span>
    </p>
   </div>
   <div class='ocr_carea' id='block_1_104' title="bbox 1108 2816 1896 2860">
    <p class='ocr_par' dir='ltr' id='par_1_104' title="bbox 1115 2816 1896 2860">
     <span class='ocr_line' id='line_1_104' title="bbox 1115 2816 1896 2860; baseline -0.008 -9"><span class='ocrx_word' id='word_1_986' title='bbox 1115 2824 1195 2858; x_wconf 68' lang='lat' dir='ltr'><strong>vulgo</strong></span> <span class='ocrx_word' id='word_1_987' title='bbox 1215 2824 1289 2860; x_wconf 67' lang='grc' dir='ltr'>αὐτῷ</span> <span class='ocrx_word' id='word_1_988' title='bbox 1307 2825 1393 2852; x_wconf 79' lang='grc' dir='ltr'>πάντα</span> <span class='ocrx_word' id='word_1_989' title='bbox 1410 2827 1436 2850; x_wconf 86' lang='lat' dir='ltr'><strong>et</strong></span> <span class='ocrx_word' id='word_1_990' title='bbox 1452 2821 1522 2850; x_wconf 75' lang='lat' dir='ltr'><strong>infra</strong></span> <span class='ocrx_word' id='word_1_991' title='bbox 1547 2821 1635 2857; x_wconf 74' lang='grc' dir='ltr'>ἑαυτῷ</span> <span class='ocrx_word' id='word_1_992' title='bbox 1649 2826 1674 2850; x_wconf 85' lang='lat' dir='ltr'><strong>et</strong></span> <span class='ocrx_word' id='word_1_993' title='bbox 1696 2821 1741 2848; x_wconf 80' lang='grc' dir='ltr'><strong>τὸν</strong></span> <span class='ocrx_word' id='word_1_994' title='bbox 1759 2817 1804 2847; x_wconf 78' lang='grc' dir='ltr'>τοῦ</span> <span class='ocrx_word' id='word_1_995' title='bbox 1823 2816 1896 2846; x_wconf 61' lang='grc' dir='ltr'>ωιὸ</span> 
     </span>
    </p>
   </div>
   <div class='ocr_carea' id='block_1_105' title="bbox 285 2859 1218 2898">
    <p class='ocr_par' dir='ltr' id='par_1_105' title="bbox 285 2859 1218 2898">
     <span class='ocr_line' id='line_1_105' title="bbox 285 2859 1218 2898; baseline 0 -12"><span class='ocrx_word' id='word_1_996' title='bbox 285 2861 355 2898; x_wconf 66' lang='lat' dir='ltr'><strong>apud</strong></span> <span class='ocrx_word' id='word_1_997' title='bbox 365 2859 520 2895; x_wconf 77' lang='lat' dir='ltr'><strong>Apostolum</strong></span> <span class='ocrx_word' id='word_1_998' title='bbox 528 2866 554 2888; x_wconf 90' lang='lat' dir='ltr'><strong>ct</strong></span> <span class='ocrx_word' id='word_1_999' title='bbox 566 2861 599 2889; x_wconf 86' lang='lat' dir='ltr'><strong>de</strong></span> <span class='ocrx_word' id='word_1_1000' title='bbox 611 2863 743 2889; x_wconf 84' lang='lat' dir='ltr'><strong>sententia</strong></span> <span class='ocrx_word' id='word_1_1001' title='bbox 753 2861 880 2888; x_wconf 78' lang='lat' dir='ltr'><strong>Marcelli.</strong></span> <span class='ocrx_word' id='word_1_1002' title='bbox 894 2860 927 2887; x_wconf 85' lang='grc' dir='ltr'><strong>Μ.</strong></span> <span class='ocrx_word' id='word_1_1003' title='bbox 939 2875 972 2880; x_wconf 89' lang='lat'><strong>——</strong></span> <span class='ocrx_word' id='word_1_1004' title='bbox 985 2859 1069 2896; x_wconf 77' lang='lat' dir='ltr'><strong>Supra</strong></span> <span class='ocrx_word' id='word_1_1005' title='bbox 1124 2860 1218 2895; x_wconf 86' lang='grc' dir='ltr'>Λόγον.</span> 
     </span>
    </p>
   </div>
  </div>
