4098 6200
408 236 510 291 8ίῚ

1537 234 1815 292 CONTRA
1858 234 2280 291 MARCELLUM
2317 238 2444 293 LIB.
2483 240 2550 294 ll.

3530 243 3633 298 802

415 375 432 404 ε
475 369 592 416 ται,
616 351 812 405 κτίσινο
856 370 874 403 s
919 350 1009 403 καὶ
1053 348 1311 419 ὲπιλέγεν
1360 369 1377 401 s
1420 352 1495 404 Οὐ
1536 353 1713 405 τοίνυν
1756 370 1909 417 ουτος
1954 354 1980 406 6

2089 373 2108 405 ι
2148 355 2327 410 omnia
2384 354 2501 428 ipse
2531 353 2775 409 conditus
2806 352 2897 419 sit,
2932 352 3025 407 sed
3059 361 3281 422 propter
3306 352 3450 409 illam
3482 371 3632 410 suum

413 465 433 496 ς
477 442 782 513 ἀγιώτατος
809 442 975 509 Λόγος
1010 441 1116 512 πρὸ
1140 442 1241 512 τῆς
1269 442 1729 515 ὲνανθρωπήσεως
1761 446 1979 517 Πρωτό-

417 556 435 588 s
479 553 641 599 τοκος
670 534 884 605 ἀπάσης
907 532 1133 595 κτίσεως
1160 533 1441 605 ὼνόμαστο
1476 536 1614 606 (πῶς
1633 536 1742 607 γὰρ
1760 537 1980 592 δυνατὸν

419 647 439 679 ι
482 627 577 682 τὸν
617 627 704 681 ἀεὶ
739 626 863 680 ὅντα
898 625 1235 695 πρωτότοκον
1275 623 1414 679 εἷναί
1468 644 1649 691 τινος;
1679 628 1697 699 )
1731 628 1863 683 ἀλλὰ
1890 631 1980 684 τδν

420 738 439 769 ι
483 716 695 790 πρῶτον
728 715 909 769 καινὸν
951 714 1252 787 ἄνθρωπον,
1282 718 1360 780 είς
1385 716 1444 770 δν
1470 718 1538 771 τὰ
1566 718 1743 772 πάντα
1781 720 1979 773 ἀνακε-

422 830 440 860 ι
487 806 889 879 φαλαιώσασθαι
940 806 1204 878 ἐϐουλήθη
1244 808 1273 860 6
1308 807 1458 872 Θεὸς,
1504 808 1690 863 τοῦτον
1745 812 1803 863 al
1845 812 1978 865 θεῖαι

424 920 443 952 ι
483 900 692 972 Γραφαὶ
716 897 1062 970 Πρωτότοκον
1099 899 1279 968 πάσης
1321 898 1645 969 ὀνομάζουσι
1675 900 1919 965 κτίσεως,
1954 922 1973 954 ι

418 992 526 1045 Καὶ
550 986 700 1053 αὖθις
728 989 977 1060 ἐπιφέρει
997 1006 1010 1019 ·
1041 1008 1059 1041 ι
1102 988 1340 1054 Ἀκούεις
1368 990 1515 1053 ὅπως
1553 991 1612 1044 ού
1656 993 1812 1062 μόνον
1845 992 1979 1045 ταῦ-

421 1103 441 1135 ι
478 1102 565 1151 τα,
593 1081 728 1137 ἀλλά
769 1083 861 1135 καὶ
898 1081 968 1135 τά
1003 1082 1420 1154 προῦπάρχοντα
1446 1082 1502 1136 ἐν
1523 1100 1580 1135 τε
1610 1084 1856 1155 οὐρανοῖς
1887 1085 1979 1137 καὶ

421 1198 436 1229 ι
476 1178 569 1230 ἐπὶ
593 1177 692 1247 τῆς
722 1176 824 1247 γῆς
853 1176 910 1227 έν
940 1175 1088 1246 αύτῷ
1111 1177 1248 1230 κατὰ
1279 1176 1376 1247 τὴν
1409 1176 1599 1248 καινὴν
1632 1178 1805 1231 κτίσιν
1832 1178 1978 1230 ἐκτί-

417 1289 437 1320 s
479 1268 601 1322 σθαι
624 1268 927 1339 συμϐαίνει.
964 1287 982 1320 ι
1020 1267 1202 1323 Ταῦτα
1235 1268 1330 1340 μὲν
1362 1265 1453 1323 οὖν
1487 1270 1553 1323 δι’
1588 1264 1662 1324 ὧν
1700 1271 1979 1341 Πρωτότο-

409 1379 506 1417 κον
538 1362 721 1432 πάσης
749 1361 975 1423 κτίσεως
1027 1360 1114 1413 διὰ
1152 1359 1249 1431 τὴν
1282 1361 1458 1432 σάρκα
1486 1361 1646 1415 αὑτὸν
1670 1361 1979 1433 ὠνομάσθαι

408 1455 621 1525 εἴρηκε.
678 1452 787 1504 Θέα
825 1451 881 1504 δὲ
913 1452 1057 1514 ὅπως
1086 1451 1178 1504 καὶ
1204 1451 1286 1518 τὸ,
1312 1453 1523 1521 Κύριος
1551 1453 1752 1507 ἐκτισέ
1773 1470 1850 1522 με
1885 1454 1981 1521 ἀρ-

410 1546 536 1617 χὴν
552 1543 709 1599 ὁδῶν
728 1544 914 1599 αὑτοῦ
943 1547 1028 1611 εἰς
1048 1545 1190 1614 ἔργα
1206 1543 1415 1610 αὐτοῦ,
1441 1545 1601 1597 πάλιν
1624 1545 1714 1598 ἐπὶ
1735 1546 1834 1617 τὴν
1857 1546 1983 1617 σάρ-

412 1656 485 1693 κα
512 1638 802 1709 ἀναφέρει·
841 1636 915 1708 μὴ
945 1636 1223 1707 προσέχων
1252 1638 1317 1707 τῇ
1347 1635 1465 1707 θείᾳ
1493 1637 1680 1708 Γραφῇ
1712 1637 1775 1689 ἐκ
1808 1654 1978 1709 προσ-

2085 466 2103 499 ι
2135 448 2431 502 secundum
2458 460 2675 500 carnem
2702 445 3124 514 generationem.
3163 463 3182 497 ι
3220 446 3381 500 Addit
3420 456 3633 504 autem:

2084 555 2103 587 ι
2135 536 2397 603 Quocirca
2422 536 2823 591 sanctissimum
2869 536 3009 589 istud
3043 536 3299 601 Verbum,
3347 551 3450 591 non
3482 537 3631 592 dice—

2084 645 2101 677 ι
2134 627 2292 681 batur
2323 636 2448 680 ante
2472 642 2621 680 suam
2668 627 3119 690 incarnationem,
3166 628 3342 683 omnis
3369 640 3635 684 creatura:

2085 737 2103 769 ι
2143 717 2559 787 Primogenitus.
2609 717 2739 771 Nam
2772 720 3042 787 quomodo
3090 720 3203 773 ﬁeri
3237 730 3467 789 poterat,
3502 732 3558 774 ut
3589 722 3636 775 is

2084 824 2103 856 ι
2133 806 2222 874 qui
2246 821 2463 876 semper
2483 817 2623 873 erat,
2650 807 2877 876 alicujus
2905 819 3050 862 esset
3078 810 3472 878 primogenitus
3495 810 3518 863 ?
3540 813 3635 865 sed

2085 919 2103 951 ι
2136 901 2341 969 primus
2378 899 2465 953 ille
2490 914 2659 953 novus
2687 900 2871 966 homo,
2910 901 2959 953 in
2985 914 3146 969 quem
3205 900 3380 955 omnia
3424 901 3634 955 volebat

2085 1010 2101 1040 ι
2141 990 2278 1043 Deus
2311 989 2640 1053 recolligere,
2666 988 2711 1043 is
2733 990 2784 1042 in
2812 1004 2965 1044 sacra
2991 989 3270 1058 Scriptura
3298 991 3631 1057 nominatur,

2084 1101 2102 1133 ι
2133 1082 2310 1136 omnis
2335 1094 2602 1136 creatura:
2644 1080 3089 1151 Primogenitus.»
3124 1081 3291 1136 Infert
3318 1093 3449 1137 tum:
3480 1103 3497 1134 ι
3521 1086 3633 1138 Αυ-

2085 1192 2103 1225 ι
2144 1175 2246 1240 dis,
2273 1182 2330 1228 ut
2358 1189 2461 1227 non
2493 1174 2668 1228 solum
2702 1173 2937 1240 ista,sed
2968 1185 3021 1229 et
3050 1174 3142 1228 illa
3171 1175 3352 1229 omnia
3380 1178 3634 1243 μισθυοιεὶ-

2084 1282 2102 1315 ι
2140 1264 2333 1319 stentia
2358 1264 2472 1319 sive
2505 1278 2668 1334 super
2691 1273 2889 1319 terram
2926 1281 3019 1320 seu
3063 1266 3118 1320 in
3151 1267 3327 1333 caelis,
3360 1267 3412 1321 in
3432 1266 3521 1322 illo
3546 1283 3633 1323 se-

2084 1375 2101 1408 ι
2134 1358 2369 1411 cundum
2398 1372 2593 1411 novam
2620 1356 2759 1411 hanc
2788 1358 3121 1412 creationem
3173 1360 3572 1415 condebantur.
3611 1379 3628 1410 ι

2077 1449 2254 1516 Atque
2284 1448 2399 1503 haec
2428 1458 2556 1504 sunt
2579 1448 2665 1502 illa
2692 1449 2890 1518 quibus
2915 1452 3232 1520 pronuntiat
3259 1451 3406 1506 illum
3432 1453 3632 1507 dictum

2077 1540 2255 1596 omnis
2277 1551 2542 1596 creatura:
2581 1539 3009 1611 Primogenitum
3042 1556 3258 1613 propter
3302 1556 3632 1616 assumptam

2080 1648 2321 1688 carnem.
2350 1631 2483 1687 Vide
2515 1642 2692 1687 autem
2724 1634 2956 1704 qualiter
2985 1635 3051 1689 ad
3085 1650 3303 1690 carnem
3334 1652 3551 1706 quoque
3580 1646 3634 1691 et

412 1729 563 1783 ὡπου
600 1730 697 1799 τῆς
739 1728 926 1797 σοφίας
967 1730 1024 1782 ὲν
1062 1731 1179 1791 ταῖς
1209 1729 1535 1799 Παροιμίαις
1566 1728 1753 1781 τοῦτον
1784 1729 1974 1798 λεγού-

2082 1724 2208 1779 illud
2238 1724 2455 1789 referat,
2490 1724 2743 1780 Dominus
2770 1726 3005 1779 condidit
3062 1744 3141 1781 me
3182 1728 3494 1798 principium
3523 1733 3634 1783 via-

414 1837 488 1892 σῃ
524 1820 616 1872 τὸν
645 1819 842 1890 τρόπον
861 1835 874 1848 ο
928 1817 1067 1888 Ἐγὼ
1092 1817 1130 1884 ἠ
1162 1818 1346 1885 σοφία
1378 1815 1807 1883 κατεσκήνωσα
1826 1818 1976 1881 ,βου-

416 1908 563 1977 λὴν,
599 1910 696 1963 καί
726 1909 932 1973 δόξαν,
968 1907 1065 1961 καί
1089 1908 1329 1962 ἔννοιαν
1351 1908 1466 1979 ἐγὼ
1490 1908 1974 1979 έπεκαλεσάμην.

419 2002 493 2055 δι’
517 2002 660 2071 ἐμοῦ
681 2002 962 2068 βασιλεῖς
982 2002 1406 2067 βασιλεύουσι,
1453 2001 1552 2055 καὶ
1597 2004 1649 2055 ol
1686 2000 1979 2055 δυνάσται

418 2094 807 2161 δικαιοσύνην
834 2092 1186 2162 γράφουσιν.
1227 2086 1321 2155 Uir;
1350 2092 1475 2163 ὲξῆς
1502 2092 1738 2160 ἐπιλέγει
1782 2094 1815 2164 ἡ
1840 2092 1977 2164 αὐτὴ

417 2175 611 2255 Σοφία·
658 2187 755 2239 Ἐν
783 2184 943 2252 ὁδοῖς
969 2184 1354 2251 δικαιοσύνης
1390 2182 1706 2252 περιπατῶ,
1734 2183 1831 2236 καὶ
1863 2184 1978 2237 ἀνὰ

408 2276 603 2345 μέσον
623 2278 835 2344 τρΙὸων
855 2275 1241 2345 δικαιώματος
1262 2274 1726 2344 ἀναστρέφομαι,
1756 2275 1856 2327 ἵνα
1876 2291 1979 2343 με-

406 2368 560 2436 ρίσω
603 2366 727 2432 τοῖς
778 2366 881 2435 ἐμὲ
919 2365 1232 2436 ἀγαπῶσιν
1258 2366 1535 2435 ὕπαρξιν,
1573 2366 1669 2421 καί
1707 2366 1850 2433 τοὺς
1878 2372 1978 2436 θη-

413 2458 681 2525 σαυροὺς
732 2456 929 2511 αὐτῶν
963 2456 1251 2526 ἐμπλήσω
1290 2457 1545 2528 ἀγαθῶν.
1610 2461 1750 2513 Ἐὰν
1797 2460 1976 2530 ἀνατ-

414 2551 592 2619 τείλω
622 2549 763 2619 ὑμῖν
782 2552 853 2604 τὰ
879 2550 1006 2603 καθ’
1037 2549 1265 2619 ἡμέραν
1292 2553 1628 2622 γιγνόμενα,
1640 2555 1976 2622 μνημονεύ-

416 2656 505 2695 σω
564 2644 637 2697 τὰ
683 2642 751 2707 ἐξ
808 2641 1021 2708 αἰῶνος
1080 2642 1417 2712 ἀριθμῆσαι.
1474 2645 1685 2712 Κύριος
1742 2646 1979 2699 ἕκτισέν

414 2749 491 2802 με
546 2732 741 2801 ἀρχὴν
786 2731 939 2786 ὁδῶν
980 2732 1163 2786 αὐτοῦ
1209 2736 1294 2799 εὶς
1327 2733 1469 2802 ἔργα
1494 2734 1699 2799 αὐτοῦ,
1731 2735 1843 2803 πρὸ
1872 2736 1977 2789 τοῦ

420 2823 631 2890 αἰῶνος
662 2825 1008 2893 ἐθεμελίωσέ
1032 2842 1130 2896 με,
1159 2826 1227 2880 ἐν
1257 2826 1413 2896 ἀρχῇ
1441 2829 1552 2894 πρὸ
1587 2828 1692 2881 τοῦ
1717 2827 1833 2894 τὴν
1861 2827 1979 2897 γῆν

421 2915 670 2984 ποιῆσαι
687 2932 701 2947 ο
729 2918 821 2970 καὶ
845 2917 911 2971 τά
936 2918 1143 2982 τούτοις
1182 2920 1453 2991 ἑξῆς(64).
1478 2917 1572 2983 Οἷς
1598 2919 1671 2991 μὴ
1699 2919 1979 2991 βουληθεὶς

420 3009 521 3080 τὴν
534 3008 770 3063 διάνοιαν
784 3010 1065 3081 ἐπιστῆσαι
1082 3011 1415 3083 Μάρκελλος,
1435 3014 1551 3075 ἑνὸς
1565 3012 1619 3064 δὲ
1642 3012 1801 3084 μόνου
1824 3012 1978 3080 γενό-

422 3118 583 3171 μενος
615 3102 834 3169 σκοποῦ,
862 3102 952 3156 τοῦ
983 3103 1057 3175 μὴ
1081 3104 1407 3175 ὁμολογῆσαι
1435 3105 1525 3158 τὸν
1556 3106 1680 3158 Υἱδν
1706 3105 1797 3159 τοῦ
1822 3105 1975 3170 Θεοῦ,

418 3198 517 3268 τὴν
546 3198 905 3269 προκειμένην
938 3197 1213 3266 θεολογίαν
1241 3198 1333 3250 ἐπὶ
1363 3197 1461 3269 τὴν
1490 3199 1664 3270 σάρκα
1699 3198 1976 3269 ἀναφέρει,

416 3287 513 3340 καὶ
556 3287 654 3358 τὴν
688 3288 898 3341 εὐθεῖαν
934 3289 1339 3359 παρεκτραπεὶς
1385 3289 1520 3353 ὁδὸν,
1559 3289 1768 3343 ἀνοδίαν
1806 3290 1979 3361 ἑαυτῷ

416 3379 674 3451 ἐπενόησε
704 3381 928 3451 γράφων
957 3381 1095 3434 κατά
1122 3381 1265 3447 λέξιν
1298 3380 1487 3445 οὕτως·
1526 3399 1545 3431 ι
1584 3383 1656 3435 Τὸ
1678 3381 1858 3435 τοίνυν
1885 3400 1977 3435 κε-

424 3489 442 3520 ι
482 3470 706 3539 φάλαιον
752 3472 899 3524 τουτὶ
945 3472 1041 3542 τῆς
1090 3473 1410 3543 Παροιμίας,
1442 3473 1500 3525 ού
1534 3471 1630 3543 τὴν
1672 3472 1844 3543 ἀρχὴν
1881 3473 1979 3543 τῆς

424 3580 443 3613 ι
483 3562 751 3633 θεότητος,
806 3562 993 3633 ὥσπερ
1044 3564 1193 3617 αὐτοὶ
1236 3562 1532 3634 νομίζουσι,
1582 3563 1677 3616 τοῦ
1733 3564 1979 3636 Σωτῆρος

426 3672 443 3704 ι
480 3652 635 3724 ἡμῶν
663 3654 1004 3725 παραστῆσαι
1037 3652 1372 3724 βουλόμενον,
1402 3656 1615 3723 Κύριος
1652 3653 1855 3708 ἐκτισέ
1879 3670 1975 3723 με,

425 3760 443 3794 ι
483 3743 584 3815 ἔφη
606 3759 619 3774 ·
656 3743 791 3797 ἀλλὰ
818 3744 915 3814 τὴν
942 3743 1197 3815 δευτέραν
1242 3745 1385 3797 κατά
1421 3746 1595 3814 σάρκα
1631 3743 1938 3814 οἰκονομίαν
1960 3760 1973 3773 °

426 3855 443 3887 ι
483 3836 561 3888 διὸ
592 3836 683 3889 καὶ
710 3836 939 3898 κτίσεως
980 3835 1245 3907 μέμνηται
1288 3836 1610 3907 προσφόρως
1645 3839 1739 3906 τῆς
1773 3835 1980 3906 ἀνθρω-

426 3946 443 3978 ι
486 3927 645 3997 πίνης
664 3927 879 3998 σαρκός.
897 3946 911 3975 r
937 3929 1044 3980 Kal
1073 3928 1196 3997 ἑξῆς
1227 3927 1489 3995 ἐπιλέγει·
1531 3947 1548 3978 ι
1572 3928 1684 3980 Ούκ
1709 3925 1801 3979 οὖν
1818 3927 1975 3997 (65)ἡ

425 4039 444 4072 ι
486 4025 659 4085 κτίσις
685 4025 750 4092 τῇ
770 4022 913 4074 κατὰ
950 4021 1230 4093 ἄνθρωπον
1265 4020 1427 4076 αὑτοῦ
1454 4021 1697 4091 διαφέρει
1718 4021 1977 4090 πράγμα-

426 4123 445 4156 ι
483 4107 622 4179 tela.
669 4108 757 4161 Διό
796 4125 958 4179 φησι’
996 4111 1212 4178 Κύριος
1250 4108 1452 4163 ἔκτισέ
1481 4126 1557 4178 με
1591 4109 1787 4177 ἀρχὴν
1825 4107 1980 4162 ὁδῶν

425 4212 445 4247 ι
484 4196 688 4261 αὑτοῦ,
752 4200 840 4264 είς
894 4200 1036 4271 ἔργα
1093 4201 1278 4255 αὐτοῦ
1322 4200 1525 4253 ἔκτισέ
1580 4218 1683 4270 με,
1742 4200 1977 4271 δηλονότι

425 4305 445 4339 ι
484 4287 574 4341 διὰ
599 4288 696 4358 τῆς
726 4289 992 4361 παρθένου
1015 4291 1257 4362 Μαρίας,
1279 4291 1344 4344 δι’
1367 4286 1433 4362 ἦς
1455 4294 1482 4345 6
1506 4291 1636 4354 Θεὸς
1655 4292 1849 4344 ὲνῶσαι
1880 4293 1978 4364 τὴν

2077 1830 2193 1868 rum
2215 1830 2454 1876 suarum,
2498 1814 2566 1867 ad
2603 1832 2757 1882 opera
2790 1832 2887 1867 sua
2920 1816 2939 1845 "
2977 1833 2989 1867 :
3032 1824 3088 1870 et
3141 1831 3352 1870 sacram
3385 1817 3599 1886 Scriptu

2079 1919 2193 1958 ram
2227 1906 2461 1967 attende,
2503 1905 2554 1958 in
2609 1904 2914 1958 Proverbiis
2946 1908 3045 1958 hoc
3078 1906 3236 1960 modo
3264 1906 3573 1975 loquentem
3612 1925 3626 1961 :

2077 1976 2189 2063 E'go
2217 1994 2471 2059 sapientia
2501 1994 2675 2047 habito
2708 1996 2763 2047 in
2796 1994 3035 2059 consilio,
3060 2007 3104 2048 et
3131 1998 3349 2049 eruditis
3377 1998 3630 2050 intersum

2088 2084 2530 2153 cogitationibus:
2560 2102 2651 2153 per
2683 2100 2763 2138 me
2785 2102 2926 2153 reges
2962 2098 3203 2156 regnant,
3223 2097 3273 2141 et
3307 2087 3475 2157 legum
3505 2105 3631 2141 con-

2077 2175 2272 2228 ditares
2290 2174 2439 2243 justa
2472 2174 2754 2229 decernunt
2789 2176 2831 2230 ⁸.
2865 2176 3074 2243 Quibus
3112 2178 3301 2231 eadem
3356 2176 3629 2246 Sapientia

2079 2267 2192 2321 haec
2224 2268 2501 2321 annectit:
2534 2265 2600 2320 ln
2640 2268 2733 2321 viis
2750 2267 2975 2335 justitiaz
3011 2284 3103 2338 ego
3147 2267 3393 2323 ambulo:
3426 2278 3475 2323 et
3502 2286 3630 2323 con-

2079 2376 2253 2414 versor
2282 2361 2338 2414 in
2368 2362 2537 2414 medio
2588 2363 2894 2414 semitarum
2950 2363 3254 2430 mquitatis,
3298 2371 3355 2415 ut
3401 2349 3632 2415 diuidam

2078 2452 2432 2505 exsistentiam
2462 2452 2796 2522 diligentibus
2851 2470 2950 2517 me,
2995 2463 3043 2506 et
3091 2456 3363 2507 thesauros
3397 2455 3632 2523 ipsorum

2078 2542 2143 2593 de
2171 2541 2316 2594 bonis
2363 2542 2623 2608 repleam:
2652 2542 2699 2595 si
2724 2545 2862 2596 vobis
2890 2545 3290 2611 annuntiavero,
3312 2561 3430 2614 qum
3455 2546 3629 2612 quoti-

2078 2633 2163 2685 die
2180 2633 2395 2700 ﬁebant,
2425 2635 2718 2686 memorabo
2742 2636 3017 2688 enuntiare
3045 2652 3161 2705 quae
3193 2650 3341 2689 erant
3369 2637 3630 2690 asteculo.

2082 2723 2334 2777 Dominus
2354 2725 2580 2790 possedit
2623 2740 2701 2777 me
2744 2725 2796 2777 in
2820 2724 2970 2777 initio
2990 2726 3189 2778 viarum
3208 2741 3454 2791 suarum,
3480 2735 3632 2778 ante-

2077 2831 2232 2884 quam
2252 2816 2535 2885 quidquam
2556 2816 2749 2884 faceret
2765 2832 2796 2868 a
2811 2817 3066 2885 principio
3083 2817 3146 2869 ab
3170 2827 3365 2871 aeterno
3385 2817 3631 2871 ordinata

2081 2922 2219 2970 sum,
2248 2908 2299 2959 in
2322 2907 2579 2974 principio
2606 2916 2883 2975 antequam
2905 2918 3098 2959 terram
3115 2909 3353 2962 conderet
3380 2910 3424 2972 ’,
3446 2919 3634 2978 etquae

2080 3009 2425 3065 sequuntur:
2465 2996 2659 3065 quibus
2720 2998 2941 3052 minime
3003 2998 3187 3053 volens
3242 3001 3584 3070 acquiescere
3615 3041 3632 3065 ,

2085 3095 2142 3152 >14
2174 3102 2268 3144 aut
2310 3091 2545 3145 animum
2604 3106 2760 3145 suum
2819 3092 3103 3148 advertere
3153 3091 3460 3157 Marcellus,
3504 3093 3632 3149 illud

2079 3182 2296 3235 unicmn
2347 3182 2555 3236 habens
2610 3183 2661 3236 in
2713 3185 3009 3253 proposito,
3063 3194 3119 3238 ut
3164 3200 3231 3239 ne
3282 3186 3635 3243 conﬁteretur

2079 3271 2273 3325 Filium
2322 3272 2438 3338 Dei,
2464 3273 2607 3327 illam
2647 3284 2773 3330 ante
2818 3275 3017 3329 dictam
3055 3276 3108 3330 in
3143 3275 3449 3334 Proverbiis
3473 3279 3540 3334 de
3567 3294 3635 3335 eo

2081 3364 2439 3433 theologiam,
2488 3366 2554 3419 ad
2604 3381 2822 3420 carnem
2871 3366 3070 3431 refert,
3128 3378 3182 3421 et
3231 3376 3515 3439 postquam
3568 3373 3634 3427 de

2080 3468 2224 3513 recta
2257 3461 2338 3512 via
2372 3458 2755 3523 declinaverat,
2786 3458 2929 3511 invia
2980 3460 3220 3526 quautam
3270 3461 3371 3514 sibi
3421 3466 3635 3533 excogi-

2081 3551 2235 3615 tavit,
2261 3551 2360 3606 ista
2384 3550 2898 3605 verbatimscribens
2918 3568 2930 3604 :
2954 3549 3043 3621 [Β.
3068 3549 3164 3622 1X]
3189 3550 3630 3609 «Proverbiormn

2083 3663 2102 3695 ι
2152 3644 2314 3713 igitur
2342 3652 2502 3713 caput
2535 3643 2697 3707 istud,
2731 3658 2835 3696 non
2870 3653 2929 3696 ut
2976 3642 3050 3697 illi
3087 3652 3288 3710 rentur,
3315 3645 3508 3700 docere
3536 3663 3634 3701 nos

2082 3757 2102 3788 ι
2153 3737 2407 3801 intendit,
2438 3736 2649 3791 initium
2691 3735 2991 3791 divinitatis
3023 3735 3349 3802 Servatoris,
3383 3739 3473 3793 ubi
3505 3741 3576 3792 ait
3611 3756 3626 3793 :

2084 3848 2103 3881 ι
2155 3828 2405 3883 Dominus
2447 3830 2677 3898 possedit
2732 3846 2813 3883 me
2860 3830 3118 3899 principio
3151 3831 3352 3884 uiarum
3382 3849 3635 3887 suarunt'

2084 3941 2101 3974 ι
2148 3923 2241 3977 sed
2273 3924 2559 3977 secundam
2594 3924 2739 3976 illam
2768 3938 2889 3991 qua:
2928 3923 2980 3976 in
3023 3936 3187 3978 carne
3216 3924 3317 3977 fuit
3346 3923 3493 3979 [acta
3524 3927 3636 3979 dis-

2082 4034 2101 4068 ι
2148 4015 2516 4085 pensationem
2562 4016 2872 4093 {quocirca
2951 4017 3309 4085 possessionis
3369 4019 3630 4083 meminit,
3686 4038 3689 4041 ί

2083 4127 2101 4159 ι
2147 4109 2247 4162 hoc
2274 4116 2358 4161 est
2386 4107 2564 4161 carnis
2596 4107 2804 4161 noviter
2836 4117 3049 4164 creatae.
3077 4107 3191 4163 Non
3224 4109 3406 4180 igitur,
3438 4111 3506 4165 ita
3534 4112 3631 4164 ad-

2084 4217 2103 4251 ι
2148 4201 2243 4265 dit,
2272 4209 2519 4254 creatura
2569 4200 2637 4251 ab
2668 4199 2894 4253 humana
2927 4199 3045 4269 ejus
3077 4202 3392 4271 operatione
3421 4212 3505 4256 est
3533 4203 3635 4257 dis-

2083 4310 2102 4343 ι
2148 4291 2331 4345 tincta.
2379 4290 2500 4345 Ideo
2540 4290 2742 4360 inquit:
2776 4290 3026 4346 Dominus
3077 4294 3312 4346 condidit
3360 4308 3440 4346 me
3480 4293 3633 4347 initio

424 4401 445 4435 ι
483 4383 823 4455 ἀνθρωπίνην
843 4384 1017 4454 σάρκα
1038 4383 1115 4454 τῷ
1132 4383 1321 4437 ἑαυτοῦ
1338 4384 1493 4453 Λόγῳ
1510 4384 1805 4454 προείλετο.
1833 4403 1851 4435 ι
1872 4383 1976 4437 Καὶ

2082 4401 2099 4434 ι
2147 4384 2345 4438 viarum
2374 4399 2591 4436 suarum
2640 4384 2708 4437 ad
2747 4399 2905 4451 opera
2944 4401 3060 4437 sua.
3099 4384 3200 4439 Per
3235 4385 3501 4462 Virginem
3534 4387 3636 4440 sci-

422 4468 539 4538 μεθ*
583 4470 745 4543 ἕτερα
782 4470 1096 4542 προστίθησι
1132 4471 1303 4540 λέγων
1342 4490 1355 4503 ·
1386 4490 1404 4523 ι
1442 4472 1642 4524 Τούτου
1684 4473 1862 4526 τοίνυν
1890 4473 1981 4526 οὖ-

423 4576 443 4610 s
483 4576 591 4624 τως
624 4561 853 4632 ἔχοντος,
881 4562 1168 4616 ἀκόλουθόν
1201 4564 1315 4616 ἐστι
1344 4567 1563 4618 σκοπεῖν
1594 4566 1659 4635 τῇ
1687 4564 1892 4637 διανοίᾳ
1919 4564 1980 4618 τὸ

424 4668 444 4700 ι
486 4653 869 4725 παροιμιωδῶς
929 4654 1216 4725 εἰρημένον
1279 4654 1426 4709 τουτὶ⁵
1484 4655 1806 4724 κεφάλαιονο
1868 4658 1981 4709 Κύ-

425 4759 443 4793 ι
480 4760 612 4810 ριος
625 4745 826 4799 ἐκτισέ
836 4764 913 4815 με
928 4747 1127 4814 ἀρχὴν
1154 4745 1308 4799 ὁδῶν
1323 4742 1528 4813 αὑτοῦ,
1548 4749 1627 4810 είς
1643 4747 1777 4819 ἔργα
1790 4745 1974 4801 αὑτοῦ.

423 4853 443 4886 ι
490 4835 709 4888 Ἐκτισε
752 4840 860 4907 γάρ
899 4836 1131 4908 ἀληθῶς,
1174 4838 1234 4891 τὺ
1269 4839 1344 4908 μὴ
1370 4836 1427 4891 ὃν
1460 4837 1794 4907 πεποιηκὼς,
1838 4840 1867 4890 6
1897 4837 1981 4890 δε-

422 4943 443 4978 s
487 4928 690 4997 σπότης
711 4928 866 4999 ἡμῶν
890 4929 1020 4992 Θεὸς
1040 4930 1137 4981 ούκ
1161 4924 1323 4983 οὖσαν
1346 4929 1442 4999 τὴν
1473 4930 1668 4998 σάρκα,
1690 4929 1756 4999 ἢν
1781 4928 1983 5001 ἀνείλη-

423 5036 443 5069 (
485 5036 583 5087 φεν
608 5022 637 5072 6
667 5021 858 5088 Λόγος.
898 5039 917 5073 ι
949 5022 1057 5074 Kal
1084 5021 1330 5092 ἐπιφέρει
1356 5018 1509 5083 αὖθις
1543 5020 1747 5089 λέγων’
1783 5040 1802 5072 ι
1840 5022 1980 5074 Οὐκ-

422 5130 442 5161 ι
482 5110 576 5163 οὖν
640 5108 783 5164 τοῦτ’
830 5111 1009 5176 ἔστιν,
1065 5116 1098 5166 ό
1153 5117 1363 5180 Κύριος
1408 5114 1608 5166 ἐκτισέ
1655 5129 1731 5182 με
1788 5113 1986 5181 ἀρχὴν

420 5220 440 5253 ι
486 5200 641 5256 ὁδῶν
675 5203 862 5258 αὐτοῦ
901 5205 987 5269 είς
1027 5202 1172 5274 ἔργα
1216 5204 1423 5258 αὑτοῦ.
1470 5202 1691 5271 Ἑπάγει
1738 5204 1817 5269 δὲ,
1864 5204 1985 5272 Πρὸ

493 5376 552 5436 ›Ξ‹
586 5372 681 5426 Ed.
716 5371 913 5440 Paris.,
949 5386 1070 5443 pag.
1104 5370 1191 5425 45.
1272 5369 1293 5400 ⁷
1332 5368 1493 5425 Prov.
1560 5386 1679 5438 vni,
1746 5370 1835 5423 22.
1910 5370 1931 5401 ⁸
1955 5369 2085 5431 ibid.

491 5536 602 5603 (64)
642 5535 798 5588 Κατὰ
842 5535 923 5605 τὰν
947 5537 1196 5601 τούτοις.
1236 5533 1574 5605 Legendum,
1615 5534 1708 5586 καὶ
1738 5532 1807 5585 τά
1851 5531 1974 5605 τούέ-

2092 4491 2110 4525 ι
2157 4472 2280 4527 licet
2308 4472 2554 4535 Mariam,
2582 4488 2741 4542 quam
2764 4473 3039 4543 praeelegit
3064 4475 3202 4529 Deus
3244 4484 3303 4528 ut
3334 4472 3511 4531 Verbo
3533 4493 3634 4532 suo

2090 4582 2109 4614 ι
2149 4577 2363 4616 carnem
2383 4542 2668 4617 htimanam
2689 4563 2921 4618 uniret.»
2945 4563 3077 4618 Tum
3100 4567 3351 4635 deinceps
3365 4566 3629 4638 adiungit:

2084 4654 2173 4726 [Β.
2221 4653 2295 4727 Χ]
2330 4675 2347 4707 ι
2379 4654 2491 4716 Hoc
2524 4669 2655 4710 sane
2689 4672 2810 4710 cum
2865 4656 2939 4711 ita
2994 4672 3053 4711 se
3108 4657 3322 4722 habeat,
3355 4671 3635 4715 cotisentu-

2088 4765 2107 4798 ι
2154 4764 2310 4801 neum
2342 4757 2426 4801 est
2449 4748 2630 4801 animo
2656 4747 2991 4817 perpendere
3016 4747 3217 4802 dictum
3250 4748 3377 4803 illud
3406 4765 3631 4820 prover-

2084 4858 2102 4890 ι
2150 4839 2399 4893 bialiter:
2422 4837 2674 4892 Dominus
2692 4839 2925 4892 condidit
2953 4854 3033 4891 me
3058 4839 3264 4892 initium
3284 4840 3486 4894 viarum
3510 4858 3636 4896 sua-

2086 4950 2104 4982 ι
2152 4946 2267 4981 rum
2291 4930 2341 4981 in
2356 4945 2510 4995 apera
2534 4946 2653 4983 sua.
2670 4930 2717 4984 Is
2731 4930 2929 4983 etenim
2953 4943 3079 4983 vere
3094 4929 3358 4996 condidit,
3375 4932 3467 5001 qui
3492 4934 3634 5002 quod

2089 5039 2106 5071 ι
2153 5036 2255 5074 non
2283 5028 2401 5074 erat
2425 5019 2572 5083 fecit,
2593 5019 2849 5073 Dominus
2883 5034 3076 5088 nempe
3102 5030 3282 5075 noster
3305 5020 3471 5089 Deus,
3487 5021 3632 5077 illam

2088 5129 2110 5165 ι
2156 5128 2369 5165 carnem
2424 5127 2584 5181 quam
2636 5113 2928 5181 assumpsit
2971 5109 3271 5169 Verbumn
3328 5113 3493 5167 Infert
3529 5114 3632 5169 ite-

2088 5219 2203 5257 rum
2237 5220 2250 5255 :
2290 5221 2307 5252 ι
2339 5200 2450 5256 Hoc
2492 5201 2655 5271 igitur
2687 5212 2794 5267 est,
2842 5198 3101 5255 Dominus
3146 5203 3375 5257 condidit
3416 5222 3496 5260 me
3525 5207 3631 5259 ini-

2197 5362 2284 5417 12.
2358 5361 2379 5393 ⁹
2409 5360 2547 5418 ibid.
2595 5354 2797 5414 20-95.

2151 5528 2263 5599 (65)
2300 5525 2469 5601 Vulgo
2498 5525 2560 5578 οὐ
2580 5524 2762 5601 Δγοῦν,
2786 5527 2907 5601 dein
2936 5528 3179 5601 διαφέρει
3202 5528 3503 5597 :refertur
3536 5529 3628 5601 ad,

413 5595 533 5669 τοις
562 5595 686 5677 ἑξῆς
713 5604 994 5670 ἀκόλουθα,
1041 5619 1133 5662 aut
1156 5595 1360 5662 ἐίιιιίῘυ
1389 5607 1534 5675 quid.
1561 5595 1641 5658 VM.
1676 5633 1744 5645 -—
1768 5604 1875 5657 Kal
1907 5604 1975 5659 τά

2082 5595 2291 5677 pertinet
2311 5597 2398 5657 ad.
2438 5596 2510 5677 ll;
2540 5595 2609 5649 cl.
2638 5613 2686 5651 e.
2718 5614 2769 5677 c._
2798 5599 2866 5652 39
2895 5601 2957 5653 Δ.
2991 5595 3131 5654 nine.
3168 5603 3321 5671 vulgo
3339 5595 3514 5671 μεμν.
3541 5597 3630 5670 ἐφ’

418 5682 577 5733 codd.
608 5688 661 5732 et
694 5692 813 5732 mox
849 5677 1072 5729 σκόπου.

2077 5666 2137 5723 οὗ
2169 5679 2220 5724 et
2246 5667 2642 5736 κοινωνήσασαν
2665 5685 2714 5721 τ.
2748 5670 2833 5734 ἀγ.
2862 5687 2950 5724 πν.
