4098 6200
571 291 673 347 8υὸ

1260 293 1523 348 EUSEBII
1562 291 2027 347 C/ESARIENSIS
2063 291 2215 346 OPP.
2254 291 2427 346 PARS
2464 293 2550 346 IV.
2591 324 2660 336 —-
2698 294 3111 350 DOGMATICA.

3673 290 3780 347 θοι.

576 431 595 460 ε
644 412 775 463 tium
804 412 1005 465 viarum
1038 428 1275 466 suarum.
1301 413 1365 467 Et
1387 414 1531 466 addit
1559 430 1575 469 :
1607 414 1733 468 Ante
1758 414 1972 479 swcula,
1998 415 2100 482 [una

2228 433 2245 464 ι
2288 414 2393 468 τοῦ
2431 416 2642 482 αἰῶνος
2684 418 3040 486 ἐθεμελίωσέ
3084 434 3181 485 με,
3230 414 3478 485 θεμέλιον
3530 415 3626 483 μὲν
3656 412 3783 465 τοῦ-

575 524 592 553 :
638 504 777 556 davit
797 519 907 566 me;
936 502 1339 556 fundamentum
1365 506 1667 575 intelligens
1692 520 1909 559 carnem
1938 521 2114 567 suam,

574 614 592 644 ι
636 609 797 665 quam
852 594 1142 647 secundum
1191 596 1642 663 dispensationem
1678 598 2114 666 praeoruinarat:

575 704 593 733 ι
636 687 775 753 quod
797 685 967 753 ipsum
987 695 1038 739 et
1064 686 1351 751 Apostolus
1370 687 1484 741 ait:
1512 686 1608 758 [εἰ.
1652 702 1706 755 p.
1741 688 1841 741 154
1861 688 1900 741 D
1932 689 2032 743 155
2048 687 2113 759 C]

576 794 593 824 ι
634 775 1061 828 Fundamentum
1093 778 1240 830 aliud
1290 777 1466 832 nullus
1489 796 1684 848 ponere
1705 790 1897 848 potest,
1928 792 2117 846 prtrter

572 889 589 917 ι
636 868 768 920 illud
789 870 925 937 quod
941 870 1166 935 positum
1199 872 1445 938 est,quod
1463 881 1538 923 est
1564 871 1719 925 Iesus
1741 871 1982 925 Christus
2010 874 2107 923 ".s

565 960 753 1014 Saeculi
796 961 951 1013 nnius
984 977 1145 1029 porro
1188 962 1431 1016 meminit
1479 963 1530 1016 in
1562 978 1667 1031 quo
1707 965 2112 1019 fundamentum

565 1049 690 1106 illud
724 1053 883 1106 debet
913 1054 1035 1121 poni
1062 1056 1203 1122 quod
1235 1064 1316 1107 est
1336 1056 1401 1107 de
1426 1055 1665 1111 Christo.
1702 1056 1959 1111 Eamdem
1995 1075 2113 1111 rur-

562 1158 652 1196 sus
698 1145 981 1197 confirmat
1023 1146 1329 1215 opinionem
1370 1148 1619 1217 inquiens
1650 1168 1661 1202 :
1692 1149 1783 1219 [Β.
1817 1148 1957 1203 XVII
1984 1151 2109 1204 coll.

562 1253 611 1302 ρ.
649 1236 748 1288 155
775 1238 815 1289 Α
845 1236 864 1308 1
896 1258 912 1287 ι
938 1237 1050 1290 Non
1090 1239 1358 1291 immerito
1406 1240 1663 1309 propheta
1720 1241 1806 1294 hic
1852 1242 2066 1296 dicebat
2095 1260 2108 1295 :

566 1344 583 1374 ι
634 1324 763 1376 Ante
791 1326 1042 1377 swculum
1091 1326 1328 1394 fundavit
1383 1344 1497 1381 me:
1524 1342 1713 1396 nempe
1759 1329 1884 1384 illud
1916 1330 2113 1384 intelli-

567 1435 583 1466 (
632 1432 760 1485 gens
786 1416 1196 1470 fundamentum
1233 1433 1342 1471 suae
1371 1420 1573 1483 carnis,
1607 1420 1859 1473 nimirum
1894 1430 2113 1491 pr0pter

564 1524 582 1556 ι
628 1508 1059 1561 communionetn
1106 1523 1265 1576 quam
1313 1509 1542 1564 habebat
1572 1510 1803 1566 Verbum
1845 1526 1965 1565 cum
2018 1512 2111 1568 illo

565 1617 583 1649 ι
628 1613 755 1651 vero
785 1598 941 1653 Filio.
981 1617 999 1651 ι
1035 1599 1296 1667 Deinceps
1334 1600 1575 1670 adiungit
1631 1601 1721 1672 [Β.
1771 1601 1931 1656 XVIII
1979 1604 2107 1659 coll.

558 1707 611 1758 p.
648 1690 751 1744 155
777 1691 842 1749 A.
878 1691 979 1745 157
1014 1690 1096 1762 D]
1127 1708 1139 1742 :
1175 1710 1193 1742 ι
1220 1692 1272 1745 In
1324 1694 1607 1762 principio,
1660 1694 1968 1763 priusquam
1999 1705 2112 1750 ter-

564 1802 581 1830 ‹
632 1798 743 1835 ram
780 1784 1120 1851 produceret.
1156 1783 1455 1849 Quamnam
1505 1799 1632 1838 vero
1673 1786 1915 1839 terram?
1956 1784 2104 1840 Illam

564 1892 581 1923 ι
631 1888 843 1941 nempe,
898 1883 955 1927 ut
1002 1885 1169 1944 patet,
1225 1890 1346 1945 qum
1397 1886 1477 1931 est
1542 1886 1723 1929 nostra
1782 1893 1907 1930 curo
1942 1895 1954 1931 :
1988 1893 2107 1947 qum

563 1985 577 2012 ι
627 1974 743 2033 post
775 1964 1118 2017 commissum
1172 1974 1446 2034 peccatum
1479 1966 1528 2019 in
1562 1977 1757 2021 terram
1816 1969 1973 2022 rediit
2012 1970 2107 2023 de-

561 2076 577 2106 ι
630 2072 752 2109 nuo.
791 2055 951 2108 Terra
984 2072 1037 2109 es
1074 2058 1247 2119 enim,
1275 2057 1466 2125 inquit,
1500 2070 1547 2112 et
1570 2060 1622 2112 in
1662 2069 1857 2112 terram
1890 2070 2107 2114 reverte-

563 2167 577 2194 ι
627 2149 702 2200 ris
733 2148 795 2200 “.
828 2147 929 2200 Par
979 2146 1077 2201 fuit
1122 2149 1287 2211 enim,
1318 2158 1377 2200 ut
1410 2148 1533 2202 huic
1563 2149 1859 2203 remedium
1896 2165 2107 2204 accom-

561 2256 578 2286 ‹
628 2238 931 2289 modaretur
977 2237 1211 2304 quodam
1248 2248 1432 2305 pacto,
1464 2252 1559 2305 per
1596 2238 1923 2292 sanctissimi
1960 2240 2103 2294 illius

560 2344 577 2376 ι
625 2325 784 2379 Verbi
841 2327 1406 2382 communicationem.
1447 2349 1464 2379 ι
1503 2327 1693 2383 Videte
1743 2341 1918 2383 autem
1957 2341 2015 2383 ut
2049 2332 2101 2385 in

555 2418 676 2471 istis
729 2432 911 2471 secum
965 2418 1193 2487 ipsemet
1253 2418 1533 2473 Marcellus
1571 2430 1785 2491 pugnet.
1824 2420 1956 2475 Nam
2010 2424 2100 2492 qui

553 2508 679 2563 alibi
716 2509 1013 2564 dixeratzt
1048 2508 1376 2578 Principium
1427 2512 1632 2565 viarum
1701 2513 1908 2566 Domini
1974 2529 2102 2568 con-

558 2618 577 2651 ι
606 2600 786 2655 ιιίιιιηι
824 2615 943 2655 esse
976 2618 1218 2666 carnem,
1243 2622 1259 2654 ι
1296 2614 1352 2657 et
1386 2604 1474 2671 qui
1508 2605 1745 2658 secundo
1788 2604 1924 2667 loco,
1955 2620 2103 2659 eant-

551 2696 670 2747 dem
728 2696 904 2763 posuit
946 2694 1368 2759 fundamentum,
1423 2696 1744 2763 subiungit:
1785 2694 2101 2765 Priusquam

551 2796 691 2837 terra
731 2788 1055 2849 conderetur,
1096 2788 1183 2840 ubi
1243 2788 1421 2842 denuo
1468 2803 1562 2856 per
1607 2797 1803 2841 terram
1854 2789 2102 2857 intelligit

552 2890 769 2930 carnem
804 2894 1014 2941 :neque
1060 2879 1212 2941 vidit,
1272 2881 1466 2934 dictum
1530 2880 2011 2950 inconsequenter,
2038 2889 2095 2945 ᾖ

550 2979 675 3023 ante
713 2985 929 3024 carnem
978 2972 1251 3024 conditam
1290 2986 1409 3025 esse
1447 2987 1663 3026 carnem
1696 2991 1710 3026 :
1742 2985 1793 3026 et
1824 2984 1946 3042 post
1983 2989 2099 3026 car-

2220 523 2239 554 ι
2279 522 2369 558 τον
2396 506 2673 577 ὀνομάζων
2691 509 2787 578 τὴν
2821 508 2959 561 κατὰ
2980 510 3155 577 σάρκα
3176 506 3341 559 αὐτοῦ
3369 503 3783 574 προορισθεῖσαν

2220 611 2239 643 ι
2276 594 2583 663 οἰκονομίαν
2620 611 2635 629 ⁸
2676 597 2750 658 ὠς
2792 598 2884 649 καὶ
2912 598 2939 647 6
2986 596 3285 657 Απόστολος
3313 594 3479 663 λέγει,
3510 593 3784 662 θεμέλιον

2219 703 2237 734 ι
2277 686 2386 753 γὰρ
2407 686 2600 739 ἄλλον
2622 687 2818 752 οὐδεὶς
2843 687 3086 740 δύναται
3114 687 3318 749 θεῖναι,
3350 686 3506 754 παρὰ
3530 684 3636 737 τὸν
3660 686 3780 736 κε(-

2218 796 2237 827 «
2273 794 2479 845 μενον,
2526 778 2594 843 ὅς
2638 779 2808 832 ἐστιν
2865 779 3100 845 Ἰησοῦς
3140 778 3409 846 Χριστός.
3462 796 3481 829 ι
3542 775 3689 838 Ἐνδς
3722 776 3782 828 δὲ

2212 869 2403 932 αἰῶνος
2444 869 2677 922 ἐνταῦθα
2710 871 2999 941 μέμνηται,
3031 872 3123 938 ἀφ’
3151 864 3210 923 οὗ
3256 869 3325 922 τά
3351 868 3489 921 κατά
3516 869 3606 922 τὸν
3647 869 3783 937 Χρι-

2214 959 2335 1011 στὸν
2375 960 2794 1030 τεθεμελιῶσθαι
2839 962 2960 1032 ἔφη.
3005 963 3113 1015 Καὶ
3147 962 3307 1015 πάλιν
3346 962 3443 1031 τὴν
3476 959 3643 1030 αὐτὴν
3690 959 3781 1028 βε-

2212 1049 2355 1102 ϐαιοῖ
2388 1051 2529 1115 λέξιν
2577 1052 2831 1120 φάσκων·
2882 1072 2900 1103 ι
2952 1054 3185 1115 Εἰκότως
3230 1055 3258 1106 6
3301 1053 3581 1121 προφήτης
3636 1049 3777 1120 ἔφη.

2218 1162 2235 1191 ι
2276 1142 2394 1209 Πρὸ
2441 1144 2545 1196 τοῦ
2581 1143 2796 1209 αἰῶνος
2842 1144 3193 1213 ἐθεμελίωσέ
3236 1161 3313 1213 με
3338 1160 3351 1173 ⁸
3380 1144 3556 1213 δῆλον,
3604 1142 3779 1194 ὅτιτὸ

2218 1253 2235 1283 ι
2277 1233 2416 1287 κατά
2454 1235 2631 1304 σάρκα
2670 1234 2758 1287 διά
2785 1234 2883 1305 τὴν
2922 1235 3055 1303 πρὸς
3083 1234 3175 1287 τὸν
3211 1233 3423 1305 ἀληθῶς
3453 1234 3579 1286 Υίὸν
3608 1233 3776 1287 αὐτοῦ

2216 1342 2233 1374 ι
2271 1326 2441 1393 Λόγον
2471 1326 2773 1379 κοινωνίαν.
2820 1345 2838 1376 ι
2889 1326 2997 1380 Kal.
3018 1326 3255 1393 ἐπιλέγει
3291 1325 3443 1396 ἐξῆςο
3479 1344 3496 1375 ι
3547 1321 3674 1379 Εἶτα
3715 1326 3777 1377 ὲν

2215 1434 2233 1466 ι
2271 1417 2435 1486 ἀρχῇ,
2473 1417 2625 1486 φησὶ,
2653 1417 2760 1487 πρὸ
2786 1416 2880 1470 τοῦ
2907 1416 3005 1488 τὴν
3034 1418 3135 1487 γῆν
3165 1418 3406 1487 ποιῆσαι.
3434 1417 3541 1486 Γῆν
3580 1418 3773 1480 ποίαν;

2216 1528 2233 1557 ι
2269 1506 2483 1577 Ταύτην
2532 1508 2769 1578 δηλονότι
2816 1510 2913 1579 τὴν
2948 1510 3219 1580 ἡμετέραν
3273 1509 3469 1580 σάρκα,
3501 1508 3598 1580 τὴν
3634 1511 3774 1579 μετά

2214 1617 2232 1647 ι
2267 1597 2363 1668 τὴν
2409 1598 2690 1669 παρακοήν
2739 1600 2841 1669 γῆν
2878 1596 3031 1663 αὖθις
3058 1600 3369 1669 γενομένην.
3414 1598 3501 1667 Γῆ
3543 1600 3650 1669 γὰρ
3694 1600 3769 1659 εί,

2213 1707 2231 1738 ι
2270 1692 2428 1760 φησι,
2460 1692 2554 1744 καὶ
2592 1694 2679 1757 εὶς
2722 1691 2837 1761 γῆν
2876 1693 3205 1760 ἀπελεύσῃ.
3245 1692 3389 1745 Ἔδει
3424 1692 3532 1764 γὰρ
3566 1690 3771 1760 ταύτην

2213 1798 2231 1830 ι
2270 1781 2462 1845 ἰάσεως
2489 1786 2688 1851 τυχεῖν,
2720 1782 2838 1837 τινά
2863 1784 3061 1849 τρόπον
3097 1786 3497 1855 κοινωνήσασαν
3529 1782 3605 1854 τῷ
3632 1784 3771 1853 ἁγίῳ

2212 1891 2231 1923 ι
2276 1872 2448 1944 Λόγῳ.
2491 1893 2510 1926 ι
2543 1874 2652 1927 Θέα
2672 1875 2728 1927 δὲ
2755 1875 2869 1939 πῶς
2890 1877 2946 1927 ὲν
2969 1875 3176 1939 τούτοις
3204 1878 3232 1929 6
3256 1874 3566 1949 Μάρκελλος
3592 1874 3770 1944 ἑαυτῷ

2206 1964 2538 2033 περιπίπτει.
2568 1967 2750 2035 Φήσας
2777 1966 2905 2034 γοῦν
2940 1969 2996 2020 ὲν
3028 1968 3196 2037 ἑτέρῳ
3235 1985 3253 2017 ‹
3291 1962 3429 2019 εἶναι
3462 1966 3562 2037 τὴν
3592 1965 3768 2038 ἀρχὴν

2211 2075 2230 2107 ι
2268 2056 2401 2109 ὁδῶν
2441 2055 2535 2108 τοῦ
2586 2058 2787 2128 Κυρίου
2844 2057 3312 2122 κατακτισθεϊσαν,
3366 2076 3383 2108 ι
3450 2057 3543 2109 καὶ
3605 2056 3769 2110 πάλιν

2204 2147 2484 2216 θεμέλιον
2520 2149 2617 2219 τὴν
2657 2150 2824 2220 αὐτὴν
2859 2146 2995 2203 εἷναι
3024 2148 3214 2214 εἰπὼν,
3255 2151 3452 2217 ἐπάγει
3488 2149 3571 2213 τὸ,
3605 2168 3625 2201 ι
3652 2149 3767 2222 Πρὸ

2209 2257 2227 2289 ι
2267 2238 2360 2291 τοῦ
2403 2240 2500 2309 τὴν
2536 2240 2639 2307 γῆν
2687 2243 2924 2309 ποιῆσαι.
2982 2258 2998 2291 ι
3042 2234 3153 2293 Εἴθ’
3198 2240 3485 2311 ἐρμηνεύει
3524 2241 3622 2312 τὴν
3659 2239 3766 2311 γῆν

2205 2329 2362 2383 πάλιν
2388 2330 2483 2400 τὴν
2532 2331 2707 2400 σάρκα
2745 2327 2903 2395 εἶναι,
2950 2333 3048 2403 οὐχ
3086 2333 3227 2403 ὁρῶν
3254 2331 3327 2396 ὼς
3371 2333 3622 2403 οὐδεμίαν
3651 2333 3764 2403 ἔχει

2203 2421 2539 2483 ἀκολουθίαν,
2571 2423 2675 2493 πρὸ
2700 2423 2799 2492 τῆς
2837 2424 3035 2493 σαρκὸς
3065 2426 3163 2493 τὴν
3200 2424 3376 2495 σάρκα
3412 2423 3652 2477 ἐκτίσθαι
3677 2424 3763 2476 λέ-

2203 2530 2340 2580 γειν,
2383 2514 2477 2566 κα)⁸
2518 2514 2655 2583 μετά
2694 2514 2791 2585 τὴν
2838 2516 3011 2568 κτίσιν
3060 2515 3156 2584 τῆς
3202 2515 3430 2585 σαρκὸς,
3462 2514 3622 2568 πάλιν
3665 2516 3761 2585 τὴν

2204 2605 2378 2674 σάρκα
2406 2605 2710 2675 ὀνομάζειν.
2750 2608 2805 2657 '0
2837 2605 2891 2658 δὲ
2918 2606 3026 2675 (66)
3061 2606 3138 2659 ἐτι
3170 2605 3299 2676 πρὸς
3329 2605 3534 2669 τούτοις
3569 2606 3760 2675 ἐπιφό-

2204 2712 2287 2765 ρει
2317 2695 2441 2765 ἑξῆς
2467 2695 2658 2763 λέγων,
2687 2691 2824 2757 εἶτα,
2857 2715 2873 2747 ι
2922 2696 3031 2768 Πρὸ
3064 2696 3156 2748 τοῦ
3201 2696 3298 2760 τάς
3336 2695 3603 2762 ἀϐύσσους
3640 2715 3760 2751 ποι-

2198 2786 2347 2853 ἧσαι,
2388 2803 2406 2834 ι
2444 2784 2823 2854 παροιμιωδῶς
2880 2786 2907 2836 6
2952 2786 3233 2855 προφήτης
3276 2784 3373 2849 τάς
3430 2786 3536 2838 τῶν
3590 2787 3760 2854 ἁγίων

2200 2875 2422 2945 καρδίας
2453 2872 2589 2929 εἶναι
2612 2876 2776 2943 λέγει,
2812 2875 2908 2939 τάς
2932 2877 2989 2929 ὲν
3017 2876 3092 2946 τῷ
3117 2876 3321 2929 ἑαυτῶν
3357 2876 3508 2947 βάθει
3536 2877 3633 2949 τὴν
3665 2877 3759 2931 τοῦ

2200 2966 2508 3037 Πνεύματος
2543 2968 2769 3037 ἐχούσας
2795 2968 3019 3039 δωρεάν.
3046 2969 3153 3021 Καὶ
3195 2970 3251 3020 ὲν
3292 2967 3501 3032 τούτοις
3538 2967 3593 3022 δὲ
3624 2970 3758 3040 πρό·

550 3076 669 3114 nem
695 3060 983 3123 conditam,
1017 3059 1209 3114 iterum
1257 3061 1309 3115 in
1355 3064 1534 3117 carnis
1563 3066 1778 3118 nomine
1826 3067 2096 3122 insistere.

2201 3074 2346 3127 σχες,
2380 3060 2525 3122 ὅπως
2552 3062 2629 3123 είς
2659 3060 2755 3130 τὴν
2784 3060 2959 3129 σάρκα
2990 3057 3231 3111 ἐκλαϐὼν
3266 3059 3515 3131 εἰρῆσθαι
3534 3059 3615 3122 τὸ,
3642 3061 3759 3114 Κύ-

549 3153 640 3206 llle
670 3163 844 3205 tamen
892 3152 990 3204 ista
1036 3152 1403 3220 superioribus
1454 3154 1517 3206 ad
1562 3154 1702 3207 hunc
1730 3156 1941 3208 modum
1967 3157 2096 3210 sub-

548 3242 716 3295 nectit
749 3254 763 3292 :
794 3242 882 3310 [Β.
934 3239 1053 3293 XIX
1101 3240 1224 3293 coll.
1273 3256 1327 3310 p.
1384 3240 1483 3295 158
1513 3241 1552 3293 Β
1583 3241 1596 3314 ]
1635 3244 1808 3297 «Ante
1845 3244 2097 3301 formatas

552 3348 571 3383 ι
620 3335 859 3401 abyssos.
901 3350 919 3382 ι
982 3332 1205 3401 Abyssos
1283 3333 1734 3400 proverbialiter,
1788 3345 2094 3389 Sanctorum

547 3425 707 3478 corda
762 3433 1033 3492 nuncupat
1069 3424 1347 3492 propheta,
1392 3425 1442 3477 in
1473 3440 1709 3494 quorum
1743 3441 1933 3494 nempe
1966 3442 2090 3495 prn-

548 3517 902 3571 fnnditatibns
932 3516 1068 3569 dona
1099 3517 1336 3585 Spiritus
1366 3518 1824 3573 recondebantur.
1865 3502 2093 3588 Ilicljam

545 3607 599 3661 in
648 3607 765 3662 istis
820 3610 1066 3663 attendas
1114 3617 1315 3673 autem,
1368 3613 1639 3677 quomodo
1672 3612 1740 3674 is,
1767 3613 1857 3680 qni
1894 3614 2093 3666 dictum

544 3699 675 3753 illud
710 3698 1001 3753 :Dominus
1044 3702 1275 3753 condidit
1318 3719 1397 3753 me
1421 3704 1484 3767 ",
1521 3703 1588 3754 de
1615 3718 1781 3757 carne
1812 3704 2092 3759 intellexe-

546 3800 650 3854 rat,
691 3807 719 3843 a
760 3790 1038 3861 Scriptura
1078 3792 1335 3861 deinceps
1361 3794 1411 3845 in
1452 3807 1734 3861 angustum
1762 3808 2091 3867 compactos,

544 3898 663 3950 qua:
702 3883 850 3943 dicit,
892 3894 1167 3943 antequam
1213 3883 1567 3949 formarentur
1608 3889 1781 3955 abyssi
1806 3889 1879 3954 ¹³;
1922 3889 2092 3943 inter-

542 3985 787 4044 pretatur
833 3973 1077 4043 abyssos,
1117 3984 1421 4028 sanctorum
1466 3978 1625 4029 corda
1664 3993 1677 4028 :
1710 3994 1806 4033 nec
1860 3982 2093 4036 advenit

542 4068 683 4134 quod
732 4067 892 4119 corda
958 4075 1289 4137 sanctorum,
1344 4076 1469 4132 puta
1523 4070 1836 4139 Abrahami,
1902 4070 2088 4138 Isaaci,

542 4154 747 4218 Jacobi,
774 4154 990 4225 Mnysis,
1025 4154 1206 4219 Heliae,
1248 4157 1646 4223 Melchisedeci,
1678 4174 1730 4214 et
1763 4163 2087 4232 reliquoruu.

542 4250 918 4318 prophetarum
946 4290 959 4311 ,
1000 4260 1125 4304 ante
1169 4248 1476 4305 Servatoris
1522 4252 1949 4310 incarnationem
1974 4256 2089 4311 fue-

542 4348 679 4391 rant.
706 4339 803 4405 Qui
830 4348 1004 4407 potest
1042 4353 1169 4407 ergo
1215 4339 1341 4394 illud
1378 4342 1443 4393 ad
1470 4357 1686 4396 carnem
1716 4343 1900 4399 referri
1938 4348 2085 4399 :An-

2188 3167 2319 3217 ριος
2364 3150 2563 3207 ἐκτισέ
2606 3167 2699 3219 με,
2746 3150 2933 3204 ἔπειτα
2980 3151 3476 3222 στενοχωρούμενος
3526 3152 3629 3205 ὑπὸ
3659 3152 3758 3221 τῆς

2197 3243 2235 3293 Γ
2242 3243 2414 3314 ραφῆς
2439 3242 2720 3312 λεγούσης,
2752 3241 2867 3310 Πρὸ
2897 3242 3001 3295 τοῦ
3027 3241 3132 3305 τὰς
3158 3243 3466 3309 ἀϐύσσους
3485 3242 3753 3309 ποιῆσαι,

2194 3335 2292 3398 τάς
2322 3334 2418 3405 μὲν
2448 3334 2711 3397 ἀϐύσσους
2734 3332 3041 3404 ὲρμηνεύει,
3066 3333 3162 3395 τάς
3188 3334 3294 3386 τῶν
3320 3334 3482 3401 ἁγίων
3504 3333 3747 3403 καρδίας,

2194 3424 2365 3492 λέγων
2397 3425 2563 3489 αὑτὰς
2603 3421 2762 3485 εἶναι,
2796 3426 2855 3477 ού
2900 3427 3097 3496 συνορᾷ
3143 3426 3221 3489 δὲ,
3252 3427 3329 3479 ὃτι
3360 3426 3411 3478 al
3438 3423 3543 3476 τῶν
3574 3424 3745 3492 ἁγίων

2194 3516 2428 3587 καρδίαι,
2458 3515 2552 3568 τοῦ
2595 3515 2841 3587 Ἀϐραάμ
2869 3515 3065 3587 δηλαδὴ
3093 3517 3184 3569 καὶ
3209 3516 3297 3569 τοῦ
3337 3516 3513 3569 Ἰσαὰκ
3533 3516 3625 3568 καὶ
3648 3515 3741 3569 τοῦ

2206 3606 2416 3670 Ἰακὼϐ,
2446 3608 2717 3670 Μωῡσέως
2746 3624 2804 3659 τε
2839 3609 2930 3660 καὶ
2968 3608 3146 3660 Ἡλίου
3180 3608 3268 3662 καὶ
3301 3606 3622 3677 Μελχισεδὲκ
3652 3609 3746 3661 καὶ

2191 3698 2297 3750 τῶν
2323 3698 2521 3751 λοιπῶν
2555 3698 2863 3769 προφητῶν,
2890 3698 2993 3771 πρὸ
3024 3700 3121 3769 τῆς
3146 3698 3345 3769 σαρκὸς
3372 3698 3622 3767 γεγόνασι
3651 3699 3747 3751 τοῦ

2192 3791 2458 3860 Σωτῆρος.
2490 3790 2612 3852 Πῶς
2643 3787 2735 3842 οὖν
2764 3790 2983 3843 δυνατὸν
3013 3793 3102 3841 ἐπὶ
3136 3790 3230 3860 τὴν
3260 3790 3435 3861 σάρκα
3464 3789 3751 3862 ἀναφέρειν

2190 3881 2307 3950 Πρὸ
2339 3882 2442 3936 τοῦ
2474 3883 2577 3945 τὰς
2618 3883 2927 3945 ἀϐύσσους
2972 3880 3253 3947 ποιῆσαι;
3300 3882 3409 3935 Καὶ
3440 3880 3553 3952 μεθ’
3591 3882 3751 3953 ἕτερα

2187 3973 2243 4025 δὲ
2270 3969 2423 4037 αὖθις
2464 3973 2658 4041 ὲπάγει
2696 3973 2897 4041 λέγων⁸
2955 3991 2972 4022 ι
3022 3973 3085 4024 Τί
3123 3973 3299 4025 τοίνυν
3334 3974 3451 4026 ὲστὶ
3492 3972 3553 4027 τὸ
3582 3974 3750 4042 κεφά-

2194 4084 2213 4116 ι
2252 4066 2417 4129 λαιον,
2447 4065 2565 4132 Πρὸ
2602 4066 2707 4119 τοῦ
2744 4063 3052 4133 προελθεῖν
3080 4065 3184 4128 τὰς
3220 4064 3448 4133 πητὰς;
3482 4064 3651 4119 Τοῦτο
3681 4066 3745 4135 δὴ

2193 4160 2379 4228 «ἡμῖν
2433 4156 2493 4209 τὸ
2551 4158 2843 4227 μυστήριον
2899 4155 3222 4225 παρίστησιν
3278 4157 3311 4225 ἡ
3367 4155 3465 4225 τῆς
3537 4156 3744 4220 Ἐξόδου

2192 4268 2210 4301 ι
2250 4250 2455 4319 γραφὴ,
2485 4248 2610 4309 τοὺς
2632 4247 2738 4299 τῶν
2764 4246 3073 4299 ἀποστόλων
3104 4244 3303 4308 τύπους
3328 4247 3494 4300 πάλαι
3515 4263 3746 4319 προαγο-

2192 4360 2210 4392 ι
2255 4340 2497 4412 ρεύουσα·
2528 4338 2733 4391 δώδεκα
2767 4338 2873 4407 γάρ
2903 4338 3069 4391 ὄντων
3098 4338 3186 4390 τὸν
3214 4338 3439 4410 ἀριθμὸν
3478 4337 3585 4392 τῶν
3610 4339 3747 4392 ἀπο-

542 4442 746 4501 tequnm
800 4405 974 4500 abyssi
1023 4405 1418 4498 formarentur?
1468 4433 1603 4487 Post
1659 4436 1911 4503 deinceps
1956 4438 2079 4501 alia,

2200 4454 2211 4486 ι
2253 4405 2451 4487 στόλων
2476 4431 2680 4485 δώδεκα
2709 4405 2898 4501 πηγῶν
2930 4431 3217 4501 μέμνηται.
3254 4405 3365 4501 liii)
3400 4451 3419 4483 ι
3454 4432 3563 4485 Καὶ
3591 4428 3746 4495 αὖθις

540 4525 735 4577 iterum
762 4523 1024 4576 subinlert
1074 4522 1319 4590 inquiens
1346 4523 1435 4595 [ιι.
1469 4524 1566 4577 XX
1600 4526 1724 4600 col_|.
1752 4542 1805 4595 p.
1838 4527 1935 4582 159
1966 4527 2028 4600 Β]
2064 4548 2076 4583 :

545 4633 564 4663 ι
594 4615 728 4679 Quid
764 4615 889 4667 illud
922 4627 1097 4670 autem
1141 4592 1441 4671 membrum
1476 4616 1577 4671 sibi
1612 4592 1723 4671 vult
1792 4592 2079 4691 Antequam

544 4726 563 4760 ι
609 4708 774 4775 [niues
818 4708 1225 4774 producerentur
1247 4708 1599 4777 “'lEqnidetn
1635 4710 1736 4764 hoc
1769 4713 2076 4781 mysterium

540 4816 562 4851 ε
614 4807 829 4851 enarrat
882 4797 1033 4850 nobis
1080 4796 1355 4867 Scriptura
1396 4797 1759 4854 Exodi‘M'in
1801 4817 1908 4869 qua
1952 4802 2076 4856 olim

609 5005 666 5063 »Β
704 4998 802 5053 Ed.
829 4996 1028 5055 Paris..
1063 5013 1183 5068 pag.
1220 4996 1307 5051 I6.

536 5073 656 5127 "3°
675 5072 845 5127 Exod.
870 5088 960 5145 xv,
989 5077 1078 5133 2'7.

606 5274 716 5342 (66)
735 5274 919 5348 _ango
950 5276 1034 5348 ᾆδε
1054 5285 1107 5348 et
1138 5277 1196 5329 οὐ
1232 5276 1464 5348 συνορῶν
1506 5276 1549 5329 δ’
1577 5277 1657 5329 ὅτι
1696 5276 1872 5328 αὐτῶν
1899 5293 1948 5328 τ.
1984 5277 2073 5343 ἀγ.

532 5344 589 5396 αἱ
623 5344 776 5413 καρδ.
812 5356 861 5396 et
883 5346 1036 5399 τοῦτο
1065 5346 1139 5399 δὲ.

604 5414 713 5483 (6⁸1)
728 5414 1074 5468 Δώδεκατῶν
1091 5414 1295 5486 πηγῶν
1304 5414 1611 5484 μέμνηται.
1632 5413 1799 5486 Sensit
1815 5416 2075 5486 secundo,

531 5493 586 5538 et
616 5487 835 5553 mystico
868 5487 965 5537 hoc
1000 5484 1193 5539 verum
1217 5503 1334 5539 esse
1365 5495 1561 5553 potest,
1591 5495 1647 5537 ut
1688 5499 1759 5537 ut
1791 5484 1862 5535 illi
1906 5484 2077 5537 fontes

535 5555 587 5607 in
627 5552 779 5616 Elim,
814 5555 951 5607 unde
987 5556 1235 5608 lsraelitze
1274 5557 1323 5607 in
1373 5558 1583 5608 deserto
1623 5553 2073 5616 relucillaltantur,

534 5637 609 5677 1m
638 5622 902 5691 apostolos
930 5625 1385 5691 prarlignraverint
1417 5639 1430 5675 :
1471 5626 1519 5677 id
1546 5626 1686 5678 enim
1718 5624 1862 5675 multi
1894 5623 2077 5677 volunt

532 5695 604 5750 ita
627 5704 764 5745 esse.
793 5690 1085 5755 Quomodo,
1117 5705 1170 5746 et
1199 5704 1425 5759 montes,
1462 5693 1641 5761 colles,
1667 5705 1848 5763 petrae,
1879 5694 2065 5757 nubes,

1384 5000 1429 5030 ¹⁹
1463 5000 1477 5052 I
1513 4999 1637 5055 Cor.
1674 5014 1754 5062 Ill,
1798 5002 1877 5053 ll.
1955 5002 1993 5031 "
2020 5001 2156 5055 Cen.
2196 5018 2275 5065 nt,
2309 5005 2393 5058 19.

2187 4526 2379 4593 ἐπάγει
2410 4524 2470 4576 τὸ
2501 4523 2650 4586 αὐτὸ,
2681 4524 2903 4593 γράφων
2934 4521 3103 4585 οὕτως
3124 4540 3136 4552 ·
3173 4542 3191 4574 ι
3228 4522 3463 4586 Εἰκότως
3492 4519 3584 4577 οὖν
3615 4525 3744 4595 περὶ

2192 4635 2211 4667 ι
2251 4618 2349 4685 τῆς
2376 4615 2513 4669 κατά
2536 4616 2712 4686 σάρκα
2739 4614 2998 4683 γενέσεως
3025 4617 3053 4667 6
3078 4613 3337 4685 δεσπότης
3363 4615 3449 4668 διά
3484 4615 3575 4668 τοῦ
3612 4634 3745 4687 προ-

2185 4728 2203 4759 ι
2245 4709 2412 4778 φήτου
2454 4706 2758 4776 Σολομῶνος
2788 4706 3053 4773 λέγοντος,
3108 4706 3213 4774 (68)
3249 4708 3366 4775 Πρὸ
3392 4707 3496 4761 τοῦ
3526 4712 3740 4777 προελ-

2180 4799 2304 4854 θεῖν
2344 4800 2450 4863 τάς
2476 4797 2669 4866 πηγὰς
2697 4797 2813 4851 τῶν
2839 4796 3089 4863 ὑδάτων,
3119 4797 3241 4869 ἔφη.
3284 4818 3303 4849 ι
3357 4800 3477 4852 Ἐπὶ
3502 4799 3570 4853 τά
3612 4800 3739 4865 Eii;

2473 5006 2512 5035 ¹²
2547 5004 2702 5056 Prov.
2741 5003 2966 5065 \‘ttt,22.
3069 5006 3111 5034 ¹³
3141 5005 3271 5058 Ibid.
3307 5005 3393 5061 ει.
3532 5009 3573 5039 ³⁸
3602 5008 3733 5063 Ibid.

2174 5278 2375 5345 lapides
2400 5276 2666 5347 dicuntur.
2689 5274 2791 5328 Sed
2825 5276 3126 5330 Muri-ellum
3156 5280 3229 5328 ait
3259 5278 3537 5340 Eusebius,
3568 5294 3727 5347 quam

2176 5358 2323 5466 recte
2353 5346 2563 5466 Vidhtil‘ll.
2614 5360 2771 5399 sensu
2807 5348 2998 5409 primo,
3038 5358 3091 5401 et
3134 5348 3273 5399 κατά
3299 5348 3532 5419 γράμμα
3569 5346 3727 5404 intel-

2192 5430 2384 5466 extsse.
2481 5452 2494 5465 .

2174 5417 2384 5469 lexisse.
2424 5417 2494 5466 Μ.

2244 5486 2355 5552 (68)
2387 5484 2730 5555 Σολομῶνος
2756 5486 3057 5553 λέγοντος.
3094 5484 3398 5552 Legendnm
3441 5488 3609 5555 λέγει,
3642 5487 3722 5539 vel

2172 5555 2416 5621 λέγοντος
2438 5554 2641 5623 εἴρηκε.
2673 5555 2738 5608 Μ.
2756 5586 2823 5593 --
2843 5558 2967 5607 Dein
2999 5555 3151 5623 vulgo
3173 5554 3232 5607 τὸ
3260 5556 3462 5609 λεῖπον.
3498 5554 3662 5609 Pnrrn
3681 5557 3725 5610 II

2172 5626 2443 5693 διαδόχους
2485 5625 2725 5695 αἰνίττει,
2769 5627 2908 5693 quod
2952 5624 3139 5677 Ialsnnt
3197 5638 3273 5677 est
3314 5643 3363 5689 p.
3404 5627 3469 5678 70
3510 5627 3546 5679 D
3591 5628 3724 5695 lin.;

2177 5697 2312 5749 intra
2351 5699 2503 5764 vulgo
2533 5693 2563 5763 ἢ
2600 5694 2719 5746 καθ’
2752 5695 2844 5764 ὀμ.
2879 5705 2930 5750 et
2960 5696 3033 5758 ὼς
3059 5696 3150 5748 καὶ
3178 5696 3446 5757 πολλάκις.
